  <div class='ocr_page' id='page_1' title='image "/cluster/home/n/w/nwhite01/storage/ocr_20150623/124:no.2/coo.31924054870294/187.png"; bbox 0 0 4150 6416; ppageno 0'>
   <div class='ocr_carea' id='block_1_1' title="bbox 479 394 582 448">
    <p class='ocr_par' dir='ltr' id='par_1_1' title="bbox 479 394 582 448">
     <span class='ocr_line' id='line_1_1' title="bbox 479 394 582 448; baseline -0.01 0"><span class='ocrx_word' id='word_1_1' title='bbox 479 394 582 448; x_wconf 81' lang='grc'>359</span> 
     </span>
    </p>
   </div>
   <div class='ocr_carea' id='block_1_2' title="bbox 1442 398 2706 465">
    <p class='ocr_par' dir='ltr' id='par_1_2' title="bbox 1442 398 2706 465">
     <span class='ocr_line' id='line_1_2' title="bbox 1442 398 2706 465; baseline 0.008 -12"><span class='ocrx_word' id='word_1_2' title='bbox 1442 398 1954 456; x_wconf 81' lang='lat' dir='ltr'>THEOPHYLACTI</span> <span class='ocrx_word' id='word_1_3' title='bbox 1993 401 2354 462; x_wconf 70' lang='lat' dir='ltr'>BULGARIAS</span> <span class='ocrx_word' id='word_1_4' title='bbox 2389 409 2706 465; x_wconf 83' lang='lat' dir='ltr'>ARCHIEP.</span> 
     </span>
    </p>
   </div>
   <div class='ocr_carea' id='block_1_3' title="bbox 3682 413 3790 467">
    <p class='ocr_par' dir='ltr' id='par_1_3' title="bbox 3682 413 3790 467">
     <span class='ocr_line' id='line_1_3' title="bbox 3682 413 3790 467; baseline 0 0"><span class='ocrx_word' id='word_1_5' title='bbox 3682 413 3790 467; x_wconf 88' lang='lat'>360</span> 
     </span>
    </p>
   </div>
   <div class='ocr_carea' id='block_1_4' title="bbox 477 517 2072 615">
    <p class='ocr_par' dir='ltr' id='par_1_4' title="bbox 477 517 2072 591">
     <span class='ocr_line' id='line_1_4' title="bbox 477 517 2072 591; baseline 0.009 -21"><span class='ocrx_word' id='word_1_6' title='bbox 477 517 813 588; x_wconf 85' lang='lat' dir='ltr'>impuritatis</span> <span class='ocrx_word' id='word_1_7' title='bbox 859 518 1037 590; x_wconf 89' lang='lat' dir='ltr'>plena,</span> <span class='ocrx_word' id='word_1_8' title='bbox 1093 534 1316 591; x_wconf 87' lang='lat' dir='ltr'>poenam</span> <span class='ocrx_word' id='word_1_9' title='bbox 1362 519 1648 582; x_wconf 84' lang='lat' dir='ltr'>habentes.</span> <span class='ocrx_word' id='word_1_10' title='bbox 1700 526 1852 582; x_wconf 86' lang='lat' dir='ltr'>Dicit</span> <span class='ocrx_word' id='word_1_11' title='bbox 1891 535 2072 584; x_wconf 90' lang='lat' dir='ltr'>autem</span> 
     </span>
    </p>
   </div>
   <div class='ocr_carea' id='block_1_5' title="bbox 2182 517 3790 615">
    <p class='ocr_par' dir='ltr' id='par_1_5' title="bbox 2191 531 3790 615">
     <span class='ocr_line' id='line_1_5' title="bbox 2191 531 3790 615; baseline 0.003 -25"><span class='ocrx_word' id='word_1_12' title='bbox 2191 531 2346 590; x_wconf 88' lang='grc' dir='ltr'>λασιν</span> <span class='ocrx_word' id='word_1_13' title='bbox 2377 532 2619 615; x_wconf 79' lang='grc' dir='ltr'>ἔχοντες,</span> <span class='ocrx_word' id='word_1_14' title='bbox 2648 538 2718 602; x_wconf 82' lang='grc' dir='ltr'>ὡς</span> <span class='ocrx_word' id='word_1_15' title='bbox 2752 534 2899 612; x_wconf 79' lang='grc' dir='ltr'>παρὰ</span> <span class='ocrx_word' id='word_1_16' title='bbox 2938 533 3094 614; x_wconf 85' lang='grc' dir='ltr'>φύσιν</span> <span class='ocrx_word' id='word_1_17' title='bbox 3134 534 3264 614; x_wconf 85' lang='grc' dir='ltr'>οὔσῃ</span> <span class='ocrx_word' id='word_1_18' title='bbox 3300 534 3393 594; x_wconf 80' lang='grc' dir='ltr'>καὶ</span> <span class='ocrx_word' id='word_1_19' title='bbox 3423 534 3618 613; x_wconf 81' lang='grc' dir='ltr'>πλήρει</span> <span class='ocrx_word' id='word_1_20' title='bbox 3651 539 3790 594; x_wconf 81' lang='grc' dir='ltr'>ἀκα-</span> 
     </span>
    </p>
   </div>
   <div class='ocr_carea' id='block_1_6' title="bbox 477 606 2077 688">
    <p class='ocr_par' dir='ltr' id='par_1_6' title="bbox 477 606 2077 688">
     <span class='ocr_line' id='line_1_6' title="bbox 477 606 2077 688; baseline 0.008 -27"><span class='ocrx_word' id='word_1_21' title='bbox 477 606 583 661; x_wconf 89' lang='lat' dir='ltr'>hoc</span> <span class='ocrx_word' id='word_1_22' title='bbox 625 607 847 675; x_wconf 85' lang='lat' dir='ltr'>Paulus,</span> <span class='ocrx_word' id='word_1_23' title='bbox 876 609 1028 679; x_wconf 93' lang='lat' dir='ltr'>quasi</span> <span class='ocrx_word' id='word_1_24' title='bbox 1074 610 1325 667; x_wconf 91' lang='lat' dir='ltr'>nondum</span> <span class='ocrx_word' id='word_1_25' title='bbox 1356 615 1602 682; x_wconf 90' lang='lat' dir='ltr'>potuerit</span> <span class='ocrx_word' id='word_1_26' title='bbox 1640 617 1720 672; x_wconf 90' lang='lat' dir='ltr'>eis</span> <span class='ocrx_word' id='word_1_27' title='bbox 1749 617 2077 688; x_wconf 84' lang='lat' dir='ltr'>persuadere</span> 
     </span>
    </p>
   </div>
   <div class='ocr_carea' id='block_1_7' title="bbox 475 695 2078 777">
    <p class='ocr_par' dir='ltr' id='par_1_7' title="bbox 475 695 2078 777">
     <span class='ocr_line' id='line_1_7' title="bbox 475 695 2078 777; baseline 0.008 -27"><span class='ocrx_word' id='word_1_28' title='bbox 475 711 593 751; x_wconf 92' lang='lat' dir='ltr'>esse</span> <span class='ocrx_word' id='word_1_29' title='bbox 618 695 953 766; x_wconf 82' lang='lat' dir='ltr'>gehennam.</span> <span class='ocrx_word' id='word_1_30' title='bbox 983 701 1188 769; x_wconf 82' lang='lat' dir='ltr'>Ipsam,</span> <span class='ocrx_word' id='word_1_31' title='bbox 1208 700 1412 773; x_wconf 88' lang='lat' dir='ltr'>inquit,</span> <span class='ocrx_word' id='word_1_32' title='bbox 1439 703 1785 761; x_wconf 87' lang='lat' dir='ltr'>immundam</span> <span class='ocrx_word' id='word_1_33' title='bbox 1807 707 2078 777; x_wconf 87' lang='lat' dir='ltr'>operatio-</span> 
     </span>
    </p>
   </div>
   <div class='ocr_carea' id='block_1_8' title="bbox 478 787 2078 860">
    <p class='ocr_par' dir='ltr' id='par_1_8' title="bbox 478 787 2078 860">
     <span class='ocr_line' id='line_1_8' title="bbox 478 787 2078 860; baseline 0.009 -20"><span class='ocrx_word' id='word_1_34' title='bbox 478 801 633 854; x_wconf 87' lang='lat' dir='ltr'>nem,</span> <span class='ocrx_word' id='word_1_35' title='bbox 681 787 1010 858; x_wconf 90' lang='lat' dir='ltr'>supplicium</span> <span class='ocrx_word' id='word_1_36' title='bbox 1041 789 1127 845; x_wconf 92' lang='lat' dir='ltr'>ilis</span> <span class='ocrx_word' id='word_1_37' title='bbox 1152 806 1278 846; x_wconf 89' lang='lat' dir='ltr'>esse</span> <span class='ocrx_word' id='word_1_38' title='bbox 1314 792 1497 860; x_wconf 87' lang='lat' dir='ltr'><strong>crede,</strong></span> <span class='ocrx_word' id='word_1_39' title='bbox 1549 795 1596 850; x_wconf 93' lang='lat' dir='ltr'>si</span> <span class='ocrx_word' id='word_1_40' title='bbox 1625 796 1870 852; x_wconf 91' lang='lat' dir='ltr'>nondum</span> <span class='ocrx_word' id='word_1_41' title='bbox 1902 797 2078 854; x_wconf 89' lang='lat' dir='ltr'>credis</span> 
     </span>
    </p>
   </div>
   <div class='ocr_carea' id='block_1_9' title="bbox 476 874 1216 946">
    <p class='ocr_par' dir='ltr' id='par_1_9' title="bbox 476 874 1216 946">
     <span class='ocr_line' id='line_1_9' title="bbox 476 874 1216 946; baseline 0.005 -16"><span class='ocrx_word' id='word_1_42' title='bbox 476 874 543 930; x_wconf 90' lang='lat' dir='ltr'>de</span> <span class='ocrx_word' id='word_1_43' title='bbox 568 875 815 946; x_wconf 91' lang='lat' dir='ltr'>gehenna</span> <span class='ocrx_word' id='word_1_44' title='bbox 845 879 1216 934; x_wconf 84' lang='lat' dir='ltr'>sermonibus.</span> 
     </span>
    </p>
   </div>
   <div class='ocr_carea' id='block_1_10' title="bbox 549 966 2078 1042">
    <p class='ocr_par' dir='ltr' id='par_1_10' title="bbox 549 966 2078 1042">
     <span class='ocr_line' id='line_1_10' title="bbox 549 966 2078 1042; baseline 0.009 -22"><span class='ocrx_word' id='word_1_45' title='bbox 549 966 729 1021; x_wconf 76' lang='lat' dir='ltr'>Vnns.</span> <span class='ocrx_word' id='word_1_46' title='bbox 761 972 852 1021; x_wconf 77' lang='lat'>28&#39;</span> <span class='ocrx_word' id='word_1_47' title='bbox 889 989 915 1015; x_wconf 77' lang='grc' dir='ltr'>ιι</span> <span class='ocrx_word' id='word_1_48' title='bbox 948 969 1030 1022; x_wconf 84' lang='lat' dir='ltr'>Ac</span> <span class='ocrx_word' id='word_1_49' title='bbox 1061 967 1204 1024; x_wconf 85' lang='lat' dir='ltr'>sicut</span> <span class='ocrx_word' id='word_1_50' title='bbox 1233 985 1347 1026; x_wconf 90' lang='lat' dir='ltr'>non</span> <span class='ocrx_word' id='word_1_51' title='bbox 1376 971 1746 1042; x_wconf 85' lang='lat' dir='ltr'>probaverunt</span> <span class='ocrx_word' id='word_1_52' title='bbox 1775 979 1955 1032; x_wconf 90' lang='lat' dir='ltr'>Deum</span> <span class='ocrx_word' id='word_1_53' title='bbox 1985 972 2078 1033; x_wconf 82' lang='lat' dir='ltr'>lia-</span> 
     </span>
    </p>
   </div>
   <div class='ocr_carea' id='block_1_11' title="bbox 477 1052 2075 1138">
    <p class='ocr_par' dir='ltr' id='par_1_11' title="bbox 477 1052 2075 1138">
     <span class='ocr_line' id='line_1_11' title="bbox 477 1052 2075 1138; baseline 0.008 -29"><span class='ocrx_word' id='word_1_54' title='bbox 477 1052 603 1110; x_wconf 90' lang='lat' dir='ltr'>bere</span> <span class='ocrx_word' id='word_1_55' title='bbox 639 1055 694 1110; x_wconf 90' lang='lat' dir='ltr'>in</span> <span class='ocrx_word' id='word_1_56' title='bbox 721 1056 937 1125; x_wconf 83' lang='lat' dir='ltr'>notitia,</span> <span class='ocrx_word' id='word_1_57' title='bbox 967 1057 1192 1114; x_wconf 87' lang='lat' dir='ltr'>tradidit</span> <span class='ocrx_word' id='word_1_58' title='bbox 1236 1075 1330 1116; x_wconf 86' lang='lat' dir='ltr'>eos</span> <span class='ocrx_word' id='word_1_59' title='bbox 1359 1063 1507 1117; x_wconf 85' lang='lat' dir='ltr'>Deus</span> <span class='ocrx_word' id='word_1_60' title='bbox 1537 1064 1592 1119; x_wconf 92' lang='lat' dir='ltr'>in</span> <span class='ocrx_word' id='word_1_61' title='bbox 1621 1066 1918 1138; x_wconf 89' lang='lat' dir='ltr'>reprobum</span> <span class='ocrx_word' id='word_1_62' title='bbox 1948 1084 2075 1123; x_wconf 93' lang='lat' dir='ltr'>sen-</span> 
     </span>
    </p>
   </div>
   <div class='ocr_carea' id='block_1_12' title="bbox 475 1144 2076 1228">
    <p class='ocr_par' dir='ltr' id='par_1_12' title="bbox 475 1144 2076 1228">
     <span class='ocr_line' id='line_1_12' title="bbox 475 1144 2076 1228; baseline 0.011 -31"><span class='ocrx_word' id='word_1_63' title='bbox 475 1159 620 1211; x_wconf 90' lang='lat' dir='ltr'>sum,</span> <span class='ocrx_word' id='word_1_64' title='bbox 650 1152 712 1198; x_wconf 91' lang='lat' dir='ltr'>ut</span> <span class='ocrx_word' id='word_1_65' title='bbox 738 1144 946 1201; x_wconf 83' lang='lat' dir='ltr'>faciant</span> <span class='ocrx_word' id='word_1_66' title='bbox 974 1161 1058 1212; x_wconf 89' lang='lat' dir='ltr'>ea,</span> <span class='ocrx_word' id='word_1_67' title='bbox 1087 1162 1210 1218; x_wconf 70' lang='lat' dir='ltr'>quae.</span> <span class='ocrx_word' id='word_1_68' title='bbox 1241 1165 1352 1204; x_wconf 94' lang='lat' dir='ltr'>non</span> <span class='ocrx_word' id='word_1_69' title='bbox 1400 1154 1751 1210; x_wconf 89' lang='lat' dir='ltr'>conveniunt.</span> <span class='ocrx_word' id='word_1_70' title='bbox 1785 1179 1810 1204; x_wconf 73' lang='grc' dir='ltr'><strong>υ</strong></span> <span class='ocrx_word' id='word_1_71' title='bbox 1845 1159 1932 1212; x_wconf 87' lang='lat' dir='ltr'>En</span> <span class='ocrx_word' id='word_1_72' title='bbox 1955 1157 2076 1228; x_wconf 90' lang='lat' dir='ltr'>jam</span> 
     </span>
    </p>
   </div>
   <div class='ocr_carea' id='block_1_13' title="bbox 473 1233 2076 1317">
    <p class='ocr_par' dir='ltr' id='par_1_13' title="bbox 473 1233 2076 1317">
     <span class='ocr_line' id='line_1_13' title="bbox 473 1233 2076 1317; baseline 0.01 -30"><span class='ocrx_word' id='word_1_73' title='bbox 473 1233 636 1288; x_wconf 91' lang='lat' dir='ltr'>tertio</span> <span class='ocrx_word' id='word_1_74' title='bbox 657 1233 903 1305; x_wconf 84' lang='lat' dir='ltr'>ejusdem</span> <span class='ocrx_word' id='word_1_75' title='bbox 935 1237 1223 1294; x_wconf 62' lang='lat' dir='ltr'>sententia</span> <span class='ocrx_word' id='word_1_76' title='bbox 1253 1241 1530 1311; x_wconf 89' lang='lat' dir='ltr'>meminit,</span> <span class='ocrx_word' id='word_1_77' title='bbox 1550 1243 1857 1317; x_wconf 90' lang='lat' dir='ltr'>eademque</span> <span class='ocrx_word' id='word_1_78' title='bbox 1886 1245 2076 1303; x_wconf 87' lang='lat' dir='ltr'>dictio-</span> 
     </span>
    </p>
   </div>
   <div class='ocr_carea' id='block_1_14' title="bbox 475 1325 2075 1406">
    <p class='ocr_par' dir='ltr' id='par_1_14' title="bbox 475 1325 2075 1406">
     <span class='ocr_line' id='line_1_14' title="bbox 475 1325 2075 1406; baseline 0.011 -29"><span class='ocrx_word' id='word_1_79' title='bbox 475 1337 547 1378; x_wconf 93' lang='lat' dir='ltr'>ne</span> <span class='ocrx_word' id='word_1_80' title='bbox 571 1331 654 1378; x_wconf 92' lang='lat' dir='ltr'>est</span> <span class='ocrx_word' id='word_1_81' title='bbox 679 1340 829 1389; x_wconf 92' lang='lat' dir='ltr'>usus,</span> <span class='ocrx_word' id='word_1_82' title='bbox 861 1347 887 1373; x_wconf 78' lang='grc' dir='ltr'>ει</span> <span class='ocrx_word' id='word_1_83' title='bbox 926 1325 1196 1398; x_wconf 87' lang='lat' dir='ltr'>Tradidit,</span> <span class='ocrx_word' id='word_1_84' title='bbox 1256 1352 1282 1377; x_wconf 73' lang='grc' dir='ltr'><strong>υ</strong></span> <span class='ocrx_word' id='word_1_85' title='bbox 1315 1331 1582 1402; x_wconf 88' lang='lat' dir='ltr'>inquiens.</span> <span class='ocrx_word' id='word_1_86' title='bbox 1617 1335 1841 1406; x_wconf 90' lang='lat' dir='ltr'>Ubique</span> <span class='ocrx_word' id='word_1_87' title='bbox 1887 1346 2075 1393; x_wconf 91' lang='lat' dir='ltr'>autem</span> 
     </span>
    </p>
   </div>
   <div class='ocr_carea' id='block_1_15' title="bbox 475 1410 2075 1496">
    <p class='ocr_par' dir='ltr' id='par_1_15' title="bbox 475 1410 2075 1496">
     <span class='ocr_line' id='line_1_15' title="bbox 475 1410 2075 1496; baseline 0.009 -29"><span class='ocrx_word' id='word_1_88' title='bbox 475 1410 840 1468; x_wconf 88' lang='lat' dir='ltr'>derelictionis</span> <span class='ocrx_word' id='word_1_89' title='bbox 897 1415 999 1470; x_wconf 91' lang='lat' dir='ltr'>Dei</span> <span class='ocrx_word' id='word_1_90' title='bbox 1063 1431 1309 1484; x_wconf 89' lang='lat' dir='ltr'>causam,</span> <span class='ocrx_word' id='word_1_91' title='bbox 1369 1421 1684 1478; x_wconf 88' lang='lat' dir='ltr'>mortalium</span> <span class='ocrx_word' id='word_1_92' title='bbox 1739 1424 2075 1496; x_wconf 85' lang='lat' dir='ltr'>impietatem</span> 
     </span>
    </p>
   </div>
   <div class='ocr_carea' id='block_1_16' title="bbox 475 1499 2072 1585">
    <p class='ocr_par' dir='ltr' id='par_1_16' title="bbox 475 1499 2072 1585">
     <span class='ocr_line' id='line_1_16' title="bbox 475 1499 2072 1585; baseline 0.011 -31"><span class='ocrx_word' id='word_1_93' title='bbox 475 1515 593 1556; x_wconf 90' lang='lat' dir='ltr'>esse</span> <span class='ocrx_word' id='word_1_94' title='bbox 615 1499 771 1568; x_wconf 90' lang='lat' dir='ltr'>dicit,</span> <span class='ocrx_word' id='word_1_95' title='bbox 802 1503 881 1558; x_wconf 92' lang='lat' dir='ltr'>uti</span> <span class='ocrx_word' id='word_1_96' title='bbox 913 1512 966 1558; x_wconf 91' lang='lat' dir='ltr'>et</span> <span class='ocrx_word' id='word_1_97' title='bbox 1004 1520 1152 1560; x_wconf 91' lang='lat' dir='ltr'>nunc</span> <span class='ocrx_word' id='word_1_98' title='bbox 1188 1506 1436 1578; x_wconf 90' lang='lat' dir='ltr'>quidem.</span> <span class='ocrx_word' id='word_1_99' title='bbox 1489 1533 1514 1558; x_wconf 82' lang='grc' dir='ltr'>‹ι</span> <span class='ocrx_word' id='word_1_100' title='bbox 1544 1511 1692 1567; x_wconf 92' lang='lat' dir='ltr'>Sicut</span> <span class='ocrx_word' id='word_1_101' title='bbox 1735 1528 1845 1568; x_wconf 90' lang='lat' dir='ltr'>non</span> <span class='ocrx_word' id='word_1_102' title='bbox 1877 1515 2072 1585; x_wconf 90' lang='lat' dir='ltr'>proba-</span> 
     </span>
    </p>
   </div>
   <div class='ocr_carea' id='block_1_17' title="bbox 475 1592 2073 1670">
    <p class='ocr_par' dir='ltr' id='par_1_17' title="bbox 475 1592 2073 1670">
     <span class='ocr_line' id='line_1_17' title="bbox 475 1592 2073 1670; baseline 0.011 -27"><span class='ocrx_word' id='word_1_103' title='bbox 475 1597 676 1645; x_wconf 88' lang='lat' dir='ltr'>verunt</span> <span class='ocrx_word' id='word_1_104' title='bbox 728 1593 907 1647; x_wconf 90' lang='lat' dir='ltr'>Deum</span> <span class='ocrx_word' id='word_1_105' title='bbox 945 1592 1150 1650; x_wconf 87' lang='lat' dir='ltr'>habere</span> <span class='ocrx_word' id='word_1_106' title='bbox 1198 1595 1256 1651; x_wconf 93' lang='lat' dir='ltr'>in</span> <span class='ocrx_word' id='word_1_107' title='bbox 1311 1599 1644 1670; x_wconf 85' lang='lat' dir='ltr'>cognitione,</span> <span class='ocrx_word' id='word_1_108' title='bbox 1708 1603 1929 1659; x_wconf 89' lang='lat' dir='ltr'>tradidit</span> <span class='ocrx_word' id='word_1_109' title='bbox 1977 1620 2073 1662; x_wconf 89' lang='lat' dir='ltr'>eos</span> 
     </span>
    </p>
   </div>
   <div class='ocr_carea' id='block_1_18' title="bbox 473 1679 2074 1762">
    <p class='ocr_par' dir='ltr' id='par_1_18' title="bbox 473 1679 2074 1762">
     <span class='ocr_line' id='line_1_18' title="bbox 473 1679 2074 1762; baseline 0.011 -30"><span class='ocrx_word' id='word_1_110' title='bbox 473 1679 667 1748; x_wconf 89' lang='lat' dir='ltr'>(Deus)</span> <span class='ocrx_word' id='word_1_111' title='bbox 693 1702 715 1726; x_wconf 78' lang='grc' dir='ltr'><strong>υ</strong></span> <span class='ocrx_word' id='word_1_112' title='bbox 745 1679 800 1734; x_wconf 94' lang='lat' dir='ltr'>in</span> <span class='ocrx_word' id='word_1_113' title='bbox 815 1682 1112 1752; x_wconf 89' lang='lat' dir='ltr'>passiones.</span> <span class='ocrx_word' id='word_1_114' title='bbox 1140 1685 1367 1756; x_wconf 89' lang='lat' dir='ltr'>lnjuria,</span> <span class='ocrx_word' id='word_1_115' title='bbox 1389 1687 1586 1760; x_wconf 91' lang='lat' dir='ltr'>inquit,</span> <span class='ocrx_word' id='word_1_116' title='bbox 1602 1705 1710 1762; x_wconf 93' lang='lat' dir='ltr'>qua</span> <span class='ocrx_word' id='word_1_117' title='bbox 1736 1694 1917 1749; x_wconf 90' lang='lat' dir='ltr'>Deum</span> <span class='ocrx_word' id='word_1_118' title='bbox 1944 1693 2074 1750; x_wconf 87' lang='lat' dir='ltr'>affe-</span> 
     </span>
    </p>
   </div>
   <div class='ocr_carea' id='block_1_19' title="bbox 471 1771 2070 1848">
    <p class='ocr_par' dir='ltr' id='par_1_19' title="bbox 471 1771 2070 1848">
     <span class='ocr_line' id='line_1_19' title="bbox 471 1771 2070 1848; baseline 0.012 -26"><span class='ocrx_word' id='word_1_119' title='bbox 471 1776 685 1837; x_wconf 90' lang='lat' dir='ltr'>cerunt,</span> <span class='ocrx_word' id='word_1_120' title='bbox 729 1784 841 1825; x_wconf 91' lang='lat' dir='ltr'>non</span> <span class='ocrx_word' id='word_1_121' title='bbox 881 1786 948 1827; x_wconf 80' lang='lat' dir='ltr'>ex</span> <span class='ocrx_word' id='word_1_122' title='bbox 1000 1771 1311 1846; x_wconf 81' lang='lat' dir='ltr'>ignorantia</span> <span class='ocrx_word' id='word_1_123' title='bbox 1341 1779 1626 1848; x_wconf 87' lang='lat' dir='ltr'>processit,</span> <span class='ocrx_word' id='word_1_124' title='bbox 1655 1781 1750 1837; x_wconf 91' lang='lat' dir='ltr'>sed</span> <span class='ocrx_word' id='word_1_125' title='bbox 1779 1798 1808 1837; x_wconf 93' lang='lat' dir='ltr'>a</span> <span class='ocrx_word' id='word_1_126' title='bbox 1837 1782 2070 1840; x_wconf 89' lang='lat' dir='ltr'>medita-</span> 
     </span>
    </p>
   </div>
   <div class='ocr_carea' id='block_1_20' title="bbox 470 1857 2073 1938">
    <p class='ocr_par' dir='ltr' id='par_1_20' title="bbox 470 1857 2073 1938">
     <span class='ocr_line' id='line_1_20' title="bbox 470 1857 2073 1938; baseline 0.011 -26"><span class='ocrx_word' id='word_1_127' title='bbox 470 1857 615 1913; x_wconf 86' lang='lat' dir='ltr'>tione</span> <span class='ocrx_word' id='word_1_128' title='bbox 635 1867 687 1914; x_wconf 91' lang='lat' dir='ltr'>et</span> <span class='ocrx_word' id='word_1_129' title='bbox 710 1859 916 1916; x_wconf 89' lang='lat' dir='ltr'>studio.</span> <span class='ocrx_word' id='word_1_130' title='bbox 932 1864 1056 1918; x_wconf 91' lang='lat' dir='ltr'>Non</span> <span class='ocrx_word' id='word_1_131' title='bbox 1076 1864 1224 1920; x_wconf 92' lang='lat' dir='ltr'>enim</span> <span class='ocrx_word' id='word_1_132' title='bbox 1243 1865 1405 1930; x_wconf 78' lang='lat' dir='ltr'>dixit,</span> <span class='ocrx_word' id='word_1_133' title='bbox 1434 1868 1919 1938; x_wconf 84' lang='lat' dir='ltr'>Quemadmodum</span> <span class='ocrx_word' id='word_1_134' title='bbox 1961 1889 2073 1928; x_wconf 89' lang='lat' dir='ltr'>non</span> 
     </span>
    </p>
   </div>
   <div class='ocr_carea' id='block_1_21' title="bbox 471 1952 2071 2032">
    <p class='ocr_par' dir='ltr' id='par_1_21' title="bbox 471 1952 2071 2032">
     <span class='ocr_line' id='line_1_21' title="bbox 471 1952 2071 2032; baseline 0.009 -30"><span class='ocrx_word' id='word_1_135' title='bbox 471 1956 743 2004; x_wconf 90' lang='lat' dir='ltr'>noverunt</span> <span class='ocrx_word' id='word_1_136' title='bbox 777 1953 986 2020; x_wconf 91' lang='lat' dir='ltr'>Deum,</span> <span class='ocrx_word' id='word_1_137' title='bbox 1015 1952 1113 2008; x_wconf 91' lang='lat' dir='ltr'>sed</span> <span class='ocrx_word' id='word_1_138' title='bbox 1142 1980 1163 2000; x_wconf 76' lang='grc' dir='ltr'>ιι</span> <span class='ocrx_word' id='word_1_139' title='bbox 1198 1956 1688 2026; x_wconf 87' lang='lat' dir='ltr'>Quemadmodum</span> <span class='ocrx_word' id='word_1_140' title='bbox 1719 1977 1830 2016; x_wconf 90' lang='lat' dir='ltr'>non</span> <span class='ocrx_word' id='word_1_141' title='bbox 1871 1963 2071 2032; x_wconf 91' lang='lat' dir='ltr'>proba-</span> 
     </span>
    </p>
   </div>
   <div class='ocr_carea' id='block_1_22' title="bbox 471 2038 2068 2108">
    <p class='ocr_par' dir='ltr' id='par_1_22' title="bbox 471 2038 2068 2108">
     <span class='ocr_line' id='line_1_22' title="bbox 471 2038 2068 2108; baseline 0.01 -17"><span class='ocrx_word' id='word_1_142' title='bbox 471 2047 686 2106; x_wconf 88' lang='lat' dir='ltr'>verunt,</span> <span class='ocrx_word' id='word_1_143' title='bbox 713 2061 738 2086; x_wconf 80' lang='lat'><strong>»</strong></span> <span class='ocrx_word' id='word_1_144' title='bbox 780 2038 886 2095; x_wconf 89' lang='lat' dir='ltr'>hoc</span> <span class='ocrx_word' id='word_1_145' title='bbox 915 2049 1019 2107; x_wconf 83' lang='lat' dir='ltr'>est,</span> <span class='ocrx_word' id='word_1_146' title='bbox 1051 2050 1370 2100; x_wconf 89' lang='lat' dir='ltr'>statuerunt</span> <span class='ocrx_word' id='word_1_147' title='bbox 1414 2050 1598 2104; x_wconf 89' lang='lat' dir='ltr'>Deum</span> <span class='ocrx_word' id='word_1_148' title='bbox 1651 2049 1701 2105; x_wconf 91' lang='lat' dir='ltr'>in</span> <span class='ocrx_word' id='word_1_149' title='bbox 1734 2051 1923 2107; x_wconf 85' lang='lat' dir='ltr'>notitia</span> <span class='ocrx_word' id='word_1_150' title='bbox 1953 2069 2068 2108; x_wconf 91' lang='lat' dir='ltr'>non</span> 
     </span>
    </p>
   </div>
   <div class='ocr_carea' id='block_1_23' title="bbox 470 2134 2074 2210">
    <p class='ocr_par' dir='ltr' id='par_1_23' title="bbox 470 2134 2074 2210">
     <span class='ocr_line' id='line_1_23' title="bbox 470 2134 2074 2210; baseline 0.011 -30"><span class='ocrx_word' id='word_1_151' title='bbox 470 2135 675 2194; x_wconf 89' lang='lat' dir='ltr'>tenere,</span> <span class='ocrx_word' id='word_1_152' title='bbox 706 2143 768 2182; x_wconf 90' lang='lat' dir='ltr'>ac</span> <span class='ocrx_word' id='word_1_153' title='bbox 786 2138 976 2200; x_wconf 90' lang='lat' dir='ltr'>suapte</span> <span class='ocrx_word' id='word_1_154' title='bbox 1011 2141 1207 2202; x_wconf 89' lang='lat' dir='ltr'>sponte</span> <span class='ocrx_word' id='word_1_155' title='bbox 1242 2134 1583 2205; x_wconf 85' lang='lat' dir='ltr'>impietatem</span> <span class='ocrx_word' id='word_1_156' title='bbox 1613 2139 1918 2210; x_wconf 87' lang='lat' dir='ltr'>elegerunt.</span> <span class='ocrx_word' id='word_1_157' title='bbox 1950 2145 2074 2198; x_wconf 89' lang='lat' dir='ltr'>Non</span> 
     </span>
    </p>
   </div>
   <div class='ocr_carea' id='block_1_24' title="bbox 473 2215 2073 2296">
    <p class='ocr_par' dir='ltr' id='par_1_24' title="bbox 473 2215 2073 2296">
     <span class='ocr_line' id='line_1_24' title="bbox 473 2215 2073 2296; baseline 0.012 -28"><span class='ocrx_word' id='word_1_158' title='bbox 473 2215 636 2287; x_wconf 83' lang='lat' dir='ltr'>igitur</span> <span class='ocrx_word' id='word_1_159' title='bbox 662 2217 840 2272; x_wconf 90' lang='lat' dir='ltr'>carnis</span> <span class='ocrx_word' id='word_1_160' title='bbox 871 2227 1003 2274; x_wconf 88' lang='lat' dir='ltr'>sunt</span> <span class='ocrx_word' id='word_1_161' title='bbox 1043 2231 1282 2292; x_wconf 89' lang='lat' dir='ltr'>peccata,</span> <span class='ocrx_word' id='word_1_162' title='bbox 1326 2233 1387 2280; x_wconf 88' lang='lat' dir='ltr'>ut</span> <span class='ocrx_word' id='word_1_163' title='bbox 1416 2226 1638 2296; x_wconf 89' lang='lat' dir='ltr'>quidam</span> <span class='ocrx_word' id='word_1_164' title='bbox 1683 2227 2073 2287; x_wconf 65' lang='lat' dir='ltr'>haereticorum</span> 
     </span>
    </p>
   </div>
   <div class='ocr_carea' id='block_1_25' title="bbox 473 2310 2066 2388">
    <p class='ocr_par' dir='ltr' id='par_1_25' title="bbox 473 2310 2066 2388">
     <span class='ocr_line' id='line_1_25' title="bbox 473 2310 2066 2388; baseline 0.013 -31"><span class='ocrx_word' id='word_1_165' title='bbox 473 2312 683 2374; x_wconf 87' lang='lat' dir='ltr'>putant,</span> <span class='ocrx_word' id='word_1_166' title='bbox 729 2321 921 2362; x_wconf 89' lang='lat' dir='ltr'>verum</span> <span class='ocrx_word' id='word_1_167' title='bbox 952 2310 1193 2381; x_wconf 90' lang='lat' dir='ltr'>corrupti</span> <span class='ocrx_word' id='word_1_168' title='bbox 1229 2311 1449 2383; x_wconf 91' lang='lat' dir='ltr'>judicii.</span> <span class='ocrx_word' id='word_1_169' title='bbox 1495 2315 1750 2373; x_wconf 89' lang='lat' dir='ltr'>Primum</span> <span class='ocrx_word' id='word_1_170' title='bbox 1797 2319 2066 2388; x_wconf 88' lang='lat' dir='ltr'>igiturilli</span> 
     </span>
    </p>
   </div>
   <div class='ocr_carea' id='block_1_26' title="bbox 469 2393 2073 2480">
    <p class='ocr_par' dir='ltr' id='par_1_26' title="bbox 469 2393 2073 2480">
     <span class='ocr_line' id='line_1_26' title="bbox 469 2393 2073 2480; baseline 0.012 -33"><span class='ocrx_word' id='word_1_171' title='bbox 469 2393 899 2464; x_wconf 84' lang='lat' dir='ltr'>reprobaverunt</span> <span class='ocrx_word' id='word_1_172' title='bbox 927 2413 1089 2454; x_wconf 91' lang='lat' dir='ltr'>nosse</span> <span class='ocrx_word' id='word_1_173' title='bbox 1120 2404 1318 2468; x_wconf 91' lang='lat' dir='ltr'>Deum,</span> <span class='ocrx_word' id='word_1_174' title='bbox 1350 2401 1588 2476; x_wconf 88' lang='lat' dir='ltr'>ideoque</span> <span class='ocrx_word' id='word_1_175' title='bbox 1627 2408 1779 2463; x_wconf 90' lang='lat' dir='ltr'>Deus</span> <span class='ocrx_word' id='word_1_176' title='bbox 1826 2409 2073 2480; x_wconf 88' lang='lat' dir='ltr'>permisit</span> 
     </span>
    </p>
   </div>
   <div class='ocr_carea' id='block_1_27' title="bbox 466 2482 2073 2572">
    <p class='ocr_par' dir='ltr' id='par_1_27' title="bbox 466 2482 2073 2572">
     <span class='ocr_line' id='line_1_27' title="bbox 466 2482 2073 2572; baseline 0.011 -34"><span class='ocrx_word' id='word_1_177' title='bbox 466 2482 590 2538; x_wconf 89' lang='lat' dir='ltr'>illos</span> <span class='ocrx_word' id='word_1_178' title='bbox 614 2483 683 2540; x_wconf 88' lang='lat' dir='ltr'>ad</span> <span class='ocrx_word' id='word_1_179' title='bbox 709 2486 1001 2557; x_wconf 86' lang='lat' dir='ltr'>reprobam</span> <span class='ocrx_word' id='word_1_180' title='bbox 1026 2498 1266 2546; x_wconf 87' lang='lat' dir='ltr'>mentem</span> <span class='ocrx_word' id='word_1_181' title='bbox 1296 2491 1518 2548; x_wconf 89' lang='lat' dir='ltr'>deferri.</span> <span class='ocrx_word' id='word_1_182' title='bbox 1565 2497 1796 2552; x_wconf 82' lang='lat' dir='ltr'>Aversio</span> <span class='ocrx_word' id='word_1_183' title='bbox 1833 2514 2073 2572; x_wconf 90' lang='lat' dir='ltr'>namque</span> 
     </span>
    </p>
   </div>
   <div class='ocr_carea' id='block_1_28' title="bbox 467 2573 2068 2660">
    <p class='ocr_par' dir='ltr' id='par_1_28' title="bbox 467 2573 2068 2660">
     <span class='ocr_line' id='line_1_28' title="bbox 467 2573 2068 2660; baseline 0.012 -34"><span class='ocrx_word' id='word_1_184' title='bbox 467 2573 570 2627; x_wconf 92' lang='lat' dir='ltr'>Dei</span> <span class='ocrx_word' id='word_1_185' title='bbox 608 2582 663 2628; x_wconf 91' lang='lat' dir='ltr'>et</span> <span class='ocrx_word' id='word_1_186' title='bbox 686 2573 984 2643; x_wconf 86' lang='lat' dir='ltr'>derelictio,</span> <span class='ocrx_word' id='word_1_187' title='bbox 1027 2578 1246 2635; x_wconf 88' lang='lat' dir='ltr'>traditio</span> <span class='ocrx_word' id='word_1_188' title='bbox 1294 2583 1612 2639; x_wconf 89' lang='lat' dir='ltr'>nominatur</span> <span class='ocrx_word' id='word_1_189' title='bbox 1657 2585 1714 2640; x_wconf 89' lang='lat' dir='ltr'>in</span> <span class='ocrx_word' id='word_1_190' title='bbox 1764 2588 2068 2660; x_wconf 86' lang='lat' dir='ltr'>Scriptura.</span> 
     </span>
    </p>
   </div>
   <div class='ocr_carea' id='block_1_29' title="bbox 470 2661 2071 2750">
    <p class='ocr_par' dir='ltr' id='par_1_29' title="bbox 470 2661 2071 2750">
     <span class='ocr_line' id='line_1_29' title="bbox 470 2661 2071 2750; baseline 0.013 -36"><span class='ocrx_word' id='word_1_191' title='bbox 470 2661 710 2730; x_wconf 87' lang='lat' dir='ltr'>Quidam</span> <span class='ocrx_word' id='word_1_192' title='bbox 759 2679 886 2720; x_wconf 90' lang='lat' dir='ltr'>vero</span> <span class='ocrx_word' id='word_1_193' title='bbox 914 2680 944 2721; x_wconf 92' lang='lat' dir='ltr'>e</span> <span class='ocrx_word' id='word_1_194' title='bbox 991 2667 1190 2724; x_wconf 89' lang='lat' dir='ltr'>sanctis</span> <span class='ocrx_word' id='word_1_195' title='bbox 1236 2671 1485 2728; x_wconf 89' lang='lat' dir='ltr'>Patribus</span> <span class='ocrx_word' id='word_1_196' title='bbox 1539 2674 1768 2746; x_wconf 84' lang='lat' dir='ltr'>eleganti</span> <span class='ocrx_word' id='word_1_197' title='bbox 1820 2679 2071 2750; x_wconf 82' lang='lat' dir='ltr'>exemplo</span> 
     </span>
    </p>
   </div>
   <div class='ocr_carea' id='block_1_30' title="bbox 471 2749 2067 2835">
    <p class='ocr_par' dir='ltr' id='par_1_30' title="bbox 471 2749 2067 2835">
     <span class='ocr_line' id='line_1_30' title="bbox 471 2749 2067 2835; baseline 0.013 -32"><span class='ocrx_word' id='word_1_198' title='bbox 471 2749 552 2804; x_wconf 90' lang='lat' dir='ltr'>usi</span> <span class='ocrx_word' id='word_1_199' title='bbox 585 2759 735 2819; x_wconf 91' lang='lat' dir='ltr'>sunt,</span> <span class='ocrx_word' id='word_1_200' title='bbox 767 2767 874 2823; x_wconf 89' lang='lat' dir='ltr'>quo</span> <span class='ocrx_word' id='word_1_201' title='bbox 899 2755 1238 2825; x_wconf 86' lang='lat' dir='ltr'>explanatur.</span> <span class='ocrx_word' id='word_1_202' title='bbox 1274 2781 1299 2806; x_wconf 76' lang='grc' dir='ltr'>α</span> <span class='ocrx_word' id='word_1_203' title='bbox 1323 2760 1570 2817; x_wconf 88' lang='lat' dir='ltr'>Tradidit</span> <span class='ocrx_word' id='word_1_204' title='bbox 1592 2779 1686 2818; x_wconf 89' lang='lat' dir='ltr'>eos</span> <span class='ocrx_word' id='word_1_205' title='bbox 1717 2763 1820 2835; x_wconf 80' lang='lat'><strong>15</strong></span> <span class='ocrx_word' id='word_1_206' title='bbox 1843 2749 2008 2822; x_wconf 88' lang='lat' dir='ltr'>Deus.</span> <span class='ocrx_word' id='word_1_207' title='bbox 2041 2791 2067 2818; x_wconf 77' lang='grc' dir='ltr'>υ</span> 
     </span>
    </p>
   </div>
   <div class='ocr_carea' id='block_1_31' title="bbox 471 2837 2070 2919">
    <p class='ocr_par' dir='ltr' id='par_1_31' title="bbox 471 2837 2070 2919">
     <span class='ocr_line' id='line_1_31' title="bbox 471 2837 2070 2919; baseline 0.013 -28"><span class='ocrx_word' id='word_1_208' title='bbox 471 2837 718 2905; x_wconf 87' lang='lat' dir='ltr'>Perinde,</span> <span class='ocrx_word' id='word_1_209' title='bbox 747 2840 1023 2912; x_wconf 91' lang='lat' dir='ltr'>inquiunt,</span> <span class='ocrx_word' id='word_1_210' title='bbox 1063 2861 1128 2900; x_wconf 94' lang='lat' dir='ltr'>ac</span> <span class='ocrx_word' id='word_1_211' title='bbox 1154 2847 1202 2900; x_wconf 92' lang='lat' dir='ltr'>si</span> <span class='ocrx_word' id='word_1_212' title='bbox 1232 2848 1358 2918; x_wconf 92' lang='lat' dir='ltr'>quis</span> <span class='ocrx_word' id='word_1_213' title='bbox 1399 2851 1706 2919; x_wconf 86' lang='lat' dir='ltr'>conniveat,</span> <span class='ocrx_word' id='word_1_214' title='bbox 1738 2855 1936 2911; x_wconf 90' lang='lat' dir='ltr'>nolens</span> <span class='ocrx_word' id='word_1_215' title='bbox 1985 2857 2070 2911; x_wconf 89' lang='lat' dir='ltr'>vi—</span> 
     </span>
    </p>
   </div>
   <div class='ocr_carea' id='block_1_32' title="bbox 471 2925 2070 3014">
    <p class='ocr_par' dir='ltr' id='par_1_32' title="bbox 471 2925 2070 3014">
     <span class='ocr_line' id='line_1_32' title="bbox 471 2925 2070 3014; baseline 0.013 -33"><span class='ocrx_word' id='word_1_216' title='bbox 471 2925 602 2982; x_wconf 91' lang='lat' dir='ltr'>dere</span> <span class='ocrx_word' id='word_1_217' title='bbox 636 2928 830 2996; x_wconf 85' lang='lat' dir='ltr'>solem,</span> <span class='ocrx_word' id='word_1_218' title='bbox 862 2930 1062 2987; x_wconf 89' lang='lat' dir='ltr'>deinde</span> <span class='ocrx_word' id='word_1_219' title='bbox 1089 2935 1252 2989; x_wconf 86' lang='lat' dir='ltr'>cadat</span> <span class='ocrx_word' id='word_1_220' title='bbox 1278 2936 1334 2990; x_wconf 92' lang='lat' dir='ltr'>in</span> <span class='ocrx_word' id='word_1_221' title='bbox 1363 2939 1638 3009; x_wconf 88' lang='lat' dir='ltr'>scrobem,</span> <span class='ocrx_word' id='word_1_222' title='bbox 1668 2940 1928 3014; x_wconf 87' lang='lat' dir='ltr'>dicimus,</span> <span class='ocrx_word' id='word_1_223' title='bbox 1980 2947 2070 3002; x_wconf 87' lang='lat' dir='ltr'>Sol</span> 
     </span>
    </p>
   </div>
   <div class='ocr_carea' id='block_1_33' title="bbox 467 3018 2073 3104">
    <p class='ocr_par' dir='ltr' id='par_1_33' title="bbox 467 3018 2073 3104">
     <span class='ocr_line' id='line_1_33' title="bbox 467 3018 2073 3104; baseline 0.014 -35"><span class='ocrx_word' id='word_1_224' title='bbox 467 3031 581 3070; x_wconf 91' lang='lat' dir='ltr'>non</span> <span class='ocrx_word' id='word_1_225' title='bbox 625 3018 775 3074; x_wconf 86' lang='lat' dir='ltr'>visus</span> <span class='ocrx_word' id='word_1_226' title='bbox 816 3019 962 3075; x_wconf 90' lang='lat' dir='ltr'>hunc</span> <span class='ocrx_word' id='word_1_227' title='bbox 992 3023 1048 3076; x_wconf 91' lang='lat' dir='ltr'>in</span> <span class='ocrx_word' id='word_1_228' title='bbox 1088 3021 1292 3080; x_wconf 88' lang='lat' dir='ltr'>fossam</span> <span class='ocrx_word' id='word_1_229' title='bbox 1324 3026 1527 3098; x_wconf 92' lang='lat' dir='ltr'>dejecit</span> <span class='ocrx_word' id='word_1_230' title='bbox 1578 3049 1590 3085; x_wconf 88' lang='lat'>:</span> <span class='ocrx_word' id='word_1_231' title='bbox 1645 3047 1758 3086; x_wconf 91' lang='lat' dir='ltr'>non</span> <span class='ocrx_word' id='word_1_232' title='bbox 1805 3033 1955 3104; x_wconf 90' lang='lat' dir='ltr'>quod</span> <span class='ocrx_word' id='word_1_233' title='bbox 1995 3037 2073 3093; x_wconf 88' lang='lat' dir='ltr'>ira</span> 
     </span>
    </p>
   </div>
   <div class='ocr_carea' id='block_1_34' title="bbox 465 3106 2072 3189">
    <p class='ocr_par' dir='ltr' id='par_1_34' title="bbox 465 3106 2072 3189">
     <span class='ocr_line' id='line_1_34' title="bbox 465 3106 2072 3189; baseline 0.013 -29"><span class='ocrx_word' id='word_1_234' title='bbox 465 3106 701 3176; x_wconf 89' lang='lat' dir='ltr'>percitus</span> <span class='ocrx_word' id='word_1_235' title='bbox 729 3109 812 3164; x_wconf 91' lang='lat' dir='ltr'>sol</span> <span class='ocrx_word' id='word_1_236' title='bbox 845 3109 1133 3169; x_wconf 88' lang='lat' dir='ltr'>hominem</span> <span class='ocrx_word' id='word_1_237' title='bbox 1177 3113 1459 3187; x_wconf 88' lang='lat' dir='ltr'>dejecerit,</span> <span class='ocrx_word' id='word_1_238' title='bbox 1499 3135 1694 3175; x_wconf 90' lang='lat' dir='ltr'>verum</span> <span class='ocrx_word' id='word_1_239' title='bbox 1740 3123 1886 3189; x_wconf 90' lang='lat' dir='ltr'>quod</span> <span class='ocrx_word' id='word_1_240' title='bbox 1937 3141 2072 3181; x_wconf 90' lang='lat' dir='ltr'>ocu-</span> 
     </span>
    </p>
   </div>
   <div class='ocr_carea' id='block_1_35' title="bbox 465 3180 2153 3280">
    <p class='ocr_par' dir='ltr' id='par_1_35' title="bbox 465 3180 2153 3280">
     <span class='ocr_line' id='line_1_35' title="bbox 465 3180 2153 3280; baseline 0.013 -30"><span class='ocrx_word' id='word_1_241' title='bbox 465 3196 549 3251; x_wconf 89' lang='lat' dir='ltr'>los</span> <span class='ocrx_word' id='word_1_242' title='bbox 577 3195 696 3269; x_wconf 86' lang='lat' dir='ltr'>ejus</span> <span class='ocrx_word' id='word_1_243' title='bbox 741 3214 852 3253; x_wconf 92' lang='lat' dir='ltr'>non</span> <span class='ocrx_word' id='word_1_244' title='bbox 877 3199 1253 3258; x_wconf 89' lang='lat' dir='ltr'>illustraverit.</span> <span class='ocrx_word' id='word_1_245' title='bbox 1298 3207 1427 3262; x_wconf 89' lang='lat' dir='ltr'>Jam</span> <span class='ocrx_word' id='word_1_246' title='bbox 1465 3208 1616 3280; x_wconf 90' lang='lat' dir='ltr'>quod</span> <span class='ocrx_word' id='word_1_247' title='bbox 1663 3226 1778 3266; x_wconf 92' lang='lat' dir='ltr'>non</span> <span class='ocrx_word' id='word_1_248' title='bbox 1826 3211 2070 3271; x_wconf 81' lang='lat' dir='ltr'>illuxerit</span> <span class='ocrx_word' id='word_1_249' title='bbox 2107 3180 2153 3241; x_wconf 69' lang='grc' dir='ltr'><strong>Ο</strong></span> 
     </span>
    </p>
   </div>
   <div class='ocr_carea' id='block_1_36' title="bbox 465 3286 2069 3374">
    <p class='ocr_par' dir='ltr' id='par_1_36' title="bbox 465 3286 2069 3374">
     <span class='ocr_line' id='line_1_36' title="bbox 465 3286 2069 3374; baseline 0.014 -35"><span class='ocrx_word' id='word_1_250' title='bbox 465 3286 658 3354; x_wconf 91' lang='lat' dir='ltr'>oculis,</span> <span class='ocrx_word' id='word_1_251' title='bbox 689 3289 832 3343; x_wconf 91' lang='lat' dir='ltr'>unde</span> <span class='ocrx_word' id='word_1_252' title='bbox 860 3295 980 3346; x_wconf 82' lang='lat' dir='ltr'>est?</span> <span class='ocrx_word' id='word_1_253' title='bbox 1025 3295 1075 3348; x_wconf 79' lang='grc' dir='ltr'><strong>Α</strong></span> <span class='ocrx_word' id='word_1_254' title='bbox 1109 3292 1419 3364; x_wconf 91' lang='lat' dir='ltr'>claudente,</span> <span class='ocrx_word' id='word_1_255' title='bbox 1466 3298 1738 3366; x_wconf 86' lang='lat' dir='ltr'>videlicet,</span> <span class='ocrx_word' id='word_1_256' title='bbox 1771 3304 1983 3374; x_wconf 89' lang='lat' dir='ltr'>oculos,</span> <span class='ocrx_word' id='word_1_257' title='bbox 2014 3315 2069 3362; x_wconf 93' lang='lat' dir='ltr'>et</span> 
     </span>
    </p>
   </div>
   <div class='ocr_carea' id='block_1_37' title="bbox 465 3377 2069 3465">
    <p class='ocr_par' dir='ltr' id='par_1_37' title="bbox 465 3377 2069 3465">
     <span class='ocr_line' id='line_1_37' title="bbox 465 3377 2069 3465; baseline 0.014 -35"><span class='ocrx_word' id='word_1_258' title='bbox 465 3377 805 3433; x_wconf 91' lang='lat' dir='ltr'>connivente.</span> <span class='ocrx_word' id='word_1_259' title='bbox 851 3379 940 3436; x_wconf 93' lang='lat' dir='ltr'>Sic</span> <span class='ocrx_word' id='word_1_260' title='bbox 983 3389 1039 3437; x_wconf 88' lang='lat' dir='ltr'>et</span> <span class='ocrx_word' id='word_1_261' title='bbox 1085 3386 1234 3440; x_wconf 90' lang='lat' dir='ltr'>Deus</span> <span class='ocrx_word' id='word_1_262' title='bbox 1282 3386 1506 3443; x_wconf 87' lang='lat' dir='ltr'>tradidit</span> <span class='ocrx_word' id='word_1_263' title='bbox 1549 3405 1644 3446; x_wconf 90' lang='lat' dir='ltr'>eos</span> <span class='ocrx_word' id='word_1_264' title='bbox 1686 3391 1744 3447; x_wconf 90' lang='lat' dir='ltr'>in</span> <span class='ocrx_word' id='word_1_265' title='bbox 1788 3397 2069 3465; x_wconf 90' lang='lat' dir='ltr'>passiones</span> 
     </span>
    </p>
   </div>
   <div class='ocr_carea' id='block_1_38' title="bbox 466 3464 2068 3551">
    <p class='ocr_par' dir='ltr' id='par_1_38' title="bbox 466 3464 2068 3551">
     <span class='ocr_line' id='line_1_38' title="bbox 466 3464 2068 3551; baseline 0.014 -33"><span class='ocrx_word' id='word_1_266' title='bbox 466 3464 809 3537; x_wconf 73' lang='lat' dir='ltr'>ignominiae,</span> <span class='ocrx_word' id='word_1_267' title='bbox 851 3485 1088 3540; x_wconf 87' lang='lat' dir='ltr'>quanam</span> <span class='ocrx_word' id='word_1_268' title='bbox 1119 3473 1368 3532; x_wconf 83' lang='lat' dir='ltr'>ratione?</span> <span class='ocrx_word' id='word_1_269' title='bbox 1412 3480 1535 3534; x_wconf 83' lang='lat' dir='ltr'>Non</span> <span class='ocrx_word' id='word_1_270' title='bbox 1584 3464 1806 3551; x_wconf 82' lang='lat' dir='ltr'>agnitus</span> <span class='ocrx_word' id='word_1_271' title='bbox 1838 3484 2068 3541; x_wconf 90' lang='lat' dir='ltr'>homini-</span> 
     </span>
    </p>
   </div>
   <div class='ocr_carea' id='block_1_39' title="bbox 465 3554 2066 3643">
    <p class='ocr_par' dir='ltr' id='par_1_39' title="bbox 465 3554 2066 3643">
     <span class='ocr_line' id='line_1_39' title="bbox 465 3554 2066 3643; baseline 0.014 -34"><span class='ocrx_word' id='word_1_272' title='bbox 465 3554 588 3610; x_wconf 90' lang='lat' dir='ltr'>bus.</span> <span class='ocrx_word' id='word_1_273' title='bbox 616 3556 776 3626; x_wconf 89' lang='lat' dir='ltr'>Quod</span> <span class='ocrx_word' id='word_1_274' title='bbox 805 3575 932 3614; x_wconf 82' lang='lat' dir='ltr'>vero</span> <span class='ocrx_word' id='word_1_275' title='bbox 959 3577 1069 3616; x_wconf 82' lang='lat' dir='ltr'>non</span> <span class='ocrx_word' id='word_1_276' title='bbox 1097 3562 1165 3618; x_wconf 92' lang='lat' dir='ltr'>sit</span> <span class='ocrx_word' id='word_1_277' title='bbox 1205 3567 1442 3636; x_wconf 88' lang='lat' dir='ltr'>agnitus,</span> <span class='ocrx_word' id='word_1_278' title='bbox 1495 3569 1676 3626; x_wconf 82' lang='lat' dir='ltr'>unde?</span> <span class='ocrx_word' id='word_1_279' title='bbox 1719 3573 1804 3629; x_wconf 87' lang='lat' dir='ltr'>Ab</span> <span class='ocrx_word' id='word_1_280' title='bbox 1834 3574 1956 3643; x_wconf 88' lang='lat' dir='ltr'>illis,</span> <span class='ocrx_word' id='word_1_281' title='bbox 1986 3577 2066 3631; x_wconf 89' lang='lat' dir='ltr'>ni-</span> 
     </span>
    </p>
   </div>
   <div class='ocr_carea' id='block_1_40' title="bbox 465 3645 2068 3724">
    <p class='ocr_par' dir='ltr' id='par_1_40' title="bbox 465 3645 2068 3724">
     <span class='ocr_line' id='line_1_40' title="bbox 465 3645 2068 3724; baseline 0.014 -26"><span class='ocrx_word' id='word_1_282' title='bbox 465 3645 692 3710; x_wconf 85' lang='lat' dir='ltr'>mirum,</span> <span class='ocrx_word' id='word_1_283' title='bbox 751 3648 844 3718; x_wconf 91' lang='lat' dir='ltr'>qui</span> <span class='ocrx_word' id='word_1_284' title='bbox 900 3666 1012 3705; x_wconf 90' lang='lat' dir='ltr'>non</span> <span class='ocrx_word' id='word_1_285' title='bbox 1055 3653 1446 3724; x_wconf 82' lang='lat' dir='ltr'>probaverunt,</span> <span class='ocrx_word' id='word_1_286' title='bbox 1501 3675 1602 3715; x_wconf 90' lang='lat' dir='ltr'>nec</span> <span class='ocrx_word' id='word_1_287' title='bbox 1655 3671 1964 3721; x_wconf 87' lang='lat' dir='ltr'>statuerunt</span> <span class='ocrx_word' id='word_1_288' title='bbox 2005 3674 2068 3722; x_wconf 93' lang='lat' dir='ltr'>ut</span> 
     </span>
    </p>
   </div>
   <div class='ocr_carea' id='block_1_41' title="bbox 463 3737 1046 3810">
    <p class='ocr_par' dir='ltr' id='par_1_41' title="bbox 463 3737 1046 3810">
     <span class='ocr_line' id='line_1_41' title="bbox 463 3737 1046 3810; baseline 0.015 -23"><span class='ocrx_word' id='word_1_289' title='bbox 463 3745 820 3806; x_wconf 87' lang='lat' dir='ltr'>agnoscerent</span> <span class='ocrx_word' id='word_1_290' title='bbox 842 3737 1046 3810; x_wconf 89' lang='lat' dir='ltr'>ipsum.</span> 
     </span>
    </p>
   </div>
   <div class='ocr_carea' id='block_1_42' title="bbox 533 3825 2070 3915">
    <p class='ocr_par' dir='ltr' id='par_1_42' title="bbox 533 3825 2070 3915">
     <span class='ocr_line' id='line_1_42' title="bbox 533 3825 2070 3915; baseline 0.015 -36"><span class='ocrx_word' id='word_1_291' title='bbox 533 3825 712 3881; x_wconf 71' lang='lat' dir='ltr'>Vnns.</span> <span class='ocrx_word' id='word_1_292' title='bbox 765 3831 855 3882; x_wconf 85' lang='lat'>29.</span> <span class='ocrx_word' id='word_1_293' title='bbox 905 3853 928 3876; x_wconf 75' lang='grc' dir='ltr'>ι</span> <span class='ocrx_word' id='word_1_294' title='bbox 977 3832 1241 3902; x_wconf 79' lang='lat' dir='ltr'>Repletos</span> <span class='ocrx_word' id='word_1_295' title='bbox 1283 3836 1436 3892; x_wconf 93' lang='lat' dir='ltr'>omni</span> <span class='ocrx_word' id='word_1_296' title='bbox 1488 3837 1772 3912; x_wconf 91' lang='lat' dir='ltr'>injustitia.</span> <span class='ocrx_word' id='word_1_297' title='bbox 1828 3867 1850 3891; x_wconf 78' lang='grc' dir='ltr'>«ι</span> <span class='ocrx_word' id='word_1_298' title='bbox 1903 3845 2070 3915; x_wconf 91' lang='lat' dir='ltr'>Vide,</span> 
     </span>
    </p>
   </div>
   <div class='ocr_carea' id='block_1_43' title="bbox 460 3914 2060 4008">
    <p class='ocr_par' dir='ltr' id='par_1_43' title="bbox 460 3914 2060 4008">
     <span class='ocr_line' id='line_1_43' title="bbox 460 3914 2060 4008; baseline 0.016 -36"><span class='ocrx_word' id='word_1_299' title='bbox 460 3914 669 3990; x_wconf 91' lang='lat' dir='ltr'>singula</span> <span class='ocrx_word' id='word_1_300' title='bbox 695 3935 824 3974; x_wconf 93' lang='lat' dir='ltr'>cum</span> <span class='ocrx_word' id='word_1_301' title='bbox 864 3923 1292 3993; x_wconf 86' lang='lat' dir='ltr'>amplificatione</span> <span class='ocrx_word' id='word_1_302' title='bbox 1335 3930 1606 3989; x_wconf 90' lang='lat' dir='ltr'>dicuntur.</span> <span class='ocrx_word' id='word_1_303' title='bbox 1667 3958 1692 3984; x_wconf 79' lang='grc' dir='ltr'>«ι</span> <span class='ocrx_word' id='word_1_304' title='bbox 1729 3939 1992 4008; x_wconf 80' lang='lat' dir='ltr'>Repletos</span> <span class='ocrx_word' id='word_1_305' title='bbox 2035 3965 2060 3990; x_wconf 73' lang='grc' dir='ltr'>ιι</span> 
     </span>
    </p>
   </div>
   <div class='ocr_carea' id='block_1_44' title="bbox 468 4007 2061 4101">
    <p class='ocr_par' dir='ltr' id='par_1_44' title="bbox 468 4007 2061 4101">
     <span class='ocr_line' id='line_1_44' title="bbox 468 4007 2061 4101; baseline 0.018 -42"><span class='ocrx_word' id='word_1_306' title='bbox 468 4007 640 4074; x_wconf 91' lang='lat' dir='ltr'>enim,</span> <span class='ocrx_word' id='word_1_307' title='bbox 673 4007 890 4080; x_wconf 87' lang='lat' dir='ltr'>inquit,</span> <span class='ocrx_word' id='word_1_308' title='bbox 922 4019 978 4066; x_wconf 91' lang='lat' dir='ltr'>et</span> <span class='ocrx_word' id='word_1_309' title='bbox 1031 4037 1057 4062; x_wconf 77' lang='grc' dir='ltr'>ι</span> <span class='ocrx_word' id='word_1_310' title='bbox 1090 4018 1243 4073; x_wconf 93' lang='lat' dir='ltr'>omni</span> <span class='ocrx_word' id='word_1_311' title='bbox 1284 4019 1338 4074; x_wconf 91' lang='lat' dir='ltr'>in</span> <span class='ocrx_word' id='word_1_312' title='bbox 1378 4021 1593 4091; x_wconf 86' lang='lat' dir='ltr'>justitia</span> <span class='ocrx_word' id='word_1_313' title='bbox 1644 4045 1656 4082; x_wconf 74' lang='grc' dir='ltr'>ε</span> <span class='ocrx_word' id='word_1_314' title='bbox 1693 4048 1719 4075; x_wconf 72' lang='grc' dir='ltr'>ν</span> <span class='ocrx_word' id='word_1_315' title='bbox 1765 4007 2061 4101; x_wconf 59' lang='lat' dir='ltr'>universa,</span> 
     </span>
    </p>
   </div>
   <div class='ocr_carea' id='block_1_45' title="bbox 463 4094 2064 4192">
    <p class='ocr_par' dir='ltr' id='par_1_45' title="bbox 463 4094 2064 4192">
     <span class='ocr_line' id='line_1_45' title="bbox 463 4094 2064 4192; baseline 0.018 -44"><span class='ocrx_word' id='word_1_316' title='bbox 463 4094 693 4161; x_wconf 89' lang='lat' dir='ltr'>scilicet,</span> <span class='ocrx_word' id='word_1_317' title='bbox 737 4098 963 4156; x_wconf 80' lang='lat' dir='ltr'>malitiae</span> <span class='ocrx_word' id='word_1_318' title='bbox 1002 4118 1319 4163; x_wconf 87' lang='lat' dir='ltr'>mensuram</span> <span class='ocrx_word' id='word_1_319' title='bbox 1349 4110 1700 4184; x_wconf 87' lang='lat' dir='ltr'>attingentes.</span> <span class='ocrx_word' id='word_1_320' title='bbox 1750 4118 1916 4186; x_wconf 91' lang='lat' dir='ltr'>Dein,</span> <span class='ocrx_word' id='word_1_321' title='bbox 1943 4094 2064 4192; x_wconf 51' lang='lat' dir='ltr'>spe;</span> 
     </span>
    </p>
   </div>
   <div class='ocr_carea' id='block_1_46' title="bbox 463 4184 1124 4248">
    <p class='ocr_par' dir='ltr' id='par_1_46' title="bbox 463 4184 1124 4248">
     <span class='ocr_line' id='line_1_46' title="bbox 463 4184 1124 4248; baseline 0.014 -9"><span class='ocrx_word' id='word_1_322' title='bbox 463 4187 571 4240; x_wconf 84' lang='lat' dir='ltr'>cies</span> <span class='ocrx_word' id='word_1_323' title='bbox 598 4184 824 4242; x_wconf 88' lang='lat' dir='ltr'>malitiae</span> <span class='ocrx_word' id='word_1_324' title='bbox 849 4201 1124 4248; x_wconf 90' lang='lat' dir='ltr'>recenset.</span> 
     </span>
    </p>
   </div>
   <div class='ocr_carea' id='block_1_47' title="bbox 533 4275 2057 4369">
    <p class='ocr_par' dir='ltr' id='par_1_47' title="bbox 533 4275 2057 4369">
     <span class='ocr_line' id='line_1_47' title="bbox 533 4275 2057 4369; baseline 0.018 -40"><span class='ocrx_word' id='word_1_325' title='bbox 533 4297 556 4321; x_wconf 79' lang='grc' dir='ltr'>«ι</span> <span class='ocrx_word' id='word_1_326' title='bbox 574 4275 976 4335; x_wconf 91' lang='lat' dir='ltr'>Fornicatione.</span> <span class='ocrx_word' id='word_1_327' title='bbox 1006 4305 1029 4329; x_wconf 69' lang='grc' dir='ltr'>ιν</span> <span class='ocrx_word' id='word_1_328' title='bbox 1054 4284 1295 4342; x_wconf 87' lang='lat' dir='ltr'>Omnem</span> <span class='ocrx_word' id='word_1_329' title='bbox 1316 4288 1633 4362; x_wconf 90' lang='lat' dir='ltr'>simpliciter</span> <span class='ocrx_word' id='word_1_330' title='bbox 1652 4294 2057 4369; x_wconf 88' lang='lat' dir='ltr'>impuritatem,</span> 
     </span>
    </p>
   </div>
   <div class='ocr_carea' id='block_1_48' title="bbox 465 4360 1592 4448">
    <p class='ocr_par' dir='ltr' id='par_1_48' title="bbox 465 4360 1592 4448">
     <span class='ocr_line' id='line_1_48' title="bbox 465 4360 1592 4448; baseline 0.02 -32"><span class='ocrx_word' id='word_1_331' title='bbox 465 4360 842 4422; x_wconf 87' lang='lat' dir='ltr'>fornicationis</span> <span class='ocrx_word' id='word_1_332' title='bbox 869 4370 1099 4428; x_wconf 90' lang='lat' dir='ltr'>nomine</span> <span class='ocrx_word' id='word_1_333' title='bbox 1129 4360 1457 4448; x_wconf 80' lang='lat' dir='ltr'>complexus</span> <span class='ocrx_word' id='word_1_334' title='bbox 1486 4389 1592 4438; x_wconf 91' lang='lat' dir='ltr'>est.</span> 
     </span>
    </p>
   </div>
   <div class='ocr_carea' id='block_1_49' title="bbox 535 4455 1709 4541">
    <p class='ocr_par' dir='ltr' id='par_1_49' title="bbox 535 4455 1709 4541">
     <span class='ocr_line' id='line_1_49' title="bbox 535 4455 1709 4541; baseline 0.022 -35"><span class='ocrx_word' id='word_1_335' title='bbox 535 4474 562 4507; x_wconf 82' lang='grc' dir='ltr'>ι(</span> <span class='ocrx_word' id='word_1_336' title='bbox 600 4455 871 4513; x_wconf 86' lang='lat' dir='ltr'>Versutia.</span> <span class='ocrx_word' id='word_1_337' title='bbox 908 4481 932 4504; x_wconf 77' lang='grc' dir='ltr'>ιν</span> <span class='ocrx_word' id='word_1_338' title='bbox 961 4462 1174 4520; x_wconf 90' lang='lat' dir='ltr'>Insidiis</span> <span class='ocrx_word' id='word_1_339' title='bbox 1203 4482 1331 4539; x_wconf 88' lang='lat' dir='ltr'>erga</span> <span class='ocrx_word' id='word_1_340' title='bbox 1373 4472 1709 4541; x_wconf 87' lang='lat' dir='ltr'>proximum.</span> 
     </span>
    </p>
   </div>
   <div class='ocr_carea' id='block_1_50' title="bbox 533 4546 2053 4641">
    <p class='ocr_par' dir='ltr' id='par_1_50' title="bbox 533 4546 2053 4641">
     <span class='ocr_line' id='line_1_50' title="bbox 533 4546 2053 4641; baseline 0.018 -43"><span class='ocrx_word' id='word_1_341' title='bbox 533 4567 558 4592; x_wconf 77' lang='grc' dir='ltr'>«ι</span> <span class='ocrx_word' id='word_1_342' title='bbox 617 4546 878 4602; x_wconf 81' lang='lat' dir='ltr'>Avaritia.</span> <span class='ocrx_word' id='word_1_343' title='bbox 933 4570 960 4599; x_wconf 84' lang='lat'><strong>»</strong></span> <span class='ocrx_word' id='word_1_344' title='bbox 1010 4553 1371 4614; x_wconf 91' lang='lat' dir='ltr'>Pecuniarum</span> <span class='ocrx_word' id='word_1_345' title='bbox 1423 4570 1479 4618; x_wconf 88' lang='lat' dir='ltr'>et</span> <span class='ocrx_word' id='word_1_346' title='bbox 1525 4562 1849 4623; x_wconf 90' lang='lat' dir='ltr'>facultatum</span> <span class='ocrx_word' id='word_1_347' title='bbox 1893 4569 2053 4641; x_wconf 92' lang='lat' dir='ltr'>cupi-</span> 
     </span>
    </p>
   </div>
   <div class='ocr_carea' id='block_1_51' title="bbox 458 4633 652 4690">
    <p class='ocr_par' dir='ltr' id='par_1_51' title="bbox 458 4633 652 4690">
     <span class='ocr_line' id='line_1_51' title="bbox 458 4633 652 4690; baseline -0.005 -1"><span class='ocrx_word' id='word_1_348' title='bbox 458 4633 652 4690; x_wconf 90' lang='lat' dir='ltr'>ditate.</span> 
     </span>
    </p>
   </div>
   <div class='ocr_carea' id='block_1_52' title="bbox 535 4732 1475 4804">
    <p class='ocr_par' dir='ltr' id='par_1_52' title="bbox 535 4732 1475 4804">
     <span class='ocr_line' id='line_1_52' title="bbox 535 4732 1475 4804; baseline 0.013 -19"><span class='ocrx_word' id='word_1_349' title='bbox 535 4751 560 4777; x_wconf 75' lang='grc' dir='ltr'>α</span> <span class='ocrx_word' id='word_1_350' title='bbox 593 4732 866 4804; x_wconf 90' lang='lat' dir='ltr'>Nequitia.</span> <span class='ocrx_word' id='word_1_351' title='bbox 891 4756 920 4787; x_wconf 83' lang='lat'><strong>»</strong></span> <span class='ocrx_word' id='word_1_352' title='bbox 951 4735 1226 4793; x_wconf 64' lang='lat' dir='ltr'>Vindictae</span> <span class='ocrx_word' id='word_1_353' title='bbox 1250 4736 1475 4797; x_wconf 85' lang='lat' dir='ltr'>affectu.</span> 
     </span>
    </p>
   </div>
   <div class='ocr_carea' id='block_1_53' title="bbox 533 4815 2053 4908">
    <p class='ocr_par' dir='ltr' id='par_1_53' title="bbox 533 4815 2053 4908">
     <span class='ocr_line' id='line_1_53' title="bbox 533 4815 2053 4908; baseline 0.014 -34"><span class='ocrx_word' id='word_1_354' title='bbox 533 4815 560 4866; x_wconf 72' lang='grc' dir='ltr'><strong>ἆ</strong></span> <span class='ocrx_word' id='word_1_355' title='bbox 617 4821 816 4879; x_wconf 84' lang='lat' dir='ltr'>Plenos</span> <span class='ocrx_word' id='word_1_356' title='bbox 846 4824 1070 4890; x_wconf 82' lang='lat' dir='ltr'>invidia,</span> <span class='ocrx_word' id='word_1_357' title='bbox 1122 4825 1442 4886; x_wconf 91' lang='lat' dir='ltr'>homicidio.</span> <span class='ocrx_word' id='word_1_358' title='bbox 1520 4854 1546 4879; x_wconf 81' lang='grc'><strong>»</strong></span> <span class='ocrx_word' id='word_1_359' title='bbox 1599 4835 1898 4908; x_wconf 84' lang='lat' dir='ltr'>Nunquam</span> <span class='ocrx_word' id='word_1_360' title='bbox 1940 4853 2053 4894; x_wconf 91' lang='lat' dir='ltr'>non</span> 
     </span>
    </p>
   </div>
   <div class='ocr_carea' id='block_1_54' title="bbox 459 4905 2054 4984">
    <p class='ocr_par' dir='ltr' id='par_1_54' title="bbox 459 4905 2054 4984">
     <span class='ocr_line' id='line_1_54' title="bbox 459 4905 2054 4984; baseline 0.014 -23"><span class='ocrx_word' id='word_1_361' title='bbox 459 4905 819 4968; x_wconf 90' lang='lat' dir='ltr'>homicidium</span> <span class='ocrx_word' id='word_1_362' title='bbox 869 4921 954 4970; x_wconf 89' lang='lat' dir='ltr'>est</span> <span class='ocrx_word' id='word_1_363' title='bbox 977 4930 1042 4970; x_wconf 88' lang='lat' dir='ltr'>ex</span> <span class='ocrx_word' id='word_1_364' title='bbox 1081 4914 1306 4973; x_wconf 88' lang='lat' dir='ltr'>invidia.</span> <span class='ocrx_word' id='word_1_365' title='bbox 1346 4918 1437 4974; x_wconf 91' lang='lat' dir='ltr'>Sic</span> <span class='ocrx_word' id='word_1_366' title='bbox 1462 4919 1601 4977; x_wconf 84' lang='lat' dir='ltr'>Abel</span> <span class='ocrx_word' id='word_1_367' title='bbox 1633 4905 1840 4982; x_wconf 74' lang='lat' dir='ltr'>invisus</span> <span class='ocrx_word' id='word_1_368' title='bbox 1881 4926 2054 4984; x_wconf 90' lang='lat' dir='ltr'>Caino</span> 
     </span>
    </p>
   </div>
   <div class='ocr_carea' id='block_1_55' title="bbox 457 4995 2055 5083">
    <p class='ocr_par' dir='ltr' id='par_1_55' title="bbox 457 4995 2055 5083">
     <span class='ocr_line' id='line_1_55' title="bbox 457 4995 2055 5083; baseline 0.014 -31"><span class='ocrx_word' id='word_1_369' title='bbox 457 4995 734 5070; x_wconf 89' lang='lat' dir='ltr'>redditus,</span> <span class='ocrx_word' id='word_1_370' title='bbox 781 5003 993 5060; x_wconf 89' lang='lat' dir='ltr'>occisus</span> <span class='ocrx_word' id='word_1_371' title='bbox 1042 5011 1126 5060; x_wconf 88' lang='lat' dir='ltr'>est</span> <span class='ocrx_word' id='word_1_372' title='bbox 1158 5015 1205 5074; x_wconf 83' lang='lat'>&#39;,</span> <span class='ocrx_word' id='word_1_373' title='bbox 1273 5015 1330 5063; x_wconf 87' lang='lat' dir='ltr'>et</span> <span class='ocrx_word' id='word_1_374' title='bbox 1383 5011 1590 5083; x_wconf 82' lang='lat' dir='ltr'>Ioseph</span> <span class='ocrx_word' id='word_1_375' title='bbox 1653 5014 2055 5075; x_wconf 87' lang='lat' dir='ltr'>interimendus</span> 
     </span>
    </p>
   </div>
   <div class='ocr_carea' id='block_1_56' title="bbox 459 5096 597 5145">
    <p class='ocr_par' dir='ltr' id='par_1_56' title="bbox 459 5096 597 5145">
     <span class='ocr_line' id='line_1_56' title="bbox 459 5096 597 5145; baseline 0.014 -2"><span class='ocrx_word' id='word_1_376' title='bbox 459 5096 597 5145; x_wconf 90' lang='lat' dir='ltr'>erat.</span> 
     </span>
    </p>
   </div>
   <div class='ocr_carea' id='block_1_57' title="bbox 531 5180 2055 5255">
    <p class='ocr_par' dir='ltr' id='par_1_57' title="bbox 531 5180 2055 5255">
     <span class='ocr_line' id='line_1_57' title="bbox 531 5180 2055 5255; baseline 0.013 -20"><span class='ocrx_word' id='word_1_377' title='bbox 531 5201 555 5226; x_wconf 72' lang='grc' dir='ltr'>α</span> <span class='ocrx_word' id='word_1_378' title='bbox 604 5180 985 5253; x_wconf 91' lang='lat' dir='ltr'>Contentione,</span> <span class='ocrx_word' id='word_1_379' title='bbox 1026 5183 1175 5242; x_wconf 93' lang='lat' dir='ltr'>dolo.</span> <span class='ocrx_word' id='word_1_380' title='bbox 1221 5209 1247 5236; x_wconf 67' lang='grc' dir='ltr'>π</span> <span class='ocrx_word' id='word_1_381' title='bbox 1281 5190 1359 5243; x_wconf 79' lang='lat' dir='ltr'><strong>Ex</strong></span> <span class='ocrx_word' id='word_1_382' title='bbox 1386 5187 1583 5247; x_wconf 89' lang='lat' dir='ltr'>invidia</span> <span class='ocrx_word' id='word_1_383' title='bbox 1622 5193 1768 5251; x_wconf 90' lang='lat' dir='ltr'>etiis</span> <span class='ocrx_word' id='word_1_384' title='bbox 1795 5203 1851 5252; x_wconf 90' lang='lat' dir='ltr'>et</span> <span class='ocrx_word' id='word_1_385' title='bbox 1892 5195 2055 5255; x_wconf 87' lang='lat' dir='ltr'>dolus</span> 
     </span>
    </p>
   </div>
   <div class='ocr_carea' id='block_1_58' title="bbox 455 5268 1765 5349">
    <p class='ocr_par' dir='ltr' id='par_1_58' title="bbox 455 5268 1765 5349">
     <span class='ocr_line' id='line_1_58' title="bbox 455 5268 1765 5349; baseline 0.013 -26"><span class='ocrx_word' id='word_1_386' title='bbox 455 5268 750 5339; x_wconf 88' lang='lat' dir='ltr'>prodeunt,</span> <span class='ocrx_word' id='word_1_387' title='bbox 782 5273 851 5330; x_wconf 91' lang='lat' dir='ltr'>ad</span> <span class='ocrx_word' id='word_1_388' title='bbox 884 5274 1178 5346; x_wconf 88' lang='lat' dir='ltr'>perniciem</span> <span class='ocrx_word' id='word_1_389' title='bbox 1209 5276 1324 5349; x_wconf 89' lang='lat' dir='ltr'>ejus</span> <span class='ocrx_word' id='word_1_390' title='bbox 1353 5279 1440 5334; x_wconf 91' lang='lat' dir='ltr'>cui</span> <span class='ocrx_word' id='word_1_391' title='bbox 1471 5279 1765 5340; x_wconf 91' lang='lat' dir='ltr'>invidetur.</span> 
     </span>
    </p>
   </div>
   <div class='ocr_carea' id='block_1_59' title="bbox 523 5361 2053 5452">
    <p class='ocr_par' dir='ltr' id='par_1_59' title="bbox 523 5361 2053 5452">
     <span class='ocr_line' id='line_1_59' title="bbox 523 5361 2053 5452; baseline 0.015 -38"><span class='ocrx_word' id='word_1_392' title='bbox 523 5380 549 5406; x_wconf 75' lang='grc' dir='ltr'>α</span> <span class='ocrx_word' id='word_1_393' title='bbox 585 5361 946 5434; x_wconf 87' lang='lat' dir='ltr'>Malignitate.</span> <span class='ocrx_word' id='word_1_394' title='bbox 983 5386 1009 5414; x_wconf 70' lang='grc' dir='ltr'>ι)</span> <span class='ocrx_word' id='word_1_395' title='bbox 1056 5363 1335 5424; x_wconf 88' lang='lat' dir='ltr'>Profunde</span> <span class='ocrx_word' id='word_1_396' title='bbox 1359 5369 1631 5429; x_wconf 89' lang='lat' dir='ltr'>occultata</span> <span class='ocrx_word' id='word_1_397' title='bbox 1672 5374 1901 5448; x_wconf 90' lang='lat' dir='ltr'>malitia,</span> <span class='ocrx_word' id='word_1_398' title='bbox 1927 5393 2053 5452; x_wconf 78' lang='lat' dir='ltr'>quae</span> 
     </span>
    </p>
   </div>
   <div class='ocr_carea' id='block_1_60' title="bbox 455 5443 1284 5522">
    <p class='ocr_par' dir='ltr' id='par_1_60' title="bbox 455 5443 1284 5522">
     <span class='ocr_line' id='line_1_60' title="bbox 455 5443 1284 5522; baseline 0.013 -21"><span class='ocrx_word' id='word_1_399' title='bbox 455 5443 700 5506; x_wconf 87' lang='lat' dir='ltr'>bonitate</span> <span class='ocrx_word' id='word_1_400' title='bbox 723 5451 961 5522; x_wconf 91' lang='lat' dir='ltr'>quadam</span> <span class='ocrx_word' id='word_1_401' title='bbox 991 5453 1063 5509; x_wconf 90' lang='lat' dir='ltr'>sit</span> <span class='ocrx_word' id='word_1_402' title='bbox 1091 5453 1284 5512; x_wconf 89' lang='lat' dir='ltr'>oblita.</span> 
     </span>
    </p>
   </div>
   <div class='ocr_carea' id='block_1_61' title="bbox 526 5543 961 5615">
    <p class='ocr_par' dir='ltr' id='par_1_61' title="bbox 526 5543 961 5615">
     <span class='ocr_line' id='line_1_61' title="bbox 526 5543 961 5615; baseline 0.011 -16"><span class='ocrx_word' id='word_1_403' title='bbox 526 5551 552 5578; x_wconf 82' lang='lat'>&#39;</span> <span class='ocrx_word' id='word_1_404' title='bbox 587 5543 728 5600; x_wconf 87' lang='lat' dir='ltr'>Gen.</span> <span class='ocrx_word' id='word_1_405' title='bbox 756 5562 838 5615; x_wconf 79' lang='lat' dir='ltr'>Iv,</span> <span class='ocrx_word' id='word_1_406' title='bbox 871 5550 961 5604; x_wconf 86' lang='lat'>37.</span> 
     </span>
    </p>
   </div>
   <div class='ocr_carea' id='block_1_62' title="bbox 2084 4491 2132 4554">
    <p class='ocr_par' dir='ltr' id='par_1_62' title="bbox 2084 4491 2132 4554">
     <span class='ocr_line' id='line_1_62' title="bbox 2084 4491 2132 4554; baseline 0 0"><span class='ocrx_word' id='word_1_407' title='bbox 2084 4491 2132 4554; x_wconf 92' lang='lat' dir='ltr'>D</span> 
     </span>
    </p>
   </div>
   <div class='ocr_carea' id='block_1_63' title="bbox 2189 615 3788 703">
    <p class='ocr_par' dir='ltr' id='par_1_63' title="bbox 2189 615 3788 703">
     <span class='ocr_line' id='line_1_63' title="bbox 2189 615 3788 703; baseline 0.004 -25"><span class='ocrx_word' id='word_1_408' title='bbox 2189 624 2430 701; x_wconf 89' lang='grc' dir='ltr'>θαρσίας.</span> <span class='ocrx_word' id='word_1_409' title='bbox 2470 624 2629 703; x_wconf 83' lang='grc' dir='ltr'><strong>Λέγει</strong></span> <span class='ocrx_word' id='word_1_410' title='bbox 2674 626 2728 683; x_wconf 80' lang='grc' dir='ltr'>δὲ</span> <span class='ocrx_word' id='word_1_411' title='bbox 2761 631 2914 684; x_wconf 83' lang='grc' dir='ltr'>τοῦτο</span> <span class='ocrx_word' id='word_1_412' title='bbox 2962 629 2990 682; x_wconf 99' lang='lat'>6</span> <span class='ocrx_word' id='word_1_413' title='bbox 3021 627 3264 696; x_wconf 87' lang='grc' dir='ltr'>Παῦλος,</span> <span class='ocrx_word' id='word_1_414' title='bbox 3313 615 3399 684; x_wconf 68' lang='grc' dir='ltr'>οἶα</span> <span class='ocrx_word' id='word_1_415' title='bbox 3430 624 3596 700; x_wconf 85' lang='grc' dir='ltr'>μήπω</span> <span class='ocrx_word' id='word_1_416' title='bbox 3631 626 3788 685; x_wconf 87' lang='grc' dir='ltr'>δυνά-</span> 
     </span>
    </p>
   </div>
   <div class='ocr_carea' id='block_1_64' title="bbox 2188 713 3786 810">
    <p class='ocr_par' dir='ltr' id='par_1_64' title="bbox 2188 713 3786 810">
     <span class='ocr_line' id='line_1_64' title="bbox 2188 713 3786 810; baseline 0.003 -41"><span class='ocrx_word' id='word_1_417' title='bbox 2188 734 2339 786; x_wconf 89' lang='grc' dir='ltr'>μενος</span> <span class='ocrx_word' id='word_1_418' title='bbox 2370 713 2559 781; x_wconf 80' lang='grc' dir='ltr'>αὐτοὺς</span> <span class='ocrx_word' id='word_1_419' title='bbox 2599 724 2782 775; x_wconf 86' lang='grc' dir='ltr'>πεῖσαι</span> <span class='ocrx_word' id='word_1_420' title='bbox 2803 714 2874 789; x_wconf 80' lang='grc'>⁵²,</span> <span class='ocrx_word' id='word_1_421' title='bbox 2906 715 2984 773; x_wconf 76' lang='grc' dir='ltr'>ὅτι</span> <span class='ocrx_word' id='word_1_422' title='bbox 3016 718 3127 773; x_wconf 84' lang='grc' dir='ltr'>ἔστι</span> <span class='ocrx_word' id='word_1_423' title='bbox 3171 715 3377 791; x_wconf 85' lang='grc' dir='ltr'>γέεννα.</span> <span class='ocrx_word' id='word_1_424' title='bbox 3415 715 3595 786; x_wconf 81' lang='grc' dir='ltr'>Αὐτὴν</span> <span class='ocrx_word' id='word_1_425' title='bbox 3647 714 3786 810; x_wconf 36' lang='grc' dir='ltr'>γκὰρ,</span> 
     </span>
    </p>
   </div>
   <div class='ocr_carea' id='block_1_65' title="bbox 2187 802 3784 884">
    <p class='ocr_par' dir='ltr' id='par_1_65' title="bbox 2187 802 3784 884">
     <span class='ocr_line' id='line_1_65' title="bbox 2187 802 3784 884; baseline 0.004 -26"><span class='ocrx_word' id='word_1_426' title='bbox 2187 802 2348 881; x_wconf 80' lang='grc' dir='ltr'>φησὶ,</span> <span class='ocrx_word' id='word_1_427' title='bbox 2399 803 2494 875; x_wconf 74' lang='grc' dir='ltr'>τὴν</span> <span class='ocrx_word' id='word_1_428' title='bbox 2549 807 2848 884; x_wconf 82' lang='grc' dir='ltr'>ἀκάθαρτον</span> <span class='ocrx_word' id='word_1_429' title='bbox 2896 805 3122 884; x_wconf 80' lang='grc' dir='ltr'>πρᾶξιν,</span> <span class='ocrx_word' id='word_1_430' title='bbox 3173 803 3392 863; x_wconf 82' lang='grc' dir='ltr'>κόλασιν</span> <span class='ocrx_word' id='word_1_431' title='bbox 3429 807 3606 872; x_wconf 80' lang='grc' dir='ltr'>αὐτοῖς</span> <span class='ocrx_word' id='word_1_432' title='bbox 3649 802 3784 865; x_wconf 72' lang='grc' dir='ltr'>εἶναι</span> 
     </span>
    </p>
   </div>
   <div class='ocr_carea' id='block_1_66' title="bbox 2187 890 3636 974">
    <p class='ocr_par' dir='ltr' id='par_1_66' title="bbox 2187 890 3636 974">
     <span class='ocr_line' id='line_1_66' title="bbox 2187 890 3636 974; baseline 0.003 -26"><span class='ocrx_word' id='word_1_433' title='bbox 2187 890 2436 964; x_wconf 87' lang='grc' dir='ltr'>πίστευε,</span> <span class='ocrx_word' id='word_1_434' title='bbox 2470 893 2618 974; x_wconf 85' lang='grc' dir='ltr'>εἴπερ</span> <span class='ocrx_word' id='word_1_435' title='bbox 2647 896 2887 961; x_wconf 78' lang='grc' dir='ltr'>ἀπιστεῖς</span> <span class='ocrx_word' id='word_1_436' title='bbox 2913 896 3018 961; x_wconf 88' lang='grc' dir='ltr'>τοῖς</span> <span class='ocrx_word' id='word_1_437' title='bbox 3055 893 3173 974; x_wconf 71' lang='grc' dir='ltr'>περὶ</span> <span class='ocrx_word' id='word_1_438' title='bbox 3208 894 3418 972; x_wconf 86' lang='grc' dir='ltr'>γεέννης</span> <span class='ocrx_word' id='word_1_439' title='bbox 3442 895 3636 972; x_wconf 89' lang='grc' dir='ltr'>λόγοις.</span> 
     </span>
    </p>
   </div>
   <div class='ocr_carea' id='block_1_67' title="bbox 2271 982 3786 1064">
    <p class='ocr_par' dir='ltr' id='par_1_67' title="bbox 2271 982 3786 1064">
     <span class='ocr_line' id='line_1_67' title="bbox 2271 982 3786 1064; baseline 0.005 -26"><span class='ocrx_word' id='word_1_440' title='bbox 2271 1003 2298 1038; x_wconf 73' lang='grc' dir='ltr'>α</span> <span class='ocrx_word' id='word_1_441' title='bbox 2335 982 2442 1042; x_wconf 85' lang='grc' dir='ltr'>Καὶ</span> <span class='ocrx_word' id='word_1_442' title='bbox 2498 983 2671 1050; x_wconf 86' lang='grc' dir='ltr'>καθὼς</span> <span class='ocrx_word' id='word_1_443' title='bbox 2705 987 2798 1042; x_wconf 77' lang='grc' dir='ltr'>οὐκ</span> <span class='ocrx_word' id='word_1_444' title='bbox 2854 985 3182 1060; x_wconf 79' lang='grc' dir='ltr'>ἐδοκίμασαν</span> <span class='ocrx_word' id='word_1_445' title='bbox 3241 982 3330 1043; x_wconf 87' lang='grc' dir='ltr'>τὸν</span> <span class='ocrx_word' id='word_1_446' title='bbox 3387 985 3500 1043; x_wconf 87' lang='grc' dir='ltr'>θεὸν</span> <span class='ocrx_word' id='word_1_447' title='bbox 3549 984 3692 1064; x_wconf 77' lang='grc' dir='ltr'>ἔχειν</span> <span class='ocrx_word' id='word_1_448' title='bbox 3728 991 3786 1046; x_wconf 88' lang='grc' dir='ltr'>ἐν</span> 
     </span>
    </p>
   </div>
   <div class='ocr_carea' id='block_1_68' title="bbox 2187 1072 3781 1152">
    <p class='ocr_par' dir='ltr' id='par_1_68' title="bbox 2187 1072 3781 1152">
     <span class='ocr_line' id='line_1_68' title="bbox 2187 1072 3781 1152; baseline 0.004 -23"><span class='ocrx_word' id='word_1_449' title='bbox 2187 1072 2498 1150; x_wconf 82' lang='grc' dir='ltr'>ἐπιγνώσει,</span> <span class='ocrx_word' id='word_1_450' title='bbox 2546 1073 2855 1149; x_wconf 85' lang='grc' dir='ltr'>παρέδωκεν</span> <span class='ocrx_word' id='word_1_451' title='bbox 2908 1073 3100 1142; x_wconf 74' lang='grc' dir='ltr'>αὐτοὺς</span> <span class='ocrx_word' id='word_1_452' title='bbox 3148 1077 3177 1131; x_wconf 92' lang='lat'>6</span> <span class='ocrx_word' id='word_1_453' title='bbox 3229 1074 3366 1140; x_wconf 81' lang='grc' dir='ltr'>Θεὸς</span> <span class='ocrx_word' id='word_1_454' title='bbox 3411 1075 3482 1140; x_wconf 82' lang='grc' dir='ltr'>εἷς</span> <span class='ocrx_word' id='word_1_455' title='bbox 3527 1075 3781 1152; x_wconf 76' lang='grc' dir='ltr'>ἀδόκιμον</span> 
     </span>
    </p>
   </div>
   <div class='ocr_carea' id='block_1_69' title="bbox 2187 1161 3787 1243">
    <p class='ocr_par' dir='ltr' id='par_1_69' title="bbox 2187 1161 3787 1243">
     <span class='ocr_line' id='line_1_69' title="bbox 2187 1161 3787 1243; baseline 0.003 -25"><span class='ocrx_word' id='word_1_456' title='bbox 2187 1168 2302 1219; x_wconf 87' lang='grc' dir='ltr'>νοῦν</span> <span class='ocrx_word' id='word_1_457' title='bbox 2323 1208 2338 1234; x_wconf 91' lang='grc'>,</span> <span class='ocrx_word' id='word_1_458' title='bbox 2376 1170 2546 1222; x_wconf 87' lang='grc' dir='ltr'>ποιεῖν</span> <span class='ocrx_word' id='word_1_459' title='bbox 2577 1161 2645 1221; x_wconf 79' lang='grc' dir='ltr'>τὰ</span> <span class='ocrx_word' id='word_1_460' title='bbox 2691 1162 2767 1237; x_wconf 81' lang='grc' dir='ltr'>μὴ</span> <span class='ocrx_word' id='word_1_461' title='bbox 2797 1162 3122 1234; x_wconf 81' lang='grc' dir='ltr'>καθήκοντα.</span> <span class='ocrx_word' id='word_1_462' title='bbox 3163 1189 3186 1216; x_wconf 73' lang='grc' dir='ltr'><strong><em>ι</em></strong></span> <span class='ocrx_word' id='word_1_463' title='bbox 3219 1161 3353 1224; x_wconf 79' lang='grc' dir='ltr'>Ἰδοὺ</span> <span class='ocrx_word' id='word_1_464' title='bbox 3389 1165 3446 1221; x_wconf 84' lang='grc' dir='ltr'>ἐκ</span> <span class='ocrx_word' id='word_1_465' title='bbox 3473 1170 3652 1243; x_wconf 86' lang='grc' dir='ltr'>τρίτου</span> <span class='ocrx_word' id='word_1_466' title='bbox 3691 1172 3787 1239; x_wconf 83' lang='grc' dir='ltr'>τῆς</span> 
     </span>
    </p>
   </div>
   <div class='ocr_carea' id='block_1_70' title="bbox 2187 1251 3788 1335">
    <p class='ocr_par' dir='ltr' id='par_1_70' title="bbox 2187 1251 3788 1335">
     <span class='ocr_line' id='line_1_70' title="bbox 2187 1251 3788 1335; baseline 0.004 -28"><span class='ocrx_word' id='word_1_467' title='bbox 2187 1251 2348 1323; x_wconf 79' lang='grc' dir='ltr'>αὐτῆς</span> <span class='ocrx_word' id='word_1_468' title='bbox 2396 1251 2594 1318; x_wconf 81' lang='grc' dir='ltr'>ἐννοίας</span> <span class='ocrx_word' id='word_1_469' title='bbox 2615 1253 2668 1291; x_wconf 76' lang='grc'><strong>⁵³</strong></span> <span class='ocrx_word' id='word_1_470' title='bbox 2701 1252 2972 1329; x_wconf 78' lang='grc' dir='ltr'>ἐμνήσθη,</span> <span class='ocrx_word' id='word_1_471' title='bbox 3023 1253 3112 1311; x_wconf 73' lang='grc' dir='ltr'>καὶ</span> <span class='ocrx_word' id='word_1_472' title='bbox 3156 1257 3223 1330; x_wconf 77' lang='grc' dir='ltr'>τῇ</span> <span class='ocrx_word' id='word_1_473' title='bbox 3275 1257 3410 1332; x_wconf 83' lang='grc' dir='ltr'>αὐτῇ</span> <span class='ocrx_word' id='word_1_474' title='bbox 3445 1251 3583 1320; x_wconf 82' lang='grc' dir='ltr'>λέξει</span> <span class='ocrx_word' id='word_1_475' title='bbox 3625 1256 3788 1335; x_wconf 83' lang='grc' dir='ltr'>ἐχρή-</span> 
     </span>
    </p>
   </div>
   <div class='ocr_carea' id='block_1_71' title="bbox 2184 1341 3787 1423">
    <p class='ocr_par' dir='ltr' id='par_1_71' title="bbox 2184 1341 3787 1423">
     <span class='ocr_line' id='line_1_71' title="bbox 2184 1341 3787 1423; baseline 0.002 -25"><span class='ocrx_word' id='word_1_476' title='bbox 2184 1362 2337 1414; x_wconf 86' lang='grc' dir='ltr'>σατο,</span> <span class='ocrx_word' id='word_1_477' title='bbox 2371 1362 2400 1398; x_wconf 78' lang='grc' dir='ltr'>ι)</span> <span class='ocrx_word' id='word_1_478' title='bbox 2443 1341 2762 1420; x_wconf 86' lang='grc' dir='ltr'>Παρέδωκεν</span> <span class='ocrx_word' id='word_1_479' title='bbox 2782 1388 2798 1415; x_wconf 84' lang='grc'>,</span> <span class='ocrx_word' id='word_1_480' title='bbox 2823 1369 2846 1395; x_wconf 76' lang='grc' dir='ltr'>ι»</span> <span class='ocrx_word' id='word_1_481' title='bbox 2871 1342 3052 1403; x_wconf 82' lang='grc' dir='ltr'>εἰπών.</span> <span class='ocrx_word' id='word_1_482' title='bbox 3090 1345 3381 1422; x_wconf 86' lang='grc' dir='ltr'>Πανταχοῦ</span> <span class='ocrx_word' id='word_1_483' title='bbox 3419 1342 3474 1400; x_wconf 86' lang='grc' dir='ltr'>δὲ</span> <span class='ocrx_word' id='word_1_484' title='bbox 3505 1347 3600 1414; x_wconf 75' lang='grc' dir='ltr'>τῆς</span> <span class='ocrx_word' id='word_1_485' title='bbox 3626 1347 3787 1423; x_wconf 84' lang='grc' dir='ltr'>ἐγκα-</span> 
     </span>
    </p>
   </div>
   <div class='ocr_carea' id='block_1_72' title="bbox 2187 1429 3784 1513">
    <p class='ocr_par' dir='ltr' id='par_1_72' title="bbox 2187 1429 3784 1513">
     <span class='ocr_line' id='line_1_72' title="bbox 2187 1429 3784 1513; baseline 0.004 -27"><span class='ocrx_word' id='word_1_486' title='bbox 2187 1429 2475 1510; x_wconf 80' lang='grc' dir='ltr'>ταλείψεως</span> <span class='ocrx_word' id='word_1_487' title='bbox 2503 1436 2592 1491; x_wconf 86' lang='grc' dir='ltr'>τοῦ</span> <span class='ocrx_word' id='word_1_488' title='bbox 2625 1434 2768 1492; x_wconf 83' lang='grc' dir='ltr'>Θεοῦ</span> <span class='ocrx_word' id='word_1_489' title='bbox 2814 1431 3022 1504; x_wconf 83' lang='grc' dir='ltr'>αἰτίαν,</span> <span class='ocrx_word' id='word_1_490' title='bbox 3067 1434 3162 1505; x_wconf 85' lang='grc' dir='ltr'>τὴν</span> <span class='ocrx_word' id='word_1_491' title='bbox 3198 1437 3302 1491; x_wconf 80' lang='grc' dir='ltr'>τῶν</span> <span class='ocrx_word' id='word_1_492' title='bbox 3336 1431 3627 1513; x_wconf 79' lang='grc' dir='ltr'>ἀνθρώπων</span> <span class='ocrx_word' id='word_1_493' title='bbox 3659 1436 3784 1492; x_wconf 82' lang='grc' dir='ltr'>ἀσε-</span> 
     </span>
    </p>
   </div>
   <div class='ocr_carea' id='block_1_73' title="bbox 2186 1509 3784 1601">
    <p class='ocr_par' dir='ltr' id='par_1_73' title="bbox 2186 1509 3784 1601">
     <span class='ocr_line' id='line_1_73' title="bbox 2186 1509 3784 1601; baseline 0.004 -25"><span class='ocrx_word' id='word_1_494' title='bbox 2186 1509 2500 1578; x_wconf 16' lang='grc' dir='ltr'>ϐειανίεῖναι</span> <span class='ocrx_word' id='word_1_495' title='bbox 2547 1521 2719 1597; x_wconf 82' lang='grc' dir='ltr'>λέγει,</span> <span class='ocrx_word' id='word_1_496' title='bbox 2763 1520 2945 1601; x_wconf 76' lang='grc' dir='ltr'>ὥσπερ</span> <span class='ocrx_word' id='word_1_497' title='bbox 2989 1513 3077 1580; x_wconf 71' lang='grc' dir='ltr'>οῦν</span> <span class='ocrx_word' id='word_1_498' title='bbox 3115 1521 3207 1580; x_wconf 79' lang='grc' dir='ltr'>καὶ</span> <span class='ocrx_word' id='word_1_499' title='bbox 3241 1530 3351 1582; x_wconf 90' lang='grc' dir='ltr'>νῦν.</span> <span class='ocrx_word' id='word_1_500' title='bbox 3406 1547 3430 1574; x_wconf 72' lang='grc' dir='ltr'>α</span> <span class='ocrx_word' id='word_1_501' title='bbox 3465 1521 3655 1589; x_wconf 84' lang='grc' dir='ltr'>Καθὼς</span> <span class='ocrx_word' id='word_1_502' title='bbox 3686 1525 3784 1583; x_wconf 81' lang='grc' dir='ltr'>οὐκ</span> 
     </span>
    </p>
   </div>
   <div class='ocr_carea' id='block_1_74' title="bbox 2185 1609 3782 1693">
    <p class='ocr_par' dir='ltr' id='par_1_74' title="bbox 2185 1609 3782 1693">
     <span class='ocr_line' id='line_1_74' title="bbox 2185 1609 3782 1693; baseline 0.001 -26"><span class='ocrx_word' id='word_1_503' title='bbox 2185 1609 2515 1685; x_wconf 80' lang='grc' dir='ltr'>ἐδοκίμασαν</span> <span class='ocrx_word' id='word_1_504' title='bbox 2562 1610 2648 1668; x_wconf 88' lang='grc' dir='ltr'>τὸν</span> <span class='ocrx_word' id='word_1_505' title='bbox 2684 1611 2826 1671; x_wconf 83' lang='grc' dir='ltr'>Θεὸν</span> <span class='ocrx_word' id='word_1_506' title='bbox 2856 1611 2998 1691; x_wconf 85' lang='grc' dir='ltr'>ἔχειν</span> <span class='ocrx_word' id='word_1_507' title='bbox 3043 1614 3097 1670; x_wconf 82' lang='grc' dir='ltr'>ἓν</span> <span class='ocrx_word' id='word_1_508' title='bbox 3126 1611 3440 1689; x_wconf 84' lang='grc' dir='ltr'>ἐπιγνώσει,</span> <span class='ocrx_word' id='word_1_509' title='bbox 3472 1614 3782 1693; x_wconf 87' lang='grc' dir='ltr'>παρέδωκεν</span> 
     </span>
    </p>
   </div>
   <div class='ocr_carea' id='block_1_75' title="bbox 2185 1698 3787 1783">
    <p class='ocr_par' dir='ltr' id='par_1_75' title="bbox 2185 1698 3787 1783">
     <span class='ocr_line' id='line_1_75' title="bbox 2185 1698 3787 1783; baseline 0.004 -27"><span class='ocrx_word' id='word_1_510' title='bbox 2185 1698 2373 1767; x_wconf 79' lang='grc' dir='ltr'>αὐτοὺς</span> <span class='ocrx_word' id='word_1_511' title='bbox 2398 1703 2470 1766; x_wconf 86' lang='grc' dir='ltr'>εἰς</span> <span class='ocrx_word' id='word_1_512' title='bbox 2493 1699 2560 1757; x_wconf 79' lang='grc' dir='ltr'>τὰ</span> <span class='ocrx_word' id='word_1_513' title='bbox 2586 1701 2754 1772; x_wconf 84' lang='grc' dir='ltr'>πάθη.</span> <span class='ocrx_word' id='word_1_514' title='bbox 2783 1727 2805 1754; x_wconf 71' lang='grc' dir='ltr'>ν</span> <span class='ocrx_word' id='word_1_515' title='bbox 2832 1704 2950 1762; x_wconf 79' lang='grc' dir='ltr'>Οὔκ</span> <span class='ocrx_word' id='word_1_516' title='bbox 2976 1705 3187 1783; x_wconf 77' lang='grc' dir='ltr'>ἀγνοίας</span> <span class='ocrx_word' id='word_1_517' title='bbox 3204 1747 3219 1774; x_wconf 87' lang='grc'>,</span> <span class='ocrx_word' id='word_1_518' title='bbox 3254 1702 3414 1783; x_wconf 75' lang='grc' dir='ltr'>φησὶν</span> <span class='ocrx_word' id='word_1_519' title='bbox 3431 1746 3447 1777; x_wconf 86' lang='grc'>,</span> <span class='ocrx_word' id='word_1_520' title='bbox 3473 1701 3611 1759; x_wconf 78' lang='grc' dir='ltr'>ἀλλὰ</span> <span class='ocrx_word' id='word_1_521' title='bbox 3634 1702 3787 1776; x_wconf 79' lang='grc' dir='ltr'>μελέ-</span> 
     </span>
    </p>
   </div>
   <div class='ocr_carea' id='block_1_76' title="bbox 2184 1781 3783 1869">
    <p class='ocr_par' dir='ltr' id='par_1_76' title="bbox 2184 1781 3783 1869">
     <span class='ocr_line' id='line_1_76' title="bbox 2184 1781 3783 1869; baseline 0.002 -23"><span class='ocrx_word' id='word_1_522' title='bbox 2184 1812 2305 1861; x_wconf 84' lang='grc' dir='ltr'>της,</span> <span class='ocrx_word' id='word_1_523' title='bbox 2337 1793 2371 1860; x_wconf 87' lang='grc' dir='ltr'>ἡ</span> <span class='ocrx_word' id='word_1_524' title='bbox 2407 1790 2478 1855; x_wconf 83' lang='grc' dir='ltr'>εἷς</span> <span class='ocrx_word' id='word_1_525' title='bbox 2508 1788 2647 1849; x_wconf 83' lang='grc' dir='ltr'>Θεὸν</span> <span class='ocrx_word' id='word_1_526' title='bbox 2675 1789 2840 1868; x_wconf 80' lang='grc' dir='ltr'>ὕϐρις.</span> <span class='ocrx_word' id='word_1_527' title='bbox 2866 1794 2950 1850; x_wconf 83' lang='grc' dir='ltr'>Οὐ</span> <span class='ocrx_word' id='word_1_528' title='bbox 2973 1791 3073 1869; x_wconf 81' lang='grc' dir='ltr'>γὰρ</span> <span class='ocrx_word' id='word_1_529' title='bbox 3097 1781 3240 1863; x_wconf 72' lang='grc' dir='ltr'>εἶπε,</span> <span class='ocrx_word' id='word_1_530' title='bbox 3267 1781 3457 1858; x_wconf 81' lang='grc' dir='ltr'>Καθὼς</span> <span class='ocrx_word' id='word_1_531' title='bbox 3485 1792 3582 1849; x_wconf 80' lang='grc' dir='ltr'>οὐκ</span> <span class='ocrx_word' id='word_1_532' title='bbox 3611 1789 3783 1867; x_wconf 84' lang='grc' dir='ltr'>ἔγνω-</span> 
     </span>
    </p>
   </div>
   <div class='ocr_carea' id='block_1_77' title="bbox 2189 1877 3782 1958">
    <p class='ocr_par' dir='ltr' id='par_1_77' title="bbox 2189 1877 3782 1958">
     <span class='ocr_line' id='line_1_77' title="bbox 2189 1877 3782 1958; baseline 0 -24"><span class='ocrx_word' id='word_1_533' title='bbox 2189 1900 2284 1935; x_wconf 89' lang='grc' dir='ltr'>σαν</span> <span class='ocrx_word' id='word_1_534' title='bbox 2316 1877 2403 1937; x_wconf 91' lang='grc' dir='ltr'>τὸν</span> <span class='ocrx_word' id='word_1_535' title='bbox 2439 1878 2616 1958; x_wconf 75' lang='grc' dir='ltr'>Θεὸν,</span> <span class='ocrx_word' id='word_1_536' title='bbox 2668 1879 2842 1952; x_wconf 77' lang='grc' dir='ltr'>ἀλλὰ,</span> <span class='ocrx_word' id='word_1_537' title='bbox 2901 1907 2923 1933; x_wconf 76' lang='grc' dir='ltr'>κ</span> <span class='ocrx_word' id='word_1_538' title='bbox 2975 1879 3168 1948; x_wconf 84' lang='grc' dir='ltr'>Καθὼς</span> <span class='ocrx_word' id='word_1_539' title='bbox 3209 1882 3305 1939; x_wconf 81' lang='grc' dir='ltr'>οὐκ</span> <span class='ocrx_word' id='word_1_540' title='bbox 3353 1879 3714 1954; x_wconf 81' lang='grc' dir='ltr'>ἐδοκίμασαν,</span> <span class='ocrx_word' id='word_1_541' title='bbox 3757 1909 3782 1934; x_wconf 76' lang='grc' dir='ltr'><strong>ι</strong></span> 
     </span>
    </p>
   </div>
   <div class='ocr_carea' id='block_1_78' title="bbox 2185 1967 3784 2050">
    <p class='ocr_par' dir='ltr' id='par_1_78' title="bbox 2185 1967 3784 2050">
     <span class='ocr_line' id='line_1_78' title="bbox 2185 1967 3784 2050; baseline 0.003 -26"><span class='ocrx_word' id='word_1_542' title='bbox 2185 1967 2299 2025; x_wconf 82' lang='grc' dir='ltr'>ἀντὶ</span> <span class='ocrx_word' id='word_1_543' title='bbox 2335 1973 2458 2043; x_wconf 89' lang='grc' dir='ltr'>τοῦ,</span> <span class='ocrx_word' id='word_1_544' title='bbox 2497 1968 2708 2047; x_wconf 86' lang='grc' dir='ltr'>ἔκριναν</span> <span class='ocrx_word' id='word_1_545' title='bbox 2742 1968 2815 2046; x_wconf 91' lang='grc' dir='ltr'>μὴ</span> <span class='ocrx_word' id='word_1_546' title='bbox 2861 1970 3004 2050; x_wconf 78' lang='grc' dir='ltr'>ἔχειν</span> <span class='ocrx_word' id='word_1_547' title='bbox 3048 1970 3136 2029; x_wconf 90' lang='grc' dir='ltr'>τὸν</span> <span class='ocrx_word' id='word_1_548' title='bbox 3171 1971 3309 2032; x_wconf 85' lang='grc' dir='ltr'>Θεὸν</span> <span class='ocrx_word' id='word_1_549' title='bbox 3362 1972 3413 2028; x_wconf 81' lang='grc' dir='ltr'>ἐν</span> <span class='ocrx_word' id='word_1_550' title='bbox 3469 1969 3784 2046; x_wconf 80' lang='grc' dir='ltr'>ἐπιγνώσει,</span> 
     </span>
    </p>
   </div>
   <div class='ocr_carea' id='block_1_79' title="bbox 2182 2056 3781 2139">
    <p class='ocr_par' dir='ltr' id='par_1_79' title="bbox 2182 2056 3781 2139">
     <span class='ocr_line' id='line_1_79' title="bbox 2182 2056 3781 2139; baseline 0.003 -26"><span class='ocrx_word' id='word_1_551' title='bbox 2182 2056 2273 2113; x_wconf 82' lang='grc' dir='ltr'>καὶ</span> <span class='ocrx_word' id='word_1_552' title='bbox 2324 2056 2527 2124; x_wconf 83' lang='grc' dir='ltr'>ἑκόντες</span> <span class='ocrx_word' id='word_1_553' title='bbox 2581 2057 2784 2118; x_wconf 78' lang='grc' dir='ltr'>εἵλοντο</span> <span class='ocrx_word' id='word_1_554' title='bbox 2842 2060 2940 2130; x_wconf 74' lang='grc' dir='ltr'>τὴν</span> <span class='ocrx_word' id='word_1_555' title='bbox 2993 2059 3268 2120; x_wconf 76' lang='grc' dir='ltr'>ἀσέϐειαν.</span> <span class='ocrx_word' id='word_1_556' title='bbox 3326 2061 3446 2119; x_wconf 83' lang='grc' dir='ltr'>Οὖκ</span> <span class='ocrx_word' id='word_1_557' title='bbox 3497 2058 3602 2139; x_wconf 80' lang='grc' dir='ltr'>ἄρα</span> <span class='ocrx_word' id='word_1_558' title='bbox 3661 2059 3781 2118; x_wconf 82' lang='grc' dir='ltr'>οὐδὲ</span> 
     </span>
    </p>
   </div>
   <div class='ocr_carea' id='block_1_80' title="bbox 2181 2145 3786 2227">
    <p class='ocr_par' dir='ltr' id='par_1_80' title="bbox 2181 2145 3786 2227">
     <span class='ocr_line' id='line_1_80' title="bbox 2181 2145 3786 2227; baseline 0.002 -23"><span class='ocrx_word' id='word_1_559' title='bbox 2181 2150 2274 2214; x_wconf 77' lang='grc' dir='ltr'>τῆς</span> <span class='ocrx_word' id='word_1_560' title='bbox 2313 2145 2505 2227; x_wconf 88' lang='grc' dir='ltr'>σαρκός</span> <span class='ocrx_word' id='word_1_561' title='bbox 2539 2149 2640 2206; x_wconf 82' lang='grc' dir='ltr'>εἰσι</span> <span class='ocrx_word' id='word_1_562' title='bbox 2669 2147 2736 2206; x_wconf 84' lang='grc' dir='ltr'>τὰ</span> <span class='ocrx_word' id='word_1_563' title='bbox 2765 2149 3087 2226; x_wconf 85' lang='grc' dir='ltr'>πταίσματα</span> <span class='ocrx_word' id='word_1_564' title='bbox 3109 2197 3122 2223; x_wconf 86' lang='grc'>,</span> <span class='ocrx_word' id='word_1_565' title='bbox 3159 2150 3230 2217; x_wconf 82' lang='grc' dir='ltr'>ὥς</span> <span class='ocrx_word' id='word_1_566' title='bbox 3258 2172 3394 2217; x_wconf 85' lang='grc' dir='ltr'>τινες</span> <span class='ocrx_word' id='word_1_567' title='bbox 3437 2153 3542 2207; x_wconf 84' lang='grc' dir='ltr'>τῶν</span> <span class='ocrx_word' id='word_1_568' title='bbox 3587 2153 3786 2227; x_wconf 73' lang='grc' dir='ltr'>αἱρετι-</span> 
     </span>
    </p>
   </div>
   <div class='ocr_carea' id='block_1_81' title="bbox 2181 2238 3784 2319">
    <p class='ocr_par' dir='ltr' id='par_1_81' title="bbox 2181 2238 3784 2319">
     <span class='ocr_line' id='line_1_81' title="bbox 2181 2238 3784 2319; baseline 0.002 -26"><span class='ocrx_word' id='word_1_569' title='bbox 2181 2239 2287 2293; x_wconf 82' lang='grc' dir='ltr'>κῶν</span> <span class='ocrx_word' id='word_1_570' title='bbox 2325 2260 2517 2316; x_wconf 87' lang='grc' dir='ltr'>φασιν,</span> <span class='ocrx_word' id='word_1_571' title='bbox 2552 2238 2688 2295; x_wconf 71' lang='grc' dir='ltr'>ἀλλὰ</span> <span class='ocrx_word' id='word_1_572' title='bbox 2727 2242 2819 2308; x_wconf 79' lang='grc' dir='ltr'>τῆς</span> <span class='ocrx_word' id='word_1_573' title='bbox 2861 2238 3242 2319; x_wconf 79' lang='grc' dir='ltr'>διεφθαρμένης</span> <span class='ocrx_word' id='word_1_574' title='bbox 3284 2238 3523 2318; x_wconf 87' lang='grc' dir='ltr'>κρίσεως.</span> <span class='ocrx_word' id='word_1_575' title='bbox 3566 2240 3784 2317; x_wconf 80' lang='grc' dir='ltr'>Πρῶτοι</span> 
     </span>
    </p>
   </div>
   <div class='ocr_carea' id='block_1_82' title="bbox 2181 2326 3782 2403">
    <p class='ocr_par' dir='ltr' id='par_1_82' title="bbox 2181 2326 3782 2403">
     <span class='ocr_line' id='line_1_82' title="bbox 2181 2326 3782 2403; baseline 0.004 -21"><span class='ocrx_word' id='word_1_576' title='bbox 2181 2330 2307 2403; x_wconf 89' lang='grc' dir='ltr'>γοῦν</span> <span class='ocrx_word' id='word_1_577' title='bbox 2351 2327 2539 2385; x_wconf 85' lang='grc' dir='ltr'>ἐκεῖνοι</span> <span class='ocrx_word' id='word_1_578' title='bbox 2585 2327 2990 2403; x_wconf 81' lang='grc' dir='ltr'>ἀπεδοκίμασαν</span> <span class='ocrx_word' id='word_1_579' title='bbox 3023 2330 3082 2387; x_wconf 87' lang='grc' dir='ltr'>τὸ</span> <span class='ocrx_word' id='word_1_580' title='bbox 3132 2331 3325 2388; x_wconf 85' lang='grc' dir='ltr'>εἰδέναι</span> <span class='ocrx_word' id='word_1_581' title='bbox 3355 2327 3443 2386; x_wconf 86' lang='grc' dir='ltr'>τὸν</span> <span class='ocrx_word' id='word_1_582' title='bbox 3481 2326 3650 2396; x_wconf 83' lang='grc' dir='ltr'>Θεὸν,</span> <span class='ocrx_word' id='word_1_583' title='bbox 3687 2328 3782 2388; x_wconf 81' lang='grc' dir='ltr'>καὶ</span> 
     </span>
    </p>
   </div>
   <div class='ocr_carea' id='block_1_83' title="bbox 2182 2413 3784 2494">
    <p class='ocr_par' dir='ltr' id='par_1_83' title="bbox 2182 2413 3784 2494">
     <span class='ocr_line' id='line_1_83' title="bbox 2182 2413 3784 2494; baseline 0.003 -22"><span class='ocrx_word' id='word_1_584' title='bbox 2182 2413 2298 2473; x_wconf 87' lang='grc' dir='ltr'>τότε</span> <span class='ocrx_word' id='word_1_585' title='bbox 2337 2418 2364 2472; x_wconf 89' lang='lat'>6</span> <span class='ocrx_word' id='word_1_586' title='bbox 2391 2416 2527 2481; x_wconf 84' lang='grc' dir='ltr'>Θεὸς</span> <span class='ocrx_word' id='word_1_587' title='bbox 2573 2415 2748 2476; x_wconf 88' lang='grc' dir='ltr'>εἴασεν</span> <span class='ocrx_word' id='word_1_588' title='bbox 2802 2416 2994 2484; x_wconf 75' lang='grc' dir='ltr'>αὐτοὺς</span> <span class='ocrx_word' id='word_1_589' title='bbox 3023 2421 3092 2484; x_wconf 85' lang='grc' dir='ltr'>εἷς</span> <span class='ocrx_word' id='word_1_590' title='bbox 3138 2419 3391 2494; x_wconf 83' lang='grc' dir='ltr'>ἀδόκιμον</span> <span class='ocrx_word' id='word_1_591' title='bbox 3437 2423 3555 2475; x_wconf 90' lang='grc' dir='ltr'>νοῦν</span> <span class='ocrx_word' id='word_1_592' title='bbox 3591 2442 3784 2477; x_wconf 85' lang='grc' dir='ltr'>κατεν-</span> 
     </span>
    </p>
   </div>
   <div class='ocr_carea' id='block_1_84' title="bbox 2182 2504 3785 2588">
    <p class='ocr_par' dir='ltr' id='par_1_84' title="bbox 2182 2504 3785 2588">
     <span class='ocr_line' id='line_1_84' title="bbox 2182 2504 3785 2588; baseline 0.003 -27"><span class='ocrx_word' id='word_1_593' title='bbox 2182 2509 2421 2582; x_wconf 80' lang='grc' dir='ltr'>εχθῆναι.</span> <span class='ocrx_word' id='word_1_594' title='bbox 2447 2504 2516 2564; x_wconf 86' lang='grc' dir='ltr'><strong>Ἡ</strong></span> <span class='ocrx_word' id='word_1_595' title='bbox 2541 2504 2642 2584; x_wconf 81' lang='grc' dir='ltr'>γὰρ</span> <span class='ocrx_word' id='word_1_596' title='bbox 2666 2507 2979 2588; x_wconf 83' lang='grc' dir='ltr'>ἀποστροφή</span> <span class='ocrx_word' id='word_1_597' title='bbox 3005 2514 3097 2566; x_wconf 89' lang='grc' dir='ltr'>τοῦ</span> <span class='ocrx_word' id='word_1_598' title='bbox 3115 2514 3282 2581; x_wconf 87' lang='grc' dir='ltr'>Θεοῦ,</span> <span class='ocrx_word' id='word_1_599' title='bbox 3305 2510 3446 2579; x_wconf 83' lang='grc' dir='ltr'>καὶὴ</span> <span class='ocrx_word' id='word_1_600' title='bbox 3473 2509 3785 2584; x_wconf 83' lang='grc' dir='ltr'>ἐγκατάλει-</span> 
     </span>
    </p>
   </div>
   <div class='ocr_carea' id='block_1_85' title="bbox 2181 2594 3780 2678">
    <p class='ocr_par' dir='ltr' id='par_1_85' title="bbox 2181 2594 3780 2678">
     <span class='ocr_line' id='line_1_85' title="bbox 2181 2594 3780 2678; baseline 0.004 -28"><span class='ocrx_word' id='word_1_601' title='bbox 2181 2595 2298 2672; x_wconf 74' lang='grc' dir='ltr'>ψις,</span> <span class='ocrx_word' id='word_1_602' title='bbox 2321 2594 2618 2674; x_wconf 82' lang='grc' dir='ltr'>παράδοσις</span> <span class='ocrx_word' id='word_1_603' title='bbox 2657 2596 2978 2668; x_wconf 83' lang='grc' dir='ltr'>ὀνομάζεται</span> <span class='ocrx_word' id='word_1_604' title='bbox 3014 2601 3066 2656; x_wconf 83' lang='grc' dir='ltr'>ἐν</span> <span class='ocrx_word' id='word_1_605' title='bbox 3091 2602 3158 2678; x_wconf 82' lang='grc' dir='ltr'>τῇ</span> <span class='ocrx_word' id='word_1_606' title='bbox 3191 2601 3397 2678; x_wconf 79' lang='grc' dir='ltr'>Γραφῇ.</span> <span class='ocrx_word' id='word_1_607' title='bbox 3435 2597 3692 2678; x_wconf 53' lang='grc' dir='ltr'>Χαρίεντι</span> <span class='ocrx_word' id='word_1_608' title='bbox 3722 2596 3780 2655; x_wconf 85' lang='grc' dir='ltr'>δὲ</span> 
     </span>
    </p>
   </div>
   <div class='ocr_carea' id='block_1_86' title="bbox 2183 2677 3782 2765">
    <p class='ocr_par' dir='ltr' id='par_1_86' title="bbox 2183 2677 3782 2765">
     <span class='ocr_line' id='line_1_86' title="bbox 2183 2677 3782 2765; baseline 0.004 -26"><span class='ocrx_word' id='word_1_609' title='bbox 2183 2682 2532 2758; x_wconf 78' lang='grc' dir='ltr'>ὑποδείγματι</span> <span class='ocrx_word' id='word_1_610' title='bbox 2582 2684 2880 2763; x_wconf 72' lang='grc' dir='ltr'>ἐχρήσαντό</span> <span class='ocrx_word' id='word_1_611' title='bbox 2928 2709 3062 2752; x_wconf 88' lang='grc' dir='ltr'>τινες</span> <span class='ocrx_word' id='word_1_612' title='bbox 3090 2691 3193 2745; x_wconf 80' lang='grc' dir='ltr'>τῶν</span> <span class='ocrx_word' id='word_1_613' title='bbox 3240 2686 3443 2765; x_wconf 82' lang='grc' dir='ltr'>ἁγίων,</span> <span class='ocrx_word' id='word_1_614' title='bbox 3493 2686 3560 2743; x_wconf 91' lang='grc' dir='ltr'>δι’</span> <span class='ocrx_word' id='word_1_615' title='bbox 3608 2677 3667 2744; x_wconf 68' lang='grc' dir='ltr'>οἷ</span> <span class='ocrx_word' id='word_1_616' title='bbox 3699 2685 3782 2755; x_wconf 81' lang='grc' dir='ltr'>ἐξ·</span> 
     </span>
    </p>
   </div>
   <div class='ocr_carea' id='block_1_87' title="bbox 2181 2771 3780 2855">
    <p class='ocr_par' dir='ltr' id='par_1_87' title="bbox 2181 2771 3780 2855">
     <span class='ocr_line' id='line_1_87' title="bbox 2181 2771 3780 2855; baseline 0.003 -26"><span class='ocrx_word' id='word_1_617' title='bbox 2181 2771 2492 2848; x_wconf 82' lang='grc' dir='ltr'>ομαλίζεται</span> <span class='ocrx_word' id='word_1_618' title='bbox 2518 2773 2597 2846; x_wconf 87' lang='grc' dir='ltr'>τὸ,</span> <span class='ocrx_word' id='word_1_619' title='bbox 2635 2801 2655 2825; x_wconf 78' lang='grc' dir='ltr'>σι</span> <span class='ocrx_word' id='word_1_620' title='bbox 2685 2775 3005 2855; x_wconf 84' lang='grc' dir='ltr'>Παρέδωκεν</span> <span class='ocrx_word' id='word_1_621' title='bbox 3038 2775 3226 2843; x_wconf 80' lang='grc' dir='ltr'>αὐτοὺς</span> <span class='ocrx_word' id='word_1_622' title='bbox 3255 2780 3282 2834; x_wconf 92' lang='lat'>6</span> <span class='ocrx_word' id='word_1_623' title='bbox 3303 2777 3453 2843; x_wconf 84' lang='grc' dir='ltr'>Θεός.</span> <span class='ocrx_word' id='word_1_624' title='bbox 3489 2801 3515 2826; x_wconf 76' lang='grc' dir='ltr'><strong>ι</strong></span> <span class='ocrx_word' id='word_1_625' title='bbox 3543 2775 3780 2855; x_wconf 77' lang='grc' dir='ltr'>⁰Ωσπερ,</span> 
     </span>
    </p>
   </div>
   <div class='ocr_carea' id='block_1_88' title="bbox 2182 2861 3778 2942">
    <p class='ocr_par' dir='ltr' id='par_1_88' title="bbox 2182 2861 3778 2942">
     <span class='ocr_line' id='line_1_88' title="bbox 2182 2861 3778 2942; baseline 0.006 -27"><span class='ocrx_word' id='word_1_626' title='bbox 2182 2861 2372 2940; x_wconf 83' lang='grc' dir='ltr'>φασὶν,</span> <span class='ocrx_word' id='word_1_627' title='bbox 2403 2863 2493 2921; x_wconf 86' lang='grc' dir='ltr'>ἐάν</span> <span class='ocrx_word' id='word_1_628' title='bbox 2523 2886 2600 2931; x_wconf 90' lang='grc' dir='ltr'>τις</span> <span class='ocrx_word' id='word_1_629' title='bbox 2630 2864 2889 2942; x_wconf 80' lang='grc' dir='ltr'>καμμύσῃ</span> <span class='ocrx_word' id='word_1_630' title='bbox 2914 2865 2961 2903; x_wconf 70' lang='grc'>⁵³</span> <span class='ocrx_word' id='word_1_631' title='bbox 2994 2912 3009 2936; x_wconf 90' lang='grc'>,</span> <span class='ocrx_word' id='word_1_632' title='bbox 3043 2863 3119 2940; x_wconf 84' lang='grc' dir='ltr'>μὴ</span> <span class='ocrx_word' id='word_1_633' title='bbox 3145 2867 3308 2925; x_wconf 83' lang='grc' dir='ltr'>θέλων</span> <span class='ocrx_word' id='word_1_634' title='bbox 3344 2866 3468 2923; x_wconf 85' lang='grc' dir='ltr'>ἰδεῖν</span> <span class='ocrx_word' id='word_1_635' title='bbox 3497 2865 3583 2924; x_wconf 87' lang='grc' dir='ltr'>τὸν</span> <span class='ocrx_word' id='word_1_636' title='bbox 3606 2863 3778 2940; x_wconf 79' lang='grc' dir='ltr'>ἥλιον,</span> 
     </span>
    </p>
   </div>
   <div class='ocr_carea' id='block_1_89' title="bbox 2182 2939 3782 3036">
    <p class='ocr_par' dir='ltr' id='par_1_89' title="bbox 2182 2939 3782 3036">
     <span class='ocr_line' id='line_1_89' title="bbox 2182 2939 3782 3036; baseline 0.005 -30"><span class='ocrx_word' id='word_1_637' title='bbox 2182 2939 2296 3008; x_wconf 74' lang='grc' dir='ltr'>εἶτα</span> <span class='ocrx_word' id='word_1_638' title='bbox 2326 2951 2463 3031; x_wconf 86' lang='grc' dir='ltr'>πέσῃ</span> <span class='ocrx_word' id='word_1_639' title='bbox 2508 2955 2582 3019; x_wconf 87' lang='grc' dir='ltr'>εἷς</span> <span class='ocrx_word' id='word_1_640' title='bbox 2629 2954 2813 3032; x_wconf 87' lang='grc' dir='ltr'>βόθρον</span> <span class='ocrx_word' id='word_1_641' title='bbox 2835 2939 3110 3030; x_wconf 79' lang='grc' dir='ltr'>,λέγομεν</span> <span class='ocrx_word' id='word_1_642' title='bbox 3130 3001 3145 3028; x_wconf 94' lang='grc'>,</span> <span class='ocrx_word' id='word_1_643' title='bbox 3199 2955 3292 3025; x_wconf 85' lang='grc' dir='ltr'>Μὴ</span> <span class='ocrx_word' id='word_1_644' title='bbox 3321 2952 3493 3036; x_wconf 79' lang='grc' dir='ltr'>ὀφθεὶς</span> <span class='ocrx_word' id='word_1_645' title='bbox 3513 3001 3528 3026; x_wconf 93' lang='grc'>,</span> <span class='ocrx_word' id='word_1_646' title='bbox 3564 2957 3592 3012; x_wconf 89' lang='lat'>6</span> <span class='ocrx_word' id='word_1_647' title='bbox 3629 2939 3782 3026; x_wconf 84' lang='grc' dir='ltr'>ἥλιος</span> 
     </span>
    </p>
   </div>
   <div class='ocr_carea' id='block_1_90' title="bbox 2180 3040 3782 3126">
    <p class='ocr_par' dir='ltr' id='par_1_90' title="bbox 2180 3040 3782 3126">
     <span class='ocr_line' id='line_1_90' title="bbox 2180 3040 3782 3126; baseline 0.004 -29"><span class='ocrx_word' id='word_1_648' title='bbox 2180 3040 2268 3099; x_wconf 86' lang='grc' dir='ltr'>τὸν</span> <span class='ocrx_word' id='word_1_649' title='bbox 2328 3042 2472 3099; x_wconf 89' lang='grc' dir='ltr'>δεῖνα</span> <span class='ocrx_word' id='word_1_650' title='bbox 2525 3045 2598 3109; x_wconf 84' lang='grc' dir='ltr'>εἷς</span> <span class='ocrx_word' id='word_1_651' title='bbox 2657 3045 2841 3122; x_wconf 90' lang='grc' dir='ltr'>βόθρον</span> <span class='ocrx_word' id='word_1_652' title='bbox 2905 3043 3152 3126; x_wconf 71' lang='grc' dir='ltr'>ἔρριψεν·</span> <span class='ocrx_word' id='word_1_653' title='bbox 3213 3047 3313 3124; x_wconf 83' lang='grc' dir='ltr'>οὐχ</span> <span class='ocrx_word' id='word_1_654' title='bbox 3385 3041 3462 3102; x_wconf 75' lang='grc' dir='ltr'>ὅτι</span> <span class='ocrx_word' id='word_1_655' title='bbox 3523 3045 3782 3124; x_wconf 82' lang='grc' dir='ltr'>ὀργισθεὶς</span> 
     </span>
    </p>
   </div>
   <div class='ocr_carea' id='block_1_91' title="bbox 2182 3127 3782 3214">
    <p class='ocr_par' dir='ltr' id='par_1_91' title="bbox 2182 3127 3782 3214">
     <span class='ocr_line' id='line_1_91' title="bbox 2182 3127 3782 3214; baseline 0.005 -29"><span class='ocrx_word' id='word_1_656' title='bbox 2182 3131 2209 3186; x_wconf 89' lang='lat'>6</span> <span class='ocrx_word' id='word_1_657' title='bbox 2261 3127 2406 3198; x_wconf 77' lang='grc' dir='ltr'>ἥλιος</span> <span class='ocrx_word' id='word_1_658' title='bbox 2454 3133 2524 3198; x_wconf 82' lang='grc' dir='ltr'>εἷς</span> <span class='ocrx_word' id='word_1_659' title='bbox 2563 3132 2749 3211; x_wconf 85' lang='grc' dir='ltr'>βόθρον</span> <span class='ocrx_word' id='word_1_660' title='bbox 2817 3133 2996 3214; x_wconf 76' lang='grc' dir='ltr'>ἔῤῥιψε</span> <span class='ocrx_word' id='word_1_661' title='bbox 3041 3135 3130 3192; x_wconf 85' lang='grc' dir='ltr'>τὸν</span> <span class='ocrx_word' id='word_1_662' title='bbox 3185 3135 3492 3213; x_wconf 85' lang='grc' dir='ltr'>ἄνθρωπον,</span> <span class='ocrx_word' id='word_1_663' title='bbox 3545 3135 3664 3192; x_wconf 82' lang='grc' dir='ltr'>ἀλλ’</span> <span class='ocrx_word' id='word_1_664' title='bbox 3698 3133 3782 3193; x_wconf 71' lang='grc' dir='ltr'>ὅτι</span> 
     </span>
    </p>
   </div>
   <div class='ocr_carea' id='block_1_92' title="bbox 2182 3219 3776 3304">
    <p class='ocr_par' dir='ltr' id='par_1_92' title="bbox 2182 3219 3776 3304">
     <span class='ocr_line' id='line_1_92' title="bbox 2182 3219 3776 3304; baseline 0.004 -27"><span class='ocrx_word' id='word_1_665' title='bbox 2182 3219 2257 3294; x_wconf 77' lang='grc' dir='ltr'>μὴ</span> <span class='ocrx_word' id='word_1_666' title='bbox 2292 3219 2528 3300; x_wconf 88' lang='grc' dir='ltr'>φωτίσας</span> <span class='ocrx_word' id='word_1_667' title='bbox 2577 3220 2694 3289; x_wconf 78' lang='grc' dir='ltr'>τοὺς</span> <span class='ocrx_word' id='word_1_668' title='bbox 2744 3222 3048 3301; x_wconf 79' lang='grc' dir='ltr'>ὀφθαλμοὺς</span> <span class='ocrx_word' id='word_1_669' title='bbox 3081 3225 3239 3282; x_wconf 79' lang='grc' dir='ltr'>αὐτοῦ</span> <span class='ocrx_word' id='word_1_670' title='bbox 3274 3224 3371 3302; x_wconf 88' lang='grc' dir='ltr'>(τὸ</span> <span class='ocrx_word' id='word_1_671' title='bbox 3416 3224 3468 3283; x_wconf 86' lang='grc' dir='ltr'>δὲ</span> <span class='ocrx_word' id='word_1_672' title='bbox 3503 3223 3578 3298; x_wconf 86' lang='grc' dir='ltr'>μὴ</span> <span class='ocrx_word' id='word_1_673' title='bbox 3611 3222 3776 3304; x_wconf 85' lang='grc' dir='ltr'>φωτί·</span> 
     </span>
    </p>
   </div>
   <div class='ocr_carea' id='block_1_93' title="bbox 2180 3310 3782 3389">
    <p class='ocr_par' dir='ltr' id='par_1_93' title="bbox 2180 3310 3782 3389">
     <span class='ocr_line' id='line_1_93' title="bbox 2180 3310 3782 3389; baseline 0.003 -22"><span class='ocrx_word' id='word_1_674' title='bbox 2180 3332 2304 3381; x_wconf 87' lang='grc' dir='ltr'>σαι,</span> <span class='ocrx_word' id='word_1_675' title='bbox 2353 3310 2544 3379; x_wconf 85' lang='grc' dir='ltr'>πόθεν;</span> <span class='ocrx_word' id='word_1_676' title='bbox 2601 3311 2731 3368; x_wconf 80' lang='grc' dir='ltr'>Ἀπὸ</span> <span class='ocrx_word' id='word_1_677' title='bbox 2777 3318 2869 3370; x_wconf 90' lang='grc' dir='ltr'>τοῦ</span> <span class='ocrx_word' id='word_1_678' title='bbox 2911 3313 3366 3389; x_wconf 82' lang='grc' dir='ltr'>καμμύσαντος·)</span> <span class='ocrx_word' id='word_1_679' title='bbox 3418 3311 3554 3372; x_wconf 80' lang='grc' dir='ltr'>οὕτω</span> <span class='ocrx_word' id='word_1_680' title='bbox 3607 3313 3696 3372; x_wconf 79' lang='grc' dir='ltr'>καὶ</span> <span class='ocrx_word' id='word_1_681' title='bbox 3751 3317 3782 3372; x_wconf 90' lang='lat'>6</span> 
     </span>
    </p>
   </div>
   <div class='ocr_carea' id='block_1_94' title="bbox 2177 3399 3778 3480">
    <p class='ocr_par' dir='ltr' id='par_1_94' title="bbox 2177 3399 3778 3480">
     <span class='ocr_line' id='line_1_94' title="bbox 2177 3399 3778 3480; baseline 0.002 -22"><span class='ocrx_word' id='word_1_682' title='bbox 2177 3399 2313 3465; x_wconf 87' lang='grc' dir='ltr'>Θεὸς</span> <span class='ocrx_word' id='word_1_683' title='bbox 2361 3401 2668 3480; x_wconf 84' lang='grc' dir='ltr'>παρέδωκεν</span> <span class='ocrx_word' id='word_1_684' title='bbox 2715 3404 2787 3468; x_wconf 85' lang='grc' dir='ltr'>εἷς</span> <span class='ocrx_word' id='word_1_685' title='bbox 2839 3402 2986 3472; x_wconf 89' lang='grc' dir='ltr'>πάθη</span> <span class='ocrx_word' id='word_1_686' title='bbox 3021 3404 3266 3478; x_wconf 77' lang='grc' dir='ltr'>ἀτιμίας,</span> <span class='ocrx_word' id='word_1_687' title='bbox 3317 3406 3467 3475; x_wconf 81' lang='grc' dir='ltr'>πῶς;</span> <span class='ocrx_word' id='word_1_688' title='bbox 3516 3403 3606 3473; x_wconf 78' lang='grc' dir='ltr'><strong>Μὴ</strong></span> <span class='ocrx_word' id='word_1_689' title='bbox 3658 3407 3778 3462; x_wconf 83' lang='grc' dir='ltr'>ἐπι-</span> 
     </span>
    </p>
   </div>
   <div class='ocr_carea' id='block_1_95' title="bbox 2177 3488 3780 3570">
    <p class='ocr_par' dir='ltr' id='par_1_95' title="bbox 2177 3488 3780 3570">
     <span class='ocr_line' id='line_1_95' title="bbox 2177 3488 3780 3570; baseline 0.004 -25"><span class='ocrx_word' id='word_1_690' title='bbox 2177 3488 2427 3566; x_wconf 83' lang='grc' dir='ltr'>γνωσθεὶς</span> <span class='ocrx_word' id='word_1_691' title='bbox 2467 3499 2573 3557; x_wconf 88' lang='grc' dir='ltr'>τοῖς</span> <span class='ocrx_word' id='word_1_692' title='bbox 2622 3491 2935 3568; x_wconf 82' lang='grc' dir='ltr'>ἀνθρώποις.</span> <span class='ocrx_word' id='word_1_693' title='bbox 2993 3493 3073 3552; x_wconf 83' lang='grc' dir='ltr'>Τὸ</span> <span class='ocrx_word' id='word_1_694' title='bbox 3111 3494 3164 3551; x_wconf 84' lang='grc' dir='ltr'>δὲ</span> <span class='ocrx_word' id='word_1_695' title='bbox 3216 3493 3290 3570; x_wconf 78' lang='grc' dir='ltr'>μὴ</span> <span class='ocrx_word' id='word_1_696' title='bbox 3341 3494 3780 3569; x_wconf 80' lang='grc' dir='ltr'>ἐπιγνωσθῆναι,</span> 
     </span>
    </p>
   </div>
   <div class='ocr_carea' id='block_1_96' title="bbox 2177 3577 3778 3660">
    <p class='ocr_par' dir='ltr' id='par_1_96' title="bbox 2177 3577 3778 3660">
     <span class='ocr_line' id='line_1_96' title="bbox 2177 3577 3778 3660; baseline 0.004 -25"><span class='ocrx_word' id='word_1_697' title='bbox 2177 3577 2372 3648; x_wconf 87' lang='grc' dir='ltr'>πόθεν;</span> <span class='ocrx_word' id='word_1_698' title='bbox 2435 3577 2553 3638; x_wconf 88' lang='grc' dir='ltr'>Ἀπ’</span> <span class='ocrx_word' id='word_1_699' title='bbox 2613 3579 2826 3638; x_wconf 80' lang='grc' dir='ltr'>ἐκείνων</span> <span class='ocrx_word' id='word_1_700' title='bbox 2876 3583 2981 3638; x_wconf 80' lang='grc' dir='ltr'>τῶν</span> <span class='ocrx_word' id='word_1_701' title='bbox 3034 3581 3109 3657; x_wconf 86' lang='grc' dir='ltr'>μὴ</span> <span class='ocrx_word' id='word_1_702' title='bbox 3167 3581 3574 3660; x_wconf 84' lang='grc' dir='ltr'>δοκιμασάντων</span> <span class='ocrx_word' id='word_1_703' title='bbox 3639 3582 3778 3660; x_wconf 83' lang='grc' dir='ltr'>μηδὲ</span> 
     </span>
    </p>
   </div>
   <div class='ocr_carea' id='block_1_97' title="bbox 2178 3667 3000 3749">
    <p class='ocr_par' dir='ltr' id='par_1_97' title="bbox 2178 3667 3000 3749">
     <span class='ocr_line' id='line_1_97' title="bbox 2178 3667 3000 3749; baseline 0.01 -26"><span class='ocrx_word' id='word_1_704' title='bbox 2178 3667 2466 3744; x_wconf 81' lang='grc' dir='ltr'>κρινάντων</span> <span class='ocrx_word' id='word_1_705' title='bbox 2503 3672 2790 3749; x_wconf 82' lang='grc' dir='ltr'>ἐπιγνῶναι</span> <span class='ocrx_word' id='word_1_706' title='bbox 2821 3669 3000 3731; x_wconf 79' lang='grc' dir='ltr'>αὐτόν.</span> 
     </span>
    </p>
   </div>
   <div class='ocr_carea' id='block_1_98' title="bbox 2264 3848 3776 3933">
    <p class='ocr_par' dir='ltr' id='par_1_98' title="bbox 2264 3848 3776 3933">
     <span class='ocr_line' id='line_1_98' title="bbox 2264 3848 3776 3933; baseline 0.007 -30"><span class='ocrx_word' id='word_1_707' title='bbox 2264 3868 2294 3903; x_wconf 83' lang='grc' dir='ltr'>(ι</span> <span class='ocrx_word' id='word_1_708' title='bbox 2340 3849 2792 3927; x_wconf 88' lang='grc' dir='ltr'>Πεπληρωμένοις</span> <span class='ocrx_word' id='word_1_709' title='bbox 2845 3851 2990 3928; x_wconf 85' lang='grc' dir='ltr'>πάσῃ</span> <span class='ocrx_word' id='word_1_710' title='bbox 3045 3850 3245 3931; x_wconf 72' lang='grc' dir='ltr'>ἀδικίᾳ.</span> <span class='ocrx_word' id='word_1_711' title='bbox 3282 3872 3310 3908; x_wconf 73' lang='grc' dir='ltr'>ι)</span> <span class='ocrx_word' id='word_1_712' title='bbox 3369 3848 3544 3933; x_wconf 57' lang='grc' dir='ltr'>βὍρα,</span> <span class='ocrx_word' id='word_1_713' title='bbox 3594 3853 3776 3913; x_wconf 88' lang='grc' dir='ltr'>πάντα</span> 
     </span>
    </p>
   </div>
   <div class='ocr_carea' id='block_1_99' title="bbox 2177 3935 3770 4023">
    <p class='ocr_par' dir='ltr' id='par_1_99' title="bbox 2177 3935 3770 4023">
     <span class='ocr_line' id='line_1_99' title="bbox 2177 3935 3770 4023; baseline 0.004 -29"><span class='ocrx_word' id='word_1_714' title='bbox 2177 3935 2311 4012; x_wconf 83' lang='grc' dir='ltr'>μετὰ</span> <span class='ocrx_word' id='word_1_715' title='bbox 2342 3939 2650 4006; x_wconf 86' lang='grc' dir='ltr'>ἐπιτάσεως.</span> <span class='ocrx_word' id='word_1_716' title='bbox 2689 3961 2719 3997; x_wconf 71' lang='grc' dir='ltr'>ι(</span> <span class='ocrx_word' id='word_1_717' title='bbox 2757 3940 2864 4000; x_wconf 77' lang='grc' dir='ltr'>Καὶ</span> <span class='ocrx_word' id='word_1_718' title='bbox 2895 3940 2996 4018; x_wconf 81' lang='grc' dir='ltr'>γὰρ</span> <span class='ocrx_word' id='word_1_719' title='bbox 3025 3941 3475 4023; x_wconf 82' lang='grc' dir='ltr'>πεπληρωμένους</span> <span class='ocrx_word' id='word_1_720' title='bbox 3497 3989 3514 4018; x_wconf 83' lang='grc'>,</span> <span class='ocrx_word' id='word_1_721' title='bbox 3555 3969 3581 3994; x_wconf 73' lang='grc' dir='ltr'>ιι</span> <span class='ocrx_word' id='word_1_722' title='bbox 3616 3946 3770 4022; x_wconf 83' lang='grc' dir='ltr'>φησὶ,</span> 
     </span>
    </p>
   </div>
   <div class='ocr_carea' id='block_1_100' title="bbox 2174 4027 3775 4111">
    <p class='ocr_par' dir='ltr' id='par_1_100' title="bbox 2174 4027 3775 4111">
     <span class='ocr_line' id='line_1_100' title="bbox 2174 4027 3775 4111; baseline 0.003 -28"><span class='ocrx_word' id='word_1_723' title='bbox 2174 4027 2297 4100; x_wconf 83' lang='grc' dir='ltr'>καὶ,</span> <span class='ocrx_word' id='word_1_724' title='bbox 2335 4050 2362 4079; x_wconf 79' lang='grc' dir='ltr'>(ι</span> <span class='ocrx_word' id='word_1_725' title='bbox 2389 4027 2537 4107; x_wconf 84' lang='grc' dir='ltr'>πάσῃ</span> <span class='ocrx_word' id='word_1_726' title='bbox 2571 4029 2784 4109; x_wconf 79' lang='grc' dir='ltr'>ἀδικίᾳ,</span> <span class='ocrx_word' id='word_1_727' title='bbox 2811 4057 2830 4080; x_wconf 77' lang='grc' dir='ltr'><strong><em>ο</em></strong></span> <span class='ocrx_word' id='word_1_728' title='bbox 2865 4031 2992 4088; x_wconf 78' lang='grc' dir='ltr'>αὐτὸ</span> <span class='ocrx_word' id='word_1_729' title='bbox 3030 4029 3090 4088; x_wconf 87' lang='grc' dir='ltr'>τὸ</span> <span class='ocrx_word' id='word_1_730' title='bbox 3123 4031 3352 4109; x_wconf 71' lang='grc' dir='ltr'>ἔσχατον</span> <span class='ocrx_word' id='word_1_731' title='bbox 3376 4033 3566 4111; x_wconf 83' lang='grc' dir='ltr'>μέτρον</span> <span class='ocrx_word' id='word_1_732' title='bbox 3594 4034 3775 4103; x_wconf 86' lang='grc' dir='ltr'>πάσης</span> 
     </span>
    </p>
   </div>
   <div class='ocr_carea' id='block_1_101' title="bbox 2173 4111 3773 4198">
    <p class='ocr_par' dir='ltr' id='par_1_101' title="bbox 2173 4111 3773 4198">
     <span class='ocr_line' id='line_1_101' title="bbox 2173 4111 3773 4198; baseline 0.006 -26"><span class='ocrx_word' id='word_1_733' title='bbox 2173 4118 2266 4185; x_wconf 74' lang='grc' dir='ltr'>’τῆς</span> <span class='ocrx_word' id='word_1_734' title='bbox 2294 4118 2485 4184; x_wconf 84' lang='grc' dir='ltr'>κακίας</span> <span class='ocrx_word' id='word_1_735' title='bbox 2529 4117 2855 4198; x_wconf 88' lang='grc' dir='ltr'>φθάσαντας.</span> <span class='ocrx_word' id='word_1_736' title='bbox 2911 4111 3048 4180; x_wconf 70' lang='grc' dir='ltr'>Εἶτα</span> <span class='ocrx_word' id='word_1_737' title='bbox 3090 4119 3233 4196; x_wconf 88' lang='grc' dir='ltr'>λέγει</span> <span class='ocrx_word' id='word_1_738' title='bbox 3281 4121 3373 4180; x_wconf 78' lang='grc' dir='ltr'>καὶ</span> <span class='ocrx_word' id='word_1_739' title='bbox 3412 4120 3478 4180; x_wconf 78' lang='grc' dir='ltr'>τὰ</span> <span class='ocrx_word' id='word_1_740' title='bbox 3527 4121 3640 4194; x_wconf 82' lang='grc' dir='ltr'>εἴδη</span> <span class='ocrx_word' id='word_1_741' title='bbox 3671 4128 3773 4195; x_wconf 79' lang='grc' dir='ltr'>τῆς</span> 
     </span>
    </p>
   </div>
   <div class='ocr_carea' id='block_1_102' title="bbox 2172 4204 2380 4270">
    <p class='ocr_par' dir='ltr' id='par_1_102' title="bbox 2172 4204 2380 4270">
     <span class='ocr_line' id='line_1_102' title="bbox 2172 4204 2380 4270; baseline 0.019 -8"><span class='ocrx_word' id='word_1_742' title='bbox 2172 4204 2380 4270; x_wconf 86' lang='grc' dir='ltr'>κακίας.</span> 
     </span>
    </p>
   </div>
   <div class='ocr_carea' id='block_1_103' title="bbox 2261 4297 3768 4382">
    <p class='ocr_par' dir='ltr' id='par_1_103' title="bbox 2261 4297 3768 4382">
     <span class='ocr_line' id='line_1_103' title="bbox 2261 4297 3768 4382; baseline 0.005 -30"><span class='ocrx_word' id='word_1_743' title='bbox 2261 4317 2291 4353; x_wconf 84' lang='grc' dir='ltr'>(ι</span> <span class='ocrx_word' id='word_1_744' title='bbox 2329 4297 2582 4378; x_wconf 74' lang='grc' dir='ltr'>Πορνεία.</span> <span class='ocrx_word' id='word_1_745' title='bbox 2616 4319 2645 4355; x_wconf 68' lang='grc' dir='ltr'>ι)</span> <span class='ocrx_word' id='word_1_746' title='bbox 2688 4301 2880 4359; x_wconf 85' lang='grc' dir='ltr'>Πᾶσαν</span> <span class='ocrx_word' id='word_1_747' title='bbox 2937 4300 3118 4368; x_wconf 80' lang='grc' dir='ltr'>ἅπλῶς</span> <span class='ocrx_word' id='word_1_748' title='bbox 3167 4299 3265 4374; x_wconf 77' lang='grc' dir='ltr'>τὴν</span> <span class='ocrx_word' id='word_1_749' title='bbox 3314 4300 3643 4382; x_wconf 81' lang='grc' dir='ltr'>ἀκαθαρσίαν</span> <span class='ocrx_word' id='word_1_750' title='bbox 3689 4305 3768 4382; x_wconf 83' lang='grc' dir='ltr'>τῷ</span> 
     </span>
    </p>
   </div>
   <div class='ocr_carea' id='block_1_104' title="bbox 2169 4386 3120 4468">
    <p class='ocr_par' dir='ltr' id='par_1_104' title="bbox 2169 4386 3120 4468">
     <span class='ocr_line' id='line_1_104' title="bbox 2169 4386 3120 4468; baseline 0.006 -27"><span class='ocrx_word' id='word_1_751' title='bbox 2169 4387 2264 4456; x_wconf 81' lang='grc' dir='ltr'>τῆς</span> <span class='ocrx_word' id='word_1_752' title='bbox 2291 4386 2532 4465; x_wconf 88' lang='grc' dir='ltr'>πορνείας</span> <span class='ocrx_word' id='word_1_753' title='bbox 2562 4388 2782 4464; x_wconf 87' lang='grc' dir='ltr'>ὀνόματι</span> <span class='ocrx_word' id='word_1_754' title='bbox 2813 4389 3120 4468; x_wconf 78' lang='grc' dir='ltr'>περιέλαϐε.</span> 
     </span>
    </p>
   </div>
   <div class='ocr_carea' id='block_1_105' title="bbox 2257 4476 3646 4561">
    <p class='ocr_par' dir='ltr' id='par_1_105' title="bbox 2257 4476 3646 4561">
     <span class='ocr_line' id='line_1_105' title="bbox 2257 4476 3646 4561; baseline 0.009 -32"><span class='ocrx_word' id='word_1_755' title='bbox 2257 4494 2285 4530; x_wconf 92' lang='grc'>‹‹</span> <span class='ocrx_word' id='word_1_756' title='bbox 2315 4476 2577 4556; x_wconf 66' lang='grc' dir='ltr'>Πονηρία.</span> <span class='ocrx_word' id='word_1_757' title='bbox 2611 4501 2638 4534; x_wconf 72' lang='grc' dir='ltr'>ι)</span> <span class='ocrx_word' id='word_1_758' title='bbox 2679 4481 2765 4556; x_wconf 76' lang='grc' dir='ltr'>Τῇ</span> <span class='ocrx_word' id='word_1_759' title='bbox 2799 4478 2938 4538; x_wconf 85' lang='grc' dir='ltr'>κατὰ</span> <span class='ocrx_word' id='word_1_760' title='bbox 2969 4487 3058 4539; x_wconf 89' lang='grc' dir='ltr'>τοῦ</span> <span class='ocrx_word' id='word_1_761' title='bbox 3093 4480 3317 4553; x_wconf 83' lang='grc' dir='ltr'>πλησίον</span> <span class='ocrx_word' id='word_1_762' title='bbox 3344 4480 3646 4561; x_wconf 73' lang='grc' dir='ltr'>ἐπιϐουλίᾳ.</span> 
     </span>
    </p>
   </div>
   <div class='ocr_carea' id='block_1_106' title="bbox 2252 4565 3579 4650">
    <p class='ocr_par' dir='ltr' id='par_1_106' title="bbox 2252 4565 3579 4650">
     <span class='ocr_line' id='line_1_106' title="bbox 2252 4565 3579 4650; baseline 0.004 -25"><span class='ocrx_word' id='word_1_763' title='bbox 2252 4587 2281 4618; x_wconf 75' lang='grc' dir='ltr'>α</span> <span class='ocrx_word' id='word_1_764' title='bbox 2317 4565 2626 4649; x_wconf 72' lang='grc' dir='ltr'>Πλεονεξίᾳ.</span> <span class='ocrx_word' id='word_1_765' title='bbox 2666 4591 2692 4624; x_wconf 87' lang='grc'><strong>››</strong></span> <span class='ocrx_word' id='word_1_766' title='bbox 2720 4570 2804 4648; x_wconf 81' lang='grc' dir='ltr'>Τῇ</span> <span class='ocrx_word' id='word_1_767' title='bbox 2837 4573 2937 4628; x_wconf 83' lang='grc' dir='ltr'>τῶν</span> <span class='ocrx_word' id='word_1_768' title='bbox 2971 4570 3265 4649; x_wconf 84' lang='grc' dir='ltr'>χρημάτων</span> <span class='ocrx_word' id='word_1_769' title='bbox 3299 4569 3579 4650; x_wconf 78' lang='grc' dir='ltr'>ἐπιθυμίᾳ.</span> 
     </span>
    </p>
   </div>
   <div class='ocr_carea' id='block_1_107' title="bbox 2255 4744 3098 4829">
    <p class='ocr_par' dir='ltr' id='par_1_107' title="bbox 2255 4744 3098 4829">
     <span class='ocr_line' id='line_1_107' title="bbox 2255 4744 3098 4829; baseline 0.013 -29"><span class='ocrx_word' id='word_1_770' title='bbox 2255 4766 2285 4801; x_wconf 83' lang='grc' dir='ltr'>(ι</span> <span class='ocrx_word' id='word_1_771' title='bbox 2317 4744 2520 4826; x_wconf 72' lang='grc' dir='ltr'>Κακία.</span> <span class='ocrx_word' id='word_1_772' title='bbox 2554 4767 2583 4803; x_wconf 73' lang='grc' dir='ltr'>ι)</span> <span class='ocrx_word' id='word_1_773' title='bbox 2741 4749 3098 4829; x_wconf 79' lang='grc' dir='ltr'>μνησικακίᾳ.</span> 
     </span>
    </p>
   </div>
   <div class='ocr_carea' id='block_1_108' title="bbox 2252 4834 3760 4920">
    <p class='ocr_par' dir='ltr' id='par_1_108' title="bbox 2252 4834 3760 4920">
     <span class='ocr_line' id='line_1_108' title="bbox 2252 4834 3760 4920; baseline 0.008 -31"><span class='ocrx_word' id='word_1_774' title='bbox 2252 4857 2280 4889; x_wconf 77' lang='grc' dir='ltr'>α</span> <span class='ocrx_word' id='word_1_775' title='bbox 2313 4834 2552 4904; x_wconf 62' lang='lat' dir='ltr'>Macrob;</span> <span class='ocrx_word' id='word_1_776' title='bbox 2583 4838 2770 4915; x_wconf 82' lang='grc' dir='ltr'>φθόνου</span> <span class='ocrx_word' id='word_1_777' title='bbox 2790 4884 2806 4910; x_wconf 86' lang='grc'>,</span> <span class='ocrx_word' id='word_1_778' title='bbox 2841 4839 2998 4920; x_wconf 89' lang='grc' dir='ltr'>φόνου</span> <span class='ocrx_word' id='word_1_779' title='bbox 3037 4840 3104 4899; x_wconf 80' lang='grc'>⁵⁵.</span> <span class='ocrx_word' id='word_1_780' title='bbox 3147 4861 3173 4896; x_wconf 82' lang='grc'><strong>››</strong></span> <span class='ocrx_word' id='word_1_781' title='bbox 3210 4838 3314 4899; x_wconf 75' lang='grc' dir='ltr'>Ἀεὶ</span> <span class='ocrx_word' id='word_1_782' title='bbox 3339 4844 3366 4898; x_wconf 93' lang='lat'>6</span> <span class='ocrx_word' id='word_1_783' title='bbox 3397 4839 3546 4917; x_wconf 78' lang='grc' dir='ltr'>φόνος</span> <span class='ocrx_word' id='word_1_784' title='bbox 3575 4842 3634 4898; x_wconf 86' lang='grc' dir='ltr'>ἐκ</span> <span class='ocrx_word' id='word_1_785' title='bbox 3665 4847 3760 4902; x_wconf 88' lang='grc' dir='ltr'>τοῦ</span> 
     </span>
    </p>
   </div>
   <div class='ocr_carea' id='block_1_109' title="bbox 2167 4923 3759 5010">
    <p class='ocr_par' dir='ltr' id='par_1_109' title="bbox 2167 4923 3759 5010">
     <span class='ocr_line' id='line_1_109' title="bbox 2167 4923 3759 5010; baseline 0.006 -28"><span class='ocrx_word' id='word_1_786' title='bbox 2167 4923 2378 5003; x_wconf 82' lang='grc' dir='ltr'>φθόνου.</span> <span class='ocrx_word' id='word_1_787' title='bbox 2425 4924 2536 4985; x_wconf 85' lang='grc' dir='ltr'>Καὶ</span> <span class='ocrx_word' id='word_1_788' title='bbox 2573 4925 2735 4986; x_wconf 81' lang='grc' dir='ltr'>Ἅϐελ</span> <span class='ocrx_word' id='word_1_789' title='bbox 2777 4926 2879 5009; x_wconf 81' lang='grc' dir='ltr'>γὰρ</span> <span class='ocrx_word' id='word_1_790' title='bbox 2910 4929 3181 5008; x_wconf 78' lang='grc' dir='ltr'>φθονηθεὶς</span> <span class='ocrx_word' id='word_1_791' title='bbox 3220 4930 3480 5010; x_wconf 79' lang='grc' dir='ltr'>ἀνῃρέθη,</span> <span class='ocrx_word' id='word_1_792' title='bbox 3514 4929 3605 4990; x_wconf 79' lang='grc' dir='ltr'>καὶ</span> <span class='ocrx_word' id='word_1_793' title='bbox 3639 4929 3759 4991; x_wconf 79' lang='grc' dir='ltr'>Ἰωο</span> 
     </span>
    </p>
   </div>
   <div class='ocr_carea' id='block_1_110' title="bbox 2167 5012 2631 5096">
    <p class='ocr_par' dir='ltr' id='par_1_110' title="bbox 2167 5012 2631 5096">
     <span class='ocr_line' id='line_1_110' title="bbox 2167 5012 2631 5096; baseline 0.004 -24"><span class='ocrx_word' id='word_1_794' title='bbox 2167 5012 2274 5096; x_wconf 84' lang='grc' dir='ltr'>σὴφ</span> <span class='ocrx_word' id='word_1_795' title='bbox 2305 5015 2359 5074; x_wconf 81' lang='grc' dir='ltr'>δὲ</span> <span class='ocrx_word' id='word_1_796' title='bbox 2386 5014 2631 5093; x_wconf 84' lang='grc' dir='ltr'>ἔμελλεν.</span> 
     </span>
    </p>
   </div>
   <div class='ocr_carea' id='block_1_111' title="bbox 2254 5190 3764 5284">
    <p class='ocr_par' dir='ltr' id='par_1_111' title="bbox 2254 5190 3764 5284">
     <span class='ocr_line' id='line_1_111' title="bbox 2254 5190 3764 5284; baseline 0.005 -32"><span class='ocrx_word' id='word_1_797' title='bbox 2254 5218 2284 5253; x_wconf 85' lang='grc'>(‹</span> <span class='ocrx_word' id='word_1_798' title='bbox 2307 5190 2758 5277; x_wconf 74' lang='grc' dir='ltr'>Ἔριδος,,δόλου.</span> <span class='ocrx_word' id='word_1_799' title='bbox 2804 5222 2831 5256; x_wconf 71' lang='lat'>1)</span> <span class='ocrx_word' id='word_1_800' title='bbox 2871 5197 2973 5260; x_wconf 87' lang='grc' dir='ltr'>Ἐκ</span> <span class='ocrx_word' id='word_1_801' title='bbox 3002 5205 3094 5260; x_wconf 89' lang='grc' dir='ltr'>τοῦ</span> <span class='ocrx_word' id='word_1_802' title='bbox 3124 5198 3312 5280; x_wconf 80' lang='grc' dir='ltr'>φθόνου</span> <span class='ocrx_word' id='word_1_803' title='bbox 3340 5200 3431 5260; x_wconf 78' lang='grc' dir='ltr'>καὶ</span> <span class='ocrx_word' id='word_1_804' title='bbox 3466 5206 3500 5276; x_wconf 87' lang='grc' dir='ltr'>ἡ</span> <span class='ocrx_word' id='word_1_805' title='bbox 3531 5201 3639 5284; x_wconf 87' lang='grc' dir='ltr'>ἔρις</span> <span class='ocrx_word' id='word_1_806' title='bbox 3669 5201 3764 5261; x_wconf 77' lang='grc' dir='ltr'>καὶ</span> 
     </span>
    </p>
   </div>
   <div class='ocr_carea' id='block_1_112' title="bbox 2165 5285 3355 5370">
    <p class='ocr_par' dir='ltr' id='par_1_112' title="bbox 2165 5285 3355 5370">
     <span class='ocr_line' id='line_1_112' title="bbox 2165 5285 3355 5370; baseline 0.008 -28"><span class='ocrx_word' id='word_1_807' title='bbox 2165 5288 2192 5342; x_wconf 83' lang='lat'>6</span> <span class='ocrx_word' id='word_1_808' title='bbox 2226 5285 2399 5358; x_wconf 87' lang='grc' dir='ltr'>δόλος,</span> <span class='ocrx_word' id='word_1_809' title='bbox 2437 5286 2568 5366; x_wconf 88' lang='grc' dir='ltr'>πρὸς</span> <span class='ocrx_word' id='word_1_810' title='bbox 2599 5286 2836 5347; x_wconf 88' lang='grc' dir='ltr'>κάκωσιν</span> <span class='ocrx_word' id='word_1_811' title='bbox 2858 5293 2950 5348; x_wconf 85' lang='grc' dir='ltr'>τοῦ</span> <span class='ocrx_word' id='word_1_812' title='bbox 2981 5289 3355 5370; x_wconf 86' lang='grc' dir='ltr'>φθονουμένου.</span> 
     </span>
    </p>
   </div>
   <div class='ocr_carea' id='block_1_113' title="bbox 2248 5375 3764 5465">
    <p class='ocr_par' dir='ltr' id='par_1_113' title="bbox 2248 5375 3764 5465">
     <span class='ocr_line' id='line_1_113' title="bbox 2248 5375 3764 5465; baseline 0.007 -34"><span class='ocrx_word' id='word_1_813' title='bbox 2248 5398 2280 5431; x_wconf 76' lang='grc' dir='ltr'>α</span> <span class='ocrx_word' id='word_1_814' title='bbox 2331 5375 2684 5449; x_wconf 83' lang='grc' dir='ltr'>Κακοηθείας.</span> <span class='ocrx_word' id='word_1_815' title='bbox 2732 5401 2760 5435; x_wconf 82' lang='lat' dir='ltr'>n</span> <span class='ocrx_word' id='word_1_816' title='bbox 2799 5379 2911 5449; x_wconf 82' lang='grc' dir='ltr'>Τῆς</span> <span class='ocrx_word' id='word_1_817' title='bbox 2956 5381 3009 5438; x_wconf 81' lang='grc' dir='ltr'>ἓν</span> <span class='ocrx_word' id='word_1_818' title='bbox 3049 5380 3198 5458; x_wconf 87' lang='grc' dir='ltr'>βάθει</span> <span class='ocrx_word' id='word_1_819' title='bbox 3243 5379 3616 5465; x_wconf 81' lang='grc' dir='ltr'>κεκρυμμένης</span> <span class='ocrx_word' id='word_1_820' title='bbox 3660 5406 3764 5441; x_wconf 88' lang='grc' dir='ltr'>κα-</span> 
     </span>
    </p>
   </div>
   <div class='ocr_carea' id='block_1_114' title="bbox 2161 5463 3296 5550">
    <p class='ocr_par' dir='ltr' id='par_1_114' title="bbox 2161 5463 3296 5550">
     <span class='ocr_line' id='line_1_114' title="bbox 2161 5463 3296 5550; baseline 0.005 -28"><span class='ocrx_word' id='word_1_821' title='bbox 2161 5463 2305 5544; x_wconf 86' lang='grc' dir='ltr'>κίας,</span> <span class='ocrx_word' id='word_1_822' title='bbox 2332 5464 2424 5524; x_wconf 81' lang='grc' dir='ltr'>καὶ</span> <span class='ocrx_word' id='word_1_823' title='bbox 2451 5467 2914 5547; x_wconf 81' lang='grc' dir='ltr'>ἐπιπλαττομένης</span> <span class='ocrx_word' id='word_1_824' title='bbox 2942 5468 3296 5550; x_wconf 84' lang='grc' dir='ltr'>χρηστότητι.</span> 
     </span>
    </p>
   </div>
   <div class='ocr_carea' id='block_1_115' title="bbox 1849 5633 2386 5701">
    <p class='ocr_par' dir='ltr' id='par_1_115' title="bbox 1849 5633 2386 5701">
     <span class='ocr_line' id='line_1_115' title="bbox 1849 5633 2386 5701; baseline 0.017 -9"><span class='ocrx_word' id='word_1_825' title='bbox 1849 5633 2040 5696; x_wconf 81' lang='lat' dir='ltr'>Variae</span> <span class='ocrx_word' id='word_1_826' title='bbox 2083 5638 2386 5701; x_wconf 81' lang='lat' dir='ltr'>lectiones.</span> 
     </span>
    </p>
   </div>
   <div class='ocr_carea' id='block_1_116' title="bbox 527 5710 2287 5807">
    <p class='ocr_par' dir='ltr' id='par_1_116' title="bbox 527 5710 2287 5807">
     <span class='ocr_line' id='line_1_116' title="bbox 527 5710 2287 5807; baseline 0.017 -43"><span class='ocrx_word' id='word_1_827' title='bbox 527 5710 571 5746; x_wconf 75' lang='grc'>⁸³</span> <span class='ocrx_word' id='word_1_828' title='bbox 602 5712 860 5778; x_wconf 76' lang='grc' dir='ltr'>ἀποδεῖξαι</span> <span class='ocrx_word' id='word_1_829' title='bbox 887 5731 942 5773; x_wconf 91' lang='lat'>0.</span> <span class='ocrx_word' id='word_1_830' title='bbox 1016 5717 1062 5753; x_wconf 80' lang='grc'>⁵³</span> <span class='ocrx_word' id='word_1_831' title='bbox 1090 5718 1248 5785; x_wconf 82' lang='grc' dir='ltr'>αἰτίας</span> <span class='ocrx_word' id='word_1_832' title='bbox 1266 5738 1343 5780; x_wconf 90' lang='lat' dir='ltr'>m.</span> <span class='ocrx_word' id='word_1_833' title='bbox 1420 5725 1464 5761; x_wconf 73' lang='grc'>⁵⁸</span> <span class='ocrx_word' id='word_1_834' title='bbox 1495 5730 1775 5805; x_wconf 80' lang='grc' dir='ltr'>καταμύσῃ.</span> <span class='ocrx_word' id='word_1_835' title='bbox 1853 5734 1896 5768; x_wconf 74' lang='grc'>⁵⁵</span> <span class='ocrx_word' id='word_1_836' title='bbox 1921 5736 2003 5788; x_wconf 71' lang='grc' dir='ltr'>καὶ</span> <span class='ocrx_word' id='word_1_837' title='bbox 2030 5737 2181 5807; x_wconf 69' lang='grc' dir='ltr'>φόνου</span> <span class='ocrx_word' id='word_1_838' title='bbox 2211 5755 2287 5796; x_wconf 89' lang='lat' dir='ltr'>m.</span> 
     </span>
    </p>
   </div>
  </div>
