4150 6438
305 420 407 474 361

396 568 425 599 α
463 544 830 625 Ψιθυριστάς.
861 565 892 605 n
924 545 1067 616 Τοὺς
1104 547 1489 619 διαϐάλλοντας
1518 549 1708 631 λάθρα.

399 749 431 786 ιι
465 728 840 797 Καταλάλους.
882 749 913 787 ι
948 729 1089 799 Τοὺς
1136 732 1461 815 ἀναφανδόν.

399 836 429 874 ιι
459 819 806 897 Θεοστυγεῖς.
840 841 869 877 ι)
903 818 1042 887 Τοὺς
1069 823 1211 882 Θεὸν
1253 827 1568 900 μισοῦντας,
1616 820 1653 895 ἢ
1682 820 1772 881 καὶ
1805 818 1911 881 ὕπὸ

309 909 455 969 Θεοῦ
485 908 858 986 μισουμένους.

406 1020 436 1056 ιι
466 996 760 1080 Ὑϐριστὰς
784 1045 803 1078 ,
832 1000 1205 1082 ὑπερηφάνως
1222 1048 1240 1081 ,
1268 1002 1551 1073 ἀλαζόνας.
1576 1023 1606 1061 n
1654 1000 1785 1064 Ἐπὶ
1814 999 1912 1074 τὴν

317 1088 601 1166 ἀκρόπολιν
630 1091 738 1147 τῶν
768 1092 951 1150 κακῶν
979 1090 1179 1165 ἀνέϐη,
1212 1090 1312 1165 τὴν
1337 1091 1754 1174 ὑπερηφάνειαν.
1797 1090 1910 1151 Καὶ

318 1178 482 1237 καλὸν
506 1176 607 1259 γὰρ
634 1182 802 1238 ποιῶν
833 1203 941 1252 τις,
991 1179 1256 1241 ἀπόλλυσι
1284 1189 1438 1244 τοῦτο
1476 1182 1909 1264 ὓπεραιρόμενος’

314 1267 472 1349 πόσῳ
503 1292 558 1347 γε
600 1271 806 1347 μᾶλλον
859 1267 985 1329 ὅταν
1031 1270 1121 1331 καὶ
1168 1273 1237 1331 τὰ
1286 1272 1426 1333 κακὰ
1471 1277 1639 1353 ποιῇς
1681 1275 1763 1334 Οὐ
1807 1271 1911 1353 γὰρ

310 1358 531 1416 δύναται
559 1362 917 1438 μεταγνῶναι.
954 1360 1108 1434 Πλὴν
1138 1360 1280 1436 ἴσθι,
1314 1362 1678 1443 ὕπερηφάνεια
1701 1362 1749 1402 ⁶⁰
1771 1363 1868 1441 μὲν
1890 1408 1907 1437 ,

308 1449 459 1533 Θεοῦ
499 1450 610 1507 ἐστι
640 1448 1033 1530 καταφρόνησις
1065 1473 1079 1487 °
1131 1452 1412 1521 ἀλαζονεία
1454 1450 1543 1531 δὲ,
1576 1452 1869 1533 ἀνθρώπων
1891 1499 1908 1531 ,

309 1535 365 1605 εξ
394 1528 458 1608 ἧς
490 1546 739 1617 γεννᾶται
781 1528 1013 1619 ἡ-ὕϐρις.
1065 1537 1139 1601 Ὀ
1171 1539 1274 1621 γὰρ
1318 1528 1912 1623 καταφρονῶνάνθρώέ

310 1650 430 1685 πων
513 1627 713 1695 πάντας
764 1628 962 1708 ὑϐρίζει
1029 1629 1121 1689 καὶ
1180 1636 1517 1692 καταπατεῖ·
1574 1631 1609 1703 ἢ
1667 1632 1811 1713 τάχα
1866 1634 1912 1691 εἰ

308 1716 404 1803 καὶ
437 1714 567 1762 ⁵⁷-δδ
596 1721 629 1788 ἡ
661 1717 941 1787 ἀλαζονεία
962 1720 1193 1799 προτέρα
1221 1718 1374 1802 φύσει
1402 1725 1495 1795 τῆς
1536 1721 1756 1803 ὕϐρεως,
1794 1721 1911 1780 ἀλλ’

309 1796 403 1865 οὖν
434 1811 568 1882 ἡμῖν
599 1812 632 1879 ἡ
681 1806 830 1888 ὕϐρις
860 1796 1094 1886 προτέρα
1128 1796 1405 1891 φαίνεται,
1439 1802 1554 1872 εἶτα
1601 1796 1913 1895 γνωρίζεται

311 1894 497 1973 μήτηρ
540 1897 705 1970 αὐτῆς
734 1901 769 1969 ἡ
802 1896 1099 1965 ἀλαζονεία.

404 2008 433 2044 ιι
489 1984 815 2067 Ἐφευρετὰς
870 1990 1073 2047 κακῶν.
1120 2012 1147 2048 ι)
1211 1993 1296 2052 Οὐ
1327 1991 1431 2071 γὰρ
1481 1994 1741 2072 ἠρκοῦντο
1806 1992 1913 2058 τοῖς

313 2076 626 2158 προτέροις·
679 2081 835 2136 τοῦτο
865 2076 919 2136 δὲ
965 2079 1024 2136 οὐ
1078 2086 1462 2162 συναρπαγῆς,
1511 2082 1651 2143 ἀλλὰ
1687 2080 1914 2161 μελέτης

311 2165 426 2224 ἐστὶ
456 2166 548 2225 καὶ
578 2168 832 2239 σπουδῆς.

402 2279 432 2315 ιι
463 2258 509 2316 Γ
510 2262 714 2314 ονεῦσιν
744 2261 995 2327 ἀπειθεῖς.
1028 2282 1054 2317 ιι
1094 2264 1204 2323 Καὶ
1228 2261 1362 2341 πρὸς
1397 2259 1562 2334 αὐτὴν
1594 2258 1691 2335 τὴν
1724 2261 1910 2344 φύσιν,

309 2345 441 2427 φησὶ
455 2390 474 2420 ,
506 2345 864 2426 μαχομένους.

342 2452 345 2453 ⁷
399 2434 782 2505 αἈσυνέτους.
834 2460 864 2497 n
916 2437 1171 2509 Εἰκότως.
1219 2443 1285 2501 Οἱ
1322 2439 1426 2523 γὰρ
1473 2445 1712 2522 γονεῦσιν
1757 2443 1910 2501 ἀπει-

307 2530 519 2594 Mus;
549 2525 689 2596 τίνος
722 2526 888 2587 ἄλλου
919 2527 1165 2589 συνίεσαν
1195 2531 1297 2606 civ;

401 2728 429 2764 ιι
458 2706 812 2775 Ἀσυνθέτους.
844 2730 874 2766 ››
919 2708 1217 2784 Τουτέστι,
1251 2711 1360 2779 τοῖς
1402 2712 1918 2794 συμπεφωνημένοις

307 2796 388 2875 μὴ
422 2796 785 2874 ἐμμένοντας·
819 2798 850 2857 ὅ
881 2799 1055 2876 ἐστιν,
1087 2800 1369 2868 ἀπίστους.

398 2910 429 2945 α
455 2884 775 2954 Ἆσπόνδους
794 2931 811 2959 ,
840 2887 1127 2969 ἀστόργους
1146 2936 1163 2968 ,
1204 2889 1589 2968 ἀνελεήμονας.
1626 2914 1654 2951 ι)
1690 2890 1763 2952 (Η
1795 2891 1913 2973 ῥίζα

310 2980 417 3034 τῶν
452 2980 638 3036 κακῶν
667 2977 883 3037 πάντων
901 3022 917 3052 ,
964 2977 1101 3053 αὐτή
1128 2981 1269 3038 ἐστιν
1295 2984 1330 3052 ἡ
1369 2980 1627 3061 ἀπόψυξις
1657 2985 1749 3054 τῆς
1783 2983 1917 3061 ἀγά-

1254 421 1608 480 EXPOSlTlO
1647 423 1714 479 IN
1754 421 1963 479 EPIST.
2000 421 2094 479 AD
2133 422 2298 480 ROM.
2338 451 2409 465 —
2445 423 2596 480 CAP.
2636 424 2700 479 ll.

1943 554 1998 617 Α
2095 551 2271 608 Vnus.
2318 552 2406 607 30.
2458 569 2487 602 ιι
2530 550 2893 606 Susurrones.
2946 569 2973 598 ι
3027 549 3358 608 Clanculum
3401 551 3613 610 calum-

3520 428 3623 483 362

2025 638 2265 697 niantes.

2097 752 2124 779 «ι
2148 732 2522 788 Detractores.
2552 751 2578 779 ι
2610 728 2797 787 Palam
2823 726 3195 788 detrahentes.

2097 842 2123 869 ι
2141 823 2261 877 Deo
2273 820 2527 879 odibiles.
2554 843 2583 873 ι»
2603 824 2786 878 Deum
2805 818 2933 879 odio
2961 827 3379 894 prosequentes,
3396 820 3482 879 vel
3498 823 3615 883 Deo

2020 908 2245 967 invisos.

2095 1021 2124 1049 ει
2162 999 2626 1069 Contumeliosos,
2658 999 2943 1074 superbos,
2964 1001 3155 1059 elatos.
3187 1024 3214 1053 ι
3242 999 3331 1061 Ad
3361 1003 3613 1061 omnium

2024 1087 2281 1147 vitiorum
2326 1106 2532 1160 arcem,
2588 1092 2928 1165 superbiam,
2985 1091 3325 1150 conscendit.
3372 1094 3622 1159 Etenim.

2019 1180 2065 1237 si
2092 1180 2213 1253 quis
2232 1181 2366 1239 boni
2390 1181 2689 1255 quidquam
2712 1180 2900 1251 faciat,
2923 1174 3030 1240 hoc
3052 1183 3232 1258 perdit
3248 1183 3572 1257 superbiens
3608 1205 3621 1242 :

2017 1278 2224 1343 quanto
2274 1274 2470 1345 magis,
2516 1288 2647 1329 cum
2698 1274 2839 1329 mala
2889 1277 3206 1346 perpetrat?
3241 1291 3420 1348 neque
3465 1276 3618 1332 enim

2021 1360 2339 1434 resipiscere
2380 1370 2579 1435 potest.
2627 1363 2862 1421 Noveris
2906 1371 3101 1421 tamen
3154 1363 3307 1437 quod
3360 1365 3622 1438 superbia

2020 1450 2242 1525 quidem
2285 1452 2387 1509 Dei
2434 1460 2518 1510 est
2569 1461 2937 1526 contemptus,
2990 1455 3303 1528 arrogantia
3354 1470 3485 1514 vero
3541 1464 3624 1514 est

2022 1538 2337 1612 hominum,
2382 1558 2413 1600 θ
2453 1559 2562 1616 qua
2607 1544 2851 1601 nascitur
2902 1544 3122 1617 injuria.
3185 1548 3329 1603 Nam
3377 1548 3473 1619 qui
3515 1545 3620 1604 ho-

2022 1627 2203 1687 mines
2246 1640 2586 1704 aspernatur,
2621 1649 2819 1691 omnes
2857 1633 3062 1707 injuria
3100 1633 3275 1691 afﬁcit
3296 1644 3353 1693 et
3397 1636 3624 1695 concul-

2020 1729 2126 1777 cat.
2162 1722 2429 1794 Quamvis
2467 1731 2658 1779 autem
2713 1724 3028 1797 arrogantia
3070 1733 3272 1782 natura
3338 1726 3495 1799 prior
3540 1736 3627 1784 est

2022 1827 2193 1883 quam
2247 1812 2480 1885 injuria,
2532 1813 2697 1870 nobis
2748 1823 2933 1871 tamen
2984 1814 3176 1887 injuria
3224 1815 3620 1874 manifestatur

1946 1917 1994 1979 Β
2023 1901 2177 1974 prior
2222 1919 2235 1955 :
2274 1901 2477 1959 deinde
2525 1903 2822 1960 innotescit
2869 1912 3051 1961 mater
3099 1904 3219 1976 ejus
3271 1906 3610 1980 arrogantia.

2102 2010 2130 2044 ι(
2148 1996 2471 2050 Inventores
2496 1994 2792 2051 malorum.
2816 2017 2842 2045 υ
2868 1996 2994 2051 Non
3019 1994 3170 2051 enim
3190 1996 3439 2052 contenti
3462 2006 3621 2053 erant

2020 2082 2314 2153 prioribus.
2346 2085 2471 2140 Hoc
2497 2093 2686 2141 autem
2732 2101 2851 2141 non
2877 2084 3047 2141 subiti
3063 2093 3272 2156 motus,
3296 2093 3395 2143 aut
3415 2086 3622 2145 violen-

2018 2171 2059 2228 ti
2096 2181 2308 2245 raptus,
2337 2173 2434 2230 sed
2470 2173 2843 2231 meditationis
2876 2182 2960 2231 est
2986 2182 3042 2231 et
3068 2174 3261 2232 studii.

2095 2285 2120 2312 α
2176 2263 2504 2320 Parentibus
2554 2263 2958 2338 immorigeros.
3015 2286 3043 2317 ι)
3119 2266 3399 2325 Adversus
3447 2266 3622 2340 ipsam

2020 2350 2188 2409 etiam
2214 2361 2493 2421 naturam,
2522 2354 2722 2426 inquit,
2750 2363 3072 2427 pugnantes.

2089 2445 2265 2500 Vsus.
2299 2449 2387 2501 31.
2418 2464 2446 2492 ιι
2482 2443 2829 2514 insipientes.
2880 2468 2907 2494 ι
2966 2446 3080 2501 Nec
3135 2445 3435 2503 immerito.
3474 2445 3618 2516 Quid

2020 2531 2170 2588 cnim
2188 2531 2337 2589 aliud
2360 2531 2746 2606 intelligerent,
2779 2534 2878 2607 qui
2904 2533 3226 2606 parentibus
3256 2551 3371 2593 non
3399 2535 3621 2592 obtem-

2019 2629 2210 2693 perant
2224 2624 2248 2677 Ρ

2095 2734 2121 2761 α
2159 2712 2267 2784 16
2292 2713 2593 2770 Pactorum
2618 2711 2926 2771 violatores.
2959 2736 2986 2765 ν
3018 2715 3142 2770 Hoc
3170 2721 3274 2781 est,
3301 2712 3358 2770 in
3386 2730 3623 2771 conven-

2016 2800 2254 2859 tionibus
2288 2811 2344 2859 et
2366 2804 2540 2874 pactis
2580 2820 2692 2860 non
2721 2812 3132 2877 permanentes,
3166 2802 3223 2860 id
3258 2812 3366 2873 est,
3394 2803 3620 2861 infidos.

2091 2915 2117 2942 σι
2161 2893 2562 2963 Implacabiles,
2616 2895 2731 2950 sine
2766 2894 3085 2962 affectione,
3131 2894 3250 2950 sine
3296 2895 3617 2951 misericor-

2015 2980 2122 3038 dia.
2174 3005 2199 3032 α
2233 2982 2408 3039 Radix
2438 2982 2693 3039 omnium
2722 2984 3001 3039 malorum
3041 2993 3126 3041 est
3167 2984 3285 3055 ipsa
3330 2983 3621 3040 charitatis

310 3090 437 3138 πης.
472 3066 752 3127 Ἐντεῦθεν
780 3067 885 3146 γὰρ
910 3065 980 3153 τὸ,
1002 3067 1078 3145 μὴ
1115 3068 1431 3129 σπένδεσθαί
1464 3094 1601 3153 τινι,
1640 3069 1716 3147 μὴ
1755 3073 1913 3152 στέρ-

2013 3070 2239 3129 refrixio
2271 3091 2287 3129 :
2331 3072 2459 3129 hinc
2488 3074 2636 3130 enim
2666 3082 2751 3130 est
2777 3072 2926 3146 quod
2981 3074 3119 3130 alter
3159 3074 3316 3131 alteri
3364 3088 3479 3129 non
3524 3090 3619 3130 re—

303 3181 416 3233 γειν
459 3156 577 3217 τινὰ
596 3201 613 3228 ,
658 3157 735 3232 μὴ
766 3159 948 3216 ἐλεεῖνο
976 3150 1009 3216 ὃ
1040 3158 1131 3218 καὶ
1176 3165 1204 3219 ὁ
1236 3159 1463 3241 Χριστὸς
1494 3150 1640 3221 εἶπεν
1666 3185 1680 3200 ο
1728 3150 1907 3223 ’Ὅταν

2019 3162 2363 3229 concilietur,
2394 3164 2531 3219 alter
2570 3165 2810 3220 alterum
2840 3179 2950 3220 non
2974 3163 3164 3235 diligat
3197 3178 3312 3220 non
3350 3163 3617 3219 miserea-

305 3250 583 3327 πληθυνθῇ
609 3250 645 3318 ἡ
690 3247 922 3325 ἀνομία,
962 3249 1259 3330 ψυγήσεται
1310 3254 1342 3321 ἡ
1391 3248 1604 3330 ἀγάπη.
1647 3250 1908 3326 Καίτοιὴ

2016 3260 2123 3307 tur.
2168 3253 2327 3323 Quod
2357 3262 2411 3309 et
2455 3253 2706 3309 Christus
2740 3252 2879 3309 dixit
2936 3270 3007 3307 τι
3054 3252 3287 3323 Quando
3317 3251 3622 3310 abundabit

306 3336 456 3417 φύσις
488 3338 766 3418 συγκολλᾷ
818 3340 960 3416 ἡμᾶς
1007 3339 1257 3413 ἀλλήλοις
1277 3386 1295 3417 ,
1336 3342 1409 3409 ὡς
1435 3338 1507 3399 τὰ
1536 3344 1666 3412 ζῶα·
1702 3344 1822 3401 ἀλλ’
1853 3344 1913 3402 οὗ

312 3431 543 3499 συνῆκαν
553 3470 568 3485 .

405 3632 427 3658 ι
458 3604 665 3675 Οἶτινες
701 3607 761 3667 τὸ
791 3606 1063 3684 δικαίωμα
1094 3615 1186 3669 τοῦ
1221 3611 1364 3672 Θεοῦ
1408 3610 1715 3690 γνόντεςξδθ,
1748 3610 1828 3671 ὅτι
1868 3613 1916 3672 οἳ

319 3696 390 3755 τὰ
419 3700 644 3755 τοιαῦτα
673 3698 992 3778 πράσσοντες
1025 3699 1161 3769 ἄξιοι
1192 3700 1420 3760 θανάτου
1464 3701 1595 3761 εἰσὶν
1615 3747 1631 3777 ,
1664 3705 1723 3761 οὗ
1758 3702 1916 3779 μόνον

317 3784 464 3844 αὐτὰ
494 3792 753 3861 ποιοῦσιν,
787 3788 927 3848 ἀλλὰ
955 3788 1047 3849 καὶ
1088 3794 1475 3850 συνευδοκοῦσι
1507 3795 1614 3859 τοῖς
1645 3793 1919 3874 πράσσου-

317 3899 429 3936 σιν.
477 3897 506 3931 n
560 3870 791 3947 Ἔδειξεν
821 3878 901 3938 ὅτι
934 3882 1041 3940 ἀπὸ
1071 3885 1161 3939 τοῦ
1197 3880 1274 3959 μὴ
1314 3880 1481 3940 θέλειν
1526 3870 1723 3959 γνῶναι
1773 3882 1912 3945 Θεὸν

318 3965 705 4045 ἐπληρώθησαν
760 3969 939 4043 πάσης
994 3969 1207 4039 κακίας⁹
1266 3970 1499 4031 δείκνυσι
1551 3977 1643 4031 νῦν
1696 3974 1770 4046 σθ,
1834 3973 1914 4031 ὅτι

318 4058 434 4116 οὐδὲ
467 4057 780 4137 συγγνώμης
828 4059 960 4120 εἰσὶν
1009 4059 1164 4128 ἄξιοι.
1202 4062 1283 4122 Οὖ
1324 4061 1427 4141 γὰρ
1471 4060 1680 4143 ἔχουσιν
1714 4064 1908 4137 εἰπεῖν,

314 4144 393 4203 ὅτι
440 4146 767 4225 Ἦγνοοῦμεν
815 4148 876 4208 τὸ
923 4148 1104 4209 καλόν·
1155 4149 1328 4210 οἴδασι
1374 4150 1478 4231 γὰρ
1535 4150 1595 4209 τὸ
1642 4154 1913 4228 δικαίωμα

310 4241 401 4295 τοῦ
432 4239 599 4299 Θεοῦ.
650 4236 902 4305 Ἐκόντες
952 4239 1056 4320 ἄρα
1105 4247 1344 4313 ποιοῦσι,
1389 4239 1538 4300 καὶὸ
1576 4242 1752 4322 χεῖρον
1794 4240 1916 4301 τού-

310 4349 434 4397 του,
470 4329 846 4389 συνευδοκοῦσι
873 4328 918 4367 5'
954 4336 1062 4396 τοῖς
1110 4332 1442 4411 πράττουσι,
1482 4331 1754 4410 τουτέστι,
1795 4355 1916 4391 συν-

311 4422 567 4497 ηγοροῦσι
600 4421 677 4499 τῷ
710 4422 891 4501 κακῷ·
920 4415 1049 4499 ὅπερ
1079 4420 1275 4481 ἀνίατα
1307 4423 1476 4480 νοσεῖν
1514 4422 1654 4481 ἐστι.

911 4614 957 4673 Κ
970 4614 1204 4674 ΕΦΑΔ.
1256 4612 1340 4676 Β’.

402 4756 443 4823 t_t_
458 4736 556 4795 Διὸ
586 4736 987 4818 ἀναπολόγητος
1015 4729 1092 4813 εἷ,
1130 4730 1182 4799 ’ὦ
1211 4742 1454 4821 ἄνθρωπε
1487 4750 1590 4810 πᾶς
1634 4745 1661 4800 ὁ
1706 4742 1918 4823 κρίνων·

313 4827 371 4883 ἓν
402 4814 449 4905 ᾧ
479 4824 583 4904 γὰρ
632 4827 826 4908 κρίνεις
875 4827 966 4889 τὸν
1017 4829 1232 4911 ἕτερον,
1286 4831 1506 4891 σεαυτὸν
1546 4832 1919 4914 κατακρίνειςο

309 4914 382 4972 τὰ
410 4914 516 4993 γὰρ
550 4918 689 4977 αὐτὰ
719 4918 1006 4999 πράσσεις,
1039 4923 1067 4979 ὁ
1106 4920 1323 5001 κρίνων.
1373 4944 1404 4981 (ι
1429 4921 1653 4994 Ἐπειδὴ
1701 4924 1921 5001 ἀνωμά-

308 5006 439 5093 λους
465 5005 518 5041 ⁶²
549 5005 747 5087 ἔχομεν
798 5008 893 5078 τὰς
941 5010 1161 5089 γνώμας
1206 5013 1255 5070 οἱ
1303 5011 1598 5093 ἄνθρωποι,
1650 5012 1740 5073 καὶ
1790 5013 1919 5073 ποτὲ

309 5092 415 5171 μὲν
446 5102 842 5176 συνηγοροῦμεν
883 5103 963 5180 τῷ
992 5103 1179 5181 κακῷ,
1211 5101 1339 5162 ποτὲ
1374 5092 1428 5162 δὲ
1460 5101 1638 5183 κριταὶ
1681 5106 1784 5163 τῶν
1822 5105 1919 5162 ἀλ-

306 5184 539 5263 λοτρίων
585 5187 902 5265 καθήμεθα,
954 5189 1075 5258 τοὺς
1123 5190 1336 5268 ὁμοίους
1382 5191 1793 5275 κατακρίναντες

308 5306 397 5320 -—
422 5298 568 5337 νοντ.
672 5279 805 5360 ἔφθη
843 5280 940 5357 μὲν
975 5280 1141 5341 εἰπὼν
1173 5281 1297 5362 περὶ
1323 5285 1429 5341 τῶν
1466 5283 1919 5345 συνευδοκούντων

2024 3342 2307 3415 iniquitas,
2350 3342 2664 3415 refrigescet
2708 3344 2965 3401 charitas.
3016 3368 3040 3394 ι
3074 3345 3248 3400 Porro
3296 3352 3491 3400 natura
3522 3358 3625 3400 nos

2024 3432 2171 3488 inter
2210 3448 2312 3489 nos
2347 3433 2710 3505 conglutinat,
2754 3443 2917 3505 atque
2950 3449 3014 3489 ac
3051 3434 3256 3507 reliqua
3293 3433 3552 3490 animalia
3605 3449 3620 3490 :

2021 3536 2217 3577 verum
2243 3521 2498 3578 homines
2528 3537 2722 3595 parum
2753 3522 3168 3579 intellexerunt.

2093 3615 2265 3669 VEBS.
2297 3617 2385 3668 32.
2416 3636 2441 3660 ‹‹
2475 3612 2582 3681 Qui
2620 3628 2749 3668 cum
2771 3612 3048 3685 justitiam
3071 3613 3174 3669 Dei
3205 3614 3617 3685 cognovissent,

2020 3703 2167 3775 quod
2210 3702 2303 3774 qui
2330 3702 2459 3759 talia
2501 3702 2724 3767 faciunt,
2756 3703 2909 3775 digni
2953 3705 3065 3759 sint
3104 3710 3282 3759 morte
3317 3722 3330 3759 :
3384 3718 3496 3759 non
3529 3718 3619 3758 so-

2022 3792 2136 3848 lum
2166 3807 2227 3848 ea
2268 3790 2496 3859 faciunt,
2542 3808 2741 3848 verum
2789 3793 2954 3849 etiam
2985 3791 3359 3848 assentiuntur
3404 3792 3471 3846 iis
3523 3790 3620 3863 qui

2022 3880 2284 3937 faciunt.»
2315 3884 2718 3937 Demonstravit
2751 3882 2899 3954 quod
2943 3882 3067 3953 quia
3113 3881 3411 3936 noluerunt
3447 3897 3614 3953 agno-

2017 3986 2171 4028 scere
2222 3975 2421 4039 Deum,
2467 3972 2658 4043 repleti
2702 3972 2812 4026 sint
2855 3972 3007 4027 omni
3052 3971 3302 4027 malitia:
3343 3987 3492 4027 nunc
3527 3970 3620 4026 deo

2019 4070 2292 4118 monstrat
2339 4078 2519 4134 neque
2571 4063 2727 4117 venia
2759 4078 2854 4118 eos
2894 4077 3013 4118 esse
3051 4061 3265 4133 dignos.
3315 4062 3439 4117 Non
3470 4061 3622 4116 enim

2018 4152 2195 4209 dicere
2210 4161 2458 4225 possunt,
2482 4155 2696 4209 Bonum
2716 4152 3094 4224 ignoravimus
3117 4169 3130 4204 :
3149 4159 3358 4208 norunt
3377 4166 3615 4223 namque

2011 4242 2288 4314 justitiam
2328 4243 2456 4300 Dei.
2506 4246 2615 4299 Sua
2643 4250 2841 4315 sponte
2871 4243 3059 4315 itaque
3095 4241 3330 4311 faciunt,
3372 4258 3436 4298 ac
3463 4241 3613 4314 quod

2016 4332 2257 4391 deterius
2279 4340 2384 4402 est,
2436 4333 2660 4405 insuper
2687 4341 2743 4390 et
2770 4332 3081 4405 approbant
3121 4348 3216 4389 eos
3240 4332 3338 4405 qui
3388 4329 3620 4400 faciunt,

1943 4458 1995 4522 Β
2022 4421 2129 4480 hoc
2174 4430 2290 4492 est,
2337 4424 2757 4497 patrocinantur
2818 4421 3070 4491 malitiae,
3118 4420 3215 4496 qui
3248 4418 3479 4479 morbus
3542 4427 3626 4477 est

2025 4512 2465 4571 immedicabilis.

2652 4629 2893 4688 CAPUT
2915 4631 2988 4688 II.

2096 4748 2275 4805 Vens.
2308 4752 2360 4803 ι.
2388 4768 2414 4797 σι
2431 4749 2665 4820 Propter
2693 4746 2843 4820 quod
2876 4744 3262 4804 inexcusabilis
3295 4758 3373 4813 es,
3394 4758 3428 4800 ο
3450 4743 3622 4801 homo

2027 4838 2230 4906 omnis,
2282 4837 2376 4909 qui
2429 4836 2667 4909 judicas.
2722 4840 2782 4892 In
2816 4852 2926 4908 quo
2977 4837 3130 4894 enim
3180 4833 3401 4908 judicas
3438 4834 3629 4902 alium,

2024 4927 2267 4999 teipsum
2285 4926 2651 4985 condemnas:
2678 4926 2875 4984 eadem
2891 4927 3042 4984 enim
3063 4926 3198 5000 agis,
3220 4925 3313 4999 qui
3330 4923 3577 4998 judicas.
3596 4942 3624 4977 ρ

2025 5015 2487 5089 Quandoquidem
2511 5017 2856 5075 diversarum
2884 5016 3060 5075 simus
3095 5015 3503 5072 sententiarum
3523 5028 3627 5070 nos

2028 5106 2303 5174 homines,
2332 5106 2466 5163 alias
2494 5108 2638 5163 malo
2691 5108 3121 5180 patrocinantes,
3153 5106 3284 5163 alias
3319 5103 3631 5160 alienorum

2017 5196 2231 5270 judices
2250 5197 2528 5254 malorum
2554 5196 2830 5266 sedentes,
2877 5196 3080 5253 similes
3110 5194 3269 5253 nobis
3291 5193 3631 5250 condemne-

2023 5301 2149 5343 mus
2188 5306 2200 5343 :
2236 5287 2387 5358 prius
2414 5286 2641 5360 quidem
2668 5286 2807 5345 dixit
2840 5287 2908 5344 de
2940 5282 3416 5341 consentientibus
3447 5294 3629 5354 pravae

310 5371 426 5434 τοῖς
453 5374 736 5448 πονηροῖς·
777 5372 869 5429 νῦν
898 5369 1020 5451 περὶ
1069 5375 1161 5431 τοῦ
1207 5369 1404 5454 κρίνειν
1443 5377 1675 5434 ποιεῖται
1704 5374 1791 5435 τὸν
1823 5373 1913 5435 λό-

2022 5376 2332 5450 operationi
2361 5396 2376 5434 :
2406 5393 2553 5435 nunc
2583 5392 2712 5436 vero
2741 5377 2810 5436 de
2852 5373 3145 5449 iudicando
3174 5387 3500 5433 sermonem
3544 5368 3631 5427 fa-

386 5526 414 5555 ι
445 5518 652 5578 Matth.
686 5536 863 5594 xxxv,
900 5526 987 5580 l3.

1715 5595 1906 5660 Variae
1943 5595 2243 5662 lectiones.

388 5689 434 5773 ξ⁶
487 5692 566 5745 ὅτι
618 5691 949 5767 ὓπερηφάνεια
998 5709 1079 5752 m.
1155 5692 1276 5732 ⁸⁷³⁸⁸
1329 5693 1361 5763 ἢ
1418 5695 1551 5767 τάχα
1596 5697 1680 5751 καὶ
1714 5713 1769 5756 0.
1845 5697 1890 5734 ⁶⁹
1929 5697 2213 5773 ἐπιγνόντες
2255 5714 2309 5757 o.
2387 5697 2433 5734 ⁸⁸
2479 5690 2567 5754 οὖν
2597 5713 2679 5756 m.

316 5771 494 5844 μάλως
519 5790 597 5832 m.

602 5867 847 5926 ΡΑτιιοι.
884 5869 985 5926 Ga.
1024 5868 1241 5926 CXXIV.

2774 5697 2815 5734 ⁶¹
2877 5694 3206 5753 ἔπευδοκοῦσι
3262 5713 3318 5755 ο.
3394 5691 3439 5729 ⁸³
3494 5689 3638 5748 ἀνωο

3252 5872 3318 5926 12
