4150 6492
535 451 638 505 363

1560 445 2072 503 THEOPHYLACTI
2112 444 2468 502 BULGARIIE
2506 443 2818 501 ARCHIEP.

3741 437 3847 495 364

532 573 605 630 cit
637 592 651 630 :
693 580 1002 646 propterea,
1042 571 1293 646 inquiens
1336 592 1363 621 α
1420 571 1811 629 inexcusabilis
1848 588 1928 642 es,
1959 588 1992 629 ο
2022 572 2091 630 ho

2199 619 2211 641 ι
2237 596 2366 653 γον,
2420 571 2511 632 καί
2542 595 2703 655 φησι·
2730 596 2774 655 hc
2816 565 2913 630 Διὸ
2936 586 2966 625 ι)
3022 564 3115 626 καὶ
3173 585 3203 624 (ι
3243 561 3655 655 ἀναπολόγήτοςΔ
3686 551 3753 621 εἷ·
3790 584 3820 622 ››

528 680 646 735 mo,
680 686 707 714 ν
739 662 846 721 hoc
888 670 989 732 est,
1033 661 1490 736 quandoquidem
1526 663 1671 721 nosti
1710 678 1833 721 eam
1882 678 2001 720 esse
2034 662 2127 737 ju-

526 753 738 813 stitiam
767 755 895 826 Dei,
921 752 1073 828 quod
1093 752 1228 811 mali
1260 753 1373 812 sint
1396 769 1556 827 paena
1583 752 1770 827 digni,
1790 752 2134 811 inexcusabi-

2241 649 2505 737 τουτέστι,
2537 649 2685 724 Διότι
2709 651 2851 727 οἶδας
2876 657 2945 719 ’τὸ
2974 656 3247 735 δικαίωμα
3292 661 3385 715 τοῦ
3411 655 3582 737 Θεοῦ,
3621 649 3705 714 ὅτι
3735 677 3833 715 xo-

2240 757 2443 823 λοίσεως
2473 734 2603 824 ἀξιοι
2652 756 2701 814 οἱ
2738 752 2962 834 φαῦλοι,
3011 734 3406 826 ἀναπολόγητος
3438 734 3516 819 εἶ,
3551 748 3580 804 ὁ
3632 744 3825 825 κρίνων

531 845 596 903 lis
629 862 708 917 es,
737 844 1060 920 quijudicas
1088 844 1283 902 eadem
1327 852 1514 901 tecum
1559 843 1845 902 facientes.
1893 843 2091 901 Videtu

2238 845 2357 914 τοὺς
2384 845 2452 905 τὰ
2482 844 2641 923 ὅμοιά
2672 866 2755 903 σοι
2780 840 3135 923 πράσσοντας.
3156 842 3317 900 Δοκεῖ
3353 838 3407 897 δὲ
3449 838 3674 897 ἐνταῦθα
3704 835 3837 916 πρὸς

532 943 720 994 autem
752 935 842 993 hic
877 950 1193 993 sermonem
1223 934 1463 1009 dirigere
1503 934 1574 993 ad
1606 934 1877 1009 principes
1927 942 1984 992 et
2007 949 2126 990 ma-

2239 936 2497 1018 ἀρχοντας
2528 933 2933 1007 ἀποτείνεσθαι,
2963 931 3053 991 καὶ
3087 928 3333 1008 μάλιστα
3360 926 3481 997 τοὺς
3501 926 3830 1005 Ῥωμαίους,

526 1026 810 1101 gistratus,
840 1025 1111 1099 praecipue
1154 1042 1287 1083 vero
1322 1025 1393 1084 ad
1434 1028 1744 1095 Romanos,
1794 1032 1857 1084 ut
1886 1025 1978 1099 qui
2006 1025 2091 1082 ori

2236 1028 2307 1097 ὡς
2348 1028 2687 1107 προεστῶτας
2732 1025 2826 1095 τῆς
2867 1018 3209 1100 οἰκουμένης·
3254 1021 3360 1080 τῶν
3411 1018 3514 1100 γὰρ
3560 1018 3832 1099 ἀρχόντων

524 1124 808 1175 terrarum
838 1116 1219 1190 praesiderent.
1254 1116 1645 1190 Magistratum
1681 1116 1826 1174 enim
1867 1124 1950 1173 est
1968 1114 2125 1189 judi-

523 1223 663 1266 care.
707 1210 974 1266 Attamen
1000 1208 1177 1266 cuivis
1209 1207 1379 1265 etiam
1415 1207 1739 1265 mortalium
1768 1208 1885 1264 haec
1923 1222 2123 1263 conve-

521 1299 687 1357 niunt
713 1317 728 1358 :
754 1299 937 1373 quivis
972 1299 1123 1356 enim
1151 1298 1481 1357 sententiam
1502 1296 1649 1356 ferre
1674 1306 1874 1373 potest,
1909 1295 2124 1354 etiamsi

520 1389 758 1447 tribunal
814 1406 927 1448 non
978 1397 1227 1463 occupet.
1283 1388 1615 1447 Adulterum
1672 1389 1859 1462 igitur,
1918 1387 2121 1460 inquit,

517 1480 916 1552 condemnans,
940 1480 1176 1555 teipsum
1200 1480 1556 1553 condemnas,
1586 1496 1717 1539 cum
1738 1480 1853 1554 ipse
1874 1478 2125 1537 moechus

519 1570 615 1628 sis.

587 1663 768 1720 Vnus.
802 1667 856 1719 2.
892 1684 919 1712 ιι
938 1662 1155 1720 Scimus
1183 1668 1374 1720 autem
1402 1662 1553 1737 quod
1594 1660 1868 1737 judicium
1898 1663 2007 1724 Dei
2035 1673 2122 1724 est

513 1752 815 1809 secundum
871 1753 1177 1822 veritatem,
1219 1753 1278 1809 in
1308 1769 1406 1811 eos
1450 1754 1546 1827 qui
1574 1753 1702 1810 talia
1737 1763 1925 1828 agunt.
1976 1779 2002 1806 ι
2030 1758 2112 1814 Ne

508 1843 633 1915 quis
684 1841 836 1901 dicat
881 1861 898 1900 :
958 1846 1073 1918 Ego
1120 1844 1382 1901 hactenus
1428 1845 1681 1901 moechus
1727 1861 1856 1902 cum
1906 1862 2108 1918 essem,

2233 1117 2294 1177 τὸ
2343 1117 2559 1197 κρίνειν.
2607 1111 2760 1187 Πλὴν
2808 1112 2898 1173 καὶ
2943 1112 3074 1194 πρὸς
3121 1112 3300 1171 πάντα
3347 1109 3625 1191 ἄνθρωπον
3654 1114 3833 1169 ταῦτα

2234 1207 2473 1289 ἁρμόζει.
2509 1208 2634 1273 Πῶς
2667 1205 2769 1287 γὰρ
2811 1202 3034 1264 δύναται
3085 1201 3321 1283 κρίνειν,
3370 1199 3468 1261 κᾶν
3519 1197 3596 1276 μὴ
3644 1199 3827 1282 θρόνον

2233 1299 2368 1381 ἔχοι.
2422 1297 2531 1360 Τὸν
2581 1296 2768 1379 μοιχὸν
2811 1289 2934 1371 οὖν,
2967 1293 3128 1376 φησὶ,
3177 1290 3554 1375 κατακρίνων,
3601 1290 3830 1354 σεαυτὸν

2232 1389 2600 1471 κατακρίνεις,
2632 1384 2817 1469 μοιχὸς
2856 1385 2949 1446 καὶ
2979 1385 3134 1454 αὐτὸς
3162 1382 3260 1447 ὤν.

2315 1682 2346 1716 ιι
2396 1658 2634 1737 Οἴδαμεν
2663 1656 2717 1719 δὲ
2761 1654 2842 1717 ὅτι
2881 1655 2943 1716 τὸ
2986 1657 3156 1737 κρῖμα
3211 1661 3304 1715 τοῦ
3351 1658 3494 1717 Θεοῦ
3535 1654 3647 1715 ἔστι
3681 1654 3825 1716 κατὰ

2224 1749 2472 1822 ἀλήθειαν
2509 1750 2596 1809 ἐπὶ
2620 1747 2738 1816 τοὺς
2767 1747 2836 1807 τὰ
2864 1751 3086 1807 τοιαῦτα
3126 1744 3480 1826 πράσσοντας.
3512 1766 3543 1803 ι)
3578 1742 3702 1807 Ἵνα
3743 1746 3820 1823 μή

2223 1839 2355 1921 λέγῃ
2382 1864 2459 1909 τις
2481 1884 2498 1915 ,
2522 1838 2602 1899 ὅτι
2624 1837 2769 1917 Ἐγὼ
2798 1838 2927 1905 τέως
2957 1837 3196 1917 διέφυγον
3215 1881 3231 1910 ,
3262 1836 3353 1895 καὶ
3393 1838 3489 1896 οὐκ
3518 1836 3818 1910 ἐκολάσθην

508 1912 683 2006 effugi
696 1912 1051 2007 supplicium,
1068 1950 1171 1992 nec
1183 1951 1306 1991 sum
1325 1936 1574 2007 punitus,
1588 1934 1803 1992 etiamsi
1822 1935 2091 1994 mmchurr

2219 1912 2403 2012 μοιχὸς
2430 1912 2503 1989 ὢν
2525 1976 2542 2009 ,
2588 1912 2764 1989 καίτοι
2792 1927 2881 1987 τὸν
2915 1912 3408 2009 μοιχδννκολάσας·
3438 1925 3600 2008 φησὶν
3648 1928 3816 2008 ἔκφο-

504 2022 846 2095 puniverim;
872 2023 1323 2096 perterrefaciens
1370 2027 1465 2096 ait,
1496 2024 1647 2099 quod
1709 2026 1786 2083 sic
1841 2042 1959 2084 sese
2015 2043 2107 2086 res

502 2128 621 2169 non
644 2112 812 2170 habet
832 2115 976 2186 apud
1000 2118 1200 2171 Deum.
1236 2114 1339 2171 Hic
1360 2115 1511 2172 enim
1540 2116 1677 2172 alius
1696 2115 1921 2189 quidem
1944 2134 2105 2190 poena

500 2202 761 2273 afficitur,
791 2203 931 2261 alius
953 2219 1086 2262 vero
1111 2204 1438 2278 supplicium
1480 2205 1683 2275 evadit,
1729 2206 1883 2280 paria
1911 2224 2107 2280 quam-

498 2293 581 2350 vis
621 2292 779 2350 faciat
808 2311 823 2351 :
856 2294 967 2351 illic
994 2303 1180 2352 autem
1220 2295 1303 2352 sic
1330 2312 1443 2353 non
1476 2304 1562 2354 est
1589 2314 1605 2354 :
1637 2296 1907 2369 judicium
1950 2299 2102 2356 enim

501 2382 600 2442 Dei
630 2393 719 2441 est
740 2386 1051 2443 secundum
1076 2385 1357 2442 veritatem
1403 2402 1534 2459 erga
1564 2387 1759 2445 malos.

567 2475 748 2532 Vnus.
783 2479 903 2532 3—6.
940 2497 967 2524 «ι
1011 2475 1309 2533 Existimas
1355 2484 1541 2534 autem
1589 2476 1715 2546 hoc,
1740 2491 1775 2534 ο
1803 2474 1975 2535 homo
2004 2475 2103 2552 qui

487 2562 705 2637 judicas
746 2580 840 2622 eos
882 2564 975 2639 qui
1012 2566 1143 2622 talia
1196 2574 1389 2640 agunt,
1440 2572 1494 2624 et
1538 2566 1672 2625 facis
1722 2583 1807 2638 ea,
1845 2568 1992 2641 quod
2038 2576 2099 2627 tu

492 2653 997 2731 effugiesjudieium
1020 2657 1124 2714 Dei
1140 2659 1163 2712 Ρ
1182 2660 1272 2714 An
1292 2656 1508 2715 divitias
1539 2659 1643 2730 17
1677 2658 1937 2717 bonitatis
1958 2659 2094 2733 ejus,

490 2754 547 2802 et
591 2747 881 2818 patientiae,
915 2754 969 2804 et
1000 2748 1439 2821 longanimitatis
1482 2750 1811 2819 contemnis,
1839 2750 2098 2823 ignorans

493 2836 641 2911 quod
694 2836 1007 2910 benignitas
1055 2838 1158 2894 Dei
1204 2838 1274 2896 ad
1314 2838 1699 2912 paenitentiam
1744 2847 1799 2897 te
1838 2839 2095 2898 adducit?

490 2925 809 2985 Secundum
874 2935 1061 2985 autem
1091 2927 1356 2986 duritiem
1401 2937 1576 3000 tuam,
1627 2946 1686 2989 es
1737 2930 2096 3004 impcenitens

488 3033 585 3074 cor
610 3016 952 3076 thesaurizas
996 3019 1097 3075 tibi
1129 3019 1231 3091 ipsi
1266 3020 1413 3077 iram
1460 3020 1516 3076 in
1546 3020 1633 3078 die
1664 3020 1763 3078 irae
1787 3029 1841 3078 et
1882 3021 2090 3079 revela-

487 3107 659 3165 tionis
708 3117 762 3166 et
800 3108 940 3182 justi
983 3109 1180 3182 judicii
1218 3111 1345 3181 Dei,
1397 3111 1494 3185 qui
1550 3110 1747 3169 reddet
1800 3112 2093 3185 unicuique

2219 2022 2361 2100 ϐῶν,
2412 2019 2492 2081 ὅτι
2524 2022 2625 2103 οὐχ
2657 2018 2820 2086 οὕτως
2851 2018 2964 2077 ἐστὶ
3002 2016 3147 2098 παρὰ
3181 2020 3338 2099 Θεῷ.
3392 2016 3661 2078 Ἐνταῦθα
3704 2017 3808 2097 γὰρ

2214 2114 2243 2172 ὁ
2274 2111 2368 2189 μὲν
2421 2111 2739 2187 κολάζεται,
2784 2112 2812 2168 δ
2862 2109 2917 2168 δὲ
2965 2107 3273 2190 διαφεύγει,
3331 2107 3401 2166 τὰ
3444 2105 3579 2167 αὐτὰ
3628 2111 3815 2167 ποιῶν·

2214 2204 2321 2261 ἐκεῖ
2350 2199 2405 2260 δὲ
2434 2203 2534 2282 οὐχ
2562 2200 2724 2261 οὕτω·
2767 2198 2828 2259 τὸ
2872 2198 2977 2280 γὰρ
3021 2199 3191 2280 κρῖμα
3229 2202 3320 2259 τοῦ
3355 2198 3499 2259 Θεοῦ
3524 2197 3634 2259 ἔστι
3671 2197 3811 2259 κατὰ

2215 2292 2465 2367 ἀλήθειαν
2495 2291 2581 2351 ἐπὶ
2612 2290 2731 2360 τοὺς
2764 2289 3015 2374 φαύλους.

2300 2494 2331 2532 ιι
2359 2471 2559 2552 Λογίζῃ
2593 2468 2647 2531 δὲ
2676 2475 2861 2546 τοῦτο,
2893 2456 2938 2529 ὦ
2968 2468 3238 2550 ἄνθρωπε,
3282 2468 3311 2528 ὁ
3356 2466 3549 2550 κρίνων
3579 2467 3697 2539 τοὺς
3742 2468 3810 2531 τὰ

2207 2567 2427 2623 τοιαῦτα
2459 2563 2798 2643 πράσσοντας
2820 2607 2835 2635 ,
2871 2560 2962 2621 καὶ
2994 2564 3159 2621 ποιῶν
3189 2558 3349 2640 αὐτὰ,
3381 2558 3463 2620 ὅτι
3485 2559 3549 2620 σὺ
3580 2560 3801 2643 ἐκφεύξῃ

2206 2653 2267 2713 τὸ
2303 2654 2470 2735 κρῖμα
2502 2658 2592 2712 τοῦ
2622 2655 2801 2727 Θεοῦ;
2834 2649 2914 2713 Ἢ
2961 2656 3054 2713 τοῦ
3091 2649 3320 2711 πλούτου
3366 2654 3461 2724 τῆς
3507 2651 3809 2733 χρηστότη·

2207 2767 2292 2812 τος
2352 2746 2547 2819 αὐτοῦ,
2598 2744 2814 2815 καὶτῆς
2867 2746 3093 2823 ἀνοχῆς,
3144 2742 3236 2801 καὶ
3283 2745 3379 2813 τ’ἤς
3434 2742 3807 2822 μακροθυμίας

2204 2843 2579 2917 καταφρονεῖς,
2634 2834 2838 2913 ἀγνοῶν
2886 2830 2969 2892 ὅτι
3013 2832 3073 2891 τὸ
3115 2830 3348 2914 χρηστὸν
3391 2838 3484 2891 τοῦ
3537 2834 3681 2893 Θεοῦ
3735 2836 3809 2903 εἰς

2205 2924 2486 3002 μετάνοιάν
2541 2947 2598 2983 σε
2641 2923 2797 3003 ἄγεις
2845 2922 2999 2985 Κατὰ
3042 2922 3098 2982 δὲ
3144 2920 3241 2994 τὴν
3291 2922 3631 3003 σκληρότητά
3673 2946 3806 2999 σου,

2202 3014 2295 3074 καὶ
2326 3014 2686 3094 ἀμετανόητον
2723 3013 2949 3096 καρδίαν
2974 3059 2992 3089 ,
3027 3012 3361 3093 θησαυρίζεις
3391 3016 3602 3094 σεαυτῷ
3636 3013 3801 3095 ὀργὴν

2202 3105 2255 3164 ἐν
2286 3105 2464 3187 ἡμέρᾳ
2512 3107 2711 3186 ὀργῆς,
2755 3105 2847 3164 καὶ
2904 3102 3324 3186 ἀποκαλύψεως,
3380 3102 3472 3162 καὶ
3511 3104 3804 3186 δικαιοκρι-

486 3198 795 3257 secundum
840 3214 1006 3273 opera
1055 3216 1172 3259 sua.
1209 3224 1235 3251 ιο
1281 3203 1458 3273 Supra
1502 3201 1661 3271 dixit,
1702 3201 1851 3275 quod
1880 3218 2091 3260 merces

2202 3194 2319 3263 σίας
2354 3201 2445 3256 τοῦ
2476 3198 2641 3289 Θεοῦ.
2676 3193 2779 3289 ⁸ος
2810 3192 3077 3289 ἀποδώσει
3102 3194 3359 3289 ’ἑκάστῳη
3384 3193 3525 3254 κατὰ
3572 3194 3803 3289 τὰ-ἔργα

485 3288 708 3359 erroris,
745 3297 800 3347 et
828 3299 1205 3348 creaturarum
1234 3292 1434 3361 cultus,
1478 3291 1685 3366 impiis,
1724 3309 1821 3365 per
1855 3294 1943 3349 illa
1971 3293 2091 3366 ipsa

2201 3288 2380 3350 αὐτοῦ.
2429 3308 2458 3346 ι)
2516 3275 2682 3348 Εἶπεν
2730 3286 2839 3347 ἄνω
2883 3283 2966 3345 ὅτι
3009 3288 3044 3358 ἡ
3088 3275 3395 3366 ἀντιμισθία
3427 3289 3524 3359 τῆς
3554 3275 3798 3366 πλάνης,

483 3379 540 3436 in
576 3379 777 3453 quibus
827 3379 1200 3452 lasciviebaut,
1246 3381 1626 3440 reddebatur:
1676 3382 1947 3455 siquidem
1975 3365 2091 3457 ipsa

2199 3375 2291 3436 καὶ
2321 3382 2415 3449 τῆς
2438 3375 2979 3459 κτισματολατρείας,
3010 3377 3063 3435 ἐν
3096 3376 3300 3446 αὐτοῖς,
3331 3365 3408 3446 οἷς
3444 3365 3796 3453 ἠσέλγαινον,

482 3469 772 3543 impuritas
816 3471 946 3529 satis
984 3480 1103 3531 erat
1136 3472 1215 3529 eis
1258 3472 1313 3528 in
1340 3488 1583 3545 poenam.
1630 3474 1754 3529 Jam
1778 3488 1907 3531 vero
1938 3472 2088 3547 quod

2199 3467 2478 3527 ἀπεδίδοτο
2500 3475 2610 3536 τοῖς
2642 3466 2876 3550 φαύλοις·
2921 3464 3054 3539 αὐτὴ
3088 3464 3192 3546 γὰρ
3220 3471 3254 3539 ἡ
3298 3463 3603 3547 ἀκαθαρσία
3642 3465 3801 3546 ἤρκει

484 3568 754 3634 superest,
781 3561 1113 3636 supplicium
1142 3562 1277 3637 ipsis
1306 3563 1678 3620 obventurum
1714 3564 1939 3620 revelat.
1989 3567 2087 3622 Est

2199 3558 2374 3627 αὐτοῖς
2416 3557 2534 3618 ἀντὶ
2586 3556 2888 3625 κολάσεως·
2944 3560 3034 3615 νῦν
3078 3556 3134 3615 δὲ
3186 3555 3366 3617 λοιπὸν
3428 3556 3801 3618 ἀποκαλύπτει

482 3651 660 3721 enim,
720 3650 917 3726 inquit,
969 3660 1024 3710 et
1068 3652 1175 3710 alia
1222 3652 1323 3709 tibi
1375 3653 1567 3710 relicta
1596 3670 1781 3725 poena,
1813 3671 1846 3711 ο
1879 3654 2089 3711 homo:

2199 3649 2371 3717 αὐτοῖς
2399 3650 2489 3708 καὶ
2524 3647 2622 3721 τὴν
2653 3646 2900 3710 κόλασιν.
2945 3642 3108 3708 Ἔστι
3137 3647 3270 3727 γὰρ,
3317 3641 3447 3729 φησὶ
3468 3691 3483 3721 ,
3515 3648 3607 3706 καὶ
3637 3647 3795 3729 ἑτέρα

478 3757 606 3798 nam
624 3741 895 3816 judicium
925 3743 1027 3799 Dei
1049 3759 1161 3799 non
1190 3742 1443 3816 effugies.
1472 3744 1768 3814 Quomodo
1791 3745 1964 3816 enim,
1987 3744 2080 3818 qui

2199 3761 2276 3798 σοι
2305 3738 2548 3812 κόλασις,
2594 3739 2836 3821 ἄνθρωπε
2878 3736 2959 3775 ⁶³⁶
3006 3739 3064 3796 οὖ
3093 3736 3199 3816 γὰρ
3231 3737 3451 3819 ἐκφεύξῃ
3483 3737 3582 3809 τὴν
3616 3738 3795 3818 κρίσιν

478 3840 599 3889 tum
628 3831 797 3906 ipsius
839 3831 1118 3906 judicium
1161 3848 1273 3890 non
1313 3833 1593 3908 effugisti?
1629 3835 1848 3892 Etenim
1887 3834 1941 3891 in
1969 3852 2079 3909 quo

475 3923 710 3979 alterum
763 3922 1170 3992 condemnasti,
1216 3932 1411 3981 contra
1458 3925 1704 3998 teipsum
1744 3925 2077 3982 sententiam

475 4010 664 4067 tulisti.
695 4011 792 4069 Sin
817 4019 1002 4069 autem
1047 4021 1334 4086 propterea
1383 4013 1532 4087 quod
1574 4015 1902 4087 supplicium
1927 4015 1994 4072 de
2024 4024 2079 4072 te

473 4098 724 4157 nondum
785 4110 1072 4174 sumptum
1112 4101 1306 4174 fuerit,
1364 4103 1584 4160 divitias
1638 4103 1902 4161 bonitatis
1960 4105 2076 4179 ejus

472 4190 803 4263 aspernaris,
842 4191 949 4248 hoc
1001 4191 1183 4264 ipsum
1255 4191 1329 4250 ad
1380 4193 1656 4266 majorem
1705 4195 1805 4251 tibi
1848 4210 2073 4267 paruam

471 4278 648 4338 cedet.
695 4282 839 4338 Nam
879 4282 1285 4356 longanimitas,
1347 4283 1418 4340 ad
1448 4283 1906 4343 emendationem
1958 4287 2072 4360 ipsa

469 4370 772 4443 utentibus,
819 4371 1078 4431 salutaris
1106 4382 1189 4432 est
1236 4373 1690 4433 :insumentibus
1717 4384 1904 4435 autem
1944 4393 2071 4435 eam

468 4460 540 4520 ad
562 4462 768 4536 peccati
786 4472 1165 4537 augmentum,
1196 4464 1426 4539 majoris
1465 4474 1550 4524 est
1592 4468 1843 4541 supplicii
1905 4485 2070 4526 occa-

2189 3835 2281 3889 τοῦ
2310 3832 2452 3912 Θεοῦ
2477 3853 2488 3865 ο
2528 3831 2640 3897 πῶς
2681 3828 2806 3910 γὰρ,
2842 3826 2895 3896 ὅς
2926 3850 2987 3909 γε
3014 3826 3111 3900 τὴν
3158 3836 3352 3888 σαυτοῦ
3380 3829 3476 3888 οὐκ
3515 3828 3793 3912 ἐξέφυγεςβ

2189 3916 2286 3979 Ἐν
2323 3908 2367 4001 ᾧ
2399 3920 2502 4000 γὰρ
2552 3918 2642 3978 τὸν
2683 3908 2860 4001 ἕτερον
2907 3908 3259 3997 κατέκρινας,
3306 3916 3527 3978 σεαυτὸν
3576 3908 3793 3979 κατεδί-

2184 4033 2376 4079 κασας.
2414 4012 2479 4071 Εἰ
2512 4010 2565 4069 δὲ
2596 4008 2684 4069 διὰ
2728 4011 2787 4069 τὸ
2817 4008 2982 4087 μήπω
3031 4011 3398 4084 κολασθῆναι,
3433 4018 3792 4090 καταφρονεῖς

2184 4105 2277 4159 τοῦ
2324 4101 2551 4161 πλούτου
2602 4105 2695 4173 τῆς
2738 4099 3099 4180 ἀγαθότητος,
3135 4099 3266 4159 αὐτὸ
3317 4104 3471 4160 τοῦτο
3513 4102 3587 4167 εἷς
3614 4100 3790 4161 πλείω

2184 4212 2266 4249 σοι
2296 4191 2514 4252 κόλασίν
2566 4191 2729 4251 ἐστιν.
2797 4189 2871 4251 ¢H
2902 4189 3005 4272 γὰρ
3037 4190 3087 4230 ⁶⁴
3120 4190 3491 4273 μακροθυμία,
3528 4193 3637 4259 τοῖς
3680 4190 3785 4268 μὲν

2180 4280 2309 4361 πρὸς
2361 4280 2632 4363 διόρθωσιν
2682 4282 2817 4363 αὐτῇ
2869 4279 3195 4363 χρωμένοις,
3254 4279 3514 4362 σωτήριος
3538 4282 3622 4322 ⁸⁵⁸
3669 4288 3789 4352 τοῖς

2180 4369 2235 4429 δὲ
2267 4370 2339 4439 εἷς
2377 4370 2683 4452 προσθήκην
2718 4371 2985 4450 ἁμαρτίας
3016 4372 3327 4430 δαπανῶσιν
3371 4371 3537 4446 αὐτὴν
3557 4418 3573 4448 ,
3602 4395 3783 4450 τιμω-

2181 4459 2292 4541 ρίας
2321 4460 2554 4539 μείζονάς
2586 4466 2724 4523 ἐστιν
2750 4460 2965 4544 ἀφορμὴ
2997 4464 3055 4521 οὖ
3083 4460 3233 4542 παρὰ
3273 4460 3371 4535 τὴν
3393 4463 3559 4536 αὐτῆς
3588 4463 3749 4547 φύσιν
3771 4510 3789 4541 ,

463 4552 549 4610 sio
593 4568 708 4610 non
767 4553 840 4610 ob
885 4554 973 4611 sui
1041 4563 1319 4627 naturam,
1393 4557 1494 4613 sed
1547 4556 1619 4614 ob
1680 4556 1918 4615 istorum
1970 4558 2069 4616 du-

2199 4550 2317 4643 ἱλλὰ
2347 4553 2496 4643 παρὰ
2529 4551 2626 4625 τὴν
2657 4550 3327 4643 ἐκείνων-σκληρότηταςα
3361 4554 3727 4643 Θησαυρίζεις
3759 4581 3789 4609 »

459 4641 666 4700 ritiem.
695 4640 1104 4702 «Thesaurizas
1137 4666 1163 4695 ο
1190 4645 1359 4715 enim,
1383 4645 1481 4716 ait,
1520 4668 1543 4696 ι
1576 4646 1677 4704 tibi
1702 4647 1809 4720 ipsi
1833 4648 1976 4706 iram
2001 4668 2013 4704 :
2038 4672 2063 4699 π

456 4746 573 4790 non
604 4737 774 4802 Deus,
827 4734 922 4792 sed
950 4743 1011 4793 tu
1047 4735 1151 4792 tibi
1180 4736 1307 4809 ipsi.-
1340 4735 1541 4794 Unde?
1570 4752 1604 4795 a
1650 4739 1818 4795 corde
1844 4747 1944 4797 tuo
1986 4740 2064 4796 in-

456 4821 682 4879 ﬂexibili
703 4831 762 4880 et
786 4823 859 4881 ad
884 4825 1097 4883 bonum
1125 4826 1422 4885 obdurato.
1453 4827 1688 4900 Quando
1706 4830 1857 4887 enim
1884 4845 2064 4903 neque

454 4910 601 4970 bona
651 4912 903 4985 molliris,
951 4931 1133 4991 neque
1209 4924 1423 4975 terrore
1490 4918 1748 4989 ﬂecteris,
1805 4919 1936 4993 quid
2006 4929 2061 4978 te

450 5001 680 5060 durius?
725 5000 900 5062 Porro
940 5024 972 5061 ιι
998 5006 1147 5063 diem
1181 5006 1282 5064 ira:
1336 5031 1362 5058 »
1388 5007 1600 5079 dicens,
1646 5007 1844 5083 adjecit
1869 5009 2053 5083 simul,

454 5116 482 5143 «ι
526 5094 903 5153 Revelationis
946 5104 1003 5154 et
1020 5097 1157 5171 justi
1204 5096 1393 5171 judicii
1445 5098 1548 5156 Dei
1585 5114 1601 5155 ι
1657 5122 1684 5150 π
1727 5099 1895 5176 idque
1942 5117 2057 5159 non

446 5182 753 5254 immerito,
804 5202 875 5244 ne
904 5186 1028 5260 quis
1056 5203 1123 5244 ex
1168 5188 1449 5245 iracundia
1491 5188 1765 5261 judicium
1802 5206 1922 5248 esse
1961 5208 2056 5264 pu-

444 5281 542 5331 tet.
572 5276 821 5334 Detectio
856 5292 1096 5350 namque
1143 5277 1229 5347 ﬁt,
1278 5277 1484 5351 inquit,
1535 5278 1804 5337 omnium.
1867 5282 2051 5353 Quare

2175 4640 2465 4723 γὰρ,φησὶ,
2487 4668 2511 4696 ει
2528 4644 2735 4723 σεαυτῷ
2753 4641 2940 4723 ὀργήν.
2966 4670 2991 4695 ιν
3015 4640 3350 4723 ΟὐχὸΘεὸς,
3378 4641 3518 4702 ἀλλὰ
3539 4642 3601 4704 σὺ
3619 4667 3790 4706 σεαυ-

2172 4734 2273 4812 τῷ.
2300 4730 2501 4805 Πόθεν;
2529 4732 2657 4792 Ἀπὸ
2678 4736 2770 4805 τῆς
2806 4731 3082 4793 ἀνενδότου
3108 4733 3159 4771 δθ
3185 4731 3279 4793 καὶ
3305 4732 3437 4813 πρὸς
3476 4732 3538 4794 τὸ
3567 4734 3775 4813 ἀγαθὸν

2172 4823 2408 4903 σκληρᾶς
2436 4846 2531 4883 σου
2560 4821 2801 4904 καρδίας.
2824 4818 3003 4883 ⁶Οταν
3037 4820 3140 4904 γὰρ
3173 4823 3310 4901 μήτε
3432 4823 3781 4905 χρηστότητι

2169 4911 2420 4992 μαλάττῃ
2436 4958 2452 4988 ,
2481 4911 2618 4990 μήτε
2647 4911 2795 4995 φόϐῳ
2820 4912 3047 4995 κάμπτῃ
3063 4958 3080 4989 ,
3104 4912 3156 4972 τί
3181 4912 3532 4994 σκληρότερόν
3553 4909 3607 4953 ⁸⁷
3639 4933 3781 4994 σου,

2169 4999 2409 5084 Ἦμέραν
2442 5004 2496 5063 δὲ
2525 5004 2684 5085 ὀργῆς
2712 5001 2906 5079 εἰπὼν,
2938 5003 3179 5084 ἐπήγαγε
3207 5003 3301 5064 καὶ
3340 5003 3436 5083 τὸ,
3467 5030 3491 5058 ιι
3531 5003 3775 5066 Ἀποκα-

2167 5092 2372 5172 λύψεως
2401 5095 2491 5154 καὶ
2517 5094 2899 5177 δικαιοκρισίας
2925 5099 3067 5159 Θεοῦ
3090 5116 3107 5135 ο
3131 5116 3161 5154 ››
3196 5092 3438 5169 εἰκότως,
3461 5090 3552 5155 ἵνα
3580 5095 3657 5174 μὴ
3681 5119 3783 5161 νο-

2167 5186 2300 5266 μίσῃ
2327 5208 2431 5260 τις,
2460 5183 2542 5245 ὅτι
2579 5184 2698 5245 κατ’
2738 5183 2901 5266 ὀργὴν
2931 5188 2965 5258 ἡ
3008 5183 3206 5266 κρίσις.
3242 5183 3603 5268 Ἀποκάλυψις
3638 5185 3773 5272 γὰρ,

2163 5274 2310 5357 φησὶ,
2337 5275 2541 5356 γίνεται
2563 5274 2801 5336 πάντων.
2827 5274 3006 5335 τὨστε
3032 5275 3150 5335 κατ’
3175 5273 3325 5345 ἀξίαν
3356 5278 3461 5336 τῶν
3489 5278 3772 5340 ἀποκαλυ-

441 5379 545 5437 pro
582 5368 951 5424 revelatorum
982 5366 1182 5425 merito
1228 5367 1288 5423 ﬁt
1329 5367 1624 5426 retributio
1658 5387 1674 5426 :
1706 5386 1769 5427 ea
1824 5380 2050 5444 propter

2199 5365 2434 5445 τομένων
2465 5371 2498 5439 ἡ
2530 5368 2876 5435 ἁνταπόδοσις
2896 5386 2910 5402 ·
2941 5366 3028 5426 διὰ
3056 5371 3211 5426 τοῦτο
3238 5365 3293 5425 δὲ
3323 5366 3417 5426 καὶ
3457 5368 3766 5450 δικαιοκρι-

432 5452 651 5527 justum
679 5459 847 5515 etiam
897 5466 985 5517 est
1018 5457 1310 5532 judicium.
1353 5458 1458 5515 Hic
1501 5475 1652 5530 sane,
1691 5461 1820 5534 quia
1874 5477 2041 5536 opera

2199 5455 2267 5517 ία.
2303 5456 2572 5518 Ἐνταῦθα
2605 5458 2702 5536 μὲν
2730 5456 2856 5540 γὰρ,
2883 5457 3019 5518 διότι
3050 5455 3475 5539 συγκρύπτονται
3498 5458 3567 5518 τὰ
3595 5458 3758 5539 ἔργα,

445 5546 792 5621 occuluntur,
820 5564 934 5609 non
987 5563 1207 5625 semper
1240 5547 1448 5624 iustitia
1490 5550 1701 5610 obtinet
1741 5571 1754 5610 :
1784 5551 1895 5611 illic
1946 5568 2041 5612 au-

2199 5546 2238 5608 d
2287 5553 2442 5610 τοῦτο
2473 5549 2533 5609 οὗ
2561 5548 2789 5610 πάντοτε
2823 5546 2885 5609 τὸ
2930 5546 3132 5611 δίκαιον
3170 5551 3358 5631 κρατεῖ
3380 5569 3396 5590 ο
3428 5549 3538 5611 ἐκεῖ
3565 5546 3622 5611 δὲ
3664 5553 3739 5630 τῇ

1835 5670 2022 5733 Variae
2066 5670 2378 5739 lectiones;

514 5785 559 5824 ⁸³
584 5786 630 5844 ὦ
655 5789 883 5863 ἄνθρωπε
910 5807 984 5849 ω.
1059 5790 1101 5827 ⁸⁸
1128 5789 1216 5864 μὲν
1243 5809 1298 5852 οι
1373 5794 1417 5831 ⁸³
1450 5794 1670 5869 σωτηρία
1687 5812 1766 5856 m.
1842 5796 1889 5834 ⁸⁸
1911 5796 2158 5864 ἀναιδείας
2189 5816 2244 5859 0.
2320 5798 2365 5838 ⁸⁷
2390 5800 2482 5864 Τίς
2505 5795 2834 5874 σκληρότερός
2860 5817 2919 5859 0.
