4150 6436
317 499 421 551 365

1221 486 1574 545 ΕΧΡΟΞΙΤΙΟ
1614 489 1681 543 ΙΝ
1721 487 1928 544 EPIST.
1969 487 2060 544 AD
2098 488 2266 546 ROM.
2307 518 2376 528 —
2415 487 2566 543 CAP.
2611 489 2672 542 ll.

3535 487 3638 543 366

316 619 662 700 ἀποκαλύψει
687 616 876 678 ἕπεται
913 614 1352 696 ἠδικαιοκρισία.
1384 612 1704 692 Σημείωσαι
1744 611 1801 673 δὲ
1831 613 1926 688 τὴν

2060 628 2154 672 ,em
2183 614 2574 672 revelationem
2603 611 2852 685 sequitur
2871 577 3088 684 justum
3099 609 3396 684 judicium.
3426 610 3640 669 Obser-

320 708 626 794 περικοπὴν
652 707 852 782 ταύτην
869 753 885 784 ,
910 705 1358 784 συμϐαλλομένην
1387 728 1470 765 σοι
1490 706 1564 774 εἰς
1592 703 1675 779 τὸ,
1700 732 1724 758 σι
1747 705 1926 778 Σκλη-

323 806 464 884 ρυνῶ
493 799 594 874 τὴν
625 797 853 882 καρδίαν
901 794 1115 878 Φαραώ
1143 814 1157 832 ⁸
1200 817 1231 857 ι)
1285 795 1568 878 μονονουχὶ
1613 794 1718 876 γὰρ
1751 795 1926 855 ἐκεῖνα

322 890 666 974 παραφράζει
698 894 728 950 δ
761 891 988 956 Παῦλος.

412 1004 443 1041 σ
467 984 598 1050 Τοῖς
645 980 741 1060 μὲν
767 981 887 1038 καθ’
915 975 1189 1056 ὑπομονὴν
1233 976 1389 1056 ἔργου
1417 978 1618 1056 ἀγαθοῦ
1651 974 1804 1047 δόξαν
1834 974 1928 1036 καὶ

325 1072 488 1150 τιμὴν
517 1073 613 1132 καὶ
644 1071 947 1151 ἀφθαρσίαν
979 1073 1222 1142 ζητοῦσιν
1241 1113 1258 1147 ,
1291 1068 1432 1142 ζωὴν
1487 1065 1716 1127 αἰώνιον.
1749 1093 1774 1122 ιο
1823 1069 1931 1128 Εἰ·-

328 1160 479 1240 πὼνξ,
509 1161 593 1220 ὅτι
640 1158 911 1221 ἀποδώσει
951 1159 1159 1240 ἑκάστῳ
1192 1161 1220 1217 ὁ
1267 1157 1498 1239 Κύριος,
1552 1156 1658 1217 ἀπὸ
1703 1161 1798 1231 τῆς
1824 1163 1930 1218 τῶν

333 1256 547 1332 ἀγαθῶν
574 1251 893 1319 ἀντιδόσεως
925 1250 978 1290 θδ
1009 1247 1236 1330 ἤρξατο,
1281 1246 1602 1330 ἱλαρώτερον
1642 1246 1729 1307 τὸν
1775 1247 1930 1327 λόγον

333 1347 499 1405 ποιῶν
521 1365 535 1381 ο
565 1345 617 1403 ἐν
648 1342 703 1401 δὲ
733 1345 813 1422 τῷ
846 1343 1012 1401 εἰπεῖν
1031 1386 1048 1418 ,
1090 1367 1117 1391 σι
1145 1341 1273 1406 Τοῖς
1314 1336 1431 1397 καθ’
1477 1335 1752 1416 ὑπομονὴν
1779 1338 1932 1418 ἔργου

333 1437 535 1511 ἀγαθοῦ
556 1451 570 1468 ⁶
591 1453 622 1492 n
673 1431 767 1491 δύο
797 1435 972 1490 ταῦτα
1005 1431 1159 1503 δηλοῖ
1181 1448 1195 1465 ·
1231 1427 1290 1487 ἓν
1320 1427 1416 1508 μὲν
1438 1472 1453 1500 ,
1478 1425 1560 1486 ὅτι
1590 1429 1669 1486 δεῖ
1697 1425 1774 1505 μὴ
1803 1429 1932 1486 ἀνα-

331 1523 585 1596 πίπτειν,
632 1519 766 1598 μηδὲ
802 1523 1088 1602 ῥᾳθυμεῖν,
1127 1516 1244 1578 ἀλλ’
1275 1517 1553 1595 ὑπομένειν
1587 1516 1717 1597 ἄχρι
1749 1515 1933 1586 τέλους

330 1616 384 1674 ἐν
409 1615 489 1695 τῷ
518 1612 672 1691 καλῷ
699 1628 716 1646 ⁶
767 1609 945 1691 ἕτερον
978 1610 1070 1682 δὲ,
1115 1608 1197 1667 ὅτι
1230 1610 1289 1668 οὗ
1320 1606 1428 1688 χρὴ
1571 1607 1748 1666 πίστει
1797 1606 1932 1688 μόνῃ

330 1705 590 1784 θαῤῥεῖν·
639 1700 730 1761 καὶ
777 1698 936 1780 ἔργου
981 1698 1085 1781 γὰρ
1135 1700 1337 1778 ἀγαθοῦ
1381 1697 1560 1778 χρεία.
1611 1697 1932 1784 Ἀφθαρσίαν

327 1792 384 1851 δὲ
406 1777 586 1852 *εἶπὼν
604 1837 623 1872 ,
653 1790 750 1859 τὰς
776 1777 901 1872 περὶ
933 1777 1270 1855 ἀναστάσεως
1297 1777 1496 1866 ἀνοίγει
1532 1777 1709 1869 θύρας.
1747 1777 1886 1848 Εἶτα
1909 1831 1926 1862 ,

330 1882 518 1955 ἐπειδὴ
567 1881 762 1949 πάντες
821 1880 918 1959 μὲν
975 1878 1331 1958 ἀνιστάμεθα,
1384 1881 1444 1938 οὗ
1496 1877 1691 1946 πάντες
1739 1878 1794 1936 δὲ
1847 1877 1934 1936 ἐπὶ

2033 721 2100 763 va
2160 705 2344 762 locum
2397 703 2544 762 hunc
2587 703 2852 760 collatum
2919 701 3043 770 isti;
3098 721 3129 754 «
3185 700 3468 760 Indurabo
3534 719 3632 761 eor

2033 794 2368 854 Phraraonis
2385 796 2472 852 ι’.
2515 817 2540 845 α
2574 793 2775 852 Paulus
2802 792 2958 852 enim
2987 791 3076 850 illa
3091 791 3289 852 iisdem
3317 790 3432 851 fere
3462 792 3642 852 verbis

2033 887 2449 960 interpretatur.

2107 980 2283 1036 Vnus.
2332 983 2384 1032 7.
2419 1000 2446 1028 α
2481 977 2550 1035 lis
2590 975 2820 1050 quidem
2847 975 2939 1050 qui
2970 975 3274 1035 secundum
3305 975 3627 1050 patientiam

2034 1068 2169 1126 boni
2206 1069 2386 1142 operis
2413 1068 2649 1142 gloriam
2691 1075 2748 1126 et
2771 1066 3040 1125 honorem
3079 1075 3136 1125 et
3154 1068 3630 1142 incorruptionem

2038 1167 2314 1234 quaerunt,
2362 1159 2534 1216 vitam
2576 1165 2862 1216 aeternam.
2923 1181 2949 1208 π
3003 1159 3146 1216 Cum
3197 1157 3424 1216 dixisset
3478 1157 3632 1234 quod

2037 1273 2061 1299 σι
2099 1249 2390 1324 unicuique
2418 1249 2692 1307 Dominus
2719 1247 2935 1316 reddet,
2969 1271 2996 1299 »
3029 1265 3061 1306 a
3089 1248 3366 1308 bonorum
3397 1249 3631 1310 retribu-

2036 1340 2186 1398 tione
2207 1355 2366 1398 orsus
2395 1348 2495 1410 est,
2519 1339 2914 1413 jucundiorem
2935 1338 3037 1396 hac
3064 1340 3279 1398 ratione
3321 1340 3632 1400 orationem

2039 1429 2295 1488 reddens.
2343 1430 2590 1488 Dicendo
2619 1438 2828 1499 autem,
2860 1453 2888 1481 α
2934 1430 3001 1488 iis
3028 1429 3276 1504 quidem,
3308 1431 3402 1506 qui
3434 1448 3635 1512 secun-_

2039 1521 2174 1580 dum
2201 1521 2520 1596 patientiam
2549 1521 2729 1595 operis
2753 1520 2908 1589 boni,
2938 1545 2964 1572 υ
2999 1521 3113 1579 duo
3136 1521 3244 1581 ista
3283 1522 3582 1581 denuntiat
3625 1541 3640 1582 :

2041 1613 2298 1682 alterum,
2324 1612 2473 1685 quod
2517 1628 2636 1669 non
2682 1613 2752 1669 sit
2790 1628 2822 1668 a
2867 1611 3016 1669 bono
3045 1611 3424 1684 recidendum,
3473 1630 3654 1688 neque

2041 1701 2307 1776 ignaviter
2333 1702 2630 1775 agendum,
2659 1717 2852 1759 verum
2882 1701 2943 1758 in
2971 1701 3118 1758 bono
3150 1701 3221 1760 ad
3270 1703 3437 1762 ﬁnem
3473 1720 3647 1779 usque

2047 1792 2509 1865 perseverandum
2537 1813 2553 1864 ;
2579 1793 2841 1861 alterum,
2869 1791 3020 1866 quod
3042 1808 3159 1849 non
3198 1793 3303 1850 soli
3342 1794 3472 1852 ﬁdei
3503 1811 3636 1852 con-

2042 1883 2211 1940 ﬁdere
2239 1891 2492 1956 oporteat
2521 1902 2534 1940 :
2566 1899 2698 1940 nam
2718 1890 2774 1941 et
2796 1898 2963 1956 opere
3007 1881 3157 1939 bono
3202 1899 3342 1956 opus
3371 1895 3473 1942 est.
3504 1886 3648 1943 Cum

335 1981 447 2042 τοῖς
467 1972 674 2048 αὐτοῖς,
710 1957 830 2032 ἀλλί
872 1973 920 2032 οἱ
948 1969 1043 2050 μὲν
1076 1973 1147 2039 εἰς
1180 1967 1334 2038 δόξαν
1355 2015 1373 2050 ,
1401 1969 1449 2026 οἱ
1484 1969 1538 2028 δὲ
1573 1970 1642 2035 εἰς
1676 1968 1894 2050 κόλασιν
1923 1990 1938 2007 ο

2060 1974 2142 2044 ait,
2179 1992 2208 2027 «
2235 1973 2743 2048 Incorruptionem,
2779 1995 2805 2023 ιι
2845 1970 3239 2030 resurrectioni
3271 1971 3424 2031 fores
3451 1973 3647 2044 aperit.

337 2063 426 2123 διὰ
457 2069 646 2138 τοῦτο,
675 2063 771 2123 καὶ
815 2061 968 2132 δόξαν
998 2062 1090 2121 καὶ
1140 2057 1303 2140 τιμὴν
1339 2049 1504 2119 εἶπεν.
1549 2055 1744 2120 Ἔστιν
1791 2049 1881 2118 οὖν
1911 2061 1939 2119 ὁ

337 2162 442 2222 πᾶς
470 2153 626 2233 λόγος
652 2157 888 2222 τοιοῦτος
917 2173 930 2186 ⁸
968 2150 1039 2214 Ὀ
1069 2153 1205 2219 Θεὸς
1223 2194 1240 2224 ,
1274 2149 1436 2229 φησὶ,
1462 2157 1571 2218 τοῖς
1604 2149 1698 2228 μὲν
1725 2154 1943 2222 ζητοῦσι

336 2244 434 2317 τὴν
466 2246 767 2323 μέλλουσαν
813 2242 967 2312 δόξαν
997 2242 1088 2301 καὶ
1129 2239 1292 2320 τιμὴν
1313 2287 1329 2316 ,
1363 2239 1457 2300 καὶ
1487 2241 1571 2300 ἀεὶ
1615 2237 1942 2318 ἐνθυμουμέ-

339 2358 444 2404 νοις
465 2333 695 2409 ταύτην,
722 2332 800 2393 ἔτι
829 2333 884 2394 δὲ
909 2333 1002 2391 καὶ
1033 2331 1131 2404 τὴν
1165 2330 1495 2416 ἀφθαρσίαν,
1527 2331 1578 2389 ἐν
1710 2329 1946 2389 ἀναστά-

339 2447 423 2484 σει
453 2424 698 2502 δηλαδὴ,
732 2421 1002 2483 ἀποδώσει
1043 2420 1182 2495 ζωὴν
1213 2420 1450 2484 αἰώνιον.
1503 2423 1628 2488 Πῶς
1666 2419 1722 2480 δὲ
1767 2425 1946 2493 ζητεῖ-

337 2537 428 2574 ται
455 2519 492 2587 ἡ
526 2515 797 2592 μέλλουσα
820 2513 978 2590 δόξα,
1010 2511 1103 2571 καὶ
1134 2511 1307 2590 τιμὴ,
1336 2509 1429 2570 καὶ
1463 2508 1769 2592 ἀφθαρσία;
1805 2513 1943 2571 Καθ’

335 2606 612 2682 ὑπομονὴν
643 2603 802 2683 ἔργου
831 2604 1054 2682 ἀγαθοῦ.
1100 2599 1172 2663 ⁸0
1213 2601 1315 2682 γὰρ
1365 2603 1419 2660 ἐν
1453 2603 1529 2682 τῷ
1574 2601 1758 2680 ἀγαθῷ
1805 2599 1946 2682 ἔργῳ

340 2693 660 2773 ὃπομένων,
697 2693 790 2753 καὶ
824 2692 1052 2773 βεϐαίως
1083 2691 1367 2772 ἱστάμενος
1409 2689 1542 2772 πρὸς
1585 2691 1798 2750 ἅπαντα
1830 2713 1948 2750 πει-

347 2783 590 2867 ρασμδν,
626 2773 776 2852 οὗτος
817 2783 908 2842 καὶ
938 2782 1038 2854 τὴν
1066 2781 1219 2852 δόξαν
1260 2779 1354 2841 καὶ
1387 2779 1484 2854 τὴν
1529 2780 1691 2860 τιμὴν
1731 2783 1807 2860 τῷ
1837 2778 1948 2839 ὄντι

339 2879 525 2950 ζητεῖ,
555 2873 649 2934 καὶ
679 2873 776 2946 τὴν
809 2871 1102 2955 ἀφθαρσίαν
1124 2918 1141 2947 ,
1185 2871 1350 2952 ἤγουν
1378 2871 1474 2944 τὴν
1502 2874 1554 2932 ἐν
1581 2875 1659 2955 τῷ
1691 2869 1945 2954 ἀφθάρτῳ

340 2965 558 3045 σώματι
585 2967 694 3025 τῶν
723 2963 1006 3046 ἀφθάρτων
1048 2966 1260 3042 ἀγαθῶν
1292 2959 1613 3024 ἀπόλαυσιν.

2049 2063 2285 2134 Deinde,
2303 2064 2570 2138 quoniam
2599 2063 2783 2121 cuncti
2800 2062 3023 2136 quidem
3043 2063 3402 2137 resurgimus,
3419 2064 3520 2121 sed
3541 2080 3654 2122 non

2050 2155 2233 2213 cuncti
2251 2155 2321 2213 ad
2337 2155 2557 2224 eadem,
2575 2153 2671 2212 sed
2691 2153 2782 2210 alii
2810 2153 3040 2228 quidem
3055 2153 3126 2211 ad
3140 2153 3393 2228 gloriam,
3405 2155 3497 2212 alii
3519 2171 3650 2213 vero

2053 2245 2124 2303 ad
2135 2245 2497 2319 supplicium:
2522 2245 2643 2302 ideo
2659 2245 2966 2313 Gloriam,a
2988 2243 3165 2319 inquit
3181 2264 3209 2299 ιι
3229 2253 3285 2303 et
3304 2244 3596 2304 honorem.
3627 2269 3652 2298 ι

2052 2337 2193 2393 Tota
2217 2337 2401 2410 itaque
2440 2337 2549 2407 18
2574 2334 2841 2393 sententia
2870 2343 2954 2392 est
2979 2334 3299 2409 hujusmodi
3327 2353 3344 2392 :
3378 2338 3550 2406 Deus,
3573 2335 3658 2393 in-

2054 2426 2192 2500 quit,
2225 2425 2635 2498 inquirentibus
2659 2425 2902 2482 futuram
2931 2425 3166 2498 gloriam
3195 2434 3250 2483 et
3279 2426 3573 2495 honorem,
3595 2443 3660 2486 ac

2049 2530 2344 2587 nunquam
2368 2531 2482 2571 non
2531 2514 3028 2588 illacogitantibus,
3073 2525 3341 2588 praeterea
3369 2525 3557 2574 autem
3608 2525 3666 2574 et

2053 2605 2549 2679 incorruptionem,
2601 2605 2658 2662 in
2703 2604 3098 2663 resurrectione
3147 2606 3424 2677 videlicet,
3468 2606 3665 2665 reddet

2056 2697 2228 2754 vitam
2257 2704 2541 2754 aeternam.
2575 2700 2648 2752 At
2673 2711 2784 2769 quo
2826 2703 2988 2769 pacto
3031 2696 3299 2770 quaeritur
3328 2696 3511 2754 futura
3551 2699 3669 2772 glo-

2056 2786 2158 2857 ria,
2189 2787 2365 2846 honos
2385 2795 2440 2844 et
2474 2785 3001 2859 incorruptibilitas?
3034 2803 3130 2858 per
3173 2787 3358 2860 operis
3377 2787 3510 2845 boni
3541 2804 3669 2861 per-

2053 2878 2443 2935 severantiam.
2491 2879 2634 2934 Nam
2686 2876 2743 2933 in
2785 2893 2954 2950 opere
2995 2893 3347 2950 perseverans
3387 2878 3560 2950 bono,
3601 2896 3666 2937 ac

2050 2967 2288 3025 ﬁrmiter
2315 2967 2577 3026 adversus
2598 2967 2907 3041 quamlibet
2924 2968 3288 3026 tentationem
3334 2969 3642 3030 consistans
3657 3012 3674 3043 ,

337 3065 385 3122 is
411 3080 542 3120 cum
593 3061 826 3137 gloriam
847 3104 861 3132 ,
907 3070 1028 3119 tum
1075 3061 1346 3120 honorem
1388 3076 1514 3119 vere
1570 3058 1807 3134 quaerit,
1859 3065 1915 3117 et
1957 3056 2464 3133 incorruptionem,
2508 3058 2626 3116 sive
2669 3066 2732 3118 ut
2769 3057 3171 3134 incorruptibili
3218 3075 3450 3135 corpore
3488 3061 3674 3122 incor-

340 3154 702 3230 ruptibilibus
729 3153 892 3211 bonis
917 3151 1149 3211 fruatur.

428 3273 453 3300 ι
481 3248 612 3314 Τοῖς
644 3243 698 3305 δὲ
731 3242 784 3314 ἐξ
812 3241 1066 3327 ἐριθείας,
1096 3242 1187 3305 καὶ
1221 3243 1495 3304 ἀπειθοῦσι
1546 3240 1642 3322 μὲν
1687 3243 1755 3323 τῇ
1804 3240 1944 3316 ἀλη-

2135 3249 2314 3308 Vens.
2345 3254 2457 3306 8-9.
2482 3271 2507 3300 α
2530 3248 2633 3307 His
2651 3256 2843 3308 autem
2866 3249 2959 3324 qui
2986 3257 3116 3308 sunt
3129 3266 3202 3309 ex
3227 3251 3587 3312 contentione
3617 3262 3678 3314 et

345 3336 491 3420 θεία,
538 3334 871 3414 πειθομένοις
918 3333 976 3393 δὲ
1137 3333 1354 3416 ἀδικίᾳ,
1394 3332 1586 3411 θυμὸς,
1636 3330 1727 3393 καὶ
1776 3329 1951 3413 ὀργὴ,

345 3426 440 3488 καὶ
483 3429 696 3508 etiam,
747 3425 842 3485 καὶ
887 3424 1210 3506 στενοχωρία
1262 3425 1349 3484 ἐπὶ
1391 3432 1574 3483 πᾶσαν
1622 3420 1802 3502 ψυχὴν
1857 3423 1954 3481 ἀν-

354 3516 567 3597 θρώπου
617 3520 715 3576 τοῦ
753 3514 1214 3597 κατεργαζομένου
1249 3513 1311 3574 τὺ
1356 3512 1554 3589 κακὸν,
1586 3511 1843 3574 Ἰουδαίου
1900 3536 1958 3571 τε

357 3609 570 3686 πρῶτον
593 3649 610 3679 ,
648 3607 739 3665 καὶ
773 3605 1063 3680 Ἕλληνος.
1087 3626 1118 3664 ))
1156 3603 1394 3687 Ἐριθεία
1436 3603 1649 3687 λέγεται
1677 3608 1711 3676 ἡ
1741 3608 1961 3683 φιλονει-

358 3684 454 3756 κία
477 3741 494 3771 ,
527 3694 620 3752 καὶ
646 3699 680 3766 ἡ
709 3695 889 3777 ἄλογος
921 3697 1185 3763 ἔνστασις.
1223 3684 1252 3754 ά
1280 3697 1409 3762 Τοῖς
1447 3684 1537 3752 οὖν
1564 3693 1615 3761 ἐξ
1649 3691 1950 3775 ἐριθείας,›)

359 3784 525 3868 φησὶ,
552 3783 815 3860 τουτέστι,
846 3788 954 3854 τοῖς
993 3789 1296 3867 ἐριστικοῖς.
1330 3783 1586 3845 Δείκνυσι
1615 3783 1670 3842 δὲ
1698 3786 1956 3857 ἐνταῦθα,

359 3878 465 3936 οὐκ
509 3874 614 3934 ἀπὸ
656 3877 890 3955 ἀγνοίας,
921 3877 1042 3936 ἀλλ’
1093 3876 1200 3936 ἀπὸ
1229 3873 1548 3958 φιλονεικίας
1581 3871 1843 3954 πονηροὺς
1879 3897 1962 3951 γι-

357 3965 610 4045 νομένους
633 3985 649 4001 ⁸
681 3965 796 4027 ὅθεν
843 3966 937 4027 καὶ
972 3963 1365 4047 ἀσόγγνωστοι.
1419 3963 1580 4024 Ἀλλὰ
1625 3963 1714 4022 καὶ
1766 3963 1828 4022 τὸ
1875 3964 1963 4022 εὖ·

359 4062 562 4116 πειθεῖν
589 4059 642 4105 59
692 4057 790 4134 μὲν
837 4062 904 4139 τῇ
942 4059 1154 4138 ἀδικίᾳ,
1206 4055 1282 4134 μὴ
1321 4053 1594 4115 πείθεσθαι
1631 4053 1686 4112 δὲ
1732 4057 1798 4135 τῇ
1833 4055 1965 4139 ἀλη-

360 4148 474 4229 θεία
501 4195 518 4224 ,
557 4133 927 4229 προαιρέσεώς
971 4133 1113 4207 ἐστιν
1140 4133 1488 4228 ’ἁμάρτημαο
1546 4146 1627 4204 Οὐ
1664 4133 1783 4224 γὰρ.
1816 4133 1964 4218 εἶπε,

354 4238 730 4316 Βιαζομένοις,
764 4237 1230 4320 τυραννουμένοις,
1267 4235 1430 4310 ἀλλὰ,
1468 4256 1497 4294 α
1530 4233 1894 4312 Πειθομένοις.
1937 4260 1962 4288 η

354 4325 507 4409 Ὅρα
539 4328 597 4387 δὲ
652 4331 768 4396 πῶς
815 4327 914 4402 τὴν
964 4327 1059 4404 μὲν
1113 4327 1254 4401 ζωὴν
1300 4325 1398 4398 τήν
1428 4323 1640 4384 αἰώνιον
1692 4324 1780 4383 τὸν
1831 4323 1968 4385 Θεὸν

357 4409 504 4479 εἶπεν
538 4419 859 4479 ἀποδώσειν·
890 4419 958 4479 τὰ
987 4417 1042 4479 δὲ
1071 4416 1393 4498 σκυθρωπὰ,
1427 4413 1625 4478 οὐκέτι.
1672 4437 1706 4498 ιι
1732 4413 1920 4493 Θυμὸς
1944 4443 1969 4466 υ

357 4510 486 4589 γὰρ,
519 4509 679 4590 φησὶ,
713 4537 737 4564 ι
763 4510 857 4569 καὶ
901 4506 1067 4590 ὀργὴ,
1097 4509 1187 4569 καὶ
1210 4495 1424 4589 θλῖψις·
1456 4527 1486 4564 n
1527 4508 1621 4565 οὐκ
1657 4495 1803 4564 εἶπεν
1823 4550 1840 4579 ,
1884 4503 1964 4564 ὅτι

358 4598 776 4671 Ἀποδοθήσεται
804 4599 954 4681 παρὰ
988 4603 1165 4672 Θεοῦ,
1203 4594 1322 4658 ἀλλ’
1353 4596 1530 4657 εἴασεν
1567 4594 1734 4664 οὕτως
1767 4596 1962 4654 ἀπολε-

2067 3341 2160 3414 qui
2189 3356 2304 3397 non
2339 3339 2702 3414 aequiescunt
2733 3341 2972 3412 veritati,
3003 3341 3235 3400 credunt
3259 3351 3450 3402 autem
3480 3343 3674 3420 iniqui—

2068 3431 2185 3501 tati,
2237 3431 2316 3487 ira
2373 3438 2430 3488 et
2479 3429 2804 3504 indignatio,
2860 3431 3149 3489 tribulatio
3200 3441 3255 3490 et
3301 3435 3558 3509 angustia
3620 3435 3678 3494 in

2066 3536 2296 3578 omnem
2339 3519 2587 3577 animam
2625 3520 2866 3578 hominis
2909 3521 3165 3595 operanti
3204 3524 3452 3594 malum;
3492 3525 3675 3585 Judaei

2069 3607 2316 3680 pirmum
2348 3615 2403 3664 et
2429 3608 2632 3665 Graeci.
2680 3631 2708 3658 ι
2760 3607 3000 3682 Ἐριθεία,
3032 3611 3087 3668 id
3114 3619 3196 3669 est
3230 3635 3256 3662 α
3307 3617 3610 3680 contentio,
3647 3640 3674 3668 :-

2068 3713 2230 3754 amor
2259 3705 2341 3754 est
2376 3697 2552 3754 litium
2581 3706 2634 3754 et
2659 3699 2990 3756 irrationalis
3011 3701 3264 3774 quaedam
3294 3704 3613 3776 pertinacia.
3649 3730 3675 3758 ιι

2073 3809 2100 3837 α
2127 3787 2227 3844 His
2255 3787 2422 3861 igitur
2442 3789 2536 3861 qui
2562 3798 2693 3845 sunt
2715 3805 2780 3846 ex
2805 3793 3184 3862 contentione,
3211 3815 3236 3842 υ
3269 3792 3466 3867 inquit,
3498 3795 3553 3853 id
3570 3804 3674 3867 est,

2069 3877 2456 3935 contentiosis.
2482 3879 2696 3936 indicat
2720 3889 2909 3937 autem
2929 3880 3017 3937 hic
3062 3897 3176 3938 non
3221 3897 3288 3940 ex
3344 3883 3675 3957 ignorantia,

2073 3967 2169 4025 sed
2197 3984 2228 4026 θ
2255 3968 2436 4026 studio
2479 3969 2696 4026 rixandi
2733 3986 2930 4043 pravos
2957 3970 3130 4030 factos
3161 3991 3174 4030 :
3205 3972 3352 4031 unde
3377 3973 3525 4033 haud
3553 3983 3684 4033 sunt

2075 4058 2234 4115 venia
2264 4058 2442 4132 digni.
2492 4062 2786 4132 Praeterea,
2832 4061 3058 4119 obedire
3101 4063 3330 4136 quidem
3376 4065 3682 4139 iniustitiae,

2077 4164 2179 4206 nec
2231 4148 2459 4208 obedire
2512 4150 2748 4220 veritati,
2798 4151 3066 4226 propositi
3122 4169 3220 4212 seu
3262 4154 3545 4214 electionis
3603 4166 3688 4215 est

2079 4247 2388 4312 peccatum.
2415 4243 2540 4298 Non
2552 4241 2706 4299 enim
2722 4241 2881 4310 dixit,
2909 4243 2976 4300 Vi
2995 4244 3268 4316 oppressis
3293 4247 3377 4304 vel
3394 4247 3686 4321 tyrannide

2079 4331 2337 4402 gravatis,
2388 4347 2584 4388 verum
2621 4354 2645 4380 κ
2695 4332 3111 4391 Obedientibus.
3161 4358 3185 4385 ιο
3218 4335 3462 4395 Observa
3498 4346 3682 4396 autem

2079 4420 2362 4493 quomodo
2395 4422 2562 4478 vitam
2585 4430 2854 4479 aeternam
2883 4427 3035 4481 Deus
3063 4424 3268 4483 dixerit
3304 4427 3682 4486 redditurum:

2077 4510 2249 4567 tristia
2275 4527 2404 4568 vero
2429 4527 2545 4570 non
2574 4513 2726 4570 item.
2751 4535 2777 4562 α
2812 4511 3126 4587 Indignatio
3163 4538 3188 4564 ιο
3221 4515 3392 4586 enim,
3418 4517 3517 4586 ait,
3551 4541 3576 4566 α
3606 4517 3683 4574 ira

2073 4607 2130 4656 et
2170 4599 2402 4658 afﬂictio
2453 4621 2466 4658 :
2505 4625 2531 4653 ν
2578 4619 2695 4661 non
2721 4603 2940 4677 adjicit,
2979 4605 3125 4678 quod
3154 4621 3185 4661 a
3213 4607 3333 4663 Deo
3364 4605 3686 4678 reddentur,

359 4689 623 4768 λυμένον,
670 4688 812 4750 ὥστε
862 4695 1102 4750 νοεῖσθαι
1138 4689 1190 4737 7°
1247 4688 1342 4764 τὸ,
1385 4686 1557 4746 ἔσται.
1600 4688 1684 4748 Τὸ
1739 4685 1834 4763 μὲν
1865 4684 1951 4764 γὰε

2077 4689 2174 4747 sed
2225 4690 2298 4746 ita
2345 4691 2572 4765 reliquit
2641 4675 3013 4761 absolutum,—
3041 4701 3103 4750 ut
3157 4675 3687 4769 subintelligeretur,

364 4783 646 4848 ζωοποιεῖν
667 4827 685 4858 ,
722 4779 854 4839 ἴδιον
891 4781 1064 4840 Θεοῦ’
1099 4782 1132 4850 ἡ
1164 4777 1218 4838 δὲ
1241 4777 1458 4846 κόλασις
1477 4823 1494 4856 ,
1523 4775 1629 4835 ἀπὸ
1651 4781 1746 4849 τῆς
1773 4773 1971 4852 ἡμετέ-

368 4893 466 4951 ρας
498 4870 756 4951 ῥαθυμίας
784 4876 914 4945 ἡμῖν
942 4869 1135 4929 ἔπεισι.
1173 4872 1366 4930 nam
1393 4865 1449 4927 δὲ
1480 4865 1661 4948 ψυχὴν
1689 4863 1973 4947 ἀνθρώπου

368 4957 558 5029 εἰπὼν,
596 4959 873 5041 συστέλλει
902 4958 989 5020 τὸν
1019 4965 1183 5041 τῦφον
1212 4961 1316 5019 τῶν
1347 4955 1663 5036 Ῥωμαίων.
1720 4954 1842 5017 Κᾶν
1870 4953 1974 5038 γὰρ

370 5040 681 5130 βασιλεὺς
707 5069 818 5125 τις,
853 5050 912 5108 οὐ
943 5040 1188 5130 φεύξεται
1217 5047 1316 5122 τὴν
1341 5046 1512 5123 δίκην,
1538 5045 1598 5106 τὸ
1628 5044 1790 5106 κακὸν
1835 5069 1970 5105 κατ·

369 5140 761 5221 εργαζόμενος,
797 5140 1067 5200 τουτέστιν
1101 5139 1364 5218 ἐπιμένων
1385 5183 1402 5212 ,
1448 5135 1541 5197 καὶ
1569 5134 1644 5216 μὴ
1676 5138 1970 5214 μετανοῶν.

366 5220 451 5291 Οὗ
488 5229 592 5309 γὰρ
625 5220 805 5305 εἶπεν,
844 5229 1266 5311 Ἐργαζόμενος,
1305 5227 1446 5287 ἀλλὰ
1483 5248 1514 5286 ι’(
1557 5224 1974 5308 Κατεργαζόμε-

370 5341 457 5387 νος
481 5363 499 5392 ,
538 5343 566 5377 ι
601 5320 766 5397 ἤγουν
812 5321 1043 5401 μελέτην
1078 5318 1391 5398 ποιούμενος
1419 5316 1480 5378 τὸ
1519 5316 1706 5388 κακόν.
1752 5314 1974 5388 Ἐπειδὴ

375 5409 432 5469 δὲ
468 5415 498 5470 ὁ
529 5409 784 5479 Ἰουδαῖος
833 5411 1074 5478 πλείονος
1121 5411 1397 5470 ἀπέλαυσε
1446 5410 1540 5481 τῆς
1590 5407 1976 5481 διδασκαλίας,

2078 4780 2200 4838 erit.
2235 4781 2377 4836 Nam
2421 4781 2694 4840 viviﬁcare
2732 4784 3015 4856 proprium
3042 4793 3126 4841 est
3160 4784 3263 4842 Dei
3297 4804 3309 4842 :
3361 4802 3527 4860 poena
3555 4803 3688 4845 vero

2082 4885 2113 4927 a
2158 4877 2344 4927 nostra
2394 4871 2649 4929 socordia
2696 4871 2915 4930 accidit.
2967 4876 3108 4932 Cum
3150 4889 3342 4934 autem
3390 4899 3418 4926 α
3463 4893 3694 4936 omnem

2085 4960 2329 5017 animam
2357 4959 2598 5018 hominis
2661 4986 2688 5014 ι»
2749 4964 2846 5036 ait,
2879 4964 3155 5022 contrahit
3201 4975 3256 5023 et
3297 4967 3584 5026 imminuit
3620 4967 3694 5026 fa-

2081 5059 2233 5108 stum
2248 5053 2656 5109 Romanorum.
2681 5053 2899 5111 Etiamsi
2920 5051 3067 5112 enim
3089 5056 3388 5128 imperator
3411 5056 3690 5131 quispiam

2083 5138 2266 5210 fuerit,
2312 5157 2424 5198 non
2468 5141 2660 5199 evadet
2678 5142 2975 5216 judicium,
3007 5144 3055 5201 si
3084 5145 3295 5202 malum
3335 5155 3610 5219 operatur,
3642 5147 3700 5204 id

2083 5237 2189 5300 est,
2219 5230 2262 5286 si
2291 5241 2600 5304 perseverat
2652 5233 2711 5290 in
2760 5235 2932 5304 malo,
2978 5242 3036 5292 et
3066 5250 3178 5291 non
3230 5235 3538 5309 resipiscat.
3570 5239 3698 5294 Non

2083 5322 2233 5378 enim
2276 5322 2436 5392 dixit,
2467 5319 2819 5397 ἔργαζόμενος,
2875 5326 2929 5384 id
2979 5334 3082 5396 est,
3130 5335 3406 5399 operatus,
3454 5326 3553 5386 sed
3598 5327 3701 5381 lia.

2086 5411 2468 5486 τεργαζόμενος,
2519 5414 2626 5473 hoc
2658 5425 2762 5486 est,
2811 5425 3218 5489 perseveranter
3268 5433 3524 5492 operans,
3586 5419 3702 5476 sive

379 5500 614 5578 μείζονος
648 5502 740 5562 καὶ
771 5501 1036 5586 τιμωρίας
1065 5501 1207 5572 ἄξιος
1239 5498 1304 5560 ἂν
1344 5498 1448 5574 εἴη.
1499 5520 1530 5559 (ι
1550 5495 1780 5560 Δυνατοὶ
1811 5521 1842 5556 κ
1875 5495 1944 5598 γὰ

2088 5503 2413 5564 exercitium
2452 5503 2656 5565 faciens
2702 5522 2770 5566 ex
2809 5507 2977 5568 malo.
3023 5507 3303 5580 Quoniam
3359 5525 3491 5570 vero
3517 5508 3702 5569 Judaei

470 5645 534 5689 ν’
563 5645 738 5706 Exod.
770 5661 861 5718 tv,
897 5653 985 5705 21.

1786 5719 1982 5784 Variae
2026 5719 2336 5786 lectiones.

457 5893 502 5931 ⁸³
527 5895 896 5960 ἀνταποόᾀσεως
929 5913 985 5955 ο,
1070 5887 1115 5928 ⁸³
1145 5889 1366 5947 ἀπειθεῖν
1397 5887 1483 5963 μὲν
1513 5892 1576 5964 τῇ
1605 5886 1849 5961 ἀληθείᾳ,
1876 5889 2128 5946 πείθεσθαι
2161 5889 2213 5946 δὲ
2240 5885 2300 5964 τῇ
2329 5890 2498 5966 ἀδικίᾳ
2519 5909 2571 5950 ο.
2648 5887 2695 5926 ⁷ο
2725 5892 2912 5948 νοεῖται
2938 5905 2987 5950 ο.
