4150 6432
418 413 519 467 369

1359 412 1711 472 EXPOSITIO
1752 414 1816 472 [Ν
1854 416 2067 475 EPIST.
2108 419 2200 476 AD
2238 418 2405 477 ROM.
2444 450 2516 463 —
2551 421 2701 478 CAP.
2742 423 2807 478 ll.

3636 422 3742 477 370

415 537 512 612 τὴν
562 542 657 598 τοῦ
689 539 857 616 νόμου
894 538 1114 620 ἀργίαν·
1160 538 1296 601 ὅπου
1327 563 1420 620 γε,
1458 539 1547 602 ὅτε
1590 541 1737 614 ἤνθει
1788 542 1857 603 τὰ
1915 542 1982 602 σὰ
2007 589 2023 618 ,

2140 544 2305 602 rebus
2346 561 2377 603 a
2413 546 2608 606 Judan
2649 548 2784 605 nihil
2834 546 3089 622 prohibet
3133 549 3430 622 quominus
3483 561 3741 621 peraeque

415 636 652 716 ἰσότιμός
675 661 763 698 σοι
788 628 853 711 ἧν
882 641 912 698 6
930 636 1168 714 Ἕλλην,
1198 637 1259 699 τὸ
1286 638 1482 718 ἀγαθὸν
1507 641 1698 703 ποιῶν.

2118 639 2441 696 honoratur.
2472 638 2711 697 Proinde
2733 655 2804 696 ne
2834 639 3108 713 glorieris,
3150 638 3362 708 Iudaee,
3388 646 3583 696 contra
3605 653 3735 696 eum

416 736 511 809 qui
560 745 647 795 est
673 753 741 795 ex
781 738 1035 811 gentibus
1053 778 1070 807 ,
1113 744 1240 812 post
1276 738 1409 812 legis
1436 739 1888 815 abrogationem,
1918 740 2047 814 ubi,
2092 727 2318 810 quando
2347 736 2444 786 tua
2474 729 2779 801 ﬂorebant,
2824 729 3037 788 honore
3064 730 3163 789 tibi
3208 747 3309 805 par
3330 738 3451 789 erat
3473 730 3728 799 Graecus,

412 826 624 885 bonum
650 826 876 886 faciens.

506 941 538 977 α
562 918 732 979 Ὅσοι
766 917 872 1000 γὰρ
923 915 1134 996 ἀνόμως
1184 917 1426 997 ἥμαρτον
1448 963 1465 993 ,
1514 919 1725 1000 ἀνόμως
1761 921 1852 982 καὶ
1894 924 2024 984 ἀπο·

420 1011 653 1069 λοῦνται·
712 1008 805 1068 καὶ
842 1007 958 1067 ὅσοι
1014 1006 1244 1085 ἐννόμως
1287 1006 1338 1048 ⁷⁸
1385 1007 1663 1091 ἥμαρτον,
1725 1011 1813 1072 διὰ
1859 1012 2022 1091 νόμου

424 1100 781 1180 κριθήσονται.
813 1100 897 1160 Οὐ
944 1097 1048 1178 γὰρ
1102 1099 1153 1157 οἱ
1197 1098 1460 1179 ἀκροαταὶ
1492 1105 1587 1160 τοῦ
1631 1100 1793 1179 νόμου
1829 1102 2022 1162 δίκαιοι

423 1189 574 1270 παρὰ
594 1193 668 1270 τῷ
696 1192 855 1269 Θεῷ,
886 1189 1007 1247 ἀλλ’
1049 1190 1097 1246 οἱ
1139 1187 1362 1259 ποιηταὶ
1391 1193 1487 1247 τοῦ
1533 1190 1701 1268 νόμου
1733 1190 2019 1265 δικαιωθή-

425 1302 630 1342 σονται.
660 1302 688 1337 ι
723 1275 968 1347 Ἔδειξεν
1010 1275 1154 1357 ἀνω,
1191 1275 1273 1336 ὅτι
1318 1286 1547 1357 τιμᾶται
1596 1281 1689 1341 καὶ
1736 1284 1765 1340 ὁ
1809 1280 2022 1357 Ἕλλην

420 1368 609 1441 ἐπίσης
636 1371 712 1449 τῷ
742 1365 986 1447 Ἰουδαίῳ
1004 1389 1019 1404 ·
1048 1370 1139 1425 νῦν
1164 1366 1427 1428 δείκνυσιν
1445 1414 1463 1447 ,
1490 1368 1572 1429 ὅτι
1612 1371 1664 1429 ἐν
1803 1370 2022 1431 κολάσει

421 1456 692 1539 βαρυτέρα
719 1461 754 1530 ἡ
784 1455 1099 1537 κατάκρισις
1131 1456 1183 1495 ⁷⁵
1232 1460 1310 1538 τῷ
1351 1457 1616 1541 Ἰουδαίῳ.
1650 1462 1723 1521 Οἱ
1768 1460 1865 1540 μὲν
1916 1460 2022 1540 γὰρ

418 1546 721 1621 Ἕλληνες,
754 1546 947 1629 φησὶν,
991 1545 1199 1624 ἀνόμως
1230 1545 1505 1628 ἥμαρτον,
1537 1549 1811 1625 τουτέστι,
1859 1549 2023 1631 χωρὶς

416 1642 517 1710 τῆς
578 1636 684 1697 ἀπὸ
722 1641 814 1696 τοῦ
865 1634 1032 1713 νόμου
1086 1636 1436 1719 κατηχήσεως
1459 1663 1471 1677 ·
1531 1639 1611 1700 διὸ
1667 1640 1759 1699 καὶ
1812 1640 2023 1719 ἀνόμως

420 1730 772 1805 ἀπολοῦνται,
794 1726 1039 1786 τουτέστι
1053 1774 1069 1801 ,
1086 1726 1513 1801 κολασθήσονται
1538 1731 1912 1811 ἐλαφρότερον,
1945 1728 2021 1809 μὴ

2202 922 2382 978 Vsus.
2414 925 2597 989 12,13.
2636 942 2663 969 α
2693 920 3021 996 Quicunque
3046 921 3199 978 enim
3227 922 3345 978 sine
3374 922 3493 994 lege
3535 935 3732 993 pecca-

2133 1018 2354 1079 verunt,
2383 1010 2502 1067 sine
2522 1011 2641 1084 lege
2687 1020 2743 1068 et
2767 1012 3025 1084 peribunt
3057 1032 3069 1068 :
3114 1021 3169 1069 et
3194 1012 3507 1085 quicunque
3526 1010 3580 1066 in
3611 1009 3734 1081 lege

2130 1108 2520 1173 peccaverunt,
2575 1116 2675 1173 per
2719 1102 2899 1174 legem
2940 1101 3359 1176 judicabuntur.
3400 1104 3528 1158 Non
3582 1099 3733 1157 enim

2131 1188 2416 1247 auditores
2444 1189 2577 1263 legis
2596 1192 2735 1264 justi
2781 1200 2913 1249 sunt
2959 1190 3107 1264 apud
3136 1196 3340 1262 Deum,
3368 1190 3465 1249 sed
3492 1190 3734 1247 factores

2132 1284 2264 1357 legis
2304 1284 2778 1359 justiﬁcabuntur.
2811 1308 2838 1335 ι
2871 1286 3141 1344 Indicavit
3179 1302 3364 1360 supra,
3390 1284 3542 1360 quod
3578 1286 3734 1342 Grie-

2131 1390 2231 1431 cus
2245 1375 2441 1432 eodem
2464 1391 2593 1432 cum
2615 1376 2810 1433 Iudaeo
2832 1375 3049 1434 honore
3068 1375 3314 1434 afﬁcitur
3338 1392 3524 1433 :nunc
3550 1383 3735 1431 osten-

2129 1464 2213 1522 dit
2238 1464 2388 1537 quod
2414 1465 2665 1538 supplicii
2696 1475 2947 1538 tempore
2971 1468 3191 1539 gravior
3217 1465 3416 1524 Iudaeo
3439 1466 3629 1523 futura
3662 1465 3735 1521 sit

2130 1554 2538 1612 condemnatio.
2571 1557 2750 1614 Graeci
2776 1557 2947 1627 enim,
2978 1557 3180 1631 inquit,
3218 1580 3244 1606 ι
3285 1557 3407 1614 sine
3459 1556 3577 1630 lege
3606 1571 3731 1629 pec-

2131 1653 2417 1713 caverunt,
2448 1669 2473 1695 ιι
2508 1646 2615 1702 hoc
2652 1655 2755 1715 est,
2790 1648 2910 1703 sine
2935 1662 2999 1704 ea
3025 1663 3149 1719 qum
3177 1663 3274 1721 per
3302 1648 3487 1719 legem
3525 1654 3609 1703 est
3640 1646 3727 1702 in-

2131 1735 2439 1793 structione
2472 1754 2485 1792 :
2521 1746 2808 1809 propterea
2836 1760 2861 1787 α
2895 1744 2952 1794 et
2999 1737 3120 1793 sine
3148 1739 3265 1810 lege
3308 1736 3570 1810 peribunt
3614 1759 3639 1785 ιι
3672 1735 3729 1793 id

417 1817 631 1898 ἔχοντες
657 1818 748 1877 τὸν
776 1816 938 1893 νόμον
957 1821 1355 1899 κατηγοροῦντα
1377 1839 1391 1855 ·
1422 1818 1484 1878 τὸ
1508 1819 1633 1902 γὰρ,
1664 1848 1688 1874 α
1718 1819 1970 1899 Ἀνόμως,
1993 1846 2019 1874 ιε

2132 1833 2238 1894 est,
2280 1825 2577 1898 punientur
2610 1826 2798 1894 levius,
2826 1835 2890 1884 ut
2912 1827 3003 1899 qui
3034 1828 3209 1901 legem
3238 1834 3587 1883 accusantem
3616 1841 3731 1882 non

414 1909 584 1989 χωρὶς
612 1911 706 1980 ἧς
742 1906 942 1967 ἐκείνου
988 1907 1384 1989 κατακρίσεως,
1428 1908 1594 1974 ἔστιν.
1669 1909 1739 1972 Ὁ
1778 1910 1834 1970 δὲ
1874 1909 2018 1972 Ἰου-

418 2001 565 2065 δαῖος
612 1997 841 2075 ἐννόμως
889 1995 1154 2076 ἥμαρτεν·
1204 1998 1235 2058 8
1284 2000 1428 2077 ἐστι,
1479 2000 1617 2076 μετὰ
1646 2004 1741 2073 τῆς
1792 2000 1900 2061 ἀπὸ
1926 2004 2022 2060 τοῦ

424 2089 589 2167 νόμου
614 2086 669 2127 ⁸ο
695 2086 1080 2167 κατηχήσεως·
1124 2086 1203 2147 διὸ
1245 2088 1337 2147 καὶ
1386 2087 1617 2166 ἐννόμως
1670 2090 2021 2171 κριθήσεται,

422 2179 542 2237 ἀντὶ
599 2183 721 2251 τοῦ,
770 2176 1263 2257 κατακριθήσεται,
1310 2183 1406 2238 τοῦ
1450 2177 1615 2257 νόμου
1661 2180 2024 2261 σφοδροτέρως

420 2269 568 2346 αὐτῷ
612 2266 952 2345 ἐπικειμένου
1018 2266 1111 2326 καὶ
1156 2274 1609 2350 κατηγοροῦντος,
1663 2270 1754 2329 καὶ
1805 2269 2023 2350 μείζονα

417 2357 516 2429 τὴν
560 2357 858 2431 καταδίκην
910 2363 1201 2425 ποιοῦντος.
1264 2349 1391 2426 Πῶς
1418 2349 1506 2417 οὖν
1543 2358 1712 2439 λέγεις
1731 2405 1748 2436 ,
1800 2349 1845 2419 ὦ
1887 2359 2026 2421 Ἰου-

419 2448 566 2517 δαῖε,
597 2446 678 2506 ὅτι
708 2447 791 2508 Οὐ
844 2445 1036 2522 δέομαι
1074 2449 1167 2519 τῆς
1214 2446 1464 2527 χάριτος,
1515 2440 1603 2507 οἷα
1647 2453 1707 2509 ἐκ
1735 2455 1831 2508 τοῦ
1860 2449 2025 2527 νόμου

416 2536 815 2613 δικαιούμενοςς
864 2534 1003 2595 Ἰδοὺ
1047 2535 1149 2616 γὰρ
1183 2538 1429 2617 ἐδείχθης
1461 2537 1565 2596 ὑπὸ
1594 2543 1688 2598 τοῦ
1718 2538 1883 2618 νόμου
1918 2562 2026 2615 μη-

415 2626 503 2687 δὲν
561 2626 950 2707 ὠφελούμενος.
1004 2623 1185 2685 Ὥστε
1235 2631 1470 2709 τῆςῌτοῦ
1519 2629 1752 2708 Χριστοῦ
1805 2627 2026 2709 χάριτος

414 2716 631 2796 [nith
662 2718 865 2793 μᾶλλον
896 2714 931 2786 ἢ
961 2718 990 2774 ὁ
1023 2713 1233 2787 Ἕλλην
1253 2759 1271 2789 ,
1303 2707 1391 2776 οἶα
1421 2715 1497 2793 μὴ
1536 2707 1841 2785 δικαιωθεὶς
1870 2707 2025 2799 παρὰ

412 2809 544 2887 Θεῷ
576 2806 638 2865 ἐκ
672 2805 835 2881 μόνης
867 2809 962 2877 τῆς
1014 2811 1107 2865 τοῦ
1138 2805 1304 2883 νόμου
1353 2805 1683 2887 ἀκροάσεως.
1730 2806 1896 2887 Παρὰ
1926 2807 2025 2883 μὲν

411 2896 521 2976 γὰρ
572 2894 905 2974 ἀνθρώποις,
930 2898 981 2955 οἱ
1027 2894 1294 2975 ἀκροαταὶ
1340 2899 1435 2955 τοῦ
1474 2893 1672 2973 νόμου,
1716 2896 1900 2974 σεμνοὶ
1930 2895 2027 2956 δύ-

411 3008 603 3045 νανται
634 2985 947 3066 φαίνεσθαι·
978 2983 1129 3064 παρὰ
1158 2983 1215 3044 δὲ
1261 2984 1391 3066 Θεῷ
1412 3030 1428 3061 ,
1457 2984 1559 3065 οὐχ
1600 2984 1794 3054 οὕτως·
1825 2983 1945 3044 ἀλλ’
1976 2986 2026 3044 οἱ

414 3076 639 3150 ποιηταὶ
662 3078 760 3134 τοῦ
788 3075 953 3152 νόμου
984 3074 1335 3137 δικαιοῦνται.

2127 1914 2421 1972 habuerint
2448 1934 2463 1972 :
2486 1932 2618 1974 nam
2670 1939 2696 1966 α
2738 1918 2858 1974 sine
2881 1917 3024 1990 lege,
3062 1940 3087 1967 ιι
3120 1925 3226 1984 est,
3261 1917 3398 1973 citra
3429 1916 3576 1974 illius
3614 1916 3729 1987 20

2123 2004 2907 2064 condemnationemJudmus
2926 2015 3117 2064 autem
3136 2029 3162 2055 σι
3192 2006 3252 2063 in
3269 2007 3386 2079 lege
3414 2031 3440 2056 υ
3465 2006 3728 2079 peccavit,

2127 2094 2233 2151 hoc
2261 2104 2367 2165 est,
2398 2112 2527 2152 cum
2568 2096 2921 2153 institutione
2947 2113 3072 2170 qua:
3093 2102 3177 2153 est
3205 2112 3273 2153 ex
3302 2097 3422 2169 lege
3457 2116 3473 2152 :
3521 2094 3645 2152 ideo
3670 2103 3727 2152 et

2124 2184 2179 2241 in
2236 2184 2355 2257 lege
2397 2185 2759 2258 judicabitur,
2812 2186 2867 2243 id
2934 2193 3041 2253 est,
3083 2184 3560 2251 condemnabitur,
3612 2186 3730 2257 lege

2125 2274 2506 2332 vehementius
2532 2276 2631 2349 ipsi
2703 2275 3059 2333 incumbente
3082 2284 3137 2333 et
3197 2284 3510 2345 accusante,
3554 2275 3727 2348 majo-

2125 2380 2360 2439 remque
2387 2364 2911 2423 condemnationem
2935 2366 3190 2424 faciente.
3216 2365 3518 2441 Quomodo
3556 2365 3730 2438 igitur

2126 2455 2288 2523 dicis,
2318 2454 2534 2524 Iudaee,
2578 2456 2770 2513 Gratia
2824 2472 2926 2529 ego
2974 2473 3089 2514 non
3132 2457 3376 2530 indigeo,
3408 2457 3606 2529 quippe
3634 2456 3726 2528 qui

2126 2561 2193 2601 ex
2225 2544 2342 2617 lege
2375 2544 2677 2618 justiﬁcer?
2698 2542 2845 2602 Ecce
2870 2546 3022 2602 enim
3061 2546 3514 2603 demonstratum
3543 2553 3646 2613 est,
3673 2554 3727 2601 te

2127 2651 2159 2691 a
2198 2636 2318 2707 lege
2342 2634 2481 2691 nihil
2538 2634 2792 2709 adjutum
2816 2635 2987 2693 fuisse
3037 2657 3049 2691 :
3080 2639 3264 2709 itaque
3311 2634 3518 2694 Christi
3556 2634 3730 2707 gratia

2128 2725 2306 2798 magis
2330 2724 2549 2797 indiges
2577 2741 2746 2797 quam
2798 2726 3046 2793 Graecus,
3098 2742 3204 2782 ceu
3256 2740 3370 2781 non
3391 2723 3729 2797 justiﬁcatus

2126 2813 2273 2885 apud
2298 2817 2476 2870 Deum
2502 2830 2569 2870 ex
2593 2814 2712 2871 sola
2739 2814 2873 2886 legis
2901 2814 3207 2871 auditione.
3236 2817 3384 2872 Nam
3450 2812 3597 2886 apud
3625 2813 3726 2870 ho-

2127 2904 2332 2973 mines,
2390 2901 2672 2961 auditores
2716 2903 2853 2977 legis
2902 2912 2957 2963 et
2994 2919 3186 2977 graves
3235 2908 3311 2972 (et
3352 2904 3510 2977 justi)
3554 2901 3725 2959 videri

2127 2999 2383 3064 queunt:
2439 2992 2586 3066 apud
2616 2996 2803 3051 Deum
2838 3010 2951 3051 non
2980 2994 3133 3065 item,
3182 2993 3279 3052 sed
3328 2992 3564 3051 factores
3598 2990 3732 3065 legis

2123 3082 2516 3155 justiﬁcantur.

504 3187 537 3225 ε
562 3164 740 3226 ⁶Οταν
787 3164 894 3243 γὰρ
941 3162 1093 3247 ἔθνη-.
1116 3162 1183 3224 τὰ
1234 3166 1310 3243 μή
1365 3163 1526 3242 νόμον
1581 3164 1813 3245 ἔχοντα,
1869 3162 2023 3247 φύσει

2203 3172 2385 3229 Vsus.
2418 3176 2506 3241 14,
2546 3178 2670 3231 15.«
2700 3175 2841 3231 Cum
2855 3174 3004 3231 enim
3032 3182 3227 3247 gentes
3251 3189 3376 3247 quae
3395 3172 3573 3246 legem
3620 3188 3733 3229 non

412 3254 480 3315 τὰ
507 3260 605 3315 τοῦ
629 3254 798 3333 νόμου
825 3258 953 3335 ποιῇ
971 3299 989 3332 ,
1034 3245 1178 3314 οὗτοι
1220 3254 1382 3332 νόμον
1427 3252 1504 3329 μὴ
1533 3252 1764 3336 ἔχοντες,
1812 3245 2023 3322 ἑαυτοῖς

414 3348 515 3405 εἰσι
536 3344 719 3421 νόμος.
759 3342 973 3412 Οἵτινες
1005 3344 1362 3405 ἐνδείκνυνται
1387 3343 1447 3403 τὸ
1477 3345 1629 3423 ἔργον
1671 3348 1763 3404 τοῦ
1796 3346 1941 3405 Θεοῦ
1970 3343 2015 3383 ⁸¹

418 3438 660 3515 γραπτὸν
706 3438 766 3495 ἐν
812 3442 932 3501 ταῖς
984 3435 1226 3514 καρδίαις
1276 3437 1485 3515 αὑτῶν,
1538 3434 2025 3515 συμμαρτυρούσης

426 3514 600 3583 ciuilis
642 3528 735 3596 τῆς
777 3522 1148 3596 συνειδήσεως.
1178 3545 1209 3582 ι
1279 3522 1376 3584 Ἐν
1418 3514 1492 3591 οἶς
1536 3514 1924 3595 κατασκευάζει
1954 3525 2023 3583 τὰ

428 3611 573 3671 κατὰ
602 3616 703 3672 τῶν
749 3613 1062 3687 Ἰουδαίων,
1112 3612 1252 3673 οὕτω
1303 3613 1733 3693 μεταχειρίζεται
1788 3617 2021 3682 συνετῶς

432 3704 529 3761 τὸν
560 3702 745 3778 λόγον,
773 3703 907 3763 ὥστε
930 3703 1007 3782 μὴ
1041 3704 1212 3764 δοκεῖν
1241 3727 1294 3763 τι
1323 3702 1463 3763 κατὰ
1491 3708 1584 3762 τοῦ
1620 3702 1784 3780 νόμου
1820 3702 2014 3783 λέγειν.

432 3791 533 3859 Ὡς
576 3791 676 3871 γὰρ
722 3794 948 3874 ἐπαίρων
980 3792 1075 3853 καὶ
1128 3792 1441 3873 μεγαλύνων
1482 3793 1570 3853 τὸν
1618 3793 1776 3871 νόμον
1800 3838 1817 3868 ,
1862 3795 2022 3875 φησὶν

432 3884 515 3942 ὅτι
541 3885 587 3941 οἱ
616 3881 689 3961 μὴ
718 3881 875 3961 νόμον
917 3882 1160 3964 ἔχοντες,
1195 3883 1264 3943 τὰ
1293 3881 1350 3942 δὲ
1398 3887 1491 3943 τοῦ
1541 3882 1703 3961 νόμου
1752 3890 2025 3953 ποιοῦντες

429 4001 451 4025 ι
484 3972 667 4053 φύσει,
702 4000 727 4027 ι
761 3972 881 4032 ἀντὶ
908 3980 1032 4047 τοῦ,
1066 3982 1173 4043 τοῖς
1204 3976 1265 4034 ἐκ
1288 3972 1495 4054 φύσεως
1536 3974 1815 4052 λογισμοῖς
1849 3976 2026 4034 πειθό-

418 4086 596 4139 μενοι,
620 4063 922 4141 θαυμαστοί
949 4065 1084 4132 τινές
1113 4066 1264 4125 εἰσιν·
1298 4062 1378 4122 ὅτι
1403 4068 1498 4123 τοῦ
1536 4062 1707 4140 νόμου
1739 4065 1837 4123 οὐκ
1867 4062 2025 4137 ἐδεή-

418 4160 623 4225 θησαν,
660 4154 756 4214 καὶ
797 4154 889 4213 τὸν
935 4153 1096 4232 νόμον
1152 4152 1474 4233 ἐπλήρωσαν
1497 4196 1515 4226 ,
1568 4154 1629 4213 οὗ
1687 4153 2025 4235 γράμματα,

416 4245 541 4301 ἀλλ’
572 4242 708 4322 ἔργα
760 4244 879 4311 ταῖς
927 4243 1169 4325 καρδίαις
1220 4245 1396 4304 αὐτῶν
1456 4242 1882 4325 ἐγκολάψαντες,
1933 4242 2026 4303 καὶ

418 4337 498 4413 τῷ
541 4333 802 4394 συνειδότι
845 4333 939 4393 καὶ
988 4342 1098 4403 τοῖς
1140 4334 1377 4414 φυσικοῖς
1430 4336 1709 4412 λογισμοῖς
1765 4333 1883 4392 ἀντὶ
1932 4339 2026 4393 τοῦ

422 4424 589 4500 νόμου
618 4423 890 4503 χρώμενοι
918 4426 991 4491 εἰς
1035 4422 1328 4507 μαρτυρίαν
1373 4428 1471 4485 τοῦ
1514 4425 1702 4484 καλοῦ.
1754 4424 1914 4503 Τρεῖς
1968 4422 2023 4482 δὲ

423 4511 615 4589 νόμους
645 4514 873 4574 ἐνταῦθά
901 4537 1057 4596 φησιο
1091 4514 1181 4573 τὸν
1214 4512 1455 4595 γραπτὸν
1474 4558 1491 4587 ,
1524 4511 1613 4572 τὸν
1653 4512 1899 4594 φυσικὸν,
1934 4512 2028 4572 καὶ

2132 3260 2356 3332 habent,
2412 3263 2739 3321 naturaliter
2774 3280 2839 3323 ea
2880 3280 3007 3337 quae
3036 3265 3173 3339 legis
3214 3272 3369 3335 sunt,
3398 3261 3631 3331 faciunt,
3676 3262 3733 3318 hi

2132 3355 2313 3428 legem
2336 3372 2450 3414 non
2492 3357 2782 3428 habentes,
2813 3360 2917 3433 ipsi
2942 3358 3048 3416 sibi
3072 3367 3205 3417 sunt
3250 3360 3355 3415 lex.
3404 3358 3513 3431 Qui
3542 3365 3732 3415 osten-

2131 3444 2275 3503 dunt
2316 3463 2453 3519 opus
2482 3448 2619 3521 legis
2657 3450 2933 3522 scriptum
2958 3449 3013 3506 in
3040 3447 3301 3507 cordibus
3323 3449 3456 3518 suis,
3487 3448 3733 3505 testimo-

2132 3536 2292 3593 nium
2340 3535 2609 3594 reddente
2652 3538 2759 3594 illis
2788 3539 3125 3596 conscientia
3154 3540 3421 3612 ipsorum.
3471 3560 3499 3589 ιο
3530 3538 3641 3595 Ubi
3669 3553 3732 3593 ea

2131 3641 2255 3700 quis
2273 3635 2468 3684 contra
2492 3627 2718 3684 Iudaeos
2749 3627 2957 3685 faciunt
2985 3630 3330 3702 argumentis
3353 3628 3570 3696 astruit,
3594 3627 3732 3685 adeo

2132 3721 2431 3794 prudenter
2457 3737 2775 3779 sermonem
2812 3722 3159 3792 moderatur,
3202 3731 3265 3780 ut
3310 3738 3427 3779 non
3485 3722 3733 3779 videatur

2133 3810 2433 3883 quidquam
2473 3811 2733 3868 adversus
2764 3812 2941 3885 legem
2988 3812 3190 3869 dicere.
3246 3811 3431 3869 Veluti
3459 3811 3607 3868 enim
3636 3826 3729 3868 ex-

2132 3901 2325 3956 tollens
2379 3911 2435 3957 et
2461 3902 2820 3975 magniﬁcans
2872 3903 3072 3974 legem,
3120 3901 3319 3974 inquit,
3367 3901 3515 3973 quod
3558 3901 3732 3974 legem

2133 4006 2247 4047 non
2278 3990 2566 4062 habentes,
2623 4015 2646 4040 ιι
2701 4000 2895 4049 tamen
2946 4006 3070 4064 quae
3104 3991 3235 4064 legis
3288 4000 3417 4048 sunt
3469 3990 3732 4047 facientes

2138 4103 2166 4130 α
2217 4081 2560 4149 naturaliter,
2589 4105 2615 4131 ι»
2649 4082 2703 4137 id
2754 4090 2859 4151 est,
2885 4080 3196 4139 rationibus
3239 4098 3269 4137 a
3298 4089 3494 4137 natura
3551 4080 3736 4138 ductis

2135 4154 2400 4226 persuasi,
2448 4153 2809 4212 admirabiles
2858 4162 2987 4211 sunt
3034 4173 3048 4211 :
3108 4153 3560 4226 quandoquidem
3602 4154 3736 4225 legis

2134 4259 2247 4300 non
2292 4243 2649 4317 indiguerint,
2695 4252 2755 4302 et
2808 4244 2985 4318 legem
3030 4242 3253 4301 interim
3314 4244 3734 4317 compleverint,

2136 4349 2247 4390 non
2295 4334 2509 4392 litteras
2548 4350 2701 4402 sane,
2748 4349 2941 4391 verum
2970 4349 3141 4408 opera
3182 4333 3446 4391 cordibus
3492 4334 3604 4391 uis
3642 4334 3736 4390 in-

2134 4424 2472 4497 sculpentes,
2502 4432 2559 4481 et
2594 4424 2932 4482 conscientia
2973 4431 3031 4481 et
3048 4424 3394 4481 naturalibus
3444 4424 3736 4496 cogitatio-

2139 4515 2302 4571 nibus
2317 4514 2451 4587 legis
2477 4515 2599 4572 loco
2640 4514 2727 4571 usi
2749 4513 2821 4571 ad
2843 4513 3230 4571 testimonium
3252 4512 3385 4570 boni
3409 4522 3468 4569 et
3492 4513 3737 4569 honesti.

424 4579 515 4661 τὸν
547 4579 738 4669 ἐντοῖς
781 4579 974 4683 ἕργοίς.
1019 4626 1050 4661 ε(
1076 4579 1265 4677 Ἔθνιϊ
1290 4603 1359 4663 τὰ
1408 4579 1489 4680 μή
1533 4579 1694 4680 νόμον
1741 4579 1957 4683 ἔχοντα.
1992 4626 2023 4660 κ

2138 4607 2273 4661 Tres
2299 4579 2486 4662 autem
2514 4604 2667 4677 leges
2690 4604 2781 4661 hic
2810 4602 2941 4662 dicit
2968 4624 2980 4660 :
3004 4603 3291 4676 scriptam,
3320 4602 3631 4659 naturalem
3684 4612 3743 4659 et

424 4692 592 4751 Ποῖον
622 4712 639 4766 ;
674 4692 786 4753 Τὸν
816 4692 1079 4772 γραπτόν.
1128 4714 1157 4750 ι(
1185 4695 1364 4755 Φύσει
1391 4691 1460 4752 τὰ
1489 4696 1581 4752 τοῦ
1609 4691 1775 4769 νόμου
1803 4695 1956 4771 ποιῇ.
1986 4713 2019 4751 ο

431 4781 626 4855 Ποίου;
655 4784 767 4843 Τοῦ
798 4782 885 4842 διὰ
915 4786 1019 4842 τῷν
1052 4782 1242 4864 ἔργων.
1282 4805 1313 4841 ιι
1342 4773 1505 4843 Οἷτοι
1550 4781 1710 4859 νόμον
1761 4779 1837 4859 μὴ
1870 4784 2028 4862 ἔχον-

424 4893 534 4938 τις.
574 4892 605 4927 ι
645 4874 844 4947 Ποῖονς
883 4873 995 4935 Τὸν
1021 4872 1280 4953 γραπτόν.
1306 4893 1337 4931 n
1375 4870 1627 4941 Ἐαυτοῖς
1659 4874 1763 4932 εἰσι
1788 4868 1964 4947 νόμος.
1989 4893 2022 4931 ο

430 4962 589 5033 Πῶς
619 4964 717 5041 Τῷ
746 4965 953 5045 φυσικῷ
980 4962 1329 5043 κεχρημένοι.
1360 4986 1388 5020 α
1430 4960 1639 5029 Οἵτινες
1675 4960 2027 5022 ἐνδείκνυνται

425 5051 489 5110 τὸ
516 5051 669 5131 ἔργον
698 5057 789 5112 τοῦ
819 5053 1003 5130 νόμου.
1052 5074 1083 5112 n
1122 5053 1324 5127 Iloiou;
1362 5056 1473 5114 Τοῦ
1501 5051 1589 5112 διὰ
1625 5056 1732 5112 τῶν
1761 5050 2024 5133 πράξεων.

412 5140 576 5221 ⁶Ορα
605 5139 662 5199 δὲ
706 5143 931 5224 σοφίαν,
961 5145 1075 5211 πῶς
1101 5144 1198 5202 οὐκ
1225 5141 1421 5216 ἔπληξε
1460 5141 1579 5209 τοὺς
1624 5140 1926 5212 Ἰουδαίους,
1956 5145 2031 5209 ὡς

2139 4710 2260 4752 eam
2299 4710 2423 4767 quae
2451 4703 2535 4751 est
2555 4697 2615 4751 in
2640 4694 2921 4767 operibus.
2958 4716 2981 4743 α
3006 4694 3217 4751 Gentes
3246 4707 3371 4765 quae
3412 4693 3592 4765 legem
3624 4706 3739 4749 non

2138 4785 2362 4843 habent.
2426 4808 2452 4833 ι»
2501 4786 2730 4857 Qualem
2777 4788 2801 4840 Ρ
2850 4786 3144 4856 Scriptam.
3202 4805 3229 4833 α
3285 4786 3495 4840 Natura
3535 4782 3741 4839 faciunt

2134 4890 2257 4950 qua:
2285 4883 2418 4932 sunt
2444 4876 2595 4949 legis.
2620 4895 2647 4929 ››
2684 4874 2915 4945 Qualis?
2944 4875 3077 4948 Ejus
3104 4889 3227 4947 quae
3245 4874 3301 4930 in
3327 4873 3589 4946 operibus
3612 4888 3741 4929 con-

2138 4965 2299 5024 sistit.
2333 4988 2361 5015 α
2418 4966 2494 5021 Hi
2526 4966 2707 5039 legem
2733 4982 2851 5022 non
2897 4964 3184 5023 habentes.
3220 4987 3246 5014 ιι
3287 4964 3552 5034 Qualem?
3604 4963 3743 5020 Scri-

2138 5064 2309 5130 ptam.
2344 5079 2372 5105 ι
2401 5056 2515 5113 Sibi
2540 5056 2638 5129 ipsi
2666 5063 2797 5112 sunt
2825 5055 2934 5112 lex.
2964 5074 2994 5109 ν
3043 5057 3297 5128 Quanam
3324 5054 3585 5112 ratione?
3631 5054 3740 5109 Na-

2141 5146 2309 5204 turali
2357 5161 2554 5219 nempe
2586 5154 2827 5203 utentes.
2856 5168 2882 5195 σι
2914 5145 3020 5216 Qui
3043 5143 3347 5202 ostendunt
3370 5158 3511 5215 opus
3538 5141 3690 5211 legis.
3713 5165 3738 5192 ι

424 5232 628 5309 ἀπῄτει
658 5237 693 5304 ἠ
724 5233 1013 5294 ἀκολουθία
1042 5237 1136 5292 τοῦ
1181 5231 1357 5311 λόγουο
1388 5231 1600 5299 πάντως
1648 5230 1753 5312 γὰρ
1805 5231 1945 5292 κατὰ
1972 5230 2023 5290 τὲ

2145 5236 2360 5307 Qualis?
2390 5236 2513 5309 ejus
2554 5250 2679 5309 quae
2711 5236 2765 5293 in
2815 5235 3070 5308 operibus
3117 5241 3351 5292 constat.
3397 5236 3617 5289 Intuere
3654 5247 3746 5289 au-

426 5322 715 5382 ἀκόλουθον
767 5322 933 5392 οὕτως
972 5322 1078 5382 ἔδει
1115 5324 1298 5382 εἰπεῖν·
1326 5318 1503 5383 Ὅταν
1532 5321 1636 5401 γὰρ
1692 5321 1813 5392 ἔθνη
1869 5321 2023 5400 χωρὶς

2146 5335 2260 5384 tem
2308 5326 2400 5383 hic
2427 5326 2783 5400 sapientiam,
2809 5323 3094 5399 quomodo
3143 5322 3387 5388 Iudaeos,
3428 5320 3657 5395 perinde
3682 5337 3746 5377 ac

430 5410 594 5487 νόμου
629 5410 784 5492 φύσει
823 5412 892 5472 τὰ
921 5418 1017 5473 τοῦ
1057 5413 1217 5488 νόμου
1248 5416 1410 5491 ποιῇ,
1441 5413 1625 5492 πολλῷ
1668 5409 2032 5492 βελτίωςᾼεῖσὶ

431 5505 537 5560 τῷν
570 5490 679 5562 ἀπὸ
723 5508 818 5563 τοῦ
863 5503 1033 5582 νόμου
1074 5490 1489 5582 διδασκομένων.
1565 5490 1706 5562 ³Ᾱλλ⁹
1745 5503 1843 5561 οὐκ
1888 5490 2032 5559 εἶπεν

2147 5417 2431 5474 sermonis
2482 5416 2873 5489 consequentia
2924 5414 3184 5487 postulat,
3237 5428 3350 5469 non
3409 5410 3741 5485 perstrinxit.

2143 5508 2387 5565 Omnino
2414 5507 2564 5565 enim
2586 5522 2682 5581 per
2700 5503 3147 5564 consecutionem
3170 5503 3249 5562 sic
3276 5500 3711 5562 debebatdieere
3735 5523 3748 5560 ε

1870 5644 2063 5704 Variae
2108 5644 2410 5706 lectiones.
2462 5717 2467 5723 ι

506 5759 552 5793 ⁷⁸
580 5759 633 5816 ἐν
660 5762 803 5834 νόμῳ
820 5776 878 5819 0.

962 5755 1009 5789 ἠ
1037 5755 1188 5825 κρίσις
1206 5773 1282 5815 m.
1364 5755 1412 5796 ⁸⁸)
1437 5756 1487 5811 ἐν
1514 5758 1655 5830 νόμῳ
1682 5771 1736 5815 0.
1813 5755 1855 5794 ⁸³
1886 5760 1975 5814 τοῦ
2004 5757 2159 5829 νόμου
2190 5773 2268 5814 m.
