4150 6452
404 411 499 467 371

1394 403 1911 464 THEOPHYLACTI
1948 402 2310 464 BULGARIE
2348 404 2664 464 ARCHIEP.

3606 410 3710 465 372

403 532 642 608 Quando
683 531 832 591 enim
868 539 1063 607 gentes
1120 530 1241 590 sine
1268 530 1412 607 lege,
1460 539 1660 590 natura
1719 547 1849 607 quae
1876 540 2011 590 sunt

2125 531 2312 608 οὕτως,
2346 534 2466 593 ἀλλ’
2496 530 2852 614 ἱλαρώτερον,
2885 529 2966 591 ὅτι
3002 553 3032 588 α
3067 529 3314 598 Ἐαυτοῖς
3342 531 3446 591 εἶσι
3473 531 3651 609 νόμος.
3678 554 3710 592 ))

408 625 544 701 legis
578 624 805 697 faciunt,
845 625 1010 700 longe
1058 622 1322 681 meliores
1373 630 1504 680 sunt
1547 623 1612 680 iis
1641 621 1735 697 qui
1796 639 1865 680 ex
1889 623 2008 695 lege

408 716 840 776 constituuntur.
896 720 976 774 At
997 715 1146 773 enim
1193 715 1273 772 sic
1337 730 1451 772 non
1498 713 1644 772 dixit
1697 732 1713 770 :
1765 713 1863 772 sed
1917 713 2010 772 lte-

407 807 518 866 tius
574 807 839 882 quiddam
886 805 1156 875 subdidit,
1203 829 1231 856 α
1289 805 1405 864 Sibi
1446 806 1595 879 ipsis,
1649 828 1676 855 ιι
1729 805 2005 879 inquiens,

414 919 441 948 ι
472 907 610 958 sunt
635 899 742 956 lex.
770 921 796 950 ιο
823 897 1080 957 Ostendit
1101 905 1289 954 autem
1344 912 1410 954 ex
1453 896 1627 966 hisce,
1656 895 1808 970 quod
1837 904 1893 953 et
1919 911 2008 953 su-

410 988 714 1063 perioribus
782 987 1146 1062 temporibus,
1193 1002 1257 1044 ac
1301 995 1428 1044 ante
1483 988 1619 1061 legis
1645 987 2008 1057 sanctionem,

407 1083 586 1142 omnis
614 1082 952 1158 providentia
982 1083 1246 1141 humana:
1298 1089 1512 1140 naturae
1566 1082 1844 1157 obtigerit.
1894 1083 2009 1140 0b-

409 1173 572 1232 struit
598 1190 763 1247 porro
793 1190 892 1232 ora
921 1173 1235 1231 dicentibus
1265 1192 1280 1229 :
1309 1172 1521 1247 Ecquid
1567 1189 1684 1230 non
1715 1173 1834 1247 jam
1870 1173 2009 1232 olim

408 1283 440 1324 a
481 1265 751 1340 principio
815 1264 1116 1323 adveniens
1161 1265 1410 1323 Christus
1455 1263 1586 1322 boni
1633 1265 2010 1338 operationem

410 1355 693 1414 ostendit?
723 1355 872 1413 Dicit
895 1355 1231 1428 enim,quod
1251 1353 1382 1412 boni
1407 1361 1464 1411 et
1485 1353 1616 1411 mali
1639 1355 2012 1428 cognitionem

2114 623 2364 686 Δείκνυσι
2395 621 2450 683 δὲ
2498 625 2560 684 ἐκ
2587 622 2826 700 τούτων,
2869 622 2950 684 ὅτι
2991 622 3082 683 καὶ
3115 624 3168 680 ἓν
3211 623 3320 689 τοῖς
3357 622 3557 682 ἄνωθεν
3586 622 3720 703 χρό-

2115 737 2220 783 νοις
2239 759 2254 788 ,
2302 714 2394 775 καὶ
2422 713 2526 796 πρὸ
2555 717 2648 786 τῆς
2677 718 2766 772 τοῦ
2794 712 2955 790 νόμου
2989 712 3218 788 δόσεως,
3257 712 3438 786 πάσης
3465 712 3717 795 προνοίας

2118 804 2384 865 ἀπέλαϐεν
2417 804 2471 843 ⁸³
2520 810 2554 878 ἡ
2604 803 2755 885 φύσις
2813 806 2917 862 τῶν
2971 802 3287 884 ἀνθρώπων.
3343 802 3720 880 Ἐπιστομίζει

2116 892 2170 955 δὲ
2225 893 2476 963 καὶτοὺς
2526 893 2807 974 λέγοντας·
2858 893 2927 953 Τί
2983 892 3180 964 δήποτε
3226 893 3302 972 μὴ
3355 893 3407 964 ἐξ
3463 896 3639 976 ἀρχῆς
3692 899 3721 955 6

2116 985 2344 1064 Χριστὸς
2372 984 2424 1024 ⁸³
2482 982 2911 1064 παραγενόμενος
2961 981 3166 1053 ἐδίδαξε
3222 982 3317 1055 τὴν
3368 989 3459 1042 τοῦ
3515 985 3719 1062 ἀγαθοῦ

2116 1075 2401 1158 ἐργασίαν;
2441 1073 2553 1136 Καὶ
2579 1072 2682 1153 γάρ
2729 1098 2911 1156 φησιν,
2942 1072 3024 1134 ὅτι
3057 1072 3152 1146 τὴν
3179 1079 3270 1133 τοῦ
3299 1077 3466 1135 καλοῦ
3501 1073 3714 1135 καὶτοῦ

2117 1171 2285 1225 κακοῦ
2340 1167 2532 1243 γνῶσιν
2590 1173 2755 1224 πᾶσιν
2829 1163 2882 1232 ἐξ
2941 1165 3113 1244 ἀρχῆς
3169 1164 3418 1236 ἐνέθηκε·
3473 1163 3588 1223 ἐπεὶ
3657 1162 3713 1224 δὲ

2118 1246 2250 1316 εἶδεν
2281 1255 2331 1294 ⁸⁴
2363 1255 2444 1314 ὅτι
2490 1253 2637 1315 οὐδὲν
2665 1253 2718 1293 ⁸⁵
2749 1252 2912 1323 οὕτως
2956 1252 3129 1329 ἀνύει,
3155 1253 3238 1314 ἐπ’
3273 1251 3519 1335 ἐσχάτων
3557 1253 3716 1322 αὐτὸς

2119 1344 2457 1428 παρεγένετο.

410 1447 667 1505 omnibus
698 1462 730 1503 a
777 1446 1041 1521 principio
1111 1445 1329 1517 indidit;
1373 1453 1670 1520 postquam
1715 1461 1845 1504 vero
1894 1444 2029 1502 vidit
2063 1444 2214 1518 quod
2251 1444 2385 1501 nihil
2423 1443 2502 1502 ita
2541 1441 2874 1518 profecerit.
2918 1441 2978 1499 in
3022 1441 3341 1501 novissimis
3381 1441 3727 1516 temporibus

409 1539 525 1610 ipse
542 1536 780 1594 advenit.

486 1630 668 1686 Vnus.
713 1633 801 1696 l4,
839 1630 928 1684 16.
961 1649 987 1676 «
1041 1627 1108 1683 Et
1134 1625 1278 1684 inter
1305 1642 1364 1684 se
1399 1626 1637 1683 invicem
1662 1625 2007 1699 cogitationi-

2203 1648 2232 1685 α
2287 1625 2398 1688 Καὶ
2456 1622 2654 1703 μεταξὺ
2709 1622 2954 1696 ἀλλήλων
3001 1626 3106 1682 τῶν
3153 1625 3426 1704 λογισμῶν
3477 1648 3716 1704 κατηγο-

415 1719 520 1776 bus
547 1717 932 1775 accusantibus
961 1719 1068 1789 21
1112 1725 1167 1775 et
1197 1713 1637 1775 defendentibus.
1673 1718 1739 1772 In
1775 1715 1862 1773 die
1903 1732 2011 1791 qua

406 1807 671 1883 judicabit
693 1811 844 1866 Deus
883 1809 1099 1866 occulta
1141 1807 1456 1879 hominum,
1485 1807 1788 1864 secundum
1839 1810 2014 1864 Evan-

414 1899 618 1975 gelium
635 1914 820 1956 meum
832 1913 931 1971 per
951 1900 1140 1956 Jesum
1157 1898 1462 1956 Christum.
1490 1921 1515 1948 υ
1534 1897 1622 1954 Ab
1639 1897 1746 1954 alio
1763 1896 2014 1971 adeoque

413 2004 558 2047 novo
585 1988 851 2063 principio
872 1989 980 2046 hoc
1007 1990 1139 2062 lege.
1170 1992 1317 2046 Nam
1346 1989 1414 2046 de
1433 2005 1500 2046 eo
1522 2004 1669 2045 nunc
1697 2003 2014 2045 sermonem

413 2079 564 2147 facit,
594 2095 796 2154 nempe
823 2095 933 2154 qua
956 2079 1166 2136 ratione
1204 2078 1388 2136 cuncti
1429 2094 1498 2136 ex
1557 2094 1715 2152 aequo
1749 2079 2016 2136 mortales

408 2170 696 2245 judicandi
718 2170 913 2228 simus.
945 2173 1104 2230 Tunc
1141 2169 1291 2228 enim
1319 2169 1546 2228 stabunt
1581 2177 1786 2226 nostrae
1806 2169 2017 2242 cogita-

414 2262 614 2333 tiones,
644 2261 768 2320 alia
820 2261 1046 2336 quidem
1102 2271 1448 2332 accusantes,
1496 2261 1618 2320 aliae
1657 2277 1790 2320 vero
1830 2260 2016 2319 defen-

415 2350 625 2410 dentes.
651 2353 764 2408 Nec
790 2367 929 2425 opus
955 2351 1124 2409 habet
1152 2352 1259 2409 alio
1301 2359 1623 2410 accusatore
1653 2353 1737 2410 vel
1785 2360 2016 2426 patrono

416 2441 587 2499 homo
629 2440 779 2514 apud
821 2440 960 2499 illud
997 2441 1194 2515 judicii
1245 2441 1450 2500 forum.
1488 2446 1787 2500 Terrorem
1831 2451 2017 2500 autem

419 2546 777 2606 exaggerans,
822 2547 939 2589 non
993 2531 1151 2603 dixit,
1193 2536 1447 2603 Peccata,
1500 2532 1618 2602 sed,
1649 2556 1675 2583 α
1708 2533 1950 2591 Occulta.
1986 2556 2014 2585 ιο

418 2623 690 2680 Homines
736 2621 889 2680 enim
914 2621 984 2679 de
1010 2621 1322 2681 manifestis
1368 2623 1758 2682 tantummodo
1800 2623 2020 2697 judices

417 2711 611 2770 sedent
641 2733 655 2772 :
689 2734 717 2763 (ι
755 2714 899 2770 Deus
928 2735 955 2763 ν
987 2729 1121 2771 vero
1155 2733 1183 2768 ε(
1214 2714 1430 2771 occulta
1465 2735 1486 2765 υ
1531 2714 1732 2787 inquit,
1758 2736 1784 2764 α
1808 2713 2022 2788 judica-

418 2803 502 2860 bit
533 2817 632 2875 per
656 2803 851 2860 Iesum
879 2802 1182 2875 Christum,
1233 2826 1260 2854 ι
1311 2803 1418 2860 hoc
1463 2811 1567 2874 est,
1616 2807 1778 2862 Pater
1809 2820 1901 2877 per
1929 2805 2016 2861 Fi-

2120 1716 2343 1798 ρούντων
2363 1761 2378 1790 ,
2410 1714 2443 1788 ἢ
2483 1714 2573 1774 καὶ
2605 1713 3074 1795 ἀπολογουμένων.
3112 1711 3208 1774 Ἐν
3240 1715 3418 1797 ἡμέρᾳ
3463 1714 3551 1776 ὅτε
3595 1737 3720 1797 κρι-

2118 1811 2198 1868 νεῖ
2250 1811 2278 1866 6
2332 1805 2467 1874 Θεὸς
2516 1804 2584 1865 τὰ
2645 1804 2855 1886 κρυπτὰ
2909 1809 3016 1865 τῶν
3073 1805 3404 1884 ἀνθρώπων,
3463 1803 3604 1866 κατὰ
3661 1803 3723 1865 τὸ

2123 1896 2449 1977 Εὖαγγέλιόν
2493 1919 2628 1974 μου,
2675 1895 2762 1955 διὰ
2809 1895 2990 1969 Ἰησοῦ
3036 1897 3296 1974 Χριστοῦ.
3341 1918 3369 1954 »
3405 1894 3521 1956 Ἀπ’
3556 1894 3724 1968 ἄλλης

2122 1991 2294 2069 ἀρχῆς
2323 1985 2375 2022 ⁸⁵
2407 1987 2669 2064 ἀνάγνωθι
2711 1990 2866 2046 τοῦτο
2891 2009 2906 2024 ⁸
2936 1984 3058 2066 περὶ
3089 1985 3192 2066 γὰρ
3217 1990 3346 2060 τοῦ,
3377 1988 3491 2054 πῶς
3533 1990 3722 2065 κριθη-

2120 2078 2325 2156 σόμεθα
2378 2077 2573 2144 πάντες
2619 2078 2804 2143 κοινῶς
2861 2075 3162 2155 ἄνθρωποι,
3215 2084 3443 2137 ποιεῖται
3495 2081 3587 2136 νῦν
3630 2075 3720 2135 τὸν

2123 2167 2302 2248 λόγον.
2337 2167 2472 2230 Τότε
2504 2165 2605 2248 γὰρ
2632 2167 2919 2239 ἑστήκασιν
2953 2169 3104 2245 ἡμῶν
3147 2169 3196 2226 οῖ
3236 2166 3508 2246 λογισμοὶ,
3541 2168 3590 2226 οἱ
3624 2164 3722 2244 μὲν

2123 2263 2566 2340 κατηγοροῦντες,
2617 2259 2665 2316 οἱ
2707 2255 2763 2316 δὲ
2813 2254 3266 2336 ἀπολογούμενον
3317 2258 3406 2317 καὶ⁸
3444 2257 3504 2317 οὗ
3550 2258 3722 2316 δεῖται

2123 2349 2302 2430 ἑτέρου
2347 2345 2644 2427 κατηγόρου
2675 2347 2710 2420 ἣ
2742 2347 3035 2427 συνηγόρου
3075 2350 3102 2405 6
3149 2347 3422 2429 ἄνθρωπος
3454 2347 3540 2406 ἐπ’
3579 2344 3722 2430 ἐκεί-

2123 2426 2225 2499 νου-
2243 2446 2336 2499 τοῦ
2367 2426 2732 2518 δικαστηρίου.
2798 2426 2988 2506 Αὕξων
3019 2435 3074 2496 δὲ
3109 2437 3200 2497 τὸν
3231 2426 3393 2519 ερόϐον
3413 2484 3432 2512 ,
3459 2438 3557 2496 οὐκ
3583 2426 3726 2510 εἶπε,

2125 2528 2214 2592 Τὰ
2236 2529 2628 2610 ἁμαρτήματα,
2651 2526 2812 2601 ἀλλὰ,
2835 2555 2860 2582 ιι
2882 2529 2969 2588 Τὰ
2993 2527 3228 2608 κρυπτά.
3253 2552 3278 2581 υ
3301 2522 3604 2608 Ἄνθρωποι
3625 2525 3728 2608 γὰρ

2123 2624 2226 2680 τῶν
2259 2623 2498 2703 φανερῶν
2540 2617 2713 2697 μόνων
2740 2617 3003 2692 κάθηνται
3045 2617 3243 2698 κριταί·
3267 2645 3292 2670 α
3326 2621 3354 2676 6
3380 2645 3404 2672 υ
3445 2617 3501 2677 δὲ
3532 2639 3563 2676 α
3587 2616 3726 2685 Θεὸς

2125 2709 2193 2771 τὰ
2209 2709 2436 2792 κρυπτὰ,
2456 2736 2480 2763 υ
2494 2707 2650 2792 φησὶ,
2672 2735 2696 2762 α
2711 2716 2896 2788 κρινεῖ,
2926 2705 3015 2766 διὰ
3036 2707 3218 2780 Ἰησοῦ
3245 2709 3506 2789 Χριστοῦ,
3521 2733 3545 2760 ι
3569 2731 3728 2768 τουτ-

2124 2799 2288 2879 έστιν,
2320 2803 2347 2858 6
2373 2798 2590 2879 Πατὴρ,
2615 2799 2703 2858 διὰ
2721 2804 2812 2858 τοῦ
2844 2799 2998 2859 Υἱοῦ.
3034 2820 3062 2856 α
3093 2797 3162 2859 Ὁ
3185 2796 3288 2879 γὰρ
3316 2796 3512 2879 Πατὴρ
3537 2797 3728 2858 οὐδένα

417 2893 574 2950 lium.
609 2915 636 2942 ιι
676 2895 823 2950 Nam
851 2893 1014 2950 Pater
1046 2893 1330 2950 neminem
1363 2892 1597 2967 judicat,
1629 2893 1723 2951 sed
1739 2893 2015 2968 judicium

2125 2890 2322 2971 κρίνει,
2349 2888 2488 2951 ἀλλὰ
2519 2887 2614 2962 τὴν
2645 2887 2819 2970 κρίσιν
2849 2897 3033 2950 πᾶσαν
3064 2887 3266 2948 δέδωκε
3301 2890 3380 2969 τῷ
3414 2889 3552 2964 Υἳῷ.
3585 2913 3610 2940 ι
3641 2884 3726 2949 Ἦ

419 2997 592 3040 omne
618 2981 769 3040 dedit
793 2981 964 3042 Filior
995 3004 1021 3032 ι
1057 2983 1158 3041 Vel
1205 2984 1286 3041 sic
1333 2985 1634 3058 intelligere
1677 3000 1842 3057 queas
1870 2984 2017 3058 quod

420 3073 520 3144 ait,
545 3095 571 3122 ιι
589 3074 699 3130 Per
715 3073 906 3130 Jesum
921 3073 1236 3132 Christum:
1269 3097 1296 3124 η
1321 3074 1634 3132 Secundum
1657 3074 2020 3148 Evangelium

424 3177 618 3220 meum
643 3181 656 3220 :
684 3177 784 3236 per
798 3163 831 3218 J
835 3177 996 3220 esum
1025 3162 1304 3220 Christum
1328 3163 1469 3220 mihi
1491 3165 1757 3221 collatum
1793 3171 1850 3220 et
1863 3163 2021 3221 exhi-

421 3252 624 3311 bitum.
648 3253 840 3310 Innuit
862 3261 1051 3310 autem
1093 3253 1207 3324 hic,
1237 3255 1386 3328 quod
1415 3254 1548 3311 nihil
1586 3253 1896 3313 absurdum
1925 3263 2023 3312 aut

417 3343 661 3401 alienum
706 3341 1042 3416 praedicatur
1095 3359 1192 3417 per
1235 3344 1614 3418 Evangelium,
1655 3360 1848 3402 verum
1897 3361 2023 3418 qua

419 3440 614 3489 natura
650 3432 766 3505 ipsa
791 3448 1188 3508 praeoccupans
1203 3433 1420 3503 docuit,
1443 3434 1712 3505 videlicet,
1741 3434 2023 3508 judicium

421 3531 478 3581 et
511 3522 864 3596 supplicium,
891 3524 1011 3582 haec
1042 3525 1402 3599 Evangelium
1433 3525 1600 3582 etiam
1622 3533 1876 3584 testatur.

495 3614 670 3671 Vnus.
706 3618 900 3672 17-18.
955 3636 982 3666 α
1015 3615 1072 3672 Si
1102 3623 1164 3672 tu
1192 3624 1382 3674 autem
1413 3614 1644 3675 Iudaeus
1672 3615 2025 3690 cognomina-

422 3702 520 3774 ris,
570 3710 629 3762 et
679 3705 976 3778 requiescis
1031 3705 1088 3762 in
1119 3706 1258 3780 lege,
1288 3714 1345 3762 et
1387 3706 1638 3780 gloriaris
1677 3706 1732 3763 in
1781 3709 1921 3777 Deo,
1969 3714 2025 3764 et

422 3793 567 3852 nosti
596 3794 959 3864 voluntatem,
1006 3803 1062 3854 et
1085 3797 1283 3870 probas
1311 3797 1529 3855 utiliora
1549 3840 1565 3868 ,
1597 3797 1884 3855 institutus
1925 3812 2025 3870 per

419 3884 616 3959 legem.
652 3907 679 3936 ιι
737 3887 876 3943 Cum
907 3885 1134 3944 dixisset
1161 3887 1310 3960 quod
1339 3888 1534 3946 Grieco
1563 3886 1788 3945 facienti
1815 3903 1877 3945 ea
1899 3903 2023 3961 quae

420 3984 552 4033 sunt
579 3974 711 4048 legis
731 4016 748 4046 ,
770 3975 910 4033 nihil
933 3976 1079 4033 desit
1119 3977 1190 4034 ad
1222 3978 1458 4035 salutem
1487 3999 1500 4035 :
1533 3978 1787 4050 deinceps
1809 3977 2024 4035 Judzno-

422 4080 549 4121 rum
569 4080 764 4121 recens
794 4073 852 4122 et
869 4064 1175 4138 magniﬁca,
1206 4067 1266 4123 in
1299 4067 1502 4142 quibus
1521 4068 1859 4124 conﬁdentes
1887 4066 2023 4125 effe-

422 4153 690 4212 rebantur
715 4169 880 4227 supra
895 4164 1107 4228 gentes.
1141 4158 1213 4212 Et
1237 4156 1478 4229 primum
1497 4157 1742 4231 quidem,
1765 4172 1974 4214 nomen
2005 4179 2019 4216 :

2124 2980 2263 3042 οὕτω
2292 2980 2496 3052 νοήσεις
2530 2979 2612 3054 τὸ,
2661 3001 2693 3039 (ι
2722 2977 2827 3039 Διὰ
2857 2977 3041 3051 Ἰησοῦ
3084 2981 3322 3060 Χριστοῦ
3343 3002 3356 3016 ·
3402 2999 3432 3035 n
3473 2977 3633 3039 Κατὰ
3667 2977 3732 3036 τὸ

2129 3069 2455 3152 Εὖαγγέλιόν
2483 3093 2617 3148 μου,
2638 3069 2698 3130 τὸ
2724 3068 2808 3128 διὰ
2831 3067 3017 3144 Ἰησοῦ
3053 3071 3291 3149 Χριστοῦ
3327 3067 3578 3128 ἀνατεθέν
3611 3090 3724 3146 μοι.

2127 3162 2372 3222 Δείκνυσι
2401 3159 2456 3219 δὲ
2499 3163 2755 3233 ἐνταῦθα,
2789 3159 2872 3218 ὅτι
2922 3159 3070 3220 οὐδὲν
3129 3160 3421 3219 ἀλλόκοτον
3461 3157 3725 3239 κηρύττε-

2126 3275 2216 3312 ται
2243 3250 2331 3310 διὰ
2359 3256 2452 3311 τοῦ
2489 3248 2855 3328 Εὖαγγελίου,
2910 3250 3032 3310 ἀλλ’
3059 3248 3094 3309 ἃ
3121 3247 3470 3329 προλαϐοῦσα
3502 3252 3536 3321 ἡ
3571 3247 3730 3330 φύσις

2131 3339 2316 3409 αὐτοὺς
2341 3340 2390 3376 ⁸⁷
2425 3338 2660 3414 ἐδίδαξε,
2694 3338 2972 3414 τουτέστι,
3012 3337 3107 3411 τὴν
3156 3338 3326 3420 κρίσιν
3359 3338 3453 3398 καὶ
3504 3337 3601 3413 τὴν
3631 3337 3731 3399 κό-

2128 3433 2309 3510 λασιν,
2339 3436 2511 3492 ταῦτα
2533 3429 2584 3466 ⁸⁸
2619 3437 2881 3512 μαρτυρεῖ
2908 3429 3001 3491 καὶ
3023 3429 3084 3490 τὸ
3119 3428 3460 3510 Εὖαγγέλιον.

2218 3632 2250 3671 α
2278 3613 2348 3672 Εἰ
2393 3611 2447 3670 δὲ
2478 3608 2540 3670 σὺ
2587 3609 2838 3678 Ἰουδαῖος
2887 3608 3228 3688 ἐπονομάζῃ,
3263 3607 3356 3670 καὶ
3391 3607 3726 3691 ἐπαναπαύῃ

2127 3703 2204 3784 τῷ
2248 3703 2432 3783 νόμῳ,
2465 3700 2556 3760 καὶ
2600 3710 2874 3781 καυχᾶσαι
2906 3702 2960 3761 ἐν
3001 3701 3164 3784 Θεῷ,
3214 3700 3305 3760 καὶ
3353 3699 3636 3779 γινώσκεις
3666 3700 3730 3761 τὸ

2131 3793 2370 3869 θέλημα,
2402 3789 2494 3851 καὶ
2527 3790 2826 3868 δοκιμάζεις
2855 3789 2922 3848 τὰ
2971 3789 3289 3873 διαφέροντα
3317 3788 3727 3870 κατηχούμενος

2131 3883 2191 3942 ἐκ
2215 3888 2306 3942 τοῦ
2333 3880 2517 3962 νόμου.
2548 3903 2578 3938 ››
2627 3879 2848 3960 Εἰπὼν,
2881 3879 2963 3940 ὅτι
3019 3886 3097 3963 τῷ
3119 3877 3353 3954 Ἕλληνι
3395 3884 3632 3940 ποιοῦντι
3661 3879 3733 3940 τὰ

2130 3977 2224 4032 τοῦ
2265 3971 2456 4051 νόμου,
2509 3969 2657 4030 οὐδὲν
2707 3970 2878 4030 λείπει
2924 3971 3058 4052 πρὸς
3109 3969 3168 4031 τὸ
3210 3975 3482 4046 σωθῆναι,
3539 3974 3738 4052 ἀπαρι-

2131 4050 2344 4141 θμεῖται
2375 4059 2558 4120 λοιπὸν
2588 4061 2680 4120 καὶ
2711 4062 2778 4122 τὰ
2812 4050 2986 4136 σεμνᾶ
3014 4063 3120 4122 τῶν
3151 4059 3460 4135 Ἰουδαίων,
3492 4061 3545 4120 ἐν
3575 4059 3627 4096 ⁸9
3653 4050 3733 4128 οἷς

2131 4149 2438 4218 πεποιθότες
2464 4149 2913 4232 κατεπῄροντοιθ0
2950 4153 3054 4210 τῶν
3092 4153 3336 4232 ἐθνικῶν.
3387 4149 3494 4211 Καὶ
3522 4151 3732 4231 πρῶτον

423 4242 628 4302 etenim
702 4242 862 4302 valde
899 4243 1270 4303 honoriﬁcum
1323 4255 1463 4317 erat,
1516 4262 1672 4321 atque
1742 4263 1805 4304 ac
1854 4247 2017 4305 hodie

423 4331 890 4389 Christianismus.
948 4337 1080 4389 Non
1124 4335 1265 4389 dixit
1299 4343 1508 4389 autem.
1563 4361 1588 4387 α
1619 4337 1876 4389 ,ἷιιᾶξηιιεη
1937 4354 2017 4389 es.

2128 4240 2189 4302 τὸ
2212 4239 2396 4319 ὄνομα’
2426 4239 2651 4323 καὶγὰρ
2703 4241 2908 4389 σφόδγρα
2955 4240 3147 4320 σεμνὸν
3191 4231 3294 4314 ἦν,
3343 4239 3524 4322 ὥσπερ
3572 4245 3661 4299 νῦν
3706 4241 3736 4296 6

2129 4331 2565 4389 Χριστιανισιιός.
2618 4333 2738 4389 Οὐκ
2801 4355 2824 4389 ε
2853 4355 2918 4389 πε
2976 4331 3065 4389 δὲ.
3127 4331 3382 4389 Ἰουδαῖος
3440 4321 3523 4389 εἶ.
3592 4330 3734 4389 ἀλλ’.

420 4331 890 4391 Christianismus.
948 4337 1080 4392 Non
1124 4335 1265 4394 dixit
1299 4343 1508 4406 autem,
1563 4361 1588 4387 α
1619 4337 1876 4395 Ιυᾶωυεη
1937 4354 2019 4408 es,

419 4421 539 4492 sed,
574 4445 602 4473 α
631 4425 1072 4498 cognominaris;
1101 4449 1128 4476 ιν
1157 4442 1321 4484 verus
1358 4426 1511 4483 enim
1551 4426 1781 4485 Iudaeus
1809 4435 1892 4486 est
1927 4428 2022 4502 qui

420 4512 731 4572 conﬁtetur.
770 4514 986 4572 Etenim
1031 4515 1204 4574 Judas
1255 4515 1540 4575 confessio
1596 4517 1828 4575 dicitur.
1889 4541 1916 4568 α
1950 4521 2024 4575 Et

419 4604 717 4677 requiescis
749 4603 805 4660 in
831 4606 968 4679 lege,
991 4628 1016 4657 ιι
1056 4623 1158 4681 pro
1181 4623 1264 4676 _eo
1292 4607 1443 4680 quod
1472 4614 1578 4677 est,
1611 4609 1738 4665 Non
1764 4606 2024 4683 defatiga-

417 4691 494 4749 ris
543 4694 873 4752 circumiens
897 4704 956 4752 et
982 4695 1200 4754 discens
1228 4697 1365 4769 quid
1409 4705 1663 4770 oporteat
1703 4713 1887 4771 agere,
1922 4698 2024 4756 sed

423 4781 604 4856 legem
646 4781 838 4852 habes,
875 4801 999 4858 quae
1036 4795 1094 4844 te
1115 4786 1375 4844 omnibus
1397 4787 1457 4844 in
1480 4786 1644 4845 rebus
1689 4785 1848 4847 facile
1870 4789 2024 4846 insti-

415 4871 542 4928 tuit.
569 4893 596 4922 αι
628 4875 700 4929 Et
722 4873 973 4948 gloriaris
1000 4876 1060 4933 in
1108 4881 1256 4947 Deo,
1291 4899 1319 4928 ι
1361 4893 1462 4936 ceu
1501 4877 1736 4935 dilectus
1775 4879 1846 4936 ab
1877 4879 2018 4952 ipso,

415 4970 470 5018 et
497 4976 610 5034 pm
637 4964 850 5022 caeteris
870 4963 1197 5025 hominibus
1212 4967 1412 5025 honori
1438 4967 1676 5026 habitus.
1707 4971 1810 5026 Est
1831 4978 2021 5027 autem

414 5051 668 5111 maximas
722 5051 1015 5113 dementia
1083 5057 1423 5131 symbolum,
1483 5059 1569 5115 dei
1621 5059 1920 5117 dilectione
1946 5059 2020 5117 ad

412 5150 795 5217 contemptum
823 5146 1216 5207 contribulium
1254 5164 1351 5207 seu
1370 5165 1740 5223 congenerum
1769 5149 1914 5207 uti.«
1946 5152 2020 5207 Et

413 5233 566 5291 nosti
600 5234 963 5308 voluntatem,
988 5259 1014 5288 π
1049 5254 1275 5312 nempe,
1315 5241 1438 5298 Dei.
1475 5263 1502 5289 α
1532 5241 1744 5298 Probas
1775 5259 1805 5294 δ)
1833 5249 2019 5298 autem

413 5342 436 5371 ι
479 5323 733 5400 meliora,
765 5345 797 5382 κ
825 5326 880 5384 id
903 5337 1009 5400 est,
1035 5329 1264 5390 Iudicas
1290 5346 1415 5406 quae
1431 5346 1594 5405 agere
1623 5333 1939 5400 conveniat,
1960 5339 2018 5388 et

503 5487 522 5510 ³
562 5477 724 5536 Joan.
751 5494 812 5548 γ,
841 5485 929 5537 22.

2129 4321 2568 4413 Χριστιανισμός.
2618 4321 2759 4392 Οὐκ
2801 4321 2918 4391 εἶπε
2976 4331 3065 4407 δὲ,
3127 4331 3382 4398 Ἰουδαῖος
3440 4321 3523 4405 εἶ,
3592 4330 3734 4405 ἀλλ’,

2137 4446 2168 4479 α
2221 4421 2568 4502 Ἐπονομάζῃ
2593 4445 2608 4460 ·
2633 4443 2663 4480 ››
2721 4419 2922 4494 ἀληθὴς
2970 4421 3076 4502 γὰρ
3134 4419 3390 4488 Ἰουδαῖος
3447 4420 3661 4498 λέγεται
3705 4422 3735 4478 6

2131 4511 2626 4592 ἐξομολογούμενος.
2684 4509 2891 4580 Ἰούδας
2941 4510 3046 4594 γὰρ
3099 4533 3129 4570 ιι
3155 4509 3526 4589 ἐξομολόγησις
3560 4531 3592 4569 ›)
3643 4513 3740 4590 ἐρ-

2132 4601 2438 4681 μηνεύεται.
2471 4626 2503 4659 α
2547 4599 2657 4663 Καὶ
2687 4600 3010 4680 ἐπαναπαύῃ
3042 4603 3118 4680 τῷ
3147 4600 3320 4681 νόμῳ.
3361 4628 3384 4654 υ
3423 4599 3562 4682 Ἀντὶ
3597 4603 3688 4660 τοῦ
3708 4645 3726 4675 ,

2132 4695 2215 4756 Οὐ
2267 4701 2456 4774 κοπιᾷς
2510 4689 2730 4774 περιιὼν
2793 4691 2886 4751 καὶ
2933 4689 3212 4769 μανθάνων
3255 4689 3310 4749 τί
3367 4691 3447 4749 δεῖ
3496 4688 3735 4770 πρᾶξαι,

2133 4783 2250 4843 ἀλλ’
2275 4782 2416 4864 ἔχεις
2466 4782 2554 4842 τὸν
2584 4783 2744 4861 νόμον
2793 4779 3112 4842 διδάσκον-τά
3163 4803 3224 4841 σε
3277 4779 3455 4839 πάντα
3517 4779 3731 4863 ῥᾳδίως.

2141 4895 2170 4932 α
2200 4873 2312 4934 Καὶ
2348 4881 2627 4953 καυχᾶσαι
2655 4873 2709 4931 ἐν
2738 4872 2890 4952 Θεῷ,
2909 4892 2940 4930 n
2972 4874 3046 4940 ὡς
3075 4867 3372 4951 ἀγαπηθεὶς
3392 4872 3520 4950 παρ’
3553 4870 3736 4943 αὐτοῦ,

2131 4961 2225 5024 καὶ
2268 4961 2615 5042 προτιμηθεὶς
2667 4965 2770 5020 τῶν
2824 4962 3002 5021 ἄλλων
3052 4959 3368 5041 ἀνθρώπων.
3454 4957 3734 5028 Ἀπονοίας

2132 5054 2187 5114 δὲ
2217 5054 2490 5132 μεγίστης,
2515 5052 2600 5128 τὸ,
2632 5055 2698 5134 τῇ
2731 5055 2821 5110 τοῦ
2851 5051 2992 5111 Θεοῦ
3017 5050 3061 5088 ⁰¹
3098 5050 3282 5132 ἀγάπῃ
3307 5054 3378 5118 εἷς
3401 5049 3738 5131 καταφρόνη-

2131 5167 2211 5205 σιν
2253 5145 2358 5202 τῶν
2401 5147 2668 5221 ὁμογενῶν
2698 5147 2954 5224 χρᾶσθαι.
3011 5163 3042 5201 α
3073 5141 3182 5203 Καὶ
3225 5139 3502 5221 γινώσκεις
3555 5139 3615 5198 τὸ
3646 5140 3736 5200 θέ-

2129 5235 2280 5312 λημα
2309 5257 2322 5272 ·
2353 5254 2384 5293 ›)
2436 5233 2714 5308 τουτέστι,
2771 5237 2863 5292 τοῦ
2905 5232 3070 5294 Θεοῦ.
3129 5253 3160 5291 (ι
3183 5231 3295 5292 Καὶ
3324 5230 3630 5309 δοκιμάζεις
3659 5227 3729 5288 τὰ

2131 5321 2447 5406 διαφέροντα
2472 5323 2548 5386 9².
2583 5347 2616 5382 ιι
2649 5323 2930 5400 Τουτέστι,
2953 5321 3168 5405 Κρίνεις
3196 5321 3249 5383 τί
3279 5322 3358 5382 δεῖ
3381 5319 3604 5404 πρᾶξαι,
3639 5319 3733 5379 καὶ

1809 5555 2002 5616 Variae
2045 5557 2351 5616 lectiones.

479 5681 547 5764 ξ’-
569 5680 846 5764 ἀπέλαυσεν
887 5700 943 5742 0.
1021 5687 1068 5725 ⁸⁸
1113 5687 1236 5752 Θεὸς
1285 5705 1342 5747 ο.
1421 5690 1468 5728 ³⁴
1509 5688 1649 5744 οἶδεν
1697 5706 1755 5748 ο.
1829 5690 1872 5726 ⁸⁵
1923 5691 2036 5746 οὐδὲ
2074 5707 2152 5749 m.
2229 5691 2273 5725 ⁸⁸
2312 5691 2395 5747 ἀπ’
2434 5691 2594 5764 ἀρχῆς
2631 5692 2804 5755 ἄλλως
2839 5707 2894 5749 0.
2971 5689 3016 5724 ⁸⁷
3045 5689 3168 5759 αὖτὴ
3210 5706 3266 5750 0.
3344 5688 3388 5724 ⁸⁸
3429 5689 3613 5758 ταύτην
3658 5704 3718 5746 ο.

404 5759 450 5794 ⁸⁸
475 5759 549 5834 ἐφ’
579 5777 632 5819 0.
710 5760 756 5798 ⁸ο
782 5766 1153 5840 κατεπαίρονται
1173 5786 1229 5826 0.
1303 5770 1346 5806 ⁹¹
1387 5777 1476 5826 τοῦ
1503 5771 1534 5824 ἆ
1551 5773 1697 5844 (αθοῦ
1728 5788 1806 5830 m.
1883 5771 1928 5807 θ’
1955 5774 2266 5851 συμφέροντα
2294 5789 2351 5831 0.
