4150 6468
418 449 527 506 373

1251 462 1259 467 '
1334 440 1688 502 EXPOSITIO
1728 441 1792 498 IN
1833 438 2044 496 EPIST.
2086 435 2180 493 AD
2218 435 2386 492 ROM.
2425 463 2499 476 -—
2536 434 2690 491 CAP.
2733 437 2794 491 ll.

3637 433 3741 490 374

415 574 466 634 τί
496 575 572 654 μὴ
606 575 688 638 δεῖ
733 575 958 655 πρᾶξαι.
1006 599 1036 636 α
1073 572 1404 656 Διαφέροντα
1438 596 1469 628 )›
1514 569 1572 630 δὲ
1618 566 1686 628 τὰ
1725 565 1990 641 καθήκοντ

2094 589 2113 632 ι
2140 577 2261 636 quae
2291 575 2404 618 non
2439 561 2734 618 conveniat
2755 575 2934 632 agere.
2966 564 3071 619 Per
3103 563 3415 634 διαφέροντα,
3444 558 3740 636 unicuique

419 667 592 751 ίάστῳ
620 667 845 741 νοητέον
867 713 884 742 ,
920 668 1078 746 ἤγουν
1107 668 1175 726 τὰ
1205 663 1562 751 συμφέροντα.

504 779 536 818 α
565 739 846 830 Ϊίἐποιθάς
868 739 1207 821 »τεῇ-σεάυτὸν
1249 739 1440 834 ὁδηγδν
1474 739 1610 813 εἶναι
1637 750 1880 831 τυφλῶν,
1913 750 2023 830 φῶς

420 852 527 910 τῶν
556 850 610 910 ἓν
657 851 876 926 σκότει,
924 845 1219 920 παιδευτὴν
1264 843 1534 930 ἀφρόνων,
1579 840 1900 930 διδάσκαλον
1925 862 2021 913 νη-

420 939 554 998 πίων
575 986 590 1012 ,
642 941 837 1023 ἔχοντα
890 941 988 1014 τὴν
1041 928 1323 1022 μόρφωσιν
1358 939 1452 1009 τῆς
1499 931 1744 1023 γνώσεως
1791 928 1884 991 καὶ
1925 932 2020 1023 {is

421 1018 681 1103 ἀληθείας
695 1018 766 1090 ⁷ἐν
796 1036 874 1114 τῷ
918 1018 1086 1112 νόμω.
1116 1018 1168 1089 φ
1204 1025 1474 1106 Ἀνωτιίρω
1531 1020 1637 1114 μὲν
1676 1020 1854 1114 ἔλεγεν
1875 1067 1891 1096 ,
1935 1018 2017 1114 ἔτι

421 1120 565 1180 οἰδὲν
610 1121 808 1204 ὠφελεῖ
845 1108 887 1196 ’ἠ
935 1108 1185 1203 ἀκρόασις
1223 1122 1318 1179 τοῦ
1347 1116 1547 1194 νόμου,
1593 1112 1685 1173 ἐὰν
1719 1110 1795 1192 μὴ
1827 1108 2016 1204 πρᾷξις

423 1215 619 1293 προσῇ.
658 1201 680 1264 ἑ
721 1214 804 1274 Οὖ
842 1212 947 1294 γὰρ
993 1201 1042 1271 οἱ
1073 1208 1362 1288 ἀκροαταὶ,
1391 1229 1422 1265 ι)
1462 1204 1627 1294 φησὶ,
1668 1225 1698 1263 (ι
1726 1208 1822 1263 τοῦ
1850 1201 2014 1294 νόμου

420 1291 614 1360 δίκαιοι
638 1301 781 1383 παρὰ
811 1306 890 1384 τῷ
921 1291 1050 1382 Θεῷ
1071 1347 1089 1376 ,
1130 1297 1247 1359 ἀλλ’
1287 1300 1336 1357 οἳ
1365 1293 1606 1384 ποιηταί.
1631 1315 1672 1384 ί»
1717 1295 1832 1355 Νῦν
1864 1291 1920 1351 δὲ
1950 1292 2012 1384 to

415 1395 595 1468 μεῖζον
626 1376 794 1472 λέγει,
824 1376 907 1452 ὅτι
952 1376 1066 1453 Κάν
1113 1388 1429 1455 διδάσκαλος
1467 1376 1545 1459 εἶ,
1579 1383 1654 1463 μὴ
1678 1383 1921 1464 πράττῃς
1954 1380 2010 1442 δὲ

408 1481 476 1540 τὰ
507 1486 598 1542 τοῦ
623 1483 811 1560 νόμου,
839 1485 898 1542 οὗ
927 1481 1083 1561 μόνον
1113 1480 1264 1541 οὐδὲν
1289 1479 1475 1560 ὠφελῇ
1494 1521 1510 1550 ,
1539 1473 1680 1534 ἀλλά
1707 1473 1800 1534 καὶ
1830 1473 2007 1550 μειζό-

407 1595 512 1640 νως
543 1573 762 1656 κολάζῃ.
793 1573 1018 1647 Ἐπειδὴ
1043 1572 1145 1653 γὰρ
1173 1574 1226 1631 ἐν
1251 1571 1419 1650 τούτῳ
1448 1569 1685 1648 μάλιστα
1722 1564 2004 1656 ἐφρόνουν,

409 1664 487 1742 τῷ
510 1655 873 1746 διδασκαλικῷ
917 1664 1217 1740 ἀξιώματι,
1270 1663 1506 1722 ἐντεῦθεν
1536 1659 1588 1698 ⁵³³
1621 1657 1858 1737 μάλιστα
1899 1655 2006 1716 δεί-

403 1775 593 1812 κνυσιν
648 1745 853 1822 αὐτοὺς
911 1753 1362 1833 καταγελάστους.
1423 1750 1602 1812 1³Ὀταν
1679 1746 1785 1828 γὰρ
1835 1745 2009 1825 λέγει,

408 1842 705 1943 «ῥοδηγὸν
724 1847 957 1943 τυφλῶν,
975 1841 1540 1943 διδάσκαλον-νηπίων,
1561 1861 1593 1897 ι)
1621 1835 1801 1943 καὶτὰ
1821 1837 2000 1943 λοιπὰ,
2034 1879 2083 1943 Β

401 1933 494 1993 τὸν
525 1938 690 2017 τῦφον
723 1939 896 1996 αὐτῶν
930 1934 1238 2015 καταλέγει.
1281 1931 1445 1994 Οὕτω
1481 1930 1587 2013 γὰρ
1616 1927 1839 1990 ἐκάλουν
1869 1930 2002 1990 ἑαυ-

399 2021 523 2092 τοὺς
542 2071 560 2100 ,
582 2025 830 2104 ὁδηγοὺς,
857 2030 966 2108 φῶς
984 2073 1001 2104 ,
1032 2025 1122 2085 καὶ
1165 2023 1454 2093 παιδευτάς
1473 2046 1486 2061 ·
1513 2021 1634 2090 τοὺς
1669 2019 1725 2080 δὲ
1751 2017 1804 2089 ἐξ
1838 2022 1999 2080 ἐθνῶν

400 2115 769 2194 προσηλύτους
789 2162 804 2192 ,
838 2119 892 2176 ἐν
925 2116 1136 2195 σκότει,
1167 2115 1259 2176 καὶ
1304 2115 1526 2189 νηπίους
1549 2157 1566 2186 ,
1598 2110 1693 2172 καὶ
1741 2109 1992 2192 ἄφρονας-

397 2198 591 2284 Ἕχεις
632 2206 686 2266 δὲ
718 2206 816 2279 τὴν
844 2205 1115 2289 μόρφωσιν
1167 2211 1260 2279 τῆς
1310 2204 1556 2286 γνώσεως
1585 2201 1681 2262 καὶ
1719 2205 1814 2274 τῆς
1862 2204 1998 2276 ἀλη-

393 2295 574 2368 θείας,
621 2299 715 2357 οὖκ
760 2298 813 2356 ἐν
839 2305 956 2365 ταῖς
986 2295 1205 2377 πράξεσι
1254 2296 1345 2356 καὶ
1386 2304 1496 2362 τοῖς
1541 2291 1993 2373 κατορθώμασιν,

395 2383 517 2444 ἀλλ’
547 2389 601 2446 ἐν
630 2390 703 2468 τῷ
733 2389 881 2470 νόμῳ
898 2433 916 2461 ,
947 2387 1214 2454 πεποιθὼς
1239 2388 1384 2468 αὐτῷ
1406 2432 1423 2463 ,
1449 2388 1522 2452 ὥς
1564 2387 1861 2465 μορφοῦντι
1892 2381 1994 2457 τὴν

394 2475 592 2554 ἀρετήν
612 2499 626 2514 ·
655 2475 841 2558 ὥσπερ
865 2477 958 2538 ἐάν
987 2502 1063 2545 τις
1105 2476 1368 2558 βασιλέως
1400 2475 1449 2514 9³
1476 2475 1654 2534 εἰκόνα
1686 2472 1824 2555 ἔχων
1846 2519 1863 2549 ,
1895 2473 1993 2532 αὖ·

392 2564 484 2632 τὸς
519 2565 616 2643 μὲν
647 2567 768 2627 κατ’
809 2568 976 2640 αὐτὴν
1025 2567 1187 2646 μηδὲν
1220 2565 1546 2647 ζωγραφοίη·
1601 2565 1650 2624 οἱ
1691 2563 1747 2623 δὲ
1783 2563 1860 2642 μὴ
1891 2586 1986 2623 πι-

391 2658 695 2724 στευθέντες
744 2658 943 2732 αὐτὴν,
990 2659 1082 2717 καὶ
1127 2657 1293 2738 χωρὶς
1335 2663 1431 2719 τοῦ
1476 2655 1602 2734 πρὸς
1651 2652 1820 2727 αὐτὴν
1858 2655 1990 2738 ἀπο-

389 2743 639 2822 ϐλέπειν,
695 2748 832 2827 μετὰ
890 2735 1358 2822 ἀληθείαςναῦτὴν
1409 2753 1676 2825 μιμοῖντο.
1735 2747 1854 2812 Πᾶς
1898 2735 1989 2804 οὖν

387 2835 710 2906 διδάσκαλος
740 2842 1008 2919 ζωγραφεῖ
1048 2837 1139 2897 καὶ
1166 2838 1360 2919 μορφοῖ
1399 2836 1496 2910 τὴν
1533 2839 1728 2915 γνῶσιν
1756 2841 1850 2896 τοῦ
1883 2859 1990 2895 κα-

383 2926 481 2986 λοῦ
500 2972 520 3004 ,
552 2927 646 2987 καὶ
677 2927 771 3001 τὴν
802 2927 1088 3003 ἀλήθειαν,
1118 2931 1172 2989 ἐν
1201 2937 1317 2995 ταῖς
1337 2931 1440 2987 τῶν
1473 2930 1730 3005 μαθητῶν
1761 2927 1981 3007 ψυχαῖς.

383 3016 529 3098 ᾌλλ’
560 3022 607 3077 εἰ
638 3016 736 3096 μὲν
768 3018 859 3078 καὶ
889 3017 1155 3098 πράττει,
1193 3018 1392 3086 τέλειος
1413 3042 1428 3057 ·
1463 3019 1509 3077 εἰ
1531 3019 1576 3077 δ’
1603 3015 1698 3090 οῦ,
1723 3021 1986 3093 τοιοῦτος,

383 3096 484 3166 οἷοι
523 3109 570 3167 οἱ
598 3113 691 3167 νῦν
734 3096 1102 3186 ὀνειδιζόμενοι
1135 3109 1282 3191 παρὰ
1311 3114 1405 3168 τοῦ
1437 3105 1780 3170 Ἀποστόλου.
1830 3109 1881 3168 Τ
1886 3106 1988 3175 ινὲς

388 3193 443 3257 δὲ
497 3197 774 3280 μόρφωσιν
823 3199 1080 3274 ἐνόησαν,
1137 3197 1234 3272 τὴν
1287 3198 1615 3261 ἐπίπλαστον
1665 3197 1844 3259 εἰκόνα
1890 3201 1986 3271 τῆς

383 3273 652 3379 prbeamus.
685 3291 772 3351 Οὖ
803 3289 901 3364 τὴν
932 3273 1106 3362 ἀληθῆ
1139 3290 1270 3379 γὰρ,
1289 3291 1455 3373 φησὶ,
1495 3293 1688 3370 γνῶσιν
1714 3289 1806 3348 καὶ
1837 3287 1988 3349 εὗσέ·
2020 3273 2066 3338 C

387 3375 536 3436 ϐειαν
581 3381 720 3462 ἔχεις
743 3428 762 3463 ,
815 3382 938 3441 ἀλλ’
991 3375 1318 3442 ἔπίπλαστόν
1372 3403 1491 3441 τινα
1537 3379 1630 3442 καὶ
1682 3383 1986 3463 ἐπικεχρω-

387 3468 606 3545 σμένην.

484 3780 516 3818 α
546 3757 616 3820 ¢0
656 3750 741 3821 οῦν
784 3761 1048 3824 διδάσκων
1097 3762 1276 3846 ἕτερον
1320 3761 1539 3825 σεαυτὸν
1572 3765 1632 3824 οὖ
1675 3763 1976 3839 διδάσκεις;

384 3847 465 3910 Ὀ
505 3850 775 3930 κηρύσσων
826 3852 903 3932 μὴ
952 3853 1200 3914 κλέπτειν
1244 3853 1536 3928 κλέπτεις,
1583 3853 1652 3915 Ὀ
1699 3851 1868 3934 λέγων
1901 3854 1975 3934 μὴ

388 3941 658 4022 μοιχεύειν
701 3944 998 4026 μοιχεύεις,
1045 3943 1476 4024 Βδελυσσόμενος
1504 3944 1573 4005 τὰ
1603 3946 1817 4018 εἴδωλα,
1840 3948 1976 4026 ἱερο-

382 4034 586 4107 συλεῖς,
611 4032 714 4100 Ὃς
748 4035 800 4094 ἐν
827 4033 974 4117 νόμῳ
1017 4045 1326 4118 καυχᾶσαι,
1361 4031 1448 4094 διὰ
1483 4040 1577 4109 τῆς
1617 4034 1976 4116 παραϐάσεως

374 4127 465 4182 τοῦ
509 4124 671 4201 νόμου
708 4123 798 4183 τὸν
825 4127 966 4186 Θεὸν
1016 4127 1320 4205 ἀτιμάζεις,
1369 4125 1450 4188 Τὸ
1503 4126 1607 4208 γὰρ
1663 4125 1831 4206 ὄνομα
1879 4132 1974 4189 τοῦ

371 4213 514 4274 Θεοῦ
541 4214 610 4271 δι’
646 4217 786 4293 ὖμᾶς
836 4219 1240 4298 βλασφημεῖται
1287 4219 1339 4277 ἐν
1373 4220 1483 4285 τοῖς
1532 4215 1736 4294 ἔθνεσι,
1799 4217 1974 4288 καθὼς

367 4304 690 4386 γέγραπται.
718 4329 746 4365 ι)
800 4307 937 4367 Κατ’
975 4306 1232 4390 ἐρώτησιν
1276 4311 1506 4368 ποιεῖται
1542 4306 1630 4366 τὸν
1666 4307 1852 4386 λόγον,
1883 4311 1971 4369 ἐν-

369 4393 580 4474 τρέπων
622 4395 745 4465 τοὺς
795 4396 1170 4479 καυχωμένους
1221 4397 1308 4458 ἐπὶ
1342 4401 1418 4482 τῷ
1463 4398 1753 4462 διδάσκειν.
1807 4396 1972 4482 Ἱερο-

368 4484 558 4544 συλίαν
604 4485 662 4546 δὲ
687 4487 831 4567 λέγει
863 4487 957 4560 τὴν
999 4489 1277 4572 ἀφαίρεσιν
1305 4492 1410 4549 τῶν
1443 4489 1831 4569 ἀνατιθεμένων
1861 4499 1970 4561 τοῖς

363 4575 628 4645 εἰδώλοις.
663 4576 772 4638 Καὶ
814 4576 917 4660 γὰρ
947 4581 993 4638 εἷ
1035 4579 1125 4640 καὶ
1155 4580 1542 4642 ἐϐδελύσσοντο
1569 4581 1620 4617 9⁵
1653 4579 1721 4640 τὰ
1743 4581 1963 4664 εἴδωλα,

365 4667 486 4724 ἀλλ’
514 4667 662 4743 ὅμως
683 4666 736 4706 ⁹⁶
757 4672 824 4749 τῇ
852 4669 1259 4752 φιλοχρηματίᾳ
1288 4671 1698 4752 τυραννούμενοι
1731 4670 1968 4746 ἥπτοντο

362 4757 472 4814 τῶν
502 4759 796 4817 εἰδωλικῶν
846 4761 1204 4837 ἀναθημάτων
1237 4761 1305 4820 δι’
1346 4761 1774 4843 αἰσχροκερδίαν.
1829 4753 1967 4825 Εἶτα

359 4847 425 4906 τὸ
452 4848 744 4929 βαρύτερον
769 4848 975 4929 ἐπάγει,
995 4849 1191 4929 λέγων’
1219 4850 1360 4919 ιὋς
1379 4854 1430 4911 ἐν
1456 4851 1603 4936 νόμῳ
1622 4862 1916 4934 καυχᾶσαι,
1941 4879 1965 4908 ι

357 4940 433 5006 ὥς
457 4938 700 5016 τιμηθεὶς
737 4940 885 5021 παρὰ
915 4941 1058 5002 Θεοῦ
1087 4939 1176 5001 διὰ
1206 4941 1294 5002 τὸν
1329 4941 1524 5020 νόμον,
1557 4943 1645 5005 διὰ
1669 4947 1763 5015 τῆς
1786 4969 1961 5028 παραυ

359 5028 574 5096 ϐάσεως
625 5034 720 5089 τοῦ
783 5030 948 5108 νόμου
999 5030 1058 5090 τὸ
1110 5032 1250 5093 Θεὸν
1301 5032 1577 5113 ἀτιμάζεις
1592 5058 1610 5109 3
1665 5035 1805 5115 Τρία
1857 5037 1961 5118 γάρ

351 5119 495 5179 εἰσιν
542 5119 858 5200 ἐγκλήματα
903 5121 1168 5181 ἐνταῦθα·
1204 5121 1260 5183 ἓν
1293 5122 1429 5202 μὲν,
1477 5123 1560 5184 ὅτι
1603 5125 1962 5202 ἀτιμάζουσιο

350 5208 637 5291 δεύτερον,
702 5210 786 5272 ὅτι
852 5212 1172 5291 ἀτιμάζουσι
1238 5212 1328 5273 τὸν
1395 5213 1706 5293 τιμήσαντα
1773 5215 1964 5286 αὐτοὺς

348 5300 499 5360 Θεόν
523 5317 540 5333 ⁶
583 5299 676 5360 καὶ
706 5299 917 5381 τρίτον,
950 5301 1025 5360 δι’
1051 5293 1110 5362 οὗ
1141 5302 1473 5382 ἐτιμήθησαν
1501 5303 1694 5382 νόμου,
1728 5305 1814 5367 διὰ
1841 5306 1964 5368 τού-

348 5413 452 5450 του
480 5390 834 5469 ἀτιμάζουσι,
877 5391 1302 5472 παραϐαίνοντες
1343 5392 1528 5458 αὐτόν.
1561 5381 1703 5457 Εἶτα
1723 5443 1742 5476 ,
1768 5393 1856 5455 ἵνα
1885 5396 1960 5476 μὴ

348 5478 479 5563 δόξῃ
544 5484 865 5564 κατηγορεῖν
931 5480 1131 5545 οἴκοθεν
1147 5527 1166 5562 ,
1239 5482 1330 5546 τὸν
1387 5483 1668 5569 προφήτην
1725 5483 1962 5550 Ἡσαΐαν

426 5590 452 5624 ⁸
479 5589 588 5660 ιω,
616 5589 712 5663 lu,
743 5594 801 5652 5.

2130 652 2515 710 convenientia
2543 651 2896 726 intelligenda
2934 660 3083 722 sunt,
3118 651 3201 708 vel
3227 651 3401 710 utilia.

2200 745 2380 801 Vens.
2405 747 2594 800 19-20.
2625 765 2652 792 ιι
2676 741 2924 801 Conﬁdis
2947 743 3185 818 teipsum
3200 757 3318 800 esse
3346 741 3546 800 ducem
3565 757 3740 800 caeco-

2124 849 2271 902 rum,
2289 834 2478 891 lumen
2501 848 2698 892 eorum
2726 832 2819 906 qui
2847 833 2906 890 in
2928 833 3173 891 tenebris
3194 840 3344 903 sunt,
3382 832 3724 890 eruditorem

2123 923 2519 998 insipientium,
2557 925 2891 996 magistrum
2916 922 3236 995 infantium,
3276 922 3579 980 habentem
3611 921 3724 980 for-

2121 1028 2280 1072 mam
2305 1013 2549 1071 scientiae
2590 1022 2646 1070 et
2681 1013 2926 1070 veritatis
2949 1013 3008 1071 in
3037 1013 3174 1088 lege.
3227 1036 3252 1064 υ
3287 1015 3465 1086 Supra
3494 1011 3727 1087 quidem

2120 1103 2356 1172 dicebat,
2379 1103 2720 1162 auditionem
2741 1103 2878 1178 legis
2907 1103 3044 1161 nihil
3065 1101 3349 1178 prodesse,
3371 1103 3478 1160 nisi
3493 1107 3550 1160 et
3575 1103 3721 1160 actio

2122 1193 2427 1252 accederet.
2459 1217 2484 1244 α
2512 1196 2703 1267 Neque
2732 1193 2884 1250 enim
2913 1193 3213 1264 auditores,
3245 1217 3272 1245 υ
3313 1192 3508 1267 inquit,
3541 1192 3730 1265 «legis

2111 1283 2247 1357 justi
2276 1291 2408 1340 sunt
2458 1281 2608 1356 apud
2643 1286 2846 1353 Deum,
2900 1282 2998 1341 sed
3023 1281 3280 1340 factores.
3317 1306 3342 1333 ι
3396 1283 3562 1339 Nunc
3598 1297 3726 1341 vero

2117 1373 2297 1448 majus
2333 1372 2618 1446 quidpiam
2647 1363 2726 1430 ait
2767 1393 2780 1430 :
2814 1373 3046 1430 Etiamsi
3094 1373 3230 1447 legis
3270 1372 3467 1430 doctor
3511 1388 3595 1438 es,
3622 1388 3727 1429 nec

2112 1470 2304 1520 tamen
2331 1477 2458 1535 quae
2502 1461 2638 1536 legis
2665 1470 2796 1519 sunt
2839 1460 2997 1532 facis,
3027 1478 3145 1519 non
3166 1470 3387 1519 tantum
3435 1460 3574 1519 nihil
3622 1460 3726 1518 tibi

2125 1553 2347 1626 prodes,
2378 1569 2567 1611 verum
2603 1554 2773 1610 etiam
2804 1569 2869 1611 eo
2907 1553 3114 1627 majore
3138 1569 3299 1627 poena
3325 1555 3435 1626 22
3466 1551 3726 1610 afﬁcieris

2114 1646 2258 1701 Nam
2309 1645 2568 1717 quoniam
2621 1643 2695 1700 ob
2745 1643 2888 1702 hanc
2957 1644 3334 1718 magistralem
3399 1643 3722 1717 dignitatem

2081 1734 2360 1791 ‘*maxime
2387 1732 2782 1804 efferebantur,
2811 1734 2943 1790 hinc
2969 1733 3320 1807 potissimum
3358 1734 3598 1791 ostendit
3626 1748 3724 1791 eos

2112 1841 2230 1883 esse
2251 1823 2532 1882 ridiculos.
2564 1825 2705 1882 Cum
2736 1825 2881 1881 enim
2907 1824 3107 1898 inquit,
3139 1843 3169 1878 ι(
3195 1823 3396 1881 ducem
3421 1841 3719 1892 caecorum,

2114 1914 2453 1972 eruditorem
2474 1913 2868 1988 insipientium,
2895 1938 2921 1964 ιο
2954 1913 3120 1987 idque
3147 1929 3320 1988 genus
3355 1913 3482 1984 alia,
3511 1912 3720 1972 fastum

2108 2003 2334 2062 illorum
2362 2012 2632 2062 recenset.
2661 2007 2742 2061 Ita
2772 2003 2919 2060 enim
2945 2003 3216 2062 vocabant
3243 2004 3600 2076 semetipsos,
3620 2004 3720 2062 du-

2108 2111 2200 2153 ces
2235 2102 2289 2152 et
2316 2095 2505 2152 lumen
2551 2103 2608 2152 et
2645 2103 3010 2168 praeceptores
3054 2115 3068 2153 :
3109 2095 3244 2152 istos
3288 2102 3474 2152 autem
3520 2094 3616 2168 qui
3652 2110 3683 2151 e

2101 2185 2358 2259 gentibus
2379 2183 2672 2243 Judaismo
2701 2193 3060 2255 accesserant,
3089 2185 3148 2242 in
3174 2184 3420 2242 tenebris
3471 2192 3715 2258 agentes,

2103 2283 2161 2332 et
2197 2273 2455 2342 stolidos,
2485 2283 2542 2333 et
2580 2284 2829 2333 amentes
2869 2275 3243 2350 appellabant.
3285 2273 3476 2332 Habes
3525 2284 3717 2331 autem

2105 2385 2132 2415 ι
2163 2363 2406 2422 formam
2433 2365 2766 2438 cognitionis
2796 2374 2850 2422 et
2878 2365 3125 2422 veritatis
3157 2387 3184 2415 υ
3226 2380 3343 2422 non
3373 2364 3432 2422 in
3457 2364 3717 2436 operibus

2100 2462 2156 2510 et
2183 2453 2397 2521 ofﬁciis,
2431 2453 2526 2512 sed
2562 2473 2593 2510 α
2621 2455 2678 2512 in
2708 2455 2846 2528 lege,
2882 2478 2910 2506 ι
2962 2454 3252 2512 conﬁdens
3287 2454 3386 2527 ipsi
3426 2469 3526 2512 ceu
3583 2453 3702 2511 for-

2101 2545 2275 2601 manti
2302 2545 2560 2602 virtutem
2591 2563 2606 2603 :
2648 2544 2871 2616 perinde
2900 2560 2964 2602 ac
3009 2544 3054 2602 si
3085 2544 3376 2618 quisquam
3417 2543 3716 2617 imperato-

2100 2633 2244 2690 riam
2269 2633 2570 2710 imaginem
2625 2634 2858 2705 habens,
2910 2635 3026 2708 ipse
3061 2633 3292 2708 quidem
3322 2632 3464 2690 nihil
3489 2633 3563 2691 ad
3591 2633 3710 2706 ejus

2101 2724 2382 2797 exemplar
2442 2723 2672 2798 efﬁngat
2734 2723 3080 2799 depingatve,
3135 2724 3224 2781 alii
3272 2731 3463 2781 autem
3509 2723 3712 2798 quibus

2097 2813 2422 2887 hujusmodi
2444 2831 2561 2872 non
2590 2823 2674 2872 est
2707 2814 3030 2886 commissa,
3061 2815 3196 2872 citra
3231 2813 3491 2872 intuitum
3538 2814 3711 2872 etiam

2097 2903 2217 2976 ejus
2243 2919 2431 2962 revera
2467 2905 2644 2978 ipsam
2689 2904 3009 2962 imitentur.
3057 2903 3255 2963 Omnis
3296 2904 3482 2978 itaque
3513 2902 3712 2963 doctor

2093 2993 2304 3052 format
2327 3003 2382 3052 et
2409 2994 2629 3070 efﬁngit
2657 2995 3035 3070 cognitionem
3057 2995 3209 3061 boni,
3245 2994 3497 3069 adeoque
3526 2995 3710 3069 ipsam

2094 3083 2380 3142 veritatem
2425 3085 2480 3142 in
2526 3086 2926 3158 discipulorum
2971 3085 3194 3144 animis.
3235 3083 3403 3158 Quod
3461 3085 3507 3144 si
3542 3101 3708 3159 opere

2093 3175 2380 3248 exprimat,
2422 3176 2698 3248 perfectus
2721 3177 2829 3233 erit
2865 3195 2880 3235 :
2907 3177 2994 3234 sin
3024 3175 3230 3247 minus,
3261 3176 3386 3233 talis
3415 3175 3538 3244 erit,
3571 3191 3706 3250 qua-

2093 3263 2172 3322 les
2200 3281 2350 3322 nunc
2387 3265 2458 3324 ab
2501 3267 2773 3340 Apostolo
2810 3266 3126 3340 culpantur.
3171 3269 3310 3325 Sunt
3348 3266 3442 3340 qui
3466 3282 3564 3340 per
3586 3266 3706 3324 for-

2096 3355 2403 3414 mationem
2442 3355 2601 3414 illam
2631 3357 3017 3415 intellexerunt
3047 3355 3292 3415 efﬁctam
3314 3365 3478 3431 atque
3503 3356 3706 3415 adum-

2095 3443 2311 3503 bratam
2342 3447 2645 3520 imaginem
2689 3447 3049 3523 cognitionis.
3086 3451 3215 3506 Non
3263 3463 3472 3519 veram,
3501 3447 3702 3522 inquit,

2093 3535 2352 3593 notitiam
2396 3545 2452 3595 et
2501 3536 2764 3612 pietatem
2813 3537 3005 3609 habes,
3046 3536 3146 3597 sed
3194 3537 3438 3598 fucatam
3503 3545 3563 3596 et
3604 3553 3701 3596 co-

2093 3623 2347 3682 loratam.

2161 3804 2339 3860 Vsns.
2372 3807 2568 3861 21—24.
2615 3826 2643 3854 α
2671 3803 2776 3875 Qui
2819 3819 2952 3879 ergo
3003 3803 3173 3862 alium
3219 3803 3404 3874 doces,
3457 3805 3695 3878 teipsum

2086 3908 2202 3949 non
2233 3892 2434 3950 doces?
2463 3893 2566 3965 Qui
2610 3893 2876 3967 praedicas
2917 3911 3031 3952 non
3074 3893 3402 3966 furandum,
3454 3894 3695 3954 furaris?

2087 3981 2198 4052 Qui
2225 3981 2362 4040 dicis
2385 3998 2500 4040 non
2526 3983 2944 4054 mccchandum,
2980 3982 3314 4042 moecharis?
3343 3985 3449 4056 Qui
3477 3983 3692 4042 abomi-

2083 4071 2229 4130 naris
2250 4072 2420 4143 idola,
2445 4073 2794 4148 sacrilegium
2827 4073 2998 4132 facis?
3022 4075 3129 4148 Qui
3167 4074 3224 4131 in
3253 4074 3373 4148 lege
3419 4074 3691 4149 gloriaris,

2083 4178 2182 4236 per
2209 4163 2717 4236 praevaricationem
2745 4164 2878 4239 legis
2904 4168 3091 4224 Deum
3111 4165 3448 4224 inhonoras?
3471 4168 3692 4224 Nomen

2081 4251 2231 4310 enim
2254 4252 2360 4310 Dei
2388 4269 2487 4327 per
2524 4269 2622 4311 vos
2658 4253 3076 4329 blasphematur
3106 4255 3251 4313 inter
3287 4263 3496 4329 gentes,
3549 4255 3693 4313 sicut

2079 4340 2351 4414 scriptum
2379 4349 2465 4398 est
2491 4351 2537 4400 ⁸.
2571 4361 2602 4397 ››
2649 4346 2757 4400 Per
2798 4343 3287 4419 interrogationem
3329 4342 3493 4402 verba
3537 4343 3688 4415 facit,

2081 4429 2433 4503 pudefaciens
2460 4447 2576 4503 eos,
2617 4433 2710 4506 qui
2753 4433 2825 4490 ob
2868 4433 3106 4492 docendi
3145 4449 3350 4492 munus
3379 4434 3691 4510 gloriaban-

2081 4528 2189 4578 tur.
2229 4521 2587 4596 Sacrilcgium
2633 4539 2761 4581 vero
2809 4524 3050 4598 appellat
3111 4524 3449 4582 ablationem
3489 4540 3687 4583 eorum

2077 4626 2200 4684 quae
2237 4609 2397 4668 idolis
2442 4620 2758 4671 consecrata
2781 4622 2958 4670 erant.
2988 4615 3134 4671 Nam
3175 4612 3398 4671 etiamsi
3439 4629 3685 4672 exsecra-

2074 4709 2270 4758 rentur
2305 4701 2472 4771 idola,
2505 4703 2754 4761 avaritiae
2799 4711 2989 4761 tamen
3013 4703 3307 4777 tyrannide
3336 4703 3486 4769 victi,
3524 4703 3685 4765 idolis

2073 4790 2275 4860 dicata,
2306 4791 2479 4863 turpis
2504 4802 2746 4866 quaestus
2767 4794 2945 4867 gratia
2975 4793 3406 4852 contrectabant.
3445 4793 3680 4866 Deinde,

2073 4880 2220 4956 quod
2257 4880 2479 4955 gravius
2525 4891 2610 4940 est
2652 4883 2844 4952 infert,
2887 4884 3138 4960 inquiens
3187 4907 3200 4945 :
3246 4908 3272 4936 (ι
3309 4885 3417 4957 Qui
3465 4885 3526 4942 in
3565 4884 3679 4959 lege

2071 4969 2339 5044 gloriaris,
2384 4979 2491 5028 »ιη
2531 4971 2622 5045 qui
2643 4971 2852 5031 honore
2887 4973 3206 5033 sisafl‘ectus
3239 4991 3271 5033 a
3313 4976 3436 5033 Deo
3455 4983 3682 5050 propter

2070 5062 2268 5134 legem,
2297 5077 2396 5134 per
2422 5061 2559 5136 legis
2598 5063 3111 5136 pravaricationem
3150 5067 3337 5123 Deum
3384 5065 3681 5140 ignominia

2071 5149 2284 5208 efﬁcis?
2305 5150 2437 5207 Tria
2466 5161 2598 5209 sunt
2623 5152 2776 5210 enim
2800 5153 2892 5213 hic
2919 5155 3158 5212 crimina
3192 5175 3205 5212 :
3231 5155 3496 5229 primum,
3528 5153 3677 5227 quod

2071 5239 2468 5311 dehonestent;
2524 5243 2784 5315 alterum,
2840 5243 2993 5318 quod
3051 5248 3256 5316 Deum,
3299 5261 3332 5302 a
3376 5259 3487 5318 quo
3543 5251 3677 5302 sunt

2071 5329 2368 5400 honestati,
2398 5330 2798 5406 dehonestant;
2829 5335 3074 5406 tertium,
3101 5333 3252 5408 quod
3275 5333 3415 5406 lege,
3437 5348 3545 5408 qua
3568 5333 3676 5407 ipsi

2070 5420 2348 5479 honestati
2392 5419 2636 5493 fuerunt,
2678 5440 2776 5498 per
2802 5423 2944 5482 hanc
2977 5423 3369 5495 dehonestant,
3395 5431 3674 5498 transgre-

2068 5504 2288 5567 dientes
2327 5507 2531 5583 ipsam.
2566 5508 2807 5583 Deinde,
2841 5525 2913 5571 ne
2939 5508 3190 5570 videatur
3226 5517 3424 5587 suapte
3448 5509 3675 5586 ingenio

1721 5754 1723 5756 η
1784 5675 1977 5740 Variae
2019 5677 2322 5742 lectiones.

423 5786 466 5825 ⁹³
491 5788 700 5848 ἐνταῦθα
726 5805 781 5850 ο.
863 5788 911 5825 ⁶⁴
941 5787 1202 5862 βασιλικὴν
1232 5805 1285 5852 0.
1359 5790 1404 5828 ⁸⁸
1436 5791 1504 5867 μὴ
1535 5791 1765 5850 ἐσέϐοντο
1791 5809 1844 5851 ο.
1930 5793 1976 5830 ⁸⁸
2003 5787 2092 5851 οῦν
2118 5795 2187 5860 ὣς
2207 5811 2263 5852 o.
