4150 6424
461 426 565 480 375

1485 420 2001 477 THEOPHYLACTI
2038 417 2396 475 BULGARLE
2433 417 2746 475 ARCHIEP.

3652 421 3758 475 376

458 549 607 622 ipsos
631 548 942 622 increpare,
969 546 1295 622 prophetam
1344 546 1563 603 Esaiam
1602 546 1850 619 ipsorum
1897 560 2051 603 accu-

2171 543 2441 624 ἓπήγαγεν
2519 546 2693 603 αὐτῶν
2753 542 3089 625 κατήγορον,
3171 545 3388 604 διπλοῦν
3466 545 3633 605 ποιῶν
3706 543 3768 603 τὸ

459 646 705 696 satorem
733 638 990 712 produxit
1019 638 1079 692 in
1101 637 1371 705 medium,
1403 636 1618 710 culpam
1647 636 1865 692 illorum
1880 635 2057 708 dupli-

462 744 586 785 cem
617 726 843 785 faciens.
885 732 1011 785 Non
1036 727 1189 784 enim
1231 727 1333 801 ipsi
1363 726 1464 783 soli
1497 726 1757 800 injuriam
1797 724 2058 794 inferunt,

461 826 729 877 caeterum
758 826 812 874 et
832 817 935 890 ipsi
964 815 1035 873 ad
1060 817 1167 873 hoc
1192 817 1330 873 alios
1354 825 1689 889 praeparant;
1720 824 1775 872 et
1800 831 1916 872 non
1945 823 2060 870 tan-

463 916 588 964 tum
612 922 735 979 quae
762 908 895 980 legis
918 915 1066 977 sunt,
1095 922 1210 963 non
1243 906 1464 974 docent,
1505 922 1696 963 verum
1726 905 1892 962 etiam
1921 921 2055 961 con-

461 996 629 1053 traria
654 996 877 1067 docent,
909 1013 1106 1069 nempe
1146 996 1549 1069 blasphemiam
1578 997 1704 1066 Dei,
1737 995 1889 1068 quod
1919 1011 2058 1051 con-

462 1086 702 1142 trarium
737 1095 822 1143 est
851 1087 977 1159 legi.
1003 1086 1109 1157 Qui
1153 1088 1300 1142 enim
1340 1088 1486 1159 ipsos
1519 1085 1707 1141 vident
1746 1093 2056 1157 corruptos,

460 1176 705 1233 Hoscine
717 1177 1029 1249 oportebat,
1051 1178 1329 1250 inquiunt,
1354 1193 1384 1233 a
1401 1180 1520 1233 Deo
1536 1176 1868 1249 diligi?num
1884 1178 2058 1243 Deus,

463 1265 555 1338 qui
586 1266 726 1322 tales
754 1265 953 1340 diligit,
987 1282 1176 1323 verum
1216 1282 1334 1324 esse
1363 1266 1582 1339 possit?

531 1358 707 1414 Vsus.
738 1362 827 1414 25.
860 1380 885 1406 ιι
910 1356 1268 1414 Circumcisio
1288 1356 1515 1429 quidem
1536 1354 1783 1430 prodest,
1812 1354 1858 1413 si
1884 1355 2059 1427 legem

462 1446 720 1503 observes
766 1466 778 1503 :
811 1447 857 1503 si
886 1454 1072 1503 autem
1115 1448 1496 1519 praevaricator
1520 1448 1655 1520 legis
1690 1448 1783 1515 sis,
1818 1448 1928 1518 23
1953 1447 2058 1502 cir-

457 1536 723 1592 cumcisio
752 1545 844 1593 tua
871 1538 1205 1609 praeputium
1226 1536 1367 1593 facta
1410 1546 1509 1595 est.
1544 1560 1567 1585 ιο
1612 1537 1891 1607 Quoniam
1918 1552 2056 1608 prae-

463 1626 669 1680 claram
715 1624 782 1681 de
838 1624 1257 1681 circumcisione
1296 1633 1665 1697 conceperant
1718 1624 2056 1697 opinionem,

460 1730 572 1768 non
602 1713 790 1769 statim
819 1729 848 1768 a
881 1713 1146 1786 principio
1166 1713 1328 1781 dixit,
1361 1714 1513 1787 quod
1542 1714 1814 1786 superflua
1843 1722 1899 1770 et
1926 1714 2056 1768 inu-

454 1805 564 1858 tilis
610 1821 697 1860 res
726 1805 796 1860 sit
821 1804 1196 1876 circumcisio,
1228 1822 1422 1862 verum
1455 1804 1631 1862 verbis
1668 1806 1898 1878 quidem
1930 1819 2051 1859 eam

2168 634 2431 711 ἔγκλημα.
2475 636 2557 695 Οὐ
2587 634 2691 715 γὰρ
2736 637 2887 694 αὐτοὶ
2931 634 3081 711 μόνοι
3122 634 3451 716 ὑϐρίζουσιν,
3495 632 3637 694 ἀλλὰ
3676 634 3765 693 καὶ

2166 724 2374 803 ἑτέρους
2420 724 2493 791 εἷς
2556 730 2709 783 τοῦτο
2775 725 3277 804 παρασκευάζουσι·
3334 724 3426 784 καὶ
3491 726 3550 784 οὗ
3611 723 3768 800 μόνον

2165 815 2226 873 οὗ
2250 814 2300 850 ⁹⁷
2340 813 2655 873 διδάσκουσι
2699 812 2768 873 τὰ
2802 818 2893 875 τοῦ
2923 813 3087 889 νόμου
3106 860 3123 892 ,
3156 815 3294 874 ἀλλὰ
3335 812 3519 873 καὶτὰ
3548 812 3765 875 ἐναντία

2166 902 2512 976 διδάσκουσι,
2564 908 2902 983 βλασφημεῖν
2951 904 3044 963 τὸν
3095 903 3234 965 Θεόν
3263 927 3278 942 ·
3344 904 3477 984 ὅπερ
3533 904 3768 965 ἐναντίον

2167 993 2278 1053 ἐστὶ
2325 997 2403 1074 τῷ
2453 991 2621 1074 νόμῳ.
2687 995 2757 1054 Ol
2807 993 2910 1073 γὰρ
2944 996 3167 1073 ὁρῶντες
3218 992 3407 1062 αὐτοὺς
3450 992 3767 1073 διεφθαρμέ-

2175 1106 2325 1159 νους,
2356 1082 2592 1150 Τούτους
2612 1082 2751 1157 ἔδει,
2783 1084 2969 1164 φασὶν,
3006 1087 3286 1161 ἀγαπῆσαι
3321 1085 3410 1143 τὸν
3443 1084 3613 1157 Θεόν;
3661 1074 3768 1163 ἆρα

2166 1176 2195 1231 ὁ
2225 1175 2447 1253 ἀγαπῶν
2476 1170 2594 1241 τοὺς
2629 1173 2914 1241 Τοιούτους
2944 1174 3109 1249 Θεὸς,
3140 1172 3416 1249 ἀληθινός;

2258 1376 2287 1411 (ι
2317 1352 2595 1435 Περιτομὴ
2632 1352 2726 1431 μὲν
2758 1351 2862 1434 γὰρ
2901 1355 3133 1434 ὠφελεῖ,
3168 1355 3257 1413 ἐὰν
3286 1352 3533 1435 πράσσῃς
3564 1353 3653 1413 τὸν
3685 1352 3771 1413 νό-

2170 1467 2299 1523 μονο
2332 1434 2423 1504 ἐὰν
2468 1442 2523 1503 δὲ
2574 1443 2892 1524 παραϐάτης
2935 1445 3098 1521 νόμου
3146 1434 3243 1524 ᾗς,
3295 1450 3329 1517 ἡ
3373 1434 3634 1524 περιτομή
3678 1467 3772 1503 σου

2168 1532 2500 1615 ἀκροϐυστία
2550 1532 2846 1611 γέγονεν.»
2904 1531 3130 1605 Ἐπειδὴ
3180 1534 3422 1615 μεγάλην
3470 1525 3613 1614 εἶχον
3645 1537 3766 1613 περὶ

2166 1613 2271 1694 τῆς
2328 1626 2619 1701 περιτομῆς
2670 1622 2967 1703 ὑπόληψιν,
3020 1625 3115 1682 οὐκ
3167 1613 3315 1682 εἶπεν
3372 1629 3431 1685 ἐκ
3472 1613 3765 1704 προοιμίων

2170 1712 2360 1783 εὐθὺς,
2408 1712 2489 1770 ὅτι
2526 1711 2773 1792 περιττὸν
2816 1713 2908 1771 καὶ
2939 1713 3189 1784 ἀνόνητον
3228 1717 3261 1784 ἡ
3287 1713 3584 1793 περιτομή·
3628 1712 3768 1771 ἀλλὰ

2162 1805 2239 1882 τῷ
2309 1800 2405 1878 μὲν
2435 1800 2577 1880 λόγῳ
2608 1802 2963 1881 καταδέχεται
3010 1801 3239 1877 ταύτην,
3270 1808 3348 1883 τῷ
3388 1803 3443 1862 δὲ
3490 1803 3768 1882 πράγματι

452 1892 669 1963 recipit,
700 1893 877 1965 reipsa
900 1909 1025 1949 vero
1054 1872 1217 1959 tollit,
1248 1895 1497 1967 inquiens
1526 1910 1539 1950 :
1564 1872 1760 1950 Fateor
1790 1892 2050 1965 equidem

2162 1872 2405 1969 κάθαιρεῖ
2423 1937 2440 1963 ,
2483 1872 2573 1949 καί
2596 1913 2755 1969 φησιν
2779 1914 2792 1927 ·
2808 1872 2875 1929 ’6⁸
2900 1872 3187 1969 Ὁμολογῶ
3224 1872 3588 1974 δτι-ὠφελείὴ
3613 1872 3769 1971 ’περι-

452 1983 711 2053 prodesse
758 1983 1257 2054 circumcisionem,
1298 2000 1490 2040 verum
1533 1992 1654 2039 tum
1698 1998 1829 2039 cum
1874 1982 2050 2054 legem

451 2070 710 2128 observes
769 2088 782 2126 :
828 2072 915 2127 sin
945 2073 1149 2140 minus,
1178 2088 1293 2128 non
1342 2072 1497 2138 dixit,
1527 2075 1653 2128 Non
1686 2070 1929 2143 prodest,
1978 2086 2050 2126 ne

451 2157 628 2233 ipsam
657 2162 995 2218 contumelia
1023 2160 1245 2217 afﬁcere
1277 2160 1554 2231 videatur;
1574 2159 1674 2216 sed
1703 2161 1960 2217 Judaeum
1989 2176 2050 2216 ea

450 2249 648 2322 nudat,
688 2249 874 2306 dicens
906 2268 921 2305 :
965 2268 995 2303 (ι
1020 2250 1376 2319 Circumcisio
1402 2259 1500 2308 tua
1538 2250 1867 2323 praeputium
1907 2248 2048 2306 facta

450 2346 552 2395 est.
604 2362 630 2388 ο
683 2340 1137 2398 lncircumcisum
1200 2342 1381 2413 itaque
1425 2343 1606 2415 ipsum
1650 2350 2053 2400 commonstrat

448 2429 633 2487 corde.
662 2433 812 2487 Duas
837 2431 981 2487 enim
1023 2432 1492 2502 circumcisiones,
1523 2434 1741 2505 duoque
1786 2433 2048 2505 praeputia

449 2519 599 2590 dicit,
649 2520 817 2577 altera
868 2521 1091 2593 quidem
1144 2522 1448 2579 secundum
1504 2521 1563 2578 id
1610 2521 1762 2595 quod
1814 2521 2048 2592 videtur,

450 2609 619 2666 altera
665 2626 796 2667 vero
841 2612 1145 2669 secundum
1175 2611 1234 2669 id
1272 2612 1420 2684 quod
1462 2612 1782 2685 intelligitur
1815 2632 1827 2668 :
1860 2629 2049 2670 exem-

448 2698 523 2773 pli
547 2700 716 2771 gratia
758 2721 772 2757 :
805 2701 1165 2758 Circumcisio
1197 2702 1501 2758 secundum
1548 2702 1601 2759 id
1632 2701 1785 2775 quod
1813 2702 2049 2772 videtur,

450 2798 536 2845 est
560 2790 646 2845 illa
673 2805 797 2863 quae
837 2790 895 2845 in
923 2807 1084 2847 carne
1113 2790 1197 2859 ﬁt,
1227 2808 1354 2847 cum
1382 2792 1508 2865 quis
1543 2791 1807 2848 nimirum
1853 2807 2048 2849 secuno

450 2878 591 2937 dum
615 2896 838 2937 carnem
874 2880 1343 2939 circumcidatur:
1375 2892 1458 2939 est
1486 2890 1542 2939 et
1576 2882 1927 2939 circumcisio
1958 2899 2050 2939 se-

451 2969 695 3026 cundum
725 2971 980 3043 spiritum
1014 3014 1031 3042 ,
1061 2971 1365 3028 carnalium
1386 2971 1593 3028 scilicet
1619 2971 1927 3029 affectuum
1955 2988 2049 3029 re-

440 3059 628 3133 jectio.
659 3062 932 3130 Rursum,
982 3069 1066 3117 est
1101 3062 1432 3134 praeputium
1473 3061 1775 3118 secundum
1804 3078 2047 3131 carnem,

2166 1980 2307 2057 τομὴ
2330 2025 2357 2061 ,“
2381 1980 2504 2038 ἀλλ’
2540 1976 2666 2037 ὅταν
2699 1982 2790 2036 καὶ
2834 1979 2921 2039 τὸν
2956 1980 3117 2055 νόμον
3152 1982 3457 2061 φυλάσσειςο
3490 1983 3537 2039 εἰ
3571 1979 3624 2039 δὲ
3654 1981 3760 2057 μὴ,

2168 2073 2269 2130 οὐκ
2308 2058 2478 2142 εἶπεν,
2504 2067 2585 2127 ὅτι
2628 2070 2748 2129 Οὐκ
2777 2070 3005 2149 ὠφελεῖ,
3048 2069 3132 2129 ἵνα
3262 2069 3383 2148 δόξῃ
3418 2068 3579 2141 αὐτὴν
3612 2068 3767 2149 ὑϐρί-

2168 2164 2273 2230 ζειν
2308 2158 2359 2195 99
2383 2182 2396 2195 ο
2452 2158 2591 2217 ἀλλὰ
2642 2162 2836 2235 γυμνοῖ
2887 2161 3049 2230 αὐτῆς
3098 2158 3187 2218 τὸν
3237 2158 3523 2230 Ἰουδαῖον,
3574 2159 3770 2217 εἰπών·

2166 2276 2192 2305 α
2226 2248 2299 2309 Ἦ
2330 2247 2596 2329 περιτομή
2627 2272 2719 2307 σου
2747 2248 3076 2328 ἀκροϐυστία
3118 2248 3353 2327 γέγονεν.
3392 2272 3419 2306 ι
3453 2247 3771 2327 Ἄπερίτμη-

2167 2361 2256 2398 τον
2300 2327 2581 2397 οὖνταύτὸν
2620 2336 2851 2396 δείκνυσι
2879 2342 2946 2418 τῇ
2976 2339 3194 2418 καρδία.
3261 2336 3370 2397 Δύο
3406 2336 3510 2418 γὰρ
3553 2360 3769 2417 περιτο-

2168 2426 2310 2505 μᾶς,
2354 2426 2449 2486 καὶ
2481 2425 2571 2487 δύο
2622 2426 2977 2506 ἀκροϐυστίας
3019 2426 3199 2506 λέγει’
3251 2426 3345 2494 τὰς
3400 2425 3513 2506 μὲν,
3538 2426 3679 2485 κατὰ
3708 2427 3770 2485 τὸ

2166 2517 2528 2599 φαινόμενον,
2577 2514 2673 2582 τὰς
2700 2505 2777 2575 δὲ
2806 2518 2946 2577 κατὰ
2987 2516 3047 2576 τὸ
3097 2505 3412 2594 νοούμενον·
3462 2505 3602 2591 οἶον,
3657 2514 3772 2577 ἔστι

2162 2630 2263 2687 περ
2289 2606 2450 2686 ιτομὴ
2500 2604 2641 2664 κατὰ
2670 2605 2731 2664 τὸ
2758 2606 3105 2685 φαινόμενον,
3137 2610 3171 2677 ἡ
3217 2604 3355 2665 κατὰ
3385 2604 3559 2686 σάρκα
3582 2651 3600 2679 ,
3640 2605 3768 2665 ὅταν

2162 2721 2240 2764 τις
2271 2699 2579 2775 περιτμηθῇ
2613 2694 2710 2767 τὴν
2755 2695 2965 2775 σάρκα·
3016 2696 3109 2755 καὶ
3157 2694 3268 2754 ἔστι
3317 2695 3579 2775 περιτομὴ
3629 2694 3768 2755 κατὰ

2162 2792 2375 2863 πνεῦμα
2396 2830 2413 2859 ,
2462 2790 2496 2856 ἡ
2541 2788 2647 2843 τῶν
2675 2789 2947 2867 σαρκικῶν
2979 2789 3161 2844 παθῶν
3212 2784 3452 2857 ἀποϐολή
3487 2785 3532 2847 ⁸.
3564 2786 3763 2857 Πάλιν,

2160 2876 2303 2936 ἔστιν
2340 2873 2674 2955 ἀκροϐυστία
2716 2875 2857 2935 κατὰ
2886 2875 3063 2954 σάρκα
3088 2922 3106 2950 ,
3134 2874 3262 2934 ὅταν
3291 2898 3368 2941 τις
3408 2875 3767 2956 ἀπερίτμητος

2159 2956 2195 3044 ᾗ
2235 2964 2329 3037 τὴν
2369 2966 2544 3046 σάρκα
2568 2962 2593 2998 ²
2615 2987 2628 3002 ·
2661 2964 2752 3024 καὶ
2799 2963 2941 3023 ἔστιν
2982 2963 3312 3044 ἀκροϐυστία
3346 2963 3486 3024 κατὰ
3524 2970 3765 3042 πνεῦμα,

2157 3054 2283 3113 ὅταν
2332 3079 2411 3122 τις
2464 3052 2670 3127 ἐθνικὴν
2728 3054 2865 3134 ἔχων
2917 3055 3135 3134 ψυχὴν,
3202 3053 3367 3132 μηδὲν
3420 3058 3526 3113 τῶν
3576 3059 3762 3114 παθῶν

448 3147 674 3221 quando
718 3150 914 3222 aliquis
961 3150 1376 3207 incircumcisus
1424 3150 1589 3207 fuerit
1638 3166 1842 3208 carne:
1876 3160 1931 3208 et
1965 3160 2048 3207 est

2160 3143 2432 3230 ἀποκόψῃἐ
2463 3143 2624 3225 Λέγει
2644 3135 2734 3203 οὖν
2757 3148 2785 3203 ὁ
2811 3146 3043 3219 Παῦλος,
3070 3145 3149 3204 ὅτι
3170 3141 3349 3204 Ὅταν
3373 3144 3762 3223 περιτετμημέ-

447 3240 780 3312 ρηεριιῑὶυω
809 3241 1111 3298 secundum
1158 3241 1439 3314 spiritum,
1483 3241 1706 3314 quando
1748 3241 2047 3315 quisquam

448 3328 707 3400 gentilem
734 3329 941 3387 habens
959 3332 1209 3387 animum
1234 3331 1375 3389 nihil
1405 3330 1712 3388 affectuum
1743 3348 2046 3405 pravorum

447 3416 762 3476 absciderit.
813 3420 964 3477 Dicit
1008 3420 1198 3493 itaque
1252 3421 1411 3478 divus
1453 3420 1654 3478 Paulus
1680 3415 1708 3455 ⁸³
1743 3441 1760 3478 :
1812 3421 2045 3492 Quando

447 3506 803 3565 circumcisus
852 3507 1023 3567 fueris
1070 3510 1132 3566 in
1182 3526 1376 3576 carne,
1452 3509 1582 3566 nihil
1628 3519 1818 3567 autem
1869 3511 2047 3584 egeris

448 3612 643 3654 eorum
679 3613 801 3670 quae
828 3599 960 3672 legis
995 3608 1144 3669 sunt,
1200 3600 1530 3673 praeputium
1570 3600 1671 3657 tibi
1720 3600 1902 3657 adhuc
1941 3608 2044 3666 est,

446 3693 503 3743 et
567 3686 988 3746 incircumcisus
1049 3704 1107 3745 es
1126 3689 1284 3763 juxta
1334 3689 1591 3762 spiritum
1653 3708 1668 3747 :
1715 3690 1936 3763 perinde
1985 3707 2049 3747 ac

2154 3256 2241 3302 νος
2270 3233 2367 3312 μὲν
2397 3227 2462 3313 ᾗς
2494 3233 2591 3306 τὴν
2642 3233 2857 3312 σάρκα,
2909 3234 3074 3311 μηδὲν
3127 3233 3183 3293 δὲ
3233 3234 3476 3313 πράττῃς
3523 3236 3627 3291 τῶν
3672 3238 3765 3293 τοῦ

2105 3330 2109 3333 ⁷
2154 3322 2346 3401 νόμου,
2370 3322 2695 3403 ἀκρόϐυστος
2725 3323 2816 3382 καὶ
2862 3324 3226 3402 ἀπερίτμητος
3254 3313 3306 3382 εἶ
3337 3324 3478 3383 κατὰ
3510 3328 3723 3400 πνεῦμα
3746 3346 3759 3361 '

2154 3412 2337 3494 ὥσπερ
2364 3416 2391 3472 ὁ
2420 3412 2560 3473 κατὰ
2591 3413 2765 3494 σάρκα
2808 3413 3133 3494 ἀκρόϐυστος
3151 3460 3166 3487 ,
3192 3412 3282 3474 ἐὰν
3316 3412 3531 3494 πράττῃ
3562 3412 3632 3472 τὰ
3660 3418 3755 3473 τοῦ

2154 3504 2352 3581 νόμου,
2407 3501 2795 3583 περιτίτμηται
2846 3504 2983 3562 κατὰ
3029 3509 3283 3580 πνεῦμα,
3319 3503 3387 3563 τὰ
3432 3508 3528 3575 τῆς
3557 3505 3751 3584 σαρκὸς

2154 3593 2301 3665 πάθη
2346 3592 2761 3673 περιῃρημένος.
2807 3592 2986 3673 Ὅπερ
3016 3593 3109 3654 καὶ
3155 3594 3243 3653 διὰ
3288 3598 3395 3654 τῶν
3430 3592 3547 3666 ἑξῆς
3592 3617 3757 3675 φησι’

2157 3682 2248 3742 καὶ
2291 3681 2473 3743 ἄκουε.

444 3776 492 3833 is
519 3778 617 3850 qui
656 3778 839 3835 carnis
877 3778 1061 3837 adhuc
1104 3779 1376 3854 praeputio
1402 3781 1632 3837 vestitus
1659 3790 1764 3848 est,
1809 3782 1856 3838 si
1902 3780 2095 3838 fecerit
2122 3796 2185 3838 ea
2222 3796 2346 3854 quas
2383 3781 2516 3854 legis
2540 3788 2704 3850 sunt,
2730 3781 3091 3839 circumcisus
3136 3790 3221 3839 est
3264 3781 3572 3839 secundum
3612 3782 3766 3858 spiri-

466 3883 585 3938 um,
609 3869 807 3942 quippe
835 3870 922 3926 cui
951 3869 1131 3926 carnis
1156 3870 1390 3928 affectus
1427 3872 1537 3929 sint
1574 3871 1834 3945 adempti.
1879 3872 2040 3942 Quod
2066 3870 2298 3944 quidem
2327 3887 2427 3943 per
2450 3870 2735 3944 sequentia
2758 3871 3001 3928 declarat
3028 3890 3043 3927 :
3074 3872 3199 3929 audi
3229 3872 3403 3929 enim.

516 3962 699 4016 Vnus.
731 3962 819 4017 26.
870 3981 897 4008 σι
943 3959 1176 4032 Quando
1219 3962 1389 4036 igitur
1436 3962 1769 4035 praeputium
1808 3961 2048 4033 justitias

441 4046 579 4120 legis
601 4048 860 4118 custodit,
884 4064 1075 4105 nonne
1097 4052 1430 4123 praeputium
1459 4052 1576 4123 ejus
1601 4052 1659 4107 in
1682 4051 2049 4109 circumcisio-

446 4151 579 4193 nem
616 4137 1000 4210 reputabitur?
1036 4161 1061 4188 ν
1113 4141 1239 4195 Non
1280 4140 1357 4195 ait
1393 4140 1542 4212 quod
1571 4140 2049 4197 circumcisionem

444 4224 775 4298 praeputium
804 4225 987 4282 vincat
1022 4228 1377 4285 antecellatve
1403 4228 1528 4300 (hoc
1555 4229 1707 4286 enim
1756 4229 2047 4286 molestum

447 4317 641 4383 esset);
703 4314 822 4384 sed,
873 4337 901 4365 σι
956 4317 1020 4371 ln
1062 4317 1544 4375 circumcisionem
1596 4319 1961 4390 reputabitur.
2018 4343 2046 4370 ι

443 4401 687 4460 Proinde
729 4419 855 4460 vera
902 4404 1240 4463 circumcisio
1282 4416 1363 4464 est
1403 4407 1551 4464 bona
1593 4409 1734 4465 actio
1776 4426 1790 4464 :
1838 4425 2054 4483 praepu-
2082 4401 2135 4464 D

442 4494 584 4551 tium
612 4494 881 4565 similiter,
903 4495 1046 4553 actio
1072 4495 1235 4553 mala.
1269 4497 1513 4555 Observa
1544 4507 1725 4555 autem
1756 4498 1910 4572 quod
1937 4516 2049 4557 non

442 4584 672 4655 dixerit,
703 4584 939 4657 Quando
972 4587 1306 4659 praeputium
1351 4588 1526 4660 legem
1552 4588 1797 4646 servarit.
1844 4590 2049 4647 Verisi-

442 4674 575 4730 mile
603 4689 845 4747 namque
873 4685 989 4732 erat
1012 4675 1328 4748 quempiam
1349 4677 1426 4733 sic
1445 4693 1803 4735 occursurum
1831 4678 2000 4736 fuisse
2029 4702 2041 4737 :

443 4761 551 4834 Qui
598 4762 717 4818 ﬁeri
759 4772 937 4835 potest
976 4774 1038 4820 ut
1068 4765 1153 4820 lex
1194 4766 1266 4821 ab
1296 4781 1385 4836 eo,
1436 4767 1523 4845 cui
1570 4767 1905 4840 praeputium
1938 4778 2043 4839 est,

439 4860 709 4921 servetur,
733 4869 861 4909 cum
891 4855 996 4910 hoc
1019 4855 1201 4927 ipsum
1217 4856 1369 4927 quod
1394 4858 1687 4930 quisquam
1715 4858 2043 4931 praeputium

445 4938 667 5010 habeat,
701 4942 776 4998 sit
805 4940 936 5016 legis
988 4945 1391 5015 transgressio?
1417 4949 1494 5002 At
1528 4946 1813 5018 quomodo
1862 4946 2043 5005 dixit?

440 5052 468 5081 ι
516 5031 766 5088 Justitias
795 5031 952 5103 legis,
987 5055 1012 5082 υ
1048 5032 1156 5091 hoc
1184 5044 1286 5103 est,
1320 5050 1445 5107 quae
1466 5034 1717 5093 videntur
1736 5036 2042 5109 justificare

444 5135 544 5192 per
587 5121 965 5193 operationem
1017 5122 1279 5195 ipsarum.
1325 5125 1684 5181 Circumcisio
1737 5127 1885 5183 enim
1927 5143 2045 5186 non

431 5208 579 5266 actio
624 5218 765 5279 erat,
800 5208 897 5266 sed
938 5211 1142 5283 passio,
1176 5212 1506 5270 circumciso
1544 5228 1747 5289 nempe
1779 5216 2045 5289 patiente.

506 5341 535 5383 ¹³
561 5350 589 5407 Ι
611 5350 741 5409 Cor.
774 5365 892 5421 vn,
928 5357 1015 5409 18.

2241 3982 2273 4019 σ
2308 3959 2485 4021 Ὅταν
2514 3952 2603 4021 οὖν
2647 3965 2681 4033 ἡ
2710 3960 3038 4041 ἀκροϐυστία
3069 3962 3136 4020 τὰ
3182 3960 3525 4039 δικαιώματα
3563 3969 3654 4023 τοῦ
3678 3988 3762 4024 νο-

2159 4073 2259 4127 μου
2310 4050 2583 4131 φυλάττῃ,
2615 4050 2738 4131 οὐχὶ
2790 4054 2823 4121 ἡ
2866 4050 3193 4129 ἀκροϐυστία
3240 4051 3398 4109 αὐτοῦ
3432 4053 3506 4119 είς
3544 4074 3759 4133 περιτο-

2162 4137 2270 4214 μὴν
2301 4138 2715 4218 λογισθήσεταις
2746 4160 2777 4197 ι)
2821 4141 2902 4200 OG
2927 4140 3107 4219 λέγει,
3137 4141 3221 4201 ὅτι
3249 4140 3365 4212 Τὴν
3400 4143 3693 4219 περιτομὴν
3723 4148 3758 4215 ἡ

2159 4227 2485 4308 ἀκροϐυστία
2533 4238 2655 4309 νικᾷ
2677 4248 2691 4263 ⁶
2726 4227 2957 4309 ἐπαχθὲς
2981 4229 3085 4309 γὰρ
3126 4234 3280 4289 τοῦτο
3308 4253 3322 4267 ’
3349 4229 3468 4288 ἀλλ’
3494 4228 3576 4289 ὅτι
3615 4257 3638 4284 α
3666 4233 3763 4300 Εἰς

2158 4319 2453 4399 περιτομὴν
2497 4321 2889 4399 λογισθήσεται.
2934 4339 2965 4377 ι)
3017 4316 3197 4380 θΩστε
3244 4318 3507 4400 περιτομὴ
3560 4320 3761 4395 ἀληθὴς

2165 4412 2199 4478 ἡ
2232 4407 2419 4487 πρᾶξίς
2469 4412 2610 4469 ἐστιν
2655 4414 2689 4481 ἡ
2742 4407 2918 4488 ἀγαθὴ
2945 4408 2993 4483 ³,
3044 4410 3136 4469 καὶ
3181 4409 3517 4488 ἀκροϐυστία
3566 4410 3760 4487 ὁμοίως

2165 4433 2199 4478 η
2232 4433 2419 4487 πραςις
2469 4433 2610 4469 εστιν
2655 4433 2689 4481 η
2742 4433 2918 4488 αγαυη
2945 4433 2993 4483 ν,
3044 4433 3136 4469 και
3181 4433 3250 4469 ακ
3287 4433 3517 4471 οουστια
3566 4433 3760 4487 ομοιως

2158 4497 2346 4578 πρᾶξις
2392 4497 2623 4580 πονηρά.
2656 4496 2807 4578 ιὶὈρα
2838 4498 2894 4557 δὲ
2927 4501 3040 4567 πῶς
3084 4501 3181 4559 οὐκ
3224 4433 3404 4578 earn,
3456 4498 3537 4560 ὅτι
3581 4496 3761 4561 ⁸Οταν

2156 4592 2191 4660 ἡ
2224 4587 2556 4667 ἀκροϐυστία
2581 4588 2668 4648 τὸν
2707 4590 2867 4663 νόμον
2908 4587 3185 4671 φυλάττῃο
3226 4589 3367 4659 εἰκὸς
3394 4588 3499 4670 γὰρ
3531 4582 3595 4662 ἧν
3643 4614 3759 4649 τινα

2157 4677 2465 4748 ἀπαντῆσαι
2510 4679 2655 4759 αὐτῷ
2686 4677 2912 4757 λέγοντα
2938 4701 2951 4715 ·
2986 4680 3113 4745 Πῶς
3142 4678 3221 4738 ἔνι
3252 4679 3472 4739 δυνατὸν
3506 4678 3758 4759 φυλάττε-

2156 4770 2279 4824 σθαι
2332 4766 2481 4846 παρὰ
2507 4774 2643 4848 -.τοῦ
2688 4767 3020 4847 ἀκροϐύστου
3087 4766 3177 4826 τὸν
3229 4767 3424 4844 νόμον;
3482 4768 3611 4827 αὐτὸ
3656 4770 3759 4848 γὰρ

2153 4859 2311 4915 τοῦτο
2332 4900 2350 4933 ,
2378 4845 2440 4914 τὸ
2486 4845 2562 4915 εἶν
2573 4880 2628 4915 αι
2656 4845 2987 4936 ἀκρόϐυστον
3010 4900 3028 4930 ,
3052 4856 3364 4935 παράϐασίς
3410 4858 3524 4915 ἐστι
3569 4845 3753 4935 νόμου.

2154 4943 2313 5004 Ἀλλὰ
2338 4948 2449 5013 πῶς
2477 4936 2623 5020 εἶπες
2663 4973 2688 5001 α
2723 4945 2813 5007 Τὰ
2837 4944 3178 5022 δικαιώματα
3210 4951 3304 5005 τοῦ
3344 4944 3530 5021 νόμου,
3557 4972 3583 4999 ιο
3610 4969 3758 5006 τουτ-

2150 5032 2296 5109 έστι,
2328 5034 2395 5093 τὰ
2425 5036 2681 5095 δοκοῦντα
2732 5036 2971 5116 δικαιοῦν
3002 5032 3091 5093 διὰ
3137 5038 3232 5107 τῆς
3261 5035 3516 5116 ἐργασίας
3551 5037 3748 5095 αὐτῶν.

2155 5120 2231 5182 Ἦ
2278 5123 2381 5204 γὰρ
2409 5125 2713 5205 περιτομὴ,
2767 5126 2863 5184 οὐκ
2912 5114 2977 5196 ἦν
3030 5114 3301 5203 ἐργασία,
3336 5114 3494 5185 ἀλλὰ
3545 5131 3751 5198 πεῖσις,

2154 5211 2455 5295 πάσχοντος
2473 5220 2565 5274 τοῦ
2591 5211 3051 5297 περιτετμημένου
3071 5214 3118 5273 ⁸⁵.
3144 5209 3323 5274 Ὥστε
3349 5214 3467 5276 οὖδᾶ
3483 5216 3751 5295 δικαίωμα

1831 5440 2024 5507 Variae
2071 5442 2377 5507 lectiones.

506 5555 552 5643 τ’
605 5574 661 5609 τε
830 5557 890 5643 ⁸⁸.
919 5561 1017 5617 ὅτι.
1092 5560 1137 5595 ’θ
1172 5566 1434 5636 κερτομεῖν
1480 5579 1559 5621 m.
1636 5565 1654 5599 ¹
1707 5564 1739 5632 ἡ
1793 5564 1976 5632 ἔκκοπὴ
2030 5565 2185 5639 ἤγουν
2245 5568 2484 5642 περικοπὴ
2542 5571 2628 5625 καὶ
2693 5570 2941 5643 ἀφαίρεσις
3003 5575 3103 5625 τῶν
3155 5571 3326 5625 παθῶν
3372 5571 3609 5633 ὡσαύτως
3654 5580 3750 5628 ‘m.

433 5637 454 5723 ξ
513 5635 546 5702 ἧ
619 5640 707 5689 τοῦ
787 5640 1087 5723 παιδογόνου
1160 5644 1334 5715 μορίου
1396 5643 1651 5717 ἔπίκρυφος
1710 5644 1869 5717 ἤγουν
1938 5635 2219 5719 ἐπικάλυψις
2526 5650 2550 5686 ³
2599 5650 2632 5718 ἡ
2703 5635 2892 5718 ἀληθής
2941 5650 3046 5706 ἔστι
3105 5650 3272 5723 πρᾶξις
3342 5652 3426 5706 καὶ
3475 5650 3640 5723 ἀγαθὴ
3709 5668 3743 5708 ο

440 5717 483 5791 ﬁ
493 5719 903 5789 περιτεμνομένου
938 5735 993 5777 o.
