4150 6452
450 477 557 531 377

1339 469 1697 527 EXPOSITIO
1734 470 1803 527 ΙΝ
1841 469 2053 527 EPIST.
2096 468 2188 525 AD
2225 466 2392 525 ROM.
2433 498 2503 511 -—
2538 469 2691 526 CAP.
2730 469 2821 527 IlI.

3653 479 3757 532 378

455 599 621 677 νόμου
646 597 894 682 λεχθείη.
942 599 1178 677 Σημεῖον
1214 596 1322 680 γὰρ
1361 598 1515 670 ἐδόθη
1555 598 1627 665 εἰς
1654 596 1715 657 τὸ
1745 594 1822 675 μὴ
1865 595 2046 675 ἄναμίι

2169 596 2520 669 Quapropter
2549 610 2726 667 neque
2746 593 3070 668 justiﬁcatio
3111 595 3245 669 legis
3278 596 3386 655 dici
3410 607 3592 671 queat.
3621 602 3765 658 Nam

452 696 675 772 γνυσθαι
702 690 826 758 τοὺς
849 688 1134 759 Ἰουδαίους
1156 689 1263 758 τοῖς
1303 691 1545 757 ἐθνικοῑς.

541 883 571 920 α
613 861 727 924 Καὶ
754 870 924 943 κρινεῖ
952 866 987 935 ἡ
1033 864 1095 922 ἐκ
1133 860 1338 944 φύσεως
1386 860 1716 943 ἀκροϐυστία
1767 861 1856 922 τὸν
1895 862 2056 939 νόμον

452 954 716 1028 τελοῦσα,
745 953 805 1014 σὲ
831 952 922 1012 τὸν
964 951 1052 1012 διὰ
1080 953 1400 1034 γράμματος
1426 954 1517 1012 καὶ
1557 957 1855 1033 περιτομῆς
1876 976 2055 1032 παρα-

458 1043 626 1117 ϐάτην
677 1042 862 1119 νόμου.
926 1045 1009 1105 Οὐ
1038 1042 1143 1124 γὰρ
1198 1046 1227 1101 6
1263 1044 1315 1102 ἐν
1376 1044 1452 1124 τῷ
1498 1046 1739 1124 φανερῷ,
1802 1042 2055 1111 Ἰουδαῖός

459 1137 632 1194 ἐστιν·
676 1134 798 1193 οὐδὲ
850 1137 885 1206 ἡ
914 1135 969 1192 ἐν
1010 1137 1087 1214 τῷ
1134 1136 1373 1215 φανερῷ,
1420 1137 1474 1193 ἐν
1517 1133 1709 1212 σαρκὶ,
1759 1133 2052 1213 περιτομήο

469 1222 582 1282 ἀλλ’
607 1227 635 1282 6
662 1225 716 1282 ἐν
745 1226 823 1305 τῷ
842 1226 1062 1306 κρυπτῷ
1091 1222 1380 1299 Ἰουδαῖος,
1402 1223 1494 1306 καὶ
1516 1222 1778 1305 περιτομὴ
1806 1224 2051 1303 καρδίας,

465 1318 518 1374 ἔν
565 1304 892 1390 πνεύματι,
920 1316 980 1373 οὗ
1029 1313 1349 1394 γράμματι·
1412 1304 1473 1373 οὗ
1511 1316 1539 1372 6
1589 1304 1802 1381 ἔπαινος
1849 1314 1943 1372 οὗκ
2001 1315 2053 1385 ἐξ

462 1401 751 1482 ἀνθρώπων
772 1448 789 1476 ,
842 1404 964 1462 ἀλλ’
1006 1405 1068 1462 ἐκ
1111 1408 1201 1462 τοῦ
1245 1405 1406 1464 Θεοῦ.
1440 1426 1470 1462 ι
1499 1401 1767 1465 Ἐνταῦθα
1818 1407 2055 1485 φανερῶς

462 1492 755 1567 δείκνυσιν,
802 1491 882 1553 ὅτι
914 1492 1006 1553 δύο
1047 1492 1405 1572 ἀκροϐυστίας
1432 1492 1610 1571 λέγει,
1653 1494 1749 1567 τήν
1773 1516 1833 1553 τε
1877 1496 1937 1553 ἐκ
1960 1495 2054 1577 φύ-

462 1604 615 1659 σιως,
646 1584 739 1643 καὶ
784 1581 881 1654 τὴν
911 1585 972 1643 ἐκ
1017 1582 1401 1664 προαιρέσεως·
1450 1582 1566 1655 ἥτις
1596 1582 1737 1642 ἐστὶν
1760 1630 1776 1655 ,
1810 1586 1880 1651 ὥς
1910 1583 2053 1665 εἴρη-

457 1695 549 1731 ται
568 1716 586 1750 ,
615 1671 741 1731 ὅταν
771 1696 849 1741 τις
894 1672 1060 1751 μηδὲν
1093 1672 1194 1755 ἔχῃ
1226 1676 1332 1733 τῶν
1370 1675 1641 1753 σαρκικῶν
1669 1678 1854 1733 παθῶν
1901 1698 2052 1756 περι-

455 1761 723 1843 ῃρημένον
746 1786 761 1801 ·
791 1764 883 1823 καὶ
913 1762 1005 1824 δύο
1048 1763 1369 1842 περιτομὰς,
1404 1763 1501 1837 τὴν
1533 1763 1674 1823 κατὰ
1711 1764 1918 1845 σάρκα,
1961 1767 2052 1825 καὶ

453 1853 551 1924 τὴν
572 1854 625 1911 ἓν
657 1852 922 1929 πνεύματι
951 1858 1044 1927 τῆς
1080 1854 1321 1934 καρδίας.
1365 1853 1549 1927 Φησὶν
1595 1845 1683 1914 οὖν
1704 1902 1724 1931 ,
1772 1853 1852 1914 ὅτι
1890 1854 1958 1916 Ἦ
1996 1858 2055 1915 ἐκ

457 1939 663 2023 φύσεως
708 1944 1073 2024 ἀκροϐυστία,
1109 1944 1307 2023 ἔχουσα
1345 1944 1441 2017 τὴν
1474 1948 1581 2003 τῶν
1610 1947 1797 2003 παθῶν
1840 1969 2053 2027 περιτο-

458 2031 566 2109 μὴν
584 2075 601 2105 ,
632 2032 719 2092 διὰ
741 2039 831 2092 τοῦ
863 2033 954 2095 τὸν
984 2033 1143 2111 νόμον
1168 2035 1335 2093 τελεῖν
1353 2080 1369 2110 ,
1394 2034 1672 2108 τουτέστι,
1706 2034 1811 2114 τὰξ,
1839 2038 1912 2105 ὣς
1941 2036 2051 2095 ἅνω

459 2120 694 2202 εἴρηται,
730 2124 1070 2202 δικαιώματα
1095 2129 1186 2184 τοῦ
1216 2125 1408 2202 νόμου,
1437 2152 1463 2178 σι
1495 2126 1700 2200 κρινεῖ,
1733 2150 1757 2178 ν
1790 2127 1907 2185 ἀντὶ
1936 2134 2051 2201 τοῦ,

459 2222 802 2293 κατακρινεῖ,
832 2218 891 2274 οὗ
915 2214 1011 2286 τὴν
1034 2215 1328 2293 περιτομὴν
1360 2214 1689 2294 (πληκτικὸν
1714 2217 1819 2297 γὰρ
1840 2218 2049 2299 τοῦτο),

461 2303 601 2363 ἀλλὰ
642 2303 702 2362 σὲ
730 2305 821 2364 τὸν
861 2310 1280 2383 περιτετμῆσθαι
1318 2306 1415 2383 μὲν
1446 2306 1726 2383 δοκοῦντα,
1760 2306 1883 2365 ὅσον
1911 2310 2051 2366 κατὰ

457 2392 631 2478 σέρκα
653 2440 670 2467 ,
701 2394 1064 2476 ἆπερίτμητον
1097 2391 1151 2453 δὲ
1184 2401 1252 2477 τῇ
1294 2394 1523 2476 καρδίᾳ,
1559 2395 1692 2455 καθὸ
1730 2397 2051 2478 παραϐάτης

458 2473 514 2567 εἷ
545 2486 650 2543 τῶν
681 2491 772 2545 τοῦ
810 2484 986 2561 [νόμου
1030 2473 1432 2562 δικαιωμάτῶν.
1469 2473 1562 2547 ’οὖ
1609 2485 1707 2558 τὴν
1754 2473 2049 2567 περιτομὴν

450 2563 543 2633 οὖν
573 2576 821 2652 ἀτιμάζει
853 2577 1083 2653 (μᾶλλον
1115 2574 1219 2655 γὰρ
1255 2577 1399 2635 δοκεῖ
1427 2584 1590 2659 τιμᾷν
1622 2563 1878 2655 ταύτην),
1913 2563 2051 2659 οἶλλὰ

449 2662 541 2722 τὸν
589 2666 661 2732 εἰς
718 2663 883 2736 αὐτὴν
941 2664 1248 2744 ὑϐρίζοντα’,
1300 2668 1371 2733 ὡς
1423 2657 1770 2747 παραϐάτην.
1872 2657 2004 2727 Εἶτα
2034 2716 2047 2738 ,

449 2752 633 2826 ἐπειδὴ
684 2761 853 2814 ταῦτα
903 2754 1293 2829 κατεσκεύασε,
1340 2761 1522 2837 σαφῶς
1566 2757 1796 2836 ὁρίζεται
1839 2757 1931 2816 καὶ
1973 2758 2050 2826 τίς

450 2846 593 2903 ἐστιν
625 2848 654 2903 6
685 2844 885 2917 ἀληθὴς
916 2844 1189 2917 Ἰουδαῖος,
1229 2846 1321 2905 καὶ
1348 2846 1611 2906 δείκνυσιν
1651 2846 1841 2914 αὐτοὺς
1870 2848 2047 2907 πάντα

448 2934 581 3014 πρὸς
626 2934 875 3004 ἐπίδειξιν
923 2935 1276 3014 πράττοντας.
1339 2957 1369 2994 (ι
1397 2937 1482 2996 Οὐ
1511 2936 1615 3016 γὰρ
1670 2941 1698 2996 6
1741 2939 1793 2995 ἐν
1831 2940 1907 3017 τῷ
1940 2962 2049 3019 φα-

447 3027 613 3104 νερῷ,
648 3051 673 3077 ν
703 3024 895 3101 φησὶν,
931 3052 955 3076 ι
990 3024 1274 3099 Ἰουδαῖος,
1309 3026 1430 3085 ἀλλ’
1475 3030 1503 3084 6
1528 3029 1581 3086 ἐν
1621 3030 1697 3107 τῷ
1734 3031 1988 3108 κρυπτῷ·
2023 3054 2047 3081 ι

449 3117 478 3173 6
500 3114 668 3191 μηδὲν
699 3114 884 3182 ἁπλῶς
917 3115 1222 3190 σωματικὸν
1250 3116 1274 3153 ⁵
1308 3117 1474 3175 τελῶν
1497 3160 1513 3188 ,
1559 3117 1701 3174 ἀλλὰ
1749 3139 2046 3193 πνευματι-

2170 695 2255 744 est
2277 686 2401 744 data
2435 686 2490 743 in
2526 686 2763 760 signum,
2797 700 2868 742 ne
2896 700 3025 742 cum
3060 686 3313 759 gentibus
3334 687 3516 746 Judaei
3564 691 3759 749 misce-

2165 787 2376 836 rentur.

2233 871 2416 926 Vens.
2447 873 2640 925 27-29.
2664 885 2695 921 α
2723 869 2794 924 Et
2828 865 3100 940 judicabit
3116 867 3171 924 id
3199 867 3346 940 quod
3373 884 3437 925 ex
3458 876 3655 927 natura
3679 881 3763 929 est

2171 958 2503 1032 praeputium
2531 958 2708 1032 legem
2728 972 3147 1028 consummans,
3186 966 3239 1014 te
3264 958 3357 1031 qui
3391 974 3489 1031 per
3518 958 3763 1018 litteram

2163 1060 2218 1107 et
2255 1048 2741 1107 circumcisionem
2771 1048 3157 1121 prmvaricator
3183 1063 3240 1105 es
3268 1049 3424 1121 legis.
3455 1051 3580 1105 Non
3609 1051 3758 1107 enim

2159 1141 2257 1215 qui
2285 1141 2342 1196 in
2372 1139 2689 1208 manifesto,
2720 1138 2951 1196 Judaeus
2980 1146 3085 1208 est,
3125 1155 3305 1212 neque
3337 1154 3462 1212 quae
3492 1140 3547 1195 in
3580 1141 3759 1197 mani-

2161 1232 2303 1289 festo
2336 1232 2502 1288 estin
2527 1247 2712 1299 carne,
2751 1231 3093 1287 circumcisio
3131 1239 3215 1287 est
3245 1249 3257 1285 :
3286 1229 3382 1287 sed
3404 1231 3495 1302 qui
3540 1231 3598 1286 in
3635 1231 3759 1288 abs-

2164 1322 2389 1379 condito
2414 1320 2644 1378 Judaeus
2676 1326 2760 1376 est
2791 1343 2806 1389 ς
2857 1328 2914 1376 et
2959 1320 3309 1376 circumcisio
3345 1320 3526 1379 cordis
3572 1320 3627 1377 in
3655 1323 3761 1394 spi-

2161 1414 2291 1480 ritu,
2318 1428 2430 1468 non
2472 1413 2528 1467 in
2557 1410 2762 1475 littera,
2807 1412 3111 1484 cujuslaus
3159 1426 3273 1466 non
3313 1426 3375 1467 ex
3420 1411 3759 1480 hominibus,

2159 1503 2257 1560 sed
2280 1520 2343 1559 ex
2371 1505 2490 1558 Deo
2536 1509 2638 1559 est.
2686 1523 2711 1550 ν
2756 1500 2859 1556 Hic
2906 1509 3092 1573 aperte
3145 1500 3408 1571 ostendit,
3455 1501 3604 1574 quod
3646 1500 3761 1557 duo

2161 1592 2427 1666 prmputia
2452 1590 2565 1664 24
2588 1598 2775 1664 ponat,
2801 1590 3036 1648 alterum
3055 1590 3278 1663 quidem
3300 1605 3375 1648 ex
3392 1598 3611 1659 natura,
3630 1591 3763 1647 alte-

2160 1699 2284 1739 rum
2323 1698 2448 1738 vero
2474 1698 2541 1738 ex
2581 1681 2846 1737 electione
2888 1690 2942 1737 et
2984 1682 3301 1737 voluntate:
3334 1680 3484 1752 quod
3538 1680 3758 1754 quidem

2159 1782 2260 1841 est,
2286 1782 2348 1829 ut
2368 1772 2576 1829 dictum
2601 1780 2701 1841 est,
2733 1770 2953 1844 quando
2979 1771 3100 1843 quis
3126 1770 3427 1827 carnalium
3451 1769 3756 1828 affectuum

2164 1863 2376 1919 nullum
2414 1862 2580 1919 habet
2623 1861 3013 1918 circumcisum
3047 1868 3141 1917 aut
3188 1869 3557 1932 amputatum.
3605 1864 3757 1917 Deus

2165 1955 2297 2011 item
2350 1952 2792 2010 circumcisiones
2838 1952 2996 2020 dicit,
3026 1952 3258 2008 alteram
3303 1951 3606 2007 secundum
3647 1967 3764 2007 car-

2162 2060 2313 2112 nem,
2345 2044 2573 2099 alteram
2600 2042 2658 2099 in
2678 2043 2872 2115 spiritu
2896 2040 3097 2098 cordis.
3122 2040 3216 2097 Ait
3239 2041 3443 2113 itaque,
3468 2063 3493 2088 ‹‹
3528 2040 3584 2097 id
3612 2041 3759 2113 quod

2160 2150 2227 2191 ex
2248 2141 2445 2190 natura
2486 2143 2571 2191 est
2599 2133 2954 2206 praeputium,
3026 2154 3050 2180 υ
3102 2130 3381 2188 Afiectum
3428 2132 3610 2187 carnis
3656 2131 3761 2187 cir-

2161 2226 2570 2283 cumcisionem
2598 2225 2828 2293 habens,
2858 2239 2956 2295 per
2985 2223 3091 2279 hoc
3115 2221 3265 2295 quod
3288 2224 3460 2295 legem
3484 2221 3748 2294 perﬁciat,

2160 2316 2214 2372 id
2243 2325 2325 2371 est
2352 2316 2487 2388 legis
2516 2319 2603 2381 (ut
2630 2330 2794 2387 supra
2817 2314 3054 2380 dictum)
3079 2313 3518 2385 justiﬁcationes,
3553 2334 3579 2360 α
3616 2311 3757 2383 judi-

2159 2406 2323 2469 cabit,
2355 2427 2381 2456 ››
2422 2421 2521 2477 pro
2549 2420 2615 2461 eo
2642 2405 2791 2477 quod
2814 2412 2916 2473 est,
2940 2403 3353 2471 condemnabit,
3384 2419 3496 2459 non
3521 2402 3758 2458 circum-

2157 2496 2425 2553 cisionem
2454 2496 2577 2563 (hoc
2626 2496 2773 2551 enim
2802 2493 3061 2551 odiosum
3109 2498 3249 2561 erat)
3304 2508 3496 2549 verum
3542 2516 3566 2541 α
3612 2500 3687 2559 te,
3728 2515 3752 2538 υ

2160 2586 2271 2657 qui,
2303 2593 2571 2657 quantum
2620 2582 2693 2639 ad
2737 2599 2962 2639 carnem
3002 2581 3223 2649 attinet,
3252 2581 3613 2637 circumcisus
3638 2580 3759 2650 qui—

2157 2676 2285 2731 dem
2315 2676 2535 2741 videris,
2562 2673 2730 2730 corde
2759 2690 2889 2730 vero
2922 2672 3337 2729 incircumcisus
3372 2688 3452 2738 es,
3484 2679 3758 2744 quatenus

2155 2774 2534 2837 transgressor
2580 2780 2638 2821 es
2696 2763 3151 2836 justiﬁcationum
3193 2762 3349 2835 legis.
3410 2764 3534 2817 Non
3571 2762 3753 2832 itaque

2159 2856 2613 2913 cirumcisionem
2639 2854 2943 2926 ignominia
2984 2852 3157 2909 afﬁcit
3203 2861 3355 2921 (nam
3379 2852 3539 2908 istam
3571 2850 3751 2923 potius

2163 2943 2437 3001 honorare
2467 2943 2724 3011 videtur),
2749 2942 2844 2999 sed
2870 2957 3022 3007 eum,
3052 2942 3146 3012 qui
3177 2940 3236 2995 in
3262 2940 3438 3011 ipsam
3485 2955 3584 2995 ceu
3615 2954 3750 3011 prae-

2161 3034 2440 3091 varicator
2484 3032 2716 3105 injurius
2752 3031 3035 3088 exstiterit.
3070 3031 3235 3087 Hisce
3280 3030 3529 3101 peractis,
3579 3029 3754 3085 mani-

2162 3123 2296 3180 feste
2323 3122 2518 3179 deﬁnit
2566 3122 2823 3194 quisnam
2864 3121 2937 3177 sit
2957 3135 3118 3176 verus
3157 3118 3403 3186 Iudaeus,
3445 3118 3740 3175 ostendens

448 3206 553 3271 κῶς
598 3208 735 3263 νοῶν
757 3203 804 3283 ⁵,
833 3204 925 3263 καὶ
956 3204 1026 3263 τὰ
1071 3203 1337 3265 Σάϐϐατα
1358 3251 1375 3279 ,
1426 3204 1520 3264 καὶ
1551 3205 1647 3273 τὰς
1702 3206 1917 3282 θυσίας,
1954 3208 2046 3268 καὶ

2157 3231 2249 3272 eos
2272 3222 2470 3271 cuncta
2513 3214 2581 3271 ad
2609 3213 3035 3269 ostentationem
3078 3210 3275 3268 facere.
3313 3229 3342 3263 «
3372 3212 3499 3267 Non
3522 3210 3697 3281 enim,
3728 3232 3753 3259 υ

448 3293 566 3361 τοὺς
619 3293 1007 3373 καθαρισμούς.
1063 3293 1161 3354 Ἐν
1216 3294 1271 3353 δὲ
1318 3297 1396 3376 τῷ
1445 3296 1629 3354 εἰπεῖν.
1686 3317 1717 3354 α
1764 3296 2041 3375 Περιτομὴ

449 3385 671 3465 καρδίας
710 3386 767 3443 ἐν
814 3383 1119 3459 πνεύματι,
1162 3389 1229 3465 τῇ
1278 3388 1374 3456 τῆς
1425 3383 1756 3457 Ἐκκλησίας
1803 3388 2047 3469 πολιτεία

450 3476 824 3553 προοδοποιεί,
874 3474 965 3533 καὶ
995 3472 1093 3545 τὴν
1136 3474 1317 3533 πίστιν
1353 3474 1580 3551 εἰσάγει.
1635 3474 1745 3535 Καὶ
1776 3476 1880 3557 γὰρ
1911 3476 2045 3551 αὕτη

454 3564 508 3621 ἐν
556 3565 750 3645 καρδία
791 3564 884 3623 καὶ
925 3561 1221 3640 πνεύματι,
1273 3562 1366 3624 καὶ
1416 3563 1505 3622 τὸν
1555 3563 1771 3625 ἔπαινον
1817 3565 2046 3627 ἀπὸτοῦ

455 3653 600 3712 Θεοῦ
650 3652 791 3732 ἔχει,
823 3659 915 3713 τοῦ
964 3652 1059 3720 τὰς
1120 3653 1340 3735 καρδίας
1388 3653 1689 3729 ἐτάζοντος,
1740 3656 1860 3736 οὗχὶ
1908 3655 2048 3716 κατὰ

457 3741 636 3821 σάρκα
682 3744 955 3822 κρίνοντος.
1012 3743 1094 3803 Τὸ
1136 3742 1192 3802 δὲ
1236 3747 1296 3803 ἐκ
1324 3742 1538 3802 πάντων
1582 3744 1781 3805 τούτων
1823 3746 2044 3823 συναγό-

458 3853 647 3908 μενον,
680 3833 828 3893 τοῦτό
861 3836 999 3892 ἔστιν
1018 3876 1035 3903 ,
1064 3831 1148 3892 ὅτι
1176 3837 1457 3913 πανταχοῦ
1496 3833 1611 3912 βίου
1642 3835 1821 3915 χρεία.
1858 3834 2012 3915 Ἀκρό
2032 3873 2044 3881 -

458 3919 647 3980 ϐυστον
678 3922 764 3999 δὲ,
800 3923 920 3995 ἤτοι
950 3923 1236 3997 Ἕλληνα,
1267 3921 1394 3982 ὅταν
1427 3924 1690 4004 ἀκούσῃς,
1726 3924 1801 4002 μὴ
1842 3926 1930 3984 τὸν
1965 3927 2043 3984 εἷ-

453 4011 792 4092 δωλολάτρην
825 4012 930 4073 νόει
951 4057 968 4087 ,
1003 4011 1144 4071 ἀλλὰ
1183 4012 1273 4072 τὸν
1306 4012 1527 4085 θεοσεϐῆ
1564 4012 1659 4090 μὲν
1681 4056 1700 4087 ,
1730 4015 1821 4074 καὶ
1860 4015 2047 4096 ἐνάρε-

448 4124 566 4177 τον,
599 4100 699 4170 ἔξω
728 4101 786 4162 δὲ
813 4107 921 4161 τῶν
962 4107 1055 4163 τοῦ
1090 4101 1253 4180 νόμου
1295 4102 1758 4184 παρατηρήσεων,
1789 4103 1921 4164 καθὸ
1949 4104 2041 4165 καὶ

444 4192 697 4272 ἀνωτέρω
724 4192 953 4273 εἴρηται.

2154 3305 2352 3379 inquit.
2383 3327 2410 3353 α
2439 3304 2535 3376 qui
2577 3303 2635 3359 in
2662 3301 2955 3359 manifesto
2980 3302 3208 3359 Judmus
3245 3309 3492 3373 apparet,
3527 3299 3755 3356 Judmus

2156 3404 2260 3461 est,
2314 3393 2410 3451 sed
2476 3393 2567 3466 qui
2610 3401 2695 3449 est
2748 3394 2806 3448 in
2846 3393 3053 3460 abdito,
3124 3415 3150 3441 ν
3216 3392 3311 3464 qui
3363 3390 3497 3447 nihil
3547 3389 3756 3462 simpli-

2156 3486 2292 3541 citer
2317 3484 2598 3555 corporale
2620 3483 2851 3554 perﬁcit,
2882 3497 3074 3539 verum
3111 3481 3467 3553 spiritualiter
3493 3480 3750 3551 intelligit

2157 3583 2210 3631 et
2237 3574 2494 3641 Sabbata,
2542 3576 2599 3628 et
2642 3571 2927 3638 sacriﬁcia,
2969 3579 3025 3626 et
3088 3570 3516 3642 puriﬁcatioues.
3569 3572 3743 3625 Porro

2155 3680 2285 3720 cum
2312 3664 2391 3719 ait
2438 3681 2451 3717 :
2489 3686 2513 3711 ει
2557 3661 2918 3718 Circumcisio
2973 3660 3159 3716 cordis
3194 3660 3251 3715 in
3279 3660 3492 3731 spiritu,
3529 3682 3554 3707 ι
3586 3659 3754 3714 eccle-

2156 3753 2393 3809 siastica:
2437 3750 2752 3823 reipublicae
2785 3749 2931 3805 viam
2961 3748 3258 3820 praestruit,
3287 3764 3351 3803 ac
3389 3745 3557 3803 ﬁdem
3604 3747 3761 3803 indu-

2154 3844 2250 3898 cit.
2283 3842 2503 3898 Etenim
2532 3841 2635 3897 ista
2666 3847 2749 3896 est
2780 3840 2834 3895 in
2864 3839 3031 3896 corde
3056 3846 3111 3894 et
3152 3838 3212 3893 in
3241 3838 3461 3908 spiritu.
3494 3845 3550 3893 et
3581 3858 3606 3885 α
3637 3836 3752 3892 lau-

2152 3931 2281 3988 dem
2306 3948 2336 3988 a
2362 3934 2482 3987 Deo
2538 3930 2726 3998 habet,
2756 3949 2784 3982 »
2811 3928 2975 3985 corda
3004 3928 3343 3999 explorante,
3382 3941 3558 3997 neque
3594 3925 3755 3997 quid-

2153 4038 2325 4095 quam
2371 4020 2679 4077 secundum
2721 4035 2950 4076 carnem
2985 4018 3285 4091 judicante.
3331 4015 3491 4087 Quod
3514 4030 3644 4072 vero
3688 4031 3756 4071 ex

2152 4114 2297 4169 hisce
2354 4112 2608 4168 omnibus
2645 4111 2944 4183 colligitur,
3000 4108 3110 4165 tale
3156 4116 3278 4164 est:
3330 4122 3551 4179 nempe,
3606 4104 3755 4177 quod

2150 4203 2348 4275 ubique
2376 4202 2483 4258 vita
2513 4200 2683 4273 proba
2734 4216 2871 4271 opus
2897 4200 2985 4255 sit.
3012 4202 3183 4254 Porro
3208 4214 3336 4254 cum
3367 4196 3757 4269 praputiatum

441 4291 559 4347 sive
599 4291 1048 4349 incircumcisum
1094 4300 1191 4349 aut
1226 4292 1492 4350 Grmcum
1529 4292 1844 4363 audiveris,
1893 4310 1964 4351 ne
2006 4292 2282 4351 idolorum
2319 4292 2592 4349 cultorem
2638 4290 2912 4362 intelligo,
2962 4304 3154 4345 verum
3202 4288 3305 4345 Dei
3363 4287 3654 4355 cultorem,
3703 4294 3760 4343 et

442 4381 647 4438 virtute
670 4380 985 4455 praeditum,
1030 4390 1182 4439 extra
1210 4382 1345 4455 legis
1391 4390 1581 4440 tamen
1620 4383 2052 4453 observationes,
2083 4382 2311 4457 perinde
2338 4398 2403 4438 ac
2425 4397 2589 4455 supra
2613 4380 2820 4438 dictum
2849 4388 2950 4437 est.

1039 4507 1331 4567 ΚΕΦΑΑ.
1372 4504 1457 4567 Γ’.

526 4636 601 4700 Τί
627 4630 718 4699 οὖν
747 4638 810 4698 τὸ
838 4639 1088 4720 περισσὸν
1122 4645 1217 4700 τοῦ
1251 4639 1552 4715 Ἰουδαίους
1598 4640 1694 4701 καὶ
1733 4639 1867 4713 τίςὴ
1897 4640 2041 4719 ὠφέ-

444 4728 565 4788 λεια
621 4731 718 4801 τῆς
766 4732 1090 4812 περιτομῆς;
1150 4732 1302 4791 Πολὺ
1376 4729 1515 4790 κατὰ
1578 4728 1757 4790 πάντα
1816 4732 2033 4813 τρόπον.

446 4820 671 4897 Πρῶτον
724 4818 821 4891 μὲν
876 4819 1009 4901 γὰρ,
1064 4816 1146 4879 ὅτι
1185 4821 1578 4892 ἐπιστεύθησαν
1624 4819 1694 4879 τὰ
1742 4819 1897 4900 λόγια
1950 4827 2041 4880 τοῦ

444 4909 609 4968 Θεοῦ.
640 4908 713 4971 Τί
739 4906 843 4989 γὰρ
881 4911 927 4968 εἰ
951 4907 1256 4983 ἠπίστησάν
1285 4932 1455 4983 τινες;
1496 4909 1592 4983 Μὴ
1621 4913 1654 4981 ἡ
1688 4910 1914 4971 ἀπιστία
1946 4913 2045 4970 αὐ-

440 4999 553 5056 τῶν
579 4997 676 5064 τὴν
712 4998 894 5057 πίστιν
927 5004 1021 5058 τοῦ
1051 5003 1194 5061 Θεοῦ
1225 5000 1586 5081 καταργήσεις
1623 4999 1718 5072 Μὴ
1749 5000 1975 5078 γένοιτο.
2002 5023 2032 5058 u

442 5086 672 5157 Ἐπειδὴ
701 5086 879 5147 πάντα
913 5088 980 5149 τὰ
1003 5093 1095 5148 τοῦ
1126 5088 1290 5167 νόμου
1318 5088 1538 5159 ἐξέϐαλε
1557 5135 1574 5167 ,
1615 5091 1702 5149 διὰ
1730 5096 1821 5149 τοῦ
1847 5092 2038 5169 εἰπεῖν,

443 5203 471 5232 α
500 5178 587 5238 Οὐ
610 5176 715 5260 γὰρ
739 5182 767 5237 6
788 5180 842 5238 ἐν
873 5180 951 5260 τῷ
990 5183 1233 5260 φανερῷ,
1277 5180 1567 5253 Ἰουδαῖος,
1600 5201 1630 5239 n
1669 5178 1854 5240 λοιπὸν
1890 5180 2037 5240 ἀντί-

432 5265 585 5329 θεσίν
612 5290 730 5330 τινα
760 5267 887 5329 ἰδὼν
919 5270 1364 5344 ἀνακύπτουσαν,
1415 5267 1633 5330 ἵσταται
1678 5270 1810 5351 πρὸς
1843 5270 2033 5343 αὐτήν.

432 5358 540 5426 Τίς
567 5357 625 5417 δὲ
651 5361 687 5429 ἡ
712 5356 1010 5436 ἀντίθεσις,
1043 5360 1115 5421 Εἰ
1142 5358 1308 5439 μηδὲν
1336 5361 1566 5441 ὠφελεῖ,
1611 5361 1782 5441 φησὶ,
1834 5366 2037 5435 ταῦτα,

430 5445 578 5515 τίνος
607 5448 761 5507 ἕνεκα
789 5446 851 5507 τὸ
878 5448 1021 5516 ἔθνος
1051 5447 1299 5529 ἐξελέγη;
1327 5440 1462 5511 Λύει
1491 5440 1580 5509 οὖν
1618 5440 1820 5524 ταύτην
1863 5450 2035 5524 κατὰ,

433 5536 539 5610 τὴν
570 5540 733 5598 αὑτοῦ
775 5536 994 5615 σοφίανο
1045 5538 1320 5620 συντρέχει
1358 5538 1456 5618 μὲν
1495 5540 1599 5621 γὰρ
1627 5544 1704 5622 τῷ
1744 5540 1915 5624 λόγῳ,
1946 5540 2039 5601 καί

432 5649 632 5708 φησιν,
672 5625 754 5689 ὅτι
781 5626 920 5689 πολὺ
949 5626 1012 5689 τὸ
1051 5627 1237 5711 ὄφελος
1278 5631 1358 5711 τῷ
1386 5629 1645 5712 Ἰουδαίῳ.
1676 5631 2036 5694 Κατασκευά-

2771 4517 3015 4573 CAPUT
3052 4516 3150 4570 ΙΙΙ.

2238 4655 2547 4710 Venetos.
2583 4669 2613 4705 α
2654 4651 2800 4721 Quid
2827 4667 2956 4724 ergo
2998 4650 3235 4723 amplius
3280 4647 3480 4705 Iudaeo
3508 4649 3629 4705 est?
3658 4654 3757 4702 aut

2162 4758 2287 4816 qua:
2325 4743 2526 4799 utilitas
2567 4741 2999 4798 circumcisionis
3032 4744 3081 4811 ~P'
3107 4740 3344 4797 Multum
3386 4754 3483 4811 per
3528 4752 3755 4796 omnem

2154 4833 2409 4891 modum.
2441 4833 2692 4889 Primum
2719 4831 2945 4904 quidem
2966 4832 3096 4905 quia
3126 4830 3234 4885 illis
3254 4828 3462 4885 credita
3488 4837 3617 4886 sunt
3642 4827 3755 4885 elo-

2152 4923 2276 4995 quia
2307 4922 2421 4978 Dei.
2456 4921 2605 4993 Quid
2645 4923 2800 4978 enim
2836 4922 2882 4978 si
2906 4919 3135 4993 quidam
3164 4920 3389 4977 illorum
3426 4935 3543 4975 non
3578 4918 3753 4975 credi-

2154 5014 2393 5079 derunt?
2438 5012 2704 5083 Nunquid
2750 5010 3110 5069 incredulitas
3158 5026 3374 5078 eorum,
3430 5009 3597 5066 ﬁdem
3650 5008 3754 5064 Dei

2152 5101 2434 5160 evacuabit
2459 5106 2483 5157 ξ’
2508 5102 2690 5159 Absit!
2722 5125 2748 5151 ν
2776 5102 2952 5159 Simul
2978 5117 3042 5157 ac
3086 5101 3279 5157 omnia
3307 5100 3378 5157 ad
3415 5099 3591 5171 legem
3629 5113 3753 5168 spe-

2150 5193 2358 5249 ctantia
2383 5192 2649 5265 ejecisset,
2675 5208 2769 5264 per
2807 5191 2915 5248 hoc
2960 5190 3111 5263 quod
3138 5189 3369 5256 diceret,
3400 5204 3429 5241 α
3456 5191 3579 5245 Non
3603 5187 3753 5243 enim

2151 5283 2248 5356 qui
2272 5283 2335 5338 in
2361 5280 2679 5347 manifesto,
2710 5282 2939 5339 Judmus
2963 5289 3070 5351 est,
3106 5302 3132 5331 ι
3163 5278 3531 5354 objectionem
3554 5292 3753 5349 quam-

2149 5372 2278 5429 dam
2319 5382 2691 5446 emergentem
2727 5372 3097 5444 conspicatus,
3132 5369 3206 5428 illi
3236 5383 3294 5425 se
3323 5368 3569 5441 opponit.
3602 5367 3760 5440 Quaa-

2149 5479 2282 5521 nam
2316 5472 2507 5520 autem
2552 5471 2639 5521 est
2661 5463 2753 5520 illa
2787 5461 3061 5535 objectio?
3086 5462 3146 5519 Si
3192 5459 3333 5516 nihil
3373 5466 3627 5532 prosunt,
3666 5458 3752 5516 in-

2148 5553 2289 5625 quit,
2336 5551 2476 5623 hzec,
2528 5568 2627 5610 cur
2665 5552 2983 5611 Iudaeorum
3029 5566 3163 5623 gens
3211 5549 3380 5607 electa
3422 5557 3507 5605 est
3534 5553 3558 5606 Ρ
3585 5548 3761 5606 Diluit

2148 5658 2277 5717 ergo
2306 5641 2451 5701 hanc
2478 5658 2581 5716 pro
2605 5657 2705 5701 sua
2744 5640 3008 5715 sapientia
3050 5657 3066 5696 :
3094 5640 3275 5699 verbis
3307 5637 3583 5714 siquidem
3624 5654 3756 5697 con-

1857 5737 2048 5801 ναι-ἰῶ
2091 5742 2399 5803 lectiones.

515 5814 539 5852 ⁸
565 5821 862 5891 σωματικῶς
882 5832 939 5877 ο.
1014 5814 1038 5853 ⁸
1058 5816 1220 5874 τελῶν
1250 5816 1337 5871 καὶ
1358 5822 1487 5873 νοῶν
1514 5834 1569 5876 o.
