4150 6426
431 427 535 481 379

1452 423 1969 481 THEOPHYLACTI
2004 419 2361 479 BULGARUE
2398 421 2711 480 ARCHIEP.

3635 424 3739 480 380

429 551 613 623 sentit,
633 552 977 628 multamque
1019 551 1144 610 inde
1189 550 1380 609 Iudaeo
1403 551 1855 609 commoditatem
1891 566 2016 625 pro-

2139 551 2240 646 ζων
2274 546 2328 608 δὲ
2354 550 2637 646 TO§10,-0t’)
2682 548 2749 608 τὰ
2780 550 3173 632 κατορθώματα
3196 551 3301 610 τῶν
3334 549 3606 646 Ἰουδαίωχ
3634 550 3739 610 εἷσ-

431 652 718 701 venturam
754 645 967 703 asserit.
1005 644 1091 703 Ab
1130 643 1236 700 hoc
1264 658 1394 699 vero
1440 642 1882 700 conﬁrmandum
1908 657 2021 699 non

425 735 750 795 Iudaeorum
801 738 1027 793 virtutes
1073 751 1267 808 resque
1296 743 1518 791 strenue
1566 744 1744 808 gestas
1772 733 2017 801 adducit,

426 841 619 883 verum
644 827 743 883 Dei
772 827 955 901 potius
972 827 1113 883 dona
1153 834 1211 882 et
1238 826 1494 898 gratiam.
1541 827 1650 881 Nec
1683 825 1833 882 enim
1862 824 2019 893 dixit,

427 915 575 988 quod
611 917 852 974 multum
890 916 1247 989 praestiterint
1295 914 1509 974 cantoris
1536 915 1788 988 gentibus
1815 913 2019 983 Judaei,

426 1020 494 1062 co
519 1005 668 1079 quod
691 1006 797 1063 hoc
838 1006 920 1063 vel
944 1006 1085 1063 istuc
1122 1005 1373 1078 gnaviter
1401 1003 1784 1077 transegerint,
1826 1018 2019 1060 verum

426 1099 576 1169 quod
609 1114 638 1149 α
678 1097 973 1153 commissa
998 1096 1107 1152 sint
1142 1096 1248 1152 illis
1271 1095 1491 1152 oracula
1539 1094 1631 1151 Dei
1663 1113 1678 1152 :
1714 1109 1841 1167 quas
1868 1102 2019 1150 certe

426 1184 529 1242 Dei
553 1193 637 1243 est
679 1185 1057 1255 beneﬁcentia,
1109 1186 1219 1259 25
1262 1202 1368 1243 nec
1398 1186 1508 1243 ulla
1560 1185 1768 1242 ratione
1796 1184 2019 1241 illorum

422 1276 505 1332 vel
527 1274 760 1349 dignitas
785 1276 865 1333 vel
893 1277 1234 1350 praestantia.
1286 1276 1433 1347 Quid
1475 1292 1603 1333 vero
1642 1283 1723 1332 est
1757 1299 1784 1325 ι
1811 1275 2018 1333 credita

420 1369 597 1423 sunt?
638 1390 662 1415 υ
687 1382 806 1439 pro,
838 1376 1186 1439 acceperunt,
1217 1368 1298 1423 vel
1328 1368 1382 1423 in
1409 1382 1605 1423 manus
1646 1374 2016 1438 sumpserunt,

420 1456 684 1530 dignique
704 1457 799 1514 visi
821 1466 953 1515 sunt
978 1461 1119 1527 Deo,
1141 1466 1203 1515 ut
1225 1459 1536 1531 acciperent
1553 1456 1734 1514 divina
1758 1473 2019 1529 responsa

420 1547 636 1603 cmlitus
654 1546 913 1605 demissa.
959 1550 1093 1605 Haec
1131 1556 1317 1605 autem
1365 1547 1575 1616 dicens,
1620 1549 1765 1620 ipsos
1794 1546 2018 1619 quidem

420 1635 716 1693 defendere
736 1637 949 1695 videtur
980 1658 992 1695 :
1023 1647 1274 1695 attamen
1300 1638 1463 1695 aliam
1500 1654 1691 1695 rursus
1709 1637 2016 1695 accusatio-

420 1742 549 1783 nem
576 1728 631 1782 in
678 1727 926 1785 medium
967 1728 1261 1786 adversum
1287 1729 1437 1801 ipsos
1510 1727 1742 1801 profert,
1790 1728 2021 1785 demon-

417 1823 601 1873 strans
628 1817 774 1891 ipsos
808 1818 1001 1877 divinis
1048 1819 1279 1893 eloquiis
1320 1818 1489 1876 ﬁdem
1533 1835 1647 1875 non
1688 1818 2016 1888 adhibuisse,

2136 638 2281 718 άγει,
2329 639 2466 700 ἀλλὰ
2507 639 2574 699 τὰ
2604 645 2697 701 τοῦ
2727 644 2868 703 Θεοῦ
2916 630 3252 723 χαρίσματα.
3304 643 3389 703 Οὐ
3418 640 3523 722 γὰρ
3554 630 3698 703 εἶπεν
3716 686 3731 714 ,

2129 727 2210 788 ὅτι
2274 728 2419 789 Πολὺ
2491 731 2894 811 περισσεύουσιν
2950 732 3237 805 Ἰουδαῖοι,
3284 730 3420 791 διότι
3462 730 3583 791 τόδε
3640 732 3734 791 καὶ

2131 820 2249 879 τόδε
2280 818 2640 900 κατώρθωσαν
2664 865 2680 895 ,
2715 823 2835 882 ἀλλ’
2864 821 2946 883 ὅτι
2975 844 3005 881 (ι
3032 820 3456 894 Ἐπιστεύθησαν
3486 822 3555 881 τὰ
3578 820 3731 901 λόγια

2131 914 2221 968 τοῦ
2257 911 2402 971 Θεοῦ
2424 934 2437 948 ·
2465 935 2489 962 ι
2518 909 2647 992 ὅπερ
2694 911 2969 992 εὐεργεσία
3001 910 3117 972 ἐστὶ
3159 916 3251 972 τοῦ
3298 914 3475 986 Θεοῦ,
3515 911 3607 972 xui
3635 913 3733 972 οὐκ

2131 999 2345 1060 ἐκείνων
2388 999 2728 1082 προτέρημα.
2782 1002 2854 1063 Τί
2902 1001 2959 1062 δέ
3004 1004 3118 1063 ἐστι
3147 1001 3250 1074 τὸ,
3308 1026 3338 1057 α
3374 1001 3730 1073 Ἐπιστεύθη-

2132 1113 2229 1149 σαν
2255 1088 2275 1161 ς’
2299 1089 2437 1151 Ἀντὶ
2467 1096 2577 1167 τοῦ,
2607 1091 2852 1154 Ἔλαϐον
2875 1138 2890 1167 ,
2926 1092 3358 1173 ἐνεχειρίσθησαν
3380 1138 3397 1166 ,
3422 1091 3557 1161 ἄξιοι
3577 1092 3599 1127 ⁷
3624 1092 3734 1151 ἔδο-

2132 1178 2223 1249 ξαν
2273 1184 2351 1262 τῷ
2401 1183 2529 1262 Θεῷ
2576 1188 2668 1242 τοῦ
2722 1181 2969 1252 δέξασθαι
3018 1181 3295 1264 χρησμοὺς
3345 1182 3544 1243 ἄνωθεν
3596 1206 3733 1242 κατ-

2129 1270 2457 1352 ενεχθέντας.
2504 1274 2697 1333 Ταῦτα
2732 1272 2787 1332 δὲ
2817 1272 3008 1351 λέγων,
3044 1275 3188 1334 δοκεῖ
3219 1272 3317 1351 μὲν
3355 1275 3529 1333 αὐτῶν
3559 1274 3729 1352 ὓπερ·

2132 1363 2527 1440 απολογεῖσθαι·
2567 1361 2819 1443 ἔγκλημα
2860 1363 2915 1423 δὲ
2945 1363 3089 1441 ὅμως
3119 1363 3284 1424 πάλιν
3311 1361 3443 1422 ἄλλο
3474 1364 3545 1431 εἰς
3570 1361 3733 1440 μέσον

2130 1453 2304 1519 αὐτοῖς
2338 1451 2628 1534 προσφέρει
2676 1453 2768 1532 l
2817 1454 3031 1537 προφ.]
3089 1453 3182 1514 xui
3233 1452 3491 1537 δείκνυσιν
3546 1451 3733 1521 αὐτοὺς

2133 1541 2532 1614 ἀπιστήσαντας
2569 1546 2676 1610 τοῖς
2704 1534 2877 1610 θείοις-
2900 1534 3100 1621 λόγοις,
3146 1541 3212 1603 δι’
3247 1534 3321 1602 ὧν
3367 1543 3721 1621 ἐτιμήθησαν.

2134 1632 2288 1704 Πλὴν
2317 1633 2406 1691 xui
2435 1632 2494 1691 τὸ
2524 1632 2766 1713 ἔγκλημα
2799 1640 2951 1693 τοῦτο
2974 1679 2990 1710 ,
3034 1638 3104 1701 ὥς
3136 1632 3229 1691 ἀπ’
3277 1634 3439 1692 ἄλλου
3492 1632 3728 1709 εἰσάγει,

2130 1721 2326 1782 ὡσανεὶ
2366 1727 2587 1781 τοιαῦτα
2631 1723 2874 1801 λέγοντος
2897 1746 2910 1760 ·
2959 1722 3067 1783 Καὶ
3098 1723 3147 1783 τί
3190 1721 3250 1782 τὸ
3281 1722 3465 1804 ὄφελος
3504 1720 3583 1780 ὅτι
3611 1720 3729 1780 ἐδέ-

2135 1810 2289 1880 ξαντο
2318 1810 2387 1872 τὰ
2426 1812 2614 1889 λόγια,
2647 1812 2740 1874 xui
2776 1812 2879 1895 γὰρ
2910 1813 3237 1886 ἠπίστησαν.
3290 1813 3451 1874 Δοκεῖ
3491 1810 3544 1871 δὲ
3589 1810 3730 1871 λύειν

417 1922 514 1980 per
536 1923 659 1981 quae
680 1916 867 1968 tamen
897 1910 1137 1984 plurimo
1162 1911 1273 1967 sint
1302 1909 1512 1967 honore
1534 1908 1740 1967 affecti.
1782 1912 2014 1967 Verum-

2133 1903 2224 1962 xui
2251 1903 2452 1976 ταύτην
2482 1902 2580 1976 τὴν
2613 1902 2912 1982 ἀντίθεσιν,
2940 1906 3041 1984 οὐχ
3075 1901 3207 1983 ὑπὲρ
3237 1904 3431 1976 αὐτῶν,
3455 1901 3573 1960 ἀλλ’
3598 1899 3731 1981 ὖπὲρ

417 2006 601 2055 tamen
626 1999 770 2056 hanc
813 2002 1223 2058 accusationem
1260 2000 1581 2067 introducit,
1632 2008 1899 2073 tanquam
1952 2000 2020 2056 ab

418 2088 524 2144 alio
556 2087 793 2158 factam,
832 2090 929 2163 qui
974 2091 1049 2147 ita
1097 2090 1307 2148 diceret
1358 2110 1371 2148 :
1407 2088 1615 2163 Ecquid
1656 2090 2018 2147 emolumenti

419 2177 635 2236 confert
670 2179 883 2237 Iudaeis
926 2180 1077 2254 quod
1114 2181 1336 2238 oracula
1382 2181 1479 2238 Dei
1508 2181 1838 2254 acceperint,
1888 2197 2017 2237 cum

415 2268 681 2327 increduli
711 2286 835 2344 erga
863 2270 1056 2328 eadem
1078 2271 1282 2329 fuerint
1314 2273 1520 2329 PHanc
1541 2279 1727 2328 autem
1756 2270 2015 2344 objectio-

418 2374 547 2415 nem
571 2359 776 2417 diluere
802 2361 1040 2432 videtur,
1071 2378 1185 2418 non
1214 2378 1313 2435 pro
1341 2361 1497 2433 ipsis,
1536 2361 1633 2419 sed
1658 2378 1757 2434 pro
1780 2365 1895 2417 Deo
1918 2378 2015 2434 po-

414 2449 520 2504 tius
537 2449 844 2522 apologiam
872 2450 1137 2509 affercns.
1186 2450 1350 2522 Quod
1375 2452 1425 2507 si
1474 2450 1736 2507 increduli
1787 2450 2014 2518 fuerint,

415 2538 545 2609 quid
575 2538 681 2596 hoc
710 2539 778 2596 ad
802 2543 987 2599 Deum
1004 2542 1030 2596 ?
1048 2544 1195 2598 Num
1218 2541 1443 2598 illorum
1465 2539 1818 2597 incredulitas
1852 2540 2018 2597 ﬁdem

416 2627 517 2683 Dei
545 2627 706 2686 faciet
722 2630 955 2698 irritam,
996 2630 1102 2687 hoc
1130 2640 1235 2699 est,
1276 2630 1629 2688 oraculorum
1674 2630 2014 2687 commissio-

416 2731 546 2774 nem
566 2718 695 2790 ipsis
710 2719 933 2791 factam,
951 2722 1178 2794 ejusque
1192 2719 1640 2778 beneﬁcentiam?
1658 2722 1850 2793 Usque
1870 2719 2009 2778 adeo

2130 1998 2221 2051 τοῦ
2267 1995 2410 2054 Θεοῦ
2462 1992 2909 2074 ἀπολογούμενος.
3006 1996 3071 2053 Ei
3123 1994 3228 2073 γὰρ
3274 1992 3582 2064 ἠπίστησαν
3607 2035 3624 2064 ,
3679 1990 3733 2049 τί

2127 2090 2280 2143 τοῦτο
2305 2083 2433 2164 πρὸς
2473 2082 2564 2142 τὸν
2593 2084 2759 2157 Θεόν;
2790 2083 2884 2155 Μὴ
2922 2086 2953 2156 ἡ
2982 2083 3206 2143 ἀπιστία
3240 2083 3413 2140 αὐτῶν
3454 2080 3728 2160 καταργή-

2127 2197 2207 2233 σει
2251 2172 2345 2247 τήν
2402 2173 2581 2234 πίστιν
2630 2181 2723 2234 τοῦ
2773 2176 2951 2246 Θεοῦ,
3006 2173 3284 2242 τουτέστι,
3340 2169 3437 2241 τὴν
3492 2166 3726 2227 καταπί-

2126 2287 2335 2324 στευσιν
2378 2267 2481 2324 τῶν
2526 2265 2721 2345 λογίων
2767 2264 2858 2323 καὶ
2915 2262 3010 2337 τὴν
3066 2258 3407 2342 εὗεργεσίανς
3460 2261 3727 2320 Τοσοῦτον

2125 2354 2316 2436 γὰρού
2372 2355 2669 2435 βλάπτεται
2719 2354 2856 2421 Θεὸς
2906 2354 2967 2411 ἐκ
3013 2356 3107 2423 τῆς
3162 2350 3375 2411 ἐκείνων
3432 2346 3723 2436 ἀπιστίας,

2126 2444 2246 2503 ὅσον
2277 2444 2300 2480 ⁸
2354 2445 2445 2503 xui
2500 2447 2703 2521 μᾶλλον
2748 2442 3020 2513 δοξάζεται
3062 2445 3134 2509 ὣς
3182 2440 3588 2523 φιλάνθρωπος,
3645 2435 3726 2497 ὅτι

2127 2534 2219 2593 xui
2248 2535 2335 2593 τὸν
2372 2535 2637 2610 μέλλοντα
2681 2533 2839 2592 αὐτὸν
2891 2535 3195 2610 ἀτιμάζειν,
3245 2529 3492 2612 φαίνεται
3520 2534 3727 2608 εὐεργε-

2120 2627 2251 2687 τῶν.
2314 2614 2470 2691 Εἶδες
2517 2627 2633 2691 πῶς
2688 2622 2876 2691 αὐτοὺς
2930 2622 3247 2689 ὕπευθύνους
3299 2617 3577 2691 ἐποίησεν,
3634 2618 3727 2693 ἀφ’

2120 2705 2192 2773 ὧν
2243 2714 2708 2788 ἕκαλλωπίζοντο,
2757 2714 2921 2793 ἤγουν
2966 2720 3060 2775 τοῦ
3090 2712 3179 2772 τὸν
3229 2709 3389 2788 νόμον
3435 2707 3725 2781 δέξασθαι,

418 2822 655 2881 namque
684 2812 838 2867 Deus
879 2826 943 2867 ex
997 2811 1221 2867 illorum
1259 2810 1634 2868 incredulitate
1682 2810 1831 2869 haud
1873 2811 2110 2885 laeditur,
2142 2821 2200 2869 ut
2253 2812 2590 2885 gloriﬁcetur
2648 2813 2832 2887 potius
2892 2821 2957 2870 ut
2994 2811 3262 2884 benignus
3313 2817 3369 2865 et
3404 2807 3726 2864 humanus:

417 2898 862 2972 quandoquidem
908 2910 965 2959 et
991 2902 1067 2958 illi
1096 2901 1192 2976 qui
1231 2918 1359 2958 eum
1398 2902 1701 2976 ignominia
1741 2901 2043 2959 affecturus
2085 2911 2188 2973 est,
2239 2903 2548 2960 beneﬁcum
2597 2918 2719 2961 sese
2768 2902 3039 2961 exhibeat.
3083 2901 3288 2970 Viden,
3327 2896 3609 2974 quomodo
3635 2910 3731 2954 eos

416 3001 541 3045 reos
574 2986 763 3047 fecerit
780 3007 845 3047 ex
871 2991 939 3047 iis
972 2991 1044 3047 ob
1081 3008 1205 3065 quae
1233 2991 1331 3049 sibi
1364 2992 1676 3065 placebant,
1721 2992 1931 3049 scilicet
1952 3008 2016 3049 ex
2048 2992 2155 3050 hoc
2178 2996 2328 3068 quod
2355 2994 2533 3067 legem
2570 2995 2922 3067 acceperint?

485 3079 664 3136 Vnus.
696 3085 750 3136 4.
781 3103 807 3129 α
833 3081 913 3137 Sit
936 3089 1125 3138 autem
1155 3085 1309 3139 Deus
1359 3098 1552 3152 verax,
1602 3083 1785 3139 omnis
1831 3091 2014 3139 autem
2044 3087 2088 3152 C

410 3167 580 3226 homo
602 3171 863 3238 mendax,
890 3172 1037 3229 sicut
1084 3172 1353 3245 scriptum
1403 3180 1487 3230 est
1530 3190 1545 3229 ε
1597 3174 1678 3230 Ut
1696 3172 2013 3246 justiﬁceris

409 3259 466 3315 in
494 3261 842 3318 sermonibus
867 3262 995 3330 tuis,
1023 3270 1078 3318 et
1098 3262 1275 3319 vincas
1296 3279 1425 3320 cum
1436 3262 1703 3335 judicaris
1726 3272 1748 3299 ο
1770 3306 1783 3320 .
1811 3286 1839 3314 π
1861 3263 2015 3319 Dixit

408 3364 591 3422 supra,
614 3351 761 3424 quod
786 3351 1015 3425 quidam
1040 3369 1156 3410 non
1199 3353 1550 3410 crediderunt
1582 3375 1594 3411 :
1640 3353 1860 3421 deinde,
1882 3370 2013 3410 cum

409 3439 614 3497 nedum
632 3441 876 3514 quidam,
894 3458 1084 3499 verum
1102 3458 1293 3499 omnes
1308 3443 1362 3500 in
1383 3443 1701 3500 universum
1722 3442 2013 3500 videantur

407 3530 696 3601 increduli,
726 3548 795 3589 ne
824 3533 1088 3589 molestus
1117 3532 1416 3603 videretur,
1468 3548 1792 3591 sermonem
1841 3548 2010 3590 suum

407 3619 802 3693 sapientissime
828 3621 1085 3691 instituit,
1115 3632 1279 3697 atque
1322 3623 1378 3680 id
1416 3623 1565 3696 quod
1592 3638 1781 3680 revera
1806 3621 2010 3680 factum

411 3717 516 3779 est,
529 3712 693 3768 veluti
716 3728 812 3785 per
826 3713 1260 3786 suppositionem
1278 3713 1510 3786 profert,
1532 3714 1788 3787 inquiens
1807 3731 1820 3769 :
1841 3713 2013 3770 Pona-

409 3816 532 3857 mus
571 3801 721 3875 quod
758 3818 955 3860 omnes
992 3802 1264 3860 increduli
1318 3801 1524 3860 fuerint
1555 3823 1569 3861 :
1599 3803 1798 3877 ecquid
1829 3802 2014 3860 istud?

407 3890 489 3946 vel
520 3889 651 3947 hinc
674 3907 893 3965 quoque
914 3892 1251 3965 justiﬁcatur
1280 3896 1448 3949 Deus.
1484 3895 1604 3949 Hoc
1633 3902 1718 3949 est
1749 3912 1763 3947 :
1795 3892 1851 3949 Si
1874 3892 2014 3965 judi-

408 3980 552 4037 catio
576 3980 671 4037 ﬁat
698 3989 754 4040 et
776 3982 1079 4054 exploratio
1105 3998 1300 4039 eorum
1329 3998 1499 4056 quam
1523 3986 1642 4039 Deo
1665 3981 1875 4040 Iudaeis
1906 3983 2014 4039 sint

409 4072 624 4137 collata,
668 4088 732 4128 ac
772 4072 1010 4130 vicissim
1057 4089 1253 4130 eorum
1308 4089 1435 4147 qua:
1476 4073 1545 4131 ab
1598 4073 1663 4135 iis
1701 4089 1829 4147 erga
1860 4074 2012 4131 illum

409 4161 519 4218 sint
561 4161 720 4229 facta,
772 4165 925 4220 Deus
952 4164 1197 4221 victoriae
1243 4164 1483 4238 palmam
1519 4164 1843 4237 reportabit,
1875 4164 2010 4221 sicut

412 4256 469 4307 et
512 4251 692 4308 David
738 4252 903 4309 etiam
945 4255 1041 4311 ait.
1090 4253 1255 4327 Quod
1286 4269 1413 4310 vero
1444 4253 1642 4327 inquit,
1693 4278 1719 4304 σι
1753 4255 1837 4312 Sit
1864 4257 2013 4311 Deus

413 4356 601 4411 verax,
646 4365 671 4391 ιι
717 4344 1000 4417 usurpavit
1050 4361 1149 4418 pro
1222 4343 1623 4414 Manifestetur,
1686 4344 2019 4402 demonstre-

407 4438 523 4489 tur.

479 4523 660 4580 Vsus.
712 4526 877 4580 5-6.:
933 4524 991 4581 Si
1032 4532 1218 4581 autem
1266 4524 1522 4597 iniquitas
1557 4540 1661 4581 nos
1712 4523 1810 4581 Dei
1860 4523 2019 4596 justi-

412 4611 547 4668 tiam
586 4612 963 4681 commendat,
1012 4614 1140 4685 quid
1170 4613 1456 4672 dicemus?
1480 4618 1629 4671 Num
1656 4613 1892 4686 iujustus
1934 4621 2017 4669 est

417 4705 585 4770 Deus,
632 4703 725 4774 qui
748 4702 913 4759 infert
951 4704 1130 4760 iram?
1167 4704 1491 4772 (secundum
1530 4702 1816 4760 hominem
1845 4703 2014 4773 dico.)

413 4793 573 4849 Absit
591 4796 602 4847 ι
622 4793 879 4866 Alioquin
898 4793 1182 4867 quomodo
1199 4797 1349 4851 Deus
1366 4793 1638 4868 judicabit
1652 4792 1921 4849 mundum
1948 4798 2009 4851 Ρ»

412 4882 792 4957 Objectionem
809 4883 896 4940 hic
916 4884 1235 4958 hujusmodi
1264 4884 1509 4950 adducit,
1524 4899 1627 4939 ceu
1654 4883 1885 4940 nonnuli
1908 4883 2015 4940 sint

407 4974 504 5046 qui
534 4972 755 5029 dicant:
788 4974 843 5030 Si
866 4977 1035 5041 Deus,
1062 4975 1160 5030 ubi
1187 4974 1243 5031 iu
1277 4990 1380 5030 nos
1399 4973 1661 5030 beneﬁcia
1700 4974 2010 5039 contulerit,

407 5080 472 5121 ac
499 5080 531 5121 a
579 5063 735 5120 nobis
780 5073 1131 5137 contemptus
1166 5064 1346 5134 fuerit,
1398 5063 1603 5135 justior
1647 5072 1927 5135 appareat,
1958 5073 2015 5122 et

412 5153 608 5225 vincat,
642 5170 740 5227 per
771 5154 1167 5211 exuberantem
1197 5169 1395 5226 nempe
1421 5153 1824 5210 humanitatem
1855 5170 2008 5212 suam

410 5243 660 5318 indignis
682 5244 847 5301 etiam
868 5243 1129 5301 beneﬁcia
1147 5244 1439 5302 conferens
1470 5262 1483 5299 :
1518 5259 1615 5301 cur
1645 5244 1701 5301 iu
1728 5252 2009 5317 posterum

405 5332 546 5392 iram
572 5333 756 5403 infert,
784 5335 889 5392 hoc
914 5343 1016 5403 est,
1046 5335 1207 5407 punit
1235 5350 1363 5405 nos,
1396 5334 1601 5407 quippe
1641 5335 1732 5407 qui
1772 5333 1900 5392 facti
1930 5335 2003 5392 si-

406 5440 535 5481 mus
577 5425 678 5498 ipsi
709 5434 964 5483 auctores
998 5442 1129 5484 cum
1146 5424 1574 5500 justiﬁcationis,
1607 5434 1730 5484 tum
1763 5424 2005 5485 victoria:

479 5568 500 5596 ο
525 5559 663 5617 Psal.
696 5575 842 5631 cxv,
875 5567 928 5630 2,
961 5561 999 5619 1.
1028 5567 1083 5618 6.

476 5755 497 5790 ⁷
527 5756 609 5810 καὶ
638 5757 763 5819 ἄξιοι
792 5773 871 5813 m.
952 5758 973 5795 ⁸
1004 5760 1108 5831 ὅσῳ
1139 5774 1198 5815 0.

1286 5759 1308 5793 ⁹
1336 5760 1418 5812 διὰ
1443 5762 1497 5814 τὸ
1525 5759 1660 5823 δόξαι
1689 5757 1972 5830 ἀνεπαχθὴς
2000 5775 2055 5817 0.

2212 3106 2244 3144 α
2292 3084 2527 3145 Γινέσθω
2558 3084 2612 3143 δὲ
2663 3088 2691 3144 6
2739 3083 2877 3151 Θεὸς
2923 3082 3160 3155 ἀληθήςο
3196 3089 3301 3149 πᾶς
3346 3078 3402 3140 δὲ
3458 3078 3729 3157 ἄνθρωπος

2125 3174 2388 3255 ψεύστης,
2421 3173 2596 3243 καθὼς
2641 3174 2971 3254 γέγραπταιο
3013 3171 3211 3241 ⁶οπως
3257 3172 3319 3231 ἂν
3350 3171 3635 3248 δικαιωθῇς
3672 3169 3726 3227 ἐν

2128 3275 2231 3332 τοῖς
2276 3265 2453 3343 λόγοις
2500 3288 2629 3339 σου,
2676 3264 2768 3324 καὶ
2798 3264 3025 3344 νικήσῃς
3076 3266 3129 3324 ἐν
3161 3268 3239 3343 τῷ
3277 3258 3549 3343 κρίνεσθαί
3577 3281 3657 3320 σε.
3689 3278 3720 3315 n

2126 3344 2296 3416 Εἶπεν
2323 3355 2464 3429 ἄνω,
2493 3354 2574 3414 ὅτι
2614 3354 2748 3423 τινὲς
2771 3354 3081 3427 ἠπίστησαν
3102 3377 3116 3392 ν
3160 3344 3277 3412 εἶτα
3294 3398 3311 3427 ,
3345 3351 3462 3410 ἐπεὶ
3495 3347 3613 3429 οὐχί
3643 3371 3727 3406 τι·-

2122 3468 2233 3519 νες,
2258 3444 2397 3504 ἀλλὰ
2433 3446 2627 3513 πάντες
2667 3444 2945 3526 φαίνονται
2975 3443 3400 3516 ἀπιστήσαντες,
3439 3438 3726 3521 σοφώτατα

2126 3535 2625 3616 μεταχειριζόμενος
2673 3534 2763 3593 τὸν
2817 3534 3003 3613 λόγον,
3053 3533 3139 3592 διὰ
3207 3532 3267 3593 τὸ
3311 3530 3388 3611 μὴ
3428 3528 3573 3598 δόξαι
3628 3528 3727 3585 ἒπ-

2126 3622 2294 3706 αχθὴς
2318 3624 2362 3698 9,
2392 3623 2452 3684 τὸ
2478 3627 2597 3685 κατ’
2630 3624 2886 3696 ἀλήθειαν
2916 3622 3201 3701 γενόμενον
3261 3625 3333 3689 ὣς
3379 3623 3497 3681 καθ’
3531 3618 3727 3678 ὑπόθε-

2125 3737 2209 3773 σιν
2238 3714 2447 3791 τίθησι,
2477 3714 2571 3775 καί
2602 3736 2763 3795 φησιο
2787 3716 2989 3792 Θῶμεν
3010 3758 3027 3788 ,
3063 3711 3145 3771 ὅτι
3172 3711 3368 3779 πάντες
3399 3708 3725 3783 ἠπίστησαν·

2127 3804 2220 3865 καὶ
2249 3803 2302 3863 τί
2332 3810 2526 3878 τοῦτο,
2589 3806 2890 3865 Κάντεῦθεν
2943 3806 3241 3863 δικαιοῦται
3289 3804 3317 3860 6
3364 3798 3519 3867 Θεός.
3552 3800 3725 3859 Τουτ-

2126 3894 2302 3954 έστινο
2357 3897 2425 3955 Εἰ
2471 3895 2643 3974 κρίσις
2690 3893 2896 3973 γένοιτο
2947 3892 3040 3953 καὶ
3075 3891 3309 3961 ἐξέτασις
3357 3896 3464 3951 τῶν
3497 3912 3556 3949 τε
3589 3890 3721 3967 παρ’

2131 3988 2292 4043 αὐτοῦ
2327 3984 2624 4063 γενομένων
2663 3993 2773 4051 τοῖς
2808 3982 3120 4054 Ἰουδαίοις,
3168 3980 3260 4041 xui
3298 3983 3401 4040 τῶν
3432 3982 3559 4059 παρ’
3590 3976 3724 4036 ἐκεί-

2127 4098 2228 4134 νων
2262 4076 2333 4141 εἷς
2361 4075 2549 4149 αὐτὸν,
2597 4075 2666 4135 τὰ
2713 4074 2995 4154 νικητήρια
3046 4072 3197 4134 ἔσται
3248 4070 3394 4150 παρὰ
3436 4074 3513 4150 τῷ
3559 4069 3723 4147 Θεῷ·

2124 4165 2263 4224 καθὰ
2296 4165 2360 4236 δὴ
2408 4165 2504 4224 xui
2534 4158 2706 4225 Δαυῒδ
2736 4162 2901 4244 λέγει.
2949 4161 3027 4224 Τὸ
3057 4160 3139 4237 δὲ,
3188 4184 3217 4220 (ί
3266 4160 3501 4223 Γινὲσθω
3529 4161 3558 4216 6
3587 4155 3723 4222 Θεὸς

2128 4253 2329 4329 ἀληθὴς
2350 4299 2367 4330 ,
2398 4275 2429 4313 n
2468 4253 2587 4314 ἀντὶ
2617 4260 2740 4331 τοῦ,
2773 4252 3167 4335 Φανερούσθω,
3190 4247 3605 4311 ἀποδεικνύσθω.

2211 4540 2242 4573 α
2270 4518 2335 4577 Εἰ
2360 4515 2416 4576 δὲ
2446 4520 2480 4589 ἡ
2513 4515 2694 4576 ἀδικία
2730 4519 2883 4595 ἡμῶν
2912 4518 3056 4578 Θεοῦ
3098 4512 3441 4587 δικαιοσύνην
3469 4508 3716 4582 συνίστη-

2126 4630 2179 4667 σι
2204 4654 2221 4684 ,
2266 4606 2320 4666 τί
2350 4608 2604 4688 ἐροῦμεν;
2651 4607 2745 4679 Μὴ
2789 4606 2968 4673 ἄδικος
3016 4609 3045 4666 6
3082 4604 3220 4672 Θεὸς
3245 4608 3274 4664 6
3319 4601 3580 4686 ἐπιφέρων
3622 4600 3717 4672 τὴν

2123 4696 2284 4779 ὀργὴν
2332 4696 2503 4775 (κατὰ
2535 4697 2811 4776 ἄνθρωπον
2861 4697 3065 4774 λέγω);
3119 4694 3214 4766 Μὴ
3247 4694 3470 4773 γένοιτο.
3560 4690 3718 4753 Ἐπεὶ

2123 4792 2236 4854 πῶς
2265 4794 2433 4867 κρινεῖ
2474 4790 2503 4846 6
2542 4788 2678 4854 Θεὸς
2722 4786 2810 4845 τὸν
2854 4786 3083 4861 κόσμον;
3114 4805 3143 4841 n
3198 4781 3485 4844 Ἀντίθεσιν
3519 4782 3719 4859 εἰσάγει

2125 4877 2404 4950 τοιαύτην,
2440 4874 2512 4945 ὥς
2561 4900 2716 4936 τινων
2764 4876 3053 4955 λεγόντων·
3104 4876 3170 4934 Εἰ
3201 4878 3228 4932 6
3276 4870 3412 4938 Θεὸς
3444 4869 3722 4950 εὐεργετή-

2122 4990 2222 5034 σας
2273 4972 2449 5044 ἡμᾶς,
2505 4957 2619 5027 εἶτα
2673 4964 3065 5044 ἀγνωμονηθεὶς
3111 4965 3242 5042 παρ’
3284 4963 3482 5037 ἡμῶν,
3520 4959 3719 5027 δίκαιος

2124 5059 2329 5137 μᾶλλον
2360 5062 2635 5137 φαίνεται,
2663 5056 2754 5116 xui
2789 5065 2911 5137 νικᾷ
2933 5099 2949 5128 ,
2992 5058 3061 5120 ὡς
3088 5053 3171 5113 διὰ
3197 5050 3398 5122 πολλὴν
3424 5052 3718 5132 φιλανθρω-

2122 5147 2250 5207 πίαν
2303 5147 2421 5215 τοὺς
2479 5146 2719 5215 ἀναξίους
2759 5146 3081 5226 εὐεργετῶν,
3137 5141 3191 5202 τί
3240 5141 3424 5202 λοιπὸν
3481 5141 3714 5223 ἐπιφέρει

2119 5236 2216 5311 τὴν
2242 5238 2436 5318 ὀργὴν,
2484 5236 2727 5297 τουτέστι
2756 5236 2969 5305 κολάζει
3013 5239 3199 5312 ἡμᾶς,
3247 5231 3365 5299 τοὺς
3406 5230 3716 5311 γενομένους

2118 5330 2263 5407 αὐτῷ
2322 5326 2517 5394 αἰτίους
2561 5324 2887 5393 δικαιώσεως
2937 5323 3033 5384 xui
3080 5323 3264 5404 νίκηςς
3323 5320 3475 5395 Αὕτη
3524 5320 3619 5399 μὲν
3677 5324 3712 5392 ἡ

2117 5417 2373 5486 ἀντίθεσις
2395 5440 2410 5456 ·
2464 5416 2579 5479 λύει
2630 5415 2687 5477 δὲ
2737 5414 2904 5489 αὐτὴν
2949 5415 3233 5497 πανσόφως
3293 5412 3387 5474 xui
3434 5410 3719 5493 ἀγχιστρό-

1837 5642 2028 5702 Variae
2072 5644 2372 5705 lectiones.
