4150 6426
412 415 509 470 381

1315 415 1662 473 EXPOSI’I‘IO
1702 417 1769 473 ΙΝ
1807 416 2016 474 EPIST.
2059 419 2149 475 AD
2189 418 2353 477 ROM.
2393 450 2461 462 --
2502 422 2652 478 CAP.
2695 423 2779 478 Ill.

3622 434 3726 491 382

411 563 521 621 φως
551 539 946 633 ⁴⁰.,Καὶ“μὴν,
987 541 1151 623 φησὶ,
1187 540 1319 633 διότι
1364 566 1423 603 σε
1472 543 1720 619 κολάζει,
1772 544 1841 604 δι’
1888 544 2012 605 αὐτὸ

2134 545 2318 605 illius?
2350 547 2533 621 Atque
2571 548 2680 606 tale
2732 548 2957 623 quidem
3012 558 3099 608 est
3124 560 3540 626 argumentum;
3579 556 3728 633 quod

410 634 567 690 τοῦτο
604 632 700 690 οὐκ
748 620 798 691 εἶ
825 633 969 713 αὐτῷ
1014 636 1111 704 τῆς
1157 631 1306 707 νίκης
1352 634 1545 701 αἴτιοςο
1599 634 1779 695 ἀδικία
1811 635 1915 717 γὰρ
1958 634 2018 696 τὸ

411 719 499 780 τὸν
526 721 697 781 αἴτιον
730 725 823 794 τῆς
857 721 1003 797 νίκης
1049 723 1197 804 παρὰ
1244 730 1336 785 τοῦ
1377 729 1625 795 νικῶντος
1672 726 2012 796 κολάζεσθαι.

411 810 574 872 Ἄλλὰ
611 810 721 891 μὴν
769 815 796 871 6
834 812 973 882 Θεὸς
1005 818 1102 873 οὐκ
1152 814 1363 886 ἄδικος·
1408 816 1683 898 ἐπεὶηπῶς
1732 825 1900 898 κρινεῖ
1929 817 2017 877 τὸν

412 900 610 979 κόσμον
638 949 654 980 ,
689 902 780 962 ἐὰν
829 904 985 973 αὐτὸς
1024 906 1220 987 ἀδικῇ;
1268 905 1470 969 Λοιπὸν
1506 897 1629 980 οὖν,
1660 897 1781 968 ἐπεὶγ
1806 907 1897 967 καὶ
1931 932 2019 968 κο-

413 992 558 1062 λάζει
589 1017 681 1067 σε,
712 993 805 1053 καὶ
843 997 939 1055 οὐκ
970 995 1109 1055 ἔστιν
1157 996 1340 1066 ἄδικος
1368 996 1414 1035 ⁴⁴
1454 1019 1469 1033 ·
1504 1001 1599 1057 οὐκ
1640 998 1743 1080 ἄρα
1774 997 1838 1058 σὺ
1878 1002 2020 1079 αὖτῷ

417 1086 508 1154 τῆς
535 1082 685 1153 νίκης
732 1082 898 1153 αἴτιος
934 1084 1154 1164 γέγονας
1187 1086 1275 1145 διὰ
1321 1094 1415 1147 τοῦ
1445 1088 1857 1170 ἡμαρτηκέναι·
1898 1092 2018 1161 ἐνῆν

420 1171 522 1252 γὰρ
548 1174 636 1233 καὶ
670 1172 844 1243 ἄλλως
898 1185 1085 1256 νικᾷν,
1117 1176 1216 1236 κᾶν
1266 1179 1341 1256 μὴ
1383 1176 1448 1237 σὺ
1500 1181 1666 1259 ὀφθῇς
1724 1179 1907 1245 κακός.
1943 1178 2025 1240 Τὸ

421 1260 510 1335 δὲ,
556 1284 583 1320 ιι
614 1264 767 1324 Κατὰ
807 1264 1082 1347 ἄνθρωπον
1131 1265 1309 1347 λέγω,
1355 1290 1386 1327 n
1423 1273 1658 1330 τοιοῦτον
1704 1267 1818 1351 ἔχει
1863 1274 1983 1329 νοῦν
2008 1293 2023 1309 ο

420 1351 561 1431 Ἐγὼ
606 1353 743 1432 μὲν,
806 1356 969 1437 φησὶ,
1019 1362 1244 1417 τοιαῦτα
1311 1363 1677 1440 ἀπολογοῦμαι
1740 1359 1873 1437 ὑπὲρ
1928 1364 2021 1419 τοῦ

415 1444 585 1519 Θεοῦ,
622 1448 760 1505 κατὰ
807 1445 1133 1528 ἀνθρώπινον
1180 1449 1469 1528 λογισμὸν,
1512 1450 1811 1526 τουτέστιν,
1848 1454 1917 1518 ὡς
1946 1449 2021 1511 ἔνι

415 1533 641 1593 δυνατὸν
694 1536 962 1619 ἀνθρώπῳ
1009 1538 1312 1619 λογίζεσθαι
1366 1539 1681 1621 δικαιολόγῳ
1735 1540 1807 1602 ⁴².
1866 1539 2023 1601 Ἐπεὶ

410 1623 513 1682 ὅσα
544 1633 686 1684 ποιεῖ
714 1630 742 1685 6
771 1627 909 1695 Θεὸς
928 1673 943 1701 ,
976 1627 1089 1708 ἔχει
1129 1629 1277 1697 τινὰς
1307 1630 1640 1712 ἀπορρήτους
1675 1631 1892 1706 λόγους,
1921 1630 2015 1689 καὶ

409 1711 544 1795 ὑπὲρ
596 1714 716 1785 τοὺς
760 1719 1120 1799 ἀνθρωπίνους
1172 1720 1461 1801 λογισμούς
1499 1723 1649 1800 ἐστι,
1685 1719 1761 1800 μὴ
1795 1720 2018 1799 δεόμενα

406 1807 502 1876 τῆς
530 1806 658 1887 παρ’
698 1810 851 1885 ἡμῶν
896 1810 1203 1889 ἀπολογίας.

2131 636 2273 693 hanc
2304 637 2373 694 ad
2406 640 2678 697 rationem
2705 639 2870 697 diluit
2902 642 3137 698 omnino
3162 643 3463 716 sapienter,
3491 645 3640 703 idem
3670 648 3729 705 in

2127 741 2223 784 eos
2256 729 2652 802 retorquendo.
2676 730 2841 803 Quia,
2863 731 3063 805 inquit,
3092 740 3147 789 te
3164 734 3344 806 punit,
3364 736 3476 808 26
3504 746 3731 810 propter

2128 833 2192 875 ea
2221 835 2335 875 non
2374 835 2432 878 es
2478 820 2581 892 ipsi
2628 820 2873 879 victoria
2903 838 3066 880 causa
3095 831 3353 881 auctorve
3390 844 3406 880 :
3460 825 3727 899 injustum

2128 909 2273 967 enim
2304 909 2444 969 foret
2471 908 2714 970 victoria
2736 921 3023 971 auctorem
3047 930 3078 971 a
3115 915 3368 973 vincente
3394 917 3602 989 puniri.
3626 921 3725 974 At-

2128 1000 2222 1073 qui
2254 1004 2403 1059 Deus
2421 1018 2532 1059 non
2560 1011 2645 1060 est
2699 1003 2956 1076 injustus.
2993 1028 3017 1055 σ
3062 1005 3306 1079 Alioqui,
3339 1006 3429 1080 qui
3449 1005 3731 1080 judicabit

2129 1090 2425 1163 mundum,
2458 1112 2485 1147 n
2516 1094 2561 1150 si
2591 1095 2708 1168 ipse
2737 1094 2811 1151 sit
2839 1095 3096 1168 injustus?
3125 1096 3385 1165 Proinde,
3417 1113 3545 1155 cum
3590 1107 3647 1155 te
3674 1107 3731 1156 et

2129 1182 2287 1254 punit
2310 1185 2496 1251 Deus,
2526 1193 2581 1241 et
2609 1200 2727 1242 non
2751 1194 2838 1242 est
2871 1185 3126 1259 iniustus,
3167 1203 3282 1243 non
3312 1202 3371 1244 es
3413 1187 3580 1261 igitur
3625 1188 3728 1261 ipsi

2128 1272 2370 1332 victoria
2406 1290 2573 1333 causa
2617 1291 2716 1348 per
2763 1277 3063 1334 commissa
3102 1277 3308 1350 ﬂagitia
3339 1285 3433 1335 tua
3466 1294 3479 1330 :
3512 1286 3729 1352 poterat

2129 1364 2283 1419 enim
2299 1373 2355 1421 et
2370 1364 2502 1422 alias
2517 1365 2757 1436 vincere,
2770 1367 2992 1425 etiamsi
3032 1383 3145 1424 non
3166 1368 3312 1425 visus
3334 1367 3531 1426 fuisses
3563 1369 3731 1427 scele-

2128 1462 2300 1511 ratus.
2349 1454 2514 1529 Quod
2556 1456 2767 1530 adjicit,
2804 1481 2829 1508 α
2864 1457 3181 1515 Secundum
3209 1458 3492 1516 hominem
3519 1458 3669 1531 dico,
3696 1482 3722 1510 ν

2128 1560 2276 1601 nunc
2302 1544 2468 1602 habet
2496 1562 2719 1604 sensum
2754 1567 2766 1604 :
2815 1550 2933 1621 Ego
2955 1548 3199 1621 quidem,
3231 1548 3432 1623 inquit,
3482 1549 3603 1607 hac
3628 1566 3727 1623 pro

2130 1637 2247 1691 Deo
2290 1637 2618 1709 respondeo,
2665 1638 2826 1711 juxta
2871 1638 3176 1697 humanam
3226 1638 3724 1711 ratiocinationem,

2130 1723 2237 1781 hoc
2261 1734 2364 1795 est,
2403 1727 2627 1800 perinde
2673 1743 2737 1784 ac
2767 1728 3027 1801 possibile
3073 1737 3153 1786 est
3179 1728 3387 1786 homini
3434 1745 3728 1787 causarum

2126 1823 2365 1889 patrono
2388 1818 2602 1875 collatis
2653 1818 2914 1892 utrinque
2934 1819 3237 1877 rationibus
3263 1828 3523 1877 statuere.
3573 1822 3721 1877 Nam

406 1918 752 1979 quacunque
805 1906 917 1980 agit
958 1911 1133 1979 Deus,
1179 1908 1475 1968 nonnullas
1515 1910 1758 1969 occultas
1798 1910 2041 1968 rationes
2085 1907 2326 1978 habent,
2374 1924 2439 1965 ac
2486 1909 2765 1968 humanas
2797 1909 3156 1985 cogitationes
3188 1912 3475 1984 superant),
3514 1918 3727 1969 nostra-

407 2008 517 2067 que
540 1994 859 2055 defensione
883 2015 993 2056 non
1025 1999 1284 2072 indigent.

503 2107 532 2143 ιι
557 2089 624 2146 Εἰ
650 2087 754 2169 γὰρ
786 2093 821 2162 ἡ
861 2090 1083 2162 ἀλήθεια
1109 2096 1199 2151 τοῦ
1227 2094 1369 2153 Θεοῦ
1401 2094 1453 2151 ἐν
1486 2094 1563 2173 τῷ
1589 2093 1705 2174 ἐμῷ
1736 2090 2010 2175 ψεύσματι

2192 2093 2504 2148 Vsns.7-8.
2539 2114 2565 2139 α
2595 2091 2653 2148 Si
2675 2091 2827 2148 enim
2844 2093 3048 2149 veritas
3076 2092 3179 2149 Dei
3205 2092 3258 2148 in
3288 2106 3416 2148 meo
3432 2090 3724 2149 mendacio

412 2177 789 2257 ἐπερίσσευσεν
844 2182 915 2248 εἷς
957 2181 1056 2254 τὴν
1109 2182 1261 2252 δόξαν
1316 2183 1508 2255 αὐτοῦ,
1539 2182 1592 2242 τί
1630 2182 1709 2243 ἔτι
1750 2182 1901 2262 κάγὼ
1943 2186 2014 2251 ὡς

410 2268 729 2347 ἁμαρτωλὸς
775 2269 1054 2349 κρίνομαι;
1104 2271 1331 2351 καὶμὴ,
1374 2270 1548 2339 καθὼς
1588 2271 2014 2355 βλασφημούμε-

409 2362 514 2435 θα,
556 2358 648 2418 καὶ
683 2362 857 2427 καθώς
901 2361 1033 2441 φασί
1063 2385 1199 2430 τινες
1229 2366 1375 2439 ἡμᾶς
1404 2363 1576 2440 λέγειν
1598 2407 1615 2430 ,
1647 2362 1728 2423 ὅτι
1758 2362 2013 2435 Ποιήσω-

408 2472 506 2523 μεν
553 2448 620 2507 τὰ
648 2449 823 2526 κακὰ,
856 2450 940 2509 ἵνα
981 2451 1108 2531 ἔλθῃ
1137 2452 1207 2511 τὰ
1254 2450 1429 2530 ἀγαθά
1475 2452 1563 2513 '3:
1603 2444 1676 2512 ὧν
1719 2454 1779 2512 τὸ
1834 2461 2001 2533 κρῖμα

406 2538 610 2597 ἔνδικόν
640 2542 778 2603 ἐστι.
811 2562 841 2597 ι)
880 2540 988 2603 Καὶ
1018 2542 1178 2601 πάλιν
1212 2542 1272 2602 τὸ
1297 2542 1427 2602 αὐτὸ
1464 2542 1907 2621 ἐπαναλαμϐάνει
1939 2544 2007 2617 ”_.

413 2630 503 2687 διὰ
542 2628 602 2689 τὸ
631 2630 955 2713 σαφέστερον
1002 2631 1128 2690 αὐτὸ
1158 2636 1405 2703 ποιῆσαι.
1462 2635 1529 2693 Εἰ
1568 2632 1670 2713 γὰρ
1701 2638 1729 2692 6
1757 2633 1892 2703 Θεὸς
1925 2634 2008 2692 δί-

409 2741 559 2787 καιος
607 2720 778 2802 ἐφάνη
823 2720 914 2780 καὶ
963 2720 1198 2799 ἀληθὴς,
1250 2722 1302 2791 ἐξ
1345 2712 1419 2782 ὧν
1474 2722 1578 2800 ἐγὼ
1608 2712 2007 2804 παρηνόμησα,

410 2810 595 2870 λοιπὸν
645 2810 698 2871 τί
728 2812 1007 2892 κρίνομαι,
1058 2814 1130 2881 εἷς
1165 2812 1319 2882 δόξαν
1353 2818 1497 2876 Θεοῦ
1537 2814 1885 2890 συντελέσαςς
1928 2816 2011 2874 Οὐ

404 2900 511 2980 γὰρ
544 2899 685 2970 ἄξιός
717 2904 828 2979 εἶμι
858 2902 1251 2982 κατακρίσεως,
1298 2902 1438 2963 ἀλλὰ
1480 2903 1753 2984 στεφάνων
1785 2905 2009 2978 μᾶλλον.

408 2993 478 3052 Εἰ
511 2992 566 3051 δὲ
606 2997 765 3052 τοῦτο
788 2991 1009 3066 ἀληθὲς,
1044 2992 1150 3073 ἄρα
1197 2994 1288 3053 καὶ
1331 2992 1359 3052 ὃ
1402 2994 1641 3073 λέγουσιν
1672 2997 1720 3054 οἱ
1748 2993 2012 3066 θΕλληνες

406 3080 533 3163 περὶ
563 3085 723 3158 ἡμῶν
742 3127 759 3156 ,
780 3082 970 3153 ἀληθὲς
1003 3080 1173 3143 ἔσται.
1210 3082 1321 3145 Καὶ
1351 3082 1454 3165 γὰρ
1486 3087 1532 3144 οἱ
1565 3082 1831 3158 Ἕλληνες
1853 3085 2013 3143 ἀκού-

406 3195 595 3242 σαντες
638 3177 734 3231 τοῦ
767 3172 989 3234 Παύλου
1020 3171 1298 3251 λέγοντος,
1344 3172 1425 3233 ὅτι
1461 3198 1491 3231 ιι
1526 3169 1712 3236 Ὅπου
1748 3173 2008 3234 ἐπλεόνα-

405 3284 495 3321 σεν
524 3268 558 3336 ἡ
590 3262 834 3343 ἁμαρτία
853 3307 869 3335 ,
895 3263 1405 3344 ὑπερεπερίσσευσεν
1431 3269 1465 3337 ἡ
1497 3264 1655 3345 χάρις
1677 3309 1692 3338 ,
1730 3287 1758 3322 »
1789 3264 2011 3345 ἔκωμῴ·

408 3353 526 3412 δουν
575 3359 771 3427 τοῦτο,
830 3353 921 3412 καὶ
953 3352 1165 3433 ἔλεγον,
1194 3353 1275 3413 ὅτι
1301 3357 1351 3415 οἱ
1401 3354 1715 3434 Χριστιανοὶ
1753 3353 1971 3433 λέγουσι
1994 3378 2008 3392 ·

2123 2180 2424 2238 abundavit
2445 2182 2500 2238 in
2527 2182 2763 2255 gloriam
2794 2182 2984 2254 ipsius,
3017 2182 3153 2256 quid
3198 2181 3378 2240 adhuc
3404 2190 3463 2239 et
3485 2198 3585 2256 ego
3605 2190 3727 2239 tan-

2122 2287 2286 2344 quam
2320 2280 2571 2344 peccator
2603 2272 2850 2346 judicor?
2892 2275 2965 2331 Et
3001 2289 3117 2330 non
3144 2313 3161 2341 ,
3202 2272 3345 2330 sicut
3374 2272 3723 2346 blasphema-

2122 2378 2269 2431 mur,
2304 2370 2357 2418 et
2390 2361 2532 2419 sicut
2564 2363 2718 2419 aiunt
2749 2362 2977 2436 quidam
3004 2379 3107 2420 nos
3123 2362 3343 2421 dicere:
3380 2386 3405 2412 α
3439 2364 3726 2421 Faciamus

2123 2454 2287 2519 mala,
2309 2460 2369 2508 ut
2384 2452 2607 2509 veniant
2624 2453 2811 2511 bona?
2836 2468 3076 2526 quorum
3092 2453 3377 2510 damnatio
3389 2453 3541 2526 justa
3565 2463 3674 2510 est.
3692 2475 3720 2504 ιο

2124 2544 2340 2599 Rursus
2368 2542 2516 2599 idem
2545 2543 2777 2599 resumit
2796 2585 2811 2613 ,
2844 2551 2903 2599 ut
2929 2542 3170 2615 apertius
3200 2542 3408 2600 reddat.
3471 2543 3529 2599 Si
3576 2544 3722 2599 enim

2121 2636 2274 2689 Deus
2302 2633 2488 2706 justus
2516 2641 2570 2690 et
2598 2649 2760 2690 verus
2796 2634 3051 2707 apparuit
3091 2649 3158 2691 ex
3205 2649 3271 2690 eo
3316 2632 3467 2706 quod
3491 2632 3718 2706 deliqui,

2119 2740 2218 2781 cur
2241 2739 2343 2797 ego
2370 2725 2426 2779 in
2458 2733 2744 2796 posterum
2761 2724 3124 2793 condemnor,
3154 2724 3250 2798 qui
3280 2724 3388 2779 ista
3406 2724 3463 2780 in
3487 2722 3721 2797 gloriam

2122 2816 2224 2871 Dei
2256 2815 2628 2872 commiserim
2657 2818 2680 2871 Ρ
2699 2817 2823 2873 Non
2844 2816 2998 2873 enim
3017 2814 3213 2887 dignus
3238 2830 3361 2871 sum
3380 2812 3723 2872 condemna-

2120 2906 2293 2973 tione,
2323 2905 2422 2963 sed
2446 2906 2668 2963 coronis
2698 2906 2903 2979 potius.
2936 2903 3097 2975 Quod
3116 2906 3163 2961 si
3184 2904 3292 2961 hoc
3315 2920 3527 2974 verum,
3554 2905 3726 2978 igitur

2122 3004 2177 3053 et
2225 2995 2376 3069 quod
2405 2997 2586 3054 Graci
2612 2995 2679 3053 de
2714 2995 2875 3053 nobis
2902 2994 3116 3065 dicunt,
3160 3010 3363 3053 verum
3410 2996 3535 3052 erit.
3574 2998 3721 3053 Nam

2122 3088 2301 3145 Graci
2334 3086 2447 3143 sive
2470 3086 2700 3159 gentiles
2723 3087 2891 3144 simul
2924 3102 2987 3143 ac
3015 3086 3351 3143 audivissent
3374 3086 3607 3143 Paulum
3634 3086 3721 3143 di-

2123 3187 2363 3248 centem,
2401 3200 2425 3228 ι
2458 3177 2571 3236 Ubi
2615 3176 2924 3235 abundavit
2969 3185 3278 3251 peccatum,
3306 3176 3722 3251 superabunda-

2121 3269 2201 3324 vit
2228 3277 2284 3324 et
2302 3269 2476 3342 gratia
2504 3269 2556 3339 ά,
2574 3290 2599 3317 α
2626 3267 2880 3325 ridebant
2925 3266 3052 3336 hoc,
3078 3268 3723 3338 asseverantes_Christia-

2121 3374 2223 3416 nos
2260 3358 2440 3415 dicere
2473 3380 2485 3415 :
2527 3381 2553 3407 α
2582 3358 2873 3415 Faciamus
2892 3358 3061 3427 mala,
3087 3367 3151 3414 ut
3195 3358 3418 3416 veniant
3459 3358 3606 3415 bona
3638 3378 3651 3415 :
3690 3381 3717 3408 ι

420 3466 449 3500 ιι
480 3444 807 3521 Ποιήσωμεν
846 3444 913 3502 τὰ
953 3428 1123 3519 κακὰ,
1151 3443 1239 3503 ἵνα
1265 3444 1391 3526 ἔλθῃ
1420 3428 1490 3505 τὸ
1522 3444 1697 3524 ἀγαθὰ
1733 3444 1776 3479 ⁵⁸
1806 3428 1841 3522 ,ἰ
1867 3466 1897 3503 ι)
1922 3444 2012 3526 καὶ

2121 3458 2178 3506 et
2240 3464 2528 3521 peccemus
2555 3448 2819 3513 multum,
2862 3456 2925 3503 ut
2952 3448 3219 3506 exuberet
3258 3449 3463 3522 gratia.
3529 3446 3723 3506 Isthuc

415 3532 737 3613 ἆμάρτωμεν
764 3533 941 3594 πολλὰ
964 3579 979 3606 ,
1008 3530 1096 3593 ἵνα
1136 3524 1409 3615 πλεονάσῃ
1432 3540 1466 3606 ἡ
1507 3535 1686 3617 χάρις.
1715 3538 1892 3596 Τοῦτο
1922 3524 2011 3596 οὖν

412 3622 442 3681 6
473 3622 651 3701 ἔλεγον
692 3626 738 3683 οἱ
769 3622 1071 3698 Ἕλληνες,
1120 3626 1558 3706 βλασφημοῦντες
1607 3626 1699 3685 καὶ
1730 3623 2015 3705 διασύρον-

414 3735 503 3778 τες
541 3715 718 3791 ἧμᾶς,
748 3713 1029 3791 συμϐαίνει
1058 3714 1150 3772 καὶ
1189 3720 1313 3788 νῦν,
1348 3714 1438 3776 ἐὰν
1471 3714 1745 3789 δεξώμεθα
1778 3714 1859 3774 ὅτι
1901 3714 1946 3753 θ’
1983 3718 2012 3774 6

413 3802 556 3869 Θεὸς
600 3802 838 3884 φαίνεται
884 3803 1077 3884 ἀγαθὸς
1109 3808 1168 3865 ἐκ
1200 3809 1294 3877 τῆς
1323 3807 1455 3883 ἐμῆς
1498 3803 1689 3873 κακίας
1719 3803 1811 3865 καὶ
1840 3806 2025 3883 ἀγνω-⁹

414 3893 666 3970 μοσύνης.
716 3894 876 3955 Ἀλλὰ
910 3894 1016 3970 μὴν
1048 3902 1207 3955 τοῦτο
1240 3898 1337 3956 οὐκ
1366 3895 1561 3979 ἔστινζ
1588 3894 1864 3969 Ἑλλήνων
1906 3896 2011 3979 γὰρ

414 3988 521 4043 τῶν
543 3984 623 4043 ἀεὶ
652 3984 990 4066 ψευδομένων
1030 3986 1175 4046 ἐστὶν
1210 3990 1237 4046 6
1267 3985 1439 4066 λόγος.
1477 4014 1501 4039 σι
1532 3975 1643 4047 inv
1670 3985 1728 4046 τὸ
1754 3975 2011 4067 κατάκρι-

409 4099 486 4150 μα
518 4075 561 4114 ⁷⁸
614 4074 822 4135 ἔνδικόν
850 4078 1001 4135 ἐστι’
1039 4103 1063 4129 υ
1096 4076 1369 4138 τουτέστιν
1389 4122 1405 4150 ,
1449 4075 1635 4144 οἵτινες
1675 4076 1893 4144 δικαίως
1923 4100 2013 4137 κο-

408 4164 787 4236 λασθήσονται.
838 4169 958 4228 Οὐκ
1002 4166 1106 4248 ἄρα
1149 4167 1268 4227 οὐδὲ
1312 4168 1418 4248 ἐγὼ
1452 4167 1618 4235 αἴτιος
1646 4165 1895 4245 γίγνομαι
1934 4170 2011 4247 τῷ

403 4256 531 4334 Θεῷ
564 4255 893 4326 δικαιώσεως
917 4300 934 4333 ,
966 4260 1027 4318 ἐκ
1068 4262 1160 4317 τοῦ
1194 4257 1540 4338 ἁμαρτάνειν.
1597 4257 1864 4337 Κρίνομαι
1908 4256 2011 4337 γὰρ

402 4349 476 4411 ὡς
505 4345 827 4425 ἁμαρτωλός
850 4369 864 4383 ·
894 4349 990 4406 οὗκ
1026 4346 1093 4406 ἂν
1126 4346 1181 4407 δὲ
1228 4346 1548 4428 ἐκρινόμην,
1593 4348 1639 4407 εἷ
1685 4346 1817 4428 πρὸς
1857 4345 2008 4416 δόξαν

404 4439 498 4495 τοῦ
530 4437 671 4497 Θεοῦ
696 4436 1032 4517 ἡμάρτανον.

494 4548 525 4583 ιι
550 4526 622 4586 Τί
647 4517 768 4600 οὖν,
798 4526 1140 4608 προεχόμεθα
1182 4526 1265 4601 ¹⁸;
1290 4528 1373 4588 Οὐ
1402 4526 1613 4595 πάντως
1640 4551 1653 4565 ·
1685 4524 2015 4607 προῃτιασά-

404 4620 545 4693 μεθα
593 4614 699 4697 γὰρ
753 4615 1042 4698 ⁹ξουδαίους
1092 4640 1152 4677 τε
1208 4618 1300 4677 καὶ
1350 4613 1627 4691 ἽΞλληνας
1675 4616 1881 4685 πάντας
1927 4615 2014 4698 ὑφ’

413 4696 685 4787 ἁμαρτίαν
746 4696 921 4788 εἶναι·
975 4706 1150 4775 καθὼς
1203 4708 1538 4788 γέγραπται,
1593 4708 1673 4766 ὅτι
1727 4709 1848 4767 Οὖκ
1901 4696 2013 4765 ἔστι

2119 3539 2285 3612 igitur
2333 3538 2486 3613 quod
2519 3538 2743 3596 aiebant
2792 3538 2998 3607 Graci,
3054 3539 3424 3611 vituperantes
3467 3539 3719 3611 proscin-

2117 3629 2423 3702 dentesque
2450 3644 2575 3695 nos,
2602 3629 2908 3686 etiamnum
2956 3628 3252 3702 contingit,
3292 3643 3514 3701 nempe,
3542 3628 3591 3685 si
3618 3627 3721 3686 ad-

2119 3720 2462 3790 miserimus,
2481 3719 2631 3793 quod
2650 3723 2805 3775 Deus
2826 3720 3004 3775 bonus
3040 3726 3303 3790 appareat
3330 3734 3398 3775 ex
3417 3733 3545 3774 mea
3566 3718 3722 3775 vitio-

2118 3811 2279 3867 sitate
2301 3852 2316 3881 ,
2354 3826 2569 3867 necnon
2615 3808 3027 3883 ingratitudine.
3063 3811 3269 3865 Verum
3297 3808 3454 3864 aliter
3484 3823 3603 3864 sese
3626 3823 3715 3865 res

2116 3900 2299 3958 habet.
2347 3902 2672 3959 Gracorum
2699 3899 2847 3956 enim
2872 3914 3159 3971 nunquam
3184 3914 3295 3954 non
3324 3898 3719 3954 mentientium

2118 3992 2221 4049 iste
2253 4006 2437 4048 sermo
2466 3998 2569 4047 est.
2600 4012 2626 4039 α
2659 3991 2915 4059 Quorum
2952 3987 3339 4045 condemnatio
3374 3988 3524 4061 justa
3553 3995 3657 4057 est,
3686 4009 3715 4040 η

2116 4081 2176 4139 id
2217 4090 2321 4147 est,
2362 4081 2468 4153 Qui
2491 4082 2640 4154 juste
2680 4080 2996 4152 punientur.
3045 4078 3498 4152 Haudquaquam
3555 4079 3720 4151 igitur

2119 4188 2220 4246 ego
2249 4188 2442 4229 meum
2468 4172 2541 4228 ob
2573 4179 2857 4244 peccatum
2886 4173 3006 4227 Deo
3027 4185 3150 4227 sum
3176 4183 3340 4227 causa
3366 4168 3716 4243 justiﬂcatio-

2118 4263 2203 4321 nis
2232 4283 2245 4319 :
2274 4262 2630 4321 condemnor
2678 4262 2829 4319 enim
2877 4269 3142 4334 tanquam
3194 4266 3472 4334 peccator.
3524 4261 3719 4333 Neque

2118 4354 2267 4411 enim
2290 4352 2712 4420 condemnarer,
2732 4351 2778 4409 si
2804 4351 2875 4408 ad
2902 4351 3137 4425 gloriam
3183 4350 3285 4407 Dei
3306 4364 3647 4424 peccassem.

2188 4534 2369 4591 Vsus.
2414 4536 2571 4588 9-18.
2609 4552 2635 4579 α
2659 4528 2803 4601 Quid
2830 4543 2963 4601 ergo
2995 4530 3019 4585 Ρ
3046 4526 3418 4601 pracellimus
3442 4529 3579 4584 eos?
3605 4528 3719 4583 Ne-

2118 4638 2420 4698 quaquam.
2451 4620 2673 4678 Causati
2698 4620 2844 4677 enim
2874 4635 3071 4677 sumus
3088 4626 3143 4675 et
3160 4616 3390 4675 Judaos
3414 4624 3469 4673 et
3487 4618 3717 4675 Gracos

2122 4729 2318 4771 omnes
2355 4710 2458 4768 sub
2485 4718 2710 4783 peccato
2737 4724 2874 4765 esse.
2926 4709 3080 4765 Sicut
3105 4707 3378 4779 scriptum
3403 4714 3523 4775 est,
3585 4706 3719 4781 quia

404 4794 604 4864 δίκαιος
631 4797 751 4857 οὐδὲ
786 4787 858 4865 εἶς
889 4815 901 4832 ⁸
934 4802 1030 4858 οὐκ
1060 4797 1203 4857 ἔστιν
1229 4802 1257 4857 6
1283 4797 1501 4873 συνιὼν,
1537 4801 1634 4858 οὗκ
1675 4795 1817 4857 ἔστιν
1849 4801 1877 4856 6
1909 4798 1999 4856 ἐκ·

2121 4806 2245 4862 Non
2270 4812 2355 4861 est
2372 4802 2558 4876 justus
2588 4800 2877 4873 quisquam
2900 4804 2947 4870 °,
2967 4814 3083 4855 non
3119 4805 3201 4855 est
3242 4795 3571 4870 intelligens,
3598 4812 3717 4853 non

403 4889 575 4958 ζητῶν
594 4887 684 4946 τὸν
706 4886 863 4947 Θεόν.
898 4889 1107 4956 Πάντες
1138 4886 1437 4965 ἐξέκλιναν,
1475 4887 1588 4967 ἅμα
1607 4887 2002 4969 ἠχρειώθησαν·

401 4978 499 5036 οὐκ
530 4975 639 5038 ἔστι
661 4980 830 5036 ποιῶν
873 4977 1252 5059 χρηστότητα,
1284 4980 1378 5037 οὐκ
1412 4978 1551 5040 ἔστιν
1595 4977 1693 5047 ἕως
1721 4978 1852 5045 ἑνός.
1889 4977 2002 5039 Τά-

398 5089 497 5150 φος
530 5066 863 5148 ἀνεῳγμένος
891 5073 919 5128 6
960 5067 1160 5147 λάρυγξ
1208 5070 1378 5127 αὐτῶν
1398 5092 1411 5106 ο
1456 5077 1570 5137 ταῖς
1598 5068 1870 5148 γλώσσαις
1901 5070 2003 5127 αὖ-

394 5162 504 5239 τῶν
536 5159 841 5217 ἐδολιοῦσαν
865 5180 879 5195 ·
913 5157 987 5225 ἰὸς
1018 5159 1260 5219 ἀσπίδων
1315 5158 1418 5219 ὑπὸ
1464 5158 1533 5218 τὰ
1581 5158 1738 5239 χείλη
1784 5162 1959 5219 αὐτῶν
1987 5181 2001 5197 ο

392 5238 470 5308 ὧν
529 5247 590 5308 τὸ
650 5247 825 5325 στόμα
878 5250 1012 5328 ἀρᾶς
1046 5247 1163 5329 Δκαὶ
1246 5248 1461 5329 πικρίας
1523 5238 1718 5328 γέμει·
1768 5247 1900 5319 ὀξεῖς
1951 5251 2000 5308 οἱ

391 5338 553 5408 πόδες
588 5340 764 5399 αὐτῶν
796 5327 983 5420 ἐκχέαι
1012 5327 1173 5416 αἷμα.
1204 5327 1544 5420 Σύντριμμαί
1573 5339 1666 5399 καὶ
1711 5342 1995 5400 ταλαιπω-

475 5501 500 5527 ⁸
527 5494 701 5549 Rom.
732 5506 797 5561 v,
827 5495 918 5549 20.
994 5501 1017 5529 °
1042 5488 1184 5548 Psal.
1213 5505 1357 5563 xm,
1390 5496 1483 5561 33,
1503 5506 1655 5565 seqq.

2113 4904 2198 4954 est
2244 4894 2532 4966 requirens
2580 4893 2782 4946 Deum.
2815 4892 3025 4948 Omnes
3058 4887 3494 4955 declinaverunt,
3547 4886 3718 4944 simul

2112 4986 2330 5043 inutiles
2345 4983 2470 5040 facti
2498 4989 2645 5051 sunt,
2669 4997 2780 5038 non
2809 4988 2895 5038 est
2914 4980 3012 5054 qui
3036 4978 3200 5035 faciat
3223 4978 3461 5045 bonum,
3493 4993 3607 5034 non
3631 4984 3718 5033 est

2114 5090 2287 5149 usque
2335 5073 2405 5129 ad
2446 5086 2644 5128 unum.
2676 5070 3003 5143 Sepulcrum
3046 5076 3240 5142 patens
3268 5075 3457 5141 guttur
3493 5080 3713 5136 eorum,

2112 5164 2312 5237 linguis
2348 5162 2462 5220 suis
2489 5161 2679 5219 dolose
2713 5160 2967 5234 agebant.
3018 5161 3311 5216 Venenum
3340 5153 3594 5227 aspidum
3610 5154 3716 5212 sub

2109 5254 2265 5313 labiis
2295 5268 2491 5310 eorum
2524 5268 2804 5326 :quorum
2830 5268 2894 5309 os
2936 5248 3329 5307 maledictione
3376 5254 3432 5304 et
3456 5244 3716 5302 amaritu-

2108 5344 2239 5404 dine
2262 5343 2487 5419 plenum
2510 5350 2595 5401 est
2616 5361 2631 5402 :
2657 5342 2873 5401 veloces
2899 5340 3062 5416 pedes
3088 5352 3284 5399 eorum
3321 5336 3393 5397 ad
3419 5333 3719 5396 effunden-

1796 5572 1988 5633 Varia
2031 5572 2341 5633 lectiones.

462 5714 507 5749 ³ο
565 5712 907 5785 ἀντιστρόφως
962 5728 1015 5767 0.
1093 5712 1133 5747 ⁸³
1193 5710 1359 5779 ἐπειδὴ
1412 5711 1616 5775 κολάζει
1668 5731 1757 5778 σε,
1804 5711 1893 5766 οὖκ
1946 5712 2079 5766 ἔστιν
2123 5712 2255 5767 ἄδικ.
2306 5726 2360 5767 0.
2442 5709 2484 5744 ¹²
2537 5707 2874 5780 δικαιολογίας
2927 5721 2983 5764 0.
3057 5704 3102 5741 “
3143 5704 3274 5760 καλὰ
3329 5721 3383 5764 ο.
3462 5704 3503 5742 ³⁸
3566 5725 3715 5778 μετα-

383 5796 638 5870 λαμεάνει
666 5810 724 5853 0.
803 5794 849 5830 ¹⁸
877 5791 1009 5847 καλὰ
1036 5808 1093 5852 ο.
1171 5792 1215 5829 ¹⁶
1239 5792 1307 5856 ὣς
1327 5808 1383 5851 0.
1461 5792 1503 5830 ¹’²
1530 5793 1691 5865 ἔτερ.
1718 5792 1748 5847 6
1776 5792 1844 5857 εἰς
1868 5793 1927 5848 τὸ
1953 5788 2027 5849 ὧν
2055 5793 2115 5848 τὸ
2142 5793 2423 5865 κατάκριμα
2621 5789 2667 5827 ¹⁸
2697 5788 3047 5862 προερχόμεθα
3074 5802 3155 5844 m.
