4150 6426
467 451 569 507 383

1454 448 1972 506 THEOPHYLACTI
2014 448 2373 504 BULGARle
2413 446 2726 503 ARCHIEP.

3668 447 3773 502 384

462 575 598 632 dum
610 574 956 648 sanguinem.
981 573 1255 632 Contritio
1273 581 1328 630 et
1344 572 1634 631 infelicitas
1648 575 1704 631 in
1727 575 1828 632 viis
1843 589 2060 646 eorum,

2176 573 2261 654 ρία
2293 575 2346 634 ἐν
2377 582 2490 641 ταῖς
2519 574 2654 641 ὁδοῖς
2701 573 2875 631 αὐτῶν
2895 616 2914 648 ,
2957 570 3048 630 καὶ
3087 570 3206 631 ὁδὸν
3251 569 3462 652 εἰρήνης
3491 573 3590 630 οὐκ
3617 570 3778 651 ἐγνωο

463 673 518 722 et
532 665 676 722 viam
693 665 966 739 pacisnon
977 673 1374 738 cognoverunt.
1395 666 1503 736 27
1522 667 1649 722 Non
1669 673 1751 722 est
1763 665 1934 724 timor
1954 664 2057 722 Dei

463 764 590 812 ante
618 755 808 812 oculos
853 771 1070 812 eorum.
1105 778 1131 804 ιο
1162 757 1337 826 Supra
1362 753 1578 812 dixerat
1607 755 1758 828 quod
1783 764 1927 813 esset
1957 755 2058 812 ali-

464 861 572 920 qua
602 845 916 904 excellentia
944 845 1168 914 Iudaeis,
1199 853 1260 901 ut
1275 845 1482 918 quibus
1504 845 1735 902 omnino
1763 853 1906 903 esset
1934 861 2058 902 cre-

462 935 578 994 dita
608 934 915 1008 traditaque
944 935 1073 992 lex:
1116 951 1263 992 nunc
1315 950 1446 992 vero
1474 944 1877 993 commonstrat
1925 935 2058 992 nihil

465 1041 563 1082 eos
608 1024 810 1082 habere
853 1023 1122 1082 eximium
1168 1040 1278 1098 quo
1319 1025 1606 1095 excellant,
1651 1033 1921 1099 quantum
1989 1025 2058 1082 ad

461 1131 627 1188 opera
656 1115 898 1188 propria.
923 1115 1150 1172 Etenim
1181 1132 1312 1172 cum
1342 1132 1456 1173 non
1487 1115 1913 1173 observaverunt
1937 1132 2060 1189 qua:

461 1206 541 1262 eis
588 1205 796 1262 credita
834 1213 1015 1274 erant,
1070 1207 1251 1279 magis
1303 1207 1765 1264 condemnantur.
1825 1207 2061 1263 Proinde

460 1295 841 1368 praestantiam
887 1295 1187 1368 quamdam
1220 1297 1555 1364 habuerunt,
1600 1305 1875 1370 quatenus
1903 1297 2060 1354 electi

459 1393 591 1442 sunt
614 1401 645 1441 a
679 1388 816 1454 Deo;
871 1385 1034 1442 simul
1067 1402 1132 1442 ac
1165 1402 1293 1443 vero
1320 1387 1552 1460 propriis
1579 1387 1840 1460 operibus
1869 1395 2064 1443 contu-

461 1474 621 1530 melia
646 1473 957 1531 affecerunt
983 1478 1188 1543 Deum,
1219 1493 1249 1532 a
1281 1493 1392 1548 quo
1423 1476 1636 1534 honore
1665 1486 1824 1534 erant
1873 1475 2060 1533 affecti

463 1573 628 1636 atque
665 1565 823 1621 electi
873 1583 886 1620 :
919 1565 1129 1622 nedum
1159 1566 1291 1622 nihil
1333 1583 1446 1640 quo
1494 1566 1786 1635 excellant,
1831 1566 2058 1637 habent,

465 1670 659 1711 verum
685 1655 858 1712 etiam
881 1655 1000 1728 plus
1021 1656 1486 1714 condemnamur.
1499 1658 1664 1714 Velut
1679 1658 1843 1731 igitur
1863 1657 1922 1713 in
1943 1673 2064 1730 per-

463 1759 598 1800 sona
651 1744 972 1801 Iudaeorum
1001 1746 1080 1801 ait
1111 1765 1123 1800 :
1169 1769 1192 1794 «ι
1228 1746 1370 1816 Quid
1399 1747 1605 1818 igitur?
1632 1747 1998 1818 excellimus}?
2032 1771 2058 1796 υ

463 1849 562 1905 pro
591 1849 656 1890 eo
685 1834 834 1906 quod
861 1843 962 1904 est,
995 1836 1352 1893 Habemusne
1375 1837 1624 1910 aliquam
1655 1837 2060 1904 excellentiam,

2170 689 2291 728 σαν,
2335 668 2452 724 Οὐκ
2500 663 2615 722 ἔστι
2651 661 2810 742 φόϐος
2861 662 3002 722 Θεοῦ
3043 661 3299 722 ἀπέναντι
3348 663 3454 720 τῶν
3485 663 3774 742 ὀφθαλμῶν

2170 755 2367 816 αὐτῶν.
2399 777 2428 813 ι)
2469 752 2696 814 Ἀνωθεν
2730 751 2776 788 ¹⁹
2807 751 2972 812 εἰπὼν
2996 797 3013 826 ,
3041 752 3125 811 ὅτι
3153 752 3265 812 ἔστι
3305 776 3355 812 τι
3387 751 3642 833 περισσὸν
3669 755 3777 820 τοῖς

2167 843 2465 919 Ἰουδαίοις,
2491 843 2577 903 διὰ
2607 843 2667 904 τὸ
2695 842 2834 909 ὅλως
2862 846 3212 915 πιστευθῆναι
3255 842 3348 902 καὶ
3378 845 3775 922 ἐγχειρισθῆναι

2169 934 2259 994 τὸν
2289 935 2449 1010 νόμον
2476 957 2490 971 ·
2522 938 2612 992 νῦν
2662 933 2897 992 δείκνυσι
2948 933 3115 1010 μηδὲν
3165 933 3357 1000 αὐτοὺς
3397 931 3540 1014 ἔχειν
3578 956 3774 1013 περισ-

2171 1023 2260 1084 σὸν
2283 1071 2299 1098 ,
2331 1025 2452 1084 ὅσον
2497 1026 2557 1083 ἐκ
2587 1025 2693 1082 τῶν
2737 1021 2942 1082 οἰκείων
2992 1021 3260 1104 πράξεσιν.
3317 1021 3416 1096 Μὴ
3449 1021 3776 1101 φυλάξαντες

2170 1115 2275 1196 γὰρ
2297 1113 2330 1172 ἃ
2361 1112 2747 1184 ἐπιστεύθησαν
2767 1158 2784 1187 ,
2811 1114 3018 1196 μᾶλλον
3048 1112 3564 1192 καταγινώσκονται.
3592 1109 3774 1173 Ὥστε

2169 1193 2418 1286 περισσὸν
2465 1205 2562 1280 μέν
2608 1227 2660 1263 τι
2705 1202 2759 1239 ²⁰
2789 1193 2934 1282 εἶχον
2965 1203 3100 1262 καθὸ
3141 1202 3187 1238 ²¹
3226 1201 3540 1283 ἐξελέγησαν
3575 1203 3676 1262 ὑπὸ
3720 1201 3775 1241 ²²

2170 1297 2351 1355 Θεοῦο
2408 1291 2590 1367 ἐπειδὴ
2637 1292 2690 1330 2³
2721 1290 2809 1352 διὰ
2843 1294 2948 1350 τῶν
2998 1293 3206 1353 οἰκείων
3255 1292 3498 1372 πράξεων
3547 1291 3598 1332 ²⁴
3649 1291 3770 1365 ἠτί-

2172 1407 2351 1462 μησαν
2380 1382 2470 1442 τὸν
2501 1382 2810 1459 τιμήσαντα
2842 1381 3035 1452 αὐτοὺς
3083 1381 3224 1442 Θεὸν
3255 1383 3348 1442 καὶ
3392 1381 3774 1461 ἐκλεξάμενον,

2171 1475 2231 1532 οὗ
2264 1472 2420 1552 μόνον
2469 1469 2616 1531 οὐδὲν
2669 1470 2924 1551 περισσὸν
2977 1471 3226 1552 ἔχουσιν,
3275 1473 3418 1532 ἀλλὰ
3469 1471 3562 1531 καὶ
3609 1472 3771 1530 πλέον

2172 1563 2687 1641 καταγινώσκονται.
2739 1561 2928 1642 Φησὶν
2969 1553 3058 1620 οὖν
3105 1565 3177 1630 ὡς
3227 1564 3287 1621 ἐκ
3328 1562 3618 1642 προσώπου
3667 1565 3771 1620 τῶν

2173 1652 2446 1714 Ἰουδαίων
2474 1679 2488 1692 ο
2533 1674 2563 1711 α
2592 1650 2663 1712 Τί
2707 1640 2828 1724 οῦνς
2883 1651 3223 1733 προεχόμεθα
3268 1651 3353 1730 ²⁵;
3391 1679 3413 1704 ι
3460 1650 3603 1713 Ἀντὶ
3644 1656 3772 1725 τοῦ,

2172 1733 2308 1823 Ἆρα
2340 1741 2534 1821 ἔχομέν
2581 1765 2633 1800 τι
2682 1741 2878 1814 πλέον,
2910 1742 3002 1800 καὶ
3046 1741 3380 1823 προέχομεν,
3425 1740 3519 1800 καὶ
3569 1742 3775 1801 εὐδοκι-

2175 1837 2374 1910 μοῦμεν
2410 1834 2457 1892 οἱ
2488 1829 2766 1904 Ἰουδαῖοι,
2794 1835 2866 1898 ὡς
2896 1829 2984 1889 τὸν
3014 1831 3176 1909 νόμον
3217 1832 3306 1892 καὶ
3349 1831 3445 1905 τὴν
3479 1831 3774 1914 περιτομὴν

461 1937 525 1978 ac
553 1931 880 1995 praestamus
908 1924 1050 1993 aliis,
1082 1933 1139 1982 et
1189 1927 1477 1998 placemus
1529 1930 1648 1983 Deo
1686 1942 1800 1998 prae
1843 1925 2059 1983 caeteris

2176 1921 2474 1999 δεξάμενοι;
2506 1950 2531 1975 ιι
2553 1923 2635 1982 Οὖ
2660 1921 2872 1988 πάντως
2896 1945 2908 1958 ι
2944 1948 2968 1973 υ
3002 1921 3154 1995 ἀντὶ,
3183 1923 3472 1998 Οὐδαμῶς.
3506 1922 3616 1984 Καὶ
3637 1921 3775 1982 Ἰου-

463 2028 566 2070 nos
614 2013 815 2082 Judaai,
851 2015 1054 2088 quippe
1080 2015 1175 2088 qui
1231 2017 1407 2089 legem
1467 2033 1531 2073 ac
1584 2015 2060 2073 circumcisionem

455 2104 870 2176 acceperimus?
901 2129 926 2154 ι
961 2107 1085 2161 Non
1118 2107 1371 2173 omnino,
1410 2130 1436 2156 υ
1489 2105 1646 2173 dixit,
1678 2123 1803 2178 pro,
1830 2109 2056 2179 Nequa-

459 2209 644 2266 quam.
683 2193 859 2251 Judaai
899 2195 1051 2250 enim
1101 2210 1258 2268 aeque
1287 2211 1352 2251 ac
1397 2197 1582 2253 Graeci
1633 2203 1958 2267 peccarunt,
1991 2211 2059 2251 ne

455 2283 658 2349 dicam,
687 2283 942 2355 amplius.
992 2283 1160 2342 Unde
1187 2300 1314 2341 vero
1371 2284 1478 2341 hoc
1522 2285 1873 2358 perspicuum
1925 2288 2060 2342 est?

456 2375 534 2429 Ex
573 2373 856 2446 prophetis
898 2373 1184 2444 nimirum,
1237 2374 1450 2432 Davide
1506 2391 1572 2432 ac
1620 2376 1781 2431 Isaia.
1833 2375 2061 2432 Davidis

458 2483 699 2538 namque
747 2477 877 2523 sunt
931 2469 1049 2536 illa,
1097 2468 1167 2524 ab
1213 2484 1280 2525 eo
1350 2469 1476 2526 loco
1534 2469 1652 2542 ejus
1682 2469 1908 2526 initium
1953 2477 2058 2536 est,

462 2581 489 2606 ι
531 2560 659 2614 Non
687 2567 774 2614 est
815 2559 997 2631 justus
1039 2559 1358 2632 quisquam,
1392 2583 1417 2608 ιο
1465 2575 1643 2632 usque
1690 2559 1760 2615 ad
1807 2575 1938 2616 eum
1967 2560 2059 2616 ubi

457 2649 653 2719 inquit,
727 2671 752 2697 α
807 2647 1200 2704 Maledictione
1273 2657 1328 2705 et
1401 2649 1770 2706 amaritudine
1830 2649 2060 2721 plenum

459 2746 546 2793 est
573 2736 616 2806 ’;
643 2759 668 2786 ι
702 2738 861 2794 Isaiae
891 2746 1102 2808 autem,
1137 2761 1162 2787 «ι
1204 2737 1434 2795 Veloces
1464 2738 1630 2810 pedes
1658 2754 1873 2810 eorum,
1908 2762 1935 2787 κ
1994 2739 2062 2796 ad

460 2842 636 2898 usque
664 2826 846 2882 locum
874 2827 971 2882 ubi
1022 2827 1221 2899 inquit,
1256 2848 1287 2881 ιι
1309 2829 1473 2884 Viam
1502 2829 1650 2900 pacis
1692 2843 1807 2883 non
1831 2844 2053 2901 “cogno-

460 2923 657 2971 verunt
681 2924 726 2972 ε.
773 2935 802 2968 »
845 2918 1042 2972 Postea
1091 2931 1317 2972 rursum
1358 2926 1485 2974 sunt
1529 2917 1755 2973 Davidis
1802 2931 1927 2988 quas
1972 2933 2062 2972 se-

461 3013 728 3077 quuntur.
779 3004 1174 3063 Celeberrimos
1197 3005 1362 3078 igitur
1413 3005 1810 3078 prophetarum
1842 3005 2067 3062 adducit

457 3103 808 3152 accusatores
859 3095 1132 3167 ipsorum,
1189 3095 1403 3168 sibique
1460 3096 1594 3168 ipsis
1655 3097 2066 3152 consentientes

464 3186 609 3242 inter
629 3201 686 3242 se
708 3193 904 3242 mutuo
935 3185 1158 3242 indicat.
1202 3186 1384 3254 Quare
1412 3193 1538 3257 post
1566 3185 1721 3244 Isaiae
1741 3185 1904 3243 verba
1946 3201 2064 3241 rur-

2168 2013 2300 2072 δαῖοι
2357 2035 2460 2093 γαρ
2513 2011 2701 2084 ἐπίσης
2741 2010 2849 2075 τοῖς
2898 2006 3164 2082 θΕλλησιν
3221 2010 3494 2091 ἥμαρτον,
3547 2009 3638 2070 ἵνα
3692 2011 3768 2087 μὴ

2164 2100 2324 2162 πλέον
2358 2100 2522 2180 λέγω.
2566 2099 2682 2161 Καὶ
2711 2098 2871 2158 πόθεν
2907 2101 3104 2171 δῆλονς
3132 2100 3266 2159 Ἀπὸ
3295 2103 3400 2158 τῶν
3439 2103 3728 2182 προφητῶν
3747 2146 3765 2173 ,

2166 2196 2260 2250 τοῦ
2291 2214 2346 2250 τε
2372 2189 2543 2250 Δαυῒδ
2570 2189 2662 2249 καὶ
2686 2194 2778 2248 τοῦ
2809 2185 3063 2250 ⁶Ησαΐου.
3098 2187 3270 2250 Δαυῒδ
3302 2188 3398 2265 μὲν
3430 2191 3535 2270 γάρ
3565 2192 3667 2248 εἰσι
3698 2189 3762 2246 τὰ

2170 2280 2276 2340 ἀπὸ
2314 2285 2406 2338 τοῦ
2429 2326 2446 2355 ,
2489 2301 2518 2339 α
2545 2281 2664 2340 Οὐκ
2696 2278 2830 2337 ἕστιτ
2857 2277 3058 2346 δίκαιος
3101 2280 3220 2338 οὐδὲ
3268 2271 3371 2350 εἷς,
3404 2303 3433 2334 ιο
3471 2279 3602 2359 ἄχρι
3637 2283 3730 2338 τοῦ
3752 2325 3768 2351 ,

2173 2392 2201 2427 α
2238 2373 2369 2450 ἀρᾶς
2403 2369 2497 2429 καὶ
2529 2368 2744 2448 πικρίας
2785 2367 2940 2447 γέμει
2969 2391 2982 2405 ’
3013 2390 3044 2426 ι)
3082 2363 3313 2428 Ἡσαΐου
3348 2366 3402 2427 δὲ
3427 2367 3488 2426 τὸ
3515 2411 3529 2438 ,
3557 2394 3582 2420 α
3603 2366 3776 2435 Ὀξεῖς

2170 2462 2217 2519 οἳ
2238 2461 2394 2527 πόδες
2422 2461 2622 2535 αὐτῶν,
2651 2485 2676 2509 ιι
2696 2454 2793 2525 ἕως
2819 2456 2895 2531 ²⁶,
2923 2461 3038 2530 τοῦ,
3068 2485 3093 2509 σι
3115 2457 3233 2516 ὁδὸν
3255 2457 3467 2537 εἰρήνης
3493 2459 3590 2516 οὐκ
3609 2456 3775 2536 ἔγνω·
3856 2479 3858 2482 ’

2171 2573 2292 2610 σαν.
2328 2571 2359 2608 ι)
2399 2539 2532 2609 Εἶτα
2563 2547 2724 2607 πάλιν
2753 2545 2822 2606 τὰ
2851 2552 2944 2606 τοῦ
2977 2546 3168 2608 Δαυΐδ.
3212 2547 3354 2612 Τοὺς
3388 2537 3478 2604 οὖν
3508 2545 3561 2585 ²⁷
3587 2569 3778 2626 γνωρι-

2173 2640 2450 2718 μωτάτους
2478 2641 2584 2696 τῶν
2613 2639 2901 2718 προφητῶν
2927 2636 3164 2716 παράγει
3196 2636 3528 2716 κατηγόρους
3559 2638 3734 2695 αὐτῶν
3756 2679 3772 2709 ,

2173 2730 2263 2788 καὶ
2327 2733 2728 2809 ὁμοφωνοῦντας
2771 2725 2825 2765 ²⁸
2880 2725 3133 2809 ἀλλήλοις
3180 2726 3431 2786 δείκνυσι.
3482 2725 3577 2786 Διὸ
3637 2726 3775 2804 μετὰ

2173 2817 2290 2884 τοὺς
2339 2805 2571 2876 Ἡσαΐου
2613 2815 2837 2894 λόγους,
2871 2805 3016 2881 αὖθις
3063 2813 3132 2874 τὰ
3164 2819 3256 2874 τοῦ
3299 2814 3478 2875 Δαυῒδ
3523 2815 3778 2898 ἐπιφέρει.

2174 2906 2246 2968 Ὃ
2287 2905 2392 2988 γὰρ
2419 2904 2649 2972 Ἡσαΐας
2700 2903 2978 2984 προδήλως
3018 2904 3141 2984 περὶ
3185 2909 3292 2965 τῶν
3336 2904 3614 2967 Ἰουδαίων
3662 2908 3778 2965 δια-

2174 2997 2419 3076 λέγεται·
2457 2994 2593 3054 ὥστε
2625 2994 2715 3053 καὶ
2741 2998 2769 3052 ὁ
2798 2990 2970 3055 Δαυῒδ
2999 2995 3122 3076 περὶ
3153 2999 3258 3054 τῶν
3296 2999 3486 3057 αὐτῶν.
3534 2991 3594 3055 Ἀ
3607 3020 3682 3074 μα
3722 2995 3778 3055 δέ

2175 3110 2254 3153 τις
2299 3084 2530 3146 ἐκκλίνει
2563 3084 2672 3144 ἀπὸ
2703 3089 2796 3143 τοῦ
2835 3086 3036 3156 καλοῦ,
3085 3083 3177 3144 καὶ
3209 3084 3398 3152 εὐθέως
3443 3087 3778 3166 ἆχρειοῦται.

2178 3173 2250 3234 Ἦ
2289 3174 2394 3256 γὰρ
2463 3173 2627 3234 κακία
2701 3175 2848 3235 οὐδὲν
2895 3173 3014 3232 ἀλλ’
3057 3173 3092 3246 ἢ
3149 3172 3470 3255 παρατροπή
3525 3177 3636 3234 ἐστι
3675 3179 3780 3234 τῶν

467 3290 591 3331 sum
621 3273 882 3330 Davidica
923 3273 1101 3330 affert.
1153 3274 1324 3331 Isaias
1347 3276 1498 3330 enim
1549 3275 1833 3348 perspicue
1861 3274 1930 3332 de
1965 3276 2066 3330 Ju—

2178 3268 2414 3347 φυσικῶν
2453 3265 2582 3347 πρὸς
2627 3264 2689 3325 τὸ
2744 3263 2906 3324 καλὸν
2951 3262 3209 3336 κινήσεων
3235 3289 3249 3302 ·
3304 3266 3420 3325 ὅθεν
3475 3263 3569 3323 καὶ
3621 3267 3693 3332 εἰς
3720 3265 3782 3324 τὸ

469 3364 602 3420 datis
652 3363 892 3420 disserit.
923 3363 1160 3421 Proinde
1187 3364 1354 3420 etiam
1399 3371 1458 3420 et
1511 3363 1685 3420 David
1739 3363 1812 3421 de
1857 3364 2073 3423 iisdem.

471 3455 667 3520 Porro,
696 3453 860 3509 simul
900 3461 1064 3526 atque
1091 3453 1361 3527 quispiam
1384 3470 1415 3510 a
1441 3453 1588 3510 bono
1617 3453 1874 3522 declinat,
1901 3454 2073 3526 proti-

471 3558 576 3598 nus
627 3542 835 3599 inutilis
868 3542 1132 3599 redditur.
1180 3543 1391 3600 Malitia
1430 3544 1580 3599 enim
1630 3543 1767 3600 nihil
1810 3542 1958 3600 aliud
1987 3552 2073 3600 est

472 3647 642 3704 quam
671 3632 1304 3705 perversiouaturalium
1348 3649 1475 3706 erga
1501 3633 1714 3690 bonum
1761 3642 2019 3690 motuum
2055 3652 2067 3688 :

470 3722 618 3778 unde
640 3722 713 3778 'ad
741 3721 797 3779 id
841 3723 986 3794 quod
1015 3731 1214 3795 praeter
1250 3731 1508 3780 naturam
1539 3731 1643 3792 est,
1674 3723 1960 3780 hominem
1987 3724 2070 3779 in-

469 3811 664 3879 citans,
721 3812 975 3869 inutilem
1026 3813 1212 3886 ipsum
1263 3812 1450 3869 efﬁcit.
1503 3815 1711 3870 Natura
1747 3814 1901 3870 enim
1954 3813 2072 3886 ipso

471 3901 730 3974 deinceps
767 3918 880 3958 non
912 3902 1108 3972 utitur,
1139 3901 1613 3975 quemadmodum
1642 3919 1746 3960 nec
1773 3911 2074 3975 aegrotante

473 3992 646 4048 utitur
679 3990 749 4048 ad
799 3991 1020 4064 prapria
1050 4008 1218 4064 opera
1257 4011 1272 4049 :
1307 3995 1576 4049 Praeterea
1608 4015 1636 4042 α
1690 3993 1958 4049 contritio
2017 4001 2074 4049 et

472 4079 781 4149 infelicitas,
835 4103 860 4128 υ
887 4089 1178 4152 peccatum
1197 4089 1281 4137 est
1321 4103 1332 4138 :
1357 4081 1489 4137 nihil
1520 4082 1672 4138 enim
1718 4081 1856 4139 adeo
1885 4091 2076 4139 conte-

473 4169 546 4224 rit
586 4170 828 4224 animam
857 4177 1022 4241 atque
1067 4171 1270 4242 ipsum,
1307 4171 1378 4226 ob
1406 4169 1797 4227 difficultatem
1830 4171 2079 4244 inaequa-

479 4256 752 4313 litatemre
781 4258 883 4314 via:
911 4259 1046 4331 ejus.
1078 4259 1267 4316 Virtus
1287 4275 1529 4333 namque
1557 4277 1659 4317 ceu
1698 4261 1950 4318 naturale
1977 4277 2077 4317 no-

479 4355 658 4403 strum
691 4347 920 4418 bonum,
965 4348 1153 4405 leviter
1179 4356 1236 4404 et
1273 4350 1560 4422 aequaliter
1587 4366 1690 4408 nos
1718 4350 1845 4407 ferri
1898 4350 2028 4408 facit
2060 4369 2074 4408 :

476 4437 574 4494 sed
625 4436 838 4506 vitium,
888 4453 991 4495 ceu
1045 4446 1244 4511 praeter
1310 4448 1594 4510 naturam,
1657 4441 1796 4497 alias
1850 4441 2079 4512 quidem

477 4543 717 4596 sursum,
759 4527 895 4587 alias
927 4544 1054 4585 vero
1103 4529 1366 4586 deorsum
1419 4528 1549 4587 facit
1575 4530 1725 4600 ferri,
1759 4531 1814 4587 in
1861 4530 2077 4589 defectu

476 4625 532 4674 et
559 4618 870 4674 excessibus
895 4634 1184 4690 apparens,
1213 4634 1278 4675 ac
1314 4628 1605 4692 propterea
1651 4621 1976 4694 inaequalem
2021 4628 2078 4677 et

2185 3356 2333 3436 παρὰ
2376 3353 2528 3436 φύσιν
2581 3353 2841 3432 ἐξάγουσα
2878 3354 2972 3413 τὸν
3010 3353 3322 3434 ἄνθρωπον,
3371 3356 3587 3435 ἀχρεῖον
3623 3355 3780 3414 αὐτὸν

2177 3454 2336 3508 ποιεῖ.
2371 3443 2572 3505 Οὐκέτι
2597 3443 2700 3524 γὰρ
2745 3447 2888 3524 αὐτῷ
2917 3452 3116 3524 χρᾶται
3150 3449 3184 3516 ἡ
3229 3444 3382 3526 φύσις
3403 3489 3419 3518 ,
3449 3443 3632 3523 ὥσπερ
3661 3444 3780 3504 οὐδὲ

2176 3537 2254 3616 τῷ
2281 3539 2518 3595 νοσοῦντι
2566 3535 2639 3600 εἰς
2679 3531 2748 3592 τὰ
2777 3536 2946 3593 οἰκεῖα
2979 3532 3131 3613 ἔργα.
3175 3555 3205 3592 α
3246 3534 3568 3614 Σύντριμμα
3601 3532 3655 3594 δὲ
3689 3534 3781 3593 καὶ

2179 3623 2518 3704 ταλαιπωρία
2539 3669 2556 3698 ,
2594 3651 2618 3675 ι
2644 3626 2678 3694 ἡ
2705 3623 2946 3703 ἁμαρτία
2973 3647 2986 3660 ·
3017 3623 3164 3683 οὐδὲν
3201 3623 3308 3704 γὰρ
3341 3623 3481 3684 οὕτω
3511 3623 3782 3708 συντρίϐει

2179 3712 2356 3796 ψυχὴν
2377 3761 2394 3789 ,
2422 3716 2493 3781 ὡς
2524 3711 2659 3786 αὕτη
2692 3712 2779 3771 διὰ
2808 3713 2906 3784 τὴν
2941 3712 3152 3772 ἀνοδίαν
3180 3716 3361 3787 αὐτῆς.
3435 3714 3503 3775 Ἣ
3537 3715 3633 3792 μὲν
3679 3713 3782 3794 γὰρ

2182 3804 2346 3885 ἀρετὴ
2377 3847 2394 3876 ,
2440 3806 2512 3871 ὡς
2541 3801 2760 3884 φυσικὸν
2797 3805 2951 3878 ἡμῶν
2983 3802 3178 3880 ἀγαθὸν
3200 3849 3216 3882 ,
3251 3803 3404 3871 λείως
3445 3803 3536 3864 καὶ
3567 3805 3783 3882 ὁμαλῶς

2183 3898 2325 3971 ἡμᾶς
2353 3892 2602 3975 φέρεσθαι
2650 3898 2826 3952 ποιεῖ’
2874 3897 2909 3966 ἡ
2937 3891 2991 3951 δὲ
3040 3893 3245 3966 κακία,
3294 3897 3364 3960 ὡς
3391 3895 3540 3972 παρὰ
3593 3894 3781 3975 φύσιν,

2183 3983 2310 4042 ποτὲ
2343 3982 2438 4060 μὲν
2471 3982 2614 4056 ἄνω,
2649 3981 2779 4042 ποτὲ
2823 3981 2877 4040 δὲ
2912 3980 3059 4041 κάτω
3111 3990 3254 4041 ποιεῖ
3285 3983 3573 4065 φέρεσθαι,
3605 3987 3659 4044 ἐν
3690 3985 3782 4042 ἐλ-

2182 4072 2388 4152 λείψεσι
2435 4071 2527 4130 καὶ
2583 4070 2901 4152 ὓπερϐολαῖς
2952 4071 3244 4152 φαινομένη
3272 4090 3286 4106 ⁸
3355 4073 3447 4132 καὶ
3491 4073 3577 4131 διὰ
3627 4077 3784 4132 τοῦτο

2185 4161 2470 4239 ἀνώμαλον
2500 4165 2631 4238 ἡμῖν
2663 4160 2754 4221 καὶ
2803 4161 3030 4242 ἔγκοπον
3078 4160 3131 4198 ²⁰
3159 4166 3386 4220 ποιοῦσα
3416 4160 3514 4233 τὴν
3543 4161 3780 4234 κίνησιν,

2183 4249 2271 4312 ἵνα
2305 4251 2380 4328 μὴ
2409 4250 2547 4329 λέγω
2580 4251 2674 4319 τὰς
2705 4250 2840 4328 μετὰ
2867 4257 3037 4311 ταῦτα
3069 4251 3336 4319 κολάσεις.
3371 4279 3395 4305 ι
3441 4252 3546 4312 Καὶ
3565 4253 3682 4312 ὁδὸν
3726 4253 3782 4312 δὲ

2188 4341 2414 4423 εἰρήνης,
2443 4370 2464 4393 ι
2502 4338 2600 4414 τὴν
2622 4341 2762 4402 κατὰ
2787 4342 2927 4402 Θεὸν
2953 4341 3224 4401 πολιτείαν
3259 4341 3484 4415 νοήσεις
3512 4340 3648 4415 αὕτη
3681 4341 3783 4423 γὰρ

2185 4437 2219 4506 ἡ
2249 4431 2365 4500 ὁδὸς
2395 4435 2487 4502 τῆς
2521 4430 2827 4512 ἀταραξίας.
2877 4460 2902 4487 σι
2927 4429 3124 4512 Ἄρατε
3153 4433 3278 4512 γὰρ,
3309 4433 3468 4514 φησὶ,
3497 4432 3586 4491 τὸν
3627 4431 3781 4512 ζυγόν

2191 4544 2326 4598 μου,
2359 4521 2451 4580 καὶ
2480 4520 2731 4600 εὑρήσετε
2761 4521 3064 4583 ἀνάπαυσιν
3094 4541 3108 4556 ”
3143 4543 3173 4581 ι)
3211 4521 3304 4582 καὶ
3335 4526 3431 4596 τῆς
3473 4525 3699 4598 ἀληθοῦς
3729 4522 3784 4582 δὲ

2185 4611 2394 4693 εἰρήνης
2423 4615 2512 4670 τοῦ
2547 4614 2786 4691 Χριστοῦ
2820 4614 2963 4672 ἐστιν
2993 4611 3109 4681 ὁδὸς
3143 4611 3301 4684 αὕτη.

477 4704 765 4763 difﬁcilem
791 4715 1009 4764 motum
1055 4708 1356 4780 exhibens,
1386 4725 1455 4766 ne
1493 4709 1671 4767 dicam
1718 4711 1983 4784 supplicia
2031 4709 2258 4783 posthac
2307 4718 2576 4769 secutura.
2633 4732 2658 4759 α
2695 4711 2768 4766 Et
2817 4711 2964 4766 viam
3011 4711 3180 4782 pacis.
3219 4734 3244 4760 υ
3313 4709 3464 4766 Piam
3497 4725 3786 4767 conserva-

478 4794 690 4851 tionem
744 4796 1016 4870 intelliges
1055 4817 1090 4872 ,τ
1130 4797 1244 4870 ipsa
1289 4799 1454 4854 enim,
1484 4808 1569 4856 est
1637 4801 1723 4857 via
1766 4802 1965 4873 quietis
2011 4817 2076 4857 ac
2129 4798 2557 4872 tranquillitatis.
2624 4799 2817 4856 Hinc:
2870 4822 2898 4850 α
2930 4800 3171 4869 Tollite,
3217 4822 3244 4850 ιι
3294 4799 3502 4872 inquit,
3538 4822 3564 4850 α
3589 4800 3789 4874 jugum

480 4899 689 4954 meum,
719 4893 777 4942 et
802 4886 1092 4944 invenietis
1119 4889 1370 4960 requiem
1400 4883 1428 4922 ¹¹
1473 4907 1488 4946 :
1514 4910 1542 4945 »
1577 4899 1748 4964 atque
1776 4900 1839 4948 ut
1876 4892 1945 4950 ad
1976 4907 2163 4948 veram
2193 4889 2395 4947 Christi
2424 4905 2614 4959 pacem
2642 4889 2944 4961 pervenias,
2978 4889 3097 4945 hac
3140 4889 3226 4945 via
3277 4896 3379 4946 est.

547 4975 727 5031 Vnus.
781 4979 870 5045 19,
897 4981 984 5033 20.
1021 4999 1049 5027 α
1093 4977 1308 5035 Scimus
1337 4987 1521 5036 autem
1550 4981 1697 5052 quod
1728 4997 2076 5054 quaecunque

477 5064 560 5122 lex
587 5065 850 5138 loquitur,
891 5065 956 5122 iis
981 5067 1077 5141 qui
1106 5068 1168 5124 in
1197 5068 1314 5141 lege
1349 5078 1480 5126 sunt
1510 5069 1774 5140 loquitur,
1820 5079 1885 5128 ut
1912 5087 2079 5128 omne

473 5171 538 5212 os
567 5155 906 5224 obstruatur,
938 5164 996 5212 et
1021 5155 1278 5215 subditus
1303 5157 1400 5215 ﬁat
1448 5161 1632 5216 omnis
1653 5161 1900 5218 mundus
1929 5165 2070 5231 Deo;

474 5246 606 5318 quia
635 5261 703 5302 ex
730 5246 991 5318 operibus
1021 5247 1152 5320 legis
1173 5249 1287 5320 28
1326 5249 1854 5322 nonjustiﬁcabitur
1893 5252 2077 5309 omnis

478 5351 607 5392 caro
646 5351 840 5394 coram
873 5337 990 5394 illo.
1045 5355 1076 5392 »
1108 5339 1189 5395 Ne
1232 5339 1420 5396 dicant
1445 5340 1648 5410 Judazi,
1693 5342 1829 5398 Haec
1868 5342 1940 5400 ad
1975 5358 2079 5401 nos

557 5446 576 5483 ¹
601 5449 745 5506 Psal.
775 5465 920 5522 xm,
947 5455 1000 5507 3.
1075 5452 1227 5510 διεδ.
1260 5466 1390 5521 er,
1422 5459 1476 5510 7.
1552 5445 1582 5484 ¹¹
1608 5453 1812 5511 Matth.
1848 5470 1942 5523 x1,
1972 5459 2063 5512 29.

2269 5007 2295 5033 σι
2325 4977 2570 5055 Οἴδαμεν
2599 4977 2654 5038 δὲ
2675 5025 2692 5057 ,
2741 4975 2822 5037 ὅτι
2854 4978 2954 5038 ὅσα
3000 4983 3028 5037 ὁ
3059 4978 3216 5056 νόμος
3263 4977 3407 5055 λέγει
3427 5023 3444 5056 ,
3475 4977 3583 5046 τοῖς
3614 4979 3666 5037 ἐν
3709 4981 3790 5058 τῷ

2185 5067 2334 5150 νόμῳ
2384 5069 2576 5127 λαλεῖ·
2628 5066 2717 5128 ἵνα
2767 5079 2876 5129 πᾶν
2925 5068 3100 5146 στόμα
3150 5073 3363 5149 φραγῇ,
3417 5067 3509 5128 καὶ
3542 5066 3791 5136 ὑπόδικος

2188 5157 2409 5240 γένηται
2432 5167 2536 5226 πᾶς
2571 5161 2600 5218 ὁ
2624 5158 2820 5236 κόσμος
2849 5161 2926 5241 τῷ
2955 5161 3084 5240 Θεῷ
3115 5177 3128 5192 ⁸
3164 5158 3298 5220 διότι
3329 5158 3383 5228 ἐξ
3431 5157 3599 5238 ἔργων
3622 5157 3789 5236 νόμου

2190 5249 2250 5308 οὗ
2297 5249 2706 5322 δικαιωθήσεται
2739 5258 2890 5310 πᾶσα
2929 5248 3060 5330 σάρξ
3113 5244 3182 5312 ³ο.
3217 5275 3243 5303 ι
3283 5247 3405 5311 Ἵνα
3442 5247 3518 5326 μὴ
3568 5246 3788 5308 εἴπωσιν

2191 5339 2240 5398 οῖ
2290 5337 2537 5400 Ἰουδαῖοι
2558 5382 2576 5413 ,
2610 5337 2693 5399 ὅτι
2720 5341 2908 5401 Ταῦτα
2951 5341 3010 5398 οὗ
3039 5339 3172 5420 πρὸς
3214 5343 3360 5419 ἡμᾶς
3409 5338 3616 5420 εἴρηται
3639 5361 3654 5378 ’
3685 5361 3790 5419 φη·

1890 5557 2076 5615 Variae
2120 5557 2420 5619 lectiones.

559 5657 602 5692 "
637 5658 742 5712 ἄνω
788 5675 842 5715 0.
914 5658 965 5693 ¹⁰
999 5662 1170 5733 μέντοι
1217 5677 1270 5718 0.
1346 5661 1388 5697 ³⁸
1447 5663 1530 5716 καὶ
1583 5679 1638 5721 0.

1740 5665 1786 5700 ³⁸
1821 5666 1953 5738 παρὰ
1999 5683 2054 5724 ο.
2139 5667 2184 5703 ³³
2252 5668 2332 5726 ἴσ.
2383 5667 2550 5736 ἔπειδή
2602 5671 2672 5725 δέ.
2749 5670 2794 5705 ³⁸
2846 5673 3008 5744 ἔργων
3067 5687 3120 5729 0.
3199 5672 3243 5706 ³⁵
3305 5671 3654 5744 προερχόμεθα
3710 5686 3790 5726 m.

483 5737 530 5771 "
577 5739 697 5810 ἄχρι
724 5753 779 5796 o.
855 5738 901 5774 ³⁷
927 5738 977 5793 δὲ
1015 5757 1070 5798 0.
1145 5739 1192 5775 ”
1243 5741 1634 5814 ὁμοφρονοῦντας
1661 5761 1714 5803 o.
1787 5745 1834 5780 ²⁹
1856 5737 2102 5819 ἔγκοπτον
2121 5765 2175 5809 0.
2251 5749 2297 5786 ⁸ο
2319 5751 2468 5809 Εάᾱ.
2501 5749 2713 5806 ἐνώπιον
2739 5737 2910 5810 αὖτοῦ.
