  <div class='ocr_page' id='page_1' title='image "/cluster/home/n/w/nwhite01/storage/ocr_20150623/124:no.2/coo.31924054870294/200.png"; bbox 0 0 4150 6424; ppageno 0'>
   <div class='ocr_carea' id='block_1_1' title="bbox 429 384 532 438">
    <p class='ocr_par' dir='ltr' id='par_1_1' title="bbox 429 384 532 438">
     <span class='ocr_line' id='line_1_1' title="bbox 429 384 532 438; baseline -0.019 0"><span class='ocrx_word' id='word_1_1' title='bbox 429 384 532 438; x_wconf 83' lang='lat'><strong>385</strong></span> 
     </span>
    </p>
   </div>
   <div class='ocr_carea' id='block_1_2' title="bbox 1361 374 2826 435">
    <p class='ocr_par' dir='ltr' id='par_1_2' title="bbox 1361 374 2826 435">
     <span class='ocr_line' id='line_1_2' title="bbox 1361 374 2826 435; baseline -0.005 -1"><span class='ocrx_word' id='word_1_2' title='bbox 1361 376 1714 435; x_wconf 78' lang='lat' dir='ltr'><strong>EXPOSITIO</strong></span> <span class='ocrx_word' id='word_1_3' title='bbox 1753 377 1819 432; x_wconf 84' lang='lat' dir='ltr'><strong>IN</strong></span> <span class='ocrx_word' id='word_1_4' title='bbox 1858 374 2072 432; x_wconf 84' lang='lat' dir='ltr'><strong>EPIST.</strong></span> <span class='ocrx_word' id='word_1_5' title='bbox 2108 375 2201 431; x_wconf 83' lang='lat' dir='ltr'><strong>AD</strong></span> <span class='ocrx_word' id='word_1_6' title='bbox 2241 374 2408 431; x_wconf 82' lang='lat' dir='ltr'><strong>ROM.</strong></span> <span class='ocrx_word' id='word_1_7' title='bbox 2444 405 2511 414; x_wconf 91' lang='lat'><strong>—</strong></span> <span class='ocrx_word' id='word_1_8' title='bbox 2549 375 2698 431; x_wconf 80' lang='lat' dir='ltr'><strong>CAP.</strong></span> <span class='ocrx_word' id='word_1_9' title='bbox 2741 375 2826 431; x_wconf 90' lang='lat' dir='ltr'><strong>lll.</strong></span> 
     </span>
    </p>
   </div>
   <div class='ocr_carea' id='block_1_3' title="bbox 3637 383 3744 439">
    <p class='ocr_par' dir='ltr' id='par_1_3' title="bbox 3637 383 3744 439">
     <span class='ocr_line' id='line_1_3' title="bbox 3637 383 3744 439; baseline 0.009 -1"><span class='ocrx_word' id='word_1_10' title='bbox 3637 383 3744 439; x_wconf 85' lang='lat'><strong>386</strong></span> 
     </span>
    </p>
   </div>
   <div class='ocr_carea' id='block_1_4' title="bbox 428 499 2027 585">
    <p class='ocr_par' dir='ltr' id='par_1_4' title="bbox 428 500 2027 585">
     <span class='ocr_line' id='line_1_4' title="bbox 428 500 2027 585; baseline -0.003 -20"><span class='ocrx_word' id='word_1_11' title='bbox 428 507 512 566; x_wconf 79' lang='grc' dir='ltr'>σὶν</span> <span class='ocrx_word' id='word_1_12' title='bbox 533 551 548 580; x_wconf 88' lang='grc'><strong>,</strong></span> <span class='ocrx_word' id='word_1_13' title='bbox 585 503 666 564; x_wconf 74' lang='grc' dir='ltr'><strong>ὅτι</strong></span> <span class='ocrx_word' id='word_1_14' title='bbox 696 531 721 558; x_wconf 77' lang='grc' dir='ltr'>ι</span> <span class='ocrx_word' id='word_1_15' title='bbox 750 500 907 567; x_wconf 87' lang='grc' dir='ltr'>Ὅσα</span> <span class='ocrx_word' id='word_1_16' title='bbox 947 509 976 566; x_wconf 91' lang='lat'><strong>6</strong></span> <span class='ocrx_word' id='word_1_17' title='bbox 1006 503 1163 582; x_wconf 87' lang='grc' dir='ltr'>νόμος</span> <span class='ocrx_word' id='word_1_18' title='bbox 1197 503 1372 585; x_wconf 85' lang='grc' dir='ltr'>λέγει,</span> <span class='ocrx_word' id='word_1_19' title='bbox 1417 505 1526 573; x_wconf 82' lang='grc' dir='ltr'>τοῖς</span> <span class='ocrx_word' id='word_1_20' title='bbox 1551 505 1606 562; x_wconf 82' lang='grc' dir='ltr'>ἐν</span> <span class='ocrx_word' id='word_1_21' title='bbox 1636 505 1715 584; x_wconf 79' lang='grc' dir='ltr'><strong>τῷ</strong></span> <span class='ocrx_word' id='word_1_22' title='bbox 1746 503 1894 583; x_wconf 84' lang='grc' dir='ltr'>νόμῳ</span> <span class='ocrx_word' id='word_1_23' title='bbox 1927 503 2027 561; x_wconf 92' lang='grc' dir='ltr'>λα-</span> 
     </span>
    </p>
   </div>
   <div class='ocr_carea' id='block_1_5' title="bbox 2136 499 3747 585">
    <p class='ocr_par' dir='ltr' id='par_1_5' title="bbox 2148 499 3747 578">
     <span class='ocr_line' id='line_1_5' title="bbox 2148 499 3747 578; baseline 0.004 -22"><span class='ocrx_word' id='word_1_24' title='bbox 2148 515 2265 558; x_wconf 81' lang='lat' dir='ltr'><strong>non</strong></span> <span class='ocrx_word' id='word_1_25' title='bbox 2300 500 2593 574; x_wconf 83' lang='lat' dir='ltr'><strong>pertinent,</strong></span> <span class='ocrx_word' id='word_1_26' title='bbox 2624 499 2698 556; x_wconf 97' lang='lat' dir='ltr'><strong>ait</strong></span> <span class='ocrx_word' id='word_1_27' title='bbox 2731 519 2746 556; x_wconf 91' lang='lat'><strong>:</strong></span> <span class='ocrx_word' id='word_1_28' title='bbox 2784 522 2810 550; x_wconf 78' lang='grc' dir='ltr'><strong>α</strong></span> <span class='ocrx_word' id='word_1_29' title='bbox 2841 501 3198 575; x_wconf 66' lang='lat' dir='ltr'><strong>Quaecunque</strong></span> <span class='ocrx_word' id='word_1_30' title='bbox 3253 503 3340 559; x_wconf 83' lang='lat' dir='ltr'><strong>lex</strong></span> <span class='ocrx_word' id='word_1_31' title='bbox 3367 503 3642 578; x_wconf 80' lang='lat' dir='ltr'><strong>loquitur,</strong></span> <span class='ocrx_word' id='word_1_32' title='bbox 3676 506 3747 563; x_wconf 87' lang='lat' dir='ltr'><strong>iis</strong></span> 
     </span>
    </p>
   </div>
   <div class='ocr_carea' id='block_1_6' title="bbox 424 590 2032 676">
    <p class='ocr_par' dir='ltr' id='par_1_6' title="bbox 424 590 2032 676">
     <span class='ocr_line' id='line_1_6' title="bbox 424 590 2032 676; baseline -0.002 -20"><span class='ocrx_word' id='word_1_33' title='bbox 424 597 524 656; x_wconf 76' lang='grc' dir='ltr'>λεῖ.</span> <span class='ocrx_word' id='word_1_34' title='bbox 556 623 578 649; x_wconf 77' lang='grc' dir='ltr'><strong>ι</strong></span> <span class='ocrx_word' id='word_1_35' title='bbox 607 594 753 656; x_wconf 75' lang='grc' dir='ltr'>Ποία</span> <span class='ocrx_word' id='word_1_36' title='bbox 783 593 888 675; x_wconf 79' lang='grc' dir='ltr'><strong>γὰρ</strong></span> <span class='ocrx_word' id='word_1_37' title='bbox 914 593 1122 674; x_wconf 78' lang='grc' dir='ltr'>ἀνάγκη</span> <span class='ocrx_word' id='word_1_38' title='bbox 1145 641 1162 668; x_wconf 93' lang='grc'><strong>,</strong></span> <span class='ocrx_word' id='word_1_39' title='bbox 1209 593 1381 676; x_wconf 79' lang='grc' dir='ltr'>φησὶ,</span> <span class='ocrx_word' id='word_1_40' title='bbox 1413 593 1500 654; x_wconf 89' lang='grc' dir='ltr'><strong>τὸν</strong></span> <span class='ocrx_word' id='word_1_41' title='bbox 1528 597 1656 673; x_wconf 76' lang='grc' dir='ltr'>ὑμῖν</span> <span class='ocrx_word' id='word_1_42' title='bbox 1698 590 1918 652; x_wconf 86' lang='grc' dir='ltr'>δοθέντα</span> <span class='ocrx_word' id='word_1_43' title='bbox 1946 590 2032 652; x_wconf 89' lang='grc' dir='ltr'>νό-</span> 
     </span>
    </p>
   </div>
   <div class='ocr_carea' id='block_1_7' title="bbox 428 679 2028 768">
    <p class='ocr_par' dir='ltr' id='par_1_7' title="bbox 428 679 2028 768">
     <span class='ocr_line' id='line_1_7' title="bbox 428 679 2028 768; baseline -0.003 -23"><span class='ocrx_word' id='word_1_44' title='bbox 428 709 562 763; x_wconf 89' lang='grc' dir='ltr'>μον,</span> <span class='ocrx_word' id='word_1_45' title='bbox 608 683 807 768; x_wconf 78' lang='grc' dir='ltr'>ἑτέροις</span> <span class='ocrx_word' id='word_1_46' title='bbox 859 685 1080 759; x_wconf 86' lang='grc' dir='ltr'>λαλεῖν;</span> <span class='ocrx_word' id='word_1_47' title='bbox 1128 684 1312 764; x_wconf 90' lang='grc' dir='ltr'>Νόμον</span> <span class='ocrx_word' id='word_1_48' title='bbox 1360 682 1417 744; x_wconf 79' lang='grc' dir='ltr'>δὲ</span> <span class='ocrx_word' id='word_1_49' title='bbox 1471 683 1645 765; x_wconf 82' lang='grc' dir='ltr'>λέγει,</span> <span class='ocrx_word' id='word_1_50' title='bbox 1696 690 1878 768; x_wconf 61' lang='grc' dir='ltr'>πᾶσαν</span> <span class='ocrx_word' id='word_1_51' title='bbox 1932 679 2028 754; x_wconf 82' lang='grc' dir='ltr'><strong>τὴν</strong></span> 
     </span>
    </p>
   </div>
   <div class='ocr_carea' id='block_1_8' title="bbox 428 761 2029 855">
    <p class='ocr_par' dir='ltr' id='par_1_8' title="bbox 428 761 2029 855">
     <span class='ocr_line' id='line_1_8' title="bbox 428 761 2029 855; baseline -0.004 -18"><span class='ocrx_word' id='word_1_52' title='bbox 428 761 720 848; x_wconf 70' lang='grc' dir='ltr'>Παλαιὰν,</span> <span class='ocrx_word' id='word_1_53' title='bbox 770 777 830 835; x_wconf 80' lang='grc' dir='ltr'>οὗ</span> <span class='ocrx_word' id='word_1_54' title='bbox 861 774 1019 852; x_wconf 91' lang='grc' dir='ltr'>μόνον</span> <span class='ocrx_word' id='word_1_55' title='bbox 1051 771 1097 810; x_wconf 83' lang='grc'><strong>³¹</strong></span> <span class='ocrx_word' id='word_1_56' title='bbox 1131 774 1201 834; x_wconf 82' lang='grc' dir='ltr'><strong>τὰ</strong></span> <span class='ocrx_word' id='word_1_57' title='bbox 1246 771 1551 835; x_wconf 82' lang='grc' dir='ltr'>Μωσαῖκά’</span> <span class='ocrx_word' id='word_1_58' title='bbox 1591 772 1776 855; x_wconf 83' lang='grc' dir='ltr'>ὥσπερ</span> <span class='ocrx_word' id='word_1_59' title='bbox 1817 761 1906 831; x_wconf 75' lang='grc' dir='ltr'><strong>οῦν</strong></span> <span class='ocrx_word' id='word_1_60' title='bbox 1937 770 2029 832; x_wconf 80' lang='grc' dir='ltr'>καὶ</span> 
     </span>
    </p>
   </div>
   <div class='ocr_carea' id='block_1_9' title="bbox 427 861 2028 942">
    <p class='ocr_par' dir='ltr' id='par_1_9' title="bbox 427 861 2028 942">
     <span class='ocr_line' id='line_1_9' title="bbox 427 861 2028 942; baseline -0.002 -18"><span class='ocrx_word' id='word_1_61' title='bbox 427 871 516 926; x_wconf 89' lang='grc' dir='ltr'><strong>νῦν</strong></span> <span class='ocrx_word' id='word_1_62' title='bbox 562 864 630 924; x_wconf 77' lang='grc' dir='ltr'><strong>τὰ</strong></span> <span class='ocrx_word' id='word_1_63' title='bbox 674 869 771 924; x_wconf 92' lang='grc' dir='ltr'><strong>τοῦ</strong></span> <span class='ocrx_word' id='word_1_64' title='bbox 817 863 1082 938; x_wconf 80' lang='grc' dir='ltr'><strong>Ἡσαΐου,</strong></span> <span class='ocrx_word' id='word_1_65' title='bbox 1123 864 1218 925; x_wconf 83' lang='grc' dir='ltr'>καὶ</span> <span class='ocrx_word' id='word_1_66' title='bbox 1260 864 1327 926; x_wconf 71' lang='grc' dir='ltr'><strong>τὰ</strong></span> <span class='ocrx_word' id='word_1_67' title='bbox 1373 867 1479 924; x_wconf 89' lang='grc' dir='ltr'><strong>τῶν</strong></span> <span class='ocrx_word' id='word_1_68' title='bbox 1512 865 1812 942; x_wconf 78' lang='grc' dir='ltr'>Ψαλμῶν,</span> <span class='ocrx_word' id='word_1_69' title='bbox 1867 861 2028 940; x_wconf 90' lang='grc' dir='ltr'>νόμον</span> 
     </span>
    </p>
   </div>
   <div class='ocr_carea' id='block_1_10' title="bbox 428 952 2031 1038">
    <p class='ocr_par' dir='ltr' id='par_1_10' title="bbox 428 952 2031 1038">
     <span class='ocr_line' id='line_1_10' title="bbox 428 952 2031 1038; baseline -0.003 -22"><span class='ocrx_word' id='word_1_70' title='bbox 428 954 700 1034; x_wconf 77' lang='grc' dir='ltr'>ὠνόμασε.</span> <span class='ocrx_word' id='word_1_71' title='bbox 732 954 811 1017; x_wconf 86' lang='grc' dir='ltr'>Τὸ</span> <span class='ocrx_word' id='word_1_72' title='bbox 840 955 927 1029; x_wconf 82' lang='grc' dir='ltr'>δὲ,</span> <span class='ocrx_word' id='word_1_73' title='bbox 979 976 1010 1013; x_wconf 79' lang='grc' dir='ltr'><strong>ιι</strong></span> <span class='ocrx_word' id='word_1_74' title='bbox 1040 952 1162 1018; x_wconf 82' lang='grc' dir='ltr'>Ἵνα</span> <span class='ocrx_word' id='word_1_75' title='bbox 1209 964 1314 1016; x_wconf 79' lang='grc' dir='ltr'><strong>πᾶν</strong></span> <span class='ocrx_word' id='word_1_76' title='bbox 1350 955 1526 1034; x_wconf 85' lang='grc' dir='ltr'><strong>στόμα</strong></span> <span class='ocrx_word' id='word_1_77' title='bbox 1557 957 1767 1038; x_wconf 81' lang='grc' dir='ltr'>φραγῇ,</span> <span class='ocrx_word' id='word_1_78' title='bbox 1805 974 1835 1012; x_wconf 78' lang='lat' dir='ltr'><strong>n</strong></span> <span class='ocrx_word' id='word_1_79' title='bbox 1869 952 2031 1012; x_wconf 81' lang='grc' dir='ltr'>ἐνδεί-</span> 
     </span>
    </p>
   </div>
   <div class='ocr_carea' id='block_1_11' title="bbox 430 1041 2028 1128">
    <p class='ocr_par' dir='ltr' id='par_1_11' title="bbox 430 1041 2028 1128">
     <span class='ocr_line' id='line_1_11' title="bbox 430 1041 2028 1128; baseline -0.002 -22"><span class='ocrx_word' id='word_1_80' title='bbox 430 1069 614 1106; x_wconf 86' lang='grc' dir='ltr'>κνυται</span> <span class='ocrx_word' id='word_1_81' title='bbox 643 1046 741 1120; x_wconf 82' lang='grc' dir='ltr'><strong>τὴν</strong></span> <span class='ocrx_word' id='word_1_82' title='bbox 774 1043 1325 1128; x_wconf 83' lang='grc' dir='ltr'>μεγαλοῤῥημοσύνην</span> <span class='ocrx_word' id='word_1_83' title='bbox 1355 1046 1407 1084; x_wconf 75' lang='grc'><strong>³³</strong></span> <span class='ocrx_word' id='word_1_84' title='bbox 1442 1047 1547 1104; x_wconf 89' lang='grc' dir='ltr'><strong>τῶν</strong></span> <span class='ocrx_word' id='word_1_85' title='bbox 1601 1041 1906 1118; x_wconf 82' lang='grc' dir='ltr'>Ἰουδαίων,</span> <span class='ocrx_word' id='word_1_86' title='bbox 1937 1042 2028 1103; x_wconf 77' lang='grc' dir='ltr'><strong>καὶ</strong></span> 
     </span>
    </p>
   </div>
   <div class='ocr_carea' id='block_1_12' title="bbox 432 1132 2027 1218">
    <p class='ocr_par' dir='ltr' id='par_1_12' title="bbox 432 1132 2027 1218">
     <span class='ocr_line' id='line_1_12' title="bbox 432 1132 2027 1218; baseline -0.002 -24"><span class='ocrx_word' id='word_1_87' title='bbox 432 1133 527 1208; x_wconf 75' lang='grc' dir='ltr'><strong>τὴν</strong></span> <span class='ocrx_word' id='word_1_88' title='bbox 576 1135 940 1196; x_wconf 81' lang='grc' dir='ltr'>ἀνυπόστατον</span> <span class='ocrx_word' id='word_1_89' title='bbox 993 1136 1163 1218; x_wconf 79' lang='grc' dir='ltr'>ῥύμην</span> <span class='ocrx_word' id='word_1_90' title='bbox 1211 1140 1305 1210; x_wconf 79' lang='grc' dir='ltr'><strong>τῆς</strong></span> <span class='ocrx_word' id='word_1_91' title='bbox 1347 1133 1596 1212; x_wconf 82' lang='grc' dir='ltr'><strong>γλώσσης</strong></span> <span class='ocrx_word' id='word_1_92' title='bbox 1643 1136 1842 1194; x_wconf 78' lang='grc' dir='ltr'>αὐτῶν.</span> <span class='ocrx_word' id='word_1_93' title='bbox 1909 1132 2027 1192; x_wconf 85' lang='grc' dir='ltr'><strong>Ἐν-</strong></span> 
     </span>
    </p>
   </div>
   <div class='ocr_carea' id='block_1_13' title="bbox 441 1224 2029 1308">
    <p class='ocr_par' dir='ltr' id='par_1_13' title="bbox 441 1224 2029 1308">
     <span class='ocr_line' id='line_1_13' title="bbox 441 1224 2029 1308; baseline -0.001 -22"><span class='ocrx_word' id='word_1_94' title='bbox 441 1225 629 1308; x_wconf 75' lang='grc' dir='ltr'>έφραξε</span> <span class='ocrx_word' id='word_1_95' title='bbox 675 1233 797 1306; x_wconf 88' lang='grc' dir='ltr'>γοῦν</span> <span class='ocrx_word' id='word_1_96' title='bbox 849 1224 1048 1300; x_wconf 86' lang='grc' dir='ltr'>ταύτην</span> <span class='ocrx_word' id='word_1_97' title='bbox 1087 1229 1116 1285; x_wconf 94' lang='lat'><strong>6</strong></span> <span class='ocrx_word' id='word_1_98' title='bbox 1163 1225 1440 1308; x_wconf 78' lang='grc' dir='ltr'>προφήτης</span> <span class='ocrx_word' id='word_1_99' title='bbox 1490 1225 1672 1308; x_wconf 80' lang='grc' dir='ltr'>ὥσπερ</span> <span class='ocrx_word' id='word_1_100' title='bbox 1721 1228 1892 1305; x_wconf 82' lang='grc' dir='ltr'>ῥεῦμα</span> <span class='ocrx_word' id='word_1_101' title='bbox 1939 1248 2029 1306; x_wconf 83' lang='grc' dir='ltr'><strong>φι-</strong></span> 
     </span>
    </p>
   </div>
   <div class='ocr_carea' id='block_1_14' title="bbox 433 1312 2029 1396">
    <p class='ocr_par' dir='ltr' id='par_1_14' title="bbox 433 1312 2029 1396">
     <span class='ocr_line' id='line_1_14' title="bbox 433 1312 2029 1396; baseline -0.001 -21"><span class='ocrx_word' id='word_1_102' title='bbox 433 1315 657 1396; x_wconf 87' lang='grc' dir='ltr'>ρομένην</span> <span class='ocrx_word' id='word_1_103' title='bbox 689 1316 763 1376; x_wconf 83' lang='grc'><strong>³³.</strong></span> <span class='ocrx_word' id='word_1_104' title='bbox 800 1317 881 1376; x_wconf 84' lang='grc' dir='ltr'><strong>Οὖ</strong></span> <span class='ocrx_word' id='word_1_105' title='bbox 909 1320 1062 1378; x_wconf 86' lang='grc' dir='ltr'>τοῦτο</span> <span class='ocrx_word' id='word_1_106' title='bbox 1091 1314 1144 1375; x_wconf 85' lang='grc' dir='ltr'>δὲ</span> <span class='ocrx_word' id='word_1_107' title='bbox 1176 1317 1318 1396; x_wconf 81' lang='grc' dir='ltr'>λέγει</span> <span class='ocrx_word' id='word_1_108' title='bbox 1344 1363 1359 1393; x_wconf 94' lang='grc'><strong>,</strong></span> <span class='ocrx_word' id='word_1_109' title='bbox 1403 1313 1484 1375; x_wconf 79' lang='grc' dir='ltr'><strong>ὅτι</strong></span> <span class='ocrx_word' id='word_1_110' title='bbox 1530 1316 1634 1378; x_wconf 79' lang='grc' dir='ltr'>Διὰ</span> <span class='ocrx_word' id='word_1_111' title='bbox 1663 1320 1818 1376; x_wconf 89' lang='grc' dir='ltr'>τοῦτο</span> <span class='ocrx_word' id='word_1_112' title='bbox 1850 1312 2029 1395; x_wconf 79' lang='grc' dir='ltr'>ἥμαρ-</span> 
     </span>
    </p>
   </div>
   <div class='ocr_carea' id='block_1_15' title="bbox 429 1403 2029 1487">
    <p class='ocr_par' dir='ltr' id='par_1_15' title="bbox 429 1403 2029 1487">
     <span class='ocr_line' id='line_1_15' title="bbox 429 1403 2029 1487; baseline 0.001 -25"><span class='ocrx_word' id='word_1_113' title='bbox 429 1430 546 1478; x_wconf 87' lang='grc' dir='ltr'>τον,</span> <span class='ocrx_word' id='word_1_114' title='bbox 575 1403 661 1464; x_wconf 77' lang='grc' dir='ltr'><strong>ἵνα</strong></span> <span class='ocrx_word' id='word_1_115' title='bbox 693 1410 872 1487; x_wconf 71' lang='grc' dir='ltr'>φραγῇ</span> <span class='ocrx_word' id='word_1_116' title='bbox 902 1407 1078 1466; x_wconf 83' lang='grc' dir='ltr'>αὐτῶν</span> <span class='ocrx_word' id='word_1_117' title='bbox 1112 1405 1172 1465; x_wconf 90' lang='grc' dir='ltr'><strong>τὸ</strong></span> <span class='ocrx_word' id='word_1_118' title='bbox 1221 1407 1426 1487; x_wconf 84' lang='grc' dir='ltr'>στόμα,</span> <span class='ocrx_word' id='word_1_119' title='bbox 1479 1407 1596 1466; x_wconf 76' lang='grc' dir='ltr'>ἀλλ’</span> <span class='ocrx_word' id='word_1_120' title='bbox 1627 1404 1712 1467; x_wconf 76' lang='grc' dir='ltr'><strong>ὅτι</strong></span> <span class='ocrx_word' id='word_1_121' title='bbox 1757 1404 1844 1464; x_wconf 78' lang='grc' dir='ltr'><strong>διὰ</strong></span> <span class='ocrx_word' id='word_1_122' title='bbox 1872 1410 2029 1464; x_wconf 88' lang='grc' dir='ltr'>τοῦτο</span> 
     </span>
    </p>
   </div>
   <div class='ocr_carea' id='block_1_16' title="bbox 429 1494 2028 1579">
    <p class='ocr_par' dir='ltr' id='par_1_16' title="bbox 429 1494 2028 1579">
     <span class='ocr_line' id='line_1_16' title="bbox 429 1494 2028 1579; baseline -0.001 -25"><span class='ocrx_word' id='word_1_123' title='bbox 429 1494 770 1573; x_wconf 72' lang='grc' dir='ltr'>ἠλέγχθησάν</span> <span class='ocrx_word' id='word_1_124' title='bbox 820 1495 923 1556; x_wconf 79' lang='grc' dir='ltr'>ὕπὸ</span> <span class='ocrx_word' id='word_1_125' title='bbox 970 1499 1076 1556; x_wconf 89' lang='grc' dir='ltr'><strong>τῶν</strong></span> <span class='ocrx_word' id='word_1_126' title='bbox 1125 1500 1412 1579; x_wconf 77' lang='grc' dir='ltr'>προφητῶν</span> <span class='ocrx_word' id='word_1_127' title='bbox 1438 1542 1454 1571; x_wconf 94' lang='grc'><strong>,</strong></span> <span class='ocrx_word' id='word_1_128' title='bbox 1507 1494 1597 1555; x_wconf 76' lang='grc' dir='ltr'>ἵνα</span> <span class='ocrx_word' id='word_1_129' title='bbox 1649 1495 1724 1574; x_wconf 80' lang='grc' dir='ltr'><strong>μὴ</strong></span> <span class='ocrx_word' id='word_1_130' title='bbox 1766 1498 2028 1575; x_wconf 83' lang='grc' dir='ltr'>ἀγνοῶσιν</span> 
     </span>
    </p>
   </div>
   <div class='ocr_carea' id='block_1_17' title="bbox 434 1583 2027 1667">
    <p class='ocr_par' dir='ltr' id='par_1_17' title="bbox 434 1583 2027 1667">
     <span class='ocr_line' id='line_1_17' title="bbox 434 1583 2027 1667; baseline 0.001 -24"><span class='ocrx_word' id='word_1_131' title='bbox 434 1585 862 1665; x_wconf 81' lang='grc' dir='ltr'>ἁμαρτάνοντες,</span> <span class='ocrx_word' id='word_1_132' title='bbox 911 1587 1004 1646; x_wconf 77' lang='grc' dir='ltr'><strong>καὶ</strong></span> <span class='ocrx_word' id='word_1_133' title='bbox 1043 1589 1368 1667; x_wconf 78' lang='grc' dir='ltr'>καυχῶνται.</span> <span class='ocrx_word' id='word_1_134' title='bbox 1416 1587 1498 1648; x_wconf 80' lang='grc' dir='ltr'><strong>Οὖ</strong></span> <span class='ocrx_word' id='word_1_135' title='bbox 1532 1584 1683 1664; x_wconf 84' lang='grc' dir='ltr'>μόνοι</span> <span class='ocrx_word' id='word_1_136' title='bbox 1723 1583 1777 1644; x_wconf 81' lang='grc' dir='ltr'>δὲ</span> <span class='ocrx_word' id='word_1_137' title='bbox 1809 1586 1858 1642; x_wconf 75' lang='grc' dir='ltr'>οἱ</span> <span class='ocrx_word' id='word_1_138' title='bbox 1889 1583 2027 1645; x_wconf 85' lang='grc' dir='ltr'>Ἰου-</span> 
     </span>
    </p>
   </div>
   <div class='ocr_carea' id='block_1_18' title="bbox 434 1674 2029 1758">
    <p class='ocr_par' dir='ltr' id='par_1_18' title="bbox 434 1674 2029 1758">
     <span class='ocr_line' id='line_1_18' title="bbox 434 1674 2029 1758; baseline 0.001 -25"><span class='ocrx_word' id='word_1_139' title='bbox 434 1677 574 1734; x_wconf 85' lang='grc' dir='ltr'><strong>ὂαίοι</strong></span> <span class='ocrx_word' id='word_1_140' title='bbox 592 1720 608 1753; x_wconf 94' lang='grc'><strong>,</strong></span> <span class='ocrx_word' id='word_1_141' title='bbox 644 1675 783 1734; x_wconf 78' lang='grc' dir='ltr'>ἀλλὰ</span> <span class='ocrx_word' id='word_1_142' title='bbox 807 1675 901 1734; x_wconf 78' lang='grc' dir='ltr'><strong>καὶ</strong></span> <span class='ocrx_word' id='word_1_143' title='bbox 928 1704 951 1728; x_wconf 80' lang='grc' dir='ltr'>σι</span> <span class='ocrx_word' id='word_1_144' title='bbox 982 1685 1085 1744; x_wconf 81' lang='grc' dir='ltr'><strong>πᾶς</strong></span> <span class='ocrx_word' id='word_1_145' title='bbox 1127 1680 1155 1736; x_wconf 97' lang='lat'><strong>6</strong></span> <span class='ocrx_word' id='word_1_146' title='bbox 1199 1676 1399 1756; x_wconf 85' lang='grc' dir='ltr'>κόσμος</span> <span class='ocrx_word' id='word_1_147' title='bbox 1427 1675 1675 1744; x_wconf 78' lang='grc' dir='ltr'>ὓπόδικος</span> <span class='ocrx_word' id='word_1_148' title='bbox 1705 1674 1926 1755; x_wconf 86' lang='grc' dir='ltr'>γένηται</span> <span class='ocrx_word' id='word_1_149' title='bbox 1953 1678 2029 1758; x_wconf 81' lang='grc' dir='ltr'><strong>τῷ</strong></span> 
     </span>
    </p>
   </div>
   <div class='ocr_carea' id='block_1_19' title="bbox 431 1765 2030 1848">
    <p class='ocr_par' dir='ltr' id='par_1_19' title="bbox 431 1765 2030 1848">
     <span class='ocr_line' id='line_1_19' title="bbox 431 1765 2030 1848; baseline 0 -23"><span class='ocrx_word' id='word_1_150' title='bbox 431 1766 560 1847; x_wconf 80' lang='grc' dir='ltr'><strong>Θεῷ</strong></span> <span class='ocrx_word' id='word_1_151' title='bbox 579 1808 596 1838; x_wconf 89' lang='grc'><strong>,</strong></span> <span class='ocrx_word' id='word_1_152' title='bbox 623 1793 648 1819; x_wconf 78' lang='grc' dir='ltr'><strong>ιι</strong></span> <span class='ocrx_word' id='word_1_153' title='bbox 673 1765 916 1826; x_wconf 82' lang='grc' dir='ltr'>τουτέστι</span> <span class='ocrx_word' id='word_1_154' title='bbox 934 1811 950 1841; x_wconf 96' lang='grc'><strong>,</strong></span> <span class='ocrx_word' id='word_1_155' title='bbox 981 1765 1332 1847; x_wconf 82' lang='grc' dir='ltr'>κατάκριτος,</span> <span class='ocrx_word' id='word_1_156' title='bbox 1366 1765 1834 1848; x_wconf 80' lang='grc' dir='ltr'>ἄπαῤῥησίαστος,</span> <span class='ocrx_word' id='word_1_157' title='bbox 1869 1766 1944 1841; x_wconf 78' lang='grc' dir='ltr'><strong>μὴ</strong></span> <span class='ocrx_word' id='word_1_158' title='bbox 1972 1769 2030 1825; x_wconf 79' lang='grc' dir='ltr'>ἔκ</span> 
     </span>
    </p>
   </div>
   <div class='ocr_carea' id='block_1_20' title="bbox 2139 589 3748 667">
    <p class='ocr_par' dir='ltr' id='par_1_20' title="bbox 2139 589 3748 667">
     <span class='ocr_line' id='line_1_20' title="bbox 2139 589 3748 667; baseline 0.005 -21"><span class='ocrx_word' id='word_1_159' title='bbox 2139 589 2232 663; x_wconf 90' lang='lat' dir='ltr'><strong>qui</strong></span> <span class='ocrx_word' id='word_1_160' title='bbox 2260 590 2316 646; x_wconf 88' lang='lat' dir='ltr'><strong>in</strong></span> <span class='ocrx_word' id='word_1_161' title='bbox 2343 590 2479 663; x_wconf 31' lang='lat' dir='ltr'><strong>‘lege</strong></span> <span class='ocrx_word' id='word_1_162' title='bbox 2505 599 2641 648; x_wconf 87' lang='lat' dir='ltr'><strong>sunt</strong></span> <span class='ocrx_word' id='word_1_163' title='bbox 2681 589 2946 664; x_wconf 80' lang='lat' dir='ltr'><strong>loquitur.</strong></span> <span class='ocrx_word' id='word_1_164' title='bbox 2975 615 3002 642; x_wconf 76' lang='grc' dir='ltr'>ιο</span> <span class='ocrx_word' id='word_1_165' title='bbox 3029 594 3174 649; x_wconf 87' lang='lat' dir='ltr'><strong>Nam</strong></span> <span class='ocrx_word' id='word_1_166' title='bbox 3201 608 3326 667; x_wconf 66' lang='lat' dir='ltr'><strong>quae</strong></span> <span class='ocrx_word' id='word_1_167' title='bbox 3378 593 3486 652; x_wconf 87' lang='lat' dir='ltr'><strong>ista</strong></span> <span class='ocrx_word' id='word_1_168' title='bbox 3536 603 3621 653; x_wconf 89' lang='lat' dir='ltr'><strong>est</strong></span> <span class='ocrx_word' id='word_1_169' title='bbox 3648 611 3748 654; x_wconf 88' lang='lat' dir='ltr'><strong>ne-</strong></span> 
     </span>
    </p>
   </div>
   <div class='ocr_carea' id='block_1_21' title="bbox 2138 679 3742 754">
    <p class='ocr_par' dir='ltr' id='par_1_21' title="bbox 2138 679 3742 754">
     <span class='ocr_line' id='line_1_21' title="bbox 2138 679 3742 754; baseline 0.004 -17"><span class='ocrx_word' id='word_1_170' title='bbox 2138 679 2388 750; x_wconf 88' lang='lat' dir='ltr'><strong>cessitas,</strong></span> <span class='ocrx_word' id='word_1_171' title='bbox 2418 687 2479 738; x_wconf 93' lang='lat' dir='ltr'><strong>ut</strong></span> <span class='ocrx_word' id='word_1_172' title='bbox 2526 695 2652 754; x_wconf 67' lang='lat' dir='ltr'><strong>quae</strong></span> <span class='ocrx_word' id='word_1_173' title='bbox 2695 680 2852 738; x_wconf 83' lang='lat' dir='ltr'><strong>vobis</strong></span> <span class='ocrx_word' id='word_1_174' title='bbox 2885 680 3087 739; x_wconf 86' lang='lat' dir='ltr'><strong>tradita</strong></span> <span class='ocrx_word' id='word_1_175' title='bbox 3121 690 3206 740; x_wconf 89' lang='lat' dir='ltr'><strong>est</strong></span> <span class='ocrx_word' id='word_1_176' title='bbox 3255 683 3362 752; x_wconf 86' lang='lat' dir='ltr'><strong>lex,</strong></span> <span class='ocrx_word' id='word_1_177' title='bbox 3429 683 3550 742; x_wconf 86' lang='lat' dir='ltr'><strong>aliis</strong></span> <span class='ocrx_word' id='word_1_178' title='bbox 3577 685 3742 743; x_wconf 89' lang='lat' dir='ltr'><strong>verba</strong></span> 
     </span>
    </p>
   </div>
   <div class='ocr_carea' id='block_1_22' title="bbox 2138 767 3744 845">
    <p class='ocr_par' dir='ltr' id='par_1_22' title="bbox 2138 767 3744 845">
     <span class='ocr_line' id='line_1_22' title="bbox 2138 767 3744 845; baseline 0.005 -19"><span class='ocrx_word' id='word_1_179' title='bbox 2138 767 2317 828; x_wconf 87' lang='lat' dir='ltr'><strong>facere</strong></span> <span class='ocrx_word' id='word_1_180' title='bbox 2365 769 2684 844; x_wconf 78' lang='lat' dir='ltr'><strong>judicetur?</strong></span> <span class='ocrx_word' id='word_1_181' title='bbox 2758 771 2968 844; x_wconf 84' lang='lat' dir='ltr'><strong>Legem</strong></span> <span class='ocrx_word' id='word_1_182' title='bbox 3011 781 3200 830; x_wconf 89' lang='lat' dir='ltr'><strong>autem</strong></span> <span class='ocrx_word' id='word_1_183' title='bbox 3265 772 3508 845; x_wconf 81' lang='lat' dir='ltr'><strong>appellat</strong></span> <span class='ocrx_word' id='word_1_184' title='bbox 3555 782 3744 834; x_wconf 90' lang='lat' dir='ltr'><strong>totum</strong></span> 
     </span>
    </p>
   </div>
   <div class='ocr_carea' id='block_1_23' title="bbox 2138 862 3741 937">
    <p class='ocr_par' dir='ltr' id='par_1_23' title="bbox 2138 862 3741 937">
     <span class='ocr_line' id='line_1_23' title="bbox 2138 862 3741 937; baseline 0.004 -21"><span class='ocrx_word' id='word_1_185' title='bbox 2138 862 2310 917; x_wconf 82' lang='lat' dir='ltr'><strong>Vetus</strong></span> <span class='ocrx_word' id='word_1_186' title='bbox 2337 864 2785 933; x_wconf 86' lang='lat' dir='ltr'><strong>Testamentum,</strong></span> <span class='ocrx_word' id='word_1_187' title='bbox 2810 877 2924 919; x_wconf 89' lang='lat' dir='ltr'><strong>non</strong></span> <span class='ocrx_word' id='word_1_188' title='bbox 2948 862 3132 920; x_wconf 90' lang='lat' dir='ltr'><strong>solum</strong></span> <span class='ocrx_word' id='word_1_189' title='bbox 3175 863 3443 934; x_wconf 87' lang='lat' dir='ltr'><strong>Mosaica,</strong></span> <span class='ocrx_word' id='word_1_190' title='bbox 3468 865 3741 937; x_wconf 90' lang='lat' dir='ltr'><strong>quemad-</strong></span> 
     </span>
    </p>
   </div>
   <div class='ocr_carea' id='block_1_24' title="bbox 2137 949 3742 1027">
    <p class='ocr_par' dir='ltr' id='par_1_24' title="bbox 2137 949 3742 1027">
     <span class='ocr_line' id='line_1_24' title="bbox 2137 949 3742 1027; baseline 0.003 -21"><span class='ocrx_word' id='word_1_191' title='bbox 2137 949 2374 1008; x_wconf 89' lang='lat' dir='ltr'><strong>modum</strong></span> <span class='ocrx_word' id='word_1_192' title='bbox 2413 958 2471 1008; x_wconf 90' lang='lat' dir='ltr'><strong>et</strong></span> <span class='ocrx_word' id='word_1_193' title='bbox 2518 968 2668 1010; x_wconf 91' lang='lat' dir='ltr'><strong>nunc</strong></span> <span class='ocrx_word' id='word_1_194' title='bbox 2748 952 2906 1010; x_wconf 74' lang='lat' dir='ltr'><strong>Isaiae</strong></span> <span class='ocrx_word' id='word_1_195' title='bbox 2966 952 3431 1027; x_wconf 89' lang='lat' dir='ltr'><strong>Psalmorumque</strong></span> <span class='ocrx_word' id='word_1_196' title='bbox 3487 953 3742 1012; x_wconf 83' lang='lat' dir='ltr'><strong>vaticinia</strong></span> 
     </span>
    </p>
   </div>
   <div class='ocr_carea' id='block_1_25' title="bbox 2138 1039 3746 1114">
    <p class='ocr_par' dir='ltr' id='par_1_25' title="bbox 2138 1039 3746 1114">
     <span class='ocr_line' id='line_1_25' title="bbox 2138 1039 3746 1114; baseline 0.003 -17"><span class='ocrx_word' id='word_1_197' title='bbox 2138 1039 2317 1114; x_wconf 80' lang='lat' dir='ltr'><strong>legem</strong></span> <span class='ocrx_word' id='word_1_198' title='bbox 2376 1041 2706 1100; x_wconf 86' lang='lat' dir='ltr'><strong>nominavit.</strong></span> <span class='ocrx_word' id='word_1_199' title='bbox 2743 1041 2906 1113; x_wconf 87' lang='lat' dir='ltr'><strong>Quod</strong></span> <span class='ocrx_word' id='word_1_200' title='bbox 2951 1058 3082 1100; x_wconf 91' lang='lat' dir='ltr'><strong>vero</strong></span> <span class='ocrx_word' id='word_1_201' title='bbox 3110 1042 3207 1113; x_wconf 88' lang='lat' dir='ltr'><strong>ait,</strong></span> <span class='ocrx_word' id='word_1_202' title='bbox 3260 1065 3284 1096; x_wconf 74' lang='grc' dir='ltr'><strong>ι</strong></span> <span class='ocrx_word' id='word_1_203' title='bbox 3327 1045 3408 1102; x_wconf 89' lang='lat' dir='ltr'><strong>Ut</strong></span> <span class='ocrx_word' id='word_1_204' title='bbox 3439 1059 3608 1102; x_wconf 89' lang='lat' dir='ltr'><strong>omne</strong></span> <span class='ocrx_word' id='word_1_205' title='bbox 3683 1060 3746 1102; x_wconf 89' lang='lat' dir='ltr'><strong>os</strong></span> 
     </span>
    </p>
   </div>
   <div class='ocr_carea' id='block_1_26' title="bbox 2137 1135 3742 1211">
    <p class='ocr_par' dir='ltr' id='par_1_26' title="bbox 2137 1135 3742 1211">
     <span class='ocr_line' id='line_1_26' title="bbox 2137 1135 3742 1211; baseline 0.002 -19"><span class='ocrx_word' id='word_1_206' title='bbox 2137 1135 2476 1206; x_wconf 87' lang='lat' dir='ltr'><strong>obstruatur,</strong></span> <span class='ocrx_word' id='word_1_207' title='bbox 2511 1160 2538 1187; x_wconf 71' lang='grc' dir='ltr'><strong>ι</strong></span> <span class='ocrx_word' id='word_1_208' title='bbox 2563 1152 2659 1210; x_wconf 87' lang='lat' dir='ltr'><strong>per</strong></span> <span class='ocrx_word' id='word_1_209' title='bbox 2682 1136 2790 1194; x_wconf 92' lang='lat' dir='ltr'><strong>hoc</strong></span> <span class='ocrx_word' id='word_1_210' title='bbox 2815 1137 3138 1196; x_wconf 70' lang='lat' dir='ltr'><strong>Iudaeorum</strong></span> <span class='ocrx_word' id='word_1_211' title='bbox 3161 1137 3487 1211; x_wconf 89' lang='lat' dir='ltr'><strong>jactantiam</strong></span> <span class='ocrx_word' id='word_1_212' title='bbox 3507 1138 3742 1210; x_wconf 87' lang='lat' dir='ltr'><strong>indicat,</strong></span> 
     </span>
    </p>
   </div>
   <div class='ocr_carea' id='block_1_27' title="bbox 2137 1223 3750 1303">
    <p class='ocr_par' dir='ltr' id='par_1_27' title="bbox 2137 1223 3750 1303">
     <span class='ocr_line' id='line_1_27' title="bbox 2137 1223 3750 1303; baseline 0.003 -21"><span class='ocrx_word' id='word_1_213' title='bbox 2137 1223 2657 1300; x_wconf 90' lang='lat' dir='ltr'><strong>intolerabilemque</strong></span> <span class='ocrx_word' id='word_1_214' title='bbox 2721 1226 2927 1301; x_wconf 71' lang='lat' dir='ltr'><strong>lingua:</strong></span> <span class='ocrx_word' id='word_1_215' title='bbox 2979 1228 3228 1302; x_wconf 90' lang='lat' dir='ltr'><strong>ipsorum</strong></span> <span class='ocrx_word' id='word_1_216' title='bbox 3287 1228 3582 1303; x_wconf 89' lang='lat' dir='ltr'><strong>impetum.</strong></span> <span class='ocrx_word' id='word_1_217' title='bbox 3632 1229 3750 1288; x_wconf 91' lang='lat' dir='ltr'><strong>Ob-</strong></span> 
     </span>
    </p>
   </div>
   <div class='ocr_carea' id='block_1_28' title="bbox 2135 1316 3742 1392">
    <p class='ocr_par' dir='ltr' id='par_1_28' title="bbox 2135 1316 3742 1392">
     <span class='ocr_line' id='line_1_28' title="bbox 2135 1316 3742 1392; baseline 0.003 -20"><span class='ocrx_word' id='word_1_218' title='bbox 2135 1316 2337 1373; x_wconf 85' lang='lat' dir='ltr'><strong>struxit</strong></span> <span class='ocrx_word' id='word_1_219' title='bbox 2362 1316 2531 1389; x_wconf 84' lang='lat' dir='ltr'><strong>igitur</strong></span> <span class='ocrx_word' id='word_1_220' title='bbox 2557 1317 2701 1374; x_wconf 86' lang='lat' dir='ltr'><strong>hanc</strong></span> <span class='ocrx_word' id='word_1_221' title='bbox 2749 1317 2934 1375; x_wconf 87' lang='lat' dir='ltr'><strong>amnis</strong></span> <span class='ocrx_word' id='word_1_222' title='bbox 2962 1318 3136 1376; x_wconf 90' lang='lat' dir='ltr'><strong>instar</strong></span> <span class='ocrx_word' id='word_1_223' title='bbox 3177 1317 3562 1376; x_wconf 85' lang='lat' dir='ltr'><strong>decurrentem</strong></span> <span class='ocrx_word' id='word_1_224' title='bbox 3611 1335 3742 1392; x_wconf 82' lang='lat' dir='ltr'><strong>pro—</strong></span> 
     </span>
    </p>
   </div>
   <div class='ocr_carea' id='block_1_29' title="bbox 2137 1404 3748 1482">
    <p class='ocr_par' dir='ltr' id='par_1_29' title="bbox 2137 1404 3748 1482">
     <span class='ocr_line' id='line_1_29' title="bbox 2137 1404 3748 1482; baseline 0.004 -21"><span class='ocrx_word' id='word_1_225' title='bbox 2137 1404 2314 1478; x_wconf 83' lang='lat' dir='ltr'><strong>pheta.</strong></span> <span class='ocrx_word' id='word_1_226' title='bbox 2347 1409 2475 1463; x_wconf 85' lang='lat' dir='ltr'><strong>Non</strong></span> <span class='ocrx_word' id='word_1_227' title='bbox 2502 1415 2692 1465; x_wconf 90' lang='lat' dir='ltr'><strong>autem</strong></span> <span class='ocrx_word' id='word_1_228' title='bbox 2732 1407 2839 1465; x_wconf 90' lang='lat' dir='ltr'><strong>hoc</strong></span> <span class='ocrx_word' id='word_1_229' title='bbox 2866 1407 3015 1477; x_wconf 89' lang='lat' dir='ltr'><strong>dicit,</strong></span> <span class='ocrx_word' id='word_1_230' title='bbox 3039 1407 3188 1482; x_wconf 93' lang='lat' dir='ltr'><strong>quod</strong></span> <span class='ocrx_word' id='word_1_231' title='bbox 3212 1418 3502 1482; x_wconf 87' lang='lat' dir='ltr'><strong>propterea</strong></span> <span class='ocrx_word' id='word_1_232' title='bbox 3550 1426 3748 1482; x_wconf 87' lang='lat' dir='ltr'><strong>pecca-</strong></span> 
     </span>
    </p>
   </div>
   <div class='ocr_carea' id='block_1_30' title="bbox 2139 1495 3745 1573">
    <p class='ocr_par' dir='ltr' id='par_1_30' title="bbox 2139 1495 3745 1573">
     <span class='ocr_line' id='line_1_30' title="bbox 2139 1495 3745 1573; baseline 0.004 -22"><span class='ocrx_word' id='word_1_233' title='bbox 2139 1495 2331 1563; x_wconf 88' lang='lat' dir='ltr'><strong>verint,</strong></span> <span class='ocrx_word' id='word_1_234' title='bbox 2358 1504 2418 1552; x_wconf 90' lang='lat' dir='ltr'><strong>ut</strong></span> <span class='ocrx_word' id='word_1_235' title='bbox 2442 1513 2505 1554; x_wconf 91' lang='lat' dir='ltr'><strong>os</strong></span> <span class='ocrx_word' id='word_1_236' title='bbox 2531 1497 2780 1570; x_wconf 89' lang='lat' dir='ltr'><strong>ipsorum</strong></span> <span class='ocrx_word' id='word_1_237' title='bbox 2809 1496 3129 1556; x_wconf 79' lang='lat' dir='ltr'><strong>obstruetur</strong></span> <span class='ocrx_word' id='word_1_238' title='bbox 3156 1516 3169 1555; x_wconf 90' lang='lat'><strong>:</strong></span> <span class='ocrx_word' id='word_1_239' title='bbox 3205 1515 3400 1557; x_wconf 91' lang='lat' dir='ltr'><strong>verum</strong></span> <span class='ocrx_word' id='word_1_240' title='bbox 3414 1498 3564 1573; x_wconf 91' lang='lat' dir='ltr'><strong>quod</strong></span> <span class='ocrx_word' id='word_1_241' title='bbox 3592 1516 3655 1558; x_wconf 87' lang='lat' dir='ltr'><strong>ea</strong></span> <span class='ocrx_word' id='word_1_242' title='bbox 3675 1500 3745 1558; x_wconf 92' lang='lat' dir='ltr'><strong>de</strong></span> 
     </span>
    </p>
   </div>
   <div class='ocr_carea' id='block_1_31' title="bbox 2137 1586 3742 1661">
    <p class='ocr_par' dir='ltr' id='par_1_31' title="bbox 2137 1586 3742 1661">
     <span class='ocr_line' id='line_1_31' title="bbox 2137 1586 3742 1661; baseline 0.004 -21"><span class='ocrx_word' id='word_1_243' title='bbox 2137 1601 2299 1642; x_wconf 90' lang='lat' dir='ltr'><strong>causa</strong></span> <span class='ocrx_word' id='word_1_244' title='bbox 2328 1601 2359 1641; x_wconf 91' lang='lat' dir='ltr'><strong>a</strong></span> <span class='ocrx_word' id='word_1_245' title='bbox 2385 1586 2666 1660; x_wconf 87' lang='lat' dir='ltr'><strong>prophetis</strong></span> <span class='ocrx_word' id='word_1_246' title='bbox 2712 1587 3030 1660; x_wconf 90' lang='lat' dir='ltr'><strong>reprehensi</strong></span> <span class='ocrx_word' id='word_1_247' title='bbox 3055 1587 3289 1656; x_wconf 86' lang='lat' dir='ltr'><strong>fuerint,</strong></span> <span class='ocrx_word' id='word_1_248' title='bbox 3331 1605 3401 1646; x_wconf 92' lang='lat' dir='ltr'><strong>ne</strong></span> <span class='ocrx_word' id='word_1_249' title='bbox 3423 1589 3742 1661; x_wconf 90' lang='lat' dir='ltr'><strong>ignorantes</strong></span> 
     </span>
    </p>
   </div>
   <div class='ocr_carea' id='block_1_32' title="bbox 2141 1675 3745 1752">
    <p class='ocr_par' dir='ltr' id='par_1_32' title="bbox 2141 1675 3745 1752">
     <span class='ocr_line' id='line_1_32' title="bbox 2141 1675 3745 1752; baseline 0.005 -22"><span class='ocrx_word' id='word_1_250' title='bbox 2141 1683 2361 1748; x_wconf 86' lang='lat' dir='ltr'><strong>peccata</strong></span> <span class='ocrx_word' id='word_1_251' title='bbox 2418 1691 2516 1733; x_wconf 90' lang='lat' dir='ltr'><strong>sua</strong></span> <span class='ocrx_word' id='word_1_252' title='bbox 2548 1691 2668 1734; x_wconf 88' lang='lat' dir='ltr'><strong>sese</strong></span> <span class='ocrx_word' id='word_1_253' title='bbox 2705 1675 2962 1751; x_wconf 89' lang='lat' dir='ltr'><strong>jactitent</strong></span> <span class='ocrx_word' id='word_1_254' title='bbox 2989 1687 3046 1735; x_wconf 91' lang='lat' dir='ltr'><strong>et</strong></span> <span class='ocrx_word' id='word_1_255' title='bbox 3077 1678 3401 1752; x_wconf 86' lang='lat' dir='ltr'><strong>glorientur.</strong></span> <span class='ocrx_word' id='word_1_256' title='bbox 3444 1684 3630 1752; x_wconf 83' lang='lat' dir='ltr'><strong>Atque</strong></span> <span class='ocrx_word' id='word_1_257' title='bbox 3681 1689 3745 1738; x_wconf 90' lang='lat' dir='ltr'><strong>ut</strong></span> 
     </span>
    </p>
   </div>
   <div class='ocr_carea' id='block_1_33' title="bbox 2137 1763 3744 1835">
    <p class='ocr_par' dir='ltr' id='par_1_33' title="bbox 2137 1763 3744 1835">
     <span class='ocr_line' id='line_1_33' title="bbox 2137 1763 3744 1835; baseline 0.003 -14"><span class='ocrx_word' id='word_1_258' title='bbox 2137 1780 2252 1821; x_wconf 93' lang='lat' dir='ltr'><strong>non</strong></span> <span class='ocrx_word' id='word_1_259' title='bbox 2280 1763 2388 1822; x_wconf 90' lang='lat' dir='ltr'><strong>soli</strong></span> <span class='ocrx_word' id='word_1_260' title='bbox 2427 1765 2626 1835; x_wconf 71' lang='lat' dir='ltr'><strong>Judaai,</strong></span> <span class='ocrx_word' id='word_1_261' title='bbox 2657 1782 2847 1824; x_wconf 91' lang='lat' dir='ltr'><strong>verum</strong></span> <span class='ocrx_word' id='word_1_262' title='bbox 2876 1775 2934 1824; x_wconf 93' lang='lat' dir='ltr'><strong>et</strong></span> <span class='ocrx_word' id='word_1_263' title='bbox 2964 1790 2991 1818; x_wconf 74' lang='grc' dir='ltr'>α</span> <span class='ocrx_word' id='word_1_264' title='bbox 3022 1768 3313 1825; x_wconf 86' lang='lat' dir='ltr'><strong>universus</strong></span> <span class='ocrx_word' id='word_1_265' title='bbox 3339 1767 3585 1826; x_wconf 90' lang='lat' dir='ltr'><strong>mundus</strong></span> <span class='ocrx_word' id='word_1_266' title='bbox 3612 1769 3744 1826; x_wconf 88' lang='lat' dir='ltr'><strong>red-</strong></span> 
     </span>
    </p>
   </div>
   <div class='ocr_carea' id='block_1_34' title="bbox 425 1853 2027 1937">
    <p class='ocr_par' dir='ltr' id='par_1_34' title="bbox 425 1855 2027 1937">
     <span class='ocr_line' id='line_1_34' title="bbox 425 1855 2027 1937; baseline 0.001 -23"><span class='ocrx_word' id='word_1_267' title='bbox 425 1858 531 1914; x_wconf 90' lang='grc' dir='ltr'><strong>τῶν</strong></span> <span class='ocrx_word' id='word_1_268' title='bbox 585 1855 793 1915; x_wconf 75' lang='grc' dir='ltr'>οἰκείων</span> <span class='ocrx_word' id='word_1_269' title='bbox 839 1855 1009 1937; x_wconf 81' lang='grc' dir='ltr'>ἔργων</span> <span class='ocrx_word' id='word_1_270' title='bbox 1066 1856 1463 1934; x_wconf 75' lang='grc' dir='ltr'>δικαιούμενος,</span> <span class='ocrx_word' id='word_1_271' title='bbox 1511 1855 1652 1916; x_wconf 78' lang='grc' dir='ltr'>ἀλλὰ</span> <span class='ocrx_word' id='word_1_272' title='bbox 1700 1859 1798 1926; x_wconf 81' lang='grc' dir='ltr'><strong>τῆς</strong></span> <span class='ocrx_word' id='word_1_273' title='bbox 1849 1857 2027 1936; x_wconf 79' lang='grc' dir='ltr'>ἑτέρου</span> 
     </span>
    </p>
   </div>
   <div class='ocr_carea' id='block_1_35' title="bbox 2136 1853 3744 1937">
    <p class='ocr_par' dir='ltr' id='par_1_35' title="bbox 2139 1853 3744 1928">
     <span class='ocr_line' id='line_1_35' title="bbox 2139 1853 3744 1928; baseline 0.003 -17"><span class='ocrx_word' id='word_1_274' title='bbox 2139 1853 2304 1912; x_wconf 90' lang='lat' dir='ltr'><strong>datur</strong></span> <span class='ocrx_word' id='word_1_275' title='bbox 2335 1858 2454 1911; x_wconf 89' lang='lat' dir='ltr'><strong>Deo</strong></span> <span class='ocrx_word' id='word_1_276' title='bbox 2483 1855 2792 1926; x_wconf 84' lang='lat' dir='ltr'><strong>obnoxius,</strong></span> <span class='ocrx_word' id='word_1_277' title='bbox 2825 1880 2849 1906; x_wconf 72' lang='grc' dir='ltr'><strong>υ</strong></span> <span class='ocrx_word' id='word_1_278' title='bbox 2879 1856 2936 1914; x_wconf 93' lang='lat' dir='ltr'><strong>id</strong></span> <span class='ocrx_word' id='word_1_279' title='bbox 2961 1865 3060 1928; x_wconf 90' lang='lat' dir='ltr'><strong>est,</strong></span> <span class='ocrx_word' id='word_1_280' title='bbox 3089 1857 3512 1928; x_wconf 88' lang='lat' dir='ltr'><strong>condemnatus,</strong></span> <span class='ocrx_word' id='word_1_281' title='bbox 3546 1857 3744 1916; x_wconf 84' lang='lat' dir='ltr'><strong>ﬁducia</strong></span> 
     </span>
    </p>
   </div>
   <div class='ocr_carea' id='block_1_36' title="bbox 434 1944 2028 2027">
    <p class='ocr_par' dir='ltr' id='par_1_36' title="bbox 434 1944 2028 2027">
     <span class='ocr_line' id='line_1_36' title="bbox 434 1944 2028 2027; baseline 0 -22"><span class='ocrx_word' id='word_1_282' title='bbox 434 1944 680 2024; x_wconf 73' lang='grc' dir='ltr'>βοηθείας</span> <span class='ocrx_word' id='word_1_283' title='bbox 712 1945 988 2025; x_wconf 86' lang='grc' dir='ltr'>δεόμενος,</span> <span class='ocrx_word' id='word_1_284' title='bbox 1016 1945 1178 2026; x_wconf 75' lang='grc' dir='ltr'>ἤγουν</span> <span class='ocrx_word' id='word_1_285' title='bbox 1235 1951 1332 2020; x_wconf 78' lang='grc' dir='ltr'><strong>τῆς</strong></span> <span class='ocrx_word' id='word_1_286' title='bbox 1373 1946 1591 2027; x_wconf 80' lang='grc' dir='ltr'>χάριτος</span> <span class='ocrx_word' id='word_1_287' title='bbox 1639 1950 1732 2006; x_wconf 92' lang='grc' dir='ltr'><strong>τοῦ</strong></span> <span class='ocrx_word' id='word_1_288' title='bbox 1766 1948 2028 2025; x_wconf 86' lang='grc' dir='ltr'>Χριστοῦ,</span> 
     </span>
    </p>
   </div>
   <div class='ocr_carea' id='block_1_37' title="bbox 429 2033 2033 2118">
    <p class='ocr_par' dir='ltr' id='par_1_37' title="bbox 429 2033 2033 2118">
     <span class='ocr_line' id='line_1_37' title="bbox 429 2033 2033 2118; baseline 0.001 -23"><span class='ocrx_word' id='word_1_289' title='bbox 429 2033 608 2096; x_wconf 81' lang='grc' dir='ltr'>Ὥστε</span> <span class='ocrx_word' id='word_1_290' title='bbox 630 2081 648 2113; x_wconf 93' lang='grc'><strong>,</strong></span> <span class='ocrx_word' id='word_1_291' title='bbox 681 2034 906 2097; x_wconf 85' lang='grc' dir='ltr'>Ἰουδαῖε</span> <span class='ocrx_word' id='word_1_292' title='bbox 925 2083 939 2109; x_wconf 90' lang='grc'><strong>,</strong></span> <span class='ocrx_word' id='word_1_293' title='bbox 968 2036 1020 2095; x_wconf 80' lang='grc' dir='ltr'>τί</span> <span class='ocrx_word' id='word_1_294' title='bbox 1052 2045 1230 2118; x_wconf 78' lang='grc' dir='ltr'>καυχᾷ</span> <span class='ocrx_word' id='word_1_295' title='bbox 1259 2038 1313 2096; x_wconf 80' lang='grc' dir='ltr'><strong>ἐν</strong></span> <span class='ocrx_word' id='word_1_296' title='bbox 1343 2041 1420 2118; x_wconf 70' lang='grc' dir='ltr'><strong>τῷ</strong></span> <span class='ocrx_word' id='word_1_297' title='bbox 1448 2035 1630 2118; x_wconf 84' lang='grc' dir='ltr'>νόμῳ,</span> <span class='ocrx_word' id='word_1_298' title='bbox 1666 2033 1796 2095; x_wconf 79' lang='grc' dir='ltr'>ὅπου</span> <span class='ocrx_word' id='word_1_299' title='bbox 1821 2059 1881 2114; x_wconf 90' lang='grc' dir='ltr'><strong>γε</strong></span> <span class='ocrx_word' id='word_1_300' title='bbox 1909 2036 2033 2096; x_wconf 83' lang='grc' dir='ltr'>ἐπί-</span> 
     </span>
    </p>
   </div>
   <div class='ocr_carea' id='block_1_38' title="bbox 430 2124 2034 2210">
    <p class='ocr_par' dir='ltr' id='par_1_38' title="bbox 430 2124 2034 2210">
     <span class='ocr_line' id='line_1_38' title="bbox 430 2124 2034 2210; baseline 0.001 -26"><span class='ocrx_word' id='word_1_301' title='bbox 430 2149 530 2197; x_wconf 91' lang='grc' dir='ltr'><strong>σης</strong></span> <span class='ocrx_word' id='word_1_302' title='bbox 559 2127 636 2207; x_wconf 81' lang='grc' dir='ltr'><strong>τῷ</strong></span> <span class='ocrx_word' id='word_1_303' title='bbox 665 2127 836 2208; x_wconf 84' lang='grc' dir='ltr'>λοιπῷ</span> <span class='ocrx_word' id='word_1_304' title='bbox 868 2126 1055 2210; x_wconf 86' lang='grc' dir='ltr'>κόσμῳ</span> <span class='ocrx_word' id='word_1_305' title='bbox 1085 2127 1332 2194; x_wconf 78' lang='grc' dir='ltr'>ὑπόδικος</span> <span class='ocrx_word' id='word_1_306' title='bbox 1363 2124 1442 2202; x_wconf 73' lang='grc' dir='ltr'><strong>εἷ,</strong></span> <span class='ocrx_word' id='word_1_307' title='bbox 1482 2124 1535 2195; x_wconf 81' lang='grc' dir='ltr'><strong>ἐξ</strong></span> <span class='ocrx_word' id='word_1_308' title='bbox 1567 2125 1735 2206; x_wconf 84' lang='grc' dir='ltr'>ἔργων</span> <span class='ocrx_word' id='word_1_309' title='bbox 1760 2124 1924 2205; x_wconf 89' lang='grc' dir='ltr'>νόμου</span> <span class='ocrx_word' id='word_1_310' title='bbox 1957 2127 2034 2206; x_wconf 72' lang='grc' dir='ltr'><strong>μὴ</strong></span> 
     </span>
    </p>
   </div>
   <div class='ocr_carea' id='block_1_39' title="bbox 431 2216 831 2296">
    <p class='ocr_par' dir='ltr' id='par_1_39' title="bbox 431 2216 831 2296">
     <span class='ocr_line' id='line_1_39' title="bbox 431 2216 831 2296; baseline 0.003 -21"><span class='ocrx_word' id='word_1_311' title='bbox 431 2216 798 2296; x_wconf 84' lang='grc' dir='ltr'>δικαιούμενος</span> <span class='ocrx_word' id='word_1_312' title='bbox 812 2239 831 2295; x_wconf 80' lang='lat'><strong>;</strong></span> 
     </span>
    </p>
   </div>
   <div class='ocr_carea' id='block_1_40' title="bbox 519 2395 2023 2479">
    <p class='ocr_par' dir='ltr' id='par_1_40' title="bbox 519 2395 2023 2479">
     <span class='ocr_line' id='line_1_40' title="bbox 519 2395 2023 2479; baseline 0.001 -25"><span class='ocrx_word' id='word_1_313' title='bbox 519 2418 546 2454; x_wconf 75' lang='grc' dir='ltr'><strong>τ</strong></span> <span class='ocrx_word' id='word_1_314' title='bbox 574 2395 678 2457; x_wconf 78' lang='grc' dir='ltr'>Διὰ</span> <span class='ocrx_word' id='word_1_315' title='bbox 704 2395 805 2478; x_wconf 79' lang='grc' dir='ltr'><strong>γὰρ</strong></span> <span class='ocrx_word' id='word_1_316' title='bbox 832 2395 994 2475; x_wconf 88' lang='grc' dir='ltr'>νόμου</span> <span class='ocrx_word' id='word_1_317' title='bbox 1023 2397 1306 2476; x_wconf 79' lang='grc' dir='ltr'>ἐπίγνωσις</span> <span class='ocrx_word' id='word_1_318' title='bbox 1337 2401 1429 2472; x_wconf 68' lang='grc' dir='ltr'><strong>τῆς</strong></span> <span class='ocrx_word' id='word_1_319' title='bbox 1473 2397 1760 2479; x_wconf 76' lang='grc' dir='ltr'>ἁμαρτίας.</span> <span class='ocrx_word' id='word_1_320' title='bbox 1803 2396 1937 2459; x_wconf 87' lang='grc' dir='ltr'>Νυνὶ</span> <span class='ocrx_word' id='word_1_321' title='bbox 1968 2396 2023 2456; x_wconf 78' lang='grc' dir='ltr'>δὲ</span> 
     </span>
    </p>
   </div>
   <div class='ocr_carea' id='block_1_41' title="bbox 429 2485 2027 2570">
    <p class='ocr_par' dir='ltr' id='par_1_41' title="bbox 429 2485 2027 2570">
     <span class='ocr_line' id='line_1_41' title="bbox 429 2485 2027 2570; baseline 0.001 -25"><span class='ocrx_word' id='word_1_322' title='bbox 429 2486 593 2568; x_wconf 77' lang='grc' dir='ltr'>χωρὶς</span> <span class='ocrx_word' id='word_1_323' title='bbox 621 2485 783 2564; x_wconf 84' lang='grc' dir='ltr'>νόμου</span> <span class='ocrx_word' id='word_1_324' title='bbox 829 2487 1137 2561; x_wconf 78' lang='grc' dir='ltr'>δικαιοσύνη</span> <span class='ocrx_word' id='word_1_325' title='bbox 1183 2491 1326 2552; x_wconf 82' lang='grc' dir='ltr'>Θεοῦ</span> <span class='ocrx_word' id='word_1_326' title='bbox 1369 2489 1770 2570; x_wconf 72' lang='grc' dir='ltr'>πεφανέρωται,</span> <span class='ocrx_word' id='word_1_327' title='bbox 1817 2512 2027 2569; x_wconf 87' lang='grc' dir='ltr'>μαρτυ-</span> 
     </span>
    </p>
   </div>
   <div class='ocr_carea' id='block_1_42' title="bbox 431 2575 2034 2659">
    <p class='ocr_par' dir='ltr' id='par_1_42' title="bbox 431 2575 2034 2659">
     <span class='ocr_line' id='line_1_42' title="bbox 431 2575 2034 2659; baseline 0.001 -23"><span class='ocrx_word' id='word_1_328' title='bbox 431 2580 660 2657; x_wconf 85' lang='grc' dir='ltr'>ρουμένη</span> <span class='ocrx_word' id='word_1_329' title='bbox 691 2575 794 2636; x_wconf 73' lang='grc' dir='ltr'><strong>ὑπὸ</strong></span> <span class='ocrx_word' id='word_1_330' title='bbox 823 2582 919 2636; x_wconf 90' lang='grc' dir='ltr'><strong>τοῦ</strong></span> <span class='ocrx_word' id='word_1_331' title='bbox 941 2578 1105 2657; x_wconf 91' lang='grc' dir='ltr'>νόμου</span> <span class='ocrx_word' id='word_1_332' title='bbox 1133 2577 1226 2638; x_wconf 80' lang='grc' dir='ltr'><strong>καὶ</strong></span> <span class='ocrx_word' id='word_1_333' title='bbox 1255 2581 1359 2638; x_wconf 88' lang='grc' dir='ltr'><strong>τῶν</strong></span> <span class='ocrx_word' id='word_1_334' title='bbox 1392 2583 1701 2659; x_wconf 68' lang='grc' dir='ltr'>προφητῶν.</span> <span class='ocrx_word' id='word_1_335' title='bbox 1732 2599 1760 2635; x_wconf 79' lang='grc'>»</span> <span class='ocrx_word' id='word_1_336' title='bbox 1794 2580 1863 2638; x_wconf 86' lang='grc' dir='ltr'>Εἰ</span> <span class='ocrx_word' id='word_1_337' title='bbox 1892 2602 2034 2638; x_wconf 90' lang='grc' dir='ltr'>καυ-</span> 
     </span>
    </p>
   </div>
   <div class='ocr_carea' id='block_1_43' title="bbox 427 2666 2032 2750">
    <p class='ocr_par' dir='ltr' id='par_1_43' title="bbox 427 2666 2032 2750">
     <span class='ocr_line' id='line_1_43' title="bbox 427 2666 2032 2750; baseline 0.002 -27"><span class='ocrx_word' id='word_1_338' title='bbox 427 2675 598 2745; x_wconf 74' lang='grc' dir='ltr'>χᾶσαι</span> <span class='ocrx_word' id='word_1_339' title='bbox 620 2666 695 2744; x_wconf 77' lang='grc'><strong>³³,</strong></span> <span class='ocrx_word' id='word_1_340' title='bbox 726 2670 756 2726; x_wconf 95' lang='lat'><strong>6</strong></span> <span class='ocrx_word' id='word_1_341' title='bbox 784 2666 1070 2742; x_wconf 85' lang='grc' dir='ltr'>Ἰουδαῖος,</span> <span class='ocrx_word' id='word_1_342' title='bbox 1107 2667 1196 2750; x_wconf 77' lang='grc' dir='ltr'><strong>ἐπὶ</strong></span> <span class='ocrx_word' id='word_1_343' title='bbox 1218 2671 1293 2750; x_wconf 82' lang='grc' dir='ltr'><strong>τῷ</strong></span> <span class='ocrx_word' id='word_1_344' title='bbox 1317 2667 1486 2748; x_wconf 83' lang='grc' dir='ltr'>νόμῳ,</span> <span class='ocrx_word' id='word_1_345' title='bbox 1509 2671 1668 2748; x_wconf 79' lang='grc' dir='ltr'>γνῶθι</span> <span class='ocrx_word' id='word_1_346' title='bbox 1691 2667 1771 2727; x_wconf 78' lang='grc' dir='ltr'><strong>ὅτι</strong></span> <span class='ocrx_word' id='word_1_347' title='bbox 1799 2668 2032 2745; x_wconf 81' lang='grc' dir='ltr'>μείζονός</span> 
     </span>
    </p>
   </div>
   <div class='ocr_carea' id='block_1_44' title="bbox 427 2749 2031 2839">
    <p class='ocr_par' dir='ltr' id='par_1_44' title="bbox 427 2749 2031 2839">
     <span class='ocr_line' id='line_1_44' title="bbox 427 2749 2031 2839; baseline 0.002 -25"><span class='ocrx_word' id='word_1_348' title='bbox 427 2779 511 2816; x_wconf 88' lang='grc' dir='ltr'><strong>σοι</strong></span> <span class='ocrx_word' id='word_1_349' title='bbox 548 2757 823 2824; x_wconf 80' lang='grc' dir='ltr'>κολάσεως</span> <span class='ocrx_word' id='word_1_350' title='bbox 865 2755 1030 2825; x_wconf 84' lang='grc' dir='ltr'>αἴτιος</span> <span class='ocrx_word' id='word_1_351' title='bbox 1079 2749 1271 2825; x_wconf 44' lang='grc' dir='ltr'>οὗτος,</span> <span class='ocrx_word' id='word_1_352' title='bbox 1307 2757 1604 2839; x_wconf 82' lang='grc' dir='ltr'>Ἐγνώρισε</span> <span class='ocrx_word' id='word_1_353' title='bbox 1653 2759 1756 2838; x_wconf 83' lang='grc' dir='ltr'><strong>γάρ</strong></span> <span class='ocrx_word' id='word_1_354' title='bbox 1807 2782 1888 2818; x_wconf 89' lang='grc' dir='ltr'><strong>σοι</strong></span> <span class='ocrx_word' id='word_1_355' title='bbox 1935 2757 2031 2832; x_wconf 76' lang='grc' dir='ltr'><strong>τὴν</strong></span> 
     </span>
    </p>
   </div>
   <div class='ocr_carea' id='block_1_45' title="bbox 427 2845 2029 2929">
    <p class='ocr_par' dir='ltr' id='par_1_45' title="bbox 427 2845 2029 2929">
     <span class='ocr_line' id='line_1_45' title="bbox 427 2845 2029 2929; baseline 0.004 -26"><span class='ocrx_word' id='word_1_356' title='bbox 427 2845 699 2925; x_wconf 74' lang='grc' dir='ltr'>ἁμαρτίαν</span> <span class='ocrx_word' id='word_1_357' title='bbox 724 2869 738 2885; x_wconf 75' lang='grc' dir='ltr'><strong>ο</strong></span> <span class='ocrx_word' id='word_1_358' title='bbox 765 2849 816 2906; x_wconf 82' lang='grc' dir='ltr'>ἐν</span> <span class='ocrx_word' id='word_1_359' title='bbox 847 2847 1040 2927; x_wconf 87' lang='grc' dir='ltr'>γνώσει</span> <span class='ocrx_word' id='word_1_360' title='bbox 1067 2847 1120 2909; x_wconf 84' lang='grc' dir='ltr'>δὲ</span> <span class='ocrx_word' id='word_1_361' title='bbox 1151 2848 1447 2929; x_wconf 77' lang='grc' dir='ltr'>ἁμαρτόντι</span> <span class='ocrx_word' id='word_1_362' title='bbox 1495 2847 1685 2927; x_wconf 79' lang='grc' dir='ltr'>μείζων</span> <span class='ocrx_word' id='word_1_363' title='bbox 1727 2853 1760 2920; x_wconf 92' lang='grc' dir='ltr'>ἡ</span> <span class='ocrx_word' id='word_1_364' title='bbox 1793 2847 2029 2918; x_wconf 88' lang='grc' dir='ltr'>κόλασις.</span> 
     </span>
    </p>
   </div>
   <div class='ocr_carea' id='block_1_46' title="bbox 431 2935 2032 3020">
    <p class='ocr_par' dir='ltr' id='par_1_46' title="bbox 431 2935 2032 3020">
     <span class='ocr_line' id='line_1_46' title="bbox 431 2935 2032 3020; baseline 0 -24"><span class='ocrx_word' id='word_1_365' title='bbox 431 2935 585 3008; x_wconf 74' lang='grc' dir='ltr'>Πλὴν</span> <span class='ocrx_word' id='word_1_366' title='bbox 616 2935 761 3016; x_wconf 85' lang='grc' dir='ltr'>παρᾶ</span> <span class='ocrx_word' id='word_1_367' title='bbox 791 2935 887 3009; x_wconf 86' lang='grc' dir='ltr'><strong>τὴν</strong></span> <span class='ocrx_word' id='word_1_368' title='bbox 934 2936 1032 3011; x_wconf 75' lang='grc' dir='ltr'><strong>σὴν</strong></span> <span class='ocrx_word' id='word_1_369' title='bbox 1069 2937 1336 3020; x_wconf 75' lang='grc' dir='ltr'>ῥᾳθυμίαν</span> <span class='ocrx_word' id='word_1_370' title='bbox 1364 2942 1518 2999; x_wconf 84' lang='grc' dir='ltr'>τοῦτο</span> <span class='ocrx_word' id='word_1_371' title='bbox 1555 2937 1774 3011; x_wconf 82' lang='grc' dir='ltr'>συνέϐη.</span> <span class='ocrx_word' id='word_1_372' title='bbox 1813 2935 1907 3009; x_wconf 75' lang='grc' dir='ltr'><strong>Μὴ</strong></span> <span class='ocrx_word' id='word_1_373' title='bbox 1935 2961 2032 3016; x_wconf 83' lang='grc' dir='ltr'>φυ-</span> 
     </span>
    </p>
   </div>
   <div class='ocr_carea' id='block_1_47' title="bbox 425 3024 2029 3111">
    <p class='ocr_par' dir='ltr' id='par_1_47' title="bbox 425 3024 2029 3111">
     <span class='ocr_line' id='line_1_47' title="bbox 425 3024 2029 3111; baseline 0.001 -27"><span class='ocrx_word' id='word_1_374' title='bbox 425 3024 534 3103; x_wconf 86' lang='grc' dir='ltr'><strong>γὼν</strong></span> <span class='ocrx_word' id='word_1_375' title='bbox 581 3024 685 3107; x_wconf 75' lang='grc' dir='ltr'><strong>γὰρ</strong></span> <span class='ocrx_word' id='word_1_376' title='bbox 741 3024 837 3100; x_wconf 83' lang='grc' dir='ltr'><strong>τὴν</strong></span> <span class='ocrx_word' id='word_1_377' title='bbox 889 3027 1278 3109; x_wconf 75' lang='grc' dir='ltr'>γνωρισθείσάν</span> <span class='ocrx_word' id='word_1_378' title='bbox 1338 3027 1773 3111; x_wconf 38' lang='grc' dir='ltr'>σοι-ἁμαρτίαν,</span> <span class='ocrx_word' id='word_1_379' title='bbox 1827 3029 2029 3105; x_wconf 83' lang='grc' dir='ltr'>μᾶλλον</span> 
     </span>
    </p>
   </div>
   <div class='ocr_carea' id='block_1_48' title="bbox 425 3109 2030 3198">
    <p class='ocr_par' dir='ltr' id='par_1_48' title="bbox 425 3109 2030 3198">
     <span class='ocr_line' id='line_1_48' title="bbox 425 3109 2030 3198; baseline 0.001 -22"><span class='ocrx_word' id='word_1_380' title='bbox 425 3115 717 3176; x_wconf 77' lang='grc' dir='ltr'>ἐπεσπάσω</span> <span class='ocrx_word' id='word_1_381' title='bbox 767 3114 864 3187; x_wconf 77' lang='grc' dir='ltr'><strong>τὴν</strong></span> <span class='ocrx_word' id='word_1_382' title='bbox 918 3116 1156 3178; x_wconf 88' lang='grc' dir='ltr'>κόλασιν.</span> <span class='ocrx_word' id='word_1_383' title='bbox 1211 3119 1339 3186; x_wconf 87' lang='grc' dir='ltr'>Πῶς</span> <span class='ocrx_word' id='word_1_384' title='bbox 1389 3109 1476 3178; x_wconf 65' lang='grc' dir='ltr'><strong>οὖν</strong></span> <span class='ocrx_word' id='word_1_385' title='bbox 1525 3109 1887 3198; x_wconf 82' lang='grc' dir='ltr'>ἀπαλλαγήσῃ</span> <span class='ocrx_word' id='word_1_386' title='bbox 1936 3122 2030 3192; x_wconf 81' lang='grc' dir='ltr'><strong>τῆς</strong></span> 
     </span>
    </p>
   </div>
   <div class='ocr_carea' id='block_1_49' title="bbox 424 3204 2024 3290">
    <p class='ocr_par' dir='ltr' id='par_1_49' title="bbox 424 3204 2024 3290">
     <span class='ocr_line' id='line_1_49' title="bbox 424 3204 2024 3290; baseline 0.001 -25"><span class='ocrx_word' id='word_1_387' title='bbox 424 3205 724 3279; x_wconf 85' lang='grc' dir='ltr'>κολάσεως;</span> <span class='ocrx_word' id='word_1_388' title='bbox 759 3204 894 3266; x_wconf 79' lang='grc' dir='ltr'><strong>Ἐὰν</strong></span> <span class='ocrx_word' id='word_1_389' title='bbox 931 3205 1194 3290; x_wconf 80' lang='grc' dir='ltr'>προσδέξῃ</span> <span class='ocrx_word' id='word_1_390' title='bbox 1219 3206 1315 3282; x_wconf 81' lang='grc' dir='ltr'><strong>τὴν</strong></span> <span class='ocrx_word' id='word_1_391' title='bbox 1347 3205 1689 3282; x_wconf 87' lang='grc' dir='ltr'>δικαιοσύνην</span> <span class='ocrx_word' id='word_1_392' title='bbox 1719 3213 1812 3267; x_wconf 91' lang='grc' dir='ltr'><strong>τοῦ</strong></span> <span class='ocrx_word' id='word_1_393' title='bbox 1841 3210 1983 3270; x_wconf 86' lang='grc' dir='ltr'>Θεοῦ</span> <span class='ocrx_word' id='word_1_394' title='bbox 2007 3252 2024 3283; x_wconf 91' lang='grc'><strong>,</strong></span> 
     </span>
    </p>
   </div>
   <div class='ocr_carea' id='block_1_50' title="bbox 422 3295 2025 3378">
    <p class='ocr_par' dir='ltr' id='par_1_50' title="bbox 422 3295 2025 3378">
     <span class='ocr_line' id='line_1_50' title="bbox 422 3295 2025 3378; baseline 0.002 -24"><span class='ocrx_word' id='word_1_395' title='bbox 422 3296 516 3369; x_wconf 72' lang='grc' dir='ltr'><strong>τὴν</strong></span> <span class='ocrx_word' id='word_1_396' title='bbox 557 3295 726 3378; x_wconf 74' lang='grc' dir='ltr'>χωρὶς</span> <span class='ocrx_word' id='word_1_397' title='bbox 773 3295 959 3374; x_wconf 89' lang='grc' dir='ltr'>νόμου.</span> <span class='ocrx_word' id='word_1_398' title='bbox 994 3302 1208 3358; x_wconf 87' lang='grc' dir='ltr'>Δικαιοῖ</span> <span class='ocrx_word' id='word_1_399' title='bbox 1233 3296 1338 3378; x_wconf 80' lang='grc' dir='ltr'><strong>γὰρ</strong></span> <span class='ocrx_word' id='word_1_400' title='bbox 1367 3303 1510 3376; x_wconf 78' lang='grc' dir='ltr'>ἡμᾶς</span> <span class='ocrx_word' id='word_1_401' title='bbox 1541 3303 1569 3358; x_wconf 92' lang='lat'><strong>6</strong></span> <span class='ocrx_word' id='word_1_402' title='bbox 1598 3298 1766 3373; x_wconf 88' lang='grc' dir='ltr'>Θεὸς,</span> <span class='ocrx_word' id='word_1_403' title='bbox 1812 3297 1915 3358; x_wconf 77' lang='grc' dir='ltr'><strong>κᾶν</strong></span> <span class='ocrx_word' id='word_1_404' title='bbox 1950 3299 2025 3378; x_wconf 73' lang='grc' dir='ltr'><strong>μὴ</strong></span> 
     </span>
    </p>
   </div>
   <div class='ocr_carea' id='block_1_51' title="bbox 426 3385 2026 3470">
    <p class='ocr_par' dir='ltr' id='par_1_51' title="bbox 426 3385 2026 3470">
     <span class='ocr_line' id='line_1_51' title="bbox 426 3385 2026 3470; baseline 0.004 -27"><span class='ocrx_word' id='word_1_405' title='bbox 426 3385 551 3465; x_wconf 84' lang='grc' dir='ltr'>ἔργα</span> <span class='ocrx_word' id='word_1_406' title='bbox 581 3386 813 3470; x_wconf 73' lang='grc' dir='ltr'>ἔχωμενο</span> <span class='ocrx_word' id='word_1_407' title='bbox 866 3387 1002 3455; x_wconf 89' lang='grc' dir='ltr'>Θεὸς</span> <span class='ocrx_word' id='word_1_408' title='bbox 1049 3388 1152 3470; x_wconf 84' lang='grc' dir='ltr'><strong>γάρ</strong></span> <span class='ocrx_word' id='word_1_409' title='bbox 1195 3391 1308 3449; x_wconf 74' lang='grc' dir='ltr'>ἔστι</span> <span class='ocrx_word' id='word_1_410' title='bbox 1353 3387 1530 3450; x_wconf 87' lang='grc' dir='ltr'>πάντα</span> <span class='ocrx_word' id='word_1_411' title='bbox 1559 3389 1870 3467; x_wconf 86' lang='grc' dir='ltr'>δυνάμενος.</span> <span class='ocrx_word' id='word_1_412' title='bbox 1909 3392 2026 3451; x_wconf 82' lang='grc' dir='ltr'><strong>Κα-</strong></span> 
     </span>
    </p>
   </div>
   <div class='ocr_carea' id='block_1_52' title="bbox 429 3466 2028 3561">
    <p class='ocr_par' dir='ltr' id='par_1_52' title="bbox 429 3466 2028 3561">
     <span class='ocr_line' id='line_1_52' title="bbox 429 3466 2028 3561; baseline 0.005 -29"><span class='ocrx_word' id='word_1_413' title='bbox 429 3477 533 3542; x_wconf 86' lang='grc' dir='ltr'><strong>λῶς</strong></span> <span class='ocrx_word' id='word_1_414' title='bbox 557 3475 612 3535; x_wconf 82' lang='grc' dir='ltr'>δὲ</span> <span class='ocrx_word' id='word_1_415' title='bbox 635 3466 750 3535; x_wconf 71' lang='grc' dir='ltr'>εἷπε</span> <span class='ocrx_word' id='word_1_416' title='bbox 781 3475 911 3561; x_wconf 52' lang='lat'><strong>16,:</strong></span> <span class='ocrx_word' id='word_1_417' title='bbox 935 3466 1349 3559; x_wconf 70' lang='grc' dir='ltr'>Πεφανέρωται,</span> <span class='ocrx_word' id='word_1_418' title='bbox 1378 3506 1402 3531; x_wconf 75' lang='grc' dir='ltr'>ιο</span> <span class='ocrx_word' id='word_1_419' title='bbox 1425 3475 1514 3536; x_wconf 77' lang='grc' dir='ltr'><strong>ἵνα</strong></span> <span class='ocrx_word' id='word_1_420' title='bbox 1543 3466 1791 3560; x_wconf 76' lang='grc' dir='ltr'>δείξῃδτι</span> <span class='ocrx_word' id='word_1_421' title='bbox 1813 3477 2028 3561; x_wconf 80' lang='grc' dir='ltr'>ἐκέκρυ-</span> 
     </span>
    </p>
   </div>
   <div class='ocr_carea' id='block_1_53' title="bbox 433 3557 2026 3652">
    <p class='ocr_par' dir='ltr' id='par_1_53' title="bbox 433 3557 2026 3652">
     <span class='ocr_line' id='line_1_53' title="bbox 433 3557 2026 3652; baseline 0.005 -31"><span class='ocrx_word' id='word_1_422' title='bbox 433 3587 536 3622; x_wconf 85' lang='grc' dir='ltr'><strong>πτο</strong></span> <span class='ocrx_word' id='word_1_423' title='bbox 563 3565 731 3624; x_wconf 85' lang='grc' dir='ltr'>πάλαι</span> <span class='ocrx_word' id='word_1_424' title='bbox 764 3568 816 3606; x_wconf 76' lang='grc'><strong>³⁵</strong></span> <span class='ocrx_word' id='word_1_425' title='bbox 838 3557 993 3630; x_wconf 71' lang='grc' dir='ltr'>οῦσα.</span> <span class='ocrx_word' id='word_1_426' title='bbox 1029 3557 1138 3630; x_wconf 76' lang='grc' dir='ltr'>Καὶ</span> <span class='ocrx_word' id='word_1_427' title='bbox 1162 3557 1263 3628; x_wconf 75' lang='grc' dir='ltr'><strong>διὰ</strong></span> <span class='ocrx_word' id='word_1_428' title='bbox 1287 3573 1379 3629; x_wconf 89' lang='grc' dir='ltr'><strong>τοῦ</strong></span> <span class='ocrx_word' id='word_1_429' title='bbox 1411 3572 1594 3628; x_wconf 77' lang='grc' dir='ltr'>εἰπεῖν’</span> <span class='ocrx_word' id='word_1_430' title='bbox 1646 3557 1673 3627; x_wconf 64' lang='grc' dir='ltr'><strong><em>ἀ</em></strong></span> <span class='ocrx_word' id='word_1_431' title='bbox 1703 3573 2026 3652; x_wconf 88' lang='grc' dir='ltr'>Μαρτυρου-</span> 
     </span>
    </p>
   </div>
   <div class='ocr_carea' id='block_1_54' title="bbox 435 3652 2027 3740">
    <p class='ocr_par' dir='ltr' id='par_1_54' title="bbox 435 3652 2027 3740">
     <span class='ocr_line' id='line_1_54' title="bbox 435 3652 2027 3740; baseline 0.006 -29"><span class='ocrx_word' id='word_1_432' title='bbox 435 3652 572 3730; x_wconf 76' lang='grc' dir='ltr'>μίνη</span> <span class='ocrx_word' id='word_1_433' title='bbox 601 3654 704 3713; x_wconf 70' lang='grc' dir='ltr'>ὑπὸ</span> <span class='ocrx_word' id='word_1_434' title='bbox 753 3661 840 3715; x_wconf 87' lang='grc' dir='ltr'><strong>τοῦ</strong></span> <span class='ocrx_word' id='word_1_435' title='bbox 885 3655 1048 3736; x_wconf 87' lang='grc' dir='ltr'>νόμου</span> <span class='ocrx_word' id='word_1_436' title='bbox 1097 3657 1189 3717; x_wconf 82' lang='grc' dir='ltr'><strong>καὶ</strong></span> <span class='ocrx_word' id='word_1_437' title='bbox 1239 3661 1344 3718; x_wconf 86' lang='grc' dir='ltr'><strong>τῶν</strong></span> <span class='ocrx_word' id='word_1_438' title='bbox 1386 3663 1670 3740; x_wconf 86' lang='grc' dir='ltr'>προφητῶν</span> <span class='ocrx_word' id='word_1_439' title='bbox 1693 3704 1710 3734; x_wconf 90' lang='grc'><strong>,</strong></span> <span class='ocrx_word' id='word_1_440' title='bbox 1744 3680 1774 3717; x_wconf 83' lang='grc'><strong>))</strong></span> <span class='ocrx_word' id='word_1_441' title='bbox 1812 3659 1872 3719; x_wconf 84' lang='grc' dir='ltr'><strong>τὸ</strong></span> <span class='ocrx_word' id='word_1_442' title='bbox 1902 3659 2027 3720; x_wconf 77' lang='grc' dir='ltr'>αὐτὸ</span> 
     </span>
    </p>
   </div>
   <div class='ocr_carea' id='block_1_55' title="bbox 433 3744 2028 3831">
    <p class='ocr_par' dir='ltr' id='par_1_55' title="bbox 433 3744 2028 3831">
     <span class='ocr_line' id='line_1_55' title="bbox 433 3744 2028 3831; baseline 0.005 -29"><span class='ocrx_word' id='word_1_443' title='bbox 433 3744 615 3817; x_wconf 82' lang='grc' dir='ltr'>δηλοῖ,</span> <span class='ocrx_word' id='word_1_444' title='bbox 642 3744 723 3805; x_wconf 77' lang='grc' dir='ltr'><strong>ὅτι</strong></span> <span class='ocrx_word' id='word_1_445' title='bbox 753 3745 808 3805; x_wconf 83' lang='grc' dir='ltr'>οὗ</span> <span class='ocrx_word' id='word_1_446' title='bbox 845 3745 1147 3831; x_wconf 78' lang='grc' dir='ltr'>πρόσφατός</span> <span class='ocrx_word' id='word_1_447' title='bbox 1176 3750 1319 3808; x_wconf 82' lang='grc' dir='ltr'>ἐστιν</span> <span class='ocrx_word' id='word_1_448' title='bbox 1342 3793 1358 3823; x_wconf 89' lang='grc'><strong>,</strong></span> <span class='ocrx_word' id='word_1_449' title='bbox 1390 3748 1527 3808; x_wconf 82' lang='grc' dir='ltr'>ἀλλὰ</span> <span class='ocrx_word' id='word_1_450' title='bbox 1572 3747 1663 3808; x_wconf 78' lang='grc' dir='ltr'>καὶ</span> <span class='ocrx_word' id='word_1_451' title='bbox 1693 3752 1722 3807; x_wconf 92' lang='lat'><strong>6</strong></span> <span class='ocrx_word' id='word_1_452' title='bbox 1750 3747 1906 3827; x_wconf 90' lang='grc' dir='ltr'>νόμος</span> <span class='ocrx_word' id='word_1_453' title='bbox 1936 3756 2028 3810; x_wconf 84' lang='grc' dir='ltr'><strong>τοῦ</strong></span> 
     </span>
    </p>
   </div>
   <div class='ocr_carea' id='block_1_56' title="bbox 432 3834 2026 3921">
    <p class='ocr_par' dir='ltr' id='par_1_56' title="bbox 432 3834 2026 3921">
     <span class='ocr_line' id='line_1_56' title="bbox 432 3834 2026 3921; baseline 0.004 -26"><span class='ocrx_word' id='word_1_454' title='bbox 432 3835 699 3906; x_wconf 78' lang='grc' dir='ltr'>Μωσέως,</span> <span class='ocrx_word' id='word_1_455' title='bbox 733 3834 822 3894; x_wconf 80' lang='grc' dir='ltr'><strong>καὶ</strong></span> <span class='ocrx_word' id='word_1_456' title='bbox 847 3840 895 3897; x_wconf 77' lang='grc' dir='ltr'>οἱ</span> <span class='ocrx_word' id='word_1_457' title='bbox 924 3841 1196 3920; x_wconf 73' lang='grc' dir='ltr'>προφῆται</span> <span class='ocrx_word' id='word_1_458' title='bbox 1225 3839 1349 3921; x_wconf 75' lang='grc' dir='ltr'>περὶ</span> <span class='ocrx_word' id='word_1_459' title='bbox 1385 3838 1586 3913; x_wconf 83' lang='grc' dir='ltr'>ταύτης</span> <span class='ocrx_word' id='word_1_460' title='bbox 1632 3837 1810 3919; x_wconf 83' lang='grc' dir='ltr'>ἔλεγον</span> <span class='ocrx_word' id='word_1_461' title='bbox 1834 3864 1846 3877; x_wconf 78' lang='grc' dir='ltr'><strong>ο</strong></span> <span class='ocrx_word' id='word_1_462' title='bbox 1887 3838 2026 3900; x_wconf 79' lang='grc' dir='ltr'>ὥστε</span> 
     </span>
    </p>
   </div>
   <div class='ocr_carea' id='block_1_57' title="bbox 431 3922 2027 4011">
    <p class='ocr_par' dir='ltr' id='par_1_57' title="bbox 431 3922 2027 4011">
     <span class='ocr_line' id='line_1_57' title="bbox 431 3922 2027 4011; baseline 0.007 -30"><span class='ocrx_word' id='word_1_463' title='bbox 431 3922 523 3982; x_wconf 77' lang='grc' dir='ltr'>καὶ</span> <span class='ocrx_word' id='word_1_464' title='bbox 553 3924 669 3993; x_wconf 75' lang='grc' dir='ltr'>ἀξία</span> <span class='ocrx_word' id='word_1_465' title='bbox 703 3926 813 3985; x_wconf 84' lang='grc' dir='ltr'>ἐστὶ</span> <span class='ocrx_word' id='word_1_466' title='bbox 851 3929 1276 4010; x_wconf 77' lang='grc' dir='ltr'>παραδεχθῆναι.</span> <span class='ocrx_word' id='word_1_467' title='bbox 1319 3931 1383 3989; x_wconf 77' lang='grc' dir='ltr'><strong>Εἰ</strong></span> <span class='ocrx_word' id='word_1_468' title='bbox 1406 3928 1511 4011; x_wconf 77' lang='grc' dir='ltr'><strong>γὰρ</strong></span> <span class='ocrx_word' id='word_1_469' title='bbox 1540 3927 1633 3988; x_wconf 74' lang='grc' dir='ltr'><strong>καὶ</strong></span> <span class='ocrx_word' id='word_1_470' title='bbox 1673 3930 1837 4011; x_wconf 70' lang='grc' dir='ltr'>χωρὶς</span> <span class='ocrx_word' id='word_1_471' title='bbox 1864 3929 2027 4008; x_wconf 81' lang='grc' dir='ltr'>νόμου</span> 
     </span>
    </p>
   </div>
   <div class='ocr_carea' id='block_1_58' title="bbox 428 4013 2027 4100">
    <p class='ocr_par' dir='ltr' id='par_1_58' title="bbox 428 4013 2027 4100">
     <span class='ocr_line' id='line_1_58' title="bbox 428 4013 2027 4100; baseline 0.005 -28"><span class='ocrx_word' id='word_1_472' title='bbox 428 4013 606 4087; x_wconf 75' lang='grc' dir='ltr'>ἐστὶν,</span> <span class='ocrx_word' id='word_1_473' title='bbox 651 4018 772 4076; x_wconf 77' lang='grc' dir='ltr'>ἀλλ’</span> <span class='ocrx_word' id='word_1_474' title='bbox 822 4014 965 4094; x_wconf 74' lang='grc' dir='ltr'>ὅμως</span> <span class='ocrx_word' id='word_1_475' title='bbox 1010 4021 1101 4078; x_wconf 81' lang='grc' dir='ltr'><strong>καὶ</strong></span> <span class='ocrx_word' id='word_1_476' title='bbox 1149 4022 1297 4100; x_wconf 81' lang='grc' dir='ltr'>αὐτῷ</span> <span class='ocrx_word' id='word_1_477' title='bbox 1339 4023 1415 4100; x_wconf 81' lang='grc' dir='ltr'><strong>τῷ</strong></span> <span class='ocrx_word' id='word_1_478' title='bbox 1463 4018 1610 4100; x_wconf 88' lang='grc' dir='ltr'>νόμῳ</span> <span class='ocrx_word' id='word_1_479' title='bbox 1649 4020 1710 4079; x_wconf 86' lang='grc' dir='ltr'><strong>τὸ</strong></span> <span class='ocrx_word' id='word_1_480' title='bbox 1754 4019 1820 4079; x_wconf 84' lang='grc' dir='ltr'><strong>δι’</strong></span> <span class='ocrx_word' id='word_1_481' title='bbox 1863 4025 2027 4096; x_wconf 78' lang='grc' dir='ltr'>αὐτῆς</span> 
     </span>
    </p>
   </div>
   <div class='ocr_carea' id='block_1_59' title="bbox 426 4105 1036 4188">
    <p class='ocr_par' dir='ltr' id='par_1_59' title="bbox 426 4105 1036 4188">
     <span class='ocr_line' id='line_1_59' title="bbox 426 4105 1036 4188; baseline 0.011 -26"><span class='ocrx_word' id='word_1_482' title='bbox 426 4105 755 4166; x_wconf 73' lang='grc' dir='ltr'>δικαιοῦσθαι</span> <span class='ocrx_word' id='word_1_483' title='bbox 797 4107 1036 4188; x_wconf 81' lang='grc' dir='ltr'>ἀρέσκει.</span> 
     </span>
    </p>
   </div>
   <div class='ocr_carea' id='block_1_60' title="bbox 508 4275 2026 4362">
    <p class='ocr_par' dir='ltr' id='par_1_60' title="bbox 508 4275 2026 4362">
     <span class='ocr_line' id='line_1_60' title="bbox 508 4275 2026 4362; baseline 0.006 -31"><span class='ocrx_word' id='word_1_484' title='bbox 508 4299 538 4331; x_wconf 77' lang='grc' dir='ltr'>ι</span> <span class='ocrx_word' id='word_1_485' title='bbox 559 4275 884 4349; x_wconf 85' lang='grc' dir='ltr'>Δικαιοσύνη</span> <span class='ocrx_word' id='word_1_486' title='bbox 908 4275 962 4337; x_wconf 86' lang='grc' dir='ltr'>δὲ</span> <span class='ocrx_word' id='word_1_487' title='bbox 981 4279 1124 4338; x_wconf 81' lang='grc' dir='ltr'>Θεοῦ</span> <span class='ocrx_word' id='word_1_488' title='bbox 1142 4324 1158 4352; x_wconf 94' lang='grc'><strong>,</strong></span> <span class='ocrx_word' id='word_1_489' title='bbox 1185 4278 1271 4337; x_wconf 82' lang='grc' dir='ltr'><strong>διὰ</strong></span> <span class='ocrx_word' id='word_1_490' title='bbox 1301 4277 1530 4346; x_wconf 73' lang='grc' dir='ltr'>πίστεως</span> <span class='ocrx_word' id='word_1_491' title='bbox 1560 4278 1740 4353; x_wconf 87' lang='grc' dir='ltr'>Ἰησοῦ</span> <span class='ocrx_word' id='word_1_492' title='bbox 1767 4282 2026 4362; x_wconf 87' lang='grc' dir='ltr'>Χριστοῦ,</span> 
     </span>
    </p>
   </div>
   <div class='ocr_carea' id='block_1_61' title="bbox 424 4366 2027 4452">
    <p class='ocr_par' dir='ltr' id='par_1_61' title="bbox 424 4366 2027 4452">
     <span class='ocr_line' id='line_1_61' title="bbox 424 4366 2027 4452; baseline 0.004 -30"><span class='ocrx_word' id='word_1_493' title='bbox 424 4367 498 4431; x_wconf 85' lang='grc' dir='ltr'>εἷς</span> <span class='ocrx_word' id='word_1_494' title='bbox 534 4366 738 4433; x_wconf 81' lang='grc' dir='ltr'>πάντας</span> <span class='ocrx_word' id='word_1_495' title='bbox 768 4367 860 4425; x_wconf 78' lang='grc' dir='ltr'>καὶ</span> <span class='ocrx_word' id='word_1_496' title='bbox 894 4367 980 4426; x_wconf 75' lang='grc' dir='ltr'><strong>ἐπὶ</strong></span> <span class='ocrx_word' id='word_1_497' title='bbox 1022 4367 1227 4436; x_wconf 85' lang='grc' dir='ltr'>πάντας</span> <span class='ocrx_word' id='word_1_498' title='bbox 1258 4367 1376 4436; x_wconf 82' lang='grc' dir='ltr'>τοὺς</span> <span class='ocrx_word' id='word_1_499' title='bbox 1419 4367 1769 4438; x_wconf 85' lang='grc' dir='ltr'>πιστεύοντας</span> <span class='ocrx_word' id='word_1_500' title='bbox 1790 4393 1803 4407; x_wconf 89' lang='grc'><strong>·</strong></span> <span class='ocrx_word' id='word_1_501' title='bbox 1834 4372 1891 4429; x_wconf 85' lang='grc' dir='ltr'>οὗ</span> <span class='ocrx_word' id='word_1_502' title='bbox 1923 4371 2027 4452; x_wconf 82' lang='grc' dir='ltr'><strong>γὰρ</strong></span> 
     </span>
    </p>
   </div>
   <div class='ocr_carea' id='block_1_62' title="bbox 423 4451 2022 4540">
    <p class='ocr_par' dir='ltr' id='par_1_62' title="bbox 423 4451 2022 4540">
     <span class='ocr_line' id='line_1_62' title="bbox 423 4451 2022 4540; baseline 0.004 -28"><span class='ocrx_word' id='word_1_503' title='bbox 423 4451 538 4514; x_wconf 71' lang='grc' dir='ltr'>ἔστι</span> <span class='ocrx_word' id='word_1_504' title='bbox 585 4457 859 4527; x_wconf 81' lang='grc' dir='ltr'>διαστολή.</span> <span class='ocrx_word' id='word_1_505' title='bbox 897 4455 1105 4527; x_wconf 78' lang='grc' dir='ltr'>Πάντες</span> <span class='ocrx_word' id='word_1_506' title='bbox 1150 4459 1254 4540; x_wconf 79' lang='grc' dir='ltr'><strong>γὰρ</strong></span> <span class='ocrx_word' id='word_1_507' title='bbox 1298 4458 1574 4539; x_wconf 80' lang='grc' dir='ltr'>ἥμαρτον,</span> <span class='ocrx_word' id='word_1_508' title='bbox 1622 4460 1712 4518; x_wconf 75' lang='grc' dir='ltr'><strong>καὶ</strong></span> <span class='ocrx_word' id='word_1_509' title='bbox 1743 4451 2022 4540; x_wconf 73' lang='grc' dir='ltr'>ὑστεροῦνὲ</span> 
     </span>
    </p>
   </div>
   <div class='ocr_carea' id='block_1_63' title="bbox 2143 1945 3745 2020">
    <p class='ocr_par' dir='ltr' id='par_1_63' title="bbox 2143 1945 3745 2020">
     <span class='ocr_line' id='line_1_63' title="bbox 2143 1945 3745 2020; baseline 0.002 -19"><span class='ocrx_word' id='word_1_510' title='bbox 2143 1952 2200 2001; x_wconf 90' lang='lat' dir='ltr'><strong>et</strong></span> <span class='ocrx_word' id='word_1_511' title='bbox 2225 1945 2477 2002; x_wconf 87' lang='lat' dir='ltr'><strong>libertate</strong></span> <span class='ocrx_word' id='word_1_512' title='bbox 2497 1962 2717 2016; x_wconf 91' lang='lat' dir='ltr'><strong>vacans,</strong></span> <span class='ocrx_word' id='word_1_513' title='bbox 2763 1954 2824 2003; x_wconf 91' lang='lat' dir='ltr'><strong>ut</strong></span> <span class='ocrx_word' id='word_1_514' title='bbox 2856 1946 2951 2019; x_wconf 90' lang='lat' dir='ltr'><strong>qui</strong></span> <span class='ocrx_word' id='word_1_515' title='bbox 2979 1963 3090 2004; x_wconf 92' lang='lat' dir='ltr'><strong>non</strong></span> <span class='ocrx_word' id='word_1_516' title='bbox 3122 1963 3189 2004; x_wconf 75' lang='lat' dir='ltr'><strong>ex</strong></span> <span class='ocrx_word' id='word_1_517' title='bbox 3215 1947 3455 2020; x_wconf 89' lang='lat' dir='ltr'><strong>propriis</strong></span> <span class='ocrx_word' id='word_1_518' title='bbox 3484 1947 3745 2019; x_wconf 88' lang='lat' dir='ltr'><strong>operibus</strong></span> 
     </span>
    </p>
   </div>
   <div class='ocr_carea' id='block_1_64' title="bbox 2133 2033 3744 2110">
    <p class='ocr_par' dir='ltr' id='par_1_64' title="bbox 2133 2033 3744 2110">
     <span class='ocr_line' id='line_1_64' title="bbox 2133 2033 3744 2110; baseline 0.002 -20"><span class='ocrx_word' id='word_1_519' title='bbox 2133 2033 2484 2106; x_wconf 82' lang='lat' dir='ltr'><strong>justiﬁeetur,</strong></span> <span class='ocrx_word' id='word_1_520' title='bbox 2543 2035 2643 2092; x_wconf 91' lang='lat' dir='ltr'><strong>sed</strong></span> <span class='ocrx_word' id='word_1_521' title='bbox 2697 2035 2919 2094; x_wconf 88' lang='lat' dir='ltr'><strong>alterius</strong></span> <span class='ocrx_word' id='word_1_522' title='bbox 2995 2052 3099 2110; x_wconf 91' lang='lat' dir='ltr'><strong>ope</strong></span> <span class='ocrx_word' id='word_1_523' title='bbox 3157 2035 3417 2109; x_wconf 76' lang='lat' dir='ltr'><strong>indigeat,</strong></span> <span class='ocrx_word' id='word_1_524' title='bbox 3473 2036 3744 2094; x_wconf 89' lang='lat' dir='ltr'><strong>nimirum</strong></span> 
     </span>
    </p>
   </div>
   <div class='ocr_carea' id='block_1_65' title="bbox 2141 2121 3746 2200">
    <p class='ocr_par' dir='ltr' id='par_1_65' title="bbox 2141 2121 3746 2200">
     <span class='ocr_line' id='line_1_65' title="bbox 2141 2121 3746 2200; baseline 0.004 -22"><span class='ocrx_word' id='word_1_525' title='bbox 2141 2121 2339 2180; x_wconf 88' lang='lat' dir='ltr'><strong>Christi</strong></span> <span class='ocrx_word' id='word_1_526' title='bbox 2385 2125 2516 2182; x_wconf 86' lang='lat' dir='ltr'><strong>Jesu</strong></span> <span class='ocrx_word' id='word_1_527' title='bbox 2545 2125 2736 2198; x_wconf 87' lang='lat' dir='ltr'><strong>gratia.</strong></span> <span class='ocrx_word' id='word_1_528' title='bbox 2766 2127 2979 2198; x_wconf 87' lang='lat' dir='ltr'><strong>Itaque,</strong></span> <span class='ocrx_word' id='word_1_529' title='bbox 3005 2125 3214 2197; x_wconf 64' lang='lat' dir='ltr'><strong>Iudaee,</strong></span> <span class='ocrx_word' id='word_1_530' title='bbox 3247 2125 3511 2200; x_wconf 92' lang='lat' dir='ltr'><strong>quidnam</strong></span> <span class='ocrx_word' id='word_1_531' title='bbox 3537 2126 3593 2182; x_wconf 93' lang='lat' dir='ltr'><strong>in</strong></span> <span class='ocrx_word' id='word_1_532' title='bbox 3628 2125 3746 2199; x_wconf 89' lang='lat' dir='ltr'><strong>lege</strong></span> 
     </span>
    </p>
   </div>
   <div class='ocr_carea' id='block_1_66' title="bbox 2139 2212 3746 2290">
    <p class='ocr_par' dir='ltr' id='par_1_66' title="bbox 2139 2212 3746 2290">
     <span class='ocr_line' id='line_1_66' title="bbox 2139 2212 3746 2290; baseline 0.002 -21"><span class='ocrx_word' id='word_1_533' title='bbox 2139 2212 2409 2284; x_wconf 86' lang='lat' dir='ltr'><strong>gloriaris,</strong></span> <span class='ocrx_word' id='word_1_534' title='bbox 2441 2231 2568 2271; x_wconf 92' lang='lat' dir='ltr'><strong>cum</strong></span> <span class='ocrx_word' id='word_1_535' title='bbox 2593 2231 2749 2288; x_wconf 67' lang='lat' dir='ltr'><strong>aeque</strong></span> <span class='ocrx_word' id='word_1_536' title='bbox 2785 2232 2849 2273; x_wconf 93' lang='lat' dir='ltr'><strong>ac</strong></span> <span class='ocrx_word' id='word_1_537' title='bbox 2879 2217 3124 2290; x_wconf 91' lang='lat' dir='ltr'><strong>reliquus</strong></span> <span class='ocrx_word' id='word_1_538' title='bbox 3154 2216 3399 2273; x_wconf 90' lang='lat' dir='ltr'><strong>mundus</strong></span> <span class='ocrx_word' id='word_1_539' title='bbox 3422 2232 3551 2273; x_wconf 92' lang='lat' dir='ltr'><strong>reus</strong></span> <span class='ocrx_word' id='word_1_540' title='bbox 3597 2217 3746 2274; x_wconf 88' lang='lat' dir='ltr'><strong>exsi-</strong></span> 
     </span>
    </p>
   </div>
   <div class='ocr_carea' id='block_1_67' title="bbox 2137 2305 3600 2380">
    <p class='ocr_par' dir='ltr' id='par_1_67' title="bbox 2137 2305 3600 2380">
     <span class='ocr_line' id='line_1_67' title="bbox 2137 2305 3600 2380; baseline 0.001 -20"><span class='ocrx_word' id='word_1_541' title='bbox 2137 2309 2274 2374; x_wconf 85' lang='lat' dir='ltr'><strong>stas,</strong></span> <span class='ocrx_word' id='word_1_542' title='bbox 2304 2311 2494 2378; x_wconf 89' lang='lat' dir='ltr'><strong>utpote</strong></span> <span class='ocrx_word' id='word_1_543' title='bbox 2514 2321 2581 2363; x_wconf 85' lang='lat' dir='ltr'><strong>ex</strong></span> <span class='ocrx_word' id='word_1_544' title='bbox 2609 2306 2871 2380; x_wconf 89' lang='lat' dir='ltr'><strong>operibus</strong></span> <span class='ocrx_word' id='word_1_545' title='bbox 2898 2305 3034 2380; x_wconf 84' lang='lat' dir='ltr'><strong>legis</strong></span> <span class='ocrx_word' id='word_1_546' title='bbox 3059 2306 3207 2364; x_wconf 86' lang='lat' dir='ltr'><strong>haud</strong></span> <span class='ocrx_word' id='word_1_547' title='bbox 3235 2306 3600 2380; x_wconf 81' lang='lat' dir='ltr'><strong>justiﬁcatus?</strong></span> 
     </span>
    </p>
   </div>
   <div class='ocr_carea' id='block_1_68' title="bbox 2214 2395 3738 2470">
    <p class='ocr_par' dir='ltr' id='par_1_68' title="bbox 2214 2395 3738 2470">
     <span class='ocr_line' id='line_1_68' title="bbox 2214 2395 3738 2470; baseline 0.001 -20"><span class='ocrx_word' id='word_1_548' title='bbox 2214 2395 2394 2452; x_wconf 70' lang='lat' dir='ltr'><strong>Vens.</strong></span> <span class='ocrx_word' id='word_1_549' title='bbox 2423 2399 2616 2453; x_wconf 84' lang='lat'><strong>20-21.</strong></span> <span class='ocrx_word' id='word_1_550' title='bbox 2655 2419 2681 2446; x_wconf 76' lang='grc' dir='ltr'>«ι</span> <span class='ocrx_word' id='word_1_551' title='bbox 2707 2397 2809 2454; x_wconf 89' lang='lat' dir='ltr'><strong>Per</strong></span> <span class='ocrx_word' id='word_1_552' title='bbox 2833 2396 3007 2470; x_wconf 86' lang='lat' dir='ltr'><strong>legem</strong></span> <span class='ocrx_word' id='word_1_553' title='bbox 3035 2397 3187 2453; x_wconf 90' lang='lat' dir='ltr'><strong>enim</strong></span> <span class='ocrx_word' id='word_1_554' title='bbox 3215 2395 3458 2470; x_wconf 89' lang='lat' dir='ltr'><strong>cognitio</strong></span> <span class='ocrx_word' id='word_1_555' title='bbox 3505 2396 3738 2470; x_wconf 88' lang='lat' dir='ltr'><strong>peccati.</strong></span> 
     </span>
    </p>
   </div>
   <div class='ocr_carea' id='block_1_69' title="bbox 2136 2485 3744 2560">
    <p class='ocr_par' dir='ltr' id='par_1_69' title="bbox 2136 2485 3744 2560">
     <span class='ocr_line' id='line_1_69' title="bbox 2136 2485 3744 2560; baseline 0 -18"><span class='ocrx_word' id='word_1_556' title='bbox 2136 2487 2299 2542; x_wconf 88' lang='lat' dir='ltr'><strong>Nunc</strong></span> <span class='ocrx_word' id='word_1_557' title='bbox 2328 2492 2514 2542; x_wconf 89' lang='lat' dir='ltr'><strong>autem</strong></span> <span class='ocrx_word' id='word_1_558' title='bbox 2554 2485 2671 2543; x_wconf 89' lang='lat' dir='ltr'><strong>sine</strong></span> <span class='ocrx_word' id='word_1_559' title='bbox 2724 2486 2844 2559; x_wconf 89' lang='lat' dir='ltr'><strong>lege</strong></span> <span class='ocrx_word' id='word_1_560' title='bbox 2873 2486 3089 2560; x_wconf 90' lang='lat' dir='ltr'><strong>justitia</strong></span> <span class='ocrx_word' id='word_1_561' title='bbox 3115 2487 3214 2544; x_wconf 89' lang='lat' dir='ltr'><strong>Dei</strong></span> <span class='ocrx_word' id='word_1_562' title='bbox 3245 2485 3596 2543; x_wconf 81' lang='lat' dir='ltr'><strong>manifestata</strong></span> <span class='ocrx_word' id='word_1_563' title='bbox 3637 2494 3744 2556; x_wconf 88' lang='lat' dir='ltr'><strong>est,</strong></span> 
     </span>
    </p>
   </div>
   <div class='ocr_carea' id='block_1_70' title="bbox 2136 2573 3744 2649">
    <p class='ocr_par' dir='ltr' id='par_1_70' title="bbox 2136 2573 3744 2649">
     <span class='ocr_line' id='line_1_70' title="bbox 2136 2573 3744 2649; baseline 0.002 -20"><span class='ocrx_word' id='word_1_564' title='bbox 2136 2573 2428 2631; x_wconf 82' lang='lat' dir='ltr'><strong>testiﬁcata</strong></span> <span class='ocrx_word' id='word_1_565' title='bbox 2466 2591 2496 2632; x_wconf 91' lang='lat' dir='ltr'><strong>a</strong></span> <span class='ocrx_word' id='word_1_566' title='bbox 2527 2574 2645 2648; x_wconf 90' lang='lat' dir='ltr'><strong>lege</strong></span> <span class='ocrx_word' id='word_1_567' title='bbox 2671 2583 2726 2632; x_wconf 85' lang='lat' dir='ltr'><strong>et</strong></span> <span class='ocrx_word' id='word_1_568' title='bbox 2774 2575 3080 2649; x_wconf 88' lang='lat' dir='ltr'><strong>prophetis.</strong></span> <span class='ocrx_word' id='word_1_569' title='bbox 3112 2600 3136 2626; x_wconf 75' lang='grc' dir='ltr'><strong>ιι</strong></span> <span class='ocrx_word' id='word_1_570' title='bbox 3161 2575 3215 2634; x_wconf 92' lang='lat' dir='ltr'><strong>Si</strong></span> <span class='ocrx_word' id='word_1_571' title='bbox 3243 2575 3498 2649; x_wconf 89' lang='lat' dir='ltr'><strong>gloriaris</strong></span> <span class='ocrx_word' id='word_1_572' title='bbox 3523 2575 3583 2631; x_wconf 89' lang='lat' dir='ltr'><strong>in</strong></span> <span class='ocrx_word' id='word_1_573' title='bbox 3603 2574 3744 2648; x_wconf 88' lang='lat' dir='ltr'><strong>lege,</strong></span> 
     </span>
    </p>
   </div>
   <div class='ocr_carea' id='block_1_71' title="bbox 2149 2664 3740 2739">
    <p class='ocr_par' dir='ltr' id='par_1_71' title="bbox 2149 2664 3740 2739">
     <span class='ocr_line' id='line_1_71' title="bbox 2149 2664 3740 2739; baseline 0.001 -20"><span class='ocrx_word' id='word_1_574' title='bbox 2149 2666 2233 2734; x_wconf 84' lang='lat' dir='ltr'><strong>tu,</strong></span> <span class='ocrx_word' id='word_1_575' title='bbox 2263 2665 2355 2736; x_wconf 90' lang='lat' dir='ltr'><strong>qui</strong></span> <span class='ocrx_word' id='word_1_576' title='bbox 2386 2664 2614 2722; x_wconf 72' lang='lat' dir='ltr'><strong>Judaeus</strong></span> <span class='ocrx_word' id='word_1_577' title='bbox 2637 2681 2717 2736; x_wconf 90' lang='lat' dir='ltr'><strong>es,</strong></span> <span class='ocrx_word' id='word_1_578' title='bbox 2741 2667 2963 2723; x_wconf 84' lang='lat' dir='ltr'><strong>noveris</strong></span> <span class='ocrx_word' id='word_1_579' title='bbox 2996 2666 3158 2723; x_wconf 90' lang='lat' dir='ltr'><strong>istam</strong></span> <span class='ocrx_word' id='word_1_580' title='bbox 3202 2665 3302 2723; x_wconf 87' lang='lat' dir='ltr'><strong>tibi</strong></span> <span class='ocrx_word' id='word_1_581' title='bbox 3334 2665 3560 2739; x_wconf 87' lang='lat' dir='ltr'><strong>majoris</strong></span> <span class='ocrx_word' id='word_1_582' title='bbox 3597 2680 3740 2738; x_wconf 86' lang='lat' dir='ltr'><strong>sup-</strong></span> 
     </span>
    </p>
   </div>
   <div class='ocr_carea' id='block_1_72' title="bbox 2138 2753 3740 2829">
    <p class='ocr_par' dir='ltr' id='par_1_72' title="bbox 2138 2753 3740 2829">
     <span class='ocr_line' id='line_1_72' title="bbox 2138 2753 3740 2829; baseline 0.001 -21"><span class='ocrx_word' id='word_1_583' title='bbox 2138 2753 2282 2826; x_wconf 92' lang='lat' dir='ltr'><strong>plicii</strong></span> <span class='ocrx_word' id='word_1_584' title='bbox 2305 2771 2533 2812; x_wconf 88' lang='lat' dir='ltr'><strong>causam</strong></span> <span class='ocrx_word' id='word_1_585' title='bbox 2590 2772 2728 2812; x_wconf 90' lang='lat' dir='ltr'><strong>esse.</strong></span> <span class='ocrx_word' id='word_1_586' title='bbox 2776 2759 2919 2813; x_wconf 88' lang='lat' dir='ltr'><strong>Nam</strong></span> <span class='ocrx_word' id='word_1_587' title='bbox 2957 2764 3248 2829; x_wconf 89' lang='lat' dir='ltr'><strong>peccatum</strong></span> <span class='ocrx_word' id='word_1_588' title='bbox 3296 2755 3396 2812; x_wconf 90' lang='lat' dir='ltr'><strong>tibi</strong></span> <span class='ocrx_word' id='word_1_589' title='bbox 3453 2754 3740 2828; x_wconf 91' lang='lat' dir='ltr'><strong>cognitum</strong></span> 
     </span>
    </p>
   </div>
   <div class='ocr_carea' id='block_1_73' title="bbox 2138 2841 3747 2920">
    <p class='ocr_par' dir='ltr' id='par_1_73' title="bbox 2138 2841 3747 2920">
     <span class='ocr_line' id='line_1_73' title="bbox 2138 2841 3747 2920; baseline 0.002 -22"><span class='ocrx_word' id='word_1_590' title='bbox 2138 2841 2394 2901; x_wconf 91' lang='lat' dir='ltr'><strong>reddidit.</strong></span> <span class='ocrx_word' id='word_1_591' title='bbox 2420 2847 2546 2901; x_wconf 89' lang='lat' dir='ltr'><strong>Jam</strong></span> <span class='ocrx_word' id='word_1_592' title='bbox 2571 2845 2808 2904; x_wconf 83' lang='lat' dir='ltr'><strong>scienter</strong></span> <span class='ocrx_word' id='word_1_593' title='bbox 2835 2845 3106 2920; x_wconf 89' lang='lat' dir='ltr'><strong>peccanti,</strong></span> <span class='ocrx_word' id='word_1_594' title='bbox 3139 2845 3318 2919; x_wconf 88' lang='lat' dir='ltr'><strong>major</strong></span> <span class='ocrx_word' id='word_1_595' title='bbox 3359 2860 3520 2918; x_wconf 71' lang='lat' dir='ltr'><strong>paena</strong></span> <span class='ocrx_word' id='word_1_596' title='bbox 3555 2845 3747 2901; x_wconf 89' lang='lat' dir='ltr'><strong>immi-</strong></span> 
     </span>
    </p>
   </div>
   <div class='ocr_carea' id='block_1_74' title="bbox 2137 2934 3746 3010">
    <p class='ocr_par' dir='ltr' id='par_1_74' title="bbox 2137 2934 3746 3010">
     <span class='ocr_line' id='line_1_74' title="bbox 2137 2934 3746 3010; baseline 0.002 -22"><span class='ocrx_word' id='word_1_597' title='bbox 2137 2940 2249 2989; x_wconf 87' lang='lat' dir='ltr'><strong>net.</strong></span> <span class='ocrx_word' id='word_1_598' title='bbox 2283 2934 2450 3006; x_wconf 87' lang='lat' dir='ltr'><strong>Atqui</strong></span> <span class='ocrx_word' id='word_1_599' title='bbox 2491 2951 2588 3009; x_wconf 93' lang='lat' dir='ltr'><strong>per</strong></span> <span class='ocrx_word' id='word_1_600' title='bbox 2607 2935 2873 3010; x_wconf 89' lang='lat' dir='ltr'><strong>ignaviam</strong></span> <span class='ocrx_word' id='word_1_601' title='bbox 2904 2944 3059 2993; x_wconf 90' lang='lat' dir='ltr'><strong>tuam</strong></span> <span class='ocrx_word' id='word_1_602' title='bbox 3096 2935 3203 2992; x_wconf 87' lang='lat' dir='ltr'><strong>hoc</strong></span> <span class='ocrx_word' id='word_1_603' title='bbox 3240 2935 3486 3010; x_wconf 86' lang='lat' dir='ltr'><strong>contigit.</strong></span> <span class='ocrx_word' id='word_1_604' title='bbox 3519 2935 3746 2992; x_wconf 87' lang='lat' dir='ltr'><strong>Etenim</strong></span> 
     </span>
    </p>
   </div>
   <div class='ocr_carea' id='block_1_75' title="bbox 2136 3023 3742 3098">
    <p class='ocr_par' dir='ltr' id='par_1_75' title="bbox 2136 3023 3742 3098">
     <span class='ocr_line' id='line_1_75' title="bbox 2136 3023 3742 3098; baseline 0.001 -19"><span class='ocrx_word' id='word_1_605' title='bbox 2136 3038 2264 3079; x_wconf 90' lang='lat' dir='ltr'><strong>cum</strong></span> <span class='ocrx_word' id='word_1_606' title='bbox 2294 3039 2408 3081; x_wconf 90' lang='lat' dir='ltr'><strong>non</strong></span> <span class='ocrx_word' id='word_1_607' title='bbox 2431 3023 2794 3083; x_wconf 88' lang='lat' dir='ltr'><strong>declinaveris</strong></span> <span class='ocrx_word' id='word_1_608' title='bbox 2816 3025 2967 3098; x_wconf 92' lang='lat' dir='ltr'><strong>quod</strong></span> <span class='ocrx_word' id='word_1_609' title='bbox 2996 3025 3235 3084; x_wconf 90' lang='lat' dir='ltr'><strong>innotuit</strong></span> <span class='ocrx_word' id='word_1_610' title='bbox 3272 3025 3371 3082; x_wconf 91' lang='lat' dir='ltr'><strong>tibi</strong></span> <span class='ocrx_word' id='word_1_611' title='bbox 3436 3033 3742 3096; x_wconf 89' lang='lat' dir='ltr'><strong>peccatum,</strong></span> 
     </span>
    </p>
   </div>
   <div class='ocr_carea' id='block_1_76' title="bbox 2135 3113 3746 3188">
    <p class='ocr_par' dir='ltr' id='par_1_76' title="bbox 2135 3113 3746 3188">
     <span class='ocr_line' id='line_1_76' title="bbox 2135 3113 3746 3188; baseline 0.001 -19"><span class='ocrx_word' id='word_1_612' title='bbox 2135 3113 2471 3186; x_wconf 92' lang='lat' dir='ltr'><strong>supplicium</strong></span> <span class='ocrx_word' id='word_1_613' title='bbox 2524 3115 2622 3173; x_wconf 84' lang='lat' dir='ltr'><strong>tibi</strong></span> <span class='ocrx_word' id='word_1_614' title='bbox 2677 3115 2854 3188; x_wconf 89' lang='lat' dir='ltr'><strong>majus</strong></span> <span class='ocrx_word' id='word_1_615' title='bbox 2925 3115 3243 3174; x_wconf 89' lang='lat' dir='ltr'><strong>conciliasti.</strong></span> <span class='ocrx_word' id='word_1_616' title='bbox 3302 3116 3620 3188; x_wconf 88' lang='lat' dir='ltr'><strong>Ecquanam</strong></span> <span class='ocrx_word' id='word_1_617' title='bbox 3661 3131 3746 3171; x_wconf 88' lang='lat' dir='ltr'><strong>ra-</strong></span> 
     </span>
    </p>
   </div>
   <div class='ocr_carea' id='block_1_77' title="bbox 2137 3202 3742 3278">
    <p class='ocr_par' dir='ltr' id='par_1_77' title="bbox 2137 3202 3742 3278">
     <span class='ocr_line' id='line_1_77' title="bbox 2137 3202 3742 3278; baseline 0.003 -21"><span class='ocrx_word' id='word_1_618' title='bbox 2137 3202 2286 3260; x_wconf 85' lang='lat' dir='ltr'><strong>tione</strong></span> <span class='ocrx_word' id='word_1_619' title='bbox 2320 3221 2351 3261; x_wconf 89' lang='lat' dir='ltr'><strong>a</strong></span> <span class='ocrx_word' id='word_1_620' title='bbox 2373 3221 2534 3278; x_wconf 73' lang='lat' dir='ltr'><strong>poena</strong></span> <span class='ocrx_word' id='word_1_621' title='bbox 2573 3205 2890 3264; x_wconf 90' lang='lat' dir='ltr'><strong>istiusmodi</strong></span> <span class='ocrx_word' id='word_1_622' title='bbox 2934 3205 3294 3264; x_wconf 82' lang='lat' dir='ltr'><strong>liberaberis?</strong></span> <span class='ocrx_word' id='word_1_623' title='bbox 3324 3205 3382 3263; x_wconf 90' lang='lat' dir='ltr'><strong>Si</strong></span> <span class='ocrx_word' id='word_1_624' title='bbox 3419 3205 3742 3278; x_wconf 88' lang='lat' dir='ltr'><strong>complexus</strong></span> 
     </span>
    </p>
   </div>
   <div class='ocr_carea' id='block_1_78' title="bbox 2135 3290 3744 3370">
    <p class='ocr_par' dir='ltr' id='par_1_78' title="bbox 2135 3290 3744 3370">
     <span class='ocr_line' id='line_1_78' title="bbox 2135 3290 3744 3370; baseline 0.002 -22"><span class='ocrx_word' id='word_1_625' title='bbox 2135 3290 2305 3349; x_wconf 88' lang='lat' dir='ltr'><strong>fueris</strong></span> <span class='ocrx_word' id='word_1_626' title='bbox 2329 3294 2599 3366; x_wconf 89' lang='lat' dir='ltr'><strong>justitiam</strong></span> <span class='ocrx_word' id='word_1_627' title='bbox 2625 3297 2754 3366; x_wconf 77' lang='lat' dir='ltr'><strong>Dei,</strong></span> <span class='ocrx_word' id='word_1_628' title='bbox 2785 3313 2910 3370; x_wconf 67' lang='lat' dir='ltr'><strong>qua:</strong></span> <span class='ocrx_word' id='word_1_629' title='bbox 2941 3297 3060 3354; x_wconf 90' lang='lat' dir='ltr'><strong>sine</strong></span> <span class='ocrx_word' id='word_1_630' title='bbox 3094 3297 3212 3369; x_wconf 85' lang='lat' dir='ltr'><strong>lege</strong></span> <span class='ocrx_word' id='word_1_631' title='bbox 3247 3303 3352 3353; x_wconf 92' lang='lat' dir='ltr'><strong>est.</strong></span> <span class='ocrx_word' id='word_1_632' title='bbox 3385 3297 3573 3353; x_wconf 87' lang='lat' dir='ltr'><strong>Justos</strong></span> <span class='ocrx_word' id='word_1_633' title='bbox 3592 3294 3744 3352; x_wconf 93' lang='lat' dir='ltr'><strong>enim</strong></span> 
     </span>
    </p>
   </div>
   <div class='ocr_carea' id='block_1_79' title="bbox 2136 3384 3745 3460">
    <p class='ocr_par' dir='ltr' id='par_1_79' title="bbox 2136 3384 3745 3460">
     <span class='ocr_line' id='line_1_79' title="bbox 2136 3384 3745 3460; baseline 0.001 -21"><span class='ocrx_word' id='word_1_634' title='bbox 2136 3397 2241 3440; x_wconf 86' lang='lat' dir='ltr'><strong>nos</strong></span> <span class='ocrx_word' id='word_1_635' title='bbox 2297 3385 2450 3442; x_wconf 91' lang='lat' dir='ltr'><strong>Deus</strong></span> <span class='ocrx_word' id='word_1_636' title='bbox 2485 3384 2680 3455; x_wconf 84' lang='lat' dir='ltr'><strong>efﬁcit,</strong></span> <span class='ocrx_word' id='word_1_637' title='bbox 2711 3386 2927 3444; x_wconf 90' lang='lat' dir='ltr'><strong>etiamsi</strong></span> <span class='ocrx_word' id='word_1_638' title='bbox 2957 3403 3122 3460; x_wconf 89' lang='lat' dir='ltr'><strong>opera</strong></span> <span class='ocrx_word' id='word_1_639' title='bbox 3150 3385 3310 3444; x_wconf 91' lang='lat' dir='ltr'><strong>nobis</strong></span> <span class='ocrx_word' id='word_1_640' title='bbox 3340 3385 3526 3444; x_wconf 90' lang='lat' dir='ltr'><strong>desint</strong></span> <span class='ocrx_word' id='word_1_641' title='bbox 3551 3405 3568 3442; x_wconf 89' lang='lat'><strong><em>:</em></strong></span> <span class='ocrx_word' id='word_1_642' title='bbox 3610 3401 3745 3442; x_wconf 91' lang='lat' dir='ltr'><strong>nam</strong></span> 
     </span>
    </p>
   </div>
   <div class='ocr_carea' id='block_1_80' title="bbox 2135 3473 3743 3547">
    <p class='ocr_par' dir='ltr' id='par_1_80' title="bbox 2135 3473 3743 3547">
     <span class='ocr_line' id='line_1_80' title="bbox 2135 3473 3743 3547; baseline 0.001 -19"><span class='ocrx_word' id='word_1_643' title='bbox 2135 3475 2287 3530; x_wconf 91' lang='lat' dir='ltr'><strong>Deus</strong></span> <span class='ocrx_word' id='word_1_644' title='bbox 2315 3483 2500 3547; x_wconf 90' lang='lat' dir='ltr'><strong>potest</strong></span> <span class='ocrx_word' id='word_1_645' title='bbox 2528 3475 2734 3533; x_wconf 91' lang='lat' dir='ltr'><strong>omnia.</strong></span> <span class='ocrx_word' id='word_1_646' title='bbox 2771 3477 2921 3534; x_wconf 91' lang='lat' dir='ltr'><strong>Belle</strong></span> <span class='ocrx_word' id='word_1_647' title='bbox 2952 3485 3142 3534; x_wconf 89' lang='lat' dir='ltr'><strong>autem</strong></span> <span class='ocrx_word' id='word_1_648' title='bbox 3177 3475 3316 3533; x_wconf 84' lang='lat' dir='ltr'><strong>dixit</strong></span> <span class='ocrx_word' id='word_1_649' title='bbox 3343 3495 3356 3532; x_wconf 90' lang='lat'>:</span> <span class='ocrx_word' id='word_1_650' title='bbox 3391 3473 3743 3533; x_wconf 78' lang='lat' dir='ltr'><strong>lllanifestata</strong></span> 
     </span>
    </p>
   </div>
   <div class='ocr_carea' id='block_1_81' title="bbox 2135 3565 3745 3639">
    <p class='ocr_par' dir='ltr' id='par_1_81' title="bbox 2135 3565 3745 3639">
     <span class='ocr_line' id='line_1_81' title="bbox 2135 3565 3745 3639; baseline 0.002 -20"><span class='ocrx_word' id='word_1_651' title='bbox 2135 3569 2239 3632; x_wconf 86' lang='lat' dir='ltr'><strong>est,</strong></span> <span class='ocrx_word' id='word_1_652' title='bbox 2278 3586 2304 3612; x_wconf 75' lang='grc' dir='ltr'>ι»</span> <span class='ocrx_word' id='word_1_653' title='bbox 2369 3573 2432 3622; x_wconf 90' lang='lat' dir='ltr'><strong>ut</strong></span> <span class='ocrx_word' id='word_1_654' title='bbox 2459 3573 2794 3624; x_wconf 87' lang='lat' dir='ltr'><strong>monstraret</strong></span> <span class='ocrx_word' id='word_1_655' title='bbox 2819 3581 2942 3623; x_wconf 90' lang='lat' dir='ltr'><strong>eam</strong></span> <span class='ocrx_word' id='word_1_656' title='bbox 2953 3567 3072 3639; x_wconf 90' lang='lat' dir='ltr'><strong>jam</strong></span> <span class='ocrx_word' id='word_1_657' title='bbox 3113 3567 3248 3624; x_wconf 88' lang='lat' dir='ltr'><strong>olim</strong></span> <span class='ocrx_word' id='word_1_658' title='bbox 3284 3565 3578 3635; x_wconf 87' lang='lat' dir='ltr'><strong>exstitisse,</strong></span> <span class='ocrx_word' id='word_1_659' title='bbox 3645 3565 3745 3622; x_wconf 89' lang='lat' dir='ltr'><strong>sed</strong></span> 
     </span>
    </p>
   </div>
   <div class='ocr_carea' id='block_1_82' title="bbox 2135 3649 3744 3729">
    <p class='ocr_par' dir='ltr' id='par_1_82' title="bbox 2135 3649 3744 3729">
     <span class='ocr_line' id='line_1_82' title="bbox 2135 3649 3744 3729; baseline 0.002 -21"><span class='ocrx_word' id='word_1_660' title='bbox 2135 3649 2537 3711; x_wconf 87' lang='lat' dir='ltr'><strong>absconditam.</strong></span> <span class='ocrx_word' id='word_1_661' title='bbox 2566 3656 2884 3726; x_wconf 86' lang='lat' dir='ltr'><strong>Quinetiam</strong></span> <span class='ocrx_word' id='word_1_662' title='bbox 2908 3672 3038 3713; x_wconf 91' lang='lat' dir='ltr'><strong>cum</strong></span> <span class='ocrx_word' id='word_1_663' title='bbox 3065 3655 3277 3729; x_wconf 87' lang='lat' dir='ltr'><strong>adjicit,</strong></span> <span class='ocrx_word' id='word_1_664' title='bbox 3313 3679 3339 3706; x_wconf 81' lang='grc' dir='ltr'><strong>ιι</strong></span> <span class='ocrx_word' id='word_1_665' title='bbox 3372 3655 3744 3728; x_wconf 90' lang='lat' dir='ltr'><strong>Comprobata</strong></span> 
     </span>
    </p>
   </div>
   <div class='ocr_carea' id='block_1_83' title="bbox 2135 3742 3745 3818">
    <p class='ocr_par' dir='ltr' id='par_1_83' title="bbox 2135 3742 3745 3818">
     <span class='ocr_line' id='line_1_83' title="bbox 2135 3742 3745 3818; baseline 0.004 -21"><span class='ocrx_word' id='word_1_666' title='bbox 2135 3757 2166 3797; x_wconf 92' lang='lat' dir='ltr'><strong>a</strong></span> <span class='ocrx_word' id='word_1_667' title='bbox 2188 3742 2305 3815; x_wconf 92' lang='lat' dir='ltr'><strong>lege</strong></span> <span class='ocrx_word' id='word_1_668' title='bbox 2324 3753 2380 3800; x_wconf 91' lang='lat' dir='ltr'><strong>et</strong></span> <span class='ocrx_word' id='word_1_669' title='bbox 2409 3745 2709 3818; x_wconf 89' lang='lat' dir='ltr'><strong>prophetis,</strong></span> <span class='ocrx_word' id='word_1_670' title='bbox 2744 3769 2770 3796; x_wconf 73' lang='grc' dir='ltr'>ι)</span> <span class='ocrx_word' id='word_1_671' title='bbox 2795 3745 2943 3803; x_wconf 91' lang='lat' dir='ltr'><strong>idem</strong></span> <span class='ocrx_word' id='word_1_672' title='bbox 2975 3745 3179 3804; x_wconf 90' lang='lat' dir='ltr'><strong>indicat</strong></span> <span class='ocrx_word' id='word_1_673' title='bbox 3209 3763 3223 3800; x_wconf 91' lang='lat'>:</span> <span class='ocrx_word' id='word_1_674' title='bbox 3251 3761 3367 3803; x_wconf 90' lang='lat' dir='ltr'><strong>non</strong></span> <span class='ocrx_word' id='word_1_675' title='bbox 3395 3761 3597 3803; x_wconf 90' lang='lat' dir='ltr'><strong>novam</strong></span> <span class='ocrx_word' id='word_1_676' title='bbox 3625 3760 3745 3803; x_wconf 89' lang='lat' dir='ltr'><strong>esse</strong></span> 
     </span>
    </p>
   </div>
   <div class='ocr_carea' id='block_1_84' title="bbox 2127 3831 3748 3910">
    <p class='ocr_par' dir='ltr' id='par_1_84' title="bbox 2127 3831 3748 3910">
     <span class='ocr_line' id='line_1_84' title="bbox 2127 3831 3748 3910; baseline 0.002 -24"><span class='ocrx_word' id='word_1_677' title='bbox 2127 3831 2424 3903; x_wconf 87' lang='lat' dir='ltr'><strong>justitiam,</strong></span> <span class='ocrx_word' id='word_1_678' title='bbox 2477 3834 2575 3891; x_wconf 91' lang='lat' dir='ltr'><strong>sed</strong></span> <span class='ocrx_word' id='word_1_679' title='bbox 2627 3851 2756 3892; x_wconf 92' lang='lat' dir='ltr'><strong>cum</strong></span> <span class='ocrx_word' id='word_1_680' title='bbox 2811 3836 2990 3910; x_wconf 87' lang='lat' dir='ltr'><strong>legem</strong></span> <span class='ocrx_word' id='word_1_681' title='bbox 3059 3836 3386 3906; x_wconf 86' lang='lat' dir='ltr'><strong>Mosaicam,</strong></span> <span class='ocrx_word' id='word_1_682' title='bbox 3446 3843 3571 3891; x_wconf 92' lang='lat' dir='ltr'><strong>tum</strong></span> <span class='ocrx_word' id='word_1_683' title='bbox 3624 3849 3748 3907; x_wconf 92' lang='lat' dir='ltr'><strong>pro-</strong></span> 
     </span>
    </p>
   </div>
   <div class='ocr_carea' id='block_1_85' title="bbox 2136 3920 3743 3998">
    <p class='ocr_par' dir='ltr' id='par_1_85' title="bbox 2136 3920 3743 3998">
     <span class='ocr_line' id='line_1_85' title="bbox 2136 3920 3743 3998; baseline 0.002 -21"><span class='ocrx_word' id='word_1_684' title='bbox 2136 3920 2330 3993; x_wconf 91' lang='lat' dir='ltr'><strong>phetas</strong></span> <span class='ocrx_word' id='word_1_685' title='bbox 2358 3922 2429 3980; x_wconf 90' lang='lat' dir='ltr'><strong>de</strong></span> <span class='ocrx_word' id='word_1_686' title='bbox 2473 3923 2576 3982; x_wconf 91' lang='lat' dir='ltr'><strong>hac</strong></span> <span class='ocrx_word' id='word_1_687' title='bbox 2616 3924 2814 3983; x_wconf 89' lang='lat' dir='ltr'><strong>fecisse</strong></span> <span class='ocrx_word' id='word_1_688' title='bbox 2852 3926 3018 3984; x_wconf 86' lang='lat' dir='ltr'><strong>verba</strong></span> <span class='ocrx_word' id='word_1_689' title='bbox 3063 3943 3077 3981; x_wconf 92' lang='lat'>:</span> <span class='ocrx_word' id='word_1_690' title='bbox 3112 3925 3345 3998; x_wconf 91' lang='lat' dir='ltr'><strong>proinde</strong></span> <span class='ocrx_word' id='word_1_691' title='bbox 3373 3923 3597 3998; x_wconf 89' lang='lat' dir='ltr'><strong>dignam</strong></span> <span class='ocrx_word' id='word_1_692' title='bbox 3624 3939 3743 3980; x_wconf 89' lang='lat' dir='ltr'><strong>esse</strong></span> 
     </span>
    </p>
   </div>
   <div class='ocr_carea' id='block_1_86' title="bbox 2137 4012 3742 4090">
    <p class='ocr_par' dir='ltr' id='par_1_86' title="bbox 2137 4012 3742 4090">
     <span class='ocr_line' id='line_1_86' title="bbox 2137 4012 3742 4090; baseline 0.002 -22"><span class='ocrx_word' id='word_1_693' title='bbox 2137 4027 2263 4084; x_wconf 69' lang='lat' dir='ltr'><strong>qua:</strong></span> <span class='ocrx_word' id='word_1_694' title='bbox 2316 4014 2675 4088; x_wconf 85' lang='lat' dir='ltr'><strong>suscipiatur;</strong></span> <span class='ocrx_word' id='word_1_695' title='bbox 2731 4015 2949 4074; x_wconf 91' lang='lat' dir='ltr'><strong>etiamsi</strong></span> <span class='ocrx_word' id='word_1_696' title='bbox 2988 4016 3135 4073; x_wconf 90' lang='lat' dir='ltr'><strong>enim</strong></span> <span class='ocrx_word' id='word_1_697' title='bbox 3181 4015 3299 4073; x_wconf 90' lang='lat' dir='ltr'><strong>sine</strong></span> <span class='ocrx_word' id='word_1_698' title='bbox 3338 4014 3457 4090; x_wconf 88' lang='lat' dir='ltr'><strong>lege</strong></span> <span class='ocrx_word' id='word_1_699' title='bbox 3493 4015 3587 4085; x_wconf 90' lang='lat' dir='ltr'><strong>sit,</strong></span> <span class='ocrx_word' id='word_1_700' title='bbox 3635 4012 3742 4087; x_wconf 89' lang='lat' dir='ltr'><strong>legi</strong></span> 
     </span>
    </p>
   </div>
   <div class='ocr_carea' id='block_1_87' title="bbox 2135 4105 3749 4181">
    <p class='ocr_par' dir='ltr' id='par_1_87' title="bbox 2135 4105 3749 4181">
     <span class='ocr_line' id='line_1_87' title="bbox 2135 4105 3749 4181; baseline 0.002 -22"><span class='ocrx_word' id='word_1_701' title='bbox 2135 4109 2322 4160; x_wconf 85' lang='lat' dir='ltr'><strong>tamen</strong></span> <span class='ocrx_word' id='word_1_702' title='bbox 2343 4121 2656 4165; x_wconf 90' lang='lat' dir='ltr'><strong>consonum</strong></span> <span class='ocrx_word' id='word_1_703' title='bbox 2686 4123 2830 4180; x_wconf 90' lang='lat' dir='ltr'><strong>esse,</strong></span> <span class='ocrx_word' id='word_1_704' title='bbox 2859 4115 2921 4166; x_wconf 89' lang='lat' dir='ltr'><strong>ut</strong></span> <span class='ocrx_word' id='word_1_705' title='bbox 2940 4123 3038 4181; x_wconf 90' lang='lat' dir='ltr'><strong>per</strong></span> <span class='ocrx_word' id='word_1_706' title='bbox 3059 4123 3183 4165; x_wconf 89' lang='lat' dir='ltr'><strong>eam</strong></span> <span class='ocrx_word' id='word_1_707' title='bbox 3207 4106 3486 4180; x_wconf 87' lang='lat' dir='ltr'><strong>justitiam</strong></span> <span class='ocrx_word' id='word_1_708' title='bbox 3513 4121 3617 4163; x_wconf 88' lang='lat' dir='ltr'><strong>nos</strong></span> <span class='ocrx_word' id='word_1_709' title='bbox 3655 4105 3749 4178; x_wconf 87' lang='lat' dir='ltr'><strong>ju-</strong></span> 
     </span>
    </p>
   </div>
   <div class='ocr_carea' id='block_1_88' title="bbox 2135 4193 2457 4255">
    <p class='ocr_par' dir='ltr' id='par_1_88' title="bbox 2135 4193 2457 4255">
     <span class='ocr_line' id='line_1_88' title="bbox 2135 4193 2457 4255; baseline 0.016 -5"><span class='ocrx_word' id='word_1_710' title='bbox 2135 4193 2457 4255; x_wconf 85' lang='lat' dir='ltr'><strong>stiﬁcemur.</strong></span> 
     </span>
    </p>
   </div>
   <div class='ocr_carea' id='block_1_89' title="bbox 2209 4285 3743 4363">
    <p class='ocr_par' dir='ltr' id='par_1_89' title="bbox 2209 4285 3743 4363">
     <span class='ocr_line' id='line_1_89' title="bbox 2209 4285 3743 4363; baseline 0.002 -21"><span class='ocrx_word' id='word_1_711' title='bbox 2209 4287 2392 4344; x_wconf 74' lang='lat' dir='ltr'><strong>Vens.</strong></span> <span class='ocrx_word' id='word_1_712' title='bbox 2414 4290 2594 4345; x_wconf 81' lang='lat'><strong>22-24.</strong></span> <span class='ocrx_word' id='word_1_713' title='bbox 2621 4311 2646 4338; x_wconf 77' lang='grc' dir='ltr'><strong><em>α</em></strong></span> <span class='ocrx_word' id='word_1_714' title='bbox 2663 4287 2883 4346; x_wconf 79' lang='lat' dir='ltr'><strong>Iustitia</strong></span> <span class='ocrx_word' id='word_1_715' title='bbox 2905 4297 3096 4346; x_wconf 92' lang='lat' dir='ltr'><strong>autem</strong></span> <span class='ocrx_word' id='word_1_716' title='bbox 3113 4287 3218 4346; x_wconf 92' lang='lat' dir='ltr'><strong>Dei</strong></span> <span class='ocrx_word' id='word_1_717' title='bbox 3241 4304 3342 4363; x_wconf 90' lang='lat' dir='ltr'><strong>per</strong></span> <span class='ocrx_word' id='word_1_718' title='bbox 3366 4285 3530 4347; x_wconf 84' lang='lat' dir='ltr'><strong>ﬁdem</strong></span> <span class='ocrx_word' id='word_1_719' title='bbox 3550 4287 3743 4346; x_wconf 88' lang='lat' dir='ltr'><strong>Jesum</strong></span> 
     </span>
    </p>
   </div>
   <div class='ocr_carea' id='block_1_90' title="bbox 2135 4373 3743 4453">
    <p class='ocr_par' dir='ltr' id='par_1_90' title="bbox 2135 4373 3743 4453">
     <span class='ocr_line' id='line_1_90' title="bbox 2135 4373 3743 4453; baseline 0.004 -23"><span class='ocrx_word' id='word_1_720' title='bbox 2135 4373 2341 4433; x_wconf 89' lang='lat' dir='ltr'><strong>Christi</strong></span> <span class='ocrx_word' id='word_1_721' title='bbox 2384 4376 2438 4433; x_wconf 93' lang='lat' dir='ltr'><strong>in</strong></span> <span class='ocrx_word' id='word_1_722' title='bbox 2461 4394 2655 4437; x_wconf 92' lang='lat' dir='ltr'><strong>omnes</strong></span> <span class='ocrx_word' id='word_1_723' title='bbox 2677 4387 2734 4436; x_wconf 91' lang='lat' dir='ltr'><strong>et</strong></span> <span class='ocrx_word' id='word_1_724' title='bbox 2753 4395 2918 4453; x_wconf 91' lang='lat' dir='ltr'><strong>super</strong></span> <span class='ocrx_word' id='word_1_725' title='bbox 2938 4395 3136 4437; x_wconf 88' lang='lat' dir='ltr'><strong>omnes</strong></span> <span class='ocrx_word' id='word_1_726' title='bbox 3191 4379 3284 4453; x_wconf 93' lang='lat' dir='ltr'><strong>qui</strong></span> <span class='ocrx_word' id='word_1_727' title='bbox 3323 4377 3555 4436; x_wconf 89' lang='lat' dir='ltr'><strong>credunt</strong></span> <span class='ocrx_word' id='word_1_728' title='bbox 3583 4397 3596 4433; x_wconf 92' lang='lat'>:</span> <span class='ocrx_word' id='word_1_729' title='bbox 3628 4393 3743 4436; x_wconf 91' lang='lat' dir='ltr'><strong>non</strong></span> 
     </span>
    </p>
   </div>
   <div class='ocr_carea' id='block_1_91' title="bbox 2136 4465 3745 4541">
    <p class='ocr_par' dir='ltr' id='par_1_91' title="bbox 2136 4465 3745 4541">
     <span class='ocr_line' id='line_1_91' title="bbox 2136 4465 3745 4541; baseline 0.003 -22"><span class='ocrx_word' id='word_1_730' title='bbox 2136 4465 2281 4523; x_wconf 90' lang='lat' dir='ltr'><strong>enim</strong></span> <span class='ocrx_word' id='word_1_731' title='bbox 2329 4475 2416 4524; x_wconf 91' lang='lat' dir='ltr'><strong>est</strong></span> <span class='ocrx_word' id='word_1_732' title='bbox 2457 4468 2759 4526; x_wconf 90' lang='lat' dir='ltr'><strong>distinctio.</strong></span> <span class='ocrx_word' id='word_1_733' title='bbox 2786 4471 3002 4527; x_wconf 91' lang='lat' dir='ltr'><strong>Omnes</strong></span> <span class='ocrx_word' id='word_1_734' title='bbox 3054 4469 3203 4527; x_wconf 90' lang='lat' dir='ltr'><strong>enim</strong></span> <span class='ocrx_word' id='word_1_735' title='bbox 3239 4476 3630 4541; x_wconf 90' lang='lat' dir='ltr'><strong>peccaverunt,</strong></span> <span class='ocrx_word' id='word_1_736' title='bbox 3687 4476 3745 4524; x_wconf 89' lang='lat' dir='ltr'><strong>et</strong></span> 
     </span>
    </p>
   </div>
   <div class='ocr_carea' id='block_1_92' title="bbox 419 4530 2027 4631">
    <p class='ocr_par' dir='ltr' id='par_1_92' title="bbox 419 4530 2024 4631">
     <span class='ocr_line' id='line_1_92' title="bbox 419 4530 2024 4631; baseline 0.003 -28"><span class='ocrx_word' id='word_1_737' title='bbox 419 4566 510 4604; x_wconf 90' lang='grc' dir='ltr'><strong>ται</strong></span> <span class='ocrx_word' id='word_1_738' title='bbox 539 4548 632 4617; x_wconf 76' lang='grc' dir='ltr'><strong>τῆς</strong></span> <span class='ocrx_word' id='word_1_739' title='bbox 667 4544 819 4620; x_wconf 80' lang='grc' dir='ltr'>δόξης</span> <span class='ocrx_word' id='word_1_740' title='bbox 847 4551 941 4606; x_wconf 89' lang='grc' dir='ltr'><strong>τοῦ</strong></span> <span class='ocrx_word' id='word_1_741' title='bbox 967 4551 1135 4611; x_wconf 90' lang='grc' dir='ltr'>Θεοῦ.</span> <span class='ocrx_word' id='word_1_742' title='bbox 1163 4530 1566 4627; x_wconf 46' lang='grc' dir='ltr'>“Δίκαιούμενοι</span> <span class='ocrx_word' id='word_1_743' title='bbox 1589 4549 1793 4631; x_wconf 82' lang='grc' dir='ltr'>δωρεὰν</span> <span class='ocrx_word' id='word_1_744' title='bbox 1819 4530 1887 4631; x_wconf 65' lang='grc' dir='ltr'><strong>’τῇἒ</strong></span> <span class='ocrx_word' id='word_1_745' title='bbox 1921 4552 1984 4610; x_wconf 83' lang='grc' dir='ltr'>αὖ</span> <span class='ocrx_word' id='word_1_746' title='bbox 2006 4587 2024 4598; x_wconf 86' lang='lat'><strong><em>-</em></strong></span> 
     </span>
    </p>
   </div>
   <div class='ocr_carea' id='block_1_93' title="bbox 2136 4530 3743 4631">
    <p class='ocr_par' dir='ltr' id='par_1_93' title="bbox 2136 4530 3743 4631">
     <span class='ocr_line' id='line_1_93' title="bbox 2136 4530 3743 4631; baseline 0.002 -21"><span class='ocrx_word' id='word_1_747' title='bbox 2136 4563 2298 4628; x_wconf 89' lang='lat' dir='ltr'><strong>egent</strong></span> <span class='ocrx_word' id='word_1_748' title='bbox 2337 4557 2510 4631; x_wconf 89' lang='lat' dir='ltr'><strong>gloria</strong></span> <span class='ocrx_word' id='word_1_749' title='bbox 2549 4558 2677 4616; x_wconf 91' lang='lat' dir='ltr'><strong>Dei.</strong></span> <span class='ocrx_word' id='word_1_750' title='bbox 2727 4559 3022 4616; x_wconf 86' lang='lat' dir='ltr'><strong>Justiﬁcati</strong></span> <span class='ocrx_word' id='word_1_751' title='bbox 3071 4530 3259 4631; x_wconf 48' lang='lat' dir='ltr'><strong>gratis.</strong></span> <span class='ocrx_word' id='word_1_752' title='bbox 3278 4574 3374 4631; x_wconf 89' lang='lat' dir='ltr'><strong>per</strong></span> <span class='ocrx_word' id='word_1_753' title='bbox 3405 4530 3632 4631; x_wconf 83' lang='lat' dir='ltr'><strong>gratiam</strong></span> <span class='ocrx_word' id='word_1_754' title='bbox 3664 4555 3743 4630; x_wconf 86' lang='lat' dir='ltr'><strong>ip-</strong></span> 
     </span>
    </p>
   </div>
   <div class='ocr_carea' id='block_1_94' title="bbox 421 4635 2024 4721">
    <p class='ocr_par' dir='ltr' id='par_1_94' title="bbox 421 4635 2024 4721">
     <span class='ocr_line' id='line_1_94' title="bbox 421 4635 2024 4721; baseline 0.003 -27"><span class='ocrx_word' id='word_1_755' title='bbox 421 4639 516 4694; x_wconf 84' lang='lat'><strong>103</strong></span> <span class='ocrx_word' id='word_1_756' title='bbox 562 4635 782 4716; x_wconf 82' lang='grc' dir='ltr'>χάριτι,</span> <span class='ocrx_word' id='word_1_757' title='bbox 841 4636 928 4696; x_wconf 86' lang='grc' dir='ltr'><strong>διὰ</strong></span> <span class='ocrx_word' id='word_1_758' title='bbox 960 4643 1054 4712; x_wconf 79' lang='grc' dir='ltr'><strong>τῆς</strong></span> <span class='ocrx_word' id='word_1_759' title='bbox 1095 4637 1519 4720; x_wconf 79' lang='grc' dir='ltr'>ἀπολυτρώσεως</span> <span class='ocrx_word' id='word_1_760' title='bbox 1569 4643 1664 4712; x_wconf 81' lang='grc' dir='ltr'><strong>τῆς</strong></span> <span class='ocrx_word' id='word_1_761' title='bbox 1710 4642 1762 4699; x_wconf 83' lang='grc' dir='ltr'><strong>ἐν</strong></span> <span class='ocrx_word' id='word_1_762' title='bbox 1803 4643 2024 4721; x_wconf 84' lang='grc' dir='ltr'>Χριστῷ</span> 
     </span>
    </p>
   </div>
   <div class='ocr_carea' id='block_1_95' title="bbox 425 4723 2022 4812">
    <p class='ocr_par' dir='ltr' id='par_1_95' title="bbox 425 4723 2022 4812">
     <span class='ocr_line' id='line_1_95' title="bbox 425 4723 2022 4812; baseline 0.004 -27"><span class='ocrx_word' id='word_1_763' title='bbox 425 4723 626 4796; x_wconf 88' lang='grc' dir='ltr'>Ἰησοῦ.</span> <span class='ocrx_word' id='word_1_764' title='bbox 657 4749 684 4784; x_wconf 84' lang='grc'><strong>»</strong></span> <span class='ocrx_word' id='word_1_765' title='bbox 715 4725 786 4787; x_wconf 86' lang='grc' dir='ltr'><strong>Ἦ</strong></span> <span class='ocrx_word' id='word_1_766' title='bbox 823 4726 1131 4802; x_wconf 87' lang='grc' dir='ltr'>δικαιοσύνη</span> <span class='ocrx_word' id='word_1_767' title='bbox 1163 4727 1218 4788; x_wconf 81' lang='grc' dir='ltr'>δὲ</span> <span class='ocrx_word' id='word_1_768' title='bbox 1259 4727 1392 4802; x_wconf 78' lang='grc' dir='ltr'>αὕτη</span> <span class='ocrx_word' id='word_1_769' title='bbox 1413 4776 1428 4805; x_wconf 95' lang='grc'><strong>,</strong></span> <span class='ocrx_word' id='word_1_770' title='bbox 1465 4730 1629 4812; x_wconf 73' lang='grc' dir='ltr'>φησὶ,</span> <span class='ocrx_word' id='word_1_771' title='bbox 1659 4729 1929 4790; x_wconf 84' lang='grc' dir='ltr'>τουτέστιν</span> <span class='ocrx_word' id='word_1_772' title='bbox 1948 4779 1964 4809; x_wconf 89' lang='grc'><strong>,</strong></span> <span class='ocrx_word' id='word_1_773' title='bbox 1988 4737 2022 4806; x_wconf 88' lang='grc' dir='ltr'>ἡ</span> 
     </span>
    </p>
   </div>
   <div class='ocr_carea' id='block_1_96' title="bbox 425 4814 2022 4902">
    <p class='ocr_par' dir='ltr' id='par_1_96' title="bbox 425 4814 2022 4902">
     <span class='ocr_line' id='line_1_96' title="bbox 425 4814 2022 4902; baseline 0.006 -31"><span class='ocrx_word' id='word_1_774' title='bbox 425 4814 722 4893; x_wconf 75' lang='grc' dir='ltr'>δικαίωσις,</span> <span class='ocrx_word' id='word_1_775' title='bbox 749 4816 814 4890; x_wconf 78' lang='grc' dir='ltr'><strong>ἣν</strong></span> <span class='ocrx_word' id='word_1_776' title='bbox 845 4818 1039 4877; x_wconf 84' lang='grc' dir='ltr'>δικαιοῖ</span> <span class='ocrx_word' id='word_1_777' title='bbox 1077 4823 1221 4896; x_wconf 77' lang='grc' dir='ltr'>ἡμᾶς</span> <span class='ocrx_word' id='word_1_778' title='bbox 1252 4821 1280 4878; x_wconf 87' lang='lat'><strong>6</strong></span> <span class='ocrx_word' id='word_1_779' title='bbox 1309 4818 1475 4895; x_wconf 81' lang='grc' dir='ltr'>Θεὸς,</span> <span class='ocrx_word' id='word_1_780' title='bbox 1508 4818 1728 4902; x_wconf 81' lang='grc' dir='ltr'>ἔρχεται</span> <span class='ocrx_word' id='word_1_781' title='bbox 1758 4821 1830 4890; x_wconf 81' lang='grc' dir='ltr'><strong>εἰς</strong></span> <span class='ocrx_word' id='word_1_782' title='bbox 1875 4821 2022 4883; x_wconf 87' lang='grc' dir='ltr'>πάν-</span> 
     </span>
    </p>
   </div>
   <div class='ocr_carea' id='block_1_97' title="bbox 423 4903 2025 4991">
    <p class='ocr_par' dir='ltr' id='par_1_97' title="bbox 423 4903 2025 4991">
     <span class='ocr_line' id='line_1_97' title="bbox 423 4903 2025 4991; baseline 0.006 -29"><span class='ocrx_word' id='word_1_783' title='bbox 423 4926 520 4972; x_wconf 87' lang='grc' dir='ltr'><strong>τας</strong></span> <span class='ocrx_word' id='word_1_784' title='bbox 549 4903 636 4964; x_wconf 78' lang='grc' dir='ltr'><strong>διὰ</strong></span> <span class='ocrx_word' id='word_1_785' title='bbox 688 4905 953 4976; x_wconf 76' lang='grc' dir='ltr'>πίστεωςο</span> <span class='ocrx_word' id='word_1_786' title='bbox 1005 4907 1333 4990; x_wconf 75' lang='grc' dir='ltr'>εἰσφέροντες</span> <span class='ocrx_word' id='word_1_787' title='bbox 1377 4911 1483 4991; x_wconf 77' lang='grc' dir='ltr'><strong>γὰρ</strong></span> <span class='ocrx_word' id='word_1_788' title='bbox 1531 4910 1626 4982; x_wconf 83' lang='grc' dir='ltr'><strong>τὴν</strong></span> <span class='ocrx_word' id='word_1_789' title='bbox 1662 4909 1884 4987; x_wconf 81' lang='grc' dir='ltr'>πίστιν,</span> <span class='ocrx_word' id='word_1_790' title='bbox 1937 4914 2025 4972; x_wconf 85' lang='grc' dir='ltr'>δι-</span> 
     </span>
    </p>
   </div>
   <div class='ocr_carea' id='block_1_98' title="bbox 421 4995 2024 5075">
    <p class='ocr_par' dir='ltr' id='par_1_98' title="bbox 421 4995 2024 5075">
     <span class='ocr_line' id='line_1_98' title="bbox 421 4995 2024 5075; baseline 0.006 -23"><span class='ocrx_word' id='word_1_791' title='bbox 421 4995 716 5073; x_wconf 84' lang='grc' dir='ltr'>καιούμεθα</span> <span class='ocrx_word' id='word_1_792' title='bbox 743 4998 966 5074; x_wconf 85' lang='grc' dir='ltr'>πάντες,</span> <span class='ocrx_word' id='word_1_793' title='bbox 997 4999 1089 5058; x_wconf 82' lang='grc' dir='ltr'><strong>καὶ</strong></span> <span class='ocrx_word' id='word_1_794' title='bbox 1133 4998 1379 5062; x_wconf 84' lang='grc' dir='ltr'>Ἰουδαῖοι</span> <span class='ocrx_word' id='word_1_795' title='bbox 1423 4999 1517 5060; x_wconf 78' lang='grc' dir='ltr'><strong>καὶ</strong></span> <span class='ocrx_word' id='word_1_796' title='bbox 1561 4999 1841 5075; x_wconf 82' lang='grc' dir='ltr'>Ἕλληνες.</span> <span class='ocrx_word' id='word_1_797' title='bbox 1880 5023 1912 5061; x_wconf 69' lang='grc' dir='ltr'><strong>α</strong></span> <span class='ocrx_word' id='word_1_798' title='bbox 1943 5005 2024 5065; x_wconf 81' lang='grc' dir='ltr'><strong>Οὐ</strong></span> 
     </span>
    </p>
   </div>
   <div class='ocr_carea' id='block_1_99' title="bbox 417 5083 2025 5168">
    <p class='ocr_par' dir='ltr' id='par_1_99' title="bbox 417 5083 2025 5168">
     <span class='ocr_line' id='line_1_99' title="bbox 417 5083 2025 5168; baseline 0.007 -25"><span class='ocrx_word' id='word_1_799' title='bbox 417 5083 525 5164; x_wconf 79' lang='grc' dir='ltr'><strong>γὰρ</strong></span> <span class='ocrx_word' id='word_1_800' title='bbox 554 5085 664 5146; x_wconf 75' lang='grc' dir='ltr'>ἔστι</span> <span class='ocrx_word' id='word_1_801' title='bbox 683 5087 965 5162; x_wconf 86' lang='grc' dir='ltr'>διαστολή.</span> <span class='ocrx_word' id='word_1_802' title='bbox 993 5115 1018 5143; x_wconf 79' lang='grc' dir='ltr'><strong>ιι</strong></span> <span class='ocrx_word' id='word_1_803' title='bbox 1045 5086 1191 5151; x_wconf 78' lang='grc' dir='ltr'><strong>Οὐδὲ</strong></span> <span class='ocrx_word' id='word_1_804' title='bbox 1219 5090 1402 5164; x_wconf 81' lang='grc' dir='ltr'>ἐπειδὴ</span> <span class='ocrx_word' id='word_1_805' title='bbox 1432 5089 1596 5168; x_wconf 90' lang='grc' dir='ltr'>νόμον</span> <span class='ocrx_word' id='word_1_806' title='bbox 1621 5089 1811 5150; x_wconf 78' lang='grc' dir='ltr'>ἔλαϐεν</span> <span class='ocrx_word' id='word_1_807' title='bbox 1833 5095 1861 5152; x_wconf 90' lang='lat'><strong>6</strong></span> <span class='ocrx_word' id='word_1_808' title='bbox 1889 5089 2025 5155; x_wconf 87' lang='grc' dir='ltr'>Ἰου-</span> 
     </span>
    </p>
   </div>
   <div class='ocr_carea' id='block_1_100' title="bbox 413 5175 2025 5264">
    <p class='ocr_par' dir='ltr' id='par_1_100' title="bbox 413 5175 2025 5264">
     <span class='ocr_line' id='line_1_100' title="bbox 413 5175 2025 5264; baseline 0.007 -31"><span class='ocrx_word' id='word_1_809' title='bbox 413 5175 602 5264; x_wconf 85' lang='grc' dir='ltr'>δαῖος,</span> <span class='ocrx_word' id='word_1_810' title='bbox 653 5187 985 5259; x_wconf 79' lang='grc' dir='ltr'>προτιμᾶται</span> <span class='ocrx_word' id='word_1_811' title='bbox 1031 5185 1124 5242; x_wconf 92' lang='grc' dir='ltr'><strong>τοῦ</strong></span> <span class='ocrx_word' id='word_1_812' title='bbox 1175 5176 1466 5253; x_wconf 83' lang='grc' dir='ltr'>Ἕλληνος.</span> <span class='ocrx_word' id='word_1_813' title='bbox 1499 5178 1756 5264; x_wconf 86' lang='grc' dir='ltr'>Ἥμαρτε</span> <span class='ocrx_word' id='word_1_814' title='bbox 1786 5181 1890 5263; x_wconf 80' lang='grc' dir='ltr'><strong>γὰρ</strong></span> <span class='ocrx_word' id='word_1_815' title='bbox 1933 5184 2025 5244; x_wconf 76' lang='grc' dir='ltr'><strong>καὶ</strong></span> 
     </span>
    </p>
   </div>
   <div class='ocr_carea' id='block_1_101' title="bbox 412 5263 2026 5352">
    <p class='ocr_par' dir='ltr' id='par_1_101' title="bbox 412 5263 2026 5352">
     <span class='ocr_line' id='line_1_101' title="bbox 412 5263 2026 5352; baseline 0.006 -27"><span class='ocrx_word' id='word_1_816' title='bbox 412 5263 574 5334; x_wconf 84' lang='grc' dir='ltr'>αὖτὸς</span> <span class='ocrx_word' id='word_1_817' title='bbox 594 5310 614 5341; x_wconf 87' lang='grc'><strong>,</strong></span> <span class='ocrx_word' id='word_1_818' title='bbox 658 5266 751 5329; x_wconf 75' lang='grc' dir='ltr'><strong>ἅτε</strong></span> <span class='ocrx_word' id='word_1_819' title='bbox 780 5267 931 5350; x_wconf 82' lang='grc' dir='ltr'>παρὰ</span> <span class='ocrx_word' id='word_1_820' title='bbox 977 5272 1070 5330; x_wconf 89' lang='grc' dir='ltr'><strong>τοῦ</strong></span> <span class='ocrx_word' id='word_1_821' title='bbox 1114 5267 1280 5350; x_wconf 87' lang='grc' dir='ltr'>νόμου</span> <span class='ocrx_word' id='word_1_822' title='bbox 1327 5270 1426 5346; x_wconf 74' lang='grc' dir='ltr'><strong>τὴν</strong></span> <span class='ocrx_word' id='word_1_823' title='bbox 1477 5263 1676 5352; x_wconf 89' lang='grc' dir='ltr'>γνῶσιν</span> <span class='ocrx_word' id='word_1_824' title='bbox 1723 5272 1888 5351; x_wconf 86' lang='grc' dir='ltr'>μόνην</span> <span class='ocrx_word' id='word_1_825' title='bbox 1931 5278 2026 5348; x_wconf 83' lang='grc' dir='ltr'><strong>τῆς</strong></span> 
     </span>
    </p>
   </div>
   <div class='ocr_carea' id='block_1_102' title="bbox 415 5354 2018 5445">
    <p class='ocr_par' dir='ltr' id='par_1_102' title="bbox 415 5354 2018 5445">
     <span class='ocr_line' id='line_1_102' title="bbox 415 5354 2018 5445; baseline 0.006 -30"><span class='ocrx_word' id='word_1_826' title='bbox 415 5354 691 5440; x_wconf 70' lang='grc' dir='ltr'>ἁμαρτίας</span> <span class='ocrx_word' id='word_1_827' title='bbox 712 5358 877 5442; x_wconf 78' lang='grc' dir='ltr'>ἔχων,</span> <span class='ocrx_word' id='word_1_828' title='bbox 909 5359 1035 5443; x_wconf 81' lang='grc' dir='ltr'>οὖχὶ</span> <span class='ocrx_word' id='word_1_829' title='bbox 1069 5361 1163 5422; x_wconf 85' lang='grc' dir='ltr'>καὶ</span> <span class='ocrx_word' id='word_1_830' title='bbox 1191 5360 1289 5435; x_wconf 78' lang='grc' dir='ltr'><strong>τὴν</strong></span> <span class='ocrx_word' id='word_1_831' title='bbox 1321 5361 1623 5445; x_wconf 75' lang='grc' dir='ltr'>ἀποφυγήν.</span> <span class='ocrx_word' id='word_1_832' title='bbox 1649 5363 1716 5424; x_wconf 80' lang='grc' dir='ltr'>Εἰ</span> <span class='ocrx_word' id='word_1_833' title='bbox 1735 5363 1791 5423; x_wconf 78' lang='grc' dir='ltr'>δὲ</span> <span class='ocrx_word' id='word_1_834' title='bbox 1821 5363 1914 5424; x_wconf 72' lang='grc' dir='ltr'>καὶ</span> <span class='ocrx_word' id='word_1_835' title='bbox 1941 5366 2018 5445; x_wconf 79' lang='grc' dir='ltr'><strong>μὴ</strong></span> 
     </span>
    </p>
   </div>
   <div class='ocr_carea' id='block_1_103' title="bbox 413 5445 2021 5536">
    <p class='ocr_par' dir='ltr' id='par_1_103' title="bbox 413 5445 2021 5536">
     <span class='ocr_line' id='line_1_103' title="bbox 413 5445 2021 5536; baseline 0.004 -25"><span class='ocrx_word' id='word_1_836' title='bbox 413 5445 660 5533; x_wconf 81' lang='grc' dir='ltr'>ἥμαρτεν</span> <span class='ocrx_word' id='word_1_837' title='bbox 691 5449 860 5520; x_wconf 74' lang='grc' dir='ltr'>οὕτως</span> <span class='ocrx_word' id='word_1_838' title='bbox 899 5453 970 5521; x_wconf 80' lang='grc' dir='ltr'>ὣς</span> <span class='ocrx_word' id='word_1_839' title='bbox 1003 5453 1034 5512; x_wconf 90' lang='lat'><strong>6</strong></span> <span class='ocrx_word' id='word_1_840' title='bbox 1053 5450 1293 5533; x_wconf 83' lang='grc' dir='ltr'>Ἕλλην,</span> <span class='ocrx_word' id='word_1_841' title='bbox 1338 5453 1481 5514; x_wconf 78' lang='grc' dir='ltr'>ἀλλὰ</span> <span class='ocrx_word' id='word_1_842' title='bbox 1517 5456 1614 5528; x_wconf 84' lang='grc' dir='ltr'><strong>τῆς</strong></span> <span class='ocrx_word' id='word_1_843' title='bbox 1651 5452 1804 5530; x_wconf 82' lang='grc' dir='ltr'>δόξης</span> <span class='ocrx_word' id='word_1_844' title='bbox 1822 5455 2021 5536; x_wconf 75' lang='grc' dir='ltr'>ὁμοίως</span> 
     </span>
    </p>
   </div>
   <div class='ocr_carea' id='block_1_104' title="bbox 2132 4645 3738 4724">
    <p class='ocr_par' dir='ltr' id='par_1_104' title="bbox 2132 4645 3738 4724">
     <span class='ocr_line' id='line_1_104' title="bbox 2132 4645 3738 4724; baseline -0.002 -23"><span class='ocrx_word' id='word_1_845' title='bbox 2132 4645 2265 4716; x_wconf 88' lang='lat' dir='ltr'><strong>sius,</strong></span> <span class='ocrx_word' id='word_1_846' title='bbox 2283 4663 2400 4720; x_wconf 80' lang='lat' dir='ltr'><strong>&#39;per</strong></span> <span class='ocrx_word' id='word_1_847' title='bbox 2435 4649 2874 4723; x_wconf 89' lang='lat' dir='ltr'><strong>redemptionem</strong></span> <span class='ocrx_word' id='word_1_848' title='bbox 2910 4665 3034 4724; x_wconf 78' lang='lat' dir='ltr'><strong>quae</strong></span> <span class='ocrx_word' id='word_1_849' title='bbox 3063 4658 3148 4708; x_wconf 90' lang='lat' dir='ltr'><strong>est</strong></span> <span class='ocrx_word' id='word_1_850' title='bbox 3172 4649 3231 4705; x_wconf 90' lang='lat' dir='ltr'><strong>in</strong></span> <span class='ocrx_word' id='word_1_851' title='bbox 3277 4647 3498 4705; x_wconf 89' lang='lat' dir='ltr'><strong>Christo</strong></span> <span class='ocrx_word' id='word_1_852' title='bbox 3527 4649 3680 4704; x_wconf 89' lang='lat' dir='ltr'><strong>Jesu.</strong></span> <span class='ocrx_word' id='word_1_853' title='bbox 3712 4671 3738 4697; x_wconf 78' lang='grc' dir='ltr'>ι.</span> 
     </span>
    </p>
   </div>
   <div class='ocr_carea' id='block_1_105' title="bbox 2137 4735 3744 4812">
    <p class='ocr_par' dir='ltr' id='par_1_105' title="bbox 2137 4735 3744 4812">
     <span class='ocr_line' id='line_1_105' title="bbox 2137 4735 3744 4812; baseline 0.002 -20"><span class='ocrx_word' id='word_1_854' title='bbox 2137 4767 2163 4792; x_wconf 80' lang='grc' dir='ltr'><strong>ιι</strong></span> <span class='ocrx_word' id='word_1_855' title='bbox 2191 4735 2437 4810; x_wconf 87' lang='lat' dir='ltr'><strong>Justitia,</strong></span> <span class='ocrx_word' id='word_1_856' title='bbox 2462 4763 2488 4790; x_wconf 67' lang='grc' dir='ltr'><strong>ν</strong></span> <span class='ocrx_word' id='word_1_857' title='bbox 2509 4739 2711 4812; x_wconf 90' lang='lat' dir='ltr'><strong>inquit,</strong></span> <span class='ocrx_word' id='word_1_858' title='bbox 2734 4739 2861 4811; x_wconf 91' lang='lat' dir='ltr'><strong>ista,</strong></span> <span class='ocrx_word' id='word_1_859' title='bbox 2880 4738 2993 4796; x_wconf 91' lang='lat' dir='ltr'><strong>hoc</strong></span> <span class='ocrx_word' id='word_1_860' title='bbox 3017 4746 3128 4809; x_wconf 87' lang='lat' dir='ltr'><strong>est,</strong></span> <span class='ocrx_word' id='word_1_861' title='bbox 3164 4737 3486 4812; x_wconf 83' lang='lat' dir='ltr'><strong>justiﬁcatio</strong></span> <span class='ocrx_word' id='word_1_862' title='bbox 3507 4755 3614 4812; x_wconf 89' lang='lat' dir='ltr'><strong>qua</strong></span> <span class='ocrx_word' id='word_1_863' title='bbox 3638 4753 3744 4796; x_wconf 90' lang='lat' dir='ltr'><strong>nos</strong></span> 
     </span>
    </p>
   </div>
   <div class='ocr_carea' id='block_1_106' title="bbox 2126 4827 3744 4906">
    <p class='ocr_par' dir='ltr' id='par_1_106' title="bbox 2126 4827 3744 4906">
     <span class='ocr_line' id='line_1_106' title="bbox 2126 4827 3744 4906; baseline -0.004 -16"><span class='ocrx_word' id='word_1_864' title='bbox 2126 4830 2448 4906; x_wconf 85' lang='lat' dir='ltr'><strong>justiﬁcavit</strong></span> <span class='ocrx_word' id='word_1_865' title='bbox 2473 4833 2646 4898; x_wconf 90' lang='lat' dir='ltr'><strong>Deus,</strong></span> <span class='ocrx_word' id='word_1_866' title='bbox 2677 4830 2829 4886; x_wconf 89' lang='lat' dir='ltr'><strong>venit</strong></span> <span class='ocrx_word' id='word_1_867' title='bbox 2882 4829 2940 4885; x_wconf 92' lang='lat' dir='ltr'><strong>in</strong></span> <span class='ocrx_word' id='word_1_868' title='bbox 2993 4844 3188 4887; x_wconf 87' lang='lat' dir='ltr'><strong>omnes</strong></span> <span class='ocrx_word' id='word_1_869' title='bbox 3234 4845 3334 4902; x_wconf 91' lang='lat' dir='ltr'><strong>per</strong></span> <span class='ocrx_word' id='word_1_870' title='bbox 3361 4827 3546 4887; x_wconf 79' lang='lat' dir='ltr'><strong>ﬁdem.</strong></span> <span class='ocrx_word' id='word_1_871' title='bbox 3583 4827 3744 4886; x_wconf 81' lang='lat' dir='ltr'><strong>Affe—</strong></span> 
     </span>
    </p>
   </div>
   <div class='ocr_carea' id='block_1_107' title="bbox 2135 4916 3740 4993">
    <p class='ocr_par' dir='ltr' id='par_1_107' title="bbox 2135 4916 3740 4993">
     <span class='ocr_line' id='line_1_107' title="bbox 2135 4916 3740 4993; baseline -0.004 -13"><span class='ocrx_word' id='word_1_872' title='bbox 2135 4930 2320 4980; x_wconf 89' lang='lat' dir='ltr'><strong>rentes</strong></span> <span class='ocrx_word' id='word_1_873' title='bbox 2348 4920 2500 4978; x_wconf 90' lang='lat' dir='ltr'><strong>enim</strong></span> <span class='ocrx_word' id='word_1_874' title='bbox 2534 4918 2733 4991; x_wconf 84' lang='lat' dir='ltr'><strong>ﬁdem,</strong></span> <span class='ocrx_word' id='word_1_875' title='bbox 2754 4919 3151 4993; x_wconf 81' lang='lat' dir='ltr'><strong>justiﬁcamur,</strong></span> <span class='ocrx_word' id='word_1_876' title='bbox 3185 4942 3211 4970; x_wconf 78' lang='grc' dir='ltr'><strong>α</strong></span> <span class='ocrx_word' id='word_1_877' title='bbox 3257 4935 3474 4989; x_wconf 90' lang='lat' dir='ltr'><strong>omnes,</strong></span> <span class='ocrx_word' id='word_1_878' title='bbox 3506 4943 3533 4970; x_wconf 70' lang='grc' dir='ltr'>π</span> <span class='ocrx_word' id='word_1_879' title='bbox 3561 4916 3740 4977; x_wconf 67' lang='lat' dir='ltr'><strong>Judaei</strong></span> 
     </span>
    </p>
   </div>
   <div class='ocr_carea' id='block_1_108' title="bbox 2134 5007 3742 5084">
    <p class='ocr_par' dir='ltr' id='par_1_108' title="bbox 2134 5007 3742 5084">
     <span class='ocr_line' id='line_1_108' title="bbox 2134 5007 3742 5084; baseline -0.004 -14"><span class='ocrx_word' id='word_1_880' title='bbox 2134 5021 2190 5070; x_wconf 91' lang='lat' dir='ltr'><strong>et</strong></span> <span class='ocrx_word' id='word_1_881' title='bbox 2219 5010 2422 5072; x_wconf 76' lang='lat' dir='ltr'><strong>Graeci.</strong></span> <span class='ocrx_word' id='word_1_882' title='bbox 2453 5029 2482 5063; x_wconf 81' lang='grc' dir='ltr'>(ι</span> <span class='ocrx_word' id='word_1_883' title='bbox 2513 5011 2636 5068; x_wconf 81' lang='lat' dir='ltr'><strong>Non</strong></span> <span class='ocrx_word' id='word_1_884' title='bbox 2667 5011 2814 5068; x_wconf 90' lang='lat' dir='ltr'><strong>enim</strong></span> <span class='ocrx_word' id='word_1_885' title='bbox 2842 5019 2928 5068; x_wconf 89' lang='lat' dir='ltr'><strong>est</strong></span> <span class='ocrx_word' id='word_1_886' title='bbox 2955 5009 3262 5069; x_wconf 87' lang='lat' dir='ltr'><strong>distinctio.</strong></span> <span class='ocrx_word' id='word_1_887' title='bbox 3299 5034 3326 5062; x_wconf 71' lang='grc' dir='ltr'><strong>ι</strong></span> <span class='ocrx_word' id='word_1_888' title='bbox 3358 5012 3554 5084; x_wconf 88' lang='lat' dir='ltr'><strong>Neque</strong></span> <span class='ocrx_word' id='word_1_889' title='bbox 3591 5007 3742 5083; x_wconf 88' lang='lat' dir='ltr'><strong>quod</strong></span> 
     </span>
    </p>
   </div>
   <div class='ocr_carea' id='block_1_109' title="bbox 2134 5096 3739 5176">
    <p class='ocr_par' dir='ltr' id='par_1_109' title="bbox 2134 5096 3739 5176">
     <span class='ocr_line' id='line_1_109' title="bbox 2134 5096 3739 5176; baseline -0.003 -16"><span class='ocrx_word' id='word_1_890' title='bbox 2134 5103 2317 5176; x_wconf 89' lang='lat' dir='ltr'><strong>legem</strong></span> <span class='ocrx_word' id='word_1_891' title='bbox 2363 5101 2634 5173; x_wconf 88' lang='lat' dir='ltr'><strong>acceperit</strong></span> <span class='ocrx_word' id='word_1_892' title='bbox 2674 5100 2922 5172; x_wconf 72' lang='lat' dir='ltr'><strong>Judacus,</strong></span> <span class='ocrx_word' id='word_1_893' title='bbox 2962 5110 3254 5174; x_wconf 89' lang='lat' dir='ltr'><strong>propterea</strong></span> <span class='ocrx_word' id='word_1_894' title='bbox 3311 5099 3599 5174; x_wconf 70' lang='lat' dir='ltr'><strong>praefertur</strong></span> <span class='ocrx_word' id='word_1_895' title='bbox 3625 5096 3739 5169; x_wconf 74' lang='lat'><strong>29</strong></span> 
     </span>
    </p>
   </div>
   <div class='ocr_carea' id='block_1_110' title="bbox 2134 5188 3738 5266">
    <p class='ocr_par' dir='ltr' id='par_1_110' title="bbox 2134 5188 3738 5266">
     <span class='ocr_line' id='line_1_110' title="bbox 2134 5188 3738 5266; baseline -0.006 -14"><span class='ocrx_word' id='word_1_896' title='bbox 2134 5195 2353 5252; x_wconf 67' lang='lat' dir='ltr'><strong>Grmco.</strong></span> <span class='ocrx_word' id='word_1_897' title='bbox 2404 5191 2695 5266; x_wconf 91' lang='lat' dir='ltr'><strong>Siquidem</strong></span> <span class='ocrx_word' id='word_1_898' title='bbox 2751 5198 2808 5248; x_wconf 89' lang='lat' dir='ltr'><strong>et</strong></span> <span class='ocrx_word' id='word_1_899' title='bbox 2862 5191 2978 5265; x_wconf 89' lang='lat' dir='ltr'><strong>ipse</strong></span> <span class='ocrx_word' id='word_1_900' title='bbox 3022 5190 3276 5263; x_wconf 87' lang='lat' dir='ltr'><strong>deliquit,</strong></span> <span class='ocrx_word' id='word_1_901' title='bbox 3307 5189 3509 5263; x_wconf 90' lang='lat' dir='ltr'><strong>quippe</strong></span> <span class='ocrx_word' id='word_1_902' title='bbox 3563 5188 3659 5262; x_wconf 89' lang='lat' dir='ltr'><strong>qui</strong></span> <span class='ocrx_word' id='word_1_903' title='bbox 3706 5203 3738 5244; x_wconf 90' lang='lat' dir='ltr'><strong>a</strong></span> 
     </span>
    </p>
   </div>
   <div class='ocr_carea' id='block_1_111' title="bbox 2134 5278 3739 5359">
    <p class='ocr_par' dir='ltr' id='par_1_111' title="bbox 2134 5278 3739 5359">
     <span class='ocr_line' id='line_1_111' title="bbox 2134 5278 3739 5359; baseline -0.004 -18"><span class='ocrx_word' id='word_1_904' title='bbox 2134 5283 2253 5359; x_wconf 88' lang='lat' dir='ltr'><strong>lege</strong></span> <span class='ocrx_word' id='word_1_905' title='bbox 2300 5282 2476 5340; x_wconf 89' lang='lat' dir='ltr'><strong>solam</strong></span> <span class='ocrx_word' id='word_1_906' title='bbox 2532 5281 2743 5355; x_wconf 90' lang='lat' dir='ltr'><strong>peccati</strong></span> <span class='ocrx_word' id='word_1_907' title='bbox 2815 5280 3194 5355; x_wconf 89' lang='lat' dir='ltr'><strong>cognitionem</strong></span> <span class='ocrx_word' id='word_1_908' title='bbox 3267 5278 3564 5352; x_wconf 89' lang='lat' dir='ltr'><strong>acceperit,</strong></span> <span class='ocrx_word' id='word_1_909' title='bbox 3620 5293 3739 5335; x_wconf 92' lang='lat' dir='ltr'><strong>non</strong></span> 
     </span>
    </p>
   </div>
   <div class='ocr_carea' id='block_1_112' title="bbox 2129 5367 3732 5448">
    <p class='ocr_par' dir='ltr' id='par_1_112' title="bbox 2129 5367 3732 5448">
     <span class='ocr_line' id='line_1_112' title="bbox 2129 5367 3732 5448; baseline -0.006 -15"><span class='ocrx_word' id='word_1_910' title='bbox 2129 5374 2296 5433; x_wconf 87' lang='lat' dir='ltr'><strong>etiam</strong></span> <span class='ocrx_word' id='word_1_911' title='bbox 2316 5373 2526 5448; x_wconf 87' lang='lat' dir='ltr'><strong>peccati</strong></span> <span class='ocrx_word' id='word_1_912' title='bbox 2552 5371 2770 5446; x_wconf 84' lang='lat' dir='ltr'><strong>fugam.</strong></span> <span class='ocrx_word' id='word_1_913' title='bbox 2796 5369 2959 5443; x_wconf 85' lang='lat' dir='ltr'><strong>Quod</strong></span> <span class='ocrx_word' id='word_1_914' title='bbox 3000 5369 3047 5428; x_wconf 88' lang='lat' dir='ltr'><strong>si</strong></span> <span class='ocrx_word' id='word_1_915' title='bbox 3075 5386 3189 5429; x_wconf 92' lang='lat' dir='ltr'><strong>non</strong></span> <span class='ocrx_word' id='word_1_916' title='bbox 3238 5369 3378 5428; x_wconf 86' lang='lat' dir='ltr'><strong>adeo</strong></span> <span class='ocrx_word' id='word_1_917' title='bbox 3397 5367 3646 5442; x_wconf 88' lang='lat' dir='ltr'><strong>peccavit</strong></span> <span class='ocrx_word' id='word_1_918' title='bbox 3669 5374 3732 5426; x_wconf 91' lang='lat' dir='ltr'><strong>ut</strong></span> 
     </span>
    </p>
   </div>
   <div class='ocr_carea' id='block_1_113' title="bbox 2129 5459 3740 5540">
    <p class='ocr_par' dir='ltr' id='par_1_113' title="bbox 2129 5459 3740 5540">
     <span class='ocr_line' id='line_1_113' title="bbox 2129 5459 3740 5540; baseline -0.005 -15"><span class='ocrx_word' id='word_1_919' title='bbox 2129 5465 2380 5537; x_wconf 60' lang='lat' dir='ltr'><strong>Graecus,</strong></span> <span class='ocrx_word' id='word_1_920' title='bbox 2409 5463 2581 5540; x_wconf 89' lang='lat' dir='ltr'><strong>gloria</strong></span> <span class='ocrx_word' id='word_1_921' title='bbox 2634 5469 2823 5521; x_wconf 90' lang='lat' dir='ltr'><strong>tamen</strong></span> <span class='ocrx_word' id='word_1_922' title='bbox 2855 5475 3037 5537; x_wconf 75' lang='lat' dir='ltr'><strong>_aeque</strong></span> <span class='ocrx_word' id='word_1_923' title='bbox 3087 5459 3319 5521; x_wconf 87' lang='lat' dir='ltr'><strong>orbatus</strong></span> <span class='ocrx_word' id='word_1_924' title='bbox 3382 5463 3597 5535; x_wconf 51' lang='lat' dir='ltr'><strong>est,;ut</strong></span> <span class='ocrx_word' id='word_1_925' title='bbox 3643 5459 3740 5534; x_wconf 92' lang='lat' dir='ltr'><strong>qui</strong></span> 
     </span>
    </p>
   </div>
   <div class='ocr_carea' id='block_1_114' title="bbox 1833 5612 2374 5678">
    <p class='ocr_par' dir='ltr' id='par_1_114' title="bbox 1833 5612 2374 5678">
     <span class='ocr_line' id='line_1_114' title="bbox 1833 5612 2374 5678; baseline 0.009 -6"><span class='ocrx_word' id='word_1_926' title='bbox 1833 5612 2023 5677; x_wconf 64' lang='lat' dir='ltr'><strong>Varia</strong></span> <span class='ocrx_word' id='word_1_927' title='bbox 2064 5615 2374 5678; x_wconf 86' lang='lat' dir='ltr'><strong>lectiones.</strong></span> 
     </span>
    </p>
   </div>
   <div class='ocr_carea' id='block_1_115' title="bbox 490 5733 2814 5814">
    <p class='ocr_par' dir='ltr' id='par_1_115' title="bbox 490 5733 2814 5814">
     <span class='ocr_line' id='line_1_115' title="bbox 490 5733 2814 5814; baseline 0.002 -24"><span class='ocrx_word' id='word_1_928' title='bbox 490 5733 535 5770; x_wconf 82' lang='grc'><strong>³¹</strong></span> <span class='ocrx_word' id='word_1_929' title='bbox 579 5737 710 5808; x_wconf 85' lang='grc' dir='ltr'>μόνα</span> <span class='ocrx_word' id='word_1_930' title='bbox 731 5752 788 5795; x_wconf 93' lang='lat' dir='ltr'><strong>o.</strong></span> <span class='ocrx_word' id='word_1_931' title='bbox 868 5734 914 5771; x_wconf 76' lang='grc'><strong>³³</strong></span> <span class='ocrx_word' id='word_1_932' title='bbox 945 5733 1385 5809; x_wconf 69' lang='grc' dir='ltr'>μεγαλοφροσύνην</span> <span class='ocrx_word' id='word_1_933' title='bbox 1415 5753 1470 5797; x_wconf 93' lang='lat' dir='ltr'><strong>o.</strong></span> <span class='ocrx_word' id='word_1_934' title='bbox 1546 5737 2017 5814; x_wconf 78' lang='grc' dir='ltr'>⁸³ῥυμοφερομένην</span> <span class='ocrx_word' id='word_1_935' title='bbox 2045 5759 2100 5801; x_wconf 91' lang='lat' dir='ltr'><strong>o.</strong></span> <span class='ocrx_word' id='word_1_936' title='bbox 2176 5742 2222 5779; x_wconf 68' lang='grc'><strong>³⁸</strong></span> <span class='ocrx_word' id='word_1_937' title='bbox 2260 5742 2311 5797; x_wconf 82' lang='grc' dir='ltr'><strong>τι</strong></span> <span class='ocrx_word' id='word_1_938' title='bbox 2339 5758 2394 5800; x_wconf 91' lang='lat'><strong>0.</strong></span> <span class='ocrx_word' id='word_1_939' title='bbox 2468 5738 2513 5777; x_wconf 79' lang='grc'><strong>⁸⁵</strong></span> <span class='ocrx_word' id='word_1_940' title='bbox 2543 5739 2731 5795; x_wconf 78' lang='grc' dir='ltr'>παλαιὰ</span> <span class='ocrx_word' id='word_1_941' title='bbox 2758 5753 2814 5797; x_wconf 87' lang='grc' dir='ltr'>ο.</span> 
     </span>
    </p>
   </div>
  </div>
