4150 6468
407 445 509 500 387

1426 438 1936 496 THEOPHYLACTI
1975 408 2686 496 BULGARUE'ARCHIEP.

3610 443 3712 498 388

401 565 629 624 omnino
661 564 845 623 Deum
879 563 1199 622 offenderit.
1231 565 1357 621 Jam
1384 564 1477 638 qui
1507 562 1740 622 oﬂendit
1791 567 1991 633 Deum,

2119 564 2513 647 ἀπεστέρηται,
2545 565 2913 649 προσκρούσας
2946 567 3081 634 ὅλως
3108 569 3186 647 τῷ
3210 567 3338 646 Θεῷ
3356 588 3369 603 ο
3401 568 3428 624 6
3457 565 3513 625 δὲ
3542 589 3714 647 προσ-

399 657 766 732 ignominiam
794 665 960 724 certe,
1007 672 1120 711 non
1166 655 1403 728 gloriam
1434 654 1619 712 refert.
1656 659 1729 712 At
1753 655 1904 712 enim
1933 669 2005 711 ne

399 747 745 822 despondeas
795 754 1084 820 pr0pterea
1113 747 1379 803 animum.
1412 746 1795 803 Justiﬁcantur
1850 746 2001 803 enim

401 855 598 898 omnes
627 838 799 912 gratis
843 837 1015 908 gratia
1040 837 1140 894 Dei
1165 855 1178 892 :
1207 853 1333 911 quae
1359 837 1532 910 gratia
1550 852 1646 910 per
1667 837 2004 909 redemptio-

401 945 534 987 nem
559 929 644 1000 ﬁt,
677 929 785 986 hoc
826 933 928 998 est,
959 926 1257 1001 perfectam
1299 928 1615 985 libertatem
1659 944 1827 1000 quam
1870 943 2006 1000 ope-

398 1029 555 1078 ratus
603 1027 688 1076 est
737 1018 1015 1075 Christus.
1045 1020 1170 1091 Ipse
1193 1018 1341 1074 enim
1387 1033 1506 1075 sese
1552 1019 1610 1073 in
1640 1019 1880 1092 pretium
1922 1033 2006 1074 re-

399 1108 749 1184 demptionis
773 1109 932 1177 dans,
941 1108 1272 1181 justiﬁeavit
1300 1123 1424 1166 nos.

469 1203 652 1258 Vnns.
686 1205 868 1256 25-26.
903 1220 932 1250 ιι
981 1201 1162 1271 Quem
1190 1198 1475 1272 proposuit
1525 1201 1679 1255 Deus
1709 1213 1804 1271 per
1835 1196 2003 1254 ﬁdem

403 1290 860 1364 propitiatorium
914 1289 968 1345 in
1026 1289 1157 1362 ipsis
1231 1289 1516 1360 sanguine,
1600 1288 1671 1346 ad
1733 1288 2004 1345 ostensio-

400 1397 531 1438 nem
554 1379 790 1456 justitiaa
846 1395 964 1437 suae
995 1387 1216 1453 propter
1271 1379 1660 1436 remissionem
1691 1378 2004 1452 praeterito-

402 1487 528 1529 rum
565 1470 914 1528 delictorum.
973 1473 1038 1526 In
1078 1469 1483 1526 sustentatione
1533 1468 1636 1526 Dei
1688 1469 1757 1525 ad
1816 1475 2004 1525 osten-

401 1561 619 1618 sionem
658 1561 890 1635 justitiaz
931 1560 1049 1633 ejus
1079 1559 1136 1616 in
1162 1559 1270 1617 hoc
1321 1567 1598 1632 tempore,
1653 1568 1714 1616 ut
1767 1558 1841 1616 sit
1891 1558 2009 1631 ipse

403 1650 600 1723 iustus,
651 1660 706 1708 et
743 1649 1056 1724 justiﬁcans
1109 1666 1241 1707 eum
1268 1649 1360 1722 qui
1407 1659 1494 1707 est
1535 1666 1604 1706 ex
1652 1647 1760 1706 ﬁde
1787 1651 1938 1706 Jesu.
1973 1671 1998 1698 υ

406 1763 433 1791 α
507 1740 875 1814 Propitiatorii
923 1749 977 1798 et
1014 1740 1298 1814 sanguinis
1354 1763 1381 1789 η
1442 1739 1721 1808 meminit,
1769 1748 1833 1796 ut
1877 1755 2008 1811 per-

403 1831 600 1890 suadet
651 1832 867 1900 Judaeo,
919 1830 1074 1902 quod
1153 1848 1252 1904 per
1300 1829 1585 1888 Christum
1640 1829 1902 1888 remissio
1953 1837 2009 1885 et

392 1920 720 1994 justiﬁcatio
777 1922 894 1980 ﬁat.
948 1921 1005 1979 Si
1057 1921 1202 1979 enim
1231 1929 1311 1991 tu,
1343 1922 1543 1994 inquit,
1597 1921 1860 1993 sanguine
1907 1935 2007 1991 pe-

403 1991 606 2070 cudum
657 2013 789 2072 dilui
841 2021 1066 2085 peccata
1104 1991 1438 2079 credidisti;
1467 2011 1648 2068 multo
1696 1991 1877 2082 magis
1951 2009 2006 2068 id
2037 1991 2086 2054 Β

402 2102 672 2176 sanguine
703 2102 903 2160 Christi
931 2102 1042 2158 ﬁet.
1066 2100 1230 2175 Quod
1255 2101 1301 2156 si
1335 2100 1778 2172 propitiatorium
1807 2099 2002 2171 legale,

403 2191 609 2250 Christi
634 2201 800 2265 typus
835 2191 1138 2259 exsistens,
1172 2198 1396 2247 tantum
1418 2190 1664 2259 valuerit,
1697 2188 1872 2245 multo
1895 2205 2005 2246 ma-

402 2283 486 2357 gis
513 2281 634 2355 ipsa
675 2281 876 2339 veritas
902 2280 1120 2337 valebit.
1163 2279 1613 2352 Propitiatorium
1675 2286 1859 2335 autem
1910 2295 2007 2336 vo-

403 2373 632 2431 cabatur
676 2387 820 2429 arcze
848 2371 1262 2444 cooperculum,
1295 2369 1447 2444 quod
1490 2386 1557 2428 ex
1587 2377 1816 2444 utraque
1854 2377 2007 2444 parte

399 2462 692 2522 cherubim
724 2461 1080 2534 obtegebant.
1107 2459 1393 2519 Indicabat
1419 2469 1608 2518 autem
1636 2461 1867 2518 omnino
1898 2459 2006 2517 hu-

405 2569 628 2611 manam
653 2563 933 2622 naturam,
964 2567 1088 2626 qua:
1107 2551 1519 2625 coopertorium
1548 2559 1664 2608 erat
1691 2550 2005 2621 divinitatis,

403 2654 705 2719 contegens
732 2644 924 2719 ipsam.
959 2642 1392 2700 Gloriﬁcabatur
1421 2650 1611 2700 autem
1653 2641 1721 2698 ab
1748 2641 2008 2714 angelicis

404 2733 701 2792 virtutibus
755 2733 1186 2791 ministrantibus
1217 2733 1288 2802 ei,
1339 2740 1562 2805 propter
1591 2732 1854 2788 unionem
1883 2747 2008 2804 quae

405 2825 452 2882 ei
477 2841 605 2882 cum
637 2828 756 2882 Deo
811 2823 995 2882 Verbo
1033 2831 1171 2881 erat.
1223 2845 1249 2872 α
1304 2821 1653 2894 Proposuit»
1685 2837 1815 2879 vero
1846 2821 2005 2891 dixit,

406 2922 470 2973 ut
520 2914 834 2973 ostenderet
847 2914 970 2987 jam
1021 2913 1158 2970 olim
1201 2912 1600 2987 praedeﬁnitam
1645 2927 1766 2969 esse
1793 2911 2010 2968 redem-

408 3006 660 3080 ptionem
689 3021 788 3080 per
808 3006 942 3062 Jesu
978 3003 1184 3062 Christi
1223 3003 1578 3076 sanguinem,
1607 3002 1676 3059 ad
1701 3001 2009 3060 sanandam

407 3099 700 3170 paralysin,
759 3095 867 3153 hoc
916 3104 1021 3166 est,
1073 3093 1568 3152 mortiﬁcationem
1653 3100 2009 3168 peccatorum

404 3197 564 3247 antea
594 3186 991 3256 admissurum,
1043 3207 1070 3236 ιο
1101 3184 1159 3241 in
1206 3183 1475 3258 patientia
1518 3182 1643 3240 Dei.
1675 3205 1701 3234 ι
1747 3182 2011 3254 Quamvis

2115 655 2343 735 κρούσας
2397 656 2657 738 αἰσχύνην
2708 662 3026 738 καρποῦται,
3078 657 3137 716 οὗ
3186 656 3362 724 δόξαν.
3414 655 3575 716 Ἀλλὰ
3637 654 3713 734 μὴ

2119 746 2394 826 ἀπογνῷς·
2444 748 2773 808 δικαιοῦνται
2815 748 2916 829 γὰρ
2961 748 3155 816 πάντες
3191 744 3392 827 δωρεὰν
3530 747 3715 828 χάριτι

2112 840 2204 893 τοῦ
2231 838 2394 897 Θεοῦο
2439 835 2556 910 ἥτις
2579 839 2737 920 χάρις
2766 837 2853 898 διὰ
2897 843 2990 912 τῆς
3017 838 3438 918 ἀπολυτρώσεως
3467 836 3712 916 γίνεται,

2111 925 2396 1006 τουτέστι,
2444 931 2537 1010 τῆς
2597 928 2801 996 τελείας
2852 929 3182 1010 ἐλευθερίας,
3235 928 3301 1000 ἣν
3349 927 3635 1009 ἐνήργησεν
3687 931 3716 988 6

2113 1016 2365 1098 Χριστός.
2404 1009 2576 1087 Οὗτος
2618 1018 2722 1102 γὰρ
2752 1019 2940 1102 λύτρον
2990 1009 3178 1080 ἑαυτὸν
3210 1015 3363 1096 δοὺς,
3404 1017 3711 1079 ἐδικαίωσεν

2112 1109 2276 1185 ἡμᾶς.

2205 1195 2361 1258 ((⁸ον
2389 1197 2643 1278 προέθετο
2681 1201 2709 1258 6
2738 1198 2874 1268 Θεὸς
2915 1197 3223 1281 ἱλαστήριον
3265 1198 3352 1260 διὰ
3383 1196 3613 1268 πίστεως
3660 1199 3715 1258 ἐν

2113 1289 2189 1368 τῷ
2229 1289 2390 1348 αὐτοῦ
2439 1285 2659 1366 αἵματι,
2712 1292 2783 1359 εἷς
2831 1289 3045 1360 ἔνδειξιν
3086 1295 3184 1364 τῆς
3233 1289 3570 1364 δικαιοσύνης
3615 1291 3715 1348 αὖ·

2112 1384 2204 1439 τοῦ
2225 1425 2241 1456 ,
2271 1378 2356 1438 διὰ
2389 1377 2485 1453 τὴν
2531 1380 2758 1462 πάρεσιν
2789 1385 2896 1441 τῶν
2940 1383 3335 1464 προγεγονότων
3373 1379 3709 1462 ἁμαρτημά-

2113 1492 2250 1528 των·
2303 1471 2357 1530 ἐν
2500 1470 2670 1552 ἀνοχῇ
2723 1476 2817 1530 τοῦ
2847 1474 3028 1552 Θεοῦ,
3070 1472 3198 1553 πρὸς
3243 1471 3459 1542 ἔνδειξιν
3509 1473 3716 1553 τῆς-,δι-

2113 1557 2398 1633 καιοσύνης
2449 1562 2641 1635 αὐτοῦ,
2701 1563 2754 1621 ἐν
2810 1567 2884 1644 τῶ
2937 1568 3028 1623 νῦν
3086 1567 3290 1646 καιρῷ,
3345 1566 3416 1633 εἷς
3465 1562 3525 1622 τὸ
3581 1551 3715 1620 εἶναι

2116 1649 2270 1710 αὐτὸν
2305 1649 2536 1726 δίκαιον,
2589 1651 2680 1710 καὶ
2740 1654 3047 1714 δικαιοῦντα
3099 1652 3188 1712 τὸν
3236 1656 3297 1712 ἐκ
3325 1654 3555 1721 πίστεως
3596 1651 3713 1725 Ἰηο

2116 1744 2233 1801 σοῦ.
2271 1761 2300 1798 ι
2354 1738 2693 1822 Ἱλαστηρίου
2728 1741 2819 1801 καὶ
2852 1742 3078 1820 αἵματος
3129 1743 3438 1823 μέμνηται,
3483 1744 3617 1824 πρὸς
3656 1742 3717 1800 τὸ

2117 1830 2296 1888 πεῖσαι
2325 1829 2414 1889 τὸν
2463 1831 2754 1907 Ἰουδαῖον,
2798 1831 2878 1892 ὅτι
2929 1835 2982 1892 ἐν
3011 1836 3235 1914 Χριστῷ
3269 1839 3302 1905 ἡ
3345 1835 3528 1915 ἄφεσις
3557 1831 3650 1892 καὶ
3680 1837 3714 1906 ἡ

2116 1920 2387 1988 δικαίωσις
2413 1922 2636 1999 γίνεται.
2671 1925 2740 1983 Εἰ
2771 1923 2874 2002 γὰρ
2909 1922 3003 1997 σὺ,
3044 1923 3240 2003 φησὶν,
3281 1923 3473 2002 αἵματι
3502 1923 3714 2003 προϐά-

2114 2031 2216 2069 των
2249 2011 2514 2091 ἆμαρτίας
2543 2009 2622 2048 ³⁵¹
2664 2011 2884 2071 λύεσθαι
2933 2012 3233 2086 ἐπίστευες,
3280 2014 3462 2091 πολλῷ
3513 2013 3717 2091 μᾶλλον

2112 2101 2188 2179 τῷ
2219 2099 2409 2177 αἵματι
2441 2105 2533 2159 τοῦ
2567 2103 2798 2181 Χριστοῦ
2825 2125 2840 2138 ν
2871 2100 2962 2160 καὶ
3008 2104 3053 2161 εἰ
3085 2103 3144 2160 τὸ
3190 2100 3498 2178 ἳλαστήριον
3526 2102 3587 2160 τὸ
3625 2125 3716 2161 νο-

2115 2189 2309 2266 μικὸν,
2340 2189 2503 2257 τύπος
2550 2187 2606 2250 ὂν
2651 2197 2742 2250 τοῦ
2775 2193 3012 2272 Χριστοῦ
3033 2235 3049 2265 ,
3085 2190 3334 2263 τοιαύτην
3367 2181 3506 2270 εἶχεν
3532 2190 3716 2270 ἰσχὺν,

2114 2280 2298 2361 πολλῷ
2348 2282 2552 2358 μᾶλλον
2598 2285 2632 2353 ἡ
2690 2281 2932 2354 ἀλήθεια.
2989 2280 3321 2362 Ἱλαστήριον
3375 2282 3430 2340 δὲ
3473 2283 3718 2340 ἐκαλεῖτο

2113 2368 2173 2429 τὸ
2228 2374 2397 2447 πῶμα
2428 2373 2520 2442 τῆς
2549 2369 2779 2431 κιϐωτοῦ
2803 2416 2818 2444 ,
2852 2371 2879 2429 ὃ
2925 2370 2976 2439 ἐξ
3007 2371 3271 2450 ἑκατέρων
3301 2374 3407 2429 τῶν
3438 2375 3614 2452 μερῶν
3651 2367 3720 2428 τὰ

2114 2459 2382 2540 Χερουϐὶν
2417 2469 2684 2542 περιεῖχον
2718 2461 2792 2523 ³6.
2825 2459 3058 2533 Ἐδήλου
3110 2459 3165 2519 δὲ
3209 2462 3425 2528 πάντως
3472 2459 3568 2533 τὴν
3619 2462 3719 2519 ἀν-

2115 2549 2384 2632 θρωπίνην
2416 2550 2574 2632 φύσιν
2596 2596 2611 2626 ,
2645 2550 2763 2623 ἥτις
2793 2554 2961 2629 πῶμα
2993 2543 3057 2626 ἦν
3091 2555 3182 2623 τῆς
3204 2551 3498 2624 θειότητος,
3524 2552 3720 2611 ἐπικα-

2113 2640 2389 2702 λύπτουσα
2421 2639 2651 2715 ταύτην.
2691 2641 3010 2711 Ἐδοξάζετο
3060 2641 3240 2720 μέντοι
3274 2641 3375 2701 ὕπὸ
3412 2643 3516 2701 τῶν
3550 2644 3714 2722 ἄγγε-

2115 2735 2277 2792 λικῶν
2309 2730 2583 2809 δυνάμεων
2610 2733 2963 2792 διακονουσῶν
3014 2734 3147 2813 αὗτῇ
3168 2778 3182 2804 ,
3216 2731 3302 2813 διὰ
3339 2729 3436 2803 τὴν
3468 2731 3601 2813 πρὸς
3625 2732 3713 2792 τὸν

2115 2823 2254 2882 Θεὸν
2281 2821 2454 2901 Λόγον
2477 2820 2690 2885 ἕνωσιν.
2726 2849 2751 2877 rt
2790 2823 3058 2904 Προέθετο
3080 2851 3104 2877 υ
3124 2811 3204 2896 δὲ,
3228 2811 3392 2897 εἶπεν,
3415 2819 3502 2880 ἵνα
3520 2811 3675 2903 ἐδείξῃ
3700 2867 3716 2897 ν

2116 2909 2197 2971 ὅτι
2230 2911 2400 2972 πάλαι
2438 2911 2740 2992 προώριστο
2783 2917 2814 2986 ἡ
2845 2911 2931 2972 διὰ
2970 2918 3063 2972 τοῦ
3099 2912 3324 2991 αἵματος
3359 2918 3450 2972 τοῦ
3481 2915 3720 2994 Χριστοῦ

2118 3001 2517 3081 ἀπολύτρωσις,
2596 3004 2682 3062 διὰ
2749 3002 2808 3063 τὸ
2875 3003 3131 3065 ἰάσασθαι
3183 3005 3236 3042 37
3297 3001 3394 3076 τὴν
3452 3003 3718 3085 πάρεσιν,

2118 3093 2393 3166 τουτέστι,
2471 3092 2570 3166 τὴν
2645 3093 2900 3175 νέκρωσιν
2969 3097 3072 3153 τῶν
3149 3093 3557 3173 ἁμαρτημάτων
3615 3097 3720 3153 τῶν

2117 3182 2546 3264 προγεγονότων,
2606 3185 2660 3244 ἐν
2827 3185 2998 3266 ἀνοχῇ
3027 3188 3118 3245 τοῦ
3169 3185 3338 3246 Θεοῦ.
3393 3182 3585 3244 Καίτοι
3618 3183 3721 3266 γὰρ

406 3280 556 3337 enim
627 3280 799 3334 multa
869 3277 968 3334 Dei
1012 3275 1263 3333 bonitate
1315 3274 1403 3330 usi
1430 3289 1646 3343 sumus,
1693 3273 2011 3346 paralyticis

2119 3275 2319 3345 πολλῆς
2387 3272 2786 3342 ἀπολαύσαντες
2835 3280 2931 3347 τ’ἤς
2987 3280 3077 3334 τοῦ
3125 3278 3267 3336 Θεοῦ
3324 3274 3720 3355 χρηστότητος,

404 3378 593 3427 tamen
616 3385 679 3425 ac
702 3366 941 3424 mortuis
969 3365 1174 3423 similes
1203 3379 1444 3422 eramus.
1501 3367 1636 3420 Haec
1659 3370 1848 3421 autem
1876 3380 2010 3421 con-

403 3461 651 3533 tigerunt
703 3481 731 3509 ιι
794 3457 864 3516 ad
889 3457 1265 3514 ostensionem
1283 3453 1514 3528 justitiae
1565 3476 1590 3503 ι
1621 3454 1743 3524 Dei,
1793 3470 1905 3511 non
1950 3461 2013 3511 ut

407 3550 526 3624 ipse
553 3549 701 3607 solus
731 3547 975 3606 videatur
1022 3547 1218 3621 iustus,
1250 3545 1345 3603 sed
1375 3545 1495 3602 talis
1518 3544 1610 3618 qui
1635 3552 1692 3602 et
1719 3544 1855 3602 alios
1884 3561 2011 3617 pec-

410 3649 535 3698 cato
563 3648 820 3698 mortuos
849 3638 1183 3696 resuscitare
1217 3643 1272 3693 et
1293 3635 1598 3710 justiﬁcare
1629 3641 1794 3709 queat
1844 3653 1858 3692 :
1885 3651 2012 3709 per-

408 3731 534 3788 inde
561 3747 624 3788 ac
671 3729 832 3788 alicui
860 3728 1183 3786 divitiarum
1227 3725 1494 3784 indicium
1543 3734 1647 3794 est,
1679 3742 1792 3783 non
1826 3727 2011 3783 solum

409 3821 558 3896 quod
610 3822 725 3894 ipse
759 3820 907 3878 dives
951 3819 1045 3887 sit,
1085 3817 1183 3875 sed
1229 3816 1380 3890 quod
1417 3816 1555 3873 alios
1608 3815 1786 3874 ditare
1815 3816 2008 3888 possit.

405 3913 487 3969 Ne
537 3911 726 3985 itaque
776 3910 1022 3984 pudeﬁas
1069 3909 1217 3966 hunc
1265 3908 1324 3964 in
1382 3907 1615 3964 modum
1652 3906 2006 3980 justiﬁcatus.

406 4005 549 4060 Nam
593 4002 641 4058 si
680 4007 836 4058 Deus
909 4001 1015 4057 hoc
1055 3999 1259 4056 faciens
1316 4013 1375 4054 se
1422 4003 1684 4065 ostentat,
1756 3997 1862 4054 hoc
1900 4005 2008 4068 est,

406 4093 513 4150 sibi
568 4093 744 4164 placet
787 4107 851 4148 ac
878 4089 1166 4163 gloriatur,
1217 4088 1384 4145 veluti
1430 4104 1532 4144 nos
1578 4087 1888 4161 justiﬂcans
1954 4087 2013 4145 in

411 4181 695 4256 prasenti,
745 4179 803 4237 id
849 4188 950 4250 est,
1006 4178 1231 4252 quando
1307 4185 1597 4250 peccatum
1648 4193 2012 4236 consumma-

408 4278 531 4328 tum
557 4278 661 4338 est,
717 4275 772 4325 et
814 4266 1039 4343 quando
1085 4267 1153 4324 de
1201 4265 1367 4322 nobis
1401 4266 1570 4323 veluti
1616 4267 1928 4340 paralyticis
1957 4273 2012 4323 et

409 4360 676 4430 mortuis,
732 4344 1146 4416 conclamatum
1173 4365 1280 4428 est,
1338 4372 1512 4429 quare
1538 4363 1625 4428 tu,
1673 4356 1887 4429 Iudaee,
1938 4356 2008 4415 ob

411 4449 742 4526 hujusmodi
768 4450 877 4508 Dei
926 4449 1165 4523 gloriam
1195 4447 1510 4506 erubescis?

487 4545 668 4600 Vnus.
702 4547 792 4599 27.
829 4564 855 4591 «ι
910 4539 1022 4599 Ubi
1065 4547 1148 4596 est
1175 4554 1306 4612 ergo
1334 4536 1590 4611 gloriatio
1624 4539 1750 4594 tua?
1779 4537 2010 4596 Exclusa
2039 4553 2091 4616 D

412 4639 516 4691 est.
547 4633 655 4690 Per
687 4648 858 4706 quam
905 4631 1129 4704 legem?
1183 4629 1526 4686 Factorum?
1556 4630 1704 4698 Non;
1761 4627 1859 4685 sed
1914 4646 2010 4702 per

413 4723 590 4797 legem
633 4722 782 4780 ﬁdei.
817 4743 843 4772 υ
886 4719 1304 4778 Demonstravit
1349 4718 1500 4792 quod
1529 4735 1624 4792 per
1651 4717 1821 4776 ﬁdem
1842 4719 2006 4792 justi-

413 4813 643 4869 ﬁcamur
689 4831 704 4867 :
761 4813 957 4869 merito
1009 4810 1274 4868 Judaeum
1333 4816 1688 4882 percontatur
1738 4831 1750 4867 :
1788 4826 1815 4860 α
1862 4810 2006 4867 Ubi-

413 4919 550 4960 nam
574 4909 659 4960 est
683 4901 938 4976 gloriatio
961 4909 1055 4959 tua
1083 4924 1109 4952 »
1135 4900 1248 4974 30
1275 4908 1328 4957 et
1355 4901 1698 4972 arrogantia?
1719 4901 1846 4957 Non
1878 4899 2014 4958 dicit

413 5001 623 5063 autem,
653 4993 766 5052 Ubi
784 5001 869 5050 est
884 4992 1094 5050 virtus?
1120 5008 1222 5050 nec
1235 4991 1384 5048 enim
1413 4990 1692 5047 habebant
1723 4992 2008 5064 virtutem,

413 5084 513 5144 sed
535 5082 715 5141 solam
744 5082 1143 5157 gloriationem.
1172 5085 1254 5139 Ac
1274 5080 1486 5150 subdit,
1525 5104 1554 5133 ι
1591 5082 1826 5138 Exclusa
1854 5091 1958 5152 est,
1981 5105 2008 5132 τι

410 5191 512 5249 pro
534 5191 601 5233 eo
635 5173 786 5249 quod
816 5184 919 5243 est,
947 5175 1193 5246 Tempus
1216 5172 1454 5246 amplius
1489 5186 1602 5228 non
1628 5171 1795 5228 habet
1821 5187 2017 5245 appor-

414 5271 632 5323 tunum.
658 5266 800 5322 Ante
826 5262 1115 5322 Christum
1139 5261 1290 5320 enim
1343 5267 1718 5333 opportunum
1765 5257 1883 5319 erat
1905 5264 2019 5336 glo-

413 5355 545 5412 riari
568 5355 627 5411 in
655 5355 773 5429 lege
805 5355 966 5428 :jam
1015 5369 1147 5412 vero
1189 5352 1425 5410 minime
1476 5359 1853 5423 opportunum
1908 5361 2014 5424 est,

412 5444 687 5520 siquidem
709 5446 922 5503 inutilis
949 5461 1071 5503 esse
1107 5445 1496 5502 demonstrata
1535 5448 1640 5498 est.
1671 5441 1810 5512 Quia
1844 5443 1891 5501 si
1924 5443 2010 5503 lex

417 5535 692 5607 potuisset
735 5541 840 5597 nos
886 5535 1215 5610 juStiﬁcare,
1268 5540 1384 5592 non
1431 5529 1817 5593 habuissemus
1871 5546 2011 5608 Opus

2122 3362 2266 3440 ὅμως
2326 3361 2651 3444 παραλύτοις
2703 3363 2958 3446 ἐῴκειμεν
3009 3364 3102 3424 καὶ
3151 3372 3368 3447 νεκροῖς.
3420 3368 3611 3426 Ταῦτα
3665 3362 3720 3424 δὶ

2121 3451 2369 3532 γέγονεν,
2403 3455 2476 3520 εἰς
2522 3452 2739 3524 ἔνδειξιν
2779 3459 2873 3526 τῆς
2904 3459 2994 3514 τοῦ
3037 3457 3178 3515 Θεοῦ
3234 3455 3602 3529 δικαιοσύνης,
3634 3452 3720 3515 ἵνα

2125 3540 2200 3622 μὴ
2233 3543 2388 3621 μόνος
2418 3543 2572 3612 αὐτὸς
2619 3548 2759 3626 φανῇ
2793 3545 3025 3618 δίκαιος,
3052 3545 3192 3604 ἀλλὰ
3227 3543 3319 3605 καὶ
3347 3544 3549 3626 ἑτέρους
3578 3569 3722 3605 νενε-

2122 3633 2423 3715 κρωμένους
2471 3638 2536 3714 τῇ
2586 3634 2826 3718 ἁμαρτίᾳ
2872 3641 3089 3718 ἆνιστᾷν
3150 3633 3242 3694 καὶ
3291 3637 3527 3695 δικαιοῦν
3559 3637 3721 3698 δυνά-

2124 3746 2278 3802 μενος
2368 3723 2552 3800 ὥσπερ
2600 3724 2814 3794 ἔνδειξις
2860 3724 3125 3802 πλούτου,
3169 3725 3230 3784 τὸ
3267 3725 3342 3804 μὴ
3375 3726 3531 3805 μόνον
3565 3725 3718 3787 αὐτόν

2121 3837 2241 3875 τινα
2295 3803 2432 3874 εἶναι
2496 3816 2787 3890 πλούσιον,
2837 3816 2977 3875 ἀλλὰ
3020 3816 3112 3876 καὶ
3165 3803 3385 3898 ἑτέρους
3424 3818 3721 3887 πλουτίζειν

2123 3903 2399 3965 δύνασθαι.
2449 3904 2542 3976 Μὴ
2588 3904 2762 3965 τοίνυν
2814 3907 3171 3988 ἐπαισχυνθῇς
3225 3905 3362 3965 οὕτω
3414 3906 3721 3986 δικαιούμε-

2120 4016 2226 4060 νος.
2259 3994 2326 4054 Εἰ
2357 3991 2461 4074 γὰρ
2508 3997 2535 4052 6
2566 3995 2699 4062 Θεὸς
2738 3996 3059 4057 ἐνδείκνυται
3112 4002 3266 4055 τοῦτο
3315 3997 3513 4068 ποιῶν,
3556 4020 3713 4055 τουτ-

2121 4083 2265 4158 έστι,
2319 4085 2718 4154 καλλωπίζεται
2774 4087 2867 4147 καὶ
2939 4085 3318 4166 ἐναϐρύνεται,
3369 4087 3439 4152 ὡς
3497 4087 3716 4144 δικαιῶν

2121 4179 2265 4251 ἡμᾶς
2295 4174 2348 4232 ἐν
2378 4177 2454 4256 τῷ
2483 4182 2570 4236 νῦν
2614 4179 2812 4258 καιρῷ,
2863 4175 3159 4251 τουτέστιν,
3193 4175 3280 4234 ὅτε
3329 4175 3635 4256 ἐκορυφώθη
3683 4179 3719 4247 ἡ

2123 4263 2399 4344 ἁμαρτία,
2425 4263 2515 4325 ὅτε
2545 4267 2964 4346 ἄπεγνώσθημεν
3013 4269 3085 4334 ὣς
3129 4265 3445 4346 παρειμένοι
3489 4265 3583 4324 καὶ
3626 4283 3716 4324 νε-

2121 4353 2444 4434 νεκρωμένοι
2462 4405 2474 4428 ,
2506 4361 2621 4426 πῶς
2646 4355 2710 4416 σὺ
2740 4361 2767 4417 6
2798 4357 3053 4427 Ἰουδαῖος
3081 4353 3383 4437 ἐπαισχύνῃ
3411 4358 3478 4436 τῇ
3506 4354 3724 4436 τοιαύτῃ

2122 4453 2214 4505 τοῦ
2239 4448 2382 4506 Θεοῦ
2414 4446 2534 4528 δόξῃ
2555 4471 2572 4521 ;

2209 4557 2236 4593 ιι
2283 4537 2399 4596 Ποῦ
2445 4529 2534 4596 οὖν
2570 4540 2605 4609 ἠ
2651 4535 2949 4618 καύχησιςς
3005 4529 3371 4609 Ἐξεκλείσθη.
3419 4534 3524 4598 Διὰ
3573 4535 3723 4597 ποίου

2118 4623 2309 4702 νόμου;
2343 4629 2446 4685 τῶν
2476 4626 2679 4707 ἔργων;
2713 4630 2833 4709 Οὐχ
2838 4629 2881 4688 ίο
2915 4626 3054 4687 ἀλλὰ
3086 4627 3174 4689 διὰ
3210 4629 3376 4704 νόμου
3403 4626 3654 4695 πίστεως.
3673 4648 3716 4709 in

2117 4709 2388 4790 Ἔδειξεν,
2419 4717 2499 4776 ὅτι
2552 4717 2638 4776 διὰ
2682 4708 2911 4786 πίστεως
2963 4715 3346 4796 δικαιούμεθα·
3394 4717 3607 4784 εἰκότως
3638 4708 3727 4776 οὖν

2121 4806 2294 4887 ἐρωτᾷ
2321 4807 2411 4866 τὸν
2445 4806 2698 4870 Ἰουδαῖον
2719 4827 2730 4842 ⁸
2775 4811 2887 4868 Ποῦ
2920 4809 3062 4867 ἐστιν
3085 4812 3119 4880 ἡ
3149 4805 3410 4888 καύχησίς
3443 4829 3539 4865 σου
3570 4807 3661 4866 καὶ
3695 4811 3727 4878 ἡ

2123 4898 2596 4981 μεγαλοφροσύνης
2657 4899 2736 4959 Οὖ
2767 4896 2910 4977 λέγει
2941 4897 3034 4957 δέ·
3078 4899 3196 4958 Ποῦ
3248 4899 3389 4956 ἐστιν
3435 4899 3470 4968 ἡ
3521 4895 3723 4977 ἀρετήδ

2124 4978 2379 5068 οὐδὲγὰρ
2423 4978 2565 5071 εἶχον
2609 4987 2836 5070 ἀρετὴν,
2869 4985 3010 5047 ἀλλὰ
3039 4986 3306 5068 καύχησιν
3361 4984 3554 5064 μόνην.
3615 4986 3729 5047 Καί

2125 5098 2284 5158 φησιν
2307 5121 2322 5150 ,
2348 5074 2430 5138 ὅτι
2455 5100 2483 5136 α
2511 5077 2883 5152 Ἐξεκλείσθη;
2918 5103 2943 5132 ιο
2973 5076 3092 5136 ἀντὶ
3118 5083 3234 5151 τοῦ,
3260 5075 3458 5137 Οὐκέτι
3481 5074 3592 5157 ἔχει
3613 5099 3730 5136 και-

2129 5166 2236 5249 ρόν.
2273 5168 2391 5247 Πρὸ
2429 5167 2524 5246 μὲν
2555 5170 2656 5250 γὰρ
2683 5171 2924 5250 Χριστοῦ
2945 5213 2960 5242 ,
2991 5167 3174 5248 καιρὸς
3205 5158 3271 5241 ἦν
3300 5172 3608 5248 καυχᾶσθαι
3637 5163 3728 5226 ἐπὶ

2127 5261 2205 5338 τῷ
2235 5258 2383 5342 νόμῳ
2408 5278 2423 5296 ⁸
2448 5265 2548 5342 Δνῦν
2582 5259 2636 5318 δὲ
2654 5305 2670 5336 ,
2697 5261 2756 5321 οὗ
2788 5258 2971 5341 καιρός
2994 5282 3007 5298 ·
3038 5259 3308 5339 ἄχρηστος
3334 5257 3439 5339 γὰρ
3470 5255 3730 5338 ἠλέγχθη.

2131 5345 2234 5416 (Ως
2264 5339 2397 5428 εἴγε
2441 5339 2504 5424 ἧν
2541 5350 2756 5419 δυνατὸς
2789 5339 3077 5410 δικαιῶσαι
3105 5353 3132 5409 6
3177 5349 3362 5428 νόμος,
3397 5351 3496 5410 οὐκ
3531 5348 3594 5408 ἂν
3628 5349 3731 5408 ἔδει

2125 5440 2256 5517 ἡμῖν
2287 5442 2541 5524 ξριστοῦ.
2576 5441 2679 5503 Διὰ
2721 5440 2875 5502 ποίου
2907 5439 2961 5502 δὲ
3006 5439 3210 5522 νόμου,
3255 5439 3416 5524 φησὶν
3437 5487 3454 5516 ,
3507 5437 3732 5508 ἐξεκλεί-

2124 5534 2263 5609 σθη;
2293 5519 2399 5613 ἄρα
2425 5538 2516 5594 τοῦ
2537 5535 2655 5616 ,τῶν
2685 5530 2856 5615 ἔργων
2885 5519 3090 5616 νόμου,
3122 5519 3392 5609 τουτέστι,
3423 5533 3518 5591 τοῦ
3543 5528 3726 5609 λέγον-

1810 5679 2000 5744 variae
2043 5683 2352 5748 lectiones.

497 5789 565 5829 att
595 5789 840 5866 ἁμαρτίαν
869 5808 926 5852 ο.
979 5759 1045 5830 .86
1073 5793 1326 5866 περιεῖπον
1353 5809 1409 5851 ο,
1486 5786 1534 5829 37
1577 5789 1870 5864 ἐργάσασθαι
1895 5810 1948 5852 0.
