4150 6426
445 417 551 473 389

1364 418 1716 477 EXPOSITIO
1754 419 1820 476 IN
1857 419 2066 477 EPIST.
2110 419 2202 476 AD
2242 420 2407 477 ROM.
2446 447 2515 461 —-
2553 420 2702 476 CAP.
2747 421 2830 476 111.

3643 430 3748 484 390

443 566 559 617 τος,
582 541 666 602 ὅτι
687 570 715 596 ι
736 540 807 605 Ὁ
832 542 1059 615 ποιήσας
1081 547 1250 604 ταῦτα
1275 543 1496 618 ζήσεται
1521 547 1574 606 ἐν
1609 547 1782 613 αὐτοῖς
1808 574 1831 600 ι
1861 547 1879 629 (
1893 551 2033 608 τοῦτ(

2160 545 2403 605 Christo.
2449 568 2477 599 (ι
2516 548 2625 603 Per
2651 546 2871 620 qualem
2902 568 2930 597 ι
2978 553 3161 604 autem
3194 565 3223 601 α
3251 547 3453 623 legem,
3482 574 3509 603 ιο
3542 550 3747 627 inquit,

440 631 542 712 γὰρ
593 633 773 710 ἔλεγεν
822 636 850 692 ὁ
901 634 1250 716 Μωσαῖκός);
1310 636 1486 717 Οὐχὶ,
1523 637 1725 719 φησὶν,
1767 639 1903 696 ἀλλὰ
1953 643 2042 697 τοῦ

438 722 604 801 νόμου
631 727 724 795 τῆς
768 723 1000 792 πίστεως
1019 770 1036 799 ,
1068 723 1184 797 ἥτις
1225 725 1411 807 χάριτι
1464 728 1694 802 δικαιοῖ,
1740 726 1832 787 καὶ
1863 729 1959 787 οὐκ
1990 726 2041 797 ἐξ

436 811 627 892 ιργων.
660 812 797 875 Ἰδοὺ
840 814 931 875 καὶ
965 813 1061 888 τὴν
1092 814 1271 874 πίστιν
1298 815 1461 895 νόμον
1491 821 1679 893 καλεῖ,
1719 817 1808 877 διὰ
1854 817 1915 877 τὸ
1946 822 2043 878 τοῦ

438 902 693 981 ὀνόματος
739 904 889 987 παρὰ
950 904 1225 973 Ἰουδαίοις
1276 905 1479 985 τίμιον.
1546 906 1749 969 Λοιπὸν
1824 897 1947 984 οὖν,
1996 897 2041 968 ὦ

439 990 691 1070 ’Ῑουδαῖε,
726 994 779 1055 ἓν
917 995 1100 1056 πίστει
1150 998 1373 1079 καυχῶ,
1529 998 1798 1082 δυναμένῃ
1847 1020 1907 1059 σε
1956 1000 2040 1061 δι·-

443 1106 692 1145 καιωσαι.

533 1287 563 1321 ιι
610 1263 942 1346 Λογιζόμεθα
990 1256 1080 1327 οὖν
1130 1264 1311 1327 πίστει
1369 1268 1701 1329 δικαιοῦσθαι
1757 1269 2035 1352 ἄνθρωπον

443 1354 612 1436 χωρὶς
658 1356 828 1439 ἔργων
862 1357 1047 1434 νόμου.
1081 1356 1160 1419 Ἦ
1201 1357 1470 1421 Ἰουδαίων
1504 1362 1532 1418 ὁ
1569 1360 1708 1428 Θεὸς
1751 1361 1924 1438 μόνων
1954 1361 2039 1437 38;

440 1448 580 1526 Οὐχὶ
628 1447 684 1505 δὲ
729 1447 824 1507 καὶ
872 1450 1065 1521 ἐθνῶν;
1122 1448 1232 1511 Ναὶ
1269 1449 1359 1511 καὶ
1405 1451 1588 1513 ἐθνῶν.
1648 1449 1910 1533 Ἐπείπερ
1966 1442 2041 1521 εἶς

438 1538 467 1595 ὁ
505 1537 679 1611 Θεὸς,
722 1536 778 1606 ὃς
839 1539 1116 1600 δικαιώσει
1168 1538 1467 1621 περιτομὴν
1517 1543 1577 1601 ἐκ
1630 1540 1889 1617 πίστεως,
1946 1541 2039 1603 καὶ

441 1626 796 1707 ἀκροϐυστίαν
828 1628 914 1688 διὰ
944 1633 1041 1703 τῆς
1085 1629 1334 1697 πίστεως.
1363 1653 1394 1689 n
1442 1629 1667 1705 Ἐπειδὴ
1718 1630 1931 1709 ἔδειξεν,
1958 1632 2040 1692 ὅτι

439 1718 493 1777 ἐν
523 1720 599 1799 τῷ
629 1718 818 1798 αἵματι
861 1724 955 1779 τοῦ
1004 1722 1275 1801 Χριστοῦ,
1305 1722 1395 1780 καὶ
1448 1722 1545 1781 οὐκ
1597 1724 1651 1782 ἒν
1694 1730 1809 1791 τοῖς
1859 1721 2038 1806 ἔργοις

438 1811 533 1867 τοῦ
564 1808 761 1886 νόμου,
798 1813 830 1882 ἡ
861 1810 1133 1879 δικαίωσις
1154 1856 1171 1889 ,
1217 1810 1568 1891 συμπεραίνει
1601 1811 1689 1872 τὸν
1730 1814 1885 1891 λόγον
1906 1859 1922 1888 ,
1948 1812 2040 1873 καί

2155 637 2372 695 exclusa
2403 639 2526 695 est?
2565 636 2818 711 nunquid
2867 652 2963 710 per
3000 636 3179 711 legem
3229 655 3477 711 operum,
3534 658 3738 718 nempe

2152 744 2275 801 quae
2318 728 2468 799 dicit,
2503 750 2531 780 α
2576 727 2683 804 Qui
2711 726 2900 785 fecerit
2951 727 3095 795 haec,
3141 728 3285 786 vivet
3323 730 3379 786 in
3414 730 3493 788 eis
3520 724 3574 789 ¹Ρ
3606 756 3631 783 ι
3666 733 3748 802 (id

2153 818 2299 875 enim
2352 818 2487 876 dixit
2534 818 2616 876 lex
2688 818 2968 886 Mosaica).
3021 818 3491 893 Haudquaquam,
3540 821 3744 895 inquit,

2158 931 2184 958 α
2227 907 2325 966 sed
2347 925 2444 981 per
2463 909 2643 983 legem
2670 908 2819 979 ﬁdei,
2862 932 2887 959 -
2918 924 3041 982 quae
3066 909 3237 983 gratia
3258 909 3531 983 justiﬁcat
3558 920 3614 969 et
3631 929 3746 972 non

2153 1014 2220 1056 ex
2246 998 2529 1073 operibus.
2560 1002 2704 1057 Ecce
2723 998 2895 1056 ﬁdem
2932 998 3112 1073 legem
3139 999 3304 1057 etiam
3328 1009 3508 1072 vocat,
3531 1002 3604 1059 ob
3633 1020 3741 1061 no-

2152 1088 2320 1146 minis
2347 1089 2492 1164 apud
2503 1091 2535 1144 J
2541 1088 2728 1148 udaeos
2750 1090 3130 1147 reverentiam.
3149 1093 3215 1147 In
3232 1099 3515 1163 posterum
3532 1092 3742 1167 itaque,

2150 1180 2362 1251 Iudaee,
2391 1179 2449 1237 in
2490 1180 2595 1237 ﬁde
2640 1180 2895 1254 gloriare,
2925 1196 3049 1254 quae
3097 1189 3153 1238 te
3189 1180 3497 1253 justiﬁcare
3542 1193 3742 1257 potest.

2225 1272 2403 1329 Vnns.
2436 1277 2630 1328 28-30.
2666 1294 2689 1323 ι
2722 1271 3077 1329 Arbitramnr
3113 1271 3293 1345 itaque
3316 1272 3605 1346 justiﬁcari
3634 1276 3738 1334 ho-

2151 1361 2363 1418 minem
2388 1378 2484 1435 per
2513 1362 2677 1420 ﬁdem
2696 1362 2811 1420 sine
2838 1362 3097 1436 operibus
3123 1361 3274 1436 legis.
3301 1365 3393 1419 An
3416 1362 3741 1424 Iudaeorum

2151 1452 2300 1508 Deus
2326 1455 2581 1510 tantum?
2617 1455 2812 1510 Nonne
2840 1461 2896 1510 et
2922 1453 3212 1527 gentium?
3244 1457 3364 1511 lmo
3387 1462 3443 1512 et
3471 1456 3738 1529 gentium.

2150 1541 2616 1614 Quandoquidem
2641 1558 2787 1600 unus
2834 1552 2917 1600 est
2947 1546 3119 1613 Deus,
3162 1542 3256 1617 qui
3274 1542 3598 1617 justiﬁcabit
3630 1547 3737 1605 cir-

2149 1632 2548 1691 cumcisionem
2597 1650 2661 1690 ex
2705 1633 2844 1703 ﬁde,
2882 1641 2939 1690 et
2983 1634 3314 1707 praeputium
3350 1651 3447 1708 per
3476 1636 3664 1695 ﬁdem.
3710 1662 3736 1688 ιο

2148 1723 2288 1779 Cum
2330 1722 2657 1797 subjecisset
2699 1724 2895 1794 oculis,
2936 1724 3087 1798 quod
3133 1741 3202 1782 ex
3245 1724 3513 1799 sanguine
3541 1727 3741 1786 Christi

2150 1821 2205 1868 et
2241 1828 2355 1870 non
2396 1830 2463 1869 ex
2500 1814 2760 1887 operibus
2787 1813 2922 1886 legis
2961 1821 3105 1871 esset
3122 1814 3467 1887 justiﬁcatio,
3512 1817 3743 1876 conclu-

437 1918 597 1979 φησιν
614 1943 632 1973 ,
654 1897 735 1957 ὅτι
759 1897 862 1961 Ἐκ
893 1904 998 1960 τῶν
1026 1899 1319 1983 εἰρημένων
1348 1900 1563 1961 πάντων
1592 1902 2033 1983 συλλογιζόμεθα,

2151 1900 2234 1958 dit
2259 1918 2594 1974 sermonem,
2625 1903 2880 1977 inquiens
2911 1921 2925 1959 :
2956 1907 3039 1961 Ex
3074 1906 3530 1963 commemoratis
3557 1908 3743 1965 omni-

438 1989 617 2047 πίστει
642 1990 982 2075 δικαιοῦσθαι
1024 1991 1206 2052 πάντα
1259 1990 1560 2071 ἄνθρωπον.
1614 1993 1723 2054 Καὶ
1754 1992 1830 2070 μὴ
1872 2018 2042 2075 ταρα-

438 2082 604 2160 χθῇς,
634 2066 681 2138 ῶ
724 2078 983 2154 Ἰουδαῖε,
1028 2083 1099 2149 ὣς
1148 2066 1372 2141 ἀτόπου-
1398 2081 1542 2152 ὄντος
1590 2066 1869 2156 δῆθεν-τοῦ
1892 2066 2034 2166 προί-

433 2192 657 2248 γματος.
683 2169 779 2243 Μὴ
811 2169 913 2252 γὰρ
942 2171 1155 2252 μερικός
1184 2174 1326 2232 ἔστιν
1362 2175 1391 2231 ὁ
1420 2173 1589 2246 Θεὸς,
1623 2171 1761 2234 ὥστε
1784 2173 1841 2235 σὲ
1879 2177 2037 2253 μόνον

435 2259 651 2335 σώζειν,
693 2262 832 2322 ἀλλὰ
864 2261 940 2339 μὴ
990 2262 1168 2322 πάντα
1199 2263 1502 2343 ἄνθρωπον.
1547 2262 1816 2326 Ἐνταῦθα
1844 2266 1901 2325 δὲ
1944 2267 2033 2324 ἕν·-

435 2350 619 2431 τρέπει
665 2349 785 2419 τοὺς
833 2348 1125 2421 Ἰουδαίους
1188 2352 1667 2435 πληκτικώτερον,
1718 2358 1791 2424 ὡς
1840 2360 2039 2434 θεομα-

433 2446 698 2521 χοῦντας,
745 2439 895 2522 εἴπερ
931 2443 1008 2520 μὴ
1062 2444 1457 2525 παραδέχοιντο
1504 2446 1771 2514 σώζεσθαι
1818 2447 1885 2507 τὰ
1916 2446 2038 2523 ἔθνη

434 2530 523 2589 διὰ
550 2535 646 2605 τῆς
679 2531 943 2615 πίστεως.
984 2535 1069 2595 Οὔ
1110 2532 1214 2615 γὰρ
1257 2533 1594 2595 πιστεύουσιν
1636 2535 1795 2596 αὐτὸν
1822 2536 2038 2598 πάντων

431 2621 626 2706 ὁμοίως
657 2610 791 2682 εἶναι
817 2622 960 2684 Θεὸν
985 2668 1003 2702 ,
1042 2610 1137 2683 καί
1178 2610 1515 2706 προνοεῖσθαι
1557 2624 1772 2686 πάντων
1818 2626 2028 2700 ἐπίσης.

435 2701 530 2779 Εἷς
558 2703 649 2771 οὖν
682 2714 829 2789 ἐστι,
871 2701 1175 2788 τουτέστιν,
1210 2701 1236 2774 δ
1284 2714 1442 2785 αὐτὸς
1488 2716 1580 2775 καὶ
1622 2716 1892 2780 Ἰουδαίων
1941 2716 2035 2778 καὶ

434 2804 593 2862 ἐθνῶν
624 2802 764 2871 Θεὸς
783 2849 800 2879 ,
844 2801 901 2871 ὃς
945 2802 1041 2865 καὶ
1066 2804 1155 2865 τὸν
1183 2805 1543 2886 ἕμπερίτομον
1576 2808 1774 2868 δικαιοῖ
1794 2856 1809 2885 ,
1853 2808 1949 2868 οὖκ
1976 2810 2036 2869 ἐκ

433 2896 525 2953 τοῦ
568 2890 733 2972 νόμου
752 2935 769 2966 ,
801 2894 927 2953 ἀλλ’
950 2896 1011 2953 ἐκ
1040 2897 1136 2968 τῆς
1160 2893 1387 2964 πίστεως
1410 2941 1424 2966 ,
1454 2897 1545 2956 καὶ
1578 2898 1665 2958 τὸν
1704 2896 2034 2979 ἀκρόϐυστον

431 2983 518 3043 διὰ
537 2986 632 3057 τῆς
653 2983 886 3052 πίστεως
917 2984 1326 3064 μεσιτευόμενον
1352 2986 1404 3023 ³9
1436 2986 1827 3069 παραδέχεται.
1873 2989 2035 3065 Μνη-

432 3074 571 3141 σθεὶς
641 3073 697 3133 δὲ
753 3079 1048 3155 περιτομῆς
1104 3074 1195 3135 καὶ
1254 3074 1649 3154 ἀκροϐυστίας,
1723 3077 2037 3158 ἀναμιμνή-

433 3185 547 3223 σκει
580 3165 686 3223 τῶν
717 3163 824 3245 πρὸ
867 3164 1049 3245 ὀλίγου
1101 3165 1403 3247 ῥηθέντων,
1449 3169 1502 3227 ἐν
1553 3159 1628 3236 οἷς
1676 3168 1910 3245 ἐδείκνυ,
1953 3169 2033 3231 ὅτι

429 3252 547 3313 οὔτε
593 3257 630 3325 ἡ
659 3254 926 3335 περιτομὴ
974 3258 1207 3338 ὠφελεῖ,
1240 3259 1345 3316 τῶν
1379 3257 1548 3338 ἔργων
1593 3258 1838 3321 ἀπόντων
1863 3306 1878 3334 ,
1912 3258 2031 3321 οὔτε
2065 3289 2111 3355 C

430 3348 489 3434 ἦΔ
518 3342 848 3425 ἀκροϐυστία
881 3346 1017 3418 αὐτὴ
1052 3349 1169 3407 καθ’
1214 3347 1407 3423 ἑαυτὴν
1461 3348 1713 3430 βλάπτει.
1765 3348 2032 3434 Ἑκάτερα

429 3423 518 3493 οὖν
545 3423 640 3507 τῆς
667 3434 900 3504 πίστεως
932 3434 1163 3497 δέονται.

523 3552 548 3579 ι
582 3525 764 3604 Νόμον
812 3513 904 3588 οὖν
932 3532 1301 3609 καταργοῦμεν
1342 3527 1430 3589 διὰ
1474 3533 1569 3604 τῆς
1619 3528 1881 3607 πίστεως;
1932 3531 2029 3607 Μὴ

435 3612 676 3703 γένοιτο·
724 3615 862 3676 ἀλλὰ
911 3616 1068 3695 νόμον
1115 3620 1375 3695 ἱστῶμεν.
1432 3643 1461 3679 ο
1512 3620 1738 3694 Ἐπειδὴ
1793 3622 2029 3703 ἐθορύϐει

434 3702 559 3772 τοὺς
586 3703 899 3780 Ἰουδαίους,
930 3706 1030 3783 τὸ,
1080 3707 1171 3768 τὸν
1202 3708 1361 3788 νόμον
1404 3710 1765 3773 καταλύεσθαι
1816 3702 1901 3773 διὰ
1938 3717 2032 3787 τῆς

434 3793 690 3871 πίστεως,
742 3798 1018 3878 θεραπεύει
1062 3803 1225 3859 τοῦτο
1280 3799 1367 3860 διὰ
1420 3805 1516 3875 τῆς
1564 3800 1799 3882 μεγάλης
1862 3805 2025 3865 αὐτοῦ

436 3885 648 3966 σοφίας,
678 3885 847 3967 λέγων
876 3887 961 3948 ὅτι
1008 3887 1170 3967 νόμον
1214 3890 1339 3973 ἱστᾷ
1365 3894 1399 3963 ἡ
1429 3891 1627 3958 πίστις.
1673 3890 1751 3954 ⁸0
1782 3892 1883 3975 γὰρ
1908 3893 2031 3967 ἤθε-

433 3977 521 4034 λεν
550 3980 577 4035 ὁ
606 3976 759 4056 νόμος
778 4022 796 4052 ,
831 3977 1112 4059 τουτέστι,
1140 3979 1203 4040 τὸ
1234 3981 1521 4043 δικαιῶσαι
1569 3980 1849 4063 ἄνθρωπον
1876 4028 1893 4057 ,
1933 3988 2030 4045 οὐκ

430 4064 615 4149 ἴσχυσε
646 4065 704 4126 δὲ
729 4073 987 4158 ποιῆσαι,
1021 4074 1177 4132 τοῦτο
1208 4075 1242 4144 ἡ
1287 4072 1465 4142 πίστις
1494 4073 1716 4133 τελειοῖ·
1759 4077 1891 4152 ὁμοῦ
1923 4074 2027 4158 γὰρ

427 4160 502 4237 τῷ
529 4157 815 4218 πιστεῦσαί
862 4182 978 4218 τινα
1000 4159 1075 4235 ⁴⁰,
1121 4162 1438 4222 δικαιοῦται.
1471 4164 1555 4226 Οὖ
1598 4162 1777 4223 τοίνυν
1813 4157 2023 4246 καταρὲ-

426 4256 510 4327 γεῑ
554 4246 746 4324 αὐτὸν,
801 4250 919 4310 ἀλλ’
957 4250 1103 4333 ἱστᾷ.
1157 4250 1262 4312 Διὰ
1312 4253 1369 4313 δὲ
1415 4252 1611 4327 ταύτης
1661 4258 1755 4329 τῆς
1797 4253 2022 4332 λέξεως,

420 4336 677 4398 δείκνυσιν
738 4336 899 4399 αὐτὸν
948 4340 1213 4420 κείμενον.
1263 4339 1332 4406 Ὁ
1392 4342 1496 4426 γὰρ
1549 4342 1791 4425 κείμενος
1854 4346 2024 4408 δεῖται

424 4433 515 4489 τοῦ
544 4430 750 4501 crint.

1009 4567 1300 4632 ΚΕΦΑΛ.
1346 4569 1432 4633 Δ¹.

505 4698 642 4788 (Ti
682 4689 773 4760 οὖν
825 4703 1048 4783 ἐροῦμεν
1090 4701 1337 4785 Ἀϐραὰμ
1364 4706 1453 4766 τὸν
1487 4703 1701 4788 πατέρα
1748 4708 1904 4786 ἡμῶν
1934 4711 2022 4768 s6-

422 4787 642 4869 ρηκέναι
684 4789 825 4850 κατὰ
858 4792 1074 4879 σοίρκα;
1105 4794 1174 4854 Εἰ
1213 4794 1319 4877 γὰρ
1356 4793 1611 4877 Ἀϐραὰμ
1636 4787 1694 4865 νέξ
1723 4796 1891 4879 ἔργων
1924 4798 2024 4859 ἐδι-

418 4879 784 4972 καιῶθη,ἔχει
807 4878 1094 4972 καύχημα,
1124 4884 1246 4945 ἀλλ’
1273 4885 1332 4945 οὗ
1358 4885 1491 4967 πρὸς
1514 4886 1604 4946 τὸν
1630 4878 1791 4949 Θεόν.
1822 4887 1896 4950 Τί
1919 4889 2021 4972 γὰρ

415 4972 452 5042 ἡ
485 4968 681 5063 ι’ραφὴ-
706 4967 893 5063 λέγει,
932 4970 1262 5034 Ἐπίστευσε
1311 4974 1367 5036 δὲ
1417 4974 1669 5058 Ἀϐραὰμ
1715 4980 1793 5058 τῷ
1838 4967 2017 5063 Θεῷ,

416 5061 512 5120 καὶ
539 5059 782 5140 ἕλογίσθη
816 5061 965 5144 αὐτῷ
1005 5063 1077 5130 εἰς
1114 5065 1475 5139 δικαιοσύνην.
1502 5090 1534 5124 ιο
1593 5059 2019 5139 Κατασκευᾶσας

414 5150 613 5220 ἱκανῶς
638 5151 721 5211 ὅτι
748 5149 948 5220 πάντες
995 5156 1092 5226 τῆς
1131 5153 1361 5224 πίστεως
1389 5156 1601 5219 δέονται
1619 5204 1638 5235 ,
1668 5157 1762 5218 καὶ
1791 5158 1878 5218 διὰ
1926 5166 2019 5222 τοῦ

412 5236 663 5331 Ἀϐραὰμ
712 5248 868 5304 τοῦτο
939 5242 1190 5321 μειζόνως
1250 5246 1515 5308 δείκνυσιν
1536 5293 1555 5323 ,
1608 5246 1702 5307 ἅτε
1735 5249 1885 5331 παρὰ
1910 5259 2019 5322 τοῖς

410 5329 692 5401 Ἰουδαίοις
737 5331 1048 5411 τιμωμένου
1072 5356 1088 5373 ο
1131 5334 1229 5396 καί
1275 5360 1471 5420 φησιν,
1521 5336 1604 5398 ὅτι
1648 5338 1766 5400 οὐδὲ
1807 5329 1957 5411 οὗτος
1984 5346 2014 5404 ὁ

412 5427 647 5485 τοσαῦτα
693 5421 785 5484 καὶ
839 5422 909 5483 τὰ
959 5425 1259 5500 τηλικαῦτα
1298 5427 1671 5510 κατορθώσας,
1727 5431 2014 5509 ἐδικαιώθη

2050 4654 2103 4720 D

2150 1991 2253 2051 bus
2281 1993 2611 2067 colligimus,
2638 1993 2747 2051 ﬁde
2766 1994 3054 2067 justiﬁcari
3083 2010 3309 2052 omnem
3335 1995 3647 2055 hominem.
3673 1998 3747 2055 Et

2145 2099 2215 2140 ne
2238 2084 2500 2155 turberis,
2530 2100 2564 2141 o
2590 2084 2802 2155 Judme,
2846 2084 3000 2157 quasi
3028 2100 3118 2142 res
3144 2084 3337 2143 isthaec
3365 2084 3436 2143 sit
3480 2086 3738 2146 absurda.

2145 2175 2273 2230 Non
2297 2175 2445 2232 enim
2474 2174 2715 2249 partium
2743 2174 3028 2233 studiosus
3052 2183 3135 2233 est
3163 2179 3335 2245 Deus,
3368 2184 3431 2233 ut
3458 2184 3513 2234 te
3538 2178 3747 2235 solum-

2146 2264 2315 2322 modo
2366 2274 2571 2337 servet,
2627 2281 2743 2323 non
2784 2274 2967 2323 autem
3011 2281 3237 2323 omnem
3275 2266 3583 2325 hominem.
3635 2269 3745 2327 llic

2144 2363 2329 2411 autem
2342 2355 2565 2413 Iudaeos
2584 2356 2790 2413 rubore
2804 2355 3099 2428 suffundit,
3117 2372 3180 2414 ac
3192 2356 3566 2429 perterrefacit
3580 2374 3747 2432 supra

2145 2443 2402 2515 modum,
2451 2462 2553 2503 ceu
2580 2462 2675 2503 eos
2722 2446 2814 2519 qui
2860 2446 3126 2503 adversus
3162 2449 3343 2504 Deum
3386 2456 3656 2521 pugnant,
3696 2448 3742 2506 si

2147 2550 2262 2592 non
2290 2534 2593 2593 admittant
2622 2542 2813 2609 gentes
2856 2536 3061 2592 servari
3091 2552 3187 2609 per
3215 2536 3406 2593 ﬁdem.
3437 2540 3563 2595 Non
3587 2539 3739 2596 enim

2145 2624 2378 2683 credunt
2405 2626 2582 2700 ipsum
2606 2626 2857 2683 omnium
2877 2642 3132 2701 peraeque
3152 2629 3336 2684 Deum
3357 2642 3496 2695 esse,
3522 2644 3744 2686 curam-

2144 2730 2252 2788 que
2280 2732 2466 2789 gerere
2504 2716 2757 2774 omnium
2795 2732 2864 2773 ex
2906 2732 3093 2790 aequo.
3127 2719 3288 2774 Unus
3328 2717 3513 2790 igitur,
3549 2718 3606 2776 id
3631 2727 3736 2789 est,

2146 2804 2295 2862 idem
2320 2814 2402 2864 est
2427 2815 2485 2864 et
2521 2807 2849 2865 Iudaeorum
2877 2817 2932 2864 et
2957 2806 3205 2881 gentium
3227 2810 3399 2877 Deus,
3429 2807 3520 2881 qui
3547 2816 3601 2865 et
3629 2809 3743 2867 cir-

2144 2896 2452 2955 cumcisum
2492 2897 2783 2971 justiﬁcat,
2834 2914 2947 2954 non
2984 2914 3049 2955 ex
3089 2899 3228 2972 lege,
3266 2897 3364 2955 sed
3406 2915 3474 2954 ex
3508 2897 3640 2968 ﬁde,
3679 2916 3743 2957 ac

2140 2987 2533 3060 prmpuﬁatum
2576 2987 3001 3046 intermediante
3043 2986 3152 3046 ﬁde
3180 2988 3421 3061 suscipit.
3454 2992 3595 3046 Cum
3638 3006 3739 3046 au-

2142 3085 2254 3134 tem
2285 3078 2719 3136 circumcisionis
2769 3078 3111 3136 mentionem
3155 3076 3320 3135 faciat
3365 3087 3424 3137 et
3461 3080 3736 3152 praeputii,

2142 3168 2468 3226 memoriam
2505 3168 2724 3228 refricat
2769 3184 2968 3227 eorum
3023 3184 3149 3243 quae
3201 3168 3364 3243 paulo
3414 3177 3541 3226 ante
3598 3170 3743 3227 dicta

2141 3267 2294 3330 sunt,
2324 3260 2525 3334 quibus
2549 3260 2823 3319 indicabat
2848 3260 3001 3334 quod
3028 3275 3205 3332 neque
3234 3259 3575 3318 circumcisio
3604 3276 3742 3334 pro-

2140 3349 2231 3418 sit,
2276 3350 2320 3406 si
2342 3400 2349 3435 ,
2371 3366 2535 3424 opera
2582 3350 2795 3421 desint;
2843 3366 3024 3424 neque
3085 3350 3416 3423 praeputium
3467 3366 3564 3424 per
3619 3366 3739 3409 sese

2140 3438 2443 3513 quidquam
2471 3441 2636 3499 obsit.
2676 3444 2928 3513 Utraque
2975 3440 3142 3514 igitur
3185 3439 3295 3497 ﬁde
3321 3456 3463 3514 opus
3504 3440 3734 3498 habent.

2213 3533 2395 3589 Vsns.
2431 3538 2519 3588 31.
2568 3550 2597 3585 ιι
2630 3533 2837 3605 Legem
2864 3546 2998 3604 ergo
3035 3530 3372 3589 destruimus
3400 3548 3495 3604 per
3528 3531 3738 3590 ﬁdem?

2137 3619 2318 3688 Absit,
2348 3621 2445 3678 sed
2476 3622 2656 3695 legem
2683 3622 3004 3679 statuimus.
3038 3639 3069 3675 (ι
3096 3621 3238 3695 Quia
3264 3620 3513 3679 nonnihil
3545 3622 3736 3680 turba-

2138 3709 2235 3767 bat
2270 3711 2515 3781 Judaaos,
2547 3712 2721 3786 legem
2748 3712 2858 3769 ﬁde
2886 3711 3133 3780 dissolvi,
3163 3720 3321 3768 curat
3360 3711 3510 3769 istud
3544 3713 3732 3769 vulne-

2134 3799 2211 3857 ris
2261 3801 2465 3875 ingenti
2529 3818 2627 3861 sua
2687 3801 2970 3875 sapientia,
3020 3801 3272 3873 inquiens
3340 3802 3491 3875 quod
3555 3802 3734 3875 legem

2133 3892 2342 3949 stabilit
2368 3892 2526 3950 ﬁdes.
2558 3893 2720 3964 Quod
2758 3893 2909 3949 enim
2958 3892 3133 3949 voluit
3169 3892 3279 3961 lex,
3331 3907 3529 3963 nempe
3566 3891 3731 3964 justi-

2133 3981 2296 4039 ﬁcare
2325 3982 2640 4055 hominem,
2684 4000 2797 4041 non
2826 3981 3011 4056 potuit
3050 3990 3238 4039 autem
3275 3992 3575 4056 praestare,
3626 3981 3735 4040 hoc

2132 4072 2271 4131 ﬁdes
2298 4073 2532 4147 perﬁcit.
2562 4074 2733 4132 Simul
2754 4083 2920 4148 atque
2940 4073 3089 4130 enim
3110 4072 3385 4145 quispiam
3411 4071 3734 4144 crediderit,

2134 4163 2385 4237 protinus
2424 4165 2782 4239 justiﬁcatur.
2836 4168 2965 4221 Non
3023 4164 3190 4237 igitur
3247 4162 3488 4221 destruit
3558 4163 3736 4238 legem

2135 4254 2294 4325 ﬁdes,
2343 4255 2439 4313 sed
2484 4256 2678 4314 statuit
2704 4255 2910 4330 potius.
2942 4256 3046 4312 Per
3091 4253 3198 4312 hoc
3238 4260 3426 4311 autem
3453 4254 3713 4313 statuend

2135 4345 2487 4416 vocabulum,
2519 4345 2763 4404 ostendit
2803 4346 2987 4420 jacere
3028 4345 3222 4418 legem.
3255 4346 3403 4403 Nam
3452 4344 3545 4418 qui
3564 4345 3736 4420 jacet,

2134 4450 2276 4510 opus
2303 4436 2471 4494 habet
2500 4445 2563 4494 ut
2597 4436 2839 4510 erigatur
2879 4444 2935 4493 et
2962 4433 3289 4493 stabiliatur.

2669 4581 2778 4654 31
2811 4581 3058 4639 CAPUT
3099 4580 3193 4637 1V.

2202 4715 2381 4775 Vsns.
2417 4719 2525 4775 1-3.
2555 4738 2582 4767 ι
2606 4715 2749 4788 Quid
2771 4731 2903 4789 ergo
2930 4714 3182 4772 dicemus
3205 4710 3486 4769 Abraham
3513 4721 3730 4786 patrem

2128 4816 2381 4865 nostrum
2434 4807 2707 4865 invenisse
2768 4805 3076 4863 secundum
3138 4806 3397 4861 carnem?
3454 4803 3512 4861 Si
3576 4804 3728 4861 enim

2131 4898 2415 4956 Abraham
2438 4914 2505 4956 ex
2543 4897 2802 4973 operibus
2817 4895 3156 4968 justiﬁcatus
3183 4903 3284 4963 est,
3332 4893 3498 4952 habet
3524 4895 3730 4969 gloria-

2128 4990 2361 5059 tionem,
2390 4989 2487 5048 sed
2510 5006 2627 5047 non
2654 4987 2804 5064 apud
2828 4992 3031 5044 Deum.
3064 4985 3216 5058 Quid
3254 4986 3403 5043 enim
3448 4988 3729 5060 Scriptura

2129 5078 2262 5137 dicit
2293 5078 2353 5138 j?
2407 5078 2653 5138 Credidit
2710 5077 2992 5137 Abraham
3052 5080 3206 5145 Deo,
3293 5084 3349 5133 et
3411 5084 3729 5149 reputatum

2126 5179 2211 5228 est
2242 5170 2290 5226 ei
2332 5169 2403 5227 ad
2425 5169 2718 5244 justitiam.
2750 5193 2777 5219 ι
2815 5166 3049 5227 Abunde
3077 5166 3214 5223 satis
3240 5164 3567 5222 conﬁrmato
3596 5165 3723 5235 hoc,

2125 5259 2391 5317 nimirum
2420 5260 2568 5335 quod
2597 5274 2799 5317 omnes
2824 5259 2986 5333 plane
3008 5256 3116 5314 ﬁde
3148 5253 3456 5328 indigeant,
3487 5254 3729 5312 Abrahae

2126 5351 2380 5425 exemplo
2414 5350 2469 5409 id
2501 5350 2699 5408 fortius
2740 5356 3041 5417 monstrat,
3086 5354 3148 5403 ut
3186 5344 3277 5418 qui
3307 5344 3453 5417 apud
3499 5346 3725 5403 Iudaeos

2125 5441 2186 5499 in
2230 5456 2435 5516 magno
2472 5441 2777 5500 admodum
2801 5439 2926 5497 loco
2949 5435 3140 5506 fuerit,
3164 5450 3499 5509 summoque
3522 5436 3722 5511 pretio.

408 5512 473 5575 ἐκ
495 5515 600 5575 τῶν
621 5510 794 5599 ιργων
812 5557 834 5594 ,
864 5512 989 5574 ἀλλ’
1023 5516 1087 5576 ἐκ
1111 5520 1208 5593 τῆς
1234 5517 1489 5590 πίστεως.
1519 5516 1747 5604 Πατέρα
1775 5520 1833 5582 δὲ
1863 5522 2011 5585 κατὰ

2141 5531 2280 5592 Dixit
2318 5510 2504 5609 itaque
2554 5531 2707 5609 quod
2751 5544 2933 5606 neque
2984 5527 3033 5588 is
3086 5526 3211 5603 quis
3216 5570 3236 5604 λ
3259 5524 3410 5603 ,talia
3458 5510 3722 5603 tantaque

498 5612 518 5652 ⁸
537 5613 708 5677 Lavit.
734 5624 927 5683 xvm,
950 5613 1005 5671 5.
1095 5614 1278 5677 iGen.
1308 5633 1417 5692 xv,
1438 5624 1496 5680 6.

1801 5700 1987 5769 Variae
2030 5705 2328 5772 lectiones.

484 5796 534 5840 ³⁸
567 5803 728 5875 μόνον
757 5815 817 5860 o.
892 5798 939 5837 ³³
967 5799 1048 5858 ia.
1076 5801 1476 5874 μεσιτευοιι-ίνης.
1550 5797 1599 5836 ⁸⁸
1635 5819 1817 5877 nam.
