4150 6424
354 434 461 490 393
1271 433 1626 492 EXPOSlTlO
1665 436 1732 492 ΙΝ
1770 434 1960 493 EPIST

2070 435 2113 491 D
2153 435 2320 493 ROM.
2358 464 2430 477 —
2475 437 2623 494 CAP.
2665 438 2753 494 IV.
3551 442 3658 501 394

360 557 584 639 ϐυστίᾳς
642 560 765 619 Οὖκ
812 560 866 617 ἐν
898 562 1202 640 περιτομῇ,
1263 560 1381 619 ἀλλ’
1423 563 1477 620 ἐν
1549 561 1897 641 ἀκροϐυστίᾳ.
1936 589 1959 615 ιο

2075 561 2491 621 circumcisione
2517 572 2683 634 esset,
2720 578 2791 619 an
2830 562 2889 621 in
2931 565 3244 636 praeputio?
3284 567 3410 623 Non
3460 583 3587 624 cum
3616 567 3673 624 in

354 648 424 708 Εἰ
466 653 494 708 δ
541 649 914 729 μακαρισμὸς.
989 648 1183 731 φησὶν,
1251 649 1437 731 ἐκείνῳ
1493 650 1744 732 ἁρμόζει,
1804 643 1848 733 ᾧ
1901 656 1959 713 οὗ

2070 652 2516 723 circumcisione,
2550 653 2645 709 sed
2690 669 2819 710 cum
2850 654 2905 710 in
2954 655 3245 727 praeputio.
3293 678 3319 705 ι
3362 656 3440 723 Si,
3468 657 3668 729 inquit,

356 736 432 816 μὴ
492 738 781 816 λογίσηται
838 737 1028 819 Κύριος
1078 739 1377 819 ἁμαρτίαν,
1439 741 1715 817 τουτέστι,
1768 747 1845 825 τῷ
1876 744 1961 801 δι-

354 828 634 888 καιωθέντι
658 851 673 867 ·
731 827 1020 903 ἐδικαιώθη
1085 826 1141 887 δὲ
1194 832 1222 888 ὁ
1272 830 1558 910 Ἀϐραάμο
1610 832 1823 901 πάντως
1868 831 1961 892 xui

355 924 450 979 τοῦ
470 923 821 999 μακαρισμοῦ
840 919 1044 1000 ἔτυχεν,
1073 916 1307 999 Ἴδωμεν
1342 910 1432 981 οὖν
1463 920 1595 980 πότε
1633 921 1918 996 ἐδικαιώθη
1940 967 1958 1001 ,

360 1008 687 1090 ἀκρόϐυστος
744 1005 851 1085 ὣν,
897 1008 933 1081 ἢ
988 1010 1373 1091 ἐμπερίτομος;
1426 1009 1772 1092 Ἀκρόϐυστος
1823 1012 1958 1073 ποίν-

356 1123 479 1168 τως.
526 1097 595 1161 Ὁ
637 1098 977 1180 μακαρισμὸς
1033 1100 1137 1180 ἄρα
1182 1101 1270 1160 ἐπὶ
1319 1100 1416 1173 τὴν
1464 1101 1822 1181 ἀκροϐυστίαν
1864 1102 1960 1162 πί-

359 1213 515 1264 πτει,
549 1190 849 1268 τουτέστιν,
894 1191 1030 1272 αὐτῇ
1084 1191 1290 1270 μᾶλλον
1349 1188 1697 1273 προσήκει,ἣ
1856 1216 1957 1254 πε-

362 1285 575 1362 ριτυμῇο

444 1394 474 1427 α
498 1368 609 1431 Καὶ
647 1372 869 1445 σημεῖον
909 1367 1069 1431 ἔλαϐε
1104 1375 1395 1452 περιτομῆς
1426 1370 1503 1450 ⁴⁷,
1545 1374 1812 1454 σφραγῖδα
1865 1376 1961 1446 τῆς

358 1459 692 1545 δικαιοσύνης
739 1463 835 1533 τῆς
876 1460 1137 1535 πίστεως,
1176 1466 1271 1535 τῆς
1322 1465 1376 1522 ἐν
1505 1462 1855 1545 ἀκροϐυστίᾳ,
1889 1464 1961 1531 εἷς

355 1548 417 1609 τὸ
463 1541 598 1611 εἶναι
630 1550 791 1611 αὐτὸν
838 1550 1048 1632 πατέρα
1094 1551 1311 1611 πάντων
1353 1556 1457 1613 τῶν
1498 1553 1855 1614 πιστευόντων
1891 1556 1958 1613 δι’

356 1639 744 1721 ἀκροϐυστίας,
778 1641 849 1709 εἰς
879 1640 939 1701 τὸ
965 1642 1274 1719 λογισθῆναι
1303 1640 1396 1701 xui
1421 1644 1599 1712 αὐτοῖς
1625 1643 1721 1715 τὴν
1757 1645 1956 1703 δικαιο-

356 1730 521 1804 σύνην
546 1755 562 1770 ·
587 1730 680 1792 xui
708 1731 918 1811 πατέρα
965 1736 1259 1812 περιτομῆς
1306 1740 1415 1801 τοῖς
1450 1735 1543 1793 οὐκ
1573 1733 1633 1792 ἐκ
1664 1738 1957 1814 περιτομῆς

354 1820 543 1897 μόνον,
572 1818 712 1879 ἀλλὰ
744 1819 837 1880 xui
879 1829 987 1889 τοῖς
1020 1827 1297 1903 στοιχοῦσι
1326 1831 1434 1890 τοῖς
1466 1822 1641 1903 ἴχνεσι
1670 1828 1764 1895 τῆς
1794 1826 1847 1883 ἐν

357 1888 687 1992 ἀκροϐυστίᾳ
740 1888 983 1980 πίστεως
1025 1916 1121 1970 τοῦ
1138 1888 1366 1993 Γπατρὸς
1416 1888 1571 1991 ῆμῶν
1613 1888 1882 1993 Ἀϐραάμ,
1920 1888 2034 1973 ξΒ

355 2000 644 2061 ἰλντίθεσιν
692 2002 1101 2061 ἀνακύπτουσαν
1148 2000 1303 2062 λύειο
1349 2002 1477 2070 ἴσως
1518 2001 1627 2082 γὰρ
1666 2004 1729 2063 ἄν
1759 2027 1836 2072 τις
1879 1994 1959 2064 εἶ-

359 2114 455 2149 πεν
478 2115 492 2129 ·
535 2093 604 2155 Εἰ
634 2089 963 2172 ἀκρόϐυστος
989 2089 1065 2152 ὢν
1108 2091 1394 2174 ἐδικαιώθη
1433 2096 1462 2152 δ
1504 2091 1787 2174 Ἀϐραὰμ,
1823 2093 1959 2164 τίνος

357 2179 532 2240 ἕνεκεν
556 2181 922 2262 περιετμήθη;
951 2183 1135 2256 Φησὶν
1161 2173 1249 2241 οὖν
1270 2182 1382 2257 ⁴⁷¹,
1402 2182 1484 2243 ὅτι
1508 2182 1590 2244 Τὸ
1608 2173 1845 2259 σημεῖον
1865 2189 1961 2258 τῆς

356 2276 645 2353 περιτομῆς
681 2272 904 2347 ἔλαϐεν,
939 2273 1057 2332 ἀντὶ
1087 2274 1370 2355 σφραγῖδος
1401 2272 1793 2355 σφραγιζούσης
1812 2319 1830 2353 ,
1865 2276 1958 2335 xui

359 2362 859 2441 ἀνακηρυττούσης,
928 2363 1010 2423 ὅτι
1084 2361 1373 2436 ἐδικαιώθη
1427 2364 1488 2423 ἐκ
1542 2362 1803 2439 πίστεως,
1855 2363 1957 2436 ἥν·-

354 2474 478 2510 τινα
536 2451 721 2513 πίστιν
768 2453 1074 2523 ἕπεδείξατο
1129 2453 1427 2534 πρότερον,
1470 2452 1798 2534 ἀκρόϐυστος
1856 2452 1954 2516 ὤν.

355 2539 535 2602 Ὥστε
596 2542 781 2617 ἐπειδὴ
849 2541 944 2603 δύο
994 2548 1166 2604 ταῦτα
1226 2549 1548 2626 θεωροῦνται
1602 2542 1728 2624 περὶ
1760 2543 1811 2581 ⁴³
1868 2543 1957 2604 τὸν

356 2630 604 2714 Ἀϐραὰμ
623 2677 643 2709 ,
676 2632 1007 2714 ἀκροϐυστία
1046 2632 1139 2694 xui
1196 2632 1463 2716 περιτομή
1490 2658 1504 2672 ο
1543 2633 1630 2693 διὰ
1672 2638 1769 2707 τῆς
1799 2637 1960 2716 ἀκρο-

358 2721 578 2793 ϐυστίας
642 2723 907 2785 δείκνυται
965 2728 1073 2787 τῶν
1131 2724 1606 2807 ἀκροϐυστούντων
1636 2724 1687 2760 ⁴⁹
1752 2726 1953 2808 πατήρ.

354 2812 521 2875 Ἀλλὰ
590 2814 791 2889 ποίων;
865 2817 993 2878 Τῶν
1076 2814 1436 2876 πιστευόντων
1509 2814 1705 2894 ὁμοίως
1784 2816 1964 2898 αὐτῷ,

355 2901 493 2966 ὥστε
537 2905 630 2965 xui
672 2905 850 2974 αὐτοῖς
908 2905 1003 2979 τὴν
1052 2906 1233 2967 πίστιν
1285 2906 1587 2986 λογίζεσθαι
1637 2908 1711 2974 εἰς
1762 2906 1963 2966 δικαιο-

2068 740 2354 799 beatitudo
2384 743 2433 799 ei
2471 743 2748 813 convenit,
2777 743 2873 800 cui
2919 759 3033 799 non
3086 744 3444 817 imputaverit
3467 744 3669 801 Domi-

2064 846 2170 888 nus
2208 842 2516 903 peccatum,
2546 832 2653 890 hoc
2709 840 2812 901 est,
2855 833 3180 907 justiﬁcato,
3205 834 3542 908 justiﬁcatus
3584 842 3670 893 est

2065 928 2252 977 autem
2297 922 2598 991 Abraham,
2642 931 2763 980 tum
2803 924 3034 980 omnino
3078 923 3477 982 beatitudinem
3516 938 3671 981 asse-

2066 1018 2228 1067 cutus
2259 1019 2362 1068 est.
2390 1011 2687 1069 Videamus
2723 1013 2890 1086 igitur
2930 1012 3156 1086 quando
3178 1012 3517 1087 justiﬁcatus
3543 1022 3627 1070 est
3652 1030 3670 1070 :

2066 1114 2194 1157 cum
2224 1102 2584 1175 praeputiatus
2611 1110 2777 1171 esset,
2799 1119 2869 1159 an
2905 1119 3037 1160 cum
3073 1104 3471 1162 circumcisus?
3517 1106 3669 1160 Prat-

2066 1190 2310 1262 putiatus
2332 1200 2499 1249 certe.
2527 1192 2817 1249 Beatitudo
2842 1192 3005 1266 igitur
3022 1193 3076 1249 in
3108 1195 3445 1266 praeputium
3474 1193 3624 1251 cadit
3652 1210 3668 1250 :

2066 1279 2174 1337 hoc
2202 1289 2308 1350 est,
2338 1281 2441 1353 ipsi
2470 1282 2647 1355 magis
2690 1300 2860 1355 quam
2890 1283 3266 1340 cicumcisioni
3298 1282 3579 1340 convenit.

2137 1373 2313 1428 Vsus.
2344 1377 2529 1441 11,12.
2563 1397 2588 1423 α
2628 1376 2694 1429 Et
2714 1372 2929 1446 signum
2960 1374 3171 1447 accepit
3201 1372 3667 1445 circumcisionis,

2062 1458 2407 1533 signaculum
2432 1462 2665 1535 justitiae
2714 1461 2865 1530 ﬁdei,
2899 1479 3025 1536 quae
3072 1471 3155 1520 est
3186 1464 3244 1520 in
3281 1464 3570 1537 praeputio,
3608 1468 3675 1521 ut

2064 1549 2137 1606 sit
2168 1560 2322 1623 pater
2348 1552 2464 1624 ipse
2500 1553 2757 1610 omnium
2785 1553 3130 1609 credentium
3176 1570 3271 1625 per
3313 1553 3667 1627 prmputium,

2067 1647 2130 1695 ut
2156 1649 2210 1696 et
2237 1642 2318 1698 eis
2346 1640 2651 1714 imputetur
2671 1643 2891 1717 justitia
2916 1664 2928 1699 :
2958 1651 3017 1699 et
3036 1652 3190 1715 pater
3212 1642 3669 1712 circumcisionis,

2064 1745 2177 1786 non
2200 1730 2269 1787 iis
2297 1738 2515 1789 tantum
2545 1732 2638 1805 qui
2659 1748 2727 1789 ex
2757 1732 3176 1790 circumcisione
3200 1741 3358 1802 sunt,
3385 1732 3482 1790 sed
3521 1739 3577 1790 et
3600 1730 3672 1791 iis

2067 1819 2159 1892 qui
2200 1829 2481 1878 sectantur
2520 1822 2745 1895 vestigia
2790 1822 2948 1891 ﬁdei,
2983 1838 3108 1896 quae
3155 1832 3240 1879 est
3292 1823 3350 1878 in
3398 1820 3672 1895 praeputio

2063 1910 2229 1982 patris
2275 1912 2450 1969 nostri
2503 1912 2833 1969 Abrahami.
2874 1932 2903 1966 ››
2946 1912 3330 1985 Objectionem
3372 1926 3670 1985 emergen-

2066 2006 2183 2056 tem
2211 1999 2379 2058 diluit
2413 2021 2426 2058 :
2456 1999 2643 2059 forsan
2671 2001 2820 2058 enim
2855 2001 3057 2074 aliquis
3094 2002 3368 2060 dixisset:
3406 2000 3462 2058 Si
3482 2001 3671 2060 Abra-

2065 2088 2218 2159 ham,
2242 2106 2371 2148 cum
2400 2090 2455 2147 in
2509 2090 2781 2165 praeputio
2812 2099 2976 2162 esset,
2999 2091 3331 2164 justiﬁcatus
3363 2098 3469 2160 est,
3498 2105 3673 2164 quam

2067 2179 2238 2253 igitur
2276 2181 2349 2238 ob
2377 2196 2601 2238 causam
2645 2181 3004 2239 circumcisus
3044 2184 3162 2239 est?
3190 2181 3282 2238 Ait
3308 2180 3493 2255 igitur,
3524 2178 3671 2255 quod

2064 2267 2503 2327 circumcisionis
2554 2270 2771 2344 signum
2822 2269 3092 2343 acceperit
3142 2285 3244 2343 pro
3287 2270 3469 2344 sigillo
3514 2270 3673 2328 obsi-

2066 2369 2267 2432 gnante
2295 2376 2361 2417 ac
2397 2360 2733 2433 praedicante
2771 2360 2923 2434 quod
2953 2376 3017 2417 ex
3055 2359 3163 2417 ﬁde
3182 2359 3515 2434 justiﬁcatus
3542 2368 3629 2417 est
3657 2379 3670 2417 :

2068 2465 2239 2523 quam
2264 2466 2398 2507 sane
2421 2450 2589 2507 ﬁdem
2605 2450 2727 2523 jam
2751 2456 2934 2519 antea,
2954 2465 3085 2507 cum
3114 2450 3471 2522 prmpuﬁatus
3498 2456 3672 2518 esset,

2068 2538 2330 2597 ostendit.
2359 2542 2502 2597 Cum
2528 2539 2711 2612 itaque
2738 2539 2851 2597 duo
2876 2538 2997 2597 haec
3012 2546 3312 2597 cernantur
3334 2540 3477 2597 circa
3495 2539 3674 2596 Abra-

2068 2627 2323 2697 hamum,
2352 2629 2682 2703 praeputium
2723 2638 2780 2686 et
2816 2626 3134 2686 cicumcisio
3164 2645 3181 2686 :
3211 2643 3310 2703 per
3334 2628 3671 2703 praeputium

2068 2734 2202 2776 sane
2226 2734 2421 2776 eorum
2450 2719 2541 2791 qui
2571 2719 2907 2792 praeputium
2933 2717 3158 2788 habent,
3198 2728 3354 2791 pater
3372 2732 3670 2776 common-

2069 2816 2295 2866 stratur.
2324 2808 2431 2867 Sed
2458 2810 2747 2883 qualium?
2777 2808 2971 2867 talium
2998 2807 3254 2866 videlicet
3281 2807 3378 2882 qui
3407 2808 3578 2883 ipsius
3598 2809 3673 2867 in.

2071 2906 2184 2956 star
2202 2899 2573 2970 crediderunt,
2606 2923 2632 2950 ι
2660 2900 2743 2957 Ut
2764 2900 2931 2957 etiam
2955 2898 3087 2972 ipsis
3111 2896 3251 2956 ﬁdes
3278 2899 3582 2973 imputetur
3604 2895 3674 2959 ad

355 2995 552 3069 σύνην,
599 2998 903 3071 τουτέστιν,
939 3000 1012 3064 εἷς
1062 2998 1124 3058 τὸ
1174 2995 1412 3077 γίνεσθαι
1459 2996 1713 3065 δικαίους.
1752 2997 1857 3058 Διὰ
1904 2996 1960 3057 δὲ

2070 2987 2365 3062 justitiam,
2400 3013 2428 3041 ι
2460 2990 2568 3047 hoc
2595 2997 2700 3059 est,
2725 2996 2789 3047 ut
2807 2990 2950 3064 justi
2983 2989 3137 3046 ﬁant.
3177 2993 3284 3047 Per
3301 2990 3678 3049 circumcisio-

352 3088 449 3159 τῆς
492 3092 812 3169 περιτομῆς,
852 3088 1016 3148 πάλιν
1064 3087 1244 3169 πατὴρ
1296 3087 1565 3148 δείκνυται
1604 3092 1703 3161 τῆς
1750 3110 1961 3169 περιτο-

355 3178 494 3255 μῆς,
542 3178 813 3253 τουτέστι,
863 3181 968 3237 τῶν
1003 3178 1500 3261 περιτετμημένων.
1551 3175 1711 3238 Ἔστι
1758 3176 1814 3237 δὲ
1858 3202 1963 3239 πα-

2066 3095 2201 3138 nem
2228 3096 2380 3151 vero,
2402 3095 2598 3139 rursus
2622 3080 2939 3139 ostenditur
2971 3095 3090 3139 esse
3118 3088 3274 3153 pater
3296 3080 3677 3139 circumcisio-

2070 3171 2179 3239 nis,
2210 3170 2319 3229 hoc
2363 3179 2468 3239 est,
2497 3171 2975 3229 circumcisorum.
3005 3172 3102 3228 Est
3143 3179 3327 3228 autem
3357 3178 3530 3245 pater,
3560 3184 3677 3230 non

352 3266 478 3347 τήρ,
522 3271 583 3328 οὗ
618 3269 727 3337 τοῖς
766 3269 933 3346 μόνην
980 3254 1088 3343 τὴν·
1122 3254 1417 3349 περιτο-μὴν
1471 3267 1684 3350 ἔχουσιν
1705 3267 1780 3345 ⁵ο,
1826 3268 1962 3328 ἀλλὰ

2078 3259 2206 3331 illis,
2253 3260 2350 3335 qui
2377 3261 2554 3318 solam
2581 3260 3059 3319 circumcisionem
3099 3258 3328 3331 habent,
3378 3260 3475 3319 sed
3521 3269 3577 3318 et
3604 3260 3674 3319 iis

353 3356 585 3426 καὶτοῖς
629 3364 902 3440 στοιχοῢσι
960 3366 1067 3427 τοῖς
1118 3361 1290 3439 ἴχνεσι
1328 3363 1423 3431 τῆς
1467 3359 1700 3427 πίστεως
1757 3358 1958 3434 αὐτοῦ,

356 3450 450 3518 τῆς
480 3450 533 3507 ἐν
698 3448 1049 3531 ἀκροϐυστίᾳ.
1105 3448 1299 3518 Οὕτως
1352 3440 1442 3508 οὖν
1473 3450 1559 3509 δεῖ
1609 3451 1958 3529 ἀναγνῶναυ

361 3537 477 3598 Καὶ
499 3541 703 3620 πατέρα
749 3543 1041 3620 περιτομῆς
1065 3538 1140 3615 ⁵⁴,
1176 3542 1234 3601 οὗ
1268 3547 1377 3607 τοῖς
1407 3540 1488 3599 ἐκ
1514 3544 1812 3621 περιτομῆς
1859 3538 1961 3616 μό·

357 3651 455 3699 νης
511 3628 867 3705 δμοισυμένοις
936 3632 1117 3712 αὐτῷ,
1177 3628 1319 3691 ἀλλὰ
1363 3629 1456 3689 xui
1512 3638 1621 3697 τοῖς
1685 3634 1961 3709 στοιχοῧσι

358 3725 472 3785 τοῖς
498 3716 673 3798 ἴχνεσι
710 3723 800 3789 τῆς
827 3718 1085 3793 πίστεως,
1137 3718 1419 3799 τουτέστι,
1476 3720 1583 3788 τοῖς
1623 3718 1961 3778 πιστεύουσιν

359 3808 560 3884 ὁμοίως
590 3807 796 3891 ἐκείνῳ,
839 3811 918 3880 εἰς
965 3812 1164 3891 νεκρῶν
1202 3809 1468 3887 σωμάτων
1504 3808 1818 3870 ἀνάστασιν.
1854 3808 1962 3870 Καὶ

361 3896 468 3978 γὰρ
510 3900 737 3975 ἐκεῖνος,
790 3902 959 3981 γέρων
1014 3897 1089 3959 ὧν
1124 3900 1218 3961 xui
1244 3902 1444 3980 νεκρὸς,
1496 3900 1841 3971 ἐπίστευσεν,
1879 3898 1963 3958 ὅτι

362 3986 579 4047 δύναται
608 3994 637 4049 ὃ
665 3992 801 4057 Θεὸς
826 3991 1082 4070 ζωογόνον
1114 3991 1172 4051 τὸ
1205 3990 1425 4071 σπέρμα
1468 3992 1629 4049 αὐτοῦ
1664 3988 1961 4069 ἀναδεῖξαι,

359 4076 450 4136 xui
497 4080 606 4139 υἱὸν
639 4082 786 4161 αὐτῷ
816 4083 1019 4145 δοῦναι.
1071 4080 1267 4143 Ἔστιν
1310 4075 1399 4140 οὖν
1442 4089 1548 4149 πᾶς
1577 4085 1604 4139 δ
1630 4086 1749 4147 νοῦς
1797 4084 1964 4140 τοιοῦ-

358 4192 461 4237 τος’
489 4170 844 4253 Ἀκρόϐυστος
885 4171 958 4231 ὢν
1002 4176 1031 4232 δ
1080 4172 1363 4254 Ἀϐραὰμ,
1402 4171 1684 4254 ἐπίστευσε
1712 4170 1804 4230 xui
1849 4172 1960 4230 ἐδι-

356 4252 599 4338 καιώθη,
640 4260 783 4321 ὥστε
814 4266 917 4321 τῶν
950 4252 1296 4344 ἀκροϐύστων
1344 4265 1549 4321 πιστῶν
1582 4252 1722 4321 εἶναι
1750 4260 1952 4341 πατήρ.

359 4350 537 4411 Πάλιν
560 4351 725 4411 ἔλαϐε
774 4352 871 4424 τὴν
918 4352 1249 4432 περιτομὴν,
1302 4353 1572 4435 σφραγῖδα
1610 4351 1705 4435 xui
1738 4360 1959 4428 σημεῖον

359 4442 455 4512 τῆς
486 4443 537 4500 ἐν
588 4444 652 4519 τῇ
705 4442 1034 4526 ἀκροϐυστία
1080 4432 1360 4519 πίστεως,
1384 4432 1538 4503 ὥστε
1589 4432 1727 4503 εἶναι
1777 4444 1957 4522 πατὴρ

2069 3351 2163 3424 qui
2217 3350 2481 3409 incedunt
2537 3366 2636 3425 per
2696 3351 2941 3425 vestigia
3002 3350 3133 3409 ﬁdei
3181 3350 3374 3425 ipsius,
3431 3366 3558 3426 quae
3619 3350 3675 3409 in

2071 3441 2341 3514 praeputio
2381 3440 2454 3498 illi
2489 3439 2708 3515 obtigit.
2750 3443 2919 3499 Hunc
2969 3442 3155 3515 itaque
3194 3441 3264 3499 ad
3317 3441 3549 3499 modum
3586 3440 3676 3498 hic

2069 3538 2157 3587 est
2188 3530 2446 3606 legendus
2472 3532 2625 3588 locus
2666 3548 2681 3587 :
2723 3533 2796 3587 Et
2826 3539 3039 3604 patrem
3065 3531 3528 3600 circumcisionis,
3559 3545 3677 3589 non

2071 3620 2138 3677 iis
2165 3620 2259 3694 qui
2288 3636 2356 3677 ex
2381 3619 2798 3678 circumcisione
2818 3621 2932 3677 sola
2960 3620 3062 3693 ipsi
3092 3621 3477 3694 adaequamur,
3502 3622 3599 3679 sed
3623 3630 3678 3679 et

2070 3709 2137 3766 iis
2163 3710 2258 3783 qui
2294 3718 2576 3767 sectantur
2598 3710 2821 3783 vestigia
2850 3709 2999 3779 ﬁdei,
3044 3709 3150 3767 hoc
3178 3718 3268 3767 est
3315 3710 3411 3783 qui
3440 3710 3674 3768 credunt

2070 3814 2227 3873 atque
2253 3810 2417 3874 atque
2454 3800 2572 3873 ipse
2597 3800 2653 3856 in
2684 3809 3037 3856 mortuorum
3065 3814 3362 3872 corporum
3390 3814 3672 3856 resurrec-

2069 3890 2242 3947 tione.
2279 3890 2500 3947 Etenim
2538 3890 2648 3959 ille,
2696 3906 2826 3946 cum
2863 3890 2982 3963 jam
3035 3889 3360 3962 grandthus
3404 3897 3549 3946 esset
3609 3904 3673 3946 ac

2073 3989 2344 4049 mortuus,
2370 3979 2607 4037 credidit
2634 3981 2782 4053 quod
2810 3982 2961 4035 Deus
3000 3980 3110 4051 33
3136 3994 3323 4035 semen
3351 3994 3513 4036 suum
3546 3994 3675 4052 pro-

2076 4071 2283 4128 liﬁcum
2323 4071 2576 4139 reddere,
2619 4070 2829 4143 ipsique
2863 4068 3039 4125 ﬁlium
3070 4071 3200 4125 dare
3246 4078 3496 4142 potuerat
3535 4074 3671 4127 Sen-

2070 4177 2164 4219 sus
2190 4160 2374 4233 itaque
2400 4178 2494 4233 per
2522 4167 2705 4217 totum
2732 4169 2815 4216 est
2840 4159 3181 4231 huiusmodi.
3208 4163 3346 4215 Cum
3376 4162 3430 4216 in
3461 4176 3673 4233 praepu:

2072 4251 2150 4308 tio
2174 4260 2320 4308 esset
2345 4252 2723 4319 Abrahamus,
2750 4249 2985 4308 credidit
3022 4258 3079 4307 et
3099 4250 3432 4323 justiﬁcatus
3474 4260 3579 4316 est,
3615 4261 3676 4307 ut

2073 4341 2180 4399 hoc
2220 4351 2378 4414 pacto
2429 4341 2772 4399 credentium
2801 4340 3260 4413 praeputiatnrum
3309 4349 3463 4413 pater
3504 4348 3668 4397 esset.

2071 4434 2289 4489 Rursus
2317 4432 2526 4503 accepit
2554 4432 3052 4499 circumcisionem,
3084 4430 3321 4502 sigillum
3362 4439 3417 4486 et
3451 4429 3671 4502 signum

358 4533 469 4589 τῶν
520 4533 580 4591 ἐκ
654 4520 981 4611 περιτομῆς,
1014 4520 1390 4614 ’στοιχούντων
1440 4532 1647 4605 δηλαδή
1706 4531 1798 4591 xui
1860 4520 1962 4600 τοῖς

2076 4520 2202 4577 ﬁdei
2229 4537 2397 4594 quam
2424 4522 2481 4576 in
2519 4521 2785 4592 pracputio
2828 4520 3043 4587 habuit,
3090 4528 3149 4574 ut
3191 4527 3334 4575 esset
3381 4526 3534 4590 pater
3562 4520 3670 4574 cir-

359 4617 531 4701 ἴχνεσι
559 4626 656 4695 τῆς
681 4623 948 4702 πίστεως,
975 4625 1038 4698 ἣν
1083 4615 1226 4705 εἶχεν
1256 4622 1335 4683 ἔτι
1366 4622 1692 4703 ἀκρόϐυστος
1736 4621 1832 4682 ὤν.
1866 4621 1966 4691 ⁶Ως

361 4710 558 4784 ταύτης
586 4734 647 4791 γε
690 4712 930 4789 ἀπούσης
975 4715 1152 4790 μάτην
1296 4717 1561 4795 περιτομῇ
1595 4713 1966 4783 καλλωπίζον-

361 4823 489 4859 ται·
521 4799 703 4883 ὥσπερ
739 4802 801 4863 ἂν
850 4804 1003 4873 εἴτις
1050 4804 1336 4884 βαλάντιον
1388 4803 1746 4864 ἐπιδείκνυσιν
1794 4827 1971 4886 σφρα-

362 4892 487 4969 γῑδα
516 4891 682 4968 μόνην
706 4892 829 4973 ιχον
855 4944 868 4967 ,
903 4895 1126 4972 μηδενὸς
1169 4893 1316 4954 ἔνδον
1352 4893 1729 4973 ἀποκειμένου.
1770 4894 1877 4954 Καὶ
1917 4890 1969 4929 ⁵³

363 4981 622 5050 Ἰουδαῖος
691 4981 780 5044 οὖν
836 4984 1122 5065 βαλάντιόν
1202 4986 1346 5045 ἐστιν
1406 4983 1833 5067 ἐσφραγισμένον

367 5076 663 5154 περιτομῇ,
715 5071 811 5146 τὴν
859 5074 1067 5157 πίστιν,
1090 5075 1146 5136 δὲ
1187 5076 1263 5154 μὴ
1654 5073 1878 5157 σφραγὶς
1938 5077 1969 5145 ἧ

370 5184 660 5244 περιτομη,

457 5346 489 5378 ιι
520 5323 603 5384 Οὐ
634 5320 736 5402 γὰρ
765 5321 851 5382 διὰ
880 5322 1045 5403 νόμου
1078 5326 1115 5399 ἡ
1156 5322 1454 5406 ἐπαγγελία
1492 5327 1571 5406 τῷ
1601 5322 1851 5406 Ἀϐραὰμ
1882 5322 1977 5385 xui

2076 4612 2474 4673 cumcisorum,
2526 4610 2948 4681 ingredientium
2993 4608 3237 4663 videlicet
3292 4622 3389 4678 per
3447 4606 3671 4678 Vestigia

2079 4699 2227 4767 ﬁdei,
2254 4715 2418 4772 quam
2440 4698 2629 4755 habuit
2662 4699 2796 4755 dum
2825 4700 3007 4755 adhuc
3032 4697 3443 4753 incircumcisus
3475 4706 3620 4752 essvt
3660 4711 3673 4753 :

2078 4806 2185 4864 qua
2230 4791 2476 4859 absente,
2536 4788 2736 4845 frustra
2806 4788 3278 4845 circumcisionem
3334 4788 3436 4844 sibi
3489 4787 3678 4855 gloriae

2080 4879 2292 4936 ducunt
2341 4900 2354 4935 :
2398 4878 2621 4951 perinde
2667 4894 2735 4935 ac
2792 4878 2839 4934 si
2894 4878 3015 4951 quis
3066 4890 3389 4934 crumenam
3438 4884 3680 4933 ostentet

2082 4969 2427 5042 signaculum
2478 4969 2664 5025 solum
2697 4968 3016 5035 habentem,
3057 4985 3121 5025 ac
3163 4968 3298 5023 nihil
3341 4965 3491 5023 aliud
3532 4966 3681 5022 intus

2084 5060 2409 5132 repositum.
2444 5060 2671 5116 Iudaeus
2712 5059 2889 5129 itaque
2933 5074 3196 5115 crumena
3237 5064 3343 5125 est,
3388 5057 3680 5112 circumci-

2084 5150 2239 5207 sione
2268 5150 2491 5222 quidem
2541 5150 2781 5221 signata;
2825 5147 2986 5204 ﬁdem
3038 5164 3186 5215 vero,
3228 5147 3385 5218 cujus
3424 5146 3680 5216 signacu-

2089 5241 2205 5298 lum
2234 5248 2318 5297 est
2345 5240 2720 5311 circumcisio,
2744 5256 2856 5296 non
2878 5238 3107 5295 habens.

2156 5334 2334 5391 Vnus.
2369 5338 2457 5403 13,
2493 5336 2577 5388 14.
2609 5353 2635 5380 α
2664 5332 2792 5387 Non
2832 5330 2982 5386 enim
3027 5342 3123 5401 per
3164 5326 3342 5400 legem
3382 5324 3681 5399 promissio

368 5413 449 5493 τῷ
476 5387 750 5495 σπέρματι
976 5458 995 5496 ,
1033 5387 1469 5497 τδκληρδνόμον
1515 5387 1654 5476 εῖναι
1685 5387 1848 5476 aifath
1884 5420 1962 5476 τοῖ

2087 5387 2457 5491 Aeetae:
2486 5387 2543 5479 et
2585 5420 2783 5479 semini
2821 5418 2960 5492 ejus,
3009 5387 3073 5475 ιίι
3119 5387 3265 5475 αςεᾶ
3322 5387 3439 5490 ipse
3506 5414 3689 5475 haeres

371 5501 607 5583 κόσμου,
639 5503 783 5564 ἀλλὰ
809 5504 899 5565 διὰ
934 5504 1269 5582 δικαιοσύνης
1308 5508 1557 5576 πίστεως.
1594 5506 1667 5568 Ei
1694 5506 1797 5589 γὰρ
1832 5507 1883 5566 οἱ
1914 5509 1974 5566 ἐκ

2087 5510 2301 5584 mundi,
2329 5509 2429 5570 sed
2452 5525 2551 5585 per
2570 5508 2851 5583 justitiam
2874 5508 3029 5566 ﬁdei.
3057 5507 3116 5567 Si
3143 5505 3289 5567 enim
3317 5505 3414 5582 qui
3446 5520 3513 5565 ex
3543 5506 3688 5580 lege,

1787 5647 1973 5711 Variae
2014 5647 2319 5712 lectiones.

449 5777 496 5817 ⁸⁷
527 5785 631 5855 τῆς.
657 5778 731 5821 ⁸⁷*
759 5781 860 5859 γὰρ
904 5801 961 5844 o.
1034 5782 1083 5824 ⁸⁸
1128 5781 1259 5858 παρὰ
1285 5802 1344 5847 0.
1416 5781 1463 5822 “
1513 5782 1837 5859 ἀκροϐύστων
1886 5802 1940 5845 ο.
2017 5784 2062 5823 ⁵ο
2092 5782 2170 5849 ἴσ,
2219 5779 2279 5839 οὗ
2319 5780 2483 5858 μόνην
2528 5781 2635 5846 τοῖς
2662 5776 2755 5850 τὴν
2782 5794 2941 5854 περιτ.
2975 5774 3061 5853 ἔχ.
3138 5773 3181 5816 ⁶¹
3212 5776 3364 5835 εἶναι.
3441 5773 3506 5835 ⁸².
3544 5768 3603 5831 ⁸0
3630 5791 3686 5835 o.

660 5878 906 5937 Panos.
947 5877 1057 5936 Gn.
1098 5877 1314 5936 CXXIV.

3401 5870 3467 5925 13
