4150 6460
488 489 591 543 395

1493 478 2010 538 THEOPHYLACTI
2048 476 2406 536 BULGARUE
2443 481 2756 539 ARCHIEP.

3698 491 3803 545 396

481 609 725 670 haeredes
769 616 918 680 sunt,
968 607 1250 666 exinanita
1298 613 1383 666 est
1426 606 1579 676 ﬁdes,
1643 615 1700 665 et
1741 604 1945 665 abolita
1997 611 2069 662 esl

2189 603 2381 685 νόμου,
2425 607 2745 688 κληρονόμοι
2772 632 2785 646 ο
2831 609 3121 671 κεκένωται
3155 615 3188 686 ἡ
3222 610 3432 687 πίστις,
3465 612 3557 673 καὶ
3596 613 3803 696 κατήρ-

482 701 796 776 promissio.
840 721 868 754 »
899 699 1150 758 Ostendit
1180 699 1300 774 jam
1335 706 1517 769 antea,
1547 697 1698 771 quod
1719 697 1942 772 justitia
1969 712 2084 754 non

480 808 549 851 ex
577 793 714 864 lege,
741 790 838 850 sed
865 807 933 848 ex
961 790 1071 849 ﬁde
1093 789 1165 848 sit
1195 808 1210 847 :
1242 789 1420 864 pergit
1447 790 1639 863 itaque
1678 795 2080 847 commonstra-

483 898 565 954 re,
597 881 749 956 quod
771 881 1062 956 promissio
1104 879 1428 939 Abrahamo
1459 895 1573 937 non
1597 895 1666 937 ex
1692 879 1830 954 lege,
1879 876 1979 937 sed
2015 893 2083 935 ex

482 971 594 1030 ﬁde
621 972 964 1047 justiﬁcante
992 971 1266 1046 obtigerit.
1319 971 1504 1044 Qualis
1555 977 1742 1028 autem
1782 977 1902 1027 erat
1944 985 2080 1042 pro-

484 1063 710 1120 missio?
744 1085 771 1114 ι
797 1064 881 1122 Ut
903 1071 1048 1122 esset
1073 1064 1192 1137 ipse
1227 1061 1406 1121 haeres
1431 1061 1648 1130 mundi,
1681 1083 1708 1111 »
1738 1059 1846 1118 hoc
1873 1067 1978 1130 est,
2021 1067 2085 1116 ut

482 1153 680 1228 in‘ipso
707 1153 1162 1213 benedicerentur
1181 1168 1377 1212 omnes
1399 1154 1571 1210 totius
1593 1151 1785 1210 mundi
1805 1150 2077 1208 nationes.

483 1244 538 1302 Si
565 1244 713 1302 enim
737 1245 846 1315 lex,
878 1245 1077 1320 inquit,
1104 1243 1258 1303 dedit
1280 1243 1680 1316 haereditatem,
1706 1250 1968 1301 evacuate
1993 1248 2079 1299 est

483 1335 639 1407 ﬁdes,
661 1335 720 1393 id
746 1344 850 1409 est,
880 1352 1019 1395 vana
1047 1344 1102 1394 et
1138 1336 1352 1394 inutilis
1377 1351 1498 1393 esse
1519 1350 1609 1393 res
1633 1332 2077 1408 deprehenditur.

484 1427 622 1498 Quis
667 1428 819 1485 enim
857 1428 1090 1485 ulterius
1139 1427 1265 1485 ﬁdei
1305 1442 1500 1484 curam
1542 1425 1832 1482 habiturus
1882 1432 1986 1493 est,
2033 1422 2082 1480 si

486 1520 569 1576 lex
596 1519 932 1592 promissam
966 1519 1349 1577 hazreditatem
1374 1517 1570 1576 daret?
1615 1518 1828 1573 Verum
1854 1531 1972 1572 non
2010 1512 2084 1570 ita

486 1624 574 1668 res
615 1609 781 1667 habet
813 1628 827 1666 :
857 1609 1136 1683 siquidem
1163 1608 1451 1666 Abraham
1495 1606 1876 1682 promissionis
1906 1603 2084 1662 factus

485 1709 570 1758 est
592 1700 790 1770 haeres,
813 1715 927 1758 non
953 1716 1054 1773 per
1081 1699 1262 1773 legem
1286 1699 1410 1768 (ubi
1439 1697 1588 1756 enim
1613 1705 1739 1754 tum
1762 1698 1849 1754 lex
1889 1698 2082 1762 erat?)

481 1791 580 1850 sed
608 1808 704 1865 per
734 1789 926 1861 ﬁdem,
955 1789 1429 1864 quemadmodum
1456 1789 1726 1863 scriptum
1750 1795 1854 1858 est,
1899 1806 1930 1840 (ι
1955 1789 2086 1846 Cre-

481 1880 624 1941 didit
655 1880 940 1939 Abraham
964 1884 1084 1938 Deo
1111 1877 1146 1952 l;
1167 1890 1229 1939 ιιι.
1265 1904 1293 1933 ι

2185 719 2346 776 γηται
2377 702 2408 770 ἡ
2441 699 2757 779 ἐπαγγελία.
2788 723 2815 758 ι)
2851 697 3093 771 Ἐδειξεν
3134 699 3215 761 ὅτι
3257 708 3293 776 ἡ
3326 703 3639 779 δικαιοσύνη
3660 749 3678 780 ,
3705 705 3802 764 οὔκ

2184 788 2245 846 ἐκ
2274 787 2470 865 νόμου,
2501 789 2620 849 ἀλλ’
2650 791 2709 849 ἐκ
2738 791 2792 830 ⁵³
2827 790 3057 861 πίστεως
3081 815 3095 830 ο
3153 796 3244 852 νῦν
3288 793 3552 856 δείκνυσιν
3594 794 3676 856 ὅτι
3705 794 3799 856 καὶ

2189 879 2222 948 ἡ
2268 877 2560 966 ἐπαγγελία
2587 883 2665 962 τῷ
2692 878 2945 961 Ἀϐραὰμ
2991 883 3089 944 οὖκ
3131 882 3237 942 ἀπὸ
3287 889 3380 945 τοῦ
3431 884 3632 966 νόμου,
3678 884 3796 947 ἀλλ’

2189 965 2304 1058 ἀπὸ.
2331 973 2426 1042 τῆς
2457 969 2766 1044 δικαιούσης
2801 971 2853 1010 ⁵⁴
2885 970 3317 1058 πίστεωςκ-Ποία
3350 975 3404 1036 δὲ
3450 965 3515 1050 ἦν
3554 981 3590 1050 ἡ
3632 979 3802 1058 ἐπαγ-

2187 1055 2374 1136 γελία,
2413 1082 2446 1116 α
2474 1058 2555 1121 Τὸ
2588 1059 2916 1142 κληρονόμον
2948 1063 3107 1123 αὐτὸν
3126 1053 3262 1124 εἶναι
3295 1069 3387 1124 τοῦ
3415 1065 3618 1146 κόσμου
3651 1066 3726 1144 ⁵⁵,
3751 1053 3793 1126 ⁷ν)

2188 1147 2491 1225 τουτέστιν,
2525 1151 2578 1209 ἐν
2607 1152 2752 1233 αὐτῷ
2794 1152 3125 1233 εὐλογεῖσθαι
3154 1154 3333 1216 πάντα
3360 1154 3430 1216 τὰ
3457 1163 3551 1218 τοῦ
3589 1158 3794 1237 κόσμου

2189 1236 2336 1313 ἔθνη.
2362 1241 2430 1301 Εἰ
2454 1238 2557 1322 γὰρ
2588 1242 2615 1299 6
2637 1239 2797 1318 νόμος
2817 1288 2834 1322 ,
2859 1241 2992 1325 φησὶ
3009 1290 3026 1323 ,
3054 1245 3150 1319 τὴν
3179 1245 3536 1328 κληρονομίαν
3581 1236 3751 1308 ἐδίδου
3772 1293 3791 1327 ,

2195 1351 2223 1387 α
2251 1329 2599 1405 κεκένωταιή
2629 1331 2844 1406 πίστις,
2884 1355 2912 1390 n
2949 1333 3218 1412 τουτέστι,
3269 1335 3420 1396 κενὸν
3451 1335 3543 1397 καὶ
3571 1338 3790 1419 ἀχρεῖον

2187 1427 2416 1501 πρᾶγμα
2442 1419 2765 1502 εὑρίσκεται.
2799 1421 2895 1492 Τίς
2924 1423 3029 1506 γὰρ
3074 1423 3156 1486 ἔτι
3198 1425 3427 1495 πίστεως
3477 1430 3745 1510 φροντίσει
3768 1475 3790 1507 ,

2189 1510 2279 1570 ἐὰν
2307 1513 2335 1568 6
2363 1510 2517 1589 νόμος
2562 1513 2658 1586 τὴν
2699 1513 3027 1594 ἐπαγγελίαν
3057 1516 3185 1598 διδῷ
3216 1517 3302 1592 ⁵⁶;
3337 1516 3482 1578 Ἀλλ’
3527 1519 3623 1578 οὖκ
3679 1518 3792 1579 ἔστι

2187 1605 2362 1665 τοῦτο.
2399 1599 2464 1664 Ὁ
2513 1601 2617 1683 γὰρ
2655 1601 2936 1686 Ἀϐραὰμ,
2980 1602 3078 1679 τὴν
3125 1607 3459 1685 ἐπαγγελίαν
3511 1609 3794 1691 ἐκληρονό-

2190 1714 2394 1770 μησεν,
2437 1693 2496 1751 οὗ
2547 1692 2634 1752 διὰ
2678 1693 2843 1771 νόμου
2882 1695 3016 1773 (ποῦ
3065 1695 3169 1777 γὰρ
3198 1696 3319 1758 τότε
3371 1696 3604 1780 νόμος;)
3651 1697 3790 1758 ἀλλὰ

2189 1780 2277 1841 διὰ
2315 1781 2579 1856 πίστεως,
2631 1782 2771 1844 καθὰ
2817 1783 3160 1866 γέγραπταιο
3215 1811 3248 1845 α
3280 1786 3603 1850 Ἐπίστευσε
3650 1786 3706 1850 δὲ
3740 1788 3792 1828 ⁵⁷

2191 1869 2439 1953 Ἀϐραὰμ
2467 1876 2544 1954 τῷ
2567 1875 2718 1956 Θεῷ.
2749 1895 2778 1933 »

548 1974 732 2031 Vsus.
776 1976 865 2044 15.
901 1975 1019 2030 Lex
1053 1971 1204 2030 enim
1249 1971 1390 2029 iram
1436 1976 1718 2046 operatur.
1749 1967 1865 2028 Ubi
1897 1976 2069 2026 autem

2279 1985 2312 2018 α
2360 1963 2428 2024 Ὁ
2455 1961 2558 2045 γὰρ
2605 1963 2767 2043 νόμος
2818 1962 2981 2046 ὀργὴν
3020 1966 3409 2048 κατεργάζεται
3438 1984 3454 2002 '
3508 1959 3568 2029 οὗ
3598 1969 3654 2030 δὲ
3696 1969 3791 2030 οὐκ

478 2077 594 2119 non
621 2071 705 2119 est
723 2063 832 2133 lex,
853 2078 959 2120 nec
983 2061 1378 2136 praevaricatio.
1412 2085 1438 2113 ιο
1467 2060 1774 2120 Conﬁrmat
1800 2060 1916 2135 iam
1941 2075 2080 2132 quo-

477 2168 613 2210 nam
641 2159 808 2225 pacto
847 2168 944 2226 per
971 2153 1148 2227 legem
1171 2152 1465 2226 promissio
1509 2151 1814 2220 aboleatur,
1843 2165 1970 2207 cum
1997 2148 2079 2204 in-

479 2242 616 2315 quit,
662 2245 874 2317 Legem
905 2244 1151 2317 sequitur
1201 2243 1564 2317 transgressio
1614 2261 1632 2296 :
1672 2241 1809 2313 legis
1882 2247 2077 2296 autem

481 2333 867 2405 transgressio,
909 2356 937 2384 α
968 2333 1107 2390 iram
1151 2341 1430 2406 Operatur,
1472 2355 1500 2382 ν
1548 2340 1604 2388 et
1629 2327 2080 2387 maledictionem

481 2421 858 2495 superinducit
886 2431 940 2480 et
980 2423 1325 2496 supplicium.
1361 2422 1469 2494 Qui
1496 2421 1660 2495 igitur
1690 2421 1955 2494 supplicio
1995 2427 2081 2478 est

478 2512 772 2582 obnoxius,
804 2512 1112 2587 quomodo,
1145 2529 1354 2587 quaeso,
1382 2512 1584 2586 dignus
1613 2521 1699 2570 est
1721 2510 2082 2569 haereditate?

547 2605 725 2662 Vnus.
751 2609 842 2674 16,
865 2610 955 2662 17.
979 2627 1007 2655 α
1038 2602 1170 2662 ldeo
1193 2621 1262 2662 ex
1285 2603 1412 2673 ﬁde,
1430 2613 1492 2661 ut
1517 2602 1819 2662 secundum
1843 2602 2079 2676 gratiam

475 2693 638 2753 ﬁrma
699 2693 770 2752 sit
829 2695 1123 2769 promissio
1176 2695 1332 2753 omni
1379 2694 1597 2764 semini,
1638 2710 1755 2752 non
1811 2694 1861 2750 ei
1928 2690 2078 2766 quod

474 2800 545 2842 ex
575 2785 695 2858 lege
740 2793 984 2857 tantum,
1038 2802 1232 2844 verum
1269 2785 1438 2843 etiam
1489 2784 1538 2842 ei
1589 2783 1738 2858 quod
1790 2799 1860 2841 ex
1891 2782 2074 2841 Abra-

475 2872 626 2931 hami
669 2874 800 2946 ﬁde,
861 2877 958 2950 qui
1009 2885 1094 2935 est
1149 2884 1308 2950 pater
1358 2877 1613 2934 omnium
1664 2883 1926 2934 nostrum
1980 2872 2074 2943 (si-

473 2973 570 3023 cut
605 2965 870 3039 scriptum
894 2973 977 3024 est
1021 2983 1037 3024 :
1082 2970 1302 3025 Patrem
1344 2967 1649 3024 multarum
1686 2966 1935 3040 gentium
1977 2981 2075 3038 po-

472 3055 554 3114 sui
582 3063 638 3114 te
673 3061 717 3125 ιι)
745 3065 871 3115 ante
929 3062 1112 3116 Deum
1139 3058 1226 3116 cui
1251 3057 1503 3116 credidit.
1550 3080 1580 3108 ν
1623 3058 1762 3129 Quia
1797 3057 1886 3114 lex
1928 3055 2073 3114 iram

471 3155 750 3220 operatur,
774 3158 1065 3223 propterea
1094 3149 1297 3207 dicitur
1323 3148 1670 3207 Abrahamus
1690 3164 1757 3206 ex
1786 3147 1895 3205 ﬁde
1915 3144 2073 3222 justi-

466 3237 640 3309 ﬁcari,
686 3256 751 3297 ac
797 3239 977 3298 hazres
1024 3239 1304 3311 constitui,
1349 3248 1414 3296 ut
1470 3237 1776 3298 secundum
1829 3237 2067 3312 gratiam

2192 2053 2304 2112 ἔστι
2351 2055 2537 2132 νόμος,
2587 2054 2706 2114 οὐδὲ
2748 2055 3074 2138 παράϐασις.
3114 2080 3144 2116 ››
3201 2059 3313 2120 Νῦν
3358 2059 3790 2136 κατασκευάζει,

2190 2146 2302 2212 πῶς
2331 2143 2418 2204 διὰ
2463 2148 2554 2204 τοῦ
2583 2143 2746 2223 νόμου
2800 2147 3150 2229 καταργεῖται
3195 2151 3230 2221 ἡ
3274 2148 3569 2228 ἐπαγγελία
3601 2167 3616 2184 '
3653 2153 3787 2232 φησὶ

2189 2233 2293 2315 γάρ
2324 2254 2339 2270 ’
2371 2236 2466 2315 Τῷ
2504 2233 2651 2316 νόμῳ
2693 2233 2883 2295 ἕπεται
2931 2236 3237 2318 παράϐασις
3261 2261 3276 2277 ο
3307 2242 3335 2299 6
3379 2237 3435 2298 δὲ
3479 2238 3636 2318 νόμος
3678 2263 3788 2299 πα·-

2191 2323 2570 2405 ραϐαινόμενος
2628 2347 2659 2385 (ι
2695 2325 2856 2410 ὀργὴν
2917 2330 3336 2410 κατεργάζεται,
3387 2351 3416 2388 r
3474 2329 3565 2391 καὶ
3618 2329 3786 2391 κατά-

2190 2438 2286 2497 ραν
2321 2415 2590 2496 ἐπεισάγει
2637 2418 2730 2477 καὶ
2766 2418 3004 2480 κόλασιν.
3050 2423 3122 2481 ⁵0
3171 2426 3295 2501 γοῦν
3353 2420 3571 2482 κολάσει
3620 2420 3788 2481 61:56-

2188 2509 2334 2576 θυνος
2355 2553 2374 2586 ,
2402 2510 2516 2576 πῶς
2545 2507 2686 2578 ἄξιος
2714 2509 3103 2591 κληρονομεῖν;

2274 2619 2305 2657 (ι
2327 2596 2431 2656 Διὰ
2458 2604 2612 2659 τοῦτο
2639 2601 2700 2660 ἐκ
2717 2590 2980 2676 πίστεως,
3012 2597 3102 2660 ἵνα
3122 2598 3262 2662 κατὰ
3296 2601 3481 2683 χάριν,
3513 2601 3586 2671 εἰς
3613 2599 3676 2661 τὸ
3707 2590 3784 2662 εἶ-

2182 2710 2272 2747 ναι
2303 2687 2524 2769 βεϐαίαν
2568 2689 2664 2762 τὴν
2696 2690 3019 2772 ἐπαγγελίαν
3053 2693 3218 2752 παντὶ
3248 2695 3326 2774 τῷ
3370 2690 3677 2773 σπέρματι,
3727 2693 3786 2753 οὗ

2182 2780 2259 2860 τῷ
2283 2779 2343 2839 ἐκ
2370 2778 2532 2857 νόμου
2559 2779 2717 2859 μόνον
2739 2823 2757 2854 ,
2788 2780 2927 2842 ἀλλὰ
2950 2780 3137 2865 καὶτῷ
3162 2784 3223 2842 ἐκ
3251 2781 3481 2851 πίστεως
3510 2781 3782 2864 Ἀϐραὰμ,

2180 2868 2235 2937 ὃς
2264 2875 2378 2928 ἐστι
2405 2869 2584 2951 πατὴρ
2616 2869 2831 2932 πάντων
2865 2875 3020 2950 ἡμῶν
3058 2873 3163 2950 (ὥς
3195 2872 3410 2953 [v-ulg.
3451 2871 3666 2948 καθὼς]
3697 2871 3786 2953 γέ-

2179 2982 2450 3041 γραπται,
2500 2962 2582 3047 ὅτι
2624 2959 2849 3042 Πατέρα
2909 2964 3122 3022 πολλῶν
3176 2965 3337 3022 ἐθνῶν
3394 2961 3608 3024 τέθεικά
3666 2965 3783 3047 σε),

2179 3049 2461 3111 κατέναντι
2505 3041 2563 3112 οὗ
2593 3041 2868 3112 ἐπίστευσε
2899 3055 3069 3114 Θεοῦ.
3104 3074 3137 3112 ι)
3171 3051 3399 3127 Ἐπειδὴ
3431 3057 3460 3114 6
3490 3053 3650 3132 νόμος
3692 3041 3779 3138 ὀρέ

2176 3139 2278 3220 γὴν
2320 3143 2494 3216 ποιεῖ,
2548 3140 2635 3201 διὰ
2663 3145 2818 3202 τοῦτο
2849 3144 2909 3202 ἐκ
2951 3142 3179 3212 πίστεως
3201 3189 3218 3223 ,
3253 3142 3413 3227 φησὶ,
3455 3142 3668 3224 λέγεται
3700 3146 3778 3205 δι-

2178 3235 2458 3292 καιοῦσθαι
2498 3232 2608 3290 6⁵⁸
2655 3230 2903 3316 ᾈϐραὰμ
2933 3233 3027 3294 καὶ
3073 3237 3461 3316 κληρονομεῖν,
3518 3232 3605 3295 ἵνα
3637 3235 3778 3297 κατὰ

464 3329 651 3386 omnia
679 3329 834 3388 ﬁant.
868 3329 1059 3388 Gratia
1087 3338 1274 3388 autem
1321 3329 1393 3388 ad
1445 3330 1576 3404 quid
1605 3329 1866 3404 prodest?
1921 3347 1950 3382 «
1991 3328 2069 3386 Ut

2178 3321 2328 3402 χάριν
2357 3321 2425 3382 τὰ
2452 3312 2715 3407 πάνταῗῇ.
2756 3312 2799 3382 ia
2823 3322 2894 3384 Ἦ
2945 3323 3000 3383 δὲ
3050 3312 3206 3407 χάρις
3257 3312 3330 3393 εἷς
3377 3324 3430 3385 τί
3463 3324 3777 3404 συμϐάλλε-

469 3417 632 3476 ﬁrma
664 3419 735 3477 sit
765 3421 1078 3494 promissio.
1109 3443 1135 3472 ι
1181 3423 1308 3479 Non
1349 3421 1500 3478 enim
1545 3420 2066 3495 praevaricationem

462 3507 630 3566 habet
668 3511 866 3585 gratia,
915 3511 1388 3586 quemadmodum
1429 3515 1536 3582 lex,
1589 3521 1652 3570 ut
1693 3511 1912 3569 inﬁrma
1955 3511 2070 3569 sint

462 3615 588 3674 quae
611 3599 832 3659 dantur.
863 3607 939 3660 At
964 3603 1228 3677 quoniam
1251 3603 1358 3661 hoc
1383 3611 1566 3662 totum
1596 3603 1660 3659 ﬁt
1679 3603 1855 3677 gratia
1884 3611 1940 3660 et
1959 3603 2065 3660 mi-

459 3689 759 3750 sericordia
801 3693 916 3762 Dei,
961 3694 1165 3751 merito
1210 3693 1300 3752 illa
1338 3710 1464 3769 quae
1493 3695 1774 3752 donantur
1823 3716 1851 3745 α
1905 3693 2065 3752 ﬁrma

458 3788 590 3839 sunt
615 3783 763 3841 omni
787 3782 1006 3854 semini,
1041 3807 1068 3835 ι
1100 3784 1208 3843 hoc
1234 3792 1337 3854 est,
1368 3785 1626 3844 omnibus
1653 3783 2018 3845 credentibus
2045 3806 2058 3846 :

458 3887 572 3930 non
604 3872 670 3932 iis
700 3881 921 3933 tantum
963 3874 1058 3949 qui
1096 3890 1165 3932 ex
1203 3876 1323 3950 lege
1349 3883 1498 3946 sunt,
1538 3873 1647 3934 hoc
1684 3874 1796 3949 34
1831 3884 1915 3934 est
1950 3877 2064 3936 cir-

455 3963 731 4036 cumcisis,
761 3981 953 4024 verum
977 3966 1146 4024 etiam
1175 3965 1240 4024 iis
1267 3967 1361 4039 qui
1390 3973 1519 4024 sunt
1559 3966 1617 4023 in
1641 3969 1940 4041 praeputio,
1966 3969 2060 4042 qui

455 4062 586 4111 sunt
607 4069 798 4113 semen
815 4055 1136 4128 Abrahami,
1168 4072 1234 4114 ex
1261 4056 1371 4114 ﬁde
1395 4057 1494 4132 ipsi
1515 4057 1811 4133 progeniti.
1840 4059 2058 4131 Quam-

458 4142 651 4201 obrem
711 4145 803 4217 qui
861 4143 1029 4203 ﬁdem
1092 4162 1206 4206 non
1277 4145 1466 4218 habet,
1528 4163 1645 4206 non
1714 4157 1799 4207 est
1871 4164 2062 4208 semen

453 4231 716 4303 Abrahae,
765 4257 792 4284 κ
833 4236 930 4310 qui
969 4245 1122 4310 pater
1149 4246 1236 4298 est
1263 4240 1520 4297 omnium
1562 4247 1836 4309 nostrum,
1884 4261 1911 4289 ιο
1954 4238 2062 4296 hoc

458 4330 565 4392 est,
606 4323 853 4382 ﬁdelium
886 4332 905 4397 (
934 4348 960 4377 α
1002 4327 1147 4386 sicut
1180 4329 1444 4404 scriptum
1475 4338 1562 4388 est
1601 4351 1613 4388 :
1661 4332 1882 4387 Patrem
1922 4328 2062 4387 mul-

450 4416 637 4470 tarum
665 4415 906 4488 gentium
934 4419 1091 4491 posui
1120 4422 1192 4487 te)
1227 4429 1354 4478 ante
1382 4423 1567 4478 Deum
1618 4420 1704 4477 cui
1737 4419 1993 4478 credidit.
2028 4444 2054 4471 ιο

450 4495 650 4562 Sensus
690 4513 775 4562 est
795 4505 1111 4582 hujusmodi
1143 4529 1155 4566 :
1184 4510 1469 4569 Abraham
1493 4519 1576 4570 est
1616 4518 1770 4585 pater
1807 4511 2058 4568 omnium

452 4617 480 4645 ι
509 4605 639 4656 ante
658 4603 866 4670 Deum,
900 4623 928 4651 ιο
961 4599 1070 4658 hoc
1091 4610 1196 4672 est,
1217 4603 1288 4660 ad
1315 4602 1733 4662 similitudinem
1761 4602 1886 4659 Dei.
1913 4605 2058 4661 Nam

449 4687 592 4747 sicut
618 4691 764 4749 Deus
796 4699 882 4749 est
915 4692 1170 4750 omnium
1190 4695 1379 4766 Pater,
1399 4693 1476 4752 ita
1505 4703 1561 4752 et
1579 4694 1702 4752 ille:
1732 4710 1849 4752 non
1867 4709 2059 4754 secun-

442 4775 582 4835 dum
622 4781 931 4840 naturalem
972 4782 1378 4856 cognationem,
1399 4783 1520 4854 sed
1573 4783 1879 4842 secundum
1926 4783 2055 4842 ﬁdei

442 4868 1159 4943 conjunctionem.Addidit
1175 4882 1367 4934 autem
1385 4874 1544 4948 illud,
1568 4897 1596 4926 α
1621 4875 1728 4934 Cui
1750 4875 2004 4947 credidit,
2025 4899 2051 4927 ιο

445 4967 508 5017 ut
542 4961 876 5036 ostenderet,
915 4964 1066 5038 quod
1107 4973 1164 5024 et
1188 4965 1316 5024 ﬁdei
1344 4966 1851 5040 compensationem
1896 4983 2053 5026 acce-

443 5047 604 5121 perit,
650 5050 937 5124 nimirum,
980 5055 1133 5129 quod
1166 5056 1242 5114 sit
1276 5064 1428 5130 pater
1464 5055 1736 5116 omnium.
1773 5060 1958 5132 Quare
2005 5058 2053 5118 si

437 5154 552 5198 non
572 5140 879 5216 admiseris,
900 5161 935 5204 ο
959 5146 1176 5220 Judme,
1206 5147 1392 5222 ipsum
1411 5163 1527 5208 esse
1548 5157 1769 5223 patrem
1787 5151 2046 5210 omnium

441 5241 722 5331 nostrum,
769 5234 1042 5296 honorem
1084 5237 1226 5312 ejus,
1271 5253 1438 5313 quem
1493 5239 1772 5302 credendo
1814 5243 2048 5319 accepit,

442 5322 794 5384 imminuisti.

518 5436 546 5464 ι
575 5415 685 5490 Qui
703 5416 939 5477 viviﬁcat
959 5426 1236 5489 mortuos,
1254 5425 1312 5478 et
1337 5429 1502 5481 vocat
1528 5438 1589 5482 ea
1615 5437 1739 5499 quae
1761 5440 1878 5485 non
1894 5433 2046 5496 sunt,

513 5543 557 5574 ¹¹²
579 5542 720 5601 Gen.
749 5558 857 5615 xv,
889 5549 944 5602 6.
1021 5555 1051 5584 ιι
1080 5546 1221 5606 Ibid.
1266 5554 1317 5604 7.

2175 3388 2302 3486 ταί,
2338 3432 2366 3469 (α
2389 3414 2483 3480 Εἷς
2507 3411 2567 3472 τὸ
2592 3388 2725 3473 εἶναι
2757 3413 2982 3494 βεϐαίαν
3005 3388 3103 3489 τήν
3125 3388 3469 3496 ἐπαγγελίαν.
3494 3388 3652 3488 »ιΜὴ
3671 3415 3778 3496 γὰρ

2174 3501 2482 3588 παράϐασιν
2512 3501 2625 3585 ἔχει
2654 3508 2681 3578 ἡ
2708 3504 2864 3586 χάρις
2882 3549 2899 3580 ,
2924 3503 3111 3588 ὥσπερ
3137 3508 3165 3564 6
3193 3505 3382 3583 νόμος,
3421 3503 3510 3566 ἵνα
3543 3504 3778 3567 ἀϐέϐαια

2171 3584 2208 3674 ᾗ
2235 3591 2302 3652 τὰ
2336 3584 2589 3673 διδόμενα
2615 3593 2689 3653 59.
2709 3584 2865 3656 Ἀλλ’
2894 3596 3011 3657 ἐπεὶ
3041 3584 3199 3678 χάρις
3240 3596 3352 3657 ἐστὶ
3378 3595 3469 3656 καὶ
3500 3598 3642 3667 ἔλεος
3683 3601 3776 3659 τοῦ

2171 3686 2316 3746 Θεοῦ
2340 3684 2400 3745 τὸ
2421 3694 2529 3745 πᾶν
2547 3729 2564 3760 ,
2595 3685 2814 3751 εἰκότως
2837 3683 2906 3745 τὰ
2936 3687 3189 3765 διδόμενα
3214 3686 3411 3768 βέϐαιά
3435 3689 3540 3748 εἶσι
3565 3717 3590 3742 «ι
3617 3687 3776 3748 παντὶ

2171 3779 2248 3859 τῷ
2281 3775 2586 3857 σπέρματι,
2626 3801 2658 3835 n
2687 3774 2964 3851 τουτέστι,
3011 3786 3147 3838 πᾶσι
3180 3781 3290 3848 τοῖς
3317 3777 3679 3840 πιστεύουσιν·
3713 3780 3774 3840 οὔ

2171 3864 2328 3943 μόνον
2370 3869 2478 3935 τοῖς
2525 3867 2588 3926 ἐκ
2632 3864 2830 3945 νόμου,
2876 3866 3160 3942 τουτέστι,
3211 3868 3317 3937 τοῖς
3367 3868 3773 3950 ἐμπεριτόμοις,

2171 3955 2310 4016 ἀλλὰ
2363 3957 2456 4016 καὶ
2505 3963 2615 4024 τοῖς
2682 3954 3066 4038 ἄκροϐύστοις,
3139 3953 3326 4025 οἵτινές
3399 3958 3500 4016 εἰσι
3555 3959 3774 4042 σπέρμα

2170 4045 2444 4128 Ἀϐραὰμ,
2479 4048 2538 4104 ἐκ
2566 4046 2796 4114 πίστεως
2841 4046 2984 4126 αὐτῷ
3016 4044 3375 4127 γεννηθέντες.
3407 4043 3588 4108 "Qa-re
3621 4051 3650 4107 6
3694 4049 3772 4127 μή

2168 4134 2306 4217 ἔχων
2355 4135 2567 4216 πίστιν,
2620 4134 2740 4196 οὐδὲ
2788 4134 3004 4213 σπέρμα
3061 4134 3344 4217 Ἀϐραὰμ,
3398 4159 3430 4193 α
3465 4136 3611 4205 ὅστις
3657 4138 3773 4198 ἐστὶ

2167 4223 2344 4307 πατὴρ
2365 4225 2579 4286 πάντων
2600 4227 2776 4304 ἡμῶν,
2805 4251 2832 4278 ιο
2858 4224 3120 4300 τουτέστι,
3153 4229 3258 4286 τῶν
3287 4229 3519 4304 πιστῶν,
3548 4253 3574 4282 ι
3597 4225 3770 4296 καθὼς

2166 4315 2512 4398 γέγραπται,
2543 4316 2624 4376 ὅτι
2673 4315 2892 4398 Πατέρα
2934 4317 3148 4378 πολλῶν
3196 4318 3358 4377 ἐθνῶν
3404 4317 3621 4379 τέθεικά
3670 4341 3765 4393 σε,

2168 4395 2450 4468 κατέναντι
2469 4395 2528 4466 οὗ
2553 4395 2837 4467 ἐπίστευσε
2859 4407 3020 4470 Θεοῦ.
3050 4433 3074 4461 ι
3097 4403 3168 4469 Ὅ
3196 4413 3314 4476 νοῦς
3343 4407 3579 4476 τοιοῦτός
3604 4409 3768 4469 ἐστιν·

2170 4496 2240 4559 Ὁ
2271 4497 2516 4581 Ἀϐραὰμ
2542 4497 2724 4579 πατήρ
2759 4498 2874 4556 ἐστι
2902 4497 3118 4558 πάντων
3150 4497 3435 4558 κατέναντι
3466 4503 3559 4558 τοῦ
3595 4501 3762 4574 Θεοῦ,

2171 4586 2289 4649 ἀντὶ
2339 4593 2463 4664 τοῦ,
2505 4586 2700 4666 ὁμοίως
2729 4591 2805 4666 τῷ
2851 4588 3002 4671 Θεῷ.
3054 4586 3270 4671 ⁰Ώσπερ
3316 4589 3409 4649 καὶ
3553 4588 3699 4670 γὰρ]
3738 4592 3768 4648 6

2168 4678 2304 4748 Θεὸς
2332 4678 2542 4739 πάντων
2573 4679 2688 4738 ἐστὶ
2731 4676 2938 4759 πατὴρ,
2988 4677 3127 4739 οὕτω
3175 4678 3267 4739 καὶ
3297 4678 3487 4752 αὐτὸς,
3537 4681 3596 4740 οὐ
3625 4676 3765 4739 κατὰ

2167 4770 2392 4854 φυσικὴν
2442 4769 2780 4850 συγγένειαν,
2832 4767 2974 4854 αλλὰ
3023 4771 3145 4829 κατ’
3194 4769 3456 4830 οἰκείωσιν
3507 4768 3760 4839 πίστεως.

2167 4848 2476 4944 Προσέθηκε
2507 4848 2566 4918 δέ
2589 4859 2684 4936 τὸ,
2712 4880 2744 4918 n
2793 4848 2876 4921 06
2924 4857 3232 4920 ἐπίστευσεν
3253 4904 3271 4936 ,
3298 4880 3328 4918 ι)
3367 4855 3631 4944 ἵναμδείξῃ
3676 4858 3762 4922 ὅτι

2162 4937 2254 5012 κοίὶ
2285 4949 2516 5031 ἀμοιϐὴν
2546 4952 2640 5022 τῆς
2663 4947 2891 5017 πίστεως
2922 4947 3084 5031 ἔλαϐε
3103 4995 3121 5025 ,
3148 4949 3210 5009 τὸ
3233 4947 3414 5031 πατὴρ
3444 4937 3585 5007 εἶναι
3607 4937 3763 5010 Ἵπάν-

2160 5066 2288 5105 των.
2319 5027 2498 5103 εὭστε
2529 5041 2591 5100 ἂν
2625 5037 2701 5120 μὴ
2736 5040 2865 5121 δέχῃ
2884 5085 2904 5118 ,
2925 5027 2970 5098 ῶ
3001 5037 3227 5100 Ἰουδαῖε
3250 5086 3269 5117 ,
3302 5027 3438 5099 εἶναι
3462 5036 3621 5098 αὐτὸν
3653 5063 3760 5100 πα-

2159 5133 2288 5216 τέρα
2315 5131 2530 5194 πάντων
2572 5135 2765 5210 ἡμῶν,
2806 5128 3128 5204 ἠλάττωσας
3163 5132 3327 5192 αὐτοῦ
3357 5128 3454 5205 τὴν
3491 5128 3654 5210 τιμὴν
3685 5129 3752 5204 ἣν

2158 5221 2322 5285 ἔλαϐε
2350 5221 2643 5290 πιστεύσας
2676 5221 2751 5284 ⁶⁰.

2244 5442 2274 5480 (ι
2312 5421 2425 5482 Τοῦ
2463 5419 2841 5488 ζωοποιοῦντος
2884 5411 3006 5485 τοὺς
3031 5411 3284 5498 ξνεκροὺς,
3331 5412 3424 5477 καὶ
3463 5415 3756 5486 καλοῦντος

1835 5626 2030 5689 Variae
2076 5628 2380 5692 lectiones.

507 5756 552 5792 ⁵³
581 5756 689 5848 ἐπὶ).
707 5763 792 5826 τῆς
961 5762 1006 5796 ⁸⁸
1049 5763 1493 5848 δικαιοσύνηςξκαὶ
1525 5784 1579 5826 ο.
1655 5768 1701 5806 ⁸⁸
1731 5776 1830 5826 τῶν
1867 5769 1919 5827 ἐν
1950 5773 2128 5848 κόσμῳ
2157 5789 2236 5831 m.
2315 5771 2362 5807 ⁸⁸
2399 5772 2470 5844 δῷ
2496 5786 2554 5830 ο.
2630 5765 2675 5807 ⁸⁷
2693 5769 2786 5845 ιΟὐ
2834 5767 2930 5844 γὰρ
2969 5766 3048 5826 ἐπ.
3090 5784 3169 5828 m.
3245 5767 3292 5809 ⁸⁸
3325 5768 3412 5827 τὸν
3437 5785 3492 5829 ο.
3568 5763 3614 5808 ⁸⁸
3651 5772 3738 5843 βέ-

437 5837 554 5891 ϐαια
581 5835 612 5912 ᾖ
642 5839 704 5895 τὰ
742 5842 987 5914 γινόμενα
1010 5858 1062 5900 o.
1139 5844 1186 5880 ⁸ο
1215 5847 1460 5901 πιστεύων
1494 5865 1571 5905 m.
