4150 6472
290 532 390 586 397

1198 531 1550 589 EXPOSITIO
1589 531 1654 588 IN
1694 531 1905 588 EPIST.
1946 533 2038 589 AD
2077 531 2239 589 ROM.
2287 561 2348 572 -
2388 530 2540 588 CAP.
2583 531 2671 586 ιν.

3509 535 3613 592 398

293 657 359 716 τὰ
384 655 462 735 μὴ
491 655 628 717 ὄντα
665 658 738 727 ὣς
760 657 905 718 ὄντα.
933 677 964 716 υ
999 655 1183 741 Ὅπερ
1218 656 1466 742 ἀνωτέρω
1501 648 1614 718 εἷπε
1650 657 1728 736 ⁶¹,
1750 664 1898 720 τοῦτο

2019 666 2288 734 tanquam
2315 657 2484 716 sint.»
2517 655 2684 731 Quod
2707 670 2875 730 supra
2897 655 3135 727 dixerat,
3165 655 3272 715 hoc
3310 657 3493 718 denuo
3521 675 3610 718 re-

297 748 386 807 καὶ
430 753 524 807 νῦν
579 747 759 828 λέγει,
798 747 879 810 ὅτι
909 748 1161 832 Ἀϐραὰμ
1203 749 1551 828 ἐπίστευσεν,
1587 746 1669 808 ὅτι
1711 752 1740 808 ὁ
1767 749 1905 819 Θεὸς

299 837 482 920 νεκρὸν
514 843 717 919 σῶμα,
771 833 880 900 οἶον
919 831 982 913 ἦν
1013 840 1073 900 τὸ
1115 843 1313 917 αὐτοῦ,
1357 841 1577 900 δύναται
1625 842 1684 901 οὐ
1741 840 1901 920 μόνον

298 931 540 1004 ζωῶσαι,
578 931 719 989 ἀλλὰ
750 930 842 991 καὶ
874 929 1129 1012 ζωογόνον
1173 937 1419 1005 ποιῆσαι.
1483 930 1590 992 Διὰ
1621 935 1778 991 τοῦτο
1805 929 1901 990 λέ·-

299 1043 378 1099 γει
403 1025 495 1079 νῦν
521 1043 536 1058 '
589 1045 620 1077 α
641 1023 694 1082 Τ
695 1026 756 1081 οῦ
798 1025 1176 1092 ζωοποιοῦντος
1217 1020 1338 1090 τοὺς
1369 1021 1599 1102 νεκρούς.
1625 1046 1657 1078 π
1693 1020 1777 1083 Τὸ
1808 1019 1862 1080 δὲ
1884 1066 1900 1096 ,

306 1133 338 1166 α
371 1112 674 1178 Καλοῦντος
719 1110 788 1171 τὰ
842 1111 917 1191 μὴ
963 1111 1089 1172 ὄντα
1134 1117 1203 1181 ὡς
1245 1112 1412 1186 ὄντα,
1447 1138 1472 1164 ι)
1507 1111 1692 1173 τούτου
1743 1109 1900 1171 ἕνεκα

302 1201 667 1280 προστέθεικεν
687 1248 704 1276 ,
731 1199 820 1262 ἵνα
852 1202 994 1285 δείξῃ
1015 1250 1032 1282 ,
1077 1202 1162 1263 ὅτι
1205 1204 1298 1263 οὖκ
1344 1201 1600 1263 ἀδύνατον
1631 1206 1708 1283 τῷ
1739 1204 1896 1283 Θεῷ,

301 1291 364 1351 τὸ
392 1290 510 1358 τοὺς
538 1292 611 1370 μή
641 1291 794 1361 ὄντας
829 1295 1025 1374 παῖδας
1053 1299 1148 1354 τοῦ
1181 1293 1232 1332 ³³
1259 1291 1508 1374 Ἀϐραὰμ
1525 1339 1543 1367 ,
1576 1295 1773 1361 παῖδας
1805 1294 1901 1352 αὖ·

299 1385 394 1442 τοῦ
420 1387 663 1456 ποιῆσαι.
699 1385 820 1445 Οὐκ
848 1373 962 1444 εἶπε
989 1383 1044 1444 δὲ
1065 1431 1080 1460 ,
1120 1373 1465 1466 Παράγοντος
1495 1383 1562 1442 τὰ
1593 1385 1687 1443 οὐκ
1731 1381 1859 1443 ὄντα
1883 1427 1900 1456 ,

297 1469 471 1548 ἀλλὰ,
507 1495 536 1531 (ι
566 1473 894 1543 Καλοῦντος.
925 1497 954 1533 υ
1009 1470 1234 1555 Ὥσπερ
1286 1473 1389 1556 γὰρ
1428 1478 1556 1552 ἡμῖν
1587 1471 1803 1534 εὔκολον
1832 1473 1900 1534 τὰ

294 1560 424 1621 ὄντα
467 1563 734 1640 καλέσαι,
781 1564 946 1633 οὕτως
989 1567 1132 1647 αὐτῷ
1165 1565 1340 1648 ῥᾴδιον
1373 1562 1441 1624 τὰ
1490 1565 1566 1642 μὴ
1597 1563 1723 1625 ὄντα
1758 1567 1896 1624 ὕπο-

297 1675 515 1726 στησαι.

385 1766 415 1802 α
454 1742 561 1812 Ὃς
600 1743 735 1826 παρ’
777 1743 967 1806 ἐλπίδα
1006 1744 1092 1807 ἐπ’
1138 1744 1314 1806 ἐλπίδι
1368 1743 1706 1822 ἐπίστευσεν,
1740 1745 1811 1813 εἰς
1837 1743 1899 1805 τὸ

292 1833 536 1912 γενέσθαι
567 1835 725 1894 αὐτὸν
772 1835 980 1917 πατέρα
1034 1837 1248 1896 πολλῶν
1281 1838 1466 1900 ἐθνῶν.
1506 1857 1535 1894 ι)
1599 1833 1695 1908 Μὴ
1741 1833 1895 1914 νομί-

2013 749 2164 822 petit,
2194 765 2413 822 nempe,
2437 748 2588 822 quod
2614 747 2900 806 Abraham
2934 747 3168 807 credidit
3208 751 3396 806 Deum
3453 766 3614 808 mor-

2010 848 2170 898 tuum
2195 855 2417 912 corpus,
2436 840 2596 913 quale
2619 847 2740 897 erat
2761 839 2958 912 ipsius,
2985 855 3103 897 non
3114 839 3296 898 solum
3309 839 3613 912 viviﬁcare,

2008 947 2206 989 verum
2256 932 2420 989 etiam
2471 930 2776 989 fecundum
2827 929 3058 988 reddere
3087 931 3348 1005 potuisse.
3394 930 3611 991 Idcirco

2007 1038 2159 1079 nunc
2188 1021 2286 1089 ait,
2322 1041 2352 1075 ‹‹
2378 1021 2481 1094 Qui
2506 1020 2744 1079 viviﬁcat
2766 1028 3042 1079 mortuos.
3073 1039 3104 1076 η
3128 1023 3252 1078 Ηοο
3276 1037 3427 1093 vero,
3453 1044 3480 1073 «ι
3503 1021 3612 1096 Qui

2009 1121 2166 1170 vocat
2193 1128 2261 1170 ea
2316 1128 2443 1186 qua:
2472 1128 2585 1170 non
2640 1120 2791 1182 sunt,
2823 1119 3094 1186 tanquam
3135 1128 3199 1170 ea
3240 1128 3365 1186 quae
3394 1123 3546 1183 sunt,
3579 1136 3608 1163 v-

2007 1203 2280 1276 apposuit,
2313 1211 2378 1267 ut
2407 1201 2666 1260 ostendat
2691 1203 2840 1275 quod
2868 1206 2984 1260 Deo
3013 1219 3131 1260 non
3155 1202 3225 1260 sit
3243 1202 3609 1277 impossibile,

2006 1308 2102 1350 eos
2127 1293 2224 1366 qui
2252 1309 2364 1350 non
2390 1301 2523 1350 sunt
2549 1293 2649 1349 ﬁlii
2686 1291 2948 1364 Abrahae,
2976 1291 3146 1366 ipsius
3197 1293 3342 1351 ﬁlios
3400 1293 3608 1353 facere.

2007 1385 2132 1440 Non
2159 1391 2346 1441 autem
2375 1383 2535 1452 dixit,
2567 1382 2673 1453 Qui
2701 1383 2954 1456 producit
2982 1399 3108 1457 quae
3151 1400 3268 1442 non
3296 1392 3450 1455 sunt,
3490 1384 3610 1456 sed,

2010 1496 2037 1523 α
2068 1473 2174 1546 Qui
2203 1483 2385 1531 vocat.
2414 1494 2444 1528 »
2500 1475 2585 1531 Ut
2611 1473 2765 1531 enim
2811 1474 2972 1531 nobis
2997 1472 3158 1532 facile
3185 1482 3270 1533 est
3317 1491 3514 1533 vocare
3542 1491 3609 1534 ea

2005 1580 2131 1637 quae
2159 1572 2303 1635 sunt,
2340 1565 2415 1622 ita
2444 1564 2526 1621 illi
2555 1563 2718 1621 facile
2745 1571 2850 1636 est,
2880 1580 2944 1622 ea
2971 1580 3097 1639 quae
3141 1581 3259 1623 non
3281 1573 3412 1624 sunt
3437 1565 3495 1625 in
3517 1581 3612 1626 re-

2006 1669 2132 1710 rum
2183 1661 2443 1710 naturam
2462 1653 2787 1727 producere.

2076 1746 2256 1802 Vnus.
2287 1750 2376 1802 18.
2419 1767 2447 1794 α
2497 1744 2604 1815 Qui
2634 1753 2835 1818 praeter
2862 1759 3019 1817 spem
3046 1744 3107 1802 in
3129 1760 3225 1818 spe
3265 1744 3523 1817 credidit,
3547 1753 3611 1805 ut

2007 1835 2163 1892 ﬁeret
2189 1843 2345 1909 pater
2374 1833 2680 1891 multarum
2694 1834 2966 1906 gentium.
2997 1855 3026 1889 ››
3060 1837 3143 1892 Ne
3173 1835 3485 1910 arbitreris,
3515 1836 3604 1894 in-

296 1947 394 2004 σῃς
414 1971 430 1998 ,
463 1923 657 2006 φησὶν,
693 1927 809 1998 εἰκῆ
837 1931 1154 2005 τετιμῆσθαι
1181 1926 1271 1987 τὸν
1303 1925 1570 2007 Ἀϐραάμ,
1607 1928 1731 1994 Πῶς
1755 1927 1856 2007 γὰρ
1880 1971 1898 2006 ,

366 2013 394 2034 Α
564 2018 579 2034 ⁸
624 2015 661 2034 ”
725 2015 772 2034 η’
938 2015 952 2034 ¹
1054 2019 1069 2034 ⁵
1110 2023 1131 2034 ⁸
1269 2017 1281 2034 ¹
1470 2016 1488 2034 ει
1533 2017 1546 2034 9
1585 2016 1624 2034 οι
1685 2015 1732 2034 ιιι
1863 2021 1897 2034 ,υ

2007 1925 2150 1999 quit,
2203 1933 2416 1983 temere
2467 1924 2810 1982 honoratum
2853 1925 3257 1982 Abrahamum.
3309 1926 3607 1996 Quomodo

302 2037 334 2070 ι
364 2013 417 2082 ὃς
449 2018 579 2096 παρ’
615 2015 808 2075 ἐλπίδα
834 2037 863 2075 ι)
897 2015 993 2089 τὴν
1039 2017 1377 2098 ἀνθρωπίνην
1410 2043 1437 2072 ιι
1464 2016 1546 2075 ἐπ’
1578 2015 1800 2076 ἐλπίδι»
1830 2021 1897 2098 τῇ

296 2103 409 2185 θείᾳ
467 2105 820 2187 ἐπίστευσεν,
889 2127 917 2164 (ι
958 2106 1039 2166 ὅτι
1095 2106 1376 2187 γενήσεται
1447 2105 1625 2186 πατὴρ
1682 2108 1897 2168 πολλῶν

297 2196 497 2271 ἐθνῶν,
532 2221 564 2255 ι
612 2197 800 2257 οὔτῶν
843 2196 1204 2276 Ἰσμαηλιτῶν
1235 2199 1462 2279 (ἐκεῖνοι
1507 2196 1612 2278 γὰρ
1657 2200 1716 2256 οὐ
1757 2195 1898 2257 κατὰ

295 2283 509 2362 πίστιν,
541 2285 682 2348 ἀλλὰ
721 2286 861 2348 κατὰ
906 2285 1062 2370 φύσιν
1093 2287 1144 2358 ἐξ
1174 2289 1391 2369 αὐτοῦ),
1425 2285 1566 2347 ἀλλὰ
1610 2292 1716 2348 τῶν
1757 2285 1897 2349 κατὰ

299 2374 473 2435 πίστιν
507 2378 654 2460 αὐτῷ
682 2379 929 2440 ἐοικότων
948 2401 966 2454 ;

387 2579 418 2617 (ι
451 2555 613 2619 Κατὰ
661 2557 723 2618 τὸ
759 2557 1070 2640 εἰρημένον·
1119 2559 1310 2627 Οὕτως
1357 2557 1509 2620 ἔσται
1563 2558 1624 2618 τὸ
1682 2559 1896 2642 σπέρμα

296 2671 408 2709 σου.
463 2648 575 2709 Καὶ
609 2647 685 2726 μὴ
735 2651 1031 2724 ἀσθενήσας
1162 2648 1374 2726 πίστει,
1415 2652 1474 2710 οὗ
1513 2650 1806 2724 κατενόησε
1835 2651 1897 2711 τὸ

302 2743 492 2798 ἑαυτοῦ
541 2743 702 2818 σῶμα
752 2741 856 2814 ἤδη
903 2740 1326 2822 νενεκρωμένον,
1373 2741 1754 2814 ἑκατονταετής
1795 2765 1896 2803 που

293 2829 546 2911 ὑπάρχων
567 2879 584 2908 ,
620 2829 714 2890 καὶ
755 2831 851 2904 τὴν
890 2830 1142 2912 νέκρωσιν
1172 2837 1268 2906 τῆς
1297 2831 1504 2912 μήτρας
1531 2830 1767 2914 Σοίῤῥας.
1806 2834 1899 2902 Εἰς

293 2920 348 2978 δὲ
375 2919 471 2993 τὴν
501 2920 824 3000 ἐπαγγελίαν
870 2926 960 2982 τοῦ
989 2927 1130 2984 Θεοῦ
1158 2923 1218 2982 οὗ
1258 2921 1493 3002 διεκρίθη
1534 2927 1601 3004 τῇ
1633 2922 1856 3004 ἀπιστίᾳ
1876 2967 1894 2998 ,

294 3011 414 3069 ἀλλ’
440 3010 813 3090 ἐνεδυναμώθη
841 3015 907 3092 τῇ
935 3013 1150 3090 πίστει,
1183 3011 1303 3083 δοὺς
1328 3012 1485 3083 δόξαν
1502 3017 1579 3096 τῷ
1601 3015 1750 3096 Θεῷ.
1787 3013 1896 3075 Καὶ

293 3103 718 3184 πληροφορηθεὶς
766 3101 909 3162 ὅτιὸ
956 3103 1314 3182 ἐπήγγελται,
1371 3103 1590 3172 δυνατός
1637 3107 1751 3164 ἐστι
1804 3104 1896 3165 καὶ

293 3195 535 3264 ποιῆσαι.
554 3220 578 3246 ι
606 3191 815 3268 Εἰπὼν,
830 3190 912 3252 ὅτι
934 3221 956 3247 α
974 3195 1115 3276 Παρ’
1132 3194 1366 3255 ἐλπίδαά
1384 3219 1411 3254 ν
1430 3199 1458 3253 θ
1478 3221 1505 3276 ρ
1521 3221 1564 3254 ω
1580 3221 1622 3256 π
1637 3194 1654 3254 ί
1670 3219 1695 3253 ν
1710 3221 1744 3270 η
1763 3220 1788 3255 ν
1807 3196 1893 3255 ἐπ’

296 3281 471 3342 ἐλπίδι
506 3287 584 3364 τῇ
609 3289 636 3343 θ
653 3307 678 3342 ε
697 3282 714 3341 ί
731 3308 764 3366 ᾳ
795 3283 1102 3358 ἐπίστευσε,
1130 3313 1151 3338 ιο
1173 3289 1264 3344 νῦν
1289 3285 1679 3355 κατασκευάζει
1699 3291 1856 3347 τοῦτο
1875 3332 1894 3366 ,

293 3370 385 3431 καί
418 3395 601 3452 φησιν,
630 3374 713 3434 ὅτι
739 3375 934 3455 ἐρρήθη
980 3375 1076 3452 μὲν
1120 3375 1248 3456 πρὸς
1288 3375 1470 3456 αὐτὸν,
1521 3375 1603 3436 ὅτι
1647 3375 1894 3438 «Ἔσται

295 3461 358 3520 τὸ
388 3462 602 3544 σπέρμα
633 3487 727 3524 σου
760 3468 830 3532 ὡς
876 3464 944 3524 τὰ
974 3465 1144 3546 ἄστρα
1191 3471 1282 3525 103
1328 3469 1584 3548 οὐρανοῦ,
1636 3466 1728 3527 καὶ
1758 3470 1830 3535 ὡς
1859 3472 1892 3539 ἡ

299 3551 495 3629 ἄμμος.
525 3577 552 3610 1)
602 3553 763 3621 Αὐτὸς
789 3553 844 3613 δὲ
887 3577 916 3613 (ι
941 3553 1017 3631 μὴ
1049 3554 1347 3627 ἀσθενήσας
1477 3555 1686 3633 πίστει,
1723 3585 1745 3611 ι
1772 3558 1893 3617 ἀλλ’

300 3642 527 3722 ἰσχυρὰν
559 3643 722 3715 αὐτὴν
750 3643 887 3724 ἔχων
907 3690 922 3718 ,
967 3648 1064 3705 οὐκ
1102 3645 1403 3727 ἀπέϐλεψεν
1427 3645 1498 3715 εἴς
1522 3671 1578 3707 τε
1609 3646 1669 3706 τὸ
1701 3651 1892 3708 οἰκεῖον

298 3735 461 3808 σῶμα
483 3776 501 3804 ,
534 3733 638 3805 ἤδη
667 3735 740 3814 τῷ
766 3736 942 3817 χρόνῳ
983 3735 1374 3818 νενεκρωμένον
1397 3783 1415 3814 ,
1449 3737 1541 3796 καὶ
1573 3741 1646 3807 εἰς
1684 3739 1782 3813 τὴν
1816 3743 1891 3800 δι·

295 3825 443 3894 πλῆν
493 3821 745 3904 νέκρωσιν
791 3828 881 3898 τῆς
939 3825 1145 3906 μήτρας
1205 3827 1424 3910 Σοίῤῥας
1470 3828 1600 3911 (καὶ
1657 3829 1758 3910 γὰρ
1804 3830 1896 3890 καὶ

298 3913 411 3972 ἀπὸ
440 3919 531 3972 τοῦ
564 3911 766 3993 γήρως,
798 3916 888 3974 καὶ
919 3916 1026 3975 ἀπὸ
1047 3920 1144 3989 τῆς
1172 3917 1502 3997 στειρώσεως
1527 3917 1818 4000 νενέκρωτο
1837 3921 1858 4001 )
1878 3945 1891 3958 ·

297 4001 418 4062 οὐδὲ
438 4003 516 4081 ³³,
547 4004 816 4086 αδιεκρίθη
834 4032 857 4060 ιι
881 4006 999 4066 ἀντὶ
1022 4012 1135 4083 τοῦ,
1165 4009 1262 4068 οὐκ
1287 4009 1584 4070 ἐνεδοίασεν
1615 4012 1772 4086 ὅλως,
1800 4013 1896 4072 οὐκ

301 4092 627 4176 ἀμφέϐαλεν,
679 4123 705 4148 ι
738 4097 858 4156 ἀλλ’
900 4095 1214 4178 ἐδυναμώθη
1261 4103 1326 4181 τῇ
1359 4099 1558 4163 πίστει.
1587 4127 1611 4154 ι
1642 4099 1792 4181 ⁰Ορα
1819 4101 1894 4177 δὲ,

299 4186 411 4253 πῶς
484 4185 718 4246 δείκνυσι
771 4186 862 4246 τὸν
937 4189 1289 4263 πιστεύοντα,
1360 4191 1567 4266 πολλῆς
1627 4191 1898 4271 δυνάμεως

297 4275 564 4353 δεόμενον.
625 4276 832 4338 Πολλοὶ
887 4279 987 4359 γὰρ
1045 4279 1374 4354 ἐξηυτέλιζον
1416 4280 1513 4356 τὴν
1554 4281 1731 4343 πίστιν
1761 4331 1773 4355 ,
1829 4289 1898 4352 ὡς

298 4367 491 4426 ἄπονον
522 4377 755 4449 πρᾶγμα
779 4391 792 4405 ⁸
825 4367 894 4428 τὰ
920 4368 976 4428 δὲ
1007 4368 1138 4451 ἔργα
1167 4371 1492 4452 ἐμεγάλυνον
1515 4419 1531 4451 ,
1562 4377 1634 4441 ὡς
1669 4374 1899 4454 ἱδρῶτας

298 4454 493 4536 ἔχοντα
514 4503 531 4532 ,
559 4459 650 4517 καὶ
693 4457 916 4539 δύναμιν
948 4461 1304 4524 ἀπαιτοῦντα.
1332 4465 1518 4523 Δεῖται
1560 4468 1710 4542 γοῦν,
1743 4471 1896 4546 φησι,

2010 2016 2163 2072 enim
2188 2014 2295 2073 hoc
2344 2015 2463 2073 ﬁeri
2490 2015 2693 2089 potuit,
2723 2014 3000 2089 siquidem
3049 2017 3097 2073 is
3129 2039 3154 2065 α
3173 2025 3373 2089 praeter
3400 2033 3559 2090 spem
3576 2037 3605 2072 »

2004 2106 2308 2164 humanam
2344 2126 2372 2160 ι(
2395 2107 2454 2162 in
2480 2122 2577 2179 spe
2598 2126 2626 2160 »
2659 2105 2846 2164 divina
2880 2127 2908 2157 «
2956 2105 3217 2176 credidit,
3249 2116 3311 2163 ut
3334 2107 3490 2164 ﬁeret
3511 2123 3608 2180 pa-

2003 2205 2087 2254 ter
2123 2197 2433 2254 multarum
2463 2197 2733 2270 gentium,
2771 2219 2798 2247 ι
2828 2212 2947 2254 non
2994 2196 3405 2255 Ismaelitarum
3436 2201 3605 2266 (nam

2001 2286 2080 2344 illi
2103 2304 2216 2345 non
2241 2285 2544 2346 secundum
2572 2286 2762 2356 ﬁdem,
2788 2286 2886 2344 sed
2916 2287 3224 2345 secundum
3252 2304 3483 2345 carnem
3542 2305 3607 2346 ex

2004 2393 2070 2436 eo
2093 2377 2564 2452 descenderunt),
2594 2376 2697 2436 sed
2719 2393 2914 2436 earum
2956 2393 3082 2453 quae
3108 2378 3412 2437 secundum
3440 2378 3608 2438 ﬁdem

2008 2477 2142 2526 sunt
2168 2468 2247 2525 illi
2271 2468 2517 2526 similes?

2074 2560 2474 2629 Vans.19,21.
2533 2581 2560 2608 α
2620 2557 2938 2616 Secundum
2987 2555 3142 2632 quod
3186 2558 3401 2617 dictum
3447 2566 3533 2616 est
3588 2577 3605 2618 ε

2004 2648 2093 2706 Sic
2107 2650 2213 2706 erit
2236 2665 2428 2706 semen
2455 2657 2613 2706 tuum
2640 2654 2685 2703 ο.
2716 2650 2786 2706 Et
2813 2664 2928 2706 non
2954 2647 3264 2706 inﬁrmatus
3289 2657 3372 2707 est
3391 2649 3446 2706 in
3472 2649 3608 2724 ﬁde,

2001 2757 2105 2799 nec
2118 2739 2486 2798 consideravit
2505 2757 2671 2798 suum
2691 2739 2865 2813 ipsius
2884 2756 3083 2814 corpus
3108 2750 3447 2812 emortuum,
3479 2757 3610 2799 cum

1995 2831 2120 2905 jam
2144 2831 2261 2889 fere
2284 2838 2510 2889 centum
2538 2840 2682 2888 esset
2717 2846 3016 2902 annorum,
3048 2839 3104 2888 et
3143 2840 3460 2890 emortuam
3483 2833 3610 2888 vul-

2003 2938 2132 2979 vam
2162 2924 2337 2980 Sara).
2367 2924 2434 2978 In
2458 2921 2821 2996 promissione
2848 2931 3038 2980 autem
3059 2922 3163 2979 Dei
3191 2938 3307 2980 non
3335 2921 3612 2981 haesitavit

2003 3012 2332 3082 difﬁdentia,
2362 3012 2459 3070 sed
2496 3012 2840 3072 confortatus
2869 3021 2955 3072 est
2999 3012 3134 3084 ﬁde,
3183 3012 3323 3072 dans
3373 3013 3609 3088 gloriam

2007 3107 2150 3174 Deo,
2189 3105 2506 3177 plenissime
2533 3104 2714 3163 sciens
2740 3104 2890 3178 quod
2920 3119 3262 3179 quaecunque
3290 3105 3613 3178 promiserit

2003 3198 2178 3265 Deus,
2213 3205 2406 3268 potens
2442 3203 2530 3254 est
2566 3194 2845 3254 etfacere.
2882 3218 2905 3248 »
2946 3196 3091 3269 Quia
3117 3196 3352 3266 dixerat,
3402 3196 3612 3254 Praeter

2003 3301 2160 3358 spem
2203 3287 2498 3342 humanam
2548 3286 2607 3342 in
2635 3303 2730 3359 spe
2759 3287 2952 3343 divina
3007 3285 3261 3356 credidit,
3317 3285 3613 3345 conﬁrmat

2001 3393 2151 3434 nunc
2197 3375 2302 3433 hoc
2324 3376 2534 3450 ipsum,
2565 3375 2825 3450 inquiens
2871 3376 3085 3434 dictum
3135 3393 3257 3436 esse
3285 3377 3358 3435 ad
3403 3377 3610 3450 ipsum,

2003 3489 2029 3516 «ι
2063 3466 2150 3524 Sic
2194 3467 2301 3524 erit
2350 3482 2541 3526 semen
2593 3475 2757 3524 tuum
2811 3475 2874 3524 ut
2923 3467 3100 3526 stella:
3151 3476 3207 3525 et
3260 3476 3325 3524 ut
3352 3483 3540 3526 arena.
3579 3491 3604 3520 ιι

2005 3579 2031 3606 ιι
2062 3558 2183 3630 Ipse
2207 3572 2335 3614 vero
2389 3580 2418 3608 ι
2476 3557 2534 3614 in
2581 3557 2691 3618 ﬁde
2743 3555 3172 3631 haudquaquam
3225 3557 3610 3629 labefactatus,

2001 3646 2100 3704 sed
2124 3646 2332 3704 fortem
2354 3662 2481 3704 eam
2524 3648 2794 3715 retinens,
2814 3663 2930 3705 non
2956 3649 3194 3721 respexit
3225 3647 3297 3706 ad
3319 3649 3612 3722 proprium

2002 3754 2204 3811 corpus
2219 3753 2405 3808 suum,
2443 3737 2563 3812 ipso
2592 3747 2844 3813 tempore
2863 3738 2986 3812 jam
3017 3747 3355 3811 emortuum,
3385 3755 3490 3796 nec
3508 3755 3607 3796 ex-

2005 3835 2194 3908 pendit
2254 3851 2443 3895 secum
2508 3839 2661 3896 Sara:
2749 3837 3041 3895 matricem
3133 3836 3339 3910 duplici
3388 3838 3606 3895 ratione

2005 3935 2255 3984 enectam
2283 3931 2302 3996 (
2329 3927 2537 3986 etenim
2565 3936 2622 3985 et
2666 3927 2820 3985 senio
2864 3936 2922 3986 et
2959 3927 3250 3985 sterilitate
3303 3928 3425 4003 jam
3487 3937 3608 3986 erat

2001 4016 2295 4076 demortua
2321 4023 2361 4087 ),
2397 4037 2427 4073 α
2448 4034 2550 4076 nec
2569 4018 2860 4090 haesitavit,
2898 4040 2926 4070 »
2959 4018 3068 4076 hoc
3090 4027 3198 4088 est,
3223 4034 3339 4076 non
3368 4019 3601 4077 omnino

2005 4107 2298 4178 dubitavit,
2329 4108 2438 4182 35
2451 4126 2565 4166 non
2583 4109 2919 4184 ambigebat,
2951 4132 2979 4160 α
3009 4109 3107 4167 sed
3135 4109 3243 4169 ﬁde
3261 4109 3610 4169 confortatus

2005 4206 2109 4256 est.
2159 4221 2188 4250 ιο
2231 4203 2452 4258 Intuere
2497 4210 2707 4270 autem,
2735 4200 2965 4274 quinam
2994 4199 3253 4258 ostendat
3297 4200 3612 4259 credentem

2005 4305 2143 4362 opus
2171 4296 2375 4348 habere
2401 4291 2576 4348 multa
2620 4292 2824 4349 virtute
2851 4308 2916 4349 ac
2943 4291 3214 4366 potentia.
3262 4294 3408 4350 Nam
3439 4292 3607 4366 pleri-

2006 4396 2114 4452 que
2155 4380 2328 4438 ﬁdem
2377 4381 2802 4452 imminuerunt,
2833 4399 2937 4440 ceu
2965 4399 3085 4440 rem
3112 4382 3342 4441 minime
3369 4381 3612 4442 laborio-

2010 4487 2174 4528 sam:
2205 4486 2374 4545 opera
2408 4489 2535 4530 vero
2566 4472 3018 4547 magniﬁcarunt,
3068 4481 3132 4530 ut
3175 4489 3301 4548 quae
3346 4472 3614 4532 sudorem

297 4545 392 4638 καὶ
444 4547 787 4638 6711101051011
850 4551 1087 4630 μεγάλης
1141 4553 1232 4614 καὶ
1280 4555 1508 4627 δυνατῆς
1554 4545 1764 4635 ψυχῆς,
1811 4553 1898 4614 ἵνα

2014 4577 2079 4619 ac
2104 4561 2247 4618 vires
2273 4562 2569 4634 postulent.
2602 4545 2822 4638 Indiget
2849 4563 3038 4638 igitur,
3065 4545 3327 4638 inquvit,is
3367 4562 3464 4635 qui
3493 4578 3614 4621 cre-

297 4637 679 4729 diaxpodc'qmt
735 4640 852 4729 τοὺς
907 4645 1000 4714 τῆς
1049 4642 1302 4712 ἀπιστίας
1351 4643 1635 4725 λογισμούς
1658 4662 1674 4679 ⁸
1721 4643 1904 4729 ὥσπερ

297 4715 392 4784 οῦν
429 4715 529 4786 ’καὶ
575 4727 825 4811 Ἀϐραὰμ
887 4731 1260 4810 ἐνεδυναμώθη
1425 4715 1640 4796 ’πίστεμ
1738 4715 1902 4814 Πῶς,

303 4839 339 4873 α
370 4815 507 4908 Δοὺς
556 4818 710 4888 δόξαν
752 4822 829 4902 τῷ
877 4824 1003 4903 Θεῷ
1033 4842 1047 4858 ⁸
1075 4846 1103 4884 ››
1153 4825 1248 4884 οὔκ
1299 4815 1682 4906 ἀνθρωπίνοις,
1730 4827 1900 4908 φησὶ,

294 4903 590 4977 πιστεύσας
607 4911 910 4992 λογισμοῖς,
949 4914 1066 4972 ἀλλ’
1097 4911 1218 4984 ἄξια
1249 4918 1344 4989 τῆς
1372 4903 1464 4975 τοῦ
1495 4918 1641 4978 Θεοῦ
1668 4903 1828 4990 δόξης
1848 4917 1898 4957 ⁶⁴

296 4997 744 5088 διανοησόμενος,
794 5002 888 5062 καὶ
946 5006 1366 5088 πληροφορηθεὶς
1416 5005 1500 5068 ὅτι
1548 5007 1618 5066 τὰ
1666 5005 1904 5068 ἀδύνατα

297 5087 563 5150 δύναταιο
615 5096 773 5152 τοῦτο
819 5095 922 5176 γὰρ
970 5092 1095 5164 δόξα
1136 5087 1302 5158 Θεοῦ.
1348 5092 1486 5179 Ἄρα
1534 5097 1709 5158 τοίνυν
1749 5102 1778 5157 ὃ
1827 5097 1905 5178 μὴ

294 5180 564 5242 πιστεύων
583 5228 600 5257 ,
654 5180 792 5268 ἀλλᾲ
839 5185 1302 5268 πολυπραγμονῶν
1321 5231 1337 5262 ,
1384 5189 1444 5247 οὖ
1488 5185 1691 5259 δοξάζει
1739 5189 1901 5252 Θεόν.

298 5269 464 5333 Ἐπεὶ
514 5273 570 5335 δὲ
617 5274 716 5358 οὐκ
754 5264 820 5348 ἦν
869 5277 900 5335 ὁ
945 5264 1193 5358 Ἀϐραὰμ
1264 5277 1482 5339 τελείων
1513 5279 1702 5341 ἑκατὸν
1747 5281 1908 5355 ἐτῶν,

305 5360 398 5422 διὰ
450 5367 608 5424 τοῦτο
656 5353 772 5427 εἷπε
803 5353 1210 5450 κεκολασμένως
1253 5367 1313 5431 τὸ
1334 5413 1353 5448 ,
1412 5391 1447 5428 α
1478 5367 1910 5444 Ἑκατονταετής

311 5474 418 5513 που
449 5454 522 5520 ⁸³,
555 5481 581 5510 ι

388 5708 416 5742 ⁸³
443 5703 582 5768 Gen.
611 5720 715 5779 xv,
747 5713 803 5771 5.

2014 4650 2118 4721 dit,
2148 4667 2356 4726 magno
2395 4661 2449 4709 et
2500 4653 2710 4725 potenti
2737 4654 2954 4726 animo,
2979 4661 3043 4710 ut
3081 4651 3482 4711 incredulitatis
3509 4669 3610 4710 ra-

2013 4745 2401 4804 tiocinationes
2419 4747 2681 4820 abigatac
2704 4749 2956 4821 repellat,
2987 4748 3216 4822 perinde
3238 4756 3406 4823 atque
3428 4746 3614 4806 Abra-

2011 4835 2212 4895 hamus
2234 4837 2292 4894 in
2339 4836 2444 4894 ﬁde
2475 4838 2756 4896 robustior
2779 4847 2862 4897 est
2887 4838 3162 4898 redditus.
3223 4840 3347 4911 Qua
3372 4838 3618 4898 ratione?

2017 4949 2043 4977 ιι
2069 4931 2225 4984 Dans
2269 4927 2502 5000 gloriam
2545 4931 2662 4986 Deo
2695 4950 2709 4986 :
2746 4951 2773 4979 ιο
2805 4945 2920 4988 non
2959 4929 3242 5002 humanis,
3289 4929 3496 5005 inquit,
3525 4946 3616 4989 ra-

2011 5016 2464 5076 tiocinationibus
2515 5018 2686 5076 ﬁdem
2752 5019 3060 5090 adhibens,
3128 5020 3225 5078 sed
3291 5020 3458 5094 digna
3511 5020 3617 5080 Dei

2012 5107 2184 5182 gloria
2230 5124 2418 5166 secum
2462 5109 2649 5166 animo
2689 5111 2946 5170 volutans
3007 5110 3340 5180 indubitata,
3397 5125 3620 5184 persua-

2014 5213 2109 5256 sus
2137 5197 2286 5273 quod
2334 5197 2701 5272 impossibilia
2741 5201 2916 5274 possit
2969 5201 3136 5258 :haec
3172 5200 3324 5259 enim
3384 5199 3485 5256 Dei
3536 5206 3620 5258 est

2016 5288 2206 5362 gloria.
2249 5289 2515 5361 Quocirca
2541 5291 2640 5364 qui
2667 5307 2779 5348 non
2809 5291 3004 5361 credit,
3027 5290 3127 5349 sed
3145 5290 3201 5347 in
3231 5289 3430 5347 multis
3454 5288 3623 5347 rebus

2020 5379 2273 5437 curiosus
2310 5387 2416 5450 est,
2440 5396 2553 5437 non
2582 5381 2852 5454 gloriﬁcat
2872 5385 3058 5440 Deum
3088 5399 3103 5436 :
3125 5379 3254 5456 quia
3277 5395 3407 5438 vero
3443 5378 3625 5437 Abra-

2021 5469 2159 5529 ham
2176 5486 2289 5529 non
2311 5478 2428 5529 erat
2442 5471 2599 5544 plene
2614 5479 2840 5529 centum
2858 5488 3155 5545 annorum,
3179 5471 3306 5534 ideo
3334 5470 3626 5533 moderate

2023 5560 2186 5630 dixit,
2221 5585 2249 5614 (ι
2279 5563 2578 5622 Annorum
2597 5561 2713 5622 fere
2730 5571 2974 5623 centum.
2999 5587 3026 5614 ιο

1721 5787 1912 5848 Varia:
1959 5786 2258 5850 lectiones.

396 5897 438 5936 ⁶¹
472 5899 612 5959 εἶπον
639 5920 692 5964 0.
773 5902 822 5939 ⁸³
849 5907 922 5975 τῷ
944 5917 1000 5960 0.
1077 5901 1123 5941 ⁶³
1151 5903 1235 5957 καὶ
1259 5901 1316 5958 οὗ
1345 5919 1400 5964 ο.
1477 5902 1520 5940 ⁶⁴
1548 5905 1734 5968 δόσεως
1775 5921 1854 5966 m.
1931 5906 1976 5944 ⁸⁸
2004 5907 2359 5976 ἑκατονταετής
2387 5927 2482 5963 που
2504 5907 2573 5962 ὤν
2602 5923 2678 5963 m-
