4150 6426
541 491 645 545 399

605 614 787 672 Vnns.
818 615 989 668 22-25
1017 632 1045 660 α
1076 609 1209 667 Ideo
1259 610 1603 683 imputatum
1661 621 1747 670 est
1769 613 1821 670 ei
1850 610 1925 669 ad
1969 610 2135 684 justi-
2165 625 2219 690 Α

536 701 693 760 tiam.
720 705 852 758 Non
878 707 1069 758 autem
1120 700 1395 773 scriptum
1423 709 1506 758 est
1545 710 1773 774 propter
1801 702 1982 772 ipsum
2012 709 2139 757 tan-

536 800 663 848 tum
689 790 839 866 quod
881 792 1229 863 Imputatnm
1271 798 1356 847 est
1409 790 1458 848 ei
1502 791 1572 848 ad
1594 791 1894 866 justitiam,
1951 791 2045 848 sed
2085 797 2142 847 et

534 890 762 956 propter
805 897 931 950 nos,
977 879 1178 952 quibus
1243 879 1622 954 imputabitur,
1680 881 2034 938 credentibus
2082 881 2142 935 in

533 989 667 1030 eum
691 971 786 1046 qui
809 969 1090 1029 suscitavit
1107 972 1298 1028 Jesum
1321 971 1626 1028 Dominum
1654 980 1909 1028 nostrum
1931 987 1964 1028 a
1987 986 2143 1027 mor-

531 1061 662 1132 tuis,
691 1063 787 1134 qui
833 1059 1073 1118 traditus
1108 1069 1194 1118 est
1222 1069 1447 1134 propter
1488 1061 1695 1118 delicta
1723 1069 1935 1132 nostra,
1977 1069 2034 1117 et
2059 1076 2145 1118 re-

533 1152 772 1209 surrexit
819 1159 1048 1223 propter
1092 1150 1553 1224 justiﬁcationem
1614 1159 1888 1208 nostram.
1929 1173 1956 1200 ν
1983 1153 2147 1207 Post-

532 1257 704 1315 quam
732 1249 790 1298 et
817 1239 1006 1297 multa
1045 1248 1100 1297 et
1127 1256 1329 1314 magna
1359 1241 1429 1297 de
1455 1239 1776 1298 Abrahamo
1805 1240 2056 1310 dixisset,
2076 1255 2147 1296 ne

531 1331 657 1404 quis
707 1329 994 1404 objiceret,
1018 1329 1231 1404 Ecquid
1257 1329 1360 1387 ista
1414 1330 1485 1388 ad
1521 1335 1674 1388 nos?
1727 1330 1938 1400 subdit,
1992 1328 2146 1402 quod

537 1429 763 1493 propter
783 1437 888 1477 nos
917 1419 1080 1477 etiam
1108 1421 1310 1492 scripta
1356 1420 1490 1490 sint,
1541 1429 1595 1478 et
1622 1421 1781 1478 nobis
1809 1419 1945 1478 ﬁdes
1965 1421 2150 1492 impu-

538 1509 708 1567 tanda
735 1518 822 1567 est
845 1509 915 1568 ad
934 1510 1416 1584 justiﬁcationem,
1434 1510 1601 1567 modo
1627 1527 1748 1568 eam
1770 1509 2152 1569 haduerimus,

543 1621 570 1650 σ
598 1599 904 1657 Credentes
933 1601 994 1656 in
1023 1616 1150 1657 eum
1177 1599 1273 1672 qui
1299 1599 1563 1656 excitavit
1584 1602 1795 1657 Jesum.
1842 1623 1868 1648 ν
1902 1599 2003 1656 Sin
2070 1600 2148 1657 du

532 1689 674 1747 bitas
701 1689 983 1762 quomodo
1021 1689 1312 1761 justiﬁcari
1341 1689 1544 1761 possis,
1579 1689 1652 1746 ob
1694 1689 1882 1746 oculos
1929 1688 2138 1747 mentis

528 1786 638 1836 tuae
666 1786 845 1835 statue
859 1781 1052 1835 Jesum
1081 1777 1176 1851 qui
1193 1777 1527 1835 oblitteravit
1555 1787 1777 1852 peccata
1807 1788 1898 1835 tua
1919 1780 2134 1848 omnia,

527 1867 621 1941 qui
663 1877 904 1925 mortem
926 1867 1082 1939 obiit,
1111 1885 1229 1925 non
1255 1885 1388 1926 sane
1409 1869 1480 1926 ob
1510 1869 1796 1942 proprium
1845 1870 2131 1939 delictum,

1555 485 2065 544 THEOPHYLACTI
2104 482 2464 540 BULGARLE
2500 481 2818 538 ARCHIEP.

3747 476 3860 532 400

2327 635 2352 664 α
2399 607 2496 670 Διὸ
2539 607 2632 668 καὶ
2681 605 2927 684 ἐλογίσθη
2983 605 3129 687 αὖτῷ
3183 607 3254 671 εἰς
3312 600 3680 676 δικαιοσύνην.
3731 601 3858 662 Οὔκ

2249 699 2455 782 ἐγράφη
2487 697 2544 758 δὲ
2592 699 2659 756 δι’
2701 697 2859 756 αὐτὸν
2905 695 3099 772 μόνον,
3143 692 3557 782 ὅτιῌἘλογίσθη
3603 692 3749 782 αῦτῷ
3781 693 3864 758 εἰς

2249 773 2588 860 δίκαιοσύνην
2613 806 2629 822 ⁶
2660 785 2800 846 ἀλλὰ
2826 783 2918 844 καὶ
2943 784 3008 844 δι’
3025 788 3170 860 ἡμᾶς
3204 773 3280 850 οἶς
3303 782 3489 860 μέλλει
3525 780 3861 862 λογίζεσθαι,

2249 881 2356 945 τοῖς
2401 875 2737 938 πιστεύουσιν
2771 873 2859 934 ἐπὶ
2889 873 2979 934 τὸν
3016 872 3296 955 ἐγείραντα
3343 872 3551 944 Ἰησοῦν
3597 871 3688 931 τὸν
3738 869 3864 932 Κύ-

2251 991 2360 1049 ριον
2389 971 2545 1046 ἡμῶν
2575 968 2635 1024 ἐκ
2666 968 2866 1046 νεκρῶν
2891 988 2904 1001 ·
2941 962 2995 1032 ὃς
3025 963 3296 1044 παρεδόθη
3336 963 3424 1022 διὰ
3454 961 3524 1022 τὰ
3553 959 3862 1041 παραπτώ-

2253 1081 2399 1136 ματα
2427 1060 2581 1133 ἡμῶν
2604 1101 2622 1127 ,
2655 1055 2746 1114 καὶ
2784 1053 2986 1134 ἠγέρθη
3018 1052 3106 1112 διὰ
3139 1052 3237 1136 τὴν
3285 1050 3563 1113 δικαίωσιν
3606 1054 3784 1128 ἡμῶν.
3819 1071 3852 1109 ι

2253 1131 2480 1219 Ἔπειδῆ
2523 1145 2698 1206 πολλὰ
2741 1131 2845 1204 καὶ-
2865 1131 3074 1223 μέγαλα
3121 1131 3237 1202 εἷπε
3283 1142 3406 1222 περὶ
3434 1147 3526 1202 τοῦ
3579 1139 3860 1221 Ἀϐραὰμ,

2253 1235 2342 1296 ἵνα
2367 1236 2442 1313 μή
2472 1261 2552 1305 τις
2593 1235 2721 1314 εἴπῃ
2743 1259 2756 1272 ·
2806 1232 2920 1295 Καὶ
2955 1235 3008 1294 τί
3040 1240 3210 1294 ταῦτα
3255 1232 3384 1314 πρὸς
3425 1237 3569 1309 ἡμᾶς
3582 1255 3600 1306 ;
3649 1230 3812 1313 φησὶν
3833 1274 3853 1307 ,

2255 1327 2334 1388 ὅτι
2365 1327 2476 1388 Καὶ
2502 1325 2568 1386 δι’
2607 1331 2752 1403 ἡμᾶς
2781 1323 3023 1406 ἐγράφη,
3064 1323 3158 1384 καὶ
3199 1327 3330 1402 ἡμῖν
3383 1321 3568 1398 μέλλει
3609 1326 3646 1394 ἡ
3674 1321 3859 1390 πίστις

2255 1416 2556 1497 λογίζεσθαι
2611 1419 2685 1485 εἰς
2737 1413 3052 1490 δικαίωσιν,
3111 1412 3270 1492 μόνον
3327 1410 3528 1485 ταύτην
3588 1409 3808 1491 ἔχοιμεν
3832 1455 3852 1486 ,

2255 1508 2591 1574 πιστεύοντες
2641 1505 2728 1566 ἐπὶ
2776 1505 2865 1564 τὸν
2918 1505 3195 1585 ἐγείραντα
3245 1503 3454 1578 Ἰησοῦν
3477 1499 3550 1560 ⁸6.
3587 1503 3652 1562 Εἰ
3683 1501 3737 1560 δὲ
3769 1503 3854 1560 ἐν·

2258 1598 2514 1671 δοιάζεις,
2547 1600 2661 1664 πῶς
2701 1594 2924 1656 δύνασαι
2957 1597 3308 1668 δικαιωθῆναι
3349 1592 3399 1632 ⁸⁷
3423 1638 3440 1667 ,
3481 1591 3727 1664 ἐννόησον
3763 1589 3854 1650 τὸν

2245 1686 2421 1748 πάντα
2469 1685 2844 1767 ἀπαλείψαντά
2875 1707 2970 1745 σου
3014 1685 3084 1745 τὰ
3118 1682 3492 1767 ἁμαρτήματα
3525 1681 3758 1755 Ἰησοῦν,
3797 1679 3853 1749 ὃς

2244 1777 2336 1836 καὶ
2361 1777 2642 1851 ἀπέθανεν,
2673 1777 2732 1835 οὗ
2781 1775 2847 1834 δι’
2893 1775 3094 1836 οἰκείαν
3140 1773 3444 1853 ἁμαρτίαν,
3493 1771 3636 1832 ἀλλὰ
3679 1771 3774 1842 τὴν
3798 1771 3854 1811 ⁸⁸

2241 1872 2333 1926 τοῦ
2362 1867 2567 1946 κόσμου
2589 1866 2663 1926 ⁶⁰.
2697 1864 2859 1927 Ἐπεὶ
2888 1863 2943 1924 δὲ
2972 1865 3244 1946 ἁμαρτίαν
3271 1866 3367 1924 οὐκ
3395 1863 3535 1944 ἔχων
3561 1863 3846 1941 ἀπέθανεν,

525 1973 722 2015 verum
759 1967 981 2032 propter
1014 1957 1216 2016 delicta
1261 1959 1474 2016 mundi.
1513 1959 1656 2030 Quia
1679 1975 1808 2018 vero
1848 1968 2134 2033 peccatum

2241 1956 2454 2025 εἰκότως
2511 1956 2604 2016 καὶ
2654 1953 2888 2029 ἀνέστη.·
2932 1959 3058 2024 Πῶς
3109 1952 3214 2035 γὰρ
3261 1953 3484 2035 ἔμελλεν
3532 1954 3850 2033 ἐνσχεθῆναι

525 2064 642 2106 non
669 2047 879 2107 habens
925 2057 1182 2106 mortuus
1211 2057 1315 2118 est,
1365 2049 1569 2106 merito
1593 2050 1764 2108 etiam
1808 2050 2126 2108 resurrexit.

528 2139 650 2211 Qua
686 2138 841 2196 enim
885 2139 1095 2196 ratione
1119 2138 1190 2196 ab
1237 2137 1429 2196 inferis
1453 2137 1688 2196 detineri
1714 2141 2003 2213 potuisset,
2033 2140 2131 2213 qui

531 2228 691 2285 omni
721 2245 946 2303 prorsus
974 2237 1202 2302 peccato
1245 2229 1516 2286 vacabat?
1545 2233 1804 2288 Mortuus
1850 2238 1936 2288 est
1962 2230 2129 2303 igitur

529 2325 586 2374 et
609 2319 927 2389 resurrexit,
961 2327 1025 2376 ut
1071 2327 1128 2376 et
1175 2335 1208 2376 a
1237 2319 1478 2392 peccatis
1513 2319 1789 2390 liberaret,
1839 2328 1894 2378 et
1947 2320 2132 2393 justos

528 2407 793 2466 efﬁceret.
847 2407 1334 2479 Quemadmodum
1375 2409 1540 2482 igitur
1587 2409 1868 2466 Abraham
1902 2408 2132 2466 effetum

525 2514 690 2555 suum
735 2515 935 2572 corpus
958 2497 1192 2557 credidit
1231 2496 1536 2557 fecundum
1574 2498 1728 2557 reddi
1760 2518 1775 2558 :
1826 2516 1942 2557 non
1971 2497 2134 2557 dissi-

2235 2049 2312 2128 τῷ
2343 2046 2445 2130 ᾅδῃ
2491 2050 2520 2107 ὁ
2562 2044 2975 2124 ἀναμάρτητος,
3011 2033 3292 2104 ’Ᾱπέθανεν
3343 2033 3435 2102 οῦν
3467 2044 3560 2102 καὶ
3595 2041 3792 2115 ἀνέστη
3815 2087 3834 2119 ,

2235 2134 2322 2196 ἵνα
2359 2138 2451 2197 καὶ
2476 2136 2756 2216 ἁμαρτιῶν
2788 2131 3096 2214 ἀπαλλάξῃ,
3127 2133 3218 2192 καὶ
3248 2131 3485 2202 δικαίους
3512 2130 3835 2210 ἐργάσηται.

2236 2225 2455 2308 σΩσπερ
2511 2227 2684 2287 τοίνυν
2742 2229 2771 2285 ὁ
2803 2223 3088 2305 Ἀϐραὰμ,
3123 2222 3184 2282 τὸ
3218 2225 3407 2282 ἑαυτοῦ
3457 2225 3617 2308 σῶμα
3662 2219 3850 2300 νεκρὸν

2240 2313 2296 2376 ὂν
2314 2361 2330 2391 ,
2361 2307 2642 2377 ἐπίστευσε
2688 2317 3078 2396 ζωογονηθῆναι
3102 2334 3116 2350 ·
3160 2311 3298 2372 οὕτω
3328 2310 3422 2372 καὶ
3467 2307 3532 2370 σὺ
3560 2309 3848 2371 πίστευσον

2240 2405 2322 2465 ὅτι
2357 2405 2563 2479 Ἰησοῦς
2610 2405 2843 2466 ἀπέθανε
2888 2404 2981 2464 καὶ
3030 2403 3268 2480 ἀνέστη,
3321 2401 3414 2462 καὶ
3466 2399 3848 2480 λογισθήσεται

2241 2494 2334 2555 καὶ
2367 2495 2451 2556 σοὶ
2477 2497 2550 2564 εἰς
2579 2494 2944 2572 δικαιοσύνην,
2976 2492 3159 2574 ὥσπερ
3190 2492 3282 2552 καὶ
3311 2495 3388 2573 τῷ
3431 2490 3759 2571 προπάτορι.

525 2588 722 2646 milem
749 2587 822 2646 ad
860 2587 1094 2646 modum
1128 2596 1186 2645 et
1213 2596 1276 2645 tu
1312 2588 1478 2646 crede
1514 2589 1666 2662 quod
1701 2591 1860 2648 Jesus
1891 2597 2152 2647 mortuus
2192 2601 2278 2651 est
2307 2603 2365 2653 et
2399 2595 2722 2666 resurrexit,
2761 2603 2818 2653 et
2844 2592 3212 2667 imputabitur
3248 2589 3349 2648 tibi
3389 2591 3557 2648 etiam
3581 2587 3654 2648 ad
3673 2587 3847 2663 justi-

525 2677 681 2751 tiam,
713 2695 869 2753 aaque
891 2696 955 2737 ac
977 2677 1315 2752 progenitori
1357 2687 1455 2736 tuo
1484 2679 1828 2738 Abrahamo.

878 2781 887 2790 '
1139 2797 1386 2853 CAPUT
1415 2798 1484 2853 v.

601 2912 784 2967 Vnns.
819 2913 930 2978 1,2.
960 2931 986 2960 α
1042 2909 1335 2966 Justiﬁcati
1363 2924 1493 2982 ergo
1535 2926 1602 2966 ex
1652 2909 1783 2981 ﬁde,
1821 2926 2009 2983 pacem
2039 2911 2129 2970 ha-

527 2999 759 3057 beamus
781 3015 910 3074 erga
953 3003 1135 3056 Deum
1181 3015 1280 3072 per
1307 2999 1614 3057 Dominum
1657 3009 1916 3058 nostrum
1938 3003 2127 3060 Jesum

2819 2799 3116 2860 ΚΕΦΑΛ.
3154 2795 3243 2859 E'.

2323 2923 2764 3007 «ξΔικαιωθέντες
2812 2915 2901 2984 οῦν
2948 2927 3009 2986 ἐκ
3056 2923 3312 2996 πίστεως,
3367 2919 3582 3003 εἰρήνην
3629 2923 3840 3002 ἔχωμεν

2239 3014 2366 3094 πρὸς
2394 3017 2484 3075 τὸν
2513 3016 2684 3088 Θεὸν,
2711 3013 2799 3075 διὰ
2819 3019 2911 3074 τοῦ
2937 3013 3138 3094 Κυρίου
3170 3016 3323 3092 ἡμῶν
3347 3011 3532 3084 Ἰησοῦ
3563 3014 3798 3093 Χριστοῦ
3825 3036 3840 3050 ⁸

525 3089 830 3158 Christum,
887 3105 987 3162 per
1030 3105 1200 3163 quem
1254 3098 1310 3146 et
1356 3105 1638 3147 accessum
1695 3089 1962 3148 habemus
2030 3109 2126 3165 per

2241 3089 2303 3164 Si."
2333 3096 2392 3164 οῦ
2444 3105 2538 3165 καὶ
2585 3105 2682 3179 τὴν
2732 3089 3089 3185 προσαγωγίλν
3145 3089 3453 3184 ἐσχήκαμεν
3502 3105 3570 3182 τῇ
3621 3089 3836 3176 πίστει,

525 3179 698 3237 ﬁdem
722 3179 780 3236 in
792 3179 1028 3253 gratiam
1058 3180 1231 3237 istam
1251 3179 1308 3236 in
1335 3195 1441 3252 qua
1470 3188 1704 3251 stamus,
1733 3191 1791 3238 et
1825 3181 2126 3254 gloriamur

2241 3197 2306 3265 εἰς
2354 3193 2451 3268 τὴν
2493 3195 2648 3276 χάριν
2678 3179 2878 3268 ταύτην
2900 3179 2931 3267 ,⁷
2951 3179 3013 3253 ἐν’
3106 3179 3410 3271 ἑστήκαμεν
3429 3237 3447 3270 ,
3479 3179 3571 3250 καί
3613 3190 3835 3272 καυχώ-

526 3270 586 3326 in
615 3286 711 3342 spe
738 3269 928 3343 gloria:
949 3269 1074 3327 Dei.
1106 3293 1133 3320 ι
1182 3274 1260 3326 De
1288 3269 1411 3327 vitae
1451 3271 1668 3328 ratione
1714 3270 1806 3327 hic
1837 3270 2064 3329 disserit
2104 3290 2118 3330 :

526 3367 819 3432 postquam
851 3359 998 3416 enim
1043 3359 1112 3418 de
1147 3359 1256 3416 ﬁde
1301 3358 1530 3434 quidem
1567 3360 1831 3433 praeclara
1885 3361 2122 3432 dixerat,

526 3465 692 3521 opera
714 3465 842 3506 vero
871 3449 1246 3518 imminuerat,
1277 3465 1349 3506 ne
1385 3450 1506 3523 jam
1545 3449 1804 3508 socordes
1828 3451 2025 3522 simus,
2056 3451 2125 3509 de

527 3539 651 3596 vitae
662 3539 915 3611 deinceps
929 3537 1170 3596 formula
1191 3539 1353 3596 verba
1365 3538 1512 3596 facit.
1534 3540 1676 3610 Quia
1691 3539 1832 3597 ﬁdes
1849 3557 1952 3598 nos
1964 3541 2126 3614 justi-

526 3629 731 3698 ﬁcavit,
758 3629 956 3703 inquit,
982 3645 1100 3686 non
1126 3629 1364 3702 amplius
1388 3645 1699 3702 peccemus,
1736 3647 1929 3688 verum
1951 3656 1976 3682 «ι
2013 3634 2124 3690 Pa-

523 3735 646 3776 cem
669 3719 970 3776 habeamus
993 3736 1123 3792 erga
1143 3722 1348 3789 Deum,
1364 3743 1389 3768 ιο
1423 3735 1522 3793 per
1551 3720 1723 3777 vitam
1745 3721 1858 3793 36
1886 3722 1990 3794 ipsi
2013 3723 2124 3780 mi-

521 3809 1078 3882 nimedisplicentem.
1101 3810 1394 3877 Quomodo
1418 3819 1607 3868 autem
1626 3809 1778 3868 istud
1809 3812 2129 3886 continget?

526 3924 551 3948 ει
585 3903 690 3956 Per
706 3901 1268 3957 Dominumnostrum
1281 3902 1313 3956 J
1317 3916 1469 3957 esum
1482 3899 1784 3958 Christum.
1802 3925 1828 3949 κ
1857 3903 2125 3972 Quienim

516 3987 840 4061 justiﬁcavit
866 4005 971 4045 nos
998 4005 1125 4045 cum
1171 3998 1492 4061 peccatores
1541 4006 1810 4062 essemus,
1853 3991 2129 4066 adiuvabit

524 4079 696 4134 etiam
710 4094 813 4135 nos
831 4087 896 4134 ut
913 4077 1296 4135 custodiamur
1314 4079 1590 4152 injustitia
1605 4081 1778 4153 ipsius
1797 4098 1810 4136 :
1835 4083 2124 4156 peripsum

525 4167 675 4223 enim
690 4183 970 4224 accessum
988 4167 1345 4225 obtinuimus.
1371 4169 1532 4241 Quod
1549 4169 1595 4227 si
1620 4187 1750 4228 cum
1772 4173 1959 4244 procul
1983 4189 2126 4230 esse-

524 4273 653 4314 mus
667 4257 894 4314 adduxit
909 4274 1032 4326 nos,
1051 4257 1228 4314 multo
1251 4259 1426 4332 magis
1439 4259 1732 4318 viciniores
1759 4279 1864 4319 nos
1884 4262 2127 4321 redditos

526 4346 800 4404 retinebit.
834 4347 1079 4404 Adduxit
1107 4355 1290 4405 autem
1316 4365 1421 4406 nos
1465 4372 1491 4400 α
1523 4349 1584 4406 in
1611 4351 1844 4424 gratiam
1889 4351 2050 4409 hanc.
2096 4376 2122 4404 ιο

2235 3289 2368 3363 μεθα
2399 3285 2486 3344 ἐπὶ
2533 3284 2707 3345 ἐλπίδι
2737 3289 2829 3357 τῆς
2874 3283 3025 3358 δόξης
3071 3289 3163 3344 τοῦ
3211 3284 3379 3344 Θεοῦ.
3416 3307 3447 3340 ιι
3488 3280 3626 3362 Περὶ
3673 3283 3840 3341 πολι-

2234 3375 2376 3444 τείας
2429 3378 2652 3436 ἐνταῦθα
2701 3374 3025 3452 διαλέγεται.
3105 3371 3332 3446 Ἐπειδὴ
3389 3371 3494 3452 γὰρ
3558 3370 3683 3450 περὶ
3736 3370 3836 3450 μὲν

2232 3465 2460 3533 πίστεως
2493 3455 2607 3525 εἶπε
2649 3465 2889 3545 μεγάλα,
2937 3463 3006 3525 τὰ
3042 3464 3097 3524 δὲ
3145 3463 3277 3544 ἔργα
3327 3459 3696 3537 ἐξηυτέλισεν,
3745 3459 3840 3521 ἵνα

2234 3553 2310 3632 μὴ
2353 3554 2887 3637 ἀποῤῥαθυμήσωμεν
2919 3554 2990 3629 7°,
3022 3556 3154 3637 φησί
3189 3552 3378 3614 λοιπὸν
3411 3553 3504 3613 καὶ
3535 3551 3659 3632 περὶ
3687 3551 3840 3632 βίου,

2232 3643 2313 3703 ὅτι
2343 3644 2568 3718 Ἐπειδὴ
2601 3651 2634 3718 ἡ
2665 3646 2841 3713 πίστις
2880 3645 3194 3707 ἐδικαίωσεν
3219 3649 3368 3723 ἡμᾶς
3387 3690 3402 3717 ,
3436 3641 3630 3721 μηκέτι
3660 3643 3842 3724 ἆμαρ-

2233 3735 2476 3813 τοίνωμεν
2495 3781 2511 3809 ,
2543 3737 2665 3794 ἀλλ’
2691 3764 2715 3790 α
2748 3735 2982 3817 Εἰρήνην
3008 3734 3218 3816 ἔχωμεν
3246 3735 3380 3815 πρὸς
3397 3733 3488 3793 τὸν
3518 3732 3682 3804 Θεὸν,
3703 3761 3728 3786 ιι
3753 3731 3840 3792 διὰ

2235 3829 2326 3882 τοῦ
2372 3825 2702 3906 ἀρεσκόντως
2743 3827 2889 3906 αὐτῷ
2924 3829 3072 3904 βιοῦν
3103 3825 3177 3888 ⁷⁴.
3241 3827 3367 3893 Πῶς
3397 3822 3451 3882 δὲ
3483 3829 3644 3884 τοῦτο
3672 3821 3841 3902 γενή-

2235 3937 2420 3988 σεται,
2466 3937 2496 3974 ιι
2534 3915 2639 3974 Διὰ
2681 3920 2772 3974 τοῦ
2821 3913 3016 3995 Κυρίου
3067 3918 3220 3992 ἡμῶν
3266 3913 3449 3987 Ἰησοῦ
3504 3917 3762 3995 Χριστοῦ.
3801 3935 3832 3973 ι

2236 4001 2305 4064 Ὀ
2350 4005 2455 4084 γὰρ
2495 4003 2786 4072 δικαιώσας
2827 4009 2969 4079 ἡμᾶς
3013 4001 3368 4084 ἁμαρτωλοὺς
3411 4002 3605 4078 ὄντας,
3642 4026 3835 4084 συνερ-

2234 4091 2388 4172 γήσει
2417 4093 2511 4153 καὶ
2557 4096 2631 4161 εἰς
2678 4093 2737 4152 τὸ
2774 4095 3110 4174 φυλαχθῆναι
3143 4097 3287 4171 ἡμᾶς
3321 4095 3374 4152 ἐν
3417 4097 3483 4171 τῇ
3533 4091 3840 4173 δικαιοσύνῃ

2235 4183 2415 4242 αὐτοῦ·
2449 4184 2515 4241 δι’
2549 4185 2708 4244 αὐτοῦ
2753 4183 2855 4263 γὰρ
2904 4183 2996 4242 καὶ
3026 4181 3139 4261 Δτὴν
3191 4179 3542 4264 προσαγωγὴν
3594 4183 3840 4262 ἐσχήκα-

2238 4295 2355 4348 μεν.
2383 4275 2449 4332 Εἰ
2478 4277 2602 4352 γοῦν
2640 4273 2852 4356 μακρὰν
2883 4272 3038 4341 ὄντας
3071 4273 3380 4356 προσήγαγε
3402 4317 3418 4347 ,
3460 4273 3644 4332 πολλῶ
3689 4273 3839 4350 μᾶλ-

2235 4362 2324 4422 λον
2371 4361 2524 4442 ἐγγὺς
2569 4364 2881 4443 γενομένους
2931 4361 3159 4433 καθέξει.
3209 4363 3534 4444 Προσήγαγε
3588 4359 3643 4421 δὲ
3693 4365 3842 4440 ἡμᾶς

527 4439 651 4508 Quo
705 4437 920 4495 modo?
974 4440 1038 4493 In
1100 4439 1226 4508 ﬁde,
1281 4438 1388 4496 hoc
1447 4448 1550 4510 est,
1602 4441 1770 4498 ﬁdem
1810 4440 2123 4502 afferentes.

2241 4479 2261 4504 ι
2277 4453 2349 4520 εἰς
2363 4451 2461 4525 τὴν
2477 4452 2637 4536 χάριν
2660 4453 2885 4529 ταύτην.
2907 4483 2929 4507 υ
2949 4457 3110 4533 Πῶςτ,
3133 4453 3226 4516 Ἐν
3339 4453 3542 4531 πίστει,
3561 4451 3838 4532 τουτέστι,

525 4529 664 4598 Quae
692 4543 823 4584 vero
847 4528 999 4586 istaec
1019 4535 1105 4584 est
1132 4528 1336 4601 gratia?
1364 4530 1638 4587 Omnium
1663 4531 1942 4589 bonorum
1977 4548 2131 4590 asse-

523 4618 696 4687 cutio,
726 4633 850 4690 qua:
881 4635 974 4691 per
1002 4617 1279 4691 baptisma
1299 4620 1462 4676 nobis
1501 4621 1840 4694 obtigerunt.
1878 4644 1905 4672 ι
1936 4625 1998 4678 In
2025 4638 2132 4695 qua

523 4715 756 4777 stamus,
776 4731 803 4758 ιι
823 4707 1223 4766 ﬁrmitudinem
1236 4719 1291 4766 et
1307 4709 1821 4768 immutabilitatem
1841 4711 2127 4770 habentes.

525 4797 727 4853 Divina
740 4799 884 4855 enim
901 4799 1048 4855 bona
1061 4815 1346 4872 nunquam
1369 4816 1482 4856 non
1499 4809 1669 4869 stant,
1691 4817 1869 4875 neque
1886 4818 2131 4876 unquam

525 4886 804 4943 excidunt.
858 4892 977 4944 Nec
1028 4904 1090 4945 ea
1116 4889 1300 4946 solum
1345 4906 1469 4962 qua:
1510 4892 1846 4964 accepimus,
1893 4893 2133 4950 ﬁrmiter

524 4985 800 5048 tenemus,
843 4994 1040 5035 verum
1064 4979 1169 5036 alia
1209 4980 1414 5052 pariter
1440 4997 1545 5038 nos
1587 4995 1911 5054 accepturos
1954 4983 2132 5040 conﬁ-

522 5067 729 5126 dimus.
755 5093 782 5119 ι
833 5068 1151 5127 Gloriamur
1183 5092 1209 5119 ιι
1254 5085 1517 5142 namque,
1548 5071 1742 5144 inquit,
1794 5095 1820 5122 α
1873 5072 1931 5129 in
1977 5089 2072 5146 spe
2103 5096 2129 5124 υ

524 5158 800 5218 bonorum
828 5174 953 5232 quae
979 5159 1142 5217 nobis
1185 5166 1318 5216 sunt
1365 5159 1673 5218 obventura
1704 5183 1717 5218 :
1749 5177 1874 5236 quae
1901 5179 2032 5221 cum
2061 5163 2132 5222 ad

527 5271 552 5298 α
610 5249 845 5322 gloriam
874 5249 975 5307 Dei
1035 5273 1063 5300 ι
1113 5249 1448 5322 pertineant,
1479 5251 1790 5308 necessario
1827 5252 2129 5326 dabuntur,

524 5339 742 5398 etiamsi
770 5356 887 5397 non
907 5347 1132 5414 propter
1165 5355 1271 5397 nos
1312 5338 1372 5398 id
1395 5339 1511 5409 ﬁat,
1542 5356 1732 5399 verum
1759 5349 1824 5398 ut
1845 5342 1960 5416 ipse
2003 5344 2130 5418 glo-

523 5427 766 5489 riﬁeetur
809 5432 983 5488 Deus.

2242 4543 2424 4604 πίστιν
2473 4545 2882 4623 εἰσενεγκόντας.
2919 4544 3018 4613 Τίς
3065 4544 3119 4604 δὲ
3173 4550 3204 4619 ἡ
3261 4545 3454 4627 χάριςς
3505 4542 3576 4603 Ἦ
3625 4541 3840 4602 πάντων

2240 4637 2346 4693 τῶν
2402 4635 2615 4714 ἀγαθῶν
2669 4635 2952 4717 ἐπιτυχία,
3010 4633 3262 4717 τῶνῃδιὰ
3319 4641 3410 4696 τοῦ
3469 4632 3843 4716 βαπτίσματος

2239 4728 2371 4801 ἡμῖν
2417 4716 2872 4806 προσγινομένων.
2935 4753 2962 4779 ι
2999 4725 3094 4787 Ἐν
3208 4725 3514 4800 ἑστήκαμεν
3528 4768 3546 4798 ,
3587 4747 3613 4776 υ
3651 4722 3712 4782 τὸ
3743 4723 3840 4802 βέ-

2242 4813 2392 4873 ϐαιον
2425 4815 2632 4895 ἔχοντες
2662 4816 2754 4875 καὶ
2787 4815 3197 4897 ἀπερίτρεπτον.
3245 4813 3334 4876 Τὰ
3377 4813 3482 4896 γὰρ
3513 4813 3628 4873 θεῖα
3662 4811 3840 4894 ἀγαθὰ

2241 4903 2324 4963 ἀεὶ
2353 4903 2606 4980 ἕστηκεν,
2654 4905 2906 4966 οὐδέποτε
2951 4905 3374 4983 μεταπίπτοντα.
3433 4902 3546 4964 Καὶ
3590 4903 3649 4962 οὗ
3700 4902 3839 4982 μόνα

2239 4998 2442 5069 ταῦτα,
2474 4993 2509 5052 ἃ
2538 4994 2804 5072 ἐλάϐομεν
2828 5041 2844 5071 ,
2885 4994 3115 5075 βεϐαίως
3145 4995 3336 5075 ἔχομεν
3358 5041 3376 5073 ,
3405 4991 3545 5053 ἀλλὰ
3573 4992 3668 5052 καὶ
3699 4992 3840 5052 ἄλλα

2239 5085 2521 5161 ἐλπίζομεν
2550 5083 2758 5144 λαϐεῖν.
2788 5112 2813 5138 σι
2831 5084 3178 5166 Καυχώμεθα
3199 5112 3223 5139 ιν
3243 5084 3367 5166 γὰρ,
3395 5082 3578 5166 φησὶν,
3603 5110 3629 5139 α
3654 5082 3742 5144 ἐπὶ

2240 5173 2415 5233 ἐλπίδι
2441 5202 2465 5229 ο
2489 5176 2596 5234 τῶν
2623 5174 2926 5253 μελλόντων
2975 5177 3106 5253 ἡμῖν
3136 5176 3351 5255 ἀγαθῶν
3392 5175 3631 5235 δίδοσθαι
3655 5197 3668 5212 ·
3699 5171 3840 5256 ἅπερ

2239 5264 2311 5331 εἰς
2339 5261 2492 5334 δόξαν
2540 5268 2684 5327 Θεοῦ
2715 5264 2882 5341 ὄντα,
2921 5265 3226 5346 ἀναγκαίως
3279 5263 3593 5340 δοθήσεται,
3648 5265 3694 5324 εἰ
3743 5261 3838 5324 καὶ

2240 5351 2316 5432 μὴ
2347 5353 2417 5412 δι’
2447 5358 2592 5434 ἡμᾶς
2612 5399 2630 5430 ,
2656 5355 2780 5416 ἀλλ’
2805 5353 2894 5416 ἵνα
2922 5359 3050 5437 γοῦν
3079 5355 3231 5425 αὐτὸς
3257 5353 3506 5439 δοξασθῇ.

1930 5505 2141 5584 tVariae
2189 5508 2491 5574 lectiones.

595 5633 641 5672 ⁸⁸
693 5635 919 5708 Χριστον.
995 5635 1039 5671 ⁸⁷
1080 5635 1304 5705 σωθῆναι
1344 5637 1430 5692 καὶ
1473 5638 1832 5707 δικαιωθῆναι,
1878 5638 1997 5693 ἀλλ’
2039 5643 2310 5712 ἀξιωθῆναι
2337 5662 2392 5702 0.

520 5716 612 5770 οὒκ
646 5720 908 5789 ἐποίησεν,
929 5717 1076 5801 Δοῦδὲ
1155 5719 1324 5791 εὓρέθη
1359 5720 1520 5801 ,δόλος
1583 5719 1635 5776 ἐν
1683 5727 1756 5794 τῷ
1795 5723 2010 5797 στόματι
2066 5724 2220 5780 αὐτοῦ
2271 5744 2289 5796 ς,
2341 5725 2476 5780 ἀλλὰ
2536 5725 2627 5795 τὴν
2686 5729 2798 5801 περὶ
2856 5733 2948 5784 σοῦ
2997 5716 3383 5801 εὐσπλαγχνίαν
3428 5743 3479 5786 0.

523 5817 761 5872 μησωμεν
789 5815 846 5858 0.
929 5793 975 5835 ⁷⁸
1001 5798 1295 5872 ἀρέσκοντος
1323 5800 1457 5874 αὖτῷ
1488 5803 1598 5871 βίου
1630 5819 1686 5860 0.

2496 5643 2540 5679 ⁸⁸
2569 5643 2704 5698 ἀλλὰ
2741 5642 2821 5699 διὰ
2866 5644 2958 5713 τὴν
3009 5663 3086 5704 m.
3165 5644 3210 5681 ⁸9
3265 5643 3512 5718 ἁμαρτίαν
3542 5645 3640 5718 γὰρ
3689 5645 3836 5710 αὖτὸς

2536 5725 2627 5795 τὴν
2686 5729 2798 5800 περὶ
2856 5733 2948 5784 σοῦ
2997 5727 3372 5800 εὖσπλαγχνίαν
3428 5743 3479 5786 0.
3589 5726 3634 5761 7°
3684 5727 3831 5800 ῥᾳθυ·

3716 5729 3831 5800 ᾳΘυ·
