4150 6446
370 392 466 446 401

1327 388 1677 447 EXPOSITIO
1714 389 1781 445 IN
1819 385 2032 444 EPIST.
2083 385 2174 441 AD
2211 384 2377 443 ROM.
2420 416 2489 427 —
2527 385 2679 441 CAP.
2719 387 2785 443 V.

3587 392 3692 448 402

464 537 492 573 ιι
524 517 610 576 Οὐ
642 516 805 595 μόνον
834 517 890 577 δὲ
917 564 933 596 ,
975 517 1113 577 ἀλλὰ
1144 516 1237 577 καὶ
1269 517 1598 598 καυχώμεθα
1626 516 1679 573 ἐν
1726 514 1841 581 ταῖς
1867 513 1981 572 θλί-

2163 513 2344 569 Vnns.
2373 518 2489 581 3,4.
2525 536 2552 563 ι
2580 516 2706 569 Non
2734 513 2915 571 solum
2952 520 3160 583 autem,
3182 515 3277 573 sed
3313 524 3369 573 et
3389 517 3691 591 gloriamur

370 609 554 689 ψεσιν,
586 605 786 675 εἰδότες
831 610 913 668 ὅτι
959 614 995 683 ἡ
1043 611 1215 690 θλῖψις
1266 605 1537 684 ὑπομονὴν
1572 603 1975 685 κατεργάζεται⁸

370 701 408 768 ἡ
439 694 495 756 δὲ
524 696 774 776 ὑπομονὴ
800 742 817 771 ,
867 698 1122 773 δοκιμήν
1169 700 1205 769 ἡ
1249 696 1305 758 δὲ
1335 696 1559 776 δοκιμὴ,
1585 694 1777 756 ἐλπίδα
1805 714 1819 729 ⁸
1854 698 1888 766 ἡ
1923 690 1979 752 δὲ

372 786 527 853 ἐλπὶς
568 788 629 846 οὗ
661 789 1037 871 καταισχύνει.
1066 814 1093 841 ιι
1145 789 1228 849 Οὖ
1261 786 1453 866 μόνον,
1498 785 1693 868 φησὶν,
1744 784 1833 845 ἐπὶ
1871 792 1980 852 τοῖς

375 878 667 955 μέλλουσιν
716 881 935 958 ἀγαθοῖς
1008 878 1371 960 καυχώμεθα,
1434 879 1553 938 ἀλλ’
1612 876 1743 957 ὅπερ
1800 874 1978 953 μεῖζόν

377 970 519 1041 ἐστι,
553 967 647 1028 καὶ
695 967 784 1027 ἐπὶ
832 972 951 1035 ταῖς
978 973 1070 1028 νῦν
1112 967 1415 1049 παρούσαις
1453 971 1585 1046 ἡμῖν
1613 966 1847 1048 θλίψεσι.
1876 962 1977 1037 Μὴ

376 1058 481 1137 γὰρ
514 1056 880 1138 θορυϐηθῆτε,
938 1060 1133 1142 φησὶν,
1185 1058 1266 1118 ὅτι
1317 1057 1644 1135 θλιϐόμεθαο
1696 1054 1823 1115 αὐτὸ
1873 1053 1978 1135 γὰρ

377 1152 536 1207 τοῦτο
564 1147 825 1230 καύχημα
852 1154 953 1208 τοῦ
982 1151 1309 1231 Χριστιανοῦ
1332 1147 1405 1205 ⁷³.
1452 1147 1563 1209 Καὶ
1597 1149 1743 1220 πῶς;
1778 1142 1910 1206 Ὅτι
1940 1147 1975 1216 ἡ

380 1237 553 1316 θλίψις
581 1238 852 1314 ὑπομονὴν
890 1248 1066 1300 ποιεῖ’
1106 1243 1141 1311 ἡ
1189 1238 1244 1298 δὲ
1299 1237 1579 1318 ὑπομονὴ,
1636 1236 1851 1313 δόκιμον
1886 1233 1975 1295 τὸν

378 1326 755 1406 πειραζόμενον
797 1328 849 1369 ⁷³
891 1329 1248 1410 ἀπεργάζεται
1273 1352 1287 1366 ο
1337 1328 1550 1407 δόκιμος
1592 1326 1647 1387 δὲ
1698 1325 1977 1406 γενόμενος

375 1418 408 1473 ὃ
432 1414 733 1497 ἄνθρωπος,
762 1418 853 1478 καὶ
887 1421 1093 1501 θαῤῥῶν
1125 1419 1215 1478 ἐπὶ
1260 1422 1339 1500 τῷ
1383 1421 1567 1501 ἀγαθῷ
1606 1420 1768 1476 αὖτοῦ
1798 1438 1976 1476 συνει-

375 1503 525 1578 δότι,
565 1505 648 1567 ὅτι
676 1508 764 1567 διὰ
790 1507 878 1571 τὸν
920 1510 1061 1570 Θεὸν
1103 1507 1318 1583 ἐθλίϐη,
1356 1509 1557 1578 ἐλπίζει
1585 1507 1679 1575 τὰς
1706 1505 1839 1586 ὑπὲρ
1870 1510 1975 1565 τῶν

374 1595 629 1657 τοιούτων
677 1597 904 1680 θλίψεων
957 1598 1209 1678 ἀμοιϐάς.
1261 1598 1332 1659 Ἦ
1361 1597 1418 1658 δὲ
1467 1595 1687 1671 τοιαύτη
1733 1596 1882 1664 ἐλπὶς
1919 1598 1978 1656 οὗ

376 1684 655 1748 διαπίπτει
702 1688 796 1747 καὶ
840 1689 1185 1771 καταισχύνει
1232 1688 1322 1749 τὸν
1379 1687 1694 1749 ἐλπίσαντα.
1743 1687 1815 1748 Αἱ
1879 1685 1975 1764 μὲν

374 1775 482 1855 γὰρ
515 1777 843 1859 ἀνθρώπιναι
875 1779 1082 1847 ἐλπίδες
1112 1778 1190 1859 μὴ
1241 1778 1589 1839 ἐκϐαίνουσαι
1608 1823 1624 1851 ,
1676 1775 1977 1856 καταισχύ-

376 1889 526 1926 νουσι
554 1865 676 1937 τοὺς
703 1868 1020 1939 ἠλπικότας.
1056 1869 1150 1930 Ἐν
1191 1868 1247 1929 δὲ
1274 1876 1393 1936 ταῖς
1422 1867 1586 1936 θείαις
1626 1867 1775 1929 οὐδὲν
1794 1871 1979 1927 τοιοῦ-

376 1978 489 2015 τον.
540 1954 619 2016 Ὃ
647 1980 707 2017 τε
736 1956 839 2038 γὰρ
867 1959 1036 2027 διδοὺς
1058 1958 1127 2019 τὰ
1156 1959 1333 2037 ἀγαθὰ
1352 2005 1370 2037 ,
1406 1957 1662 2027 ἀθάνατος
1704 1956 1795 2017 καὶ
1837 1957 1979 2036 ἀγα-

378 2043 465 2112 θός
488 2069 503 2083 ·
535 2047 688 2124 ἡμεῖς
719 2071 778 2109 τε
808 2048 859 2087 ⁷⁴
899 2050 946 2108 οἱ
980 2048 1263 2127 μέλλοντες
1288 2047 1473 2108 λαϐεῖν
1499 2092 1517 2122 ,
1549 2045 1648 2107 κᾶν
1693 2046 1979 2106 ἀποθάνω-

379 2156 511 2210 μεν,
542 2136 771 2216 ζήσομεν
798 2160 812 2175 ·
842 2137 935 2198 καὶ
962 2138 1144 2200 λοιπὸν
1172 2137 1321 2199 οὖδὲν
1361 2138 1423 2198 τὸ
1452 2134 1657 2198 κωλύον
1682 2135 1778 2205 τὰς
1822 2134 1981 2197 ἐλπί-

380 2223 476 2292 δας
504 2228 635 2304 ἡμῖν
661 2226 908 2302 ἐκϐῆναι.

470 2388 499 2414 ι
531 2358 663 2424 Ὅτι
687 2368 721 2438 ἡ
751 2363 935 2443 ἀγάπη
964 2367 1056 2425 τοῦ
1090 2365 1233 2427 Θεοῦ
1273 2364 1561 2446 ἐκκέχυται
1605 2364 1659 2423 ἐν
1706 2362 1825 2432 ταῖς
1848 2386 1981 2443 καρ-

382 2447 525 2519 δίαις
540 2455 695 2530 ἡμῶν
726 2453 814 2513 διὰ
845 2453 1159 2534 Πνεύματος
1190 2454 1343 2535 ἁγίου
1369 2459 1460 2514 τοῦ
1499 2453 1740 2522 δοθέντος
1768 2459 1918 2532 ἡμῖν.
1940 2473 1972 2510 n

382 2543 680 2603 Πιστοῦται
703 2543 772 2604 τὰ
802 2545 1068 2623 μέλλοντα
1093 2547 1199 2605 ἀπὸ
1231 2549 1327 2618 τῆς
1356 2543 1591 2625 ἀγάπης,
1620 2543 1686 2616 ἣν
1716 2543 1822 2618 ἤδη
1857 2542 1980 2623 περὶ

380 2633 526 2708 ἡμᾶς
556 2634 787 2703 ἐδείξατο
815 2640 843 2695 ὁ
868 2635 1021 2704 Θεός.
1052 2635 1361 2717 Μονονουχὶ
1385 2636 1488 2715 γὰρ
1512 2634 1737 2695 τοιαῦτά
1755 2634 1806 2673 ⁷⁵
1828 2656 1976 2714 φησι·

382 2720 478 2795 Μὴ
507 2724 839 2807 ἀπιστήσῃς,
864 2725 947 2787 ὅτι
979 2732 1013 2800 ἡ
1044 2726 1135 2786 ἐπὶ
1177 2726 1286 2794 τοῖς
1319 2723 1474 2793 θείοις
1522 2726 1671 2793 ἐλπὶς
1697 2724 1758 2784 οὔ
1802 2721 1980 2784 διαπί-

378 2836 524 2872 πτει.
560 2812 631 2876 Ὀ
660 2814 764 2898 γὰρ
784 2814 950 2885 οὕτως
975 2820 1119 2894 ἡμᾶς
1146 2816 1464 2897 ἀγαπήσας,
1492 2813 1638 2875 ὥστε
1667 2813 1809 2883 υἱοὺς
1838 2815 1979 2875 Θεοῦ

378 2908 603 2977 ποιῆσαι
647 2905 857 2975 ἀπόνως
886 2908 1117 2968 ἐντεῦθεν
1148 2906 1253 2981 ἤδη
1298 2905 1386 2966 διὰ
1430 2904 1747 2985 Πνεύματος
1788 2903 1975 2985 ἁγίου,

380 2995 495 3062 πῶς
520 2995 583 3055 οὗ
621 2994 699 3079 ⁷⁸η
715 2996 875 3056 δώσει
916 2996 1205 3079 στεφάνους
1249 2995 1387 3075 μετὰ
1414 2994 1535 3065 τοὺς
1578 2995 1804 3071 πόνουςῖ
1850 2993 1978 3053 Ἐκπ·

2088 602 2148 658 in
2170 601 2640 673 tribulationibus,
2667 604 2907 662 scientes
2927 604 3081 679 quod
3128 606 3413 664 tribulatio
3466 609 3683 680 patien-

2083 692 2219 749 tiam
2255 702 2516 765 operatur
2541 736 2557 763 ,
2603 694 2857 765 patientia
2881 704 3070 753 autem
3092 697 3499 769 probationem,
3555 714 3678 769 pro-

2084 781 2234 839 batio
2262 798 2393 840 vero
2421 800 2603 857 spem,
2626 800 2751 858 spes
2773 794 2963 843 autem
2991 802 3107 843 non
3146 786 3456 859 pudefacit.
3492 808 3522 841 ι»
3552 790 3678 845 Non

2083 872 2287 941 solum,
2318 873 2518 947 inquit,
2547 874 2621 931 oh
2648 873 2832 932 futura
2866 875 3009 933 bona
3044 876 3369 949 gloriamur,
3409 876 3507 934 sed
3528 877 3679 951 quod

2082 965 2264 1037 majus
2287 972 2389 1034 est,
2419 965 2492 1021 ob
2521 974 2818 1038 prmsentes
2846 967 3019 1023 etiam
3067 975 3288 1024 nostras
3329 966 3677 1026 afﬂictiones.

2082 1055 2166 1110 Ne
2203 1054 2354 1110 enim
2392 1055 2715 1125 turbemini,
2769 1056 2969 1129 inquit,
2997 1057 3147 1129 quod
3177 1057 3482 1131 afﬂigimur
3515 1079 3527 1114 :
3571 1058 3679 1114 hoc

2085 1144 2269 1216 ipsum
2317 1144 2466 1201 enim
2521 1144 2819 1202 Christiani
2848 1155 2933 1203 est
2969 1147 3243 1221 gloriatio.
3290 1149 3409 1219 Qua
3438 1148 3677 1205 ratione?

2081 1234 2357 1306 Quoniam
2388 1259 2413 1284 ιι
2432 1233 2662 1292 afﬂictio
2688 1235 2859 1293 efﬁcit
2877 1236 3221 1309 patientiam,
3254 1238 3519 1311 patientia
3550 1252 3679 1295 vero

2084 1324 2379 1396 probatum
2430 1347 2456 1374 υ
2510 1342 2643 1383 eum
2688 1326 2786 1400 qui
2831 1334 3077 1383 tentatur
3105 1327 3291 1385 reddit
3340 1346 3356 1385 :
3419 1328 3682 1401 probatus

2084 1422 2273 1471 autem
2296 1414 2469 1472 homo
2490 1415 2688 1485 factus,
2717 1424 2775 1473 et
2801 1416 2945 1473 bona
2973 1433 3072 1473 sua
3110 1417 3449 1474 conscientia
3479 1417 3677 1487 fretus,

2087 1503 2239 1576 quod
2265 1513 2490 1577 propter
2512 1509 2695 1563 Deum
2714 1508 2787 1563 sit
2799 1506 3059 1577 afﬂictus,
3084 1523 3185 1579 pro
3210 1507 3529 1581 hujusmodi
3559 1516 3682 1565 tan-

2084 1594 2215 1651 dem
2244 1594 2403 1652 malis
2421 1596 2845 1653 retributionem
2858 1606 3055 1670 sperat.
3082 1597 3231 1654 Talis
3259 1605 3446 1655 autem
3465 1620 3491 1647 α
3506 1613 3633 1671 spes
3655 1622 3681 1648 :-

2085 1698 2198 1740 non
2235 1684 2453 1751 excidit,
2489 1708 2515 1735 α
2545 1701 2648 1742 nec
2678 1685 2953 1758 pudefacit
2981 1709 3005 1733 ι
3044 1695 3376 1759 sperantem.
3407 1690 3688 1745 Humana:

2085 1790 2325 1847 namque
2346 1790 2472 1847 spes
2517 1775 2561 1832 si
2584 1791 2701 1832 non
2726 1775 3046 1847 succedant,
3092 1776 3241 1849 ipsos
3268 1785 3554 1849 sperantes
3582 1794 3687 1851 pu-

2085 1861 2223 1921 dore
2269 1863 2626 1923 suffundunt.
2679 1868 2743 1922 In
2776 1865 2982 1923 divinis
3010 1874 3202 1924 autem
3247 1866 3385 1923 nihil
3414 1867 3524 1924 tale
3550 1883 3686 1925 con-

2086 1953 2269 2028 tingit.
2303 1956 2409 2027 Qui
2436 1955 2587 2013 enim
2624 1956 2769 2014 bona
2796 1955 3031 2026 confert,
3062 1963 3119 2013 et
3162 1956 3498 2015 immortalis
3527 1965 3611 2015 est
3633 1968 3690 2014 et

2088 2044 2288 2102 bonus.
2343 2049 2425 2103 Ac
2469 2061 2573 2103 nos
2623 2046 2715 2120 qui
2746 2062 2941 2103 sumus
2977 2047 3277 2120 accepturi,
3323 2046 3537 2104 etiamsi
3568 2063 3688 2104 mo-

2087 2136 2321 2204 riamur,
2372 2135 2619 2193 vivemus
2648 2144 2833 2194 tamen
2866 2156 2881 2193 :
2912 2146 2968 2194 et
2994 2137 3052 2194 in
3103 2145 3388 2210 posterum
3416 2136 3557 2193 nihil
3585 2139 3691 2195 erit

2087 2225 2391 2300 impediens
2415 2242 2541 2301 spes
2577 2236 2814 2297 nostras,
2836 2236 2844 2263 ³
2864 2227 3169 2301 quominus
3195 2227 3511 2285 succedant.

2160 2372 2341 2427 VRBS.
2366 2374 2418 2428 5.
2455 2392 2481 2422 ι
2531 2372 2666 2443 Quia
2693 2369 2937 2429 charitas
2963 2370 3065 2428 Dei
3105 2369 3309 2429 diffusa
3342 2380 3426 2428 est
3460 2371 3518 2428 in
3564 2386 3692 2429 cor-

2088 2458 2248 2517 dibus
2270 2461 2478 2518 nostris
2503 2477 2602 2535 per
2641 2461 2909 2535 Spiritum
2946 2469 3221 2531 sanctum,
3251 2462 3346 2534 qui
3398 2461 3564 2519 datus
3611 2470 3695 2520 est

2088 2550 2264 2609 nobis.
2311 2574 2338 2600 ιι
2369 2550 2558 2609 Fidem
2594 2550 2795 2627 astruit
2818 2550 3019 2608 futuris
3063 2565 3127 2608 ex
3179 2549 3495 2613 dilectione,
3524 2567 3693 2624 quam

2083 2641 2201 2713 jam
2226 2649 2385 2697 antea
2410 2644 2559 2697 Deus
2583 2641 2747 2697 nobis
2775 2639 3046 2696 exhibuit.
3071 2639 3497 2713 Propemodum
3545 2641 3691 2698 enim

2089 2730 2218 2787 talia
2239 2729 2391 2787 dicit.
2424 2734 2509 2787 Ne
2534 2729 2879 2800 despondeas
2911 2729 3166 2786 animum
3201 2748 3217 2787 :
3242 2745 3373 2786 nam
3400 2745 3526 2802 spes
3548 2730 3692 2786 circa

2088 2818 2275 2877 divina
2327 2837 2441 2877 non
2462 2819 2685 2877 excidit.
2719 2819 2821 2889 Qui
2867 2820 3019 2877 enim
3060 2819 3201 2876 adeo
3250 2835 3352 2876 nos
3380 2819 3586 2890 dilexit,
3628 2828 3693 2876 ut

2088 2924 2192 2966 nos
2211 2908 2328 2981 jam
2363 2908 2488 2966 inde
2515 2908 2654 2966 ﬁlios
2684 2909 2787 2965 Dei
2817 2907 3045 2977 faceret,
3074 2908 3217 2965 citra
3244 2915 3499 2965 nostrum
3544 2909 3694 2965 labo-

2087 3013 2207 3056 rem
2236 3013 2333 3070 per
2354 2998 2618 3071 Spiritum
2638 3005 2915 3067 sanctum,
2956 2997 3239 3070 quomodo
3280 3012 3395 3054 non
3413 2996 3568 3054 dabit
3587 3013 3695 3055 no-

379 3081 604 3178 κέχυται
636 3076 728 3146 οὖν
750 3090 782 3160 ἡ
810 3086 991 3178 ἀγάπη
1018 3076 1110 3178 τοῦ
1137 3090 1280 3149 Θεοῦ
1304 3090 1359 3178 ἐν
1382 3090 1514 3178 ταῖς,
1531 3084 1776 3166 καρδίαις
1804 3086 1978 3178 ἡμῶν

2093 3088 2179 3145 bis
2206 3104 2438 3145 coronas
2480 3096 2602 3157 post
2655 3088 2896 3145 labores?
2919 3085 3116 3145 Effusa
3142 3094 3227 3145 est
3273 3086 3438 3161 igitur
3477 3086 3693 3144 dilectio

382 3174 498 3234 ἀντὶ
540 3181 673 3255 τοῦ,
724 3176 956 3260 δαψιλὴς
1001 3176 1094 3238 καὶ
1141 3177 1373 3239 πλουσία
1418 3176 1700 3259 φαίνεται,
1749 3173 1981 3258 ἐχόντων

380 3268 534 3343 ἡμῶν
565 3268 621 3326 ἐν
648 3266 893 3350 καρδίαις
914 3267 977 3329 τὸ
1003 3270 1230 3348 Πνεῦμα
1254 3312 1273 3345 ,
1301 3266 1331 3327 ὃ
1364 3265 1556 3328 ἔδωκεν
1583 3270 1739 3346 ἡμῖν.

465 3474 490 3501 ι
529 3444 658 3509 Ἔτὶ
704 3446 811 3530 γὰρ
842 3446 1073 3531 Χριστὸς
1115 3447 1280 3509 ὄντων
1328 3450 1483 3527 ἡμῶν
1533 3448 1798 3523 ἀσθενῶν,
1843 3446 1985 3507 κατὰ

387 3536 575 3617 καιρὸν
600 3537 733 3619 ὑπὲρ
759 3539 970 3621 ἀσεϐῶν
997 3537 1249 3600 ἀπέθανε.
1280 3538 1451 3607 Μόλις
1482 3537 1586 3620 γὰρ
1607 3536 1742 3619 ὑπὲρ
1780 3535 1984 3596 δικαίου

387 3649 469 3694 τις
506 3628 863 3690 ἀποθανεῖται·
908 3628 1042 3711 ὑπὲρ
1087 3627 1191 3711 γὰρ
1243 3632 1335 3689 τοῦ
1377 3630 1574 3707 ἀγαθοῦ
1613 3626 1757 3708 τάχα
1784 3650 1866 3694 τις
1892 3626 1985 3686 καὶ

389 3719 572 3797 τολμᾷ
603 3718 900 3781 ἀποθανεῖν.
940 3717 1234 3794 Συνίστησι
1264 3719 1320 3779 δὲ
1356 3718 1455 3791 τὴν
1484 3720 1673 3777 ἑαυτοῦ
1706 3716 1922 3796 ἀγάπην
1956 3722 1985 3777 ὃ

389 3806 530 3876 Θεὸς
560 3811 630 3876 εἰς
653 3814 818 3887 ἡμᾶς,
843 3811 923 3871 ὅτι
955 3810 1034 3870 ἔτι
1065 3809 1399 3893 ἁμαρτωλῶν
1447 3807 1613 3893 ὄντων
1640 3810 1816 3883 ἡμῶν,
1845 3808 1984 3887 Χριο

390 3897 513 3966 στὸς
560 3897 688 3979 ὑπὲρ
732 3902 885 3977 ἡμῶν
917 3888 1409 3980 ἀπέθανείΠολλῶ
1455 3888 1547 3959 οὖν
1601 3899 1808 3976 μᾶλλον
1832 3945 1847 3972 ,
1898 3898 1985 3957 δι-

388 3988 697 4058 καιωθέντες
724 3994 817 4049 νῦν
850 3992 903 4051 ἐν
936 3994 1014 4073 τῷ
1062 3988 1254 4073 αἵματι
1295 3992 1456 4050 αὐτοῦ
1476 4035 1493 4065 ,
1528 3988 1883 4065 σωθησόμεθα
1917 3988 1983 4048 δι’

389 4081 549 4139 αὐτοῦ
595 4079 703 4139 ἀπὸ
736 4084 832 4153 τῆς
879 4071 1118 4162 ὀργῆς.»
1176 4071 1380 4155 Εἶπεν,
1432 4079 1515 4142 ὅτι
1564 4084 1598 4152 ἡ
1632 4077 1834 4159 ,ἀγάπη
1892 4086 1985 4141 τοῦ

384 4170 527 4230 Θεοῦ
562 4170 833 4231 δείκνυται
883 4170 1217 4253 ἐκκεχυμένη
1261 4174 1315 4231 ἐν
1361 4171 1478 4240 ταῖς
1535 4169 1777 4251 καρδίαις
1824 4172 1982 4249 ἡμῶν

384 4261 471 4319 διὰ
503 4265 600 4322 τοῦ
636 4259 990 4343 Πνεύματος,
1029 4263 1058 4322 ὃ
1103 4263 1297 4343 ἔχομεν
1343 4262 1397 4321 ἐν
1446 4263 1630 4330 αὐταῖς
1661 4259 1807 4321 δοθὲν
1849 4261 1982 4342 παρ’

386 4353 563 4411 αὐτοῦ’
589 4351 681 4411 καὶ
709 4350 789 4413 ἔτι
821 4343 911 4413 οῦν
957 4352 1188 4414 δείκνυσι
1226 4353 1286 4415 τὸ
1322 4356 1417 4426 τῆς
1466 4352 1679 4432 ἀγάπης
1722 4350 1940 4431 μέγεθος
1959 4396 1976 4431 ι

2094 3178 2198 3235 Dei
2228 3178 2285 3235 in
2312 3177 2479 3236 corda
2523 3187 2734 3248 nostra,
2766 3177 2825 3235 id
2847 3185 2952 3245 est,
2991 3177 3137 3251 larga
3163 3186 3222 3235 et
3245 3176 3400 3234 dives
3419 3185 3644 3250 apparet
3673 3195 3689 3235 :

2093 3269 2300 3342 quippe
2316 3268 2412 3342 qui
2436 3268 2702 3327 habemus
2720 3267 2781 3326 in
2803 3266 2969 3326 corde
2984 3276 3176 3326 nostro
3217 3266 3508 3341 Spiritum,
3527 3282 3696 3342 quem

2093 3357 2248 3416 dedit
2292 3358 2477 3416 nobis.

2164 3473 2340 3529 Vsns.
2380 3477 2495 3529 6-9.
2531 3494 2557 3522 κ
2590 3470 2848 3529 Christus
2873 3471 3045 3540 enim,
3075 3486 3209 3529 cum
3238 3470 3420 3529 adhuc
3446 3485 3697 3529 essemus

2097 3559 2323 3631 inﬁrmi,
2354 3561 2463 3633 37
2482 3561 2641 3635 juxta
2680 3569 2899 3633 tempus
2928 3576 3031 3633 pro
3060 3560 3246 3635 impiis
3293 3569 3554 3619 mortuus
3590 3570 3694 3619 est.

2095 3651 2196 3709 Vix
2225 3650 2378 3707 enim
2407 3667 2509 3723 pro
2544 3651 2700 3724 justo
2729 3650 2855 3724 quis
2880 3652 3151 3708 morietur
3198 3670 3213 3707 :
3245 3665 3384 3708 nam
3416 3667 3517 3724 pro
3544 3650 3697 3708 bono

2093 3740 2326 3798 forsitan
2354 3741 2475 3813 quis
2501 3741 2676 3798 etiam
2700 3739 2869 3796 audet
2901 3740 3066 3796 mori.
3101 3740 3471 3797 Commendat
3505 3749 3695 3799 autem

2094 3845 2254 3887 suam
2280 3829 2451 3903 ipsius
2486 3828 2847 3886 dilectionem
2892 3832 3042 3886 Deus
3073 3844 3203 3902 erga
3232 3845 3359 3898 nos,
3391 3828 3540 3901 quod
3563 3845 3695 3886 cum

2095 3918 2277 3977 adhuc
2305 3926 2625 3992 peccatores
2657 3932 2931 3986 essemus,
2957 3917 3213 3975 Christus
3241 3933 3340 3991 pro
3362 3918 3522 3974 nobis
3552 3933 3695 3975 mor-

2092 4018 2223 4066 tuus
2257 4008 2540 4066 est.Multo
2564 4006 2732 4081 igitur
2758 4007 2940 4080 magis
2958 4006 3244 4081 justiﬁcati
3272 4022 3419 4063 nunc
3470 4007 3529 4063 in
3551 4008 3690 4064 ’san-

2091 4100 2256 4172 guine
2301 4098 2492 4171 ipsius,
2533 4096 2876 4155 servabimur
2903 4112 3000 4170 per
3045 4097 3228 4170 ipsum
3265 4096 3334 4153 ab
3360 4096 3460 4153 ira.
3492 4119 3518 4147 ιι
3549 4097 3690 4155 Cum

2090 4188 2320 4246 dixisset
2338 4187 2485 4261 quod
2505 4186 2724 4245 dilectio
2750 4185 2855 4244 Dei
2883 4195 3229 4243 monstratur
3252 4184 3427 4243 effusa
3449 4185 3504 4242 in
3522 4186 3690 4244 corda

2092 4286 2283 4335 nostra
2319 4293 2416 4351 per
2432 4277 2728 4350 Spiritum,
2754 4290 2920 4349 quem
2947 4275 3219 4333 habemus
3244 4275 3305 4332 in
3334 4275 3468 4348 ipsis
3491 4275 3693 4334 datum

2094 4368 2165 4425 ab
2217 4383 2304 4436 eo,
2347 4383 2513 4440 porro
2539 4367 2711 4423 etiam
2766 4365 3085 4423 dilectionis
3132 4364 3572 4438 magnitudinem
3619 4366 3694 4423 ob

389 4442 450 4557 ἐκ
473 4448 564 4503 τοῦ
591 4444 875 4555 ἀποθαγεῖν
908 4443 997 4557 τδν
1040 4443 1273 4525 Χριστὸν
1301 4442 1495 4557 fmép’a
1519 4444 1675 4557 ἡμῶγ
1706 4443 1942 4557 ἀσθενῶν
1961 4471 1981 4495 ιι

2099 4457 2288 4514 oculos
2319 4456 2491 4530 ponit,
2540 4471 2606 4514 ex
2643 4471 2711 4513 eo
2749 4454 2901 4528 quod
2922 4454 3171 4513 Christus
3212 4476 3240 4503 α
3272 4470 3372 4527 pro
3400 4453 3565 4511 nobis
3599 4453 3691 4511 in-

384 4530 574 4604 ὄντων,
625 4531 915 4608 τουτέστιν,
945 4532 1582 4616 ἆμαρτωλῶν(ἀσθένεια
1610 4531 1715 4613 γὰρ
1747 4536 1782 4606 ἡ
1813 4533 1991 4615 ἆμαρ-

385 4622 476 4683 τία
492 4668 510 4698 ,
539 4621 725 4705 ὥσπερ
750 4627 785 4697 ἡ
820 4623 1131 4697 δικαιοσύνη
1154 4624 1342 4706 ὓγεία)
1367 4649 1380 4662 ·
1405 4624 1500 4685 καὶ
1522 4624 1582 4684 οὗ
1615 4622 1774 4701 μόνον
1801 4622 1993 4706 ἆμαρ-

386 4715 572 4773 τωλῶν
599 4714 764 4774 ὄντων
783 4760 799 4789 ,
830 4714 969 4775 ἀλλὰ
998 4716 1091 4775 καὶ
1123 4742 1149 4768 α
1181 4714 1390 4775 ἀσεϐῶν
1412 4760 1429 4794 ,
1458 4742 1483 4769 »
1516 4713 1577 4774 τὸ
1596 4717 1795 4795 χεῖρον,
1815 4714 1990 4775 καίτοι

390 4804 523 4884 ὗπὲρ
552 4804 756 4866 δικαίου
804 4804 955 4885 μόλις
1000 4830 1080 4874 τις
1118 4807 1487 4869 ἀποθανεῖται.
1543 4803 1854 4886 Ὑπερϐολὴ
1896 4796 1987 4865 οῦν

390 4893 637 4975 ἀγάπης,
676 4897 737 4954 τὸ
763 4894 899 4977 ὑπὲρ
929 4896 1265 4976 ἁμαρτωλῶν
1295 4896 1388 4956 καὶ
1430 4894 1641 4955 ἀσεϐῶν
1676 4897 1983 4960 ἀποθανεῖν,

388 4985 473 5045 Τὸ
502 4983 595 5059 δὲ,
647 5008 679 5041 α
712 4985 871 5047 Κατὰ
930 4985 1144 5068 καιρὸν,
1178 5012 1202 5041 ι
1245 4984 1550 5064 τουτέστιν,
1588 4988 1642 5047 ἐν
1694 4989 1774 5067 τῷ
1824 5009 1989 5068 προσ-

388 5073 575 5147 ήκοντι
593 5076 685 5135 καὶ
713 5075 1309 5160 προωρισμένιρ-χρόνῳ
1327 5101 1340 5113 ·
1365 5076 1455 5137 ὅτε
1478 5077 1583 5157 γὰρ
1606 5068 1672 5151 ἦν
1702 5075 1948 5160 εὔκαιρον
1967 5122 1986 5153 ,

383 5166 508 5228 τότε
539 5157 825 5229 ἀπέθανεν.
858 5157 1016 5228 Ἐπεὶ
1064 5157 1290 5227 οῦν-διὰ-
1331 5166 1428 5240 τὴν
1463 5166 1676 5246 ἀγάπην
1724 5157 1989 5244 ἀπέθανε,

386 5257 478 5318 διὰ
508 5257 565 5319 δὲ
584 5262 677 5317 τοῦ
702 5256 931 5318 θανάτου
964 5257 1267 5333 ἐδικαίωσε,
1299 5259 1485 5340 πολλῷ
1515 5259 1718 5340 μᾷλλον
1764 5259 1870 5319 ἀπὸ
1898 5265 1991 5320 τοῦ

387 5352 482 5407 νῦν
512 5348 676 5409 σώσει
708 5353 853 5427 ἡμᾶς
883 5348 993 5409 ἀπὸ
1036 5351 1133 5421 τῆς
1163 5352 1359 5431 ὀργῆς,
1403 5348 1490 5417 οὓς
1535 5348 1641 5422 ἤδη
1684 5348 1984 5411 ἐδικαίωσε.

387 5438 471 5501 Τὸ
500 5438 605 5523 γὰρ
652 5442 832 5519 μεῖζον
879 5438 1081 5517 ἔδωκε,
1132 5440 1194 5502 τὸ
1240 5442 1529 5502 δικαιῶσαι
1553 5463 1566 5478 ·
1610 5438 1704 5499 καὶ
1752 5439 1860 5501 ἀπὸ
1900 5446 1995 5515 τῆς

2102 4547 2281 4605 ﬁrmis
2309 4555 2568 4604 mortuus
2605 4553 2709 4615 est,
2752 4567 2779 4596 ι
2809 4545 2867 4603 id
2906 4552 3007 4614 est,
3043 4544 3424 4617 peccatoribus
3456 4549 3696 4617 (pecca-

2094 4646 2216 4696 tum
2244 4637 2395 4695 enim
2442 4635 2738 4693 inﬁrmitas
2779 4643 2898 4706 est,
2923 4636 3067 4693 sicut
3101 4634 3319 4709 justitia
3361 4633 3615 4702 sanitas),
3641 4643 3698 4691 et

2097 4744 2208 4786 non
2229 4727 2413 4785 solum
2438 4743 2538 4800 pro
2564 4726 2963 4799 peccatoribus,
3006 4723 3104 4781 sed
3127 4723 3279 4797 quod
3302 4722 3548 4781 deterius
3586 4733 3694 4790 est,

2105 4838 2134 4871 (ι
2158 4834 2257 4891 pro
2276 4816 2477 4890 impiis,
2509 4840 2536 4866 ιο
2558 4815 2669 4873 etsi
2691 4832 2789 4888 pro
2799 4815 2951 4889 justo
2976 4814 3065 4871 vix
3085 4814 3363 4888 quispiam
3381 4813 3523 4871 mori
3534 4815 3700 4872 susti-

2098 4916 2242 4965 neat.
2277 4906 2595 4964 Dilectionis
2612 4906 2775 4980 igitur
2787 4913 2869 4963 est
2892 4921 3171 4975 excessus,
3199 4904 3352 4978 quod
3380 4920 3482 4978 pro
3511 4920 3697 4977 pecca-

2096 4998 2313 5055 toribus
2340 5005 2396 5055 et
2416 4996 2597 5068 impiis
2620 4997 2690 5052 sit
2706 5003 2982 5055 mortuus.
3013 4997 3177 5070 Quod
3206 4995 3306 5064 ait,
3332 5018 3359 5045 α
3376 4994 3695 5053 Secundum

2096 5095 2338 5159 tempus,
2355 5109 2382 5136 ν
2414 5086 2739 5143 conveniens
2758 5102 2825 5143 ac
2846 5084 3253 5159 praedeﬁnitum
3281 5094 3505 5157 tempus
3528 5083 3697 5157 signi-

2098 5177 2245 5234 ﬁcat.
2305 5176 2541 5247 Quando
2583 5176 2732 5234 enim
2770 5183 3143 5249 opportunum
3188 5182 3324 5245 erat,
3382 5182 3505 5231 tum
3541 5172 3695 5229 obiit.

2096 5270 2408 5340 Postquam
2481 5266 2648 5341 igitur
2682 5281 2797 5340 pra;
2823 5265 3086 5323 charitate
3135 5272 3392 5321 mortuus
3444 5267 3550 5332 est,
3603 5277 3701 5335 per

2097 5366 2339 5415 mortem
2364 5373 2495 5415 vero
2524 5373 2628 5415 nos
2648 5356 3001 5432 justiﬁcavit:
3029 5354 3208 5412 multo
3248 5352 3429 5428 magis
3446 5350 3700 5426 deinceps

2097 5464 2200 5507 nos
2237 5446 2476 5507 servabit
2499 5471 2526 5499 ι
2550 5447 2625 5507 ab
2654 5448 2754 5514 ira,
2786 5469 2813 5499 ι
2845 5461 2985 5520 quos
3002 5442 3326 5519 justiﬁeavit
3344 5443 3466 5519 jam
3506 5451 3693 5502 antea.

1774 5604 1970 5665 Varia:
2012 5605 2316 5667 lectiones.

464 5746 508 5783 ⁷⁸
532 5747 660 5804 ἔστι.
740 5746 788 5783 ⁷³
821 5745 1222 5820 ἐπηρεαζόμενον
1248 5763 1304 5807 o.
1383 5747 1427 5783 ⁷⁸
1454 5749 1540 5802 καὶ
1564 5747 1710 5821 ἡμεῖς
1733 5768 1786 5804 τε
1823 5765 1878 5808 ο.
1953 5748 1998 5785 ’⁷⁸
2032 5749 2234 5816 τοιαύτη
2263 5764 2318 5806 o.
2395 5744 2443 5781 ’⁷⁸
2470 5740 2581 5800 οὖν.
