4150 6446
421 386 523 442 403

1352 387 1706 447 EXPOSITIO
1744 389 1812 446 IN
1847 388 2052 447 EPIST.
2091 388 2184 445 AD
2221 389 2384 447 ROM.
2423 420 2495 431 —-
2524 389 2678 446 CAP.
2721 391 2784 444 V.

3629 396 3733 453 406

424 534 523 590 μου
547 533 565 587 ;
596 512 709 573 Καὶ
736 514 849 581 πῶς
878 513 1098 587 τοιαύτη
1131 512 1375 596 ἁμαρτία
1404 514 1626 594 ἔμελλεν
1657 507 1793 577 εἶναι
1814 565 1829 593 ,
1860 518 2003 595 νόμοι

2141 524 2257 574 erat
2286 525 2569 590 peccatum
2598 516 2776 573 istuc?
2804 517 3002 574 Nonne
3029 516 3179 589 quod
3226 524 3309 575 est
3335 534 3400 575 ex
3438 528 3738 596 transgres-

422 604 495 681 μή
532 600 714 677 ὄντος;
772 601 1033 684 Ἁμαρτία
1091 604 1193 686 γὰρ
1244 606 1363 666 τότε
1413 606 1715 687 λογίζεται,
1770 606 1857 667 ὅτε
1906 607 2019 667 ἔστι

419 692 606 770 νόμος·
639 692 731 754 καὶ
772 694 1197 776 παραϐαίνοντες
1231 702 1417 757 τοῦτον
1444 700 1491 756 οἱ
1533 696 1819 779 ἄνθρωποι,
1851 701 2019 778 ἀναγ-

420 782 587 852 καίως
620 783 864 864 λέγονται
897 786 1249 868 ἁμαρτάνειν.
1284 786 1444 848 Ἀλλὰ
1476 787 1582 868 μὴν
1642 810 1672 848 (ι
1726 792 1755 850 6
1796 788 2019 858 θάνατος

415 871 757 935 ἐϐασίλευσεν
792 876 921 957 ἄχρι
953 874 1265 961 Μ-ωὓσέως,
1316 900 1345 937 n
1386 878 1656 961 τουτέστι,
1687 879 1782 939 καὶ
1827 878 1953 961 πρὶν
1989 881 2016 938 6

417 962 574 1041 νόμος
602 965 731 1043 δοθῇ
756 989 769 1004 ν
813 964 952 1027 ὥστε
999 958 1062 1041 ἧν
1094 966 1334 1050 ἁμαρτία
1364 970 1432 1029 δι’
1463 960 1526 1042 ἧς
1559 972 1587 1028 6
1624 969 1847 1037 Θάνατος
1876 958 2017 1029 Ὕέϐα-

421 1051 674 1115 σίλευσεν.
707 1056 826 1117 Οὔκ
853 1055 916 1116 ἂν
948 1057 1004 1117 δὲ
1036 1055 1407 1142 ἐϐασίλευσεν,
1441 1061 1487 1120 εἰ
1518 1058 1595 1139 μὴ
1634 1050 1699 1133 ἦν
1727 1084 1807 1130 τις
1837 1060 2015 1142 ἆμαρ·

420 1144 507 1203 τία
538 1148 840 1207 συνιστῶσα
868 1147 1049 1212 αὐτόν.
1087 1146 1245 1210 Ἐπεὶ
1277 1140 1364 1211 οῦν
1402 1150 1694 1231 ἀπεδείχθη
1727 1150 1810 1210 ὅτι
1835 1154 1895 1211 ἐκ
1924 1140 2017 1223 τῆς

421 1235 778 1317 παραϐάσεως
826 1242 919 1299 τοῦ
950 1237 1113 1316 νόμου
1148 1239 1400 1323 ⁵ἁμαρτία
1441 1239 1589 1300 οὔπω
1633 1232 1731 1317 ἦν,
1772 1240 2015 1302 λείπεται

419 1326 519 1398 τὴν
546 1332 636 1387 τοῦ
656 1326 829 1406 Ἀδὰμ
859 1328 1126 1410 ἁμαρτίαν
1159 1320 1295 1389 εἶναί
1323 1330 1519 1406 ταύτην
1544 1376 1560 1409 ,
1610 1330 1675 1392 δι’
1704 1331 1770 1405 ἣν
1799 1335 1827 1391 ὁ
1852 1331 2014 1393 θάνα-

414 1437 501 1482 τος
546 1415 860 1478 ἐϐασίλευσε
906 1420 996 1479 καὶ
1041 1419 1129 1479 ἐπὶ
1158 1418 1278 1489 τοὺς
1321 1421 1397 1497 μή
1429 1420 1764 1502 ἁμαρτόντας
1797 1421 1847 1458 ⁸³
1889 1422 2012 1501 μὲν,

412 1504 533 1565 ὅσον
577 1506 638 1568 τὸ
668 1509 749 1590 ἐφ’
778 1511 981 1577 ἑαυτοῖς
1016 1509 1213 1592 (νόμον
1257 1509 1363 1592 γὰρ
1393 1509 1469 1589 μὴ
1506 1509 1823 1590 δεξάμενοι,
1875 1512 2011 1591 μηδὲ

412 1595 754 1677 παραϐάντες
816 1603 1042 1677 τοῦτον,
1095 1597 1211 1660 οὐδὲ
1268 1601 1513 1681 λέγονται
1574 1602 2008 1685 ἡμαρτηκέναι),

410 1685 555 1776 δμως
626 1686 809 1767 μέντοι
862 1689 949 1750 ἐπὶ
1009 1694 1086 1772 τῷ
1140 1690 1444 1771 ὁμοιώματι
1500 1696 1594 1765 τῆς
1649 1693 2009 1776 παραϐάσεως

2130 610 2286 665 sione
2315 609 2485 681 legis?
2518 611 2594 666 At
2627 608 2908 681 quomodo
2938 608 3044 665 tale
3069 618 3353 681 peccatum
3380 627 3498 671 esse
3526 616 3732 689 potuit,

2130 717 2261 760 cum
2302 703 2388 759 lex
2413 720 2526 761 non
2554 706 2733 760 esset?
2759 706 3059 761 Peccatum
3084 703 3230 762 enim
3259 713 3381 762 tum
3405 707 3727 783 imputatur,

2128 793 2346 867 quando
2383 802 2466 851 est
2502 794 2591 851 lex
2623 809 2638 848 :
2686 800 2744 850 et
2782 795 2873 868 qui
2906 792 3049 851 hanc
3092 794 3593 870 transgrediuntur,
3635 816 3730 858 ne-

2125 883 2363 943 cessario
2403 883 2665 942 dicuntur
2705 898 2952 958 peccare.
2994 885 3163 959 Atqui
3206 904 3237 939 ι(
3289 888 3445 944 Mors
3481 891 3729 964 regnavit

2125 974 2193 1032 ad
2218 990 2393 1050 usque
2434 976 2651 1047 Mosen,
2700 997 2729 1026 ν
2772 974 2877 1032 hoc
2910 982 3012 1045 est,
3058 974 3379 1050 priusquam
3420 978 3590 1036 etiam
3632 981 3725 1039 lex

2124 1065 2365 1125 ferretur
2411 1087 2423 1124 :
2474 1066 2657 1141 itaque
2707 1074 2999 1140 peccatum
3049 1076 3167 1124 erat
3187 1109 3203 1137 ,
3247 1083 3346 1142 per
3386 1069 3537 1143 quod
3570 1086 3726 1130 mors

2122 1158 2392 1231 regnavit.
2419 1159 2544 1215 Non
2561 1166 2846 1231 regnasset
2868 1164 3079 1226 autem,
3095 1157 3203 1215 nisi
3218 1155 3415 1216 fuisset
3438 1168 3724 1231 peccatum

2122 1246 2401 1321 quoddam
2429 1249 2608 1321 ipsam
2633 1247 2989 1305 constituens.
3017 1247 3159 1320 Quia
3200 1262 3330 1305 vero
3368 1248 3721 1308 demonstra-

2120 1345 2245 1395 tum
2292 1345 2393 1409 est,
2447 1336 2599 1411 quod
2649 1346 2934 1412 peccatum
2979 1354 3047 1395 ex
3089 1339 3526 1411 transgressione
3590 1341 3723 1414 legis

2119 1428 2370 1486 nondum
2390 1438 2529 1497 erat,
2548 1436 2738 1499 restat,
2761 1436 3065 1501 peccatum,
3088 1427 3290 1486 Adami
3310 1427 3459 1486 istud
3481 1443 3601 1488 esse
3625 1446 3722 1504 per

2119 1517 2271 1590 quod
2321 1535 2473 1576 mors
2506 1518 2755 1593 regnavit
2782 1518 2951 1576 etiam
3001 1518 3061 1575 in
3106 1534 3223 1590 eos,
3277 1519 3387 1592 qui,
3447 1529 3721 1593 quantum

2120 1607 2346 1681 quidem
2402 1608 2456 1665 in
2501 1607 2633 1682 ipsis
2682 1617 2822 1678 erat,
2876 1624 2991 1665 non
3042 1616 3338 1681 peecarunt
3382 1612 3538 1678 (nam
3589 1626 3721 1669 cum

2121 1698 2299 1773 legem
2325 1697 2576 1756 nondum
2614 1699 2969 1772 accepissent,
3009 1714 3187 1774 neque
3214 1699 3365 1756 illam
3394 1703 3721 1777 transgressi

410 1774 580 1856 Ἀδὰμ
647 1777 1108 1861 ἁμαρτήσαντας,
1173 1781 1265 1841 καὶ
1339 1782 1619 1850 κοινωνοὺς
1696 1774 2003 1862 γενομένους

418 1868 435 1887 ,
504 1866 520 1887 1
714 1874 748 1887 ...
938 1870 950 1887 ,
1269 1874 1286 1887 .
1564 1870 1579 1887 .
1793 1873 1815 1887 ..
1899 1877 1915 1887 .

2120 1787 2366 1858 fuissent,
2395 1804 2647 1863 peccasse
2676 1805 2789 1847 non
2814 1789 3115 1859 dicuntur),
3142 1797 3390 1847 attamen
3420 1790 3477 1847 in
3516 1774 3721 1849 simili-

410 1866 595 1949 ἐκείνῳ
655 1874 748 1928 τοῦ
818 1870 1195 1947 πταίσματος,
1257 1874 1328 1941 ὡς
1398 1870 1728 1955 προπάτορι,
1785 1873 1839 1942 ὅς
1892 1877 2005 1935 ἐστι

408 1956 569 2025 τύπος
615 1962 705 2019 τοῦ
738 1961 993 2041 Χριστοῦ.
1050 1961 1151 2029 (Ως
1181 1962 1285 2045 γὰρ
1317 1965 1343 2022 6
1375 1962 1602 2032 παλαιὸς
1652 1963 1821 2044 Ἀδὰμ
1866 1964 2006 2025 πάν-

409 2071 505 2116 τας
542 2050 823 2120 ὑποδίκους
877 2051 1094 2127 ἐποίησε
1128 2055 1204 2134 τῷ
1242 2053 1419 2133 οἰκείῳ
1456 2052 1794 2133 πταίσματι,
1826 2054 2003 2114 καίτοι

408 2137 484 2215 μὴ
542 2139 873 2210 πταίσαντας
920 2166 933 2181 ·
1033 2142 1171 2203 οὕτω
1215 2143 1309 2204 καὶ
1361 2147 1389 2203 6
1441 2143 1673 2223 Χριστὸς
1722 2144 2003 2205 ἐδικαίωσε

406 2229 649 2306 πάντας,
711 2232 887 2293 καίτοι
952 2233 1027 2310 μὴ
1078 2234 1405 2302 δικαιώσεως
1463 2232 1584 2304 ἀξια
1643 2235 1998 2309 ποιήσαντας.

405 2318 510 2379 Διὰ
539 2327 694 2383 τοῦτο
717 2349 741 2378 ι
767 2322 928 2393 τύπος
949 2323 1061 2384 ἐστὶ
1084 2328 1176 2385 τοῦ
1199 2326 1502 2404 μέλλοντος,
1526 2351 1550 2379 ν
1576 2326 1842 2403 τουτέστι,
1872 2328 2001 2408 Xpt-

405 2431 553 2472 στου.

492 2500 692 2563 «Ἀλλ’
732 2503 831 2585 οὐχ
878 2506 947 2570 ὥς
990 2503 1053 2565 τὸ
1096 2502 1449 2585 παράπτωμα
1475 2504 1553 2580 8“,
1604 2504 1744 2566 οὕτω
1797 2506 1891 2567 καὶ
1941 2506 2001 2568 τὸ

400 2590 671 2672 χάρισμα.
724 2594 793 2654 Εἰ
817 2592 922 2675 γὰρ
951 2598 1027 2677 τῷ
1058 2599 1150 2654 τοῦ
1196 2594 1308 2663 ἑνὸς
1337 2595 1740 2677 παραπτώματι
1770 2601 1817 2657 οἱ
1863 2599 2000 2657 πολ-

400 2681 484 2742 λοὶ
508 2682 801 2758 ἀπέθανον,
827 2687 1012 2767 πολλῷ
1052 2687 1259 2763 μᾶλλον
1290 2689 1323 2757 ἡ
1367 2685 1523 2767 χάρις
1552 2691 1643 2745 τοῦ
1690 2688 1832 2747 Θεοῦ
1854 2731 1871 2761 ,
1903 2687 1996 2748 καὶ

395 2776 430 2844 ἢ
455 2771 660 2853 δωρεὰ,
693 2775 745 2831 ἐν
772 2772 959 2854 χάριτι
989 2782 1078 2836 τοῦ
1108 2774 1218 2844 ἐνὸς
1242 2774 1524 2855 ἀνθρώπου
1550 2776 1729 2849 Ἰησοῦ
1759 2778 1996 2857 Χριστοῦ

397 2863 469 2929 εἷς
513 2861 633 2930 τοὺς
679 2864 908 2931 πολλοὺς
953 2864 1321 2945 ἐπερίσσευσε.
1377 2866 1486 2927 Καὶ
1517 2868 1619 2949 οὐχ
1660 2870 1730 2936 ὡς
1767 2868 1840 2926 δι’
1890 2868 1998 2936 ἑνὸς

394 2951 843 3032 ἁμαρτήσαντος,
892 2953 953 3016 τὸ
1008 2954 1254 3036 δώρημα.
1304 2953 1385 3017 Τὸ
1430 2955 1527 3033 μὲν
1577 2956 1680 3037 γὰρ
1723 2964 1893 3038 κρῖμα
1940 2956 1992 3027 ἐξ

2115 1879 2308 1936 tudine
2326 1879 2780 1952 transgressionis
2803 1878 3003 1936 Adami
3027 1887 3407 1952 peccaverunt,
3428 1896 3493 1937 ac
3511 1882 3718 1952 peccati

2112 1967 2405 2041 participes
2436 1967 2563 2025 lacti
2602 1976 2733 2025 sunt
2758 1985 2887 2025 cum
2917 1967 3010 2024 illo
3048 1975 3313 2041 tanquam
3342 1970 3710 2042 progenitore,

2112 2058 2208 2131 qui
2251 2067 2333 2115 est
2362 2058 2537 2132 ﬁgura
2566 2058 2789 2117 Christi.
2825 2060 2906 2116 Ut
2933 2058 3079 2115 enim
3108 2066 3263 2115 vetus
3298 2058 3482 2116 Adam
3517 2075 3712 2118 omnes

2111 2147 2383 2205 obnoxios
2411 2149 2544 2206 fecit
2575 2150 2799 2223 proprio
2823 2148 3079 2222 suiipsius
3105 2148 3317 2221 lapsui,
3348 2150 3567 2207 etiamsi
3592 2166 3710 2207 non

2110 2246 2269 2295 erant
2296 2239 2431 2311 lapsi
2466 2260 2478 2295 :
2507 2239 2587 2297 sic
2627 2238 2872 2297 Christus
2901 2254 3093 2296 omnes
3109 2238 3457 2313 justiﬁcavit,
3497 2239 3713 2312 etiamsi

2102 2327 2499 2401 justiﬁcatione
2527 2328 2694 2401 digna
2724 2345 2839 2386 non
2879 2328 3292 2402 transegissent.
3346 2331 3581 2404 Propter
3602 2330 3709 2387 hoc

2108 2440 2134 2468 α
2166 2426 2331 2492 typus
2359 2427 2443 2476 est
2470 2418 2660 2485 futuri,
2696 2442 2722 2469 ν
2750 2419 2807 2476 id
2832 2427 2935 2487 est,
2981 2418 3207 2477 Christi.

2177 2510 2358 2579 Vens.
2410 2514 2500 2577 15,
2535 2513 2620 2565 16.
2657 2528 2684 2558 α
2736 2507 2843 2566 Sed
2871 2525 2986 2566 non
3026 2508 3168 2565 sicut
3212 2507 3498 2580 delictum,
3546 2509 3621 2567 ita
3657 2519 3715 2569 et

2106 2596 2339 2655 donum.
2370 2598 2430 2655 Si
2466 2600 2614 2656 enim
2644 2598 2805 2655 unius
2848 2597 3052 2655 delicto
3090 2597 3257 2654 multi
3293 2606 3424 2655 sunt
3478 2601 3724 2672 mortui;

2108 2689 2283 2745 multo
2312 2688 2487 2761 magis
2528 2689 2706 2762 gratia
2750 2689 2852 2745 Dei
2881 2695 2937 2745 et
2972 2687 3206 2757 donum,
3236 2688 3293 2745 in
3333 2689 3513 2763 gratia
3544 2690 3711 2749 unius

2106 2777 2351 2835 hominis
2377 2780 2511 2837 Jesu
2536 2778 2765 2848 Christi,
2796 2778 2854 2834 in
2902 2778 3110 2835 multos
3137 2776 3461 2836 abundavit.
3495 2783 3569 2837 Et
3596 2795 3711 2837 non

2102 2869 2247 2925 sicut
2272 2884 2371 2941 per
2399 2884 2570 2926 unum
2610 2869 2706 2942 qui
2746 2875 3086 2941 peccaverat,
3139 2866 3371 2925 donum.
3425 2869 3710 2928 Judicium

2104 2957 2251 3015 enim
2281 2974 2348 3015 ex
2375 2974 2490 3015 uno
2520 2957 2593 3015 ad
2622 2958 3169 3027 condemnationem,
3196 2956 3410 3016 donum
3433 2967 3620 3017 autem
3649 2976 3715 3017 ex

393 3041 503 3109 ἐνὸς
530 3046 604 3111 εἷς
621 3044 930 3125 κατάκριμα
962 3068 976 3083 ·
1003 3043 1064 3104 τὸ
1093 3043 1148 3106 δὲ
1182 3044 1432 3127 χάρισμα
1468 3048 1528 3107 ἐκ
1557 3049 1772 3107 πολλῶν
1803 3070 1991 3129 παρα-

2111 3047 2293 3104 multis
2318 3046 2537 3105 delictis
2560 3046 2632 3104 ad
2652 3047 3132 3120 justiﬁcationem.
3160 3070 3187 3098 ιι
3223 3047 3336 3121 39
3360 3051 3487 3106 Non
3508 3049 3716 3107 solum-

389 3132 694 3211 πτωμάτων
741 3137 814 3202 εἷς
856 3135 1152 3214 δικαίωμα.
1180 3155 1211 3193 ι)
1263 3137 1345 3196 Οὐ
1377 3141 1626 3196 τοσοῦτον
1659 3136 1854 3214 μόνον,
1887 3162 1993 3220 φη-

392 3222 503 3297 σὶν,
530 3223 807 3306 ὠφέλησεν
850 3228 879 3285 6
927 3225 1196 3307 Χριστὸς,
1237 3224 1359 3285 ὅσον
1394 3225 1624 3307 ἔϐλαψεν
1655 3230 1682 3286 6
1717 3226 1890 3305 Ἀδάμ
1916 3228 1990 3291 ⁸⁵.

398 3314 463 3373 Εἰ
512 3313 617 3394 γὰρ
670 3318 705 3385 ἡ
758 3314 996 3397 ἁμαρτία
1064 3322 1309 3377 τοσοῦτον
1372 3315 1629 3397 ἴσχυσεν,
1687 3315 1825 3377 ὥστε
1883 3316 1995 3388 ἐνὸς

396 3403 718 3473 πταίσαντος
736 3451 755 3484 ,
784 3404 988 3473 πάντας
1015 3404 1135 3474 τοὺς
1161 3404 1214 3475 ἐξ
1243 3404 1444 3466 ἐκείνου
1466 3452 1482 3480 ,
1511 3405 1687 3467 καίτοι
1718 3406 1793 3485 μὴ
1824 3408 1997 3468 πταί-

397 3515 622 3570 σαντας,
650 3500 1073 3576 κατακριθῆναι·
1108 3497 1293 3577 πολλῷ
1324 3497 1528 3572 μᾶλλον
1565 3500 1599 3568 ἡ
1641 3496 1800 3577 χάρις
1822 3501 1857 3569 ἡ
1902 3501 1995 3557 τοῦ

398 3584 542 3643 Θεοῦ
572 3584 661 3642 καὶ
702 3586 948 3665 Πατρὸς,
983 3586 1042 3645 οὗ
1086 3584 1249 3664 μόνου
1299 3584 1529 3664 τούτου,
1586 3588 1727 3646 ἀλλὰ
1770 3585 1863 3646 καὶ
1901 3592 1995 3646 τοῦ

399 3676 538 3736 Υῖοῦ
569 3675 755 3749 αὐτοῦ,
798 3679 871 3744 εἷς
918 3674 1041 3745 τοὺς
1088 3674 1318 3743 πολλοὺς
1366 3674 1709 3756 περισσεύσει
1757 3677 1997 3759 δαψιλῶς

401 3768 609 3846 ῥυεῖσα.
636 3764 741 3825 Καὶ
772 3767 863 3825 οὐκ
897 3765 1050 3826 ἔσται
1081 3765 1142 3825 τὸ
1170 3765 1399 3847 δώρημα
1427 3771 1519 3826 τοῦ
1559 3767 1699 3827 Θεοῦ
1730 3772 1998 3840 τοσοῦτον,

398 3856 523 3916 ὅσον
554 3853 643 3915 καὶ
671 3855 733 3914 τὸ
760 3857 823 3915 δι’
855 3855 969 3925 ἑνὸς
1020 3856 1437 3936 ἁμαρτήσαντος
1485 3854 1830 3936 κατάκριμα;
1861 3883 1885 3909 α
1915 3856 1993 3917 Τὸ

401 3943 499 4022 μὲν
529 3943 630 4025 γὰρ
658 3954 857 4026 κρῖμα,
890 3973 916 3999 ιο
945 3945 1216 4007 τουτέστιν
1235 3992 1250 4019 ,
1280 3945 1711 4026 ἡεῦκατάκριτος
1739 3945 1792 3985 εδ
1821 3945 1996 4028 ἆμαρ-

396 4034 511 4110 τία,
545 4060 571 4089 α
601 4033 657 4105 ἐξ
687 4035 797 4104 ἐνὸς
816 4059 845 4095 n
884 4041 979 4096 τοῦ
1011 4036 1180 4114 Ἀδὰμ
1206 4039 1421 4120 ῥυεῖσα,
1457 4056 1485 4094 (ι
1507 4039 1579 4104 εἷς
1608 4034 1944 4116 κατάκριμα,
1971 4065 1996 4090 ιο

394 4126 700 4199 τουτέστιν,
734 4128 809 4193 εἷς
839 4126 1099 4204 θάνατον,
1138 4127 1173 4199 ἢ
1214 4126 1307 4186 καὶ
1337 4126 1554 4194 πλείους
1583 4125 1882 4207 ἁμαρτίας,
1914 4127 1997 4187 ἀεὶ

391 4224 499 4284 τοῖς
530 4215 585 4285 ἐξ
613 4214 817 4276 ἐκείνου
852 4216 1084 4296 ἐγίνετο,
1131 4215 1273 4279 ὥστε
1320 4219 1543 4286 πολλαῖς
1587 4215 1876 4296 ἁμαρτίαις
1906 4216 1999 4277 καὶ

392 4305 608 4387 θανάτῳ
638 4309 954 4388 ἐνσχεθῆναι
981 4305 1102 4376 τοὺς
1136 4304 1465 4386 ἀνθρώπους.
1508 4334 1531 4361 οι
1563 4306 1644 4368 Τὸ
1673 4307 1729 4366 δὲ
1755 4307 1999 4388 χάρισμα

396 4398 456 4456 ἐκ
487 4398 701 4457 πολλῶν
729 4398 1191 4479 παραπτωμάτων
1222 4401 1293 4467 εἷς
1330 4396 1601 4475 δικαίωμα
1619 4442 1636 4471 ,
1660 4423 1684 4450 ιι
1712 4397 2003 4469 τουτέστιν,

399 4490 433 4559 ἧ
466 4486 621 4567 χάρις
662 4489 722 4547 οὗ
751 4487 847 4562 τὴν
874 4488 1001 4567 μίαν
1027 4487 1231 4562 ἐκείνην
1261 4490 1465 4548 ἀνεῖλεν
1493 4487 1763 4569 ἁμαρτίαν
1799 4488 1992 4566 μόνον,

400 4575 540 4636 ἀλλὰ
576 4577 670 4637 καὶ
715 4576 810 4645 τὰς
854 4577 972 4654 μετ’
1024 4578 1234 4653 ἐκείνην
1280 4576 1711 4647 ἐπεισελθούσας.
1762 4577 1994 4640 Πάντων

398 4665 501 4747 γὰρ
545 4669 653 4726 τῶν
700 4666 841 4746 μετὰ
875 4668 973 4743 τὴν
1003 4668 1313 4749 παράϐασιν
1350 4667 1810 4751 παραπτωμάτων
1847 4666 1998 4728 λύσιν

404 4757 565 4815 δοῦσα
581 4802 599 4831 ,
626 4760 699 4823 εἷς
723 4758 998 4819 δικαίωσιν
1022 4763 1153 4838 ἡμῖν
1182 4758 1406 4839 ἐγένετο.

489 4869 520 4901 ι
556 4847 622 4906 Εἰ
667 4846 770 4928 γὰρ
819 4852 897 4929 τῷ
940 4852 1035 4911 τοῦ
1086 4848 1196 4917 ἑνὸς
1250 4847 1654 4929 παραπτώματι
1704 4851 1733 4909 6
1780 4847 2001 4917 θάνατος

403 4934 721 4999 ἐϐασίλευσε
750 4937 839 4998 διὰ
884 4944 977 4999 τοῦ
1023 4937 1135 5007 ἑνὸς
1160 4986 1176 5013 ,
1209 4941 1393 5022 πολλῷ
1425 4940 1633 5016 μᾶλλον
1677 4940 1728 4998 οἱ
1762 4938 1855 5011 τὴν
1895 4962 2001 4998 πε-

404 5025 643 5107 ρισσείαν
692 5031 786 5100 τῆς
837 5027 1090 5111 χάριτος,
1140 5028 1232 5091 καὶ
1281 5029 1379 5103 τὴν
1416 5028 1616 5109 δωρεὰν
1647 5032 1741 5102 τῆς
1795 5030 2004 5089 δικαιο-

398 5114 563 5188 σύνης
601 5117 968 5195 λαμϐάνοντες
1000 5117 1073 5198 ⁸⁷,
1127 5120 1181 5179 ἓν
1210 5121 1319 5199 ζωῇ
1340 5118 1748 5199 ,βασιλεύσουσι
1783 5118 1872 5178 διὰ
1912 5125 2004 5180 τοῦ

398 5205 512 5273 ἑνὸς
551 5206 733 5281 Ἰησοῦ
786 5211 1045 5291 Χριστοῦ.
1126 5207 1259 5291 Ἄρα
1296 5198 1392 5270 οὖν
1434 5214 1504 5276 ὣς
1561 5209 1626 5268 δι’
1665 5208 1776 5279 ἑνὸς
1828 5232 2004 5291 παρα-

395 5294 686 5374 πτώματος
716 5300 791 5368 εἷς
841 5298 1050 5368 πάντας
1089 5299 1398 5379 ἀνθρώπους
1439 5301 1513 5368 εἷς
1542 5298 1892 5379 κατάκριμα,
1923 5298 2011 5359 οὖ-

400 5410 478 5446 τω
506 5385 599 5446 καὶ
622 5389 689 5446 δι’
723 5389 835 5458 ἑνὸς
863 5389 1226 5467 δικαιώματος
1267 5391 1340 5458 εἶς
1363 5388 1570 5457 πάντας
1604 5388 1911 5469 ἀνθρώπους
1938 5391 2011 5458 εἷς

400 5475 680 5538 δικαίωσιν
708 5481 867 5554 ζωῆς.
903 5505 930 5534 ιο
961 5482 1031 5541 Εἰ
1053 5479 1114 5541 τὸ
1136 5488 1320 5563 φαγεῖν
1352 5479 1459 5539 ἀπὸ
1481 5484 1574 5540 τοῦ
1608 5478 1761 5550 ξύλου
1791 5480 1884 5539 ἕνα
1915 5480 2009 5539 ἄν·

2025 4543 2077 4607 D

2104 3135 2273 3194 modo
2326 3145 2547 3194 tantum
2611 3136 2817 3211 profuit
2872 3137 3145 3207 Christus,
3199 3146 3470 3211 quantum
3526 3140 3714 3197 nocuit

2102 3226 2305 3285 Adam.
2336 3227 2390 3284 Si
2416 3229 2562 3285 enim
2586 3237 2872 3301 peccatum
2893 3235 3110 3285 tantum
3138 3229 3340 3301 potuit,
3371 3236 3435 3285 ut
3455 3228 3528 3285 ob
3553 3230 3715 3286 unius

2102 3315 2322 3391 lapsum
2346 3332 2543 3375 omnes
2563 3317 2679 3391 ejus
2699 3318 2925 3392 posteri,
2957 3318 3175 3375 etiamsi
3194 3334 3305 3375 non
3331 3328 3711 3391 peccaverant,

2102 3407 2629 3477 condemnarentur;
2668 3409 2845 3465 multo
2875 3408 3052 3482 magis
3080 3410 3259 3483 gratia
3287 3409 3391 3466 Dei
3420 3417 3477 3467 et
3504 3410 3708 3480 Patris,

2101 3506 2157 3553 et
2183 3512 2299 3553 non
2324 3498 2492 3573 solius
2511 3498 2692 3572 hujus,
2714 3514 2906 3556 verum
2933 3498 3101 3555 etiam
3125 3498 3245 3557 Filii
3273 3499 3384 3571 sui,
3416 3499 3478 3555 in
3509 3499 3715 3559 multos

2102 3587 2427 3645 exuberabit
2451 3589 2673 3661 largiter
2700 3588 2897 3646 ﬂuens.
2938 3591 3051 3646 Nec
3079 3591 3186 3647 erit
3212 3588 3426 3646 donum
3450 3589 3555 3647 Dei
3581 3598 3707 3647 tan-

2102 3685 2248 3744 tum,
2278 3686 2481 3751 quanta
2507 3686 2593 3735 est
2626 3694 2749 3752 quae
2784 3694 2884 3752 per
2921 3694 3098 3736 unum
3122 3678 3539 3753 delinquentem
3560 3680 3711 3737 venit

2104 3768 2526 3825 condemnatio?
2559 3791 2585 3819 ι
2620 3768 2901 3826 Judicium
2942 3769 3113 3837 enim,
3148 3791 3176 3821 ν
3222 3768 3330 3826 hoc
3377 3777 3483 3839 est,
3515 3785 3709 3843 pecca-

2103 3867 2225 3915 tum
2252 3858 2703 3916 condemnationi
2750 3858 3081 3927 obnoxium,
3114 3880 3141 3908 α
3173 3873 3238 3915 ex
3272 3874 3385 3915 uno
3438 3881 3460 3909 ι»
3492 3859 3710 3917 Adamo

2105 3949 2407 4023 profluens,
2441 3970 2469 3999 ιι
2495 3948 2563 4005 ad
2587 3948 3135 4014 condemnationem,
3168 3966 3199 4002 »
3222 3947 3330 4004 hoc
3358 3956 3441 4005 est
3470 3948 3539 4005 ad
3558 3964 3709 4006 mor-

2105 4047 2239 4111 tem,
2293 4047 2351 4096 et
2386 4039 2543 4114 plura
2582 4046 2820 4112 peccata,
2868 4053 3158 4112 nunquam
3208 4054 3321 4094 non
3369 4039 3427 4095 in
3477 4039 3713 4113 posteris

2106 4130 2336 4200 exstitit,
2367 4138 2428 4187 ut
2455 4138 2509 4187 et
2537 4129 2727 4187 multis
2766 4128 3011 4202 peccatis
3040 4136 3095 4185 et
3121 4136 3305 4185 morte
3334 4128 3713 4187 detinerentur

2107 4220 2386 4278 homines.
2419 4243 2444 4270 α
2477 4223 2705 4278 Donum
2736 4228 2923 4277 autem
2953 4235 3017 4276 ex
3048 4218 3241 4277 multis
3280 4218 3494 4277 delictis
3523 4220 3594 4278 ad
3615 4222 3710 4295 ju-

2109 4311 2521 4381 stiﬁcationem,
2568 4334 2596 4361 ι
2644 4310 2753 4369 hoc
2804 4317 2908 4381 est,
2950 4309 3149 4383 gratia,
3204 4324 3319 4366 non
3354 4324 3529 4367 unum
3580 4311 3713 4370 illud

2110 4410 2399 4476 peccatum
2428 4402 2611 4459 solum
2632 4401 2879 4467 abstulit,
2910 4414 3103 4457 verum
3128 4399 3296 4456 etiam
3317 4400 3418 4457 alia
3442 4416 3567 4474 quae
3586 4409 3716 4474 post

2106 4492 2240 4549 illud
2256 4492 2574 4550 invaserunt
2591 4492 2897 4549 hominem.
2912 4490 3183 4548 Omnium
3193 4488 3342 4546 enim
3357 4499 3483 4563 post
3496 4490 3713 4563 lapsum

2108 4590 2470 4657 peccatorum
2499 4581 2887 4640 dimissionem
2912 4580 3144 4648 donans,
3179 4579 3237 4635 in
3254 4578 3713 4652 justiﬁcationem

2109 4673 2273 4731 nobis
2301 4672 2483 4730 cessit.

2181 4858 2354 4915 Vens.
2392 4858 2480 4923 17,
2514 4856 2599 4910 l8.
2642 4870 2672 4906 «
2709 4853 2767 4911 Si
2813 4853 2967 4911 enim
3010 4853 3179 4912 unius
3207 4853 3407 4912 delicto
3432 4867 3586 4912 mors
3622 4868 3715 4912 re-

2111 4944 2299 5021 gnavit
2328 4959 2424 5017 per
2448 4958 2650 5015 unum,
2677 4943 2856 5001 multo
2883 4944 3064 5019 magis
3090 4944 3492 5004 abundantiam
3528 4945 3717 5018 gratim

2112 5052 2176 5094 ac
2228 5037 2439 5093 donum
2487 5034 2716 5109 iustitiae
2756 5035 3103 5108 accipientes,
3160 5037 3217 5094 in
3261 5037 3373 5094 vita
3411 5036 3719 5109 regnabunt

2116 5143 2213 5200 per
2245 5140 2421 5183 unum
2461 5127 2653 5182 Iesum
2681 5123 2985 5183 Christum.
3019 5126 3201 5199 Igitur
3251 5125 3391 5182 sicut
3418 5140 3515 5199 per
3551 5124 3719 5183 unius

2115 5216 2381 5275 delictum
2410 5215 2469 5272 in
2519 5230 2719 5274 omnes
2747 5214 3000 5273 homines
3046 5215 3119 5273 ad
3172 5214 3720 5285 condemnationem,

2115 5307 2197 5365 sic
2223 5322 2323 5379 per
2351 5306 2514 5363 unius
2531 5305 2811 5379 justitiam
2848 5305 2906 5362 in
2931 5320 3130 5362 omnes
3167 5304 3419 5362 homines
3449 5303 3521 5361 ad
3560 5304 3721 5378 justi-

2117 5397 2428 5454 ﬁcationem
2459 5396 2612 5455 vitm.
2652 5419 2680 5446 ι
2732 5396 2787 5452 Si
2826 5394 2991 5451 unius
3045 5394 3289 5451 hominis
3333 5394 3600 5452 comestio
3649 5394 3722 5452 de

2116 5488 2267 5563 ligno
2296 5495 2540 5545 mortem
2568 5485 2702 5545 fecit
2746 5500 3000 5559 regnare,
3046 5485 3226 5543 multo
3255 5485 3429 5560 magis
3464 5501 3591 5557 nos,
3628 5485 3722 5560 qui

1796 5578 1987 5639 Varia:
2029 5580 2333 5642 lectiones.

476 5666 520 5700 ⁸³
573 5666 952 5740 ἁμαρτάνοντας
1005 5683 1058 5727 0.

410 5745 453 5780 ⁸⁷
480 5746 725 5811 λαϐόντες
747 5763 802 5806 0.

1161 5666 1204 5701 δ”
1255 5668 1572 5741 παράπτωμα
1625 5667 1771 5743 ἡμῶν
1822 5668 1925 5724 ἔστι
1977 5685 2058 5727 m.

2164 5669 2208 5705 εδ
2266 5668 2346 5724 ἴσ,
2410 5665 2547 5719 ἀλλὰ
2600 5665 2780 5738 πολλῷ
2832 5665 3008 5722 πλεῖον
3055 5682 3110 5725 0.
3210 5666 3255 5701 ⁸⁸
3304 5668 3595 5741 κατάκριτος
3639 5682 3718 5725 m.
