4150 6474
395 443 500 502 407

1415 435 1933 494 THEOPHYLACTI
1969 435 2328 492 BULGARMS
2362 435 2675 493 ARCHlEP.

3604 433 3712 490 408

396 570 592 644 gratia;
618 585 744 626 cum
775 567 1208 636 exuberantiam,
1260 573 1383 622 tum
1427 565 1644 637 copiam
1688 571 1743 618 et
1771 563 1998 635 largita-

2124 568 2340 644 lpwrrov,
2371 562 2461 622 τὸν
2495 562 2720 624 θάνατον
2744 560 2960 634 ἓποιήσε
2986 562 3304 641 βασιλεῦσαι
3327 582 3340 597 ·
3364 560 3548 640 πολλῷ
3579 561 3715 638 μᾶλ-

396 671 510 719 tem
558 661 870 732 accepimus
920 667 975 715 et
1019 655 1304 731 justiﬁcati
1363 670 1579 722 sumus,
1637 654 1888 709 vivemus
1945 661 2003 708 et

399 750 758 825 regnabimus
790 765 888 822 per
931 764 1107 803 unum
1150 749 1344 802 Jesum
1373 745 1680 810 Christum,
1710 743 1866 816 cujus
1891 740 2002 798 fra-

399 850 514 900 tres
561 857 775 908 sumus,
809 847 868 896 et
893 839 949 894 in
995 837 1246 912 ejusdem
1294 835 1546 908 corporis
1596 835 1867 891 unitatem
1913 848 2001 889 as-

404 931 641 1004 sumpti,
693 937 748 986 et
792 929 937 986 sicut
987 943 1187 1000 corpus
1229 925 1408 999 capiti,
1458 925 1539 982 sic
1583 940 1689 980 nos
1721 923 1820 996 ipsi
1863 921 2005 979 uniti

403 1036 598 1080 sumus
624 1031 668 1077 ι’.
703 1022 818 1076 Nec
844 1018 995 1076 enim
1027 1018 1259 1090 simplex
1289 1025 1345 1072 et
1373 1015 1538 1072 unius
1562 1012 1767 1086 speciei
1792 1013 2004 1070 bonum

407 1111 744 1182 accepimus,
778 1117 839 1163 ut
866 1108 1037 1164 etiam
1064 1107 1133 1164 de
1159 1105 1360 1164 futuris
1387 1105 1729 1172 dubitemus,
1759 1102 1855 1160 sed
1875 1118 2005 1159 exu-

405 1199 648 1257 berantia
691 1199 885 1273 gratia:
933 1207 1123 1254 nostra
1153 1197 1298 1253 bona
1324 1204 1495 1252 sunt:
1530 1193 2006 1268 quemadmodum

404 1290 453 1348 si
494 1291 622 1364 quis
651 1305 761 1346 mre
796 1289 978 1345 alieno
1021 1287 1340 1356 obstrictus,
1370 1293 1427 1341 et
1466 1287 1524 1341 in
1569 1299 1851 1342 carcerem
1875 1299 2005 1340 cum

407 1395 576 1438 uxore
617 1387 672 1435 et
701 1379 889 1434 liberis
925 1378 1228 1452 conjectus,
1268 1392 1380 1433 non
1411 1377 1590 1432 solum
1617 1391 1648 1431 a
1693 1390 1913 1431 carcere
1955 1382 2010 1430 et

409 1485 446 1526 a
471 1468 658 1525 debito
698 1468 980 1535 liberetur,
1025 1483 1213 1524 verum
1254 1466 1424 1522 etiam
1469 1465 1760 1522 innumera
1806 1464 2007 1520 talenta

406 1559 658 1630 accipiat,
687 1574 753 1615 ac
804 1558 863 1613 in
907 1557 1118 1629 regiam
1169 1555 1356 1612 aulam
1399 1554 1748 1612 introductus
1784 1569 2008 1610 summo

408 1647 623 1706 honore
652 1647 949 1717 afﬁciatur,
979 1647 1234 1719 regisque
1273 1644 1415 1702 ﬁlius
1442 1644 1828 1700 constituatur.
1860 1645 2008 1701 Con-

407 1738 637 1795 cludens
666 1737 834 1808 igitur
861 1735 1216 1802 sententiam,
1264 1734 1345 1791 ait
1383 1753 1398 1791 :
1450 1733 1691 1794 Proinde
1728 1732 1872 1790 sicut
1912 1749 2012 1806 per

409 1827 575 1883 unius
601 1825 867 1882 delictum
897 1825 1080 1897 (quod
1101 1839 1267 1897 supra
1291 1823 1568 1897 judicium
1601 1823 1835 1892 vocavit,
1863 1838 2011 1880 nunc

2109 653 2198 712 λον
2230 655 2383 730 ἡμεῖς
2406 656 2452 712 οἱ
2481 652 2578 724 τὴν
2603 652 2909 734 περισσείαν
2939 654 3028 711 καὶ
3060 652 3337 733 δαψίλειαν
3367 652 3460 722 τῆς
3499 648 3716 731 χάριτος

2109 744 2392 820 λαϐόντες,
2441 745 2533 805 καὶ
2564 745 2965 822 δικαιωθέντες,
2997 743 3268 820 ζησόμεθα
3317 740 3409 802 καὶ
3458 740 3716 819 βασιλεύ-

2110 859 2272 914 σομεν
2336 835 2423 895 διὰ
2483 841 2576 894 τοῦ
2631 835 2744 905 ἑνὸς
2793 835 2975 906 Ἰησοῦ
3047 836 3320 914 Χριστοῦ,
3376 822 3438 890 οὗ
3496 831 3719 914 ἀδελφοί

2112 931 2312 1003 ἐσμεν,
2355 926 2447 986 καὶ
2478 925 2754 1003 σῦσσωμοι
2801 929 2962 986 αὐτοῦ
3005 924 3362 1002 κατέστημεν,
3411 922 3504 984 καὶ
3531 921 3717 1006 ὥσπερ

2112 1019 2269 1093 σῶμα
2334 1019 2574 1098 κεφαλῇ,
2623 1015 2789 1083 οὕτως
2838 1016 2985 1097 αὐτῷ
3037 1014 3290 1092 ἡνώμεθα
3336 1011 3410 1075 ⁸⁸.
3465 1013 3563 1085 Μὴ
3607 1013 3712 1094 γὰρ

2114 1107 2314 1167 ἁπλοῦν
2345 1106 2435 1166 καὶ
2461 1105 2726 1182 μονοειδὲς
2762 1105 2958 1185 ἀγαθὸν
2991 1103 3255 1180 ἐλάϐομεν
3275 1149 3295 1179 ,
3325 1101 3417 1162 ἵνα
3453 1103 3546 1163 καὶ
3575 1102 3708 1182 πρὸς

2111 1196 2179 1256 τὰ
2230 1196 2494 1272 μέλλοντα
2543 1194 2900 1272 ἐνδοιάσωμεν
2934 1219 2948 1232 ·
2997 1192 3137 1254 ἀλλὰ
3174 1192 3456 1274 περισσεία
3498 1190 3719 1273 χάριτος

2113 1291 2242 1363 ἡμῖν
2272 1284 2340 1344 τὰ
2369 1286 2542 1362 ἀγαθά
2569 1309 2582 1323 ·
2613 1285 2796 1364 ὥσπερ
2826 1283 2875 1344 εί
2910 1309 2990 1353 τις
3019 1283 3246 1364 ὀφείλων
3276 1281 3483 1356 πολλὰ,
3509 1281 3602 1341 καὶ
3619 1283 3713 1364 ⁸εἷς

2116 1360 2355 1459 φυλακὴν
2398 1360 2681 1452 ἐμϐληθεὶς
2715 1360 2854 1452 μετὰ
2893 1360 3142 1454 γυναικὸς
3187 1373 3278 1434 καὶ
3311 1373 3552 1449 παίδων,
3601 1360 3718 1430 εἶτα

2115 1470 2170 1527 οὗ
2204 1467 2359 1543 μόνον
2395 1466 2731 1546 ἀπαλλαγείη
2783 1471 2877 1537 τῆς
2917 1465 3158 1545 φυλακῆς
3201 1463 3293 1522 καὶ
3342 1469 3435 1522 τοῦ
3479 1461 3673 1543 χρέους
3698 1505 3715 1534 ,

2115 1555 2253 1616 ἀλλὰ
2285 1555 2376 1616 καὶ
2408 1555 2572 1636 μυρία
2599 1557 2837 1614 τάλαντα
2877 1553 3066 1626 λάϐοι,
3095 1553 3186 1612 καὶ
3215 1554 3286 1620 εἰς
3315 1551 3598 1632 βασιλικὰς
3625 1554 3715 1611 αὖ·

2113 1645 2211 1714 λὰς
2232 1644 2511 1726 εἰσαχθεὶς,
2546 1648 2703 1720 τιμῆς
2725 1643 2778 1682 ⁸9
2814 1642 3058 1714 ἀξιωθείη
3088 1645 3295 1724 ὑψηλῆς
3321 1641 3416 1701 καὶ
3446 1639 3708 1722 βασιλέως

2115 1737 2221 1805 υἱὸς
2252 1735 2474 1814 γένοιτο.
2513 1733 2903 1813 Συμπεραίνων
2947 1733 3118 1793 τοίνυν
3149 1731 3210 1791 τὸ
3245 1732 3460 1810 νόημα,
3509 1729 3675 1811 φησίν
3699 1753 3714 1767 ·

2114 1813 2274 1907 ¹Ἀραί
2309 1813 2398 1884 οὖν
2449 1827 2521 1891 ὥς
2583 1823 2649 1882 δι’
2701 1823 2811 1890 ἑνὸς
2880 1820 3324 1907 παραπτώματος
3375 1823 3450 1889 εἷς
3507 1819 3715 1888 πάντας

407 1915 672 1974 delictum
694 1915 986 1971 nominans
1007 1956 1025 1984 ,
1057 1913 1166 1971 hoc
1200 1921 1317 1982 est,
1348 1913 1553 1971 Adami
1587 1913 1908 1986 peccatum)
1952 1914 2012 1970 in

2124 1901 2426 1997 ἀνθρώπους
2455 1905 2613 1988 ἦλθεν
2640 1919 2675 1988 ἡ
2723 1913 2935 1994 κατάρα
2970 1901 3152 1994 (ὅπερ
3195 1901 3342 1972 εἶπεν
3373 1909 3484 1971 ἄνω
3512 1917 3682 1988 κρῖμα
3700 1956 3718 1983 ,

407 2020 603 2064 omnes
629 2004 882 2062 homines
905 2003 1224 2078 supervenit
1245 2002 1581 2072 maledictio,
1611 2003 1695 2060 sic
1723 2019 1822 2076 per
1839 2003 2006 2076 justi-

405 2095 544 2152 tiam
588 2094 753 2152 unius
779 2093 1010 2164 Christi,
1037 2094 1097 2150 in
1125 2108 1323 2150 omnes
1350 2092 1602 2150 homines
1630 2093 1826 2166 gratia,
1871 2093 2010 2151 dans

405 2185 541 2258 ipsis
583 2192 640 2241 et
659 2183 1118 2258 justiﬁeationem
1163 2199 1266 2257 pro
1313 2190 1564 2257 peccato,
1613 2191 1671 2240 et
1699 2183 1872 2240 vitam
1908 2197 2010 2256 pro

410 2281 609 2332 morte.

479 2456 657 2511 Vsns.
690 2457 776 2511 19.
812 2474 840 2502 ι
869 2451 1023 2510 Sicut
1053 2451 1204 2510 enim
1244 2467 1344 2525 per
1372 2451 1807 2510 inobedientiam
1843 2452 2010 2510 unius

409 2542 653 2601 hominis
697 2550 1013 2615 peccatores
1070 2541 1358 2600 constituti
1407 2549 1536 2599 sunt
1593 2541 1754 2599 multi
1769 2581 1785 2611 ,
1823 2542 1900 2600 ita
1955 2549 2012 2599 et

409 2648 509 2706 per
536 2630 919 2689 obedientiam
945 2632 1112 2689 unius
1129 2631 1269 2704 justi
1315 2631 1734 2689 constituentur
1760 2633 1944 2689 multi.
1981 2655 2008 2683 ι

408 2725 537 2780 Non
557 2729 643 2779 est
665 2722 844 2779 otiosa
867 2721 1116 2795 ejusdem
1131 2721 1412 2795 repetitio,
1431 2730 1495 2778 ut
1511 2729 1741 2795 apparet
1772 2739 1787 2778 :
1818 2738 2012 2780 verum

409 2826 540 2869 cum
562 2826 727 2884 supra
755 2811 998 2882 dixisset,
1026 2834 1054 2862 ιι
1085 2810 1572 2883 Quemadmodum
1601 2827 1698 2884 per
1724 2812 1888 2869 unius
1917 2811 2014 2868 de-

409 2900 625 2967 lictum,
656 2899 772 2973 40
795 2901 876 2957 sic
903 2909 959 2958 et
982 2917 1081 2975 per
1109 2901 1275 2958 unius
1292 2901 1592 2974 justitiam,
1629 2924 1656 2952 ι
1684 2902 1805 2974 jam
1841 2902 2014 2958 inter-

412 2997 660 3064 pretatur
686 2989 823 3063 quid
845 2989 919 3047 sit
948 2989 1210 3047 delictum
1240 2991 1423 3060 unius,
1447 3006 1651 3063 nempe
1693 2991 2015 3049 inobedien-

412 3079 515 3151 tia,
541 3095 642 3153 per
663 3095 834 3153 quam
871 3101 900 3128 α
932 3087 1252 3153 peccatores
1279 3080 1562 3137 constituti
1593 3089 1724 3137 sunt
1769 3081 1948 3152 multi,
1985 3104 2012 3132 υ

412 3168 521 3227 hoc
555 3176 658 3238 est,
694 3169 921 3226 obnoxii
951 3169 1244 3243 supplicio,
1275 3169 1466 3243 reique
1511 3170 1712 3226 mortis
1743 3189 1759 3227 :
1798 3179 1855 3227 et
1891 3187 2017 3244 quae

2117 2012 2272 2066 τοῦτο
2300 2009 2391 2064 νῦν
2424 2005 2594 2083 λέγων
2623 2003 2677 2041 ⁹⁰
2704 2003 3057 2084 παράπτωμα
3075 2046 3091 2076 ,
3123 2000 3386 2076 τουτέστι,
3417 1999 3511 2072 τὴν
3539 1999 3718 2079 ἆμαρ-

2117 2096 2236 2156 τίαν
2265 2101 2358 2156 τοῦ
2388 2093 2558 2172 Ἀδὰμ
2576 2095 2626 2174 ),
2669 2091 2807 2154 οὕτω
2835 2093 2928 2152 καὶ
2974 2091 3062 2152 διὰ
3096 2095 3187 2152 τοῦ
3223 2089 3580 2168 δικαιώματος
3613 2095 3711 2147 τοῦ

2118 2185 2233 2256 ἑνὸς
2262 2188 2502 2268 Χριστοῦ
2522 2229 2541 2262 ,
2566 2185 2638 2252 εἰς
2665 2182 2866 2250 πάντας
2891 2181 3196 2260 ἀνθρώπους
3223 2185 3258 2254 ἡ
3288 2181 3466 2262 χάρις,
3500 2181 3721 2268 διδοῦσα

2121 2278 2294 2344 αὐτοῖς
2322 2265 2415 2336 καὶ
2451 2273 2728 2334 δικαίωσιν
2777 2272 2898 2333 ἀντὶ
2944 2275 3040 2346 τῆς
3093 2270 3396 2354 ἁμαρτίας,
3442 2267 3538 2330 καὶ
3578 2265 3719 2340 ζωὴν

2121 2365 2241 2428 ἀντὶ
2270 2369 2363 2426 τοῦ
2392 2364 2645 2427 θανάτου.

2208 2479 2240 2514 α
2270 2453 2493 2535 ¹Ὦσπερ
2536 2453 2639 2535 γὰρ
2673 2451 2761 2512 διὰ
2801 2451 2897 2525 τῆς
2931 2454 3210 2534 παρακοῆς
3237 2453 3330 2512 τοῦ
3369 2449 3482 2518 ἑνὸς
3514 2446 3723 2531 ἀνθρώ-

2119 2571 2223 2608 που
2244 2591 2262 2622 ,
2297 2543 2609 2626 ἁμαρτωλοὶ
2653 2541 3060 2615 κατεστάθησαν
3099 2543 3149 2602 οἱ
3191 2538 3419 2618 πολλοὶ,
3451 2537 3592 2600 οὕτω
3630 2537 3723 2598 καὶ

2125 2637 2213 2698 διὰ
2262 2639 2358 2709 τῆς
2404 2636 2644 2706 ὑπακοῆς
2688 2639 2781 2693 τοῦ
2829 2631 2942 2700 ἑνὸς
2979 2630 3172 2692 δίκαιοι
3217 2629 3724 2704 κατασταθήσονται

2124 2729 2175 2788 οῖ
2225 2724 2435 2786 πολλοί.
2473 2747 2503 2783 ι
2546 2726 2629 2786 Οὔ
2678 2722 2997 2802 ταυτολογία
3049 2720 3194 2782 ἐστὶν
3212 2767 3232 2801 ,
3287 2723 3361 2789 ὥς
3408 2723 3568 2780 δοκεῖ·
3606 2717 3725 2778 ἀλλ’

2126 2815 2290 2876 εἰπὼν
2338 2815 2608 2896 ἀνωτέρω,
2657 2835 2686 2872 (ι
2713 2811 2936 2894 Ἵὶσπερ
2985 2810 3051 2872 δι’
3095 2811 3209 2881 ἑνὸς
3252 2809 3688 2890 παραπτώματος
3708 2855 3726 2886 ,

2124 2905 2262 2966 οὕτω
2290 2904 2380 2965 καὶ
2413 2906 2482 2964 δι’
2513 2904 2628 2970 ἑνὸς
2685 2901 3078 2979 δικαιώματος,
3124 2923 3155 2960 ι)
3193 2905 3283 2960 νῦν
3322 2899 3636 2982 ἑρμηνεύει,
3674 2902 3728 2958 τί

2126 2987 2190 3070 ἧν
2217 2995 2280 3055 τὸ
2327 2993 2681 3074 παράπτωμα
2710 2997 2802 3052 τοῦ
2857 2991 3004 3064 ἑνὸς,
3045 2989 3139 3051 καί
3174 3013 3370 3072 φησιν,
3413 2987 3495 3049 ὅτι
3531 2994 3568 3062 ἡ
3613 3011 3729 3048 πα·-

2127 3083 2296 3168 ρακοὴ
2315 3133 2328 3156 ,
2362 3085 2430 3143 δι’
2453 3075 2516 3156 ἧς
2548 3083 2907 3164 «ἁμαρτωλοὶ
2935 3081 3345 3153 κατεστάθησαν
3373 3081 3422 3140 οἱ
3453 3077 3678 3168 πολλοὶ,
3701 3104 3728 3130 ι

2127 3175 2398 3236 τουτέστιν
2424 3223 2437 3247 ,
2473 3171 2752 3232 ὑπεύθυνοι
2777 3171 3016 3243 κολάσει,
3050 3170 3143 3231 καὶ
3172 3169 3455 3230 κατάδικοι
3479 3167 3726 3229 θανάτου·

414 3259 488 3318 sit
519 3257 730 3332 iustitia
780 3258 968 3328 unius,
1015 3259 1286 3316 nimirum
1346 3259 1552 3316 Christi
1603 3277 1619 3315 :
1661 3259 2015 3328 Obedientia,

2127 3265 2220 3325 καὶ
2261 3263 2314 3324 τί
2347 3266 2461 3323 ἐστι
2501 3262 2564 3323 τὸ
2600 3260 2871 3340 δικαίωμα
2920 3265 3014 3321 τοῦ
3072 3259 3218 3338 ἑνὸς,
3274 3258 3551 3348 τουτέστι,
3587 3259 3728 3348 Χρι-

416 3348 614 3421 inquit,
644 3347 818 3421 ipsius
848 3370 876 3399 α
926 3348 1000 3406 ad
1039 3356 1284 3406 mortem
1311 3364 1504 3421 usque,
1564 3356 1805 3407 mortem
1833 3359 2015 3409 autem

2128 3357 2254 3414 ατοῦ
2277 3376 2292 3392 ο
2325 3352 2430 3414 ’καί
2460 3357 2631 3434 ίφησιν
2651 3399 2666 3423 ,
2700 3351 2784 3412 ὅτι
2827 3354 2862 3422 ἡ
2903 3348 3114 3434 ὓπακοὴ
3144 3354 3178 3423 ἡ
3213 3375 3237 3403 α
3265 3346 3426 3430 μέχρι
3467 3346 3728 3419 θανάτου,

417 3437 598 3495 crucis
624 3447 650 3483 ει
672 3455 686 3494 :
712 3456 742 3491 ιο
767 3452 864 3511 per
891 3453 1062 3511 quam
1089 3437 1488 3508 obedientiam,
1537 3440 1774 3498 contrita
1814 3448 2019 3514 morte,

418 3523 629 3584 liberati
647 3542 845 3586 sumus
862 3542 966 3586 nos
990 3527 1064 3585 ab
1086 3527 1259 3601 ipsius
1283 3527 1770 3587 condemnatione.

493 3714 674 3771 Vsns.
708 3717 797 3771 20.
833 3736 861 3765 α
892 3715 1009 3771 Lex
1039 3721 1228 3772 autem
1257 3715 1600 3784 subintravit,
1631 3723 1695 3772 ut
1712 3715 2024 3775 abundaret

419 3800 687 3860 delictum
725 3802 864 3860 :ubi
911 3813 1102 3862 autem
1139 3804 1442 3862 abundavit
1467 3805 1751 3876 delictum,
1795 3823 2020 3879 supera-

419 3890 688 3950 bundavit
703 3893 900 3966 gratia.
926 3916 954 3944 ιο
982 3894 1124 3951 Cum
1143 3894 1476 3952 ostendisset
1495 3911 1690 3953 omnes
1716 3896 1785 3953 ab
1805 3895 2021 3954 Adamo

419 3982 820 4040 condemnatos
846 3998 988 4053 esse,
1015 3999 1048 4039 a
1076 3983 1298 4042 Christo
1326 3993 1520 4042 autem
1547 3995 1930 4056 conservatos,
1958 4002 2024 4044 ac

419 4072 721 4134 verisimile
764 4081 911 4129 esset
959 4071 1288 4131 addubitare
1337 4076 1660 4148 quempiam
1706 4092 1771 4133 ac
1818 4076 2022 4145 dicere,

425 4160 573 4231 Quid
605 4161 776 4234 igitur
809 4161 895 4218 lex
921 4169 1009 4218 tot
1036 4178 1212 4219 annos
1247 4163 1502 4230 faciebat,
1528 4165 1573 4222 si
1613 4165 1836 4239 quidem
1864 4167 2024 4224 Chri-

425 4257 546 4307 stus
574 4265 678 4306 nos
707 4250 1066 4322 iustiﬁcavit?
1091 4253 1410 4325 respondet,
1439 4254 1587 4328 quod
1621 4277 1649 4306 α
1681 4258 1798 4312 Lex
1825 4256 2024 4313 subin-

423 4339 610 4408 travit,
669 4356 702 4393 α
748 4355 869 4412 pro,
912 4339 984 4397 ad
1023 4348 1247 4414 tempus
1287 4343 1398 4401 lata
1439 4352 1542 4416 est,
1583 4361 1700 4402 non
1740 4345 2023 4418 primario,

424 4443 604 4501 neque
658 4429 950 4502 praecipue.
1009 4431 1150 4488 Cum
1209 4441 1400 4489 autem
1446 4434 1798 4508 subingressa
1858 4445 2024 4507 esset,

2125 3442 2353 3504 θανάτου
2387 3441 2444 3502 δὲ
2483 3432 2716 3523 σταυροῦ
2741 3463 2754 3478 ο
2795 3463 2824 3500 ι
2858 3442 2926 3500 δι’
2971 3432 3034 3513 ἧς
3076 3442 3316 3512 ὓπακοῆς
3367 3435 3732 3516 συντριϐέντος

2127 3539 2219 3593 τοῦ
2255 3532 2516 3608 θανάτου,
2561 3529 2956 3612 ἀπηλλάγημεν
3007 3532 3166 3609 ἡμεῖς
3211 3532 3308 3605 τῆς
3356 3531 3520 3590 αὐτοῦ
3560 3551 3730 3589 κατα-

2129 3624 2299 3696 δίκης.

2215 3736 2246 3772 α
2275 3709 2455 3789 Νόμος
2485 3708 2616 3792 Si,”
2656 3711 3011 3792 παρεισῆλθεν
3031 3755 3050 3786 ,
3104 3707 3195 3770 ἵνα
3227 3707 3502 3790 πλεονάσῃ
3539 3706 3601 3768 τὸ
3627 3731 3734 3767 παο

2131 3801 2434 3883 ράπτωμα·
2497 3791 2558 3861 οὗ
2612 3799 2668 3861 δὲ
2721 3791 3043 3860 ἐπλεόνασεν
3112 3804 3148 3874 ἡ
3204 3798 3479 3878 ἁμαρτία,
3542 3799 3735 3878 ὕπερε-

2128 3891 2471 3972 περίσσευσεν
2503 3893 2539 3962 ἡ
2587 3889 2764 3971 χάρις.
2821 3911 2852 3948 ι
2909 3887 3134 3961 Ἐπειδὴ
3181 3886 3344 3956 ἔδειξε
3375 3887 3581 3955 πάντας
3629 3885 3737 3946 ἀπὸ

2130 3981 2228 4060 μὲν
2270 3991 2361 4041 τοῦ
2407 3979 2578 4056 Ἀδὰμ
2623 3975 3151 4060 καταδικασθέντας,
3203 3976 3311 4037 ἀπὸ
3355 3974 3411 4035 δὲ
3447 3981 3537 4035 τοῦ
3581 3977 3729 4055 Χρι-

2130 4057 2257 4130 στοῦ
2308 4069 2571 4137 σωθέντας
2599 4115 2615 4142 ,
2662 4068 2799 4134 εἰκὸς
2828 4066 2884 4126 δὲ
2915 4057 2979 4141 ἦν
3027 4089 3148 4126 τινα
3173 4065 3226 4104 9³
3258 4069 3598 4146 ἐπαπορῆσαι
3643 4065 3734 4125 καὶ

2130 4162 2318 4220 εἰπεῖν·
2352 4159 2426 4220 Τί
2454 4147 2544 4218 οὖν
2587 4163 2617 4219 ὁ
2645 4157 2801 4235 νόμος
2829 4156 2898 4215 τὰ
2945 4161 3180 4218 τοσαῦτα
3229 4154 3322 4230 ἔτη
3352 4153 3550 4229 ἐποίει,
3581 4153 3733 4236 εἴπερ

2129 4252 2158 4310 ὃ
2188 4247 2418 4330 Χριστὸς
2460 4251 2605 4326 ἡμᾶς
2640 4247 2960 4323 ἐδικαίωσε;
3007 4245 3200 4328 φησὶν,
3255 4245 3336 4304 δτι
3392 4266 3420 4302 κ
3456 4243 3527 4306 Ὁ
3577 4242 3736 4320 νόμος

2131 4341 2486 4420 παρεισῆλθεν
2506 4383 2524 4413 ,
2559 4359 2589 4396 n
2624 4337 2742 4398 ἀντὶ
2773 4341 2903 4414 τοῦ,
2926 4335 3056 4418 πρὸς
3085 4335 3273 4415 καιρὸν
3305 4335 3484 4408 ἐδόθη,
3519 4334 3579 4394 οὗ
3605 4355 3737 4414 προ-

2133 4427 2441 4507 ηγουμένως
2518 4427 2639 4489 οὐδὲ
2711 4426 2906 4506 κυρίως
2927 4449 2943 4465 ο
3004 4425 3372 4508 παρεισελθὼν
3431 4421 3519 4498 δὲ,
3572 4421 3735 4484 πλέον

429 4518 646 4576 auctius
673 4519 920 4577 reddidit
943 4520 1235 4579 delictum.
1265 4525 1410 4579 Nam
1436 4526 1610 4581 multa
1633 4525 1896 4583 mandata
1925 4526 2015 4583 da-

2135 4519 2356 4591 ἐποίησε
2383 4517 2444 4578 τὸ
2481 4517 2857 4599 παράπτωμα.
2896 4515 3116 4584 Πολλὰς
3157 4516 3261 4596 γὰρ
3289 4513 3501 4583 ἐντολὰς
3533 4512 3736 4594 ἐδίδου,

425 4607 541 4678 bat,
580 4625 705 4683 qua:
754 4611 945 4668 omnia
1000 4628 1130 4670 cum
1189 4615 1702 4687 transgrederentur
1749 4616 2025 4687 homines,

426 4708 699 4756 auxerunt
721 4699 1004 4758 delictum.
1027 4702 1300 4759 Particula
1330 4720 1518 4776 porro,
1553 4728 1579 4756 α
1611 4707 1711 4778 Ut,
1746 4727 1773 4755 ιι
1803 4705 1893 4762 hic
1915 4723 2030 4763 non

427 4795 513 4845 est
538 4804 719 4846 causa
763 4790 1053 4860 redditiva,
1085 4791 1185 4848 sed
1222 4801 1482 4850 eventum
1525 4795 1763 4867 respicit.
1809 4797 2029 4853 Sancita

428 4884 514 4935 est
553 4877 708 4935 enim
732 4877 819 4936 lex
869 4889 933 4936 ut
979 4881 1256 4939 minueret
1300 4891 1356 4939 et
1395 4874 1639 4941 auferret
1681 4895 1965 4957 peccatum
2011 4905 2025 4944 :

429 4965 610 5024 evenit
635 4974 823 5024 autem
849 4971 1215 5041 contrarium,
1245 4987 1344 5044 per
1362 4973 1673 5032 socordiam
1703 4975 2028 5046 hominum,

425 5071 543 5114 non
569 5071 666 5130 per
695 5057 831 5130 legis
857 5066 1131 5118 naturam.
1173 5064 1477 5134 Postquam
1507 5073 1691 5121 autem
1733 5065 2034 5123 abundavit

426 5153 720 5217 peccatum
747 5163 846 5220 per
868 5149 1069 5222 legem,
1100 5167 1199 5223 per
1239 5151 1524 5210 Christum
1557 5153 1731 5227 gratia
1755 5155 1858 5212 Dei
1895 5171 2032 5212 exu-

426 5233 660 5307 beravit,
705 5236 912 5296 nedum
967 5255 1000 5296 a
1065 5241 1302 5313 peccatis
1350 5241 1617 5313 liberans,
1662 5243 1763 5300 sed
1821 5251 1878 5300 et
1910 5245 2031 5317 jus-

425 5321 650 5384 tiﬁcans
703 5341 842 5399 nos,
901 5335 960 5386 et
1019 5329 1275 5387 caelestes
1354 5329 1588 5402 faciens,
1653 5331 2033 5407 adoptansque

526 5489 554 5525 ν
578 5483 750 5542 Rom.
779 5499 926 5555 τιτι,
951 5491 1052 5558 12;
1081 5488 1136 5544 II
1164 5487 1294 5546 Cor.
1325 5504 1380 5559 x,
1414 5494 1499 5546 12.
1575 5500 1600 5536 ει
1637 5489 1877 5565 Philipp.
1905 5507 1978 5561 ιι,
2013 5497 2070 5550 8.

2137 4607 2201 4678 ἃς
2238 4609 2414 4676 πάσας
2451 4607 2894 4689 παραϐαινόντων
2935 4610 3039 4666 τῶν
3081 4605 3379 4686 ἀνθρώπων
3401 4654 3415 4678 ,
3451 4603 3736 4665 ἐπλεόνασε

2135 4699 2198 4758 τὸ
2224 4699 2596 4779 παράπτωμα.
2642 4699 2722 4759 Τὸ
2742 4696 2832 4776 δὲ,
2873 4720 2904 4758 α
2930 4696 3087 4770 Ἵνα,
3134 4721 3165 4754 ιι
3200 4698 3428 4755 ἐνταῦθα
3449 4695 3546 4754 οὔκ
3577 4697 3740 4754 αἰτιο-

2136 4787 2349 4867 λογικόν
2393 4791 2569 4862 ἐστιν,
2624 4789 2743 4847 ἀλλ’
2785 4791 2847 4846 ἐκ
2874 4790 2970 4860 τῆς
3003 4785 3343 4853 ἀποϐάσεως.
3391 4783 3590 4857 Ἐδόθη
3641 4782 3736 4862 μὲν

2138 4877 2242 4957 γὰρ
2274 4881 2302 4937 ὃ
2333 4876 2489 4954 νόμος
2518 4876 2659 4937 ὥστε
2687 4880 2916 4954 μειῶσαι
2950 4875 3042 4935 καὶ
3076 4876 3280 4934 ἀνελεῖν
3310 4871 3408 4946 τὴν
3448 4873 3737 4953 ἁμαρτίανο

2140 4966 2295 5040 ἐξέϐη
2337 4966 2394 5026 δὲ
2441 4965 2777 5039 τούναντίον,
2817 4965 2905 5024 διὰ
2949 4964 3046 5038 τὴν
3095 4963 3358 5047 ῥᾳθυμίαν
3385 4965 3491 5022 τῶν
3538 4962 3740 5041 ἀνθρώ-

2137 5081 2290 5134 πων,
2336 5059 2395 5116 οὗ
2423 5056 2523 5128 τὴν
2573 5061 2666 5115 τοῦ
2714 5055 2876 5132 νόμου
2925 5052 3103 5137 φύσιν.
3135 5053 3294 5113 Ἐπεὶ
3323 5051 3380 5112 δὲ
3420 5051 3739 5113 ἐπλεόνασεν

2139 5150 2173 5220 ἡ
2207 5144 2446 5226 ἁμαρτία
2482 5143 2570 5205 διὰ
2610 5149 2702 5205 τοῦ
2744 5145 2939 5222 νόμου,
2990 5142 3079 5205 διὰ
3112 5150 3204 5204 τοῦ
3237 5144 3474 5224 Χριστοῦ
3511 5145 3548 5216 ἡ
3583 5142 3740 5225 χάρις

2138 5241 2230 5296 τοῦ
2283 5237 2424 5296 Θεοῦ
2491 5233 3030 5316 ὓπερεπερίσσευσεν,
3090 5235 3151 5294 οὗ
3231 5233 3388 5314 μόνον
3459 5232 3738 5314 ἁμαρτιῶν

2141 5324 2534 5401 ἀπαλλάξασα,
2591 5323 2731 5386 ἀλλὰ
2778 5325 2872 5386 καὶ
2912 5323 3279 5406 δικαιώσασα,
3325 5323 3417 5385 καὶ
3469 5321 3740 5407 οὐρανίους

1819 5633 2009 5693 Varia
2051 5632 2362 5698 lectiones.

504 5765 548 5802 ⁸³
573 5764 837 5840 avsoan
860 5782 942 5826 ω.
1016 5769 1062 5806 ⁸⁵
1086 5768 1247 5843 ἀρχῆς
1273 5787 1353 5832 m.
1429 5773 1475 5810 9°
1501 5773 1641 5849 λέγει
1662 5790 1719 5835 o.
1794 5775 1834 5811 ⁹¹
1861 5770 1951 5833 οὖν
1974 5792 2058 5835 m.

2134 5777 2180 5814 ⁹²
2204 5797 2342 5842 τινας
2369 5792 2424 5837 0.
