4150 6424
390 430 493 485 409

1306 420 1657 480 EXPOSITIO
1698 420 1765 475 IN
1806 415 2018 473 EPIST.
2058 414 2149 472 AD
2185 413 2354 470 ROM.
2394 442 2464 452 —
2501 410 2653 467 CAP.
2694 411 2713 465 ι
2768 449 2783 464 .

3592 406 3696 462 410

390 555 694 628 ποιήσασα,
722 553 814 613 καὶ
837 551 1193 625 υἱοθετήσασα
1221 552 1371 631 Θεῷ.
1395 549 1489 611 Διὸ
1517 551 1611 608 οὐκ
1632 535 1799 619 εἶπεν,
1820 545 1984 606 Ἐπε-

2105 556 2199 597 nos
2243 539 2299 596 in
2328 537 2468 594 ﬁlios
2510 535 2634 593 Dei.
2677 538 2971 607 Propterea
3011 546 3125 589 non
3153 531 3309 603 dixit,
3354 530 3692 599 Abundavit,

390 648 697 727 ρίσσευσεν,
744 645 864 703 ἀλλ’
901 665 931 702 (ι
970 641 1556 724 Ὑπερεπερίσσευσεν,
1588 660 1619 698 ι)
1673 638 1734 696 τὸ
1766 635 1987 717 ἄφθονον

389 738 554 808 αὐτῆς
585 737 760 810 δηλῶν
770 783 782 795 .

473 849 505 883 α
553 824 679 887 Ἵνα
729 824 911 909 ὥσπερ
966 824 1308 886 ἐϐασίλευσεν
1339 827 1374 895 ἡ
1405 819 1645 901 ἁμαρτία
1688 820 1742 878 ἐν
1779 820 1856 899 τῷ
1881 823 1986 909 θα-

388 914 563 998 νάτῳ,
605 914 745 976 οὕτω
794 906 894 976 καὶή
927 920 959 987 ἡ
990 915 1146 996 χάρις
1191 912 1485 993 βασιλεύσῃ
1535 911 1621 970 διὰ
1653 906 1989 980 δικαιοσύνης

391 1008 463 1074 εἰς
491 1004 630 1079 ζωὴν
665 1005 876 1065 αἰώνιον
916 1005 993 1068 θδ.
1032 1030 1064 1061 κ
1102 1003 1288 1066 Εἰπὼν
1312 1049 1328 1077 ,
1360 1001 1443 1060 ὅτι
1477 998 1987 1081 ὑπερεπερίσσευσεν

391 1102 427 1169 ἡ
454 1098 643 1178 χάρις,
697 1096 931 1157 δείκνυσι
978 1095 1070 1155 καὶ
1118 1093 1180 1153 τὸ
1224 1091 1439 1170 εὔλογον
1489 1096 1580 1150 τοῦ
1635 1088 1986 1178 πράγματος,

392 1184 479 1245 ἵνα
512 1185 586 1263 μὴ
616 1188 964 1264 ἆπιστῶμεν,
990 1184 1081 1245 καί
1111 1207 1303 1266 φησιν,
1332 1182 1412 1242 ὅτι
1449 1181 1545 1241 Ἐν
1574 1177 1721 1248 τάξει
1756 1177 1852 1256 μὲν
1887 1182 1986 1259 βα-

395 1275 582 1345 σιλέως
629 1281 664 1348 ἡ
717 1275 962 1356 ἁμαρτία
1003 1266 1104 1348 ἦν’
1162 1277 1190 1332 ὃ
1242 1271 1298 1333 δὲ
1345 1271 1599 1356 θάνατος’,
1659 1268 1988 1349 στρατιώτης

395 1368 485 1425 ὑπ’
546 1368 709 1439 αὐτῆς
757 1351 808 1405 Ἥ
843 1351 1337 1442 *καθοπλιζόμενοᾳ
1397 1364 1466 1424 Εἰ
1522 1351 1611 1422 οὖν
1658 1367 1689 1435 ἡ
1748 1359 1987 1439 ἁμαρτία

391 1456 732 1517 ἕϐασίλευσεν
761 1459 944 1533 ἡμῶν,
973 1446 1081 1515 οἶόν
1109 1478 1229 1515 τινα
1271 1453 1603 1536 στρατιώτην
1658 1450 1855 1532 ἔχουσα
1900 1448 1988 1509 τὸν

391 1547 654 1620 θάνατον,
714 1547 897 1625 πολλῷ
961 1548 1166 1624 μᾶλλον
1229 1548 1262 1617 ἡ
1319 1544 1477 1625 χάρις
1557 1540 1863 1623 βασιλεύσει
1935 1544 1988 1600 ἐν

391 1640 551 1711 ἡμῖν,
580 1637 887 1714 ἐπαγομένη
930 1636 1028 1708 τὴν
1078 1633 1458 1712 δικαιοσύνην,
1510 1633 1610 1705 τὴν
1651 1628 1990 1711 ἀναιρετικὴν

388 1731 485 1799 τῆς
515 1726 816 1809 ἁμαρτίας,
865 1724 957 1786 καὶ
987 1725 1076 1785 διὰ
1125 1730 1215 1785 τοῦ
1265 1729 1501 1805 ἀναιρεῖν
1532 1723 1628 1793 τὴν
1678 1721 1985 1803 ἁμαρτίαν,

2093 631 2210 701 sed,
2242 652 2270 681 ει
2300 624 2798 703 Superabundavit,
2834 648 2861 675 ››
2891 624 3113 697 copiam
3140 622 3314 697 ipsius
3340 621 3608 680 indicans.

2164 816 2339 871 Vnus.
2365 815 2453 868 21.
2490 835 2516 862 ι
2538 812 2620 868 Ut
2635 805 3111 884 quemadmodum
3132 812 3422 879 peccatum
3441 804 3695 878 regnavit

2092 904 2153 961 in
2204 911 2464 971 mortem,
2494 901 2573 958 sic
2603 909 2660 958 et
2707 899 2879 973 gratia
2924 904 3118 970 regnet
3167 911 3267 969 per
3319 894 3596 968 justitiam
3632 894 3695 951 in

2091 995 2263 1051 vitam
2315 1001 2603 1051 aeternam.
2660 1014 2687 1040 π
2747 991 2892 1047 Cum
2941 988 3177 1061 gratiam
3218 983 3699 1058 superabundasse

2093 1084 2343 1152 dixisset,
2424 1089 2703 1139 monstrat
2747 1094 2915 1152 porro
2979 1077 3061 1134 rei
3113 1074 3574 1142 convenientiam,
3629 1090 3701 1131 ne

2093 1174 2273 1231 simus
2307 1172 2598 1242 increduli,
2649 1169 2947 1244 inquiens:
2996 1166 3354 1240 Imperatoris
3396 1165 3520 1221 loco
3569 1180 3696 1237 pec-

2094 1273 2278 1321 catum
2308 1271 2446 1333 erat,
2489 1277 2646 1319 mors
2692 1276 2825 1317 vero
2869 1259 3029 1315 miles
3075 1257 3146 1314 ab
3174 1258 3293 1330 ipso
3340 1263 3605 1312 armatus.
3639 1255 3700 1311 Si

2094 1354 2264 1428 igitur
2292 1360 2577 1428 peccatum
2607 1351 2953 1408 dominatum
2985 1356 3071 1406 est
3104 1347 3285 1416 nobis,
3313 1345 3482 1402 veluti
3511 1360 3701 1416 quem-

2094 1444 2223 1501 dam
2252 1444 2488 1500 militem
2529 1441 2735 1499 habens
2770 1449 3036 1507 mortem,
3069 1438 3244 1495 multo
3298 1436 3474 1508 magis
3520 1435 3695 1508 gratia

2093 1533 2473 1591 dominabitur
2497 1531 2555 1589 in
2582 1531 2768 1601 nobis,
2781 1530 3063 1603 justitiam
3091 1527 3391 1589 adducens.
3422 1540 3549 1598 quae
3576 1539 3701 1597 pec-

2094 1632 2280 1681 catum
2307 1622 2505 1690 aufert,
2537 1638 2599 1678 ac
2633 1621 2796 1678 simul
2844 1618 2982 1676 dum
3009 1625 3295 1691 peccatum
3332 1616 3497 1683 tollit,
3542 1630 3698 1671 mor-

2095 1723 2210 1771 tem
2263 1713 2435 1770 etiam
2494 1710 2713 1779 adimit,
2773 1708 2945 1766 vitam
2987 1706 3225 1765 afferens
3277 1706 3693 1778 sempiternam.

391 1821 780 1896 συναναιροῦσα
807 1816 897 1876 τὸν
927 1814 1151 1876 θάνατον
1174 1860 1193 1893 ,
1223 1816 1314 1874 καὶ
1348 1814 1488 1888 ζωὴν
1523 1812 1815 1893 εἰσάγουσα
1856 1810 1981 1870 αἰώ-

2105 1802 2279 1861 Veluti
2324 1803 2492 1876 igitur
2518 1800 2812 1858 contrariae
2854 1799 3005 1855 inter
3046 1812 3168 1854 sese
3210 1802 3514 1869 pugnantes
3555 1794 3701 1851 acies

388 1930 519 1967 νιον.
581 1906 763 1967 Οἷονεὶ
814 1911 970 1987 νγοῦν
1028 1903 1444 1987 ἀντιπαράταξις
1525 1902 1742 1983 γέγονε,
1801 1902 1895 1962 καὶ
1952 1908 1987 1977 ἡ

392 1994 634 2077 ἁμαρτία
664 1995 761 2074 μὲν
791 1986 903 2077 εἶχε
932 1986 1269 2079 στρατιώτην
1310 1995 1400 2079 “rev
1430 1992 1659 2055 θάνατον
1677 2039 1694 2068 ,
1733 1997 1768 2066 ἡ
1803 1993 1857 2053 δὲ
1886 1991 1992 2074 χά-

395 2109 474 2167 ρις
506 2074 607 2159 τὴν
630 2074 1016 2160 δικαιοσύνην.-
1040 2087 1268 2146 Ἀνείλεν
1320 2074 1410 2144 οὖν
1459 2089 1495 2158 ἡ
1550 2082 1865 2157 δικαιοσύνη
1895 2082 1991 2155 τὴν

396 2175 647 2255 βασιλίδα
691 2175 996 2258 ἁμαρτίαν,
1044 2175 1139 2236 καὶ
1179 2174 1273 2235 σὺν
1303 2176 1443 2257 αὐτῇ
1491 2173 1582 2236 τὸν
1610 2172 1870 2256 θάνατον,
1902 2172 1993 2234 καὶ

391 2264 577 2326 λοιπὸν
598 2266 824 2349 εἰσήχθη
855 2263 967 2339 ζωὴ
996 2264 1227 2334 αἰώνιος.

1039 2411 1329 2474 meum.
1358 2409 1465 2488 ac".

481 2559 513 2594 ι
537 2535 612 2601 Τί
653 2528 744 2598 οὖν
772 2539 1022 2619 ἓροῦμεν;
1067 2537 1468 2615 Ἐπιμενοῧμεν
1591 2533 1862 2618 ἁμαρτίᾳ,
1902 2534 1994 2596 ἵνα

393 2636 430 2704 ἦ
460 2628 620 2711 χάρις
646 2627 954 2709 πλεονάσῃ;
1004 2627 1101 2702 Μὴ
1148 2628 1374 2707 γένοιτο.
1412 2625 1620 2694 Οἴτινες
1660 2627 1995 2704 ἀπεθάνομεν

395 2724 463 2799 1'1]
493 2717 733 2799 ἁμαρτίᾳ
759 2765 776 2791 ,
830 2723 947 2787 πῶς
990 2716 1071 2778 ἔτι
1114 2717 1344 2797 ζήσομεν
1406 2718 1457 2776 ἓν
1501 2719 1673 2799 αὖτῇ;
1700 2739 1729 2775 n
1773 2714 1994 2789 Ἐπειδὴ

397 2788 568 2889 diu),
595 2788 678 2870 ότι
701 2788 933 2871 ξδοπου
953 2788 1271 2870 ἐπλεόνασεν
1293 2812 1326 2880 ἡ
1351 2788 1635 2889 ἁμαρτία
1649 2788 1995 2887 ίδπερεπερίσ-

397 2888 582 2961 σευσεν
630 2902 666 2971 ἡ
694 2899 881 2981 χάρις,
937 2921 969 2959 α
994 2899 1125 2968 ἴσως
1158 2899 1221 2958 ἄν
1269 2922 1349 2967 τις
1392 2888 1536 2957 εἶπεν
1560 2942 1577 2971 ,
1623 2894 1704 2957 ὅτι
1736 2895 1833 2970 Μὴ
1867 2905 1994 2956 ἆπου

394 2994 605 3069 στῶμεν
651 2989 838 3050 λοιπὸν
887 2989 1323 3070 ἁμαρτάνοντες,
1370 2987 1458 3048 ἵνα
1504 2987 1704 3047 πλείων
1747 2993 1781 3061 ἡ
1837 2986 1995 3069 χάρις

392 3082 574 3163 δειχθῇ
600 3104 616 3119 ·
648 3102 805 3141 τουτο
833 3071 924 3140 οὖν
957 3080 1071 3140 λύει
1099 3127 1115 3159 ,
1149 3079 1318 3159 λέγων
1344 3080 1779 3159 ἄπαγορευτικῶς
1804 3099 1820 3115 ο
1848 3104 1872 3131 α
1896 3077 1990 3150 Μὴ

389 3170 613 3251 γίνοιτο.
675 3192 705 3228 ι
758 3165 943 3249 Ὅπερ
995 3168 1087 3229 ἐπὶ
1133 3173 1238 3251 τῷν
1288 3168 1496 3251 σφόδρα
1564 3165 1993 3245 ὡμολογημένων

396 3249 609 3322 άτόπων
660 3267 835 3319 ποιεῖν
881 3258 1083 3322 εἴωθεν.
1139 3249 1277 3321 Εἶτα
1308 3249 1402 3318 καὶ
1449 3255 1708 3336 λογισμὸν
1751 3262 1959 3329 τίθησιν
1981 3301 1997 3331 ,
2025 3252 2072 3318 C

395 3350 478 3411 ὅτι
524 3350 884 3427 Ἀπεθάνομεν
1049 3349 1317 3431 ἁμαρτίᾳ,
1362 3348 1450 3407 διὰ
1497 3351 1589 3407 τοῦ
1624 3345 1997 3427 βαπτίσματος

400 3441 572 3521 νεκροὶ
634 3439 769 3521 πρὸς
830 3437 998 3513 αὐτὴν
1040 3440 1361 3521 γενόμενοι,
1422 3436 1563 3497 ὥστε
1618 3436 1812 3515 μηκέτι
1891 3439 1999 3495 ὕπ-

405 3519 608 3591 ακούειν
636 3519 773 3605 αὖτῇ
796 3554 813 3570 ·
865 3532 982 3599 πῶς
1010 3519 1101 3589 οὖν
1154 3528 1231 3589 ἔτι
1281 3531 1509 3607 ζήσομεν
1556 3528 1611 3586 ἐν
1659 3529 1830 3609 αὐτῇ,
1858 3525 1999 3586 ὥστε

404 3619 589 3699 σχέσιν
634 3620 771 3700 ἔχειν
800 3618 933 3700 πρὸς
982 3619 1184 3699 αὐτὴν,
1215 3618 1309 3680 καὶ
1360 3616 1646 3677 ὑπακούειν
1679 3619 1845 3697 αὐτῇς
1895 3616 2001 3676 Ἐκ

404 3709 595 3769 τούτου
648 3709 1015 3787 μανθάνομεν,
1071 3708 1152 3769 ὅτι
1201 3718 1309 3777 πᾶς
1359 3707 1544 3775 πιστὸς
1581 3711 1860 3786 νεκροῦται
1905 3705 2002 3784 μὲν

402 3800 536 3880 πρὸς
575 3797 670 3872 τὴν
714 3798 986 3881 ἁμαρτίαν
1019 3797 1107 3858 διὰ
1154 3805 1249 3859 τοῦ
1300 3797 1708 3879 βαπτίσματος“
1764 3795 2005 3877 ρᾳθυμή-

404 3912 503 3958 σας
530 3886 620 3965 δὲ,
672 3889 828 3972 αὐτὸς
874 3889 1062 3949 ἑαυτὸν
1114 3891 1341 3972 ἀνιστᾷ,
1386 3887 1478 3948 καὶ
1522 3888 1769 3957 ζωοποιεῖ
1797 3887 1848 3924 9⁵
1876 3887 2007 3966 πρὸς

402 3979 598 4052 ταύτην
633 3970 781 4048 αὖθις
803 4025 820 4057 ,
860 3978 1002 4040 ὥστε
1055 3970 1424 4062 συμφύρεσθαι
1449 3977 1501 4015 ⁹⁶
1548 3979 1681 4059 αὐτῇ
1706 4002 1721 4017 ο
1766 3975 1949 4057 ὥσπερ
1977 3981 2006 4037 ὃ

401 4072 688 4139 σπουδαῖος
739 4066 825 4129 ἀεὶ
871 4069 969 4142 τὴν
1018 4069 1274 4152 νέκρωσιν
1319 4066 1521 4141 ταύτην
1575 4076 1821 4149 συντηρεῖ
1876 4070 2005 4127 ἑαυ-

405 4164 515 4243 τῷ,
558 4161 661 4221 κᾶν
714 4159 966 4243 μυριάκις
1010 4159 1268 4242 ἐπιτάττῃ
1299 4157 1474 4232 ἐκείνη
1496 4204 1515 4238 ,
1546 4158 1702 4228 αὐτὸς
1729 4163 1799 4228 ὡς
1826 4157 2009 4240 νεκρὸς

396 4254 499 4334 οὐχ
527 4249 815 4314 ὑπακούει.

486 4455 517 4492 α
546 4431 625 4495 Ἦ
656 4435 898 4512 ἀγνοεῖτε
922 4478 939 4510 ,
967 4432 1048 4492 ὅτι
1068 4431 1182 4492 ὅσοι
1205 4430 1610 4510 ἐϐαπτίσθημεν
1637 4433 1712 4499 εἷς
1744 4430 2002 4510 Χριστὸν,

401 4526 475 4593 εἷς
512 4523 601 4584 τὸν
634 4526 865 4584 θάνατον
912 4526 1074 4584 αὐτοῦ
1129 4521 1567 4598 ἐϐαπτίσθημεν;
1618 4521 2006 4602 Συνετάφημεν

400 4604 491 4674 οὖν
522 4617 671 4697 αὐτῷ
702 4612 794 4674 διὰ
836 4618 929 4673 τοῦ
961 4611 1337 4689 βαπτίσματος
1378 4614 1450 4680 εἷς
1492 4611 1583 4671 τὸν
1629 4596 1890 4673 θάνατον·
1912 4596 2007 4669 γῖνα
2037 4596 2087 4659 D

402 4704 583 4785 ὥσπερ
609 4703 812 4785 ἠγέρθη
844 4702 1077 4782 Χριστὸς
1108 4705 1169 4761 ἐκ
1215 4704 1417 4783 νεκρῶν
1460 4702 1548 4761 διὰ
1595 4705 1690 4774 τῆς
1731 4699 1884 4774 δόξης
1915 4706 2006 4760 τοῦ

408 4795 647 4875 Πατρὸς,
678 4792 820 4852 οὕτω
858 4791 949 4852 καὶ
986 4796 1143 4871 ἡμεῖς
1182 4794 1235 4851 ἐν
1282 4791 1556 4865 καινότητι
1595 4795 1731 4863 ζωῆς
1779 4814 2008 4871 περιπα-

405 4885 677 4962 τήσωμεν.
738 4905 769 4941 ι
856 4880 1268 4953 Κατασκευάζει
1343 4885 1457 4949 πῶς
1550 4884 1883 4958 ἀπεθάνομεν
1938 4885 2007 4961 τῇ

407 4974 675 5056 ἁμαρτίᾳ,
707 4972 802 5033 καί
847 4996 1009 5055 φησιν
1032 5021 1046 5043 ,
1079 4972 1160 5032 ὅτι
1215 4970 1320 5031 Διὰ
1359 4977 1451 5032 τοῦ
1484 4973 1876 5053 βαπτίσματος.
1914 4975 2010 5042 Εἷς

404 5064 495 5123 τὸν
540 5066 764 5123 θάνατον
808 5062 912 5143 γὰρ
955 5066 1050 5121 τοῦ
1091 5064 1332 5143 Χριστοῦ
1380 5062 1777 5139 ἐϐαπτίσθημεν
1809 5084 1825 5099 ·
1860 5084 2012 5121 τουτ-

404 5152 547 5213 έστιν
568 5197 586 5227 ,
619 5155 693 5222 εἷς
714 5153 779 5213 τὸ
808 5152 900 5212 καὶ
929 5151 1082 5212 αὐτοὶ
1104 5154 1416 5228 ἀποθανεῖν,
1441 5151 1625 5233 ὥσπερ
1655 5154 1873 5220 ἐκεῖνος.
1908 5151 2004 5222 Ὠς

404 5243 510 5325 γὰρ
535 5246 567 5304 ὁ
590 5242 817 5325 σταυρὸς
859 5242 952 5302 καὶ
980 5245 1009 5303 ὃ
1052 5242 1214 5324 τάφος
1261 5245 1338 5325 τῷ
1386 5245 1609 5324 Χριστῷ
1638 5241 1713 5316 9⁷,
1744 5241 1886 5302 οὕτω
1914 5243 2005 5304 καὶ

408 5334 535 5412 ἡμῖν
584 5333 647 5394 τὸ
690 5334 1006 5415 βάπτισμα,
1049 5334 1095 5392 εἶ
1133 5331 1225 5393 καὶ
1272 5331 1349 5411 μὴ
1379 5334 1468 5394 ἐπὶ
1515 5336 1621 5392 τῶν
1665 5333 1862 5397 αὐτῶν.
1898 5338 2008 5396 Αὖ-

408 5424 497 5493 τὸς
526 5422 625 5502 μὲν
671 5426 777 5508 γὰρ
809 5424 970 5505 σαρκὶ
1009 5423 1241 5486 ἀπέθανε
1262 5472 1276 5497 ,
1312 5423 1403 5484 καὶ
1453 5424 1650 5498 ἀνέστη
1673 5446 1687 5462 ·
1741 5428 1897 5504 ἡμεῖς
1949 5425 2004 5488 δι

410 5517 478 5596 τῇ
512 5514 754 5597 ἁμαρτίᾳ
804 5515 1145 5591 θνήσκοντες,
1193 5512 1525 5595 ἀνιστάμεθα
1680 5516 1844 5597 ἀρετῇ
1874 5539 1889 5552 ·
1916 5514 2007 5578 ἵνα

2099 1893 2532 1963 constituuntur,
2582 1898 2873 1964 peccatum
2933 1886 3159 1962 quidem
3210 1885 3447 1941 militem
3508 1882 3703 1940 habuit

2100 1991 2362 2051 mortem,
2403 1980 2581 2055 gratia
2630 1995 2760 2036 vero
2791 1976 3089 2052 justitiam.
3150 1973 3393 2031 Abstulit
3434 1971 3602 2046 igitur
3647 1981 3704 2029 et

2099 2072 2387 2130 interemit
2427 2070 2640 2145 justitia
2678 2070 3075 2142 imperatorem
3125 2071 3434 2139 peccatum,
3476 2078 3542 2119 ac
3590 2077 3703 2119 una

2101 2179 2234 2221 cum
2258 2164 2376 2235 ipso
2415 2169 2680 2232 mortem,
2726 2175 2792 2217 ac
2829 2159 2890 2215 in
2930 2165 3215 2231 posterum
3263 2153 3581 2212 introducta
3615 2160 3703 2209 est

2100 2252 2213 2311 vita
2240 2251 2599 2326 sempiterna.

2711 2415 2957 2473 CAPUT
2992 2416 3091 2472 VI.

2172 2555 2357 2611 Vsus.
2392 2558 2443 2621 1,
2474 2557 2529 2607 2.
2559 2574 2585 2601 ιι
2617 2548 2762 2622 Quid
2785 2564 2916 2621 ergo
2943 2546 3228 2604 dicemus?
3253 2543 3705 2603 Permanebimus

2102 2644 2160 2700 in
2190 2650 2441 2717 peccato,
2492 2649 2555 2698 ut
2581 2640 2754 2715 gratia
2793 2638 3092 2696 exuberet?
3121 2637 3302 2694 Absit.
3356 2634 3505 2709 Quid
3557 2634 3705 2689 enim

2103 2733 2314 2790 mortui
2359 2748 2556 2788 sumus
2582 2738 2828 2804 peccato,
2872 2726 3159 2800 quomodo
3197 2725 3305 2798 41
3342 2724 3524 2781 adhuc
3566 2723 3710 2779 vive-

2104 2840 2231 2880 mus
2255 2822 2316 2878 in
2332 2823 2485 2895 ipso?
2514 2840 2544 2874 ι)
2576 2821 2718 2892 Quia
2739 2818 2973 2888 dixerat,
2999 2836 3027 2870 (ι
3051 2816 3167 2874 Ubi
3196 2813 3494 2873 abundavit
3521 2829 3708 2886 pecca-

2103 2922 2243 2984 tum,
2272 2911 2759 2986 superexuberavit
2775 2909 2972 2982 gratia,
3003 2930 3030 2957 ν
3063 2906 3257 2980 aliquis
3291 2904 3478 2963 forsan
3506 2902 3709 2960 inferre

2103 3004 2373 3077 potuisset
2418 3023 2430 3059 :
2461 3002 2734 3074 Deinceps
2762 3015 2892 3072 ergo
2921 3014 3035 3054 non
3080 2997 3416 3054 desistamus
3449 3009 3704 3067 peccare,

2102 3103 2164 3151 ut
2198 3094 2373 3167 gratia
2402 3108 2468 3150 eo
2509 3092 2686 3165 major
2717 3090 3160 3157 demonstretur;
3193 3088 3337 3143 istuc
3366 3101 3498 3157 ergo
3527 3084 3707 3153 diluit,

2103 3184 2362 3257 inquiens
2389 3198 2485 3256 per
2518 3180 2936 3249 inﬁciationem,
2968 3177 3127 3236 Absit
3157 3194 3171 3231 :
3228 3175 3380 3249 quod
3421 3175 3478 3229 in
3522 3182 3711 3246 aperte

2103 3274 2351 3331 absurdis
2399 3271 2581 3329 facere
2626 3269 2926 3328 consuevit.
2974 3266 3189 3324 Deinde
3228 3263 3709 3323 ratiocinationem

2103 3363 2258 3437 ponit
2284 3382 2297 3419 :
2327 3362 2636 3437 Quoniam,
2666 3360 2865 3433 inquit,
2890 3358 3101 3415 mortui
3120 3372 3315 3413 sumus
3345 3362 3588 3428 peccato,
3614 3368 3713 3425 per

2103 3452 2381 3526 baptisma
2424 3450 2636 3508 mortui
2666 3465 2794 3523 erga
2838 3449 3022 3520 ipsum
3068 3445 3222 3516 facti,
3271 3453 3336 3502 ut
3383 3460 3499 3501 non
3544 3458 3712 3515 porro

2107 3544 2558 3615 obtemperemus
2584 3539 2663 3608 ei;
2693 3537 2975 3611 quomodo
3006 3536 3190 3593 adhuc
3234 3535 3484 3592 vivemus
3510 3533 3567 3589 in
3591 3533 3710 3601 illo,

2108 3633 2183 3689 ita
2233 3641 2298 3688 ut
2335 3630 2519 3688 affecti
2562 3629 2738 3686 simus
2784 3642 2911 3699 erga
2953 3626 3111 3696 illud,
3142 3626 3303 3697 eique
3348 3621 3713 3680 obediamus?

2112 3722 2257 3779 Hinc
2283 3720 2571 3787 discimus,
2590 3717 2738 3792 quod
2765 3715 2944 3773 omnis
2970 3730 3103 3771 sane
3130 3713 3308 3770 ﬁdelis
3335 3713 3404 3770 ad
3423 3718 3713 3785 peccatum

2111 3822 2369 3871 mortuus
2394 3820 2479 3868 est
2526 3826 2625 3884 per
2650 3808 2943 3881 baptisma.
2976 3807 3232 3879 Segniter
3281 3814 3468 3861 autem
3516 3818 3714 3875 agens,

2114 3903 2230 3976 ipse
2258 3901 2501 3975 seipsum
2528 3899 2748 3968 excitat,
2794 3906 2852 3955 et
2880 3896 3063 3954 denuo
3092 3894 3162 3953 ad
3199 3893 3334 3951 illud
3363 3891 3622 3961 viviﬁcat,
3652 3899 3718 3948 ut

2113 3992 2215 4067 ipsi
2260 3991 2688 4050 commisceatur
2729 4006 2745 4045 :
2792 3984 3269 4061 quemadmodum
3300 4000 3331 4041 e
3377 3983 3594 4040 diverso
3624 3997 3714 4038 se-

2113 4083 2276 4139 dulus
2305 4090 2359 4139 et
2381 4081 2685 4147 studiosus,
2717 4079 2863 4135 hanc
2891 4077 2995 4134 sibi
3023 4084 3265 4132 mortem
3293 4074 3380 4131 vel
3408 4072 3715 4129 mortiﬁca-

2113 4173 2330 4231 tionem
2373 4186 2662 4245 nunquam
2707 4185 2822 4225 non
2869 4168 3071 4224 retinet
3098 4174 3266 4239 atque
3295 4170 3609 4233 conservat,
3655 4169 3719 4219 ut

2114 4263 2335 4320 etiamsi
2361 4262 2483 4335 plus
2518 4259 2720 4317 millies
2760 4266 3048 4331 peccatum
3078 4256 3335 4330 imperet,
3365 4254 3485 4328 ipse
3530 4262 3716 4311 tamen

2114 4353 2281 4410 veluti
2312 4360 2570 4409 mortuus
2591 4367 2705 4407 non
2745 4348 3088 4421 obsequitur.

2186 4445 2361 4499 Vsus.
2392 4447 2449 4511 3,
2488 4446 2544 4498 4.
2581 4464 2607 4489 α
2650 4443 2741 4495 An
2779 4438 3042 4511 ignoratis
3076 4434 3226 4508 quod
3271 4436 3591 4507 quicunque
3618 4432 3717 4489 ba-

2115 4534 2301 4607 ptizati
2331 4548 2527 4589 sumus
2555 4531 2609 4587 in
2637 4529 2946 4597 Christum,
2976 4528 3033 4583 in
3058 4535 3298 4583 mortem
3330 4524 3505 4596 ipsius
3533 4523 3719 4595 bapti-

2117 4627 2221 4681 zati
2252 4627 2489 4680 sumus?
2529 4621 2849 4693 Consepulti
2895 4618 3059 4692 igitur
3088 4630 3282 4674 sumus
3328 4630 3424 4687 per
3452 4613 3720 4686 baptisma

2116 4715 2173 4771 in
2204 4722 2463 4782 mortem,
2494 4720 2555 4768 ut
2574 4709 2858 4784 quomodo
2884 4708 3132 4767 Christus
3162 4705 3400 4763 surrexit
3426 4720 3457 4760 a
3487 4703 3723 4759 mortuis

2116 4820 2216 4877 per
2250 4803 2485 4876 gloriam
2518 4801 2723 4871 Patris,
2754 4800 2835 4857 sic
2863 4808 2923 4856 et
2949 4814 3051 4855 nos
3080 4797 3141 4853 in
3169 4796 3418 4852 novitate
3446 4795 3574 4852 vitae
3600 4809 3720 4850 am~

2117 4895 2395 4951 bulemus.
2428 4914 2455 4941 ιι
2510 4889 2811 4961 Quomodo
2854 4896 3078 4962 peccato
3125 4885 3333 4943 mortui
3366 4885 3563 4955 simus,
3606 4884 3720 4957 jam

2117 4983 2336 5051 astruit,
2368 4985 2470 5039 Per
2509 4980 2802 5053 baptisma,
2838 4978 3109 5052 inquiens.
3162 4978 3228 5032 In
3275 4985 3522 5033 mortem
3576 4974 3722 5029 enim

2120 5073 2329 5131 Christi
2358 5070 2619 5145 baptizati
2663 5086 2880 5136 sumus,
2930 5068 3038 5125 hoc
3085 5074 3188 5135 est,
3229 5073 3293 5122 ut
3336 5073 3394 5121 et
3442 5079 3544 5120 nos
3584 5062 3725 5117 sicut

2112 5165 2204 5221 ille
2233 5161 2559 5219 moriamur.
2600 5161 2766 5232 Quod
2791 5160 2943 5216 enim
2981 5156 3199 5215 Christo
3239 5161 3324 5211 est
3366 5170 3502 5210 crux
3540 5160 3597 5208 et
3641 5166 3726 5207 se-

2113 5253 2392 5328 pulcrum,
2418 5252 2473 5309 id
2515 5251 2674 5308 nobis
2713 5258 2796 5307 est
2824 5247 3123 5322 baptisma,
3154 5244 3379 5302 etiamsi
3415 5242 3483 5299 ad
3530 5240 3723 5298 eadem

2114 5353 2415 5417 utrumque
2436 5358 2551 5399 non
2577 5340 2869 5415 pertineat.
2890 5342 3013 5411 Ipse
3032 5350 3270 5407 namque
3291 5348 3456 5390 carne
3473 5340 3727 5389 mortuus

2116 5443 2202 5493 est
2253 5443 2311 5491 et
2362 5432 2682 5502 resurrexit,
2731 5446 2837 5487 nos
2892 5437 3081 5486 autem
3127 5432 3353 5499 peccato
3421 5422 3726 5480 morientes

2116 5524 2461 5598 resurgimus
2503 5524 2702 5580 virtute
2745 5540 2760 5577 :
2812 5527 2876 5577 ut
2910 5541 2938 5569 σι
2969 5515 3132 5574 sicuti
3162 5513 3418 5573 Christus
3445 5530 3606 5571 carne
3634 5528 3724 5570 re-

485 5693 531 5769 οἳ
577 5693 783 5753 αἰώνιον
829 5693 916 5750 διὰ
967 5698 1059 5751 τοῦ
1116 5692 1287 5765 Ἰησοῦ
1330 5693 1509 5768 Κυρίου
1556 5694 1702 5769 ἡμῶν
1749 5604 1988 5754 ωγδῗῗθ

2105 5608 2332 5668 :tiones.

2105 5694 2163 5766 ὴν
2208 5712 2265 5756 0.
2340 5695 2386 5733 9⁵
2442 5694 2576 5758 ζωοῖ
2621 5707 2679 5750 0.
2752 5690 2799 5726 9°
2846 5689 3179 5762 συμφέρεσθαι
3225 5702 3305 5744 ω.
3382 5686 3426 5721 ⁹⁷
3478 5686 3568 5739 τοῦ
3616 5682 3730 5753 Χρι-

417 5768 535 5821 στοῦ
560 5781 616 5825 o.
