4150 6426
435 394 531 451 411
1398 389 1913 448 THEOPHYLACTI
1949 391 2308 451 BULGARI/E
2344 392 2660 452 ARCHIEP.

3633 395 3737 451 412

435 517 672 578 surrexit
717 534 750 576 a
777 517 1012 576 mortuis
1063 533 1162 591 per
1200 515 1431 590 gloriam
1463 517 1668 587 Patris,
1702 541 1726 568 ιι
1776 517 1882 576 hoc
1929 527 2030 588 est,

2153 541 2183 578 α
2216 519 2399 604 ὥσπερ
2420 524 2448 581 ὁ
2469 521 2699 604 Χριστὸς
2729 522 2924 597 ἀνέστη
2955 524 3015 584 ἐκ
3047 525 3246 606 νεκρῷν
3286 547 3413 605 σαρ
3432 521 3502 583 xl
3532 521 3618 582 διὰ
3647 524 3740 595 τῇς

436 626 534 684 per
589 610 874 684 propriam
915 609 1262 667 divinitatem
1307 614 1456 674 (nam
1509 609 1681 682 gloria
1729 609 1910 667 Patris
1952 618 2036 667 est

2145 610 2298 685 δόξης
2325 620 2415 674 τοῦ
2443 612 2684 695 Πατρὸς,
2715 635 2743 673 n
2773 613 3036 688 τουτέστι,
3072 615 3158 675 διὰ
3191 618 3286 686 τῇς
3314 613 3508 680 οἰκείας
3536 611 3740 686 θειότη-

437 701 656 772 Filius),
686 701 764 758 sic
814 709 868 758 et
903 715 1006 758 nos
1065 699 1168 756 alia
1213 699 1614 757 resurrectione
1650 716 2031 773 resurgamus,

441 807 583 849 nova
620 791 833 849 scilicet
853 789 1068 848 vivendi
1097 789 1340 847 ratione.
1369 790 1514 847 Cum
1543 789 1693 848 enim
1728 788 2034 848 fornicator

436 882 502 939 fit
528 890 863 956 temperans,
891 896 1019 938 ecce
1048 887 1288 937 mortem
1317 888 1374 937 et
1391 880 1877 950 resurrectionem,
1903 881 2032 939 vitio

437 973 493 1030 in
534 972 760 1030 homine
787 971 1082 1042 moriente,
1109 987 1173 1028 ac
1201 971 1404 1030 virtute
1447 979 1766 1045 resurgente
1806 979 1862 1029 et
1885 973 2030 1030 revi-

437 1063 695 1122 viscente.

506 1247 678 1302 Vens.
708 1249 767 1316 5,
804 1247 858 1300 6.
897 1265 922 1293 ι
946 1241 1002 1302 Si
1039 1241 1187 1300 enim
1211 1241 1575 1315 complantati
1621 1256 1818 1301 sumus
1844 1242 2033 1300 simili-

433 1335 611 1394 tudini
641 1334 845 1393 mortis
872 1334 1060 1408 ipsius,
1079 1334 1244 1391 simul
1272 1339 1328 1390 et
1346 1333 1761 1390 resurrectionis
1789 1333 2030 1392 erimus:

436 1426 543 1484 hoc
569 1426 822 1493 scientes,
851 1423 1004 1497 quod
1031 1432 1188 1481 vetus
1215 1431 1406 1481 noster
1433 1423 1605 1480 homo
1651 1423 1816 1481 simul
1853 1424 2032 1481 cruci-

435 1517 577 1574 ﬁxus
605 1524 710 1584 est,
739 1524 803 1572 ut
826 1513 1141 1572 destruatur
1167 1529 1372 1588 corpus
1401 1515 1635 1588 peccati,
1661 1521 1723 1570 ut
1751 1515 1892 1571 ultra
1917 1529 2032 1571 non

432 1608 736 1664 serviamus
759 1613 1003 1680 peccato.
1051 1628 1078 1655 ν
1108 1607 1234 1663 Non
1273 1604 1429 1677 dixit,
1461 1603 1614 1678 quod
1640 1604 2032 1663 Communica-

434 1697 674 1754 verimus
720 1695 1065 1753 similitudini
1109 1695 1305 1753 mortis
1340 1695 1480 1769 ejus,
1529 1711 1723 1753 verum
1777 1718 1804 1745 α
1864 1696 2032 1754 Com-

433 1786 661 1861 plantati
689 1803 903 1856 sumus,
933 1810 960 1838 ι»
994 1784 1346 1858 plantationis
1394 1785 1620 1844 nomine
1657 1785 1902 1844 fructum
1940 1785 2034 1856 qui

2143 725 2231 770 τος
2279 701 2331 742 9⁸
2383 703 2533 777 (δόξα
2576 703 2678 785 γὰρ
2723 710 2814 765 τοῦ
2858 704 3073 785 Πατρὸς
3117 708 3146 763 ὁ
3195 703 3405 786 Υἱός)’
3454 703 3593 765 οὕτω
3647 701 3739 762 καὶ

2143 795 2299 870 ἡμεῖς
2351 794 2538 875 ἑτέραν
2616 795 2906 856 ἀνάστασιν
2975 797 3327 872 ἀναστῶμεν,
3398 793 3497 868 τὴν
3551 790 3739 864 καινὴν

2142 883 2440 946 πολιτείαν.
2491 879 2670 946 Ὅταν
2733 884 2836 966 γὰρ
2885 889 2914 945 ὁ
2958 884 3149 968 πόρνος
3197 885 3416 965 γένηται
3465 883 3688 966 σώφρων
3715 929 3732 956 ,

2142 971 2254 1032 ἰδοὺ
2315 973 2539 1043 θάνατος
2605 974 2697 1035 καὶ
2749 975 3066 1050 ἀνάστασις,
3137 978 3234 1048 τῇς
3303 973 3498 1042 κακίας
3553 972 3738 1034 θανού-

2142 1086 2272 1137 σης,
2315 1063 2408 1124 καὶ
2447 1067 2544 1137 τῆς
2570 1067 2763 1148 ἀρετῆς
2815 1065 3122 1140 ἀναστάσης
3167 1064 3258 1126 καὶ
3316 1064 3494 1139 ζώσης
3552 1065 3606 1124 ἐν
3656 1064 3735 1145 τῷ

2142 1152 2425 1237 ἀνθρώπῳ.

2230 1268 2258 1303 α
2297 1247 2368 1306 Εἰ
2401 1245 2505 1326 γὰρ
2541 1244 2809 1326 σύμφυτοι
2855 1245 3143 1327 γεγόναμεν
3185 1248 3261 1326 τῷ
3300 1243 3600 1324 ὁμοιώματι
3641 1247 3736 1303 τοῦ

2141 1335 2370 1396 θανάτου
2418 1337 2614 1410 αὐτοῦ,
2662 1335 2801 1396 ἀλλὰ
2830 1335 2922 1395 καὶ
2956 1339 3052 1408 τῇς
3079 1335 3420 1403 ἀναστάσεως
3463 1333 3692 1411 ἐσόμεθα
3717 1352 3732 1367 ⁸

2140 1432 2292 1487 τοῦτο
2339 1424 2712 1504 γινώσκοντες,
2754 1425 2836 1486 ὅτι
2890 1429 2918 1485 ὁ
2969 1425 3195 1493 παλαιὸς
3248 1428 3402 1502 ἡμῶν
3461 1424 3732 1505 ἄνθρωπος

2143 1515 2581 1595 συνεσταυρώθη,
2631 1514 2719 1576 ἵνα
2766 1520 3079 1598 καταργηθῇ
3129 1515 3190 1575 τὸ
3221 1517 3382 1590 σῶμα
3415 1517 3512 1586 τῇς
3551 1515 3732 1591 ἁμαρ-

2140 1605 2280 1683 τίας,
2315 1610 2410 1668 τοῦ
2442 1606 2632 1684 μηκέτι
2659 1604 2920 1667 δουλεύειν
2961 1610 3109 1685 ἡμᾶς
3253 1603 3514 1686 ἁμαρτίᾳ.
3547 1629 3574 1655 ι
3622 1603 3739 1663 Οὔκ

2142 1687 2320 1767 εἶπεν,
2350 1696 2431 1755 ὅτι
2460 1695 2930 1774 Ἐκοινωνήσαμεν
2969 1701 3048 1778 τῷ
3090 1694 3396 1774 ὁμοιώματι
3433 1697 3524 1754 τοῦ
3573 1690 3740 1751 θανά-

2140 1809 2231 1846 του
2267 1790 2463 1860 αὖτοῦ,
2497 1785 2668 1861 ἀλλὰ,
2728 1811 2760 1843 α
2799 1785 3081 1868 Σύμφυτοι
3111 1785 3439 1866 γεγόναμεν,
3479 1807 3508 1842 )›
3544 1784 3622 1864 τῷ
3646 1785 3742 1854 τῆς

431 1893 498 1934 ex
525 1893 589 1935 ea
634 1876 888 1951 provenit
909 1875 1265 1934 adumbrans.
1285 1877 1500 1950 Corpus
1537 1878 1686 1933 enim
1719 1875 1942 1933 Domini
1973 1877 2033 1932 in

2145 1875 2354 1958 φυτείας
2401 1875 2622 1954 ὀνόματι
2665 1875 2755 1936 τὸν
2799 1880 2859 1937 ἐκ
2905 1875 3105 1948 ταύτης
3134 1875 3338 1956 καρπὸν
3389 1873 3742 1949 αἰνιξάμενος.

431 1977 577 2026 terra
607 1968 884 2043 sepultum
912 1967 1102 2025 salutis
1128 1967 1367 2024 fructum
1397 1966 1644 2040 protulit.
1676 1966 1822 2038 Quia
1846 1974 2032 2023 autem

433 2076 540 2118 nos
567 2060 624 2117 in
654 2075 820 2132 aqua,
847 2059 936 2116 ille
977 2073 1107 2114 vero
1145 2057 1202 2114 in
1241 2064 1391 2114 terra
1419 2057 1666 2130 sepultus
1701 2064 1807 2126 est,
1839 2065 1894 2114 et
1929 2073 2036 2114 nos

434 2151 661 2226 quidem
711 2148 893 2222 quoad
955 2154 1266 2219 peccatum,
1328 2146 1421 2204 ille
1469 2162 1601 2204 vero
1647 2154 1916 2220 quatenus
1964 2146 2037 2204 ad

435 2255 669 2314 corpus;
720 2239 928 2295 idcirco
976 2253 1089 2293 non
1135 2236 1301 2306 dixit,
1333 2237 1523 2308 Morti,
1571 2237 1668 2294 sed
1703 2260 1728 2288 ι
1767 2236 2037 2295 Similitu-

435 2331 548 2388 dini
589 2329 807 2386 mortis.
839 2347 867 2382 ι)
914 2326 1153 2384 Proinde
1199 2335 1253 2384 et
1292 2327 1714 2386 resurrectionis
1753 2335 2038 2385 consortes

436 2421 666 2490 erimus,
698 2419 825 2476 vitae
871 2426 1092 2476 aeterna:
1127 2417 1504 2476 haereditatem
1549 2418 1876 2492 possessuri,
1907 2434 2036 2492 pro-

435 2519 621 2586 pterea
649 2510 802 2584 quod
825 2525 952 2568 eam
978 2523 1102 2583 qua:
1129 2507 1184 2565 in
1234 2508 1345 2582 42
1376 2507 1639 2583 operibus
1689 2509 1849 2566 bonis
1902 2524 2036 2565 con-

432 2601 574 2660 sistit
591 2601 1057 2659 resurrectionem
1075 2599 1230 2673 prius
1252 2599 1786 2672 repraesentavimus.
1812 2598 2036 2656 Etenim

436 2715 463 2743 α
493 2701 650 2750 vetus
671 2699 865 2750 noster
891 2691 1089 2761 homo,
1127 2714 1150 2740 ο
1184 2691 1240 2748 id
1263 2698 1368 2761 est,
1396 2691 1628 2759 malitia,
1663 2713 1689 2739 α
1723 2690 1893 2747 simul
1915 2706 2036 2748 cru-

431 2782 632 2840 ciﬁxus
660 2790 762 2852 est,
797 2805 824 2832 ao
857 2780 964 2838 hoc
995 2789 1099 2850 est,
1131 2780 1356 2856 perinde
1397 2788 1459 2837 ut
1494 2796 1694 2853 corpus
1722 2781 1952 2845 Christi,
1981 2780 2035 2836 in

435 2873 768 2946 baptismate
793 2872 1039 2944 sepultus
1067 2878 1168 2941 est,
1206 2892 1233 2921 α
1266 2878 1328 2927 ut
1357 2871 1646 2928 aboleatur
1672 2885 1875 2943 corpus
1903 2885 2037 2943 pec-

434 2965 564 3032 cati,
592 2981 622 3016 »
661 2962 716 3019 id
746 2970 849 3030 est,
897 2961 1012 3017 sive
1055 2960 1253 3018 vitium
1281 2976 1349 3016 ex
1386 2960 1551 3017 variis
1593 2959 1847 3034 partibus
1882 2975 2036 3016 com-

433 3056 677 3130 positum
716 3069 780 3110 ac
817 3061 1083 3127 tanquam
1123 3053 1179 3109 in
1230 3067 1408 3109 unum
1459 3067 1659 3125 corpus
1702 3051 2034 3121 coalescens,

435 3146 549 3204 sive
579 3159 778 3217 corpus
808 3152 1066 3201 nostrum
1095 3141 1167 3199 ad
1197 3141 1542 3215 peccandum
1577 3141 1814 3214 proclive
1846 3159 1859 3197 :
1903 3157 2040 3212 pro-

436 3242 623 3308 pterea
644 3233 829 3302 infert,
861 3255 887 3282 οι
913 3235 996 3290 Ut
1017 3249 1133 3290 non
1158 3233 1303 3290 ultra
1325 3231 1694 3288 inserviamus
1721 3238 1969 3305 peccato.
2008 3254 2032 3281 υ

434 3325 578 3382 Volo
620 3325 796 3392 enim,
827 3323 1028 3397 inquit,
1071 3323 1257 3396 ipsum
1285 3337 1404 3380 esse
1455 3330 1761 3392 mortuum,
1813 3337 1926 3379 non
1976 3329 2038 3378 ut

437 3414 776 3484 destruatur,
807 3413 903 3472 sed
944 3430 1014 3472 ne
1059 3421 1264 3487 peccet.

507 3507 684 3562 Vsus.
713 3512 766 3562 7.
795 3528 820 3554 ι
851 3505 960 3576 Qui
988 3505 1142 3561 enim
1168 3511 1424 3560 mortuus
1459 3510 1568 3573 est,
1593 3501 1925 3576 justiﬁcatus
1952 3511 2038 3560 est

437 3612 467 3652 a
497 3605 740 3669 peccato.
771 3619 796 3645 υ
827 3598 911 3652 De
938 3594 1190 3669 quolibet
1215 3593 1444 3651 homine
1467 3593 1572 3651 hoc
1608 3593 1688 3650 ait
1717 3613 1730 3650 :
1763 3591 2038 3664 Quemad-

436 3685 673 3743 modum
717 3708 743 3736 α
779 3684 874 3760 qui
915 3685 1022 3741 vita
1068 3683 1287 3742 functus
1332 3692 1435 3754 est,
1476 3683 1811 3757 justiticatus
1870 3691 1955 3742 est
2003 3699 2036 3741 a

438 3784 685 3850 peccato,
728 3799 754 3825 »
810 3775 918 3833 hoc
957 3783 1062 3845 est,
1093 3775 1377 3832 absolutus
1423 3782 1528 3840 est,
1576 3773 1840 3832 liberatus
1883 3782 1966 3831 est
2019 3792 2034 3831 :

439 3868 513 3924 ita
558 3873 614 3924 et
659 3874 721 3924 tu
773 3865 864 3940 qui
907 3865 1215 3940 baptizatus
1271 3872 1329 3923 et
1390 3873 1650 3924 mortuus
1691 3880 1750 3922 es
1791 3874 2034 3940 peccato,

439 3965 698 4015 mortuus
723 3963 779 4013 et
806 3972 1106 4029 persevera.

514 4049 671 4103 νει-ε.
703 4051 860 4104 8-11.
907 4046 1008 4101 «Si
1037 4053 1223 4102 autem
1263 4045 1469 4102 mortui
1500 4060 1693 4102 sumus
1717 4061 1847 4102 cum
1885 4043 2042 4102 Chri-

443 4145 551 4206 sto,
594 4135 872 4192 credimus
899 4135 1048 4208 quod
1097 4143 1153 4191 et
1180 4135 1346 4191 simul
1397 4137 1648 4193 vivemus
1681 4150 1810 4190 cum
1851 4135 1966 4207 ipso
2021 4151 2035 4190 :

441 4225 681 4282 scientes
709 4223 860 4297 quod
901 4224 1150 4280 Christus
1191 4239 1482 4297 resurgens
1511 4242 1542 4281 a
1571 4224 1827 4292 mortuis,
1875 4239 2040 4296 porro

444 4332 559 4373 non
589 4315 858 4383 moritur;
889 4329 1043 4371 mors
1066 4313 1147 4371 illi
1169 4314 1311 4370 ultra
1331 4329 1446 4370 non
1461 4313 1856 4371 dominabitur.
1879 4314 2041 4384 Quod

447 4406 591 4463 enim
629 4412 886 4462 mortuus
927 4413 1031 4473 est,
1079 4412 1303 4477 peccato
1350 4413 1605 4461 mortuus
1661 4412 1744 4461 est
1798 4404 1966 4461 semel
2023 4424 2035 4461 :

2141 1966 2326 2049 Ταφὲν
2363 1965 2466 2048 γὰρ
2507 1966 2566 2026 τὸ
2597 1967 2757 2044 σῶμα
2785 1970 2880 2026 τοῦ
2927 1965 3128 2047 Κυρίου
3172 1967 3227 2024 ἐν
3272 1969 3340 2046 τῇ
3387 1969 3488 2044 γῇ,
3526 1959 3736 2042 καρπὸν

2141 2056 2403 2138 σωτηρίας
2451 2055 2690 2133 ἤνεγκεν.
2748 2056 2974 2129 Ἐπειδὴ
3028 2057 3084 2118 δὲ
3130 2059 3286 2132 ἡμεῖς
3336 2054 3433 2132 μὲν
3468 2055 3521 2114 ἐν
3554 2051 3741 2124 ὕδατι,

2141 2147 2340 2216 ἐκεῖνος
2371 2147 2426 2206 δὲ
2459 2149 2512 2206 ἐν
2668 2149 2738 2226 γῇ
2769 2146 2938 2226 ἐτάφη
2965 2167 2980 2182 ⁵
3013 2146 3105 2206 καὶ
3129 2149 3286 2223 ἡμεῖς
3324 2143 3420 2219 μὲν
3557 2142 3743 2227 ἁμαρ-

2142 2237 2256 2318 τία,
2293 2239 2488 2305 ἐκεῖνος
2541 2237 2596 2298 δὲ
2647 2241 2725 2316 τῷ
2779 2235 2992 2314 σώματι
3017 2260 3030 2274 ο
3082 2222 3180 2294 ait
3219 2241 3376 2296 τοῦτο
3433 2222 3530 2294 οὐκ
3581 2222 3738 2306 εἷπε,

2141 2331 2238 2408 Τῷ
2267 2328 2512 2410 θανάτῳ,
2551 2325 2728 2406 ἀλλὰ,
2761 2348 2789 2384 ι(
2823 2327 2922 2410 Τᾉῷ
2959 2325 3261 2404 ὁμοιώματι
3289 2331 3382 2385 τοῦ
3417 2323 3670 2385 θανάτου.
3704 2345 3735 2378 ιι

2146 2407 2256 2478 Καὶ
2305 2420 2400 2489 τῇς
2445 2407 2788 2484 ἀναστάσεως
2835 2407 2927 2475 οὗν
2978 2415 3222 2476 κοινωνοὶ
3273 2414 3531 2494 ἐσόμεθα,
3597 2411 3740 2486 ζωὴν

2149 2506 2360 2568 αἰώνιον
2404 2509 2498 2566 καὶ
2522 2505 2693 2584 εαῦτοὶ
2743 2507 3232 2587 κληρονομοῦντες,
3289 2505 3376 2566 διὰ
3418 2508 3511 2565 τοῦ
3555 2501 3652 2576 τὴν
3689 2505 3744 2563 ἐν

2144 2601 2252 2665 τοῖς
2305 2598 2522 2675 ἀγαθοῖς
2554 2596 2727 2678 ἔργοις
2774 2593 3069 2657 ἀνάστασιν
3114 2594 3497 2665 ἐπιδείξασθαι.
3561 2617 3593 2650 α
3637 2593 3745 2655 Καὶ

2143 2685 2248 2769 γὰρ
2276 2689 2304 2746 ὁ
2329 2686 2555 2756 παλαιὸς
2582 2689 2737 2765 ἡμῶν
2767 2684 3043 2766 ἄνθρωπος
3062 2730 3078 2758 ,
3124 2684 3425 2762 τουτέστιν,
3465 2689 3498 2757 ἡ
3533 2682 3699 2744 κακία
3721 2727 3738 2755 ,

2145 2776 2584 2852 συνεσταυρώθη,
2617 2801 2649 2836 ιι
2688 2774 2998 2854 τουτέστιν,
3038 2775 3232 2853 ὁμοίως
3274 2779 3351 2854 τῷ
3391 2773 3606 2852 σώματι
3646 2779 3738 2834 τοῦ

2144 2871 2419 2948 Χριστοῦ,
2451 2868 2504 2926 έν
2532 2869 2610 2948 τῷ
2643 2865 2980 2945 βαπτίσματι
3002 2865 3172 2948 ἐτάφη
3191 2909 3209 2938 ,
3247 2889 3278 2922 α
3309 2865 3399 2924 ἵνα
3421 2865 3742 2947 καταργηθῇ

2145 2955 2205 3016 τὸ
2238 2961 2400 3034 σῶμα
2427 2960 2523 3028 τῇς
2543 2955 2837 3038 ἁμαρτίας,
2872 2980 2903 3012 n
2943 2953 3245 3028 τουτέστιν,
3275 2955 3397 3029 ἤτοι
3425 2959 3461 3028 ἡ
3495 2954 3600 3015 ἀπὸ
3629 2956 3745 3014 δια·-

2146 3045 2319 3130 φόρων
2361 3050 2537 3129 μερῶν
2571 3045 2895 3127 συγκειμένη
2924 3047 3117 3122 κακία,
3155 3045 3248 3106 καὶ
3277 3044 3462 3126 ὥσπερ
3483 3043 3540 3104 ἓν
3581 3049 3740 3122 σῶμα

2146 3126 2280 3198 diﬁcia
2310 3126 2493 3212 99'7,i
2522 3136 2613 3196 καὶ
2641 3126 2702 3197 τὸ
2731 3138 2889 3215 σῶμα
2929 3138 3086 3214 ἡμῶν
3117 3135 3178 3196 τὸ
3220 3134 3608 3217 ἁμαρτητικόν.
3646 3133 3742 3196 Διὸ

2073 3266 2118 3332 C
2151 3225 2390 3332 ἐπιφέρει
2420 3249 2434 3263 ·
2454 3315 2468 3332 Ι
2495 3250 2526 3283 α
2555 3229 2668 3289 Τοῦ
2713 3227 2907 3332 μηκέτι
2951 3227 3224 3332 δουλεύειν
3256 3231 3416 3332 α’ἡμᾶς
3457 3224 3739 3332 τῇὶἁμαρ-

2147 3305 2266 3398 τίᾳ.
2294 3305 2324 3376 »ἑ
2364 3315 2639 3388 Βούλομαι
2671 3315 2808 3396 γὰρ,
2839 3315 3035 3398 φησὶν,
3073 3315 3202 3376 αὐτὸ
3237 3305 3373 3376 εἶναι
3407 3305 3614 3396 νεκρὸν,
3645 3315 3746 3396 οὔχ

2141 3406 2230 3467 ἵνα
2262 3409 2562 3487 ἀφανισθῇ,
2594 3407 2714 3465 ἀλλ’
2735 3403 2822 3464 ἵνα
2852 3405 2928 3484 μὴ
2959 3405 3270 3486 ἁμαρτάνῃ.

2230 3520 2263 3553 α
2293 3495 2363 3558 Ὁ
2409 3495 2514 3578 γὰρ
2563 3495 2850 3556 ἀποθανὼν
2899 3496 3240 3557 δεδικαίωται
3291 3494 3399 3555 ἀπὸ
3427 3497 3523 3570 τῇς
3563 3493 3742 3576 ἁμαρ-

2143 3585 2276 3657 τίας.
2326 3611 2358 3644 n
2420 3585 2556 3667 Περὶ
2609 3587 2807 3663 παντὸς
2868 3586 3148 3669 ἀνθρώπου
3209 3585 3364 3647 τοῦτό
3417 3608 3616 3668 φησιν,
3664 3583 3746 3646 ὅτι

2142 3676 2363 3760 Ὠσπερ
2384 3705 2410 3730 κ
2442 3682 2470 3739 ὁ
2487 3676 2767 3739 ἀποθανὼν
2792 3676 3133 3738 δεδικαίωται
3155 3677 3263 3738 ἀπὸ
3286 3680 3384 3750 τῇς
3408 3675 3675 3759 ἁμαρτίας
3709 3697 3738 3734 n

2144 3768 2445 3844 τουτέστιν,
2495 3766 2856 3842 ἀπολέλυται,
2905 3766 3271 3848 ἠλευθέρωται
3298 3790 3313 3806 ’
3364 3765 3503 3826 οὕτω
3559 3764 3746 3827 καὶσὺ

2143 3863 2172 3920 ὁ
2226 3857 2571 3941 βαπτισθεὶς,
2642 3857 2736 3917 καὶ
2801 3857 3078 3940 νεκρωθεὶς
3285 3855 3559 3939 ἁμαρτίᾳ,
3620 3856 3746 3935 μένε

2145 3951 2346 4017 νεκρός.

2237 3973 2365 4099 Ξοὲἶ
2395 4035 2450 4096 δὲ
2496 4035 2829 4112 ἀπεθάνομεν
2881 4033 2975 4095 σὺν
3026 4035 3282 4116 Χριστῷ,
3315 4031 3638 4111 πιστεύομεν
3669 4034 3752 4096 ὅτι

2146 4127 2239 4190 καὶ
2282 4125 2579 4204 συζήσομεν
2634 4126 2820 4206 αὐτῷ’
2851 4123 3060 4193 εἰδότες
3111 4122 3194 4184 ὅτι
3249 4121 3480 4204 Χριστὸς
3525 4123 3754 4204 ἐγερθεὶς

2147 4219 2207 4277 ἐκ
2235 4220 2434 4295 νεκρῶν
2457 4263 2474 4293 ,
2515 4215 2694 4274 οὐκέτι
2717 4213 3040 4287 ἀποθνήσκει
3070 4237 3084 4252 ο
3113 4211 3338 4282 θάνατος
3367 4215 3530 4272 αὐτοῦ
3573 4210 3750 4273 οὐκέτι

2148 4305 2399 4390 κυριεύει.
2427 4304 2506 4367 εὉ
2543 4303 2645 4385 γὰρ
2674 4303 2924 4378 ἀπέθανε,
2952 4308 3021 4385 τῇ
3049 4303 3288 4386 ἁμαρτία
3321 4304 3581 4363 ἀπέθανεν
3612 4301 3750 4384 ἐφά-

2148 4396 2253 4468 παξ
2284 4415 2298 4430 ⁸
2332 4395 2360 4457 ὃ
2391 4395 2447 4456 δὲ
2477 4399 2573 4478 ζῇ,
2609 4397 2673 4477 ζῇ
2712 4398 2788 4478 τῷ
2823 4393 3175 4478 Θεῷ.ρῦτω
3213 4395 3306 4455 καὶ
3351 4397 3499 4473 ὑμεῖς
3540 4393 3750 4474 λογίζε-

448 4495 598 4570 quod
627 4503 815 4553 autem
839 4495 994 4562 vivit,
1024 4474 1160 4551 vivit
1197 4496 1329 4552 Deo.
1379 4495 1468 4552 Sic
1512 4503 1569 4552 et
1598 4509 1698 4552 vos
1728 4495 2037 4551 existimate

2157 4493 2282 4566 σθε,
2325 4474 2540 4553 ἑαυτοὺς
2584 4474 2798 4570 νεκροῦς
2839 4474 2935 4563 μὲν
2969 4474 3106 4545 εἶναι
3143 4490 3210 4566 τῇ
3264 4483 3525 4566 ἁμαρτίᾳ,
3557 4487 3756 4555 ζῶντας

447 4603 546 4644 vos
571 4594 824 4644 mortuos
869 4585 1095 4660 quidem
1137 4600 1258 4642 esse
1300 4592 1547 4658 peccato,
1575 4585 1818 4642 viventes
1851 4593 2042 4642 autem

445 4681 588 4746 Deo,
618 4677 677 4733 in
714 4675 930 4734 Christo
977 4679 1110 4732 Jesu
1143 4675 1383 4732 Domino
1425 4683 1638 4732 nostro.
1683 4697 1711 4725 ιο
1762 4675 2044 4732 Reiterare

451 4765 601 4824 idem
627 4765 862 4835 videtur,
893 4773 951 4822 at
1000 4780 1155 4822 secus
1199 4780 1259 4822 se
1303 4781 1394 4822 res
1441 4764 1626 4823 habet.
1681 4767 1857 4840 Supra
1896 4765 2046 4824 enim

451 4855 692 4925 dicebat,
723 4854 870 4929 quod
899 4862 1180 4928 oporteret
1201 4869 1302 4912 nos
1330 4863 1554 4928 peccato
1579 4847 1794 4928 semper
1819 4871 2044 4913 manere

445 4953 706 5002 mortuos
738 4963 751 5000 :
783 4960 932 5002 nunc
962 4953 1147 5002 autem
1188 4944 1352 5002 verba
1387 4943 1519 5001 facit
1545 4945 1614 5002 de
1642 4945 2048 5002 resurrectione

451 5050 615 5094 novae
644 5036 790 5105 vitae,
821 5050 992 5108 quam
1021 5035 1324 5092 secundum
1351 5037 1534 5092 Deum
1561 5051 1668 5092 nos
1709 5051 1925 5108 semper
1948 5035 2048 5092 ba-

452 5127 584 5183 bere
626 5125 901 5183 convenit.
933 5125 989 5182 Si
1027 5125 1178 5182 enim
1223 5126 1428 5182 mortui
1459 5141 1651 5183 sumus
1677 5141 1807 5182 cum
1837 5124 2052 5183 Christo

457 5231 554 5290 per
603 5215 900 5289 baptisma,
951 5215 1228 5273 credimus
1271 5214 1420 5288 quod
1469 5224 1524 5272 et
1565 5214 2050 5284 resurrectionem,

2157 4577 2211 4639 δὲ
2242 4582 2319 4660 τῷ
2363 4579 2491 4659 Θεῷ
2535 4578 2589 4636 ἐν
2629 4578 2856 4658 Χριστῷ
2905 4574 3088 4649 Ἰησοῦ
3142 4578 3220 4658 τῷ
3269 4575 3455 4656 Κυρίῳ
3504 4576 3682 4654 ἡμῶν.
3714 4597 3743 4633 ι)

2154 4671 2314 4731 Δοκεῖ
2343 4668 2718 4747 παλιλλογεῖν,
2763 4667 2882 4726 ἀλλ’
2917 4666 3012 4726 οὐκ
3055 4664 3189 4727 ἔστι.
3231 4664 3344 4726 Καὶ
3370 4663 3474 4746 γὰρ
3502 4664 3756 4744 ἀνωτέρω

2157 4759 2292 4837 μὲν,
2341 4756 2464 4838 περὶ
2523 4761 2612 4817 τοῦ
2681 4754 2764 4814 ἀεὶ
2822 4755 2929 4816 δεῖν
2983 4754 3199 4835 νεκροὺς
3257 4753 3436 4830 μένειν
3489 4758 3634 4832 ἡμᾶς

2158 4845 2428 4929 ἁμαρτίᾳ,
2478 4845 2623 4926 ἔλεγε
2656 4869 2670 4884 ο
2703 4849 2796 4905 νῦν
2828 4844 2920 4919 δὲ,
2950 4848 3074 4925 περὶ
3103 4848 3195 4904 τοῦ
3232 4843 3316 4903 ἀεὶ
3344 4841 3486 4922 ἔχειν
3535 4847 3586 4900 ἐν
3625 4846 3759 4904 ἑαυ-

2157 4946 2265 5005 τοῖς
2291 4933 2386 5008 τὴν
2422 4935 2712 4995 ἀνάστασιν
2743 4939 2838 5008 τῆς
2868 4933 3008 4994 κατὰ
3045 4933 3186 4994 Θεὸν
3222 4931 3514 5000 πολιτείας.
3549 4935 3618 4992 Εἰ
3649 4931 3753 5013 γὰρ

2161 5025 2490 5103 ἀπεθάνομεν
2522 5023 2617 5084 σὺν
2650 5026 2870 5106 Χριστῷ
2918 5021 3007 5082 διὰ
3052 5028 3145 5084 τοῦ
3191 5021 3607 5103 βαπτίσματος,
3658 5045 3754 5081 πι-

2163 5115 2418 5197 στεύομεν
2435 5164 2458 5190 ,
2490 5115 2571 5175 ὅτι
2596 5113 2689 5176 καὶ
2734 5113 2832 5189 τὴν
2874 5117 2926 5174 ἓν
2975 5112 3248 5187 καινότητι
3291 5116 3429 5186 ζωῆς
3459 5112 3756 5173 ἀνάστασιν

2163 5208 2345 5286 ἕξομεν
2403 5205 2486 5268 ἀεὶ
2537 5209 2813 5289 παροῦσαν
2865 5207 3018 5283 ἡμῖν.
3109 5202 3220 5266 Καὶ
3277 5203 3380 5286 γὰρ
3438 5206 3467 5264 ὁ
3523 5203 3760 5285 Χριστὸς

455 5321 580 5381 qua
605 5307 663 5363 in
711 5306 953 5364 novitate
1002 5307 1131 5363 vitae
1174 5305 1442 5374 consistit,
1489 5305 1868 5362 obtinebimus
1910 5306 2037 5379 aput

2165 5299 2423 5380 ἐγερθεὶς,
2475 5296 2558 5359 ἀεὶ
2590 5299 2689 5376 ζῇ,
2744 5295 2922 5356 οὐκέτι
2975 5293 3353 5369 ἀποθνήσκων.
3411 5293 3523 5356 Καὶ
3585 5295 3758 5354 ἐκεῖνο

454 5412 559 5453 nos
583 5412 799 5471 semper
821 5405 1164 5455 manentem.
1206 5400 1350 5455 Nam
1395 5405 1451 5454 et
1478 5396 1726 5454 Christus
1761 5397 2054 5466 excitatus,

457 5487 515 5543 in
538 5488 872 5560 sempiterna
908 5488 1108 5547 saecula
1135 5487 1285 5558 vivit,
1309 5504 1422 5545 non
1461 5487 1697 5562 amplius
1733 5487 2055 5546 moriturus.

2164 5387 2302 5469 γὰρ,
2349 5415 2375 5444 ε
2417 5386 2492 5448 *Ο
2541 5386 2804 5461 ἀπέθανε,
2971 5385 3213 5468 ἁμαρτία
3245 5385 3514 5459 ἀπέθανε,
3547 5409 3573 5437 ι
3612 5386 3758 5445 τοῦτ’

2167 5481 2318 5551 ἔστι,
2376 5478 2464 5540 διὰ
2502 5476 2598 5552 τὴν
2657 5476 2926 5561 ἁμαρτίαν
2983 5475 3080 5551 τὴν
3140 5475 3450 5559 ἡμετέραν,
3507 5475 3600 5536 καὶ
3657 5474 3759 5554 οὐχ

1850 5624 2047 5685 Variae
2086 5624 2389 5684 lectiones.

533 5731 578 5766 99
607 5732 840 5801 θεότητος
867 5749 943 5791 m.
1021 5735 1105 5770 "9-7
1129 5737 1366 5810 γινομένη
1395 5751 1477 5794 m.
