  <div class='ocr_page' id='page_1' title='image "/cluster/home/n/w/nwhite01/storage/ocr_20150623/124:no.2/coo.31924054870294/214.png"; bbox 0 0 4150 6418; ppageno 0'>
   <div class='ocr_carea' id='block_1_1' title="bbox 417 361 522 415">
    <p class='ocr_par' dir='ltr' id='par_1_1' title="bbox 417 361 522 415">
     <span class='ocr_line' id='line_1_1' title="bbox 417 361 522 415; baseline 0 0"><span class='ocrx_word' id='word_1_1' title='bbox 417 361 522 415; x_wconf 77' lang='grc'><strong>413</strong></span> 
     </span>
    </p>
   </div>
   <div class='ocr_carea' id='block_1_2' title="bbox 1325 358 2808 420">
    <p class='ocr_par' dir='ltr' id='par_1_2' title="bbox 1325 358 2808 420">
     <span class='ocr_line' id='line_1_2' title="bbox 1325 358 2808 420; baseline -0.002 -3"><span class='ocrx_word' id='word_1_2' title='bbox 1325 359 1680 420; x_wconf 85' lang='lat' dir='ltr'><strong>EXPOSITIO</strong></span> <span class='ocrx_word' id='word_1_3' title='bbox 1717 363 1784 419; x_wconf 87' lang='lat' dir='ltr'><strong>IN</strong></span> <span class='ocrx_word' id='word_1_4' title='bbox 1823 359 2030 418; x_wconf 85' lang='lat' dir='ltr'><strong>EPIST.</strong></span> <span class='ocrx_word' id='word_1_5' title='bbox 2071 360 2166 416; x_wconf 81' lang='lat' dir='ltr'><strong>AD</strong></span> <span class='ocrx_word' id='word_1_6' title='bbox 2211 358 2378 417; x_wconf 80' lang='lat' dir='ltr'><strong>ROM.</strong></span> <span class='ocrx_word' id='word_1_7' title='bbox 2419 390 2492 402; x_wconf 94' lang='lat'>—</span> <span class='ocrx_word' id='word_1_8' title='bbox 2530 361 2683 418; x_wconf 83' lang='lat' dir='ltr'><strong>CAP.</strong></span> <span class='ocrx_word' id='word_1_9' title='bbox 2723 363 2808 418; x_wconf 81' lang='lat' dir='ltr'><strong>iV.</strong></span> 
     </span>
    </p>
   </div>
   <div class='ocr_carea' id='block_1_3' title="bbox 3625 363 3728 419">
    <p class='ocr_par' dir='ltr' id='par_1_3' title="bbox 3625 363 3728 419">
     <span class='ocr_line' id='line_1_3' title="bbox 3625 363 3728 419; baseline 0 0"><span class='ocrx_word' id='word_1_10' title='bbox 3625 363 3728 419; x_wconf 74' lang='grc'><strong>414</strong></span> 
     </span>
    </p>
   </div>
   <div class='ocr_carea' id='block_1_4' title="bbox 413 484 1995 572">
    <p class='ocr_par' dir='ltr' id='par_1_4' title="bbox 413 484 1995 572">
     <span class='ocr_line' id='line_1_4' title="bbox 413 484 1995 572; baseline 0.001 -26"><span class='ocrx_word' id='word_1_11' title='bbox 413 484 697 556; x_wconf 79' lang='grc' dir='ltr'>ὑπεύθυνος</span> <span class='ocrx_word' id='word_1_12' title='bbox 727 485 803 548; x_wconf 78' lang='grc' dir='ltr'><strong>ὢν</strong></span> <span class='ocrx_word' id='word_1_13' title='bbox 831 489 908 568; x_wconf 84' lang='grc' dir='ltr'><strong>τῷ</strong></span> <span class='ocrx_word' id='word_1_14' title='bbox 940 485 1172 570; x_wconf 81' lang='grc' dir='ltr'>θανάτῴ.</span> <span class='ocrx_word' id='word_1_15' title='bbox 1205 515 1230 541; x_wconf 79' lang='grc' dir='ltr'><strong>ιι</strong></span> <span class='ocrx_word' id='word_1_16' title='bbox 1262 486 1340 549; x_wconf 68' lang='grc'>⁸0</span> <span class='ocrx_word' id='word_1_17' title='bbox 1373 487 1427 549; x_wconf 81' lang='grc' dir='ltr'>δὲ</span> <span class='ocrx_word' id='word_1_18' title='bbox 1451 491 1516 572; x_wconf 80' lang='grc' dir='ltr'>ζῇ</span> <span class='ocrx_word' id='word_1_19' title='bbox 1536 537 1552 565; x_wconf 96' lang='grc'><strong>,</strong></span> <span class='ocrx_word' id='word_1_20' title='bbox 1582 494 1646 572; x_wconf 83' lang='grc' dir='ltr'>ζῇ</span> <span class='ocrx_word' id='word_1_21' title='bbox 1676 493 1754 572; x_wconf 90' lang='grc' dir='ltr'><strong>τῷ</strong></span> <span class='ocrx_word' id='word_1_22' title='bbox 1787 491 1914 571; x_wconf 88' lang='grc' dir='ltr'><strong>Θεῷ</strong></span> <span class='ocrx_word' id='word_1_23' title='bbox 1937 513 1950 526; x_wconf 87' lang='grc'><strong>·</strong></span> <span class='ocrx_word' id='word_1_24' title='bbox 1983 515 1995 540; x_wconf 78' lang='grc' dir='ltr'><strong>ι</strong></span> 
     </span>
    </p>
   </div>
   <div class='ocr_carea' id='block_1_5' title="bbox 2104 484 3727 572">
    <p class='ocr_par' dir='ltr' id='par_1_5' title="bbox 2125 487 3727 563">
     <span class='ocr_line' id='line_1_5' title="bbox 2125 487 3727 563; baseline 0.002 -20"><span class='ocrx_word' id='word_1_25' title='bbox 2125 487 2347 543; x_wconf 87' lang='lat' dir='ltr'><strong>Etenim</strong></span> <span class='ocrx_word' id='word_1_26' title='bbox 2387 487 2552 556; x_wconf 91' lang='lat' dir='ltr'><strong>illud,</strong></span> <span class='ocrx_word' id='word_1_27' title='bbox 2587 511 2613 537; x_wconf 70' lang='grc' dir='ltr'>ει</span> <span class='ocrx_word' id='word_1_28' title='bbox 2637 487 2799 558; x_wconf 86' lang='lat' dir='ltr'><strong>Quod</strong></span> <span class='ocrx_word' id='word_1_29' title='bbox 2819 494 3072 548; x_wconf 91' lang='lat' dir='ltr'><strong>mortuus</strong></span> <span class='ocrx_word' id='word_1_30' title='bbox 3099 496 3212 560; x_wconf 92' lang='lat' dir='ltr'><strong>est,</strong></span> <span class='ocrx_word' id='word_1_31' title='bbox 3232 495 3453 563; x_wconf 88' lang='lat' dir='ltr'><strong>peccato</strong></span> <span class='ocrx_word' id='word_1_32' title='bbox 3475 496 3727 546; x_wconf 88' lang='lat' dir='ltr'><strong>mortuus</strong></span> 
     </span>
    </p>
   </div>
   <div class='ocr_carea' id='block_1_6' title="bbox 411 575 2008 662">
    <p class='ocr_par' dir='ltr' id='par_1_6' title="bbox 411 575 2008 662">
     <span class='ocr_line' id='line_1_6' title="bbox 411 575 2008 662; baseline 0.002 -26"><span class='ocrx_word' id='word_1_33' title='bbox 411 575 692 654; x_wconf 80' lang='grc' dir='ltr'><strong>τουτέστι,</strong></span> <span class='ocrx_word' id='word_1_34' title='bbox 735 581 802 660; x_wconf 79' lang='grc' dir='ltr'><strong>τῇ</strong></span> <span class='ocrx_word' id='word_1_35' title='bbox 849 577 966 661; x_wconf 89' lang='grc' dir='ltr'>θείᾳ</span> <span class='ocrx_word' id='word_1_36' title='bbox 1003 577 1244 658; x_wconf 81' lang='grc' dir='ltr'>δυνάμει.</span> <span class='ocrx_word' id='word_1_37' title='bbox 1292 582 1372 660; x_wconf 82' lang='grc' dir='ltr'><strong>Ζῇ</strong></span> <span class='ocrx_word' id='word_1_38' title='bbox 1403 579 1505 662; x_wconf 64' lang='grc' dir='ltr'>γὶιρ</span> <span class='ocrx_word' id='word_1_39' title='bbox 1546 581 1630 640; x_wconf 82' lang='grc' dir='ltr'>ἀεὶ</span> <span class='ocrx_word' id='word_1_40' title='bbox 1659 583 1712 640; x_wconf 79' lang='grc' dir='ltr'>ἐν</span> <span class='ocrx_word' id='word_1_41' title='bbox 1741 584 1810 660; x_wconf 80' lang='grc' dir='ltr'><strong>τῇ</strong></span> <span class='ocrx_word' id='word_1_42' title='bbox 1844 579 2008 640; x_wconf 86' lang='grc' dir='ltr'>δυνά-</span> 
     </span>
    </p>
   </div>
   <div class='ocr_carea' id='block_1_7' title="bbox 412 668 2010 753">
    <p class='ocr_par' dir='ltr' id='par_1_7' title="bbox 412 668 2010 753">
     <span class='ocr_line' id='line_1_7' title="bbox 412 668 2010 753; baseline 0.001 -25"><span class='ocrx_word' id='word_1_43' title='bbox 412 692 503 746; x_wconf 88' lang='grc' dir='ltr'><strong>μει</strong></span> <span class='ocrx_word' id='word_1_44' title='bbox 548 673 640 728; x_wconf 92' lang='grc' dir='ltr'><strong>τοῦ</strong></span> <span class='ocrx_word' id='word_1_45' title='bbox 684 669 830 730; x_wconf 90' lang='grc' dir='ltr'>Θεοῦ</span> <span class='ocrx_word' id='word_1_46' title='bbox 875 671 967 729; x_wconf 75' lang='grc' dir='ltr'>καὶ</span> <span class='ocrx_word' id='word_1_47' title='bbox 997 668 1236 750; x_wconf 84' lang='grc' dir='ltr'>Πατρός.</span> <span class='ocrx_word' id='word_1_48' title='bbox 1289 669 1517 745; x_wconf 81' lang='grc' dir='ltr'>Ἐπειδὴ</span> <span class='ocrx_word' id='word_1_49' title='bbox 1549 673 1605 731; x_wconf 82' lang='grc' dir='ltr'>δὲ</span> <span class='ocrx_word' id='word_1_50' title='bbox 1642 669 1882 753; x_wconf 88' lang='grc' dir='ltr'>δεύτερον</span> <span class='ocrx_word' id='word_1_51' title='bbox 1914 672 2010 731; x_wconf 83' lang='grc' dir='ltr'><strong>οὐκ</strong></span> 
     </span>
    </p>
   </div>
   <div class='ocr_carea' id='block_1_8' title="bbox 412 757 2009 842">
    <p class='ocr_par' dir='ltr' id='par_1_8' title="bbox 412 757 2009 842">
     <span class='ocr_line' id='line_1_8' title="bbox 412 757 2009 842; baseline 0.003 -26"><span class='ocrx_word' id='word_1_52' title='bbox 412 757 733 831; x_wconf 80' lang='grc' dir='ltr'><strong>ἀποθνήσκει</strong></span> <span class='ocrx_word' id='word_1_53' title='bbox 795 758 1063 840; x_wconf 77' lang='grc' dir='ltr'>Χριστὸς,</span> <span class='ocrx_word' id='word_1_54' title='bbox 1119 760 1236 820; x_wconf 75' lang='grc' dir='ltr'>οὐδὲ</span> <span class='ocrx_word' id='word_1_55' title='bbox 1287 764 1444 841; x_wconf 82' lang='grc' dir='ltr'>ἡμεῖς</span> <span class='ocrx_word' id='word_1_56' title='bbox 1499 760 1737 842; x_wconf 86' lang='grc' dir='ltr'>δεύτερον</span> <span class='ocrx_word' id='word_1_57' title='bbox 1787 761 2009 822; x_wconf 87' lang='grc' dir='ltr'>θάνατον</span> 
     </span>
    </p>
   </div>
   <div class='ocr_carea' id='block_1_9' title="bbox 410 848 2010 933">
    <p class='ocr_par' dir='ltr' id='par_1_9' title="bbox 410 848 2010 933">
     <span class='ocr_line' id='line_1_9' title="bbox 410 848 2010 933; baseline 0.002 -25"><span class='ocrx_word' id='word_1_58' title='bbox 410 849 500 908; x_wconf 79' lang='grc' dir='ltr'><strong>διὰ</strong></span> <span class='ocrx_word' id='word_1_59' title='bbox 557 848 738 932; x_wconf 77' lang='grc' dir='ltr'>ἑτέρου</span> <span class='ocrx_word' id='word_1_60' title='bbox 798 850 1173 931; x_wconf 81' lang='grc' dir='ltr'><strong>βαπτίσματος</strong></span> <span class='ocrx_word' id='word_1_61' title='bbox 1224 850 1444 933; x_wconf 82' lang='grc' dir='ltr'>ἔχομεν.</span> <span class='ocrx_word' id='word_1_62' title='bbox 1511 851 1777 931; x_wconf 87' lang='grc' dir='ltr'>Μένωμεν</span> <span class='ocrx_word' id='word_1_63' title='bbox 1835 851 2010 913; x_wconf 82' lang='grc' dir='ltr'>τοίνυν</span> 
     </span>
    </p>
   </div>
   <div class='ocr_carea' id='block_1_10' title="bbox 410 938 2010 1024">
    <p class='ocr_par' dir='ltr' id='par_1_10' title="bbox 410 938 2010 1024">
     <span class='ocr_line' id='line_1_10' title="bbox 410 938 2010 1024; baseline 0.003 -27"><span class='ocrx_word' id='word_1_64' title='bbox 410 938 633 999; x_wconf 77' lang='grc' dir='ltr'>ἐπὶτῶν</span> <span class='ocrx_word' id='word_1_65' title='bbox 678 939 984 1024; x_wconf 79' lang='grc' dir='ltr'><strong>προτέρων,</strong></span> <span class='ocrx_word' id='word_1_66' title='bbox 1027 940 1302 1020; x_wconf 75' lang='grc' dir='ltr'>τουτέστι,</span> <span class='ocrx_word' id='word_1_67' title='bbox 1359 946 1452 1003; x_wconf 92' lang='grc' dir='ltr'><strong>τοῦ</strong></span> <span class='ocrx_word' id='word_1_68' title='bbox 1499 943 1727 1004; x_wconf 87' lang='grc' dir='ltr'>θανάτου</span> <span class='ocrx_word' id='word_1_69' title='bbox 1777 943 1874 1022; x_wconf 81' lang='grc' dir='ltr'>μὲν</span> <span class='ocrx_word' id='word_1_70' title='bbox 1914 948 2010 1018; x_wconf 75' lang='grc' dir='ltr'><strong>τῆς</strong></span> 
     </span>
    </p>
   </div>
   <div class='ocr_carea' id='block_1_11' title="bbox 409 1029 2009 1114">
    <p class='ocr_par' dir='ltr' id='par_1_11' title="bbox 409 1029 2009 1114">
     <span class='ocr_line' id='line_1_11' title="bbox 409 1029 2009 1114; baseline 0.004 -26"><span class='ocrx_word' id='word_1_71' title='bbox 409 1029 696 1110; x_wconf 76' lang='grc' dir='ltr'>ἁμαρτίας,</span> <span class='ocrx_word' id='word_1_72' title='bbox 729 1031 1075 1100; x_wconf 78' lang='grc' dir='ltr'>ἀναστάσεως</span> <span class='ocrx_word' id='word_1_73' title='bbox 1108 1031 1164 1091; x_wconf 78' lang='grc' dir='ltr'>δὲ</span> <span class='ocrx_word' id='word_1_74' title='bbox 1191 1038 1287 1092; x_wconf 90' lang='grc' dir='ltr'><strong>τοῦ</strong></span> <span class='ocrx_word' id='word_1_75' title='bbox 1313 1032 1454 1094; x_wconf 78' lang='grc' dir='ltr'>κατὰ</span> <span class='ocrx_word' id='word_1_76' title='bbox 1479 1034 1615 1095; x_wconf 80' lang='grc' dir='ltr'>Θεὸν</span> <span class='ocrx_word' id='word_1_77' title='bbox 1647 1033 1784 1114; x_wconf 86' lang='grc' dir='ltr'>βίου.</span> <span class='ocrx_word' id='word_1_78' title='bbox 1833 1036 2009 1095; x_wconf 91' lang='grc' dir='ltr'>Τοῦτο</span> 
     </span>
    </p>
   </div>
   <div class='ocr_carea' id='block_1_12' title="bbox 409 1120 2009 1207">
    <p class='ocr_par' dir='ltr' id='par_1_12' title="bbox 409 1120 2009 1207">
     <span class='ocr_line' id='line_1_12' title="bbox 409 1120 2009 1207; baseline 0.004 -27"><span class='ocrx_word' id='word_1_79' title='bbox 409 1120 464 1180; x_wconf 82' lang='grc' dir='ltr'>δὲ</span> <span class='ocrx_word' id='word_1_80' title='bbox 521 1120 801 1200; x_wconf 80' lang='grc' dir='ltr'>γενήσεται</span> <span class='ocrx_word' id='word_1_81' title='bbox 851 1126 1011 1201; x_wconf 82' lang='grc' dir='ltr'>ἡμῖν,</span> <span class='ocrx_word' id='word_1_82' title='bbox 1055 1150 1079 1178; x_wconf 77' lang='grc' dir='ltr'><strong>ιι</strong></span> <span class='ocrx_word' id='word_1_83' title='bbox 1108 1121 1206 1184; x_wconf 89' lang='grc' dir='ltr'>Ἐν</span> <span class='ocrx_word' id='word_1_84' title='bbox 1257 1125 1482 1207; x_wconf 82' lang='grc' dir='ltr'>Χριστῷ</span> <span class='ocrx_word' id='word_1_85' title='bbox 1521 1123 1741 1199; x_wconf 87' lang='grc' dir='ltr'>Ἰησοῦ,</span> <span class='ocrx_word' id='word_1_86' title='bbox 1775 1152 1801 1177; x_wconf 78' lang='grc' dir='ltr'><strong>ιι</strong></span> <span class='ocrx_word' id='word_1_87' title='bbox 1848 1148 2009 1186; x_wconf 89' lang='grc' dir='ltr'>τουτ-</span> 
     </span>
    </p>
   </div>
   <div class='ocr_carea' id='block_1_13' title="bbox 410 1209 2009 1298">
    <p class='ocr_par' dir='ltr' id='par_1_13' title="bbox 410 1209 2009 1298">
     <span class='ocr_line' id='line_1_13' title="bbox 410 1209 2009 1298; baseline 0.004 -29"><span class='ocrx_word' id='word_1_88' title='bbox 410 1209 590 1287; x_wconf 85' lang='grc' dir='ltr'>έστιν,</span> <span class='ocrx_word' id='word_1_89' title='bbox 643 1214 696 1271; x_wconf 82' lang='grc' dir='ltr'><strong>ἐν</strong></span> <span class='ocrx_word' id='word_1_90' title='bbox 746 1217 814 1295; x_wconf 83' lang='grc' dir='ltr'><strong>τῇ</strong></span> <span class='ocrx_word' id='word_1_91' title='bbox 870 1212 1157 1295; x_wconf 76' lang='grc' dir='ltr'><strong>συμμαχίᾳ</strong></span> <span class='ocrx_word' id='word_1_92' title='bbox 1216 1213 1443 1278; x_wconf 79' lang='grc' dir='ltr'>ἐκείνου.</span> <span class='ocrx_word' id='word_1_93' title='bbox 1507 1213 1578 1276; x_wconf 70' lang='grc' dir='ltr'><strong>Ὀ</strong></span> <span class='ocrx_word' id='word_1_94' title='bbox 1641 1215 1746 1296; x_wconf 78' lang='grc' dir='ltr'>γὰρ</span> <span class='ocrx_word' id='word_1_95' title='bbox 1795 1215 2009 1298; x_wconf 81' lang='grc' dir='ltr'>νεκροὺς</span> 
     </span>
    </p>
   </div>
   <div class='ocr_carea' id='block_1_14' title="bbox 410 1299 2006 1390">
    <p class='ocr_par' dir='ltr' id='par_1_14' title="bbox 410 1299 2006 1390">
     <span class='ocr_line' id='line_1_14' title="bbox 410 1299 2006 1390; baseline 0.004 -31"><span class='ocrx_word' id='word_1_96' title='bbox 410 1299 562 1369; x_wconf 84' lang='grc' dir='ltr'>ὄντας</span> <span class='ocrx_word' id='word_1_97' title='bbox 606 1301 940 1380; x_wconf 86' lang='grc' dir='ltr'>ἀναστήσας,</span> <span class='ocrx_word' id='word_1_98' title='bbox 984 1307 1168 1388; x_wconf 89' lang='grc' dir='ltr'>πολλῷ</span> <span class='ocrx_word' id='word_1_99' title='bbox 1211 1306 1414 1384; x_wconf 82' lang='grc' dir='ltr'>μᾶλλον</span> <span class='ocrx_word' id='word_1_100' title='bbox 1465 1307 1667 1376; x_wconf 79' lang='grc' dir='ltr'>ζῶντας</span> <span class='ocrx_word' id='word_1_101' title='bbox 1711 1307 1765 1366; x_wconf 84' lang='grc' dir='ltr'>ἐν</span> <span class='ocrx_word' id='word_1_102' title='bbox 1796 1312 1862 1390; x_wconf 82' lang='grc' dir='ltr'><strong>τῇ</strong></span> <span class='ocrx_word' id='word_1_103' title='bbox 1897 1310 2006 1389; x_wconf 82' lang='grc' dir='ltr'>ζωῇ</span> 
     </span>
    </p>
   </div>
   <div class='ocr_carea' id='block_1_15' title="bbox 406 1391 747 1471">
    <p class='ocr_par' dir='ltr' id='par_1_15' title="bbox 406 1391 747 1471">
     <span class='ocr_line' id='line_1_15' title="bbox 406 1391 747 1471; baseline 0.009 -21"><span class='ocrx_word' id='word_1_104' title='bbox 406 1391 723 1471; x_wconf 86' lang='grc' dir='ltr'>συντηρήσει</span> <span class='ocrx_word' id='word_1_105' title='bbox 733 1439 747 1454; x_wconf 94' lang='grc'><strong>.</strong></span> 
     </span>
    </p>
   </div>
   <div class='ocr_carea' id='block_1_16' title="bbox 487 1651 2006 1744">
    <p class='ocr_par' dir='ltr' id='par_1_16' title="bbox 487 1651 2006 1744">
     <span class='ocr_line' id='line_1_16' title="bbox 487 1651 2006 1744; baseline 0.002 -24"><span class='ocrx_word' id='word_1_106' title='bbox 487 1687 512 1711; x_wconf 74' lang='grc' dir='ltr'><strong>ε</strong></span> <span class='ocrx_word' id='word_1_107' title='bbox 560 1657 658 1732; x_wconf 73' lang='grc' dir='ltr'><strong>Μὴ</strong></span> <span class='ocrx_word' id='word_1_108' title='bbox 705 1651 793 1719; x_wconf 71' lang='grc' dir='ltr'><strong>οῦν</strong></span> <span class='ocrx_word' id='word_1_109' title='bbox 839 1659 1166 1742; x_wconf 77' lang='grc' dir='ltr'>βασιλευέτω</span> <span class='ocrx_word' id='word_1_110' title='bbox 1227 1665 1260 1733; x_wconf 85' lang='grc' dir='ltr'>ἡ</span> <span class='ocrx_word' id='word_1_111' title='bbox 1310 1660 1550 1742; x_wconf 74' lang='grc' dir='ltr'>ἁμαρτία</span> <span class='ocrx_word' id='word_1_112' title='bbox 1606 1662 1659 1720; x_wconf 77' lang='grc' dir='ltr'><strong>ἐν</strong></span> <span class='ocrx_word' id='word_1_113' title='bbox 1705 1663 1784 1744; x_wconf 88' lang='grc' dir='ltr'><strong>τῷ</strong></span> <span class='ocrx_word' id='word_1_114' title='bbox 1833 1665 2006 1744; x_wconf 80' lang='grc' dir='ltr'>θνητῷ</span> 
     </span>
    </p>
   </div>
   <div class='ocr_carea' id='block_1_17' title="bbox 401 1749 2004 1834">
    <p class='ocr_par' dir='ltr' id='par_1_17' title="bbox 401 1749 2004 1834">
     <span class='ocr_line' id='line_1_17' title="bbox 401 1749 2004 1834; baseline 0.004 -26"><span class='ocrx_word' id='word_1_115' title='bbox 401 1751 557 1828; x_wconf 82' lang='grc' dir='ltr'>ὓμῷν</span> <span class='ocrx_word' id='word_1_116' title='bbox 593 1749 846 1829; x_wconf 85' lang='grc' dir='ltr'>σώματι,</span> <span class='ocrx_word' id='word_1_117' title='bbox 900 1753 974 1821; x_wconf 77' lang='grc' dir='ltr'>εἷς</span> <span class='ocrx_word' id='word_1_118' title='bbox 1006 1751 1068 1811; x_wconf 76' lang='grc' dir='ltr'><strong>τὸ</strong></span> <span class='ocrx_word' id='word_1_119' title='bbox 1097 1751 1380 1811; x_wconf 78' lang='grc' dir='ltr'>ὑπακούειν</span> <span class='ocrx_word' id='word_1_120' title='bbox 1437 1753 1572 1834; x_wconf 77' lang='grc' dir='ltr'>αὐτῇ</span> <span class='ocrx_word' id='word_1_121' title='bbox 1626 1753 1679 1811; x_wconf 81' lang='grc' dir='ltr'>ἐν</span> <span class='ocrx_word' id='word_1_122' title='bbox 1717 1753 1834 1820; x_wconf 87' lang='grc' dir='ltr'>ταῖς</span> <span class='ocrx_word' id='word_1_123' title='bbox 1881 1755 2004 1814; x_wconf 83' lang='grc' dir='ltr'>ἐπι-</span> 
     </span>
    </p>
   </div>
   <div class='ocr_carea' id='block_1_18' title="bbox 2121 577 3726 652">
    <p class='ocr_par' dir='ltr' id='par_1_18' title="bbox 2121 577 3726 652">
     <span class='ocr_line' id='line_1_18' title="bbox 2121 577 3726 652; baseline 0 -16"><span class='ocrx_word' id='word_1_124' title='bbox 2121 587 2234 648; x_wconf 87' lang='lat' dir='ltr'><strong>est,</strong></span> <span class='ocrx_word' id='word_1_125' title='bbox 2267 601 2292 628; x_wconf 75' lang='grc' dir='ltr'><strong>υ</strong></span> <span class='ocrx_word' id='word_1_126' title='bbox 2322 577 2428 635; x_wconf 94' lang='lat' dir='ltr'><strong>hoc</strong></span> <span class='ocrx_word' id='word_1_127' title='bbox 2447 586 2562 648; x_wconf 90' lang='lat' dir='ltr'><strong>est,</strong></span> <span class='ocrx_word' id='word_1_128' title='bbox 2592 587 2818 652; x_wconf 82' lang='lat' dir='ltr'><strong>propter</strong></span> <span class='ocrx_word' id='word_1_129' title='bbox 2843 588 3128 651; x_wconf 89' lang='lat' dir='ltr'><strong>peccatum</strong></span> <span class='ocrx_word' id='word_1_130' title='bbox 3152 588 3431 648; x_wconf 87' lang='lat' dir='ltr'><strong>nostrum,</strong></span> <span class='ocrx_word' id='word_1_131' title='bbox 3460 595 3591 637; x_wconf 90' lang='lat' dir='ltr'><strong>cum</strong></span> <span class='ocrx_word' id='word_1_132' title='bbox 3617 580 3726 636; x_wconf 90' lang='lat' dir='ltr'><strong>mi-</strong></span> 
     </span>
    </p>
   </div>
   <div class='ocr_carea' id='block_1_19' title="bbox 2117 669 3721 742">
    <p class='ocr_par' dir='ltr' id='par_1_19' title="bbox 2117 669 3721 742">
     <span class='ocr_line' id='line_1_19' title="bbox 2117 669 3721 742; baseline 0.001 -16"><span class='ocrx_word' id='word_1_133' title='bbox 2117 669 2269 726; x_wconf 91' lang='lat' dir='ltr'><strong>nime</strong></span> <span class='ocrx_word' id='word_1_134' title='bbox 2323 669 2492 726; x_wconf 90' lang='lat' dir='ltr'><strong>morti</strong></span> <span class='ocrx_word' id='word_1_135' title='bbox 2521 669 2791 727; x_wconf 88' lang='lat' dir='ltr'><strong>obnoxius</strong></span> <span class='ocrx_word' id='word_1_136' title='bbox 2846 677 3005 727; x_wconf 79' lang='lat' dir='ltr'><strong>esset</strong></span> <span class='ocrx_word' id='word_1_137' title='bbox 3056 693 3082 720; x_wconf 78' lang='grc' dir='ltr'><strong>σι</strong></span> <span class='ocrx_word' id='word_1_138' title='bbox 3114 669 3278 742; x_wconf 86' lang='lat' dir='ltr'><strong>Quod</strong></span> <span class='ocrx_word' id='word_1_139' title='bbox 3309 679 3503 727; x_wconf 87' lang='lat' dir='ltr'><strong>autem</strong></span> <span class='ocrx_word' id='word_1_140' title='bbox 3550 671 3721 741; x_wconf 85' lang='lat' dir='ltr'><strong>vivit,</strong></span> 
     </span>
    </p>
   </div>
   <div class='ocr_carea' id='block_1_20' title="bbox 2120 759 3731 834">
    <p class='ocr_par' dir='ltr' id='par_1_20' title="bbox 2120 759 3731 834">
     <span class='ocr_line' id='line_1_20' title="bbox 2120 759 3731 834; baseline 0.001 -18"><span class='ocrx_word' id='word_1_141' title='bbox 2120 760 2252 816; x_wconf 82' lang='lat' dir='ltr'><strong>vivit</strong></span> <span class='ocrx_word' id='word_1_142' title='bbox 2298 762 2448 831; x_wconf 94' lang='lat' dir='ltr'><strong>Deo,</strong></span> <span class='ocrx_word' id='word_1_143' title='bbox 2501 783 2528 810; x_wconf 68' lang='grc' dir='ltr'><strong>ν</strong></span> <span class='ocrx_word' id='word_1_144' title='bbox 2563 759 2618 817; x_wconf 88' lang='lat' dir='ltr'><strong>id</strong></span> <span class='ocrx_word' id='word_1_145' title='bbox 2673 767 2790 829; x_wconf 90' lang='lat' dir='ltr'><strong>est,</strong></span> <span class='ocrx_word' id='word_1_146' title='bbox 2846 759 3036 818; x_wconf 92' lang='lat' dir='ltr'><strong>divina</strong></span> <span class='ocrx_word' id='word_1_147' title='bbox 3092 761 3360 834; x_wconf 91' lang='lat' dir='ltr'><strong>potentia.</strong></span> <span class='ocrx_word' id='word_1_148' title='bbox 3389 761 3539 817; x_wconf 84' lang='lat' dir='ltr'><strong>Vivit</strong></span> <span class='ocrx_word' id='word_1_149' title='bbox 3578 761 3731 817; x_wconf 90' lang='lat' dir='ltr'><strong>enim</strong></span> 
     </span>
    </p>
   </div>
   <div class='ocr_carea' id='block_1_21' title="bbox 2118 849 3722 924">
    <p class='ocr_par' dir='ltr' id='par_1_21' title="bbox 2118 849 3722 924">
     <span class='ocr_line' id='line_1_21' title="bbox 2118 849 3722 924; baseline -0.001 -16"><span class='ocrx_word' id='word_1_150' title='bbox 2118 867 2340 924; x_wconf 92' lang='lat' dir='ltr'><strong>semper</strong></span> <span class='ocrx_word' id='word_1_151' title='bbox 2362 850 2417 908; x_wconf 92' lang='lat' dir='ltr'><strong>in</strong></span> <span class='ocrx_word' id='word_1_152' title='bbox 2471 850 2671 908; x_wconf 88' lang='lat' dir='ltr'><strong>virtute</strong></span> <span class='ocrx_word' id='word_1_153' title='bbox 2722 857 2778 908; x_wconf 92' lang='lat' dir='ltr'><strong>et</strong></span> <span class='ocrx_word' id='word_1_154' title='bbox 2806 851 3046 924; x_wconf 88' lang='lat' dir='ltr'><strong>potentia</strong></span> <span class='ocrx_word' id='word_1_155' title='bbox 3092 850 3198 908; x_wconf 89' lang='lat' dir='ltr'><strong>Dei</strong></span> <span class='ocrx_word' id='word_1_156' title='bbox 3252 858 3308 908; x_wconf 89' lang='lat' dir='ltr'><strong>et</strong></span> <span class='ocrx_word' id='word_1_157' title='bbox 3334 849 3531 908; x_wconf 86' lang='lat' dir='ltr'><strong>Patris.</strong></span> <span class='ocrx_word' id='word_1_158' title='bbox 3585 850 3722 922; x_wconf 85' lang='lat' dir='ltr'><strong>Quia</strong></span> 
     </span>
    </p>
   </div>
   <div class='ocr_carea' id='block_1_22' title="bbox 2114 939 3721 1014">
    <p class='ocr_par' dir='ltr' id='par_1_22' title="bbox 2114 939 3721 1014">
     <span class='ocr_line' id='line_1_22' title="bbox 2114 939 3721 1014; baseline 0 -15"><span class='ocrx_word' id='word_1_159' title='bbox 2114 950 2305 999; x_wconf 89' lang='lat' dir='ltr'><strong>autem</strong></span> <span class='ocrx_word' id='word_1_160' title='bbox 2342 939 2594 999; x_wconf 86' lang='lat' dir='ltr'><strong>Christus</strong></span> <span class='ocrx_word' id='word_1_161' title='bbox 2631 941 2876 999; x_wconf 88' lang='lat' dir='ltr'><strong>secundo</strong></span> <span class='ocrx_word' id='word_1_162' title='bbox 2914 957 3034 998; x_wconf 91' lang='lat' dir='ltr'><strong>non</strong></span> <span class='ocrx_word' id='word_1_163' title='bbox 3077 940 3335 1009; x_wconf 87' lang='lat' dir='ltr'><strong>moritur,</strong></span> <span class='ocrx_word' id='word_1_164' title='bbox 3384 955 3568 1014; x_wconf 90' lang='lat' dir='ltr'><strong>neque</strong></span> <span class='ocrx_word' id='word_1_165' title='bbox 3617 955 3721 999; x_wconf 90' lang='lat' dir='ltr'><strong>nos</strong></span> 
     </span>
    </p>
   </div>
   <div class='ocr_carea' id='block_1_23' title="bbox 2115 1030 3726 1106">
    <p class='ocr_par' dir='ltr' id='par_1_23' title="bbox 2115 1030 3726 1106">
     <span class='ocr_line' id='line_1_23' title="bbox 2115 1030 3726 1106; baseline 0 -15"><span class='ocrx_word' id='word_1_166' title='bbox 2115 1031 2419 1091; x_wconf 90' lang='lat' dir='ltr'><strong>secundam</strong></span> <span class='ocrx_word' id='word_1_167' title='bbox 2447 1040 2693 1090; x_wconf 89' lang='lat' dir='ltr'><strong>mortem</strong></span> <span class='ocrx_word' id='word_1_168' title='bbox 2721 1047 2821 1106; x_wconf 91' lang='lat' dir='ltr'><strong>per</strong></span> <span class='ocrx_word' id='word_1_169' title='bbox 2863 1031 3101 1090; x_wconf 90' lang='lat' dir='ltr'><strong>alterum</strong></span> <span class='ocrx_word' id='word_1_170' title='bbox 3126 1031 3403 1106; x_wconf 89' lang='lat' dir='ltr'><strong>baptisma</strong></span> <span class='ocrx_word' id='word_1_171' title='bbox 3428 1030 3726 1091; x_wconf 79' lang='lat' dir='ltr'><strong>habemus.</strong></span> 
     </span>
    </p>
   </div>
   <div class='ocr_carea' id='block_1_24' title="bbox 2115 1122 3722 1198">
    <p class='ocr_par' dir='ltr' id='par_1_24' title="bbox 2115 1122 3722 1198">
     <span class='ocr_line' id='line_1_24' title="bbox 2115 1122 3722 1198; baseline -0.001 -17"><span class='ocrx_word' id='word_1_172' title='bbox 2115 1125 2444 1181; x_wconf 90' lang='lat' dir='ltr'><strong>Maneamus</strong></span> <span class='ocrx_word' id='word_1_173' title='bbox 2489 1123 2650 1198; x_wconf 83' lang='lat' dir='ltr'><strong>igitur</strong></span> <span class='ocrx_word' id='word_1_174' title='bbox 2696 1123 2752 1180; x_wconf 92' lang='lat' dir='ltr'><strong>in</strong></span> <span class='ocrx_word' id='word_1_175' title='bbox 2779 1122 3085 1197; x_wconf 84' lang='lat' dir='ltr'><strong>prioribus,</strong></span> <span class='ocrx_word' id='word_1_176' title='bbox 3117 1122 3222 1180; x_wconf 94' lang='lat' dir='ltr'><strong>hoc</strong></span> <span class='ocrx_word' id='word_1_177' title='bbox 3275 1131 3388 1191; x_wconf 90' lang='lat' dir='ltr'><strong>est,</strong></span> <span class='ocrx_word' id='word_1_178' title='bbox 3440 1122 3502 1178; x_wconf 90' lang='lat' dir='ltr'><strong>in</strong></span> <span class='ocrx_word' id='word_1_179' title='bbox 3538 1128 3722 1180; x_wconf 90' lang='lat' dir='ltr'><strong>morte</strong></span> 
     </span>
    </p>
   </div>
   <div class='ocr_carea' id='block_1_25' title="bbox 2115 1213 3723 1288">
    <p class='ocr_par' dir='ltr' id='par_1_25' title="bbox 2115 1213 3723 1288">
     <span class='ocr_line' id='line_1_25' title="bbox 2115 1213 3723 1288; baseline 0.001 -17"><span class='ocrx_word' id='word_1_180' title='bbox 2115 1213 2342 1288; x_wconf 89' lang='lat' dir='ltr'><strong>quidem</strong></span> <span class='ocrx_word' id='word_1_181' title='bbox 2374 1215 2618 1288; x_wconf 84' lang='lat' dir='ltr'><strong>peccati,</strong></span> <span class='ocrx_word' id='word_1_182' title='bbox 2649 1214 2706 1271; x_wconf 92' lang='lat' dir='ltr'><strong>in</strong></span> <span class='ocrx_word' id='word_1_183' title='bbox 2759 1215 3158 1271; x_wconf 91' lang='lat' dir='ltr'><strong>resurrectione</strong></span> <span class='ocrx_word' id='word_1_184' title='bbox 3208 1220 3398 1270; x_wconf 90' lang='lat' dir='ltr'><strong>autem</strong></span> <span class='ocrx_word' id='word_1_185' title='bbox 3439 1213 3568 1270; x_wconf 63' lang='lat' dir='ltr'><strong>vitae</strong></span> <span class='ocrx_word' id='word_1_186' title='bbox 3594 1228 3723 1288; x_wconf 69' lang='lat' dir='ltr'><strong>qua:</strong></span> 
     </span>
    </p>
   </div>
   <div class='ocr_carea' id='block_1_26' title="bbox 2115 1304 3721 1378">
    <p class='ocr_par' dir='ltr' id='par_1_26' title="bbox 2115 1304 3721 1378">
     <span class='ocr_line' id='line_1_26' title="bbox 2115 1304 3721 1378; baseline -0.001 -16"><span class='ocrx_word' id='word_1_187' title='bbox 2115 1314 2198 1362; x_wconf 91' lang='lat' dir='ltr'><strong>est</strong></span> <span class='ocrx_word' id='word_1_188' title='bbox 2229 1304 2542 1363; x_wconf 89' lang='lat' dir='ltr'><strong>secundum</strong></span> <span class='ocrx_word' id='word_1_189' title='bbox 2589 1309 2792 1363; x_wconf 91' lang='lat' dir='ltr'><strong>Deum.</strong></span> <span class='ocrx_word' id='word_1_190' title='bbox 2821 1307 2944 1362; x_wconf 90' lang='lat' dir='ltr'><strong>Hoc</strong></span> <span class='ocrx_word' id='word_1_191' title='bbox 2967 1313 3157 1362; x_wconf 90' lang='lat' dir='ltr'><strong>autem</strong></span> <span class='ocrx_word' id='word_1_192' title='bbox 3198 1304 3484 1378; x_wconf 82' lang='lat' dir='ltr'><strong>continget</strong></span> <span class='ocrx_word' id='word_1_193' title='bbox 3529 1304 3721 1374; x_wconf 91' lang='lat' dir='ltr'><strong>nobis,</strong></span> 
     </span>
    </p>
   </div>
   <div class='ocr_carea' id='block_1_27' title="bbox 2122 1393 3718 1468">
    <p class='ocr_par' dir='ltr' id='par_1_27' title="bbox 2122 1393 3718 1468">
     <span class='ocr_line' id='line_1_27' title="bbox 2122 1393 3718 1468; baseline 0.001 -18"><span class='ocrx_word' id='word_1_194' title='bbox 2122 1415 2152 1450; x_wconf 80' lang='grc' dir='ltr'><strong>ιι</strong></span> <span class='ocrx_word' id='word_1_195' title='bbox 2185 1397 2249 1453; x_wconf 90' lang='lat' dir='ltr'><strong>ln</strong></span> <span class='ocrx_word' id='word_1_196' title='bbox 2273 1395 2496 1454; x_wconf 87' lang='lat' dir='ltr'><strong>Christo</strong></span> <span class='ocrx_word' id='word_1_197' title='bbox 2522 1397 2688 1462; x_wconf 76' lang='lat' dir='ltr'><strong>Iesu,</strong></span> <span class='ocrx_word' id='word_1_198' title='bbox 2719 1419 2746 1446; x_wconf 83' lang='grc'><strong>››</strong></span> <span class='ocrx_word' id='word_1_199' title='bbox 2775 1393 2835 1453; x_wconf 90' lang='lat' dir='ltr'><strong>id</strong></span> <span class='ocrx_word' id='word_1_200' title='bbox 2863 1403 2976 1464; x_wconf 90' lang='lat' dir='ltr'><strong>est,</strong></span> <span class='ocrx_word' id='word_1_201' title='bbox 3000 1395 3204 1452; x_wconf 88' lang='lat' dir='ltr'><strong>auxilio</strong></span> <span class='ocrx_word' id='word_1_202' title='bbox 3233 1394 3392 1452; x_wconf 91' lang='lat' dir='ltr'><strong>illius.</strong></span> <span class='ocrx_word' id='word_1_203' title='bbox 3425 1394 3537 1468; x_wconf 90' lang='lat' dir='ltr'><strong>Qui</strong></span> <span class='ocrx_word' id='word_1_204' title='bbox 3564 1394 3718 1452; x_wconf 91' lang='lat' dir='ltr'><strong>enim</strong></span> 
     </span>
    </p>
   </div>
   <div class='ocr_carea' id='block_1_28' title="bbox 2113 1484 3717 1560">
    <p class='ocr_par' dir='ltr' id='par_1_28' title="bbox 2113 1484 3717 1560">
     <span class='ocr_line' id='line_1_28' title="bbox 2113 1484 3717 1560; baseline -0.001 -17"><span class='ocrx_word' id='word_1_205' title='bbox 2113 1502 2217 1545; x_wconf 90' lang='lat' dir='ltr'><strong>nos</strong></span> <span class='ocrx_word' id='word_1_206' title='bbox 2259 1495 2512 1544; x_wconf 91' lang='lat' dir='ltr'><strong>mortuos</strong></span> <span class='ocrx_word' id='word_1_207' title='bbox 2569 1485 2852 1558; x_wconf 85' lang='lat' dir='ltr'><strong>excitavit,</strong></span> <span class='ocrx_word' id='word_1_208' title='bbox 2905 1486 3086 1543; x_wconf 90' lang='lat' dir='ltr'><strong>multo</strong></span> <span class='ocrx_word' id='word_1_209' title='bbox 3136 1485 3312 1560; x_wconf 87' lang='lat' dir='ltr'><strong>magis</strong></span> <span class='ocrx_word' id='word_1_210' title='bbox 3367 1484 3614 1542; x_wconf 85' lang='lat' dir='ltr'><strong>viventes</strong></span> <span class='ocrx_word' id='word_1_211' title='bbox 3662 1485 3717 1542; x_wconf 89' lang='lat' dir='ltr'><strong>in</strong></span> 
     </span>
    </p>
   </div>
   <div class='ocr_carea' id='block_1_29' title="bbox 2114 1575 2624 1635">
    <p class='ocr_par' dir='ltr' id='par_1_29' title="bbox 2114 1575 2624 1635">
     <span class='ocr_line' id='line_1_29' title="bbox 2114 1575 2624 1635; baseline -0.002 -2"><span class='ocrx_word' id='word_1_212' title='bbox 2114 1579 2229 1635; x_wconf 90' lang='lat' dir='ltr'><strong>vita</strong></span> <span class='ocrx_word' id='word_1_213' title='bbox 2264 1575 2624 1634; x_wconf 86' lang='lat' dir='ltr'><strong>conservabit.</strong></span> 
     </span>
    </p>
   </div>
   <div class='ocr_carea' id='block_1_30' title="bbox 2185 1665 3716 1740">
    <p class='ocr_par' dir='ltr' id='par_1_30' title="bbox 2185 1665 3716 1740">
     <span class='ocr_line' id='line_1_30' title="bbox 2185 1665 3716 1740; baseline -0.001 -16"><span class='ocrx_word' id='word_1_214' title='bbox 2185 1670 2364 1727; x_wconf 73' lang='lat' dir='ltr'><strong>Vnus.</strong></span> <span class='ocrx_word' id='word_1_215' title='bbox 2397 1671 2484 1725; x_wconf 82' lang='lat'><strong>12.</strong></span> <span class='ocrx_word' id='word_1_216' title='bbox 2519 1690 2545 1716; x_wconf 78' lang='grc' dir='ltr'><strong>α</strong></span> <span class='ocrx_word' id='word_1_217' title='bbox 2568 1669 2693 1724; x_wconf 89' lang='lat' dir='ltr'><strong>Non</strong></span> <span class='ocrx_word' id='word_1_218' title='bbox 2721 1680 2855 1740; x_wconf 88' lang='lat' dir='ltr'><strong>ergo</strong></span> <span class='ocrx_word' id='word_1_219' title='bbox 2880 1673 3074 1740; x_wconf 84' lang='lat' dir='ltr'><strong>regnet</strong></span> <span class='ocrx_word' id='word_1_220' title='bbox 3097 1673 3388 1738; x_wconf 84' lang='lat' dir='ltr'><strong>peccatum</strong></span> <span class='ocrx_word' id='word_1_221' title='bbox 3411 1665 3467 1722; x_wconf 91' lang='lat' dir='ltr'><strong>in</strong></span> <span class='ocrx_word' id='word_1_222' title='bbox 3494 1665 3716 1722; x_wconf 84' lang='lat' dir='ltr'><strong>mortali</strong></span> 
     </span>
    </p>
   </div>
   <div class='ocr_carea' id='block_1_31' title="bbox 2113 1754 3718 1831">
    <p class='ocr_par' dir='ltr' id='par_1_31' title="bbox 2113 1754 3718 1831">
     <span class='ocr_line' id='line_1_31' title="bbox 2113 1754 3718 1831; baseline -0.001 -17"><span class='ocrx_word' id='word_1_223' title='bbox 2113 1767 2297 1816; x_wconf 90' lang='lat' dir='ltr'><strong>vestro</strong></span> <span class='ocrx_word' id='word_1_224' title='bbox 2343 1773 2603 1830; x_wconf 89' lang='lat' dir='ltr'><strong>corpore,</strong></span> <span class='ocrx_word' id='word_1_225' title='bbox 2655 1763 2721 1812; x_wconf 90' lang='lat' dir='ltr'><strong>ut</strong></span> <span class='ocrx_word' id='word_1_226' title='bbox 2775 1755 3044 1813; x_wconf 88' lang='lat' dir='ltr'><strong>obediatis</strong></span> <span class='ocrx_word' id='word_1_227' title='bbox 3084 1756 3187 1831; x_wconf 88' lang='lat' dir='ltr'><strong>ipsi</strong></span> <span class='ocrx_word' id='word_1_228' title='bbox 3237 1757 3298 1812; x_wconf 91' lang='lat' dir='ltr'><strong>in</strong></span> <span class='ocrx_word' id='word_1_229' title='bbox 3326 1754 3718 1830; x_wconf 83' lang='lat' dir='ltr'><strong>cupiditatibus</strong></span> 
     </span>
    </p>
   </div>
   <div class='ocr_carea' id='block_1_32' title="bbox 399 1839 1995 1927">
    <p class='ocr_par' dir='ltr' id='par_1_32' title="bbox 399 1839 1995 1924">
     <span class='ocr_line' id='line_1_32' title="bbox 399 1839 1995 1924; baseline 0.004 -26"><span class='ocrx_word' id='word_1_230' title='bbox 399 1839 612 1919; x_wconf 80' lang='grc' dir='ltr'>θυμίαις</span> <span class='ocrx_word' id='word_1_231' title='bbox 641 1842 799 1901; x_wconf 76' lang='grc' dir='ltr'>αὐτοῦ</span> <span class='ocrx_word' id='word_1_232' title='bbox 827 1842 876 1903; x_wconf 76' lang='grc'>⁸.</span> <span class='ocrx_word' id='word_1_233' title='bbox 915 1869 938 1894; x_wconf 72' lang='grc' dir='ltr'><strong>ι</strong></span> <span class='ocrx_word' id='word_1_234' title='bbox 983 1841 1236 1916; x_wconf 82' lang='grc' dir='ltr'>Δεικνὺς,</span> <span class='ocrx_word' id='word_1_235' title='bbox 1286 1841 1368 1902; x_wconf 76' lang='grc' dir='ltr'><strong>ὅτι</strong></span> <span class='ocrx_word' id='word_1_236' title='bbox 1428 1844 1487 1902; x_wconf 83' lang='grc' dir='ltr'>οὗ</span> <span class='ocrx_word' id='word_1_237' title='bbox 1538 1842 1630 1924; x_wconf 85' lang='grc' dir='ltr'><strong>βίᾳ</strong></span> <span class='ocrx_word' id='word_1_238' title='bbox 1665 1843 1756 1902; x_wconf 84' lang='grc' dir='ltr'><strong>καὶ</strong></span> <span class='ocrx_word' id='word_1_239' title='bbox 1794 1843 1818 1879; x_wconf 81' lang='grc'>⁹</span> <span class='ocrx_word' id='word_1_240' title='bbox 1859 1843 1995 1904; x_wconf 82' lang='grc' dir='ltr'>ἀνά-</span> 
     </span>
    </p>
   </div>
   <div class='ocr_carea' id='block_1_33' title="bbox 2104 1839 3716 1927">
    <p class='ocr_par' dir='ltr' id='par_1_33' title="bbox 2114 1845 3716 1924">
     <span class='ocr_line' id='line_1_33' title="bbox 2114 1845 3716 1924; baseline -0.002 -18"><span class='ocrx_word' id='word_1_241' title='bbox 2114 1851 2307 1924; x_wconf 90' lang='lat' dir='ltr'><strong>ipsius.</strong></span> <span class='ocrx_word' id='word_1_242' title='bbox 2355 1872 2383 1899; x_wconf 69' lang='grc' dir='ltr'>ι</span> <span class='ocrx_word' id='word_1_243' title='bbox 2444 1845 2758 1905; x_wconf 90' lang='lat' dir='ltr'><strong>Ostendens</strong></span> <span class='ocrx_word' id='word_1_244' title='bbox 2811 1846 2960 1919; x_wconf 87' lang='lat' dir='ltr'><strong>quod</strong></span> <span class='ocrx_word' id='word_1_245' title='bbox 2995 1863 3109 1902; x_wconf 90' lang='lat' dir='ltr'><strong>non</strong></span> <span class='ocrx_word' id='word_1_246' title='bbox 3151 1846 3202 1902; x_wconf 91' lang='lat' dir='ltr'><strong>vi</strong></span> <span class='ocrx_word' id='word_1_247' title='bbox 3243 1854 3340 1902; x_wconf 90' lang='lat' dir='ltr'><strong>aut</strong></span> <span class='ocrx_word' id='word_1_248' title='bbox 3385 1847 3716 1903; x_wconf 87' lang='lat' dir='ltr'><strong>necessitate</strong></span> 
     </span>
    </p>
   </div>
   <div class='ocr_carea' id='block_1_34' title="bbox 396 1931 2000 2012">
    <p class='ocr_par' dir='ltr' id='par_1_34' title="bbox 396 1931 2000 2012">
     <span class='ocr_line' id='line_1_34' title="bbox 396 1931 2000 2012; baseline 0.002 -22"><span class='ocrx_word' id='word_1_249' title='bbox 396 1955 504 2012; x_wconf 72' lang='grc' dir='ltr'>γκῃ</span> <span class='ocrx_word' id='word_1_250' title='bbox 539 1931 877 2012; x_wconf 81' lang='grc' dir='ltr'>κατεχόμεθα</span> <span class='ocrx_word' id='word_1_251' title='bbox 908 1931 1012 1992; x_wconf 73' lang='grc' dir='ltr'>ὑπὸ</span> <span class='ocrx_word' id='word_1_252' title='bbox 1055 1935 1148 2006; x_wconf 80' lang='grc' dir='ltr'><strong>τῆς</strong></span> <span class='ocrx_word' id='word_1_253' title='bbox 1201 1931 1428 2011; x_wconf 79' lang='grc' dir='ltr'>κακίας,</span> <span class='ocrx_word' id='word_1_254' title='bbox 1464 1933 1584 1992; x_wconf 84' lang='grc' dir='ltr'>ἀλλ’</span> <span class='ocrx_word' id='word_1_255' title='bbox 1627 1931 1869 2008; x_wconf 80' lang='grc' dir='ltr'>ἑκόντες,</span> <span class='ocrx_word' id='word_1_256' title='bbox 1905 1935 2000 1994; x_wconf 82' lang='grc' dir='ltr'>οὔκ</span> 
     </span>
    </p>
   </div>
   <div class='ocr_carea' id='block_1_35' title="bbox 397 2011 1998 2104">
    <p class='ocr_par' dir='ltr' id='par_1_35' title="bbox 397 2011 1998 2104">
     <span class='ocr_line' id='line_1_35' title="bbox 397 2011 1998 2104; baseline 0.002 -24"><span class='ocrx_word' id='word_1_257' title='bbox 397 2011 542 2094; x_wconf 71' lang='grc' dir='ltr'>εἶπε,</span> <span class='ocrx_word' id='word_1_258' title='bbox 574 2021 668 2094; x_wconf 83' lang='grc' dir='ltr'><strong>Μὴ</strong></span> <span class='ocrx_word' id='word_1_259' title='bbox 700 2011 1058 2104; x_wconf 82' lang='grc' dir='ltr'>τυραννείτω,</span> <span class='ocrx_word' id='word_1_260' title='bbox 1111 2021 1252 2083; x_wconf 80' lang='grc' dir='ltr'>ἀλλὰ</span> <span class='ocrx_word' id='word_1_261' title='bbox 1274 2068 1290 2098; x_wconf 91' lang='grc'><strong>,</strong></span> <span class='ocrx_word' id='word_1_262' title='bbox 1349 2050 1372 2076; x_wconf 76' lang='grc' dir='ltr'><strong>α</strong></span> <span class='ocrx_word' id='word_1_263' title='bbox 1406 2022 1502 2097; x_wconf 84' lang='grc' dir='ltr'><strong>Μὴ</strong></span> <span class='ocrx_word' id='word_1_264' title='bbox 1563 2023 1891 2104; x_wconf 79' lang='grc' dir='ltr'>βασιλευέτω</span> <span class='ocrx_word' id='word_1_265' title='bbox 1914 2047 1927 2059; x_wconf 75' lang='grc'><strong><em>⁸</em></strong></span> <span class='ocrx_word' id='word_1_266' title='bbox 1973 2053 1998 2079; x_wconf 67' lang='grc' dir='ltr'><strong>ι</strong></span> 
     </span>
    </p>
   </div>
   <div class='ocr_carea' id='block_1_36' title="bbox 398 2110 1992 2194">
    <p class='ocr_par' dir='ltr' id='par_1_36' title="bbox 398 2110 1992 2194">
     <span class='ocr_line' id='line_1_36' title="bbox 398 2110 1992 2194; baseline 0.003 -24"><span class='ocrx_word' id='word_1_267' title='bbox 398 2110 646 2192; x_wconf 86' lang='grc' dir='ltr'>βασιλεία</span> <span class='ocrx_word' id='word_1_268' title='bbox 682 2111 821 2194; x_wconf 79' lang='grc' dir='ltr'>γὰρ,</span> <span class='ocrx_word' id='word_1_269' title='bbox 866 2115 1093 2175; x_wconf 78' lang='grc' dir='ltr'>ἑκόντων</span> <span class='ocrx_word' id='word_1_270' title='bbox 1123 2111 1265 2172; x_wconf 67' lang='grc' dir='ltr'>ἐστὶν</span> <span class='ocrx_word' id='word_1_271' title='bbox 1309 2113 1613 2174; x_wconf 80' lang='grc' dir='ltr'>ἐπιστασία.</span> <span class='ocrx_word' id='word_1_272' title='bbox 1663 2113 1852 2175; x_wconf 84' lang='grc' dir='ltr'>Εἰπὼν</span> <span class='ocrx_word' id='word_1_273' title='bbox 1896 2115 1992 2189; x_wconf 75' lang='grc' dir='ltr'>δὲ,</span> 
     </span>
    </p>
   </div>
   <div class='ocr_carea' id='block_1_37' title="bbox 409 2200 1998 2284">
    <p class='ocr_par' dir='ltr' id='par_1_37' title="bbox 409 2200 1998 2284">
     <span class='ocr_line' id='line_1_37' title="bbox 409 2200 1998 2284; baseline 0.004 -26"><span class='ocrx_word' id='word_1_274' title='bbox 409 2222 441 2258; x_wconf 80' lang='grc' dir='ltr'><strong>ιι</strong></span> <span class='ocrx_word' id='word_1_275' title='bbox 482 2200 579 2262; x_wconf 82' lang='grc' dir='ltr'>Ἐν</span> <span class='ocrx_word' id='word_1_276' title='bbox 610 2204 686 2281; x_wconf 90' lang='grc' dir='ltr'><strong>τῷ</strong></span> <span class='ocrx_word' id='word_1_277' title='bbox 729 2205 904 2284; x_wconf 80' lang='grc' dir='ltr'>θνητῷ</span> <span class='ocrx_word' id='word_1_278' title='bbox 934 2205 1082 2282; x_wconf 76' lang='grc' dir='ltr'>ὖμῷν</span> <span class='ocrx_word' id='word_1_279' title='bbox 1115 2201 1360 2282; x_wconf 72' lang='grc' dir='ltr'>σώματι,</span> <span class='ocrx_word' id='word_1_280' title='bbox 1395 2230 1420 2255; x_wconf 74' lang='grc' dir='ltr'><strong>ιι</strong></span> <span class='ocrx_word' id='word_1_281' title='bbox 1461 2202 1622 2272; x_wconf 81' lang='grc' dir='ltr'>ἔδειξε</span> <span class='ocrx_word' id='word_1_282' title='bbox 1655 2203 1750 2263; x_wconf 91' lang='grc' dir='ltr'><strong>δύο</strong></span> <span class='ocrx_word' id='word_1_283' title='bbox 1791 2209 1958 2264; x_wconf 89' lang='grc' dir='ltr'>ταῦτα</span> <span class='ocrx_word' id='word_1_284' title='bbox 1984 2225 1998 2240; x_wconf 86' lang='grc'><strong>⁸</strong></span> 
     </span>
    </p>
   </div>
   <div class='ocr_carea' id='block_1_38' title="bbox 397 2290 1993 2374">
    <p class='ocr_par' dir='ltr' id='par_1_38' title="bbox 397 2290 1993 2374">
     <span class='ocr_line' id='line_1_38' title="bbox 397 2290 1993 2374; baseline 0.004 -25"><span class='ocrx_word' id='word_1_285' title='bbox 397 2290 455 2349; x_wconf 82' lang='grc' dir='ltr'>ἓν</span> <span class='ocrx_word' id='word_1_286' title='bbox 477 2290 606 2369; x_wconf 84' lang='grc' dir='ltr'>μὲν,</span> <span class='ocrx_word' id='word_1_287' title='bbox 635 2291 716 2350; x_wconf 80' lang='grc' dir='ltr'><strong>ὅτι</strong></span> <span class='ocrx_word' id='word_1_288' title='bbox 744 2291 863 2351; x_wconf 82' lang='grc' dir='ltr'>οὔτε</span> <span class='ocrx_word' id='word_1_289' title='bbox 888 2292 958 2353; x_wconf 81' lang='grc' dir='ltr'><strong>τὰ</strong></span> <span class='ocrx_word' id='word_1_290' title='bbox 994 2291 1126 2366; x_wconf 75' lang='grc' dir='ltr'>ἡδέα</span> <span class='ocrx_word' id='word_1_291' title='bbox 1156 2297 1249 2351; x_wconf 87' lang='grc' dir='ltr'><strong>τοῦ</strong></span> <span class='ocrx_word' id='word_1_292' title='bbox 1281 2291 1560 2373; x_wconf 85' lang='grc' dir='ltr'>σώματος,</span> <span class='ocrx_word' id='word_1_293' title='bbox 1605 2291 1807 2372; x_wconf 83' lang='grc' dir='ltr'>μόνιμα</span> <span class='ocrx_word' id='word_1_294' title='bbox 1831 2294 1993 2374; x_wconf 85' lang='grc' dir='ltr'>(θνη-</span> 
     </span>
    </p>
   </div>
   <div class='ocr_carea' id='block_1_39' title="bbox 395 2380 1998 2467">
    <p class='ocr_par' dir='ltr' id='par_1_39' title="bbox 395 2380 1998 2467">
     <span class='ocr_line' id='line_1_39' title="bbox 395 2380 1998 2467; baseline 0.002 -28"><span class='ocrx_word' id='word_1_295' title='bbox 395 2380 487 2439; x_wconf 79' lang='grc' dir='ltr'><strong>τὸν</strong></span> <span class='ocrx_word' id='word_1_296' title='bbox 535 2381 640 2464; x_wconf 87' lang='grc' dir='ltr'>γάρ</span> <span class='ocrx_word' id='word_1_297' title='bbox 680 2383 887 2461; x_wconf 74' lang='grc' dir='ltr'>ἐστιν),</span> <span class='ocrx_word' id='word_1_298' title='bbox 942 2381 1081 2444; x_wconf 82' lang='grc' dir='ltr'>ὥστε</span> <span class='ocrx_word' id='word_1_299' title='bbox 1140 2384 1200 2442; x_wconf 85' lang='grc' dir='ltr'>οὖ</span> <span class='ocrx_word' id='word_1_300' title='bbox 1249 2384 1332 2443; x_wconf 86' lang='grc' dir='ltr'><strong>δεῖ</strong></span> <span class='ocrx_word' id='word_1_301' title='bbox 1379 2383 1692 2464; x_wconf 85' lang='grc' dir='ltr'>χαρίζεσθαι</span> <span class='ocrx_word' id='word_1_302' title='bbox 1752 2385 1894 2467; x_wconf 78' lang='grc' dir='ltr'>αὐτῷ</span> <span class='ocrx_word' id='word_1_303' title='bbox 1945 2389 1998 2446; x_wconf 83' lang='grc' dir='ltr'>ἐν</span> 
     </span>
    </p>
   </div>
   <div class='ocr_carea' id='block_1_40' title="bbox 395 2470 2000 2553">
    <p class='ocr_par' dir='ltr' id='par_1_40' title="bbox 395 2470 2000 2553">
     <span class='ocr_line' id='line_1_40' title="bbox 395 2470 2000 2553; baseline 0.003 -24"><span class='ocrx_word' id='word_1_304' title='bbox 395 2470 600 2540; x_wconf 82' lang='grc' dir='ltr'>τούτοις</span> <span class='ocrx_word' id='word_1_305' title='bbox 627 2494 642 2510; x_wconf 79' lang='grc' dir='ltr'><strong><em>ο</em></strong></span> <span class='ocrx_word' id='word_1_306' title='bbox 695 2471 815 2532; x_wconf 85' lang='grc' dir='ltr'>οὗτε</span> <span class='ocrx_word' id='word_1_307' title='bbox 853 2472 921 2532; x_wconf 78' lang='grc' dir='ltr'><strong>τὰ</strong></span> <span class='ocrx_word' id='word_1_308' title='bbox 969 2471 1193 2533; x_wconf 75' lang='grc' dir='ltr'>ἐπίπονα</span> <span class='ocrx_word' id='word_1_309' title='bbox 1247 2472 1548 2553; x_wconf 87' lang='grc' dir='ltr'>παραμένει</span> <span class='ocrx_word' id='word_1_310' title='bbox 1585 2497 1598 2511; x_wconf 87' lang='grc'><strong>·</strong></span> <span class='ocrx_word' id='word_1_311' title='bbox 1631 2472 1772 2533; x_wconf 87' lang='grc' dir='ltr'>ὥστε</span> <span class='ocrx_word' id='word_1_312' title='bbox 1819 2475 1878 2534; x_wconf 83' lang='grc' dir='ltr'>οὗ</span> <span class='ocrx_word' id='word_1_313' title='bbox 1921 2477 2000 2534; x_wconf 87' lang='grc' dir='ltr'><strong>δεῖ</strong></span> 
     </span>
    </p>
   </div>
   <div class='ocr_carea' id='block_1_41' title="bbox 394 2561 2000 2644">
    <p class='ocr_par' dir='ltr' id='par_1_41' title="bbox 394 2561 2000 2644">
     <span class='ocr_line' id='line_1_41' title="bbox 394 2561 2000 2644; baseline 0.002 -25"><span class='ocrx_word' id='word_1_314' title='bbox 394 2561 613 2644; x_wconf 79' lang='grc' dir='ltr'>φεύγειν</span> <span class='ocrx_word' id='word_1_315' title='bbox 684 2561 754 2622; x_wconf 79' lang='grc' dir='ltr'><strong>τὰ</strong></span> <span class='ocrx_word' id='word_1_316' title='bbox 810 2562 1069 2644; x_wconf 79' lang='grc' dir='ltr'>λυπηρὰ,</span> <span class='ocrx_word' id='word_1_317' title='bbox 1123 2563 1214 2623; x_wconf 77' lang='grc' dir='ltr'><strong>καὶ</strong></span> <span class='ocrx_word' id='word_1_318' title='bbox 1275 2562 1398 2632; x_wconf 77' lang='grc' dir='ltr'>τοὺς</span> <span class='ocrx_word' id='word_1_319' title='bbox 1455 2563 1589 2643; x_wconf 86' lang='grc' dir='ltr'>πρὸς</span> <span class='ocrx_word' id='word_1_320' title='bbox 1643 2563 1735 2631; x_wconf 78' lang='grc' dir='ltr'><strong>τὰς</strong></span> <span class='ocrx_word' id='word_1_321' title='bbox 1808 2563 2000 2638; x_wconf 79' lang='grc' dir='ltr'>ἡδονὰς</span> 
     </span>
    </p>
   </div>
   <div class='ocr_carea' id='block_1_42' title="bbox 393 2652 1994 2735">
    <p class='ocr_par' dir='ltr' id='par_1_42' title="bbox 393 2652 1994 2735">
     <span class='ocr_line' id='line_1_42' title="bbox 393 2652 1994 2735; baseline 0.002 -25"><span class='ocrx_word' id='word_1_322' title='bbox 393 2655 626 2732; x_wconf 81' lang='grc' dir='ltr'>ἀγῶνας.</span> <span class='ocrx_word' id='word_1_323' title='bbox 675 2652 934 2735; x_wconf 88' lang='grc' dir='ltr'>Δεύτερον</span> <span class='ocrx_word' id='word_1_324' title='bbox 977 2652 1030 2712; x_wconf 82' lang='grc' dir='ltr'>δὲ</span> <span class='ocrx_word' id='word_1_325' title='bbox 1047 2703 1066 2730; x_wconf 81' lang='lat'><strong>,</strong></span> <span class='ocrx_word' id='word_1_326' title='bbox 1100 2652 1179 2713; x_wconf 80' lang='grc' dir='ltr'><strong>ὅτι</strong></span> <span class='ocrx_word' id='word_1_327' title='bbox 1213 2652 1612 2735; x_wconf 76' lang='grc' dir='ltr'>ἀναμιμνήσκει</span> <span class='ocrx_word' id='word_1_328' title='bbox 1640 2657 1806 2730; x_wconf 78' lang='grc' dir='ltr'>ἡμᾶς,</span> <span class='ocrx_word' id='word_1_329' title='bbox 1848 2654 1930 2714; x_wconf 81' lang='grc' dir='ltr'><strong>ὅτι</strong></span> <span class='ocrx_word' id='word_1_330' title='bbox 1960 2659 1994 2728; x_wconf 81' lang='grc' dir='ltr'>ἡ</span> 
     </span>
    </p>
   </div>
   <div class='ocr_carea' id='block_1_43' title="bbox 393 2734 1997 2826">
    <p class='ocr_par' dir='ltr' id='par_1_43' title="bbox 393 2734 1997 2826">
     <span class='ocr_line' id='line_1_43' title="bbox 393 2734 1997 2826; baseline 0.001 -23"><span class='ocrx_word' id='word_1_331' title='bbox 393 2742 652 2816; x_wconf 83' lang='grc' dir='ltr'>θνητότης</span> <span class='ocrx_word' id='word_1_332' title='bbox 683 2743 740 2812; x_wconf 82' lang='grc' dir='ltr'><strong>ἐξ</strong></span> <span class='ocrx_word' id='word_1_333' title='bbox 786 2734 1078 2826; x_wconf 77' lang='grc' dir='ltr'>ἁμαρτίας.</span> <span class='ocrx_word' id='word_1_334' title='bbox 1126 2743 1340 2815; x_wconf 83' lang='grc' dir='ltr'>Μηκέτι</span> <span class='ocrx_word' id='word_1_335' title='bbox 1373 2734 1464 2804; x_wconf 72' lang='grc' dir='ltr'><strong>οῦν</strong></span> <span class='ocrx_word' id='word_1_336' title='bbox 1494 2743 1781 2824; x_wconf 85' lang='grc' dir='ltr'>δουλεύσῃς</span> <span class='ocrx_word' id='word_1_337' title='bbox 1812 2743 1863 2779; x_wconf 82' lang='grc'><strong>⁴⁰</strong></span> <span class='ocrx_word' id='word_1_338' title='bbox 1893 2747 1997 2804; x_wconf 72' lang='grc' dir='ltr'><strong>αὖ·</strong></span> 
     </span>
    </p>
   </div>
   <div class='ocr_carea' id='block_1_44' title="bbox 388 2832 1990 2915">
    <p class='ocr_par' dir='ltr' id='par_1_44' title="bbox 388 2832 1990 2915">
     <span class='ocr_line' id='line_1_44' title="bbox 388 2832 1990 2915; baseline 0 -21"><span class='ocrx_word' id='word_1_339' title='bbox 388 2835 494 2911; x_wconf 80' lang='grc' dir='ltr'><strong>τῇ,</strong></span> <span class='ocrx_word' id='word_1_340' title='bbox 640 2832 862 2895; x_wconf 89' lang='grc' dir='ltr'>θάνατον</span> <span class='ocrx_word' id='word_1_341' title='bbox 913 2834 1296 2915; x_wconf 86' lang='grc' dir='ltr'>ἐπεισαγούσῃ.</span> <span class='ocrx_word' id='word_1_342' title='bbox 1344 2836 1474 2902; x_wconf 77' lang='grc' dir='ltr'>Πῶς</span> <span class='ocrx_word' id='word_1_343' title='bbox 1522 2833 1578 2894; x_wconf 78' lang='grc' dir='ltr'>δὲ</span> <span class='ocrx_word' id='word_1_344' title='bbox 1635 2832 1906 2915; x_wconf 86' lang='grc' dir='ltr'>βασιλεύει</span> <span class='ocrx_word' id='word_1_345' title='bbox 1956 2841 1990 2910; x_wconf 87' lang='grc' dir='ltr'>ἡ</span> 
     </span>
    </p>
   </div>
   <div class='ocr_carea' id='block_1_45' title="bbox 388 2922 1994 3006">
    <p class='ocr_par' dir='ltr' id='par_1_45' title="bbox 388 2922 1994 3006">
     <span class='ocr_line' id='line_1_45' title="bbox 388 2922 1994 3006; baseline 0.001 -24"><span class='ocrx_word' id='word_1_346' title='bbox 388 2922 669 3005; x_wconf 73' lang='grc' dir='ltr'>ἁμαρτίας</span> <span class='ocrx_word' id='word_1_347' title='bbox 719 2923 858 2985; x_wconf 80' lang='grc' dir='ltr'>Ἐὰν</span> <span class='ocrx_word' id='word_1_348' title='bbox 903 2923 1292 3003; x_wconf 80' lang='grc' dir='ltr'>ὕπακούσωμεν</span> <span class='ocrx_word' id='word_1_349' title='bbox 1342 2925 1480 3006; x_wconf 77' lang='grc' dir='ltr'>αὐτῇ</span> <span class='ocrx_word' id='word_1_350' title='bbox 1531 2925 1585 2984; x_wconf 75' lang='grc' dir='ltr'>ἐν</span> <span class='ocrx_word' id='word_1_351' title='bbox 1637 2933 1755 2992; x_wconf 88' lang='grc' dir='ltr'>ταῖς</span> <span class='ocrx_word' id='word_1_352' title='bbox 1810 2927 1994 2985; x_wconf 68' lang='grc' dir='ltr'>ἐπιθυ-</span> 
     </span>
    </p>
   </div>
   <div class='ocr_carea' id='block_1_46' title="bbox 389 3013 1992 3096">
    <p class='ocr_par' dir='ltr' id='par_1_46' title="bbox 389 3013 1992 3096">
     <span class='ocr_line' id='line_1_46' title="bbox 389 3013 1992 3096; baseline 0.001 -24"><span class='ocrx_word' id='word_1_353' title='bbox 389 3013 539 3092; x_wconf 84' lang='grc' dir='ltr'>μίαις</span> <span class='ocrx_word' id='word_1_354' title='bbox 579 3018 672 3074; x_wconf 87' lang='grc' dir='ltr'><strong>τοῦ</strong></span> <span class='ocrx_word' id='word_1_355' title='bbox 722 3014 989 3090; x_wconf 84' lang='grc' dir='ltr'>σώματος.</span> <span class='ocrx_word' id='word_1_356' title='bbox 1026 3013 1206 3075; x_wconf 85' lang='grc' dir='ltr'>Ὥστε</span> <span class='ocrx_word' id='word_1_357' title='bbox 1261 3016 1320 3074; x_wconf 83' lang='grc' dir='ltr'>οὗ</span> <span class='ocrx_word' id='word_1_358' title='bbox 1351 3014 1412 3076; x_wconf 77' lang='grc' dir='ltr'>τὸ</span> <span class='ocrx_word' id='word_1_359' title='bbox 1448 3017 1608 3093; x_wconf 82' lang='grc' dir='ltr'>σῶμα</span> <span class='ocrx_word' id='word_1_360' title='bbox 1656 3013 1812 3096; x_wconf 84' lang='grc' dir='ltr'>φύσει</span> <span class='ocrx_word' id='word_1_361' title='bbox 1853 3015 1992 3096; x_wconf 82' lang='grc' dir='ltr'>βλά-</span> 
     </span>
    </p>
   </div>
   <div class='ocr_carea' id='block_1_47' title="bbox 386 3101 1988 3188">
    <p class='ocr_par' dir='ltr' id='par_1_47' title="bbox 386 3101 1988 3188">
     <span class='ocr_line' id='line_1_47' title="bbox 386 3101 1988 3188; baseline 0.001 -25"><span class='ocrx_word' id='word_1_362' title='bbox 386 3127 541 3179; x_wconf 86' lang='grc' dir='ltr'>πτει,</span> <span class='ocrx_word' id='word_1_363' title='bbox 585 3103 725 3164; x_wconf 72' lang='grc' dir='ltr'>ἀλλὰ</span> <span class='ocrx_word' id='word_1_364' title='bbox 768 3104 830 3164; x_wconf 82' lang='grc' dir='ltr'><strong>τὸ</strong></span> <span class='ocrx_word' id='word_1_365' title='bbox 870 3104 1151 3165; x_wconf 75' lang='grc' dir='ltr'>ὑπακούειν</span> <span class='ocrx_word' id='word_1_366' title='bbox 1304 3104 1564 3188; x_wconf 75' lang='grc' dir='ltr'>ἁμαρτίᾳ.</span> <span class='ocrx_word' id='word_1_367' title='bbox 1616 3101 1774 3186; x_wconf 85' lang='grc' dir='ltr'>Ὅρα</span> <span class='ocrx_word' id='word_1_368' title='bbox 1804 3104 1859 3164; x_wconf 84' lang='grc' dir='ltr'>δὲ</span> <span class='ocrx_word' id='word_1_369' title='bbox 1890 3105 1988 3179; x_wconf 80' lang='grc' dir='ltr'><strong>τὴν</strong></span> 
     </span>
    </p>
   </div>
   <div class='ocr_carea' id='block_1_48' title="bbox 383 3193 1988 3275">
    <p class='ocr_par' dir='ltr' id='par_1_48' title="bbox 383 3193 1988 3275">
     <span class='ocr_line' id='line_1_48' title="bbox 383 3193 1988 3275; baseline 0.002 -22"><span class='ocrx_word' id='word_1_370' title='bbox 383 3193 543 3275; x_wconf 80' lang='grc' dir='ltr'>χάριν</span> <span class='ocrx_word' id='word_1_371' title='bbox 571 3198 664 3253; x_wconf 92' lang='grc' dir='ltr'><strong>τοῦ</strong></span> <span class='ocrx_word' id='word_1_372' title='bbox 706 3195 972 3272; x_wconf 80' lang='grc' dir='ltr'>Χριστοῦ,</span> <span class='ocrx_word' id='word_1_373' title='bbox 1001 3196 1116 3262; x_wconf 79' lang='grc' dir='ltr'><strong>πῶς</strong></span> <span class='ocrx_word' id='word_1_374' title='bbox 1144 3198 1172 3254; x_wconf 79' lang='grc' dir='ltr'>ὃ</span> <span class='ocrx_word' id='word_1_375' title='bbox 1203 3195 1300 3272; x_wconf 84' lang='grc' dir='ltr'>μὲν</span> <span class='ocrx_word' id='word_1_376' title='bbox 1327 3194 1501 3272; x_wconf 79' lang='grc' dir='ltr'>Ἀδὰμ</span> <span class='ocrx_word' id='word_1_377' title='bbox 1528 3193 1740 3274; x_wconf 80' lang='grc' dir='ltr'>ἥμαρτε</span> <span class='ocrx_word' id='word_1_378' title='bbox 1761 3239 1778 3268; x_wconf 92' lang='grc'><strong>,</strong></span> <span class='ocrx_word' id='word_1_379' title='bbox 1810 3194 1988 3256; x_wconf 81' lang='grc' dir='ltr'>καίτοι</span> 
     </span>
    </p>
   </div>
   <div class='ocr_carea' id='block_1_49' title="bbox 385 3282 1991 3367">
    <p class='ocr_par' dir='ltr' id='par_1_49' title="bbox 385 3282 1991 3367">
     <span class='ocr_line' id='line_1_49' title="bbox 385 3282 1991 3367; baseline 0.002 -25"><span class='ocrx_word' id='word_1_380' title='bbox 385 3285 460 3360; x_wconf 81' lang='grc' dir='ltr'><strong>μὴ</strong></span> <span class='ocrx_word' id='word_1_381' title='bbox 506 3284 690 3356; x_wconf 77' lang='grc' dir='ltr'>θνητὸν</span> <span class='ocrx_word' id='word_1_382' title='bbox 736 3282 878 3364; x_wconf 76' lang='grc' dir='ltr'>ἔχων</span> <span class='ocrx_word' id='word_1_383' title='bbox 916 3286 1075 3361; x_wconf 82' lang='grc' dir='ltr'>σῶμα</span> <span class='ocrx_word' id='word_1_384' title='bbox 1101 3307 1116 3323; x_wconf 79' lang='grc' dir='ltr'><strong><em>ο</em></strong></span> <span class='ocrx_word' id='word_1_385' title='bbox 1163 3287 1319 3361; x_wconf 81' lang='grc' dir='ltr'>ἡμεῖς</span> <span class='ocrx_word' id='word_1_386' title='bbox 1361 3283 1416 3344; x_wconf 84' lang='grc' dir='ltr'>δὲ</span> <span class='ocrx_word' id='word_1_387' title='bbox 1465 3286 1520 3342; x_wconf 81' lang='grc' dir='ltr'><strong>ἐν</strong></span> <span class='ocrx_word' id='word_1_388' title='bbox 1567 3286 1743 3367; x_wconf 82' lang='grc' dir='ltr'>θνητῷ</span> <span class='ocrx_word' id='word_1_389' title='bbox 1776 3284 1991 3364; x_wconf 85' lang='grc' dir='ltr'>σώματι</span> 
     </span>
    </p>
   </div>
   <div class='ocr_carea' id='block_1_50' title="bbox 386 3372 1634 3456">
    <p class='ocr_par' dir='ltr' id='par_1_50' title="bbox 386 3372 1634 3456">
     <span class='ocr_line' id='line_1_50' title="bbox 386 3372 1634 3456; baseline 0 -24"><span class='ocrx_word' id='word_1_390' title='bbox 386 3374 766 3455; x_wconf 80' lang='grc' dir='ltr'>περιγινόμεθα</span> <span class='ocrx_word' id='word_1_391' title='bbox 795 3372 876 3452; x_wconf 96' lang='grc'>[</span> <span class='ocrx_word' id='word_1_392' title='bbox 914 3397 1146 3456; x_wconf 89' lang='grc' dir='ltr'>περιγιν.</span> <span class='ocrx_word' id='word_1_393' title='bbox 1169 3375 1193 3454; x_wconf 92' lang='grc'>]</span> <span class='ocrx_word' id='word_1_394' title='bbox 1220 3377 1318 3446; x_wconf 82' lang='grc' dir='ltr'><strong>τῆς</strong></span> <span class='ocrx_word' id='word_1_395' title='bbox 1344 3373 1634 3456; x_wconf 75' lang='grc' dir='ltr'>ἁμαρτίας,</span> 
     </span>
    </p>
   </div>
   <div class='ocr_carea' id='block_1_51' title="bbox 2107 1935 3681 2010">
    <p class='ocr_par' dir='ltr' id='par_1_51' title="bbox 2107 1935 3681 2010">
     <span class='ocr_line' id='line_1_51' title="bbox 2107 1935 3681 2010; baseline -0.004 -12"><span class='ocrx_word' id='word_1_396' title='bbox 2107 1958 2138 1998; x_wconf 92' lang='lat' dir='ltr'><strong>a</strong></span> <span class='ocrx_word' id='word_1_397' title='bbox 2171 1940 2314 1998; x_wconf 87' lang='lat' dir='ltr'><strong>vitiis</strong></span> <span class='ocrx_word' id='word_1_398' title='bbox 2356 1938 2691 2006; x_wconf 91' lang='lat' dir='ltr'><strong>detinemur,</strong></span> <span class='ocrx_word' id='word_1_399' title='bbox 2734 1935 2830 1994; x_wconf 90' lang='lat' dir='ltr'><strong>sed</strong></span> <span class='ocrx_word' id='word_1_400' title='bbox 2867 1943 3059 1994; x_wconf 91' lang='lat' dir='ltr'><strong>nostra</strong></span> <span class='ocrx_word' id='word_1_401' title='bbox 3105 1944 3334 2010; x_wconf 88' lang='lat' dir='ltr'><strong>sponte,</strong></span> <span class='ocrx_word' id='word_1_402' title='bbox 3375 1952 3490 1993; x_wconf 93' lang='lat' dir='ltr'><strong>non</strong></span> <span class='ocrx_word' id='word_1_403' title='bbox 3539 1935 3681 1992; x_wconf 81' lang='lat' dir='ltr'><strong>dixit</strong></span> 
     </span>
    </p>
   </div>
   <div class='ocr_carea' id='block_1_52' title="bbox 2103 2025 3717 2106">
    <p class='ocr_par' dir='ltr' id='par_1_52' title="bbox 2103 2025 3717 2106">
     <span class='ocr_line' id='line_1_52' title="bbox 2103 2025 3717 2106; baseline -0.004 -17"><span class='ocrx_word' id='word_1_404' title='bbox 2103 2029 2473 2106; x_wconf 88' lang='lat' dir='ltr'><strong>Tyrannidem</strong></span> <span class='ocrx_word' id='word_1_405' title='bbox 2510 2045 2624 2086; x_wconf 91' lang='lat' dir='ltr'><strong>non</strong></span> <span class='ocrx_word' id='word_1_406' title='bbox 2653 2035 2932 2096; x_wconf 86' lang='lat' dir='ltr'><strong>exerceat,</strong></span> <span class='ocrx_word' id='word_1_407' title='bbox 2962 2025 3062 2084; x_wconf 92' lang='lat' dir='ltr'><strong>sed</strong></span> <span class='ocrx_word' id='word_1_408' title='bbox 3080 2068 3097 2096; x_wconf 88' lang='lat'><strong>,</strong></span> <span class='ocrx_word' id='word_1_409' title='bbox 3133 2047 3160 2079; x_wconf 74' lang='grc' dir='ltr'>(ι</span> <span class='ocrx_word' id='word_1_410' title='bbox 3184 2028 3268 2084; x_wconf 92' lang='lat' dir='ltr'><strong>Ne</strong></span> <span class='ocrx_word' id='word_1_411' title='bbox 3292 2034 3504 2099; x_wconf 87' lang='lat' dir='ltr'><strong>regnet.</strong></span> <span class='ocrx_word' id='word_1_412' title='bbox 3552 2049 3581 2076; x_wconf 73' lang='grc' dir='ltr'>ι</span> <span class='ocrx_word' id='word_1_413' title='bbox 3607 2027 3717 2082; x_wconf 84' lang='lat' dir='ltr'><strong>Re-</strong></span> 
     </span>
    </p>
   </div>
   <div class='ocr_carea' id='block_1_53' title="bbox 2109 2117 3718 2198">
    <p class='ocr_par' dir='ltr' id='par_1_53' title="bbox 2109 2117 3718 2198">
     <span class='ocr_line' id='line_1_53' title="bbox 2109 2117 3718 2198; baseline -0.004 -18"><span class='ocrx_word' id='word_1_414' title='bbox 2109 2139 2282 2198; x_wconf 89' lang='lat' dir='ltr'><strong>gnum</strong></span> <span class='ocrx_word' id='word_1_415' title='bbox 2334 2120 2487 2178; x_wconf 89' lang='lat' dir='ltr'><strong>enim</strong></span> <span class='ocrx_word' id='word_1_416' title='bbox 2538 2128 2624 2176; x_wconf 90' lang='lat' dir='ltr'><strong>est</strong></span> <span class='ocrx_word' id='word_1_417' title='bbox 2675 2117 3115 2175; x_wconf 81' lang='lat' dir='ltr'><strong>voluntariorum</strong></span> <span class='ocrx_word' id='word_1_418' title='bbox 3145 2117 3509 2190; x_wconf 89' lang='lat' dir='ltr'><strong>principatus.</strong></span> <span class='ocrx_word' id='word_1_419' title='bbox 3573 2117 3718 2174; x_wconf 89' lang='lat' dir='ltr'><strong>Cum</strong></span> 
     </span>
    </p>
   </div>
   <div class='ocr_carea' id='block_1_54' title="bbox 2107 2205 3717 2280">
    <p class='ocr_par' dir='ltr' id='par_1_54' title="bbox 2107 2205 3717 2280">
     <span class='ocr_line' id='line_1_54' title="bbox 2107 2205 3717 2280; baseline -0.003 -10"><span class='ocrx_word' id='word_1_420' title='bbox 2107 2222 2293 2270; x_wconf 89' lang='lat' dir='ltr'><strong>autem</strong></span> <span class='ocrx_word' id='word_1_421' title='bbox 2317 2211 2486 2280; x_wconf 84' lang='lat' dir='ltr'><strong>dixit,</strong></span> <span class='ocrx_word' id='word_1_422' title='bbox 2511 2229 2540 2263; x_wconf 86' lang='lat'>«</span> <span class='ocrx_word' id='word_1_423' title='bbox 2567 2213 2631 2266; x_wconf 93' lang='lat' dir='ltr'><strong>In</strong></span> <span class='ocrx_word' id='word_1_424' title='bbox 2652 2209 2874 2266; x_wconf 87' lang='lat' dir='ltr'><strong>mortali</strong></span> <span class='ocrx_word' id='word_1_425' title='bbox 2903 2217 3085 2265; x_wconf 87' lang='lat' dir='ltr'><strong>vestro</strong></span> <span class='ocrx_word' id='word_1_426' title='bbox 3109 2223 3344 2280; x_wconf 89' lang='lat' dir='ltr'><strong>corpore</strong></span> <span class='ocrx_word' id='word_1_427' title='bbox 3360 2250 3376 2278; x_wconf 93' lang='lat'><strong>,</strong></span> <span class='ocrx_word' id='word_1_428' title='bbox 3406 2230 3433 2257; x_wconf 77' lang='grc' dir='ltr'>ιο</span> <span class='ocrx_word' id='word_1_429' title='bbox 3459 2207 3571 2265; x_wconf 92' lang='lat' dir='ltr'><strong>duo</strong></span> <span class='ocrx_word' id='word_1_430' title='bbox 3597 2205 3717 2265; x_wconf 68' lang='lat' dir='ltr'><strong>hanc</strong></span> 
     </span>
    </p>
   </div>
   <div class='ocr_carea' id='block_1_55' title="bbox 2105 2297 3710 2373">
    <p class='ocr_par' dir='ltr' id='par_1_55' title="bbox 2105 2297 3710 2373">
     <span class='ocr_line' id='line_1_55' title="bbox 2105 2297 3710 2373; baseline -0.005 -13"><span class='ocrx_word' id='word_1_431' title='bbox 2105 2302 2374 2360; x_wconf 87' lang='lat' dir='ltr'><strong>indicavit</strong></span> <span class='ocrx_word' id='word_1_432' title='bbox 2430 2323 2444 2360; x_wconf 89' lang='lat'><strong>:</strong></span> <span class='ocrx_word' id='word_1_433' title='bbox 2505 2301 2773 2368; x_wconf 86' lang='lat' dir='ltr'><strong>alterum,</strong></span> <span class='ocrx_word' id='word_1_434' title='bbox 2830 2301 2981 2373; x_wconf 90' lang='lat' dir='ltr'><strong>quod</strong></span> <span class='ocrx_word' id='word_1_435' title='bbox 3029 2313 3211 2373; x_wconf 89' lang='lat' dir='ltr'><strong>neque</strong></span> <span class='ocrx_word' id='word_1_436' title='bbox 3256 2297 3440 2356; x_wconf 88' lang='lat' dir='ltr'><strong>suavia</strong></span> <span class='ocrx_word' id='word_1_437' title='bbox 3489 2297 3710 2371; x_wconf 89' lang='lat' dir='ltr'><strong>corpori</strong></span> 
     </span>
    </p>
   </div>
   <div class='ocr_carea' id='block_1_56' title="bbox 2105 2387 3710 2464">
    <p class='ocr_par' dir='ltr' id='par_1_56' title="bbox 2105 2387 3710 2464">
     <span class='ocr_line' id='line_1_56' title="bbox 2105 2387 3710 2464; baseline -0.004 -14"><span class='ocrx_word' id='word_1_438' title='bbox 2105 2393 2329 2451; x_wconf 85' lang='lat' dir='ltr'><strong>stabilia</strong></span> <span class='ocrx_word' id='word_1_439' title='bbox 2357 2391 2469 2449; x_wconf 91' lang='lat' dir='ltr'><strong>sint</strong></span> <span class='ocrx_word' id='word_1_440' title='bbox 2488 2389 2600 2464; x_wconf 66' lang='lat'><strong>43</strong></span> <span class='ocrx_word' id='word_1_441' title='bbox 2644 2389 2836 2458; x_wconf 90' lang='lat' dir='ltr'><strong>(morti</strong></span> <span class='ocrx_word' id='word_1_442' title='bbox 2865 2389 3141 2462; x_wconf 88' lang='lat' dir='ltr'><strong>siquidem</strong></span> <span class='ocrx_word' id='word_1_443' title='bbox 3197 2398 3284 2446; x_wconf 90' lang='lat' dir='ltr'><strong>est</strong></span> <span class='ocrx_word' id='word_1_444' title='bbox 3331 2387 3660 2462; x_wconf 85' lang='lat' dir='ltr'><strong>obnoxium)</strong></span> <span class='ocrx_word' id='word_1_445' title='bbox 3696 2406 3710 2445; x_wconf 91' lang='lat'><strong>:</strong></span> 
     </span>
    </p>
   </div>
   <div class='ocr_carea' id='block_1_57' title="bbox 2104 2475 3712 2557">
    <p class='ocr_par' dir='ltr' id='par_1_57' title="bbox 2104 2475 3712 2557">
     <span class='ocr_line' id='line_1_57' title="bbox 2104 2475 3712 2557; baseline -0.004 -16"><span class='ocrx_word' id='word_1_446' title='bbox 2104 2500 2272 2557; x_wconf 89' lang='lat' dir='ltr'><strong>quare</strong></span> <span class='ocrx_word' id='word_1_447' title='bbox 2294 2498 2407 2540; x_wconf 90' lang='lat' dir='ltr'><strong>non</strong></span> <span class='ocrx_word' id='word_1_448' title='bbox 2451 2489 2536 2538; x_wconf 92' lang='lat' dir='ltr'><strong>est</strong></span> <span class='ocrx_word' id='word_1_449' title='bbox 2563 2496 2663 2538; x_wconf 92' lang='lat' dir='ltr'><strong>cur</strong></span> <span class='ocrx_word' id='word_1_450' title='bbox 2705 2475 3018 2536; x_wconf 86' lang='lat' dir='ltr'><strong>istiusmodi</strong></span> <span class='ocrx_word' id='word_1_451' title='bbox 3042 2478 3422 2552; x_wconf 87' lang='lat' dir='ltr'><strong>voluptatibus</strong></span> <span class='ocrx_word' id='word_1_452' title='bbox 3463 2477 3712 2535; x_wconf 86' lang='lat' dir='ltr'><strong>tradatur</strong></span> 
     </span>
    </p>
   </div>
   <div class='ocr_carea' id='block_1_58' title="bbox 2102 2569 3710 2646">
    <p class='ocr_par' dir='ltr' id='par_1_58' title="bbox 2102 2569 3710 2646">
     <span class='ocr_line' id='line_1_58' title="bbox 2102 2569 3710 2646; baseline -0.004 -15"><span class='ocrx_word' id='word_1_453' title='bbox 2102 2589 2331 2646; x_wconf 89' lang='lat' dir='ltr'><strong>corpus,</strong></span> <span class='ocrx_word' id='word_1_454' title='bbox 2386 2587 2566 2646; x_wconf 90' lang='lat' dir='ltr'><strong>neque</strong></span> <span class='ocrx_word' id='word_1_455' title='bbox 2596 2569 2838 2628; x_wconf 81' lang='lat' dir='ltr'><strong>difﬁcilia</strong></span> <span class='ocrx_word' id='word_1_456' title='bbox 2873 2585 2938 2626; x_wconf 90' lang='lat' dir='ltr'><strong>ac</strong></span> <span class='ocrx_word' id='word_1_457' title='bbox 2972 2569 3246 2626; x_wconf 88' lang='lat' dir='ltr'><strong>laboriosa</strong></span> <span class='ocrx_word' id='word_1_458' title='bbox 3279 2576 3548 2642; x_wconf 89' lang='lat' dir='ltr'><strong>perpetuo</strong></span> <span class='ocrx_word' id='word_1_459' title='bbox 3578 2583 3710 2625; x_wconf 89' lang='lat' dir='ltr'><strong>ma-</strong></span> 
     </span>
    </p>
   </div>
   <div class='ocr_carea' id='block_1_59' title="bbox 2102 2657 3708 2733">
    <p class='ocr_par' dir='ltr' id='par_1_59' title="bbox 2102 2657 3708 2733">
     <span class='ocr_line' id='line_1_59' title="bbox 2102 2657 3708 2733; baseline -0.004 -12"><span class='ocrx_word' id='word_1_460' title='bbox 2102 2672 2313 2721; x_wconf 89' lang='lat' dir='ltr'><strong>neant:</strong></span> <span class='ocrx_word' id='word_1_461' title='bbox 2357 2662 2486 2719; x_wconf 91' lang='lat' dir='ltr'><strong>hinc</strong></span> <span class='ocrx_word' id='word_1_462' title='bbox 2540 2661 2721 2717; x_wconf 89' lang='lat' dir='ltr'><strong>tristia</strong></span> <span class='ocrx_word' id='word_1_463' title='bbox 2769 2658 3198 2733; x_wconf 87' lang='lat' dir='ltr'><strong>haudquaquam</strong></span> <span class='ocrx_word' id='word_1_464' title='bbox 3247 2667 3378 2716; x_wconf 87' lang='lat' dir='ltr'><strong>sunt</strong></span> <span class='ocrx_word' id='word_1_465' title='bbox 3417 2657 3708 2731; x_wconf 83' lang='lat' dir='ltr'><strong>fugienda,</strong></span> 
     </span>
    </p>
   </div>
   <div class='ocr_carea' id='block_1_60' title="bbox 2104 2748 3710 2828">
    <p class='ocr_par' dir='ltr' id='par_1_60' title="bbox 2104 2748 3710 2828">
     <span class='ocr_line' id='line_1_60' title="bbox 2104 2748 3710 2828; baseline -0.004 -18"><span class='ocrx_word' id='word_1_466' title='bbox 2104 2771 2288 2828; x_wconf 89' lang='lat' dir='ltr'><strong>neque</strong></span> <span class='ocrx_word' id='word_1_467' title='bbox 2327 2751 2672 2821; x_wconf 86' lang='lat' dir='ltr'><strong>certamina,</strong></span> <span class='ocrx_word' id='word_1_468' title='bbox 2713 2765 2838 2824; x_wconf 71' lang='lat' dir='ltr'><strong>qua:</strong></span> <span class='ocrx_word' id='word_1_469' title='bbox 2878 2749 3042 2807; x_wconf 92' lang='lat' dir='ltr'><strong>nobis</strong></span> <span class='ocrx_word' id='word_1_470' title='bbox 3089 2748 3353 2807; x_wconf 89' lang='lat' dir='ltr'><strong>adversus</strong></span> <span class='ocrx_word' id='word_1_471' title='bbox 3399 2749 3710 2822; x_wconf 89' lang='lat' dir='ltr'><strong>voluptates</strong></span> 
     </span>
    </p>
   </div>
   <div class='ocr_carea' id='block_1_61' title="bbox 2104 2829 3708 2914">
    <p class='ocr_par' dir='ltr' id='par_1_61' title="bbox 2104 2829 3708 2914">
     <span class='ocr_line' id='line_1_61' title="bbox 2104 2829 3708 2914; baseline -0.004 -12"><span class='ocrx_word' id='word_1_472' title='bbox 2104 2854 2236 2903; x_wconf 89' lang='lat' dir='ltr'><strong>sunt</strong></span> <span class='ocrx_word' id='word_1_473' title='bbox 2290 2829 2562 2912; x_wconf 86' lang='lat' dir='ltr'><strong>ineunda;</strong></span> <span class='ocrx_word' id='word_1_474' title='bbox 2599 2842 2838 2899; x_wconf 89' lang='lat' dir='ltr'><strong>alterum</strong></span> <span class='ocrx_word' id='word_1_475' title='bbox 2867 2849 2979 2910; x_wconf 89' lang='lat' dir='ltr'><strong>est,</strong></span> <span class='ocrx_word' id='word_1_476' title='bbox 3005 2839 3156 2914; x_wconf 89' lang='lat' dir='ltr'><strong>quod</strong></span> <span class='ocrx_word' id='word_1_477' title='bbox 3184 2838 3347 2897; x_wconf 88' lang='lat' dir='ltr'><strong>nobis</strong></span> <span class='ocrx_word' id='word_1_478' title='bbox 3385 2838 3456 2896; x_wconf 89' lang='lat' dir='ltr'><strong>ad</strong></span> <span class='ocrx_word' id='word_1_479' title='bbox 3485 2855 3708 2896; x_wconf 88' lang='lat' dir='ltr'><strong>memo-</strong></span> 
     </span>
    </p>
   </div>
   <div class='ocr_carea' id='block_1_62' title="bbox 2103 2930 3707 3004">
    <p class='ocr_par' dir='ltr' id='par_1_62' title="bbox 2103 2930 3707 3004">
     <span class='ocr_line' id='line_1_62' title="bbox 2103 2930 3707 3004; baseline -0.002 -13"><span class='ocrx_word' id='word_1_480' title='bbox 2103 2936 2247 2993; x_wconf 89' lang='lat' dir='ltr'><strong>riam</strong></span> <span class='ocrx_word' id='word_1_481' title='bbox 2271 2942 2496 2992; x_wconf 90' lang='lat' dir='ltr'><strong>revocat</strong></span> <span class='ocrx_word' id='word_1_482' title='bbox 2541 2949 2607 2990; x_wconf 85' lang='lat' dir='ltr'><strong>ac</strong></span> <span class='ocrx_word' id='word_1_483' title='bbox 2642 2931 2807 2988; x_wconf 91' lang='lat' dir='ltr'><strong>docet</strong></span> <span class='ocrx_word' id='word_1_484' title='bbox 2835 2931 3236 2988; x_wconf 87' lang='lat' dir='ltr'><strong>mortalitatem</strong></span> <span class='ocrx_word' id='word_1_485' title='bbox 3263 2930 3440 3004; x_wconf 90' lang='lat' dir='ltr'><strong>ipsam</strong></span> <span class='ocrx_word' id='word_1_486' title='bbox 3481 2945 3547 2988; x_wconf 85' lang='lat' dir='ltr'><strong>ex</strong></span> <span class='ocrx_word' id='word_1_487' title='bbox 3578 2945 3707 3002; x_wconf 85' lang='lat' dir='ltr'><strong>pec-</strong></span> 
     </span>
    </p>
   </div>
   <div class='ocr_carea' id='block_1_63' title="bbox 2100 3020 3707 3097">
    <p class='ocr_par' dir='ltr' id='par_1_63' title="bbox 2100 3020 3707 3097">
     <span class='ocr_line' id='line_1_63' title="bbox 2100 3020 3707 3097; baseline -0.003 -14"><span class='ocrx_word' id='word_1_488' title='bbox 2100 3033 2226 3083; x_wconf 90' lang='lat' dir='ltr'><strong>cato</strong></span> <span class='ocrx_word' id='word_1_489' title='bbox 2278 3040 2419 3084; x_wconf 86' lang='lat' dir='ltr'><strong>esse.</strong></span> <span class='ocrx_word' id='word_1_490' title='bbox 2463 3026 2591 3081; x_wconf 90' lang='lat' dir='ltr'><strong>Non</strong></span> <span class='ocrx_word' id='word_1_491' title='bbox 2644 3023 2812 3097; x_wconf 86' lang='lat' dir='ltr'><strong>igitur</strong></span> <span class='ocrx_word' id='word_1_492' title='bbox 2867 3022 2925 3078; x_wconf 92' lang='lat' dir='ltr'><strong>in</strong></span> <span class='ocrx_word' id='word_1_493' title='bbox 2963 3029 3249 3095; x_wconf 91' lang='lat' dir='ltr'><strong>posterum</strong></span> <span class='ocrx_word' id='word_1_494' title='bbox 3290 3020 3368 3077; x_wconf 90' lang='lat' dir='ltr'><strong>illi</strong></span> <span class='ocrx_word' id='word_1_495' title='bbox 3413 3021 3707 3090; x_wconf 88' lang='lat' dir='ltr'><strong>inservias,</strong></span> 
     </span>
    </p>
   </div>
   <div class='ocr_carea' id='block_1_64' title="bbox 2105 3110 3710 3186">
    <p class='ocr_par' dir='ltr' id='par_1_64' title="bbox 2105 3110 3710 3186">
     <span class='ocr_line' id='line_1_64' title="bbox 2105 3110 3710 3186; baseline -0.004 -12"><span class='ocrx_word' id='word_1_496' title='bbox 2105 3124 2349 3174; x_wconf 91' lang='lat' dir='ltr'><strong>mortem</strong></span> <span class='ocrx_word' id='word_1_497' title='bbox 2397 3115 2604 3172; x_wconf 91' lang='lat' dir='ltr'><strong>scilicet</strong></span> <span class='ocrx_word' id='word_1_498' title='bbox 2632 3112 2907 3170; x_wconf 82' lang='lat' dir='ltr'><strong>aﬂ&#39;erenti.</strong></span> <span class='ocrx_word' id='word_1_499' title='bbox 2939 3115 3067 3186; x_wconf 91' lang='lat' dir='ltr'><strong>Quo</strong></span> <span class='ocrx_word' id='word_1_500' title='bbox 3117 3111 3286 3186; x_wconf 88' lang='lat' dir='ltr'><strong>igitur</strong></span> <span class='ocrx_word' id='word_1_501' title='bbox 3311 3110 3482 3169; x_wconf 91' lang='lat' dir='ltr'><strong>modo</strong></span> <span class='ocrx_word' id='word_1_502' title='bbox 3512 3118 3710 3183; x_wconf 84' lang='lat' dir='ltr'><strong>regnat</strong></span> 
     </span>
    </p>
   </div>
   <div class='ocr_carea' id='block_1_65' title="bbox 2107 3201 3709 3280">
    <p class='ocr_par' dir='ltr' id='par_1_65' title="bbox 2107 3201 3709 3280">
     <span class='ocr_line' id='line_1_65' title="bbox 2107 3201 3709 3280; baseline -0.005 -15"><span class='ocrx_word' id='word_1_503' title='bbox 2107 3209 2436 3280; x_wconf 79' lang='lat' dir='ltr'><strong>peccatum?</strong></span> <span class='ocrx_word' id='word_1_504' title='bbox 2474 3206 2534 3263; x_wconf 91' lang='lat' dir='ltr'><strong>Si</strong></span> <span class='ocrx_word' id='word_1_505' title='bbox 2573 3202 2954 3261; x_wconf 90' lang='lat' dir='ltr'><strong>obedierimus</strong></span> <span class='ocrx_word' id='word_1_506' title='bbox 2984 3202 3032 3260; x_wconf 90' lang='lat' dir='ltr'><strong>ei</strong></span> <span class='ocrx_word' id='word_1_507' title='bbox 3053 3201 3114 3260; x_wconf 91' lang='lat' dir='ltr'><strong>in</strong></span> <span class='ocrx_word' id='word_1_508' title='bbox 3166 3201 3559 3274; x_wconf 89' lang='lat' dir='ltr'><strong>cupiditatibus</strong></span> <span class='ocrx_word' id='word_1_509' title='bbox 3585 3217 3709 3258; x_wconf 92' lang='lat' dir='ltr'><strong>cor-</strong></span> 
     </span>
    </p>
   </div>
   <div class='ocr_carea' id='block_1_66' title="bbox 2101 3290 3707 3370">
    <p class='ocr_par' dir='ltr' id='par_1_66' title="bbox 2101 3290 3707 3370">
     <span class='ocr_line' id='line_1_66' title="bbox 2101 3290 3707 3370; baseline -0.004 -16"><span class='ocrx_word' id='word_1_510' title='bbox 2101 3297 2278 3370; x_wconf 90' lang='lat' dir='ltr'><strong>poris.</strong></span> <span class='ocrx_word' id='word_1_511' title='bbox 2317 3297 2511 3370; x_wconf 90' lang='lat' dir='ltr'><strong>Itaque</strong></span> <span class='ocrx_word' id='word_1_512' title='bbox 2553 3310 2755 3367; x_wconf 89' lang='lat' dir='ltr'><strong>corpus</strong></span> <span class='ocrx_word' id='word_1_513' title='bbox 2810 3310 2909 3352; x_wconf 89' lang='lat' dir='ltr'><strong>sua</strong></span> <span class='ocrx_word' id='word_1_514' title='bbox 2957 3301 3160 3350; x_wconf 89' lang='lat' dir='ltr'><strong>natura</strong></span> <span class='ocrx_word' id='word_1_515' title='bbox 3206 3291 3354 3350; x_wconf 90' lang='lat' dir='ltr'><strong>haud</strong></span> <span class='ocrx_word' id='word_1_516' title='bbox 3382 3299 3580 3362; x_wconf 91' lang='lat' dir='ltr'><strong>nocet,</strong></span> <span class='ocrx_word' id='word_1_517' title='bbox 3608 3290 3707 3348; x_wconf 92' lang='lat' dir='ltr'><strong>sed</strong></span> 
     </span>
    </p>
   </div>
   <div class='ocr_carea' id='block_1_67' title="bbox 2100 3381 3708 3460">
    <p class='ocr_par' dir='ltr' id='par_1_67' title="bbox 2100 3381 3708 3460">
     <span class='ocr_line' id='line_1_67' title="bbox 2100 3381 3708 3460; baseline -0.002 -16"><span class='ocrx_word' id='word_1_518' title='bbox 2100 3386 2326 3444; x_wconf 88' lang='lat' dir='ltr'><strong>obedire</strong></span> <span class='ocrx_word' id='word_1_519' title='bbox 2349 3393 2595 3460; x_wconf 86' lang='lat' dir='ltr'><strong>peccato.</strong></span> <span class='ocrx_word' id='word_1_520' title='bbox 2629 3384 2875 3442; x_wconf 89' lang='lat' dir='ltr'><strong>Observa</strong></span> <span class='ocrx_word' id='word_1_521' title='bbox 2902 3383 2991 3440; x_wconf 90' lang='lat' dir='ltr'><strong>hic</strong></span> <span class='ocrx_word' id='word_1_522' title='bbox 3013 3381 3217 3441; x_wconf 89' lang='lat' dir='ltr'><strong>Christi</strong></span> <span class='ocrx_word' id='word_1_523' title='bbox 3257 3383 3528 3456; x_wconf 87' lang='lat' dir='ltr'><strong>gratiam,</strong></span> <span class='ocrx_word' id='word_1_524' title='bbox 3556 3381 3708 3456; x_wconf 91' lang='lat' dir='ltr'><strong>quod</strong></span> 
     </span>
    </p>
   </div>
   <div class='ocr_carea' id='block_1_68' title="bbox 389 3471 3709 3548">
    <p class='ocr_par' dir='ltr' id='par_1_68' title="bbox 389 3471 3709 3548">
     <span class='ocr_line' id='line_1_68' title="bbox 389 3471 3709 3548; baseline 0.001 -20"><span class='ocrx_word' id='word_1_525' title='bbox 389 3471 566 3528; x_wconf 77' lang='lat' dir='ltr'><strong>Adam</strong></span> <span class='ocrx_word' id='word_1_526' title='bbox 608 3472 836 3546; x_wconf 90' lang='lat' dir='ltr'><strong>quidem</strong></span> <span class='ocrx_word' id='word_1_527' title='bbox 874 3473 1140 3546; x_wconf 90' lang='lat' dir='ltr'><strong>peccarit,</strong></span> <span class='ocrx_word' id='word_1_528' title='bbox 1191 3473 1406 3531; x_wconf 90' lang='lat' dir='ltr'><strong>etiamsi</strong></span> <span class='ocrx_word' id='word_1_529' title='bbox 1453 3489 1655 3546; x_wconf 87' lang='lat' dir='ltr'><strong>corpus</strong></span> <span class='ocrx_word' id='word_1_530' title='bbox 1699 3475 1937 3533; x_wconf 89' lang='lat' dir='ltr'><strong>mortale</strong></span> <span class='ocrx_word' id='word_1_531' title='bbox 1967 3492 2079 3536; x_wconf 89' lang='lat' dir='ltr'><strong>non</strong></span> <span class='ocrx_word' id='word_1_532' title='bbox 2112 3477 2306 3535; x_wconf 90' lang='lat' dir='ltr'><strong>habuit</strong></span> <span class='ocrx_word' id='word_1_533' title='bbox 2356 3497 2371 3536; x_wconf 86' lang='lat'><strong>:</strong></span> <span class='ocrx_word' id='word_1_534' title='bbox 2413 3492 2516 3534; x_wconf 90' lang='lat' dir='ltr'><strong>nos</strong></span> <span class='ocrx_word' id='word_1_535' title='bbox 2571 3490 2706 3534; x_wconf 86' lang='lat' dir='ltr'><strong>vero</strong></span> <span class='ocrx_word' id='word_1_536' title='bbox 2752 3475 2811 3532; x_wconf 90' lang='lat' dir='ltr'><strong>in</strong></span> <span class='ocrx_word' id='word_1_537' title='bbox 2851 3490 3084 3548; x_wconf 91' lang='lat' dir='ltr'><strong>corpore</strong></span> <span class='ocrx_word' id='word_1_538' title='bbox 3143 3473 3366 3532; x_wconf 88' lang='lat' dir='ltr'><strong>mortali</strong></span> <span class='ocrx_word' id='word_1_539' title='bbox 3421 3481 3709 3548; x_wconf 89' lang='lat' dir='ltr'><strong>peccatum</strong></span> 
     </span>
    </p>
   </div>
   <div class='ocr_carea' id='block_1_69' title="bbox 392 3577 728 3634">
    <p class='ocr_par' dir='ltr' id='par_1_69' title="bbox 392 3577 728 3634">
     <span class='ocr_line' id='line_1_69' title="bbox 392 3577 728 3634; baseline 0.012 -17"><span class='ocrx_word' id='word_1_540' title='bbox 392 3577 728 3634; x_wconf 85' lang='lat' dir='ltr'><strong>superamus.</strong></span> 
     </span>
    </p>
   </div>
   <div class='ocr_carea' id='block_1_70' title="bbox 476 3653 1989 3735">
    <p class='ocr_par' dir='ltr' id='par_1_70' title="bbox 476 3653 1989 3735">
     <span class='ocr_line' id='line_1_70' title="bbox 476 3653 1989 3735; baseline 0.001 -23"><span class='ocrx_word' id='word_1_541' title='bbox 476 3681 500 3704; x_wconf 73' lang='grc' dir='ltr'><strong>α</strong></span> <span class='ocrx_word' id='word_1_542' title='bbox 544 3653 695 3726; x_wconf 81' lang='grc' dir='ltr'>Μηδὲ</span> <span class='ocrx_word' id='word_1_543' title='bbox 732 3654 1085 3734; x_wconf 80' lang='grc' dir='ltr'>παριστάνετε</span> <span class='ocrx_word' id='word_1_544' title='bbox 1114 3654 1181 3714; x_wconf 79' lang='grc' dir='ltr'><strong>τὰ</strong></span> <span class='ocrx_word' id='word_1_545' title='bbox 1229 3653 1368 3735; x_wconf 87' lang='grc' dir='ltr'>μέλη</span> <span class='ocrx_word' id='word_1_546' title='bbox 1403 3655 1550 3732; x_wconf 77' lang='grc' dir='ltr'>ὑμῶν</span> <span class='ocrx_word' id='word_1_547' title='bbox 1594 3653 1736 3714; x_wconf 79' lang='grc' dir='ltr'>ὅπλα</span> <span class='ocrx_word' id='word_1_548' title='bbox 1780 3655 1989 3724; x_wconf 84' lang='grc' dir='ltr'>ἀδικίας</span> 
     </span>
    </p>
   </div>
   <div class='ocr_carea' id='block_1_71' title="bbox 390 3742 1988 3827">
    <p class='ocr_par' dir='ltr' id='par_1_71' title="bbox 390 3742 1988 3827">
     <span class='ocr_line' id='line_1_71' title="bbox 390 3742 1988 3827; baseline 0.003 -26"><span class='ocrx_word' id='word_1_549' title='bbox 390 3746 458 3824; x_wconf 82' lang='grc' dir='ltr'><strong>τῇ</strong></span> <span class='ocrx_word' id='word_1_550' title='bbox 502 3742 769 3826; x_wconf 74' lang='grc' dir='ltr'>ἁμαρτίᾳ,</span> <span class='ocrx_word' id='word_1_551' title='bbox 796 3745 934 3806; x_wconf 82' lang='grc' dir='ltr'>ἀλλὰ</span> <span class='ocrx_word' id='word_1_552' title='bbox 963 3744 1348 3827; x_wconf 84' lang='grc' dir='ltr'>παραστήσατε</span> <span class='ocrx_word' id='word_1_553' title='bbox 1392 3743 1611 3814; x_wconf 76' lang='grc' dir='ltr'>ἑαυτοὺς</span> <span class='ocrx_word' id='word_1_554' title='bbox 1641 3747 1717 3826; x_wconf 87' lang='grc' dir='ltr'><strong>τῷ</strong></span> <span class='ocrx_word' id='word_1_555' title='bbox 1749 3747 1876 3826; x_wconf 88' lang='grc' dir='ltr'>Θεῷ</span> <span class='ocrx_word' id='word_1_556' title='bbox 1918 3749 1988 3814; x_wconf 82' lang='grc' dir='ltr'><strong>ὡς</strong></span> 
     </span>
    </p>
   </div>
   <div class='ocr_carea' id='block_1_72' title="bbox 388 3833 1990 3915">
    <p class='ocr_par' dir='ltr' id='par_1_72' title="bbox 388 3833 1990 3915">
     <span class='ocr_line' id='line_1_72' title="bbox 388 3833 1990 3915; baseline 0.001 -22"><span class='ocrx_word' id='word_1_557' title='bbox 388 3835 450 3893; x_wconf 75' lang='grc' dir='ltr'>ἐκ</span> <span class='ocrx_word' id='word_1_558' title='bbox 479 3837 675 3915; x_wconf 77' lang='grc' dir='ltr'>νεκρῶν</span> <span class='ocrx_word' id='word_1_559' title='bbox 705 3838 930 3910; x_wconf 81' lang='grc' dir='ltr'>ζῶντας,</span> <span class='ocrx_word' id='word_1_560' title='bbox 979 3835 1074 3895; x_wconf 71' lang='grc' dir='ltr'><strong>καὶ</strong></span> <span class='ocrx_word' id='word_1_561' title='bbox 1119 3833 1186 3894; x_wconf 78' lang='grc' dir='ltr'><strong>τὰ</strong></span> <span class='ocrx_word' id='word_1_562' title='bbox 1235 3834 1370 3910; x_wconf 76' lang='grc' dir='ltr'>μέλη</span> <span class='ocrx_word' id='word_1_563' title='bbox 1416 3837 1564 3914; x_wconf 80' lang='grc' dir='ltr'>ὑμῶν</span> <span class='ocrx_word' id='word_1_564' title='bbox 1607 3834 1751 3895; x_wconf 82' lang='grc' dir='ltr'>ὅπλα</span> <span class='ocrx_word' id='word_1_565' title='bbox 1783 3836 1990 3896; x_wconf 89' lang='grc' dir='ltr'>δικαιο-</span> 
     </span>
    </p>
   </div>
   <div class='ocr_carea' id='block_1_73' title="bbox 388 3921 1989 4006">
    <p class='ocr_par' dir='ltr' id='par_1_73' title="bbox 388 3921 1989 4006">
     <span class='ocr_line' id='line_1_73' title="bbox 388 3921 1989 4006; baseline 0.001 -23"><span class='ocrx_word' id='word_1_566' title='bbox 388 3921 547 3997; x_wconf 85' lang='grc' dir='ltr'>σύνης</span> <span class='ocrx_word' id='word_1_567' title='bbox 569 3925 643 4005; x_wconf 86' lang='grc' dir='ltr'><strong>τῷ</strong></span> <span class='ocrx_word' id='word_1_568' title='bbox 677 3925 826 3987; x_wconf 81' lang='grc' dir='ltr'>Θεῷ.</span> <span class='ocrx_word' id='word_1_569' title='bbox 859 3951 884 3979; x_wconf 69' lang='grc' dir='ltr'><strong>ι</strong></span> <span class='ocrx_word' id='word_1_570' title='bbox 913 3929 1032 3987; x_wconf 90' lang='grc' dir='ltr'>Ποῦ</span> <span class='ocrx_word' id='word_1_571' title='bbox 1062 3927 1194 3986; x_wconf 80' lang='grc' dir='ltr'>εἰσιν</span> <span class='ocrx_word' id='word_1_572' title='bbox 1220 3927 1269 3985; x_wconf 79' lang='grc' dir='ltr'>οἱ</span> <span class='ocrx_word' id='word_1_573' title='bbox 1300 3927 1630 4006; x_wconf 76' lang='grc' dir='ltr'>Μανιχαῖοι,</span> <span class='ocrx_word' id='word_1_574' title='bbox 1669 3927 1716 3984; x_wconf 79' lang='grc' dir='ltr'>οἱ</span> <span class='ocrx_word' id='word_1_575' title='bbox 1747 3924 1989 4004; x_wconf 87' lang='grc' dir='ltr'>λέγοντες</span> 
     </span>
    </p>
   </div>
   <div class='ocr_carea' id='block_1_74' title="bbox 385 4013 1986 4098">
    <p class='ocr_par' dir='ltr' id='par_1_74' title="bbox 385 4013 1986 4098">
     <span class='ocr_line' id='line_1_74' title="bbox 385 4013 1986 4098; baseline 0.003 -26"><span class='ocrx_word' id='word_1_576' title='bbox 385 4013 446 4073; x_wconf 79' lang='grc' dir='ltr'><strong>τὸ</strong></span> <span class='ocrx_word' id='word_1_577' title='bbox 497 4015 652 4092; x_wconf 76' lang='grc' dir='ltr'>σῶμα</span> <span class='ocrx_word' id='word_1_578' title='bbox 701 4014 858 4097; x_wconf 74' lang='grc' dir='ltr'>φύσει</span> <span class='ocrx_word' id='word_1_579' title='bbox 902 4015 1170 4098; x_wconf 85' lang='grc' dir='ltr'>πονηρόν;</span> <span class='ocrx_word' id='word_1_580' title='bbox 1227 4013 1391 4076; x_wconf 74' lang='grc' dir='ltr'>ὅπλον</span> <span class='ocrx_word' id='word_1_581' title='bbox 1448 4015 1551 4096; x_wconf 85' lang='grc' dir='ltr'>γάρ</span> <span class='ocrx_word' id='word_1_582' title='bbox 1617 4018 1732 4076; x_wconf 79' lang='grc' dir='ltr'>ἐστι</span> <span class='ocrx_word' id='word_1_583' title='bbox 1759 4039 1773 4053; x_wconf 92' lang='grc'><strong>·</strong></span> <span class='ocrx_word' id='word_1_584' title='bbox 1831 4015 1892 4076; x_wconf 77' lang='grc' dir='ltr'>τὸ</span> <span class='ocrx_word' id='word_1_585' title='bbox 1932 4015 1986 4078; x_wconf 83' lang='grc' dir='ltr'>δὲ</span> 
     </span>
    </p>
   </div>
   <div class='ocr_carea' id='block_1_75' title="bbox 381 4101 1986 4186">
    <p class='ocr_par' dir='ltr' id='par_1_75' title="bbox 381 4101 1986 4186">
     <span class='ocr_line' id='line_1_75' title="bbox 381 4101 1986 4186; baseline 0.001 -24"><span class='ocrx_word' id='word_1_586' title='bbox 381 4101 576 4182; x_wconf 74' lang='grc' dir='ltr'>ὅπλον,</span> <span class='ocrx_word' id='word_1_587' title='bbox 611 4103 776 4184; x_wconf 80' lang='grc' dir='ltr'>μέσον</span> <span class='ocrx_word' id='word_1_588' title='bbox 809 4107 1006 4186; x_wconf 76' lang='grc' dir='ltr'>ἀρετῆς</span> <span class='ocrx_word' id='word_1_589' title='bbox 1050 4105 1142 4164; x_wconf 82' lang='grc' dir='ltr'>καὶ</span> <span class='ocrx_word' id='word_1_590' title='bbox 1195 4103 1406 4172; x_wconf 87' lang='grc' dir='ltr'>κακίας.</span> <span class='ocrx_word' id='word_1_591' title='bbox 1454 4107 1549 4186; x_wconf 87' lang='grc' dir='ltr'>Τῷ</span> <span class='ocrx_word' id='word_1_592' title='bbox 1603 4104 1909 4186; x_wconf 83' lang='grc' dir='ltr'>στρατιώτῃ</span> <span class='ocrx_word' id='word_1_593' title='bbox 1951 4109 1986 4180; x_wconf 83' lang='grc' dir='ltr'><strong>ἡ</strong></span> 
     </span>
    </p>
   </div>
   <div class='ocr_carea' id='block_1_76' title="bbox 383 4193 1988 4277">
    <p class='ocr_par' dir='ltr' id='par_1_76' title="bbox 383 4193 1988 4277">
     <span class='ocr_line' id='line_1_76' title="bbox 383 4193 1988 4277; baseline 0.001 -24"><span class='ocrx_word' id='word_1_594' title='bbox 383 4194 628 4275; x_wconf 87' lang='grc' dir='ltr'>μάχαιρα</span> <span class='ocrx_word' id='word_1_595' title='bbox 659 4196 825 4255; x_wconf 78' lang='grc' dir='ltr'>ὅπλον</span> <span class='ocrx_word' id='word_1_596' title='bbox 850 4193 982 4276; x_wconf 77' lang='grc' dir='ltr'>ὑπὲρ</span> <span class='ocrx_word' id='word_1_597' title='bbox 1012 4198 1115 4254; x_wconf 84' lang='grc' dir='ltr'><strong>τῷν</strong></span> <span class='ocrx_word' id='word_1_598' title='bbox 1149 4197 1380 4255; x_wconf 84' lang='grc' dir='ltr'>πολιτῶν</span> <span class='ocrx_word' id='word_1_599' title='bbox 1405 4220 1419 4234; x_wconf 77' lang='grc' dir='ltr'><strong><em>ο</em></strong></span> <span class='ocrx_word' id='word_1_600' title='bbox 1458 4197 1535 4277; x_wconf 88' lang='grc' dir='ltr'><strong>τῷ</strong></span> <span class='ocrx_word' id='word_1_601' title='bbox 1563 4196 1775 4276; x_wconf 77' lang='grc' dir='ltr'>λῃστῇ,</span> <span class='ocrx_word' id='word_1_602' title='bbox 1813 4199 1848 4268; x_wconf 83' lang='grc' dir='ltr'>ἡ</span> <span class='ocrx_word' id='word_1_603' title='bbox 1879 4195 1988 4274; x_wconf 87' lang='grc' dir='ltr'>μά-</span> 
     </span>
    </p>
   </div>
   <div class='ocr_carea' id='block_1_77' title="bbox 379 4284 1978 4366">
    <p class='ocr_par' dir='ltr' id='par_1_77' title="bbox 379 4284 1978 4366">
     <span class='ocr_line' id='line_1_77' title="bbox 379 4284 1978 4366; baseline 0.003 -24"><span class='ocrx_word' id='word_1_604' title='bbox 379 4307 544 4366; x_wconf 83' lang='grc' dir='ltr'>χαιρα</span> <span class='ocrx_word' id='word_1_605' title='bbox 569 4285 734 4344; x_wconf 75' lang='grc' dir='ltr'>ὅπλον</span> <span class='ocrx_word' id='word_1_606' title='bbox 759 4284 902 4345; x_wconf 78' lang='grc' dir='ltr'>κατὰ</span> <span class='ocrx_word' id='word_1_607' title='bbox 924 4287 1031 4344; x_wconf 81' lang='grc' dir='ltr'><strong>τῶν</strong></span> <span class='ocrx_word' id='word_1_608' title='bbox 1062 4288 1315 4348; x_wconf 82' lang='grc' dir='ltr'>πολιτῶν.</span> <span class='ocrx_word' id='word_1_609' title='bbox 1358 4313 1382 4340; x_wconf 81' lang='grc' dir='ltr'><strong>ιι</strong></span> <span class='ocrx_word' id='word_1_610' title='bbox 1416 4287 1475 4346; x_wconf 90' lang='grc' dir='ltr'><strong>Μ</strong></span> <span class='ocrx_word' id='word_1_611' title='bbox 1485 4285 1513 4358; x_wconf 78' lang='grc' dir='ltr'>ὴ</span> <span class='ocrx_word' id='word_1_612' title='bbox 1551 4285 1907 4366; x_wconf 87' lang='grc' dir='ltr'>παριστάνετε</span> <span class='ocrx_word' id='word_1_613' title='bbox 1934 4286 1978 4324; x_wconf 82' lang='grc'><strong>⁴⁴</strong></span> 
     </span>
    </p>
   </div>
   <div class='ocr_carea' id='block_1_78' title="bbox 381 4374 1985 4460">
    <p class='ocr_par' dir='ltr' id='par_1_78' title="bbox 381 4374 1985 4460">
     <span class='ocr_line' id='line_1_78' title="bbox 381 4374 1985 4460; baseline 0.001 -26"><span class='ocrx_word' id='word_1_614' title='bbox 381 4374 450 4434; x_wconf 78' lang='grc' dir='ltr'><strong>τὰ</strong></span> <span class='ocrx_word' id='word_1_615' title='bbox 477 4375 616 4451; x_wconf 77' lang='grc' dir='ltr'>μέλη</span> <span class='ocrx_word' id='word_1_616' title='bbox 648 4377 799 4453; x_wconf 72' lang='grc' dir='ltr'>ὑμῶν</span> <span class='ocrx_word' id='word_1_617' title='bbox 844 4374 988 4437; x_wconf 73' lang='grc' dir='ltr'>ὅπλα</span> <span class='ocrx_word' id='word_1_618' title='bbox 1035 4375 1244 4444; x_wconf 83' lang='grc' dir='ltr'>ἀδικίας</span> <span class='ocrx_word' id='word_1_619' title='bbox 1285 4380 1351 4458; x_wconf 79' lang='grc' dir='ltr'><strong>τῇ</strong></span> <span class='ocrx_word' id='word_1_620' title='bbox 1394 4374 1658 4458; x_wconf 76' lang='grc' dir='ltr'>ἁμαρτίᾳ.</span> <span class='ocrx_word' id='word_1_621' title='bbox 1699 4399 1728 4434; x_wconf 65' lang='grc' dir='ltr'><strong><em>ι</em></strong></span> <span class='ocrx_word' id='word_1_622' title='bbox 1781 4375 1852 4436; x_wconf 66' lang='grc' dir='ltr'><strong>ε0</strong></span> <span class='ocrx_word' id='word_1_623' title='bbox 1881 4375 1985 4460; x_wconf 78' lang='grc' dir='ltr'>γὰρ</span> 
     </span>
    </p>
   </div>
   <div class='ocr_carea' id='block_1_79' title="bbox 385 4463 1981 4547">
    <p class='ocr_par' dir='ltr' id='par_1_79' title="bbox 385 4463 1981 4547">
     <span class='ocr_line' id='line_1_79' title="bbox 385 4463 1981 4547; baseline 0.001 -25"><span class='ocrx_word' id='word_1_624' title='bbox 385 4463 743 4547; x_wconf 81' lang='grc' dir='ltr'>ἆμαρτάνων,</span> <span class='ocrx_word' id='word_1_625' title='bbox 771 4466 950 4526; x_wconf 83' lang='grc' dir='ltr'>ἀδικεῖ</span> <span class='ocrx_word' id='word_1_626' title='bbox 992 4467 1089 4545; x_wconf 74' lang='grc' dir='ltr'>μὲν</span> <span class='ocrx_word' id='word_1_627' title='bbox 1139 4466 1232 4526; x_wconf 63' lang='grc' dir='ltr'><strong>καὶ⁵</strong></span> <span class='ocrx_word' id='word_1_628' title='bbox 1277 4466 1366 4525; x_wconf 84' lang='grc' dir='ltr'><strong>τὸν</strong></span> <span class='ocrx_word' id='word_1_629' title='bbox 1413 4465 1640 4538; x_wconf 85' lang='grc' dir='ltr'>πλησίον</span> <span class='ocrx_word' id='word_1_630' title='bbox 1686 4465 1981 4541; x_wconf 88' lang='grc' dir='ltr'>πολλάκις,</span> 
     </span>
    </p>
   </div>
   <div class='ocr_carea' id='block_1_80' title="bbox 383 4532 2066 4638">
    <p class='ocr_par' dir='ltr' id='par_1_80' title="bbox 383 4532 2066 4638">
     <span class='ocr_line' id='line_1_80' title="bbox 383 4532 2066 4638; baseline -0.001 -27"><span class='ocrx_word' id='word_1_631' title='bbox 383 4532 611 4614; x_wconf 69' lang='grc' dir='ltr'>πάντοτε</span> <span class='ocrx_word' id='word_1_632' title='bbox 643 4553 698 4614; x_wconf 79' lang='grc' dir='ltr'>δὲ</span> <span class='ocrx_word' id='word_1_633' title='bbox 729 4532 952 4619; x_wconf 55' lang='grc' dir='ltr'>’ἑαυτόν.</span> <span class='ocrx_word' id='word_1_634' title='bbox 992 4532 1026 4610; x_wconf 54' lang='grc' dir='ltr'>ἰ</span> <span class='ocrx_word' id='word_1_635' title='bbox 1058 4554 1220 4616; x_wconf 79' lang='grc' dir='ltr'>Ἀλλὰ</span> <span class='ocrx_word' id='word_1_636' title='bbox 1249 4557 1326 4637; x_wconf 91' lang='grc' dir='ltr'><strong>τῷ</strong></span> <span class='ocrx_word' id='word_1_637' title='bbox 1355 4557 1483 4636; x_wconf 87' lang='grc' dir='ltr'>Θεῷ</span> <span class='ocrx_word' id='word_1_638' title='bbox 1511 4532 1982 4638; x_wconf 37' lang='lat' dir='ltr'><strong>stupuerint”;</strong></span> <span class='ocrx_word' id='word_1_639' title='bbox 2016 4532 2066 4594; x_wconf 81' lang='lat' dir='ltr'><strong>D</strong></span> 
     </span>
    </p>
   </div>
   <div class='ocr_carea' id='block_1_81' title="bbox 384 4644 1986 4726">
    <p class='ocr_par' dir='ltr' id='par_1_81' title="bbox 384 4644 1986 4726">
     <span class='ocr_line' id='line_1_81' title="bbox 384 4644 1986 4726; baseline 0.001 -24"><span class='ocrx_word' id='word_1_640' title='bbox 384 4644 724 4718; x_wconf 80' lang='grc' dir='ltr'>ἐννοήσαντες</span> <span class='ocrx_word' id='word_1_641' title='bbox 768 4644 831 4705; x_wconf 81' lang='grc' dir='ltr'>τὸ</span> <span class='ocrx_word' id='word_1_642' title='bbox 883 4644 1047 4724; x_wconf 81' lang='grc' dir='ltr'>μέσον</span> <span class='ocrx_word' id='word_1_643' title='bbox 1096 4649 1190 4706; x_wconf 92' lang='grc' dir='ltr'><strong>τοῦ</strong></span> <span class='ocrx_word' id='word_1_644' title='bbox 1225 4646 1368 4707; x_wconf 88' lang='grc' dir='ltr'>Θεοῦ</span> <span class='ocrx_word' id='word_1_645' title='bbox 1409 4645 1501 4705; x_wconf 83' lang='grc' dir='ltr'><strong>καὶ</strong></span> <span class='ocrx_word' id='word_1_646' title='bbox 1561 4649 1654 4717; x_wconf 82' lang='grc' dir='ltr'><strong>τῆς</strong></span> <span class='ocrx_word' id='word_1_647' title='bbox 1688 4644 1986 4726; x_wconf 72' lang='grc' dir='ltr'>ἁμαρτίας,</span> 
     </span>
    </p>
   </div>
   <div class='ocr_carea' id='block_1_82' title="bbox 383 4733 1986 4816">
    <p class='ocr_par' dir='ltr' id='par_1_82' title="bbox 383 4733 1986 4816">
     <span class='ocr_line' id='line_1_82' title="bbox 383 4733 1986 4816; baseline 0.003 -24"><span class='ocrx_word' id='word_1_648' title='bbox 383 4733 475 4816; x_wconf 65' lang='grc' dir='ltr'>καὶ</span> <span class='ocrx_word' id='word_1_649' title='bbox 521 4733 624 4796; x_wconf 64' lang='grc' dir='ltr'>ἐπὸ</span> <span class='ocrx_word' id='word_1_650' title='bbox 670 4733 772 4794; x_wconf 86' lang='grc' dir='ltr'>τίνι</span> <span class='ocrx_word' id='word_1_651' title='bbox 823 4735 1032 4816; x_wconf 84' lang='grc' dir='ltr'>βέλτιον</span> <span class='ocrx_word' id='word_1_652' title='bbox 1093 4736 1382 4796; x_wconf 89' lang='grc' dir='ltr'>τάττεσθαι</span> <span class='ocrx_word' id='word_1_653' title='bbox 1431 4734 1522 4795; x_wconf 81' lang='grc' dir='ltr'><strong>καὶ</strong></span> <span class='ocrx_word' id='word_1_654' title='bbox 1582 4735 1986 4815; x_wconf 87' lang='grc' dir='ltr'>βασιλεύεσθαι,</span> 
     </span>
    </p>
   </div>
   <div class='ocr_carea' id='block_1_83' title="bbox 387 4812 1984 4910">
    <p class='ocr_par' dir='ltr' id='par_1_83' title="bbox 387 4812 1984 4910">
     <span class='ocr_line' id='line_1_83' title="bbox 387 4812 1984 4910; baseline 0.005 -29"><span class='ocrx_word' id='word_1_655' title='bbox 387 4812 494 4903; x_wconf 63' lang='grc' dir='ltr'><strong>ἀρα</strong></span> <span class='ocrx_word' id='word_1_656' title='bbox 631 4812 949 4908; x_wconf 85' lang='grc' dir='ltr'>νεκρωσάσῃ</span> <span class='ocrx_word' id='word_1_657' title='bbox 985 4825 1259 4907; x_wconf 71' lang='grc' dir='ltr'>ἁμαρτίᾳ,</span> <span class='ocrx_word' id='word_1_658' title='bbox 1309 4824 1344 4898; x_wconf 80' lang='grc' dir='ltr'>ἢ</span> <span class='ocrx_word' id='word_1_659' title='bbox 1387 4827 1464 4907; x_wconf 89' lang='grc' dir='ltr'><strong>τῷ</strong></span> <span class='ocrx_word' id='word_1_660' title='bbox 1510 4812 1784 4894; x_wconf 75' lang='grc' dir='ltr'>ζωῶσαντι</span> <span class='ocrx_word' id='word_1_661' title='bbox 1834 4829 1984 4910; x_wconf 88' lang='grc' dir='ltr'>Θεῷ.</span> 
     </span>
    </p>
   </div>
   <div class='ocr_carea' id='block_1_84' title="bbox 395 4913 1990 4996">
    <p class='ocr_par' dir='ltr' id='par_1_84' title="bbox 395 4913 1990 4996">
     <span class='ocr_line' id='line_1_84' title="bbox 395 4913 1990 4996; baseline 0.002 -23"><span class='ocrx_word' id='word_1_662' title='bbox 395 4941 420 4966; x_wconf 75' lang='grc' dir='ltr'><strong>α</strong></span> <span class='ocrx_word' id='word_1_663' title='bbox 450 4913 642 4975; x_wconf 70' lang='grc' dir='ltr'>’Ὅπλα</span> <span class='ocrx_word' id='word_1_664' title='bbox 662 4913 718 4974; x_wconf 83' lang='grc' dir='ltr'>δὲ</span> <span class='ocrx_word' id='word_1_665' title='bbox 745 4916 1082 4989; x_wconf 88' lang='grc' dir='ltr'>δικαιοσύνης</span> <span class='ocrx_word' id='word_1_666' title='bbox 1105 4915 1172 4975; x_wconf 78' lang='grc' dir='ltr'><strong>τὰ</strong></span> <span class='ocrx_word' id='word_1_667' title='bbox 1201 4915 1339 4995; x_wconf 84' lang='grc' dir='ltr'>μέλη</span> <span class='ocrx_word' id='word_1_668' title='bbox 1363 4942 1388 4969; x_wconf 70' lang='grc' dir='ltr'>ι</span> <span class='ocrx_word' id='word_1_669' title='bbox 1417 4914 1598 4990; x_wconf 76' lang='grc' dir='ltr'>εἰπὼν,</span> <span class='ocrx_word' id='word_1_670' title='bbox 1619 4915 1733 4994; x_wconf 80' lang='grc' dir='ltr'><strong>ἅμα</strong></span> <span class='ocrx_word' id='word_1_671' title='bbox 1758 4915 1854 4996; x_wconf 82' lang='grc' dir='ltr'>μὲν</span> <span class='ocrx_word' id='word_1_672' title='bbox 1883 4917 1990 4976; x_wconf 86' lang='grc' dir='ltr'>δεί-</span> 
     </span>
    </p>
   </div>
   <div class='ocr_carea' id='block_1_85' title="bbox 381 5003 1988 5089">
    <p class='ocr_par' dir='ltr' id='par_1_85' title="bbox 381 5003 1988 5089">
     <span class='ocr_line' id='line_1_85' title="bbox 381 5003 1988 5089; baseline 0.001 -23"><span class='ocrx_word' id='word_1_673' title='bbox 381 5027 597 5080; x_wconf 87' lang='grc' dir='ltr'>κνυσιν,</span> <span class='ocrx_word' id='word_1_674' title='bbox 646 5003 798 5066; x_wconf 76' lang='grc' dir='ltr'>δκαὶ</span> <span class='ocrx_word' id='word_1_675' title='bbox 829 5006 1082 5087; x_wconf 84' lang='grc' dir='ltr'>ἀνωτέρω</span> <span class='ocrx_word' id='word_1_676' title='bbox 1125 5006 1374 5088; x_wconf 84' lang='grc' dir='ltr'>εἴρηται,</span> <span class='ocrx_word' id='word_1_677' title='bbox 1421 5005 1500 5065; x_wconf 78' lang='grc' dir='ltr'><strong>ὅτι</strong></span> <span class='ocrx_word' id='word_1_678' title='bbox 1549 5008 1608 5067; x_wconf 83' lang='grc' dir='ltr'>οὗ</span> <span class='ocrx_word' id='word_1_679' title='bbox 1653 5006 1884 5089; x_wconf 80' lang='grc' dir='ltr'>πόνηρὸν</span> <span class='ocrx_word' id='word_1_680' title='bbox 1927 5007 1988 5068; x_wconf 82' lang='grc' dir='ltr'><strong>τὸ</strong></span> 
     </span>
    </p>
   </div>
   <div class='ocr_carea' id='block_1_86' title="bbox 381 5093 1981 5176">
    <p class='ocr_par' dir='ltr' id='par_1_86' title="bbox 381 5093 1981 5176">
     <span class='ocr_line' id='line_1_86' title="bbox 381 5093 1981 5176; baseline 0.001 -20"><span class='ocrx_word' id='word_1_681' title='bbox 381 5097 573 5174; x_wconf 78' lang='grc' dir='ltr'>σῶμα,</span> <span class='ocrx_word' id='word_1_682' title='bbox 623 5095 673 5156; x_wconf 81' lang='grc' dir='ltr'>εἴ</span> <span class='ocrx_word' id='word_1_683' title='bbox 713 5119 773 5176; x_wconf 89' lang='grc' dir='ltr'>γε</span> <span class='ocrx_word' id='word_1_684' title='bbox 823 5093 986 5158; x_wconf 72' lang='grc' dir='ltr'>ὅπλον</span> <span class='ocrx_word' id='word_1_685' title='bbox 1033 5097 1375 5172; x_wconf 87' lang='grc' dir='ltr'>δικαιοσύνης</span> <span class='ocrx_word' id='word_1_686' title='bbox 1422 5093 1642 5156; x_wconf 88' lang='grc' dir='ltr'>δύναται</span> <span class='ocrx_word' id='word_1_687' title='bbox 1694 5095 1981 5176; x_wconf 84' lang='grc' dir='ltr'>γενέσθαι·</span> 
     </span>
    </p>
   </div>
   <div class='ocr_carea' id='block_1_87' title="bbox 379 5183 1980 5270">
    <p class='ocr_par' dir='ltr' id='par_1_87' title="bbox 379 5183 1980 5270">
     <span class='ocr_line' id='line_1_87' title="bbox 379 5183 1980 5270; baseline 0.002 -24"><span class='ocrx_word' id='word_1_688' title='bbox 379 5184 496 5263; x_wconf 78' lang='grc' dir='ltr'><strong>ἅμα</strong></span> <span class='ocrx_word' id='word_1_689' title='bbox 519 5186 574 5246; x_wconf 80' lang='grc' dir='ltr'>δὲ</span> <span class='ocrx_word' id='word_1_690' title='bbox 598 5235 612 5258; x_wconf 83' lang='grc'><strong>,</strong></span> <span class='ocrx_word' id='word_1_691' title='bbox 646 5183 728 5246; x_wconf 77' lang='grc' dir='ltr'><strong>ὅτι</strong></span> <span class='ocrx_word' id='word_1_692' title='bbox 757 5185 851 5270; x_wconf 73' lang='grc' dir='ltr'>καὶ</span> <span class='ocrx_word' id='word_1_693' title='bbox 886 5186 1119 5266; x_wconf 86' lang='grc' dir='ltr'>πόλεμος</span> <span class='ocrx_word' id='word_1_694' title='bbox 1148 5185 1441 5270; x_wconf 77' lang='grc' dir='ltr'>ἐφέστηκε,</span> <span class='ocrx_word' id='word_1_695' title='bbox 1487 5185 1581 5246; x_wconf 81' lang='grc' dir='ltr'>καὶ</span> <span class='ocrx_word' id='word_1_696' title='bbox 1612 5187 1691 5248; x_wconf 85' lang='grc' dir='ltr'><strong>δεῖ</strong></span> <span class='ocrx_word' id='word_1_697' title='bbox 1723 5186 1824 5246; x_wconf 75' lang='grc' dir='ltr'>ὑπὸ</span> <span class='ocrx_word' id='word_1_698' title='bbox 1849 5190 1980 5270; x_wconf 83' lang='grc' dir='ltr'><strong>Θεῷ</strong></span> 
     </span>
    </p>
   </div>
   <div class='ocr_carea' id='block_1_88' title="bbox 380 5267 1979 5360">
    <p class='ocr_par' dir='ltr' id='par_1_88' title="bbox 380 5267 1979 5360">
     <span class='ocr_line' id='line_1_88' title="bbox 380 5267 1979 5360; baseline 0.002 -24"><span class='ocrx_word' id='word_1_699' title='bbox 380 5277 669 5359; x_wconf 80' lang='grc' dir='ltr'>στρατηγῷ</span> <span class='ocrx_word' id='word_1_700' title='bbox 703 5275 754 5312; x_wconf 78' lang='grc'><strong>⁴²</strong></span> <span class='ocrx_word' id='word_1_701' title='bbox 780 5267 950 5352; x_wconf 79' lang='grc' dir='ltr'>εἷναι,</span> <span class='ocrx_word' id='word_1_702' title='bbox 993 5277 1086 5338; x_wconf 82' lang='grc' dir='ltr'>καὶ</span> <span class='ocrx_word' id='word_1_703' title='bbox 1114 5267 1198 5337; x_wconf 27' lang='grc' dir='ltr'>τὰ*</span> <span class='ocrx_word' id='word_1_704' title='bbox 1216 5275 1358 5337; x_wconf 76' lang='grc' dir='ltr'>ὅπλα</span> <span class='ocrx_word' id='word_1_705' title='bbox 1402 5275 1536 5358; x_wconf 77' lang='grc' dir='ltr'>ὑπὲρ</span> <span class='ocrx_word' id='word_1_706' title='bbox 1560 5279 1656 5352; x_wconf 77' lang='grc' dir='ltr'><strong>τῆς</strong></span> <span class='ocrx_word' id='word_1_707' title='bbox 1687 5280 1864 5360; x_wconf 76' lang='grc' dir='ltr'>ψυχῆς</span> <span class='ocrx_word' id='word_1_708' title='bbox 1891 5267 1979 5339; x_wconf 63' lang='lat' dir='ltr'><strong>rt-</strong></span> 
     </span>
    </p>
   </div>
   <div class='ocr_carea' id='block_1_89' title="bbox 378 5365 547 5429">
    <p class='ocr_par' dir='ltr' id='par_1_89' title="bbox 378 5365 547 5429">
     <span class='ocr_line' id='line_1_89' title="bbox 378 5365 547 5429; baseline 0.018 -4"><span class='ocrx_word' id='word_1_709' title='bbox 378 5365 547 5429; x_wconf 80' lang='grc' dir='ltr'>θέναι.</span> 
     </span>
    </p>
   </div>
   <div class='ocr_carea' id='block_1_90' title="bbox 463 5454 1979 5540">
    <p class='ocr_par' dir='ltr' id='par_1_90' title="bbox 463 5454 1979 5540">
     <span class='ocr_line' id='line_1_90' title="bbox 463 5454 1979 5540; baseline 0.003 -27"><span class='ocrx_word' id='word_1_710' title='bbox 463 5479 495 5513; x_wconf 73' lang='grc' dir='ltr'>ι</span> <span class='ocrx_word' id='word_1_711' title='bbox 529 5455 792 5540; x_wconf 77' lang='grc' dir='ltr'>Ἀμαρτία</span> <span class='ocrx_word' id='word_1_712' title='bbox 842 5454 946 5537; x_wconf 77' lang='grc' dir='ltr'><strong>γὰρ</strong></span> <span class='ocrx_word' id='word_1_713' title='bbox 994 5457 1143 5536; x_wconf 74' lang='grc' dir='ltr'>ὑμῶν</span> <span class='ocrx_word' id='word_1_714' title='bbox 1191 5460 1252 5518; x_wconf 83' lang='grc' dir='ltr'>οὗ</span> <span class='ocrx_word' id='word_1_715' title='bbox 1297 5455 1547 5539; x_wconf 85' lang='grc' dir='ltr'>κυριεύει.</span> <span class='ocrx_word' id='word_1_716' title='bbox 1589 5459 1672 5519; x_wconf 81' lang='grc' dir='ltr'><strong>Οὔ</strong></span> <span class='ocrx_word' id='word_1_717' title='bbox 1707 5455 1809 5540; x_wconf 85' lang='grc' dir='ltr'>γάρ</span> <span class='ocrx_word' id='word_1_718' title='bbox 1859 5461 1979 5519; x_wconf 76' lang='grc' dir='ltr'>ἔστε</span> 
     </span>
    </p>
   </div>
   <div class='ocr_carea' id='block_1_91' title="bbox 2169 3653 3707 3716">
    <p class='ocr_par' dir='ltr' id='par_1_91' title="bbox 2169 3653 3707 3716">
     <span class='ocr_line' id='line_1_91' title="bbox 2169 3653 3707 3716; baseline -0.002 -2"><span class='ocrx_word' id='word_1_719' title='bbox 2169 3660 2341 3715; x_wconf 71' lang='lat' dir='ltr'><strong>Vnus.</strong></span> <span class='ocrx_word' id='word_1_720' title='bbox 2390 3660 2474 3716; x_wconf 83' lang='lat'><strong>13.</strong></span> <span class='ocrx_word' id='word_1_721' title='bbox 2511 3678 2537 3706; x_wconf 73' lang='grc' dir='ltr'><strong>α</strong></span> <span class='ocrx_word' id='word_1_722' title='bbox 2580 3658 2663 3713; x_wconf 89' lang='lat' dir='ltr'><strong>Ne</strong></span> <span class='ocrx_word' id='word_1_723' title='bbox 2712 3654 3014 3713; x_wconf 85' lang='lat' dir='ltr'><strong>exhibeatis</strong></span> <span class='ocrx_word' id='word_1_724' title='bbox 3036 3653 3286 3711; x_wconf 91' lang='lat' dir='ltr'><strong>membra</strong></span> <span class='ocrx_word' id='word_1_725' title='bbox 3341 3661 3520 3712; x_wconf 87' lang='lat' dir='ltr'><strong>vestra</strong></span> <span class='ocrx_word' id='word_1_726' title='bbox 3549 3669 3707 3711; x_wconf 89' lang='lat' dir='ltr'><strong>arma</strong></span> 
     </span>
    </p>
   </div>
   <div class='ocr_carea' id='block_1_92' title="bbox 2098 3744 3705 3822">
    <p class='ocr_par' dir='ltr' id='par_1_92' title="bbox 2098 3744 3705 3822">
     <span class='ocr_line' id='line_1_92' title="bbox 2098 3744 3705 3822; baseline -0.003 -17"><span class='ocrx_word' id='word_1_727' title='bbox 2098 3747 2401 3822; x_wconf 87' lang='lat' dir='ltr'><strong>iniquitatis</strong></span> <span class='ocrx_word' id='word_1_728' title='bbox 2455 3753 2716 3820; x_wconf 90' lang='lat' dir='ltr'><strong>peccato,</strong></span> <span class='ocrx_word' id='word_1_729' title='bbox 2765 3745 2862 3803; x_wconf 90' lang='lat' dir='ltr'><strong>sed</strong></span> <span class='ocrx_word' id='word_1_730' title='bbox 2917 3744 3172 3802; x_wconf 86' lang='lat' dir='ltr'><strong>exhibete</strong></span> <span class='ocrx_word' id='word_1_731' title='bbox 3235 3759 3334 3802; x_wconf 90' lang='lat' dir='ltr'><strong>vos</strong></span> <span class='ocrx_word' id='word_1_732' title='bbox 3391 3744 3541 3818; x_wconf 90' lang='lat' dir='ltr'><strong>ipsos</strong></span> <span class='ocrx_word' id='word_1_733' title='bbox 3583 3746 3705 3800; x_wconf 91' lang='lat' dir='ltr'><strong>Deo</strong></span> 
     </span>
    </p>
   </div>
   <div class='ocr_carea' id='block_1_93' title="bbox 2098 3833 3707 3911">
    <p class='ocr_par' dir='ltr' id='par_1_93' title="bbox 2098 3833 3707 3911">
     <span class='ocr_line' id='line_1_93' title="bbox 2098 3833 3707 3911; baseline -0.002 -16"><span class='ocrx_word' id='word_1_734' title='bbox 2098 3846 2367 3911; x_wconf 88' lang='lat' dir='ltr'><strong>tanquam</strong></span> <span class='ocrx_word' id='word_1_735' title='bbox 2405 3852 2473 3894; x_wconf 85' lang='lat' dir='ltr'><strong>ex</strong></span> <span class='ocrx_word' id='word_1_736' title='bbox 2511 3835 2751 3894; x_wconf 89' lang='lat' dir='ltr'><strong>mortuis</strong></span> <span class='ocrx_word' id='word_1_737' title='bbox 2804 3836 3079 3904; x_wconf 88' lang='lat' dir='ltr'><strong>viventes,</strong></span> <span class='ocrx_word' id='word_1_738' title='bbox 3111 3842 3166 3890; x_wconf 91' lang='lat' dir='ltr'><strong>et</strong></span> <span class='ocrx_word' id='word_1_739' title='bbox 3217 3833 3470 3892; x_wconf 88' lang='lat' dir='ltr'><strong>membra</strong></span> <span class='ocrx_word' id='word_1_740' title='bbox 3524 3841 3707 3891; x_wconf 86' lang='lat' dir='ltr'><strong>vestra</strong></span> 
     </span>
    </p>
   </div>
   <div class='ocr_carea' id='block_1_94' title="bbox 2097 3923 3705 4000">
    <p class='ocr_par' dir='ltr' id='par_1_94' title="bbox 2097 3923 3705 4000">
     <span class='ocr_line' id='line_1_94' title="bbox 2097 3923 3705 4000; baseline -0.002 -15"><span class='ocrx_word' id='word_1_741' title='bbox 2097 3944 2252 3985; x_wconf 87' lang='lat' dir='ltr'><strong>arma</strong></span> <span class='ocrx_word' id='word_1_742' title='bbox 2269 3926 2499 4000; x_wconf 66' lang='lat' dir='ltr'><strong>justitiaa</strong></span> <span class='ocrx_word' id='word_1_743' title='bbox 2554 3929 2695 3983; x_wconf 90' lang='lat' dir='ltr'><strong>Deo.</strong></span> <span class='ocrx_word' id='word_1_744' title='bbox 2731 3949 2758 3976; x_wconf 74' lang='grc' dir='ltr'>ι»</span> <span class='ocrx_word' id='word_1_745' title='bbox 2793 3924 2905 3983; x_wconf 92' lang='lat' dir='ltr'><strong>Ubi</strong></span> <span class='ocrx_word' id='word_1_746' title='bbox 2929 3923 3221 3982; x_wconf 67' lang='lat' dir='ltr'><strong>Manichaai</strong></span> <span class='ocrx_word' id='word_1_747' title='bbox 3241 3924 3336 3998; x_wconf 91' lang='lat' dir='ltr'><strong>qui</strong></span> <span class='ocrx_word' id='word_1_748' title='bbox 3375 3940 3578 3998; x_wconf 89' lang='lat' dir='ltr'><strong>corpus</strong></span> <span class='ocrx_word' id='word_1_749' title='bbox 3601 3939 3705 3982; x_wconf 88' lang='lat' dir='ltr'><strong>na-</strong></span> 
     </span>
    </p>
   </div>
   <div class='ocr_carea' id='block_1_95' title="bbox 2096 4013 3702 4090">
    <p class='ocr_par' dir='ltr' id='par_1_95' title="bbox 2096 4013 3702 4090">
     <span class='ocr_line' id='line_1_95' title="bbox 2096 4013 3702 4090; baseline -0.001 -16"><span class='ocrx_word' id='word_1_750' title='bbox 2096 4025 2220 4074; x_wconf 88' lang='lat' dir='ltr'><strong>tura</strong></span> <span class='ocrx_word' id='word_1_751' title='bbox 2266 4031 2498 4090; x_wconf 90' lang='lat' dir='ltr'><strong>pravum</strong></span> <span class='ocrx_word' id='word_1_752' title='bbox 2543 4013 2787 4072; x_wconf 77' lang='lat' dir='ltr'><strong>dicunt?</strong></span> <span class='ocrx_word' id='word_1_753' title='bbox 2835 4029 3128 4071; x_wconf 89' lang='lat' dir='ltr'><strong>armorum</strong></span> <span class='ocrx_word' id='word_1_754' title='bbox 3172 4013 3327 4070; x_wconf 91' lang='lat' dir='ltr'><strong>enim</strong></span> <span class='ocrx_word' id='word_1_755' title='bbox 3358 4013 3448 4071; x_wconf 92' lang='lat' dir='ltr'><strong>hic</strong></span> <span class='ocrx_word' id='word_1_756' title='bbox 3471 4015 3702 4072; x_wconf 89' lang='lat' dir='ltr'><strong>nomine</strong></span> 
     </span>
    </p>
   </div>
   <div class='ocr_carea' id='block_1_96' title="bbox 2097 4104 3702 4176">
    <p class='ocr_par' dir='ltr' id='par_1_96' title="bbox 2097 4104 3702 4176">
     <span class='ocr_line' id='line_1_96' title="bbox 2097 4104 3702 4176; baseline -0.002 -11"><span class='ocrx_word' id='word_1_757' title='bbox 2097 4115 2378 4176; x_wconf 86' lang='lat' dir='ltr'><strong>censetur;</strong></span> <span class='ocrx_word' id='word_1_758' title='bbox 2411 4121 2565 4163; x_wconf 90' lang='lat' dir='ltr'><strong>arma</strong></span> <span class='ocrx_word' id='word_1_759' title='bbox 2610 4120 2771 4174; x_wconf 92' lang='lat' dir='ltr'><strong>vero,</strong></span> <span class='ocrx_word' id='word_1_760' title='bbox 2815 4104 2998 4162; x_wconf 90' lang='lat' dir='ltr'><strong>media</strong></span> <span class='ocrx_word' id='word_1_761' title='bbox 3055 4104 3199 4162; x_wconf 88' lang='lat' dir='ltr'><strong>inter</strong></span> <span class='ocrx_word' id='word_1_762' title='bbox 3226 4104 3487 4162; x_wconf 88' lang='lat' dir='ltr'><strong>virtutem</strong></span> <span class='ocrx_word' id='word_1_763' title='bbox 3534 4114 3591 4164; x_wconf 91' lang='lat' dir='ltr'><strong>et</strong></span> <span class='ocrx_word' id='word_1_764' title='bbox 3619 4105 3702 4162; x_wconf 91' lang='lat' dir='ltr'><strong>vi-</strong></span> 
     </span>
    </p>
   </div>
   <div class='ocr_carea' id='block_1_97' title="bbox 2097 4195 3698 4270">
    <p class='ocr_par' dir='ltr' id='par_1_97' title="bbox 2097 4195 3698 4270">
     <span class='ocr_line' id='line_1_97' title="bbox 2097 4195 3698 4270; baseline -0.001 -15"><span class='ocrx_word' id='word_1_765' title='bbox 2097 4199 2261 4255; x_wconf 89' lang='lat' dir='ltr'><strong>tium.</strong></span> <span class='ocrx_word' id='word_1_766' title='bbox 2298 4196 2461 4253; x_wconf 90' lang='lat' dir='ltr'><strong>Militi</strong></span> <span class='ocrx_word' id='word_1_767' title='bbox 2485 4239 2502 4266; x_wconf 92' lang='lat'><strong>,</strong></span> <span class='ocrx_word' id='word_1_768' title='bbox 2537 4195 2685 4253; x_wconf 87' lang='lat' dir='ltr'><strong>ensis</strong></span> <span class='ocrx_word' id='word_1_769' title='bbox 2721 4202 2806 4252; x_wconf 90' lang='lat' dir='ltr'><strong>est</strong></span> <span class='ocrx_word' id='word_1_770' title='bbox 2857 4195 3294 4252; x_wconf 90' lang='lat' dir='ltr'><strong>instrumentum</strong></span> <span class='ocrx_word' id='word_1_771' title='bbox 3325 4211 3427 4270; x_wconf 91' lang='lat' dir='ltr'><strong>pro</strong></span> <span class='ocrx_word' id='word_1_772' title='bbox 3459 4195 3698 4268; x_wconf 83' lang='lat' dir='ltr'><strong>civibus;</strong></span> 
     </span>
    </p>
   </div>
   <div class='ocr_carea' id='block_1_98' title="bbox 2093 4285 3704 4362">
    <p class='ocr_par' dir='ltr' id='par_1_98' title="bbox 2093 4285 3704 4362">
     <span class='ocr_line' id='line_1_98' title="bbox 2093 4285 3704 4362; baseline -0.002 -16"><span class='ocrx_word' id='word_1_773' title='bbox 2093 4287 2365 4362; x_wconf 66' lang='lat' dir='ltr'><strong>praedoni,</strong></span> <span class='ocrx_word' id='word_1_774' title='bbox 2412 4285 2624 4361; x_wconf 87' lang='lat' dir='ltr'><strong>gladius</strong></span> <span class='ocrx_word' id='word_1_775' title='bbox 2663 4285 3093 4343; x_wconf 90' lang='lat' dir='ltr'><strong>instrumentum</strong></span> <span class='ocrx_word' id='word_1_776' title='bbox 3163 4293 3248 4344; x_wconf 91' lang='lat' dir='ltr'><strong>est</strong></span> <span class='ocrx_word' id='word_1_777' title='bbox 3292 4294 3488 4344; x_wconf 91' lang='lat' dir='ltr'><strong>contra</strong></span> <span class='ocrx_word' id='word_1_778' title='bbox 3540 4287 3704 4344; x_wconf 91' lang='lat' dir='ltr'><strong>cives.</strong></span> 
     </span>
    </p>
   </div>
   <div class='ocr_carea' id='block_1_99' title="bbox 2095 4377 3705 4452">
    <p class='ocr_par' dir='ltr' id='par_1_99' title="bbox 2095 4377 3705 4452">
     <span class='ocr_line' id='line_1_99' title="bbox 2095 4377 3705 4452; baseline -0.001 -15"><span class='ocrx_word' id='word_1_779' title='bbox 2095 4401 2122 4429; x_wconf 75' lang='grc' dir='ltr'><strong>α</strong></span> <span class='ocrx_word' id='word_1_780' title='bbox 2165 4383 2248 4437; x_wconf 88' lang='lat' dir='ltr'><strong>Ne</strong></span> <span class='ocrx_word' id='word_1_781' title='bbox 2276 4377 2526 4436; x_wconf 88' lang='lat' dir='ltr'><strong>exhibete</strong></span> <span class='ocrx_word' id='word_1_782' title='bbox 2555 4377 2723 4452; x_wconf 89' lang='lat' dir='ltr'><strong>igitur</strong></span> <span class='ocrx_word' id='word_1_783' title='bbox 2742 4377 2994 4434; x_wconf 92' lang='lat' dir='ltr'><strong>membra</strong></span> <span class='ocrx_word' id='word_1_784' title='bbox 3022 4385 3204 4434; x_wconf 88' lang='lat' dir='ltr'><strong>vestra</strong></span> <span class='ocrx_word' id='word_1_785' title='bbox 3233 4393 3388 4434; x_wconf 90' lang='lat' dir='ltr'><strong>arma</strong></span> <span class='ocrx_word' id='word_1_786' title='bbox 3419 4377 3705 4452; x_wconf 68' lang='lat' dir='ltr'><strong>injustitia:</strong></span> 
     </span>
    </p>
   </div>
   <div class='ocr_carea' id='block_1_100' title="bbox 2095 4467 3701 4545">
    <p class='ocr_par' dir='ltr' id='par_1_100' title="bbox 2095 4467 3701 4545">
     <span class='ocr_line' id='line_1_100' title="bbox 2095 4467 3701 4545; baseline -0.002 -17"><span class='ocrx_word' id='word_1_787' title='bbox 2095 4477 2337 4545; x_wconf 91' lang='lat' dir='ltr'><strong>peccato.</strong></span> <span class='ocrx_word' id='word_1_788' title='bbox 2369 4488 2398 4523; x_wconf 65' lang='grc' dir='ltr'><strong>ιι</strong></span> <span class='ocrx_word' id='word_1_789' title='bbox 2449 4468 2562 4540; x_wconf 86' lang='lat' dir='ltr'><strong>Qui</strong></span> <span class='ocrx_word' id='word_1_790' title='bbox 2588 4467 2739 4526; x_wconf 91' lang='lat' dir='ltr'><strong>enim</strong></span> <span class='ocrx_word' id='word_1_791' title='bbox 2781 4475 2999 4542; x_wconf 88' lang='lat' dir='ltr'><strong>peccat,</strong></span> <span class='ocrx_word' id='word_1_792' title='bbox 3032 4468 3290 4541; x_wconf 79' lang='lat' dir='ltr'><strong>iniuriam</strong></span> <span class='ocrx_word' id='word_1_793' title='bbox 3334 4483 3465 4524; x_wconf 90' lang='lat' dir='ltr'><strong>sane</strong></span> <span class='ocrx_word' id='word_1_794' title='bbox 3503 4467 3701 4536; x_wconf 80' lang='lat' dir='ltr'><strong>infert;</strong></span> 
     </span>
    </p>
   </div>
   <div class='ocr_carea' id='block_1_101' title="bbox 2096 4556 3701 4634">
    <p class='ocr_par' dir='ltr' id='par_1_101' title="bbox 2096 4556 3701 4634">
     <span class='ocr_line' id='line_1_101' title="bbox 2096 4556 3701 4634; baseline -0.002 -16"><span class='ocrx_word' id='word_1_795' title='bbox 2096 4561 2350 4634; x_wconf 81' lang='lat' dir='ltr'><strong>proximo</strong></span> <span class='ocrx_word' id='word_1_796' title='bbox 2406 4573 2584 4632; x_wconf 63' lang='lat' dir='ltr'><strong>saepe,</strong></span> <span class='ocrx_word' id='word_1_797' title='bbox 2630 4557 2736 4615; x_wconf 87' lang='lat' dir='ltr'><strong>sibi</strong></span> <span class='ocrx_word' id='word_1_798' title='bbox 2767 4573 2894 4615; x_wconf 90' lang='lat' dir='ltr'><strong>vero</strong></span> <span class='ocrx_word' id='word_1_799' title='bbox 2940 4573 3178 4632; x_wconf 89' lang='lat' dir='ltr'><strong>semper.</strong></span> <span class='ocrx_word' id='word_1_800' title='bbox 3215 4579 3243 4607; x_wconf 76' lang='grc' dir='ltr'><strong>ι</strong></span> <span class='ocrx_word' id='word_1_801' title='bbox 3293 4556 3401 4615; x_wconf 91' lang='lat' dir='ltr'><strong>Sed</strong></span> <span class='ocrx_word' id='word_1_802' title='bbox 3448 4556 3701 4615; x_wconf 88' lang='lat' dir='ltr'><strong>exhibete</strong></span> 
     </span>
    </p>
   </div>
   <div class='ocr_carea' id='block_1_102' title="bbox 2096 4647 3704 4725">
    <p class='ocr_par' dir='ltr' id='par_1_102' title="bbox 2096 4647 3704 4725">
     <span class='ocr_line' id='line_1_102' title="bbox 2096 4647 3704 4725; baseline -0.001 -19"><span class='ocrx_word' id='word_1_803' title='bbox 2096 4668 2192 4709; x_wconf 93' lang='lat' dir='ltr'><strong>vos</strong></span> <span class='ocrx_word' id='word_1_804' title='bbox 2213 4651 2360 4725; x_wconf 90' lang='lat' dir='ltr'><strong>ipsos</strong></span> <span class='ocrx_word' id='word_1_805' title='bbox 2383 4651 2504 4706; x_wconf 91' lang='lat' dir='ltr'><strong>Deo</strong></span> <span class='ocrx_word' id='word_1_806' title='bbox 2520 4691 2534 4718; x_wconf 88' lang='lat'><strong>,</strong></span> <span class='ocrx_word' id='word_1_807' title='bbox 2560 4672 2587 4699; x_wconf 61' lang='grc' dir='ltr'><strong>η</strong></span> <span class='ocrx_word' id='word_1_808' title='bbox 2608 4647 2989 4722; x_wconf 86' lang='lat' dir='ltr'><strong>expendentes</strong></span> <span class='ocrx_word' id='word_1_809' title='bbox 3011 4655 3282 4722; x_wconf 87' lang='lat' dir='ltr'><strong>quantum</strong></span> <span class='ocrx_word' id='word_1_810' title='bbox 3306 4647 3533 4704; x_wconf 89' lang='lat' dir='ltr'><strong>interest</strong></span> <span class='ocrx_word' id='word_1_811' title='bbox 3560 4647 3704 4704; x_wconf 91' lang='lat' dir='ltr'><strong>inter</strong></span> 
     </span>
    </p>
   </div>
   <div class='ocr_carea' id='block_1_103' title="bbox 2097 4737 3703 4814">
    <p class='ocr_par' dir='ltr' id='par_1_103' title="bbox 2097 4737 3703 4814">
     <span class='ocr_line' id='line_1_103' title="bbox 2097 4737 3703 4814; baseline -0.003 -15"><span class='ocrx_word' id='word_1_812' title='bbox 2097 4745 2283 4799; x_wconf 91' lang='lat' dir='ltr'><strong>Deum</strong></span> <span class='ocrx_word' id='word_1_813' title='bbox 2312 4748 2370 4797; x_wconf 92' lang='lat' dir='ltr'><strong>et</strong></span> <span class='ocrx_word' id='word_1_814' title='bbox 2397 4747 2681 4814; x_wconf 90' lang='lat' dir='ltr'><strong>peccatum</strong></span> <span class='ocrx_word' id='word_1_815' title='bbox 2699 4782 2715 4810; x_wconf 94' lang='lat'><strong>,</strong></span> <span class='ocrx_word' id='word_1_816' title='bbox 2745 4746 2804 4796; x_wconf 89' lang='lat' dir='ltr'><strong>et</strong></span> <span class='ocrx_word' id='word_1_817' title='bbox 2830 4739 2940 4796; x_wconf 85' lang='lat' dir='ltr'><strong>utri</strong></span> <span class='ocrx_word' id='word_1_818' title='bbox 2970 4737 3170 4796; x_wconf 91' lang='lat' dir='ltr'><strong>melius</strong></span> <span class='ocrx_word' id='word_1_819' title='bbox 3197 4738 3270 4795; x_wconf 91' lang='lat' dir='ltr'><strong>sit</strong></span> <span class='ocrx_word' id='word_1_820' title='bbox 3297 4737 3494 4812; x_wconf 89' lang='lat' dir='ltr'><strong>subjici</strong></span> <span class='ocrx_word' id='word_1_821' title='bbox 3527 4746 3582 4794; x_wconf 91' lang='lat' dir='ltr'><strong>et</strong></span> <span class='ocrx_word' id='word_1_822' title='bbox 3600 4753 3703 4812; x_wconf 84' lang='lat' dir='ltr'><strong>gu-</strong></span> 
     </span>
    </p>
   </div>
   <div class='ocr_carea' id='block_1_104' title="bbox 2096 4828 3705 4902">
    <p class='ocr_par' dir='ltr' id='par_1_104' title="bbox 2096 4828 3705 4902">
     <span class='ocr_line' id='line_1_104' title="bbox 2096 4828 3705 4902; baseline -0.002 -13"><span class='ocrx_word' id='word_1_823' title='bbox 2096 4831 2350 4900; x_wconf 86' lang='lat' dir='ltr'><strong>bernari,</strong></span> <span class='ocrx_word' id='word_1_824' title='bbox 2381 4828 2650 4888; x_wconf 91' lang='lat' dir='ltr'><strong>occidenti</strong></span> <span class='ocrx_word' id='word_1_825' title='bbox 2677 4837 2936 4902; x_wconf 90' lang='lat' dir='ltr'><strong>peccato,</strong></span> <span class='ocrx_word' id='word_1_826' title='bbox 2990 4845 3058 4886; x_wconf 89' lang='lat' dir='ltr'><strong>an</strong></span> <span class='ocrx_word' id='word_1_827' title='bbox 3099 4828 3389 4886; x_wconf 85' lang='lat' dir='ltr'><strong>viviﬁcanti</strong></span> <span class='ocrx_word' id='word_1_828' title='bbox 3422 4831 3562 4887; x_wconf 91' lang='lat' dir='ltr'><strong>Deo.</strong></span> <span class='ocrx_word' id='word_1_829' title='bbox 3605 4829 3705 4886; x_wconf 89' lang='lat' dir='ltr'><strong>Di-</strong></span> 
     </span>
    </p>
   </div>
   <div class='ocr_carea' id='block_1_105' title="bbox 2097 4919 3705 4994">
    <p class='ocr_par' dir='ltr' id='par_1_105' title="bbox 2097 4919 3705 4994">
     <span class='ocr_line' id='line_1_105' title="bbox 2097 4919 3705 4994; baseline -0.002 -14"><span class='ocrx_word' id='word_1_830' title='bbox 2097 4937 2228 4980; x_wconf 91' lang='lat' dir='ltr'><strong>cens</strong></span> <span class='ocrx_word' id='word_1_831' title='bbox 2265 4929 2482 4990; x_wconf 89' lang='lat' dir='ltr'><strong>autem,</strong></span> <span class='ocrx_word' id='word_1_832' title='bbox 2533 4942 2560 4969; x_wconf 74' lang='grc' dir='ltr'><strong>α</strong></span> <span class='ocrx_word' id='word_1_833' title='bbox 2591 4919 2876 4989; x_wconf 90' lang='lat' dir='ltr'><strong>Membra,</strong></span> <span class='ocrx_word' id='word_1_834' title='bbox 2933 4935 3089 4977; x_wconf 90' lang='lat' dir='ltr'><strong>arma</strong></span> <span class='ocrx_word' id='word_1_835' title='bbox 3124 4919 3385 4994; x_wconf 68' lang='lat' dir='ltr'><strong>justitize,</strong></span> <span class='ocrx_word' id='word_1_836' title='bbox 3413 4940 3443 4973; x_wconf 87' lang='lat'>»</span> <span class='ocrx_word' id='word_1_837' title='bbox 3500 4920 3705 4992; x_wconf 91' lang='lat' dir='ltr'><strong>partim</strong></span> 
     </span>
    </p>
   </div>
   <div class='ocr_carea' id='block_1_106' title="bbox 2097 5009 3705 5085">
    <p class='ocr_par' dir='ltr' id='par_1_106' title="bbox 2097 5009 3705 5085">
     <span class='ocr_line' id='line_1_106' title="bbox 2097 5009 3705 5085; baseline -0.002 -16"><span class='ocrx_word' id='word_1_838' title='bbox 2097 5010 2364 5078; x_wconf 87' lang='lat' dir='ltr'><strong>ostendit,</strong></span> <span class='ocrx_word' id='word_1_839' title='bbox 2385 5011 2441 5068; x_wconf 90' lang='lat' dir='ltr'><strong>id</strong></span> <span class='ocrx_word' id='word_1_840' title='bbox 2460 5009 2607 5085; x_wconf 91' lang='lat' dir='ltr'><strong>quod</strong></span> <span class='ocrx_word' id='word_1_841' title='bbox 2630 5025 2796 5083; x_wconf 86' lang='lat' dir='ltr'><strong>supra</strong></span> <span class='ocrx_word' id='word_1_842' title='bbox 2821 5009 3033 5068; x_wconf 90' lang='lat' dir='ltr'><strong>dictum</strong></span> <span class='ocrx_word' id='word_1_843' title='bbox 3055 5018 3168 5080; x_wconf 89' lang='lat' dir='ltr'><strong>est,</strong></span> <span class='ocrx_word' id='word_1_844' title='bbox 3198 5009 3349 5084; x_wconf 90' lang='lat' dir='ltr'><strong>quod</strong></span> <span class='ocrx_word' id='word_1_845' title='bbox 3369 5025 3568 5083; x_wconf 90' lang='lat' dir='ltr'><strong>corpus</strong></span> <span class='ocrx_word' id='word_1_846' title='bbox 3589 5025 3705 5066; x_wconf 91' lang='lat' dir='ltr'><strong>non</strong></span> 
     </span>
    </p>
   </div>
   <div class='ocr_carea' id='block_1_107' title="bbox 2095 5099 3700 5175">
    <p class='ocr_par' dir='ltr' id='par_1_107' title="bbox 2095 5099 3700 5175">
     <span class='ocr_line' id='line_1_107' title="bbox 2095 5099 3700 5175; baseline -0.002 -17"><span class='ocrx_word' id='word_1_847' title='bbox 2095 5109 2179 5158; x_wconf 91' lang='lat' dir='ltr'><strong>est</strong></span> <span class='ocrx_word' id='word_1_848' title='bbox 2236 5117 2491 5174; x_wconf 90' lang='lat' dir='ltr'><strong>pravum,</strong></span> <span class='ocrx_word' id='word_1_849' title='bbox 2553 5099 2831 5174; x_wconf 91' lang='lat' dir='ltr'><strong>siquidem</strong></span> <span class='ocrx_word' id='word_1_850' title='bbox 2867 5101 3096 5175; x_wconf 73' lang='lat' dir='ltr'><strong>justitiaa</strong></span> <span class='ocrx_word' id='word_1_851' title='bbox 3143 5115 3295 5157; x_wconf 89' lang='lat' dir='ltr'><strong>arma</strong></span> <span class='ocrx_word' id='word_1_852' title='bbox 3349 5100 3464 5156; x_wconf 88' lang='lat' dir='ltr'><strong>sive</strong></span> <span class='ocrx_word' id='word_1_853' title='bbox 3492 5099 3700 5155; x_wconf 84' lang='lat' dir='ltr'><strong>instru-</strong></span> 
     </span>
    </p>
   </div>
   <div class='ocr_carea' id='block_1_108' title="bbox 2093 5188 3701 5265">
    <p class='ocr_par' dir='ltr' id='par_1_108' title="bbox 2093 5188 3701 5265">
     <span class='ocr_line' id='line_1_108' title="bbox 2093 5188 3701 5265; baseline -0.001 -17"><span class='ocrx_word' id='word_1_854' title='bbox 2093 5199 2342 5248; x_wconf 90' lang='lat' dir='ltr'><strong>mentum</strong></span> <span class='ocrx_word' id='word_1_855' title='bbox 2363 5190 2484 5248; x_wconf 87' lang='lat' dir='ltr'><strong>ﬁeri</strong></span> <span class='ocrx_word' id='word_1_856' title='bbox 2505 5191 2676 5264; x_wconf 88' lang='lat' dir='ltr'><strong>possit</strong></span> <span class='ocrx_word' id='word_1_857' title='bbox 2701 5213 2714 5249; x_wconf 89' lang='lat'><strong>:</strong></span> <span class='ocrx_word' id='word_1_858' title='bbox 2742 5191 2945 5264; x_wconf 88' lang='lat' dir='ltr'><strong>partim</strong></span> <span class='ocrx_word' id='word_1_859' title='bbox 2967 5189 3117 5265; x_wconf 89' lang='lat' dir='ltr'><strong>quod</strong></span> <span class='ocrx_word' id='word_1_860' title='bbox 3145 5197 3200 5247; x_wconf 88' lang='lat' dir='ltr'><strong>et</strong></span> <span class='ocrx_word' id='word_1_861' title='bbox 3224 5188 3482 5264; x_wconf 68' lang='lat' dir='ltr'><strong>prmlium</strong></span> <span class='ocrx_word' id='word_1_862' title='bbox 3510 5188 3701 5260; x_wconf 86' lang='lat' dir='ltr'><strong>instet,</strong></span> 
     </span>
    </p>
   </div>
   <div class='ocr_carea' id='block_1_109' title="bbox 2091 5281 3702 5356">
    <p class='ocr_par' dir='ltr' id='par_1_109' title="bbox 2091 5281 3702 5356">
     <span class='ocr_line' id='line_1_109' title="bbox 2091 5281 3702 5356; baseline -0.001 -17"><span class='ocrx_word' id='word_1_863' title='bbox 2091 5291 2254 5356; x_wconf 90' lang='lat' dir='ltr'><strong>atque</strong></span> <span class='ocrx_word' id='word_1_864' title='bbox 2301 5289 2558 5355; x_wconf 88' lang='lat' dir='ltr'><strong>oporteat</strong></span> <span class='ocrx_word' id='word_1_865' title='bbox 2593 5298 2697 5340; x_wconf 92' lang='lat' dir='ltr'><strong>nos</strong></span> <span class='ocrx_word' id='word_1_866' title='bbox 2747 5281 2852 5340; x_wconf 91' lang='lat' dir='ltr'><strong>sub</strong></span> <span class='ocrx_word' id='word_1_867' title='bbox 2883 5285 3000 5338; x_wconf 90' lang='lat' dir='ltr'><strong>Deo</strong></span> <span class='ocrx_word' id='word_1_868' title='bbox 3046 5282 3376 5354; x_wconf 90' lang='lat' dir='ltr'><strong>imperatore</strong></span> <span class='ocrx_word' id='word_1_869' title='bbox 3419 5293 3570 5352; x_wconf 87' lang='lat' dir='ltr'><strong>esse,</strong></span> <span class='ocrx_word' id='word_1_870' title='bbox 3599 5295 3702 5338; x_wconf 88' lang='lat' dir='ltr'><strong>nec</strong></span> 
     </span>
    </p>
   </div>
   <div class='ocr_carea' id='block_1_110' title="bbox 2087 5373 3236 5447">
    <p class='ocr_par' dir='ltr' id='par_1_110' title="bbox 2087 5373 3236 5447">
     <span class='ocr_line' id='line_1_110' title="bbox 2087 5373 3236 5447; baseline -0.001 -17"><span class='ocrx_word' id='word_1_871' title='bbox 2087 5388 2201 5430; x_wconf 91' lang='lat' dir='ltr'><strong>non</strong></span> <span class='ocrx_word' id='word_1_872' title='bbox 2226 5388 2378 5429; x_wconf 89' lang='lat' dir='ltr'><strong>arma</strong></span> <span class='ocrx_word' id='word_1_873' title='bbox 2404 5388 2505 5447; x_wconf 91' lang='lat' dir='ltr'><strong>pro</strong></span> <span class='ocrx_word' id='word_1_874' title='bbox 2550 5373 2736 5430; x_wconf 88' lang='lat' dir='ltr'><strong>anima</strong></span> <span class='ocrx_word' id='word_1_875' title='bbox 2779 5379 2971 5429; x_wconf 88' lang='lat' dir='ltr'><strong>nostra</strong></span> <span class='ocrx_word' id='word_1_876' title='bbox 2995 5385 3236 5429; x_wconf 87' lang='lat' dir='ltr'><strong>sumere.</strong></span> 
     </span>
    </p>
   </div>
   <div class='ocr_carea' id='block_1_111' title="bbox 2159 5459 3702 5534">
    <p class='ocr_par' dir='ltr' id='par_1_111' title="bbox 2159 5459 3702 5534">
     <span class='ocr_line' id='line_1_111' title="bbox 2159 5459 3702 5534; baseline -0.001 -12"><span class='ocrx_word' id='word_1_877' title='bbox 2159 5465 2346 5522; x_wconf 73' lang='lat' dir='ltr'><strong>Vsus.</strong></span> <span class='ocrx_word' id='word_1_878' title='bbox 2382 5469 2476 5534; x_wconf 78' lang='lat' dir='ltr'><strong>l4,</strong></span> <span class='ocrx_word' id='word_1_879' title='bbox 2513 5487 2540 5515; x_wconf 77' lang='grc' dir='ltr'><strong>ι</strong></span> <span class='ocrx_word' id='word_1_880' title='bbox 2583 5465 2884 5521; x_wconf 89' lang='lat' dir='ltr'><strong>Peccatum</strong></span> <span class='ocrx_word' id='word_1_881' title='bbox 2926 5462 3077 5520; x_wconf 90' lang='lat' dir='ltr'><strong>enim</strong></span> <span class='ocrx_word' id='word_1_882' title='bbox 3109 5460 3270 5520; x_wconf 90' lang='lat' dir='ltr'><strong>vobis</strong></span> <span class='ocrx_word' id='word_1_883' title='bbox 3297 5475 3412 5520; x_wconf 90' lang='lat' dir='ltr'><strong>non</strong></span> <span class='ocrx_word' id='word_1_884' title='bbox 3447 5459 3702 5520; x_wconf 89' lang='lat' dir='ltr'><strong>domina-</strong></span> 
     </span>
    </p>
   </div>
   <div class='ocr_carea' id='block_1_112' title="bbox 1784 5600 2326 5662">
    <p class='ocr_par' dir='ltr' id='par_1_112' title="bbox 1784 5600 2326 5662">
     <span class='ocr_line' id='line_1_112' title="bbox 1784 5600 2326 5662; baseline 0 -3"><span class='ocrx_word' id='word_1_885' title='bbox 1784 5601 1975 5662; x_wconf 85' lang='lat' dir='ltr'><strong>Variae</strong></span> <span class='ocrx_word' id='word_1_886' title='bbox 2016 5600 2326 5662; x_wconf 86' lang='lat' dir='ltr'><strong>lectiones.</strong></span> 
     </span>
    </p>
   </div>
   <div class='ocr_carea' id='block_1_113' title="bbox 455 5721 2856 5800">
    <p class='ocr_par' dir='ltr' id='par_1_113' title="bbox 455 5721 2856 5800">
     <span class='ocr_line' id='line_1_113' title="bbox 455 5721 2856 5800; baseline 0.001 -22"><span class='ocrx_word' id='word_1_887' title='bbox 455 5724 477 5758; x_wconf 81' lang='grc'>⁸</span> <span class='ocrx_word' id='word_1_888' title='bbox 505 5724 652 5793; x_wconf 73' lang='grc' dir='ltr'>αὐτῆς</span> <span class='ocrx_word' id='word_1_889' title='bbox 675 5741 730 5783; x_wconf 90' lang='lat'><strong>0.</strong></span> <span class='ocrx_word' id='word_1_890' title='bbox 811 5726 832 5758; x_wconf 70' lang='lat'><strong>9</strong></span> <span class='ocrx_word' id='word_1_891' title='bbox 864 5723 976 5778; x_wconf 73' lang='grc' dir='ltr'>οὐδὲ</span> <span class='ocrx_word' id='word_1_892' title='bbox 1005 5739 1059 5783; x_wconf 91' lang='grc' dir='ltr'><strong>ο.</strong></span> <span class='ocrx_word' id='word_1_893' title='bbox 1137 5726 1180 5760; x_wconf 91' lang='grc'><strong>¹⁰</strong></span> <span class='ocrx_word' id='word_1_894' title='bbox 1207 5726 1558 5798; x_wconf 81' lang='grc' dir='ltr'>δουλεύσωμεν</span> <span class='ocrx_word' id='word_1_895' title='bbox 1587 5743 1638 5785; x_wconf 93' lang='lat'><strong>0.</strong></span> <span class='ocrx_word' id='word_1_896' title='bbox 1721 5727 1757 5762; x_wconf 83' lang='lat'>“</span> <span class='ocrx_word' id='word_1_897' title='bbox 1790 5729 2116 5800; x_wconf 82' lang='grc' dir='ltr'>παριστάνετε</span> <span class='ocrx_word' id='word_1_898' title='bbox 2147 5721 2234 5781; x_wconf 73' lang='grc' dir='ltr'><strong>οῦν</strong></span> <span class='ocrx_word' id='word_1_899' title='bbox 2263 5742 2340 5783; x_wconf 89' lang='lat' dir='ltr'><strong>m.</strong></span> <span class='ocrx_word' id='word_1_900' title='bbox 2421 5725 2464 5760; x_wconf 81' lang='grc'>¹²</span> <span class='ocrx_word' id='word_1_901' title='bbox 2491 5721 2773 5797; x_wconf 68' lang='grc' dir='ltr'>στρατηγὸν</span> <span class='ocrx_word' id='word_1_902' title='bbox 2801 5738 2856 5782; x_wconf 90' lang='grc' dir='ltr'><strong>ο.</strong></span> 
     </span>
    </p>
   </div>
  </div>
