4150 6424
435 441 540 497 417

1347 438 1700 496 EXPOSITIO
1741 442 1807 496 IN
1845 441 2052 499 EPIST.
2094 447 2187 502 AD
2226 447 2390 505 ROM.
2430 478 2503 490 —
2538 447 2692 504 CAP.
2733 447 2844 503 VII.

3645 446 3750 502 418

438 589 472 622 α
504 563 856 645 Ἀνθρώπινον
875 562 1039 642 λέγω
1071 585 1099 621 »
1133 563 1426 637 τουτέστιν,
1453 565 1710 641 Εὖτελὲς,
1731 591 2024 649 μικροπρε-
2055 624 2063 641 Α

2171 574 2336 649 nquit,
2367 596 2395 625 α
2425 573 2573 644 dico,
2597 594 2626 627 ιο
2652 572 2761 630 hoc
2784 579 2890 642 est,
2906 570 3164 644 exiguum
3186 568 3474 643 quiddam,
3522 568 3755 640 humile,

434 656 571 727 πὲς,
626 651 934 734 σύμμετρον
1084 654 1331 735 ἀσθενείᾳ
1379 657 1552 731 ὑμῶν.
1591 655 1747 717 Ἔδει
1788 656 1883 735 μὲν
1932 659 2037 742 γὰρ

434 744 840 806 πολλαπλάσιον
884 744 946 803 τὸ
979 743 1171 826 μέτρον
1219 748 1314 818 τῆς
1355 744 1594 814 δουλείας
1647 748 2039 809 ἐπιδείκνυσθαι

435 839 514 916 τῷ
542 836 707 915 Θεῷ,
754 833 897 916 ἤπερ
946 834 1096 918 ⁴⁶Ᾱτῇ
1131 834 1373 918 ἁμαρτίᾳ
1398 859 1412 872 ο
1442 834 1588 913 ὅμως
1627 838 1671 895 δ’
1703 829 1793 899 οὖν
1822 838 1911 898 διὰ
1940 839 2036 912 τὴν

437 915 713 985 ἀσθένειαν
757 915 877 984 κᾶν
908 922 969 984 τὸ
1009 915 1132 985 ’ἶσον
1182 915 1533 1005 εἰσενέγκατε.
1582 924 1733 1010 Ὅρα
1784 928 1867 1003 δὲ,
1928 933 2040 999 πῶς

438 1016 800 1095 ἐναργέστατα
880 1014 979 1087 τὴν
1050 1016 1441 1076 ἐθελοδουλείαν
1510 1021 1665 1095 ἡμῶν
1730 1018 1995 1092 ἐδήλωσεν
2018 1065 2037 1098 ,

439 1107 602 1165 εἰπών
639 1129 653 1143 ·
706 1128 737 1165 α
762 1105 978 1185 σΩσπερ
1028 1104 1133 1186 γὰρ
1178 1105 1557 1189 παρεστήσατε
1599 1107 1669 1168 τὰ
1716 1108 1854 1187 μέλη
1886 1114 2037 1189 ὑμῶν

441 1198 623 1257 δοῦλα.
659 1220 689 1253 ιι
718 1195 880 1255 Αὐτοὶ
920 1195 1054 1278 γὰρ,
1102 1194 1293 1277 φησὶν,
1342 1197 1559 1266 ἑαυτοὺς
1610 1199 2042 1281 αἰχμαλωτίζον-

445 1311 559 1361 τες,
598 1284 930 1367 ὑποχειρίους
975 1286 1355 1368 παρεστήσατε
1397 1293 1463 1369 τῇ
1501 1288 1841 1372 ἀκαθαρσίᾳ,
1886 1315 2041 1351 τουτ-

445 1376 589 1450 έστι,
639 1375 895 1457 μοιχείᾳ,
943 1376 1201 1459 πορνείᾳ,
1243 1377 1595 1458 ἀῤῥητοποιία
1625 1399 1641 1414 ⁸
1690 1379 1781 1439 καὶ
1818 1379 1871 1439 τί
1922 1380 2045 1463 περὶ

447 1468 611 1545 μόνης
660 1465 992 1547 ἀκαθαρσίας
1028 1467 1170 1546 λέγω
1202 1492 1214 1505 ·
1260 1466 1411 1549 πάσῃ
1461 1468 1694 1551 ἀνομίᾳ,
1745 1470 2047 1531 καθολικώ-

444 1580 593 1637 τερον
623 1559 790 1616 ποιῷν
818 1556 907 1615 τὸν
946 1555 1125 1636 λόγον.
1153 1557 1231 1618 Τὸ
1274 1558 1326 1615 δὲ
1345 1604 1362 1637 ,
1417 1582 1446 1613 α
1480 1562 1577 1627 Εἷς
1608 1559 1706 1633 τὴν
1734 1560 1983 1639 ἀνομίαν,
2009 1585 2041 1617 ιι

446 1650 591 1707 τοῦτ’
641 1645 815 1719 ἔστιν,
854 1648 927 1714 εἰς
972 1644 1033 1706 τὸ
1076 1646 1328 1706 ἐπιπλέον
1381 1650 1621 1726 ἀνομεῖν.
1679 1654 1762 1710 Οὖ
1818 1651 1921 1731 γὰρ
1950 1655 2047 1710 ὃπ-

446 1738 605 1811 ηνίκα
637 1735 758 1797 τινὰ
791 1735 1062 1819 ἁμαρτίαν
1087 1736 1396 1811 ἐποιήσατε,
1423 1738 1642 1799 ἵστασθε
1673 1741 1803 1820 ἄχρι
1825 1742 2045 1816 ταύτης,

2147 664 2507 723 imbecillitati
2548 672 2745 722 vestrm
2782 678 3113 719 consonum.
3174 660 3479 733 Oportebat
3523 659 3753 732 quidem

2148 757 2324 813 multo
2390 755 2667 828 maiorem
2742 768 2862 810 esse
2908 750 3188 809 servitutis
3244 765 3564 807 mensuram
3629 764 3755 822 quae

2151 849 2273 903 Deo
2313 854 2433 904 erat
2460 843 2787 912 exhibenda,
2827 859 2998 917 quam
3034 856 3157 915 quae
3185 848 3407 915 peccato
3452 858 3467 894 :
3511 846 3755 896 attamen

2148 945 2377 1009 propter
2434 934 2812 993 inﬁrmitatem
2882 941 3152 999 vestram,
3216 931 3488 1005 aequalem
3559 928 3756 985 saltem

2150 1026 2425 1084 exhibete.
2486 1026 2877 1083 Animadverte
2909 1031 3133 1092 autem,
3172 1038 3341 1095 quam
3389 1018 3756 1093 apertissime,

2150 1133 2250 1174 nec
2270 1134 2385 1175 non
2411 1132 2629 1174 summa
2667 1115 3059 1189 perspicuitate
3096 1110 3467 1169 voluntariam
3506 1117 3755 1166 nostram

2152 1208 2474 1264 servitutem
2514 1205 2793 1277 indicarit,
2824 1204 3074 1277 inquiens
3107 1223 3120 1258 :
3155 1225 3182 1252 ιι
3208 1202 3362 1259 Sicut
3390 1200 3540 1257 enim
3577 1215 3755 1255 mem-

2155 1297 2250 1355 bra
2294 1306 2472 1355 vestra
2514 1296 2843 1354 exhibuistis
2893 1310 3070 1352 serva.
3112 1317 3137 1343 ιι
3166 1293 3272 1365 Ipsi
3302 1290 3455 1349 enim
3484 1306 3582 1347 vos
3611 1289 3761 1362 ipsos

2155 1388 2508 1462 captivantes,
2570 1386 2882 1460 subjecistis
2928 1400 3027 1441 vos
3060 1382 3396 1456 impuritati,
3473 1379 3582 1437 hoc
3652 1387 3757 1448 est,

2155 1478 2447 1548 adulterio,
2476 1475 3077 1545 fornicationi,rerum
3118 1472 3459 1530 nefariarum
3496 1468 3761 1543 patratio-

2157 1569 2253 1625 ni:
2288 1578 2345 1626 et
2366 1567 2500 1642 quid
2537 1567 2606 1625 de
2654 1567 2771 1623 sola
2805 1564 3122 1637 impuritate
3170 1563 3337 1621 verba
3382 1560 3557 1618 facio?
3606 1557 3761 1616 omni

2156 1659 2340 1733 potius
2376 1656 2672 1731 iniquitati,
2707 1664 2768 1713 ut
2804 1655 3122 1712 universum
3146 1653 3349 1710 dicam.
3383 1650 3550 1722 Quod
3578 1656 3765 1704 autem

2158 1750 2233 1805 ait
2265 1773 2291 1799 ι
2322 1747 2413 1805 Ad
2458 1747 2818 1820 iniquitatem,
2861 1770 2887 1795 ν
2922 1746 3030 1801 hoc
3075 1751 3181 1813 est,
3212 1742 3287 1799 ad
3330 1742 3506 1815 legem
3534 1738 3766 1796 ulterius

448 1830 567 1887 ἀλλ’
597 1826 920 1904 ὑπέκκαυμα
962 1826 1159 1901 ταύτην
1202 1827 1353 1907 ἔχετε
1384 1830 1455 1897 εἷς
1486 1828 1547 1888 τὸ
1592 1829 1680 1889 ἐπὶ
1727 1830 1890 1892 πλέον
1921 1834 2042 1892 ἀνο-

2171 1838 2485 1897 riolandam.
2517 1840 2658 1895 Nam
2689 1844 2815 1910 post
2847 1827 3128 1908 patratum
3158 1830 3382 1905 aliquod
3404 1848 3435 1887 a
3457 1830 3610 1887 vobis
3650 1843 3749 1899 pec

449 1926 587 1994 μεῖν.
632 1921 683 1979 Τ
686 1920 730 1999 ῷ
758 1915 859 1996 ἴσῳ
908 1916 1081 1977 τοίνυν
1122 1916 1301 1998 μέτρῳ
1353 1918 1740 1999 παραστήσατε
1788 1920 1856 1981 τὰ
1910 1923 2047 2000 μέλη

447 2011 597 2084 ὑμῶν
631 2008 791 2067 δοῦλα
820 2011 888 2087 τῇ
914 2006 1222 2086 δικαιοσύνῃ
1260 2007 1337 2087 ⁴⁸,
1366 2009 1609 2070 τουτέστι
1633 2054 1649 2083 ,
1677 2008 1826 2091 πάσῃ
1858 2014 2045 2093 ἀρετῇ,

448 2098 586 2158 ὥστε
622 2099 676 2157 ἐν
719 2099 1033 2179 σωφροσύνῃ
1087 2098 1179 2157 καὶ
1219 2102 1473 2182 ἁγιασμῷ
1518 2098 1756 2179 διάγειν,
1800 2101 1916 2161 ἀντὶ
1956 2106 2051 2176 τῆς

448 2187 707 2271 προτέρας
736 2187 1091 2270 ἀκαθαρσίας.

544 2484 576 2519 (ι
611 2457 750 2523 Ὅτε
806 2460 908 2544 γὰρ
952 2453 1048 2536 ἧτε
1104 2462 1277 2547 δοῦλοι
1308 2466 1407 2537 τῆς
1455 2463 1746 2546 ἁμαρτίας,
1793 2464 2054 2547 ἐλεύθεροι

454 2543 548 2638 ire
667 2551 998 2631 δικαιοσύνῃ.
1028 2552 1167 2614 Τίνα
1197 2544 1288 2614 οὖν
1318 2554 1525 2636 καρπὸν
1570 2543 1742 2636 εἴχετε
1781 2556 1935 2629 τότε,
1971 2543 2053 2638 ἔφ’

455 2632 532 2710 οἷς
558 2632 649 2701 νῦν
690 2643 1111 2724 ἐπαισχύνεσθε;
1158 2642 1238 2703 Τὸ
1281 2632 1573 2726 γὰρ’τέλος
1603 2632 1850 2719 ἐκείνων,
1889 2632 2055 2706 θάνα-

457 2755 565 2815 τος.
608 2756 636 2793 η
695 2730 830 2794 Ὅτε
874 2736 928 2793 ἐν
976 2731 1139 2813 κακίᾳ
1186 2736 1373 2811 ἐζῆτε,
1421 2734 1621 2815 φησὶν,
1671 2735 2058 2814 ἀπολελυμένοι

454 2812 551 2894 ἦτε
583 2821 692 2882 ἀπὸ
733 2828 830 2895 τῆς
877 2812 1247 2896 δικαιοσύνης,
1294 2823 1371 2902 μὴ
1412 2812 1837 2906 θποτεταγμένοι
1888 2812 2060 2906 αὐτῇ,

459 2910 594 2989 μηδὲ
625 2912 861 2980 θέλοντες
890 2910 1155 2972 δουλεύειν
1184 2911 1323 2981 ὅλως
1357 2915 1494 2997 αὐτῇ
1520 2960 1536 2988 ,
1585 2914 1704 2975 ἀλλ’
1756 2915 2054 2996 ἐλευθεριά-

458 3007 630 3072 ζοντες
671 3003 776 3062 ἀπὸ
806 3001 1023 3075 ταύτης.
1057 3004 1265 3065 Οὐκοῦν
1318 3004 1410 3063 καὶ
1457 3009 1548 3065 νῦν
1599 3004 1935 3073 δουλεύοντες

462 3092 789 3172 δικαιοσύνῃ,
824 3092 1071 3171 μηδόλως
1099 3092 1466 3155 ὑποτάσσεσθε
1607 3095 1873 3177 ἁμαρτίᾳ.
1909 3095 2056 3158 Καί-

461 3206 540 3244 τοι
563 3183 613 3243 τί
642 3186 974 3263 ἐκαρποῦσθε
1012 3182 1119 3242 ἀπὸ
1156 3188 1251 3257 τῆς
1293 3183 1667 3267 ἀκαθαρσίας;
1701 3186 1897 3261 Οὐδὲν,
1938 3186 2058 3244 ἀλλ’

462 3273 496 3347 ἢ
527 3272 789 3355 αἰσχύνην
822 3296 837 3310 ⁸
862 3271 956 3332 καὶ
1000 3271 1052 3331 τί
1099 3271 1240 3353 λέγω
1284 3275 1575 3357 αἰσχύνηη
1627 3274 1852 3335 θάνατον
1880 3300 1892 3313 ·
1926 3302 1951 3330 κ
1981 3274 2063 3337 Τὸ

463 3364 563 3443 γὰρ
615 3364 765 3432 τέλος
802 3363 1053 3439 ἐκείνων,
1111 3364 1334 3433 θάνατος
1367 3388 1381 3401 ο
1424 3393 1447 3419 υ
1485 3365 1578 3425 καὶ
1634 3366 1938 3444 σωματικὸς
1967 3365 2063 3443 μὲν

468 3454 759 3530 πολλάκις,
790 3453 1005 3521 πάντως
1037 3452 1093 3512 δὲ
1140 3454 1384 3535 ψυχικάς.
1419 3454 1582 3515 Ἀλλὰ
1610 3461 1705 3514 τοῦ
1749 3455 1845 3533 μὲν
1896 3456 2064 3515 θανά-

473 3566 562 3603 του
590 3544 940 3622 ἀπηλλάγητε
971 3541 1061 3602 διά
1090 3548 1186 3617 τῆς
1223 3546 1443 3626 χάριτος
1486 3549 1578 3604 τοῦ
1609 3546 1843 3626 Χριστοῦ
1876 3568 1889 3582 ’
1940 3550 1973 3618 ἡ
2008 3544 2065 3603 δὲ

479 3633 732 3713 αἰσχύνη,
782 3635 1067 3715 ἐπωφελῷς
1116 3633 1193 3693 ἔτι
1240 3634 1583 3716 παραμένει⁶
1623 3640 1714 3695 νῦν
1762 3635 1865 3717 γὰρ
1916 3637 2069 3694 ἐπαι-

480 3724 732 3804 σχύνεσθε
760 3723 844 3784 ἐπὶ
874 3722 1098 3792 τούτοις.

568 3836 600 3870 α
635 3811 763 3874 Νυνὶ
793 3814 848 3873 δὲ
882 3814 1315 3895 ἐλευθερωθέντες
1356 3815 1465 3877 ἀπὸ
1488 3818 1582 3888 τῆς
1619 3814 1921 3895 ἁμαρτίας,
1957 3815 2072 3874 δου-

479 3903 725 3972 λωθέντες
774 3905 829 3964 δὲ
865 3907 944 3983 τῷ
982 3906 1147 3985 Θεῷ,
1201 3905 1351 3987 ἔχετε
1394 3907 1485 3967 τὸν
1537 3905 1744 3985 καρπὸν
1798 3908 1947 3983 ὑμῶν
2001 3907 2072 3972 εἰς

478 3994 739 4073 ἁγιασμόν
764 4017 777 4031 ·
805 3994 867 4053 τὸ
898 3992 953 4052 δὲ
985 3994 1165 4069 τέλος,
1197 3996 1338 4068 ζωὴν
1380 3996 1616 4057 αἰώνιον.
1659 3996 1745 4056 Τὰ
1792 3994 1895 4074 γὰρ
1933 3994 2075 4075 ὀψώ-

476 4107 560 4143 νια
588 4088 682 4156 τῆς
712 4082 981 4166 ἁμαρτίας
999 4130 1014 4157 ,
1043 4085 1266 4153 θάνατος
1286 4110 1299 4123 ·
1325 4086 1385 4145 τὸ
1414 4086 1469 4145 δὲ
1501 4086 1749 4167 χάρισμα
1778 4090 1872 4145 τοῦ
1904 4087 2071 4161 Θεοῦ,

477 4175 585 4247 ζωὴ
633 4175 844 4243 αἰώνιος
892 4177 946 4234 ἐν
976 4176 1196 4257 Χριστῷ
1246 4176 1427 4249 Ἰησοῦ
1468 4181 1546 4257 τῷ
1604 4176 1786 4257 Κυρίῳ
1826 4179 2067 4253 ἡμῶν.»

477 4268 605 4326 Τῷν
646 4269 745 4336 τῆς
789 4266 1056 4345 ἁμαρτίας
1108 4264 1275 4345 ἔργων
1316 4270 1345 4326 ὁ
1395 4266 1631 4347 καρπὸς,
1677 4266 1910 4345 αἰσχύνη
1939 4288 1953 4303 ο
1984 4269 2078 4338 τῆς

477 4354 813 4431 δικαιοσύνης
860 4358 890 4414 ὃ
944 4355 1176 4435 καρπὸς,
1228 4356 1519 4436 ἁγιασμὸς,
1574 4355 1667 4415 καὶ
1725 4354 2072 4436 καθαρότης,

484 4445 575 4505 καὶ
627 4445 839 4524 ἁγνεία.
872 4446 956 4507 Τὸ
1005 4446 1155 4514 τέλος
1207 4446 1422 4507 ἐκείνων
1449 4493 1465 4521 ,
1520 4446 1778 4515 θάνατος’
1830 4445 1891 4504 τὸ
1934 4447 2083 4512 τέλος

481 4535 714 4610 ταύτης,
763 4536 874 4610 ζωὴ
905 4536 1135 4605 αἰώνιος.
1177 4560 1207 4595 (ι
1231 4538 1319 4598 Τὰ
1362 4537 1466 4619 γὰρ
1515 4536 1718 4618 ὀψώνια
1766 4541 1862 4609 τῆς
1905 4536 2079 4615 ἆμαρ·

484 4628 635 4702 τίας,
671 4628 913 4696 θάνατος.
943 4650 973 4686 ι)
1012 4626 1279 4710 Ὀψώνιον
1312 4627 1556 4707 λέγεται,
1589 4626 1649 4686 τὸ
1674 4635 1782 4694 τοῖς
1814 4624 2089 4707 στρατιώ-

487 4740 600 4785 ταις
630 4716 780 4797 παρὰ
814 4722 905 4777 τοῦ
962 4718 1224 4797 βασιλέως
1273 4718 1545 4796 διδόμενον
1598 4715 1924 4797 σιτηρέσιον.
1974 4715 2087 4777 Καὶ

489 4809 613 4881 ὑμῖν
678 4804 767 4869 οὖν
826 4807 1160 4868 δουλεύουσιν
1224 4808 1434 4882 ἐδίδου,
1487 4807 1683 4890 φησὶν,
1752 4811 1786 4879 ἡ
1848 4804 2086 4888 ἁμαρτία

490 4897 715 4979 ὀψώνιον
749 4897 843 4958 καὶ
870 4898 1209 4976 ἀντιμισθίαν
1256 4903 1353 4972 τῆς
1393 4900 1663 4971 δουλείας,
1704 4896 1793 4957 τὸν
1841 4897 2086 4957 θάνατον.

497 4978 641 5049 (γΤὸ
668 4987 725 5047 δὲ
764 4990 1010 5071 χάρισμα
1056 4994 1149 5049 τοῦ
1179 4992 1342 5051 Θεοῦ.
1372 5012 1401 5047 »
1436 4992 1555 5049 Ούκ
1598 4978 1780 5065 εἶπεν,
1816 4986 1894 5048 ’Π
1941 4992 2089 5045 ἀντι-

494 5078 679 5156 μισθία
707 5083 742 5152 ἡ
772 5077 921 5161 παρά
956 5087 1050 5140 τοῦ
1074 5082 1252 5155 Θεοῦ,
1280 5079 1451 5153 ἀλλά,
1484 5106 1508 5132 ι
1535 5078 1616 5139 Τὸ
1644 5077 1913 5160 χάρισμα.
1951 5104 1975 5130 ιι
2006 5078 2091 5138 Οὖ

492 5167 599 5249 γάρ
626 5169 858 5247 ἀμοιϐὴν
897 5168 989 5228 καὶ
1023 5170 1287 5230 ἀντίδοσιν
1311 5170 1485 5231 πόνων
1520 5167 1741 5229 ἐλάϐετε
1759 5214 1778 5245 ,
1812 5166 1951 5226 ἀλλὰ
1983 5166 2093 5248 χά-

496 5280 603 5341 ριτι
621 5264 794 5320 ταῦτα
821 5259 1000 5320 πάντα
1034 5260 1086 5298 ⁴⁹
1116 5260 1322 5340 ἐγένετο
1360 5264 1414 5322 ἐν
1453 5258 1674 5343 Χριστῷ
1703 5258 1905 5334 Ἰησοῦ
1936 5255 2094 5325 αὐτὸς

492 5346 601 5429 γὰρ
628 5354 801 5412 ταῦτα
828 5350 1142 5434 ἐνήργησεν.

1092 5476 1380 5543 ΚΕΦΑΔ.
1427 5475 1515 5540 Z'.

593 5636 622 5671 α
653 5610 737 5677 Ἦ
779 5613 1017 5692 ἀγνοεῖτε
1041 5658 1059 5690 ,
1111 5614 1330 5697 ἀδελφοὶ
1374 5612 1733 5694 (γινώσκουσι
1787 5610 1893 5692 γὰρ
1939 5610 2102 5690 νόμον

2156 1938 2362 1997 catum,
2407 1928 2494 1984 hic
2530 1943 2644 1983 non
2680 1924 3087 1998 conquiescitis,
3147 1922 3258 1995 45
3306 1920 3406 1978 sed
3448 1917 3767 1993 augendum

2157 2018 2462 2092 iniquitatis
2523 2025 2720 2074 vestras
2770 2014 3022 2083 modum,
3091 2014 3198 2069 hoc
3252 2012 3438 2085 ipsum
3486 2008 3645 2066 vobis
3684 2013 3771 2064 est

2158 2110 2212 2167 in
2233 2108 2501 2167 fomitem.
2525 2108 2652 2165 Pari
2682 2107 2864 2178 itaque
2918 2119 3177 2161 mensura
3205 2101 3464 2161 exhibete
3509 2095 3767 2156 membra

2158 2209 2340 2259 vestra
2377 2215 2533 2257 serva
2577 2197 2831 2272 justitiae,
2874 2194 2933 2252 id
2974 2203 3078 2264 est,
3133 2193 3291 2250 omni
3345 2189 3558 2259 virtuti,
3598 2196 3661 2246 ut
3712 2186 3771 2244 in

2159 2289 2526 2364 temperantia
2568 2296 2625 2346 et
2671 2285 3103 2345 sanctiﬁcatione
3179 2282 3347 2340 vitam
3390 2279 3602 2339 ducatis
3667 2293 3769 2352 pro

2162 2381 2334 2455 priori
2355 2380 2696 2451 impuritate.

2235 2475 2522 2539 Vsns.20,
2561 2475 2650 2525 21.
2680 2486 2709 2521 α
2739 2468 2882 2524 Cum
2902 2464 3053 2522 enim
3084 2461 3224 2521 servi
3253 2460 3444 2519 essetis
3461 2457 3692 2533 peccati,
3719 2457 3777 2514 li-

2166 2560 2281 2619 beri
2317 2559 2500 2617 fuistis
2519 2557 2769 2632 justitiaa.
2798 2558 2981 2627 Quem
3001 2554 3169 2627 igitur
3210 2550 3457 2610 fructum
3482 2548 3775 2605 habebatis

2165 2661 2285 2708 tum
2324 2651 2380 2706 in
2407 2648 2509 2706 illis
2551 2647 2607 2704 in
2650 2647 2852 2720 quibus
2883 2662 3029 2701 nunc
3061 2641 3425 2701 erubescitis?
3453 2639 3578 2696 ﬁnis
3627 2637 3775 2695 enim

2165 2741 2392 2797 illorum
2421 2754 2576 2795 mors
2619 2744 2723 2794 est.
2758 2759 2784 2785 ν
2818 2734 3052 2806 Quando
3102 2734 3159 2790 in
3188 2732 3334 2789 vitiis
3361 2739 3416 2788 et
3459 2728 3665 2786 malitia
3694 2727 3775 2784 vi-

2168 2829 2400 2899 vebatis,
2434 2827 2629 2902 inquit,
2681 2826 2850 2884 eratis
2901 2827 3065 2899 plane
3100 2840 3131 2880 a
3153 2820 3369 2897 justitia
3419 2819 3609 2889 soluti,
3660 2833 3777 2874 non

2170 2920 2400 2995 subjecti
2434 2919 2503 2989 ei,
2542 2925 2859 2975 recusantes
2889 2915 2990 2987 ipsi
3036 2913 3272 2971 omnino
3314 2910 3536 2977 servire,
3567 2906 3669 2967 sed
3704 2907 3777 2965 ab

2170 3011 2324 3068 easin
2350 3010 2661 3067 libertatem
2691 3023 2789 3065 vos
2826 3005 3190 3063 vindicantes.
3213 3006 3421 3076 1Quare
3465 3016 3614 3057 nunc
3659 3013 3779 3055 ser-

2167 3101 2375 3158 vientes
2392 3099 2634 3175 juititiaa,
2679 3114 2795 3154 non
2839 3095 3068 3154 omnino
3113 3090 3479 3165 subjiciamini
3530 3097 3777 3163 peccato.

2170 3196 2246 3249 At
2274 3207 2402 3248 vero
2457 3189 2588 3265 quid
2636 3187 2854 3245 fructus
2891 3193 2946 3243 et
2999 3182 3283 3243 commodi
3342 3198 3411 3239 ex
3463 3179 3780 3253 impuritate

2175 3280 2480 3338 habuistis?
2526 3279 2702 3347 Nihil,
2760 3285 2960 3351 prater
2990 3273 3370 3349 ignominiam,
3418 3269 3632 3344 etquid
3660 3269 3784 3327 dico

2171 3371 2569 3445 ignominiam?
2589 3377 2830 3425 mortem
2864 3388 2877 3425 :
2911 3391 2934 3414 «
2969 3366 3096 3423 ﬁnis
3114 3365 3265 3422 enim
3295 3362 3521 3419 illorum
3552 3376 3779 3429 mors;»

2174 3461 2421 3535 corporis
2448 3460 2672 3533 quidem
2691 3473 3100 3530 saepenumero,
3130 3455 3333 3513 anima:
3374 3468 3505 3509 vero
3533 3451 3783 3508 omnino.

2176 3555 2384 3610 Verum
2413 3568 2445 3608 a
2491 3558 2673 3607 morte
2709 3547 2922 3605 liberati
2955 3548 3090 3604 estis
3134 3562 3234 3617 per
3276 3544 3511 3617 gratiam
3558 3539 3788 3610 Christi,

2179 3641 2358 3714 pudor
2388 3655 2520 3697 vero
2572 3639 2756 3696 adhuc
2784 3636 3078 3695 commode
3124 3651 3261 3691 sane
3303 3640 3597 3690 remanet:
3639 3646 3789 3688 nunc

2180 3731 2332 3787 enim
2363 3729 2535 3802 pudet
2560 3744 2657 3785 vos
2683 3730 2919 3784 istorum
2940 3726 3237 3783 scelerum.

2254 3826 2428 3879 Vens.
2453 3825 2544 3890 22,
2568 3826 2660 3876 23.
2693 3840 2721 3872 «
2742 3820 2901 3874 Nunc
2930 3832 3058 3873 vero
3089 3814 3296 3871 liberati
3322 3830 3351 3870 a
3380 3819 3622 3886 peccato,
3650 3808 3791 3867 servi

2183 3924 2371 3973 autem
2395 3915 2526 3972 facti
2552 3919 2691 3981 Deo,
2716 3911 2929 3969 habetis
2966 3910 3211 3967 fructum
3254 3916 3495 3965 vestrum
3546 3905 3602 3962 in
3625 3920 3789 3961 sanc-

2184 4006 2559 4076 tiﬁcationem,
2604 4002 2775 4060 ﬁnem
2827 4018 2960 4059 vero
3011 4001 3184 4057 vitam
3224 4008 3515 4056 aeternam.
3570 3995 3789 4067 Stipen-

2185 4096 2343 4154 dium
2371 4097 2520 4153 enim
2544 4094 2778 4168 peccati,
2816 4108 2966 4148 mors
3000 4109 3014 4148 :
3048 4091 3262 4147 donum
3306 4096 3493 4146 autem
3533 4086 3659 4153 Dei,
3686 4084 3795 4142 vita

2188 4196 2394 4244 aeterna
2438 4186 2493 4242 in
2513 4184 2731 4243 Christo
2766 4184 2901 4239 Jesu
2931 4181 3174 4239 Domino
3201 4188 3411 4237 nostro.
3464 4202 3491 4228 ιι
3546 4179 3797 4249 Operum

2189 4281 2397 4356 peccati
2438 4280 2655 4337 fructus
2686 4285 2771 4336 est
2798 4276 2976 4351 pudor
3009 4294 3023 4331 :
3061 4275 3295 4349 justitiaa
3339 4274 3552 4331 fructus
3591 4270 3799 4328 sancti-

2190 4372 2397 4440 ﬁcatio,
2424 4378 2480 4427 et
2521 4371 2754 4443 puritas,
2778 4376 2834 4425 et
2852 4366 3095 4424 castitas.
3124 4365 3272 4422 Finis
3309 4365 3555 4434 illorum,
3607 4377 3800 4430 mors;

2192 4462 2319 4519 ﬁnis
2344 4460 2516 4534 hujus
2562 4461 2669 4516 vita
2699 4468 2925 4515 aeterna.
2971 4479 2998 4506 α
3043 4454 3323 4527 Stipendia
3366 4454 3519 4511 enim
3569 4451 3799 4524 peccati,

2197 4567 2372 4610 mors.
2415 4574 2443 4603 ι
2482 4548 2833 4623 Stipendium
2874 4545 3080 4604 dicitur
3128 4544 3402 4602 cibarium
3440 4541 3705 4598 militibus
3730 4539 3802 4597 ab

2194 4644 2532 4715 imperatore
2582 4640 2795 4698 datum.
2859 4637 3032 4695 Vobis
3075 4636 3242 4709 igitur
3288 4634 3395 4691 sibi
3443 4631 3806 4690 servientibus

2199 4740 2485 4807 peccatum
2518 4731 2906 4803 elargiebatur,
2949 4726 3153 4800 inquit,
3212 4723 3553 4798 stipendium
3602 4730 3661 4780 et
3696 4737 3805 4779 ser-

2200 4823 2390 4880 vitutis
2408 4821 2748 4891 mercedem,
2771 4826 3034 4876 mortem.
3083 4841 3109 4867 ι
3141 4821 3373 4873 Donum
3400 4824 3588 4873 autem
3615 4813 3740 4870 Dei.
3775 4834 3803 4861 ιι

2198 4918 2327 4972 Non
2342 4912 2501 4983 dixit,
2518 4914 2729 4968 Merces
2746 4926 2871 4984 quae
2886 4917 2969 4967 est
2992 4925 3024 4966 a
3040 4912 3179 4978 Deo,
3192 4907 3289 4965 sed
3314 4925 3344 4959 ι’(
3362 4908 3604 4964 Donum.
3634 4925 3661 4956 υ
3684 4906 3809 4961 Non

2199 5005 2355 5062 enim
2395 5002 2822 5061 retributionem
2893 5008 2949 5058 et
2998 4996 3507 5057 remunerationem
3556 4994 3809 5051 laborum

2202 5108 2512 5157 vestrorum
2539 5096 2848 5171 accepistis,
2875 5093 2975 5153 sed
3003 5111 3071 5152 ex
3094 5093 3271 5169 gratia
3296 5091 3417 5149 haec
3462 5088 3655 5147 omnia
3682 5103 3812 5145 con-

2202 5190 2445 5263 tigerunt
2470 5187 2760 5248 inChristo
2800 5188 2931 5246 Jesu
2958 5204 2972 5242 :
2998 5184 3115 5259 ipse
3170 5180 3322 5242 enim
3371 5179 3493 5239 haec
3545 5187 3631 5240 est
3680 5194 3811 5253 ope-

2204 5288 2378 5341 ratus.

2827 5480 3070 5542 CAPUT
3091 5481 3206 5539 VII.

2283 5612 2467 5668 Vens.
2516 5614 2630 5666 1-3.
2692 5630 2717 5657 ει
2766 5610 2853 5665 An
2898 5605 3187 5680 ignoratis,
3229 5601 3427 5662 fratres
3472 5598 3815 5670 (scientibus

1898 5725 2094 5786 Varie
2134 5724 2439 5785 lectiones.

580 5824 622 5861 ³⁸
647 5826 767 5899 ὅπερ
794 5841 848 5883 o.
929 5824 971 5859 ¹⁷
998 5825 1194 5899 μᾶλλον
1233 5844 1287 5887 o.
1366 5827 1409 5863 ¹⁸
1432 5827 1690 5899 ἁγιωσύνῃ
1715 5841 1768 5886 o.
1846 5825 1891 5863 ¹⁹
1917 5826 2080 5882 πάντα
2103 5840 2182 5883 m.
