4150 6446
403 491 508 547 419

396 617 546 676 enim
572 615 750 690 legem
777 614 994 688 loquor)
1020 613 1169 688 quod
1215 613 1298 670 lex
1341 613 1662 672 dominatur
1716 614 1772 671 in
1818 613 1975 670 homin

2105 617 2312 710 λαλῶ),
2342 617 2483 710 ὅτιὺ
2522 620 2679 710 νόμος
2722 620 2955 703 κυριεύει
3004 629 3096 685 τοῦ
3123 624 3402 706 ἀνθρώπου
3455 629 3537 710 ἐφ’
3586 628 3708 689 ὅσον

396 723 526 765 nem
555 714 766 780 quanto
789 714 1035 779 tempore
1073 704 1204 761 vivit
1229 708 1253 760 Ρ
1282 708 1424 763 Nam
1452 723 1575 780 quae
1624 707 1729 764 sub
1752 705 1866 763 viro
1917 714 2000 762 est

398 798 616 867 mulier,
651 796 854 854 viventi
891 796 1008 853 viro
1047 796 1270 869 alligata
1314 804 1400 854 est
1441 812 1510 854 ex
1533 798 1651 872 lege
1683 815 1698 852 :
1729 798 1774 854 si
1806 805 1998 854 autem

398 896 654 946 mortuus
688 887 856 945 fuerit
894 885 994 957 vir,
1027 886 1204 944 soluta
1253 895 1338 944 est
1383 904 1416 944 a
1449 888 1572 961 lege
1609 887 1728 944 viri.
1761 888 1998 944 Vivente

395 979 578 1052 itaque
599 979 738 1050 viro,
777 977 1030 1036 adultera
1071 976 1378 1047 vocabitur,
1420 977 1465 1035 si
1517 976 1691 1035 fuerit
1726 994 1855 1035 cum
1885 977 1995 1034 alio

384 1070 525 1128 viro.
573 1069 632 1127 Si
664 1077 862 1127 autem
910 1075 1166 1125 mortuus
1219 1067 1385 1125 fuerit
1429 1067 1530 1136 vir,
1561 1067 1734 1125 libera
1768 1077 1853 1125 est
1907 1075 1997 1137 ,ut

386 1175 505 1219 non
527 1159 602 1217 sit
645 1159 914 1225 adultera,
953 1159 999 1216 si
1040 1157 1210 1215 fuerit
1238 1175 1367 1215 cum
1398 1158 1509 1215 alio
1555 1157 1694 1216 viro.
1729 1177 1760 1213 ι)
1795 1156 1994 1215 Morali

385 1249 776 1324 praetermissa,
811 1248 883 1306 ad
928 1248 1307 1322 dogmaticam
1344 1248 1671 1307 instituendi
1715 1249 1994 1306 rationem

380 1342 602 1409 transit,
634 1339 934 1398 ostendens
981 1339 1131 1413 quod
1166 1356 1281 1397 non
1327 1339 1565 1412 amplius
1609 1339 1842 1397 debeant
1871 1355 1994 1397 esse

383 1431 488 1489 sub
516 1432 652 1504 lege.
681 1431 900 1488 Etenim
932 1431 1038 1500 lex,
1079 1429 1275 1504 inquit,
1324 1446 1495 1503 quam
1543 1439 1599 1487 et
1633 1447 1730 1488 vos
1774 1430 1988 1500 tenetis,

383 1521 703 1579 dominatur
766 1521 825 1578 in
877 1520 1163 1578 hominem
1219 1521 1489 1594 tantisper
1543 1521 1680 1580 dum
1732 1521 1925 1578 vixerit
1977 1539 1988 1573 :

382 1609 661 1670 defunctis
703 1612 853 1669 enim
897 1627 1013 1669 non
1041 1610 1277 1685 amplius
1323 1611 1590 1670 sancitur.
1635 1616 1828 1686 Itaque
1875 1610 1990 1684 46

381 1710 438 1760 et
489 1718 590 1760 vos
639 1702 714 1760 illi
762 1702 971 1760 mortui
1022 1702 1173 1772 estis,
1226 1701 1493 1776 vobisque
1559 1701 1816 1776 deinceps
1873 1719 1988 1759 non

381 1794 622 1867 amplius
640 1793 977 1851 dominatur.
1005 1797 1179 1852 Porro
1221 1793 1328 1850 hoc
1357 1793 1416 1850 in
1442 1793 1706 1867 principio
1759 1793 1986 1867 quidem

381 1884 463 1942 sic
509 1883 721 1956 innuit;
778 1884 1032 1958 deinceps
1098 1900 1228 1942 vero
1267 1884 1326 1942 id
1380 1885 1566 1957 ipsum
1634 1885 1767 1941 alias
1831 1883 1985 1954 dicit,

380 1973 534 2049 quod
580 1975 804 2046 scilicet,
839 1975 1043 2033 marito
1093 1983 1338 2046 mortuo,
1385 1974 1603 2033 mulieri
1650 1975 1810 2047 copia
1839 1971 1986 2031 facta

379 2075 486 2136 est,
516 2073 578 2122 ut
603 2065 759 2123 alteri
787 2066 1034 2139 copulari
1059 2074 1242 2138 queat.
1284 2063 1528 2122 Proinde
1553 2071 1607 2122 et
1640 2064 1728 2121 hic
1758 2064 1986 2138 quidem

378 2154 464 2212 lex
491 2155 607 2213 viro
639 2156 992 2224 assimilatur,
1022 2172 1119 2212 vos
1151 2163 1340 2212 autem
1383 2155 1562 2212 uxori.
1615 2155 1826 2212 Deinde
1856 2171 1988 2211 con—

378 2245 673 2304 sectarium
717 2254 838 2304 erat
864 2245 1047 2304 dicere
1084 2249 1339 2320 :Itaque,
1380 2244 1599 2319 fratres,
1647 2262 1761 2303 non
1806 2243 1987 2303 domi-

376 2344 544 2393 natur
568 2336 726 2394 vobis
752 2337 860 2407 lex,
889 2337 1164 2410 siquidem
1205 2345 1291 2394 est
1317 2344 1537 2394 mortua
1565 2353 1580 2392 :
1623 2352 1818 2394 verum
1841 2336 1987 2394 hunc

377 2426 452 2484 ad
496 2425 729 2484 modum
762 2443 878 2484 non
925 2426 1088 2498 dixit,
1139 2443 1211 2484 ne
1257 2426 1560 2485 offenderet
1599 2428 1856 2499 Judaeos;
1891 2428 1986 2485 sed

376 2523 658 2575 mortuam
711 2534 940 2576 uxorem
976 2517 1303 2589 introduxit,
1334 2518 1442 2576 hoc
1482 2527 1586 2588 est,
1615 2519 1786 2592 ipsos,
1820 2527 1882 2576 ut
1911 2519 1984 2576 ita

371 2605 572 2682 duplici
613 2608 858 2667 libertate
890 2607 1165 2667 fruantur.
1211 2611 1356 2666 Nam
1401 2609 1446 2667 si
1499 2619 1726 2667 mortuo
1780 2610 1982 2667 marito

372 2697 576 2756 mulier
621 2699 849 2757 liberata
897 2708 981 2757 est
1006 2717 1039 2757 a
1075 2708 1349 2774 potestate
1400 2699 1553 2775 legis,
1595 2701 1776 2758 multo
1807 2700 1983 2773 magis

373 2798 578 2846 asserta
611 2797 694 2846 est
732 2790 792 2846 in
829 2790 1167 2862 libertatem,
1226 2790 1451 2864 quando
1503 2799 1560 2847 et
1607 2789 1722 2863 ipsa
1762 2799 1983 2849 mortua

373 2894 493 2937 esse
513 2879 779 2936 cernitur.

444 2972 631 3027 Vnus.
663 2973 718 3025 4.
748 2991 775 3020 α
826 2971 1039 3042 Itaque,
1080 2967 1287 3027 fratres
1339 2969 1476 3042 mei,
1509 2968 1826 3027 mortificati
1855 2971 1984 3028 estis

372 3065 429 3116 et
468 3075 568 3118 vos
611 3059 716 3134 legi
763 3075 863 3133 per
915 3075 1117 3132 corpus
1159 3059 1405 3130 Christi,
1457 3069 1520 3117 ut
1569 3061 1688 3117 sitis
1733 3060 1982 3132 alterius,

371 3151 465 3224 qui
492 3167 558 3208 ex
599 3151 834 3208 mortuis
875 3149 1193 3221 resurrexit,
1224 3159 1288 3208 ut
1340 3149 1737 3209 fructiﬁcemus
1774 3155 1918 3210 Deo.
1956 3177 1978 3202 ι

371 3245 426 3304 Si
456 3246 562 3304 vita
613 3244 858 3303 defuncti
893 3245 1044 3316 estis,
1101 3246 1296 3320 inquit,
1354 3262 1466 3303 non
1510 3246 1640 3304 estis
1694 3246 1796 3305 sub
1845 3247 1981 3321 lege.

370 3336 428 3394 Si
456 3336 607 3393 enim
652 3345 878 3394 mortuo
921 3336 1120 3393 marito
1158 3352 1271 3393 non
1304 3336 1541 3408 amplius
1592 3337 1710 3411 ejus
1750 3337 1868 3412 lege
1892 3347 1972 3395 te-

369 3434 534 3484 netur
561 3443 720 3496 uxor,
745 3427 923 3484 multo
975 3427 1153 3501 magis
1192 3427 1311 3501 ipsa
1356 3436 1580 3484 mortua
1609 3427 1840 3485 liberata
1887 3438 1971 3488 est

367 3533 400 3574 a
427 3517 565 3591 jugo
592 3517 745 3591 legis.
777 3517 1020 3576 Observa
1064 3517 1156 3574 hic
1205 3517 1550 3592 sapientiam,
1592 3518 1672 3575 uti
1714 3519 1972 3590 ostendit,

369 3606 546 3680 ipsam
569 3608 789 3681 quidem
819 3609 996 3683 legem
1017 3608 1152 3666 velle
1164 3617 1225 3665 ut
1249 3609 1319 3666 ab
1348 3608 1462 3682 ipsa
1489 3609 1764 3667 deficiant.
1822 3611 1974 3668 Libe-

369 3698 474 3754 rati
518 3699 649 3756 estis
693 3699 855 3772 igitur
901 3707 957 3756 et
996 3715 1093 3757 vos
1139 3716 1170 3756 a
1217 3700 1334 3774 lege
1379 3715 1475 3773 per
1524 3716 1723 3772 corpus
1774 3700 1973 3758 Christi

368 3788 613 3846 cruciﬁxi
662 3797 720 3846 et
762 3789 930 3848 occisi
988 3806 1090 3863 pro
1147 3790 1328 3847 nobis.
1380 3792 1592 3864 Corpus
1644 3792 1796 3847 enim
1834 3792 1972 3849 illud

369 3887 657 3954 propterea
676 3881 928 3938 occisum
981 3889 1086 3950 est,
1140 3889 1204 3936 ut
1252 3897 1352 3938 vos
1396 3879 1712 3938 moriamini
1745 3880 1972 3954 quidem

368 3968 498 4043 legi,
535 3970 848 4045 jungamini
878 3987 1016 4028 vero
1055 3971 1215 4028 alteri
1258 3971 1350 4044 qui
1394 3987 1494 4044 pro
1546 3970 1700 4029 vobis
1729 3981 1971 4030 mortem

366 4059 521 4129 obiit,
567 4069 625 4117 et
676 4069 864 4133 postea
913 4060 1177 4118 excitatus
1234 4067 1332 4117 est.
1376 4063 1490 4118 Lex
1539 4061 1689 4118 enim
1753 4071 1971 4121 mortua

364 4166 481 4208 non
527 4149 767 4223 amplius
810 4150 941 4206 vivit
980 4171 994 4207 :
1045 4150 1296 4208 Christus
1342 4166 1472 4208 vero
1508 4151 1616 4208 vita
1677 4151 1971 4211 defunctus

367 4240 516 4310 vivit,
551 4240 819 4310 Quocirca
846 4255 962 4296 non
1003 4249 1086 4297 est
1121 4241 1247 4298 data
1288 4240 1440 4298 vobis
1465 4249 1707 4314 potestas
1745 4243 1814 4300 ab
1863 4243 1969 4300 isto

368 4329 584 4386 vivente
608 4329 964 4388 desciscendi.
985 4331 1189 4403 Ecquit
1206 4330 1330 4390 inde
1356 4331 1534 4389 lucri?
1558 4356 1582 4381 «ι
1629 4331 1970 4404 Utfructum

365 4419 612 4478 feramus
641 4424 783 4490 Deo,
837 4442 864 4470 ι
913 4421 1020 4479 hoc
1064 4430 1169 4492 est,
1222 4423 1305 4478 Ut
1351 4438 1415 4478 ex
1461 4421 1564 4480 hac
1613 4423 1808 4497 copula
1859 4441 1969 4496 qua

367 4509 582 4568 Christo
612 4510 791 4585 juncti
838 4527 1049 4585 sumus,
1109 4513 1312 4572 liberos
1353 4528 1786 4588 progeneremus
1824 4517 1964 4585 Deo,

365 4616 563 4676 nempe
590 4601 739 4660 bona
762 4618 946 4676 opera.

435 4785 616 4842 Vnus.
640 4789 692 4840 5.
722 4806 748 4834 ι)
775 4782 1014 4858 Quando
1039 4781 1188 4841 enim
1206 4798 1429 4842 eramus
1450 4782 1507 4840 in
1523 4798 1711 4856 carne,
1732 4781 1969 4843 affectus

364 4882 719 4946 peccatorum
765 4873 888 4947 quit
933 4882 1062 4931 sunt
1105 4891 1201 4948 per
1248 4877 1446 4950 legem,
1499 4875 1869 4948 operabantur
1911 4875 1968 4930 in

365 4964 631 5022 membris
676 4965 882 5021 nostris
919 4972 984 5021 ut
1039 4964 1445 5023 fructificarent
1507 4965 1700 5036 morti,
1765 4989 1792 5016 ι
1853 4968 1969 5022 De-

365 5063 688 5113 monstrans
733 5053 883 5130 quod
927 5053 1066 5112 nihil
1116 5055 1279 5114 nobis
1306 5056 1393 5112 lex
1436 5055 1613 5129 prosit
1659 5056 1731 5112 ad
1761 5054 1869 5112 hoc
1911 5063 1972 5112 ut

364 5144 697 5221 effugiamus
733 5147 978 5204 carnales
1012 5145 1269 5217 affectus,
1313 5145 1412 5203 sed
1440 5161 1534 5203 eos
1567 5144 1961 5204 tantummodo

359 5235 605 5296 indicet:
649 5239 890 5309 Quando
945 5253 1191 5308 eramus,
1240 5235 1442 5308 inquit,
1487 5237 1546 5292 in
1592 5236 1800 5294 carnali
1848 5236 1964 5295 vita

357 5335 415 5384 et
467 5328 651 5401 pravis
684 5329 968 5402 operibus,
1013 5326 1245 5386 affectus
1293 5334 1679 5399 peccatorum,
1720 5326 1817 5402 qui
1861 5344 1960 5401 per

357 5416 540 5491 legem
583 5417 1083 5478 manifestabantur
1123 5426 1179 5476 et
1199 5415 1660 5492 agnoscebantur,
1712 5417 1962 5476 efﬁcaces

359 5516 515 5566 erant
556 5523 656 5582 per
683 5509 930 5569 animam
960 5510 1019 5568 in
1059 5508 1331 5568 membris
1367 5508 1596 5568 nostris.
1640 5510 1768 5568 Non
1821 5509 1965 5568 dixit

360 5597 512 5673 quod
555 5599 808 5659 membra
862 5609 1220 5676 operarentur
1270 5600 1614 5676 pravitatem,
1663 5617 1734 5659 ne
1772 5600 1959 5660 locum

1426 485 1939 543 THEOPHYLACTI
1980 485 2338 544 BULGARUE
2377 492 2696 551 ARCHIEP.

3607 503 3708 558 420

2103 706 2290 800 χρόνον
2321 712 2419 800 {ﬁt
2453 708 2523 771 Ἦ
2567 709 2672 792 γὰρ
2723 711 2989 793 ὕπανδρος
3036 714 3205 795 γυνὴ,
3235 720 3312 796 τῷ
3355 706 3512 786 ζῶντι
3560 716 3710 800 ἀνδρὶ

2106 795 2314 888 δέδεται
2361 799 2546 882 νόμῳ·
2597 801 2690 860 ἐὰν
2727 800 2782 861 δὲ
2813 804 3055 886 ἀποθάνῃ
3101 809 3128 865 ὁ
3169 795 3324 886 ἀνὴρ,
3371 795 3706 888 κατήργηται

2105 887 2330 949 ἀπὸτοῦ
2375 889 2538 966 νόμου
2573 896 2665 951 τοῦ
2704 893 2908 974 ἀνδρός.
2954 890 3088 976 Ἄρα
3125 888 3214 957 οὖν
3245 900 3436 967 ζῶντος
3473 887 3563 956 τοῦ
3615 901 3708 957 ἀν-

2105 977 2222 1070 δρὸς
2252 978 2504 1070 μοιχαλὶς
2535 983 2899 1063 χρηματίσει,
2931 985 3024 1044 ἐὰν
3055 984 3270 1066 γένηται
3301 986 3452 1069 ἀνδρὶ
3495 987 3664 1070 ἑτέρῳ
3689 1010 3703 1025 ⁶

2105 1067 2195 1127 ἐὰν
2227 1069 2282 1129 δὲ
2314 1069 2554 1152 ἀποθάνῃ
2573 1075 2611 1156 Αδ
2641 1073 2795 1153 ἀνὴρ,
2835 1073 3084 1156 ἐλευθέρα
3137 1075 3279 1136 ἐστὶν
3325 1067 3434 1137 ἀπὸ
3465 1082 3555 1138 τοῦ
3590 1067 3700 1138 ’νό-

2103 1181 2206 1238 μου
2231 1205 2248 1235 ,
2291 1167 2380 1222 τοῦ
2425 1161 2502 1240 μὴ
2528 1149 2691 1222 ἐἶναι
2729 1149 2895 1237 αὐτὴν
2937 1149 3263 1246 μοιχαλίδα,
3294 1167 3583 1246 γενομένην
3614 1171 3702 1227 ἄν·

2103 1249 2185 1331 δρὶ
2215 1249 2400 1334 ἑτέρῳ.
2441 1273 2472 1311 ι)
2509 1251 2792 1335 Ἀφέμενος
2822 1259 2914 1313 τοῦ
2955 1258 3174 1332 ἠθικοῦ,
3228 1257 3315 1316 ἐπὶ
3352 1256 3414 1316 τὸ
3445 1259 3698 1336 δογματι-

2101 1339 2193 1429 x_‘0v
2225 1341 2573 1423 μεταϐαίνει,
2601 1342 2694 1402 xui
2725 1343 3020 1421 δείκνυσιν,
3053 1345 3136 1407 ὅτι
3181 1345 3353 1406 οὐκέτι
3398 1348 3699 1429 ὀφείλουσιν

2101 1420 2237 1491 εἶναι
2270 1432 2372 1492 ὑπὸ
2403 1432 2491 1493 τὸν
2538 1420 2718 1512 νόμον.
2785 1434 2895 1496 Καὶ
2945 1436 3048 1517 γὰρ
3095 1439 3124 1495 ὁ
3173 1437 3360 1516 νόμος,
3413 1420 3608 1519 φησὶν,
3641 1439 3696 1499 ὃν

2101 1522 2192 1582 καὶ
2243 1525 2390 1601 ὑμεῖς
2446 1524 2761 1603 γινώσκετε,
2819 1525 3052 1607 κυριεύει
3107 1531 3201 1587 τοῦ
3280 1527 3557 1608 ἀνθρώπου
3619 1530 3699 1608 ἐφ’

2099 1611 2220 1674 ὅσον
2249 1613 2437 1694 χρόνον
2483 1618 2568 1696 ζῇ.
2610 1617 2738 1684 Τοῖς
2767 1615 2871 1697 γὰρ
2899 1615 3208 1690 τεθνηκόσιν
3257 1616 3434 1678 οὐκέτι
3485 1617 3702 1678 διατάτ-

2097 1727 2267 1767 τεται,
2302 1704 2481 1765 Ὥστε
2511 1703 2606 1764 καὶ
2637 1711 2784 1784 ὑμεῖς
2822 1707 3112 1767 ἀπεθάνετε
3161 1709 3306 1787 αὐτῷ
3327 1756 3343 1784 ,
3394 1706 3488 1768 xui
3517 1705 3701 1767 λοιπὸν

2097 1793 2274 1854 οὐκέτι
2303 1795 2528 1875 κυριεύει
2568 1798 2741 1875 ὑμῶν.
2788 1795 2885 1857 Ἐν
2916 1799 3058 1878 ἀρχῇ
3102 1797 3199 1877 μὲν
3240 1791 3330 1858 οὖν
3374 1797 3516 1858 οὕτω
3546 1802 3702 1856 τοῦτο

2095 1885 2309 1963 ᾐνίξατο
2332 1909 2343 1923 ο
2378 1885 2494 1961 ἑξῆς
2542 1885 2598 1946 δὲ
2634 1885 2808 1953 ἄλλως
2846 1886 2906 1946 τὸ
2953 1887 3084 1946 αὖτό
3113 1912 3307 1970 φησιν,
3351 1887 3434 1949 ὅτι
3487 1889 3694 1948 ἀποθα-

2097 1975 2271 2044 νόντος
2301 1981 2393 2036 τοῦ
2425 1975 2639 2057 ἀνδρὸς,
2693 1981 2727 2048 ἡ
2776 1975 2906 2056 γυνὴ
2959 1976 3200 2047 ἐξουσίαν
3240 1977 3352 2060 ἔχει
3410 1977 3575 2061 ἑτέρῳ
3605 2001 3698 2037 συ-

2101 2068 2418 2146 ζευχθῆναι.
2469 2067 2680 2127 Οὖκοῦν
2715 2067 2807 2126 καὶ
2853 2068 3112 2148 ἐνταῦθα,
3159 2070 3188 2127 ὅ
3217 2068 3315 2147 μὲν
3358 2067 3516 2146 νόμος
3551 2066 3703 2148 ἀνδρὶ

2095 2159 2298 2235 ἔοικεν,
2326 2158 2475 2235 ὑμεῖς
2505 2154 2560 2216 δὲ
2608 2155 2841 2236 γυναικί.
2903 2147 3040 2218 Εἶτα
3085 2157 3146 2218 τὸ
3196 2158 3484 2219 ἀκόλουθον
3533 2149 3596 2230 ἦν
3633 2147 3702 2217 εἰ·

2095 2255 2213 2305 πεῖν
2248 2266 2261 2281 ⁸
2293 2243 2498 2322 ⁸Ώστε,
2530 2245 2786 2328 ἀδελφοὶ,
2818 2252 2878 2329 οὑ
2928 2245 3161 2329 κυριεύει
3215 2251 3362 2327 ὑμῶν
3415 2252 3444 2308 ὁ
3497 2249 3657 2326 νόμος
3685 2271 3699 2285 ·

2095 2335 2328 2397 ἀπέθανε
2357 2336 2484 2418 γάρ.
2525 2327 2792 2397 Ἀλλ’ίοὼι
2842 2327 3222 2414 εἷπεν-οὕτως,
3255 2336 3346 2398 ἵνα
3397 2337 3475 2419 μὴ
3516 2339 3696 2420 πλήξῃ

2093 2426 2212 2497 τοὺς
2240 2427 2564 2505 Ἰουδαίους,
2608 2427 2749 2486 ἀλλὰ
2787 2425 2885 2502 τὴν
2914 2437 3145 2509 γυναῖκα
3190 2428 3394 2510 εἰσάγει
3445 2429 3698 2504 τελευτή-

2095 2541 2302 2596 σασαν,
2347 2517 2646 2593 τουτέστιν,
2695 2516 2926 2598 αὐτοὺς,
2971 2517 3113 2579 ὥστε
3157 2519 3347 2593 διπλῆς
3400 2520 3694 2581 ἀπολαύειν

2092 2611 2190 2680 τῆς
2236 2609 2553 2690 ἐλευθερίας.
2613 2611 2682 2670 Εἰ
2733 2607 2837 2690 γὰρ
2887 2609 3305 2684 τελευτήσαντος
3348 2614 3442 2670 τοῦ
3474 2611 3695 2692 ἀνδρὸς,

2095 2699 2440 2771 ἀπήλλακται
2472 2703 2568 2772 τῆς
2617 2698 2854 2768 ἐξουσίας
2900 2705 2992 2759 τοῦ
3023 2700 3221 2780 νόμου,
3267 2701 3453 2782 πολλῷ
3487 2703 3694 2780 μᾶλλον

2093 2789 2486 2871 ἠλευθέρωται,
2552 2788 2680 2849 ὅταν
2739 2789 2832 2848 xui
2884 2789 3020 2864 αὖτὴ
3097 2794 3509 2868 τετελευτηκυῖα
3569 2791 3694 2874 φαί-

2093 2903 2271 2953 νηται.

2173 2999 2199 3025 ι
2229 2969 2435 3045 Ὥστε,
2481 2969 2700 3052 ἀδελφοί
2730 2993 2830 3048 μου
2851 3015 2869 3044 ,
2902 2969 3271 3044 ἐθανατώθητε
3316 2970 3409 3030 καὶ
3441 2975 3590 3050 ὑμεῖς
3614 2975 3691 3053 τῷ

2092 3059 2238 3142 νόμῳ
2289 3059 2376 3120 διὰ
2430 3065 2522 3120 τοῦ
2568 3059 2818 3140 σώματος
2861 3063 2954 3119 τοῦ
3000 3061 3266 3142 Χριστοῦ,
3319 3063 3391 3130 εἰς
3443 3061 3502 3122 τὸ
3551 3063 3692 3144 γενέ-

2093 3155 2214 3209 σθαι
2260 3153 2394 3227 ὑμᾶς
2425 3151 2589 3232 ἑτέρῳ
2632 3155 2709 3232 τῷ
2742 3152 2802 3208 ἐκ
2840 3152 3038 3226 νεκρῶν
3085 3151 3380 3231 ἐγερθέντι,
3427 3151 3517 3211 ἵνα
3559 3176 3692 3234 καρ-

2090 3240 2480 3322 ποφορήσωμεν
2509 3244 2586 3324 τῷ
2630 3243 2780 3322 Θεῷ.
2815 3267 2839 3294 ι
2876 3242 2942 3302 Εἰ
2975 3239 3146 3321 νεκροὶ
3184 3242 3474 3321 γεγόνατε,
3504 3243 3686 3324 φησὶν,

2091 3333 2184 3392 οὐκ
2213 3332 2331 3391 ἐστὲ
2367 3331 2469 3392 ὑπὸ
2517 3331 2701 3410 νόμον.
2755 3333 2824 3393 Εἰ
2873 3330 2977 3413 γὰρ
3007 3332 3422 3405 τελευτήσαντος
3465 3338 3557 3392 τοῦ
3590 3338 3688 3392 ἀν-

2014 3389 2059 3454 C
2088 3389 2232 3504 ait,
2285 3389 2387 3484 δὲ».
2425 3389 2985 3494 ἐστιᾲ““ἑὲτέύᾶ.νοξ’“ἧ
3029 3389 3160 3502 γε.νῆ
3183 3389 3226 3501 ,⁷³
3243 3389 3432 3504 alia
3479 3389 3688 3502 tax...

2085 3513 2220 3587 αὕτη
2267 3517 2670 3588 τετελευτηκυῖα
2718 3511 3063 3585 ἀπήλλακται
3113 3518 3206 3573 τοῦ
3264 3517 3421 3593 ζυγοῦ
3465 3520 3560 3574 τοῦ
3603 3515 3690 3576 νό-

2082 3628 2207 3682 μου.
2252 3601 2400 3684 Ὅρα
2432 3605 2485 3665 δὲ
2515 3603 2736 3686 σοφίαν,
2769 3606 2882 3673 πῶς
2914 3602 3179 3663 δείκνυσιν
3210 3604 3366 3664 αὐτὸν
3398 3604 3485 3664 τὸν
3517 3605 3679 3686 νόμον

2082 3693 2399 3775 βουλόμενον
2448 3695 2506 3755 τὸ
2565 3685 2868 3768 ἀποστῆναι
2925 3695 3111 3757 αὐτοῦ.
3163 3692 3537 3774 Ἄπηλλάγητε
3594 3685 3684 3756 οῦν

2079 3783 2170 3844 xui
2200 3787 2348 3865 ὑμεῖς
2388 3790 2479 3845 τοῦ
2509 3784 2671 3863 νόμου
2713 3783 2800 3844 διὰ
2850 3788 2941 3844 τοῦ
2984 3782 3230 3862 σώματος
3277 3789 3371 3844 τοῦ
3414 3787 3685 3866 Χριστοῦ,

2078 3882 2169 3935 τοῦ
2201 3875 2589 3957 σταυρωθέντος
2622 3876 2756 3955 ὑπὲρ
2786 3877 2959 3953 ἡμῶν.
2991 3874 3070 3934 Τὸ
3099 3875 3202 3954 γὰρ
3243 3878 3403 3951 σῶμα
3433 3878 3604 3935 ἐκεῖνο
3631 3875 3685 3913 ²⁰

2082 3966 2168 4025 διὰ
2211 3972 2366 4028 τοῦτο
2414 3964 2756 4039 ἐθανατώθη,
2796 3961 2884 4021 ἵνα
2918 3964 3066 4040 ὑμεῖς
3111 3963 3412 4036 ἀποθάνητε
3464 3964 3562 4041 μὲν
3609 3971 3685 4043 τῷ

2079 4057 2261 4139 νόμῳ,
2314 4056 2540 4139 γένησθε
2589 4055 2643 4113 δὲ
2691 4053 2792 4112 ὑπὸ
2825 4052 2999 4133 ἕτερον
3049 4052 3137 4112 τὸν
3176 4052 3510 4113 ἀποθανόντα
3552 4055 3683 4132 ὑπὲρ

2081 4137 2260 4224 ἡμῶν,
2295 4137 2409 4204 εἶτα
2440 4144 2530 4204 xui
2579 4142 2878 4224 ἐγερθέντα.
2921 4140 2990 4202 Ὀ
3041 4140 3137 4220 μὲν
3181 4141 3284 4222 γὰρ
3329 4141 3487 4220 νόμος
3532 4145 3680 4202 ἀπο-

2079 4235 2284 4310 θανὼν,
2319 4236 2496 4295 οὐκέτι
2543 4237 2606 4313 ζῇ
2639 4257 2651 4270 ·
2682 4236 2709 4291 ὁ
2745 4231 2797 4292 δὲ
2846 4231 3073 4313 Χριστὸς
3121 4231 3320 4308 θανὼν,
3371 4236 3456 4312 ζῇ.
3503 4231 3682 4293 "(lore

2079 4326 2172 4385 οὐκ
2221 4323 2371 4406 ἔχετε
2433 4323 2671 4393 ἐξουσίαν
2720 4328 2813 4383 τοῦ
2872 4326 3063 4392 ζῶντος
3115 4320 3302 4382 τούτου
3353 4325 3672 4397 ἀποστῆναι.

2079 4416 2190 4476 Καὶ
2219 4415 2271 4475 τί
2299 4416 2360 4475 τὸ
2380 4415 2596 4496 κέρδος;
2628 4443 2652 4468 «ι
2678 4412 2802 4476 Ἵνα
2830 4413 3326 4496 καρποφορήσωμεν
3357 4417 3434 4496 τῷ
3465 4417 3616 4498 Θεῷ,
3649 4440 3676 4474 io

2079 4506 2377 4580 τουτέστιν,
2430 4503 2550 4567 Ἵνα
2596 4507 2657 4565 ἐκ
2704 4510 2798 4578 τῆς
2852 4503 3103 4584 συζυγίας
3155 4503 3354 4578 ταύτης
3400 4509 3498 4578 τῆς
3549 4506 3680 4587 πρὸς

2075 4595 2163 4656 τὸν
2197 4595 2458 4678 Χριστὸν,
2493 4595 2960 4678 τεκνογονήσωμεν
2990 4597 3066 4678 τῷ
3090 4596 3255 4677 Θεῷ,
3289 4593 3506 4678 πράξεις
3542 4597 3676 4676 ἀγα-

2000 4721 2050 4786 D
2078 4685 2169 4755 θὰς
2198 4687 2406 4786 δηλαδή
2419 4735 2430 4749 .

2169 4800 2198 4836 (ι
2223 4773 2361 4840 "Ore
2391 4777 2494 4860 γὰρ
2537 4769 2672 4856 ἦμεν
2713 4778 2767 4837 ἐν
2795 4779 2861 4859 τῇ
2904 4773 3063 4857 σαρκὶ
3090 4819 3107 4850 ,
3149 4774 3218 4834 τὰ
3246 4774 3542 4854 παθήματα
3570 4778 3678 4838 τῶν

2079 4869 2352 4949 ἁμαρτιῶν
2401 4867 2470 4926 τὰ
2521 4867 2608 4928 διὰ
2649 4873 2740 4928 τοῦ
2800 4867 2964 4945 νόμου
3012 4866 3285 4946 ἐνηργεῖτο
3318 4866 3372 4923 ἐν
3419 4873 3527 4934 τοῖς
3577 4866 3677 4944 μέ-

2076 4963 2220 5019 λεσιν
2251 4962 2427 5037 ἡμῶν,
2458 4959 2532 5026 εἷς
2559 4956 2620 5016 τὸ
2661 4960 3072 5038 καρποφορῆσαι
3110 4959 3186 5037 τῷ
3217 4953 3451 5038 θανάτῳ.
3482 4976 3512 5014 ι)
3546 4959 3672 5017 Δει-

2079 5047 2232 5127 κνὺς,
2266 5048 2348 5108 ὅτι
2394 5053 2422 5110 ὃ
2453 5046 2610 5125 νόμος
2639 5044 2788 5108 οὐδὲν
2830 5051 2958 5123 ἡμῖν
3006 5045 3270 5106 συνετέλει
3301 5043 3347 5082 2'
3383 5047 3456 5113 εἷς
3486 5045 3546 5106 τὸ
3576 5071 3674 5130 φυ-

2071 5141 2181 5219 γεῖν
2225 5138 2292 5222 τὰ
2335 5137 2569 5222 σαρκικὰ
2608 5138 2794 5212 πάθη,
2828 5134 2967 5196 ἀλλὰ
3015 5134 3175 5214 μόνον
3221 5135 3425 5196 ἐδείκνυ
3467 5142 3672 5212 ταῦτα,

2070 5225 2210 5292 ⁶¹Οτε
2238 5219 2374 5309 ἦμεν
2397 5219 2422 5304 ,’
2450 5227 2608 5310 φησὶν
2634 5277 2647 5302 ,
2679 5230 2732 5287 ἐν
2777 5231 2853 5307 τῷ
2884 5229 3127 5308 σαρκικῷ
3171 5226 3270 5308 βίῳ
3310 5226 3400 5287 καὶ
3429 5227 3544 5296 ταῖς
3571 5251 3672 5289 πο·-

2071 5329 2255 5402 νηραῖς
2298 5319 2560 5401 πράξεσι,
2610 5316 2679 5377 τὰ
2736 5315 3035 5395 παθήματα
3084 5319 3187 5377 τῶν
3239 5316 3548 5399 ἁμαρτιῶν,
3603 5317 3672 5379 τὰ

2072 5409 2159 5471 διὰ
2209 5414 2304 5470 τοῦ
2348 5409 2508 5488 νόμου
2557 5405 2922 5492 φανερούμενα
2966 5405 3058 5467 καὶ
3086 5407 3488 5489 γνωριζόμενα,
3522 5409 3677 5489 ἐνηρ-

2070 5511 2216 5584 γεῖτο
2243 5499 2394 5584 παρὰ
2445 5505 2539 5573 τῆς
2584 5501 2760 5581 ψυχῆς
2807 5499 2862 5558 ἐν
2906 5504 3016 5566 τοῖς
3063 5498 3277 5578 μέλεσιν
3328 5501 3506 5579 ἡμῶν.
3554 5499 3674 5561 Οὐκ

2075 5583 2252 5669 εἶπεν,
2279 5583 2359 5652 ὅτι
2383 5592 2433 5652 Τ
2437 5589 2471 5650 δι
2513 5591 2652 5668 μέλη
2689 5589 2742 5625 ²²
2772 5588 2982 5672 ἐνήργει
3009 5587 3107 5662 τὴν
3136 5589 3427 5672 πονηρίαν,
3472 5588 3561 5651 ἵνα
3593 5588 3669 5668 μὴ

1761 5729 1952 5792 Variae
1991 5731 2292 5794 lectiones.

441 5844 485 5882 ²⁰
516 5842 582 5902 i'o.
619 5843 804 5903 ἐκείνου
833 5863 890 5907 0.
967 5843 1007 5884 Μ
1039 5845 1271 5905 συντελεῖ
1293 5864 1350 5910 ο.
1426 5849 1469 5886 ²²
1496 5848 1659 5923 ἡμῶν.
