4150 6420
394 432 485 486 421
1287 429 1638 490 EXPOSITIO
1678 433 1745 489 IN
1780 433 1981 490 EPIST.

2090 434 2124 489 D
2163 426 2329 491 ΗΘΜ.
2379 464 2450 475 -
2487 435 2635 490 CAP.
2678 436 2786 490 Vll.

3597 441 3702 499 422

388 556 534 634 δώσῃ
564 555 749 642 χώραν
779 559 1153 638 κατηγορῆσαι
1192 559 1286 632 τῆς
1333 557 1552 641 σαρκός.
1592 558 1663 620 Ἦ
1695 558 1797 641 γὰρ
1839 560 1981 642 ψυχή

2098 559 2257 619 daret
2301 559 2639 618 accusationi
2689 558 2889 618 carnis.
2943 559 3147 617 Anima
3193 562 3341 619 enim
3393 572 3478 623 est
3525 565 3703 628 instar

387 647 530 706 ἐστιν
552 639 665 732 οἶόν
694 670 774 716 τις
818 646 1157 729 κιθαριστὴς,
1200 646 1270 707 τὰ
1316 647 1373 708 δὲ
1413 639 1560 727 μέλη
1603 639 1821 732 κιθάρα.
1856 639 1992 712 ’Κά-

388 740 493 808 κῶς
522 728 613 799 οὖν
663 740 943 820 κρούοντος
998 744 1091 800 τοῦ
1146 744 1492 822 κιθαριστοῦ,
1544 744 1725 810 κακῶς
1776 745 1901 823 ἠχεῖ
1955 745 1989 817 ἡ

386 829 604 910 κιθάρα.
639 828 784 891 Ὑπὸ
832 829 922 890 τὸν
968 829 1131 910 νόμον
1176 830 1348 892 τοίνυν
1380 829 1558 912 ὄντες,
1604 831 1790 905 ἐπειδὴ
1830 831 1885 871 ³³
1919 832 1990 893 τὰ

385 919 533 993 πάθη
591 922 688 982 οὐκ
750 919 1049 1000 ἐδυνάμεθα
1105 930 1326 1003 φυγεῖν,
1399 924 1834 1005 ἐτεκνογονοῦμεν
1892 921 1990 992 τὰς

387 1010 624 1093 πονηρὰς
652 1009 868 1093 πράξεις
899 1015 976 1093 τῷ
1010 1012 1241 1095 θανάτῳ.

479 1123 511 1161 α
535 1101 672 1163 Νυνὶ
709 1101 765 1162 δὲ
797 1101 1215 1183 κατηργήθημεν
1263 1102 1371 1164 ἀπὸ
1410 1106 1505 1164 τοῦ
1552 1100 1752 1183 νόμου,
1788 1105 1989 1165 ἀποθα-

388 1189 561 1261 νόντες
605 1194 658 1253 ἐν
706 1189 751 1274 ᾧ
798 1190 1215 1273 κατειχόμεθα,’
1249 1190 1389 1253 ὥστε
1438 1193 1705 1254 δουλεύειν
1752 1199 1896 1274 ἡμᾶς
1933 1196 1987 1255 ἐν

391 1280 658 1356 καινότητι
706 1282 1057 1368 Πνεύματος,
1092 1284 1184 1344 καὶ
1235 1284 1294 1343 οὗ
1347 1283 1674 1358 παλαιότητι
1718 1285 1989 1368 γράμμα-

388 1394 493 1441 τος.
530 1397 561 1429 ο
594 1374 715 1435 Οὖκ
744 1364 918 1448 εἶπεν,
965 1373 1047 1433 ὅτι
1092 1374 1421 1456 Κατηργήθη
1466 1378 1493 1434 6
1529 1364 1866 1452 νόμοςξῖνα
1910 1374 1985 1454 μὴ

386 1461 565 1544 πλήξῃ
612 1463 735 1533 τοὺς
786 1463 1103 1540 Ἰουδαίους,
1150 1464 1323 1543 ἀλλὰ,
1380 1492 1407 1517 α
1464 1464 1897 1547 Κατηργήθημεν
1946 1486 1977 1525 n

383 1555 540 1631 ἡμεῖς
598 1576 629 1613 α
659 1553 767 1614 ἀπὸ
810 1558 907 1615 τοῦ
968 1554 1130 1633 νόμου
1155 1576 1171 1594 ο
1206 1581 1231 1609 ιι
1276 1554 1309 1616 ὅ
1355 1556 1528 1631 ἐστιν,
1580 1554 1981 1635 Ἀπελύθημεν,

384 1643 859 1725 ἠλευθερώθημεν,
909 1644 1301 1725 ἀποθανόντες,
1340 1644 1434 1705 καὶ
1478 1646 1689 1727 νεκροὶ,
1730 1644 1834 1727 καὶ
1864 1644 1985 1705 ἀκί-

381 1755 533 1807 νητοι
579 1735 852 1817 γενόμενοι
885 1733 1017 1817 πρὸς
1064 1736 1232 1796 ἐκεῖνο
1275 1734 1337 1796 τὸ
1364 1726 1591 1816 πρᾶγμα
1621 1737 1674 1795 ἐν
1801 1758 1987 1797 κατει-

2099 649 2404 721 citharcedi,
2444 650 2697 708 membra
2737 666 2871 709 vero
2917 658 2981 708 ut
3006 650 3242 710 cithara.
3274 654 3411 712 Male
3455 673 3700 733 namque

2100 749 2157 799 et
2182 742 2362 816 inepte
2390 742 2644 815 pulsante
2671 741 3001 812 citharoedo,
3042 743 3189 800 male
3227 755 3448 803 resonat
3474 764 3700 822 quoque

2098 831 2325 890 cithara.
2349 833 2491 893 Cum
2512 833 2694 907 itaque
2711 833 2815 892 sub
2847 834 2965 908 lege
2985 848 3253 906 essemus,
3283 850 3386 894 nec
3408 854 3697 911 possemus

2094 921 2324 982 affectus
2386 923 2651 999 effugere,
2723 926 3224 999 progenerabamus
3300 943 3470 1001 prava
3528 946 3699 1005 opera

2096 1015 2285 1073 morti.

2166 1107 2346 1165 Vens.
2398 1112 2454 1163 6.
2508 1128 2535 1158 ι
2583 1109 2744 1165 Nunc
2785 1114 2976 1166 autem
3024 1106 3173 1167 soliti
3216 1124 3410 1168 sumus
3465 1127 3498 1169 a
3547 1110 3686 1187 lege,

2095 1196 2302 1253 mortui
2342 1196 2414 1266 ei,
2456 1196 2516 1254 in
2561 1214 2667 1271 qua
2703 1197 3109 1269 detinebamur,
3153 1208 3215 1257 ut
3257 1201 3561 1259 serviamus
3584 1219 3691 1262 nos

2094 1286 2150 1342 in
2168 1285 2411 1344 novitate
2462 1287 2719 1360 Spiritus,
2743 1297 2799 1346 et
2829 1305 2945 1347 non
2967 1289 3027 1346 in
3062 1298 3363 1349 vestustate
3397 1291 3625 1350 litterae.
3661 1315 3690 1341 ιι

2094 1377 2224 1432 Non
2261 1375 2404 1433 dixit
2448 1377 2690 1436 solutam
2729 1394 2847 1437 esse
2874 1380 3074 1453 legem,
3115 1396 3185 1437 ne
3227 1378 3549 1440 offenderet
3585 1384 3690 1439 Ju—

2092 1465 2279 1535 daeos;
2320 1467 2418 1525 sed
2446 1486 2477 1522 α
2531 1470 2647 1526 Nos
2675 1469 2843 1527 soluti
2898 1486 3088 1529 sumus
3131 1488 3163 1529 a
3192 1472 3329 1546 lege,
3360 1494 3387 1523 ιι
3413 1472 3563 1547 quod
3586 1481 3691 1545 est,

2093 1555 2330 1614 absoluti
2374 1556 2487 1631 47
2531 1575 2749 1631 sumus,
2793 1559 3004 1618 liberati
3046 1577 3260 1631 sumus,
3293 1561 3543 1621 defuncti
3586 1564 3699 1623 vita

2092 1654 2147 1704 et
2171 1647 2400 1718 mortui,
2457 1656 2512 1706 et
2534 1648 2843 1707 immobiles
2882 1650 3011 1708 facti
3054 1651 3127 1709 ad
3168 1652 3320 1710 illam
3349 1669 3474 1711 rem
3514 1653 3569 1710 in
3584 1670 3691 1729 qua

2095 1736 2493 1796 detinehamur.
2522 1741 2603 1796 Ea
2638 1756 2764 1798 vero
2815 1757 2902 1798 res
2944 1750 3233 1815 peccatum
3271 1753 3429 1801 erat:
3465 1744 3524 1801 in
3565 1744 3687 1817 ipso

380 1797 625 1905 χόμεθαι,
664 1797 794 1907 ὅπερ
823 1816 887 1900 ἦν
918 1797 953 1901 ἦ
984 1797 1229 1908 άμαρτία
1263 1848 1277 1864 ·
1321 1826 1375 1885 ἐν
1406 1797 1541 1907 ἑιύἑῂ
1591 1826 1694 1907 γὰρ
1725 1797 1832 1886 ὸῖόν
1876 1848 1981 1887 τινι

2095 1827 2246 1885 enim
2275 1830 2444 1886 veluti
2476 1829 2695 1887 vinculo
2734 1797 2984 1905 quodam
3024 1831 3440 1891 detinebamur.
3486 1797 3695 1891 Moitui

381 1914 564 1995 δεσμῷ
611 1916 991 1998 κατειχόμεθα.
1052 1915 1409 1995 Ἀπεθάνομεν
1463 1915 1519 1975 δὲ
1576 1916 1706 1998 πρὸς
1742 1916 1940 1990 ταύτην
1964 1964 1976 1988 ,

380 2002 471 2065 ἵνα
514 2005 881 2085 δουλεύσωμεν
901 2052 918 2082 ,
948 2009 1026 2089 τῷ
1069 2007 1197 2088 Θεῷ
1247 2004 1490 2083 δηλαδὴ,
1550 2028 1581 2066 ι(
1609 2010 1685 2066 ἐν
1710 2006 1983 2082 καινότητι

382 2095 718 2175 πνεύματος,
748 2097 840 2158 καὶ
876 2099 937 2157 οὔ
966 2095 1292 2179 παλαιότητι
1338 2095 1680 2179 γράμματος.
1724 2120 1755 2155 π
1794 2097 1981 2157 Πάλαι

385 2183 483 2264 μὲν
511 2186 613 2270 γὰρ
660 2187 1090 2269 δυσκατόρθωτος
1129 2178 1193 2261 ἧν
1225 2191 1261 2261 ἡ
1292 2178 1490 2269 ἀρετὴ,
1517 2187 1613 2247 ἅτε
1662 2191 1756 2247 τοῦ
1807 2187 1981 2266 Ἀδὰμ

384 2277 440 2335 ἐν
494 2281 569 2359 τῷ
623 2281 796 2360 θνητῷ
863 2277 1077 2357 σώματι
1135 2276 1311 2339 πολλὰ
1363 2275 1723 2356 ἐλαττώματα
1776 2278 1982 2360 φυσικὰ

385 2366 773 2447 ἀναδεξαμένου
803 2391 818 2407 ο
869 2372 960 2429 νῦν
1010 2368 1067 2427 δὲ
1121 2367 1302 2451 χάριτι
1354 2369 1592 2449 Χριστοῦ
1639 2370 1693 2428 ἐν
1745 2372 1822 2451 τῷ
1872 2371 1977 2448 βα-

384 2457 675 2537 πτίσματι,
702 2465 737 2535 ἡ
760 2456 914 2542 φύσις
954 2460 1109 2537 ἡμῶν
1135 2457 1505 2537 ἐνεδυναμώθη
1538 2455 1627 2517 διὰ
1669 2461 1759 2518 τοῦ
1808 2456 1983 2520 Πνεύ-

384 2570 582 2624 ματος,
629 2553 722 2609 τοῦ
750 2548 962 2617 καινοὺς
990 2550 1082 2609 καὶ
1126 2548 1270 2617 νέους
1306 2554 1450 2627 ἡμᾶς
1491 2547 1852 2624 ποιήσαντος,
1888 2547 1983 2609 καὶ

386 2638 787 2711 ἀπαλλάξαντος
857 2645 953 2713 τῆς
1004 2639 1364 2711 παλαιότητος
1414 2636 1508 2698 καὶ
1564 2637 1835 2706 ἀσθενείας
1886 2643 1982 2698 τοῦ

382 2729 716 2813 γράμματος.
746 2728 851 2793 Διὰ
897 2734 1056 2791 τοῦτο
1087 2729 1181 2790 καὶ
1218 2731 1272 2789 ἐν
1325 2732 1401 2812 τῷ
1433 2728 1581 2813 νόμῳ
1630 2727 1731 2808 μὲν
1759 2727 1981 2789 σπάνιον

380 2811 446 2894 ἧν
483 2825 516 2893 ἡ
543 2821 801 2903 παρθενία
820 2869 833 2895 ,
866 2825 958 2880 νῦν
1008 2821 1062 2883 δὲ
1092 2822 1148 2880 ἐν
1282 2811 1587 2901 Ἐκκλησία
1612 2819 1850 2901 χιλιάδες
1876 2822 1981 2881 τῶν

383 2912 439 2970 ἐν
487 2911 659 2993 ταύτῃ
707 2911 762 2956 ²⁴
816 2911 1139 2972 εὐθυνόντων
1169 2934 1184 2949 ·
1238 2911 1329 2972 καὶ
1382 2914 1435 2971 ἐν
1604 2914 1699 2972 τοῦ
1752 2911 1982 2973 θανάτου

381 3001 777 3083 καταφρονήσει
808 3001 870 3062 τὸ
902 3000 1106 3081 ὅμοιον.

467 3115 497 3151 ε
526 3093 601 3154 Τί
627 3083 718 3153 οῦν
751 3094 1006 3174 ἐροῦμεν;
1033 3091 1166 3154 "On
1195 3093 1224 3151 6
1251 3086 1410 3168 νόμος
1440 3090 1715 3173 ἁμαρτίας
1760 3089 1855 3165 Μὴ
1887 3090 1974 3170 γέο

2091 1926 2280 1975 autem
2319 1935 2513 1977 sumus
2545 1936 2673 1994 erga
2705 1919 2873 1992 istud,
2925 1945 2952 1972 ι
2994 1924 3077 1981 Ut
3119 1923 3440 1982 serviamus.
3492 1940 3696 1997 nempe

2092 2009 2239 2077 Deo,
2289 2031 2315 2058 η
2360 2009 2418 2066 in
2457 2010 2703 2068 novitate
2744 2011 3012 2084 Spiritus,
3063 2021 3118 2069 et
3157 2029 3271 2070 non
3318 2014 3373 2069 in
3427 2022 3696 2073 vetustate

2088 2097 2306 2157 litterae.
2325 2123 2350 2150 ιι
2378 2100 2677 2172 Quondam
2696 2101 2851 2159 enim
2871 2102 3043 2159 virtus
3053 2101 3352 2161 difﬁculter
3383 2104 3691 2162 admodum

2090 2188 2494 2261 perﬁciebatur,
2552 2207 2619 2249 eo
2694 2191 2845 2266 quod
2899 2192 3149 2251 Adamus
3204 2193 3409 2252 multas
3479 2205 3691 2252 naturae

2088 2279 2510 2338 imminutiones
2549 2281 2610 2338 in
2660 2282 2877 2341 mortali
2932 2298 3036 2341 suo
3088 2300 3319 2358 corpore
3371 2286 3690 2357 recepisset.

2090 2372 2221 2427 Jam
2252 2386 2400 2428 nunc
2436 2387 2564 2429 vero
2611 2387 2711 2445 per
2747 2373 2985 2445 gratiam
3011 2373 3211 2432 Christi
3241 2375 3303 2431 in
3334 2375 3687 2448 baptismate,

2086 2468 2279 2516 natura
2296 2469 2491 2519 nostra
2525 2462 2833 2520 confortata
2861 2471 2951 2520 est
2979 2479 3077 2537 per
3120 2465 3412 2538 Spiritum,
3466 2466 3559 2540 qui
3588 2481 3694 2524 nos

2088 2565 2265 2607 novos
2288 2548 2419 2608 facit
2455 2561 2512 2610 et
2548 2551 2796 2625 juvenes,
2837 2570 2901 2611 ac
2927 2554 3184 2612 liberavit
3230 2572 3263 2613 a
3290 2565 3588 2614 vestustate
3626 2572 3694 2614 ac

2088 2639 2410 2698 inﬁrmitate
2456 2641 2673 2702 littera.
2745 2646 3041 2718 Propterea
3098 2652 3154 2703 et
3224 2644 3284 2701 in
3337 2646 3456 2720 lege
3499 2663 3690 2704 rarum

2090 2730 2354 2803 quiddam
2394 2740 2516 2790 erat
2548 2732 2855 2808 virginitas,
2913 2751 3064 2792 nunc
3118 2744 3305 2794 autem
3348 2735 3405 2792 in
3456 2737 3688 2795 ecclesia

2088 2820 2291 2880 Christi
2336 2823 2529 2880 multae
2587 2824 2862 2898 virginum
2904 2825 3172 2885 chiliades
3219 2836 3369 2884 recte
3411 2828 3687 2902 agentium

2089 2911 2473 2971 invieniuntur
2506 2934 2521 2973 :
2563 2930 2782 2974 necnon
2824 2915 2882 2974 in
2922 2925 3244 2994 contemptu
3271 2918 3477 2977 mortis
3535 2919 3690 2976 simi-

2092 3002 2236 3061 liter.

2164 3096 2343 3154 VEBS.
2368 3102 2421 3153 7.
2453 3117 2478 3145 α
2495 3094 2643 3166 Quid
2661 3112 2792 3170 ergo
2808 3097 3055 3157 dicemus
3074 3100 3227 3156 ?Lex
3252 3108 3542 3174 peccatum
3565 3109 3650 3157 est
3671 3101 3695 3155 Ρ

380 3188 548 3242 verto!
578 3181 743 3245 Ἀλλὰ
767 3170 1170 3264 ⁸ιλὴνᾶμαρτίαν
1208 3182 1301 3240 οὖκ
1326 3180 1528 3259 ἔγνων,
1562 3170 1616 3241 ἐἰ
1653 3180 1729 3261 μὴ
1771 3180 1858 3241 διὰ
1895 3181 1980 3242 νό-

2090 3184 2270 3242 Absit.
2316 3185 2425 3244 Sed
2468 3195 2757 3260 peccatum
2796 3204 2909 3245 non
2949 3190 3182 3262 cognovi
3221 3170 3325 3247 nisi
3367 3206 3465 3263 per
3483 3190 3685 3263 legem.

381 3295 501 3351 μου.
538 3274 657 3348 Τήν
683 3296 743 3334 τε
772 3271 876 3355 γὰρ
909 3272 1193 3352 ἐπιθυμίαν
1221 3273 1317 3332 οὐκ
1346 3270 1514 3350 ᾔδειν,
1546 3274 1595 3332 εἰ
1638 3270 1716 3350 μὴ
1753 3274 1782 3331 6
1823 3273 1983 3351 νόμος

382 3364 554 3445 ἔλεγεν
586 3387 600 3402 ·
630 3366 754 3428 Οὔκ
798 3362 1166 3444 ἐπιθυμήσεις.
1214 3385 1245 3422 ι)
1284 3362 1475 3445 Πολλὰ
1527 3361 1688 3422 εἰπὼν
1723 3361 1758 3420 ἃ
1810 3362 1983 3423 ἐδόκει

384 3443 630 3529 διαϐολὴν
658 3454 839 3539 φέρειν
870 3443 964 3515 τοῦ
1005 3457 1166 3532 νόμου
1192 3452 1282 3530 ²⁵,
1345 3443 1455 3513 οἷον
1500 3452 1593 3529 τὸ,
1638 3475 1671 3509 α
1713 3451 1980 3535 Ἅμαρτία

388 3546 534 3620 ὑμῶν
580 3547 638 3605 οὔ
681 3544 989 3629 κυριεύσειο
1038 3546 1098 3606 οὔ
1134 3544 1238 3628 γάρ
1283 3546 1402 3604 ἐστε
1457 3542 1561 3604 ὕπὸ
1605 3543 1807 3623 νόμον,
1858 3546 1977 3604 ἀλλ’

389 3633 493 3693 ὑπὸ
516 3633 674 3716 χάριν
700 3659 716 3676 ο
746 3662 771 3691 ι
794 3634 924 3711 καὶ,
954 3662 979 3690 ιι
1003 3634 1188 3717 Νόμος
1213 3635 1270 3697 δὲ
1295 3637 1680 3716 παρεισῆλθεν,
1701 3633 1792 3693 ἵνα
1821 3637 1983 3695 πλεο-

386 3723 524 3806 νάσῃ
553 3723 614 3784 τὸ
661 3726 1005 3807 παράπτωμα
1040 3748 1055 3763 ⁸
1090 3734 1135 3803 »ξ
1158 3725 1253 3786 καὶ
1302 3718 1405 3807 πρὸ
1439 3728 1667 3807 μικροῦ,
1715 3722 1797 3784 ὅτι
1836 3745 1867 3784 α
1894 3723 1983 3787 Τὰ

385 3814 681 3893 παθήματα
722 3818 827 3877 τῶν
869 3817 1149 3899 ἁμαρτιῶν
1170 3862 1189 3893 ,
1221 3814 1290 3875 τὰ
1318 3813 1406 3876 διὰ
1432 3819 1528 3876 τοῦ
1557 3814 1721 3892 νόμου
1753 3838 1768 3854 ο
1798 3840 1823 3871 ι
1854 3814 1981 3891 καὶ,

391 3927 424 3961 α
464 3906 815 3981 Παλαιότητα
849 3906 1169 3988 γράμματος
1193 3930 1207 3945 ·
1237 3928 1268 3967 ι)
1315 3905 1597 3988 θεραπεύει
1621 3904 1675 3944 ²⁶
1720 3904 1818 3978 τὴν
1848 3906 1980 3965 ὑπό-

384 4018 526 4056 νοιαν
572 3997 811 4075 ταύτην,
854 3988 963 4059 οἶόν
1017 4022 1140 4058 τινα
1197 3995 1743 4078 ἀντίθεσινηεῖσάγων
1794 3994 1981 4078 ὥσπερ

383 4086 850 4167 συμϐουλευτικῶς
871 4133 888 4163 ,
917 4086 1010 4149 καὶ
1035 4088 1205 4167 λέγων
1231 4111 1245 4127 ·
1282 4088 1409 4169 «ηΤί
1429 4077 1519 4147 οῦν
1558 4088 1780 4169 ἐροῦμεν
1802 4114 1827 4141 ι
1856 4077 1980 4168 περὶ

379 4181 470 4237 τοῦ
490 4179 693 4262 νόμους
720 4208 746 4233 ιι
764 4175 899 4241 Ὅτι
915 4177 1155 4261 ἁμαρτία
1172 4201 1190 4254 ;
1209 4206 1236 4233 ι
1260 4168 1399 4239 Εἶτα
1420 4175 1562 4237 λύων
1583 4176 1807 4255 ταύτην,
1831 4180 1982 4258 πρῶ-

377 4292 467 4330 τον
514 4270 615 4348 μὲν
662 4272 1120 4352 ἆπογορευτικῶς,
1167 4271 1239 4337 ὣς
1281 4268 1460 4328 εἴωθεν
1504 4267 1595 4327 ἐπὶ
1640 4271 1747 4328 τῶν
1778 4269 1981 4349 σφόδρα

2088 3276 2602 3349 Concupiscentiam
2644 3278 2795 3335 enim
2831 3280 3166 3349 nesciebam,
3196 3280 3306 3337 nisi
3338 3279 3422 3336 lex
3463 3279 3689 3351 diceret,

2092 3366 2219 3423 Non
2265 3367 2633 3440 concupisces.
2663 3370 2850 3426 uCiim
2896 3371 3072 3427 multa
3114 3369 3341 3429 dixisset
3365 3386 3491 3444 qua:
3535 3370 3689 3428 vide-

2091 3455 2292 3514 bantur
2320 3457 2425 3531 legi
2450 3458 2786 3516 calumniam
2813 3458 3034 3532 al‘ferre,
3074 3461 3236 3534 quale
3261 3469 3345 3518 est
3375 3502 3390 3531 ,
3429 3484 3455 3511 α
3482 3464 3693 3519 Pecca-

2092 3553 2213 3603 tum
2259 3547 2415 3605 vobis
2463 3565 2578 3605 non
2622 3549 3017 3622 dominabitur,
3066 3567 3180 3607 non
3236 3552 3392 3608 enim
3417 3551 3550 3609 estis
3586 3552 3689 3609 sub

2089 3638 2227 3711 lege,
2254 3637 2350 3695 sed
2382 3638 2483 3695 sub
2524 3640 2702 3713 gratia
2728 3642 2779 3709 νς
2832 3664 2857 3690 υ
2894 3650 2969 3709 et,
3014 3664 3036 3691 α
3078 3643 3195 3698 Lex
3236 3642 3585 3715 subintravit,
3620 3651 3683 3700 ut

2089 3729 2416 3786 exuberaret
2444 3728 2707 3786 delictum
2734 3740 2785 3800 ⁸;
2837 3748 2868 3785 »
2901 3739 2958 3787 et
2985 3730 3137 3804 quod
3167 3732 3330 3804 paulo
3359 3741 3484 3789 ante
3517 3733 3681 3804 dixit,

2094 3842 2121 3868 κ
2169 3816 2414 3877 Affectus
2442 3827 2815 3892 peccatorum,
2850 3821 2943 3895 qui
2976 3837 3074 3894 per
3107 3821 3283 3896 legem
3320 3839 3335 3890 ;
3370 3846 3397 3873 ››
3441 3831 3498 3879 et
3528 3844 3554 3871 «ι
3585 3823 3693 3879 Ve-

2092 3916 2352 3966 tustatem
2382 3909 2577 3967 littera;
2612 3928 2625 3965 :
2660 3932 2685 3959 υ
2704 3910 3000 3983 suspicioni
3027 3910 3153 3968 huic
3183 3910 3485 3985 quamdam
3529 3912 3697 3969 veluti

2090 3998 2460 4072 objectionem
2501 4000 2657 4074 quasi
2703 4016 2799 4074 per
2834 4002 3296 4060 consultationem
3336 4002 3694 4061 introducens

2089 4089 2363 4160 medetur,
2389 4090 2646 4165 inquiens
2678 4108 2691 4145 :
2725 4090 2867 4163 Quid
2881 4091 3042 4166 igitur
3066 4090 3320 4151 dicemus
3350 4116 3376 4144 ν
3421 4092 3492 4151 de
3529 4093 3647 4165 lege
3673 4097 3699 4151 Ρ

2094 4204 2119 4231 α
2164 4182 2528 4239 Peccatumne
2554 4185 2671 4238 est?
2709 4202 2737 4233 »
2764 4184 2950 4256 Atque
2977 4182 3119 4241 hanc
3156 4184 3559 4257 oppositionem
3609 4183 3693 4241 di-

2090 4270 2195 4328 luit
2248 4272 2493 4345 primum
2541 4271 2857 4341 inﬁciando,
2910 4273 2997 4330 uti
3057 4275 3351 4332 consuevit
3406 4274 3463 4331 in
3526 4273 3697 4332 vehe-

380 4359 588 4419 ἀτόπων
612 4359 786 4442 λέγειν
811 4384 825 4398 ⁶
856 4352 970 4420 εἶτα
1002 4358 1094 4420 καὶ
1132 4358 1417 4440 λογισμοὺς
1448 4357 1710 4440 προτιθείς
1731 4381 1745 4396 ·
1776 4356 1977 4441 Ἀμαρ-

2090 4368 2304 4418 menter
2346 4362 2600 4420 absurdis
2653 4362 2875 4432 dicere;
2945 4363 3177 4436 posthac
3218 4364 3460 4422 rationes
3528 4365 3696 4423 etiam

380 4448 468 4509 τία
508 4449 604 4529 μὲν
636 4452 733 4512 οὒκ
779 4450 933 4532 ἔστι,
981 4451 1146 4533 φησὶ,
1180 4448 1523 4532 γνωριστικὸς
1565 4447 1621 4508 δὲ
1663 4453 1757 4522 τῆς
1787 4448 1978 4530 ἆμαρ-

380 4539 534 4609 τίας⁶
581 4543 641 4602 οὗ
669 4540 793 4623 ιγὰρ
835 4541 983 4623 ᾔδειν
1027 4542 1127 4614 τὴν
1179 4538 1492 4620 ἐπιθυμίαν,
1541 4538 1694 4618 εἰμὴ
1743 4542 1772 4599 6
1817 4539 1977 4616 νόμος

378 4628 590 4710 ἔλεγεν
644 4659 670 4685 ιι
719 4634 843 4695 Οὔκ
893 4630 1258 4709 ἐπιθυμήσεις.
1329 4651 1361 4690 α
1386 4630 1494 4691 Καὶ
1546 4631 1663 4697 πῶς
1722 4629 1906 4691 λοιπὸν
1950 4635 1978 4691 6

381 4721 756 4802 κατακλυσμὸς
786 4720 1006 4803 γέγονε,
1042 4723 1170 4789 Πῶς
1195 4718 1263 4781 τὰ
1304 4721 1523 4799 Σόδομα
1564 4718 1862 4802 ἐνεπρήσθη
1885 4765 1903 4801 ,
1931 4720 1977 4779 εἰ

382 4809 460 4888 μὴ
490 4811 579 4872 καὶ
606 4812 713 4894 πρὸ
748 4816 839 4873 τοῦ
862 4811 1026 4891 νόμου
1054 4808 1373 4891 ἐγινώσκετο
1411 4810 1575 4871 κακὸν
1604 4814 1639 4884 ἡ
1675 4810 1970 4890 ἐπιθυμία;

380 4898 736 4980 Ἐγινώσκετο
776 4900 898 4981 μὲν,
935 4901 1054 4963 ἀλλ’
1093 4903 1194 4981 οὐχ
1228 4905 1263 4974 ἡ
1291 4900 1651 4981 ἐπιτεταμένη
1680 4900 1935 4980 ἐπιθυμία
1955 4945 1974 4976 ,

376 4991 496 5051 οὖδὲ
539 4990 705 5061 οὕτως
743 4992 976 5075 ἀκριϐῶς
1018 4991 1112 5052 καὶ
1142 4991 1195 5030 ³⁷
1226 4991 1366 5071 μετὰ
1412 4995 1507 5067 τῆς
1540 4990 1647 5052 ἀπὸ
1674 4995 1769 5051 τοῦ
1809 4991 1973 5070 νόμου

374 5082 689 5165 μαρτυρίας.
774 5082 1053 5165 Πρότερον
1113 5081 1210 5162 μὲν
1263 5082 1368 5164 γὰρ
1434 5081 1583 5164 μόνῳ
1626 5083 1704 5164 τῷ
1765 5083 1973 5165 φυσικῷ

373 5176 521 5255 νόμῳ
566 5170 961 5255 διεγινώσκετο,
990 5172 1207 5257 ὕστερον
1251 5169 1307 5233 δὲ
1358 5172 1446 5233 διὰ
1494 5177 1587 5234 τοῦ
1634 5177 1877 5256 γραπτοῦ
1901 5196 1917 5211 ο
1946 5171 1977 5233 ὃ

373 5262 467 5323 καὶ
498 5262 737 5343 μείζονος
779 5264 1040 5347 τιμωρίας
1083 5263 1335 5348 πρόξενον
1363 5286 1378 5303 ’
1415 5264 1536 5326 ἀλλ’
1578 5266 1638 5325 οὔ
1680 5263 1831 5347 παρὰ
1876 5262 1975 5339 τὴν

373 5358 464 5416 τῶ
490 5356 654 5435 νόμου
682 5355 1051 5432 διδασκαλίαν,
1074 5354 1215 5416 ἀλλὰ
1256 5354 1408 5437 παρὰ
1428 5354 1531 5429 τὴν
1559 5355 1665 5414 τῶν
1700 5353 1776 5434 μὴ
1809 5376 1977 5438 προσ-

377 5444 602 5528 εχόντων
635 5445 902 5533 ῥᾳθυμίαν
936 5467 949 5481 ·
985 5444 1016 5506 ὃ
1048 5447 1139 5508 καὶ
1170 5443 1259 5506 διὰ
1286 5448 1392 5508 τῶν
1425 5445 1542 5522 ἑξῆς
1576 5446 1750 5521 δηλοῖ.

450 5638 474 5674 ³
500 5640 809 5715 Μαρέῃ,
838 5643 933 5701 14.
1006 5647 1030 5681 ³
1063 5640 1240 5700 Rom.
1282 5652 1347 5712 v,
1385 5640 1477 5698 20.

2091 4468 2427 4525 proponens,
2456 4456 2756 4511 Peccatum
2805 4452 3035 4527 quidem
3079 4470 3192 4512 non
3231 4463 3338 4525 est,
3369 4455 3562 4529 inquit,
3593 4455 3695 4513 sed

2090 4542 2239 4599 enim
2276 4542 2442 4600 index
2490 4544 2696 4617 peccati
2730 4560 2743 4601 :
2774 4566 2801 4593 α
2842 4544 2969 4600 Non
3000 4543 3149 4601 enim
3196 4560 3395 4601 noram
3436 4544 3701 4618 cupidita-

2088 4641 2223 4701 tem,
2249 4633 2359 4690 nisi
2381 4633 2469 4690 lex
2512 4633 2723 4690 diceret
2755 4652 2767 4689 :
2802 4635 2932 4692 Non
2973 4635 3345 4707 concupisces.
3382 4658 3410 4685 ιο
3443 4638 3519 4692 At
3538 4635 3693 4692 enim

2090 4740 2199 4797 qua
2242 4722 2461 4783 ratione
2502 4722 2795 4781 inductum
2844 4721 3010 4782 fuerit
3036 4724 3357 4784 diluvium?
3397 4725 3693 4799 Quomodo

2087 4811 2329 4870 Sodoma
2375 4812 2632 4871 incendio
2679 4812 2983 4887 perierunt,
3015 4814 3063 4871 si
3092 4822 3218 4873 ante
3248 4815 3427 4890 legem
3479 4832 3685 4874 concu«

2088 4903 2356 4976 piscentia
2402 4903 2613 4961 malum
2644 4919 2763 4962 esse
2800 4905 3195 4978 ignorabatur?
3234 4907 3692 4981 Cognoscebatur

2088 4993 2330 5067 quidem,
2358 4993 2458 5052 sed
2482 5009 2597 5052 non
2619 4994 2837 5052 intensa
2857 5004 2914 5053 et
2933 4995 3040 5054 late
3064 5004 3256 5070 patens
3293 4999 3695 5071 concupiscen-

2089 5082 2190 5154 tia,
2231 5098 2410 5157 neque
2447 5082 2585 5142 adeo
2626 5094 2811 5143 exacte
2852 5085 3259 5159 percipiebatur
3294 5102 3361 5144 ac
3399 5103 3525 5144 cum
3564 5086 3701 5160 legis

2088 5172 2431 5232 testimonio.
2489 5173 2619 5231 Pius
2644 5175 2794 5232 enim
2829 5176 2944 5233 sola
2977 5184 3191 5234 naturae
3230 5176 3350 5250 lege
3400 5192 3701 5250 cognosce-

2088 5264 2271 5334 batur,
2300 5271 2494 5338 postea
2545 5280 2675 5322 vero
2722 5274 2778 5324 et
2819 5265 3027 5339 scripta
3060 5267 3198 5339 lege,
3242 5265 3396 5340 quod
3421 5274 3478 5324 et
3512 5268 3694 5341 majus

2082 5354 2418 5429 supplicium
2445 5352 2629 5413 infert.
2648 5354 2710 5413 Id
2737 5370 2866 5413 vero
2893 5371 3005 5413 non
3030 5354 3226 5413 accidit
3253 5370 3320 5413 ex
3344 5348 3713 5416 institutione

2089 5453 2146 5504 et
2168 5445 2417 5504 doctrina
2436 5445 2588 5520 legis,
2608 5445 2707 5504 sed
2733 5460 2799 5504 ex
2840 5445 3051 5520 ignavia
3080 5444 3216 5521 legis
3263 5447 3554 5521 praeceptis
3580 5465 3695 5509 non

2089 5536 2532 5609 auscultantium,
2546 5536 2771 5610 perinde
2789 5552 2853 5596 ac
2876 5535 2932 5595 in
2949 5536 3310 5613 sequentibus
3335 5539 3545 5613 patefit.

1780 5705 2321 5792 Varimllectiones.

456 5816 500 5855 ³³
525 5818 631 5878 ἐπεὶ
652 5837 707 5882 o.
785 5819 830 5858 3"
860 5820 1070 5876 ἐνταῦθα
1089 5836 1145 5879 o.
1219 5818 1265 5855 ³⁵
1288 5820 1374 5879 io.
1413 5824 1485 5891 τῷ
1512 5820 1670 5891 νόμῳ.
1748 5818 1794 5854 ²⁵
1816 5822 1904 5875 νῦν
1938 5819 2191 5894 θεραπεύει
2219 5836 2297 5881 m.
2375 5818 2419 5856 ³⁷
2449 5816 2527 5874 ἴσ.
2555 5818 2623 5883 ὡς
2655 5821 2779 5893 καὶ.ζ
