4150 6426
464 413 569 468 423

534 538 716 594 Vnns.
748 540 801 594 8.
833 556 862 584 α
927 533 1235 592 Occasione
1277 541 1465 592 autem
1507 542 1752 607 accepta,
1779 540 2066 608 peccatum
2098 534 2153 599 Α

460 643 556 701 per
584 625 918 683 mandatum
949 632 1243 698 operatum
1272 633 1358 681 est
1396 625 1455 681 in
1479 641 1572 681 me
1597 641 1828 682 omnem
1855 640 2067 681 concu-

468 717 826 791 piscentiam.
883 715 1013 772 Sine
1068 715 1186 788 lege
1230 715 1380 772 enim
1430 723 1717 788 peccatum
1759 723 1877 772 erat
1914 730 2068 770 mor-

463 815 644 864 tuum.
661 826 690 861 »
725 810 852 864 Non
871 805 1015 862 dixit
1041 804 1195 879 quod
1217 806 1305 862 lex
1333 814 1556 879 operata
1583 807 1654 862 sit
1681 806 2070 876 concupiscen-

466 899 627 968 tiam,
667 896 764 954 sed
784 904 1078 970 peccatum
1099 895 1270 969 (quod
1300 904 1386 952 est
1410 894 1719 953 secundum
1748 894 2068 968 Cbrysosto—

463 1003 642 1059 mum,
685 988 880 1061 ignava
904 994 961 1045 et
1002 995 1256 1059 corrupta
1307 985 1597 1056 voluntas),
1649 985 1766 1043 sive
1815 984 2067 1042 diabolus

460 1077 628 1146 (hunc
681 1078 833 1134 enim
885 1076 1140 1133 nonnulli
1186 1084 1477 1149 peccatum
1531 1091 1652 1133 esse
1691 1080 2063 1148 putaverunt),

461 1168 574 1225 sive
615 1167 915 1240 voluptatis
962 1165 1235 1236 studium,
1291 1183 1357 1224 ac
1385 1167 1628 1240 impetus
1674 1165 1747 1222 ad
1789 1165 2065 1223 deteriora

460 1258 596 1333 legis
616 1257 969 1315 institutione
998 1257 1113 1330 48
1145 1258 1200 1312 in
1227 1257 1575 1314 contrarium
1619 1255 1898 1313 utebatur.
1928 1261 2064 1336 Per-

464 1347 593 1406 inde
633 1348 784 1405 enim
835 1364 899 1404 ac
942 1347 990 1404 si
1021 1345 1272 1404 medicus
1316 1347 1593 1421 quispiam
1642 1345 1972 1403 febricitanti
2011 1353 2067 1404 et

461 1436 677 1509 frigidae
709 1438 996 1511 potionem
1031 1437 1415 1510 intempestive
1464 1437 1736 1510 expetenti
1766 1435 2065 1508 implenda:

463 1527 782 1600 cupiditatis
808 1529 1024 1601 copiam
1045 1544 1155 1584 non
1185 1535 1471 1600 praestans,
1499 1528 1680 1600 ipsam
1708 1535 1920 1602 augeat,
1953 1542 2065 1583 non

464 1625 551 1676 est
601 1618 972 1688 accusandus;
1019 1617 1292 1691 siquidem
1345 1616 1546 1674 medici
1603 1624 1690 1674 est
1747 1616 2064 1690 prohibere,

464 1707 718 1780 patientis
745 1716 934 1765 autem
969 1723 1085 1764 non
1116 1707 1304 1764 bibere
1334 1726 1348 1763 :
1393 1707 1737 1764 consimilem
1783 1706 1852 1765 ad
1891 1708 2064 1764 ratio-

461 1813 591 1853 nem
615 1797 702 1854 lex
724 1797 950 1871 quidem
965 1796 1210 1854 docebat
1229 1806 1290 1854 ut
1310 1796 1596 1853 hominem
1619 1813 1658 1856 a
1674 1797 2064 1870 concupiscen-

1503 405 2016 465 THEOPHYLACTI
2054 401 2416 460 BULGARIIE
2452 401 2769 459 ARCHIEP.

3673 396 3779 453 424

2269 550 2298 588 α
2329 526 2597 610 Ἀφορμὴν
2643 527 2696 588 δὲ
2742 526 2985 587 λαϐοῦσα
3099 524 3377 606 ἁμαρτία,
3407 521 3496 584 διὰ
3557 521 3778 610 ἐντολῆς

2179 609 2570 699 κατειργάσατο
2616 617 2670 676 ἐν
2717 616 2836 695 ἐμοὶ
2883 625 3065 676 πᾶσαν
3118 613 3438 699 ἐπιθυμίαν⁸
3469 612 3633 694 χωρὶς
3672 609 3778 692 γὰρ

2177 694 2346 786 νόμου
2377 694 2635 790 άμαρτία
2689 694 2870 786 νεκρά.
2919 730 2950 766 n
2985 707 3105 767 Οὔκ
3153 694 3333 779 εἶπεν,
3383 703 3464 763 ὅτι
3504 701 3574 763 Ὅ
3620 700 3780 777 νόμος

2177 798 2566 878 κατειργάσατο
2597 796 2696 870 τὴν
2741 796 3056 876 ἐπιθυμίαν,
3109 796 3230 855 ἀλλ’
3288 816 3319 854 ιι
3347 791 3419 854 Ἱὶ
3469 791 3709 871 ἁμαρτία
3742 812 3771 848 ι

2176 887 2249 969 (ἥ
2281 891 2410 961 ἐστι,
2441 885 2582 946 κατὰ
2623 886 2711 946 τὸν
2752 885 3135 968 Χρυσόστομον
3160 931 3178 960 ,
3215 882 3446 967 ῥᾴθυμος
3468 880 3778 963 προαίρεσις

2175 977 2267 1037 καὶ
2300 977 2725 1060 διεφθαρμένη),
2754 976 2790 1048 ἢ
2841 980 2869 1036 ὁ
2898 975 3142 1044 διάϐολος
3193 975 3410 1056 (τοῦτον
3452 971 3556 1054 γὰρ
3596 971 3777 1054 ἆμαρ·

2174 1067 2292 1127 τίαν
2349 1067 2485 1136 τινὲς
2539 1066 2822 1147 ἐνόησαν),
2884 1066 2920 1138 ἢ
2971 1070 3004 1139 ἡ
3054 1063 3362 1148 φιληδονία,
3389 1062 3482 1123 καὶ
3528 1067 3562 1134 ἡ
3599 1061 3686 1122 ἐπὶ
3717 1061 3777 1120 τὸ

2173 1162 2352 1240 χεῖρον
2395 1155 2541 1238 ὁρμὴ
2678 1161 2769 1216 τοῦ
2815 1157 2977 1234 νόμου
3009 1154 3326 1236 διδασκαλία
3357 1153 3488 1234 πρὸς
3535 1151 3598 1211 τὸ
3624 1157 3774 1212 ἐναν-

2172 1247 2280 1307 τίον
2311 1246 2600 1329 ἐχρήσατο.
2631 1243 2848 1327 θΩσπερ
2878 1244 2982 1326 γὰρ
3016 1243 3165 1312 εἴτις
3197 1242 3376 1326 ἰατρὸς
3415 1241 3772 1320 πυρέττοντι,

2172 1337 2262 1398 καὶ
2308 1336 2673 1420 ψυχροποσίας
2724 1335 2957 1416 ἀκαίρως
3000 1336 3379 1412 ἐπιθυμοῦντι,
3412 1330 3487 1412 μὴ
3522 1329 3775 1414 παρέχων

2173 1427 2538 1510 ἐμφορηθῆναι
2593 1430 2688 1499 τῆς
2726 1424 3046 1505 ἐπιθυμίας,
3091 1422 3338 1496 αὖξήσειε
3392 1425 3624 1496 ταύτην,
3677 1423 3774 1481 οὐκ

2175 1516 2238 1576 ἂν
2272 1516 2555 1598 ἐγκληθείη
2586 1538 2603 1555 °
2646 1520 2742 1575 τοῦ
2789 1514 2886 1594 μὲν
2929 1515 3034 1594 γὰρ
3065 1516 3249 1595 ἰατροῦ
3281 1511 3342 1571 τὸ
3371 1513 3610 1570 κωλῦσαι
3630 1555 3647 1582 ,
3683 1515 3775 1568 τοῦ

2173 1608 2228 1668 δὲ
2260 1608 2548 1687 κάμνοντος
2589 1605 2650 1666 τὸ
2696 1605 2772 1686 μὴ
2813 1613 2954 1665 πιεῖν
2978 1629 2993 1643 ’
3036 1603 3179 1666 οὕτω
3207 1601 3298 1662 καὶ
3338 1604 3367 1660 ὁ
3408 1600 3566 1679 νόμος
3599 1599 3781 1658 ἐδίδα-

2173 1721 2296 1758 σκεν
2338 1697 2426 1756 ἵνα
2465 1695 2725 1776 ἀπαγάγῃ
2771 1699 2866 1767 τῆς
2915 1693 3200 1772 ἐπιθυμίας
3231 1714 3244 1728 °
3275 1695 3311 1764 ἡ
3343 1687 3396 1750 δὲ
3431 1687 3782 1772 φιλαμαρτή-

2173 1811 2288 1864 μων
2317 1789 2628 1868 προαίρεσις
2656 1783 2855 1859 ηὔξησε
2891 1783 2988 1858 τὴν
3036 1781 3321 1862 ἐπιθυμίαν
3345 1828 3363 1856 ,
3403 1779 3496 1841 καὶ
3520 1782 3580 1840 οὗ
3621 1777 3778 1857 μίαν,

467 1886 536 1944 tia
563 1868 861 1945 abduceret
892 1909 905 1944 :
937 1888 1194 1945 voluntas
1222 1895 1409 1945 autem
1431 1887 1634 1960 peccati
1658 1868 1872 1957 amans,
1917 1887 2063 1944 auxit

2177 1877 2316 1938 ἀλλὰ
2366 1885 2548 1937 πᾶσαν
2599 1875 3025 1957 κατειργάσατο,
3071 1872 3464 1951 ἐπιτεταμένως
3505 1868 3569 1930 τὸ
3615 1870 3781 1930 κακὸν

458 1978 989 2051 concupiscentiam,
1009 1987 1068 2035 et
1091 1994 1205 2034 non
1228 1993 1424 2047 unum,
1451 1977 1552 2035 sed
1581 1976 1772 2034 omnia
1801 1975 2068 2049 cupidita-

459 2075 582 2124 tum
609 2084 810 2141 genera
854 2067 1103 2137 admisit,
1147 2066 1363 2124 intense
1404 2067 1552 2140 quod
1583 2066 1797 2122 malum
1826 2075 1912 2122 est
1939 2082 2067 2140 ope-

459 2173 619 2214 rans.
662 2159 806 2214 Cum
835 2156 983 2213 enim
1015 2155 1192 2228 magis
1246 2155 1532 2213 inhibetur
1587 2156 1880 2228 quispiam,
1931 2164 2066 2214 tunc

460 2247 638 2320 magis
655 2245 804 2303 furit.
833 2249 978 2303 Tum
999 2245 1185 2318 itaque
1200 2245 1455 2318 apparuit
1495 2254 1804 2319 peccatum,
1838 2246 2060 2319 quando

459 2335 546 2392 lex
573 2346 694 2393 erat
730 2345 1088 2410 transgressa.
1141 2359 1168 2386 ιι
1201 2338 1346 2392 Nam
1374 2336 1512 2393 citra
1556 2336 1737 2414 legem
1767 2345 2058 2410 peccatum

459 2436 545 2484 est
568 2437 881 2494 mortuum,
913 2450 938 2478 ιι
971 2426 1079 2484 hoc
1099 2435 1203 2497 est,
1233 2442 1348 2484 non
1377 2435 1668 2501 reputatur
1695 2442 1835 2484 esse.
1865 2429 2058 2502 Porro,

454 2519 573 2592 lege
610 2519 928 2587 exsistente,
983 2526 1037 2574 et
1085 2516 1218 2592 quid
1268 2516 1460 2575 deceat
1503 2517 1878 2591 pracipiente,
1928 2517 2063 2573 vivit

2175 1969 2484 2049 ἐνεργοῦσα.
2538 1963 2714 2028 Ὅταν
2769 1965 2874 2047 γὰρ
2921 1961 3196 2036 κωλύηταί
3250 1987 3328 2031 τις
3347 2008 3365 2037 ,
3406 1961 3526 2022 τότε
3572 1961 3779 2040 μᾶλλον

2174 2058 2508 2136 ἐκμαίνεται.
2537 2057 2675 2118 Τότε
2718 2054 2774 2114 δὲ
2823 2053 2918 2116 καὶ
2975 2053 3142 2136 ἐφάνη
3198 2059 3233 2128 ἠ
3283 2050 3524 2132 ἁμαρτία
3551 2097 3571 2130 ,
3613 2050 3702 2110 ὅτε
3745 2055 3775 2111 ὁ

2173 2146 2331 2221 νόμος
2377 2144 2756 2228 παρεϐαίνετο.
2820 2169 2852 2201 α
2896 2144 3076 2226 Χωρὶς
3121 2142 3225 2224 γὰρ
3276 2142 3475 2228 ἱόμου,
3535 2139 3778 2221 ἁμαρτία

2167 2236 2330 2319 νεκρά
2357 2261 2370 2275 ’
2406 2260 2436 2296 ι
2463 2222 2800 2310 ’τουτέστιν,
2846 2237 2907 2296 οὗ
2951 2222 3218 2314 λόγίζεται
3263 2222 3423 2319 εἶναι.
3478 2231 3668 2310 Νόμου
3721 2228 3777 2290 δὲ

2168 2317 2340 2399 ὄντος,
2377 2331 2471 2386 τοῦ
2521 2326 2584 2386 τὸ
2628 2326 2743 2386 δέον
2787 2323 3236 2407 ὕπαγορεύοντος,
3263 2317 3317 2394 ⁸ἡ
3376 2321 3620 2402 ἁμαρτία
3759 2366 3775 2394 ,

2168 2416 2479 2491 τουτέστιν,
2528 2415 2814 2498 ὑφίσταται
2865 2414 2960 2475 καὶ
3011 2414 3158 2474 δοκεῖ
3198 2410 3485 2493 ἁμαρτία,
3542 2412 3615 2478 ὣς
3669 2414 3778 2472 τῶν

2167 2506 2602 2588 παραϐαινόντων
2633 2505 2726 2566 τὸν
2757 2505 2918 2585 νόμον
2939 2552 2958 2586 ,
3002 2506 3057 2565 ἐν
3087 2501 3286 2584 γνώσει
3331 2499 3650 2562 πταιόντων.

456 2616 761 2680 peccatum,
798 2608 856 2666 id
882 2616 985 2678 est,
1012 2607 1263 2666 subsistit
1291 2616 1348 2664 et
1390 2615 1679 2680 peccatum
1703 2623 1822 2665 esse
1851 2614 2096 2681 apparet,
2128 2605 2198 2662 iis
2233 2605 2518 2678 nimirum,
2562 2605 2655 2679 qui
2684 2605 2866 2678 legem
2889 2600 3392 2676 transgrediuntur,
3427 2615 3496 2658 ex
3538 2599 3776 2658 scientia

457 2699 826 2771 peccantibus.

523 2791 704 2845 Vnus.
727 2794 781 2844 9.
806 2811 832 2839 ι
859 2790 978 2859 Ego
1002 2797 1189 2845 autem
1206 2786 1456 2846 vivebam
1471 2786 1720 2861 sinelege
1740 2787 2058 2861 aliquando.

449 2877 554 2936 Sed
578 2894 708 2935 cum
737 2877 976 2934 venisset
1004 2879 1352 2945 mandatum,
1379 2886 1670 2950 peccatum
1709 2878 1927 2947 revixit,
1959 2893 2062 2951 ego

446 2977 634 3026 autem
659 2977 914 3025 mortuus
933 2984 1115 3025 sum.»
1150 2972 1294 3025 Ante
1321 2970 1539 3038 Mosen,
1558 2968 1736 3042 inquit
1768 3009 1784 3036 ,
1809 2967 2061 3025 vivebam

2258 2806 2292 2845 ιι
2323 2783 2470 2865 Ἐγὼ
2517 2783 2574 2844 δὲ
2622 2783 2756 2856 ἔζων
2807 2783 2973 2867 χωρὶς
3013 2783 3178 2863 νόμου
3220 2781 3352 2844 ποτέ
3384 2781 3681 2856 ’ἐλθούσης
3718 2777 3774 2842 δὲ

2168 2878 2264 2947 τῆς
2304 2877 2550 2949 ἐντολῆς,
2596 2879 2629 2946 ἡ
2679 2874 2921 2954 ἁμαρτία
2970 2873 3255 2948 ἀνέζησεν,
3305 2871 3412 2954 ἐγὼ
3461 2872 3517 2932 δὲ
3571 2870 3777 2932 ἀπέθα-

2169 2988 2277 3026 vov.
2305 2987 2334 3024 ι)
2373 2963 2493 3047 Πρὸ
2524 2967 2619 3024 τοῦ
2663 2963 2909 3032 Μωσέως
2933 3010 2950 3039 ,
2983 2963 3145 3046 φησὶν
3166 3011 3184 3039 ,
3214 2962 3342 3034 ἔζων
3373 2962 3540 3044 χωρὶς
3563 2961 3732 3040 νόμου
3760 2986 3774 3001 ·

449 3058 569 3115 sine
598 3058 714 3132 lege
747 3075 762 3114 :
793 3073 963 3131 quare
1007 3073 1187 3130 neque
1238 3056 1545 3115 admodum
1589 3055 2007 3114 condemnabar
2040 3075 2054 3114 :

2170 3053 2248 3113 διὸ
2288 3054 2408 3114 οὐδὲ
2455 3053 2661 3136 σφόδρα
2703 3054 3133 3134 κατεδικαζόμην
3186 3055 3274 3134 (ἐν
3303 3057 3381 3133 τῷ
3413 3051 3592 3132 οἰκείῳ
3627 3050 3683 3110 δὲ
3718 3051 3774 3092 ³⁸

457 3149 534 3214 (in
575 3148 792 3222 propria
822 3155 1013 3205 autem
1054 3163 1306 3221 persona,
1353 3145 1655 3204 humanam
1682 3155 1941 3204 naturam
1979 3147 2064 3206 di-

456 3237 574 3306 cit.)
615 3243 693 3295 At
718 3254 845 3294 cum
887 3237 1127 3294 venisset
1154 3236 1501 3308 mandatum,
1553 3244 1845 3310 peccatum
1891 3253 2057 3310 appa-

445 3328 558 3384 ruit
578 3344 698 3387 esse
728 3337 1027 3400 peccatum.
1061 3333 1245 3384 Antea
1293 3327 1444 3384 enim
1467 3327 1679 3384 etiamsi
1709 3335 2061 3400 peccassent,

452 3435 568 3475 non
612 3426 812 3476 norant
856 3425 1046 3476 tamen
1068 3417 1348 3474 mortales.
1385 3418 1554 3490 Legis
1597 3426 1784 3475 autem
1833 3419 1914 3474 vel
1954 3417 2062 3476 hoc

450 3518 536 3566 est
591 3508 824 3578 bonum,
883 3508 1034 3582 quod
1087 3507 1344 3565 homines
1392 3505 1586 3565 fecerit
1631 3508 1854 3566 novisse
1912 3508 2060 3581 quod

451 3607 694 3673 peccant.
719 3597 878 3668 Quod
923 3614 1053 3656 vero
1091 3598 1248 3669 dicit,
1303 3621 1329 3647 ει
1365 3601 1617 3655 Mortuus
1645 3613 1794 3665 sum,
1823 3618 1851 3650 «
1876 3597 2059 3672 dupli-

452 3690 586 3747 citer
613 3689 901 3762 intelliges,
932 3697 989 3746 et
1006 3705 1126 3760 pro,
1153 3688 1403 3757 Peccavi,
1423 3695 1478 3744 et
1505 3704 1627 3760 pro,
1659 3688 1855 3762 Majori
1884 3705 2062 3761 poena

449 3778 627 3838 factus
651 3796 779 3837 sum
807 3779 1103 3849 obnoxius,
1129 3778 1280 3852 quod
1309 3793 1424 3835 non
1474 3777 1612 3852 legis
1639 3779 1800 3851 culpa
1854 3779 2060 3849 evenit,

450 3871 544 3929 sed
594 3871 710 3944 ejus
755 3869 847 3944 qui
897 3886 1013 3926 non
1060 3868 1310 3926 attendit.
1342 3869 1552 3938 Veluti,
1589 3868 1824 3942 exempli
1864 3869 2059 3942 gratia,

451 3962 757 4034 aegrotabat
795 3959 1068 4034 quispiam
1128 3967 1183 4014 et
1239 3959 1531 4031 ignorabat
1600 3975 1660 4015 se
1715 3967 1982 4032 aegrotare
2039 3978 2052 4014 :

451 4051 650 4108 deinde
686 4051 986 4108 adveniens
1010 4048 1254 4106 medicus
1290 4049 1532 4106 ostendit
1583 4049 1634 4105 ei
1684 4049 1836 4122 quod
1887 4065 2060 4123 aegro-

453 4148 672 4211 taret,et
697 4139 850 4214 quod
905 4140 975 4197 ab
1027 4140 1134 4196 hoc
1170 4139 1295 4196 cibo
1354 4148 1620 4213 tanquam
1670 4139 2058 4212 aegritudinem

455 4240 694 4304 augente
731 4229 1004 4286 abstinere
1044 4237 1338 4302 Oporteat:
1381 4229 1426 4286 is
1450 4245 1580 4287 vero
1627 4245 1744 4287 non
1780 4239 1871 4287 est
1894 4229 2060 4286 obse-

453 4331 614 4380 cutus
638 4319 878 4388 medico,
902 4326 958 4376 et
984 4327 1240 4376 mortuus
1269 4328 1371 4377 est.

523 4415 708 4470 Vnas.
745 4415 831 4480 10,
864 4415 948 4468 ll.
983 4433 1009 4460 ιι
1044 4413 1116 4466 Et
1137 4410 1422 4468 inventum
1449 4418 1532 4468 est
1557 4409 1696 4468 mihi
1730 4408 2057 4468 mandatum

455 4503 606 4577 quod
625 4511 742 4559 erat
767 4500 834 4560 ad
865 4501 1052 4571 vitam,
1082 4500 1190 4558 hoc
1217 4517 1337 4558 esse
1365 4501 1433 4558 ad
1460 4510 1721 4557 mortem.
1753 4502 2048 4557 Peccatum

2087 4372 2140 4437 D

2170 3141 2443 3226 προσώπῳ
2500 3142 2600 3216 τὴν
2651 3143 2984 3223 ἀνθρωπίνην
3035 3143 3191 3226 φύσιν
3239 3145 3426 3223 λέγει)
3458 3166 3472 3180 ·
3519 3141 3774 3218 ἐλθούσης

2172 3233 2228 3292 δὲ
2257 3238 2352 3308 τῆς
2390 3235 2635 3309 ἐντολῆς,
2670 3240 2704 3308 ἡ
2739 3233 2981 3314 ἁμαρτία
3013 3234 3181 3314 ἐφάνη
3213 3232 3479 3313 ἁμαρτία.
3531 3234 3604 3294 Οἱ
3644 3231 3776 3312 πρό·

2169 3347 2321 3406 τερον
2349 3322 2476 3406 γὰρ,
2509 3325 2556 3383 εἰ
2585 3323 2678 3385 καὶ
2709 3323 3022 3404 ἡμάρτανον
3044 3369 3062 3399 ,
3092 3325 3216 3383 ἀλλ’
3246 3324 3344 3382 οὐκ
3380 3322 3622 3404 ᾔδεισαν.
3659 3321 3772 3383 Καὶ

2171 3418 2325 3475 τοῦτο
2357 3413 2412 3474 δὲ
2441 3420 2534 3474 τοῦ
2565 3413 2727 3492 νόμου
2758 3413 2921 3475 καλὸν
2947 3459 2967 3494 ,
3009 3411 3090 3474 ὅτι
3133 3413 3351 3486 ἐποίησε
3400 3410 3523 3481 τοὺς
3549 3411 3773 3492 ἀνθρώ-

2174 3529 2301 3573 πους
2329 3503 2608 3581 γινώσκειν
2629 3552 2646 3578 ,
2695 3503 2778 3564 ὅτι
2807 3501 3197 3586 ἁμαρτάνουσι.
3237 3503 3317 3565 Τὸ
3351 3502 3442 3583 δὲ,
3474 3525 3506 3562 α
3536 3500 3773 3564 Ἀπέθα-

2181 3618 2269 3654 νον
2288 3639 2306 3670 ,
2336 3623 2360 3649 κ
2389 3598 2586 3664 διπλῶς
2615 3595 2668 3631 ²⁰
2693 3594 2925 3670 νοήσεις,
2959 3595 3050 3654 καὶ
3075 3594 3196 3654 ἀντὶ
3228 3598 3349 3671 τοῦ,
3368 3593 3659 3676 υΗμαρτον
3691 3592 3770 3675 3°,

2170 3685 2262 3744 καὶ
2314 3685 2431 3746 ἀντὶ
2477 3693 2604 3765 τοῦ,
2655 3683 3025 3766 Σφοδροτέρας
3067 3683 3338 3753 κολάσεως
3383 3683 3430 3723 ³⁴
3485 3683 3772 3753 ὑπεύθυνος

2169 3775 2427 3855 ἐγενόμην
2452 3797 2467 3811 ⁸
2521 3774 2653 3855 ὅπερ
2683 3775 2743 3834 οὗ
2793 3779 2888 3836 τοῦ
2934 3774 3096 3855 νόμου
3152 3774 3434 3852 ἔγκλημα,
3483 3775 3622 3834 ἀλλὰ
3679 3780 3771 3834 τοῦ

2170 3853 2248 3944 μῗὴ
2300 3853 2654 3946 προσέχοντος
2705 3869 2850 3945 αὐτῷ
2883 3888 2896 3901 ο
2943 3853 3053 3924 οἶον
3102 3865 3156 3922 ἐν
3209 3863 3619 3946 ὑποδείγματιτ
3672 3865 3772 3942 ἠῤ-

2168 3943 2360 4036 ῥώστει
2385 3943 2507 4028 τις,
2527 3953 2619 4014 καὶ
2643 3953 2762 4012 οὐδὲ
2801 3943 2957 4033 ᾔδει,
2986 3954 3069 4012 ὅτι
3111 3954 3381 4034 άῤῥωστεῖ
3412 3976 3424 3989 ·
3454 3943 3572 4013 εἶτα
3601 3945 3764 4026 ἦλθεν

2167 4045 2380 4124 ἰατρὸς,
2427 4045 2518 4103 καὶ
2568 4041 2803 4111 ἐδίδαξεν
2845 4041 3038 4118 αὐτὸν,
3091 4042 3174 4103 ότι
3228 4043 3530 4123 ἀρρωστεῖ,
3560 4042 3656 4101 καὶ
3687 4041 3769 4101 ὅτι

2167 4136 2317 4192 τοῦδε
2361 4137 2454 4192 τοῦ
2507 4130 2818 4212 βρώματος,
2869 4133 2939 4199 ὣς
2986 4130 3084 4202 τὴν
3129 4131 3430 4212 άῤῥωστίαν
3487 4129 3768 4210 αὔξοντος,

2167 4221 2460 4304 ἀπέχεσθαι
2618 4220 2686 4284 Ὀ
2711 4221 2766 4280 δὲ
2792 4223 2889 4280 οὐκ
2925 4209 3335 4296 ἤκουσεν,-ε’ἷτα
3366 4219 3654 4283 ἀπέθανεν.

2255 4425 2282 4461 ιῐ
2327 4401 2434 4464 Καὶ
2467 4401 2649 4484 εὑρέθη
2685 4424 2774 4479 μοι
2814 4406 2850 4477 ἡ
2895 4401 3083 4476 ἐντολὴ
3130 4406 3165 4476 ἡ
3197 4403 3270 4471 εἰς
3311 4401 3451 4476 ζωὴν
3473 4447 3489 4478 ,
3521 4402 3659 4476 αὕτη
3697 4401 3770 4471 εἷς

2165 4492 2412 4553 θάνατον.
2446 4491 2520 4555 εΗ
2561 4493 2664 4574 γὰρ
2704 4491 2944 4575 ἁμαρτία
2983 4492 3228 4576 ἀφορμὴν
3261 4494 3505 4554 λαϐοῦσα
3554 4489 3641 4553 διὰ
3674 4495 3769 4565 τῆς

454 4592 603 4650 enim
633 4591 925 4649 occasione
954 4597 1198 4664 accepta,
1229 4606 1325 4662 per
1352 4589 1671 4647 mandatum
1701 4588 1917 4646 seduxit
1937 4604 2049 4658 me,

2170 4586 2370 4664 ἐντολῆς
2391 4631 2406 4661 ,
2443 4582 2745 4658 ἐξηπάτησέ
2776 4608 2870 4662 με,
2919 4585 3010 4656 καὶ
3040 4583 3110 4643 δι’
3163 4586 3325 4657 αὐτῆς
3359 4583 3689 4644 ἀπέκτεινεν.
3726 4605 3755 4640 »

454 4693 509 4742 et
554 4702 652 4758 per
693 4683 833 4741 illud
890 4663 1108 4740 occidit.
1147 4707 1172 4732 ιν
1199 4684 1327 4739 Non
1367 4681 1510 4740 dixit
1548 4681 1698 4756 quod
1725 4681 2054 4739 Mandatum

2170 4676 2274 4734 Οὐκ
2305 4663 2450 4734 εἶπεν
2473 4719 2490 4753 ,
2531 4673 2612 4735 ὅτι
2643 4673 2719 4736 cﬂ
2745 4672 2929 4748 ἐντολὴ
2961 4672 3146 4755 γέγονέ
3190 4697 3280 4753 μοι
3330 4673 3587 4747 θάνατος,
3639 4673 3762 4732 ἀλλ’

453 4772 664 4832 factum
684 4783 769 4831 est
779 4773 917 4830 mihi
933 4789 1108 4842 mors,
1124 4772 1223 4830 sed
1251 4774 1587 4833 «Inventum
1602 4780 1709 4843 est,
1733 4796 1760 4823 ι»
1785 4787 1989 4830 novam
2001 4780 2057 4828 et

455 4868 885 4939 inexspectatam
948 4863 1349 4922 absurditatem
1395 4863 1468 4922 ita
1510 4880 1789 4937 exponens
1843 4884 1856 4918 :
1912 4866 2056 4921 Nam

455 4973 652 5029 scopus
675 4955 846 5028 ipsius
877 4954 946 5010 ad
985 4953 1157 5011 vitam
1203 4953 1466 5025 ducebat,
1517 4962 1573 5010 et
1613 4969 1679 5011 eo
1729 4954 1902 5010 etiam
1945 4953 2058 5012 ﬁne

454 5046 648 5106 datum
695 5053 796 5102 est.
845 5043 1010 5118 Quod
1054 5045 1099 5100 si
1149 5052 1335 5101 autem
1362 5059 1516 5100 mors
1542 5042 1670 5100 hinc
1709 5043 1910 5110 evenit,
1942 5059 2058 5100 non

453 5139 624 5211 ipsius
646 5146 794 5196 certe
822 5135 980 5208 culpa
1004 5154 1017 5189 :
1041 5149 1170 5190 nam
1217 5142 1525 5207 peccatum,
1578 5133 1684 5190 hoc
1711 5141 1795 5190 est
1821 5133 2060 5206 impetus

452 5228 523 5286 ad
558 5228 851 5297 deteriora,
895 5232 1266 5298 corruptaque
1312 5231 1369 5281 et
1397 5223 1609 5298 peccati
1653 5239 1844 5280 amans
1875 5223 2060 5280 volun-

454 5326 542 5375 tas
568 5327 664 5374 aut
676 5316 978 5388 sententia,
1005 5332 1071 5372 ac
1089 5323 1151 5370 ut
1170 5314 1352 5385 magis
1372 5313 1589 5386 proprie
1603 5311 1790 5370 dicam
1806 5313 2063 5386 voluptas

455 5406 678 5466 seduxit
726 5424 839 5478 me,
876 5415 934 5464 et
981 5404 1184 5463 occidit
1220 5419 1316 5478 per
1345 5402 1693 5461 mandatum.
1748 5404 1864 5461 Nisi
1911 5405 2062 5460 enim

455 5497 789 5558 mandatum
807 5505 952 5557 esset
976 5495 1224 5556 indicans
1255 5502 1570 5568 peccatum,
1595 5510 1778 5569 neque
1803 5503 2066 5568 tanquam

2161 4764 2434 4843 αΕῧρέθη,
2458 4791 2482 4818 ι
2503 4764 2562 4825 τὸ
2591 4763 2768 4824 καινὸν
2792 4763 2884 4823 καὶ
2905 4763 3201 4845 παράδοξον
3237 4768 3332 4836 τῆς
3351 4763 3573 4831 ἀτοπίας
3597 4762 3764 4845 οὕτως

2161 4853 2491 4937 ἑρμηνεύων.
2538 4851 2603 4914 Ὁ
2649 4854 2745 4932 μὲν
2775 4854 2879 4936 γὰρ
2909 4844 3102 4923 σκοπὸς
3149 4854 3308 4926 αὐτῆς
3345 4855 3416 4922 εἰς
3457 4851 3596 4926 ζωὴν
3628 4844 3766 4933 ἦγε,

2163 4943 2253 5005 καὶ
2283 4943 2370 5002 διὰ
2399 4949 2556 5004 τοῦτο
2584 4943 2760 5017 ἐδόθη.
2811 4945 2879 5005 Εἰ
2922 4945 2977 5005 δὲ
3020 4946 3245 5012 θάνατος
3294 4941 3449 5016 ἐξέϐη
3498 4944 3767 5021 ἐντεῦθεν,

2163 5038 2258 5095 οὐκ
2294 5035 2458 5107 αὐτῆς
2498 5033 2558 5092 τὸ
2588 5031 2853 5113 ἔγκλημα.
2888 5033 2963 5094 cﬂ
2993 5033 3097 5116 γὰρ
3137 5032 3378 5113 ἁμαρτία
3397 5077 3414 5108 ,
3445 5031 3721 5095 τουτέστιν
3743 5078 3764 5110 ,

2164 5132 2198 5201 ἡ
2245 5125 2332 5185 ἐπὶ
2375 5125 2435 5183 τὸ
2478 5132 2654 5205 χεῖρον
2686 5123 2830 5205 ὁρμὴ
2855 5172 2871 5194 ,
2915 5123 3008 5184 καὶ
3049 5129 3084 5197 ἡ
3128 5123 3482 5205 διεφθαρμένη
3521 5123 3614 5185 καὶ
3643 5127 3762 5204 φιλ·

2165 5214 2501 5296 αμαρτήμων
2532 5211 2720 5294 γνώμη
2745 5258 2762 5288 ,
2791 5217 2996 5292 μᾶλλον
3018 5213 3074 5273 δὲ
3095 5261 3112 5294 ,
3142 5213 3462 5296 κυριώτερον
3489 5217 3657 5275 εἰπεῖν
3675 5263 3692 5294 ,
3725 5222 3760 5290 ἡ

2166 5304 2350 5379 ἡδονὴ,
2376 5302 2678 5379 ἐξηπάτησέ
2702 5327 2800 5383 με,
2832 5305 2922 5365 καὶ
2954 5304 3229 5366 ἀπέκτεινε
3253 5303 3342 5366 διὰ
3383 5309 3478 5379 τῆς
3523 5307 3761 5380 ἐντολῆς.

2168 5399 2236 5458 Εἰ
2266 5396 2342 5475 μὴ
2376 5393 2478 5476 γὰρ
2510 5387 2575 5468 ἦν
2607 5401 2640 5468 ἡ
2671 5394 2857 5462 ἐντολὴ
2907 5397 3260 5457 ὖποδεικνῦσα
3309 5395 3411 5472 τὴν
3455 5393 3763 5477 ἁμαρτίαν,

2169 5485 2292 5547 οὔτε
2323 5488 2396 5556 ὡς
2425 5484 2696 5570 ἁμαρτίαν
2743 5483 2993 5570 πράττων
3042 5487 3356 5569 ἐλογιζόμην
3388 5487 3486 5564 ἂν,
3519 5483 3641 5548 οὔτε
3684 5509 3772 5550 κο-

1841 5641 2045 5721 }Variae
2091 5641 2398 5702 lectiones.

519 5751 564 5787 ⁸⁸
591 5751 642 5806 ἐν
671 5749 724 5806 δὲ
751 5745 823 5823 τῷ
852 5747 938 5804 οἰκ
967 5765 1022 5808 o.
1097 5747 1141 5786 ²⁰
1170 5752 1342 5813 διττῶς
1369 5765 1425 5809 ο.
1505 5748 1879 5824 ³⁰Ᾱὴμάρτανον
1904 5765 1962 5808 0.
2036 5747 2076 5785 3‘
2108 5748 2410 5822 σφοδροτέρα
2441 5748 2646 5805 κολάσει
2667 5765 2745 5806 m.
2779 5753 2835 5806 7.
