4150 6410
358 433 461 489 425

1265 426 1619 485 EXPOSITIO
1660 430 1725 485 IN
1763 422 1968 487 EPIST.
2010 432 2100 486 AD
2140 426 2304 488 ROM.
2343 462 2415 475 --
2444 434 2598 489 CAP.
2644 435 2752 489 Vll.

3559 442 3662 499 426

348 558 553 623 λάσεως
593 554 887 622 ὖπεῦθυνος
931 551 1098 631 ἤμην.
1147 552 1229 614 Τὸ
1276 554 1378 634 γὰρ
1409 602 1422 625 ,
1482 554 1866 630 «Ἀπέκτεινε,
1923 580 1949 612 »

2071 568 2330 630 peccator
2384 569 2692 632 reputarer,
2718 575 2894 633 neque
2930 577 3108 633 poenae
3138 577 3314 620 essem
3363 562 3669 625 obnoxius.

348 651 431 707 ἐπ’
464 646 781 728 ἀμφοτέρων
829 645 910 703 δεῖ
955 651 1127 719 νοεῖν,
1173 642 1264 703 καὶ
1313 642 1402 703 ἐπὶ
1451 649 1543 704 τοῦ
1591 645 1949 725 ἁμαρτάνειν,

350 737 442 798 καὶ
484 737 573 796 ἐπὶ
601 742 695 796 τοῦ
730 734 1065 810 κολάζεσθαι,
1102 734 1284 817 ὥσπερ
1313 733 1405 793 καὶ
1435 734 1686 816 ἀνωτέρω
1708 735 1760 773 ³⁵⁸
1801 735 1948 817 εἴρη-

350 852 441 887 ται
472 826 563 900 τὸ,
612 853 638 879 κ
667 824 976 888 Ἀπέθανον.
1016 852 1043 877 ιν
1073 824 1154 886 Τὸ
1196 813 1285 883 οῦν
1326 813 1693 905 συμπέρασμα
1722 833 1829 884 πᾶν
1852 813 1955 898 τῆς

353 919 711 988 ἀποστολικῆς
741 915 940 984 ἐννοίας
989 913 1222 975 τοιοῦτόν
1249 916 1364 973 ἐστι
1398 937 1411 950 ·
1446 914 1632 993 Νόμου
1662 914 1737 992 μὴ
1774 914 1952 989 ὄντος,

352 1005 595 1087 ἁμαρτία
644 1008 703 1065 οὗ
750 1003 1017 1084 λογίζεται
1053 1026 1066 1041 ο
1114 1008 1206 1064 τοῦ
1258 1002 1426 1082 νόμου
1463 1003 1518 1063 δὲ
1571 1003 1811 1071 ἐλθόντος
1860 1003 1954 1064 καὶ

355 1094 859 1177 παραϐαινομένου,
918 1095 1085 1176 ἐφάνη
1141 1098 1177 1166 ἡ
1232 1092 1473 1174 ἁμαρτία
1529 1092 1622 1152 καὶ
1676 1093 1951 1166 ἀνέζησεν.

350 1182 522 1246 ⁶Ωστε
574 1185 661 1245 διὰ
702 1188 796 1255 τῆς
844 1186 1057 1255 ἐντολῆς
1102 1181 1576 1262 παραϐαινομένης
1605 1186 1639 1254 ἡ
1672 1182 1950 1266 ἁμαρτία,

351 1274 655 1348 τουτέστιν,
692 1280 727 1348 ἡ
758 1278 855 1346 τῆς
900 1272 1169 1355 ἁμαρτίας
1213 1271 1464 1353 ἔκφανσις
1517 1272 1609 1331 καὶ
1660 1272 1954 1343 ὑπόστασις

356 1365 637 1447 ὑφίσταται
666 1364 747 1438 ³³,
796 1365 1049 1445 πρότερον
1084 1361 1160 1440 μὴ
1207 1360 1571 1447 ὑφισταμένης
1609 1362 1661 1404 ³4
1688 1362 1823 1440 μηδὲ
1864 1365 1957 1422 λο-

352 1444 632 1535 γιζομένης
674 1454 747 1530 ³⁵,
791 1444 849 1515 ἐν
900 1444 977 1534 τῷ
1029 1451 1167 1531 μηδὲ
1209 1452 1368 1530 νόμον
1419 1444 1574 1516 εἶναι.
1629 1451 1812 1535 Αἴτιος
1858 1452 1953 1531 μὲν

354 1534 445 1606 οῦν
474 1534 613 1604 καθ’
649 1543 865 1605 αὗτὸνὸ
917 1542 1080 1622 νόμος
1126 1546 1222 1616 τῆς
1275 1541 1539 1624 ἁμαρτίας
1587 1545 1682 1603 οὐκ
1733 1534 1799 1616 ἦν
1834 1567 1847 1581 ο
1895 1545 1955 1603 οὔ

352 1634 460 1715 μὴν
500 1632 618 1694 οὐδὲ
660 1632 1033 1715 λυτρώσασθαι
1076 1632 1275 1704 ταύτης
1327 1630 1509 1712 ἴσχυεν
1541 1633 1615 1692 ³⁶.
1649 1631 1821 1693 Ὥστε
1862 1635 1957 1705 τῆς

349 1725 573 1807 χάριτος
598 1724 891 1803 ἐδεήθημεν
921 1723 1010 1783 διὰ
1044 1724 1105 1782 τὸ
1136 1719 1322 1782 τούτου
1358 1722 1666 1803 ἀνίσχυρον.

2064 655 2207 709 Nam
2231 674 2258 700 α
2301 650 2532 720 Occidit,
2560 674 2586 702 »
2608 650 2681 708 de
2704 658 2942 724 utroque
2967 651 3382 725 intelligendum
3404 664 3506 725 est,
3529 667 3585 713 et
3601 658 3670 715 de

2063 749 2291 815 peccato
2313 748 2368 798 et
2390 741 2458 798 de
2475 740 2759 814 supplicio,
2786 741 3018 814 perinde
3041 759 3106 800 ac
3133 760 3296 815 supra
3320 744 3528 803 dictum
3557 756 3660 817 est,

2066 856 2089 881 ιι
2124 835 2378 889 Mortuus
2408 847 2556 889 sum.
2582 854 2609 883 υ
2641 836 2780 888 Tota
2808 832 2995 905 itaque
3024 834 3302 891 conclusio
3351 836 3669 908 apostolicae

2065 923 2357 980 sententiae
2407 932 2493 979 est
2533 922 2855 995 bujusmodi
2878 922 3026 995 :49
3059 927 3209 997 Lege
3238 941 3353 982 nou
3378 926 3660 997 existente,

2063 1022 2348 1086 peccatum
2387 1029 2505 1069 non
2542 1012 2849 1085 imputatur
2885 1030 2898 1068 :
2950 1013 3066 1087 lege
3099 1024 3286 1071 autem
3337 1016 3660 1074 adveniente

2062 1112 2119 1159 et
2145 1104 2369 1171 violata,
2394 1102 2651 1176 apparuit
2679 1110 2972 1175 peccatum
3012 1110 3067 1159 et
3090 1104 3304 1161 revixit.
3336 1107 3535 1179 Itaque
3561 1123 3660 1180 per

2063 1194 2390 1251 mandatum
2413 1192 2861 1266 praevaricatione
2888 1192 3175 1263 violatum,
3208 1205 3522 1267 peccatum,
3553 1197 3661 1255 hoc

2063 1294 2164 1354 est,
2201 1284 2416 1358 peccati
2440 1283 2811 1341 manifestatio
2854 1292 2910 1340 et
2938 1282 3292 1342 subsistentia
3339 1286 3508 1357 subit,
3532 1304 3660 1344 cum

2064 1383 2195 1431 ante
2220 1390 2401 1448 neque
2428 1374 2766 1443 subsisteret,
2795 1389 2978 1447 neque
2999 1375 3391 1447 imputaretur,
3413 1393 3477 1434 eo
3509 1377 3661 1450 quod

2064 1481 2240 1539 neque
2268 1464 2354 1521 lex
2374 1463 2645 1521 exstabat.
2677 1465 2851 1521 Causa
2885 1464 3067 1537 itaque
3092 1481 3188 1537 per
3222 1480 3282 1522 se
3326 1467 3414 1523 lex
3457 1468 3663 1539 peccati

2066 1554 2492 1628 haudquaquam
2517 1563 2636 1611 erat
2669 1573 2681 1609 :
2731 1569 2834 1611 nec
2857 1561 3046 1611 tamen
3090 1555 3159 1612 ab
3188 1571 3254 1612 eo
3283 1571 3389 1614 nos
3425 1557 3663 1615 liberare

2066 1644 2259 1717 potuit.
2299 1644 2387 1701 Ob
2437 1643 2601 1716 hujus
2651 1643 2835 1717 itaque
2889 1644 3235 1702 debilitatem
3275 1646 3448 1721 gratia
3498 1646 3663 1721 plane

2065 1733 2415 1807 indiguimus.

442 1837 473 1875 (ι
498 1812 671 1923 Ὥφτε
718 1817 746 1872 ὁ
777 1812 873 1923 μὶὲν
912 1812 1070 1923 νόμος
1113 1810 1260 1922 ἄγξος
1286 1858 1304 1923 ζ
1345 1813 1438 1870 xui
1483 1816 1517 1883 ἡ
1549 1811 1743 1922 ’ἐντολὴ
1762 1810 1950 1923 ςἑγία,

2135 1827 2316 1882 Vnus.
2356 1829 2443 1879 12.
2479 1825 2729 1897 «Itaque
2770 1823 2858 1881 lex
2898 1823 3128 1897 quidem
3169 1834 3379 1896 sancta,
3415 1834 3469 1883 et
3490 1842 3657 1885 man-

352 1906 445 1963 καὶ
476 1902 691 1978 δικαία,
738 1902 831 1962 καὶ
875 1902 1077 1983 ἀγαθή.
1123 1929 1149 1954 ι»
1180 1900 1317 1962 Ἰδοὺ
1363 1899 1714 1984 φανερώτατα
1762 1901 1813 1940 ³⁷
1863 1903 1948 1961 ἐν-

354 1998 527 2054 ταῦθα
562 1995 984 2073 Μαρκιωνιτῶν,
1028 1991 1121 2051 καὶ
1157 1991 1478 2073 Μανιχαίων
1500 2038 1518 2070 ,
1550 1990 1643 2051 xui
1676 1994 1953 2071 Σιμωνια-

353 2089 456 2144 νῶν
477 2129 497 2163 ,
527 2083 621 2143 καὶ
653 2082 868 2143 πάντων
904 2084 1010 2141 τῶν
1042 2080 1139 2155 τὴν
1180 2082 1431 2143 Παλαιὰν
1464 2080 1857 2141 διαϐαλλόντων
1887 2081 1955 2142 τὰ

354 2174 598 2252 στόματα
648 2172 943 2255 ἐνέφραξεν.
973 2168 1155 2248 Ἅγιον
1183 2170 1288 2252 γὰρ
1330 2171 1419 2232 τὸν
1448 2171 1606 2249 νόμον
1649 2170 1953 2253 ἀνακηρύτ-

357 2288 435 2323 τει
460 2267 639 2345 σαφῶς
660 2307 677 2336 ,
706 2263 800 2322 καὶ
826 2261 923 2336 τὴν
959 2261 1175 2334 ἐντολὴν
1219 2260 1417 2339 ἁγίαν,
1464 2263 1553 2321 καὶ
1587 2261 1829 2336 δικαίαν,
1862 2260 1957 2321 καὶ

368 2354 591 2433 ἀγαθήν.
623 2353 877 2435 Διαφέρει
905 2352 961 2411 δὲ
988 2352 1146 2429 νόμος
1177 2351 1229 2390 ³⁸
1266 2354 1514 2425 ἐντολῆς,
1561 2357 1630 2419 ὡς
1659 2351 1954 2411 καθολικώ-

354 2465 505 2524 τερον
559 2443 944 2525 μερικωντέρου.
987 2445 1099 2503 Τοῦ
1123 2439 1225 2523 γὰρ
1254 2439 1418 2518 νόμου
1449 2440 1517 2501 τὰ
1556 2440 1663 2525 μέν
1691 2444 1803 2500 ἐστι
1832 2440 1958 2521 δόγ-

366 2556 549 2610 ματα,
600 2524 669 2592 “tu
709 2530 765 2591 δὲ
809 2531 1013 2592 ἐντολαί
1062 2531 1170 2591 Καὶ
1211 2530 1280 2591 τὰ
1324 2532 1569 2609 δόγματα
1616 2524 1705 2591 οὖν
1751 2535 1842 2590 τοῦ
1876 2530 1963 2589 νό-

356 2646 460 2701 μου
484 2622 613 2703 ἅγια
632 2668 649 2697 ,
678 2622 773 2682 καὶ
824 2624 878 2681 αἱ
907 2620 1032 2702 περὶ
1063 2620 1307 2702 πράξεων
1348 2620 1587 2699 ἐντολαὶ,
1639 2620 1820 2697 ἅγιαι,
1866 2620 1959 2679 καὶ

356 2712 592 2787 δίκαιαι,
626 2710 718 2772 καὶ
751 2712 970 2791 ἀγαθαί.
1021 2708 1200 2771 θΩστε
1230 2714 1327 2770 τοῦ
1375 2712 1576 2790 ἀγαθοῦ
1626 2710 1719 2770 καὶ
1753 2709 1957 2770 δικαίου

355 2804 497 2863 Θεοῦ
547 2804 651 2862 εἰσι
703 2800 1148 2878 νομοθετήματα,
1178 2798 1279 2882 κᾷν
1325 2802 1373 2860 οἱ
1418 2800 1660 2882 ῥηθέντες
1703 2799 1958 2882 αἱρετικοὶ

356 2898 447 2952 τοῦ
474 2896 707 2973 πονηροῦ
732 2894 877 2953 Θεοῦ
900 2890 991 2951 τὸν
1017 2889 1177 2971 νόμον
1209 2881 1346 2951 εἶναι
1371 2892 1755 2974 βλασφημῶσι.

443 3102 469 3129 α
502 3075 594 3182 ΤΞ
614 3063 956 3182 «σῦνοάγαθὸν
996 3072 1143 3182 fuci"
1168 3072 1383 3182 γέγονε...
1415 3073 1669 3182 θάνατος;
1861 3072 1956 3182 γέ;
1985 3103 2032 3169 C

2065 1914 2259 1971 datum
2280 1921 2551 1983 sanctum,
2578 1921 2633 1970 et
2661 1913 2897 1986 justum,
2943 1921 2999 1971 et
3038 1914 3272 1971 bonum.
3316 1938 3341 1964 ι
3374 1918 3462 1972 En
3485 1917 3661 1974 mani-

2060 2003 2352 2062 festissime
2418 2003 2507 2061 hic
2561 2004 3039 2075 Marcionitarum,
3106 2004 3547 2064 Manichaeorum
3604 2015 3661 2064 et

2060 2095 2537 2164 Simonianorum,
2615 2093 2979 2167 omniumque
3028 2096 3201 2153 Vetus
3235 2099 3656 2154 Testamentum

2062 2183 2519 2242 calumniantium
2550 2200 2648 2242 ora
2677 2184 2973 2241 obstruxit.
3004 2186 3263 2243 Sanctam
3293 2186 3439 2243 enim
3477 2187 3654 2261 legem

2064 2275 2244 2348 palam
2283 2274 2628 2348 pronuntiat,
2681 2283 2738 2331 et
2774 2274 3105 2333 mandatum
3152 2284 3428 2349 sanctum,
3475 2285 3531 2333 et
3563 2278 3660 2350 ju-

2063 2374 2235 2433 stum,
2288 2373 2345 2421 et
2397 2365 2626 2422 bonum.
2682 2364 2885 2422 Dilfert
2937 2374 3124 2422 autem
3155 2366 3240 2422 lex
3297 2382 3329 2424 a
3366 2366 3659 2441 mandato,

2061 2454 2533 2528 quemadmodum
2601 2453 2915 2510 universale
2985 2471 3016 2511 a
3083 2456 3416 2526 particulari.
3491 2458 3659 2530 Legis

2061 2544 2211 2600 enim
2241 2543 2343 2599 alia
2365 2542 2584 2616 quidem
2605 2551 2733 2599 sunt
2778 2542 3031 2611 decreta,
3070 2544 3175 2599 alia
3199 2560 3327 2601 vero
3357 2544 3641 2603 mandata.

2067 2636 2305 2690 Decreta
2371 2634 2554 2707 itaque
2582 2633 2717 2706 legis
2779 2633 2893 2689 sive
2951 2632 3214 2705 dogmata
3276 2643 3465 2691 sancta
3511 2644 3663 2706 sunt,

2063 2723 2325 2781 mandata
2359 2724 2534 2780 etiam
2582 2722 2648 2779 de
2675 2723 2841 2779 rebus
2875 2722 3151 2797 gerendis,
3180 2733 3388 2791 sancta,
3414 2724 3563 2797 justa
3592 2734 3648 2782 et

2065 2812 2211 2870 bona
2253 2821 2402 2869 sunt.
2431 2812 2573 2868 Boni
2592 2812 2758 2884 igitur
2794 2821 2849 2868 et
2895 2811 3023 2883 iusti
3052 2813 3155 2868 Dei
3194 2821 3322 2869 sunt
3351 2813 3652 2887 legislatio-

2065 2918 2185 2967 nes,
2209 2901 2422 2959 etiamsi
2463 2902 2711 2959 haeretici
2740 2901 2984 2974 praedicti
3026 2902 3178 2975 pravi
3201 2903 3305 2960 Dei
3333 2902 3515 2977 legem
3542 2919 3661 2961 esse

2068 2992 2237 3065 impie
2262 2991 2695 3049 calumnientur.

2137 3084 2323 3140 Vnus.
2358 3087 2445 3139 13.
2480 3105 2506 3131 α
2535 3080 2698 3152 Quod
2722 3097 2852 3154 ergo
2884 3081 3096 3139 bonum
3125 3091 3232 3153 est,
3268 3081 3408 3138 mihi
3451 3081 3659 3139 factum

357 3170 526 3226 νοιτοῙ
556 3166 699 3226 Ἀλλ’
728 3169 763 3237 ἡ
806 3162 1045 3245 ἁμαρτία
1070 3208 1088 3239 ,
1117 3162 1205 3221 ἵνα
1241 3168 1383 3246 φανῇ
1420 3163 1697 3244 ἁμαρτία,
1738 3166 1824 3224 διὰ
1864 3168 1956 3223 τοῦ

2070 3180 2151 3229 est
2180 3176 2381 3229 mors?
2408 3170 2591 3228 Absit!
2622 3170 2731 3229 Sed
2773 3181 3082 3243 peccatum,
3111 3181 3177 3229 ut
3223 3180 3487 3246 appareat
3534 3189 3666 3246 pec-

358 3259 557 3335 ἆγαθοῦ
589 3277 682 3333 μοι
711 3253 1148 3334 κατεργαζομένη
1187 3254 1441 3315 θάνατον.
1471 3282 1496 3308 ιι
1526 3252 1595 3315 Ὁ
1629 3253 1726 3333 μὲν
1765 3255 1957 3328 νόμος,

357 3345 551 3427 φησὶν,
581 3346 643 3405 οὗ
679 3343 865 3425 γέγονέ
895 3367 985 3421 μοι
1014 3344 1273 3423 θάνατος,
1305 3345 1428 3403 ἀλλ’
1459 3347 1493 3417 ἡ
1537 3342 1589 3384 39
1622 3344 1861 3426 ἁμαρτία
1893 3367 1961 3420 με

360 3435 690 3495 ἐθανάτωσεν
714 3479 733 3512 ,
763 3432 851 3492 ἵνα
893 3437 1067 3515 φανῇ,
1098 3433 1327 3507 πηλίκον
1371 3432 1486 3495 ἐστὶ
1517 3432 1715 3513 κακὸν,
1757 3433 1854 3492 καὶ
1882 3431 1961 3492 ὅτι

362 3523 455 3583 καὶ
493 3524 595 3584 ὕπὸ
656 3530 749 3584 τοῦ
813 3523 976 3601 νόμου
1028 3523 1429 3605 ἰατρευόμενον,
1485 3530 1664 3606 χεῖρον
1734 3524 1960 3601 ἐγένετο.

364 3613 652 3694 ’Λμαρτίαν
687 3614 773 3687 δὲ,
814 3618 884 3682 ὡς
928 3614 1018 3673 καὶ
1049 3614 1299 3694 ἀνωτέρω
1333 3614 1549 3692 εἴπομεν
1574 3663 1587 3687 ,
1635 3612 1843 3686 νοήσεις
1871 3612 1965 3674 καὶ

362 3703 464 3776 τὴν
501 3704 773 3784 φιλήδονον
814 3704 1072 3783 γνώμην,
1113 3705 1206 3764 καὶ
1240 3705 1337 3778 τὴν
1390 3703 1479 3763 ἐπὶ
1529 3705 1590 3763 τὸ
1638 3703 1965 3784 ἁμαρτάνειν

362 3792 538 3875 ὁρμὴν
562 3838 582 3871 ,
605 3792 707 3866 ἤδη
735 3793 789 3855 δὲ
826 3794 919 3853 καὶ
967 3793 1058 3854 τὸν
1088 3794 1337 3855 διάϐολον
1358 3837 1377 3869 ,
1432 3794 1527 3854 καὶ
1562 3791 1730 3864 αὐτὴν
1868 3791 1965 3863 τὴν

362 3872 555 3964 πρᾶξιν
590 3884 675 3942 διὰ
705 3887 798 3956 τῆς
846 3885 1040 3957 ἡδονῆς
1081 3884 1475 3965 ὓποσύρουσαν.
1529 3884 1700 3966 Χάρις
1754 3872 1844 3943 οὖν
1892 3885 1970 3963 τῷ

366 3975 588 4055 Χριστῷ
612 3976 690 4055 τῷ
721 3974 1034 4047 τηλικούτου
1066 3979 1232 4035 κακοῦ
1258 3978 1403 4053 ἡμᾶς
1434 3972 1822 4042 ἀπαλλάξαντι.

445 4184 472 4212 ι
497 4152 622 4218 Ἵνα
656 4156 876 4235 γένηται
906 4156 1023 4217 καθ’
1051 4154 1353 4237 ὓπερϐολὴν
1382 4156 1701 4238 ἁμαρτωλὸς
1721 4159 1756 4229 ἡ
1789 4154 1969 4235 ἁμαρ-

361 4246 453 4305 τία
480 4246 570 4307 διὰ
594 4252 692 4320 τῆς
727 4249 959 4320 ἐντολῆς.
1000 4274 1025 4299 ιι
1051 4247 1152 4324 Τὸ,
1181 4246 1307 4307 Ἵνα
1336 4244 1598 4324 γένηται,
1629 4274 1651 4300 ι
1684 4245 1802 4305 ἀντὶ
1838 4248 1933 4305 τοῦ
1952 4288 1968 4318 ,

366 4334 459 4396 ἵνα
483 4340 625 4418 φανῇ
666 4336 849 4410 ἡλίκος
895 4336 1107 4418 ὄλεθρος
1152 4341 1186 4409 ἠ
1220 4334 1461 4417 ἁμαρτία
1489 4360 1501 4375 ⁸
1533 4334 1718 4417 ὥσπερ
1746 4334 1839 4395 καὶ
1870 4333 1932 4395 τὸ
1952 4378 1970 4411 ,

371 4450 396 4480 ι
428 4425 669 4487 Γενέσθω
713 4426 769 4485 δὲ
804 4430 833 4485 ὁ
863 4426 999 4494 Θεὸς
1046 4426 1282 4501 ἀληθὴς,
1327 4453 1349 4479 ιι
1393 4425 1511 4485 ἀντὶ
1558 4431 1681 4500 τοῦ,
1725 4424 1965 4506 φανήτω.

2067 3270 2275 3333 catum,
2323 3276 2423 3334 per
2454 3263 2665 3319 bonum
2708 3261 2847 3317 mihi
2880 3271 3174 3335 operatum
3224 3271 3305 3319 est
3347 3271 3603 3319 mortem.
3636 3286 3663 3313 ι

2067 3354 2204 3421 Lex,
2233 3352 2433 3424 inquit,
2460 3367 2574 3408 non
2594 3358 2679 3408 est
2710 3349 2850 3408 facta
2879 3352 3015 3409 mihi
3046 3368 3232 3421 mors;
3254 3351 3351 3409 sed
3376 3361 3666 3424 peccatum

2070 3457 2159 3497 me
2184 3441 2402 3512 occidit,
2435 3448 2498 3497 ut
2531 3449 2797 3513 appareat
2832 3442 2991 3514 quale
3032 3451 3413 3515 quantumque
3437 3444 3511 3499 sit
3536 3458 3660 3499 ma-

2071 3531 2207 3599 lum,
2230 3529 2487 3602 quodque
2517 3530 2636 3603 lege
2661 3530 2766 3602 ipsi
2798 3529 3070 3587 medelam
3094 3530 3385 3600 afferente,
3407 3531 3649 3588 deterius

2072 3620 2343 3677 evaderet.
2366 3622 2662 3676 Peccatum
2699 3627 2908 3690 autem,
2938 3628 3002 3676 ut
3052 3628 3107 3676 et
3128 3636 3289 3693 supra
3319 3637 3670 3678 commemo-

2072 3716 2276 3777 ratum,
2316 3709 2584 3783 intelliges
2625 3718 2911 3766 amantem
2973 3710 3268 3781 voluptatis
3324 3713 3652 3767 sententiam

2074 3814 2170 3855 seu
2199 3806 2466 3866 mentem,
2494 3807 2658 3871 atque
2681 3797 3063 3855 vehementem
3106 3798 3177 3854 ad
3201 3806 3485 3870 peccatum
3533 3815 3658 3855 mo-

2074 3888 2302 3955 tionem,
2328 3895 2489 3961 atque
2512 3888 2651 3945 adeo
2686 3886 2998 3959 diabolum,
3024 3888 3317 3960 ipsumque
3345 3897 3530 3944 actum
3559 3903 3671 3960 prae

2076 3978 2354 4050 voluptate
2382 3977 2770 4050 pellicientem.
2818 3977 3033 4035 Gratias
3078 3977 3250 4050 igitur
3304 3977 3549 4049 Christo,
3577 3979 3671 4051 qui

2078 4084 2182 4125 nos
2211 4084 2245 4125 a
2281 4075 2437 4124 tanto
2467 4068 2617 4124 malo
2650 4067 2913 4125 liberavit.

2154 4181 2181 4208 ι
2211 4160 2291 4216 Ut
2312 4158 2411 4214 ﬁat
2456 4173 2619 4231 supra
2648 4157 2884 4214 modum
2930 4173 3158 4231 peccans
3204 4166 3491 4231 peccatum
3552 4174 3676 4232 per-

2079 4248 2428 4305 mandatum.
2457 4270 2484 4299 »
2507 4279 2579 4290 -
2608 4271 2635 4298 α
2664 4251 2745 4307 Ut
2788 4248 2903 4318 ﬁat,
2931 4271 2956 4298 ι›
2989 4264 3112 4320 pro,
3135 4258 3418 4321 appareat,
3471 4259 3676 4324 quanta

2078 4341 2153 4396 sit
2213 4338 2422 4413 peccati
2460 4339 2723 4414 pernicies
2786 4357 2800 4395 :
2868 4340 3305 4413 quemamodum
3355 4348 3410 4395 et
3473 4339 3610 4397 illud
3663 4360 3676 4396 :

2089 4446 2116 4481 (ί
2145 4428 2227 4487 Sit
2268 4437 2453 4486 autem
2486 4432 2638 4485 Deus
2666 4444 2850 4496 verax,
2898 4451 2925 4478 ν
2960 4444 3084 4502 pro,
3113 4428 3302 4500 palam
3337 4428 3434 4485 ﬁat
3465 4437 3521 4485 et
3550 4444 3672 4502 per-

369 4516 547 4576 Τοῦτο
588 4515 645 4575 δὲ
677 4515 765 4576 διὰ
792 4521 889 4590 τῆς
927 4516 1145 4587 ἐντολῆς
1174 4516 1385 4596 ἐδείχθη
1415 4536 1428 4550 ⁸
1460 4514 1730 4595 ἐχρήσατο
1767 4514 1871 4596 γὰρ

2080 4519 2354 4593 spicuum.
2403 4518 2563 4576 Istud
2600 4530 2784 4576 autem
2826 4534 2923 4591 per
2972 4518 3301 4575 mandatum
3327 4517 3680 4577 demonstra-

372 4573 559 4685 ἔντολῇ
597 4573 696 4674 ’ξιξ
717 4573 971 4667 est...
987 4573 1008 4644 ἐ
1047 4573 1248 4688 sua
1269 4573 1385 4666 ἒάί
1410 4573 1658 4684 esu,
1683 4573 1855 4664 at;
1884 4573 1962 4663 διὲ

2085 4573 2208 4666 tum
2248 4618 2351 4667 est.
2393 4612 2576 4667 Usum
2612 4617 2695 4666 est
2748 4573 2900 4666 enim
2938 4616 3225 4681 peccatum
3272 4608 3534 4666 mandato
3602 4610 3673 4666 ad

371 4699 477 4754 τῶν
518 4696 769 4776 ἰατρικῶν
799 4697 1097 4779 φαρμάκων
1140 4704 1321 4778 χεῖρον
1362 4694 1615 4774 γένηται,
1666 4695 1764 4766 τὴν
1812 4717 1974 4754 κακο-

375 4784 558 4857 ήθειαν
586 4789 745 4845 αὐτοῦ
790 4786 1054 4866 ἐκφαίνειν
1102 4785 1317 4867 λεχθείη
1355 4785 1441 4845 διὰ
1477 4788 1573 4859 τῆς
1602 4786 1846 4867 ἰατρικῆς
1889 4782 1972 4843 τέ-

374 4898 508 4955 χνης
526 4921 544 4950 ,
572 4878 644 4945 ὥς
674 4876 750 4954 μὴ
780 4876 1151 4957 ὠφελούμενον
1198 4878 1291 4936 ὕπ’
1331 4877 1517 4949 αὐτῆς.

463 5086 488 5113 ι
515 5058 755 5139 Οἴδαμεν
802 5058 939 5142 γὰρ,
982 5060 1063 5119 ὅτι
1111 5063 1140 5119 ὁ
1170 5058 1330 5140 νόμος
1382 5058 1743 5137 πνευματικός
1794 5059 1975 5117 ἐστιν’

378 5148 485 5229 ἐγὼ
520 5148 575 5209 δὲ
614 5153 870 5230 σαρκικός
914 5153 1060 5229 εἶμι,
1094 5150 1469 5231 πεπραγμένος
1519 5147 1623 5208 ὑπὸ
1667 5146 1764 5220 τὴν
1797 5146 1978 5228 ἆμαρ-

378 5240 519 5301 τὶαν.
557 5264 589 5297 ι
625 5240 851 5313 Ἐπειδὴ
902 5232 1076 5314 εἶπεν,
1126 5239 1208 5299 ὅτι
1256 5239 1360 5313 ἤδη
1414 5236 1501 5298 διὰ
1545 5241 1639 5309 τῆς
1688 5238 1899 5309 ἐντολῆς
1944 5240 1979 5309 ἡ

380 5329 621 5410 ἁμαρτία
676 5330 876 5410 ἐφάνη,
924 5328 1014 5390 ἵνα
1057 5330 1131 5407 μὴ
1186 5329 1409 5409 νομίσῃς
1456 5327 1545 5386 τὸν
1599 5327 1760 5405 νόμον
1812 5326 1981 5385 αἴτιον

380 5420 607 5496 ταύτης,
676 5422 1020 5501 ἀπολογεῖται
1069 5420 1202 5500 ὑπὲρ
1261 5421 1463 5493 αὐτοῦ,
1518 5417 1699 5490 κοινὴν
1749 5416 1982 5498 ἐκφέρων

382 5511 588 5593 ψῆφον,
616 5509 713 5570 καὶ
741 5510 911 5591 λέγων
944 5529 958 5544 ·
999 5538 1024 5567 α
1073 5507 1315 5589 Οἴδαμεν
1356 5508 1438 5569 ὅτι
1479 5511 1507 5568 ὃ
1537 5507 1696 5587 νόμος
1733 5529 1984 5585 πνευμα-

2083 4709 2323 4756 mortem
2355 4718 2369 4756 :
2408 4698 2634 4773 perinde
2653 4714 2719 4755 ac
2741 4698 3035 4755 inﬁrmitas
3072 4699 3155 4756 vel
3179 4698 3430 4769 morbus,
3461 4699 3684 4773 quando

2087 4805 2182 4862 per
2200 4789 2413 4847 medica
2449 4789 2741 4862 pharmaca
2770 4788 3021 4846 redditur
3040 4789 3302 4860 deterior,
3347 4791 3555 4846 malam
3586 4792 3673 4847 sui

2086 4878 2466 4937 habitudinem
2515 4896 2614 4953 per
2664 4879 2935 4937 medicam
3004 4889 3180 4938 artem
3223 4881 3502 4938 declarare
3565 4880 3677 4938 dici

2086 4979 2272 5044 queat,
2298 4985 2428 5027 cum
2455 4986 2521 5028 ex
2549 4985 2611 5026 ea
2638 4969 2769 5026 nihil
2791 4970 3035 5043 juvetur.

2159 5061 2341 5118 Vsus.
2398 5065 2485 5118 14.
2529 5083 2554 5111 ε
2588 5060 2809 5117 Scimus
2836 5060 2986 5117 enim
3040 5059 3188 5133 quod
3244 5060 3328 5116 lex
3371 5059 3663 5132 spiritualis

2086 5149 2176 5220 sit,
2207 5165 2310 5223 ego
2342 5157 2535 5206 autem
2563 5150 2787 5218 carnali,
2822 5148 3171 5207 venundatus
3213 5148 3319 5205 sub
3352 5156 3595 5220 peccato.
3634 5171 3661 5197 ι.

2089 5239 2232 5314 Quia
2271 5239 2504 5309 dixerat,
2555 5240 2703 5312 quod
2725 5240 2846 5312 jam
2876 5255 2971 5312 per
3015 5236 3342 5295 mandatum
3396 5245 3681 5310 peccatum

2089 5330 2366 5403 apparuit,
2392 5345 2466 5387 ne
2515 5330 2791 5386 arbitreris
2838 5331 3015 5402 legem
3054 5343 3279 5385 causam
3303 5343 3423 5384 esse
3453 5330 3683 5400 peccati,

2090 5419 2335 5479 defendit
2362 5435 2508 5491 eam,
2551 5435 2847 5477 commune
2894 5417 3221 5491 suffragium
3268 5416 3571 5490 proferens,
3617 5434 3683 5476 ac

2092 5510 2279 5569 dicens
2309 5529 2324 5567 :
2355 5534 2381 5563 α
2422 5510 2697 5569 Novimus
2744 5509 2894 5584 quod
2948 5509 3035 5568 lex
3060 5507 3366 5582 spiritualis
3411 5516 3538 5581 est;
3572 5531 3598 5560 ι
3633 5508 3690 5568 id

455 5708 499 5745 ⁸³
527 5711 652 5781 ,ἅνω
705 5728 762 5769 o.
840 5708 885 5745 ³³
933 5710 1273 5783 πεφανέρωται
1318 5724 1400 5767 m.
1476 5706 1519 5743 3‘
1570 5612 2478 5780 LautorupéYfltJTJIE‘Ftlfgﬁopévn
2530 5717 2586 5761 ο.
2667 5700 2712 5739 ³⁸
2760 5698 2965 5776 ἴσχυσεν
3017 5715 3096 5758 m.
3177 5698 3227 5735 ⁸⁷
3251 5702 3591 5775 φανερώτερον
3639 5718 3698 5759 m

704 5790 889 5861 δοθτδὲ
916 5806 971 5850 o.

671 5886 915 5946 ΡΑτιιοι..
956 5883 1064 5944 Gn.
1106 5882 1321 5942 CXXIV.

386 5789 432 5831 ³³
464 5792 623 5869 ἅγιος.

3417 5880 3483 5941 14
