4150 6434
520 455 626 513 427

1537 457 2047 513 THEOPHYLACTI
2085 453 2445 511 BULGARIE
2482 455 2798 512 ARCHIEP.

3723 455 3824 510 428

518 583 668 638 enim
698 590 783 639 est
806 581 862 638 in
890 580 1166 652 confesso,
1195 597 1297 638 nec
1325 583 1560 654 cuipiam
1590 583 1915 640 obscurum.
1960 586 2112 639 Tan-

2229 581 2373 650 τικός
2415 583 2579 642 ἐστιν.
2630 581 3074 662 τΩμολογημένον
3121 582 3225 663 γάρ
3273 586 3386 642 ἐστι
3425 586 3606 650 τοῦτο,
3662 580 3823 659 φησι,

514 683 640 730 tum
668 674 817 731 enim
847 673 1005 730 abest
1031 681 1091 730 ut
1117 673 1201 729 lex
1226 673 1300 729 sit
1340 689 1506 730 causa
1536 675 1768 746 peccati,
1794 683 1858 730 ut
1907 673 2120 730 virtutis

518 765 702 838 potius
753 764 825 820 sit
853 763 1201 836 pmceptrix,
1251 763 1478 837 Vitiique
1524 764 1744 821 inimica
1776 773 1831 820 et
1867 764 1979 836 50
2022 763 2120 819 ho-

519 856 618 912 stis
659 874 672 910 :
706 855 815 912 hoc
845 855 995 911 enim
1041 863 1126 911 est
1163 853 1314 927 quod
1361 854 1458 923 ait,
1523 875 1549 903 α
1577 854 1882 927 Spiritualis
1931 861 2034 909 est.
2086 873 2116 904 »

527 943 694 1003 Unde
716 945 884 1017 igitur
915 953 1204 1017 peccatum
1237 952 1470 1001 enatum
1495 952 1598 1015 est,
1655 945 1698 1000 si
1749 945 1834 1000 lex
1863 952 1984 1000 tam
2014 941 2120 998 mi-

527 1035 700 1090 randa
755 1035 825 1091 sit
861 1035 1154 1107 magistra?
1182 1038 1232 1091 A
1282 1033 1681 1106 discipulorum
1753 1032 2008 1090 socordia
2063 1039 2120 1090 et

520 1124 912 1182 imbecillitate.
943 1149 966 1172 α
986 1126 1103 1199 Ego
1127 1148 1153 1174 ιι
1175 1123 1348 1193 enim,
1378 1124 1579 1196 inquit,
1601 1142 1630 1177 «
1658 1124 1891 1180 carnalis
1916 1139 2061 1191 sum,
2088 1145 2114 1172 ι

519 1213 626 1271 hoc
654 1223 756 1284 est,
798 1215 1052 1272 universa
1107 1214 1354 1272 humana
1397 1223 1621 1283 natura,
1663 1231 1790 1270 cum
1835 1229 1961 1286 quae
1989 1221 2118 1270 ante

521 1305 788 1362 sancitam
819 1305 1018 1378 legem,
1066 1312 1190 1361 tum
1245 1320 1370 1377 quae
1397 1313 1652 1377 tempore
1691 1305 1846 1377 legis,
1897 1305 2119 1360 univer-

521 1409 642 1451 sam
689 1394 989 1451 affectuum
1041 1395 1266 1450 turbam
1332 1395 1440 1451 sibi
1490 1402 1841 1467 aggregatam
1902 1393 2113 1450 habuit.

523 1487 646 1540 Non
677 1485 824 1542 enim
853 1493 1067 1541 tantum
1104 1485 1362 1540 mortales
1396 1483 1521 1540 facti
1564 1500 1762 1540 sumus
1812 1499 1876 1540 ex
1914 1482 2120 1539 Adami

523 1574 988 1646 praevaricatione,
1017 1590 1207 1630 verum
1247 1574 1415 1631 etiam
1455 1573 1690 1631 affectus
1707 1590 1902 1647 pravos
1921 1583 2119 1630 natura

524 1665 768 1735 recepit,
808 1666 910 1720 sub
943 1673 1164 1736 peccato
1207 1664 1431 1721 vendita
1483 1673 1538 1720 et
1566 1665 1622 1720 in
1666 1664 1988 1720 servitutem
2040 1679 2120 1721 re-

521 1752 700 1821 dacta,
733 1754 807 1809 ita
838 1761 902 1809 ut
929 1770 995 1810 ne
1017 1762 1182 1826 caput
1211 1754 1433 1825 quidem
1456 1754 1666 1826 erigere
1709 1761 1900 1826 queat.

591 1844 768 1898 Vnus.
824 1846 908 1898 I5.
945 1864 969 1891 ‹‹
1017 1842 1175 1915 Quod
1202 1843 1350 1900 enim
1381 1858 1599 1915 operor,
1647 1866 1673 1892 ιν
1701 1843 1903 1915 inquit,
1943 1865 1970 1891 α
2003 1855 2117 1896 non

2229 671 2320 731 καὶ
2357 681 2522 731 πᾶσιν
2564 672 2930 750 ἐγνωσμένον,
2969 671 3051 731 ὅτι
3087 677 3338 732 τοσοῦτον
3379 671 3571 752 ἀπέχει
3612 676 3702 729 τοῦ
3741 668 3824 727 αἴ-

2226 785 2335 829 τιος
2379 752 2514 821 εἶναι
2563 765 2590 820 6
2640 761 2797 839 νόμος
2849 762 3152 844 ἁμαρτίας,
3195 762 3334 822 ὥστε
3371 761 3464 820 καὶ
3506 761 3824 824 διδάσκαλος

2227 853 2417 930 ἀρετῆς
2449 853 2593 928 ἐστι,
2627 853 2720 911 καὶ
2774 851 2967 921 κακίας
3019 851 3270 926 πολέμιος
3301 875 3315 890 ·
3371 857 3523 911 τοῦτο
3573 850 3678 930 γὰρ
3728 849 3821 920 τὸ,

2229 969 2252 994 α
2291 940 2678 1020 Πνευματικός.
2715 967 2740 994 ιν
2779 940 2948 1001 Πόθεν
2999 931 3088 1000 οῦν
3123 946 3155 1013 ἡ
3198 941 3436 1021 ἁμαρτία
3472 941 3715 1019 γέγονεν,
3781 939 3826 997 εἰ

2229 1029 2367 1091 οὕτω
2408 1030 2710 1109 θαυμαστός
2739 1035 2880 1091 ἐστιν
2910 1034 2938 1090 6
2985 1031 3340 1102 διδάσκαλος;
3393 1030 3554 1111 Παρὰ
3585 1029 3681 1102 τὴν
3717 1032 3824 1088 τῶν

2230 1125 2479 1199 μαθητῶν
2513 1119 2772 1202 ῥᾳθυμίαν
2794 1122 2885 1180 καὶ
2917 1120 3212 1181 ἀσθένειαν.
3241 1147 3266 1173 α
3293 1118 3442 1199 Ἐγὼ
3466 1147 3488 1172 υ
3518 1119 3645 1201 γὰρ,
3673 1118 3824 1201 φησὶ,

2229 1239 2252 1262 κ
2285 1210 2533 1291 σαρκικός
2553 1215 2686 1287 εἰμι,
2707 1238 2733 1262 ι
2763 1209 3057 1280 τουτέστιν,
3085 1215 3120 1282 ἡ
3147 1209 3450 1288 ἀνθρωπίνη
3475 1218 3624 1268 πᾶσα
3651 1207 3823 1290 φύσις,

2226 1301 2262 1373 ἥ
2291 1325 2349 1360 τε
2379 1301 2481 1381 πρὸ
2501 1300 2696 1380 νόμου,
2726 1301 2817 1360 καὶ
2836 1304 2871 1372 ἡ
2903 1301 2958 1358 ἐν
2986 1301 3132 1380 νόμῳ
3154 1343 3171 1373 ,
3196 1299 3374 1357 πάντα
3415 1298 3500 1358 τὸν
3529 1299 3690 1378 ὄχλον
3715 1303 3820 1358 τῶν

2227 1393 2410 1450 παθῶν
2433 1389 2818 1471 ἐπεισαχθέντα
2857 1392 2991 1470 016qu
3037 1389 3215 1469 ἔσχεν.
3247 1390 3330 1449 Οὗ
3359 1388 3461 1468 γὰρ
3507 1387 3661 1464 μόνον
3696 1391 3820 1462 θνη-

2228 1481 2309 1540 τοὶ
2339 1480 2625 1561 γεγόναμεν
2672 1483 2730 1538 ἐκ
2761 1483 2853 1551 τ’ἤς
2904 1477 3262 1560 παραϐάσεως
3299 1481 3390 1535 τοῦ
3424 1476 3595 1554 Ἀδὰμ
3620 1523 3633 1544 ,
3679 1475 3821 1536 ἀλλὰ

2227 1570 2319 1630 καὶ
2371 1575 2405 1639 ἡ
2441 1567 2594 1652 φύσις
2643 1569 2856 1638 ἐδέξατο
2904 1569 2972 1628 τὰ
3021 1568 3202 1639 πάθη,
3254 1571 3518 1646 πραθεῖσα
3566 1565 3668 1623 ὕπὸ
3723 1565 3823 1638 τὴν

2230 1659 2519 1740 ἁμαρτίαν,
2539 1659 2632 1719 καί⁵
2653 1659 2809 1733 δούλη
2831 1657 3111 1739 γενομένη,
3131 1654 3270 1715 ὥστε
3289 1701 3305 1731 ,
3327 1655 3462 1734 μηδὲ
3479 1654 3531 1694 ⁴⁰
3555 1654 3828 1736 ἀνακύψαι

2229 1750 2505 1812 δύνασθαι.

2307 1869 2332 1894 σι
2355 1840 2432 1901 ’³0
2454 1839 2556 1918 γὰρ
2581 1839 3000 1922 κατεργάζομαι,
3028 1867 3051 1892 ιι
3079 1837 3258 1920 φησὶν,
3281 1838 3378 1896 «οὗ
3399 1834 3671 1916 γινώσκω.
3700 1859 3724 1887 η
3746 1837 3828 1897 013

519 1933 784 2006 intelligo.
819 1956 846 1982 ν
873 1936 998 1990 Non
1028 1933 1384 2006 omnigenam
1413 1933 1500 1988 hic
1540 1933 1911 2005 ignorantiam
1958 1930 2112 1986 dicit.

2228 1930 2324 2004 τὴν
2349 1934 2586 2002 παντελῆ
2619 1931 2835 2009 ἄγνοιαν
2877 1929 3103 1989 ἐνταῦθά
3129 1952 3308 2010 φησιν.
3350 1930 3415 1987 Εἰ
3447 1925 3550 2008 γὰρ
3579 1929 3829 2006 ἀγνοοῦν-

519 2023 574 2080 Si
626 2023 777 2079 enim
825 2040 892 2078 ex
922 2023 1235 2095 ignorantia
1279 2022 1596 2094 peccabant,
1639 2020 1920 2093 quomodo
1970 2019 2119 2076 dein-

517 2128 646 2185 ceps
676 2113 1084 2183 puniebantur?
1109 2111 1218 2168 Sed
1243 2112 1375 2184 quid
1399 2111 1514 2167 ait?
1532 2111 1798 2168 Tenebris
1838 2110 2119 2181 obsepior,

522 2202 633 2259 huc
657 2202 787 2258 illuc
808 2201 1012 2272 rapior,
1039 2218 1142 2258 nec
1170 2200 1455 2274 quomodo
1482 2217 1573 2257 me
1604 2209 1891 2273 peccatum
1920 2200 2119 2273 rapiat,

523 2292 672 2349 novi.
697 2294 881 2364 Quare
918 2307 1044 2348 cum
1073 2293 1169 2359 ait,
1205 2315 1232 2341 «ι
1265 2294 1389 2348 Non
1430 2293 1577 2361 novi,
1604 2314 1630 2340 ν
1678 2291 1824 2348 haud
1864 2292 2123 2364 ignoran-

522 2382 657 2438 tiam
686 2382 765 2438 rei
785 2381 1014 2456 agendm
1043 2381 1272 2450 indicat,
1319 2380 1414 2439 sed
1440 2381 1915 2438 circumstantiam
1943 2389 2000 2436 et
2028 2381 2117 2434 in-

521 2471 686 2528 sidias
709 2487 772 2528 ac
808 2472 1193 2544 deceptiouem
1230 2479 1284 2528 et
1325 2479 1570 2543 raptum.
1631 2472 1760 2528 Haec
1794 2479 1979 2527 autem
2000 2485 2126 2527 om-

519 2562 610 2619 nia
625 2561 692 2619 de
708 2562 1044 2619 mortalibus
1060 2562 1154 2635 qui
1189 2570 1318 2618 ante
1345 2561 1548 2619 Christi
1575 2562 1630 2617 in
1654 2577 1880 2618 carnem
1909 2562 2117 2621 adven-

518 2662 640 2710 tum
690 2651 867 2722 fuere,
909 2653 1063 2722 dicit,
1111 2651 1326 2709 etiamsi
1369 2651 1646 2724 propriam
1679 2668 1972 2724 personam
2022 2669 2120 2727 po-

519 2741 714 2799 suerit.

593 2849 623 2884 ι(
649 2834 773 2888 Non
798 2831 949 2888 enim
987 2830 1138 2903 quod
1164 2831 1314 2899 volo,
1344 2830 1451 2887 hoc
1481 2846 1607 2904 ago.
1642 2853 1670 2880 ιι
1716 2833 1821 2887 Pro
1841 2845 1907 2887 eo
1964 2832 2116 2904 quod

518 2929 620 2992 est,
650 2923 775 2977 Non
827 2921 976 2976 enim
1009 2920 1160 2992 quod
1191 2921 1484 2976 voluerunt
1537 2920 1812 2989 homines,
1838 2919 1933 2992 qui
1993 2928 2114 2978 tum

518 3011 722 3081 vixere,
750 3009 883 3066 illud
927 3017 1175 3082 egerunt.
1223 3013 1351 3066 Non
1401 3009 1610 3064 inducit
1649 3017 1836 3066 autem
1884 3010 2117 3066 necessi-

517 3109 710 3168 tatem,
765 3115 943 3171 neque
995 3099 1106 3154 vim
1162 3115 1258 3170 per
1295 3098 1620 3171 hujusmodi
1682 3114 1988 3157 sermones.
2041 3102 2116 3156 At

516 3191 649 3263 quid
672 3192 782 3247 ait?
809 3189 970 3262 Quod
997 3205 1112 3246 non
1160 3189 1484 3258 laudabant,
1534 3188 1683 3262 quod
1739 3205 1855 3245 non
1887 3189 2112 3262 recipie-

2227 2046 2312 2090 τες
2379 2022 2715 2102 ἡμάρτανον,
2765 2024 2878 2089 πῶς
2934 2020 3115 2079 λοιπὸν
3175 2020 3522 2102 ἐκολάζοντ-ο;
3577 2017 3740 2078 Ἀλλὰ
3774 2019 3827 2076 τί

2229 2136 2394 2194 φησις
2449 2116 2756 2188 Σκοτοῦμαι
2776 2157 2794 2182 ,
2827 2111 3269 2188 συναρπάζομαι,
3301 2109 3397 2167 οὐκ
3429 2099 3576 2181 οἶδα,
3609 2111 3722 2176 πῶς
3758 2131 3825 2185 με

2229 2203 2601 2283 συναρπάζειὴ
2637 2202 2899 2280 ἁμαρτία.
2932 2199 3104 2260 ⁶Ώστε
3132 2200 3214 2276 τὸ,
3240 2227 3262 2251 ιι
3287 2201 3368 2257 Οὐ
3386 2197 3656 2277 γινώσκω,
3683 2223 3707 2249 ι»
3730 2200 3826 2258 οὐκ

2228 2291 2443 2371 ἄγνοιαν
2476 2291 2718 2372 ἐμφαίνει
2747 2296 2838 2349 τοῦ
2870 2288 3138 2372 πρακτέου
3179 2289 3251 2362 ⁴¹,
3284 2289 3424 2347 ἀλλὰ
3469 2289 3817 2366 περίστασιν,

2227 2381 2318 2441 καὶ
2349 2380 2656 2457 ἐπιϐουλὴν,
2699 2381 2790 2440 καὶ
2822 2381 3037 2451 ἀπάτην
3065 2424 3082 2453 ,
3112 2380 3200 2438 καὶ
3235 2377 3605 2460 συναρπαγήν.
3638 2380 3826 2439 Ταῦτα

2227 2471 2283 2530 δὲ
2306 2472 2482 2531 πάντα
2526 2471 2782 2552 περὶτῶν
2821 2469 2924 2550 πρὸ
2966 2473 3061 2541 τῆς
3114 2468 3403 2545 ἐπιδημίας
3447 2474 3540 2526 τοῦ
3587 2469 3824 2548 Χριστοῦ

2227 2561 2518 2644 ἀνθρώπων
2545 2560 2725 2642 λέγει,
2760 2561 2806 2619 εἰ
2853 2558 2945 2619 καὶ
2973 2557 3034 2618 τὸ
3085 2563 3279 2619 οἰκεῖον
3325 2558 3612 2641 πρόσωπον
3659 2560 3824 2617 τέθει-

2223 2674 2314 2711 κεν
2326 2702 2336 2712 .

2309 2855 2337 2890 α
2371 2835 2454 2894 O13
2481 2830 2584 2915 γὰρ
2621 2832 2648 2893 8
2677 2831 2848 2910 θέλω,
2876 2837 3030 2891 τοῦτο
3067 2830 3318 2912 πράσσω.
3357 2856 3383 2883 υ
3408 2829 3550 2889 Ἀντὶ
3582 2836 3704 2905 τοῦ,
3737 2832 3822 2891 Οὐ

2221 2921 2324 3003 γὰρ
2355 2922 2384 2981 8
2417 2924 2602 2995 ἤθελον
2635 2924 2682 2981 οἱ
2714 2921 2835 2982 τότε
2865 2922 3135 3002 ἄνθρωποι
3154 2967 3168 2994 ,
3199 2926 3355 2979 τοῦτο
3385 2919 3669 3002 ἔπραττον.
3704 2921 3825 2982 Οὖκ

2223 3011 2460 3093 ἀνάγκην
2491 3011 2546 3072 δὲ
2578 3011 2813 3092 εἰσάγει,
2861 3011 2979 3073 οὐδὲ
3014 3011 3132 3093 βίαν
3166 3010 3252 3070 διὰ
3300 3015 3404 3069 τῶν
3439 3010 3690 3070 τοιούτων
3737 3010 3828 3070 λό-

2220 3127 2346 3182 γων.
2381 3102 2545 3164 Ἀλλὰ
2576 3101 2628 3162 τί
2653 3125 2844 3183 φησιν;
2883 3101 3022 3161 Ἀντὶ
3061 3107 3188 3173 τοῦ,
3231 3099 3259 3158 8
3287 3100 3360 3178 μὴ
3396 3101 3646 3180 ἐπῄνουν,
3677 3099 3706 3159 8
3743 3099 3823 3175 μὴ

2222 3192 2576 3273 ἀπεδέχοντο,
2626 3191 2656 3250 8
2686 3193 2762 3271 μὴ
2807 3190 3070 3272 ἠγάπων,
3115 3196 3270 3252 τοῦτο
3316 3189 3528 3250 ἐποίουν
3560 3213 3574 3228 ο
3630 3190 3819 3268 ἐπάγει

516 3281 670 3349 bant,
699 3280 848 3353 quod
886 3296 1002 3336 non
1053 3278 1378 3352 diligebant,
1436 3279 1545 3336 hoc
1594 3278 1883 3336 faciebant.
1937 3279 2115 3337 Infert
2151 3305 2196 3370 ρ
2223 3283 2324 3364 γὰρ
2354 3281 2561 3366 ἐφεξῆςο

515 3371 665 3428 enim
702 3370 962 3440 deinceps
987 3387 1005 3426 :

587 3482 613 3509 α
639 3459 745 3516 Sed
790 3458 940 3531 quod
982 3457 1098 3524 odi,
1123 3457 1231 3514 hoc
1285 3457 1441 3514 facio.
1476 3481 1502 3507 ι)
1555 3457 1898 3529 Viden’quod
1927 3475 2110 3532 neque

513 3551 648 3622 vim,
678 3565 856 3623 neque
876 3549 1259 3605 necessitatem
1285 3547 1377 3603 hic
1406 3547 1608 3604 infert?
1634 3548 1788 3604 Alias
1808 3548 2104 3605 intulisset.

513 3639 620 3697 Sed
651 3639 798 3711 quod
823 3654 1010 3712 cogor,
1039 3638 1146 3694 hoc
1180 3653 1324 3710 ago:
1361 3637 1482 3710 jam
1509 3652 1639 3693 vero
1671 3653 1784 3692 non
1830 3637 1911 3693 sic
1945 3637 2105 3708 dixit,

508 3727 626 3796 sed,
662 3752 687 3778 α
711 3727 875 3802 Quod
896 3728 1007 3784 odi.
1040 3751 1065 3775 ιι
1102 3729 1284 3799 Quare
1311 3726 1466 3794 illud,
1501 3749 1528 3775 «ι
1571 3725 1734 3796 Quod
1775 3727 1928 3794 nolo,
1957 3748 1987 3778 »
2029 3727 2108 3784 sic

507 3818 765 3892 accipias,
787 3827 850 3874 ut
873 3818 1193 3890 expositum
1231 3825 1334 3872 est.
1370 3816 1665 3886 Quomodo
1704 3817 1866 3889 igitur
1893 3817 2106 3873 contin-

505 3911 704 3983 gebant
736 3910 878 3966 mala
923 3913 947 3966 ?
1001 3911 1104 3964 Per
1136 3907 1532 3979 arreptionem,
1577 3923 1676 3979 per
1730 3907 2106 3964 inﬁrmitatem

508 4017 616 4073 qua
671 3999 993 4056 laborabant
1034 4015 1102 4054 ex
1175 3997 1620 4069 praevaricatione
1668 3997 1890 4054 Adami.
1944 4003 2102 4055 Hanc

504 4105 670 4162 porro
707 4089 1090 4145 inﬁrmitatem
1123 4089 1211 4143 lex
1247 4086 1498 4159 profecto
1535 4103 1730 4144 sanare
1769 4103 1883 4144 non
1908 4088 2101 4160 potuit,

503 4177 719 4235 etiamsi
750 4177 884 4249 quid
905 4176 1178 4249 agendum
1220 4186 1365 4233 esset
1387 4176 1630 4233 dictaret
1663 4195 1677 4234 :
1709 4177 1960 4234 Christus
1995 4193 2095 4233 au-

502 4276 619 4324 tem
667 4267 936 4323 accedens
985 4266 1220 4322 sanavit.
1264 4267 1374 4322 Hic
1399 4266 1564 4338 igitur
1604 4267 1872 4338 Apostolo
1906 4281 2106 4338 scopus

503 4364 590 4414 est
632 4372 730 4429 per
784 4356 974 4413 omnia
1020 4371 1144 4429 qum
1180 4355 1317 4412 dixit
1348 4364 1404 4412 et
1433 4372 1557 4428 quae
1586 4356 1834 4413 dicturus
1861 4365 1965 4424 est,
2004 4355 2101 4413 de-

502 4455 815 4504 monstrare
870 4447 1172 4504 humanam
1213 4455 1469 4503 naturam
1512 4447 1935 4504 immedicabilia
1978 4462 2099 4518 pas-

2307 3477 2339 3516 α
2381 3454 2536 3517 Ἀλλὰ
2565 3453 2596 3514 8
2625 3458 2799 3533 μισῶ,
2830 3457 2987 3515 τοῦτο
3011 3456 3171 3515 ποιῶ.
3208 3479 3232 3505 υ
3264 3451 3467 3534 Ὁρᾷς,
3502 3451 3582 3512 ὅτι
3607 3453 3664 3512 οὗ
3695 3451 3818 3532 βίαν

2217 3546 2450 3626 εἰσάγει,
2493 3543 2612 3604 οὐδὲ
2664 3543 2934 3625 ἀνάγκην;
2986 3542 3267 3622 Ἐπήγαγε
3317 3543 3419 3625 γὰρ
3451 3543 3551 3617 ἂν,
3603 3541 3822 3626 Ἀλλ’ῖὸ

2218 3625 2620 3714 ἀναγκάζομαι,
2663 3641 2818 3695 τοῦτο
2865 3633 3111 3714 πράσσω.
3146 3637 3257 3694 Νῦν
3297 3634 3350 3693 δὲ
3393 3635 3495 3713 οὐχ
3535 3634 3701 3701 οὕτως
3743 3625 3820 3692 εἶ-

2213 3751 2334 3799 πεν,
2365 3725 2504 3801 ἀλλ’,
2533 3753 2558 3781 α
2577 3724 2653 3785 ⁸0
2685 3730 2849 3802 μισῶ.
2869 3753 2890 3777 ι
2911 3722 3082 3784 ίΏστε
3105 3723 3182 3794 τὸ,
3213 3752 3237 3778 α
3255 3723 3332 3784 ⁸0
3355 3725 3414 3781 οὗ
3446 3725 3602 3796 θέλω,
3632 3722 3816 3782 αοῦτω

2211 3815 2437 3894 νοήσεις,
2485 3818 2556 3882 ὡς
2602 3813 2882 3895 ἐξελήφθη.
2932 3816 3057 3879 Πῶς
3105 3803 3194 3870 οῦν
3227 3812 3466 3892 ἐγένοντο
3523 3811 3590 3871 τὰ
3639 3812 3818 3887 κακοί;

2219 3905 2372 3964 Κατὰ
2423 3903 2799 3983 συναρπαγὴν,
2850 3901 2990 3961 κατὰ
3037 3900 3347 3974 ἀσθένειαν,
3381 3901 3446 3973 ἣν
3499 3901 3659 3982 ἔσχον
3711 3901 3820 3961 ἀπὸ

2211 4001 2305 4069 τῆς
2333 3995 2690 4074 παραϐάσεως
2719 3997 2813 4052 τοῦ
2843 3991 3032 4068 Ἀδάμ.
3067 3989 3289 4063 Ταύτην
3323 3990 3379 4049 δὲ
3409 3989 3508 4063 τὴν
3540 3991 3818 4052 ἀσθένειαν

2211 4090 2239 4144 ὃ
2268 4082 2364 4160 μὲν
2402 4083 2560 4159 νόμος
2602 4084 2697 4140 οὐκ
2738 4081 2959 4159 ἴσχυσεν
3006 4079 3295 4158 ἰάσασθαι,
3347 4079 3520 4138 καίτοι
3563 4079 3624 4138 τὸ
3672 4104 3816 4158 πρα-

2211 4174 2362 4232 κτέον
2392 4169 2752 4251 ὑπαγορεύων·
2775 4175 2802 4229 6
2833 4170 2886 4230 δὲ
2933 4168 3165 4249 Χριστὸς
3196 4167 3362 4228 ἐλθὼν
3394 4168 3606 4232 ἰάσατο.
3639 4162 3816 4251 ρ’ῧτος

2211 4255 2301 4322 οὖν
2331 4266 2472 4322 ἐστιν
2508 4265 2536 4320 6
2565 4259 2760 4328 σκοπὸς
2791 4265 2867 4342 τῷ
2902 4257 3210 4340 Ἀποστόλῳ
3251 4257 3337 4317 διὰ
3369 4259 3606 4326 πάντων,
3651 4249 3724 4318 ὧν
3752 4283 3812 4318 τε

2211 4343 2386 4426 εἶπεν,
2417 4353 2508 4411 καὶ
2534 4341 2606 4410 ὧν
2638 4349 2820 4428 μέλλει
2842 4341 3064 4424 εἰπεῖν,
3110 4349 3169 4408 τὸ
3199 4347 3365 4418 δεῖξαι
3402 4347 3501 4422 τὴν
3541 4347 3814 4428 ἀνθρωπί-

2209 4467 2303 4516 νην
2331 4441 2486 4524 φύσιν
2519 4441 2709 4500 ἀνίατα
2738 4447 3046 4514 παθοῦσαν,
3091 4438 3183 4499 καὶ
3227 4440 3330 4520 οὐχ
3373 4440 3478 4500 ὑπὸ
3527 4439 3690 4500 ἄλλου
3722 4441 3807 4498 ἰα-

501 4553 644 4609 sam,
673 4555 776 4596 nec
827 4538 898 4595 ab
926 4538 1038 4595 ullo
1077 4539 1184 4596 alio
1234 4537 1456 4596 sanitati
1480 4538 1821 4607 restitutam,
1871 4546 2100 4611 praeter-

2219 4535 2420 4613 θεῖσαν,
2456 4532 2490 4606 ἢ
2522 4533 2572 4572 ”
2604 4531 2706 4593 ὑπὸ
2732 4541 2824 4595 τοῦ
2854 4533 3106 4614 Χριστοῦ.

501 4644 668 4702 quam
687 4645 721 4686 a
745 4627 864 4686 solo
891 4628 1134 4685 Christo.

570 4721 749 4775 Vens.
779 4724 867 4775 l6.
894 4740 920 4768 ι
942 4719 1001 4775 Si
1029 4727 1215 4775 autem
1237 4717 1388 4790 quod
1403 4717 1554 4786 nolo,
1582 4715 1737 4774 istud
1766 4715 1928 4786 facio,
1959 4733 2098 4775 con-

499 4808 676 4865 sentio
703 4808 808 4880 legi
846 4808 994 4880 quod
1038 4809 1188 4865 bona
1215 4815 1318 4864 est.
1367 4830 1394 4858 n
1432 4807 1598 4880 Quod
1644 4806 1792 4864 bona
1842 4807 1913 4863 sit
1984 4807 2095 4875 lex,

498 4896 630 4954 inde
674 4904 909 4967 constat,
948 4897 1100 4970 quod
1148 4897 1274 4954 novi
1301 4898 1626 4955 naturaliter
1650 4895 1784 4970 quid
1817 4895 2092 4969 agendum

498 4988 589 5056 sit,
637 4996 693 5044 et
719 5003 834 5044 non
875 5003 1003 5044 sum
1045 4996 1236 5046 mente
1282 4997 1600 5060 corruptus,
1648 4986 1864 5044 etiamsi
1896 4986 2094 5044 vitium

499 5093 820 5151 prosequor.

568 5170 750 5226 Vens.
779 5174 960 5237 17,18.
981 5191 1008 5217 «ι
1034 5169 1198 5224 Nunc
1222 5175 1408 5224 autem
1425 5166 1547 5240 jam
1565 5183 1676 5222 non
1706 5181 1906 5237 operor
1934 5165 2092 5234 illud,

493 5257 589 5314 sed
635 5259 788 5332 quod
851 5258 1060 5314 habitat
1116 5259 1170 5313 in
1237 5273 1331 5313 me
1358 5264 1665 5329 peccatum.
1719 5255 1860 5311 Novi
1907 5264 2094 5311 autem

494 5349 640 5419 quod
669 5365 776 5405 non
804 5348 1012 5404 habitet
1039 5348 1097 5403 in
1126 5363 1237 5414 me,
1269 5347 1372 5404 hoc
1418 5355 1501 5402 est
1528 5346 1584 5400 in
1611 5361 1776 5402 carne
1807 5360 1952 5411 mea,
1999 5344 2095 5400 bo-

495 5452 658 5493 num.
691 5457 722 5493 ν
776 5441 902 5495 Non
959 5437 1100 5493 dixit
1127 5436 1277 5511 quod
1311 5453 1440 5493 caro
1495 5435 1626 5491 illud
1677 5444 1957 5508 operetur,
1997 5434 2092 5490 sed

498 5541 522 5566 α
551 5527 858 5590 peccatum,
885 5542 914 5571 ν
952 5519 1060 5576 hoc
1080 5527 1162 5576 est
1185 5518 1395 5592 peccati
1441 5517 1689 5593 tyrannis
1730 5532 1820 5574 me
1849 5515 2089 5589 rapiens.

2295 4726 2322 4760 α
2359 4702 2427 4762 Εἰ
2469 4698 2523 4759 δὲ
2553 4697 2581 4759 8
2611 4701 2669 4758 οὗ
2701 4698 2870 4772 θέλω,
2904 4701 3059 4758 τοῦτο
3089 4699 3247 4772 ποιῶ,
3279 4694 3533 4778 σύμφημι
3555 4699 3632 4778 τῷ
3661 4696 3811 4777 νόμῳ

2206 4793 2287 4852 ὅτι
2314 4788 2497 4858 καλός.
2527 4817 2552 4843 υ
2573 4788 2707 4849 Ὅτι
2736 4788 2896 4855 καλὸς
2925 4790 2954 4845 6
2978 4787 3166 4863 νόμος,
3201 4787 3358 4857 δῆλον
3401 4775 3454 4853 ἐξ
3483 4775 3557 4844 ὧν
3583 4775 3674 4844 καὶ
3706 4775 3809 4844 0113-

2207 4882 2293 4948 τὸς
2339 4870 2454 4938 οῖδα
2503 4883 2737 4960 φυσικῶς
2777 4876 2838 4936 τὸ
2888 4877 3190 4956 πρακτέον,
3240 4873 3333 4933 καὶ
3387 4875 3446 4932 οὐ
3484 4873 3810 4957 διέφθαρμαι

2205 4970 2302 5042 τὴν
2332 4967 2548 5048 γνώμην
2580 4968 2652 5042 ³⁸³,
2681 4969 2726 5025 εἷ
2751 4964 2844 5024 καὶ
2879 4964 2971 5035 τὴν
3002 4966 3196 5024 κακίαν
3223 4962 3577 5044 μετέρχομαι.

2296 5167 2324 5200 ι(
2359 5145 2471 5205 Νῦν
2521 5141 2574 5199 δὲ
2609 5141 2781 5200 οὐκέτι
2826 5135 2930 5218 ἐγὼ
2976 5135 3371 5218 κατεργάζομαι
3403 5135 3565 5212 αὐτὸ,
3615 5135 3732 5196 ἀλλ’
3768 5140 3803 5210 ἡ

2209 5236 2426 5295 οἰκοῦσα
2465 5233 2518 5290 ἐν
2560 5230 2680 5308 ἐμοὶ
2727 5227 2988 5308 ἁμαρτία.
3037 5217 3177 5287 Οἶδα
3228 5226 3282 5286 δὲ
3328 5228 3408 5285 ὅτι
3456 5229 3552 5286 οὐκ
3583 5229 3716 5286 οἰκεῖ
3747 5228 3802 5308 ἐν

2205 5326 2358 5402 ἐμοὶ,
2386 5319 2686 5392 τουτέστιν,
2719 5323 2771 5379 ἓν
2800 5324 2867 5396 τῇ
2899 5317 3057 5398 σαρκί
3088 5340 3188 5394 μου
3208 5363 3224 5391 ,
3266 5316 3482 5395 ἀγαθόν.
3513 5339 3541 5375 »
3581 5318 3700 5376 Οὖκ
3731 5304 3805 5374 εἷ-

2206 5437 2302 5473 πεν
2331 5412 2412 5472 ὅτι
2442 5419 2476 5486 ἡ
2510 5409 2640 5490 σὰρξ
2672 5409 2800 5468 αὐτὸ
2828 5409 3247 5489 κατεργάζεται,
3281 5409 3427 5484 ἀλλ’,
3468 5430 3495 5464 α
3529 5406 3600 5468 ⁶Η
3627 5406 3803 5488 ἆμαρ-

2207 5504 2328 5583 τία,
2371 5525 2404 5564 n
2435 5503 2740 5582 τουτέστιν,
2776 5503 2810 5572 ἡ
2865 5504 2956 5573 τῆς
2999 5498 3265 5580 ἁμαρτίας
3312 5497 3552 5580 τυραννὶς
3604 5519 3802 5579 συναρ-

1871 5652 2062 5712 Variae
2105 5651 2408 5712 lectiones.

567 5788 611 5824 ⁵ο
638 5788 748 5844 οὒὸὲ
781 5807 832 5848 0.
914 5788 950 5823 ¹⁵¹
993 5792 1282 5864 πράγματος
1300 5805 1352 5847 ο.
1430 5789 1476 5824 ⁸³
1506 5788 1622 5843 ἀλλ’
1647 5807 1701 5847 ο.
1777 5787 1822 5822 ‘3
1849 5791 1913 5863 τῇ
1935 5790 2116 5863 γνώμῃ
2142 5804 2194 5846 0.
