4150 6450
348 456 454 511 429

1260 451 1610 510 EXPOSITIO
1653 452 1720 509 IN
1758 449 1967 508 EPIST.
2009 452 2099 507 AD
2139 451 2305 507 ROM.
2344 480 2415 492 —
2461 452 2610 507 CAP.
2653 452 2762 507 VII.

3553 453 3658 509 430

347 579 593 649 πάζουσά
646 603 738 657 με.
810 574 983 640 Ὥστε
1040 577 1092 637 τί
1142 580 1466 659 φλυαροῦσιν
1523 580 1571 638 οἱ
1624 578 1722 650 τὴν
1773 576 1950 658 σάρκα

2064 577 2207 648 Quid
2236 577 2407 649 igitur
2446 576 2534 633 hic
2566 584 2840 650 nugantur
2878 583 2935 631 et
2959 575 3251 646 ganniunt,
3309 578 3401 649 qui
3430 594 3655 635 carnem

350 669 757 739 διαϐάλλοντες,
790 670 882 729 καὶ
916 669 1014 742 τὴν
1042 675 1133 729 τοῦ
1164 671 1306 730 Θεοῦ
1336 668 1682 749 δημιουργίαν
1707 667 1756 702 ⁴⁴
1788 669 1947 727 ἀλλο·

347 765 640 843 τριοῦντες;
669 759 782 821 Καὶ
814 761 956 832 πῶς,
988 758 1153 841 φασὶ,
1182 757 1362 838 λέγει,
1412 756 1492 817 ὅτι
1523 788 1545 811 α
1578 761 1693 819 Οὐκ
1734 760 1869 818 οἰκεῖ
1899 759 1949 816 ἐν

351 850 472 926 ἐμοὶ
493 895 511 923 ,
539 850 846 923 τουτέστιν,
877 852 932 909 ἐν
1072 848 1233 928 σαρκί
1262 873 1398 927 μου,
1434 849 1666 929 ἀγαθόν,
1696 876 1721 901 ιο
1765 845 1954 907 Ἄκουε

349 944 463 1008 πῶς
506 938 662 1000 τοῦτό
715 963 873 1021 φησιν
907 962 921 976 ’
957 938 1058 999 Ἐκ
1102 937 1193 998 δύο
1225 940 1255 997 ὁ
1312 939 1587 1020 ἄνθρωπος
1639 937 1949 1017 σύγκειται,

349 1034 526 1113 ψυχῆς
576 1054 635 1089 τε
677 1029 771 1089 καὶ
814 1029 1014 1112 σαρκός
1061 1053 1076 1069 ο
1129 1028 1331 1089 τούτων
1374 1028 1431 1088 δὲ
1475 1033 1509 1101 ἡ
1564 1028 1660 1107 μὲν
1716 1028 1863 1109 ψυχὴ
1893 1028 1953 1088 τὸ

350 1122 541 1198 κράτος
589 1118 704 1199 ἔχει
758 1122 811 1179 ἐν
844 1128 1039 1193 πᾶσιν,
1091 1123 1125 1191 ἡ
1170 1119 1224 1179 δὲ
1258 1118 1389 1199 σὰρξ
1422 1117 1585 1192 δούλη
1628 1116 1792 1177 ἐστίν.
1833 1118 1952 1177 Οὐκ

354 1212 487 1269 οἰκεῖ
516 1199 604 1269 οὖν
638 1211 693 1268 ἐν
830 1209 989 1290 σαρκὶ
1018 1209 1077 1269 τὸ
1105 1209 1300 1287 ἀγαθὸν
1320 1253 1337 1282 ,
1373 1208 1490 1268 ἀντὶ
1518 1213 1611 1268 τοῦ
1628 1253 1645 1286 ,
1681 1210 1739 1267 οὗ
1780 1208 1953 1266 κεῖται

353 1303 409 1359 ἕν
546 1299 745 1372 ταύτης
766 1300 820 1339 ⁴⁵
849 1298 1059 1380 ἐξουσίᾳ
1081 1345 1098 1376 ,
1127 1300 1246 1358 ἀλλ’
1296 1300 1349 1358 ἐν
1499 1304 1593 1372 τῆς
1636 1302 1835 1379 ψυχῆς.
1864 1296 1951 1358 ⁸0

348 1380 443 1450 οὖν
474 1392 665 1462 ἕληται
693 1394 727 1464 ἡ
757 1388 944 1471 ψυχὴ,
990 1391 1161 1450 ἐκεῖνο
1191 1387 1416 1469 πράττει
1458 1392 1493 1461 ἡ
1545 1387 1696 1468 σάρξ.
1734 1384 1948 1468 Ὥσπερ

349 1480 507 1548 εἴτις
558 1479 727 1554 εἴποι,
773 1480 854 1539 ὅτι
896 1481 1017 1541 Οὐκ
1064 1477 1207 1539 ἔστιν
1238 1482 1289 1538 ἐν
1322 1483 1389 1558 τῇ
1437 1477 1634 1560 κιθάρᾳ
1672 1478 1732 1538 τὸ
1783 1477 1950 1537 καλὸν

347 1576 584 1652 κροῦμα,
617 1568 736 1629 ἀλλ’
759 1573 811 1631 ἐν
851 1572 929 1649 τῷ
971 1573 1276 1649 κιθαριστῇ.
1330 1570 1413 1631 Οὔ
1455 1568 1559 1649 γὰρ
1587 1568 1684 1640 τὴν
1725 1567 1947 1647 κιθάραν

346 1659 626 1720 διαϐάλλει
646 1705 663 1732 ,
697 1659 836 1720 ἀλλὰ
865 1658 964 1732 τὴν
1012 1658 1283 1741 ὓπεροχήν
1320 1663 1416 1720 τοῦ
1446 1658 1694 1739 τεχνίτου
1730 1656 1857 1739 πρὸς
1889 1657 1950 1717 τὸ

347 1750 572 1832 ὄργανον
604 1749 853 1813 δείκνυσι.

436 1864 469 1897 α
496 1840 580 1902 Τὸ
614 1840 717 1921 γὰρ
751 1841 917 1901 θέλειν
960 1837 1284 1921 παράκειταί
1315 1863 1435 1918 μοι,
1486 1837 1546 1898 τὸ
1590 1838 1646 1898 δὲ
1686 1838 1950 1918 κατεργά-

349 1936 534 2027 ζεσθαι
560 1932 619 1990 τὸ
878 1934 995 2027 οὗχῌ
1027 1930 1276 2027 εὑρίσκω.
1329 1932 1411 1992 Οὖ
1442 1928 1545 2010 γὰρ
1585 1928 1781 2027 δθέλω
1808 1932 1945 2027 ποιῇ
1978 1964 2027 2027 Β

352 2020 551 2101 ἀγαθόν
583 2039 596 2051 ⁸
628 2023 748 2081 ἀλλ’
780 2018 810 2080 δ
837 2023 896 2080 οὗ
926 2021 1062 2081 θέλω
1096 2020 1262 2080 κακὸν
1283 2064 1300 2094 ,
1335 2025 1493 2080 τοῦτο
1522 2019 1767 2101 πράσσω.
1800 2022 1865 2079 Εἰ
1894 2017 1948 2078 δὲ

350 2112 467 2171 ὃοῦ
510 2111 646 2171 θέλω
688 2110 823 2190 ἐγὼ,
861 2116 1018 2171 τοῦτο
1052 2114 1227 2189 ποιῶ,
1260 2110 1434 2171 οὐκέτι
1473 2110 1577 2191 ἐγὼ
1628 2110 1950 2190 κατεργάζο-

349 2225 449 2279 μαι
482 2202 639 2278 αὐτὸ,
674 2200 848 2274 ἀλλ’ἢ
881 2206 1105 2262 οἰκοῦσα
1145 2204 1197 2261 ἐν
1229 2201 1350 2278 ἐμοὶ
1387 2198 1653 2280 ἁμαρτία.
1687 2228 1711 2253 ν
1745 2198 1841 2258 Ἐν
1872 2202 1949 2280 τῷ

352 2293 520 2352 εἰπεῖν
540 2338 557 2367 ,
584 2320 607 2344 ιι
631 2293 756 2371 Οὐχ
784 2292 1045 2372 εὓρίσκω,
1073 2319 1097 2344 ιι
1133 2290 1385 2372 ἐπήρειαν
1417 2290 1507 2349 καὶ
1536 2289 1827 2362 ἐπιϐουλὴν
1856 2294 1951 2362 τῆς

350 2383 618 2466 ἁμαρτίας
645 2381 889 2463 ἐνέφηνεν
914 2405 929 2420 ·
977 2382 1310 2443 ἀπαλλάττει
1339 2380 1443 2463 γὰρ
1478 2380 1568 2439 καὶ
1616 2378 1714 2452 τὴν
1765 2379 1947 2440 οὐσίαν

348 2476 446 2546 τῆς
467 2474 641 2554 ψυχῆς
661 2518 680 2551 ,
711 2471 804 2531 καὶ
826 2471 924 2545 τὴν
948 2472 1133 2531 οὖσίαν
1164 2474 1255 2543 τῆς
1287 2471 1485 2551 σαρκὸς
1511 2469 1847 2550 ἐγκλήματος
1868 2471 1945 2547 οίθ,

348 2562 532 2623 καὶτὸ
564 2573 671 2624 πᾶν
704 2562 792 2623 ἐπὶ
839 2561 936 2633 τὴν
981 2560 1218 2643 πονηρὰν
1264 2559 1457 2642 πρᾶξιν
1500 2559 1590 2621 καὶ
1642 2558 1950 2641 προαίρεσιν

350 2659 593 2733 μεθιστᾷ.
638 2651 734 2714 Ἐν
768 2648 862 2729 μὲν
889 2650 993 2732 γὰρ
1021 2653 1099 2733 τῷ
1127 2653 1315 2727 εἰπεῖν,
1343 2678 1367 2706 α
1395 2650 1473 2712 ⁸0
1503 2653 1560 2709 οὗ
1606 2649 1769 2723 θέλω,
1797 2676 1821 2701 ιι
1853 2648 1948 2723 τὴν

348 2742 527 2827 ψυχὴν
578 2741 913 2802 ἀπαλλάττει
965 2740 1299 2820 ἐγκλήματος
1355 2765 1369 2779 ·
1415 2744 1467 2801 ἓν
1522 2740 1577 2799 δὲ
1623 2742 1701 2822 τῷ
1754 2743 1949 2811 εἰπεῖν,

348 2864 371 2887 ο
401 2832 603 2895 Οὐκέτι
629 2832 738 2912 ἐγὼ
779 2832 1178 2913 κατεργάζομαι
1211 2831 1359 2906 αὐτὸ,
1392 2860 1417 2884 ι
1456 2829 1555 2903 τὴν
1589 2831 1765 2911 σάρκα
1797 2829 1949 2890 ἀδιά-

348 2924 544 2998 ϐλητον
586 2925 759 3005 τηρεῖ.
794 2922 896 2991 Τίς
939 2914 1027 2983 οὖν
1075 2922 1137 2982 τὸ
1178 2924 1341 2983 κακὸν
1402 2920 1824 3001 κατεργάζεταις
1878 2919 1947 2982 Ἡ

350 3013 618 3096 ἁμαρτία,
638 3012 757 3085 ἥτις
786 3014 929 3073 ἐστὶν
948 3058 963 3086 ,
991 3016 1062 3081 ὡς
1101 3016 1130 3071 ὁ
1157 3011 1543 3091 Χρυσόστομός
1570 3034 1729 3093 φησιν
1746 3056 1763 3088 ,
1786 3015 1821 3083 ἡ
1855 3034 1952 3071 πο-

350 3104 487 3187 νηρὰ
535 3103 846 3186 προαίρεσις
898 3103 992 3163 καὶ
1039 3103 1492 3185 φιλαμαρτήμων.
1539 3100 1696 3173 Αὕτη
1750 3100 1805 3159 δὲ
1856 3102 1951 3161 οὔκ

352 3197 465 3256 ἔστι
495 3195 883 3275 δημιούργημα
918 3194 971 3233 ⁴⁷
1002 3198 1098 3253 τοῦ
1127 3196 1303 3269 Θεοῦ,
1344 3194 1462 3253 ἀλλ’
1496 3190 1754 3271 ἡμέτερον
1800 3190 1949 3262 κίνη.

2057 667 2439 737 criminantur,
2477 673 2531 723 et
2561 683 2593 723 a
2624 667 2725 722 Dei
2774 664 2991 739 opiﬁcio
3048 665 3293 722 alienant
3324 667 3353 721 ?
3403 671 3472 722 Et
3512 685 3654 740 quo-

2058 757 2251 827 modo,
2270 757 2375 830 51
2404 757 2685 829 inquiunt,
2715 756 2791 813 ait
2820 778 2832 813 :
2865 779 2890 805 ‹‹
2918 756 3083 828 Quod
3102 772 3213 812 non
3240 755 3449 813 habitet
3473 759 3657 814 incar-

2057 863 2127 905 ne
2156 863 2299 916 mea,
2332 847 2569 904 bonum?
2599 870 2625 897 ι
2657 845 2806 903 Audi
2856 863 2963 920 qua
2994 846 3050 902 id
3079 847 3296 903 ratione
3344 846 3497 903 dicat
3530 867 3542 903 :
3574 850 3655 904 Ex

2058 936 2275 993 duobus
2302 935 2475 993 homo
2509 936 2855 1010 compositus
2903 945 3006 1004 est,
3043 952 3112 992 ex
3149 936 3340 993 anima
3374 944 3431 993 et
3449 953 3616 993 carne
3644 957 3656 992 :

2055 1025 2261 1083 horum
2309 1026 2567 1097 alterum,
2608 1026 2792 1083 anima
2834 1025 3107 1095 videlicet,
3142 1025 3442 1097 imperium
3488 1026 3657 1083 habet

2058 1115 2117 1171 in
2166 1116 2469 1173 omnibus:
2526 1131 2657 1173 caro
2712 1124 2901 1172 autem
2949 1130 3109 1173 serva
3138 1120 3239 1172 est.
3288 1118 3413 1172 Non
3444 1114 3663 1171 habitat

2056 1205 2221 1278 igitur
2252 1206 2310 1262 in
2356 1221 2522 1263 carne
2561 1222 2679 1263 mea
2710 1205 2950 1274 bonum,
2980 1204 3038 1261 id
3068 1214 3175 1274 est,
3201 1221 3315 1261 non
3353 1214 3439 1261 est
3484 1206 3655 1262 situm

2054 1294 2112 1351 in
2141 1296 2258 1368 ejus
2291 1303 2587 1368 potestate,
2617 1295 2713 1353 sed
2761 1296 3045 1365 infanimaa
3085 1294 3335 1351 arbitrio.
3370 1296 3660 1369 Quidquid

2054 1385 2222 1458 igitur
2270 1387 2457 1444 anima
2485 1386 2727 1460 elegerit,
2774 1402 2903 1443 caro
2956 1384 3324 1458 prosequitur.
3388 1386 3663 1455 Quemad-

2054 1482 2285 1539 modum
2335 1485 2382 1540 si
2436 1484 2558 1557 quis
2615 1484 2792 1549 dicat,
2832 1486 2984 1539 Bona
3029 1491 3086 1539 et
3114 1483 3386 1539 concinna
3422 1482 3659 1555 pulsatio

2053 1588 2167 1629 non
2205 1581 2289 1630 est
2326 1573 2633 1644 incithara,
2665 1572 2764 1630 sed
2788 1572 2846 1628 in
2871 1572 3210 1630 citharmdo.
3241 1574 3365 1630 Non
3397 1572 3550 1629 enim
3588 1574 3660 1629 ci-

2054 1662 2269 1721 tharam
2350 1663 2744 1731 calumniatur,
2797 1662 2895 1719 sed
2976 1662 3201 1720 artiﬁcis
3278 1663 3660 1721 excellentiam

2052 1752 2425 1810 instrumento
2473 1753 2785 1826 comparati
2815 1751 3080 1810 ostendit.

2126 1845 2305 1901 Vnus.
2338 1849 2525 1900 18-20.
2562 1843 2748 1901 «Velle
2776 1843 2930 1900 enim
2968 1842 3179 1916 adjacet
3213 1840 3370 1911 mihi,
3398 1843 3659 1915 perficere

2056 1941 2239 1990 autem
2291 1933 2504 1990 bonum
2544 1950 2658 1991 non
2696 1933 2936 1990 invenio.
2996 1935 3125 1990 Non
3174 1933 3321 1989 enim
3343 1932 3493 2006 quod
3535 1936 3659 1991 volo

2057 2023 2199 2081 facio
2237 2024 2472 2094 bonum;
2512 2023 2610 2082 sed
2679 2024 2831 2097 quod
2889 2023 3019 2081 nolo
3049 2024 3283 2093 malum,
3315 2023 3421 2080 hoc
3449 2039 3570 2097 ago.
3605 2026 3657 2083 Si

2055 2123 2245 2172 autem
2269 2114 2421 2188 quod
2458 2114 2591 2171 nolo
2620 2130 2747 2188 ego,
2797 2114 2906 2170 hoc
2934 2112 3097 2183 facio,
3122 2113 3241 2187 jam
3275 2128 3387 2170 non
3412 2129 3513 2187 ego
3540 2131 3661 2186 ope-

2056 2221 2148 2262 ror
2171 2205 2326 2272 illud,
2365 2204 2463 2261 sed
2490 2204 2640 2278 quod
2666 2204 2879 2261 habitat
2912 2205 2970 2260 in
3000 2219 3089 2260 me
3120 2210 3425 2275 peccatum.
3454 2226 3480 2253 ν
3515 2205 3660 2261 Cum

2056 2296 2154 2365 ait,
2187 2318 2213 2345 αι
2272 2297 2401 2352 Non
2442 2294 2685 2362 invenio,
2737 2314 2764 2348 ιι
2811 2295 2921 2351 vim
2950 2302 3015 2349 et,
3054 2293 3275 2351 insidias
3305 2295 3520 2366 peccati
3558 2294 3661 2351 de-

2056 2384 2403 2441 monstravit.
2443 2383 2671 2441 Liberat
2715 2383 2867 2440 enim
2926 2398 3055 2439 cum
3121 2383 3417 2439 essentiam
3457 2383 3659 2440 animae

2057 2482 2174 2529 tum
2207 2473 2502 2530 essentiam
2536 2474 2717 2530 carnis
2761 2489 2793 2529 a
2822 2472 3060 2529 crimine
3090 2480 3146 2528 et
3170 2473 3533 2542 accusatione,
3574 2483 3659 2530 to-

2060 2570 2286 2635 tumque
2340 2563 2399 2620 in
2464 2579 2689 2635 pravam
2760 2562 3137 2635 Operationem
3207 2570 3265 2619 et
3313 2562 3661 2619 voluntatem

2057 2653 2336 2710 transfert.
2382 2657 2530 2711 Nam
2567 2669 2696 2709 cum
2739 2652 2888 2722 dicit,
2921 2676 2946 2703 ‹‹
2979 2651 3141 2723 Quod
3169 2653 3319 2723 nolo,
3359 2675 3385 2702 υ
3417 2652 3661 2709 animam

2059 2744 2253 2801 liberat
2278 2760 2308 2801 a
2338 2744 2567 2801 crimine
2604 2759 2774 2800 :cum
2817 2759 2944 2800 vero
2969 2742 3175 2813 subdit,
3214 2766 3239 2792 σι
3272 2744 3396 2799 Jam
3417 2758 3530 2799 non
3559 2759 3661 2816 ego

2060 2850 2259 2908 operor
2295 2834 2456 2904 illud,
2501 2858 2527 2885 ν
2576 2850 2801 2891 carnem
2841 2834 2909 2891 ab
2955 2834 3304 2890 accusatione
3358 2834 3661 2891 immunem

2059 2941 2260 2991 servat.
2311 2933 2523 3006 Ecquid
2574 2933 2743 3006 igitur
2787 2941 2870 2990 est
2919 2933 3068 3006 quod
3113 2932 3324 2989 malum
3363 2938 3662 3004 operatur?

2063 3028 2373 3095 Peccatum,
2401 3023 2551 3097 quod
2588 3031 2689 3093 est,
2710 3023 2870 3097 juxta
2891 3023 3271 3097 Chrysostomi
3302 3023 3657 3091 sententiam,

2061 3130 2223 3187 prava
2270 3115 2525 3171 voluntas
2563 3122 2620 3171 et
2669 3113 2930 3187 peccandi
2994 3111 3178 3170 avida.
3234 3115 3341 3169 Ista
3394 3128 3522 3168 vero
3550 3128 3661 3169 non

2059 3212 2144 3261 est
2195 3220 2337 3277 opus
2373 3204 2495 3274 Dei,
2548 3203 2649 3262 sed
2710 3213 2904 3261 nostra
2945 3203 3122 3260 motio
3150 3211 3207 3259 et
3233 3202 3489 3259 affectus.
3536 3204 3661 3274 Ipsa

355 3310 455 3364 μα.
505 3284 574 3349 Ἦ
608 3284 707 3362 μὲν
740 3285 847 3364 γὰρ
880 3283 1063 3351 ἁπλῶς
1089 3283 1336 3364 βούλησις
1395 3286 1488 3341 τοῦ
1522 3282 1663 3342 Θεοῦ
1691 3284 1831 3340 ἐστιν
1868 3278 1955 3362 έρ-

2062 3294 2283 3367 quidem
2336 3294 2657 3366 simpliciter
2706 3294 2984 3361 voluntas,
3036 3292 3143 3349 Dei
3186 3307 3324 3365 opus
3376 3301 3459 3349 est
3491 3309 3505 3347 :
3539 3292 3662 3348 talis

352 3398 444 3454 γον
474 3398 488 3412 ·
510 3380 546 3448 ἡ
577 3374 631 3433 δὲ
660 3375 841 3432 τοιάδε
871 3374 1123 3453 βούλησις
1144 3418 1163 3450 ,
1189 3373 1470 3455 ἡμέτερον,
1500 3372 1594 3433 καὶ
1623 3376 1718 3443 τῆς
1732 3369 1949 3449 γνώμης

355 3467 528 3543 ἡμῶν.
564 3464 794 3544 Εἴρηται
828 3464 883 3522 δὲ
917 3463 1198 3545 ἀνωτέρω,
1223 3463 1304 3531 τίς
1325 3465 1469 3525 ἔστιν
1492 3463 1527 3535 ἡ
1557 3458 1797 3543 ἁμαρτία
1817 3505 1835 3536 ,
1872 3461 1951 3519 ὅτι

360 3559 394 3627 ἡ
445 3557 537 3625 τῆς
583 3554 849 3635 ἁμαρτίας
878 3553 1153 3633 τυραννὶς,
1203 3552 1647 3636 συναρπαζούσης
1689 3552 1779 3613 τὸν
1828 3555 1949 3610 νοῦν

358 3646 517 3723 ἡμῶν
549 3643 598 3684 ⁴⁸
624 3644 709 3701 διὰ
727 3648 821 3717 τῆς
850 3645 1064 3717 ἡδονῆς.

445 3760 472 3788 α
500 3731 752 3812 Εὑρίσκω
780 3733 881 3815 ἄρα
911 3733 1001 3793 τὸν
1026 3732 1188 3812 νόμον
1212 3736 1292 3815 τῷ
1316 3732 1519 3793 θέλοντι
1557 3731 1676 3811 ἐμοὶ
1700 3737 1869 3792 ποιεῖν
1894 3728 1955 3789 τὸ

364 3824 532 3886 καλὸν
555 3866 573 3897 ,
605 3821 685 3882 ὅτι
718 3822 835 3901 ἐμοὶ
880 3822 942 3883 τὸ
970 3823 1135 3885 κακὸν
1169 3825 1511 3906 παράκειται.
1550 3846 1579 3881 ι
1628 3820 1850 3903 Ἀσαφὲς
1896 3821 1954 3881 τὸ

360 3914 670 3996 εἰρημένον,
714 3917 784 3983 ὥς
832 3916 1058 3983 ἐλλιπῶς
1104 3914 1225 3996 ἔχον
1256 3937 1272 3954 ·
1322 3915 1426 3976 ἔδει
1454 3915 1559 3995 γὰρ
1590 3915 1730 3976 οὕτω
1768 3916 1959 3995 λεχθῆ-

358 4030 447 4067 ναι
476 4028 491 4043 ·
524 4006 777 4085 Εὑρίσκω
806 4004 911 4086 ἄρα
949 4006 1039 4066 τὸν
1069 4004 1228 4084 νόμον
1259 4004 1651 4086 συνηγοροῦντά
1698 4027 1827 4082 μοι,
1871 4001 1953 4062 θέ-

357 4098 500 4156 λοντι
528 4094 624 4173 μὲν
654 4098 826 4155 ποιεῖν
858 4093 921 4153 τὸ
950 4094 1143 4169 καλὸν,
1164 4094 1240 4173 μὴ
1269 4100 1507 4154 ποιοῦντι
1537 4094 1629 4167 δὲ,
1672 4092 1806 4153 διότι
1840 4090 1958 4171 ἐμοὶ

356 4186 677 4268 παράκειται
729 4184 791 4244 τὸ
838 4184 1029 4247 κακόν.
1080 4183 1158 4247 ⁸0
1202 4185 1258 4245 δὲ
1302 4185 1483 4264 λέγει,
1518 4183 1757 4244 τοιοῦτόν
1799 4185 1914 4242 ἐστι
1944 4205 1959 4219 ·

354 4276 474 4349 Τὴν
503 4280 701 4355 γνῶσιν
734 4280 828 4334 τοῦ
860 4276 1029 4334 καλοῦ
1060 4274 1113 4345 ἐξ
1158 4277 1331 4357 ἀρχῆς
1372 4272 1960 4355 συγκαταϐεϐλημένην

358 4366 514 4448 ἔσχον
534 4388 549 4404 ³
579 4365 811 4446 εὑρίσκω
840 4364 895 4425 δὲ
925 4365 1016 4424 καὶ
1047 4364 1136 4425 τὸν
1164 4365 1330 4443 νόμον
1364 4368 1757 4445 συνηγοροῦντα
1790 4362 1960 4441 ταύτῃ

362 4457 454 4516 καὶ⁵
492 4459 842 4530 ἐπαινοῦντα,
871 4455 965 4515 καὶ
995 4453 1131 4515 θέλω
1155 4455 1251 4533 μὲν
1286 4464 1483 4531 ποιεῖν,
1513 4456 1655 4529 πλὴν
1690 4453 1963 4534 συναρπά-

362 4552 552 4625 ζομαι,
586 4547 678 4605 καὶ
706 4546 767 4606 τὸ
797 4545 962 4606 κακὸν
990 4546 1317 4626 παράκειταί
1365 4570 1459 4624 μοι
1479 4569 1495 4584 ο
1544 4544 1846 4618 τουτέστιν,

363 4635 552 4718 πρᾶξις
590 4640 685 4695 τοῦ
738 4641 906 4695 κακοῦ
950 4637 1046 4695 οὐκ
1098 4636 1363 4716 ἀνῄρηται
1410 4635 1503 4694 ἀπ’
1551 4637 1701 4712 ἐμοῦ.
1754 4632 1905 4706 Πλὴν
1937 4636 1966 4693 ὁ

367 4726 625 4805 μακάριος
652 4724 908 4798 Ἰωάννης
929 4772 946 4805 ,
979 4725 1114 4805 μετὰ
1148 4726 1231 4803 τὸ,
1268 4724 1406 4786 καθὰ
1432 4724 1672 4806 εἴρηται,
1709 4726 1969 4804 ἑρμηνεῦ-

364 4840 459 4877 σαι
483 4817 611 4875 αὐτὸ
630 4819 699 4883 ὡς
729 4817 972 4892 ἐλλιπὲς,
1005 4816 1295 4876 αἰνίττεται
1318 4864 1331 4889 ,
1375 4815 1457 4876 ὅτι
1484 4814 1577 4876 καὶ
1606 4815 1781 4882 ἄλλως
1813 4812 1959 4873 δύνα-

362 4932 454 4967 ται
499 4909 751 4979 νοηθῆναι
804 4929 820 4944 θ
850 4898 991 4980 οἷον,
1045 4909 1294 4988 Εὑρίσκω
1341 4904 1446 4987 ἄρα
1496 4906 1584 4967 τὸν
1627 4904 1819 4983 νόμον,
1872 4906 1970 4963 οὐκ.

364 4998 514 5076 ἄλλῳ
537 4996 636 5055 τινὶ
660 4994 786 5055 ὄντα
808 5044 824 5070 ,
851 4996 972 5056 ἀλλ’
1004 4998 1121 5075 ἐμοὶ
1146 5000 1224 5077 τῷ
1255 4995 1460 5056 θέλοντι
1487 5004 1654 5056 ποιεῖν
1685 4995 1747 5055 τὸ
1777 4993 1965 5057 καλόν.

365 5088 532 5168 Μόνῳ
559 5086 663 5167 γὰρ
692 5090 769 5167 τῷ
819 5085 1023 5146 θέλοντι
1075 5092 1244 5147 ποιεῖν
1288 5086 1350 5146 τὸ
1405 5086 1569 5146 καλὸν
1618 5086 1777 5163 νόμος
1826 5084 1970 5145 ἐστὶν

361 5180 391 5237 ὁ
411 5176 598 5254 νόμος,
631 5176 699 5237 τὰ
727 5175 867 5235 αὐτὰ
894 5179 1038 5259 αὐτῷ
1066 5177 1404 5257 βουλόμενος.
1428 5174 1508 5239 ⁸0
1539 5176 1592 5235 δὲ
1618 5176 1639 5256 [
1738 5173 1865 5257 καὶ]
1884 5174 1971 5235 διὰ

364 5270 471 5327 τῶν
504 5265 688 5349 ἐφεξῆς
719 5267 879 5338 δῆλον
907 5266 984 5330 ⁴⁹ο

1891 4510 2048 4605 .HD

2058 3392 2243 3441 autem
2268 3384 2518 3441 voluntas
2547 3382 2621 3441 ad
2648 3399 2753 3441 nos
2771 3384 3007 3455 pertinet
3035 3391 3090 3440 et
3117 3391 3364 3440 mentem
3389 3390 3658 3439 nostram.

2059 3474 2285 3531 Dictum
2306 3485 2387 3532 est
2415 3483 2605 3532 autem
2642 3490 2807 3547 supra
2844 3472 2979 3547 quid
3008 3474 3081 3530 sit
3114 3481 3431 3546 peccatum,
3458 3488 3661 3545 nempe

2061 3566 2268 3638 peccati
2300 3565 2576 3639 tyrannis,
2619 3564 2872 3621 animum
2900 3572 3159 3622 nostrum
3204 3580 3301 3637 per
3320 3564 3657 3636 voluptatem

2059 3656 2167 3713 alio
2190 3654 2479 3728 rapientis.

2133 3749 2316 3803 VERS.
2353 3750 2443 3801 21.
2498 3768 2524 3795 α
2570 3744 2793 3801 Invenio
2836 3743 3001 3817 igitur
3038 3743 3219 3815 legem
3271 3742 3474 3798 volenti
3526 3741 3662 3797 mihi

2063 3835 2245 3893 facere
2272 3835 2503 3904 bonum,
2549 3834 2702 3907 quod
2757 3834 2899 3890 mihi
2934 3833 3140 3890 malum
3186 3832 3417 3906 adjacet.
3471 3856 3497 3881 υ
3547 3831 3662 3888 Ob-

2063 3942 2223 3983 scure
2242 3925 2348 3983 hoc
2391 3925 2597 3983 dictum
2617 3934 2721 3995 est,
2754 3924 2911 3997 quasi
2942 3922 3251 3996 quidquam
3273 3922 3418 3979 desit
3450 3939 3464 3977 :
3495 3921 3665 3978 debe-

2065 4016 2160 4073 bat
2192 4016 2343 4072 enim
2401 4016 2481 4073 sic
2531 4015 2637 4073 dici
2670 4035 2682 4071 :
2713 4013 2937 4071 Invenio
2985 4012 3167 4086 itaque
3194 4013 3373 4086 legem
3427 4012 3667 4085 patroci—

2066 4115 2294 4163 nantem
2324 4105 2477 4175 mihi,
2510 4105 2716 4162 volenti
2760 4102 2987 4177 quidem
3015 4102 3196 4160 facere
3242 4102 3476 4171 bonum,
3523 4101 3672 4174 quod

2067 4205 2251 4253 tamen
2296 4212 2412 4253 non
2448 4194 2613 4265 facio,
2672 4210 2739 4252 eo
2780 4194 2935 4268 quod
2992 4193 3204 4250 malum
3255 4192 3396 4249 mihi
3435 4190 3669 4265 adjacet.

2069 4289 2242 4344 Porro
2273 4285 2436 4359 hujus
2476 4285 2583 4343 loci
2624 4285 2749 4342 talis
2778 4293 2863 4342 est
2899 4283 3174 4342 sententia
3227 4298 3242 4335 :
3279 4282 3672 4355 Cognitionem

2069 4376 2198 4433 boni
2227 4375 2296 4433 ab
2334 4374 2497 4432 initio
2526 4391 2748 4432 mecum
2794 4391 2903 4431 una
2942 4373 3227 4431 conditam
3258 4371 3425 4430 habui
3465 4390 3480 4429 :
3513 4371 3672 4428 inve-

2072 4466 2168 4524 nio
2205 4466 2374 4523 etiam
2400 4466 2575 4539 legem
2602 4466 3045 4538 patrocinantem
3075 4463 3225 4532 huic,
3258 4476 3492 4535 eamque
3515 4476 3669 4518 com-

2075 4556 2457 4623 mendantem,
2514 4572 2579 4613 ac
2634 4554 2761 4612 volo
2810 4555 3037 4627 quidem
3085 4552 3334 4623 (bonum)
3390 4551 3665 4623 persequi,

2074 4646 2324 4719 adeoque
2353 4661 2634 4720 peragere,
2665 4653 2911 4703 attamen
2957 4645 3010 4700 vi
3058 4642 3306 4717 quadam
3331 4640 3434 4697 alio
3464 4640 3673 4713 rapior,

2074 4736 2394 4809 malumque
2436 4735 2567 4792 mihi
2614 4734 2869 4808 proxime
2895 4734 3187 4790 admotum
3216 4739 3321 4799 est,
3344 4729 3404 4787 id
3431 4738 3517 4787 est
3544 4744 3674 4803 ope-

2076 4826 2217 4883 ratio
2238 4827 2369 4883 mali
2398 4842 2511 4882 non
2537 4832 2622 4883 est
2643 4825 2824 4882 ablata
2855 4840 2887 4881 a
2913 4840 3025 4880 me.
3061 4826 3135 4880 At
3162 4837 3295 4879 vero
3326 4821 3485 4877 divus
3514 4824 3680 4877 Joan-

2077 4933 2175 4974 nes
2194 4916 2623 4991 Chrysostomus
2648 4912 2815 4972 simul
2842 4923 3010 4987 atque
3038 4912 3191 4970 hunc
3220 4912 3405 4969 locum
3426 4926 3527 4967 ceu
3549 4925 3677 4967 eum

2079 5006 2202 5074 (uti
2246 5006 2465 5063 dictum
2517 5014 2603 5063 est
2649 5004 2784 5075 )cui
2819 5002 3034 5077 aliquid
3076 5003 3239 5070 desit,
3285 5002 3675 5073 interpretatus

2078 5104 2181 5164 est,
2212 5096 2476 5154 admonet
2520 5103 2576 5152 et
2618 5096 2721 5152 alia
2774 5094 3019 5168 quadam
3064 5093 3278 5150 ratione
3323 5091 3476 5147 hunc
3508 5102 3669 5161 posse

2079 5185 2355 5260 intelligi:
2398 5195 2483 5257 ut,
2513 5187 2738 5243 Invenio
2781 5186 3005 5258 quidem
3028 5184 3226 5256 legem,
3266 5196 3385 5237 non
3411 5178 3504 5235 alii
3555 5176 3676 5233 cui-

2079 5277 2226 5350 piam
2278 5278 2565 5347 sancitam,
2618 5276 2719 5335 sed
2780 5273 2920 5332 mihi
2964 5273 3167 5330 volenti
3220 5270 3396 5327 facere
3441 5268 3675 5325 bonum.

365 5365 477 5423 Soli
503 5368 652 5423 enim
699 5366 906 5423 volenti
964 5365 1142 5424 facere
1192 5367 1406 5425 bonum
1445 5366 1533 5423 lex
1560 5372 1645 5423 est
1690 5365 1801 5436 lex,
1830 5365 2025 5426 eadem
2067 5369 2252 5427 volens
2288 5384 2413 5442 qua:
2438 5368 2573 5441 ipse.
2628 5365 2791 5438 Quod
2842 5374 2899 5422 et
2944 5364 3001 5421 in
3048 5360 3401 5437 sequentibus
3456 5357 3680 5431 planum

367 5456 480 5515 ﬁet.

465 5568 496 5609 α
523 5546 824 5621 Συνήδομαι
854 5548 959 5631 γὰρ
988 5550 1065 5632 τῷ
1088 5548 1238 5633 νόμῳ
1266 5555 1357 5611 τοῦ
1380 5550 1556 5627 Θεοῦ,
1582 5546 1723 5610 κατὰ
1752 5545 1841 5608 τὸν
1867 5547 1973 5608 ἔσω

2153 5554 2327 5610 Vnus.
2368 5555 2554 5622 22,23.
2591 5548 2700 5621 52
2733 5570 2759 5598 «ι
2809 5544 3176 5605 Condelector
3236 5540 3388 5601 enim
3425 5538 3536 5614 legi
3580 5537 3683 5596 Dei

1762 5650 1958 5713 Variae
2005 5650 2312 5711 lectiones.

442 5752 487 5789 “
540 5756 823 5831 Chrysost.
875 5754 963 5821 τῆς
1008 5758 1098 5809 τοῦ⁹
1155 5752 1284 5809 Θεοῦ
1337 5753 1677 5827 δημιουργίας.
1754 5749 1801 5788 ¹⁸⁵
1854 5749 2004 5820 αὖτῆς
2058 5765 2113 5807 o.
2189 5747 2235 5782 ’⁵⁸
2285 5745 2619 5821 ἐγκλημάτων
2676 5759 2730 5801 ο.
2808 5741 2849 5776 ’⁸⁷
2909 5737 3210 5814 δημιουργία
3268 5752 3322 5795 0.
3400 5733 3444 5768 ’⁸⁸
3502 5732 3682 5806 ἣμέτε·

371 5856 458 5913 ρον
483 5844 598 5896 νοῦν
626 5855 684 5900 ο.
766 5837 811 5873 ’⁸ο
838 5835 998 5905 δηλοῖ
1020 5851 1097 5895 ω,
