4150 6426
544 467 642 536 434
1568 461 2084 534 THEOPHYLACTI
2120 459 2479 530 BULGARle
2515 458 2828 527 ARCHIEP.

3753 466 3855 522 432

543 604 844 662 secundum
891 602 1212 660 interiorem
1246 602 1547 660 hominem.
1619 603 1795 660 Video
1828 611 2010 659 autem
2037 601 2126 658 ali-

2249 599 2542 680 ἆνθρωπον.
2579 597 2770 658 Βλέπω
2801 593 2856 654 δὲ
2891 593 3066 675 ἕτερον
3093 595 3254 672 νόμον
3285 597 3339 654 ἐν
3376 604 3484 662 τοῖς
3526 592 3708 671 μέλεσι
3755 615 3854 671 μου

542 711 633 751 am
663 695 838 768 legem
864 694 919 750 in
949 693 1216 752 membris
1267 694 1408 750 meis
1449 702 1845 768 repugnantem
1870 693 1975 765 legi
2004 708 2152 748 men-

543 784 618 841 tis
647 801 808 853 meae,
853 795 907 841 et
925 785 1290 856 captivantem
1315 800 1408 840 me
1453 784 1570 856 lege
1599 785 1830 857 peccati,
1883 799 2006 855 qua
2063 790 2147 838 est

546 875 601 930 in
629 874 894 930 membris
942 875 1097 930 meis.
1147 897 1174 923 ι
1235 877 1443 930 Noram
1485 890 1617 930 sane
1660 882 1716 928 et
1757 874 1988 930 antehac
2041 871 2142 928 bo-

549 981 686 1020 num
737 982 753 1020 :
801 965 1086 1020 inveniens
1115 972 1304 1021 autem
1352 964 1558 1036 ipsum,
1602 965 1660 1019 in
1699 963 1901 1019 litteris
1945 963 2139 1032 situm,

549 1053 887 1110 commendo
912 1053 1112 1126 legem,
1145 1069 1210 1110 ac
1239 1054 1510 1109 assentior
1537 1053 1588 1109 ei
1620 1075 1646 1102 ‹‹
1677 1052 1980 1109 secundum
2002 1053 2144 1108 inte-

543 1141 744 1198 riorem
779 1143 1083 1211 hominem,
1120 1167 1145 1192 ιι
1168 1143 1283 1198 sive
1324 1142 1629 1199 secundum
1675 1150 1943 1199 mentem.
1973 1163 2000 1192 α
2049 1141 2144 1197 Vi-

546 1231 650 1288 deo
670 1241 856 1288 autem
899 1232 1066 1288 aliam
1097 1231 1297 1304 legem,
1327 1256 1353 1282 υ
1389 1233 1496 1288 hoc
1521 1239 1605 1288 est
1634 1240 1958 1304 peccatum:
1989 1229 2142 1304 quod

545 1320 671 1377 ideo
698 1322 875 1396 legem
919 1322 1234 1394 appellavit,
1285 1321 1434 1394 quod
1479 1322 1735 1378 homines
1777 1337 1844 1377 eo
1903 1320 2142 1392 decepti,

547 1410 730 1467 eidem
774 1410 1177 1483 obtemperent,
1209 1411 1500 1483 ipsumque
1539 1411 1821 1467 dimittere
1869 1418 2138 1477 metuant,

542 1515 642 1555 ceu
673 1499 851 1573 legem
894 1500 1196 1574 quamdam
1220 1516 1344 1573 qua:
1365 1499 1872 1574 praevaricationem
1907 1515 2021 1556 non
2051 1516 2138 1556 re-

541 1588 720 1661 cipiat.
759 1592 898 1645 Haec
923 1590 1088 1662 igitur
1114 1598 1390 1663 repugnat
1422 1614 1447 1639 σι
1475 1589 1581 1663 legi
1603 1589 1802 1646 mentis
1833 1605 1994 1660 meae,
2034 1613 2057 1638 υ
2082 1589 2136 1646 id

540 1685 626 1735 est
653 1679 886 1735 naturali
928 1685 1134 1752 (quem
1159 1688 1347 1737 autem
1378 1695 1546 1753 supra
1593 1702 1620 1730 «
1666 1679 1984 1736 interiorem
2039 1678 2137 1736 ho-

541 1768 748 1824 minem
785 1793 809 1818 »
841 1770 1173 1837 nominavit,
1206 1786 1336 1827 eum
1377 1787 1529 1826 nunc
1557 1779 1745 1842 aperte
1773 1779 2021 1826 mentem
2047 1784 2139 1826 vo-

2256 687 2791 770 ἄντιστρατευόμενον
2830 689 2907 767 τῷ
2936 684 3086 766 νόμῳ
3124 692 3216 744 τοῦ
3261 685 3373 752 νοός
3405 707 3541 764 μου,
3594 683 3685 742 καὶ
3726 686 3851 763 αἰχ-

2257 779 2620 856 μαλωτίζοντά
2653 801 2719 855 με
2768 779 2845 857 τῷ
2875 775 3022 856 νόμῳ
3051 780 3144 849 τῆς
3173 775 3472 855 ἁμαρτίας,
3523 777 3600 855 τῷ
3637 772 3748 832 ὄντι
3794 773 3849 833 ἐν

2252 873 2360 936 τοῖς
2411 868 2595 947 μέλεσί
2636 891 2758 945 μου.
2819 892 2843 920 ιι
2892 863 3084 953 ’ᾝδειν
3130 865 3225 942 μὲν
3273 866 3364 925 καὶ
3404 865 3509 945 πρὸ
3550 863 3736 924 τούτου
3788 861 3849 922 τὸ

2251 960 2417 1018 καλόν
2449 983 2463 997 ·
2495 955 2660 1038 εὓρὼν
2693 953 2747 1015 δὲ
2780 956 2911 1015 αὐτὸ
2953 959 3006 1015 ἐν
3057 955 3340 1034 γράμμασι
3390 957 3666 1030 κείμενον,
3697 955 3851 1012 ἐπαι-

2251 1052 2324 1107 νῶ
2353 1047 2441 1108 τὸν
2471 1047 2664 1124 νόμον,
2711 1049 2803 1104 καὶ
2831 1049 3287 1121 συγκατατίθεμαι
3323 1045 3470 1123 αὐτῷ
3517 1065 3544 1100 α
3578 1041 3720 1102 κατὰ
3760 1041 3851 1101 τὸν

2251 1142 2357 1198 ἔσω
2388 1138 2683 1219 ἄνθρωπον,
2718 1163 2744 1188 ιο
2773 1136 2891 1209 ἤτοι
2920 1134 3059 1196 κατὰ
3090 1135 3178 1194 τὸν
3205 1139 3323 1193 νοῦν
3354 1157 3477 1210 μου.
3511 1157 3542 1188 α
3571 1131 3769 1192 Βλέπω
3792 1129 3850 1191 at

2250 1228 2428 1308 ἕτερον
2455 1227 2615 1306 νόμον
2638 1271 2653 1298 ,
2687 1248 2716 1284 ι)
2747 1225 3018 1298 τουτέστι,
3051 1228 3145 1296 τὴν
3175 1223 3444 1304 ἁμαρτίαν
3478 1245 3492 1259 ο
3523 1221 3590 1293 ἣν
3623 1221 3846 1282 ἐκάλεσε

2247 1318 2444 1392 νόμον,
2475 1315 2561 1375 διὰ
2590 1317 2650 1375 τὸ
2680 1314 2952 1374 πείθεσθαι
2987 1317 3119 1392 αὐτῇ
3149 1313 3269 1379 τοὺς
3298 1311 3680 1389 ἀπατωμένους
3701 1355 3716 1383 ,
3754 1311 3848 1369 καὶ

2247 1406 2522 1489 φοϐεῖσθαι
2561 1410 2770 1488 ἀφεῖναι
2819 1403 3024 1477 αὐτὴν,
3069 1405 3140 1470 ὣς
3185 1402 3346 1479 νόμον
3389 1400 3510 1460 τινὰ
3557 1400 3847 1480 ἀπαράϐα-

2247 1487 2361 1557 τον.
2407 1496 2551 1568 Αὕτη
2612 1487 2704 1556 οὖν
2745 1493 3208 1575 ἄντιστρατεύεται
3263 1520 3288 1544 κ
3323 1495 3400 1573 τῷ
3430 1491 3576 1572 νόμῳ
3602 1496 3693 1550 τοῦ
3726 1489 3839 1557 νοός

2250 1611 2352 1664 μου
2370 1631 2385 1659 ,
2410 1614 2434 1641 ν
2455 1585 2732 1659 τουτέστι,
2762 1589 2840 1666 τῷ
2869 1586 3075 1666 φυσικῷ
3109 1581 3198 1664 (ὃν
3224 1581 3280 1640 δὲ
3302 1581 3549 1658 ἀνωτέρω
3574 1608 3598 1631 ι
3625 1579 3733 1638 ἔσω
3757 1578 3848 1638 ἄν·

2245 1683 2453 1757 θρωπον
2481 1704 2504 1730 ιν
2528 1676 2774 1754 ὠνόμασε
2797 1720 2813 1749 ,
2839 1681 3022 1735 τοῦτον
3053 1677 3237 1753 σαφῶς
3266 1679 3386 1732 νοῦν
3415 1668 3718 1748 ὀνομάζει),
3747 1668 3842 1728 καὶ

2249 1777 2370 1848 νικᾷ
2401 1791 2414 1804 ⁸
2460 1769 2663 1845 μᾶλλον
2694 1765 2748 1826 δὲ
2789 1764 3180 1845 αἷχμαλωτίζει
3225 1785 3292 1835 με
3313 1808 3330 1842 ,
3363 1761 3455 1820 καὶ
3506 1759 3594 1819 τὸν
3625 1759 3847 1837 φυσικὸν

538 1861 684 1926 cat),
717 1866 877 1930 atque
899 1859 1088 1928 vincit,
1120 1859 1234 1915 imo
1262 1861 1502 1932 captivat
1526 1877 1638 1926 me,
1663 1868 1718 1916 et
1737 1860 2050 1916 naturalem
2077 1867 2126 1915 et

2247 1846 2453 1916 καὶ-τὸν
2479 1855 2714 1938 γραπτὸν
2748 1855 2909 1932 νόμον
2935 1857 3158 1913 νικῶσα.
3188 1855 3314 1918 Πῶς
3341 1851 3393 1887 ⁵⁰
3423 1849 3847 1929 αἷχμαλωτίζει;

535 1947 796 2020 scriptam
827 1949 1004 2020 legem
1032 1951 1405 2020 supprimens.
1465 1949 1760 2018 Quomodo
1803 1965 1930 2005 vero
1960 1947 2134 2021 capti-

544 2052 672 2092 vum
725 2035 927 2093 ducit?
985 2061 1010 2086 α
1041 2040 1190 2109 Lege
1245 2039 1470 2110 peccati,
1520 2060 1548 2088 ι
1598 2037 1706 2093 hoc
1755 2046 1837 2094 est
1865 2039 2130 2109 potentia,

535 2139 720 2197 neque
749 2141 862 2180 non
898 2125 1213 2196 tyrannide.
1246 2129 1369 2182 Non
1415 2135 1601 2182 autem
1631 2127 1790 2192 dixit,
1820 2135 1981 2182 motu
2010 2143 2131 2183 car-

534 2213 641 2282 nis,
681 2223 778 2269 aut
818 2222 1038 2283 natura,
1096 2229 1297 2271 verum
1337 2218 1451 2288 lege
1497 2216 1726 2288 peccati,
1782 2232 1905 2288 quae
1937 2225 2135 2288 regnat

533 2311 587 2358 et
617 2301 937 2360 dominatur
978 2304 1038 2360 in
1065 2304 1316 2362 membra
1366 2322 1505 2362 mea.
1554 2307 1690 2362 Haec
1745 2323 1872 2362 vero
1903 2322 2018 2362 non
2049 2315 2134 2362 est

533 2392 808 2449 calumnia
832 2394 1036 2450 carnis.
1062 2394 1554 2464 Quemadmodum
1596 2395 1782 2468 praedo
1825 2396 2129 2468 quiSpiam,

531 2482 575 2536 si
608 2491 840 2555 occupet
876 2483 1082 2556 regiam
1130 2485 1400 2557 aliquam,
1428 2487 1485 2542 in
1522 2501 1697 2559 eaque
1723 2493 2128 2554 commoretur,

524 2587 640 2628 non
669 2582 751 2629 est
767 2573 960 2630 isthzec
983 2576 1257 2630 calumnia
1277 2577 1358 2632 vel
1377 2576 1692 2632 criminatio
1713 2575 1918 2632 domus
1941 2593 1955 2630 :
1979 2575 2128 2632 hunc

527 2660 598 2717 ad
628 2650 881 2732 modum,
910 2663 954 2718 si
979 2673 1266 2735 peccatum
1286 2664 1500 2721 habitet
1518 2665 1575 2721 in
1601 2665 1873 2721 membris
1891 2666 2120 2733 nostris,

527 2765 652 2806 eam
683 2752 754 2806 ob
791 2768 914 2808 rem
938 2769 1050 2808 non
1087 2763 1171 2810 est
1197 2771 1360 2826 prava
1399 2772 1529 2811 caro
1577 2773 1592 2811 :
1631 2755 1906 2827 siquidem
1939 2762 2126 2825 tyran-

526 2839 655 2895 nide
711 2847 795 2896 est
822 2857 1064 2912 opressa.
1098 2843 1364 2900 Nonnulli
1413 2852 1654 2916 quatuor
1719 2843 1811 2900 hic
1852 2843 1998 2916 leges
2046 2841 2126 2898 fa-

529 2929 681 2984 ciunt
714 2946 728 2984 :
760 2945 931 2986 unam
959 2931 1233 3000 divinam,
1260 2932 1558 2989 docentem
1589 2948 1692 2988 nos
1735 2932 1869 3005 quid
1893 2932 2124 2988 deceat:

525 3020 756 3075 alteram
785 3019 1164 3092 impugnatem
1191 3036 1312 3091 nos,
1334 3037 1458 3093 quae
1499 3039 1568 3077 ex
1627 3021 1838 3077 diaboli
1865 3030 2020 3078 motu
2070 3029 2126 3078 et

523 3108 842 3180 Operatione
860 3125 963 3165 nos
992 3110 1202 3166 invadit
1254 3131 1267 3166 :
1298 3113 1538 3178 tertiam,
1580 3110 1755 3183 legem
1803 3111 2028 3181 mentis,
2065 3110 2121 3168 id

525 3178 607 3252 est
639 3200 949 3254 naturalem
994 3220 1006 3255 :
1044 3208 1410 3271 postremam,
1447 3215 1572 3272 quae
1623 3178 1708 3257 est
1751 3201 1807 3257 in
1856 3178 2120 3258 membris
2160 3178 2201 3236 (ἶ

526 3289 756 3354 nostris,
789 3287 845 3344 id
870 3297 954 3344 est
981 3297 1266 3346 amantem
1318 3291 1528 3362 peccati
1572 3291 1915 3347 voluntatem
1946 3299 2001 3347 et
2026 3290 2122 3348 ba-

524 3375 829 3433 bitudinem
849 3377 922 3434 ad
945 3378 1178 3449 malum,
1205 3395 1328 3452 quae
1357 3381 1516 3437 nobis
1541 3396 1640 3453 per
1663 3380 2119 3438 consuetudinem

523 3466 689 3521 veluti
712 3467 913 3523 callum
935 3467 1166 3524 obduxit
1188 3478 1242 3524 et
1279 3469 1546 3527 induruit.

593 3559 770 3613 Vnus.
814 3562 906 3613 24.
954 3581 980 3607 α
1015 3556 1206 3614 Infelix
1234 3574 1338 3632 ego
1376 3559 1568 3631 homo,
1605 3561 1728 3632 quis
1752 3577 1842 3618 me
1870 3561 2123 3619 liberabit

521 3661 583 3700 ex
611 3661 843 3718 corpore
877 3647 1076 3704 mortis
1106 3647 1319 3721 hujus?
1351 3672 1377 3699 ιν
1403 3651 1681 3706 Naturalis
1728 3650 1814 3706 lex
1852 3667 1968 3707 non
2002 3650 2120 3708 suf-

521 3733 670 3804 fecit,
723 3736 926 3808 scripta
958 3752 1073 3793 non
1136 3738 1336 3810 potuit,
1388 3739 1486 3796 sed
1528 3749 1762 3812 utraque
1810 3741 2014 3812 peccati
2042 3751 2124 3815 ty-

519 3825 709 3881 rannis
729 3826 893 3883 vicit.
922 3827 1086 3884 Unde
1113 3827 1280 3900 igitur
1340 3837 1427 3885 est
1455 3830 1650 3886 salutis
1693 3834 1859 3902 spes?
1895 3854 1920 3880 ι
1979 3832 2120 3904 Quis

519 3931 608 3971 me
655 3915 908 3972 liberabit
935 3933 1000 3972 ex
1028 3933 1258 3990 corpore
1323 3920 1570 3976 mortis?
1605 3942 1630 3968 ιι
1657 3920 1764 3976 hoc
1821 3929 1904 3978 est
1950 3923 2118 3978 morti

515 4005 774 4061 obnoxio.
809 4007 1104 4078 Postquam
1143 4009 1296 4062 enim
1341 4025 1540 4080 corpus
1567 4025 1665 4081 per
1710 4011 2115 4082 praevaricatio-

518 4109 644 4148 nem
685 4094 936 4165 passibile
1001 4093 1210 4151 factum
1256 4105 1422 4164 esset,
1471 4097 1730 4170 deinceps
1781 4109 1838 4156 et
1894 4109 2117 4173 peccato

515 4189 677 4252 captu
713 4179 870 4239 facile
895 4183 1245 4240 reddebatur.
1275 4186 1444 4258 Atqui
1475 4187 1625 4243 dicet
1671 4189 1887 4261 aliquis,
1926 4191 2119 4262 Siqui-

515 4269 642 4326 dem
684 4287 881 4342 corpus
925 4289 956 4328 a
1007 4283 1233 4344 peccato
1278 4282 1393 4331 tam
1434 4275 1589 4333 facile
1632 4278 1808 4336 invadi
1836 4287 2109 4350 potuerat,

2249 1976 2268 1998 ι
2297 1949 2391 2027 Τῷ
2419 1946 2565 2028 νόμῳ
2588 1951 2682 2018 τ’ἤς
2713 1943 2978 2028 ἁμαρτίας
2996 1987 3013 2016 ,
3039 1965 3068 2000 ))
3097 1939 3375 2013 τουτέστι,
3410 1943 3477 2020 τῇ
3506 1939 3745 2028 δυνάμει,

2243 2023 2686 2116 τυραννίδα-Οὐκ
2732 2023 2847 2092 εἷπε
2878 2032 2969 2104 δὲ,
3012 2035 3099 2109 Τῇ
3131 2034 3273 2109 ὁρμῇ
3317 2035 3410 2102 τῆς
3461 2027 3680 2108 σαρκὸς,
3711 2027 3746 2098 ἢ
3775 2032 3842 2108 τῇ

2241 2123 2423 2207 φύσει,
2458 2123 2594 2183 ἀλλὰ
2617 2169 2634 2200 ,
2679 2125 2824 2202 «Τῷ
2852 2121 3000 2202 νόμῳ
3029 2125 3122 2191 τῆς
3155 2119 3422 2199 ἁμαρτίας
3447 2165 3462 2191 ,
3495 2143 3526 2175 »
3560 2120 3638 2198 τῷ
3670 2140 3844 2176 κατα-

2242 2206 2570 2294 κρατήσαντι
2599 2216 2703 2272 τῶν
2755 2214 2931 2290 μελῶν
2973 2234 3094 2288 μου.
3132 2213 3307 2269 Τοῦτο
3355 2209 3409 2267 δὲ
3453 2211 3547 2268 οὐκ
3588 2206 3701 2266 ἔστι
3733 2208 3847 2266 δια-

2243 2302 2375 2376 ϐολή
2424 2307 2520 2375 τῆς
2559 2301 2772 2382 σαρκός.
2807 2299 3026 2378 εὨσπερ
3060 2299 3163 2380 γὰρ
3194 2296 3426 2377 λῃστὴς,
3457 2295 3548 2356 ἐὰν
3587 2297 3841 2378 κατάσχῃ

2243 2393 2488 2474 βασίλεια
2509 2439 2525 2467 ,
2546 2392 2636 2452 καὶ
2661 2393 2836 2470 ἐνοικῇ
2855 2389 2900 2428 ⁵⁸
2934 2393 3111 2456 αὐτοῖς
3131 2433 3148 2462 ,
3185 2391 3245 2446 οὐ
3278 2386 3504 2458 διαϐολή
3535 2388 3652 2446 ἐστι
3687 2392 3843 2446 τοῦτο

2239 2488 2330 2542 τοῦ
2359 2483 2504 2542 οἴκου
2533 2506 2546 2520 ο
2585 2480 2726 2540 οὕτω
2754 2481 2846 2539 καὶ
2869 2482 3126 2551 ἐνταῦθα,
3157 2476 3248 2538 ἐὰν
3291 2479 3410 2556 οἰκῇ
3447 2481 3480 2547 ἡ
3513 2475 3756 2558 ἁμαρτία
3789 2479 3842 2536 ἐν

2237 2581 2344 2639 τοῖς
2369 2572 2584 2651 μέλεσιν
2617 2573 2794 2648 ἡμῶν,
2821 2571 2880 2628 οὐ
2908 2568 3055 2648 παρὰ
3084 2573 3267 2627 τοῦτον
3291 2566 3371 2645 [
3399 2572 3554 2625 τοῦτο
3576 2567 3597 2644 ]
3632 2567 3841 2645 πονηρὰ

2237 2668 2270 2734 ἡ
2303 2661 2434 2741 σάρξ
2468 2687 2480 2699 ·
2515 2660 2843 2741 ἐτυραννήθη
2875 2659 3003 2738 γάρ.
3049 2658 3204 2725 Τινὲς
3251 2657 3306 2715 δὲ
3353 2656 3615 2737 τέσσαρας
3650 2657 3840 2731 νόμους

2235 2751 2463 2810 ἐνταῦθοὶ
2499 2773 2657 2831 φασιν
2691 2774 2704 2787 ·
2757 2749 2846 2806 ἕνα
2889 2748 2977 2806 τὸν
3027 2752 3119 2805 τοῦ
3169 2748 3345 2819 Θεοῦ,
3385 2745 3475 2804 τὸν
3522 2745 3840 2805 διδάσκοντα

2234 2845 2378 2915 ἡμᾶς
2443 2840 2503 2898 τὺ
2554 2837 2711 2897 δέονο
2764 2836 3036 2916 δεύτερον,
3115 2835 3204 2895 τὸν
3265 2835 3838 2916 ἀντιστρατευόμενον,

2232 2929 2376 2996 ὅστις
2405 2927 2549 2987 ἐστὶν
2579 2933 2606 2987 ὁ
2636 2931 2754 2986 κατ’
2794 2925 3058 3007 ἐνέργειαν
3083 2925 3134 2961 ⁵³
3158 2931 3250 2984 τοῦ
3284 2925 3534 2984 διαϐόλου
3567 2925 3838 2986 ἐπεισιὼν

2234 3023 2363 3095 ἡμῖν
2398 3042 2412 3057 ο
2444 3018 2618 3097 τρίτον
2643 3061 2660 3094 ,
2697 3015 2784 3075 τὸν
2816 3016 2974 3094 νόμον
3007 3019 3097 3074 τοῦ
3126 3015 3270 3090 νοὸς,
3313 3014 3557 3074 τουτέστι
3577 3061 3595 3094 ,
3622 3016 3712 3076 τὸν
3739 3038 3836 3096 φυ-

2233 3109 2380 3167 σικόν
2406 3131 2421 3145 ’
2466 3107 2718 3188 τέταρτον
2742 3151 2758 3179 ,
2791 3105 2880 3164 τὸν
2914 3104 3040 3165 ὄντα
3071 3107 3122 3163 ἐν
3150 3106 3256 3172 τοῖς
3296 3105 3511 3181 μέλεσι,
3555 3104 3834 3182 τουτέστι,

2231 3198 2324 3268 τήν
2379 3195 2833 3278 φιλαμαρτήμονα
2864 3194 3178 3276 προαίρεσιν
3221 3193 3313 3254 καὶ
3359 3193 3456 3266 τὴν
3483 3193 3615 3275 πρὸς
3642 3193 3704 3254 τὸ
3733 3217 3835 3254 κα-

2229 3287 2320 3346 κὸν
2347 3286 2530 3367 σχέσιν
2550 3334 2564 3358 ,
2590 3287 2676 3345 διὰ
2704 3289 2799 3358 τῆς
2823 3285 3100 3359 συνηθείας
3130 3285 3570 3366 ἐνσκιῤῥωθεῖσαν
3602 3283 3749 3362 ἡμῖν.

2316 3583 2344 3618 α
2375 3559 2732 3641 Ταλαίπωρος
2783 3558 2889 3638 ἐγὼ
2933 3558 3235 3640 ἄνθρωπος,
3281 3557 3361 3624 τίς
3399 3581 3465 3632 με
3502 3556 3718 3639 ῥύσεται
3770 3559 3832 3618 ἐκ

2226 3657 2319 3712 τοῦ
2344 3649 2590 3728 σώματος
2634 3655 2728 3710 τοῦ
2770 3648 2994 3708 θανάτου
3035 3647 3254 3722 τούτους
3293 3668 3323 3706 1)
3364 3645 3435 3708 ⁶Ο
3482 3647 3702 3729 φυσικὸς
3743 3648 3834 3708 νό-

2230 3764 2326 3818 μος
2372 3742 2468 3801 οὐκ
2501 3739 2752 3820 ἤρκεσεν,
2801 3742 2829 3797 ὁ
2860 3737 3094 3818 γραπτὸς
3141 3741 3237 3797 οὐκ
3287 3737 3540 3818 ἴσχυσεν,
3571 3737 3691 3797 ἀλλ’
3732 3737 3834 3796 ἐνί-

2227 3834 2498 3911 κησεῌκαὶ
2529 3828 2858 3911 ἀμφοτέρους
2902 3832 2936 3899 ἡ
2984 3826 3225 3906 τυραννὶς
3263 3829 3359 3897 τῆς
3395 3827 3684 3906 ἁμαρτίας.
3719 3827 3832 3888 Πό·

2227 3924 2310 3978 θεν
2335 3909 2424 3978 οῦν
2459 3922 2570 3978 ἐστι
2601 3909 2868 3997 σωτηρίας
2892 3915 3040 3982 ἐλπίς
3056 3931 3076 3991 ;
3113 3937 3140 3971 α
3170 3915 3268 3982 Τίς
3302 3939 3371 3992 με
3404 3915 3617 3995 ῥύσεται
3646 3919 3706 3976 ἐκ
3733 3922 3831 3978 τοῦ

2228 4008 2476 4086 σώματος
2500 4016 2592 4067 τοῦ
2618 4007 2842 4066 θανάτου
2864 4025 2880 4079 ;
2917 4031 2939 4058 ι
2966 4002 3208 4062 τουτέστι
3224 4048 3240 4076 ,
3265 4009 3354 4062 τοῦ
3379 4003 3588 4086 θανάτῳ
3617 4009 3831 4066 intexet-

2229 4099 2408 4174 μένου.
2459 4095 2687 4166 Ἐπειδὴ
2738 4092 2841 4172 γὰρ
2891 4090 3132 4164 παθητὸν
3182 4093 3390 4170 ἐγένετο
3421 4096 3480 4152 ἐκ
3507 4097 3602 4164 τῆς
3639 4117 3824 4176 παρα-

2228 4187 2464 4259 ϐάσεως,
2518 4184 2610 4244 καὶ
2660 4181 3058 4263 εὐεπιχείρητον
3101 4181 3285 4240 λοιπὸν
3439 4181 3679 4262 ἁμαρτίᾳ
3724 4207 3827 4242 κα.

2222 4276 2406 4348 τέστη.
2461 4275 2600 4334 Ἀλλ’
2652 4275 2760 4352 ἐρεῖ
2809 4295 2905 4340 τις·
2947 4270 3065 4333 Καὶ
3096 4271 3282 4343 ἐπειδὴ
3333 4269 3724 4352 εὐεπιχείρητον
3757 4263 3823 4345 ἦν

514 4376 612 4416 cur
636 4361 807 4433 puniti
838 4371 971 4418 sunt
996 4362 1054 4434 ii,
1093 4365 1184 4435 qui
1237 4373 1362 4420 ante
1387 4365 1584 4422 Christi
1641 4367 1943 4425 adventum
1985 4385 2111 4442 pec-

2234 4365 2279 4424 πὸ
2332 4370 2490 4442 σῶμα
2641 4361 2918 4445 ἁμαρτία,
2969 4361 3056 4421 διὰ
3103 4361 3156 4422 τί
3207 4361 3573 4434 ἐκολάσθησαν
3623 4362 3671 4419 οἱ
3717 4363 3824 4443 πρὸ

513 4459 711 4506 carunt
750 4453 772 4504 Ρ
818 4451 960 4521 Quia
1003 4451 1137 4508 talia
1189 4453 1452 4526 imperata
1504 4465 1684 4527 erant,
1722 4472 1848 4531 qum
1892 4467 2116 4531 peccato

510 4539 674 4595 etiam
701 4539 1026 4598 dominante
1043 4543 1349 4614 potuissent
1375 4553 1521 4602 recte
1548 4561 1831 4618 peragere.

578 4722 754 4777 Vnns.
785 4726 872 4778 25.
909 4746 933 4772 σι
966 4723 1184 4782 Gratias
1206 4740 1310 4798 ago
1335 4728 1453 4783 Deo
1485 4742 1581 4800 per
1615 4729 1806 4785 Jesum
1831 4729 2115 4788 Christum

509 4809 819 4866 Dominum
858 4821 1134 4869 nostrum.
1191 4837 1218 4864 ιο
1257 4816 1398 4885 Quia
1438 4816 1500 4872 in
1547 4818 1829 4890 angustias
1857 4820 2116 4878 redactus

505 4907 640 4966 erat,
722 4915 825 4956 nec
889 4902 1061 4958 alium
1109 4906 1455 4961 Servatorem
1512 4907 1739 4977 invenit,
1803 4910 2112 4967 necessario

502 4986 786 5044 Christum
817 4989 1036 5048 invenit.
1080 4994 1226 5050 Hinc
1249 5002 1307 5050 et
1331 4996 1537 5067 gratias
1569 4997 1682 5070 agit
1728 5020 1754 5046 ι
1784 5001 1906 5054 Deo
1938 4999 2105 5070 Patri,

502 5093 597 5147 per
617 5079 809 5135 Jesum
849 5080 1129 5138 Christum
1179 5085 1486 5141 Dominum
1517 5095 1796 5155 nostrum,
1831 5112 1856 5136 ιο
1886 5087 1993 5144 hoc
2021 5097 2104 5145 est

499 5181 661 5223 causa
718 5170 1024 5240 gratiarum
1076 5171 1312 5228 actionis
1357 5175 1623 5231 existente
1677 5175 1786 5248 53
1862 5177 2103 5234 Christo.

502 5258 624 5326 Ipse
665 5258 840 5324 enim,
895 5259 1096 5332 inquit,
1144 5262 1399 5332 praestitit
1427 5279 1494 5318 ac
1545 5266 1806 5337 transegit
1843 5282 1967 5338 quae
2019 5267 2103 5323 lex

501 5365 616 5405 non
644 5351 825 5421 potuit
855 5371 868 5408 :
916 5353 1032 5425 ipse
1063 5369 1153 5409 me
1185 5354 1256 5410 ab
1287 5355 1661 5414 imbecillitate
1684 5360 1934 5430 corporis
1965 5359 2100 5417 libe-

499 5437 657 5507 ravit,
685 5439 1002 5497 confortans
1023 5442 1155 5499 illud
1177 5452 1238 5499 ut
1255 5460 1369 5500 non
1396 5463 1562 5518 porro
1579 5449 1788 5519 peccati
1809 5449 2101 5522 tyrannide

498 5527 864 5596 opprimatur.
895 5531 1003 5588 Sed
1048 5532 1528 5603 quemadmodum
1560 5552 1656 5609 per
1691 5537 2097 5610 praevaricatio-

498 5629 628 5672 nem
669 5616 871 5675 Adami
941 5622 1176 5680 mortale
1215 5622 1443 5697 factum,
1503 5635 1726 5698 peccato
1787 5636 2104 5701 expugnatu

2229 4458 2464 4536 Χριστοῦ
2512 4453 2940 4533 ἁμαρτάνοντες;
2989 4451 3138 4512 Διότι
3185 4457 3404 4511 τοιαῦτα
3451 4450 3825 4531 ἐπετάγησαν,

2226 4536 2312 4606 οἶα
2351 4545 2442 4604 καὶ
2497 4548 2591 4616 τῆς
2635 4541 2905 4624 ἁμαρτίας
2958 4538 3259 4622 κρατούσης
3308 4541 3574 4614 ἠδύναντο
3624 4563 3824 4620 κατορ-

2225 4640 2370 4696 θοῦν.

2307 4753 2330 4780 α
2351 4727 2678 4808 Εὖχαριστῶ
2702 4726 2779 4803 τῶ
2804 4724 2931 4803 Θεῷ
2961 4724 3028 4781 δι’
3047 4721 3228 4794 Ἰησοῦ
3252 4723 3303 4781 Χ
3312 4725 3488 4808 ριςτοῦ
3503 4725 3598 4781 τοῦ
3622 4719 3825 4801 Κυρίου

2223 4819 2400 4888 ἡμῶν.
2429 4802 2472 4868 ἶ
2488 4802 2714 4886 Ἐπειδὴ
2743 4802 3068 4892 ἐξηπορήθη,
3105 4809 3196 4869 καὶ
3226 4813 3326 4890 οὐχ
3351 4802 3496 4889 εὗρεν
3539 4810 3702 4869 ἄλλον
3734 4810 3822 4870 τὸν

2221 4907 2486 4977 σώζοντα,
2533 4901 2832 4980 ἀναγκαίως
2879 4893 2994 4981 εἶρε
3043 4899 3294 4979 Χριστόν.
3339 4899 3435 4958 Διὸ
3464 4899 3555 4958 καὶ
3589 4901 3818 4979 εὐχαρι-

2221 4997 2334 5052 στεῖ
2361 4997 2438 5074 τῷ
2464 4995 2593 5073 Θεῷ
2624 4991 2715 5051 καὶ
2739 4989 2918 5069 Πατρὶ
2938 5032 2955 5061 ,
2985 4989 3051 5046 δι’
3076 4988 3256 5058 Ἰησοῦ
3285 4993 3375 5046 τοῦ
3408 4989 3610 5067 Κυρίου
3636 4993 3821 5068 ἡμῶν,

2217 5082 2512 5156 τουτέστιν,
2553 5080 2723 5140 αἰτίου
2754 5079 2898 5144 ὄντος
2927 5082 3022 5148 τῆς
3055 5079 3394 5156 εὐχαριστίας
3433 5083 3523 5137 τοῦ
3553 5081 3815 5159 Χριστοῦ.

2215 5172 2387 5240 Αὐτὸς
2428 5170 2550 5251 γὰρ,
2595 5169 2758 5252 φησὶ,
2792 5166 3176 5247 κατώρθωσεν,
3227 5166 3262 5224 ἃ
3289 5171 3316 5226 ὁ
3347 5168 3506 5244 νόμος
3553 5169 3647 5228 οὖκ
3675 5169 3816 5240 ἠδυ-

2214 5262 2348 5333 νήθη
2380 5283 2394 5296 °
2429 5258 2584 5326 αὐτός
2635 5283 2701 5337 με
2739 5257 2998 5340 ἐῤῥύσατο
3029 5259 3089 5315 ἐκ
3133 5258 3228 5327 τῆς
3265 5259 3536 5325 ἀσθενείας
3577 5262 3673 5317 τοῦ
3703 5256 3816 5316 σώ-

2216 5374 2382 5429 ματος
2403 5395 2419 5424 ,
2454 5348 2830 5428 ἐνδυναμώσας
2864 5347 3013 5419 αὐτὸ,
3039 5344 3177 5404 ὥστε
3211 5345 3405 5422 μηκέτι
3441 5351 3816 5428 τυραννεῖσθαι

2211 5439 2314 5499 ὑπὸ
2365 5446 2459 5513 τῆς
2496 5439 2784 5519 ἁμαρτίας.
2837 5435 2978 5497 Ἀλλ’
3025 5434 3206 5517 ὥσπερ
3254 5438 3341 5495 διὰ
3369 5436 3468 5510 τὴν
3500 5434 3815 5518 παράϐασιν

2210 5535 2302 5588 τοῦ
2330 5528 2500 5608 Ἀδὰμ
2523 5528 2708 5602 θνητὸν
2739 5527 2983 5608 γεγονὸς,
3023 5525 3485 5605 εὐκαταγώνιστον
3529 5530 3596 5605 τῇ
3627 5525 3813 5607 ἁμαρ-

2210 5620 2299 5701 τίᾳ
2340 5618 2615 5693 κατέστηο
2667 5617 2806 5678 οὕτω
2857 5615 2943 5677 διὰ
2991 5616 3084 5690 τὴν
3136 5616 3378 5690 ὑπακοὴν
3430 5617 3590 5676 αὐτοῦ
3643 5639 3808 5676 σταυ-

1870 5719 2080 5801 ,ναιοίεε
2127 5721 2430 5785 lectiones.

573 5784 617 5818 ⁶⁰
645 5790 746 5850 πῶς
767 5785 820 5840 δὲ
844 5803 920 5846 m.
1003 5790 1041 5825 ⁵¹
1077 5791 1156 5852 ἐν.
1239 5795 1282 5830 ⁵³
1317 5795 1465 5870 ἔργον
1496 5815 1552 5857 0.
