4150 6424
488 414 592 470 435

1537 410 2052 469 THEOPHYLACTI
2089 408 2447 467 BULGARIE
2483 401 2800 467 ARCHIEP.

3700 409 3803 464 436

491 537 640 610 quod
665 537 749 594 lex
777 536 1015 594 docebat
1037 536 1282 611 quidem,
1313 552 1426 594 non
1453 537 1636 610 potuit
1665 546 1853 595 autem
1873 537 2086 594 vincere

2204 536 2286 598 ὅτι
2314 539 2342 595 6
2367 535 2526 615 νόμος
2560 536 2804 597 ἐδίδασκε
2837 533 2962 614 μὲν,
3011 536 3109 596 οὔκ
3136 534 3370 608 ἠδύνατο
3414 534 3470 595 δὲ
3498 537 3714 607 νικῆσαι
3741 533 3802 593 τὸ

489 627 854 685 camaliorem
898 625 1180 684 affectum.
1230 627 1468 686 Proinde
1527 631 1693 686 Pater
1733 627 1890 684 misit
1933 643 2094 684 suum

2207 625 2598 707 σαρκικώτερον
2625 627 2896 708 φρόνημα.
2929 625 3000 685 Ὀ
3041 625 3213 685 τοίνυν
3247 626 3441 707 Πατὴρ
3480 626 3685 706 ἔπεμψε
3714 621 3803 682 τὸν

489 718 664 791 ipsius
698 718 902 775 Filium
929 740 956 767 ι
997 717 1054 773 in
1082 717 1442 774 similitudine
1469 718 1648 775 carnis
1677 719 1908 791 peccati,
1936 741 1962 768 α
1991 717 2086 774 hoc

2205 719 2394 776 ἑαυτοῦ
2427 717 2552 778 Υἱὸν
2584 745 2609 769 α
2636 719 2689 776 ἐν
2722 714 3026 794 ὁμοιώματι
3057 715 3251 795 σαρκὸς
3281 716 3548 797 ἁμαρτίας
3568 761 3586 794 ,
3624 741 3647 767 ι
3688 738 3804 774 του·

490 816 594 875 est,
622 824 844 864 carnem
873 807 1170 864 habentem
1200 807 1434 864 similem
1459 807 1767 865 secundum
1802 807 2094 865 essentiam

490 906 700 954 nostra:
746 897 1053 970 peccatrici,
1103 906 1385 954 carentem
1440 907 1627 955 autem
1664 897 1818 954 omni
1845 907 2090 970 peccato.

491 989 636 1060 Quia
678 987 828 1044 enim
855 988 1111 1044 meminit
1135 989 1366 1061 peccati,
1407 986 1533 1044 ideo
1562 987 1976 1045 similitudinem
2003 1003 2094 1060 ap-

490 1078 695 1151 posuit.
755 1081 883 1134 Non
910 1078 1062 1134 enim
1116 1078 1282 1134 aliam
1335 1093 1560 1134 carnem
1616 1079 1941 1150 assumpsit,
1998 1077 2094 1134 sed

492 1168 671 1241 ipsam
727 1167 870 1224 hanc
939 1183 1244 1231 assumens,
1302 1167 1665 1225 sanctiﬁcavit
1699 1175 1756 1225 et
1792 1166 2092 1236 coronavit,

491 1257 867 1315 condemnatis
901 1266 1190 1331 peccatum
1210 1258 1269 1314 in
1299 1267 1580 1331 assumpta
1601 1273 1786 1328 carne,
1811 1267 1867 1315 et
1905 1266 2090 1315 osten-

489 1347 628 1405 dens
658 1364 889 1405 carnem
904 1365 1017 1405 non
1034 1363 1152 1406 esse
1176 1357 1374 1406 natura
1398 1348 1780 1421 peccatricem.
1800 1350 1850 1404 A
1869 1347 2092 1405 Christo

489 1453 622 1510 ergo
651 1438 875 1511 perinde
899 1437 1107 1495 factum
1134 1447 1237 1506 est,
1269 1454 1332 1494 ac
1346 1439 1392 1495 si
1419 1439 1543 1512 quis
1573 1439 1629 1494 in
1658 1437 1781 1496 foro
1809 1437 2093 1495 mulierem

489 1528 846 1600 vapulantem
874 1545 1126 1598 cernens,
1174 1529 1323 1586 dicat
1372 1544 1430 1585 se
1459 1529 1576 1602 ejus
1613 1528 1815 1599 ﬁlium,
1846 1543 1976 1585 cum
2025 1529 2095 1586 sit

489 1625 652 1675 natus
682 1619 850 1692 regis,
897 1634 1068 1691 eaque
1110 1619 1331 1676 ratione
1379 1618 1574 1676 liberet
1617 1619 1795 1693 ipsam
1830 1633 1863 1674 a
1895 1618 2087 1675 verbe-

489 1706 759 1766 rantibus.
799 1711 973 1766 Porro
1019 1708 1167 1782 quod
1209 1710 1308 1780 ait,
1345 1731 1370 1758 ιο
1421 1709 1490 1766 de
1541 1717 1783 1782 peccato,
1835 1729 1864 1761 »
1912 1716 2094 1782 potest

488 1797 654 1855 etiam
687 1798 990 1872 simplicius
1025 1798 1275 1873 intelligi,
1304 1798 1448 1855 hanc
1477 1798 1547 1857 ad
1586 1798 1865 1856 rationem
1898 1817 1913 1856 :
1942 1797 2093 1855 Misit

2203 805 2375 881 τέστι,
2427 806 2602 886 σάρκα
2651 806 2842 886 ἔχοντα
2892 805 3082 884 ὁμοίαν
3139 805 3235 883 μὲν
3287 807 3428 866 κατὰ
3471 805 3570 874 τὴν
3617 805 3801 865 οὐσίαν

2202 900 2268 973 τῇ
2299 898 2537 977 ἡμετέρᾳ
2584 901 2649 976 τῇ
2694 896 3040 976 ἁμαρτωλῷ,
3091 895 3467 974 ἀναμάρτητον
3523 894 3604 955 δέ.
3655 894 3803 955 Διότι

2201 985 2304 1067 γὰρ
2331 984 2567 1064 ἐμνήσθη
2599 985 2896 1064 ἁμαρτίας,
2944 983 3031 1045 διὰ
3063 992 3217 1046 τοῦτο
3255 983 3316 1043 τὸ
3345 983 3592 1064 ὁμοίωμα
3631 1008 3803 1064 προσ·-

2202 1077 2409 1148 έθηκεν.
2435 1077 2518 1136 Οὐ
2546 1075 2650 1157 γὰρ
2681 1075 2942 1148 δὴοᾶλλην
2968 1075 3142 1155 σάρκα
3168 1073 3452 1147 ἀνέλαϐεν,
3484 1073 3606 1133 ἀλλ’
3637 1073 3801 1148 αὐτὴν

2200 1165 2400 1237 ταύτην
2431 1163 2613 1223 λαϐὼν
2638 1210 2655 1239 ,
2687 1163 2879 1244 ἡγίασε
2917 1165 3006 1224 καὶ
3055 1163 3390 1246 ἐστεφάνωσε
3410 1209 3427 1237 ,
3469 1163 3799 1245 κατακρίνας

2201 1252 2296 1326 τὴν
2349 1253 2620 1336 ἁμαρτίαν
2671 1256 2723 1314 ἐν
2769 1258 2836 1336 τῇ
2885 1253 3043 1334 σαρκὶ
3213 1251 3653 1335 προσληφθείσῃ,
3708 1253 3802 1312 καὶ

2202 1343 2410 1417 δείξας,
2461 1347 2541 1404 δτι
2593 1346 2651 1404 οὗ
2703 1341 2858 1424 φύσει
2906 1343 3224 1424 ἁμαρτωλὸς
3271 1347 3307 1416 ἡ
3357 1342 3510 1421 σάρξ.
3560 1341 3794 1419 ιὍμοιον

2201 1424 2290 1495 οῦν
2339 1434 2549 1513 γέγονεν
2598 1433 2701 1493 ὕπὸ
2736 1435 3008 1516 Χριστοῦ,
3064 1425 3171 1493 οἷον
3221 1431 3373 1499 εἴτις
3415 1434 3466 1490 ἐν
3501 1434 3671 1514 ἀγορᾷ
3698 1433 3796 1504 τήν

2201 1532 2426 1604 γυναῖκα
2470 1523 2804 1600 τυπτομένην
2856 1524 3015 1597 ἰδὼν,
3074 1521 3214 1583 εἴποι
3261 1523 3420 1592 αὐτῆς
3478 1514 3612 1580 εἶναι
3652 1521 3801 1600 υἱὸς,

2205 1613 2466 1694 βασιλέως
2511 1611 2585 1672 ὢν
2615 1611 2723 1680 υἱὸς
2736 1659 2755 1690 ,
2796 1613 2888 1673 καὶ
2935 1611 3100 1681 οὕτως
3137 1609 3304 1684 αὐτὴν
3343 1609 3665 1680 ἀπαλλάξειε
3694 1613 3798 1669 τῶν

2198 1702 2527 1764 τυπτόντων.
2559 1702 2638 1764 Τὸ
2679 1702 2763 1777 δὲ,
2803 1725 2833 1761 (ι
2864 1702 2977 1764 Καὶ
3020 1702 3146 1784 περὶ
3175 1701 3443 1782 ἁμαρτίας
3469 1745 3486 1776 ,
3525 1728 3547 1753 ο
3580 1697 3802 1758 δύναται

2201 1792 2297 1874 μὲν
2348 1797 2600 1866 νοηθῆναι
2662 1792 2755 1853 καὶ
2813 1790 3212 1872 ἁπλούστερον,
3259 1789 3381 1851 ἀντὶ
3436 1795 3556 1863 τοῦ,
3591 1787 3804 1871 ἔπεμψε

486 1888 686 1946 Filium
727 1905 893 1946 suum
939 1891 1105 1946 Pater
1150 1904 1249 1961 pro
1292 1897 1539 1962 peccato,
1584 1889 1643 1948 id
1696 1897 1800 1957 est,
1849 1905 1974 1945 eam
2015 1887 2086 1945 ob

2200 1883 2288 1944 τὸν
2317 1882 2446 1944 Υἱὸν
2476 1887 2503 1942 6
2541 1881 2730 1962 Πατὴρ
2769 1882 2891 1964 περὶ
2930 1881 3230 1962 ἁμαρτίας,
3285 1879 3600 1959 τουτέστιν,
3643 1877 3801 1938 ἕνεκα

2259 1977 2292 1988 ..
2592 1971 2605 1988 ,
2719 1976 2740 1988 .
2875 1970 2889 1988 ι
2985 1973 3004 1988 ρ
3166 1972 3178 1988 .
3303 1970 3368 1988 «Α
3411 1968 3455 1988 μ
3570 1969 3585 1988 ι

483 1994 626 2047 rem,
658 1987 722 2035 ut
763 1979 1060 2036 debellaret
1087 1987 1392 2052 peccatum.
1442 1978 1604 2050 Quod
1644 1994 1776 2036 sane
1802 1978 2088 2036 declarans

485 2084 724 2141 magnus
751 2069 843 2125 ille
889 2072 1133 2126 Joannes
1147 2068 1582 2142 Chrysostomus
1611 2088 1625 2125 :
1651 2068 1850 2140 Arguit
1876 2068 2091 2140 (inquit)

485 2166 544 2215 et
595 2157 950 2231 reprehendit
1006 2166 1299 2231 peccatum
1350 2157 1623 2227 Christus,
1690 2158 1890 2232 quippe
1942 2157 2090 2231 quod

486 2247 844 2305 vehementer
904 2256 960 2306 et
1022 2264 1190 2321 supra
1245 2247 1475 2306 modum
1547 2256 1843 2322 peccasset.
1898 2252 2086 2323 Quan-

484 2338 581 2394 diu
633 2339 783 2394 enim
833 2346 1120 2411 peccatum
1174 2346 1491 2411 peccatores
1534 2339 1756 2408 occidit,
1802 2339 1949 2412 juste
2009 2339 2089 2394 eis

484 2435 728 2485 mortem
756 2429 962 2485 intulit.
991 2431 1294 2502 Postquam
1316 2444 1446 2485 vero
1469 2444 1671 2501 corpus
1705 2429 1956 2498 Domini,
1976 2429 2087 2485 im-

480 2519 753 2592 peccabile
780 2518 916 2576 illud
957 2519 1254 2592 reperiens,
1297 2519 1447 2577 letho
1489 2518 1758 2590 dedisset,
1797 2519 1962 2576 veluti
1997 2519 2083 2576 in-

479 2607 682 2682 juriam
714 2607 916 2666 faciens
938 2617 990 2666 et
1035 2625 1290 2682 peccans,
1335 2609 1772 2667 condemnatum
1799 2618 1901 2666 est.
1941 2609 2087 2669 Misit

482 2698 650 2770 igitur
689 2699 895 2756 Filium
925 2715 1090 2755 suum
1126 2703 1300 2768 Deus,
1329 2714 1459 2755 cum
1481 2707 1545 2755 ut
1593 2697 1910 2756 ostenderet
1949 2714 2081 2771 pec-

484 2796 674 2845 catum
723 2796 780 2844 et
827 2789 1097 2859 injustum
1138 2804 1258 2846 esse
1287 2797 1344 2845 et
1385 2804 1660 2862 peccasse,
1691 2797 1814 2845 tum
1841 2797 1904 2846 ut
1938 2789 2085 2860 juste

481 2878 666 2949 ipsum
719 2877 1130 2948 condemnaret,
1188 2893 1260 2934 ne
1308 2877 1456 2937 dicat
1497 2877 1776 2947 diabolus,
1833 2877 2086 2936 Christus

483 2967 660 3023 instar
689 2965 844 3024 fortis
881 2983 972 3024 me
1003 2967 1154 3023 vicit.

556 3059 734 3114 Vsns.
751 3059 804 3113 4.
832 3074 862 3109 ι(
891 3059 974 3115 Ut
987 3056 1310 3129 justificatio
1341 3055 1473 3130 legis
1501 3057 1797 3130 impleatur
1816 3057 1872 3114 in
1895 3057 2082 3126 nobis,

482 3146 578 3219 qui
604 3162 720 3203 non
750 3145 1055 3203 secundum
1092 3162 1314 3203 carnem
1354 3147 1727 3218 ambulamus,
1758 3147 1856 3205 sed
1897 3163 2091 3205 secun-

485 3237 620 3292 dum
664 3236 942 3309 spiritum.
979 3259 1006 3287 η
1047 3238 1130 3294 Ne
1158 3237 1282 3308 quis
1310 3236 1480 3306 dicat,
1510 3237 1727 3311 Ecquid
1754 3238 1825 3294 ad
1871 3253 1993 3308 me,
2037 3237 2081 3296 si

485 3326 735 3382 Christus
762 3326 822 3382 in
849 3342 1032 3395 carne,
1056 3343 1225 3399 quam
1260 3327 1577 3400 assumpsit,
1612 3328 1906 3385 victoriam
1942 3327 2082 3386 obti-

484 3415 606 3472 nuit
632 3419 656 3472 P
679 3424 967 3488 propterea
993 3416 1190 3490 inquit,
1209 3419 1330 3474 lmo
1347 3418 1588 3474 maxime
1612 3417 1759 3475 istud
1787 3427 1883 3476 tua
1909 3419 2078 3476 inter-

481 3514 582 3562 est.
615 3507 761 3561 Nam
792 3529 816 3555 α
842 3506 1158 3579 justificatio
1185 3507 1337 3580 legis,
1369 3526 1398 3560 ι)
1432 3506 1488 3564 id
1517 3515 1602 3564 est
1641 3508 1767 3564 ﬁnis
1792 3517 1847 3564 et
1882 3523 2085 3581 scopus

484 3595 708 3668 (scapus
735 3595 887 3651 enim
928 3596 978 3652 ei
1007 3605 1127 3652 erat
1146 3596 1456 3669 justiﬁcare
1489 3596 1799 3670 hominem)
1835 3620 1859 3647 α
1893 3598 2085 3670 imple-

481 3693 592 3754 tur,
629 3709 654 3734 ιο
687 3685 883 3758 inquit,
921 3685 1030 3742 «in
1053 3685 1234 3744 nobis.
1265 3710 1290 3737 ν
1345 3686 1511 3760 Quod
1548 3687 1695 3743 enim
1727 3688 1812 3744 lex
1865 3687 2086 3745 volebat

480 3775 732 3849 quidem,
760 3775 1036 3832 inﬁrmior
1072 3784 1257 3833 autem
1290 3784 1408 3833 erat
1435 3793 1603 3850 quam
1639 3786 1702 3834 ut
1746 3785 1949 3850 posset,
1979 3778 2085 3836 hoc

479 3865 730 3923 Christus
764 3863 894 3923 fecit
938 3875 1164 3940 propter
1208 3882 1313 3924 nos
1367 3883 1382 3922 :
1421 3874 1478 3924 et
1522 3875 1803 3924 certamen
1857 3867 2086 3941 quidem

479 3955 622 4012 illius
651 3955 780 4026 fuit,
830 3971 937 4012 nos
979 3971 1109 4014 vero
1146 3956 1372 4014 victoria
1408 3956 1570 4030 potiti
1630 3973 1844 4015 sumus.
1900 3959 2085 4030 Quare

479 4060 828 4117 nequaquam
872 4044 1041 4102 etiam
1083 4045 1452 4118 peccabimus,
1481 4047 1583 4104 nisi
1613 4047 1914 4105 secundum
1962 4063 2086 4104 car-

481 4149 612 4190 nem
641 4133 1205 4202 obambulaverimus,
1253 4135 1364 4192 hoc
1392 4144 1498 4206 est,
1550 4138 1793 4194 carnalia
1823 4137 2088 4211 expetive-

482 4223 695 4280 rimus:
725 4224 840 4280 imo
868 4239 996 4280 vero
1020 4240 1135 4280 non
1161 4225 1293 4282 satis
1338 4233 1424 4282 est
1453 4226 1622 4296 istud,
1657 4228 1944 4299 nimirum,
1974 4243 2086 4285 non

480 4328 671 4385 sapere
699 4314 966 4382 carnalia,
1007 4322 1274 4372 caeterum
1303 4325 1524 4390 oportet
1552 4316 1723 4375 etiam
1765 4321 1958 4375 adesse
1980 4334 2086 4374 no-

2199 1977 2293 2033 τοῦ
2335 1971 2803 2053 καταγωνίσασθαι
2833 1970 2932 2045 τὴν
2977 1972 3266 2052 ἁμαρτίαν.
3303 1970 3372 2031 Ὁ
3406 1968 3460 2028 δὲ
3509 1969 3801 2049 πάμμεγας

2195 2063 2451 2138 Ἰωάννης
2496 2067 2653 2122 τοῦτο
2699 2064 2903 2136 δηλῶν,
2951 2060 3144 2143 ἔφησεν
3183 2059 3262 2138 ⁵⁸,
3293 2058 3376 2119 ὅτι
3425 2057 3658 2137 Ἦλεγξε
3699 2058 3798 2132 τὴν

2198 2151 2465 2233 ἁμαρτίαν
2501 2155 2528 2211 6
2557 2151 2792 2234 Χριστὸς
2822 2150 3032 2231 μεγάλα
3074 2153 3480 2230 ἡμαρτηκυῖαν.
3526 2147 3676 2218 Ἕως
3701 2147 3798 2227 μὲν

2195 2241 2299 2324 γὰρ
2331 2241 2678 2322 ἁμαρτωλοὺς
2723 2241 2974 2302 ἕθανάτου
3007 2245 3043 2314 ἡ
3073 2239 3350 2322 ἁμαρτία,
3399 2237 3538 2297 κατὰ
3571 2239 3661 2298 τὸν
3705 2243 3797 2298 τοῦ

2195 2332 2398 2393 δικαίου
2443 2331 2597 2412 λόγον
2640 2335 2807 2410 ἐπῆγε
2847 2330 3048 2399 τούτοις
3094 2327 3190 2402 τὴν
3237 2328 3514 2400 τελευτήν.
3563 2327 3794 2402 Ἐπειδὴ

2197 2422 2252 2483 δὲ
2283 2423 2334 2460 ⁵9
2367 2421 2742 2504 ἀναμάρτητον
2769 2424 2993 2502 εὑροῦσα
3021 2424 3179 2498 σῶμα
3208 2419 3268 2478 τὸ
3297 2427 3386 2480 τοῦ
3437 2417 3637 2500 Κυρίου
3675 2421 3798 2480 ἐθα-

2193 2512 2462 2589 νάτωσεν,
2498 2518 2570 2580 ὣς
2614 2511 2918 2586 ἀδικήσασα
2978 2512 3070 2570 καὶ
3114 2510 3436 2590 ἁμαρτοῦσα
3485 2509 3797 2590 κατεκρίθη.

2193 2600 2455 2686 Ἐπεμψε
2483 2606 2609 2680 γοῦν
2637 2601 2724 2661 τὸν
2769 2601 2899 2662 Υἷὸν
2938 2603 3099 2660 αὐτοῦ
3129 2604 3158 2660 6
3201 2600 3340 2667 Θεὸς
3365 2643 3380 2671 ,
3411 2598 3503 2658 καὶ
3533 2599 3658 2680 περὶ
3700 2604 3793 2658 τοῦ

2193 2692 2357 2761 δεῖξαι
2403 2690 2502 2766 τὴν
2540 2690 2811 2772 ἁμαρτίαν
2853 2691 3033 2750 ἄδικον
3084 2689 3176 2749 καὶ
3226 2694 3646 2770 ἡμαρτηκυῖαν,
3698 2693 3794 2748 καὶ

2194 2792 2510 2863 κατακρῖναι
2545 2782 2712 2852 αὐτὴν
2759 2780 3007 2854 δικαίως,
3054 2779 3143 2839 ἵνα
3175 2778 3252 2858 μὴ
3296 2778 3398 2862 ἔχῃ
3447 2778 3499 2816 ⁶⁰
3544 2777 3717 2860 λέγειν
3763 2782 3794 2839 6

2194 2870 2467 2947 διάϐολος,
2499 2871 2579 2932 ὅτι
2604 2870 2705 2939 Ὡς
2730 2870 2944 2952 ἰσχυρός
2973 2894 3040 2949 με
3072 2869 3310 2944 ἐνίκησεν
3340 2874 3369 2930 6
3395 2869 3649 2952 Χριστός.

2282 3079 2312 3118 ιι
2332 3055 2454 3120 Ἵνα
2486 3055 2547 3117 τὸ
2597 3056 2870 3136 δικαίωμα
2918 3063 3010 3118 τοῦ
3054 3055 3219 3134 νόμου
3259 3059 3517 3138 πληρωθῇ
3554 3058 3606 3116 ἐν
3666 3060 3798 3138 ἡμῖν

2195 3150 2299 3216 τοῖς
2329 3145 2404 3226 μὴ
2447 3146 2584 3206 κατὰ
2633 3146 2809 3227 σάρκα
2840 3153 3223 3228 περιπατοῦσιν
3244 3189 3261 3224 ,
3297 3146 3437 3207 ἀλλὰ
3466 3145 3608 3206 κατὰ
3637 3152 3800 3208 πνεῦ-

2199 3262 2295 3316 μα.
2337 3258 2365 3296 ι)
2396 3233 2516 3298 Ἵνα
2557 3236 2632 3316 μή
2672 3260 2750 3305 τις
2779 3235 2938 3318 εἴπῃ,
2977 3236 3085 3298 Καὶ
3114 3236 3164 3296 τί
3199 3235 3338 3318 πρὸς,
3357 3237 3483 3317 ἐμὲ,
3511 3238 3554 3296 εἰ
3597 3239 3625 3295 6
3663 3238 3803 3317 Χρι-

2190 3326 2310 3394 στὸς
2360 3327 2414 3387 ἐν
2466 3330 2533 3406 τῇ
2585 3324 2782 3408 σαρκὶ,
2845 3326 2910 3400 ἣν
2964 3325 3366 3410 προσείληφεν,
3403 3325 3652 3402 ἐνίκησε;
3711 3325 3800 3387 διὰ

2189 3421 2344 3476 τοῦτο
2370 3415 2537 3478 ταῦτά
2568 3407 2725 3498 φησιν
2745 3461 2762 3491 ,
2793 3413 2875 3475 ὅτι
2905 3407 3047 3497 Πρὸς
3087 3415 3145 3476 σὲ
3170 3407 3265 3497 μὲν
3306 3407 3396 3477 οῦν
3423 3415 3684 3495 μάλιστα.
3719 3416 3803 3478 Τὸ

2189 3506 2293 3587 γὰρ
2315 3505 2585 3579 δικαίωμα
2608 3511 2699 3587 τοῦ
2725 3506 2887 3586 νόμου
2909 3551 2926 3579 ,
2953 3507 3195 3568 τουτέστι
3215 3554 3231 3586 ,
3262 3507 3323 3568 τὸ
3354 3505 3522 3582 τέλος,
3549 3509 3577 3566 6
3603 3505 3799 3575 σκοπὸς

2193 3586 2420 3675 (σκοπὸν
2467 3598 2570 3678 γὰρ
2609 3586 2722 3678 εἶχε
2751 3597 2810 3657 τὸ
2859 3598 3094 3656 δικαιοῦν
3139 3598 3229 3658 τὸν
3277 3598 3551 3679 ἄνθρωπον
3575 3595 3616 3676 ),
3660 3599 3801 3670 πλη-

2193 3689 2403 3767 ροῦται,
2450 3686 2649 3765 φησὶν,
2699 3691 2752 3747 ἐν
2795 3693 2949 3765 ἡμῖν.
2997 3685 3074 3749 ⁸⁵0
3109 3690 3210 3768 γὰρ
3243 3692 3271 3748 6
3322 3687 3480 3765 νόμος
3526 3685 3792 3758 ἠϐούλετο

2194 3775 2290 3854 μὲν
2309 3823 2327 3852 ,
2355 3776 2562 3849 ἠσθένει
2607 3776 2702 3854 δὲ,
2733 3782 2888 3839 τοῦτο
2929 3780 2957 3836 6
2984 3779 3219 3856 Χριστὸς
3261 3777 3480 3850 ἐποίησε
3511 3777 3580 3836 δι’
3608 3780 3752 3852 ἡμᾶς
3783 3799 3798 3814 ·

2193 3865 2284 3924 καὶ
2327 3865 2389 3924 τὸ
2419 3865 2516 3942 μὲν
2561 3865 2841 3944 ἀγώνισμα
2885 3866 3097 3946 γέγονεν
3145 3865 3364 3948 ἐκείνῳ,
3407 3869 3564 3943 ἡμεῖς
3616 3863 3672 3926 δὲ
3700 3871 3799 3940 τ’ἤς

2193 3952 2340 4026 νίκης
2392 3954 2796 4032 ἀπελαύσαμεν.
2880 3955 2977 4016 Διὸ
3040 3955 3132 4014 καὶ
3189 3956 3289 4035 οὐχ
3339 3955 3796 4033 ἁμαρτησόμεθα,

2195 4043 2286 4103 ἐὰν
2331 4043 2410 4122 μὴ
2456 4043 2597 4104 κατὰ
2624 4043 2799 4124 σάρκα
2847 4047 3226 4125 περιπατῶμεν
3254 4090 3268 4117 ,
3327 4042 3606 4118 τουτέστι,
3659 4068 3794 4126 σαρ-

2193 4131 2319 4192 κικὰ
2351 4135 2622 4216 φρονῶμεν
2654 4155 2668 4171 ο
2701 4135 2906 4212 μᾶλλον
2957 4131 3011 4192 δὲ
3045 4135 3138 4193 οὐκ
3183 4135 3336 4212 ἀρκεῖ
3379 4137 3538 4191 τοῦτο
3565 4177 3582 4210 ,
3616 4132 3678 4191 τὸ
3711 4133 3788 4211 μὴ

2193 4230 2399 4304 φρονεῖν
2447 4223 2709 4304 σαρκικὰ,
2757 4223 2898 4284 ἀλλὰ
2951 4224 3029 4282 δεῖ
3073 4230 3350 4304 προσεῖναι
3397 4221 3558 4298 ἡμῖν,
3601 4224 3671 4289 ὡς
3701 4222 3794 4280 καὶ

2193 4311 2444 4394 ἀνωτέρω
2507 4312 2747 4394 εἴρηται,
2801 4312 2894 4372 καὶ
2947 4311 3308 4392 πνευματικὸν
3365 4310 3635 4393 φρόνημα.
3696 4310 3795 4374 Διὸ

479 4401 585 4472 bis,
613 4411 677 4459 ut
704 4418 869 4476 supra
896 4413 1402 4462 commemoratum
1433 4415 1535 4476 est,
1567 4407 1913 4480 spiritualem
1938 4407 2074 4464 affe-

2195 4402 2482 4483 προσέθηκε
2507 4428 2521 4441 ο
2561 4427 2589 4462 α
2621 4401 2784 4465 Ἀλλὰ
2812 4402 2952 4464 κατὰ
2980 4409 3209 4482 πνεῦμα.
3243 4431 3266 4455 ι
3296 4437 3377 4449 -
3404 4430 3428 4456 α
3449 4401 3739 4463 Ἐκκλινον
3766 4426 3792 4455 υ

485 4499 661 4549 ctum.
682 4492 924 4564 Ideoque
936 4491 1186 4563 addidit,
1205 4517 1228 4544 ιι
1247 4494 1342 4552 sed
1359 4495 1662 4552 secundum
1683 4497 1960 4570 spiritum.
1975 4520 2084 4548 o—

481 4604 508 4632 a
547 4582 776 4640 Declina
795 4605 822 4632 ν
847 4583 995 4639 enim
1024 4601 1053 4636 ι(
1072 4599 1102 4639 a
1129 4583 1274 4642 malo
1291 4587 1332 4655 ι,
1352 4603 1381 4639 »
1412 4584 1594 4658 inquit
1613 4586 1813 4655 David,
1841 4602 1944 4643 nec
1975 4585 2082 4644 hoc

478 4671 586 4744 55
609 4673 811 4742 solum,
826 4688 1022 4730 verum
1047 4696 1072 4723 ιι
1097 4671 1187 4731 fac
1209 4697 1234 4725 υ
1256 4675 1425 4732 etiam
1451 4698 1476 4724 α
1494 4675 1721 4734 bonum.
1746 4699 1773 4726 ν
1792 4679 1916 4734 Non
1935 4677 2081 4734 enim

477 4771 775 4835 postquam
811 4761 1124 4822 audivimus
1151 4764 1299 4836 quod
1328 4765 1580 4824 Christus
1608 4767 1770 4824 nobis
1790 4767 2081 4826 victoriam

476 4850 728 4920 donavit,
773 4852 1002 4909 omnino
1050 4853 1394 4925 recidamus;
1448 4855 1548 4914 sed
1594 4856 1796 4914 lavacri
1847 4858 2080 4931 gratiam

477 4940 757 4998 custodire
804 4950 1042 5014 oportet.
1085 4945 1332 5002 Omnino
1378 4945 1525 5002 enim
1555 4946 1721 5004 nobis
1746 4963 1894 5006 nunc
1933 4947 2078 5006 lucta

473 5037 559 5089 est
591 5030 824 5101 facilior,
855 5048 1022 5105 quam
1039 5034 1291 5092 antehac.

544 5123 726 5180 Vnus.
753 5127 804 5178 5.
834 5146 859 5172 α
890 5124 998 5196 Qui
1021 5124 1173 5182 enim
1189 5123 1499 5183 secundum
1523 5141 1750 5184 carnem
1773 5133 1922 5196 sunt,
1951 5142 2080 5200 quae

473 5213 654 5270 carnis
676 5221 827 5282 sunt,
869 5213 1134 5287 sapiunt:
1163 5216 1258 5288 qui
1307 5231 1435 5274 vero
1459 5216 1765 5274 secundum
1791 5216 2075 5290 spiritum,

474 5318 598 5374 qua:
644 5311 772 5360 sunt
800 5303 1046 5377 spiritus.
1093 5327 1122 5356 ιι
1156 5305 1260 5377 Qui
1287 5321 1408 5364 sese
1461 5305 1688 5374 dedunt,
1739 5305 1943 5379 inquit,
1978 5307 2076 5364 im-

476 5391 781 5451 moderata:
813 5395 996 5452 carnis
1023 5396 1294 5466 servituti,
1323 5411 1449 5470 quae
1471 5397 1652 5454 carnis
1679 5404 1828 5467 sunt,
1859 5411 2079 5469 semper

568 5529 587 5562 ι
605 5527 749 5584 Psal.
781 5543 1018 5600 xxxm,
1051 5534 1135 5586 15.

2194 4490 2297 4573 γὰρ
2332 4519 2355 4548 α
2382 4492 2489 4552 ἀπὸ
2531 4498 2701 4554 κακοῦ
2721 4540 2738 4569 ,
2770 4521 2793 4547 ι
2827 4494 2916 4554 καὶ
2957 4497 3015 4554 οὖ
3064 4493 3220 4573 μόνον
3250 4498 3436 4567 τοῦτο,
3468 4491 3608 4552 ἀλλὰ
3648 4519 3672 4547 ι
3703 4490 3796 4551 καὶ

2189 4581 2409 4656 ποίησον
2442 4583 2656 4661 ἀγαθόν.
2684 4612 2708 4640 ι
2743 4584 2839 4658 Μὴ
2877 4583 3017 4667 γὰρ,
3051 4581 3234 4656 ἐπειδὴ
3269 4582 3608 4660 ἠκούσαμεν,
3653 4581 3733 4640 ὅτι
3763 4583 3790 4640 6

2191 4673 2420 4752 Χριστὸς
2473 4677 2604 4752 ἡμῖν
2675 4674 2771 4746 τὴν
2841 4673 2994 4749 νίκην
3055 4673 3377 4754 ἐχαρίσατο,
3436 4671 3789 4749 ἀναπέσωμεν

2188 4761 2365 4836 πάντη
2397 4784 2412 4800 ⁶
2459 4764 2600 4825 ἀλλὰ
2645 4766 2723 4824 δεῖ
2766 4764 3045 4846 φυλάττειν
3093 4762 3192 4835 τὴν
3223 4767 3314 4822 τοῦ
3345 4766 3565 4841 λουτροῦ
3606 4762 3788 4841 χάριν.

2190 4851 2416 4923 Πάντως
2443 4852 2549 4935 γὰρ
2580 4853 2909 4934 εὖκολωτέρα
2956 4857 3089 4932 ἡμῖν
3117 4855 3152 4924 ἡ
3201 4850 3350 4923 πάλη
3399 4855 3488 4910 νῦν
3510 4895 3528 4925 ,
3581 4849 3618 4924 ἢ
3649 4848 3788 4931 πρό-

2187 4963 2358 5022 τερον.

2269 5148 2296 5177 α
2328 5125 2400 5184 Οἱ
2447 5121 2550 5204 γὰρ
2580 5119 2721 5183 κατὰ
2751 5119 2928 5203 σάρκα
2975 5120 3120 5190 ὄντες
3171 5120 3238 5180 τὰ
3267 5124 3361 5195 τῆς
3411 5121 3608 5203 σαρκὸς
3653 5144 3791 5204 φρο-

2186 5214 2364 5272 νοῦσιν
2392 5236 2405 5251 ο
2435 5213 2484 5272 οἱ
2513 5211 2568 5273 δὲ
2595 5211 2736 5273 κατὰ
2776 5216 3025 5292 πνεῦμα,
3071 5210 3138 5272 τὰ
3173 5217 3264 5272 τοῦ
3295 5211 3616 5290 πνεύματος.
3661 5238 3684 5266 ι
3715 5214 3791 5274 Οἱ

2187 5301 2460 5378 ἐκδόντες,
2517 5301 2708 5385 φησὶν,
2777 5302 2995 5373 ἑαυτοὺς
3042 5305 3108 5384 τῇ
3171 5307 3264 5377 τῆς
3310 5301 3504 5384 σαρκὸς
3571 5301 3792 5384 ἀμέτρῳ

2184 5391 2426 5475 δουλείᾳ,
2471 5392 2541 5454 τὰ
2571 5399 2674 5478 ,τῆς
2725 5393 2922 5476 σαρκὸς
2971 5394 3054 5456 ἀεὶ
3093 5399 3376 5477 φρονοῦσι,
3436 5391 3602 5474 μηδὲν
3652 5398 3790 5454 θεῖον

1874 5613 2061 5675 Variae
2105 5615 2406 5682 lectiones.

557 5731 600 5768 ³⁸
628 5731 720 5804 ἔφη
750 5749 803 5790 0.
882 5735 925 5769 5°
957 5734 1061 5790 ἐπεὶ
1088 5736 1141 5791 δὲ
1164 5752 1226 5796 0.
1308 5738 1352 5772 ⁶⁰
1381 5738 1494 5810 ἔχοι
1524 5754 1576 5796 ο.
