  <div class='ocr_page' id='page_1' title='image "/cluster/home/n/w/nwhite01/storage/ocr_20150623/124:no.2/coo.31924054870294/226.png"; bbox 0 0 4150 6438; ppageno 0'>
   <div class='ocr_carea' id='block_1_1' title="bbox 442 398 551 455">
    <p class='ocr_par' dir='ltr' id='par_1_1' title="bbox 442 398 551 455">
     <span class='ocr_line' id='line_1_1' title="bbox 442 398 551 455; baseline 0 0"><span class='ocrx_word' id='word_1_1' title='bbox 442 398 551 455; x_wconf 77' lang='grc'><strong>437</strong></span> 
     </span>
    </p>
   </div>
   <div class='ocr_carea' id='block_1_2' title="bbox 1353 391 2886 463">
    <p class='ocr_par' dir='ltr' id='par_1_2' title="bbox 1353 391 2886 463">
     <span class='ocr_line' id='line_1_2' title="bbox 1353 391 2886 463; baseline 0.005 -8"><span class='ocrx_word' id='word_1_2' title='bbox 1353 397 1704 455; x_wconf 86' lang='lat' dir='ltr'><strong>EXPOSITIO</strong></span> <span class='ocrx_word' id='word_1_3' title='bbox 1742 396 1808 452; x_wconf 88' lang='lat' dir='ltr'><strong>IN</strong></span> <span class='ocrx_word' id='word_1_4' title='bbox 1847 391 2061 452; x_wconf 88' lang='lat' dir='ltr'><strong>EPIST.</strong></span> <span class='ocrx_word' id='word_1_5' title='bbox 2111 393 2203 450; x_wconf 78' lang='lat' dir='ltr'><strong>AD</strong></span> <span class='ocrx_word' id='word_1_6' title='bbox 2240 395 2406 456; x_wconf 82' lang='lat' dir='ltr'><strong>ROM.</strong></span> <span class='ocrx_word' id='word_1_7' title='bbox 2449 431 2519 444; x_wconf 87' lang='lat'><strong>-—</strong></span> <span class='ocrx_word' id='word_1_8' title='bbox 2559 405 2711 460; x_wconf 79' lang='lat' dir='ltr'><strong>CAP.</strong></span> <span class='ocrx_word' id='word_1_9' title='bbox 2751 407 2886 463; x_wconf 84' lang='lat' dir='ltr'><strong>VIII.</strong></span> 
     </span>
    </p>
   </div>
   <div class='ocr_carea' id='block_1_3' title="bbox 3655 406 3759 463">
    <p class='ocr_par' dir='ltr' id='par_1_3' title="bbox 3655 406 3759 463">
     <span class='ocr_line' id='line_1_3' title="bbox 3655 406 3759 463; baseline -0.019 0"><span class='ocrx_word' id='word_1_10' title='bbox 3655 406 3759 463; x_wconf 79' lang='grc'><strong>438</strong></span> 
     </span>
    </p>
   </div>
   <div class='ocr_carea' id='block_1_4' title="bbox 441 519 2042 610">
    <p class='ocr_par' dir='ltr' id='par_1_4' title="bbox 441 519 2039 609">
     <span class='ocr_line' id='line_1_4' title="bbox 441 519 2039 609; baseline -0.003 -23"><span class='ocrx_word' id='word_1_11' title='bbox 441 529 806 609; x_wconf 87' lang='grc' dir='ltr'>περινοοῦντες</span> <span class='ocrx_word' id='word_1_12' title='bbox 831 551 848 567; x_wconf 74' lang='grc' dir='ltr'><strong>ο</strong></span> <span class='ocrx_word' id='word_1_13' title='bbox 902 529 951 588; x_wconf 77' lang='grc' dir='ltr'>οἳ</span> <span class='ocrx_word' id='word_1_14' title='bbox 999 526 1055 588; x_wconf 79' lang='grc' dir='ltr'>δὲ</span> <span class='ocrx_word' id='word_1_15' title='bbox 1102 524 1454 606; x_wconf 75' lang='grc' dir='ltr'><strong>ὑποταγέντες</strong></span> <span class='ocrx_word' id='word_1_16' title='bbox 1503 529 1693 595; x_wconf 80' lang='grc' dir='ltr'>ὁλικῷς</span> <span class='ocrx_word' id='word_1_17' title='bbox 1738 527 1816 607; x_wconf 86' lang='grc' dir='ltr'><strong>τῷ</strong></span> <span class='ocrx_word' id='word_1_18' title='bbox 1871 519 2039 582; x_wconf 81' lang='grc' dir='ltr'>πνεύ-</span> 
     </span>
    </p>
   </div>
   <div class='ocr_carea' id='block_1_5' title="bbox 2151 519 3756 610">
    <p class='ocr_par' dir='ltr' id='par_1_5' title="bbox 2159 529 3756 610">
     <span class='ocr_line' id='line_1_5' title="bbox 2159 529 3756 610; baseline 0.004 -26"><span class='ocrx_word' id='word_1_19' title='bbox 2159 529 2426 602; x_wconf 84' lang='lat' dir='ltr'><strong>cogitant,</strong></span> <span class='ocrx_word' id='word_1_20' title='bbox 2458 531 2599 589; x_wconf 88' lang='lat' dir='ltr'><strong>nihil</strong></span> <span class='ocrx_word' id='word_1_21' title='bbox 2625 532 2794 590; x_wconf 88' lang='lat' dir='ltr'><strong>divini</strong></span> <span class='ocrx_word' id='word_1_22' title='bbox 2817 533 3233 594; x_wconf 84' lang='lat' dir='ltr'><strong>considerantes</strong></span> <span class='ocrx_word' id='word_1_23' title='bbox 3261 553 3276 594; x_wconf 89' lang='lat'><strong>:</strong></span> <span class='ocrx_word' id='word_1_24' title='bbox 3303 537 3398 610; x_wconf 91' lang='lat' dir='ltr'><strong>qui</strong></span> <span class='ocrx_word' id='word_1_25' title='bbox 3437 551 3569 594; x_wconf 88' lang='lat' dir='ltr'><strong>vero</strong></span> <span class='ocrx_word' id='word_1_26' title='bbox 3596 550 3756 608; x_wconf 89' lang='lat' dir='ltr'><strong>pror-</strong></span> 
     </span>
    </p>
   </div>
   <div class='ocr_carea' id='block_1_6' title="bbox 445 617 1928 702">
    <p class='ocr_par' dir='ltr' id='par_1_6' title="bbox 445 617 1928 702">
     <span class='ocr_line' id='line_1_6' title="bbox 445 617 1928 702; baseline -0.001 -23"><span class='ocrx_word' id='word_1_27' title='bbox 445 645 580 700; x_wconf 86' lang='grc' dir='ltr'>ματι</span> <span class='ocrx_word' id='word_1_28' title='bbox 615 620 796 680; x_wconf 88' lang='grc' dir='ltr'>πάντα</span> <span class='ocrx_word' id='word_1_29' title='bbox 827 617 1164 699; x_wconf 74' lang='grc' dir='ltr'>πνευματικὰ</span> <span class='ocrx_word' id='word_1_30' title='bbox 1189 620 1281 678; x_wconf 79' lang='grc' dir='ltr'>καὶ</span> <span class='ocrx_word' id='word_1_31' title='bbox 1311 623 1555 702; x_wconf 73' lang='grc' dir='ltr'><strong>φρονοῦσι</strong></span> <span class='ocrx_word' id='word_1_32' title='bbox 1577 619 1669 677; x_wconf 77' lang='grc' dir='ltr'>καὶ</span> <span class='ocrx_word' id='word_1_33' title='bbox 1697 622 1928 678; x_wconf 87' lang='grc' dir='ltr'>ποιοῦσι.</span> 
     </span>
    </p>
   </div>
   <div class='ocr_carea' id='block_1_7' title="bbox 524 799 2042 886">
    <p class='ocr_par' dir='ltr' id='par_1_7' title="bbox 524 799 2042 886">
     <span class='ocr_line' id='line_1_7' title="bbox 524 799 2042 886; baseline -0.003 -21"><span class='ocrx_word' id='word_1_34' title='bbox 524 831 548 857; x_wconf 74' lang='grc' dir='ltr'>ι</span> <span class='ocrx_word' id='word_1_35' title='bbox 578 802 661 865; x_wconf 84' lang='grc' dir='ltr'>Τὸ</span> <span class='ocrx_word' id='word_1_36' title='bbox 704 801 808 884; x_wconf 76' lang='grc' dir='ltr'>γὰρ</span> <span class='ocrx_word' id='word_1_37' title='bbox 859 803 1104 886; x_wconf 83' lang='grc' dir='ltr'>φρόνημα</span> <span class='ocrx_word' id='word_1_38' title='bbox 1143 807 1239 877; x_wconf 81' lang='grc' dir='ltr'><strong>τῆς</strong></span> <span class='ocrx_word' id='word_1_39' title='bbox 1296 801 1530 885; x_wconf 82' lang='grc' dir='ltr'>σαρκὸς,</span> <span class='ocrx_word' id='word_1_40' title='bbox 1581 801 1838 869; x_wconf 72' lang='grc' dir='ltr'>θάνατος’</span> <span class='ocrx_word' id='word_1_41' title='bbox 1894 801 1956 862; x_wconf 84' lang='grc' dir='ltr'><strong>τὸ</strong></span> <span class='ocrx_word' id='word_1_42' title='bbox 1986 799 2042 860; x_wconf 84' lang='grc' dir='ltr'>δὲ</span> 
     </span>
    </p>
   </div>
   <div class='ocr_carea' id='block_1_8' title="bbox 440 890 2041 974">
    <p class='ocr_par' dir='ltr' id='par_1_8' title="bbox 440 890 2041 974">
     <span class='ocr_line' id='line_1_8' title="bbox 440 890 2041 974; baseline -0.002 -20"><span class='ocrx_word' id='word_1_43' title='bbox 440 892 689 974; x_wconf 86' lang='grc' dir='ltr'>φρόνημα</span> <span class='ocrx_word' id='word_1_44' title='bbox 731 899 824 954; x_wconf 87' lang='grc' dir='ltr'><strong>τοῦ</strong></span> <span class='ocrx_word' id='word_1_45' title='bbox 868 891 1200 970; x_wconf 81' lang='grc' dir='ltr'>πνεύματος,</span> <span class='ocrx_word' id='word_1_46' title='bbox 1255 892 1365 967; x_wconf 84' lang='grc' dir='ltr'>ζωὴ</span> <span class='ocrx_word' id='word_1_47' title='bbox 1418 892 1510 953; x_wconf 73' lang='grc' dir='ltr'>καὶ</span> <span class='ocrx_word' id='word_1_48' title='bbox 1565 891 1768 974; x_wconf 82' lang='grc' dir='ltr'>εἰρήνη.</span> <span class='ocrx_word' id='word_1_49' title='bbox 1804 921 1828 945; x_wconf 76' lang='grc' dir='ltr'>ιο</span> <span class='ocrx_word' id='word_1_50' title='bbox 1885 890 2041 972; x_wconf 82' lang='grc' dir='ltr'><strong>Φρό-</strong></span> 
     </span>
    </p>
   </div>
   <div class='ocr_carea' id='block_1_9' title="bbox 439 981 2037 1065">
    <p class='ocr_par' dir='ltr' id='par_1_9' title="bbox 439 981 2037 1065">
     <span class='ocr_line' id='line_1_9' title="bbox 439 981 2037 1065; baseline -0.001 -23"><span class='ocrx_word' id='word_1_51' title='bbox 439 1008 588 1060; x_wconf 82' lang='grc' dir='ltr'>νημα</span> <span class='ocrx_word' id='word_1_52' title='bbox 644 984 838 1064; x_wconf 85' lang='grc' dir='ltr'>σαρκὸς</span> <span class='ocrx_word' id='word_1_53' title='bbox 907 982 1004 1056; x_wconf 83' lang='grc' dir='ltr'><strong>τὴν</strong></span> <span class='ocrx_word' id='word_1_54' title='bbox 1062 983 1367 1065; x_wconf 79' lang='grc' dir='ltr'><strong>παχυτέραν</strong></span> <span class='ocrx_word' id='word_1_55' title='bbox 1442 982 1679 1043; x_wconf 87' lang='grc' dir='ltr'>διάνοιαν</span> <span class='ocrx_word' id='word_1_56' title='bbox 1752 981 2037 1059; x_wconf 83' lang='grc' dir='ltr'>ὀνομάζει,</span> 
     </span>
    </p>
   </div>
   <div class='ocr_carea' id='block_1_10' title="bbox 442 1069 2040 1156">
    <p class='ocr_par' dir='ltr' id='par_1_10' title="bbox 442 1069 2040 1156">
     <span class='ocr_line' id='line_1_10' title="bbox 442 1069 2040 1156; baseline -0.001 -24"><span class='ocrx_word' id='word_1_57' title='bbox 442 1075 667 1134; x_wconf 79' lang='grc' dir='ltr'>ἀπὸτοῦ</span> <span class='ocrx_word' id='word_1_58' title='bbox 718 1077 951 1156; x_wconf 78' lang='grc' dir='ltr'>χείρονος</span> <span class='ocrx_word' id='word_1_59' title='bbox 997 1073 1163 1146; x_wconf 79' lang='grc' dir='ltr'>αὐτὴν</span> <span class='ocrx_word' id='word_1_60' title='bbox 1211 1073 1458 1142; x_wconf 78' lang='grc' dir='ltr'><strong>καλέσας.</strong></span> <span class='ocrx_word' id='word_1_61' title='bbox 1509 1075 1591 1134; x_wconf 87' lang='grc' dir='ltr'><strong>Οὖ</strong></span> <span class='ocrx_word' id='word_1_62' title='bbox 1635 1071 1738 1154; x_wconf 78' lang='grc' dir='ltr'><strong>γὰρ</strong></span> <span class='ocrx_word' id='word_1_63' title='bbox 1790 1072 1856 1144; x_wconf 82' lang='grc' dir='ltr'><strong>δὴ</strong></span> <span class='ocrx_word' id='word_1_64' title='bbox 1906 1069 2040 1142; x_wconf 77' lang='grc' dir='ltr'>αὐτὴ</span> 
     </span>
    </p>
   </div>
   <div class='ocr_carea' id='block_1_11' title="bbox 439 1161 2037 1246">
    <p class='ocr_par' dir='ltr' id='par_1_11' title="bbox 439 1161 2037 1246">
     <span class='ocr_line' id='line_1_11' title="bbox 439 1161 2037 1246; baseline -0.001 -24"><span class='ocrx_word' id='word_1_65' title='bbox 439 1162 560 1224; x_wconf 79' lang='grc' dir='ltr'>καθ’</span> <span class='ocrx_word' id='word_1_66' title='bbox 607 1166 799 1236; x_wconf 77' lang='grc' dir='ltr'>ἑαυτὴν</span> <span class='ocrx_word' id='word_1_67' title='bbox 841 1169 876 1236; x_wconf 87' lang='grc' dir='ltr'>ἡ</span> <span class='ocrx_word' id='word_1_68' title='bbox 907 1163 1038 1246; x_wconf 80' lang='grc' dir='ltr'>σὰρξ</span> <span class='ocrx_word' id='word_1_69' title='bbox 1068 1163 1200 1224; x_wconf 85' lang='grc' dir='ltr'>ἴδιον</span> <span class='ocrx_word' id='word_1_70' title='bbox 1247 1163 1358 1245; x_wconf 78' lang='grc' dir='ltr'>ἔχει</span> <span class='ocrx_word' id='word_1_71' title='bbox 1400 1162 1666 1245; x_wconf 85' lang='grc' dir='ltr'>φρόνημα,</span> <span class='ocrx_word' id='word_1_72' title='bbox 1697 1161 1814 1222; x_wconf 86' lang='grc' dir='ltr'><strong>ἀλλ’</strong></span> <span class='ocrx_word' id='word_1_73' title='bbox 1844 1167 1878 1236; x_wconf 87' lang='grc' dir='ltr'><strong>ἡ</strong></span> <span class='ocrx_word' id='word_1_74' title='bbox 1927 1185 2037 1220; x_wconf 88' lang='grc' dir='ltr'>πα-</span> 
     </span>
    </p>
   </div>
   <div class='ocr_carea' id='block_1_12' title="bbox 440 1253 2041 1336">
    <p class='ocr_par' dir='ltr' id='par_1_12' title="bbox 440 1253 2041 1336">
     <span class='ocr_line' id='line_1_12' title="bbox 440 1253 2041 1336; baseline -0.003 -22"><span class='ocrx_word' id='word_1_75' title='bbox 440 1261 565 1334; x_wconf 76' lang='grc' dir='ltr'>χεῖα</span> <span class='ocrx_word' id='word_1_76' title='bbox 605 1255 692 1314; x_wconf 75' lang='grc' dir='ltr'><strong>καὶ</strong></span> <span class='ocrx_word' id='word_1_77' title='bbox 738 1255 894 1328; x_wconf 80' lang='grc' dir='ltr'>ὑλική</span> <span class='ocrx_word' id='word_1_78' title='bbox 951 1254 1156 1316; x_wconf 77' lang='grc' dir='ltr'>διάνοια</span> <span class='ocrx_word' id='word_1_79' title='bbox 1209 1254 1457 1336; x_wconf 84' lang='grc' dir='ltr'>φρόνημά</span> <span class='ocrx_word' id='word_1_80' title='bbox 1501 1256 1613 1312; x_wconf 84' lang='grc' dir='ltr'>ἐστι</span> <span class='ocrx_word' id='word_1_81' title='bbox 1672 1253 1909 1335; x_wconf 80' lang='grc' dir='ltr'>σαρκὸς,</span> <span class='ocrx_word' id='word_1_82' title='bbox 1969 1255 2041 1320; x_wconf 84' lang='grc' dir='ltr'><strong>ὡς</strong></span> 
     </span>
    </p>
   </div>
   <div class='ocr_carea' id='block_1_13' title="bbox 440 1340 2039 1426">
    <p class='ocr_par' dir='ltr' id='par_1_13' title="bbox 440 1340 2039 1426">
     <span class='ocr_line' id='line_1_13' title="bbox 440 1340 2039 1426; baseline -0.001 -25"><span class='ocrx_word' id='word_1_83' title='bbox 440 1343 505 1401; x_wconf 77' lang='grc' dir='ltr'>ἄν</span> <span class='ocrx_word' id='word_1_84' title='bbox 546 1366 624 1412; x_wconf 86' lang='grc' dir='ltr'><strong>τις</strong></span> <span class='ocrx_word' id='word_1_85' title='bbox 668 1343 840 1418; x_wconf 76' lang='grc' dir='ltr'>εἴποι,</span> <span class='ocrx_word' id='word_1_86' title='bbox 890 1351 1009 1412; x_wconf 89' lang='grc' dir='ltr'>νοῦς</span> <span class='ocrx_word' id='word_1_87' title='bbox 1057 1343 1290 1424; x_wconf 77' lang='grc' dir='ltr'><strong>σαρκικὰ</strong></span> <span class='ocrx_word' id='word_1_88' title='bbox 1341 1343 1607 1426; x_wconf 81' lang='grc' dir='ltr'>φρονήσας</span> <span class='ocrx_word' id='word_1_89' title='bbox 1653 1367 1666 1382; x_wconf 87' lang='grc'><strong>·</strong></span> <span class='ocrx_word' id='word_1_90' title='bbox 1710 1342 1896 1424; x_wconf 79' lang='grc' dir='ltr'>ὥσπερ</span> <span class='ocrx_word' id='word_1_91' title='bbox 1946 1340 2039 1400; x_wconf 70' lang='grc' dir='ltr'><strong>καὶ</strong></span> 
     </span>
    </p>
   </div>
   <div class='ocr_carea' id='block_1_14' title="bbox 438 1433 2034 1515">
    <p class='ocr_par' dir='ltr' id='par_1_14' title="bbox 438 1433 2034 1515">
     <span class='ocr_line' id='line_1_14' title="bbox 438 1433 2034 1515; baseline 0.001 -22"><span class='ocrx_word' id='word_1_92' title='bbox 438 1434 689 1515; x_wconf 85' lang='grc' dir='ltr'>φρόνημα</span> <span class='ocrx_word' id='word_1_93' title='bbox 720 1441 814 1495; x_wconf 76' lang='grc' dir='ltr'><strong>⁴ιὀῦ</strong></span> <span class='ocrx_word' id='word_1_94' title='bbox 845 1439 1174 1514; x_wconf 80' lang='grc' dir='ltr'>πνεύματος,</span> <span class='ocrx_word' id='word_1_95' title='bbox 1199 1437 1296 1509; x_wconf 82' lang='grc' dir='ltr'><strong>τὴν</strong></span> <span class='ocrx_word' id='word_1_96' title='bbox 1328 1435 1564 1495; x_wconf 89' lang='grc' dir='ltr'>διάνοιαν</span> <span class='ocrx_word' id='word_1_97' title='bbox 1597 1433 1692 1506; x_wconf 82' lang='grc' dir='ltr'><strong>τὴν</strong></span> <span class='ocrx_word' id='word_1_98' title='bbox 1738 1440 2034 1515; x_wconf 80' lang='grc' dir='ltr'>φρονοῦσαν</span> 
     </span>
    </p>
   </div>
   <div class='ocr_carea' id='block_1_15' title="bbox 436 1522 2035 1607">
    <p class='ocr_par' dir='ltr' id='par_1_15' title="bbox 436 1522 2035 1607">
     <span class='ocr_line' id='line_1_15' title="bbox 436 1522 2035 1607; baseline -0.001 -25"><span class='ocrx_word' id='word_1_99' title='bbox 436 1522 506 1582; x_wconf 79' lang='grc' dir='ltr'><strong>τὰ</strong></span> <span class='ocrx_word' id='word_1_100' title='bbox 536 1532 628 1585; x_wconf 84' lang='grc' dir='ltr'><strong>τοῦ</strong></span> <span class='ocrx_word' id='word_1_101' title='bbox 658 1526 960 1604; x_wconf 80' lang='grc' dir='ltr'>πνεύματος</span> <span class='ocrx_word' id='word_1_102' title='bbox 978 1549 993 1564; x_wconf 79' lang='grc' dir='ltr'><strong>ο</strong></span> <span class='ocrx_word' id='word_1_103' title='bbox 1020 1525 1138 1599; x_wconf 81' lang='grc' dir='ltr'>ἥτις</span> <span class='ocrx_word' id='word_1_104' title='bbox 1165 1535 1324 1607; x_wconf 81' lang='grc' dir='ltr'>γεννᾷ</span> <span class='ocrx_word' id='word_1_105' title='bbox 1353 1554 1376 1580; x_wconf 75' lang='grc' dir='ltr'><strong><em>ι</em></strong></span> <span class='ocrx_word' id='word_1_106' title='bbox 1404 1524 1565 1600; x_wconf 81' lang='grc' dir='ltr'>ζωὴν,</span> <span class='ocrx_word' id='word_1_107' title='bbox 1595 1550 1619 1578; x_wconf 72' lang='grc' dir='ltr'>ι»</span> <span class='ocrx_word' id='word_1_108' title='bbox 1648 1524 1778 1606; x_wconf 85' lang='grc' dir='ltr'>πρὸς</span> <span class='ocrx_word' id='word_1_109' title='bbox 1799 1524 2035 1582; x_wconf 81' lang='grc' dir='ltr'>ἀντιδια-</span> 
     </span>
    </p>
   </div>
   <div class='ocr_carea' id='block_1_16' title="bbox 436 1613 2031 1696">
    <p class='ocr_par' dir='ltr' id='par_1_16' title="bbox 436 1613 2031 1696">
     <span class='ocr_line' id='line_1_16' title="bbox 436 1613 2031 1696; baseline -0.001 -24"><span class='ocrx_word' id='word_1_110' title='bbox 436 1615 636 1687; x_wconf 76' lang='grc' dir='ltr'>στολὴν</span> <span class='ocrx_word' id='word_1_111' title='bbox 677 1622 768 1676; x_wconf 78' lang='grc' dir='ltr'><strong>τοῦ</strong></span> <span class='ocrx_word' id='word_1_112' title='bbox 813 1617 1042 1676; x_wconf 81' lang='grc' dir='ltr'>θανάτου</span> <span class='ocrx_word' id='word_1_113' title='bbox 1065 1662 1082 1691; x_wconf 94' lang='grc'><strong>,</strong></span> <span class='ocrx_word' id='word_1_114' title='bbox 1133 1617 1190 1677; x_wconf 84' lang='grc' dir='ltr'><strong>ὃν</strong></span> <span class='ocrx_word' id='word_1_115' title='bbox 1238 1624 1398 1696; x_wconf 74' lang='grc' dir='ltr'>γεννᾷ</span> <span class='ocrx_word' id='word_1_116' title='bbox 1429 1619 1462 1687; x_wconf 87' lang='grc' dir='ltr'>ἡ</span> <span class='ocrx_word' id='word_1_117' title='bbox 1497 1616 1726 1694; x_wconf 83' lang='grc' dir='ltr'>σαρκικὴ</span> <span class='ocrx_word' id='word_1_118' title='bbox 1777 1613 1985 1673; x_wconf 81' lang='grc' dir='ltr'>διάνοια</span> <span class='ocrx_word' id='word_1_119' title='bbox 2018 1635 2031 1648; x_wconf 88' lang='grc'>·</span> 
     </span>
    </p>
   </div>
   <div class='ocr_carea' id='block_1_17' title="bbox 436 1701 2030 1787">
    <p class='ocr_par' dir='ltr' id='par_1_17' title="bbox 436 1701 2030 1787">
     <span class='ocr_line' id='line_1_17' title="bbox 436 1701 2030 1787; baseline 0.001 -25"><span class='ocrx_word' id='word_1_120' title='bbox 436 1705 578 1763; x_wconf 80' lang='grc' dir='ltr'>ἀλλὰ</span> <span class='ocrx_word' id='word_1_121' title='bbox 602 1706 691 1764; x_wconf 73' lang='grc' dir='ltr'><strong>καὶ</strong></span> <span class='ocrx_word' id='word_1_122' title='bbox 722 1734 743 1758; x_wconf 84' lang='grc' dir='ltr'><strong>ιι</strong></span> <span class='ocrx_word' id='word_1_123' title='bbox 775 1707 1022 1787; x_wconf 83' lang='grc' dir='ltr'>εἰρήνην,</span> <span class='ocrx_word' id='word_1_124' title='bbox 1048 1734 1071 1762; x_wconf 71' lang='grc' dir='ltr'><strong>υ</strong></span> <span class='ocrx_word' id='word_1_125' title='bbox 1102 1707 1232 1787; x_wconf 84' lang='grc' dir='ltr'>πρὸς</span> <span class='ocrx_word' id='word_1_126' title='bbox 1267 1704 1672 1777; x_wconf 76' lang='grc' dir='ltr'>ἀντιδιαστολὴν</span> <span class='ocrx_word' id='word_1_127' title='bbox 1703 1709 1796 1764; x_wconf 85' lang='grc' dir='ltr'><strong>τοῦ</strong></span> <span class='ocrx_word' id='word_1_128' title='bbox 1826 1701 2030 1786; x_wconf 79' lang='grc' dir='ltr'>ἐφεξῆς.</span> 
     </span>
    </p>
   </div>
   <div class='ocr_carea' id='block_1_18' title="bbox 433 1791 817 1876">
    <p class='ocr_par' dir='ltr' id='par_1_18' title="bbox 433 1791 817 1876">
     <span class='ocr_line' id='line_1_18' title="bbox 433 1791 817 1876; baseline -0.005 -20"><span class='ocrx_word' id='word_1_129' title='bbox 433 1791 666 1874; x_wconf 84' lang='grc' dir='ltr'>Ἐπάγει</span> <span class='ocrx_word' id='word_1_130' title='bbox 695 1795 817 1876; x_wconf 80' lang='grc' dir='ltr'>γάρ’</span> 
     </span>
    </p>
   </div>
   <div class='ocr_carea' id='block_1_19' title="bbox 527 1883 2037 1967">
    <p class='ocr_par' dir='ltr' id='par_1_19' title="bbox 527 1883 2037 1967">
     <span class='ocr_line' id='line_1_19' title="bbox 527 1883 2037 1967; baseline 0.001 -21"><span class='ocrx_word' id='word_1_131' title='bbox 527 1886 729 1948; x_wconf 72' lang='grc' dir='ltr'>«Διότι</span> <span class='ocrx_word' id='word_1_132' title='bbox 764 1887 824 1946; x_wconf 82' lang='grc' dir='ltr'><strong>τὸ</strong></span> <span class='ocrx_word' id='word_1_133' title='bbox 873 1885 1122 1967; x_wconf 84' lang='grc' dir='ltr'>φρόνημα</span> <span class='ocrx_word' id='word_1_134' title='bbox 1171 1889 1267 1959; x_wconf 77' lang='grc' dir='ltr'><strong>τῆς</strong></span> <span class='ocrx_word' id='word_1_135' title='bbox 1309 1886 1503 1965; x_wconf 82' lang='grc' dir='ltr'>σαρκὸς</span> <span class='ocrx_word' id='word_1_136' title='bbox 1549 1885 1715 1966; x_wconf 85' lang='grc' dir='ltr'>ἔχθρα</span> <span class='ocrx_word' id='word_1_137' title='bbox 1763 1887 1836 1952; x_wconf 74' lang='grc' dir='ltr'>εἷς</span> <span class='ocrx_word' id='word_1_138' title='bbox 1876 1883 2037 1947; x_wconf 86' lang='grc' dir='ltr'>Θεόν.</span> 
     </span>
    </p>
   </div>
   <div class='ocr_carea' id='block_1_20' title="bbox 437 1975 2039 2060">
    <p class='ocr_par' dir='ltr' id='par_1_20' title="bbox 437 1975 2039 2060">
     <span class='ocr_line' id='line_1_20' title="bbox 437 1975 2039 2060; baseline -0.004 -19"><span class='ocrx_word' id='word_1_139' title='bbox 437 1982 538 2060; x_wconf 78' lang='grc' dir='ltr'>Τῷ</span> <span class='ocrx_word' id='word_1_140' title='bbox 567 1976 671 2059; x_wconf 79' lang='grc' dir='ltr'>γὰρ</span> <span class='ocrx_word' id='word_1_141' title='bbox 703 1978 850 2058; x_wconf 83' lang='grc' dir='ltr'>νόμῳ</span> <span class='ocrx_word' id='word_1_142' title='bbox 881 1984 971 2036; x_wconf 91' lang='grc' dir='ltr'><strong>τοῦ</strong></span> <span class='ocrx_word' id='word_1_143' title='bbox 1006 1979 1149 2039; x_wconf 85' lang='grc' dir='ltr'>Θεοῦ</span> <span class='ocrx_word' id='word_1_144' title='bbox 1177 1979 1278 2058; x_wconf 78' lang='grc' dir='ltr'><strong>οὐχ</strong></span> <span class='ocrx_word' id='word_1_145' title='bbox 1323 1977 1684 2038; x_wconf 76' lang='grc' dir='ltr'>ὑποτάσσεται</span> <span class='ocrx_word' id='word_1_146' title='bbox 1707 1998 1721 2014; x_wconf 89' lang='grc'><strong>·</strong></span> <span class='ocrx_word' id='word_1_147' title='bbox 1764 1975 1887 2036; x_wconf 75' lang='grc' dir='ltr'>οῦδὲ</span> <span class='ocrx_word' id='word_1_148' title='bbox 1935 1975 2039 2056; x_wconf 77' lang='grc' dir='ltr'>γὰρ</span> 
     </span>
    </p>
   </div>
   <div class='ocr_carea' id='block_1_21' title="bbox 437 2067 2039 2148">
    <p class='ocr_par' dir='ltr' id='par_1_21' title="bbox 437 2067 2039 2148">
     <span class='ocr_line' id='line_1_21' title="bbox 437 2067 2039 2148; baseline -0.003 -19"><span class='ocrx_word' id='word_1_149' title='bbox 437 2067 683 2130; x_wconf 75' lang='grc' dir='ltr'>δύναται.</span> <span class='ocrx_word' id='word_1_150' title='bbox 745 2089 777 2127; x_wconf 74' lang='lat' dir='ltr'><strong>n</strong></span> <span class='ocrx_word' id='word_1_151' title='bbox 862 2069 931 2130; x_wconf 86' lang='grc' dir='ltr'><strong>Ἦ</strong></span> <span class='ocrx_word' id='word_1_152' title='bbox 997 2067 1094 2144; x_wconf 82' lang='grc' dir='ltr'>μὲν</span> <span class='ocrx_word' id='word_1_153' title='bbox 1163 2069 1501 2144; x_wconf 83' lang='grc' dir='ltr'>πνευματικὴ</span> <span class='ocrx_word' id='word_1_154' title='bbox 1560 2067 1768 2127; x_wconf 78' lang='grc' dir='ltr'>διάνοια</span> <span class='ocrx_word' id='word_1_155' title='bbox 1825 2067 2039 2148; x_wconf 73' lang='grc' dir='ltr'>εἰρήνην</span> 
     </span>
    </p>
   </div>
   <div class='ocr_carea' id='block_1_22' title="bbox 436 2156 2041 2241">
    <p class='ocr_par' dir='ltr' id='par_1_22' title="bbox 436 2156 2041 2241">
     <span class='ocr_line' id='line_1_22' title="bbox 436 2156 2041 2241; baseline -0.002 -23"><span class='ocrx_word' id='word_1_156' title='bbox 436 2169 597 2241; x_wconf 85' lang='grc' dir='ltr'>γεννᾷ</span> <span class='ocrx_word' id='word_1_157' title='bbox 641 2182 672 2241; x_wconf 44' lang='grc' dir='ltr'><strong>ί</strong></span> <span class='ocrx_word' id='word_1_158' title='bbox 711 2165 746 2232; x_wconf 85' lang='grc' dir='ltr'>ἡ</span> <span class='ocrx_word' id='word_1_159' title='bbox 802 2157 1179 2241; x_wconf 35' lang='grc' dir='ltr'>δὲμφρονοῦσα</span> <span class='ocrx_word' id='word_1_160' title='bbox 1234 2157 1303 2217; x_wconf 81' lang='grc' dir='ltr'><strong>τὰ</strong></span> <span class='ocrx_word' id='word_1_161' title='bbox 1351 2158 1617 2238; x_wconf 77' lang='grc' dir='ltr'>σαρκικὰ,</span> <span class='ocrx_word' id='word_1_162' title='bbox 1663 2157 1859 2238; x_wconf 80' lang='grc' dir='ltr'>ἔχθραν</span> <span class='ocrx_word' id='word_1_163' title='bbox 1911 2156 2041 2237; x_wconf 84' lang='grc' dir='ltr'>πρὸς</span> 
     </span>
    </p>
   </div>
   <div class='ocr_carea' id='block_1_23' title="bbox 437 2238 2037 2329">
    <p class='ocr_par' dir='ltr' id='par_1_23' title="bbox 437 2238 2037 2329">
     <span class='ocr_line' id='line_1_23' title="bbox 437 2238 2037 2329; baseline -0.004 -18"><span class='ocrx_word' id='word_1_164' title='bbox 437 2238 604 2311; x_wconf 22' lang='grc' dir='ltr'>Θεόνϋ.</span> <span class='ocrx_word' id='word_1_165' title='bbox 641 2238 779 2328; x_wconf 67' lang='grc' dir='ltr'>’Ἆρα</span> <span class='ocrx_word' id='word_1_166' title='bbox 843 2238 935 2308; x_wconf 63' lang='grc' dir='ltr'><strong>οὖν</strong></span> <span class='ocrx_word' id='word_1_167' title='bbox 961 2238 1166 2329; x_wconf 72' lang='grc' dir='ltr'>χεῖρας</span> <span class='ocrx_word' id='word_1_168' title='bbox 1231 2247 1467 2328; x_wconf 81' lang='grc' dir='ltr'>ἆνταίρει</span> <span class='ocrx_word' id='word_1_169' title='bbox 1521 2251 1598 2328; x_wconf 85' lang='grc' dir='ltr'><strong>τῷ</strong></span> <span class='ocrx_word' id='word_1_170' title='bbox 1650 2250 1806 2328; x_wconf 72' lang='grc' dir='ltr'>Θεῷ,</span> <span class='ocrx_word' id='word_1_171' title='bbox 1856 2247 2037 2326; x_wconf 75' lang='grc' dir='ltr'>Οὐχὶ,</span> 
     </span>
    </p>
   </div>
   <div class='ocr_carea' id='block_1_24' title="bbox 439 2336 2036 2421">
    <p class='ocr_par' dir='ltr' id='par_1_24' title="bbox 439 2336 2036 2421">
     <span class='ocr_line' id='line_1_24' title="bbox 439 2336 2036 2421; baseline -0.001 -23"><span class='ocrx_word' id='word_1_172' title='bbox 439 2339 638 2421; x_wconf 79' lang='grc' dir='ltr'>φησὶν,</span> <span class='ocrx_word' id='word_1_173' title='bbox 685 2337 827 2398; x_wconf 74' lang='grc' dir='ltr'>ἀλλὰ</span> <span class='ocrx_word' id='word_1_174' title='bbox 872 2341 950 2417; x_wconf 89' lang='grc' dir='ltr'><strong>τῷ</strong></span> <span class='ocrx_word' id='word_1_175' title='bbox 991 2338 1140 2419; x_wconf 83' lang='grc' dir='ltr'>νόμῳ</span> <span class='ocrx_word' id='word_1_176' title='bbox 1183 2339 1342 2398; x_wconf 74' lang='grc' dir='ltr'>αὐτοῦ</span> <span class='ocrx_word' id='word_1_177' title='bbox 1385 2339 1462 2414; x_wconf 82' lang='grc' dir='ltr'><strong>μὴ</strong></span> <span class='ocrx_word' id='word_1_178' title='bbox 1504 2337 1549 2375; x_wconf 81' lang='grc'><strong>⁶⁴</strong></span> <span class='ocrx_word' id='word_1_179' title='bbox 1586 2336 2036 2414; x_wconf 80' lang='grc' dir='ltr'>ὕποτασσομένη,</span> 
     </span>
    </p>
   </div>
   <div class='ocr_carea' id='block_1_25' title="bbox 436 2421 2038 2508">
    <p class='ocr_par' dir='ltr' id='par_1_25' title="bbox 436 2421 2038 2508">
     <span class='ocr_line' id='line_1_25' title="bbox 436 2421 2038 2508; baseline -0.001 -18"><span class='ocrx_word' id='word_1_180' title='bbox 436 2429 652 2507; x_wconf 81' lang='grc' dir='ltr'>λέγεται</span> <span class='ocrx_word' id='word_1_181' title='bbox 680 2428 844 2508; x_wconf 74' lang='grc' dir='ltr'>ἔχθρα</span> <span class='ocrx_word' id='word_1_182' title='bbox 877 2421 1011 2488; x_wconf 75' lang='grc' dir='ltr'>εἶναι</span> <span class='ocrx_word' id='word_1_183' title='bbox 1041 2431 1118 2508; x_wconf 85' lang='grc' dir='ltr'><strong>τῷ</strong></span> <span class='ocrx_word' id='word_1_184' title='bbox 1150 2430 1301 2508; x_wconf 86' lang='grc' dir='ltr'>Θεῷ.</span> <span class='ocrx_word' id='word_1_185' title='bbox 1343 2429 1441 2499; x_wconf 83' lang='grc' dir='ltr'><strong>Μὴ</strong></span> <span class='ocrx_word' id='word_1_186' title='bbox 1471 2426 1766 2508; x_wconf 80' lang='grc' dir='ltr'>θορυϐηθῇς</span> <span class='ocrx_word' id='word_1_187' title='bbox 1794 2428 1848 2488; x_wconf 82' lang='grc' dir='ltr'>δὲ</span> <span class='ocrx_word' id='word_1_188' title='bbox 1879 2428 2038 2488; x_wconf 78' lang='grc' dir='ltr'>ἀκοόο</span> 
     </span>
    </p>
   </div>
   <div class='ocr_carea' id='block_1_26' title="bbox 439 2517 2038 2599">
    <p class='ocr_par' dir='ltr' id='par_1_26' title="bbox 439 2517 2038 2599">
     <span class='ocr_line' id='line_1_26' title="bbox 439 2517 2038 2599; baseline -0.002 -20"><span class='ocrx_word' id='word_1_189' title='bbox 439 2543 539 2586; x_wconf 89' lang='grc' dir='ltr'><strong>σας</strong></span> <span class='ocrx_word' id='word_1_190' title='bbox 562 2519 653 2596; x_wconf 85' lang='grc' dir='ltr'>τὸ,</span> <span class='ocrx_word' id='word_1_191' title='bbox 685 2547 707 2570; x_wconf 77' lang='grc' dir='ltr'><strong>α</strong></span> <span class='ocrx_word' id='word_1_192' title='bbox 730 2517 872 2580; x_wconf 78' lang='grc' dir='ltr'>Οὐδὲ</span> <span class='ocrx_word' id='word_1_193' title='bbox 903 2517 1006 2599; x_wconf 79' lang='grc' dir='ltr'>γὰρ</span> <span class='ocrx_word' id='word_1_194' title='bbox 1037 2518 1284 2594; x_wconf 76' lang='grc' dir='ltr'>δύναται,</span> <span class='ocrx_word' id='word_1_195' title='bbox 1310 2545 1335 2571; x_wconf 73' lang='grc' dir='ltr'><strong><em>ι</em></strong></span> <span class='ocrx_word' id='word_1_196' title='bbox 1367 2518 1506 2577; x_wconf 78' lang='grc' dir='ltr'>ἀλλὰ</span> <span class='ocrx_word' id='word_1_197' title='bbox 1536 2518 1643 2578; x_wconf 85' lang='grc' dir='ltr'>νόει</span> <span class='ocrx_word' id='word_1_198' title='bbox 1672 2517 1734 2577; x_wconf 84' lang='grc' dir='ltr'><strong>τὸ</strong></span> <span class='ocrx_word' id='word_1_199' title='bbox 1756 2517 2038 2596; x_wconf 85' lang='grc' dir='ltr'>λεγόμενον</span> 
     </span>
    </p>
   </div>
   <div class='ocr_carea' id='block_1_27' title="bbox 437 2605 2042 2690">
    <p class='ocr_par' dir='ltr' id='par_1_27' title="bbox 437 2605 2042 2690">
     <span class='ocr_line' id='line_1_27' title="bbox 437 2605 2042 2690; baseline -0.002 -22"><span class='ocrx_word' id='word_1_200' title='bbox 437 2613 512 2677; x_wconf 83' lang='grc' dir='ltr'><strong>ὡς</strong></span> <span class='ocrx_word' id='word_1_201' title='bbox 544 2611 643 2669; x_wconf 84' lang='grc' dir='ltr'>δεῖ.</span> <span class='ocrx_word' id='word_1_202' title='bbox 671 2610 752 2668; x_wconf 79' lang='grc' dir='ltr'>Οὐ</span> <span class='ocrx_word' id='word_1_203' title='bbox 779 2607 884 2688; x_wconf 83' lang='grc' dir='ltr'>γὰρ</span> <span class='ocrx_word' id='word_1_204' title='bbox 917 2608 1138 2667; x_wconf 83' lang='grc' dir='ltr'>δύναται</span> <span class='ocrx_word' id='word_1_205' title='bbox 1174 2609 1233 2668; x_wconf 82' lang='grc' dir='ltr'>τὸ</span> <span class='ocrx_word' id='word_1_206' title='bbox 1264 2609 1512 2690; x_wconf 86' lang='grc' dir='ltr'>φρόνημα</span> <span class='ocrx_word' id='word_1_207' title='bbox 1548 2611 1645 2679; x_wconf 82' lang='grc' dir='ltr'><strong>τῆς</strong></span> <span class='ocrx_word' id='word_1_208' title='bbox 1679 2605 1874 2682; x_wconf 84' lang='grc' dir='ltr'>σαρκὸς</span> <span class='ocrx_word' id='word_1_209' title='bbox 1894 2654 1912 2686; x_wconf 85' lang='lat'><strong>,</strong></span> <span class='ocrx_word' id='word_1_210' title='bbox 1945 2606 2042 2675; x_wconf 82' lang='grc' dir='ltr'>ἕως</span> 
     </span>
    </p>
   </div>
   <div class='ocr_carea' id='block_1_28' title="bbox 439 2697 2042 2779">
    <p class='ocr_par' dir='ltr' id='par_1_28' title="bbox 439 2697 2042 2779">
     <span class='ocr_line' id='line_1_28' title="bbox 439 2697 2042 2779; baseline -0.001 -21"><span class='ocrx_word' id='word_1_211' title='bbox 439 2701 507 2758; x_wconf 79' lang='grc' dir='ltr'><strong>ἂν</strong></span> <span class='ocrx_word' id='word_1_212' title='bbox 553 2699 685 2779; x_wconf 81' lang='grc' dir='ltr'>μένῃ</span> <span class='ocrx_word' id='word_1_213' title='bbox 736 2705 1001 2769; x_wconf 90' lang='grc' dir='ltr'>τοιοῦτον,</span> <span class='ocrx_word' id='word_1_214' title='bbox 1043 2702 1378 2776; x_wconf 78' lang='grc' dir='ltr'>ὑποταγῆναι</span> <span class='ocrx_word' id='word_1_215' title='bbox 1408 2699 1535 2779; x_wconf 85' lang='grc' dir='ltr'><strong>Θεῷ</strong></span> <span class='ocrx_word' id='word_1_216' title='bbox 1577 2697 1629 2736; x_wconf 79' lang='grc'><strong>⁶²</strong></span> <span class='ocrx_word' id='word_1_217' title='bbox 1679 2721 1694 2736; x_wconf 77' lang='grc' dir='ltr'><strong>ο</strong></span> <span class='ocrx_word' id='word_1_218' title='bbox 1736 2697 1935 2758; x_wconf 79' lang='grc' dir='ltr'>ὡσανεί</span> <span class='ocrx_word' id='word_1_219' title='bbox 1964 2722 2042 2766; x_wconf 87' lang='grc' dir='ltr'><strong>τις</strong></span> 
     </span>
    </p>
   </div>
   <div class='ocr_carea' id='block_1_29' title="bbox 437 2787 2040 2870">
    <p class='ocr_par' dir='ltr' id='par_1_29' title="bbox 437 2787 2040 2870">
     <span class='ocr_line' id='line_1_29' title="bbox 437 2787 2040 2870; baseline -0.002 -20"><span class='ocrx_word' id='word_1_220' title='bbox 437 2790 581 2851; x_wconf 73' lang='grc' dir='ltr'>εἴποι</span> <span class='ocrx_word' id='word_1_221' title='bbox 624 2791 675 2830; x_wconf 67' lang='grc'><strong>⁵³</strong></span> <span class='ocrx_word' id='word_1_222' title='bbox 706 2813 721 2828; x_wconf 81' lang='grc'><em>’</em></span> <span class='ocrx_word' id='word_1_223' title='bbox 761 2788 831 2850; x_wconf 84' lang='grc' dir='ltr'><strong>Ἦ</strong></span> <span class='ocrx_word' id='word_1_224' title='bbox 881 2789 1050 2867; x_wconf 85' lang='grc' dir='ltr'>πόρνη</span> <span class='ocrx_word' id='word_1_225' title='bbox 1095 2791 1153 2849; x_wconf 78' lang='grc' dir='ltr'>οὗ</span> <span class='ocrx_word' id='word_1_226' title='bbox 1207 2789 1426 2849; x_wconf 85' lang='grc' dir='ltr'>δύναται</span> <span class='ocrx_word' id='word_1_227' title='bbox 1461 2787 1593 2848; x_wconf 74' lang='grc' dir='ltr'>εἶναι</span> <span class='ocrx_word' id='word_1_228' title='bbox 1637 2787 1884 2870; x_wconf 77' lang='grc' dir='ltr'>σώφρων.</span> <span class='ocrx_word' id='word_1_229' title='bbox 1933 2788 2040 2850; x_wconf 74' lang='grc' dir='ltr'>Καὶ</span> 
     </span>
    </p>
   </div>
   <div class='ocr_carea' id='block_1_30' title="bbox 437 2870 2042 2962">
    <p class='ocr_par' dir='ltr' id='par_1_30' title="bbox 437 2870 2042 2962">
     <span class='ocr_line' id='line_1_30' title="bbox 437 2870 2042 2962; baseline -0.002 -23"><span class='ocrx_word' id='word_1_230' title='bbox 437 2879 545 2962; x_wconf 75' lang='grc' dir='ltr'>γὰρ</span> <span class='ocrx_word' id='word_1_231' title='bbox 573 2882 668 2941; x_wconf 80' lang='grc' dir='ltr'>οὐκ</span> <span class='ocrx_word' id='word_1_232' title='bbox 691 2870 861 2952; x_wconf 74' lang='grc' dir='ltr'>εἶπεν,</span> <span class='ocrx_word' id='word_1_233' title='bbox 892 2878 973 2938; x_wconf 76' lang='grc' dir='ltr'><strong>ὅτι</strong></span> <span class='ocrx_word' id='word_1_234' title='bbox 1005 2880 1086 2940; x_wconf 82' lang='grc' dir='ltr'><strong>Οὖ</strong></span> <span class='ocrx_word' id='word_1_235' title='bbox 1110 2877 1414 2958; x_wconf 78' lang='grc' dir='ltr'>δυνήσεται,</span> <span class='ocrx_word' id='word_1_236' title='bbox 1445 2880 1589 2953; x_wconf 82' lang='grc' dir='ltr'>ἀλλ’,</span> <span class='ocrx_word' id='word_1_237' title='bbox 1622 2904 1644 2930; x_wconf 69' lang='grc' dir='ltr'>α</span> <span class='ocrx_word' id='word_1_238' title='bbox 1662 2881 1746 2940; x_wconf 81' lang='grc' dir='ltr'>Οὐ</span> <span class='ocrx_word' id='word_1_239' title='bbox 1770 2876 1990 2940; x_wconf 79' lang='grc' dir='ltr'>δύναται</span> <span class='ocrx_word' id='word_1_240' title='bbox 2015 2903 2042 2932; x_wconf 71' lang='grc' dir='ltr'><strong><em>ι</em></strong></span> 
     </span>
    </p>
   </div>
   <div class='ocr_carea' id='block_1_31' title="bbox 437 2967 2036 3051">
    <p class='ocr_par' dir='ltr' id='par_1_31' title="bbox 437 2967 2036 3051">
     <span class='ocr_line' id='line_1_31' title="bbox 437 2967 2036 3051; baseline -0.001 -21"><span class='ocrx_word' id='word_1_241' title='bbox 437 2977 564 3045; x_wconf 88' lang='grc' dir='ltr'>νῦν,</span> <span class='ocrx_word' id='word_1_242' title='bbox 619 2970 873 3051; x_wconf 80' lang='grc' dir='ltr'>σαρκικὸν</span> <span class='ocrx_word' id='word_1_243' title='bbox 918 2969 1094 3046; x_wconf 84' lang='grc' dir='ltr'>μένον.</span> <span class='ocrx_word' id='word_1_244' title='bbox 1144 2967 1302 3031; x_wconf 77' lang='grc' dir='ltr'>Ἐπεὶ</span> <span class='ocrx_word' id='word_1_245' title='bbox 1349 2972 1462 3038; x_wconf 79' lang='grc' dir='ltr'><strong>πῶς</strong></span> <span class='ocrx_word' id='word_1_246' title='bbox 1507 2969 1664 3038; x_wconf 80' lang='grc' dir='ltr'>αὐτὸς</span> <span class='ocrx_word' id='word_1_247' title='bbox 1701 2971 1921 3038; x_wconf 86' lang='grc' dir='ltr'>Παῦλος</span> <span class='ocrx_word' id='word_1_248' title='bbox 1953 2970 2036 3048; x_wconf 78' lang='grc'><strong>⁶⁴,</strong></span> 
     </span>
    </p>
   </div>
   <div class='ocr_carea' id='block_1_32' title="bbox 437 3061 2039 3144">
    <p class='ocr_par' dir='ltr' id='par_1_32' title="bbox 437 3061 2039 3144">
     <span class='ocr_line' id='line_1_32' title="bbox 437 3061 2039 3144; baseline -0.001 -23"><span class='ocrx_word' id='word_1_249' title='bbox 437 3064 551 3129; x_wconf 79' lang='grc' dir='ltr'><strong>πῶς</strong></span> <span class='ocrx_word' id='word_1_250' title='bbox 601 3062 780 3144; x_wconf 84' lang='grc' dir='ltr'>μυρίοι</span> <span class='ocrx_word' id='word_1_251' title='bbox 826 3061 1013 3128; x_wconf 78' lang='grc' dir='ltr'>ἁπλῶς</span> <span class='ocrx_word' id='word_1_252' title='bbox 1053 3062 1114 3120; x_wconf 85' lang='grc' dir='ltr'><strong>ἐκ</strong></span> <span class='ocrx_word' id='word_1_253' title='bbox 1143 3063 1387 3141; x_wconf 77' lang='grc' dir='ltr'>πονηρῶν</span> <span class='ocrx_word' id='word_1_254' title='bbox 1437 3061 1626 3140; x_wconf 74' lang='grc' dir='ltr'>ἀγαθοὶ</span> <span class='ocrx_word' id='word_1_255' title='bbox 1675 3061 1946 3140; x_wconf 83' lang='grc' dir='ltr'>ἐγένοντο,</span> <span class='ocrx_word' id='word_1_256' title='bbox 1993 3064 2039 3120; x_wconf 82' lang='grc' dir='ltr'><strong>εἰ</strong></span> 
     </span>
    </p>
   </div>
   <div class='ocr_carea' id='block_1_33' title="bbox 2153 621 3752 701">
    <p class='ocr_par' dir='ltr' id='par_1_33' title="bbox 2153 621 3752 701">
     <span class='ocr_line' id='line_1_33' title="bbox 2153 621 3752 701; baseline 0.005 -26"><span class='ocrx_word' id='word_1_257' title='bbox 2153 634 2248 676; x_wconf 90' lang='lat' dir='ltr'><strong>sus</strong></span> <span class='ocrx_word' id='word_1_258' title='bbox 2277 621 2494 689; x_wconf 86' lang='lat' dir='ltr'><strong>spiritui</strong></span> <span class='ocrx_word' id='word_1_259' title='bbox 2537 623 2771 696; x_wconf 80' lang='lat' dir='ltr'><strong>subjecti</strong></span> <span class='ocrx_word' id='word_1_260' title='bbox 2809 634 2961 695; x_wconf 86' lang='lat' dir='ltr'><strong>sunt,</strong></span> <span class='ocrx_word' id='word_1_261' title='bbox 3004 627 3187 683; x_wconf 87' lang='lat' dir='ltr'><strong>omnia</strong></span> <span class='ocrx_word' id='word_1_262' title='bbox 3234 628 3540 700; x_wconf 88' lang='lat' dir='ltr'><strong>spiritualia</strong></span> <span class='ocrx_word' id='word_1_263' title='bbox 3595 629 3752 701; x_wconf 84' lang='lat' dir='ltr'><strong>plane</strong></span> 
     </span>
    </p>
   </div>
   <div class='ocr_carea' id='block_1_34' title="bbox 2151 712 2782 783">
    <p class='ocr_par' dir='ltr' id='par_1_34' title="bbox 2151 712 2782 783">
     <span class='ocr_line' id='line_1_34' title="bbox 2151 712 2782 783; baseline 0.01 -17"><span class='ocrx_word' id='word_1_264' title='bbox 2151 718 2208 766; x_wconf 91' lang='lat' dir='ltr'><strong>et</strong></span> <span class='ocrx_word' id='word_1_265' title='bbox 2233 712 2450 783; x_wconf 89' lang='lat' dir='ltr'><strong>sapiunt</strong></span> <span class='ocrx_word' id='word_1_266' title='bbox 2473 721 2528 770; x_wconf 94' lang='lat' dir='ltr'><strong>et</strong></span> <span class='ocrx_word' id='word_1_267' title='bbox 2555 713 2782 772; x_wconf 91' lang='lat' dir='ltr'><strong>faciunt.</strong></span> 
     </span>
    </p>
   </div>
   <div class='ocr_carea' id='block_1_35' title="bbox 2227 805 3750 879">
    <p class='ocr_par' dir='ltr' id='par_1_35' title="bbox 2227 805 3750 879">
     <span class='ocr_line' id='line_1_35' title="bbox 2227 805 3750 879; baseline 0.005 -21"><span class='ocrx_word' id='word_1_268' title='bbox 2227 805 2396 860; x_wconf 72' lang='lat' dir='ltr'><strong>Vnus.</strong></span> <span class='ocrx_word' id='word_1_269' title='bbox 2430 810 2485 860; x_wconf 91' lang='lat'><strong>6.</strong></span> <span class='ocrx_word' id='word_1_270' title='bbox 2519 827 2546 854; x_wconf 73' lang='grc' dir='ltr'>ι</span> <span class='ocrx_word' id='word_1_271' title='bbox 2586 805 2839 863; x_wconf 79' lang='lat' dir='ltr'><strong>Affectus</strong></span> <span class='ocrx_word' id='word_1_272' title='bbox 2865 807 3019 864; x_wconf 91' lang='lat' dir='ltr'><strong>enim</strong></span> <span class='ocrx_word' id='word_1_273' title='bbox 3059 808 3260 879; x_wconf 89' lang='lat' dir='ltr'><strong>carnis,</strong></span> <span class='ocrx_word' id='word_1_274' title='bbox 3291 823 3443 866; x_wconf 88' lang='lat' dir='ltr'><strong>mors</strong></span> <span class='ocrx_word' id='word_1_275' title='bbox 3472 827 3489 866; x_wconf 90' lang='lat'><strong>:</strong></span> <span class='ocrx_word' id='word_1_276' title='bbox 3518 808 3750 866; x_wconf 85' lang='lat' dir='ltr'><strong>affectus</strong></span> 
     </span>
    </p>
   </div>
   <div class='ocr_carea' id='block_1_36' title="bbox 2150 894 3752 973">
    <p class='ocr_par' dir='ltr' id='par_1_36' title="bbox 2150 894 3752 973">
     <span class='ocr_line' id='line_1_36' title="bbox 2150 894 3752 973; baseline 0.005 -26"><span class='ocrx_word' id='word_1_277' title='bbox 2150 899 2338 948; x_wconf 90' lang='lat' dir='ltr'><strong>autem</strong></span> <span class='ocrx_word' id='word_1_278' title='bbox 2367 894 2624 970; x_wconf 84' lang='lat' dir='ltr'><strong>spiritus,</strong></span> <span class='ocrx_word' id='word_1_279' title='bbox 2653 896 2759 954; x_wconf 91' lang='lat' dir='ltr'><strong>vita</strong></span> <span class='ocrx_word' id='word_1_280' title='bbox 2798 906 2855 954; x_wconf 92' lang='lat' dir='ltr'><strong>et</strong></span> <span class='ocrx_word' id='word_1_281' title='bbox 2881 914 3001 970; x_wconf 86' lang='lat' dir='ltr'><strong>pax.</strong></span> <span class='ocrx_word' id='word_1_282' title='bbox 3035 921 3059 950; x_wconf 76' lang='grc' dir='ltr'><strong><em>ι</em></strong></span> <span class='ocrx_word' id='word_1_283' title='bbox 3089 898 3372 956; x_wconf 86' lang='lat' dir='ltr'><strong>Affectum</strong></span> <span class='ocrx_word' id='word_1_284' title='bbox 3411 900 3594 957; x_wconf 90' lang='lat' dir='ltr'><strong>carnis</strong></span> <span class='ocrx_word' id='word_1_285' title='bbox 3635 901 3752 973; x_wconf 83' lang='lat' dir='ltr'><strong>piu-</strong></span> 
     </span>
    </p>
   </div>
   <div class='ocr_carea' id='block_1_37' title="bbox 2149 983 3747 1064">
    <p class='ocr_par' dir='ltr' id='par_1_37' title="bbox 2149 983 3747 1064">
     <span class='ocr_line' id='line_1_37' title="bbox 2149 983 3747 1064; baseline 0.004 -26"><span class='ocrx_word' id='word_1_286' title='bbox 2149 983 2398 1054; x_wconf 89' lang='lat' dir='ltr'><strong>guiorem</strong></span> <span class='ocrx_word' id='word_1_287' title='bbox 2425 986 2820 1058; x_wconf 83' lang='lat' dir='ltr'><strong>cogitationem</strong></span> <span class='ocrx_word' id='word_1_288' title='bbox 2851 989 3130 1060; x_wconf 88' lang='lat' dir='ltr'><strong>nominat,</strong></span> <span class='ocrx_word' id='word_1_289' title='bbox 3175 1006 3207 1047; x_wconf 90' lang='lat' dir='ltr'><strong>a</strong></span> <span class='ocrx_word' id='word_1_290' title='bbox 3257 989 3428 1064; x_wconf 90' lang='lat' dir='ltr'><strong>pejori</strong></span> <span class='ocrx_word' id='word_1_291' title='bbox 3455 990 3506 1047; x_wconf 91' lang='lat' dir='ltr'><strong>ei</strong></span> <span class='ocrx_word' id='word_1_292' title='bbox 3541 1006 3747 1047; x_wconf 80' lang='lat' dir='ltr'><strong>nomen</strong></span> 
     </span>
    </p>
   </div>
   <div class='ocr_carea' id='block_1_38' title="bbox 2147 1071 3750 1154">
    <p class='ocr_par' dir='ltr' id='par_1_38' title="bbox 2147 1071 3750 1154">
     <span class='ocr_line' id='line_1_38' title="bbox 2147 1071 3750 1154; baseline 0.004 -27"><span class='ocrx_word' id='word_1_293' title='bbox 2147 1071 2362 1130; x_wconf 91' lang='lat' dir='ltr'><strong>indens.</strong></span> <span class='ocrx_word' id='word_1_294' title='bbox 2413 1075 2708 1134; x_wconf 85' lang='lat' dir='ltr'><strong>Enimvero</strong></span> <span class='ocrx_word' id='word_1_295' title='bbox 2739 1077 2853 1150; x_wconf 89' lang='lat' dir='ltr'><strong>ipsa</strong></span> <span class='ocrx_word' id='word_1_296' title='bbox 2885 1094 2982 1151; x_wconf 90' lang='lat' dir='ltr'><strong>per</strong></span> <span class='ocrx_word' id='word_1_297' title='bbox 3011 1080 3244 1152; x_wconf 88' lang='lat' dir='ltr'><strong>seipsam</strong></span> <span class='ocrx_word' id='word_1_298' title='bbox 3287 1095 3419 1137; x_wconf 90' lang='lat' dir='ltr'><strong>caro</strong></span> <span class='ocrx_word' id='word_1_299' title='bbox 3463 1081 3750 1154; x_wconf 75' lang='lat' dir='ltr'><strong>proprium</strong></span> 
     </span>
    </p>
   </div>
   <div class='ocr_carea' id='block_1_39' title="bbox 2147 1161 3749 1244">
    <p class='ocr_par' dir='ltr' id='par_1_39' title="bbox 2147 1161 3749 1244">
     <span class='ocr_line' id='line_1_39' title="bbox 2147 1161 3749 1244; baseline 0.005 -25"><span class='ocrx_word' id='word_1_300' title='bbox 2147 1161 2412 1222; x_wconf 89' lang='lat' dir='ltr'><strong>affectum</strong></span> <span class='ocrx_word' id='word_1_301' title='bbox 2453 1182 2568 1222; x_wconf 93' lang='lat' dir='ltr'><strong>non</strong></span> <span class='ocrx_word' id='word_1_302' title='bbox 2595 1166 2780 1238; x_wconf 86' lang='lat' dir='ltr'><strong>habet,</strong></span> <span class='ocrx_word' id='word_1_303' title='bbox 2809 1169 2908 1226; x_wconf 91' lang='lat' dir='ltr'><strong>sed</strong></span> <span class='ocrx_word' id='word_1_304' title='bbox 2936 1170 3156 1242; x_wconf 83' lang='lat' dir='ltr'><strong>pinguis</strong></span> <span class='ocrx_word' id='word_1_305' title='bbox 3198 1179 3256 1227; x_wconf 92' lang='lat' dir='ltr'><strong>et</strong></span> <span class='ocrx_word' id='word_1_306' title='bbox 3276 1185 3461 1228; x_wconf 90' lang='lat' dir='ltr'><strong>crassa</strong></span> <span class='ocrx_word' id='word_1_307' title='bbox 3488 1170 3749 1244; x_wconf 83' lang='lat' dir='ltr'><strong>cogitatio</strong></span> 
     </span>
    </p>
   </div>
   <div class='ocr_carea' id='block_1_40' title="bbox 2146 1252 3752 1334">
    <p class='ocr_par' dir='ltr' id='par_1_40' title="bbox 2146 1252 3752 1334">
     <span class='ocr_line' id='line_1_40' title="bbox 2146 1252 3752 1334; baseline 0.006 -25"><span class='ocrx_word' id='word_1_308' title='bbox 2146 1261 2230 1310; x_wconf 89' lang='lat' dir='ltr'><strong>est</strong></span> <span class='ocrx_word' id='word_1_309' title='bbox 2275 1252 2510 1313; x_wconf 90' lang='lat' dir='ltr'><strong>affectus</strong></span> <span class='ocrx_word' id='word_1_310' title='bbox 2555 1258 2762 1327; x_wconf 88' lang='lat' dir='ltr'><strong>carnis,</strong></span> <span class='ocrx_word' id='word_1_311' title='bbox 2798 1259 2962 1316; x_wconf 88' lang='lat' dir='ltr'><strong>veluti</strong></span> <span class='ocrx_word' id='word_1_312' title='bbox 3007 1260 3052 1316; x_wconf 91' lang='lat' dir='ltr'><strong>si</strong></span> <span class='ocrx_word' id='word_1_313' title='bbox 3081 1261 3206 1334; x_wconf 90' lang='lat' dir='ltr'><strong>quis</strong></span> <span class='ocrx_word' id='word_1_314' title='bbox 3235 1261 3407 1332; x_wconf 88' lang='lat' dir='ltr'><strong>dicat,</strong></span> <span class='ocrx_word' id='word_1_315' title='bbox 3444 1277 3606 1318; x_wconf 91' lang='lat' dir='ltr'><strong>mens</strong></span> <span class='ocrx_word' id='word_1_316' title='bbox 3635 1278 3752 1318; x_wconf 89' lang='lat' dir='ltr'><strong>car-</strong></span> 
     </span>
    </p>
   </div>
   <div class='ocr_carea' id='block_1_41' title="bbox 2145 1342 3749 1424">
    <p class='ocr_par' dir='ltr' id='par_1_41' title="bbox 2145 1342 3749 1424">
     <span class='ocr_line' id='line_1_41' title="bbox 2145 1342 3749 1424; baseline 0.004 -25"><span class='ocrx_word' id='word_1_317' title='bbox 2145 1342 2291 1401; x_wconf 91' lang='lat' dir='ltr'><strong>nalia</strong></span> <span class='ocrx_word' id='word_1_318' title='bbox 2335 1346 2584 1418; x_wconf 83' lang='lat' dir='ltr'><strong>spirans:</strong></span> <span class='ocrx_word' id='word_1_319' title='bbox 2619 1348 3097 1421; x_wconf 86' lang='lat' dir='ltr'><strong>quemadmodum</strong></span> <span class='ocrx_word' id='word_1_320' title='bbox 3129 1359 3186 1408; x_wconf 93' lang='lat' dir='ltr'><strong>et</strong></span> <span class='ocrx_word' id='word_1_321' title='bbox 3225 1349 3462 1408; x_wconf 82' lang='lat' dir='ltr'><strong>affectus</strong></span> <span class='ocrx_word' id='word_1_322' title='bbox 3503 1352 3749 1424; x_wconf 76' lang='lat' dir='ltr'><strong>spiritus,</strong></span> 
     </span>
    </p>
   </div>
   <div class='ocr_carea' id='block_1_42' title="bbox 2143 1435 3756 1514">
    <p class='ocr_par' dir='ltr' id='par_1_42' title="bbox 2143 1435 3756 1514">
     <span class='ocr_line' id='line_1_42' title="bbox 2143 1435 3756 1514; baseline 0.005 -24"><span class='ocrx_word' id='word_1_323' title='bbox 2143 1435 2405 1507; x_wconf 86' lang='lat' dir='ltr'><strong>cogitatio</strong></span> <span class='ocrx_word' id='word_1_324' title='bbox 2439 1445 2705 1509; x_wconf 86' lang='lat' dir='ltr'><strong>expetens</strong></span> <span class='ocrx_word' id='word_1_325' title='bbox 2745 1447 2804 1496; x_wconf 94' lang='lat' dir='ltr'><strong>et</strong></span> <span class='ocrx_word' id='word_1_326' title='bbox 2823 1439 3088 1498; x_wconf 88' lang='lat' dir='ltr'><strong>anhelans</strong></span> <span class='ocrx_word' id='word_1_327' title='bbox 3124 1441 3196 1498; x_wconf 88' lang='lat' dir='ltr'><strong>ad</strong></span> <span class='ocrx_word' id='word_1_328' title='bbox 3225 1456 3288 1498; x_wconf 92' lang='lat' dir='ltr'><strong>ea</strong></span> <span class='ocrx_word' id='word_1_329' title='bbox 3313 1457 3437 1514; x_wconf 77' lang='lat' dir='ltr'><strong>quae</strong></span> <span class='ocrx_word' id='word_1_330' title='bbox 3473 1450 3607 1499; x_wconf 90' lang='lat' dir='ltr'><strong>sunt</strong></span> <span class='ocrx_word' id='word_1_331' title='bbox 3643 1443 3756 1514; x_wconf 84' lang='lat' dir='ltr'><strong>spi—</strong></span> 
     </span>
    </p>
   </div>
   <div class='ocr_carea' id='block_1_43' title="bbox 2143 1525 3751 1604">
    <p class='ocr_par' dir='ltr' id='par_1_43' title="bbox 2143 1525 3751 1604">
     <span class='ocr_line' id='line_1_43' title="bbox 2143 1525 3751 1604; baseline 0.004 -24"><span class='ocrx_word' id='word_1_332' title='bbox 2143 1525 2288 1581; x_wconf 87' lang='lat' dir='ltr'><strong>ritus</strong></span> <span class='ocrx_word' id='word_1_333' title='bbox 2321 1545 2334 1582; x_wconf 92' lang='lat'><strong>:</strong></span> <span class='ocrx_word' id='word_1_334' title='bbox 2384 1542 2508 1598; x_wconf 70' lang='lat' dir='ltr'><strong>quae</strong></span> <span class='ocrx_word' id='word_1_335' title='bbox 2540 1550 2567 1577; x_wconf 79' lang='grc' dir='ltr'><strong>α</strong></span> <span class='ocrx_word' id='word_1_336' title='bbox 2598 1528 2766 1584; x_wconf 90' lang='lat' dir='ltr'><strong>vitam</strong></span> <span class='ocrx_word' id='word_1_337' title='bbox 2795 1551 2822 1578; x_wconf 70' lang='grc' dir='ltr'><strong>ν</strong></span> <span class='ocrx_word' id='word_1_338' title='bbox 2863 1530 3028 1602; x_wconf 84' lang='lat' dir='ltr'><strong>parit,</strong></span> <span class='ocrx_word' id='word_1_339' title='bbox 3069 1538 3135 1586; x_wconf 89' lang='lat' dir='ltr'><strong>ut</strong></span> <span class='ocrx_word' id='word_1_340' title='bbox 3192 1532 3358 1588; x_wconf 88' lang='lat' dir='ltr'><strong>morti</strong></span> <span class='ocrx_word' id='word_1_341' title='bbox 3415 1540 3751 1604; x_wconf 88' lang='lat' dir='ltr'><strong>opponatur,</strong></span> 
     </span>
    </p>
   </div>
   <div class='ocr_carea' id='block_1_44' title="bbox 2143 1617 3749 1695">
    <p class='ocr_par' dir='ltr' id='par_1_44' title="bbox 2143 1617 3749 1695">
     <span class='ocr_line' id='line_1_44' title="bbox 2143 1617 3749 1695; baseline 0.006 -25"><span class='ocrx_word' id='word_1_342' title='bbox 2143 1630 2311 1688; x_wconf 91' lang='lat' dir='ltr'><strong>quam</strong></span> <span class='ocrx_word' id='word_1_343' title='bbox 2355 1617 2583 1674; x_wconf 86' lang='lat' dir='ltr'><strong>carnalis</strong></span> <span class='ocrx_word' id='word_1_344' title='bbox 2625 1618 2887 1692; x_wconf 87' lang='lat' dir='ltr'><strong>cogitatio</strong></span> <span class='ocrx_word' id='word_1_345' title='bbox 2915 1620 3122 1692; x_wconf 86' lang='lat' dir='ltr'><strong>gignit:</strong></span> <span class='ocrx_word' id='word_1_346' title='bbox 3157 1637 3374 1678; x_wconf 90' lang='lat' dir='ltr'><strong>necnon</strong></span> <span class='ocrx_word' id='word_1_347' title='bbox 3420 1645 3446 1671; x_wconf 72' lang='grc' dir='ltr'><strong>α</strong></span> <span class='ocrx_word' id='word_1_348' title='bbox 3476 1639 3688 1695; x_wconf 91' lang='lat' dir='ltr'><strong>pacem,</strong></span> <span class='ocrx_word' id='word_1_349' title='bbox 3727 1646 3749 1671; x_wconf 81' lang='grc' dir='ltr'><strong><em>ο</em></strong></span> 
     </span>
    </p>
   </div>
   <div class='ocr_carea' id='block_1_45' title="bbox 2141 1708 3753 1785">
    <p class='ocr_par' dir='ltr' id='par_1_45' title="bbox 2141 1708 3753 1785">
     <span class='ocr_line' id='line_1_45' title="bbox 2141 1708 3753 1785; baseline 0.004 -24"><span class='ocrx_word' id='word_1_350' title='bbox 2141 1714 2204 1761; x_wconf 82' lang='grc' dir='ltr'><strong>ιιι</strong></span> <span class='ocrx_word' id='word_1_351' title='bbox 2242 1714 2520 1763; x_wconf 86' lang='lat' dir='ltr'><strong>statuatur</strong></span> <span class='ocrx_word' id='word_1_352' title='bbox 2557 1708 2619 1764; x_wconf 90' lang='lat' dir='ltr'><strong>in</strong></span> <span class='ocrx_word' id='word_1_353' title='bbox 2648 1709 2989 1767; x_wconf 87' lang='lat' dir='ltr'><strong>contrarium</strong></span> <span class='ocrx_word' id='word_1_354' title='bbox 3013 1711 3065 1766; x_wconf 91' lang='lat' dir='ltr'><strong>ei</strong></span> <span class='ocrx_word' id='word_1_355' title='bbox 3103 1711 3252 1782; x_wconf 88' lang='lat' dir='ltr'><strong>quod</strong></span> <span class='ocrx_word' id='word_1_356' title='bbox 3281 1712 3548 1785; x_wconf 89' lang='lat' dir='ltr'><strong>sequitur.</strong></span> <span class='ocrx_word' id='word_1_357' title='bbox 3579 1712 3753 1770; x_wconf 87' lang='lat' dir='ltr'><strong>Infert</strong></span> 
     </span>
    </p>
   </div>
   <div class='ocr_carea' id='block_1_46' title="bbox 2141 1810 2331 1852">
    <p class='ocr_par' dir='ltr' id='par_1_46' title="bbox 2141 1810 2331 1852">
     <span class='ocr_line' id='line_1_46' title="bbox 2141 1810 2331 1852; baseline 0.005 -1"><span class='ocrx_word' id='word_1_358' title='bbox 2141 1810 2290 1851; x_wconf 77' lang='lat' dir='ltr'><strong>enim</strong></span> <span class='ocrx_word' id='word_1_359' title='bbox 2315 1814 2331 1852; x_wconf 71' lang='grc' dir='ltr'><strong>Ξ</strong></span> 
     </span>
    </p>
   </div>
   <div class='ocr_carea' id='block_1_47' title="bbox 2224 1887 3748 1951">
    <p class='ocr_par' dir='ltr' id='par_1_47' title="bbox 2224 1887 3748 1951">
     <span class='ocr_line' id='line_1_47' title="bbox 2224 1887 3748 1951; baseline 0.003 -8"><span class='ocrx_word' id='word_1_360' title='bbox 2224 1888 2395 1944; x_wconf 66' lang='lat' dir='ltr'><strong>Vane.</strong></span> <span class='ocrx_word' id='word_1_361' title='bbox 2436 1893 2486 1944; x_wconf 90' lang='lat'><strong>7.</strong></span> <span class='ocrx_word' id='word_1_362' title='bbox 2513 1909 2538 1938; x_wconf 75' lang='grc' dir='ltr'>ι</span> <span class='ocrx_word' id='word_1_363' title='bbox 2566 1889 2708 1945; x_wconf 87' lang='lat' dir='ltr'><strong>Nam</strong></span> <span class='ocrx_word' id='word_1_364' title='bbox 2729 1887 2966 1946; x_wconf 87' lang='lat' dir='ltr'><strong>affectus</strong></span> <span class='ocrx_word' id='word_1_365' title='bbox 2994 1889 3175 1947; x_wconf 89' lang='lat' dir='ltr'><strong>carnis</strong></span> <span class='ocrx_word' id='word_1_366' title='bbox 3221 1891 3506 1949; x_wconf 90' lang='lat' dir='ltr'><strong>inimicitia</strong></span> <span class='ocrx_word' id='word_1_367' title='bbox 3552 1901 3640 1951; x_wconf 91' lang='lat' dir='ltr'><strong>est</strong></span> <span class='ocrx_word' id='word_1_368' title='bbox 3694 1895 3748 1950; x_wconf 86' lang='lat' dir='ltr'><strong>in</strong></span> 
     </span>
    </p>
   </div>
   <div class='ocr_carea' id='block_1_48' title="bbox 2147 1977 3750 2055">
    <p class='ocr_par' dir='ltr' id='par_1_48' title="bbox 2147 1977 3750 2055">
     <span class='ocr_line' id='line_1_48' title="bbox 2147 1977 3750 2055; baseline 0.004 -24"><span class='ocrx_word' id='word_1_369' title='bbox 2147 1978 2367 2034; x_wconf 87' lang='lat' dir='ltr'><strong>Deum:</strong></span> <span class='ocrx_word' id='word_1_370' title='bbox 2400 1977 2501 2051; x_wconf 84' lang='lat' dir='ltr'><strong>legi</strong></span> <span class='ocrx_word' id='word_1_371' title='bbox 2537 1978 2690 2034; x_wconf 92' lang='lat' dir='ltr'><strong>enim</strong></span> <span class='ocrx_word' id='word_1_372' title='bbox 2728 1979 2832 2035; x_wconf 86' lang='lat' dir='ltr'><strong>Dei</strong></span> <span class='ocrx_word' id='word_1_373' title='bbox 2858 1996 2974 2036; x_wconf 91' lang='lat' dir='ltr'><strong>non</strong></span> <span class='ocrx_word' id='word_1_374' title='bbox 3019 1981 3333 2053; x_wconf 82' lang='lat' dir='ltr'><strong>subjicitur.</strong></span> <span class='ocrx_word' id='word_1_375' title='bbox 3383 1984 3575 2055; x_wconf 86' lang='lat' dir='ltr'><strong>Neque</strong></span> <span class='ocrx_word' id='word_1_376' title='bbox 3602 1982 3750 2040; x_wconf 91' lang='lat' dir='ltr'><strong>enim</strong></span> 
     </span>
    </p>
   </div>
   <div class='ocr_carea' id='block_1_49' title="bbox 2148 2069 3753 2144">
    <p class='ocr_par' dir='ltr' id='par_1_49' title="bbox 2148 2069 3753 2144">
     <span class='ocr_line' id='line_1_49' title="bbox 2148 2069 3753 2144; baseline 0.004 -21"><span class='ocrx_word' id='word_1_377' title='bbox 2148 2074 2346 2138; x_wconf 91' lang='lat' dir='ltr'><strong>potest.</strong></span> <span class='ocrx_word' id='word_1_378' title='bbox 2379 2088 2410 2118; x_wconf 76' lang='grc' dir='ltr'>ιο</span> <span class='ocrx_word' id='word_1_379' title='bbox 2441 2069 2746 2141; x_wconf 89' lang='lat' dir='ltr'><strong>Spiritualis</strong></span> <span class='ocrx_word' id='word_1_380' title='bbox 2780 2071 3042 2143; x_wconf 86' lang='lat' dir='ltr'><strong>cogitatio</strong></span> <span class='ocrx_word' id='word_1_381' title='bbox 3089 2087 3281 2143; x_wconf 90' lang='lat' dir='ltr'><strong>pacem</strong></span> <span class='ocrx_word' id='word_1_382' title='bbox 3330 2081 3575 2144; x_wconf 87' lang='lat' dir='ltr'><strong>generat,</strong></span> <span class='ocrx_word' id='word_1_383' title='bbox 3631 2090 3753 2130; x_wconf 87' lang='lat' dir='ltr'><strong>car-</strong></span> 
     </span>
    </p>
   </div>
   <div class='ocr_carea' id='block_1_50' title="bbox 2146 2157 3747 2233">
    <p class='ocr_par' dir='ltr' id='par_1_50' title="bbox 2146 2157 3747 2233">
     <span class='ocr_line' id='line_1_50' title="bbox 2146 2157 3747 2233; baseline 0.004 -21"><span class='ocrx_word' id='word_1_384' title='bbox 2146 2157 2291 2213; x_wconf 89' lang='lat' dir='ltr'><strong>nalia</strong></span> <span class='ocrx_word' id='word_1_385' title='bbox 2325 2173 2454 2214; x_wconf 90' lang='lat' dir='ltr'><strong>vero</strong></span> <span class='ocrx_word' id='word_1_386' title='bbox 2502 2157 2791 2227; x_wconf 84' lang='lat' dir='ltr'><strong>affectans,</strong></span> <span class='ocrx_word' id='word_1_387' title='bbox 2824 2160 3138 2217; x_wconf 88' lang='lat' dir='ltr'><strong>inimicitias</strong></span> <span class='ocrx_word' id='word_1_388' title='bbox 3184 2178 3314 2233; x_wconf 88' lang='lat' dir='ltr'><strong>erga</strong></span> <span class='ocrx_word' id='word_1_389' title='bbox 3345 2165 3549 2219; x_wconf 86' lang='lat' dir='ltr'><strong>Deum.</strong></span> <span class='ocrx_word' id='word_1_390' title='bbox 3602 2165 3747 2220; x_wconf 85' lang='lat' dir='ltr'><strong>Num</strong></span> 
     </span>
    </p>
   </div>
   <div class='ocr_carea' id='block_1_51' title="bbox 2147 2246 3747 2326">
    <p class='ocr_par' dir='ltr' id='par_1_51' title="bbox 2147 2246 3747 2326">
     <span class='ocr_line' id='line_1_51' title="bbox 2147 2246 3747 2326; baseline 0.006 -24"><span class='ocrx_word' id='word_1_391' title='bbox 2147 2246 2314 2320; x_wconf 87' lang='lat' dir='ltr'><strong>igitur</strong></span> <span class='ocrx_word' id='word_1_392' title='bbox 2337 2263 2539 2304; x_wconf 91' lang='lat' dir='ltr'><strong>manus</strong></span> <span class='ocrx_word' id='word_1_393' title='bbox 2563 2257 2756 2306; x_wconf 91' lang='lat' dir='ltr'><strong>contra</strong></span> <span class='ocrx_word' id='word_1_394' title='bbox 2775 2254 2946 2306; x_wconf 90' lang='lat' dir='ltr'><strong>Deum</strong></span> <span class='ocrx_word' id='word_1_395' title='bbox 2971 2251 3172 2308; x_wconf 89' lang='lat' dir='ltr'><strong>attollit</strong></span> <span class='ocrx_word' id='word_1_396' title='bbox 3197 2254 3222 2306; x_wconf 72' lang='grc' dir='ltr'>Ρ</span> <span class='ocrx_word' id='word_1_397' title='bbox 3242 2254 3390 2321; x_wconf 87' lang='lat' dir='ltr'><strong>Non,</strong></span> <span class='ocrx_word' id='word_1_398' title='bbox 3417 2252 3622 2326; x_wconf 90' lang='lat' dir='ltr'><strong>inquit,</strong></span> <span class='ocrx_word' id='word_1_399' title='bbox 3652 2255 3747 2311; x_wconf 87' lang='lat' dir='ltr'><strong>sed</strong></span> 
     </span>
    </p>
   </div>
   <div class='ocr_carea' id='block_1_52' title="bbox 2146 2337 3750 2413">
    <p class='ocr_par' dir='ltr' id='par_1_52' title="bbox 2146 2337 3750 2413">
     <span class='ocr_line' id='line_1_52' title="bbox 2146 2337 3750 2413; baseline 0.006 -21"><span class='ocrx_word' id='word_1_400' title='bbox 2146 2337 2252 2409; x_wconf 90' lang='lat' dir='ltr'><strong>legi</strong></span> <span class='ocrx_word' id='word_1_401' title='bbox 2278 2339 2397 2410; x_wconf 83' lang='lat' dir='ltr'><strong>ejus</strong></span> <span class='ocrx_word' id='word_1_402' title='bbox 2425 2354 2539 2395; x_wconf 87' lang='lat' dir='ltr'><strong>non</strong></span> <span class='ocrx_word' id='word_1_403' title='bbox 2569 2340 2833 2413; x_wconf 86' lang='lat' dir='ltr'><strong>subjecta,</strong></span> <span class='ocrx_word' id='word_1_404' title='bbox 2862 2340 3066 2398; x_wconf 89' lang='lat' dir='ltr'><strong>dicitur</strong></span> <span class='ocrx_word' id='word_1_405' title='bbox 3095 2357 3212 2399; x_wconf 90' lang='lat' dir='ltr'><strong>esse</strong></span> <span class='ocrx_word' id='word_1_406' title='bbox 3240 2341 3463 2399; x_wconf 88' lang='lat' dir='ltr'><strong>inimica</strong></span> <span class='ocrx_word' id='word_1_407' title='bbox 3502 2347 3642 2400; x_wconf 93' lang='lat' dir='ltr'><strong>Deo.</strong></span> <span class='ocrx_word' id='word_1_408' title='bbox 3669 2347 3750 2401; x_wconf 84' lang='lat' dir='ltr'><strong>Nc</strong></span> 
     </span>
    </p>
   </div>
   <div class='ocr_carea' id='block_1_53' title="bbox 2147 2426 3746 2505">
    <p class='ocr_par' dir='ltr' id='par_1_53' title="bbox 2147 2426 3746 2505">
     <span class='ocr_line' id='line_1_53' title="bbox 2147 2426 3746 2505; baseline 0.006 -22"><span class='ocrx_word' id='word_1_409' title='bbox 2147 2426 2391 2486; x_wconf 88' lang='lat' dir='ltr'><strong>turberis</strong></span> <span class='ocrx_word' id='word_1_410' title='bbox 2437 2437 2624 2486; x_wconf 87' lang='lat' dir='ltr'><strong>autem</strong></span> <span class='ocrx_word' id='word_1_411' title='bbox 2652 2446 2785 2487; x_wconf 90' lang='lat' dir='ltr'><strong>cum</strong></span> <span class='ocrx_word' id='word_1_412' title='bbox 2813 2429 2994 2499; x_wconf 85' lang='lat' dir='ltr'><strong>audis,</strong></span> <span class='ocrx_word' id='word_1_413' title='bbox 3029 2455 3054 2480; x_wconf 79' lang='grc' dir='ltr'>ιο</span> <span class='ocrx_word' id='word_1_414' title='bbox 3083 2435 3272 2504; x_wconf 86' lang='lat' dir='ltr'><strong>Neque</strong></span> <span class='ocrx_word' id='word_1_415' title='bbox 3297 2433 3446 2490; x_wconf 89' lang='lat' dir='ltr'><strong>enim</strong></span> <span class='ocrx_word' id='word_1_416' title='bbox 3473 2441 3688 2505; x_wconf 81' lang='lat' dir='ltr'><strong>potest;</strong></span> <span class='ocrx_word' id='word_1_417' title='bbox 3725 2459 3746 2482; x_wconf 72' lang='grc' dir='ltr'><strong>υ</strong></span> 
     </span>
    </p>
   </div>
   <div class='ocr_carea' id='block_1_54' title="bbox 2149 2517 3752 2595">
    <p class='ocr_par' dir='ltr' id='par_1_54' title="bbox 2149 2517 3752 2595">
     <span class='ocr_line' id='line_1_54' title="bbox 2149 2517 3752 2595; baseline 0.004 -22"><span class='ocrx_word' id='word_1_418' title='bbox 2149 2533 2339 2573; x_wconf 89' lang='lat' dir='ltr'><strong>verum</strong></span> <span class='ocrx_word' id='word_1_419' title='bbox 2363 2517 2423 2574; x_wconf 91' lang='lat' dir='ltr'><strong>id</strong></span> <span class='ocrx_word' id='word_1_420' title='bbox 2444 2518 2593 2590; x_wconf 90' lang='lat' dir='ltr'><strong>quod</strong></span> <span class='ocrx_word' id='word_1_421' title='bbox 2615 2519 2840 2589; x_wconf 88' lang='lat' dir='ltr'><strong>dicitur,</strong></span> <span class='ocrx_word' id='word_1_422' title='bbox 2867 2520 3107 2594; x_wconf 91' lang='lat' dir='ltr'><strong>intellige</strong></span> <span class='ocrx_word' id='word_1_423' title='bbox 3134 2522 3298 2578; x_wconf 87' lang='lat' dir='ltr'><strong>sicuti</strong></span> <span class='ocrx_word' id='word_1_424' title='bbox 3343 2531 3582 2595; x_wconf 88' lang='lat' dir='ltr'><strong>oportet.</strong></span> <span class='ocrx_word' id='word_1_425' title='bbox 3626 2526 3752 2580; x_wconf 89' lang='lat' dir='ltr'><strong>Non</strong></span> 
     </span>
    </p>
   </div>
   <div class='ocr_carea' id='block_1_55' title="bbox 2149 2607 3754 2686">
    <p class='ocr_par' dir='ltr' id='par_1_55' title="bbox 2149 2607 3754 2686">
     <span class='ocr_line' id='line_1_55' title="bbox 2149 2607 3754 2686; baseline 0.003 -21"><span class='ocrx_word' id='word_1_426' title='bbox 2149 2615 2333 2680; x_wconf 90' lang='lat' dir='ltr'><strong>potest</strong></span> <span class='ocrx_word' id='word_1_427' title='bbox 2351 2608 2498 2665; x_wconf 91' lang='lat' dir='ltr'><strong>enim</strong></span> <span class='ocrx_word' id='word_1_428' title='bbox 2524 2607 2760 2666; x_wconf 86' lang='lat' dir='ltr'><strong>affectus</strong></span> <span class='ocrx_word' id='word_1_429' title='bbox 2783 2611 2986 2680; x_wconf 90' lang='lat' dir='ltr'><strong>carnis,</strong></span> <span class='ocrx_word' id='word_1_430' title='bbox 3018 2610 3264 2684; x_wconf 89' lang='lat' dir='ltr'><strong>quandiu</strong></span> <span class='ocrx_word' id='word_1_431' title='bbox 3287 2611 3612 2684; x_wconf 89' lang='lat' dir='ltr'><strong>hujusmodi</strong></span> <span class='ocrx_word' id='word_1_432' title='bbox 3633 2629 3754 2686; x_wconf 88' lang='lat' dir='ltr'><strong>per-</strong></span> 
     </span>
    </p>
   </div>
   <div class='ocr_carea' id='block_1_56' title="bbox 2148 2698 3749 2776">
    <p class='ocr_par' dir='ltr' id='par_1_56' title="bbox 2148 2698 3749 2776">
     <span class='ocr_line' id='line_1_56' title="bbox 2148 2698 3749 2776; baseline 0.002 -21"><span class='ocrx_word' id='word_1_433' title='bbox 2148 2699 2436 2767; x_wconf 88' lang='lat' dir='ltr'><strong>manserit,</strong></span> <span class='ocrx_word' id='word_1_434' title='bbox 2485 2698 2646 2756; x_wconf 90' lang='lat' dir='ltr'><strong>subdi</strong></span> <span class='ocrx_word' id='word_1_435' title='bbox 2695 2703 2858 2758; x_wconf 88' lang='lat' dir='ltr'><strong>Deo:</strong></span> <span class='ocrx_word' id='word_1_436' title='bbox 2905 2717 3062 2773; x_wconf 69' lang='lat' dir='ltr'><strong>aeque</strong></span> <span class='ocrx_word' id='word_1_437' title='bbox 3128 2717 3193 2758; x_wconf 92' lang='lat' dir='ltr'><strong>ac</strong></span> <span class='ocrx_word' id='word_1_438' title='bbox 3235 2701 3283 2758; x_wconf 89' lang='lat' dir='ltr'><strong>si</strong></span> <span class='ocrx_word' id='word_1_439' title='bbox 3336 2701 3483 2758; x_wconf 89' lang='lat' dir='ltr'><strong>dicat</strong></span> <span class='ocrx_word' id='word_1_440' title='bbox 3529 2703 3749 2776; x_wconf 84' lang='lat' dir='ltr'><strong>aliquis,</strong></span> 
     </span>
    </p>
   </div>
   <div class='ocr_carea' id='block_1_57' title="bbox 2149 2788 3746 2864">
    <p class='ocr_par' dir='ltr' id='par_1_57' title="bbox 2149 2788 3746 2864">
     <span class='ocr_line' id='line_1_57' title="bbox 2149 2788 3746 2864; baseline 0.002 -18"><span class='ocrx_word' id='word_1_441' title='bbox 2149 2788 2495 2846; x_wconf 82' lang='lat' dir='ltr'><strong>Fornicatrix</strong></span> <span class='ocrx_word' id='word_1_442' title='bbox 2541 2805 2656 2846; x_wconf 93' lang='lat' dir='ltr'><strong>non</strong></span> <span class='ocrx_word' id='word_1_443' title='bbox 2695 2798 2881 2863; x_wconf 86' lang='lat' dir='ltr'><strong>potest</strong></span> <span class='ocrx_word' id='word_1_444' title='bbox 2921 2806 3040 2848; x_wconf 90' lang='lat' dir='ltr'><strong>esse</strong></span> <span class='ocrx_word' id='word_1_445' title='bbox 3070 2799 3407 2864; x_wconf 90' lang='lat' dir='ltr'><strong>temperans.</strong></span> <span class='ocrx_word' id='word_1_446' title='bbox 3441 2795 3568 2850; x_wconf 92' lang='lat' dir='ltr'><strong>Non</strong></span> <span class='ocrx_word' id='word_1_447' title='bbox 3595 2793 3746 2850; x_wconf 91' lang='lat' dir='ltr'><strong>enim</strong></span> 
     </span>
    </p>
   </div>
   <div class='ocr_carea' id='block_1_58' title="bbox 2147 2877 3751 2955">
    <p class='ocr_par' dir='ltr' id='par_1_58' title="bbox 2147 2877 3751 2955">
     <span class='ocr_line' id='line_1_58' title="bbox 2147 2877 3751 2955; baseline 0.004 -21"><span class='ocrx_word' id='word_1_448' title='bbox 2147 2877 2283 2935; x_wconf 82' lang='lat' dir='ltr'><strong>dixit</strong></span> <span class='ocrx_word' id='word_1_449' title='bbox 2294 2879 2443 2950; x_wconf 90' lang='lat' dir='ltr'><strong>quod</strong></span> <span class='ocrx_word' id='word_1_450' title='bbox 2458 2895 2571 2935; x_wconf 92' lang='lat' dir='ltr'><strong>non</strong></span> <span class='ocrx_word' id='word_1_451' title='bbox 2589 2881 2790 2953; x_wconf 89' lang='lat' dir='ltr'><strong>poterit</strong></span> <span class='ocrx_word' id='word_1_452' title='bbox 2804 2897 3076 2955; x_wconf 86' lang='lat' dir='ltr'><strong>unquam,</strong></span> <span class='ocrx_word' id='word_1_453' title='bbox 3101 2897 3294 2939; x_wconf 84' lang='lat' dir='ltr'><strong>verum</strong></span> <span class='ocrx_word' id='word_1_454' title='bbox 3314 2905 3340 2931; x_wconf 76' lang='grc' dir='ltr'><strong>α</strong></span> <span class='ocrx_word' id='word_1_455' title='bbox 3362 2885 3488 2939; x_wconf 87' lang='lat' dir='ltr'><strong>Non</strong></span> <span class='ocrx_word' id='word_1_456' title='bbox 3513 2891 3694 2955; x_wconf 87' lang='lat' dir='ltr'><strong>potest</strong></span> <span class='ocrx_word' id='word_1_457' title='bbox 3727 2906 3751 2931; x_wconf 79' lang='grc' dir='ltr'>ι»</span> 
     </span>
    </p>
   </div>
   <div class='ocr_carea' id='block_1_59' title="bbox 2142 2967 3750 3044">
    <p class='ocr_par' dir='ltr' id='par_1_59' title="bbox 2142 2967 3750 3044">
     <span class='ocr_line' id='line_1_59' title="bbox 2142 2967 3750 3044; baseline 0.003 -19"><span class='ocrx_word' id='word_1_458' title='bbox 2142 2967 2260 3041; x_wconf 91' lang='lat' dir='ltr'><strong>jam</strong></span> <span class='ocrx_word' id='word_1_459' title='bbox 2287 2986 2438 3026; x_wconf 90' lang='lat' dir='ltr'><strong>nunc</strong></span> <span class='ocrx_word' id='word_1_460' title='bbox 2464 2970 2600 3027; x_wconf 92' lang='lat' dir='ltr'><strong>dum</strong></span> <span class='ocrx_word' id='word_1_461' title='bbox 2627 2972 2866 3028; x_wconf 89' lang='lat' dir='ltr'><strong>carnalis</strong></span> <span class='ocrx_word' id='word_1_462' title='bbox 2907 2981 3218 3044; x_wconf 90' lang='lat' dir='ltr'><strong>permanet.</strong></span> <span class='ocrx_word' id='word_1_463' title='bbox 3262 2972 3562 3044; x_wconf 86' lang='lat' dir='ltr'><strong>Quomodo</strong></span> <span class='ocrx_word' id='word_1_464' title='bbox 3601 2973 3750 3030; x_wconf 90' lang='lat' dir='ltr'><strong>enim</strong></span> 
     </span>
    </p>
   </div>
   <div class='ocr_carea' id='block_1_60' title="bbox 2149 3059 3754 3135">
    <p class='ocr_par' dir='ltr' id='par_1_60' title="bbox 2149 3059 3754 3135">
     <span class='ocr_line' id='line_1_60' title="bbox 2149 3059 3754 3135; baseline 0.002 -21"><span class='ocrx_word' id='word_1_465' title='bbox 2149 3059 2265 3131; x_wconf 90' lang='lat' dir='ltr'><strong>ipse</strong></span> <span class='ocrx_word' id='word_1_466' title='bbox 2293 3060 2518 3128; x_wconf 83' lang='lat' dir='ltr'><strong>Paulus,</strong></span> <span class='ocrx_word' id='word_1_467' title='bbox 2539 3062 2824 3133; x_wconf 91' lang='lat' dir='ltr'><strong>quomodo</strong></span> <span class='ocrx_word' id='word_1_468' title='bbox 2852 3063 3014 3131; x_wconf 87' lang='lat' dir='ltr'><strong>latro,</strong></span> <span class='ocrx_word' id='word_1_469' title='bbox 3042 3062 3324 3135; x_wconf 92' lang='lat' dir='ltr'><strong>quomodo</strong></span> <span class='ocrx_word' id='word_1_470' title='bbox 3355 3063 3634 3119; x_wconf 89' lang='lat' dir='ltr'><strong>innumeri</strong></span> <span class='ocrx_word' id='word_1_471' title='bbox 3662 3063 3754 3120; x_wconf 92' lang='lat' dir='ltr'><strong>alii</strong></span> 
     </span>
    </p>
   </div>
   <div class='ocr_carea' id='block_1_61' title="bbox 439 3145 2042 3233">
    <p class='ocr_par' dir='ltr' id='par_1_61' title="bbox 439 3145 2041 3233">
     <span class='ocr_line' id='line_1_61' title="bbox 439 3145 2041 3233; baseline -0.001 -22"><span class='ocrx_word' id='word_1_472' title='bbox 439 3151 694 3220; x_wconf 78' lang='grc' dir='ltr'>ἀδύνατος</span> <span class='ocrx_word' id='word_1_473' title='bbox 722 3145 786 3226; x_wconf 73' lang='grc' dir='ltr'>ἧν</span> <span class='ocrx_word' id='word_1_474' title='bbox 816 3159 850 3225; x_wconf 81' lang='grc' dir='ltr'>ἡ</span> <span class='ocrx_word' id='word_1_475' title='bbox 886 3151 1194 3229; x_wconf 82' lang='grc' dir='ltr'>μεταϐολή;</span> <span class='ocrx_word' id='word_1_476' title='bbox 1225 3152 1388 3212; x_wconf 81' lang='grc' dir='ltr'>Οὕτω</span> <span class='ocrx_word' id='word_1_477' title='bbox 1416 3151 1510 3211; x_wconf 78' lang='grc' dir='ltr'>καὶ</span> <span class='ocrx_word' id='word_1_478' title='bbox 1539 3153 1593 3211; x_wconf 80' lang='grc' dir='ltr'>ἐν</span> <span class='ocrx_word' id='word_1_479' title='bbox 1620 3153 1696 3233; x_wconf 87' lang='grc' dir='ltr'><strong>τῷ</strong></span> <span class='ocrx_word' id='word_1_480' title='bbox 1731 3150 2041 3232; x_wconf 83' lang='grc' dir='ltr'>Εὗαγγελίῳ</span> 
     </span>
    </p>
   </div>
   <div class='ocr_carea' id='block_1_62' title="bbox 2151 3145 3757 3233">
    <p class='ocr_par' dir='ltr' id='par_1_62' title="bbox 2151 3150 3757 3225">
     <span class='ocr_line' id='line_1_62' title="bbox 2151 3150 3757 3225; baseline 0.002 -20"><span class='ocrx_word' id='word_1_481' title='bbox 2151 3153 2231 3217; x_wconf 88' lang='lat' dir='ltr'><strong>(ut</strong></span> <span class='ocrx_word' id='word_1_482' title='bbox 2258 3151 2427 3206; x_wconf 91' lang='lat' dir='ltr'><strong>semel</strong></span> <span class='ocrx_word' id='word_1_483' title='bbox 2477 3150 2682 3219; x_wconf 91' lang='lat' dir='ltr'><strong>dicam)</strong></span> <span class='ocrx_word' id='word_1_484' title='bbox 2710 3153 2979 3219; x_wconf 90' lang='lat' dir='ltr'><strong>scelerosi,</strong></span> <span class='ocrx_word' id='word_1_485' title='bbox 3034 3169 3101 3209; x_wconf 86' lang='lat' dir='ltr'><strong>ex</strong></span> <span class='ocrx_word' id='word_1_486' title='bbox 3143 3153 3300 3209; x_wconf 91' lang='lat' dir='ltr'><strong>malis</strong></span> <span class='ocrx_word' id='word_1_487' title='bbox 3328 3153 3452 3210; x_wconf 91' lang='lat' dir='ltr'><strong>boni</strong></span> <span class='ocrx_word' id='word_1_488' title='bbox 3495 3153 3613 3208; x_wconf 89' lang='lat' dir='ltr'><strong>ﬁeri</strong></span> <span class='ocrx_word' id='word_1_489' title='bbox 3661 3169 3757 3225; x_wconf 86' lang='lat' dir='ltr'><strong>po-</strong></span> 
     </span>
    </p>
   </div>
   <div class='ocr_carea' id='block_1_63' title="bbox 438 3234 2041 3323">
    <p class='ocr_par' dir='ltr' id='par_1_63' title="bbox 438 3234 2041 3323">
     <span class='ocr_line' id='line_1_63' title="bbox 438 3234 2041 3323; baseline -0.002 -20"><span class='ocrx_word' id='word_1_490' title='bbox 438 3247 467 3303; x_wconf 82' lang='grc' dir='ltr'><strong>ὁ</strong></span> <span class='ocrx_word' id='word_1_491' title='bbox 523 3241 717 3322; x_wconf 77' lang='grc' dir='ltr'>Κύριος</span> <span class='ocrx_word' id='word_1_492' title='bbox 771 3234 919 3302; x_wconf 77' lang='grc' dir='ltr'>εἶπεν</span> <span class='ocrx_word' id='word_1_493' title='bbox 964 3265 979 3279; x_wconf 78' lang='grc' dir='ltr'><strong>ο</strong></span> <span class='ocrx_word' id='word_1_494' title='bbox 1045 3262 1074 3300; x_wconf 82' lang='grc' dir='ltr'>(ι</span> <span class='ocrx_word' id='word_1_495' title='bbox 1131 3244 1215 3302; x_wconf 79' lang='grc' dir='ltr'><strong>Οὐ</strong></span> <span class='ocrx_word' id='word_1_496' title='bbox 1267 3240 1488 3302; x_wconf 83' lang='grc' dir='ltr'>δύναται</span> <span class='ocrx_word' id='word_1_497' title='bbox 1549 3241 1760 3320; x_wconf 87' lang='grc' dir='ltr'>δένδρον</span> <span class='ocrx_word' id='word_1_498' title='bbox 1810 3244 2041 3323; x_wconf 81' lang='grc' dir='ltr'>πονηρὸν</span> 
     </span>
    </p>
   </div>
   <div class='ocr_carea' id='block_1_64' title="bbox 440 3323 2040 3412">
    <p class='ocr_par' dir='ltr' id='par_1_64' title="bbox 440 3323 2040 3412">
     <span class='ocr_line' id='line_1_64' title="bbox 440 3323 2040 3412; baseline -0.001 -20"><span class='ocrx_word' id='word_1_499' title='bbox 440 3331 674 3412; x_wconf 79' lang='grc' dir='ltr'>καρποὺς</span> <span class='ocrx_word' id='word_1_500' title='bbox 702 3331 901 3401; x_wconf 82' lang='grc' dir='ltr'>καλοὺς</span> <span class='ocrx_word' id='word_1_501' title='bbox 932 3341 1102 3392; x_wconf 82' lang='grc' dir='ltr'>ποιεῖν</span> <span class='ocrx_word' id='word_1_502' title='bbox 1141 3355 1156 3369; x_wconf 74' lang='grc' dir='ltr'><strong>ο</strong></span> <span class='ocrx_word' id='word_1_503' title='bbox 1185 3361 1209 3385; x_wconf 70' lang='grc' dir='ltr'><strong>ν</strong></span> <span class='ocrx_word' id='word_1_504' title='bbox 1243 3332 1360 3391; x_wconf 74' lang='grc' dir='ltr'>ἀντὶ</span> <span class='ocrx_word' id='word_1_505' title='bbox 1388 3337 1482 3392; x_wconf 89' lang='grc' dir='ltr'><strong>τοῦ</strong></span> <span class='ocrx_word' id='word_1_506' title='bbox 1503 3380 1519 3409; x_wconf 87' lang='lat'><strong>,</strong></span> <span class='ocrx_word' id='word_1_507' title='bbox 1549 3331 1598 3400; x_wconf 88' lang='grc' dir='ltr'>ἔς</span> <span class='ocrx_word' id='word_1_508' title='bbox 1623 3333 1669 3392; x_wconf 91' lang='grc' dir='ltr'>τ’</span> <span class='ocrx_word' id='word_1_509' title='bbox 1703 3331 1766 3391; x_wconf 82' lang='grc' dir='ltr'><strong>ἂν</strong></span> <span class='ocrx_word' id='word_1_510' title='bbox 1867 3356 2040 3404; x_wconf 91' lang='grc' dir='ltr'>πονη-</span> 
     </span>
    </p>
   </div>
   <div class='ocr_carea' id='block_1_65' title="bbox 445 3421 2043 3503">
    <p class='ocr_par' dir='ltr' id='par_1_65' title="bbox 445 3421 2043 3503">
     <span class='ocr_line' id='line_1_65' title="bbox 445 3421 2043 3503; baseline -0.003 -20"><span class='ocrx_word' id='word_1_511' title='bbox 445 3423 555 3503; x_wconf 84' lang='grc' dir='ltr'>ρόν.</span> <span class='ocrx_word' id='word_1_512' title='bbox 614 3423 710 3496; x_wconf 75' lang='grc' dir='ltr'><strong>Μὴ</strong></span> <span class='ocrx_word' id='word_1_513' title='bbox 742 3423 919 3484; x_wconf 82' lang='grc' dir='ltr'>τοίνυν</span> <span class='ocrx_word' id='word_1_514' title='bbox 975 3421 1206 3503; x_wconf 84' lang='grc' dir='ltr'>σαρκικὰ</span> <span class='ocrx_word' id='word_1_515' title='bbox 1258 3425 1573 3503; x_wconf 78' lang='grc' dir='ltr'>φρονῶμεν,</span> <span class='ocrx_word' id='word_1_516' title='bbox 1631 3421 1773 3482; x_wconf 78' lang='grc' dir='ltr'>ἀλλὰ</span> <span class='ocrx_word' id='word_1_517' title='bbox 1832 3421 1900 3481; x_wconf 80' lang='grc' dir='ltr'><strong>τὰ</strong></span> <span class='ocrx_word' id='word_1_518' title='bbox 1947 3427 2043 3482; x_wconf 87' lang='grc' dir='ltr'><strong>τοῦ</strong></span> 
     </span>
    </p>
   </div>
   <div class='ocr_carea' id='block_1_66' title="bbox 447 3511 2044 3594">
    <p class='ocr_par' dir='ltr' id='par_1_66' title="bbox 447 3511 2044 3594">
     <span class='ocr_line' id='line_1_66' title="bbox 447 3511 2044 3594; baseline 0.001 -24"><span class='ocrx_word' id='word_1_519' title='bbox 447 3511 774 3590; x_wconf 78' lang='grc' dir='ltr'>πνεύματος,</span> <span class='ocrx_word' id='word_1_520' title='bbox 802 3516 891 3574; x_wconf 75' lang='grc' dir='ltr'>ἵνα</span> <span class='ocrx_word' id='word_1_521' title='bbox 934 3513 1151 3594; x_wconf 78' lang='grc' dir='ltr'>εἰρήνην</span> <span class='ocrx_word' id='word_1_522' title='bbox 1189 3511 1398 3594; x_wconf 82' lang='grc' dir='ltr'>ἔχωμεν</span> <span class='ocrx_word' id='word_1_523' title='bbox 1427 3513 1558 3593; x_wconf 78' lang='grc' dir='ltr'>πρὸς</span> <span class='ocrx_word' id='word_1_524' title='bbox 1591 3511 1682 3572; x_wconf 80' lang='grc' dir='ltr'><strong>τὸν</strong></span> <span class='ocrx_word' id='word_1_525' title='bbox 1711 3512 1851 3573; x_wconf 83' lang='grc' dir='ltr'>Θεὸν</span> <span class='ocrx_word' id='word_1_526' title='bbox 1886 3511 2044 3572; x_wconf 87' lang='grc' dir='ltr'>δόντα</span> 
     </span>
    </p>
   </div>
   <div class='ocr_carea' id='block_1_67' title="bbox 447 3594 2046 3686">
    <p class='ocr_par' dir='ltr' id='par_1_67' title="bbox 447 3594 2046 3686">
     <span class='ocr_line' id='line_1_67' title="bbox 447 3594 2046 3686; baseline 0 -25"><span class='ocrx_word' id='word_1_527' title='bbox 447 3607 580 3678; x_wconf 80' lang='grc' dir='ltr'>ἡμῖν</span> <span class='ocrx_word' id='word_1_528' title='bbox 611 3602 669 3661; x_wconf 76' lang='grc' dir='ltr'><strong>τὸ</strong></span> <span class='ocrx_word' id='word_1_529' title='bbox 697 3607 918 3680; x_wconf 83' lang='grc' dir='ltr'>Πνεῦμα</span> <span class='ocrx_word' id='word_1_530' title='bbox 943 3653 960 3680; x_wconf 84' lang='grc'><strong>,</strong></span> <span class='ocrx_word' id='word_1_531' title='bbox 996 3604 1062 3662; x_wconf 88' lang='grc' dir='ltr'><strong>δι’</strong></span> <span class='ocrx_word' id='word_1_532' title='bbox 1101 3594 1159 3662; x_wconf 69' lang='grc' dir='ltr'><strong>οὗ</strong></span> <span class='ocrx_word' id='word_1_533' title='bbox 1206 3603 1386 3664; x_wconf 89' lang='grc' dir='ltr'>πάντα</span> <span class='ocrx_word' id='word_1_534' title='bbox 1437 3603 1550 3686; x_wconf 74' lang='grc' dir='ltr'><strong>ῥᾴω</strong></span> <span class='ocrx_word' id='word_1_535' title='bbox 1592 3607 1721 3682; x_wconf 84' lang='grc' dir='ltr'>ἡμῖν</span> <span class='ocrx_word' id='word_1_536' title='bbox 1765 3604 1835 3662; x_wconf 77' lang='grc' dir='ltr'><strong>τὰ</strong></span> <span class='ocrx_word' id='word_1_537' title='bbox 1881 3604 1936 3660; x_wconf 83' lang='grc' dir='ltr'>ἐν</span> <span class='ocrx_word' id='word_1_538' title='bbox 1970 3605 2046 3682; x_wconf 86' lang='grc' dir='ltr'><strong>τῷ</strong></span> 
     </span>
    </p>
   </div>
   <div class='ocr_carea' id='block_1_68' title="bbox 452 3692 1057 3774">
    <p class='ocr_par' dir='ltr' id='par_1_68' title="bbox 452 3692 1057 3774">
     <span class='ocr_line' id='line_1_68' title="bbox 452 3692 1057 3774; baseline 0.007 -24"><span class='ocrx_word' id='word_1_539' title='bbox 452 3693 603 3770; x_wconf 84' lang='grc' dir='ltr'>νόμῳ</span> <span class='ocrx_word' id='word_1_540' title='bbox 631 3692 1031 3774; x_wconf 84' lang='grc' dir='ltr'>δυσκατόρθωτα</span> <span class='ocrx_word' id='word_1_541' title='bbox 1042 3740 1057 3754; x_wconf 95' lang='grc'><strong>.</strong></span> 
     </span>
    </p>
   </div>
   <div class='ocr_carea' id='block_1_69' title="bbox 533 3954 2042 4036">
    <p class='ocr_par' dir='ltr' id='par_1_69' title="bbox 533 3954 2042 4036">
     <span class='ocr_line' id='line_1_69' title="bbox 533 3954 2042 4036; baseline 0.001 -19"><span class='ocrx_word' id='word_1_542' title='bbox 533 3984 557 4010; x_wconf 79' lang='grc' dir='ltr'>ι</span> <span class='ocrx_word' id='word_1_543' title='bbox 589 3957 659 4017; x_wconf 76' lang='grc' dir='ltr'><strong>Οἱ</strong></span> <span class='ocrx_word' id='word_1_544' title='bbox 689 3954 744 4016; x_wconf 76' lang='grc' dir='ltr'>δὲ</span> <span class='ocrx_word' id='word_1_545' title='bbox 787 3957 843 4018; x_wconf 78' lang='grc' dir='ltr'>ἐν</span> <span class='ocrx_word' id='word_1_546' title='bbox 885 3955 1048 4036; x_wconf 80' lang='grc' dir='ltr'>σαρκὶ</span> <span class='ocrx_word' id='word_1_547' title='bbox 1089 3954 1231 4024; x_wconf 83' lang='grc' dir='ltr'>ὄντες</span> <span class='ocrx_word' id='word_1_548' title='bbox 1267 3957 1395 4036; x_wconf 85' lang='grc' dir='ltr'><strong>Θεῷ</strong></span> <span class='ocrx_word' id='word_1_549' title='bbox 1439 3955 1629 4036; x_wconf 79' lang='grc' dir='ltr'>ἀρέσαι</span> <span class='ocrx_word' id='word_1_550' title='bbox 1678 3957 1736 4016; x_wconf 85' lang='grc' dir='ltr'>οὖ</span> <span class='ocrx_word' id='word_1_551' title='bbox 1769 3957 2042 4018; x_wconf 82' lang='grc' dir='ltr'>δύνανται.</span> 
     </span>
    </p>
   </div>
   <div class='ocr_carea' id='block_1_70' title="bbox 448 4045 2042 4127">
    <p class='ocr_par' dir='ltr' id='par_1_70' title="bbox 448 4045 2042 4127">
     <span class='ocr_line' id='line_1_70' title="bbox 448 4045 2042 4127; baseline -0.003 -18"><span class='ocrx_word' id='word_1_552' title='bbox 448 4047 633 4126; x_wconf 78' lang='grc' dir='ltr'>Ὑμεῖς</span> <span class='ocrx_word' id='word_1_553' title='bbox 663 4045 719 4106; x_wconf 81' lang='grc' dir='ltr'>δὲ</span> <span class='ocrx_word' id='word_1_554' title='bbox 762 4048 858 4108; x_wconf 80' lang='grc' dir='ltr'>οὐκ</span> <span class='ocrx_word' id='word_1_555' title='bbox 902 4046 1022 4108; x_wconf 84' lang='grc' dir='ltr'>ἐστὲ</span> <span class='ocrx_word' id='word_1_556' title='bbox 1070 4048 1126 4106; x_wconf 82' lang='grc' dir='ltr'><strong>ἐν</strong></span> <span class='ocrx_word' id='word_1_557' title='bbox 1178 4046 1374 4127; x_wconf 78' lang='grc' dir='ltr'>σαρκὶ,</span> <span class='ocrx_word' id='word_1_558' title='bbox 1423 4047 1543 4104; x_wconf 81' lang='grc' dir='ltr'><strong>ἀλλ’</strong></span> <span class='ocrx_word' id='word_1_559' title='bbox 1586 4047 1639 4105; x_wconf 85' lang='grc' dir='ltr'><strong>ἐν</strong></span> <span class='ocrx_word' id='word_1_560' title='bbox 1689 4045 1978 4122; x_wconf 85' lang='grc' dir='ltr'>πνεύματι.</span> <span class='ocrx_word' id='word_1_561' title='bbox 2010 4070 2042 4104; x_wconf 74' lang='grc'><strong>))</strong></span> 
     </span>
    </p>
   </div>
   <div class='ocr_carea' id='block_1_71' title="bbox 445 4135 2048 4218">
    <p class='ocr_par' dir='ltr' id='par_1_71' title="bbox 445 4135 2048 4218">
     <span class='ocr_line' id='line_1_71' title="bbox 445 4135 2048 4218; baseline -0.001 -19"><span class='ocrx_word' id='word_1_562' title='bbox 445 4139 768 4211; x_wconf 83' lang='grc' dir='ltr'>Τουτέστιν,</span> <span class='ocrx_word' id='word_1_563' title='bbox 819 4139 893 4198; x_wconf 73' lang='grc' dir='ltr'><strong>Οἳ</strong></span> <span class='ocrx_word' id='word_1_564' title='bbox 942 4135 1004 4196; x_wconf 80' lang='grc' dir='ltr'><strong>τὸ</strong></span> <span class='ocrx_word' id='word_1_565' title='bbox 1046 4136 1298 4218; x_wconf 84' lang='grc' dir='ltr'>σαρκικὸν</span> <span class='ocrx_word' id='word_1_566' title='bbox 1353 4135 1603 4218; x_wconf 80' lang='grc' dir='ltr'>φρόνημα</span> <span class='ocrx_word' id='word_1_567' title='bbox 1651 4136 1861 4218; x_wconf 85' lang='grc' dir='ltr'>ἔχοντες</span> <span class='ocrx_word' id='word_1_568' title='bbox 1906 4138 1958 4176; x_wconf 72' lang='grc'><strong>⁸⁵</strong></span> <span class='ocrx_word' id='word_1_569' title='bbox 1989 4140 2048 4198; x_wconf 83' lang='grc' dir='ltr'>οὖ</span> 
     </span>
    </p>
   </div>
   <div class='ocr_carea' id='block_1_72' title="bbox 445 4217 2048 4308">
    <p class='ocr_par' dir='ltr' id='par_1_72' title="bbox 445 4217 2048 4308">
     <span class='ocr_line' id='line_1_72' title="bbox 445 4217 2048 4308; baseline -0.001 -21"><span class='ocrx_word' id='word_1_570' title='bbox 445 4228 696 4288; x_wconf 70' lang='grc' dir='ltr'>δύνανται</span> <span class='ocrx_word' id='word_1_571' title='bbox 727 4229 856 4308; x_wconf 88' lang='grc' dir='ltr'><strong>Θεῷ</strong></span> <span class='ocrx_word' id='word_1_572' title='bbox 886 4217 1238 4308; x_wconf 12' lang='grc' dir='ltr'>ἆρέσαι,νέως</span> <span class='ocrx_word' id='word_1_573' title='bbox 1284 4227 1346 4286; x_wconf 76' lang='grc' dir='ltr'>ἂν</span> <span class='ocrx_word' id='word_1_574' title='bbox 1370 4217 1490 4286; x_wconf 2' lang='grc' dir='ltr'>δῷσι</span> <span class='ocrx_word' id='word_1_575' title='bbox 1519 4217 1770 4290; x_wconf 88' lang='grc' dir='ltr'>τοιοῦτοι.</span> <span class='ocrx_word' id='word_1_576' title='bbox 1822 4229 1907 4289; x_wconf 84' lang='grc' dir='ltr'><strong>Οὖ</strong></span> <span class='ocrx_word' id='word_1_577' title='bbox 1946 4225 2048 4308; x_wconf 72' lang='grc' dir='ltr'>γὰρ</span> 
     </span>
    </p>
   </div>
   <div class='ocr_carea' id='block_1_73' title="bbox 442 4315 2043 4400">
    <p class='ocr_par' dir='ltr' id='par_1_73' title="bbox 442 4315 2043 4400">
     <span class='ocr_line' id='line_1_73' title="bbox 442 4315 2043 4400; baseline -0.001 -22"><span class='ocrx_word' id='word_1_578' title='bbox 442 4317 542 4392; x_wconf 82' lang='grc' dir='ltr'><strong>τὴν</strong></span> <span class='ocrx_word' id='word_1_579' title='bbox 571 4319 754 4379; x_wconf 82' lang='grc' dir='ltr'>οὐσίαν</span> <span class='ocrx_word' id='word_1_580' title='bbox 784 4322 882 4390; x_wconf 76' lang='grc' dir='ltr'><strong>τῆς</strong></span> <span class='ocrx_word' id='word_1_581' title='bbox 932 4316 1152 4399; x_wconf 81' lang='grc' dir='ltr'>σαρκὸς,</span> <span class='ocrx_word' id='word_1_582' title='bbox 1199 4316 1339 4378; x_wconf 80' lang='grc' dir='ltr'>ἀλλὰ</span> <span class='ocrx_word' id='word_1_583' title='bbox 1380 4319 1471 4378; x_wconf 85' lang='grc' dir='ltr'><strong>τὸν</strong></span> <span class='ocrx_word' id='word_1_584' title='bbox 1504 4315 1683 4399; x_wconf 78' lang='grc' dir='ltr'>παχὺν</span> <span class='ocrx_word' id='word_1_585' title='bbox 1724 4317 1816 4377; x_wconf 79' lang='grc' dir='ltr'><strong>καὶ</strong></span> <span class='ocrx_word' id='word_1_586' title='bbox 1851 4341 2043 4400; x_wconf 88' lang='grc' dir='ltr'>σαρκι-</span> 
     </span>
    </p>
   </div>
   <div class='ocr_carea' id='block_1_74' title="bbox 2151 3239 3756 3315">
    <p class='ocr_par' dir='ltr' id='par_1_74' title="bbox 2151 3239 3756 3315">
     <span class='ocr_line' id='line_1_74' title="bbox 2151 3239 3756 3315; baseline 0.002 -19"><span class='ocrx_word' id='word_1_587' title='bbox 2151 3239 2401 3307; x_wconf 89' lang='lat' dir='ltr'><strong>tuissent,</strong></span> <span class='ocrx_word' id='word_1_588' title='bbox 2419 3240 2465 3297; x_wconf 92' lang='lat' dir='ltr'><strong>si</strong></span> <span class='ocrx_word' id='word_1_589' title='bbox 2492 3241 2612 3298; x_wconf 68' lang='lat' dir='ltr'><strong>haec</strong></span> <span class='ocrx_word' id='word_1_590' title='bbox 2638 3243 2968 3314; x_wconf 88' lang='lat' dir='ltr'><strong>permutatio</strong></span> <span class='ocrx_word' id='word_1_591' title='bbox 2983 3242 3341 3315; x_wconf 91' lang='lat' dir='ltr'><strong>impossibilis</strong></span> <span class='ocrx_word' id='word_1_592' title='bbox 3369 3246 3560 3299; x_wconf 80' lang='lat' dir='ltr'><strong>esset?</strong></span> <span class='ocrx_word' id='word_1_593' title='bbox 3594 3243 3756 3299; x_wconf 89' lang='lat' dir='ltr'><strong>Haud</strong></span> 
     </span>
    </p>
   </div>
   <div class='ocr_carea' id='block_1_75' title="bbox 2151 3329 3754 3406">
    <p class='ocr_par' dir='ltr' id='par_1_75' title="bbox 2151 3329 3754 3406">
     <span class='ocr_line' id='line_1_75' title="bbox 2151 3329 3754 3406; baseline 0.001 -21"><span class='ocrx_word' id='word_1_594' title='bbox 2151 3329 2479 3387; x_wconf 89' lang='lat' dir='ltr'><strong>dissimilem</strong></span> <span class='ocrx_word' id='word_1_595' title='bbox 2490 3333 2555 3388; x_wconf 88' lang='lat' dir='ltr'><strong>ad</strong></span> <span class='ocrx_word' id='word_1_596' title='bbox 2575 3332 2806 3388; x_wconf 89' lang='lat' dir='ltr'><strong>modum</strong></span> <span class='ocrx_word' id='word_1_597' title='bbox 2826 3333 3100 3389; x_wconf 89' lang='lat' dir='ltr'><strong>Dominus</strong></span> <span class='ocrx_word' id='word_1_598' title='bbox 3120 3335 3175 3388; x_wconf 88' lang='lat' dir='ltr'><strong>in</strong></span> <span class='ocrx_word' id='word_1_599' title='bbox 3201 3332 3497 3406; x_wconf 89' lang='lat' dir='ltr'><strong>Evangelio</strong></span> <span class='ocrx_word' id='word_1_600' title='bbox 3521 3333 3656 3390; x_wconf 86' lang='lat' dir='ltr'><strong>dixit</strong></span> <span class='ocrx_word' id='word_1_601' title='bbox 3674 3341 3704 3370; x_wconf 83' lang='grc' dir='ltr'><strong>ιι</strong></span> <span class='ocrx_word' id='word_1_602' title='bbox 3742 3352 3754 3387; x_wconf 91' lang='grc'>;</span> 
     </span>
    </p>
   </div>
   <div class='ocr_carea' id='block_1_76' title="bbox 2157 3421 3750 3494">
    <p class='ocr_par' dir='ltr' id='par_1_76' title="bbox 2157 3421 3750 3494">
     <span class='ocr_line' id='line_1_76' title="bbox 2157 3421 3750 3494; baseline 0.003 -17"><span class='ocrx_word' id='word_1_603' title='bbox 2157 3442 2183 3469; x_wconf 73' lang='grc' dir='ltr'>ι</span> <span class='ocrx_word' id='word_1_604' title='bbox 2223 3423 2348 3477; x_wconf 86' lang='lat' dir='ltr'><strong>Non</strong></span> <span class='ocrx_word' id='word_1_605' title='bbox 2390 3430 2571 3494; x_wconf 89' lang='lat' dir='ltr'><strong>potest</strong></span> <span class='ocrx_word' id='word_1_606' title='bbox 2611 3423 2778 3479; x_wconf 89' lang='lat' dir='ltr'><strong>arbor</strong></span> <span class='ocrx_word' id='word_1_607' title='bbox 2807 3423 2947 3479; x_wconf 91' lang='lat' dir='ltr'><strong>mala</strong></span> <span class='ocrx_word' id='word_1_608' title='bbox 2971 3421 3186 3480; x_wconf 88' lang='lat' dir='ltr'><strong>fructus</strong></span> <span class='ocrx_word' id='word_1_609' title='bbox 3236 3422 3416 3481; x_wconf 88' lang='lat' dir='ltr'><strong>bonos</strong></span> <span class='ocrx_word' id='word_1_610' title='bbox 3469 3421 3650 3480; x_wconf 89' lang='lat' dir='ltr'><strong>facere</strong></span> <span class='ocrx_word' id='word_1_611' title='bbox 3685 3444 3750 3481; x_wconf 76' lang='grc' dir='ltr'>ε»</span> 
     </span>
    </p>
   </div>
   <div class='ocr_carea' id='block_1_77' title="bbox 2153 3512 3758 3587">
    <p class='ocr_par' dir='ltr' id='par_1_77' title="bbox 2153 3512 3758 3587">
     <span class='ocr_line' id='line_1_77' title="bbox 2153 3512 3758 3587; baseline 0.001 -20"><span class='ocrx_word' id='word_1_612' title='bbox 2153 3526 2358 3583; x_wconf 89' lang='lat' dir='ltr'><strong>nempe</strong></span> <span class='ocrx_word' id='word_1_613' title='bbox 2409 3513 2678 3583; x_wconf 89' lang='lat' dir='ltr'><strong>tantisper</strong></span> <span class='ocrx_word' id='word_1_614' title='bbox 2709 3512 2847 3570; x_wconf 92' lang='lat' dir='ltr'><strong>dum</strong></span> <span class='ocrx_word' id='word_1_615' title='bbox 2895 3513 3044 3570; x_wconf 91' lang='lat' dir='ltr'><strong>mala</strong></span> <span class='ocrx_word' id='word_1_616' title='bbox 3080 3513 3426 3570; x_wconf 87' lang='lat' dir='ltr'><strong>remanserit.</strong></span> <span class='ocrx_word' id='word_1_617' title='bbox 3469 3517 3550 3571; x_wconf 87' lang='lat' dir='ltr'><strong>Ne</strong></span> <span class='ocrx_word' id='word_1_618' title='bbox 3592 3513 3758 3587; x_wconf 89' lang='lat' dir='ltr'><strong>igitur</strong></span> 
     </span>
    </p>
   </div>
   <div class='ocr_carea' id='block_1_78' title="bbox 2154 3600 3758 3676">
    <p class='ocr_par' dir='ltr' id='par_1_78' title="bbox 2154 3600 3758 3676">
     <span class='ocr_line' id='line_1_78' title="bbox 2154 3600 3758 3676; baseline 0.001 -18"><span class='ocrx_word' id='word_1_619' title='bbox 2154 3601 2394 3658; x_wconf 91' lang='lat' dir='ltr'><strong>carnalia</strong></span> <span class='ocrx_word' id='word_1_620' title='bbox 2436 3600 2784 3671; x_wconf 82' lang='lat' dir='ltr'><strong>affectemus,</strong></span> <span class='ocrx_word' id='word_1_621' title='bbox 2834 3602 2928 3658; x_wconf 90' lang='lat' dir='ltr'><strong>sed</strong></span> <span class='ocrx_word' id='word_1_622' title='bbox 2958 3617 3084 3674; x_wconf 66' lang='lat' dir='ltr'><strong>quae</strong></span> <span class='ocrx_word' id='word_1_623' title='bbox 3119 3612 3254 3658; x_wconf 89' lang='lat' dir='ltr'><strong>sunt</strong></span> <span class='ocrx_word' id='word_1_624' title='bbox 3278 3604 3522 3675; x_wconf 89' lang='lat' dir='ltr'><strong>spiritus,</strong></span> <span class='ocrx_word' id='word_1_625' title='bbox 3566 3612 3630 3660; x_wconf 91' lang='lat' dir='ltr'><strong>ut</strong></span> <span class='ocrx_word' id='word_1_626' title='bbox 3667 3621 3758 3676; x_wconf 88' lang='lat' dir='ltr'><strong>pa-</strong></span> 
     </span>
    </p>
   </div>
   <div class='ocr_carea' id='block_1_79' title="bbox 2153 3690 3754 3763">
    <p class='ocr_par' dir='ltr' id='par_1_79' title="bbox 2153 3690 3754 3763">
     <span class='ocr_line' id='line_1_79' title="bbox 2153 3690 3754 3763; baseline 0 -15"><span class='ocrx_word' id='word_1_627' title='bbox 2153 3707 2278 3748; x_wconf 91' lang='lat' dir='ltr'><strong>cem</strong></span> <span class='ocrx_word' id='word_1_628' title='bbox 2307 3690 2607 3748; x_wconf 90' lang='lat' dir='ltr'><strong>habeamus</strong></span> <span class='ocrx_word' id='word_1_629' title='bbox 2637 3691 2711 3748; x_wconf 90' lang='lat' dir='ltr'><strong>ad</strong></span> <span class='ocrx_word' id='word_1_630' title='bbox 2743 3693 2950 3759; x_wconf 90' lang='lat' dir='ltr'><strong>Deum,</strong></span> <span class='ocrx_word' id='word_1_631' title='bbox 2987 3692 3079 3763; x_wconf 90' lang='lat' dir='ltr'><strong>qui</strong></span> <span class='ocrx_word' id='word_1_632' title='bbox 3109 3691 3371 3763; x_wconf 89' lang='lat' dir='ltr'><strong>Spiritum</strong></span> <span class='ocrx_word' id='word_1_633' title='bbox 3400 3692 3556 3749; x_wconf 90' lang='lat' dir='ltr'><strong>nobis</strong></span> <span class='ocrx_word' id='word_1_634' title='bbox 3589 3709 3754 3750; x_wconf 91' lang='lat' dir='ltr'><strong>suum</strong></span> 
     </span>
    </p>
   </div>
   <div class='ocr_carea' id='block_1_80' title="bbox 2155 3779 3756 3854">
    <p class='ocr_par' dir='ltr' id='par_1_80' title="bbox 2155 3779 3756 3854">
     <span class='ocr_line' id='line_1_80' title="bbox 2155 3779 3756 3854; baseline 0.001 -17"><span class='ocrx_word' id='word_1_635' title='bbox 2155 3781 2439 3853; x_wconf 89' lang='lat' dir='ltr'><strong>impertiit,</strong></span> <span class='ocrx_word' id='word_1_636' title='bbox 2481 3797 2577 3853; x_wconf 91' lang='lat' dir='ltr'><strong>per</strong></span> <span class='ocrx_word' id='word_1_637' title='bbox 2617 3797 2786 3854; x_wconf 91' lang='lat' dir='ltr'><strong>quem</strong></span> <span class='ocrx_word' id='word_1_638' title='bbox 2827 3781 3016 3837; x_wconf 90' lang='lat' dir='ltr'><strong>omnia</strong></span> <span class='ocrx_word' id='word_1_639' title='bbox 3041 3779 3202 3836; x_wconf 91' lang='lat' dir='ltr'><strong>nobis</strong></span> <span class='ocrx_word' id='word_1_640' title='bbox 3249 3779 3425 3838; x_wconf 89' lang='lat' dir='ltr'><strong>facilia</strong></span> <span class='ocrx_word' id='word_1_641' title='bbox 3462 3788 3596 3838; x_wconf 90' lang='lat' dir='ltr'><strong>sunt</strong></span> <span class='ocrx_word' id='word_1_642' title='bbox 3629 3797 3756 3854; x_wconf 77' lang='lat' dir='ltr'><strong>quae</strong></span> 
     </span>
    </p>
   </div>
   <div class='ocr_carea' id='block_1_81' title="bbox 2155 3869 3015 3944">
    <p class='ocr_par' dir='ltr' id='par_1_81' title="bbox 2155 3869 3015 3944">
     <span class='ocr_line' id='line_1_81' title="bbox 2155 3869 3015 3944; baseline -0.002 -16"><span class='ocrx_word' id='word_1_643' title='bbox 2155 3871 2214 3928; x_wconf 90' lang='lat' dir='ltr'><strong>in</strong></span> <span class='ocrx_word' id='word_1_644' title='bbox 2253 3872 2368 3944; x_wconf 89' lang='lat' dir='ltr'><strong>lege</strong></span> <span class='ocrx_word' id='word_1_645' title='bbox 2393 3869 2542 3927; x_wconf 82' lang='lat' dir='ltr'><strong>factu</strong></span> <span class='ocrx_word' id='word_1_646' title='bbox 2577 3880 2734 3928; x_wconf 89' lang='lat' dir='ltr'><strong>erant</strong></span> <span class='ocrx_word' id='word_1_647' title='bbox 2754 3869 3015 3927; x_wconf 84' lang='lat' dir='ltr'><strong>difﬁcilia.</strong></span> 
     </span>
    </p>
   </div>
   <div class='ocr_carea' id='block_1_82' title="bbox 2227 3960 3756 4034">
    <p class='ocr_par' dir='ltr' id='par_1_82' title="bbox 2227 3960 3756 4034">
     <span class='ocr_line' id='line_1_82' title="bbox 2227 3960 3756 4034; baseline 0 -16"><span class='ocrx_word' id='word_1_648' title='bbox 2227 3962 2404 4019; x_wconf 74' lang='lat' dir='ltr'><strong>Vnus.</strong></span> <span class='ocrx_word' id='word_1_649' title='bbox 2438 3966 2492 4030; x_wconf 88' lang='lat'><strong>8,</strong></span> <span class='ocrx_word' id='word_1_650' title='bbox 2519 3964 2574 4016; x_wconf 90' lang='lat'><strong>9.</strong></span> <span class='ocrx_word' id='word_1_651' title='bbox 2610 3983 2638 4010; x_wconf 76' lang='grc' dir='ltr'><strong>α</strong></span> <span class='ocrx_word' id='word_1_652' title='bbox 2685 3961 2789 4031; x_wconf 87' lang='lat' dir='ltr'><strong>Qui</strong></span> <span class='ocrx_word' id='word_1_653' title='bbox 2817 3969 3006 4017; x_wconf 89' lang='lat' dir='ltr'><strong>autem</strong></span> <span class='ocrx_word' id='word_1_654' title='bbox 3024 3960 3082 4016; x_wconf 93' lang='lat' dir='ltr'><strong>in</strong></span> <span class='ocrx_word' id='word_1_655' title='bbox 3107 3975 3275 4017; x_wconf 90' lang='lat' dir='ltr'><strong>carne</strong></span> <span class='ocrx_word' id='word_1_656' title='bbox 3299 3968 3454 4031; x_wconf 89' lang='lat' dir='ltr'><strong>sunt,</strong></span> <span class='ocrx_word' id='word_1_657' title='bbox 3489 3963 3610 4018; x_wconf 91' lang='lat' dir='ltr'><strong>Deo</strong></span> <span class='ocrx_word' id='word_1_658' title='bbox 3635 3961 3756 4034; x_wconf 85' lang='lat' dir='ltr'><strong>pla-</strong></span> 
     </span>
    </p>
   </div>
   <div class='ocr_carea' id='block_1_83' title="bbox 2155 4051 3755 4124">
    <p class='ocr_par' dir='ltr' id='par_1_83' title="bbox 2155 4051 3755 4124">
     <span class='ocr_line' id='line_1_83' title="bbox 2155 4051 3755 4124; baseline 0 -17"><span class='ocrx_word' id='word_1_659' title='bbox 2155 4066 2279 4108; x_wconf 89' lang='lat' dir='ltr'><strong>cere</strong></span> <span class='ocrx_word' id='word_1_660' title='bbox 2315 4067 2429 4108; x_wconf 92' lang='lat' dir='ltr'><strong>non</strong></span> <span class='ocrx_word' id='word_1_661' title='bbox 2468 4060 2718 4124; x_wconf 89' lang='lat' dir='ltr'><strong>possunt.</strong></span> <span class='ocrx_word' id='word_1_662' title='bbox 2765 4052 2878 4108; x_wconf 88' lang='lat' dir='ltr'><strong>Vos</strong></span> <span class='ocrx_word' id='word_1_663' title='bbox 2923 4060 3110 4108; x_wconf 90' lang='lat' dir='ltr'><strong>autem</strong></span> <span class='ocrx_word' id='word_1_664' title='bbox 3142 4067 3255 4107; x_wconf 93' lang='lat' dir='ltr'><strong>non</strong></span> <span class='ocrx_word' id='word_1_665' title='bbox 3297 4051 3430 4107; x_wconf 88' lang='lat' dir='ltr'><strong>estis</strong></span> <span class='ocrx_word' id='word_1_666' title='bbox 3478 4051 3533 4107; x_wconf 93' lang='lat' dir='ltr'><strong>in</strong></span> <span class='ocrx_word' id='word_1_667' title='bbox 3570 4066 3755 4118; x_wconf 89' lang='lat' dir='ltr'><strong>carne,</strong></span> 
     </span>
    </p>
   </div>
   <div class='ocr_carea' id='block_1_84' title="bbox 2157 4140 3752 4213">
    <p class='ocr_par' dir='ltr' id='par_1_84' title="bbox 2157 4140 3752 4213">
     <span class='ocr_line' id='line_1_84' title="bbox 2157 4140 3752 4213; baseline 0.001 -16"><span class='ocrx_word' id='word_1_668' title='bbox 2157 4141 2256 4198; x_wconf 90' lang='lat' dir='ltr'><strong>sed</strong></span> <span class='ocrx_word' id='word_1_669' title='bbox 2289 4141 2350 4197; x_wconf 91' lang='lat' dir='ltr'><strong>in</strong></span> <span class='ocrx_word' id='word_1_670' title='bbox 2387 4141 2601 4213; x_wconf 87' lang='lat' dir='ltr'><strong>spiritu.</strong></span> <span class='ocrx_word' id='word_1_671' title='bbox 2635 4165 2661 4190; x_wconf 72' lang='grc' dir='ltr'>ιι</span> <span class='ocrx_word' id='word_1_672' title='bbox 2714 4143 2835 4198; x_wconf 90' lang='lat' dir='ltr'><strong>Hoc</strong></span> <span class='ocrx_word' id='word_1_673' title='bbox 2880 4149 2985 4209; x_wconf 90' lang='lat' dir='ltr'><strong>est,</strong></span> <span class='ocrx_word' id='word_1_674' title='bbox 3024 4141 3132 4212; x_wconf 87' lang='lat' dir='ltr'><strong>Qui</strong></span> <span class='ocrx_word' id='word_1_675' title='bbox 3168 4142 3444 4198; x_wconf 90' lang='lat' dir='ltr'><strong>carnalem</strong></span> <span class='ocrx_word' id='word_1_676' title='bbox 3489 4140 3752 4198; x_wconf 84' lang='lat' dir='ltr'><strong>affectum</strong></span> 
     </span>
    </p>
   </div>
   <div class='ocr_carea' id='block_1_85' title="bbox 2157 4229 3761 4304">
    <p class='ocr_par' dir='ltr' id='par_1_85' title="bbox 2157 4229 3761 4304">
     <span class='ocr_line' id='line_1_85' title="bbox 2157 4229 3761 4304; baseline 0.001 -18"><span class='ocrx_word' id='word_1_677' title='bbox 2157 4229 2382 4298; x_wconf 88' lang='lat' dir='ltr'><strong>habent,</strong></span> <span class='ocrx_word' id='word_1_678' title='bbox 2413 4233 2534 4288; x_wconf 91' lang='lat' dir='ltr'><strong>Deo</strong></span> <span class='ocrx_word' id='word_1_679' title='bbox 2568 4231 2784 4304; x_wconf 89' lang='lat' dir='ltr'><strong>placere</strong></span> <span class='ocrx_word' id='word_1_680' title='bbox 2817 4240 3123 4304; x_wconf 90' lang='lat' dir='ltr'><strong>nequeunt,</strong></span> <span class='ocrx_word' id='word_1_681' title='bbox 3151 4231 3418 4304; x_wconf 90' lang='lat' dir='ltr'><strong>tantisper</strong></span> <span class='ocrx_word' id='word_1_682' title='bbox 3451 4231 3588 4289; x_wconf 91' lang='lat' dir='ltr'><strong>dum</strong></span> <span class='ocrx_word' id='word_1_683' title='bbox 3620 4232 3761 4289; x_wconf 83' lang='lat' dir='ltr'><strong>tales</strong></span> 
     </span>
    </p>
   </div>
   <div class='ocr_carea' id='block_1_86' title="bbox 2155 4320 3757 4392">
    <p class='ocr_par' dir='ltr' id='par_1_86' title="bbox 2155 4320 3757 4392">
     <span class='ocr_line' id='line_1_86' title="bbox 2155 4320 3757 4392; baseline 0 -13"><span class='ocrx_word' id='word_1_684' title='bbox 2155 4320 2378 4379; x_wconf 91' lang='lat' dir='ltr'><strong>fuerint.</strong></span> <span class='ocrx_word' id='word_1_685' title='bbox 2405 4324 2532 4379; x_wconf 90' lang='lat' dir='ltr'><strong>Non</strong></span> <span class='ocrx_word' id='word_1_686' title='bbox 2568 4322 2719 4380; x_wconf 84' lang='lat' dir='ltr'><strong>enim</strong></span> <span class='ocrx_word' id='word_1_687' title='bbox 2747 4321 3113 4379; x_wconf 90' lang='lat' dir='ltr'><strong>substantiam</strong></span> <span class='ocrx_word' id='word_1_688' title='bbox 3151 4322 3354 4392; x_wconf 88' lang='lat' dir='ltr'><strong>carnis,</strong></span> <span class='ocrx_word' id='word_1_689' title='bbox 3384 4323 3479 4379; x_wconf 89' lang='lat' dir='ltr'><strong>sed</strong></span> <span class='ocrx_word' id='word_1_690' title='bbox 3518 4338 3757 4380; x_wconf 91' lang='lat' dir='ltr'><strong>crassam</strong></span> 
     </span>
    </p>
   </div>
   <div class='ocr_carea' id='block_1_87' title="bbox 446 4396 2042 4489">
    <p class='ocr_par' dir='ltr' id='par_1_87' title="bbox 446 4396 2042 4489">
     <span class='ocr_line' id='line_1_87' title="bbox 446 4396 2042 4489; baseline 0 -21"><span class='ocrx_word' id='word_1_691' title='bbox 446 4409 540 4468; x_wconf 80' lang='grc' dir='ltr'>κὸν</span> <span class='ocrx_word' id='word_1_692' title='bbox 573 4409 684 4488; x_wconf 76' lang='grc' dir='ltr'>βίον</span> <span class='ocrx_word' id='word_1_693' title='bbox 709 4453 727 4484; x_wconf 94' lang='grc'><strong>,</strong></span> <span class='ocrx_word' id='word_1_694' title='bbox 773 4408 867 4468; x_wconf 79' lang='grc' dir='ltr'>καὶ</span> <span class='ocrx_word' id='word_1_695' title='bbox 891 4396 1017 4468; x_wconf 33' lang='grc' dir='ltr'>ὄλον-</span> <span class='ocrx_word' id='word_1_696' title='bbox 1057 4409 1110 4448; x_wconf 71' lang='grc'><strong>⁵⁵</strong></span> <span class='ocrx_word' id='word_1_697' title='bbox 1140 4413 1564 4489; x_wconf 86' lang='grc' dir='ltr'>σαρκοποιοῦντα</span> <span class='ocrx_word' id='word_1_698' title='bbox 1586 4396 1700 4468; x_wconf 31' lang='grc' dir='ltr'>-τὸν</span> <span class='ocrx_word' id='word_1_699' title='bbox 1741 4396 2042 4488; x_wconf 79' lang='grc' dir='ltr'>ἄνθρωπον,</span> 
     </span>
    </p>
   </div>
   <div class='ocr_carea' id='block_1_88' title="bbox 2151 4396 3759 4489">
    <p class='ocr_par' dir='ltr' id='par_1_88' title="bbox 2159 4412 3759 4486">
     <span class='ocr_line' id='line_1_88' title="bbox 2159 4412 3759 4486; baseline -0.001 -16"><span class='ocrx_word' id='word_1_700' title='bbox 2159 4421 2217 4470; x_wconf 84' lang='lat' dir='ltr'><strong>et</strong></span> <span class='ocrx_word' id='word_1_701' title='bbox 2235 4413 2510 4470; x_wconf 91' lang='lat' dir='ltr'><strong>carnalem</strong></span> <span class='ocrx_word' id='word_1_702' title='bbox 2549 4413 2743 4480; x_wconf 88' lang='lat' dir='ltr'><strong>vitam,</strong></span> <span class='ocrx_word' id='word_1_703' title='bbox 2772 4421 2827 4469; x_wconf 91' lang='lat' dir='ltr'><strong>et</strong></span> <span class='ocrx_word' id='word_1_704' title='bbox 2850 4428 2975 4486; x_wconf 71' lang='lat' dir='ltr'><strong>quae</strong></span> <span class='ocrx_word' id='word_1_705' title='bbox 3013 4420 3197 4469; x_wconf 89' lang='lat' dir='ltr'><strong>totum</strong></span> <span class='ocrx_word' id='word_1_706' title='bbox 3219 4412 3505 4469; x_wconf 91' lang='lat' dir='ltr'><strong>hominem</strong></span> <span class='ocrx_word' id='word_1_707' title='bbox 3531 4429 3759 4470; x_wconf 89' lang='lat' dir='ltr'><strong>carnem</strong></span> 
     </span>
    </p>
   </div>
   <div class='ocr_carea' id='block_1_89' title="bbox 448 4496 2046 4580">
    <p class='ocr_par' dir='ltr' id='par_1_89' title="bbox 448 4496 2046 4580">
     <span class='ocr_line' id='line_1_89' title="bbox 448 4496 2046 4580; baseline 0 -22"><span class='ocrx_word' id='word_1_708' title='bbox 448 4496 613 4567; x_wconf 77' lang='grc' dir='ltr'>οὕτως</span> <span class='ocrx_word' id='word_1_709' title='bbox 665 4499 948 4578; x_wconf 82' lang='grc' dir='ltr'>ὀνομάζει,</span> <span class='ocrx_word' id='word_1_710' title='bbox 990 4497 1132 4558; x_wconf 77' lang='grc' dir='ltr'>καθὰ</span> <span class='ocrx_word' id='word_1_711' title='bbox 1159 4498 1250 4559; x_wconf 78' lang='grc' dir='ltr'>καὶ</span> <span class='ocrx_word' id='word_1_712' title='bbox 1282 4501 1335 4558; x_wconf 76' lang='grc' dir='ltr'><strong>ἐν</strong></span> <span class='ocrx_word' id='word_1_713' title='bbox 1481 4501 1708 4580; x_wconf 73' lang='grc' dir='ltr'>Παλαιᾷ</span> <span class='ocrx_word' id='word_1_714' title='bbox 1741 4522 1755 4536; x_wconf 89' lang='grc'><strong>·</strong></span> <span class='ocrx_word' id='word_1_715' title='bbox 1800 4527 1824 4551; x_wconf 77' lang='grc' dir='ltr'>α</span> <span class='ocrx_word' id='word_1_716' title='bbox 1852 4501 1935 4560; x_wconf 85' lang='grc' dir='ltr'>Οὐ</span> <span class='ocrx_word' id='word_1_717' title='bbox 1970 4498 2046 4577; x_wconf 84' lang='grc' dir='ltr'><strong>μὴ</strong></span> 
     </span>
    </p>
   </div>
   <div class='ocr_carea' id='block_1_90' title="bbox 453 4589 2046 4670">
    <p class='ocr_par' dir='ltr' id='par_1_90' title="bbox 453 4589 2046 4670">
     <span class='ocr_line' id='line_1_90' title="bbox 453 4589 2046 4670; baseline 0.001 -22"><span class='ocrx_word' id='word_1_718' title='bbox 453 4589 754 4670; x_wconf 80' lang='grc' dir='ltr'>καταμείνῃ</span> <span class='ocrx_word' id='word_1_719' title='bbox 778 4591 840 4650; x_wconf 85' lang='grc' dir='ltr'>τὸ</span> <span class='ocrx_word' id='word_1_720' title='bbox 869 4589 1100 4667; x_wconf 86' lang='grc' dir='ltr'>Πνεῦμά</span> <span class='ocrx_word' id='word_1_721' title='bbox 1129 4613 1230 4667; x_wconf 91' lang='grc' dir='ltr'><strong>μου</strong></span> <span class='ocrx_word' id='word_1_722' title='bbox 1263 4591 1316 4648; x_wconf 79' lang='grc' dir='ltr'>ἐν</span> <span class='ocrx_word' id='word_1_723' title='bbox 1355 4597 1463 4657; x_wconf 86' lang='grc' dir='ltr'>τοῖς</span> <span class='ocrx_word' id='word_1_724' title='bbox 1495 4589 1792 4670; x_wconf 80' lang='grc' dir='ltr'>ἀνθρώποις</span> <span class='ocrx_word' id='word_1_725' title='bbox 1823 4589 2046 4662; x_wconf 79' lang='grc' dir='ltr'>τούτοις,</span> 
     </span>
    </p>
   </div>
   <div class='ocr_carea' id='block_1_91' title="bbox 450 4671 2048 4761">
    <p class='ocr_par' dir='ltr' id='par_1_91' title="bbox 450 4671 2048 4761">
     <span class='ocr_line' id='line_1_91' title="bbox 450 4671 2048 4761; baseline 0 -22"><span class='ocrx_word' id='word_1_726' title='bbox 450 4679 541 4740; x_wconf 72' lang='grc' dir='ltr'><strong>διὰ</strong></span> <span class='ocrx_word' id='word_1_727' title='bbox 574 4681 633 4739; x_wconf 81' lang='grc' dir='ltr'><strong>τὸ</strong></span> <span class='ocrx_word' id='word_1_728' title='bbox 679 4671 816 4741; x_wconf 68' lang='grc' dir='ltr'>εἶναι</span> <span class='ocrx_word' id='word_1_729' title='bbox 857 4679 1046 4748; x_wconf 76' lang='grc' dir='ltr'>αὐτοὺς</span> <span class='ocrx_word' id='word_1_730' title='bbox 1093 4680 1317 4761; x_wconf 88' lang='grc' dir='ltr'>σάρκας.</span> <span class='ocrx_word' id='word_1_731' title='bbox 1359 4701 1390 4738; x_wconf 77' lang='grc' dir='ltr'><strong>α</strong></span> <span class='ocrx_word' id='word_1_732' title='bbox 1419 4680 1530 4740; x_wconf 77' lang='grc' dir='ltr'>Καὶ</span> <span class='ocrx_word' id='word_1_733' title='bbox 1573 4679 1674 4758; x_wconf 75' lang='grc' dir='ltr'><strong>τὸ,</strong></span> <span class='ocrx_word' id='word_1_734' title='bbox 1713 4707 1740 4734; x_wconf 74' lang='grc' dir='ltr'><strong>α</strong></span> <span class='ocrx_word' id='word_1_735' title='bbox 1775 4677 1961 4756; x_wconf 87' lang='grc' dir='ltr'>Ὑμεῖς</span> <span class='ocrx_word' id='word_1_736' title='bbox 1993 4679 2048 4740; x_wconf 83' lang='grc' dir='ltr'>δὲ</span> 
     </span>
    </p>
   </div>
   <div class='ocr_carea' id='block_1_92' title="bbox 450 4769 2048 4850">
    <p class='ocr_par' dir='ltr' id='par_1_92' title="bbox 450 4769 2048 4850">
     <span class='ocr_line' id='line_1_92' title="bbox 450 4769 2048 4850; baseline 0.002 -23"><span class='ocrx_word' id='word_1_737' title='bbox 450 4772 547 4828; x_wconf 82' lang='grc' dir='ltr'>οὐκ</span> <span class='ocrx_word' id='word_1_738' title='bbox 574 4769 690 4830; x_wconf 70' lang='grc' dir='ltr'>ἐστὲ</span> <span class='ocrx_word' id='word_1_739' title='bbox 720 4774 772 4830; x_wconf 85' lang='grc' dir='ltr'>ἐν</span> <span class='ocrx_word' id='word_1_740' title='bbox 802 4769 999 4850; x_wconf 77' lang='grc' dir='ltr'>σαρκὶ,</span> <span class='ocrx_word' id='word_1_741' title='bbox 1031 4798 1055 4822; x_wconf 79' lang='grc' dir='ltr'>ιο</span> <span class='ocrx_word' id='word_1_742' title='bbox 1083 4769 1318 4829; x_wconf 87' lang='grc' dir='ltr'>τοιοῦτόν</span> <span class='ocrx_word' id='word_1_743' title='bbox 1346 4772 1506 4843; x_wconf 80' lang='grc' dir='ltr'>ἐστιν,</span> <span class='ocrx_word' id='word_1_744' title='bbox 1533 4769 1647 4827; x_wconf 73' lang='grc' dir='ltr'>ἀντὶ</span> <span class='ocrx_word' id='word_1_745' title='bbox 1676 4775 1787 4843; x_wconf 88' lang='grc' dir='ltr'>τοῦ,</span> <span class='ocrx_word' id='word_1_746' title='bbox 1815 4772 1898 4830; x_wconf 82' lang='grc' dir='ltr'>Οὐ</span> <span class='ocrx_word' id='word_1_747' title='bbox 1928 4771 2048 4830; x_wconf 85' lang='grc' dir='ltr'>δου-</span> 
     </span>
    </p>
   </div>
   <div class='ocr_carea' id='block_1_93' title="bbox 449 4859 2049 4943">
    <p class='ocr_par' dir='ltr' id='par_1_93' title="bbox 449 4859 2049 4943">
     <span class='ocr_line' id='line_1_93' title="bbox 449 4859 2049 4943; baseline 0.001 -25"><span class='ocrx_word' id='word_1_748' title='bbox 449 4859 630 4920; x_wconf 80' lang='grc' dir='ltr'>λεύετε</span> <span class='ocrx_word' id='word_1_749' title='bbox 656 4865 732 4942; x_wconf 85' lang='grc' dir='ltr'><strong>τῷ</strong></span> <span class='ocrx_word' id='word_1_750' title='bbox 760 4862 1003 4943; x_wconf 81' lang='grc' dir='ltr'>σαρκικῷ</span> <span class='ocrx_word' id='word_1_751' title='bbox 1051 4860 1151 4943; x_wconf 81' lang='grc' dir='ltr'><strong>βίῳ</strong></span> <span class='ocrx_word' id='word_1_752' title='bbox 1175 4905 1193 4934; x_wconf 92' lang='grc'><strong>,</strong></span> <span class='ocrx_word' id='word_1_753' title='bbox 1243 4860 1383 4919; x_wconf 81' lang='grc' dir='ltr'>ἀλλὰ</span> <span class='ocrx_word' id='word_1_754' title='bbox 1411 4862 1488 4941; x_wconf 89' lang='grc' dir='ltr'><strong>τῷ</strong></span> <span class='ocrx_word' id='word_1_755' title='bbox 1534 4864 1903 4942; x_wconf 86' lang='grc' dir='ltr'>πνευματικῷ.</span> <span class='ocrx_word' id='word_1_756' title='bbox 1937 4859 2049 4921; x_wconf 78' lang='grc' dir='ltr'><strong>Καὶ</strong></span> 
     </span>
    </p>
   </div>
   <div class='ocr_carea' id='block_1_94' title="bbox 451 4941 2049 5032">
    <p class='ocr_par' dir='ltr' id='par_1_94' title="bbox 451 4941 2049 5032">
     <span class='ocr_line' id='line_1_94' title="bbox 451 4941 2049 5032; baseline 0 -23"><span class='ocrx_word' id='word_1_757' title='bbox 451 4951 586 5018; x_wconf 82' lang='grc' dir='ltr'>τίνος</span> <span class='ocrx_word' id='word_1_758' title='bbox 615 4941 791 5010; x_wconf 75' lang='grc' dir='ltr'>ἕνεκεν</span> <span class='ocrx_word' id='word_1_759' title='bbox 822 4953 918 5011; x_wconf 81' lang='grc' dir='ltr'>οὐκ</span> <span class='ocrx_word' id='word_1_760' title='bbox 942 4941 1133 5026; x_wconf 68' lang='grc' dir='ltr'>εἶπεν,</span> <span class='ocrx_word' id='word_1_761' title='bbox 1157 4949 1348 5029; x_wconf 85' lang='grc' dir='ltr'>Ὑμεῖς</span> <span class='ocrx_word' id='word_1_762' title='bbox 1397 4949 1453 5009; x_wconf 83' lang='grc' dir='ltr'>δὲ</span> <span class='ocrx_word' id='word_1_763' title='bbox 1494 4953 1590 5010; x_wconf 84' lang='grc' dir='ltr'>οὖκ</span> <span class='ocrx_word' id='word_1_764' title='bbox 1629 4950 1745 5010; x_wconf 83' lang='grc' dir='ltr'>ἐστὲ</span> <span class='ocrx_word' id='word_1_765' title='bbox 1771 4952 1825 5010; x_wconf 82' lang='grc' dir='ltr'>ἐν</span> <span class='ocrx_word' id='word_1_766' title='bbox 1859 4941 2049 5032; x_wconf 75' lang='grc' dir='ltr'>ἆμαρ-</span> 
     </span>
    </p>
   </div>
   <div class='ocr_carea' id='block_1_95' title="bbox 449 5040 2050 5123">
    <p class='ocr_par' dir='ltr' id='par_1_95' title="bbox 449 5040 2050 5123">
     <span class='ocr_line' id='line_1_95' title="bbox 449 5040 2050 5123; baseline 0.001 -23"><span class='ocrx_word' id='word_1_767' title='bbox 449 5042 623 5120; x_wconf 73' lang='grc' dir='ltr'>τίαιςς</span> <span class='ocrx_word' id='word_1_768' title='bbox 649 5041 776 5103; x_wconf 82' lang='grc' dir='ltr'>Ἵνα</span> <span class='ocrx_word' id='word_1_769' title='bbox 812 5041 987 5123; x_wconf 82' lang='grc' dir='ltr'>μάθῃς</span> <span class='ocrx_word' id='word_1_770' title='bbox 1015 5041 1096 5102; x_wconf 78' lang='grc' dir='ltr'><strong>ὅτι</strong></span> <span class='ocrx_word' id='word_1_771' title='bbox 1144 5042 1265 5122; x_wconf 73' lang='grc' dir='ltr'><strong>οὐχὶ</strong></span> <span class='ocrx_word' id='word_1_772' title='bbox 1301 5040 1398 5114; x_wconf 79' lang='grc' dir='ltr'><strong>τὴν</strong></span> <span class='ocrx_word' id='word_1_773' title='bbox 1428 5040 1712 5120; x_wconf 84' lang='grc' dir='ltr'>τυραννίδα</span> <span class='ocrx_word' id='word_1_774' title='bbox 1757 5041 1915 5120; x_wconf 87' lang='grc' dir='ltr'>μόνον</span> <span class='ocrx_word' id='word_1_775' title='bbox 1955 5046 2050 5114; x_wconf 80' lang='grc' dir='ltr'><strong>τῆς</strong></span> 
     </span>
    </p>
   </div>
   <div class='ocr_carea' id='block_1_96' title="bbox 452 5130 2052 5214">
    <p class='ocr_par' dir='ltr' id='par_1_96' title="bbox 452 5130 2052 5214">
     <span class='ocr_line' id='line_1_96' title="bbox 452 5130 2052 5214; baseline -0.001 -23"><span class='ocrx_word' id='word_1_776' title='bbox 452 5132 720 5213; x_wconf 78' lang='grc' dir='ltr'>ἁμαρτίας</span> <span class='ocrx_word' id='word_1_777' title='bbox 763 5132 980 5194; x_wconf 79' lang='grc' dir='ltr'>ἔσϐεσεν</span> <span class='ocrx_word' id='word_1_778' title='bbox 1031 5136 1060 5192; x_wconf 77' lang='grc' dir='ltr'>ὁ</span> <span class='ocrx_word' id='word_1_779' title='bbox 1107 5133 1374 5214; x_wconf 77' lang='grc' dir='ltr'>Χριστὸς,</span> <span class='ocrx_word' id='word_1_780' title='bbox 1419 5130 1559 5192; x_wconf 78' lang='grc' dir='ltr'>ἀλλὰ</span> <span class='ocrx_word' id='word_1_781' title='bbox 1599 5131 1692 5191; x_wconf 81' lang='grc' dir='ltr'>καὶ</span> <span class='ocrx_word' id='word_1_782' title='bbox 1735 5131 1833 5205; x_wconf 88' lang='grc' dir='ltr'><strong>τὴν</strong></span> <span class='ocrx_word' id='word_1_783' title='bbox 1877 5133 2052 5212; x_wconf 88' lang='grc' dir='ltr'>σάρκα</span> 
     </span>
    </p>
   </div>
   <div class='ocr_carea' id='block_1_97' title="bbox 453 5218 2053 5307">
    <p class='ocr_par' dir='ltr' id='par_1_97' title="bbox 453 5218 2053 5307">
     <span class='ocr_line' id='line_1_97' title="bbox 453 5218 2053 5307; baseline -0.001 -23"><span class='ocrx_word' id='word_1_784' title='bbox 453 5223 780 5307; x_wconf 78' lang='grc' dir='ltr'>κουφοτέραν</span> <span class='ocrx_word' id='word_1_785' title='bbox 827 5225 920 5284; x_wconf 83' lang='grc' dir='ltr'><strong>καὶ</strong></span> <span class='ocrx_word' id='word_1_786' title='bbox 969 5221 1475 5304; x_wconf 82' lang='grc' dir='ltr'>πνευματικωτέραν</span> <span class='ocrx_word' id='word_1_787' title='bbox 1527 5221 1795 5297; x_wconf 79' lang='grc' dir='ltr'>ἐποίησεν.</span> <span class='ocrx_word' id='word_1_788' title='bbox 1832 5218 2053 5305; x_wconf 80' lang='grc' dir='ltr'>Ὥσπερ</span> 
     </span>
    </p>
   </div>
   <div class='ocr_carea' id='block_1_98' title="bbox 452 5313 2055 5398">
    <p class='ocr_par' dir='ltr' id='par_1_98' title="bbox 452 5313 2055 5398">
     <span class='ocr_line' id='line_1_98' title="bbox 452 5313 2055 5398; baseline -0.001 -23"><span class='ocrx_word' id='word_1_789' title='bbox 452 5316 555 5394; x_wconf 65' lang='grc' dir='ltr'>γὰρ</span> <span class='ocrx_word' id='word_1_790' title='bbox 600 5314 731 5398; x_wconf 78' lang='grc' dir='ltr'>πυρὶ</span> <span class='ocrx_word' id='word_1_791' title='bbox 775 5314 986 5396; x_wconf 80' lang='grc' dir='ltr'>σίδηρος</span> <span class='ocrx_word' id='word_1_792' title='bbox 1029 5314 1291 5394; x_wconf 71' lang='grc' dir='ltr'>ὁμιλήσας</span> <span class='ocrx_word' id='word_1_793' title='bbox 1327 5319 1436 5397; x_wconf 87' lang='grc' dir='ltr'><strong>πῦρ</strong></span> <span class='ocrx_word' id='word_1_794' title='bbox 1476 5313 1680 5397; x_wconf 80' lang='grc' dir='ltr'>γίνεται</span> <span class='ocrx_word' id='word_1_795' title='bbox 1711 5333 1726 5349; x_wconf 89' lang='grc'><strong>·</strong></span> <span class='ocrx_word' id='word_1_796' title='bbox 1775 5315 1915 5375; x_wconf 76' lang='grc' dir='ltr'>οὕτω</span> <span class='ocrx_word' id='word_1_797' title='bbox 1961 5313 2055 5374; x_wconf 80' lang='grc' dir='ltr'>καὶ</span> 
     </span>
    </p>
   </div>
   <div class='ocr_carea' id='block_1_99' title="bbox 537 5485 1473 5557">
    <p class='ocr_par' dir='ltr' id='par_1_99' title="bbox 537 5485 1473 5557">
     <span class='ocr_line' id='line_1_99' title="bbox 537 5485 1473 5557; baseline -0.005 -10"><span class='ocrx_word' id='word_1_798' title='bbox 537 5491 740 5547; x_wconf 65' lang='lat' dir='ltr'><strong>“Matt.</strong></span> <span class='ocrx_word' id='word_1_799' title='bbox 761 5501 878 5554; x_wconf 76' lang='lat' dir='ltr'><strong>vn,</strong></span> <span class='ocrx_word' id='word_1_800' title='bbox 912 5492 999 5545; x_wconf 86' lang='lat'><strong>18.</strong></span> <span class='ocrx_word' id='word_1_801' title='bbox 1058 5497 1085 5524; x_wconf 74' lang='grc' dir='ltr'><strong>τ</strong></span> <span class='ocrx_word' id='word_1_802' title='bbox 1113 5485 1256 5545; x_wconf 87' lang='lat' dir='ltr'><strong>Gen.</strong></span> <span class='ocrx_word' id='word_1_803' title='bbox 1289 5499 1378 5557; x_wconf 83' lang='lat' dir='ltr'><strong>vr,</strong></span> <span class='ocrx_word' id='word_1_804' title='bbox 1419 5491 1473 5544; x_wconf 86' lang='lat'><strong>3.</strong></span> 
     </span>
    </p>
   </div>
   <div class='ocr_carea' id='block_1_100' title="bbox 2156 4503 3762 4574">
    <p class='ocr_par' dir='ltr' id='par_1_100' title="bbox 2156 4503 3762 4574">
     <span class='ocr_line' id='line_1_100' title="bbox 2156 4503 3762 4574; baseline -0.001 -14"><span class='ocrx_word' id='word_1_805' title='bbox 2156 4503 2347 4574; x_wconf 84' lang='lat' dir='ltr'><strong>efﬁcit,</strong></span> <span class='ocrx_word' id='word_1_806' title='bbox 2409 4504 2490 4560; x_wconf 90' lang='lat' dir='ltr'><strong>sic</strong></span> <span class='ocrx_word' id='word_1_807' title='bbox 2559 4503 2830 4572; x_wconf 90' lang='lat' dir='ltr'><strong>nominat,</strong></span> <span class='ocrx_word' id='word_1_808' title='bbox 2883 4503 3074 4561; x_wconf 91' lang='lat' dir='ltr'><strong>itidem</strong></span> <span class='ocrx_word' id='word_1_809' title='bbox 3116 4512 3176 4560; x_wconf 92' lang='lat' dir='ltr'><strong>ut</strong></span> <span class='ocrx_word' id='word_1_810' title='bbox 3222 4504 3282 4559; x_wconf 92' lang='lat' dir='ltr'><strong>in</strong></span> <span class='ocrx_word' id='word_1_811' title='bbox 3331 4503 3516 4559; x_wconf 86' lang='lat' dir='ltr'><strong>Veteri</strong></span> <span class='ocrx_word' id='word_1_812' title='bbox 3565 4507 3762 4558; x_wconf 85' lang='lat' dir='ltr'><strong>Testa-</strong></span> 
     </span>
    </p>
   </div>
   <div class='ocr_carea' id='block_1_101' title="bbox 2157 4591 3759 4666">
    <p class='ocr_par' dir='ltr' id='par_1_101' title="bbox 2157 4591 3759 4666">
     <span class='ocr_line' id='line_1_101' title="bbox 2157 4591 3759 4666; baseline -0.001 -17"><span class='ocrx_word' id='word_1_813' title='bbox 2157 4601 2387 4650; x_wconf 87' lang='lat' dir='ltr'><strong>mento&#39;</strong></span> <span class='ocrx_word' id='word_1_814' title='bbox 2426 4613 2440 4650; x_wconf 90' lang='lat'>:</span> <span class='ocrx_word' id='word_1_815' title='bbox 2477 4616 2505 4644; x_wconf 71' lang='grc' dir='ltr'>ι</span> <span class='ocrx_word' id='word_1_816' title='bbox 2553 4597 2698 4656; x_wconf 83' lang='lat' dir='ltr'><strong>Non.</strong></span> <span class='ocrx_word' id='word_1_817' title='bbox 2726 4616 2751 4642; x_wconf 71' lang='grc' dir='ltr'><strong><em>ι</em></strong></span> <span class='ocrx_word' id='word_1_818' title='bbox 2794 4593 2906 4665; x_wconf 78' lang='lat'><strong>56</strong></span> <span class='ocrx_word' id='word_1_819' title='bbox 2934 4593 3132 4666; x_wconf 91' lang='lat' dir='ltr'><strong>inquit,</strong></span> <span class='ocrx_word' id='word_1_820' title='bbox 3169 4611 3198 4645; x_wconf 70' lang='grc' dir='ltr'><strong>ί(</strong></span> <span class='ocrx_word' id='word_1_821' title='bbox 3223 4591 3563 4664; x_wconf 90' lang='lat' dir='ltr'><strong>permanebit</strong></span> <span class='ocrx_word' id='word_1_822' title='bbox 3590 4591 3759 4664; x_wconf 90' lang='lat' dir='ltr'><strong>Spiri-</strong></span> 
     </span>
    </p>
   </div>
   <div class='ocr_carea' id='block_1_102' title="bbox 2155 4681 3758 4758">
    <p class='ocr_par' dir='ltr' id='par_1_102' title="bbox 2155 4681 3758 4758">
     <span class='ocr_line' id='line_1_102' title="bbox 2155 4681 3758 4758; baseline -0.001 -18"><span class='ocrx_word' id='word_1_823' title='bbox 2155 4691 2246 4741; x_wconf 85' lang='lat' dir='ltr'><strong>tus</strong></span> <span class='ocrx_word' id='word_1_824' title='bbox 2271 4700 2430 4742; x_wconf 92' lang='lat' dir='ltr'><strong>meus</strong></span> <span class='ocrx_word' id='word_1_825' title='bbox 2457 4684 2515 4740; x_wconf 93' lang='lat' dir='ltr'><strong>in</strong></span> <span class='ocrx_word' id='word_1_826' title='bbox 2553 4683 2662 4753; x_wconf 90' lang='lat' dir='ltr'><strong>his,</strong></span> <span class='ocrx_word' id='word_1_827' title='bbox 2707 4684 2833 4758; x_wconf 90' lang='lat' dir='ltr'><strong>quia</strong></span> <span class='ocrx_word' id='word_1_828' title='bbox 2857 4699 2984 4740; x_wconf 87' lang='lat' dir='ltr'><strong>caro</strong></span> <span class='ocrx_word' id='word_1_829' title='bbox 3014 4691 3162 4739; x_wconf 90' lang='lat' dir='ltr'><strong>sunt.</strong></span> <span class='ocrx_word' id='word_1_830' title='bbox 3199 4705 3225 4732; x_wconf 70' lang='grc' dir='ltr'><strong>ν</strong></span> <span class='ocrx_word' id='word_1_831' title='bbox 3266 4684 3439 4739; x_wconf 90' lang='lat' dir='ltr'><strong>Porro</strong></span> <span class='ocrx_word' id='word_1_832' title='bbox 3476 4681 3625 4754; x_wconf 90' lang='lat' dir='ltr'><strong>quod</strong></span> <span class='ocrx_word' id='word_1_833' title='bbox 3663 4682 3758 4747; x_wconf 89' lang='lat' dir='ltr'><strong>ait,</strong></span> 
     </span>
    </p>
   </div>
   <div class='ocr_carea' id='block_1_103' title="bbox 2161 4772 3760 4846">
    <p class='ocr_par' dir='ltr' id='par_1_103' title="bbox 2161 4772 3760 4846">
     <span class='ocr_line' id='line_1_103' title="bbox 2161 4772 3760 4846; baseline 0.001 -19"><span class='ocrx_word' id='word_1_834' title='bbox 2161 4792 2191 4827; x_wconf 77' lang='grc' dir='ltr'><strong>α</strong></span> <span class='ocrx_word' id='word_1_835' title='bbox 2231 4778 2345 4832; x_wconf 90' lang='lat' dir='ltr'><strong>Vos</strong></span> <span class='ocrx_word' id='word_1_836' title='bbox 2373 4784 2560 4832; x_wconf 91' lang='lat' dir='ltr'><strong>autem</strong></span> <span class='ocrx_word' id='word_1_837' title='bbox 2603 4791 2718 4831; x_wconf 92' lang='lat' dir='ltr'><strong>non</strong></span> <span class='ocrx_word' id='word_1_838' title='bbox 2760 4775 2890 4830; x_wconf 89' lang='lat' dir='ltr'><strong>estis</strong></span> <span class='ocrx_word' id='word_1_839' title='bbox 2917 4775 2974 4830; x_wconf 92' lang='lat' dir='ltr'><strong>in</strong></span> <span class='ocrx_word' id='word_1_840' title='bbox 3018 4789 3204 4844; x_wconf 90' lang='lat' dir='ltr'><strong>carne,</strong></span> <span class='ocrx_word' id='word_1_841' title='bbox 3239 4796 3262 4821; x_wconf 74' lang='grc' dir='ltr'><strong>ι</strong></span> <span class='ocrx_word' id='word_1_842' title='bbox 3303 4772 3622 4846; x_wconf 89' lang='lat' dir='ltr'><strong>hujusmodi</strong></span> <span class='ocrx_word' id='word_1_843' title='bbox 3654 4780 3760 4842; x_wconf 87' lang='lat' dir='ltr'><strong>est,</strong></span> 
     </span>
    </p>
   </div>
   <div class='ocr_carea' id='block_1_104' title="bbox 2155 4864 3761 4937">
    <p class='ocr_par' dir='ltr' id='par_1_104' title="bbox 2155 4864 3761 4937">
     <span class='ocr_line' id='line_1_104' title="bbox 2155 4864 3761 4937; baseline -0.001 -16"><span class='ocrx_word' id='word_1_844' title='bbox 2155 4868 2280 4922; x_wconf 87' lang='lat' dir='ltr'><strong>Non</strong></span> <span class='ocrx_word' id='word_1_845' title='bbox 2316 4865 2530 4922; x_wconf 89' lang='lat' dir='ltr'><strong>servitis</strong></span> <span class='ocrx_word' id='word_1_846' title='bbox 2561 4864 2766 4922; x_wconf 88' lang='lat' dir='ltr'><strong>carnali</strong></span> <span class='ocrx_word' id='word_1_847' title='bbox 2804 4865 2968 4935; x_wconf 65' lang='lat' dir='ltr'><strong>vitae,</strong></span> <span class='ocrx_word' id='word_1_848' title='bbox 3013 4865 3111 4921; x_wconf 90' lang='lat' dir='ltr'><strong>sed</strong></span> <span class='ocrx_word' id='word_1_849' title='bbox 3161 4864 3453 4937; x_wconf 90' lang='lat' dir='ltr'><strong>spirituali.</strong></span> <span class='ocrx_word' id='word_1_850' title='bbox 3489 4867 3557 4920; x_wconf 86' lang='lat' dir='ltr'><strong>Et</strong></span> <span class='ocrx_word' id='word_1_851' title='bbox 3593 4879 3761 4937; x_wconf 89' lang='lat' dir='ltr'><strong>quare</strong></span> 
     </span>
    </p>
   </div>
   <div class='ocr_carea' id='block_1_105' title="bbox 2155 4953 3766 5027">
    <p class='ocr_par' dir='ltr' id='par_1_105' title="bbox 2155 4953 3766 5027">
     <span class='ocr_line' id='line_1_105' title="bbox 2155 4953 3766 5027; baseline -0.001 -15"><span class='ocrx_word' id='word_1_852' title='bbox 2155 4972 2270 5012; x_wconf 86' lang='lat' dir='ltr'><strong>non</strong></span> <span class='ocrx_word' id='word_1_853' title='bbox 2319 4955 2479 5023; x_wconf 85' lang='lat' dir='ltr'><strong>dixit,</strong></span> <span class='ocrx_word' id='word_1_854' title='bbox 2519 4958 2634 5013; x_wconf 89' lang='lat' dir='ltr'><strong>Vos</strong></span> <span class='ocrx_word' id='word_1_855' title='bbox 2661 4964 2844 5012; x_wconf 92' lang='lat' dir='ltr'><strong>autem</strong></span> <span class='ocrx_word' id='word_1_856' title='bbox 2871 4972 2985 5011; x_wconf 90' lang='lat' dir='ltr'><strong>non</strong></span> <span class='ocrx_word' id='word_1_857' title='bbox 3013 4955 3146 5012; x_wconf 87' lang='lat' dir='ltr'><strong>estis</strong></span> <span class='ocrx_word' id='word_1_858' title='bbox 3174 4955 3227 5010; x_wconf 94' lang='lat' dir='ltr'><strong>in</strong></span> <span class='ocrx_word' id='word_1_859' title='bbox 3256 4955 3496 5027; x_wconf 88' lang='lat' dir='ltr'><strong>peccatis</strong></span> <span class='ocrx_word' id='word_1_860' title='bbox 3522 4958 3546 5010; x_wconf 71' lang='grc' dir='ltr'>Ρ</span> <span class='ocrx_word' id='word_1_861' title='bbox 3568 4955 3650 5011; x_wconf 88' lang='lat' dir='ltr'><strong>Ut</strong></span> <span class='ocrx_word' id='word_1_862' title='bbox 3685 4953 3766 5010; x_wconf 90' lang='lat' dir='ltr'><strong>di-</strong></span> 
     </span>
    </p>
   </div>
   <div class='ocr_carea' id='block_1_106' title="bbox 2158 5042 3759 5120">
    <p class='ocr_par' dir='ltr' id='par_1_106' title="bbox 2158 5042 3759 5120">
     <span class='ocr_line' id='line_1_106' title="bbox 2158 5042 3759 5120; baseline -0.003 -17"><span class='ocrx_word' id='word_1_863' title='bbox 2158 5062 2300 5115; x_wconf 90' lang='lat' dir='ltr'><strong>scas,</strong></span> <span class='ocrx_word' id='word_1_864' title='bbox 2340 5045 2493 5120; x_wconf 92' lang='lat' dir='ltr'><strong>quod</strong></span> <span class='ocrx_word' id='word_1_865' title='bbox 2534 5045 2740 5104; x_wconf 88' lang='lat' dir='ltr'><strong>nedum</strong></span> <span class='ocrx_word' id='word_1_866' title='bbox 2785 5045 2990 5118; x_wconf 89' lang='lat' dir='ltr'><strong>peccati</strong></span> <span class='ocrx_word' id='word_1_867' title='bbox 3037 5045 3391 5118; x_wconf 89' lang='lat' dir='ltr'><strong>tyrannidem</strong></span> <span class='ocrx_word' id='word_1_868' title='bbox 3435 5042 3759 5101; x_wconf 83' lang='lat' dir='ltr'><strong>exstinxerit</strong></span> 
     </span>
    </p>
   </div>
   <div class='ocr_carea' id='block_1_107' title="bbox 2161 5131 3762 5205">
    <p class='ocr_par' dir='ltr' id='par_1_107' title="bbox 2161 5131 3762 5205">
     <span class='ocr_line' id='line_1_107' title="bbox 2161 5131 3762 5205; baseline -0.004 -11"><span class='ocrx_word' id='word_1_869' title='bbox 2161 5137 2434 5205; x_wconf 89' lang='lat' dir='ltr'><strong>Christus,</strong></span> <span class='ocrx_word' id='word_1_870' title='bbox 2461 5152 2654 5193; x_wconf 90' lang='lat' dir='ltr'><strong>verum</strong></span> <span class='ocrx_word' id='word_1_871' title='bbox 2680 5136 2847 5192; x_wconf 90' lang='lat' dir='ltr'><strong>etiam</strong></span> <span class='ocrx_word' id='word_1_872' title='bbox 2879 5150 3105 5193; x_wconf 89' lang='lat' dir='ltr'><strong>carnem</strong></span> <span class='ocrx_word' id='word_1_873' title='bbox 3143 5143 3199 5191; x_wconf 92' lang='lat' dir='ltr'><strong>et</strong></span> <span class='ocrx_word' id='word_1_874' title='bbox 3222 5134 3487 5191; x_wconf 90' lang='lat' dir='ltr'><strong>leviorem</strong></span> <span class='ocrx_word' id='word_1_875' title='bbox 3512 5141 3568 5188; x_wconf 90' lang='lat' dir='ltr'><strong>et</strong></span> <span class='ocrx_word' id='word_1_876' title='bbox 3597 5131 3762 5204; x_wconf 89' lang='lat' dir='ltr'><strong>spiri-</strong></span> 
     </span>
    </p>
   </div>
   <div class='ocr_carea' id='block_1_108' title="bbox 2166 5221 3763 5298">
    <p class='ocr_par' dir='ltr' id='par_1_108' title="bbox 2166 5221 3763 5298">
     <span class='ocr_line' id='line_1_108' title="bbox 2166 5221 3763 5298; baseline -0.003 -13"><span class='ocrx_word' id='word_1_877' title='bbox 2166 5229 2453 5286; x_wconf 88' lang='lat' dir='ltr'><strong>tualiorem</strong></span> <span class='ocrx_word' id='word_1_878' title='bbox 2495 5225 2818 5286; x_wconf 89' lang='lat' dir='ltr'><strong>reddiderit.</strong></span> <span class='ocrx_word' id='word_1_879' title='bbox 2859 5223 3344 5298; x_wconf 89' lang='lat' dir='ltr'><strong>Quemadmodum</strong></span> <span class='ocrx_word' id='word_1_880' title='bbox 3373 5223 3521 5280; x_wconf 90' lang='lat' dir='ltr'><strong>enim</strong></span> <span class='ocrx_word' id='word_1_881' title='bbox 3549 5221 3763 5280; x_wconf 85' lang='lat' dir='ltr'><strong>ferrum</strong></span> 
     </span>
    </p>
   </div>
   <div class='ocr_carea' id='block_1_109' title="bbox 2163 5312 3759 5393">
    <p class='ocr_par' dir='ltr' id='par_1_109' title="bbox 2163 5312 3759 5393">
     <span class='ocr_line' id='line_1_109' title="bbox 2163 5312 3759 5393; baseline -0.004 -17"><span class='ocrx_word' id='word_1_882' title='bbox 2163 5319 2221 5377; x_wconf 90' lang='lat' dir='ltr'><strong>in</strong></span> <span class='ocrx_word' id='word_1_883' title='bbox 2257 5320 2383 5393; x_wconf 91' lang='lat' dir='ltr'><strong>igne</strong></span> <span class='ocrx_word' id='word_1_884' title='bbox 2408 5333 2783 5388; x_wconf 91' lang='lat' dir='ltr'><strong>commorans,</strong></span> <span class='ocrx_word' id='word_1_885' title='bbox 2811 5317 2952 5391; x_wconf 90' lang='lat' dir='ltr'><strong>ignis</strong></span> <span class='ocrx_word' id='word_1_886' title='bbox 2971 5317 3036 5374; x_wconf 84' lang='lat' dir='ltr'><strong>ﬁt</strong></span> <span class='ocrx_word' id='word_1_887' title='bbox 3068 5334 3082 5372; x_wconf 91' lang='lat'><strong>:</strong></span> <span class='ocrx_word' id='word_1_888' title='bbox 3106 5316 3187 5374; x_wconf 92' lang='lat' dir='ltr'><strong>sic</strong></span> <span class='ocrx_word' id='word_1_889' title='bbox 3215 5323 3268 5371; x_wconf 90' lang='lat' dir='ltr'><strong>et</strong></span> <span class='ocrx_word' id='word_1_890' title='bbox 3292 5329 3420 5372; x_wconf 90' lang='lat' dir='ltr'><strong>caro</strong></span> <span class='ocrx_word' id='word_1_891' title='bbox 3440 5329 3635 5372; x_wconf 88' lang='lat' dir='ltr'><strong>eorum</strong></span> <span class='ocrx_word' id='word_1_892' title='bbox 3665 5312 3759 5388; x_wconf 89' lang='lat' dir='ltr'><strong>qui</strong></span> 
     </span>
    </p>
   </div>
   <div class='ocr_carea' id='block_1_110' title="bbox 1848 5612 2394 5677">
    <p class='ocr_par' dir='ltr' id='par_1_110' title="bbox 1848 5612 2394 5677">
     <span class='ocr_line' id='line_1_110' title="bbox 1848 5612 2394 5677; baseline -0.007 0"><span class='ocrx_word' id='word_1_893' title='bbox 1848 5613 2049 5677; x_wconf 80' lang='lat' dir='ltr'><strong>Variae</strong></span> <span class='ocrx_word' id='word_1_894' title='bbox 2093 5612 2394 5673; x_wconf 89' lang='lat' dir='ltr'><strong>lectiones.</strong></span> 
     </span>
    </p>
   </div>
   <div class='ocr_carea' id='block_1_111' title="bbox 528 5770 1260 5846">
    <p class='ocr_par' dir='ltr' id='par_1_111' title="bbox 528 5770 1260 5846">
     <span class='ocr_line' id='line_1_111' title="bbox 528 5770 1260 5846; baseline -0.005 -20"><span class='ocrx_word' id='word_1_895' title='bbox 528 5772 567 5807; x_wconf 80' lang='grc'><strong>⁶¹</strong></span> <span class='ocrx_word' id='word_1_896' title='bbox 599 5772 696 5846; x_wconf 71' lang='grc' dir='ltr'><strong>οὔχ</strong></span> <span class='ocrx_word' id='word_1_897' title='bbox 721 5790 776 5832; x_wconf 90' lang='lat'><strong>0.</strong></span> <span class='ocrx_word' id='word_1_898' title='bbox 855 5771 902 5806; x_wconf 79' lang='grc'>⁶²</span> <span class='ocrx_word' id='word_1_899' title='bbox 929 5773 1000 5843; x_wconf 82' lang='grc' dir='ltr'><strong>τῷ</strong></span> <span class='ocrx_word' id='word_1_900' title='bbox 1023 5770 1186 5842; x_wconf 75' lang='grc' dir='ltr'>Κυρίῳ</span> <span class='ocrx_word' id='word_1_901' title='bbox 1209 5785 1260 5829; x_wconf 90' lang='grc' dir='ltr'><strong>ο,</strong></span> 
     </span>
    </p>
   </div>
   <div class='ocr_carea' id='block_1_112' title="bbox 1365 5761 2042 5844">
    <p class='ocr_par' dir='ltr' id='par_1_112' title="bbox 1365 5767 2042 5844">
     <span class='ocr_line' id='line_1_112' title="bbox 1365 5767 2042 5844; baseline -0.004 -19"><span class='ocrx_word' id='word_1_902' title='bbox 1365 5768 1410 5804; x_wconf 73' lang='grc'><strong>⁸³</strong></span> <span class='ocrx_word' id='word_1_903' title='bbox 1429 5767 1542 5844; x_wconf 75' lang='grc' dir='ltr'>εἴπῃ</span> <span class='ocrx_word' id='word_1_904' title='bbox 1566 5785 1623 5827; x_wconf 89' lang='lat'><strong>0.</strong></span> <span class='ocrx_word' id='word_1_905' title='bbox 1696 5768 1742 5804; x_wconf 75' lang='lat'><strong>“</strong></span> <span class='ocrx_word' id='word_1_906' title='bbox 1767 5773 1867 5832; x_wconf 77' lang='grc' dir='ltr'><strong>πῶς</strong></span> <span class='ocrx_word' id='word_1_907' title='bbox 1897 5769 2042 5824; x_wconf 63' lang='grc' dir='ltr'>Παῦλι</span> 
     </span>
    </p>
   </div>
   <div class='ocr_carea' id='block_1_113' title="bbox 2151 5761 3488 5844">
    <p class='ocr_par' dir='ltr' id='par_1_113' title="bbox 2151 5761 3488 5841">
     <span class='ocr_line' id='line_1_113' title="bbox 2151 5761 3488 5841; baseline -0.004 -17"><span class='ocrx_word' id='word_1_908' title='bbox 2151 5773 2244 5832; x_wconf 74' lang='grc' dir='ltr'><strong>πῶς</strong></span> <span class='ocrx_word' id='word_1_909' title='bbox 2261 5766 2481 5841; x_wconf 53' lang='lat' dir='ltr'><strong>Inanis;</strong></span> <span class='ocrx_word' id='word_1_910' title='bbox 2512 5783 2592 5824; x_wconf 89' lang='lat' dir='ltr'><strong>m.</strong></span> <span class='ocrx_word' id='word_1_911' title='bbox 2668 5765 2713 5801; x_wconf 71' lang='lat'><strong>55</strong></span> <span class='ocrx_word' id='word_1_912' title='bbox 2739 5764 3024 5837; x_wconf 82' lang='grc' dir='ltr'>στέργοντες</span> <span class='ocrx_word' id='word_1_913' title='bbox 3051 5778 3102 5820; x_wconf 90' lang='lat'><strong>0.</strong></span> <span class='ocrx_word' id='word_1_914' title='bbox 3180 5761 3227 5797; x_wconf 74' lang='grc'><strong>⁸⁵</strong></span> <span class='ocrx_word' id='word_1_915' title='bbox 3253 5761 3384 5825; x_wconf 80' lang='grc' dir='ltr'>ὅλως</span> <span class='ocrx_word' id='word_1_916' title='bbox 3409 5777 3488 5818; x_wconf 88' lang='lat' dir='ltr'><strong>m.</strong></span> 
     </span>
    </p>
   </div>
  </div>
