4150 6420
408 385 514 448 439

1443 388 1955 447 THEOPHYLACTI
1993 386 2353 445 BULGARIE
2387 382 2702 442 ARCHIEP.

3613 373 3719 436 440

409 533 508 592 per
556 516 826 590 baptisma
864 517 1133 589 Spiritum
1168 525 1529 590 acceperunt,
1559 525 1675 573 tota
1712 515 2005 588 spiritualis

2140 538 2147 587 |
2179 512 2310 595 σὰρξ
2338 514 2441 570 τῶν
2482 510 2567 569 διὰ
2605 514 2698 569 τοῦ
2734 506 3106 589 βαπτίσματος
3135 504 3196 566 τὸ
3226 506 3457 583 Πνεῦμα
3485 504 3718 586 δεξαμέ-

408 606 668 665 efﬁcitur.

487 700 659 754 Vnus.
692 701 780 753 10.
814 720 839 747 α
877 697 1162 770 Siquidem
1200 696 1433 769 Spiritus
1456 697 1561 753 Dei
1588 695 1801 753 habitat
1826 696 1886 752 in
1908 711 2009 752 vo-

414 787 524 845 bis.
552 810 579 837 »
609 817 680 829 -
705 808 732 835 α
776 787 1060 859 Siquidem
1094 810 1119 837 ιι
1152 786 1242 843 hic
1276 803 1389 843 non
1414 787 1572 860 ponit
1603 786 1729 860 quia
1771 786 2008 853 dubitet,

416 894 609 935 verum
638 877 762 951 quia
793 877 950 934 valde
971 877 1181 945 credat,
1208 892 1311 949 pro
1348 892 1414 933 eo
1443 876 1591 949 quod
1614 885 1720 947 est,
1753 875 2012 947 Quando-

415 967 643 1041 quidem
672 967 792 1041 jam
827 967 1061 1039 Spiritus
1087 967 1188 1024 Dei
1232 967 1553 1025 demoratur
1581 966 1637 1022 in
1683 966 1860 1035 vobis,
1886 982 2012 1039 pro-

418 1065 599 1131 pterea
626 1058 682 1113 in
708 1058 903 1129 spiritu
933 1058 1081 1113 estis.

493 1170 521 1197 α
558 1148 615 1205 Si
645 1148 767 1220 quis
795 1156 979 1205 autem
1008 1147 1273 1219 Spiritum
1304 1146 1507 1205 Christi
1547 1163 1661 1204 non
1709 1147 1893 1215 habet,
1926 1146 2016 1203 hic

417 1253 528 1295 non
553 1246 637 1294 est
665 1238 801 1310 ejus.
832 1261 856 1287 ν
890 1239 1014 1295 Νοιι
1042 1237 1200 1306 dixit,
1232 1238 1289 1295 Si
1316 1246 1503 1294 autem
1526 1238 1792 1310 Spiritum
1817 1236 2015 1294 Christi

419 1343 534 1384 non
562 1327 803 1397 habetis,
832 1327 906 1384 ob
920 1327 1191 1384 sermonis
1209 1328 1564 1400 asperitatem
1588 1336 1640 1383 et
1668 1327 2010 1384 molestiam:

421 1417 541 1485 sed,
570 1442 593 1466 ιι
627 1419 681 1474 Si
704 1417 829 1489 quis
869 1418 1130 1489 Spiritum
1157 1433 1273 1473 non
1321 1416 1508 1486 habet,
1535 1439 1561 1466 ν
1602 1416 1881 1474 indeﬁnite
1908 1417 2013 1473 sci-

422 1506 570 1571 licet,
606 1530 632 1556 σι
684 1523 795 1563 non
844 1516 926 1564 est
974 1508 1196 1575 Christi,
1232 1530 1258 1556 an
1314 1506 1480 1581 idque
1534 1523 1646 1563 non
1690 1507 2013 1564 immerito:

422 1595 653 1668 Spiritus
698 1597 849 1652 enim
888 1596 1001 1669 ipse
1047 1596 1281 1670 sigillum
1326 1604 1432 1653 est.
1484 1596 1722 1653 Proinde
1765 1596 1860 1665 qui
1907 1612 2020 1652 non

423 1692 605 1759 gestat
646 1686 906 1759 sigillum,
956 1702 1070 1743 non
1117 1694 1201 1744 est
1222 1685 1473 1757 Domini,
1505 1688 1599 1759 qui
1638 1702 1736 1760 per
1779 1686 2019 1760 sigillum

426 1774 562 1832 illud
584 1775 938 1848 signiﬁcatur.

500 1887 528 1915 σι
567 1865 623 1921 Si
656 1874 840 1923 autem
886 1865 1135 1923 Christus
1167 1866 1222 1922 in
1248 1867 1405 1923 vobis
1434 1874 1537 1935 est,
1569 1882 1773 1938 corpus
1803 1866 2021 1938 quidem
2050 1903 2100 1966 B

424 1964 711 2013 mortuum
753 1964 837 2012 est
878 1965 1101 2029 propter
1132 1965 1444 2029 peccatum,
1487 1957 1707 2029 spiritus
1745 1971 1875 2012 vero
1916 1956 2021 2011 vita

426 2053 508 2102 est
554 2052 778 2117 propter
810 2045 1104 2118 justitiam.
1151 2068 1177 2094 ι
1209 2048 1421 2102 Rursus
1464 2060 1560 2102 eos
1595 2045 1862 2102 exhilarat
1898 2061 2025 2101 cum

2112 627 2215 663 νων
2258 602 2353 674 ὅλη
2384 596 2719 679 πνευματικὴ
2751 597 2975 677 γίνεται.

2203 715 2233 752 ιι
2264 691 2436 771 Εἴπερ
2476 695 2702 767 Πνεῦμα
2737 691 2879 750 Θεοῦ
2921 692 3053 747 οἰκεῖ
3085 688 3139 745 iv
3169 688 3319 762 ὗμῖν.
3361 708 3389 744 ι
3423 685 3535 761 Τὸ,
3576 713 3601 739 ι
3631 684 3723 746 Εἴ-

2116 807 2250 864 περ,
2277 805 2305 841 »
2344 781 2440 840 οὐκ
2483 779 2840 862 ἀμφιϐάλλων
2896 777 3139 856 τίθησιν,
3191 775 3333 835 ἀλλὰ
3385 775 3479 835 καὶ
3524 776 3726 858 σφόδρα

2116 870 2415 941 πιστεύων,
2448 871 2563 929 ἀντὶ
2594 876 2685 928 τοῦ
2710 914 2727 943 ,
2773 867 3106 947 Ἐπειδήπερ
3153 870 3387 945 Πνεῦμα
3420 867 3564 927 Θεοῦ
3594 867 3730 927 οἰκεῖ

2120 966 2171 1023 iv
2208 965 2330 1040 ὑμῖν
2350 1007 2365 1035 ,
2388 959 2473 1018 διὰ
2502 964 2658 1019 τοῦτο
2688 963 2740 1019 ἐν
2768 956 3036 1034 πνεύματί
3068 958 3210 1015 ἐστε.

2211 1168 2242 1205 α
2274 1145 2338 1205 Εἰ
2370 1140 2426 1201 δέ
2468 1166 2548 1211 τις
2583 1145 2808 1216 Πνεῦμα
2843 1140 3084 1219 Χριστοῦ
3131 1140 3227 1199 οὔκ
3257 1138 3408 1219 ἔχει,
3441 1126 3594 1205 οὗτος
3631 1140 3727 1196 οὐκ

2122 1236 2263 1298 ἔστιν
2295 1236 2477 1293 αὐτοῦ.
2510 1260 2532 1286 ι
2565 1235 2685 1293 Οὔκ
2713 1221 2881 1307 εἶπεν,
2921 1231 2987 1290 Εἰ
3018 1229 3073 1288 δὲ
3107 1232 3335 1305 Πνεῦμα
3366 1228 3604 1307 Χριστοῦ
3631 1231 3726 1286 οὐκ

2123 1329 2307 1407 ἔχετε,
2351 1322 2439 1382 διὰ
2466 1322 2524 1381 τὸ
2550 1328 2642 1383 τοῦ
2670 1320 2829 1399 λόγου
2858 1318 3121 1407 ἐπαχθὲς,
3172 1320 3314 1390 ἀλλ’,
3351 1345 3375 1369 ιι
3403 1315 3475 1377 Εἴ
3514 1339 3594 1384 τις
3625 1322 3722 1376 οὐκ

2125 1401 2235 1498 ἔξει
2261 1419 2550 1491 Πνεῦμα,υ
2580 1413 2836 1494 ἀορίστως
2857 1401 2973 1485 οὖν,
3001 1411 3133 1469 «οὐκ
3161 1409 3274 1469 ἔστι
3302 1410 3555 1488 Χριστοῦ·
3585 1435 3607 1458 ι
3632 1407 3723 1465 καὶ

2128 1493 2359 1572 είκότως.
2412 1502 2480 1563 Ἣ
2513 1501 2615 1583 γὰρ
2653 1493 2881 1583 σφραγὶς
2926 1498 2987 1558 τὸ
3031 1498 3257 1575 Πνεῦμαί
3300 1499 3463 1555 ἐστιν.
3493 1493 3666 1557 ⁶Ωστε
3698 1500 3727 1555 ὁ

2132 1595 2206 1675 μὴ
2236 1595 2371 1675 ἔχων
2391 1593 2489 1664 τὴν
2521 1594 2788 1674 σςρραγῑδα
2818 1592 2914 1650 οὐκ
2944 1590 3055 1649 ἔστι
3090 1592 3184 1648 τοῦ
3221 1587 3497 1649 Δεσπότου
3522 1590 3618 1646 τοῦ
3641 1586 3727 1646 διὰ

2127 1691 2221 1759 τῆς
2251 1684 2534 1766 σφραγῖδος
2565 1681 2763 1756 ἐκείνης
2794 1679 3144 1757 δηλουμένου.

2215 1890 2238 1917 ι
2268 1866 2337 1924 Εἰ
2362 1862 2419 1922 δὲ
2449 1861 2679 1941 Χριστὸς
2715 1862 2767 1920 iv
2800 1863 2959 1938 ὑμῖν,
2990 1859 3051 1918 τὸ
3100 1856 3200 1936 μὲν
3237 1860 3397 1935 σῶμα
3446 1854 3630 1937 νεκρὸν
3662 1856 3731 1916 δι’

2137 1953 2403 2036 ἁμαρτίαν
2436 1977 2449 1991 ο
2496 1952 2555 2012 τὸ
2607 1952 2662 2009 δὲ
2712 1955 2958 2027 πνεῦμα,
3009 1948 3116 2020 ζωὴ
3159 1948 3247 2007 διὰ
3302 1946 3665 2018 δικαιοσύνην.
3711 1976 3733 1997 ι»

2136 2046 2309 2106 Πάλιν
2344 2041 2578 2123 ίλαρύνει
2621 2040 2807 2108 αὐτοὺς
2850 2038 2938 2099 διὰ
2966 2045 3059 2098 τοῦ
3095 2041 3259 2097 εἰπεῖν
3294 2061 3309 2075 ο
3348 2064 3372 2091 οι
3401 2040 3469 2097 Εἰ
3511 2037 3566 2096 δὲ
3595 2039 3734 2114 Χρι-

427 2135 631 2207 inquit,
666 2158 693 2184 ι
737 2135 794 2191 Si
846 2134 1099 2190 Christus
1139 2143 1225 2191 est
1252 2135 1309 2189 in
1362 2134 1533 2192 vobis.
1570 2158 1594 2184 η
1645 2135 1903 2191 Nonnulli
1937 2134 2029 2191 hic

2140 2134 2255 2201 στὸς
2284 2137 2338 2193 ἐν
2363 2136 2505 2210 ὑμῖν.
2540 2159 2563 2186 ι
2592 2130 2748 2198 Τινὲς
2776 2128 2832 2190 δὲ
2864 2128 3097 2209 Χριστὸν
3125 2127 3187 2188 τὸ
3221 2130 3448 2204 Πνεῦμα
3480 2124 3731 2199 ἐνόησαν·

429 2239 529 2296 per
552 2224 835 2280 Christum
863 2222 1127 2295 Spiritum
1175 2223 1581 2293 intellexerunt,
1632 2240 1825 2280 verum
1866 2224 1924 2281 id
1951 2240 2029 2281 se-

430 2328 529 2370 cus
568 2313 751 2369 habet.
815 2314 1093 2371 Caeterum
1128 2314 1433 2385 Apostolus
1483 2313 1591 2371 hoc
1655 2314 2025 2383 demonstrat,

431 2402 579 2475 quod
611 2403 699 2459 cui
729 2403 964 2477 Spiritus
992 2402 1248 2473 adfuerit,
1300 2404 1352 2459 ei
1389 2404 1560 2460 etiam
1586 2403 1729 2460 adsit
1757 2404 2026 2461 Christus.

428 2492 542 2551 Ubi
583 2492 729 2549 enim
770 2501 855 2550 est
884 2510 995 2550 una
1036 2502 1404 2551 sacrosanctae
1447 2494 1735 2551 Trinitatis
1770 2510 2026 2566 persona,

429 2582 540 2639 illic
579 2582 749 2640 etiam
815 2583 1040 2656 reliquae
1086 2591 1239 2640 sunt.
1302 2582 1514 2656 Ecquid
1544 2584 1650 2640 erit
1692 2583 1739 2640 si
1783 2583 2030 2640 Christus

430 2670 598 2728 fuerit
630 2672 687 2727 in
728 2672 887 2729 nobis
919 2676 943 2728 Ρ
975 2674 1056 2730 Ut
1080 2688 1281 2746 corpus
1310 2674 1384 2729 sit
1415 2682 1723 2743 mortuum,
1758 2681 2031 2745 quatenus

432 2760 503 2818 ad
538 2770 868 2834 peccatum:
895 2762 1128 2833 Spiritus
1156 2771 1342 2818 autem
1379 2771 1602 2818 sanctus
1645 2762 1703 2818 in
1734 2762 1888 2818 vobis
1920 2762 2032 2818 vita

432 2849 524 2919 sit,
570 2850 675 2907 hoc
706 2860 810 2915 est,
839 2852 986 2924 quod
1025 2868 1136 2907 non
1164 2852 1347 2909 solum
1374 2852 1488 2924 ipse
1515 2852 1678 2920 vivat,
1728 2851 1825 2909 sed
1861 2851 2031 2907 etiam

433 2938 557 2995 aliis
582 2946 644 2995 ut
676 2939 858 2995 vivant
891 2949 1148 3012 praestare
1188 2941 1382 2998 valeat.
1420 2964 1445 2989 α
1491 2941 1727 3013 Spiritus
1765 2956 1890 2996 vero
1919 2940 2033 2996 vita

434 3037 518 3086 est
545 3038 767 3102 propter
798 3029 1102 3102 justitiam,
1137 3029 1275 3087 uhoc
1304 3037 1408 3099 est,
1440 3030 1588 3103 quod
1612 3029 1897 3105 justiﬁcati
1935 3046 2031 3086 su-

437 3133 560 3175 mus
606 3133 637 3174 a
683 3121 832 3187 Deo;
874 3134 939 3174 ac
975 3118 1031 3173 in
1060 3118 1222 3176 nobis
1258 3136 1321 3177 ea
1345 3119 1554 3192 justitia
1580 3122 1693 3177 sive
1714 3119 2033 3195 justiﬁcatio

2136 2226 2232 2285 οὐκ
2268 2222 2382 2283 ἔστι
2433 2223 2520 2296 δὲ,
2548 2221 2707 2303 φησὶ,
2775 2224 2931 2279 τοῦτο
2961 2243 2975 2257 ·
3012 2217 3151 2279 ἀλλὰ
3206 2222 3364 2276 τοῦτο
3418 2216 3681 2278 δείκνυσιν
3710 2219 3738 2275 δ

2134 2311 2483 2386 Ἀπόστολος,
2532 2312 2612 2371 ὅτι
2660 2316 2689 2372 ὁ
2730 2311 2791 2370 τὸ
2821 2313 3048 2386 Πνεῦμα
3096 2308 3240 2388 ἔχων
3288 2307 3379 2366 καὶ
3431 2305 3589 2365 αὐτὸν
3620 2305 3736 2387 ἔχει

2132 2405 2221 2463 τὸν
2281 2402 2514 2485 Χριστόν
2545 2426 2558 2440 ·
2601 2400 2725 2462 ἔνθα
2779 2400 2883 2480 γὰρ
2940 2398 3037 2475 μία
3088 2398 3382 2463 ὑπόστασις
3430 2400 3525 2469 τῆς
3584 2396 3736 2485 ἁγίας

2136 2476 2389 2574 Τριάδος,
2421 2492 2531 2552 ἐκεῖ
2572 2490 2665 2551 καὶ
2709 2493 2765 2549 αἱ
2794 2476 3014 2574 λοιπαί.
3052 2488 3163 2549 Καὶ
3189 2487 3242 2548 τί
3287 2486 3469 2561 ἔσται,
3516 2476 3673 2566 iuvi
3712 2488 3741 2545 ὁ

2138 2570 2366 2665 Χριστὸς
2392 2585 2444 2641 ἐν
2482 2586 2650 2660 ἡμῖντ,
2683 2580 2764 2641 Τὸ
2795 2570 2930 2639 εἶναι
2961 2579 3023 2638 τὸ
3056 2580 3218 2654 σῶμα
3253 2576 3438 2655 νεκρὸν
3457 2621 3473 2648 ,
3508 2577 3581 2643 ὡς
3610 2576 3740 2665 πρὸς

2138 2672 2235 2745 τὴν
2266 2672 2556 2752 ἁμαρτίαν.
2592 2670 2674 2731 Τὸ
2717 2670 2772 2729 δὲ
2818 2671 2873 2727 iv
2904 2672 3032 2746 ὑμῖν
3060 2668 3109 2707 ⁸⁷
3144 2666 3292 2746 ἅγιον
3329 2669 3558 2742 Πνεῦμα
3588 2664 3736 2738 ζωὴ,

2139 2761 2440 2836 τουτέστιν,
2488 2764 2547 2820 οὐ
2601 2760 2757 2837 μόνον
2810 2757 2939 2819 αὐτὸ
2980 2763 3043 2837 ζῇ
3072 2758 3146 2831 ⁸⁸,
3205 2756 3343 2815 ἀλλὰ
3397 2756 3488 2815 καὶ
3544 2753 3742 2836 ἑτέροις

2140 2857 2294 2910 τοῦτο
2325 2851 2545 2909 δύναται
2566 2849 2617 2888 ⁶⁹
2643 2849 2919 2930 παρέχεινι
2944 2876 2968 2903 σι
3001 2846 3162 2908 Ἔστι
3194 2846 3248 2905 δὲ
3279 2844 3391 2918 ζωὴ
3417 2844 3477 2903 τὸ
3509 2848 3740 2923 Πνεῦμα

2142 2939 2229 3000 διὰ
2251 2938 2589 3012 δικαιοσύνην
2606 2960 2619 2975 ο
2648 2966 2672 2993 υ
2700 2938 2968 3015 τουτέστι,
3002 2937 3134 2997 διότι
3157 2934 3208 2975 ⁷ο
3236 2934 3619 3013 ἐδικαιώθημεν
3642 2937 3743 2995 ὕπὸ

2142 3035 2236 3089 τοῦ
2269 3032 2411 3093 Θεοῦ
2443 3051 2457 3067 ·
2488 3030 2579 3089 καὶ
2603 3032 2848 3109 τηρεῖται
2878 3030 2931 3087 ἐν
2972 3032 3104 3104 ἡμῖν
3130 3030 3162 3099 ἡ
3188 3024 3495 3097 δικαιοσύνη
3543 3024 3740 3103 ἐκείνη,

2141 3120 2261 3193 ἤτοι
2282 3118 2553 3187 δικαίωσις
2577 3143 2590 3155 ·
2613 3117 2811 3191 ταύτης
2836 3116 2891 3177 δὲ
2918 3118 2964 3156 ’⁷⁸
2994 3115 3350 3196 τηρουμένης,
3378 3114 3619 3194 ἁμαρτία
3643 3117 3739 3173 οὐκ

438 3216 687 3264 servatur
717 3228 729 3265 :
755 3223 861 3280 qua
908 3217 1145 3277 servata,
1187 3219 1473 3282 peccatum
1515 3228 1629 3267 non
1649 3211 2031 3283 eritzpeccato

2144 3208 2334 3269 ἔσται·
2369 3206 2635 3289 ἁμαρτίας
2686 3207 2743 3267 δὲ
2798 3206 2873 3287 μὴ
2924 3205 3118 3279 οὔσης,
3173 3204 3289 3266 οὐδὲ
3341 3204 3559 3270 θάνατος
3590 3226 3603 3240 ο
3648 3203 3742 3263 καὶ

438 3313 564 3353 vero
592 3278 832 3367 sublato,
859 3297 1069 3355 tollitur
1088 3306 1145 3355 et
1168 3278 1340 3368 mors,
1362 3316 1425 3356 ac
1456 3300 1783 3373 relinquitur
1810 3278 2031 3373 prorsus

2143 3298 2327 3359 λοιπὸν
2492 3278 2576 3357 ’τὸ
2619 3306 2726 3357 πᾶν
2749 3343 2766 3377 ,
2798 3278 2907 3357 ’καὶ
2941 3299 2993 3356 ἐν
3025 3298 3100 3377 τῷ
3131 3300 3223 3354 νῦν
3274 3294 3369 3373 μὲν
3405 3296 3579 3369 αἰῶνι,
3616 3290 3743 3351 ὅταν

438 3387 571 3455 vita,
601 3387 719 3443 etin
735 3388 993 3459 praesenti
1017 3388 1242 3460 saeculo,
1272 3390 1495 3462 quando
1516 3390 1825 3447 secundum
1854 3394 2034 3447 Deum

440 3476 741 3533 vixerimus
777 3477 907 3545 (ista
943 3477 1091 3534 enim
1134 3480 1355 3551 proprie
1400 3480 1511 3537 vita
1549 3480 1770 3549 dicitur,
1816 3480 2034 3553 quando

440 3574 665 3638 peccato
699 3566 901 3623 mortui
945 3568 1177 3639 sumus),
1209 3578 1265 3625 et
1310 3569 1367 3625 in
1408 3567 1619 3640 futuro,
1660 3570 1771 3627 vita
1802 3569 2036 3627 indisso-

438 3654 641 3713 lubilis.

510 3749 697 3804 Vnus.
733 3752 819 3803 11.
854 3769 881 3795 α
922 3747 1085 3821 Quod
1114 3748 1161 3804 si
1188 3749 1422 3821 Spiritus
1454 3750 1592 3823 ejus,
1630 3750 1727 3823 qui
1757 3750 2038 3808 suscitavit

435 3839 629 3893 Jesum
671 3852 737 3893 ex
778 3837 1034 3907 mortuis,
1064 3837 1273 3895 habitat
1309 3839 1367 3895 in
1396 3840 1571 3908 vobis,
1620 3840 1714 3912 qui
1753 3841 2039 3899 suscitavit

436 3925 719 3983 Christum
752 3942 782 3982 a
810 3928 1068 3996 mortuis,
1101 3927 1402 3985 viviﬁcabit
1427 3938 1484 3985 et
1516 3930 1766 3987 mortalia
1807 3947 2036 4003 corpora

437 4024 614 4071 vestra
662 4024 886 4088 propter
932 4016 1340 4073 inhabitantem
1375 4018 1644 4090 Spiritum
1684 4020 1802 4093 ejus
1852 4022 1909 4077 in
1940 4037 2037 4078 vo-

437 4104 539 4161 bis.
578 4127 602 4153 »
633 4108 718 4160 De
768 4106 1170 4162 resurrectione
1202 4106 1292 4163 hic
1321 4123 1514 4164 rursus
1568 4124 1882 4167 sermonem
1911 4126 2037 4167 mo-

438 4202 548 4261 vet,
584 4193 836 4264 inquiens
865 4214 878 4249 :
912 4196 989 4251 Ne
1016 4196 1231 4268 angaris
1263 4196 1454 4267 animi,
1488 4198 1637 4271 quod
1665 4200 1885 4257 mortali
1914 4217 2037 4258 cor-

436 4298 571 4355 pore
596 4282 810 4339 cinctus
862 4298 959 4339 es:
994 4282 1169 4341 babes
1227 4286 1381 4341 enim
1431 4286 1698 4360 Spiritum
1760 4290 1885 4361 Dei,
1945 4291 2042 4363 qui

436 4372 693 4429 excitavit
725 4372 1009 4430 Christum
1052 4389 1118 4431 ex
1161 4375 1430 4432 mortuis:
1473 4386 1529 4434 et
1569 4378 2039 4451 quemadmodum

433 4462 594 4519 illum
634 4463 912 4532 excitavit,
937 4464 1019 4521 sic
1045 4472 1101 4521 et
1142 4473 1197 4521 te
1246 4467 1620 4537 resuscitabit,
1664 4469 1778 4526 imo
1810 4468 2045 4527 viviﬁca-

2142 3388 2283 3449 κατὰ
2330 3388 2469 3450 Θεὸν
2502 3392 2677 3466 ζῶμεν
2724 3386 2899 3468 (αὕτη
2944 3385 3047 3466 γὰρ
3090 3384 3282 3465 κυρίως
3322 3382 3466 3457 ζωὴ,
3515 3381 3744 3457 ὁπηνίκα

2144 3479 2274 3558 πρὸς
2318 3477 2416 3552 τὴν
2464 3478 2731 3559 ἁμαρτίαν
2782 3476 2942 3555 ἐσμὲν
2991 3474 3240 3557 νεκροὶ),
3284 3473 3377 3533 καὶ
3410 3477 3463 3533 ἐν
3496 3476 3574 3556 τῷ
3605 3471 3744 3552 μέλ-

2144 3570 2289 3628 λοντι
2327 3567 2382 3627 δὲ
2402 3614 2419 3647 ,
2451 3572 2485 3642 ἡ
2524 3568 2860 3636 ἀκατάλυτος
2885 3564 3018 3639 ζωή.

2236 3769 2266 3807 ‹(
2296 3749 2365 3809 Εἰ
2395 3746 2450 3807 δὲ
2487 3747 2548 3808 τὸ
2578 3749 2807 3827 Πνεῦμα
2854 3750 2947 3807 τοῦ
2994 3743 3291 3827 ἐγείραντος
3324 3744 3536 3819 Ἰησοῦν
3567 3745 3629 3803 ix
3663 3766 3747 3803 νε-

2146 3839 2286 3917 κρῶν
2312 3841 2447 3897 οἰκεῖ
2474 3839 2525 3897 iv
2554 3838 2707 3913 ὑμῖν,
2750 3841 2777 3897 ὁ
2821 3838 3025 3917 ἐγείρας
3071 3835 3158 3893 τὸν
3208 3833 3445 3916 Χριστὸν
3478 3833 3529 3873 ⁷³
3568 3834 3629 3893 ix
3659 3856 3748 3894 νε-

2146 3932 2287 4008 κρῶν
2316 3926 2635 3998 ζωοποιήσει
2686 3926 2777 3987 καὶ
2823 3928 2891 3984 τὰ
2942 3924 3107 3998 θνητὰ
3156 3924 3389 4002 σώματα
3438 3925 3622 4000 ὑμῶν,
3659 3925 3747 3983 διὰ

2146 4017 2208 4076 τὸ
2242 4018 2472 4076 ἐνοικοῦν
2503 4018 2663 4074 αὐτοῦ
2708 4018 2937 4092 Πνεῦμα
2970 4016 3021 4071 iv
3050 4016 3195 4092 ὓμῖν.
3232 4040 3256 4065 ι
3292 4012 3469 4074 Πάλιν
3500 4013 3588 4071 τὸν
3623 4014 3746 4095 περὶ

2150 4103 2489 4171 ἀναστάσεως
2530 4103 2664 4162 κινεῖ
2705 4102 2860 4182 λόγον
2886 4146 2903 4176 ,
2948 4101 3038 4162 καί
3092 4126 3280 4182 φησιν,
3336 4099 3416 4158 ὅτι
3464 4098 3559 4172 Μὴ
3598 4105 3747 4180 θορυ-

2154 4192 2337 4274 ϐηθῇς,
2373 4190 2456 4251 ὅτι
2480 4192 2664 4273 νεκρὸν
2690 4192 2990 4273 περίκεισαι
3012 4191 3064 4231 ⁷³
3086 4194 3247 4268 σῶμα
3274 4214 3287 4228 ·
3314 4191 3453 4271 ἔχεις
3477 4188 3527 4228 ⁷⁴
3549 4190 3652 4270 γὰρ
3684 4191 3744 4250 τὸ

2157 4286 2383 4359 Πνεῦμα
2445 4289 2535 4343 τοῦ
2586 4283 2727 4342 Θεοῦ
2779 4286 2869 4343 τοῦ
2920 4282 3219 4364 ἐγείραντος
3268 4280 3357 4340 τὸν
3411 4279 3643 4362 Χριστὸν
3693 4283 3754 4341 ix

2156 4376 2353 4452 νεκρῶν
2386 4394 2401 4410 ’
2449 4371 2541 4432 καὶ
2587 4370 2768 4454 ὥσπερ
2816 4374 3014 4433 ἐκεῖνον
3079 4371 3324 4453 ἤγειρεν,
3372 4369 3510 4430 οὕτω
3554 4370 3647 4430 καὶ
3696 4371 3754 4431 σὲ

2156 4463 2367 4531 πάντως
2426 4462 2754 4537 ἀναστήσει,
2814 4464 3017 4541 μᾶλλον
3074 4461 3129 4523 δὲ
3180 4460 3519 4534 ζωοποιήσει.
3602 4459 3754 4521 Ἀνα-

434 4552 536 4609 bit.
567 4554 880 4627 Resurgent
905 4555 1113 4611 etenim
1138 4564 1194 4612 et
1212 4555 1286 4612 illi
1310 4556 1513 4629 quibus
1534 4557 1643 4630 57
1675 4558 1911 4631 Spiritus
1936 4560 2031 4616 Dei

2156 4553 2447 4626 στήσονται
2478 4552 2573 4629 μὲν
2604 4551 2708 4633 γὰρ
2736 4556 2785 4613 οἱ
2813 4552 2875 4612 τὸ
2926 4555 3155 4631 Πνεῦμα
3204 4552 3279 4629 μὴ
3322 4551 3562 4633 ἔχοντες,
3614 4549 3755 4611 ἀλλὰ

434 4658 550 4698 nou
596 4642 796 4712 fuerit,
831 4642 931 4700 sed
958 4644 1029 4700 ad
1058 4646 1389 4718 supplicium
1423 4666 1436 4703 :
1477 4648 1570 4720 qui
1607 4663 1737 4704 vero
1784 4649 2043 4721 Spiritum

434 4731 750 4799 habuerint,
806 4734 866 4789 in
896 4734 1083 4790 vitam.
1136 4737 1437 4808 Propterea
1468 4752 1582 4808 non
1635 4736 1773 4794 dixit
1801 4744 2041 4811 Aposto-

432 4820 539 4890 lus,
574 4821 946 4879 Resuscitabit
971 4839 1193 4895 corpus,
1222 4824 1338 4881 sed.
1374 4847 1401 4875 ι
1430 4826 1767 4895 Viviﬁcabit,
1795 4850 1820 4877 ν
1864 4828 1936 4885 ob
1965 4827 2045 4884 in-

434 4910 779 4967 habitantem
816 4912 876 4967 in
913 4921 968 4969 te
995 4912 1284 4985 Spiritum.
1329 4917 1442 4972 Nec
1481 4916 1651 4987 dixit,
1706 4917 1802 4991 qui
1828 4917 2042 4975 inhabi-

432 5000 586 5069 tavit,
620 4999 739 5069 sed,
773 5024 800 5049 «ι
830 5001 923 5074 qui
955 5002 1245 5072 inhabitat,
1271 5004 1362 5077 qui
1393 5005 1464 5062 ad
1498 5006 1665 5063 ﬁnem
1694 5023 1865 5079 usque
1913 5024 2036 5079 per-

2159 4645 2230 4711 εἰς
2286 4643 2507 4703 κόλασιν
2540 4666 2553 4680 ’
2598 4645 2646 4702 οἱ
2676 4642 2731 4702 δὲ
2776 4647 2871 4701 τοῦ
2914 4641 3265 4721 Πνεύματος,
3318 4644 3391 4708 εἷς
3434 4639 3593 4711 ζωήν.
3652 4640 3757 4699 Διὰ

2154 4737 2308 4793 τοῦτο
2358 4733 2452 4794 καὶ
2502 4736 2530 4792 ὁ
2583 4731 2900 4800 Ἀπόστολος
2957 4735 3054 4790 οὐκ
3099 4721 3277 4806 εἶπεν,
3327 4728 3639 4801 Ἀναστήσει
3694 4729 3756 4788 τὸ

2152 4825 2313 4900 σῶμα
2332 4868 2349 4897 ,
2384 4821 2547 4896 ἀλλὰ,
2579 4842 2609 4879 ι)
2648 4820 2984 4893 Ζωοποιήσει
3003 4865 3021 4898 ,
3054 4844 3085 4876 ι»
3120 4819 3207 4878 διὰ
3236 4820 3296 4879 τὸ
3319 4821 3552 4877 ἐνοικοῦν
3584 4820 3637 4877 ἐν
3668 4818 3753 4879 σοὶ

2152 4899 2399 4989 Πνεῦμα.
2441 4912 2561 4971 Οὔκ
2590 4899 2733 4984 εἶπε,
2765 4910 2846 4971 Τὸ
2885 4912 3196 4983 ἐνοικῆσαν,
3240 4906 3416 4985 ἀλλὰ,
3455 4934 3480 4961 α
3512 4906 3593 4967 Τὸ
3622 4909 3755 4968 ἐνοι-

2148 5007 2270 5060 κοῦν
2290 5045 2308 5077 ,
2337 5029 2364 5054 ι
2411 4999 2472 5058 τὸ
2503 4999 2631 5079 ἄχρι
2659 4998 2840 5065 τέλους
2878 4996 3215 5077 παραμένον.
3248 5000 3330 5058 Οὐ
3366 4995 3472 5079 γὰρ
3507 4994 3749 5065 ἀνέξεται

429 5097 637 5147 manet.
669 5114 694 5141 υ
725 5093 851 5147 Non
879 5092 1033 5149 enim
1055 5094 1345 5151 sustinebit
1368 5098 1541 5169 Deus,
1576 5096 1669 5153 ubi
1696 5096 1897 5154 viderit
1910 5098 2031 5171 Spi-

2146 5094 2175 5150 ὁ
2205 5088 2376 5165 Θεὸς,
2409 5087 2532 5147 ἰδὼν
2565 5088 2626 5147 τὸ
2667 5091 2892 5165 Πνεῦμα
2916 5088 3076 5146 αὐτοῦ
3118 5090 3171 5146 ἐν
3200 5086 3311 5162 σοὶ,
3341 5087 3418 5165 μὴ
3455 5088 3673 5167 ἀγαγεῖν
3696 5087 3749 5125 ⁷⁵

428 5179 597 5237 ritum
625 5196 793 5238 suum
822 5181 880 5238 in
906 5190 984 5253 te,
1014 5200 1132 5240 non
1155 5183 1505 5243 introducere
1534 5193 1590 5242 te
1623 5187 1681 5242 in
1724 5184 2031 5245 thalamum

2145 5203 2205 5239 σε
2234 5182 2307 5249 εἷς
2350 5178 2439 5239 τὸν
2480 5180 2739 5261 νυμφῶνα
2769 5178 2929 5237 αὐτοῦ
2961 5196 2977 5212 ⁸
3020 5175 3203 5256 ὥσπερ
3251 5175 3341 5236 ἐὰν
3388 5178 3486 5237 οὐκ
3524 5176 3654 5257 ἔχῃς
3689 5176 3752 5236 τὸ

428 5284 590 5327 suum
623 5272 1136 5345 :quemadmodum
1168 5273 1213 5330 si
1283 5290 1399 5332 non
1447 5274 1703 5334 habueris
1756 5276 2027 5350 Spiritum

2140 5272 2400 5346 Πνεῦμα,
2456 5269 2630 5349 ἀπολῇ
2685 5266 2929 5343 πάντως,
2973 5265 3078 5326 κᾶν
3139 5270 3390 5348 ἀναστῇς.
3450 5265 3746 5347 Νέκρωσον

1827 5457 2015 5517 Variae
2057 5457 2378 5537 lectionem}

498 5600 539 5634 ⁵⁷
585 5600 709 5672 ἡμῖν
758 5621 812 5659 0.
889 5605 933 5639 ⁸⁸
979 5611 1068 5679 ζῇν
1118 5623 1173 5664 0.
1253 5607 1297 5642 ⁶⁰
1323 5607 1589 5681 ιδύνασθαι
1640 5624 1694 5667 0.
1774 5609 1818 5643 ⁷ο
1869 5611 1947 5664 ὅτι
2004 5627 2031 5667 0

2140 5610 2173 5645 ⁷¹
2222 5610 2321 5683 γὰρ
2349 5627 2403 5669 0.
2477 5610 2520 5646 ⁷³
2549 5609 2729 5683 Κῦριον
2779 5626 2833 5668 0.
2912 5608 2958 5645 ⁷³
2984 5610 3254 5681 περίκειται
3297 5624 3380 5666 m.

3469 5608 3513 5643 ⁷⁸
3566 5606 3653 5680 ἔχε
3683 5624 3739 5666 ο.

427 5681 471 5715 7‘
502 5687 808 5755 συναγαγεῖν
838 5702 915 5740 m.
