4150 6454
451 466 546 524 Ml

1314 464 1668 522 EXPOSITIO
1706 463 1772 521 IN
1812 463 2023 520 EPIST.
2063 465 2158 522 AD
2196 465 2359 523 ROM.
2405 496 2468 508 —
2509 467 2661 525 CAP.
2705 469 2841 525 Vill.

3665 472 3770 528 442

448 592 613 654 τοίνυν
643 592 704 653 τὸ
732 593 925 671 σῶμα,
957 589 1046 650 ἱνα
1094 595 1214 673 οἰκῇ
1266 590 1327 652 τὸ
1360 594 1589 670 Πνεῦμα
1622 592 1677 651 ἐν
1711 590 1826 672 σοὶ,
1858 590 1950 651 καὶ
1981 592 2032 651 δι

2166 594 2288 662 Dei,
2343 609 2531 667 pereas
2582 610 2871 653 necessum
2925 594 2982 651 in
3036 594 3442 670 sempiternum
3489 597 3660 656 etiam
3718 598 3764 657 si

453 682 584 743 αὐτὸ
614 683 742 765 δοθῇ
774 705 858 742 σοι
884 686 918 756 ἡ
952 682 1061 756 ζωή
1070 726 1082 741 .

528 983 555 1008 ιι
614 953 748 1036 Ἄρα
800 943 924 1026 οὖν,
983 954 1227 1035 ἀδελφοὶ,
1273 953 1543 1035 ὀφειλέται
1609 951 1807 1032 ἐσμὲν,
1866 956 1926 1014 οὖ
1981 959 2047 1035 τῇ

448 1044 634 1124 σαρκὶ,
682 1049 773 1103 τοῦ
806 1042 947 1104 κατὰ
994 1044 1170 1125 σάρκα
1223 1048 1337 1126 ζῇν.
1377 1073 1402 1097 ι
1444 1044 1664 1116 Δείξας,
1698 1043 1821 1103 ὅσον
1853 1045 2051 1124 ὠφελεῖ

448 1136 476 1192 ὁ
504 1132 859 1210 πνευματικὸς
903 1133 1045 1214 βίος,
1090 1134 1171 1194 ὅτι
1212 1133 1446 1215 Χριστὸν
1499 1134 1698 1194 ἔνοικον
1747 1135 1924 1211 ποιεῖ,
1956 1134 2048 1194 καὶ

450 1227 697 1292 ζωοποιεῖ
735 1222 803 1282 τὰ
854 1224 1019 1296 θνητὰ
1060 1223 1317 1303 σώματα,
1360 1224 1543 1283 λοιπὸν
1591 1222 1688 1296 τὴν
1733 1224 2044 1303 παραίνεσιν

446 1314 679 1393 εἰσάγει,
724 1312 817 1372 καὶ
864 1312 1165 1388 δείκνυσιν,
1214 1313 1294 1373 ὅτι
1334 1315 1430 1373 οὖκ
1473 1313 1633 1389 ἐσμὲν
1678 1316 1944 1395 ὀφειλέται
1977 1319 2042 1393 τῇ

450 1403 608 1483 σαρκὶ
628 1449 646 1481 ,
673 1401 813 1462 ἀλλὰ
842 1407 919 1484 τῷ
952 1402 1235 1481 Πνεύματι
1264 1403 1527 1476 δηλονότι.
1564 1405 1654 1465 Τὰ
1692 1403 1788 1481 μὲν
1819 1404 1924 1484 γὰρ
1952 1414 2039 1466 τοῦ

444 1495 587 1554 Θεοῦ
637 1494 709 1560 εἰς
751 1496 895 1570 ἡμᾶς
939 1494 1120 1573 χάριτι
1143 1493 1326 1572 γέγονε
1361 1518 1374 1531 ·
1405 1492 1473 1553 τὰ
1500 1492 1553 1553 δὲ
1586 1494 1823 1573 ἡμέτερα
1852 1496 2038 1575 ὀφειλή

444 1585 547 1644 εἶσι
576 1580 669 1663 καὶ
701 1582 1079 1663 ἀπαραιτήτως
1129 1583 1525 1661 ἀπαιτούμενα.
1573 1581 1924 1663 εΙὲἶρμηνιεύιιον
1954 1586 2038 1661 δὲ,

441 1676 556 1740 πῶς
580 1662 695 1731 εἷπε
719 1716 738 1748 ,
788 1662 926 1753 «Τῇ
957 1672 1153 1753 σαρκὶ,
1190 1698 1215 1725 ι
1258 1670 1346 1730 ἵνα
1391 1673 1468 1752 μὴ
1501 1675 1574 1742 εἰς
1597 1662 1695 1747 τὴν
1722 1678 1818 1747 τῆς
1848 1676 2040 1754 σαρκὸς

441 1768 597 1824 τοῦτο
652 1761 824 1842 λάϐῃς
883 1762 1066 1844 φύσιν,
1130 1762 1369 1842 ἐπήγαγε
1419 1764 1508 1837 τὸ,
1571 1791 1596 1816 σι
1644 1763 1804 1824 Κατὰ
1865 1764 2036 1845 σάρκα

439 1856 556 1931 ζῇν·
595 1878 620 1904 ¹⁹
655 1854 738 1913 Οὐ
767 1851 870 1932 γὰρ
898 1850 997 1924 τὴν
1028 1850 1161 1930 ὑπὲρ
1205 1857 1299 1923 τῆς
1329 1854 1524 1933 σαρκὸς
1560 1855 1761 1934 ἀναιρῶ
1792 1855 1843 1893 7⁸
1872 1878 2034 1936 φρον-

440 1941 561 2001 τίδα
611 1939 731 2020 (καὶ
775 1940 879 2022 γὰρ
929 1940 1105 2001 πολλὰ
1161 1943 1295 2021 αὐτῇ
1349 1942 1668 2020 ὀφείλομεν,
1725 1944 1785 2003 τὸ
1830 1944 2036 2026 τρέφειν

440 2030 639 2109 αὐτὴν,
672 2029 733 2088 τὸ
781 2028 1067 2109 θάλπειν),
1126 2028 1266 2090 ἀλλὰ
1319 2029 1414 2102 τὴν
1467 2032 1700 2106 σπουδὴν
1730 2035 1782 2073 ⁷⁷
1825 2034 1910 2092 ἐπὶ
1940 2034 2039 2106 τὴν

439 2119 711 2201 ἁμαρτίαν
768 2119 1025 2200 ἄγουσαν.
1085 2118 1241 2181 Κατὰ
1302 2120 1476 2201 σάρκα
1522 2122 1627 2203 γὰρ
1795 2126 1823 2181 ὁ
1875 2127 2041 2183 ποιῶν

440 2208 539 2283 τὴν
569 2210 740 2290 σάρκα
784 2208 974 2290 κυρίαν
1020 2213 1118 2283 τῆς
1168 2212 1308 2283 ζωῆς
1350 2214 1446 2283 τῆς
1488 2210 1785 2293 ἡμετέρας,
1829 2212 1920 2271 καὶ
1950 2212 2037 2274 δέ·

440 2322 661 2359 σποιναν
691 2305 784 2374 τῆς
811 2302 1005 2381 ψυχῆς.

529 2597 554 2624 ι
594 2572 662 2631 ΕΞ
688 2568 792 2651 γὰρ
832 2569 974 2631 κατὰ
1021 2570 1197 2652 σάρκα
1238 2574 1401 2645 ζῆτε,
1456 2572 1680 2649 μέλλετε
1703 2572 1755 2611 ⁷⁸
1798 2576 2041 2649 ἀποθνή-

436 2684 585 2722 σκειν
620 2684 634 2697 ·
688 2662 734 2719 εἰ
783 2660 839 2720 δὲ
903 2661 1181 2739 Πνεύματι
1236 2662 1329 2728 τὰς
1387 2662 1602 2743 πράξεις
1652 2668 1744 2723 τοῦ
1792 2664 2042 2742 σώματος

436 2756 756 2825 θανατοῦτε,
804 2751 1052 2823 ζήσεσθε.
1104 2774 1134 2809 n
1171 2753 1421 2815 Θάνατον
1471 2753 1615 2832 λέγει
1671 2752 1767 2831 μὲν
1800 2754 1892 2814 καὶ
1942 2756 2038 2829 τὴν

436 2843 493 2899 ἓν
521 2840 703 2921 γεέννῃ
737 2839 997 2900 ἀθάνατον
1045 2843 1264 2902 κόλασιν
1297 2865 1311 2879 ·
1344 2842 1483 2912 πλὴν
1533 2842 1627 2902 καὶ
1674 2842 1770 2915 τὴν
1812 2846 2038 2905 ἐνταῦθα

436 2934 509 3017 ἐν.
536 2938 795 3010 πονηραῖς
854 2928 1081 3012 πράξεσι
1134 2930 1270 3002 ζωὴν
1320 2931 1545 2992 θάνατον
1596 2935 1750 2993 καλεῖ
1788 2954 1801 2968 °
1856 2933 2039 3017 ὥσπερ

437 3010 509 3081 αὖ
532 3020 584 3060 ⁷9
613 3024 658 3079 εἰ
690 3018 778 3080 διὰ
803 3010 1283 3097 τοῦνπνευματιχοῦ
1314 3021 1430 3101 βίου
1461 3020 1554 3089 τὰς
1576 3021 1792 3102 πράξεις
1820 3021 1913 3092 τὰς
1940 3010 2041 3085 πολ

432 3108 598 3191 νηρὰς
636 3114 728 3168 τοῦ
782 3109 1031 3189 σώματος
1069 3115 1430 3187 θανατοῦμεν,
1463 3111 1733 3189 ζησόμεθα
1781 3113 1874 3171 καὶ
1918 3113 2038 3174 τότε

433 3198 531 3273 τὴν
563 3198 896 3259 ἁκατάλυτον
940 3199 1111 3274 ζωὴν,
1144 3200 1236 3260 καὶ
1264 3206 1356 3260 νῦν
1399 3200 1497 3272 τὴν
1529 3204 1582 3261 ἐν
1612 3203 1795 3283 ἀρετῇ.
1836 3201 1907 3264 Ὁ
1933 3204 2037 3285 γὰρ

436 3290 611 3371 νεκρὸς
662 3294 741 3369 τῷ
792 3289 1015 3371 κόσμῳ,
1076 3292 1269 3358 ἐκεῖνος
1317 3294 1401 3370 ζῇ.
1449 3288 1599 3371 ’Ὅρα
1655 3290 1742 3365 δὲ,
1796 3296 1910 3359 πῶς
1940 3294 2036 3353 οὖκ

434 3371 610 3453 εἶπεν,
637 3377 720 3439 ὅτι
764 3380 849 3441 Τὸ
884 3382 1044 3456 σῶμα
1085 3384 1370 3440 θανατοῦτε
1408 3380 1590 3461 (τοῦτο
1617 3379 1721 3463 γὰρ
1771 3383 2034 3463 ἀνδροφο-

435 3467 571 3550 via),
602 3469 775 3544 ἀλλὰ,
810 3498 834 3521 α
856 3468 972 3537 Τὰς
998 3468 1215 3550 πράξεις
1241 3477 1334 3531 τοῦ
1362 3469 1608 3547 σώματος
1626 3520 1642 3547 ,
1666 3498 1691 3523 ι
1716 3470 1808 3530 καὶ
1838 3471 2035 3539 ταύτας

439 3558 641 3631 δηλαδὴ
685 3558 779 3627 τὰς
828 3559 1079 3639 πονηράς.
1126 3563 1207 3622 Οὖ
1255 3559 1358 3643 γὰρ
1415 3560 1478 3632 δὴ
1523 3559 1583 3618 τὸ
1633 3563 1759 3642 δρᾷν
1817 3561 2036 3640 ἁπλῶς,

438 3646 622 3708 καὶτὸ
665 3649 870 3709 ἀκούειν
916 3647 1106 3727 (ἅτινά
1150 3651 1281 3711 εἰσιν
1309 3649 1439 3732 ἔργα
1473 3648 1672 3730 φυσικὰ
1702 3655 1793 3711 τοῦ
1838 3650 2032 3728 σώμα-

438 3736 585 3818 τος),
616 3738 755 3798 ἀλλᾶ
784 3738 841 3797 τὸ
865 3742 1044 3808 κακῶς
1078 3739 1281 3808 τούτοις
1310 3745 1565 3820 χρῆσθαι.

532 3849 561 3885 ιι
590 3825 751 3889 Ὅσοι
793 3828 893 3907 γὰρ
925 3827 1205 3907 Πνεύματι
1254 3831 1397 3892 Θεοῦ
1442 3830 1690 3909 ἄγονται,
1717 3820 1860 3890 οὗτοί
1903 3831 2035 3890 εἰσιν

437 3915 541 3977 υἱοὶ
572 3918 733 3979 Θεοῦ.
760 3940 789 3976 n
852 3917 1255 3997 Ἐπηγγείλατο
1294 3918 1578 3999 ἀνωτέρω,
1629 3920 1709 3979 ὅτι
1753 3918 2032 3995 Ζήσεσθε,

437 4008 484 4065 εἶ
530 4007 623 4073 τὰς
672 4005 908 4087 πονηρὰς
975 4008 1192 4089 πράξεις
1245 4013 1558 4071 θανατοῦτε.
1644 4011 1762 4071 Νῦν
1820 4009 2034 4086 μείζονα

432 4096 689 4179 στέφανον
727 4096 823 4155 καὶ
860 4097 1045 4173 μισθὸν
1092 4097 1313 4157 πλείονα
1363 4102 1462 4181 τοῦ
1510 4099 1766 4181 προτέρου
1813 4097 2029 4174 τίθησι,

430 4177 699 4258 τήννθείαν
742 4184 1028 4246 υἱοθεσίαν.
1059 4188 1157 4248 Διὸ
1195 4186 1314 4247 οὖδὲ
1346 4177 1522 4263 εἶπεν,
1554 4177 1721 4251 ἑ³Ὀσοι
1762 4189 2033 4266 πνεύματι

430 4280 575 4339 Θεοῦ
599 4279 790 4350 ζῶσιν,
833 4277 977 4351 ἀλλ’,
1018 4298 1049 4336 (ι
1074 4277 1241 4339 Ὅσοι
1272 4277 1588 4358 ἄγονται,·»
1627 4277 1900 4353 τουτέστι,
1932 4303 2031 4339 κυ-

433 4364 725 4448 ϐερνῶνται
765 4364 862 4425 καὶ
910 4369 1279 4449 ἡνιοχοῦνται,
1330 4368 1392 4428 τὸ
1441 4371 1670 4447 Πνεῦμα
1722 4368 1901 4449 κύριον
1941 4374 2035 4442 τῆς

432 4479 489 4514 τε
515 4458 690 4537 ψυχῆς
730 4455 825 4515 καὶ
869 4459 966 4530 τῆς
997 4456 1190 4538 σαρκὸς
1238 4457 1563 4536 ποιούμενοι.
1625 4458 1743 4519 Κᾶν
1793 4459 1896 4539 γὰρ
1932 4460 2031 4539 βά-

2073 1909 2124 1973 Β

2156 684 2541 740 resurrexeris.
2586 684 2861 741 Mortiﬁca
2911 685 3097 759 itaque
3159 702 3391 759 corpus,
3434 694 3495 743 ut
3556 686 3770 747 habitet

2160 773 2399 845 Spiritus
2439 774 2494 830 in
2521 782 2609 845 te,
2664 789 2728 831 ac
2759 782 2983 848 propter
3034 775 3220 847 ipsum
3260 775 3364 833 tibi
3410 776 3523 834 vita
3570 777 3769 851 imper-

2162 863 2350 920 tiatur.

2231 955 2410 1011 Vnns.
2447 961 2532 1010 12.
2575 978 2601 1004 α
2635 954 2930 1012 Debitores
2957 955 3126 1029 igitur
3153 971 3372 1028 sumus,
3405 956 3627 1027 fratres,
3654 973 3768 1016 non

2151 1044 2303 1099 carni
2348 1051 2411 1100 ut
2436 1044 2746 1101 secundum
2791 1062 3017 1102 carnem
3063 1046 3331 1102 vivamus.
3366 1070 3390 1097 ιι
3426 1048 3570 1105 Cum
3618 1047 3768 1105 indi-

2156 1142 2336 1191 casset
2365 1144 2637 1206 quantum
2678 1135 3097 1193 commoditatis
3142 1137 3419 1209 praeberet
3460 1136 3766 1210 spiritualis

2154 1226 2287 1292 vita,
2314 1224 2584 1281 nimirum
2623 1225 2770 1298 quod
2800 1225 3088 1282 Christum
3131 1226 3445 1283 inhabitare
3481 1226 3669 1295 faciat,
3711 1235 3769 1284 et

2154 1314 2393 1371 viviﬁcet
2435 1316 2695 1372 mortalia
2738 1331 2971 1388 corpora
3007 1334 3021 1371 :
3052 1316 3308 1389 deinceps
3334 1326 3389 1372 et
3417 1314 3767 1373 adhortatio-

2150 1420 2280 1461 nem
2308 1404 2363 1460 in
2393 1405 2642 1462 medium
2676 1404 2864 1472 affert,
2890 1406 3190 1463 ostendens
3236 1406 3384 1479 quod
3414 1423 3524 1463 non
3552 1406 3757 1464 debea-

2153 1509 2277 1551 mus
2336 1511 2503 1567 porro
2567 1496 2873 1569 quidquam
2921 1496 3094 1564 carni,
3145 1496 3241 1553 sed
3277 1497 3506 1569 Spiritui
3559 1497 3767 1569 potius-

2149 1587 2295 1641 Nam
2324 1600 2447 1657 quae
2484 1589 2634 1642 Deus
2683 1586 2740 1641 in
2767 1601 2871 1642 nos
2904 1586 3159 1655 contulit,
3192 1603 3290 1659 per
3325 1586 3564 1659 gratiam
3606 1587 3770 1643 nobis

2149 1673 2514 1746 obtigerunt:
2562 1690 2686 1747 quae
2732 1691 2861 1732 vero
2903 1685 3113 1744 nostra,
3163 1692 3231 1733 ex
3276 1676 3463 1733 debito
3489 1686 3638 1747 sunt,
3684 1677 3765 1732 in-

2148 1764 2582 1837 evitabiliterque
2619 1765 2987 1837 postulantur.
3036 1766 3341 1837 Explicans
3383 1774 3571 1822 autem
3619 1782 3763 1839 quo-

2152 1854 2321 1911 modo
2364 1853 2592 1921 dixerit,
2649 1877 2674 1905 α
2729 1855 2899 1925 carni,
2957 1879 2983 1905 ιι
3040 1871 3109 1911 ne
3169 1871 3270 1928 pro
3331 1856 3516 1912 carnis
3566 1864 3764 1913 natura

2151 1946 2407 2018 accipias,
2435 1946 2647 2013 intulit,
2686 1964 2715 1999 (ι
2746 1954 2806 2002 ut
2835 1945 3145 2002 secundum
3175 1961 3399 2001 carnem
3427 1946 3699 2002 vivamus.
3742 1969 3764 1995 ο

2148 2037 2271 2091 Non
2335 2035 2485 2091 enim
2522 2035 2960 2091 sollicitudinem
3012 2051 3112 2106 pro
3148 2050 3314 2091 carne
3363 2051 3590 2107 prorsus
3633 2035 3767 2092 tollo

2152 2125 2445 2197 (siquidem
2475 2124 2625 2182 haud
2655 2141 2829 2197 pauca
2853 2125 2902 2181 ei
2930 2124 3233 2181 debemus:
3266 2134 3349 2181 est
3373 2125 3519 2181 enim
3550 2124 3765 2184 alenda,

2148 2224 2231 2271 est
2275 2215 2445 2271 etiam
2486 2213 2716 2272 fovenda
2746 2215 2952 2284 nobis),
2984 2215 3078 2272 sed
3106 2214 3357 2271 studium
3394 2224 3451 2272 et
3495 2223 3759 2271 conatum

2149 2305 2245 2378 qui
2292 2321 2396 2362 nos
2454 2304 2526 2362 ad
2588 2314 2871 2377 peccatum
2917 2306 3091 2362 ducit.
3153 2304 3479 2362 Secundum
3541 2320 3765 2362 carnem

2152 2396 2301 2451 enim
2368 2396 2531 2466 vivit,
2604 2396 2697 2469 qui
2752 2412 2976 2452 carnem
3025 2395 3314 2452 dominam
3375 2395 3501 2452 vitae
3556 2404 3767 2453 nostra:

2153 2487 2519 2559 reginamque
2559 2487 2764 2543 animae
2808 2486 2955 2543 facit.

2222 2578 2393 2633 Vnus.
2440 2583 2526 2633 13.
2586 2599 2612 2625 α
2668 2576 2726 2633 Si
2757 2576 2906 2632 enim
2954 2575 3259 2632 secundum
3288 2591 3509 2632 carnem
3538 2574 3764 2645 vivatis,

2146 2666 2498 2723 moriemini:
2527 2666 2614 2722 sin
2652 2666 2859 2737 Spiritu
2917 2665 3060 2722 facta
3106 2665 3354 2738 corporis
3396 2665 3769 2722 mortiﬁcetis,

2150 2755 2364 2813 vivetis.
2418 2779 2444 2805 ι»
2480 2759 2719 2813 Mortem
2748 2756 2840 2812 hic
2870 2755 3004 2812 dicit
3040 2772 3151 2811 non
3178 2756 3361 2812 solum
3392 2755 3761 2811 immortalem

2148 2862 2271 2919 quae
2303 2852 2386 2902 est
2431 2846 2488 2902 in
2518 2848 2776 2919 gehenna
2824 2862 3069 2919 poenam,
3101 2855 3366 2903 caeterum
3394 2846 3567 2918 ipsam
3592 2845 3760 2901 etiam

2150 2936 2241 2993 hic
2264 2937 2320 2993 in
2359 2937 2603 2995 scelestis
2651 2936 2998 2993 facinoribus
3034 2937 3203 2993 vitam
3234 2944 3475 2992 mortem
3501 2936 3760 3008 appellat.

2150 3027 2297 3085 Sicut
2319 3037 2535 3091 contra,
2561 3028 2609 3083 si
2635 3043 2731 3099 per
2751 3026 3090 3100 spiritualem
3121 3026 3292 3082 vitam
3326 3042 3489 3098 prava
3512 3025 3763 3098 corporis

2074 3159 2121 3226 Ο
2150 3133 2317 3189 opera
2355 3115 2778 3186 mortiﬁcemus,
2818 3116 2983 3173 vitam
3014 3132 3141 3173 cum
3186 3115 3432 3173 futuram
3476 3115 3764 3172 indissolu-

2151 3206 2309 3226 ιηω
2521 3214 2845 3226 μμμημμ,
2896 3222 3009 3226 μ--
3238 3206 3434 3226 --ε-ιη.-
3495 3205 3735 3226 nm“---

2148 3206 2340 3277 bilem,
2371 3215 2492 3264 tum
2520 3214 2852 3279 praesentem
2888 3222 3014 3279 qua:
3040 3215 3123 3262 est
3150 3206 3207 3261 in
3238 3206 3459 3274 virtute,
3495 3205 3758 3261 vivemus.

2145 3298 2291 3353 Nam
2345 3298 2435 3369 qui
2481 3296 2691 3353 mundo
2747 3305 3003 3353 mortuus
3055 3304 3158 3362 est,
3208 3295 3255 3351 is
3317 3294 3465 3351 vivit.
3517 3293 3758 3351 Observa

2159 3395 2349 3443 autem
2405 3386 2555 3459 quod
2605 3403 2722 3443 non
2787 3386 3008 3455 dixerit,
3071 3388 3284 3458 Corpus
3334 3384 3664 3453 occideritis,
3703 3384 3759 3440 id

2147 3478 2301 3533 enim
2348 3476 2719 3532 homicidium
2772 3475 2937 3545 foret,
2976 3475 3095 3543 sed,
3150 3499 3177 3525 α
3211 3491 3377 3547 opera
3406 3474 3677 3548 corporis,
3727 3499 3753 3522 »ι

2146 3581 2322 3639 eaque
2350 3582 2536 3639 prava.
2573 3568 2699 3623 Non
2742 3566 2888 3621 enim
2915 3564 3101 3621 videre
3131 3565 3458 3636 simpliciter
3486 3573 3542 3622 et
3568 3563 3759 3621 audire

2146 3654 2294 3729 (quae
2339 3664 2468 3712 sunt
2508 3671 2677 3728 opera
2711 3655 2957 3728 corporis
2990 3654 3285 3723 naturalia)
3313 3653 3556 3711 tollenda
3603 3660 3752 3722 sunt,

2144 3746 2241 3804 sed
2263 3745 2470 3803 abusus
2497 3746 2744 3802 illorum.

2217 3837 2400 3893 Van.
2436 3841 2525 3892 14.
2552 3859 2576 3886 σ
2605 3836 2933 3908 Quicunque
2954 3833 3105 3891 enim
3128 3832 3336 3905 Spiritu
3359 3833 3462 3889 Dei
3491 3840 3754 3905 aguntur,

2146 3925 2207 3982 hi
2244 3933 2375 3982 sunt
2423 3925 2517 3981 ﬁlii
2567 3925 2690 3982 Dei.
2747 3947 2772 3974 ι»
2803 3926 2982 3996 Supra
3035 3923 3309 3995 pollicitus
3373 3931 3478 3991 est,
3526 3921 3752 3989 Vivetis,

2148 4016 2426 4088 inquiens,
2470 4015 2517 4072 si
2566 4030 2729 4088 prava
2770 4030 2936 4087 opera
2988 4012 3381 4081 mortiﬁcetis;
3433 4028 3583 4069 nunc
3625 4028 3753 4069 vero

2146 4106 2531 4178 pretiosiorem
2578 4121 2845 4162 coronam
2893 4104 3323 4176 mercedemque
3353 4103 3522 4176 priori
3572 4102 3753 4175 majo-

2146 4212 2268 4253 rem
2317 4194 2524 4267 subdit,
2577 4194 2823 4252 ﬁliorum
2850 4210 3051 4267 nempe
3091 4193 3342 4251 divinam
3371 4193 3750 4265 adoptionem.

2145 4287 2328 4358 Quare
2369 4302 2485 4342 non
2514 4284 2674 4354 dixit,
2719 4284 3050 4359 quicumque
3102 4283 3310 4356 Spiritu
3362 4284 3467 4340 Dei
3496 4281 3755 4351 vixerint,

2143 4375 2239 4433 sed
2294 4398 2322 4427 ι
2376 4374 2689 4448 quicunque
2743 4384 3004 4448 aguntur,
3060 4396 3088 4423 ν
3128 4373 3184 4430 id
3225 4381 3310 4430 est
3353 4368 3752 4446 gubernantur,

2142 4482 2244 4523 ceu
2273 4464 2343 4523 ab
2390 4466 2580 4537 auriga
2610 4464 2872 4537 quodam,
2918 4463 3186 4536 Spiritum
3244 4478 3375 4520 cum
3422 4461 3604 4519 carnis
3630 4469 3753 4517 tum

429 4568 638 4625 πτισμα
665 4544 869 4626 λάϐῃς,
907 4548 998 4606 καὶ
1022 4546 1129 4614 υἱὸς
1154 4546 1283 4628 γένῃ
1312 4548 1455 4608 Θεοῦ
1485 4548 1570 4608 διὰ
1590 4554 1681 4609 τοῦ
1714 4538 2028 4628 βαπτίσμα-

2145 4556 2339 4613 animae
2382 4555 2675 4611 dominum
2702 4553 2993 4611 facientes.
3044 4552 3276 4609 Etiamsi
3306 4552 3453 4608 enim
3482 4550 3751 4623 baptisma

433 4658 552 4707 τος,
603 4634 681 4714 μὴ
715 4634 1000 4711 Πνεύματι
1048 4635 1103 4695 δὲ
1133 4637 1276 4716 ἄγῃ,
1326 4635 1606 4705 ἀπώλεσας
1655 4637 1752 4709 τὴν
1802 4637 2026 4718 δωρεάν.

435 4724 645 4792 Πάντες
701 4725 799 4804 μὲν
828 4723 933 4805 γὰρ
978 4729 1205 4802 Πνεῦμα
1253 4726 1605 4805 λαμϐάνομεν
1654 4727 1741 4786 διὰ
1787 4732 1879 4787 τοῦ
1910 4729 2029 4788 λου-

427 4818 554 4893 τροῦ
584 4837 600 4851 ’
650 4816 713 4874 τὸ
756 4814 811 4876 δὲ
845 4815 1065 4896 ἄγεσθαι
1092 4815 1145 4854 ⁸ο
1177 4815 1327 4898 παρὰ
1373 4816 1548 4877 πάντα
1589 4816 1703 4898 βίον
1754 4816 1827 4891 ⁸⁸,
1872 4822 2031 4879 τοῦτο

429 4903 795 4981 ἄπαιτούμεθα
857 4908 928 4974 ὡς
970 4897 1274 4986 ἡμέτερον(
1316 4904 1411 4966 Διὸ
1472 4908 1568 4965 οὐκ
1626 4897 1809 4981 εἶπεν,
1866 4904 2030 4970 Ὅσοι

428 4992 651 5072 Πνεῦμα
682 4994 876 5055 ἔλαϐον
897 5040 913 5069 ,
941 4986 1085 5055 οὗτοί
1114 4997 1248 5055 εἰσιν
1278 4997 1383 5056 υἱοὶ
1420 4996 1563 5058 Θεοῦ
1585 5040 1605 5076 ,
1640 4998 1783 5074 ἀλλ’,
1814 5022 1840 5051 ι
1868 4996 2029 5059 ⁸οσοι

427 5083 706 5162 Πνεύματι
745 5085 889 5145 Θεοῦ
921 5083 1165 5164 ἄγονται.
1197 5105 1229 5144 n

504 5287 536 5321 α
561 5266 646 5327 Οὐ
688 5264 794 5347 γὰρ
840 5263 1064 5326 ἐλάϐετε
1105 5269 1317 5345 πνεῦμα
1350 5266 1588 5336 δουλείας
1633 5267 1795 5351 πάλιν
1830 5270 1903 5336 εἷς
1934 5270 2027 5351 φό-

420 5352 545 5431 ϐον,
596 5354 719 5414 ἀλλ’
767 5354 988 5416 ἐλάϐετε
1029 5358 1255 5434 Πνεῦμα
1301 5356 1582 5425 υἱοθεσίας.
1629 5378 1660 5416 ι)
1715 5348 1914 5433 Εἶπεν,
1947 5348 2028 5420 ϐτι

420 5442 521 5505 υἱοὶ
550 5446 699 5506 Θεοῦ
744 5448 875 5505 εἰσιν
925 5447 973 5507 οἱ
1005 5446 1289 5525 Πνεύματι
1337 5446 1587 5527 ἀγόμενοι
1619 5471 1632 5485 ·
1686 5437 1800 5509 εἶτα
1841 5448 2025 5523 ἐπειδὴ

420 5533 509 5593 καὶ
536 5536 583 5593 οἱ
614 5533 867 5595 Ἰουδαῖοι
894 5538 991 5607 τῆς
1018 5535 1282 5605 υἱοθεσίας
1305 5543 1680 5615 μετεποιοῦντο
1702 5537 1780 5615 ⁸³,
1813 5567 1839 5593 σι
1867 5538 2025 5608 Υἱοὺς

2142 4645 2437 4718 acceperis,
2492 4654 2549 4702 et
2592 4645 2734 4701 ﬁlius
2790 4644 2890 4700 Dei
2943 4642 3110 4700 fueris
3159 4658 3256 4715 per
3293 4641 3589 4713 baptisma,
3633 4654 3750 4696 non

2139 4744 2328 4793 autem
2367 4736 2579 4809 Spiritu
2605 4735 2843 4801 ducaris,
2873 4734 3091 4791 donum
3126 4741 3181 4790 et
3226 4732 3455 4805 gratiam
3487 4733 3744 4790 amisisti.

2138 4827 2350 4883 Omnes
2366 4824 2592 4898 quidem
2607 4823 2875 4896 Spiritum
2892 4823 3195 4895 accipimus
3214 4822 3326 4894 58
3347 4838 3441 4893 per
3460 4836 3749 4895 regenera-

2138 4913 2310 4973 tionis
2328 4915 2624 4984 lavacrum,
2647 4913 2733 4986 agi
2752 4923 2939 4971 autem
2963 4929 3058 4985 per
3081 4928 3305 4970 omnem
3330 4912 3497 4968 vitam
3525 4915 3746 4984 eodem,

2138 5004 2287 5063 istud
2317 5022 2348 5063 a
2378 5005 2544 5062 nobis
2572 5013 2837 5077 tanquam
2876 5012 3133 5060 nostrum
3161 5003 3415 5076 exigitur.
3446 5006 3752 5077 Eapropter

2137 5112 2251 5152 non
2277 5095 2434 5165 dixit,
2478 5096 2764 5167 Quotquot
2812 5094 3083 5166 Spiritum
3136 5101 3493 5164 acceperunt,
3529 5093 3586 5148 hi
3614 5103 3749 5150 sunt

2138 5185 2236 5243 ﬁlii
2263 5187 2371 5243 Dei
2401 5204 2415 5242 :
2445 5185 2563 5254 sed,
2599 5208 2624 5235 «ι
2659 5186 2949 5258 Quotquot
2974 5184 3178 5255 Spiritu
3205 5183 3309 5239 Dei
3352 5190 3607 5254 aguntur.
3649 5204 3677 5233 ιι

2207 5277 2382 5334 Vnus.
2434 5281 2518 5333 15.
2564 5298 2590 5325 σι
2640 5277 2765 5332 Non
2799 5272 2949 5331 enim
2974 5271 3263 5345 accepistis
3290 5271 3548 5344 spiritum
3576 5272 3748 5329 servi-

2139 5366 2273 5424 tutis
2303 5368 2505 5423 iterum
2550 5365 2621 5423 ad
2662 5364 2944 5432 timorem,
2994 5362 3093 5419 sed
3158 5360 3441 5433 accepistis
3477 5362 3747 5435 Spiritum

2141 5456 2458 5529 adoptionis
2494 5456 2741 5513 ﬁliorum
2770 5455 2897 5511 Dei.
2932 5475 2962 5505 »
2988 5452 3164 5511 Filios
3207 5452 3311 5508 Dei
3342 5466 3464 5509 esse
3495 5453 3593 5525 qui
3621 5454 3746 5526 Spi-

2137 5546 2249 5605 ritu
2295 5546 2399 5604 Dei
2445 5553 2709 5621 aguntur,
2760 5543 2902 5601 dixit
2934 5564 2947 5600 :
2974 5542 3097 5617 jam
3144 5557 3276 5600 vero
3320 5542 3450 5616 quia
3478 5549 3535 5601 et
3561 5542 3748 5609 Judaei

1830 5638 2022 5699 Variae
2066 5640 2370 5700 lectiones.

496 5740 540 5777 ⁷⁶
581 5740 667 5796 lo.
712 5740 918 5815 ἀναιρεῖ
937 5757 993 5799 0.
1071 5742 1112 5777 ⁷⁷
1142 5741 1233 5810 τὴν
1267 5741 1486 5811 σπουδὴν
1530 5741 1621 5811 τὴν
1669 5760 1748 5803 m.
1826 5746 1871 5782 ⁷⁸
1897 5746 2075 5805 πάλιν.
2152 5747 2196 5784 79
2220 5741 2310 5802 οὖν
2338 5761 2395 5804 o.
2473 5744 2518 5781 ³ο
2546 5744 2756 5817 ἄγεσθαι
2802 5744 3043 5818 πνεύματι
3074 5758 3155 5801 m.
3232 5744 3272 5778 ⁸¹
3330 5744 3437 5813 βίον
3482 5746 3659 5799 τοῦτον
3690 5760 3742 5802 o.

418 5821 505 5877 τὸν
529 5823 640 5895 βίον
667 5839 752 5883 m.
828 5823 875 5859 ⁸³
914 5822 1265 5881 ἀντεποιοῦντο
1287 5840 1367 5883 m.
