4150 6418
433 397 537 458 443

1455 397 1970 455 THEOPHYLACTI
2008 395 2367 453 BULGARUE
2405 396 2723 452 ARCHIEP.

3632 393 3734 451 444

429 527 673 585 ﬁliorum
731 524 1088 599 adoptionem
1133 525 1236 583 sibi
1281 525 1656 595 vindicabant,
1703 531 1724 595 (
1787 549 1814 576 α
1857 525 2062 596 Filios,

2148 525 2242 606 γὰρ
2271 525 2524 602 ἐγέννησα
2555 525 2647 584 καὶ
2677 523 2865 606 ὕψωσα
2888 546 2901 561 ·
2940 549 2964 576 υ
2995 521 3086 583 καὶ
3113 568 3129 597 ,
3164 551 3188 577 α
3232 523 3360 590 Υἱὸς
3403 519 3733 605 πρωτότοκός

431 619 580 676 enim
612 619 775 691 genui
816 625 874 674 et
908 617 1139 674 exaltavi
1196 657 1213 684 ,
1250 639 1277 666 ι
1323 626 1400 685 et,
1437 641 1463 668 ι
1500 619 1671 674 Filius
1711 633 1868 674 meus
1917 617 2028 689 pri-

435 709 745 782 mogenitus
787 709 958 764 Israel
1041 727 1054 763 :
1088 711 1155 777 »)
1182 713 1456 780 quantum
1495 709 1566 765 sit
1588 708 1853 764 intervalli
1889 708 2032 763 inter

434 807 681 856 nostram
723 806 780 854 et
828 797 1151 854 Judaeorum
1197 798 1548 870 adoptionem
1601 806 1892 855 monstrat.
1925 797 2028 865 Illi,

433 887 628 961 inquit,
685 887 938 962 Spiritum
1002 887 1286 944 servitutis
1354 898 1681 961 acceperunt
1729 908 1742 944 :
1795 889 2031 944 litteram

433 977 568 1051 legis
595 979 672 1035 ita
701 978 1018 1047 nominans,
1065 987 1127 1034 ut
1162 995 1286 1051 qua:
1332 995 1362 1034 a
1404 979 1608 1051 Spiritu
1643 978 1865 1052 quidem
1903 979 2032 1035 data

433 1070 527 1136 sit,
583 1068 758 1126 servis
797 1077 986 1125 tamen
1039 1069 1260 1125 interim
1305 1069 1476 1142 magis
1523 1069 1831 1126 conveniat.
1893 1073 2032 1126 Nam

433 1167 490 1216 et
515 1159 828 1231 corporales
873 1157 1002 1213 inde
1034 1173 1212 1230 poena:
1253 1162 1308 1215 et
1336 1159 1603 1231 supplicia
1635 1168 1834 1232 praesto
1880 1165 2031 1227 sunt,

433 1249 816 1322 lapidationes,
866 1251 1182 1306 exustiones
1233 1259 1291 1306 et
1345 1251 1515 1308 minae
1545 1270 1557 1306 :
1591 1272 1618 1300 α
1650 1250 1904 1318 Gladius,
1947 1250 2029 1305 in-

435 1341 576 1412 quit,
624 1355 723 1396 vos
771 1339 1058 1396 devorabit
1116 1383 1129 1396 .
1184 1363 1208 1389 ιο
1262 1340 1416 1398 Unde
1463 1341 1660 1413 ingens
1685 1357 1816 1397 sane
1853 1349 2036 1397 metus

434 1431 507 1486 ob
543 1430 733 1486 oculos
760 1439 1029 1486 versatur.
1079 1433 1161 1487 Ac
1189 1430 1413 1502 praemia
1440 1447 1632 1487 rursus
1659 1441 1875 1487 terrena
1906 1446 2031 1501 pro-

435 1521 833 1593 missionesque
879 1521 1157 1577 bonorum
1215 1522 1581 1588 terrestrium,
1618 1530 1735 1577 tum
1774 1521 2032 1577 mandata

435 1618 492 1667 et
515 1611 636 1666 vilia
663 1619 714 1666 et
751 1610 964 1667 servilia
1009 1611 1201 1666 multa.
1235 1613 1416 1680 Quare
1447 1611 1524 1666 illi
1550 1611 1793 1682 quidem,
1825 1611 2032 1668 etiamsi

435 1699 533 1756 ﬁlii
578 1701 932 1769 vocabantur,
973 1709 1127 1756 erant
1176 1708 1363 1758 tamen
1407 1710 1467 1757 ut
1509 1702 1656 1758 servi
1703 1717 1852 1758 :nos
1881 1715 2030 1770 vero,

434 1806 535 1847 ceu
586 1791 808 1859 ingenui
857 1799 910 1846 et
941 1790 1117 1846 liberi.
1149 1793 1290 1847 Nam
1339 1800 1392 1848 et
1430 1792 1657 1864 praemia
1691 1801 1879 1848 nostra
1905 1800 2036 1848 sunt

434 1880 699 1949 caalestia,
750 1881 1126 1953 caelat-umque
1159 1897 1393 1954 regnum

432 1985 546 2026 non
596 1978 725 2026 sunt
769 1971 1158 2043 lapidatioues,
1202 1971 1370 2044 idque
1431 1988 1605 2044 genus
1663 1973 1772 2028 alia
1813 1986 1937 2044 quae
2003 1987 2034 2027 a

434 2061 816 2118 sacerdotibus
890 2061 1295 2127 inferebantur,
1343 2062 1440 2120 sed
1489 2063 1622 2118 satis
1659 2070 1745 2118 est
1793 2062 1915 2135 ejici
1985 2071 2037 2118 ct

435 2150 651 2207 excludi
699 2167 727 2206 a
781 2152 1014 2223 mystica
1061 2167 1258 2208 mensa
1314 2159 1583 2224 tanquam
1630 2151 1825 2208 ﬁlium.
1869 2155 2040 2208 Porro

434 2237 696 2295 mandata
746 2240 905 2295 nobis
933 2248 1063 2296 sunt
1109 2240 1296 2296 divina
1327 2256 1390 2296 ac
1439 2241 1692 2312 ingenuis
1717 2240 2041 2296 convenien-

434 2327 515 2384 tia
571 2345 584 2381 :
635 2327 900 2397 videlicet,
955 2332 1036 2385 Ne
1087 2329 1356 2386 intuearis
1397 2328 1686 2394 feminam,
1738 2337 1799 2385 ut
1830 2346 2038 2385 concu-

435 2418 612 2490 piscas
639 2435 653 2474 :
685 2421 769 2475 Ne
803 2418 961 2490 jures
1008 2435 1020 2470 :
1070 2420 1341 2492 Relinque
1385 2435 1448 2476 ea
1480 2435 1600 2492 quae
1638 2419 1890 2492 possides
1925 2439 1937 2475 :
1985 2428 2039 2475 et

435 2523 546 2564 non
599 2522 781 2580 poena:
827 2506 1150 2577 formidine,
1212 2509 1307 2565 sed
1361 2510 1590 2581 spiritus
1641 2509 1940 2580 cupiditate
1983 2519 2036 2564 et

433 2595 702 2654 charitate
745 2598 1125 2670 perﬁciuntur.
1178 2598 1241 2655 ld
1291 2599 1440 2671 quod
1470 2598 1825 2656 manifestum
1856 2613 1940 2656 est
1969 2616 2032 2656 ex

1438 1903 1450 1940 :
1499 1897 1562 1938 ac
1603 1897 1780 1954 ptena:
1830 1891 2035 1938 nostra:
2062 1869 2109 1931 Β

2136 640 2238 694 μου
2283 616 2538 696 Ἰσραὴλ,
2576 639 2606 672 ι
2641 615 2871 674 δείκνυσι
2914 614 3076 674 πόσον
3130 613 3192 672 τὸ
3240 611 3400 690 μέσον
3449 619 3543 686 τῆς
3596 618 3728 689 ἡμε-

2137 706 2289 785 τέρας
2318 705 2604 777 υἱοθεσίας,
2637 705 2844 776 καὶτῆς
2888 708 2991 763 τῶν
3023 703 3296 763 Ἰουδαίων
3329 727 3342 740 ⁸
3389 703 3486 763 καί
3532 726 3692 782 φησιν
3716 749 3730 775 ,

2139 796 2218 855 ὅτι
2252 798 2438 855 ἐκεῖνοι
2485 801 2696 861 πνεῦμα
2739 793 2973 861 δουλείας
3019 793 3250 866 ἔλαϐον,
3314 792 3374 852 τὸ
3420 793 3474 832 ⁸³
3504 792 3733 871 γράμμα

2138 893 2228 945 τοῦ
2259 885 2420 962 νόμου
2469 883 2700 954 καλέσας
2749 886 2948 961 οὕτως,
2991 888 3060 951 ὥς
3109 883 3258 964 παρὰ
3301 888 3391 940 τοῦ
3424 882 3738 960 Πνεύματυ;

2141 975 2234 1054 μὲν
2265 975 2440 1048 δοθὲν,
2475 975 2678 1044 δούλοις
2725 975 2778 1034 δὲ
2811 976 3012 1052 μᾶλλον
3061 972 3312 1054 ἁρμόζον.
3372 974 3480 1032 Καὶ
3511 971 3612 1051 γὰρ
3645 974 3737 1030 καὶ

2141 1069 2194 1124 αἱ
2230 1064 2485 1146 τιμωρίαι
2531 1064 2679 1146 παρὰ
2719 1065 2886 1132 πόδας
2932 1064 3021 1123 καὶ
3074 1063 3408 1139 σωματικαὶ,
3457 1063 3738 1138 λιθασμοὶ,

2140 1155 2231 1216 καὶ
2275 1156 2487 1223 καύσεις
2530 1156 2580 1194 ⁸⁸
2633 1155 2722 1214 καὶ
2773 1153 3022 1230 ἀπειλαὶ,
3072 1153 3153 1213 ὅτι
3197 1175 3226 1211 «
3273 1152 3539 1233 Μάχαιρα
3601 1155 3740 1227 ὓμίἱς

2140 1246 2418 1308 κατέδεται
2449 1271 2462 1283 ·
2494 1269 2522 1304 ))
2572 1247 2663 1306 καὶ
2701 1245 2789 1306 διὰ
2817 1251 2987 1306 ταῦτα
3033 1243 3194 1312 πολὺς
3237 1248 3264 1304 ὁ
3297 1243 3453 1324 φόϐος
3483 1241 3587 1324 πρὸ
3633 1244 3737 1300 τῶι

2140 1339 2446 1418 ὀφθαλμῶν.
2499 1338 2606 1398 Καὶ
2652 1328 2720 1395 αῦ
2763 1339 2811 1396 οἱ
2857 1335 3034 1413 μισθοὶ
3080 1334 3339 1412 ἐπίγειοι,
3375 1335 3467 1393 καὶ
3506 1335 3738 1411 ἐπαγγε-

2139 1428 2250 1487 λίαι
2279 1430 2384 1485 τῶν
2419 1432 2513 1500 τῆς
2560 1431 2657 1506 γῆς
2693 1429 2943 1504 ἀγαθῶν,
2999 1426 3090 1484 καὶ
3147 1424 3215 1484 τὰ
3262 1423 3610 1503 ἐπιτάγματα
3649 1445 3735 1500 μι-

2139 1523 2416 1596 κροπρεπῆ
2465 1515 2556 1576 καὶ
2604 1515 2846 1577 δουλικά.
2895 1512 3073 1576 εὨστε
3123 1519 3314 1575 ἐκεῖνοι
3367 1513 3499 1590 μὲν,
3549 1517 3595 1572 εἰ
3647 1511 3738 1570 καὶ

2137 1607 2242 1668 υἱοὶ
2276 1609 2589 1679 ἐκαλοῦντο,
2623 1609 2740 1664 ἀλλ’
2783 1609 2854 1672 ὡς
2897 1608 3070 1664 δοῦλοι
3103 1630 3114 1641 ο
3139 1613 3322 1681 ἡμεῖς,
3355 1602 3444 1676 δὲ,
3477 1606 3546 1670 ὡς
3582 1605 3737 1677 εὖγε-

2139 1705 2242 1766 νεῖς
2282 1696 2372 1756 καὶ
2419 1698 2703 1776 ἐλεύθεροι.
2756 1695 2864 1755 Καὶ
2895 1695 2994 1774 γὰρ
3027 1696 3116 1753 καὶ
3149 1697 3197 1753 οἱ
3230 1693 3410 1772 μισθοὶ
3441 1696 3596 1770 ἡμῶν
3641 1692 3734 1750 οὖ-

2144 1787 2313 1868 ράνιοι
2336 1833 2352 1864 ,
2380 1788 2471 1845 καὶ
2504 1786 2751 1867 βασιλεία
2781 1788 3016 1867 οὐρανῶν
3051 1808 3066 1823 °
3092 1785 3183 1844 καὶ
3221 1790 3276 1845 αἱ
3311 1783 3555 1852 κολάσεις
3580 1785 3736 1856 ἡμῖν,

2139 1879 2198 1936 οὐ
2223 1877 2502 1954 λιθασμοὶ,
2540 1876 2632 1937 καὶ
2673 1877 2742 1936 τὰ
2767 1881 2986 1936 τοιαῦτα
3025 1874 3173 1954 παρὰ
3222 1877 3329 1933 τῶν
3360 1873 3574 1955 ἱερέων,
3624 1875 3740 1931 ἀλλ’

2145 1970 2297 2047 ἀρκεῖ
2337 1968 2603 2047 τραπέζης
2659 1971 2919 2045 μυστικῆς
2967 1967 3294 2037 ἐκϐληθῆναι
3338 1967 3408 2030 ὡς
3457 1963 3588 2023 υἱόν.
3633 1962 3739 2022 Καὶ

2145 2057 2212 2117 τὰ
2244 2057 2615 2135 ἐπιτάγματα,
2669 2063 2816 2132 θεῖα,
2861 2054 2952 2114 καὶ
3005 2054 3265 2133 εὖγενέσιν
3292 2055 3344 2092 ⁸⁵
3394 2052 3696 2132 ἁρμόζοντα
3728 2076 3740 2088 ·

2150 2144 2244 2219 Μὴ
2295 2146 2562 2228 ἐμϐλέψῃς
2607 2149 2859 2223 ἐμπαθῶς
2902 2169 2916 2183 ’
2977 2146 3071 2218 Μὴ
3113 2145 3312 2224 ὀμόσῃς
3341 2167 3355 2181 ο
3416 2142 3740 2214 Ἁπόκτησαι

2147 2236 2214 2294 τὰ
2244 2236 2369 2296 ὄντα
2400 2261 2506 2298 σοι.
2563 2236 2671 2298 Καὶ
2710 2236 2828 2294 οὐδὲ
2869 2235 3019 2316 φόϐῳ
3069 2235 3367 2308 κολάσεως,
3418 2233 3553 2292 ἀλλὰ
3583 2231 3742 2290 πνεύ-

2149 2349 2316 2402 ματος
2346 2327 2600 2407 ἐπιθυμία
2640 2326 2732 2385 καὶ
2771 2326 2954 2405 ἀγάπῃ
2993 2329 3379 2405 κατορθοῦνται
3413 2347 3426 2360 ο
3462 2323 3553 2381 καὶ
3580 2325 3738 2394 δῆλον

2145 2415 2198 2485 ἐξ
2223 2407 2295 2475 ὧν
2320 2417 2412 2476 καὶ
2444 2415 2822 2495 ὑπερϐαίνουσι
2853 2415 3045 2474 πολλοὶ⁵
3084 2413 3258 2474 πολλὰ
3289 2417 3392 2472 τῶν
3435 2413 3737 2490 ἐπιταγμά-

2143 2529 2268 2568 των.
2307 2509 2477 2567 Κάκεῖ
2525 2507 2620 2585 μὲν
2653 2509 2878 2585 Πνεῦμα
2928 2509 3022 2566 οὐκ
3053 2497 3117 2580 ἧν
3151 2527 3164 2542 ·
3201 2506 3427 2564 ἐνταῦθα
3459 2502 3548 2577 δὲ,
3578 2504 3741 2561 πλου-

2145 2595 2234 2654 σία
2265 2599 2300 2669 ἡ
2333 2596 2519 2656 τούτου
2554 2597 2732 2678 χάρις.

437 2702 528 2754 eo,
571 2686 718 2760 quod
755 2688 918 2744 multi
965 2689 1228 2760 pleraque
1257 2689 1514 2745 mandata
1563 2689 2067 2761 transgrediuntur.
2114 2697 2294 2768 Atque
2338 2696 2447 2752 illic
2490 2694 2714 2768 quidem
2751 2695 2991 2768 Spiritus
3040 2709 3152 2751 non
3181 2692 3408 2766 aderat;
3442 2692 3570 2748 istic
3598 2707 3745 2754 vero,

436 2776 724 2834 abundans
751 2778 869 2850 ejus
893 2777 1090 2850 gratia.

513 2889 540 2916 α
587 2869 651 2922 In
679 2882 792 2940 quo
820 2869 1129 2924 clamamus
1168 2885 1183 2922 :
1220 2867 1374 2925 Abba
1420 2871 1603 2925 Pater.
1639 2892 1664 2918 υ
1700 2868 2036 2926 Hebraicam

437 2955 742 3012 dictionem
772 2958 972 3029 posuit,
1013 2957 1163 3028 quod
1205 2958 1436 3014 verbum
1469 2966 1552 3014 est
1581 2958 1819 3014 ﬁliorum
1850 2959 2038 3031 genui-

435 3060 643 3102 norum
693 3061 820 3119 erga
867 3055 1102 3119 patrem.
1157 3047 1304 3119 Quid
1352 3047 1558 3120 igitur?
1604 3063 1792 3104 nonne
1857 3056 1913 3105 et
1961 3050 2034 3104 illi

2228 2902 2251 2928 «
2285 2875 2382 2936 Ἐν
2415 2867 2460 2958 ᾧ
2490 2877 2752 2956 κράζομεν
2779 2897 2790 2910 ·
2821 2875 2985 2934 Ἀϐϐᾶ
3015 2877 3043 2934 δ
3072 2873 3286 2953 Πατήρ.
3320 2902 3341 2926 υ
3381 2875 3498 2946 Τὴν
3520 2873 3743 2954 Ἑϐραῖ-

2145 2962 2246 3036 κὴν
2293 2965 2430 3034 λέξιν
2495 2967 2730 3040 τέθεικε,
2772 2965 2901 3045 ὅπερ
2961 2965 3109 3046 ῥῆμά
3167 2967 3280 3024 ἐστι
3327 2963 3560 3042 γνησίων
3613 2965 3744 3024 παίο

2146 3056 2248 3114 δων
2274 3055 2325 3093 ⁸6
2358 3056 2487 3135 πρὸς
2516 3057 2742 3134 πατέρα.
2795 3055 2865 3116 Τί
2914 3049 3034 3128 οῦν;
3068 3055 3162 3114 οὐκ
3213 3054 3437 3114 ἐκάλουν
3476 3053 3569 3112 καὶ
3612 3057 3749 3113 ἐκεῖ·

437 3138 621 3192 Deum
651 3135 920 3193 vocabant
945 3140 1200 3207 patrem?
1228 3159 1254 3185 «
1289 3139 1471 3192 Deum
1493 3137 1667 3206 enim,
1718 3138 1920 3211 inquit,
1947 3140 2036 3211 qui

2151 3169 2232 3204 νοι
2278 3144 2486 3225 πατέρα
2519 3145 2606 3205 τὸν
2637 3144 2807 3216 Θεόνς
2866 3167 2895 3204 (ι
2941 3144 3081 3204 Θεὸν
3111 3143 3236 3224 γὰρ,
3280 3143 3444 3224 φησὶ,
3499 3142 3586 3225 τὸν
3631 3167 3749 3221 γεν-

436 3226 628 3298 genuit
669 3233 745 3291 te,
775 3225 1106 3298 dereliquisti
1131 3237 1174 3281 α.
1209 3250 1235 3276 »
1285 3230 1354 3282 Et
1387 3226 1516 3282 alibi
1571 3245 1585 3283 :
1624 3249 1648 3276 οι
1707 3230 1861 3284 Deus
1897 3245 2041 3285 unus

438 3313 689 3370 condidit
709 3330 811 3371 nos
833 3317 881 3370 δ.
910 3338 935 3364 ι
959 3317 1032 3371 Et
1056 3333 1067 3368 ι
1105 3338 1129 3365 ι
1165 3317 1325 3371 Pater
1349 3332 1494 3372 unus
1511 3315 1761 3372 omnium
1788 3325 2039 3373 nostrum

441 3406 593 3459 Deus
619 3407 670 3460 ο.
708 3427 733 3453 υ
765 3405 880 3461 Etsi
911 3413 1096 3461 autem
1122 3404 1241 3462 haec
1271 3405 1414 3461 dicta
1440 3405 1550 3462 sint
1591 3405 1660 3462 de
1713 3407 1840 3473 illis,
1872 3423 2039 3464 nemo

441 3502 629 3550 tamen
668 3495 927 3551 inventus
971 3503 1054 3550 est
1098 3496 1196 3567 qui
1239 3499 1422 3550 Deum
1456 3496 1510 3550 in
1549 3496 1888 3553 orationibus
1928 3497 2042 3553 suis

442 3593 651 3656 patrem
701 3585 940 3653 vocarit,
973 3585 1119 3642 sicut
1156 3601 1261 3642 nos
1307 3601 1506 3642 omnes
1537 3586 1652 3658 jam
1682 3603 1829 3642 nunc
1865 3603 1895 3643 a
1944 3587 2042 3644 ba-

441 3674 663 3746 ptismo.
709 3677 1006 3746 Praeterea,
1053 3675 1229 3731 sicubi
1285 3692 1414 3732 eum
1456 3676 1532 3732 illi
1579 3676 1653 3733 ita
1690 3675 2039 3748 appellarint,

441 3779 508 3821 ex
537 3763 755 3838 propria
781 3764 1036 3838 ipsorum
1082 3765 1357 3823 sententia
1387 3766 1536 3822 istud
1566 3765 1818 3822 fecerunt
1853 3784 1865 3821 :
1911 3766 2046 3822 ﬁde-

440 3854 520 3911 les
564 3863 749 3912 autem
778 3871 845 3911 ex
882 3854 1147 3928 spirituali
1183 3855 1435 3912 motione
1488 3864 1544 3912 et
1590 3856 1928 3928 operatione.
1961 3859 2043 3913 Ut

440 3943 590 4001 enim
638 3945 896 4001 novimus
935 3945 1201 4017 Spiritum
1231 3945 1532 4018 prophetiae
1560 3961 1628 4001 ex
1658 3961 1722 4002 eo
1753 3947 1903 4018 quod
1947 3946 2042 4018 qui

441 4035 710 4105 acceperit
777 4050 930 4102 eum,
991 4033 1174 4090 futura
1226 4035 1474 4106 praedicit
1525 4052 1538 4090 :
1577 4035 1656 4091 sic
1702 4043 1756 4090 et
1807 4034 2044 4107 Spiritus

443 4122 752 4194 adoptionis
794 4123 1036 4180 ﬁliorum
1076 4124 1394 4195 agnoscitur
1445 4140 1510 4178 ex
1541 4139 1607 4180 eo
1636 4123 1788 4194 quod
1829 4125 1921 4196 qui
1951 4139 2043 4180 ac-

443 4212 652 4284 ceperit
684 4212 896 4283 ipsum,
944 4220 1156 4283 patrem
1208 4220 1366 4268 vocat
1390 4215 1593 4279 Deum,
1620 4228 1651 4268 a
1683 4213 1888 4285 Spiritu
1916 4229 2040 4270 mo-

443 4309 553 4357 tus.
581 4303 721 4358 Nam
747 4309 804 4357 et
839 4300 946 4357 hoc
973 4310 1056 4358 est
1093 4316 1264 4356 unum
1308 4317 1377 4358 ex
1420 4301 1582 4358 donis
1621 4303 1877 4376 Spiritus,
1919 4319 2041 4377 per-

444 4391 577 4448 inde
613 4406 678 4447 ac
703 4391 819 4463 ipse
843 4389 1028 4461 infert,
1061 4391 1255 4448 dicens
1289 4410 1302 4447 :

515 4484 692 4539 Vens.
724 4488 812 4538 16.
847 4506 873 4532 σι
915 4484 1038 4555 Ipse
1062 4483 1215 4539 enim
1243 4482 1482 4554 Spiritus
1507 4483 1891 4540 testimonium
1913 4481 2042 4540 red-

444 4571 530 4629 dit
554 4572 766 4644 spiritui
789 4582 1001 4642 nostro,
1025 4571 1175 4645 quod
1203 4573 1379 4629 simus
1405 4572 1501 4628 ﬁlii
1527 4573 1650 4628 Dei.
1687 4597 1711 4625 ν
1744 4573 1856 4646 59
1884 4577 2047 4630 Para-

445 4663 619 4718 cletus
647 4663 760 4734 ipse
792 4663 1178 4719 testimonium
1206 4662 1342 4718 dicit
1369 4661 1517 4720 dono
1559 4664 1711 4736 quod
1741 4665 1934 4722 datum
1963 4675 2048 4722 est

443 4751 628 4807 nobis.
660 4755 787 4808 Non
813 4752 963 4808 enim
1001 4768 1104 4809 nos
1127 4751 1286 4809 Abba
1321 4768 1589 4809 sonamus
1618 4754 1737 4810 sine
1761 4761 1902 4812 teste
1937 4764 1993 4812 et
2019 4773 2048 4812 a

444 4841 607 4898 nobis
655 4841 804 4914 ipsis,
853 4857 1051 4898 verum
1106 4843 1376 4899 Paracleti
1425 4831 1635 4899 donum
1688 4852 1794 4912 est,
1837 4853 1893 4901 et
1933 4845 2051 4916 ipse

446 4930 633 4987 docuit
656 4945 759 4988 nos
785 4946 880 5003 per
905 4931 1200 5005 Spiritum,
1245 4930 1304 4988 id
1330 4941 1415 4988 est
1441 4932 1677 5004 donum,
1709 4933 1789 4991 sic
1813 4935 1960 5007 loqui
1991 4935 2050 4991 in

443 5021 803 5079 orationibus.

516 5205 694 5261 Vens.
730 5208 814 5259 17.
854 5219 883 5256 «
919 5201 977 5259 Si
1013 5209 1198 5261 autem
1237 5201 1354 5272 ﬁlii,
1381 5210 1438 5259 et
1473 5201 1722 5261 hazredes
1753 5221 1768 5260 :
1805 5203 2052 5262 haeredes

447 5292 669 5366 quidem
715 5293 840 5362 Dei,
885 5291 1202 5350 cohaeredes
1231 5302 1419 5350 autem
1456 5292 1674 5350 Christi.
1716 5317 1742 5343 ιι
1775 5294 1911 5366 Quia
1939 5311 2053 5350 non

450 5399 642 5440 omnes
678 5384 770 5439 ﬁlii
833 5391 963 5442 sunt
1013 5383 1285 5452 haeredes,
1335 5383 1580 5442 ostendit
1631 5399 1736 5441 nos
1803 5393 1860 5442 et
1906 5385 2052 5441 ﬁlios

536 5522 682 5576 *lsa.
710 5533 755 5587 ι,
787 5526 840 5576 2.
931 5518 1155 5578 ιΕχοᾶ.
1181 5533 1268 5590 Iv,
1297 5524 1388 5576 23.

2072 4528 2124 4591 D

1479 5521 1628 5577 'Isa.
1661 5535 1768 5589 III,
1799 5524 1891 5576 20.
1967 5529 1992 5557 τι
2019 5524 2185 5577 Deut.
2213 5535 2414 5592 χχχιι,
2443 5525 2534 5579 18.
2607 5522 2635 5558 ³³
2663 5519 2896 5577 Malach.
2928 5535 2999 5588 ιι,
3035 5524 3117 5576 ιο.

2149 3234 2387 3308 νήσαντά
2417 3223 2477 3294 σε
2517 3235 2881 3314 ἐγκατέλιπεςο
2914 3262 2936 3287 υ
2969 3233 3061 3293 καὶ
3089 3223 3274 3308 πάλιν,
3296 3223 3324 3287 γι
3353 3233 3490 3301 Θεὸς
3515 3223 3586 3299 εἶς
3608 3231 3750 3291 ἔκτι-

2152 3348 2240 3384 σεν
2283 3331 2424 3402 ἡμᾶς
2456 3349 2470 3363 ο
2508 3353 2532 3379 ιι
2586 3330 2678 3385 καὶ
2695 3375 2710 3404 ,
2773 3353 2795 3378 κ
2853 3323 3046 3405 Πατὴρ
3097 3315 3170 3390 εἷς
3202 3323 3419 3382 πάντων
3479 3327 3658 3402 ἡμῶν.
3718 3351 3741 3371 ιο

2153 3415 2293 3473 Ἀλλ’
2343 3415 2508 3474 εἶκαὶ
2543 3422 2712 3476 ταῦτα
2757 3412 2964 3494 εἴρηται
3004 3414 3127 3494 περὶ
3164 3413 3412 3485 ἐκείνων,
3467 3412 3610 3491 ὅμως
3661 3414 3745 3472 οὗ·

2153 3506 2254 3572 δεὶς
2297 3504 2516 3586 εὕρηται
2544 3508 2597 3565 ἐν
2643 3508 2914 3587 προσευχῇ
2953 3505 3184 3572 καλέσας
3223 3503 3432 3584 πατέρα
3463 3503 3551 3562 τὸν
3575 3503 3711 3564 Θεὸν
3736 3553 3750 3576 ,

2152 3593 2332 3675 ὥσπερ
2380 3601 2468 3655 νῦν
2502 3595 2652 3672 ἡμεῖς
2679 3596 2871 3662 πάντες
2920 3593 3056 3671 μετὰ
3101 3593 3162 3653 τὸ
3202 3594 3506 3671 βάπτισμα.
3550 3591 3751 3660 ⁷Ἀλλως

2152 3709 2240 3759 τε,
2285 3685 2451 3744 εἶκαὶ
2481 3684 2743 3746 ἐκάλεσάν
2792 3708 2924 3744 ποτε
2954 3687 3149 3742 ἐκεῖνον
3195 3683 3270 3760 ⁸⁷,
3314 3686 3431 3741 ἀλλ’
3459 3683 3510 3752 ἐξ
3553 3683 3750 3750 οἰκείας

2153 3773 2382 3842 διανοίας
2418 3799 2431 3812 ο
2484 3777 2531 3834 οἱ
2591 3775 2645 3834 δὲ
2693 3774 2872 3834 πιστοὶ
2928 3777 2988 3834 ἐκ
3035 3775 3401 3850 πνευματικῆς
3463 3775 3745 3853 ἐνεργείας.

2150 3864 2370 3943 εὨσπερ
2401 3864 2503 3945 γὰρ
2537 3864 2692 3942 ἴσμεν
2721 3865 2780 3924 τὸ
2821 3867 3048 3942 Πνεῦμα
3099 3867 3195 3936 τῆς
3243 3862 3605 3944 προφητείας,
3661 3867 3752 3944 ἀφ’

2153 3945 2226 4014 ὧν
2275 3958 2302 4013 ὁ
2331 3953 2516 4014 λαϐὼν
2556 3953 2684 4013 αὐτὸ
2729 3953 2976 4034 προλέγει
3023 3951 3090 4012 τὰ
3141 3953 3407 4029 μέλλοντα
3437 3975 3453 3990 ·
3495 3952 3633 4013 οὕτω
3661 3952 3754 4010 καὶ

2156 4049 2383 4120 Πνεῦμα
2431 4043 2692 4112 υἱοθεσίας
2727 4044 3083 4124 γνωρίζεται,
3124 4046 3212 4126 ἀφ’
3245 4034 3319 4103 ὧν
3349 4048 3376 4103 ὁ
3405 4042 3585 4103 λαϐὼν
3620 4043 3750 4100 αὐτὸ

2153 4136 2360 4215 πατέρα
2390 4138 2544 4194 καλεῖ
2587 4137 2676 4193 τὸν
2720 4137 2894 4206 Θεὸν,
2939 4133 3043 4194 ὕπὸ
3088 4139 3178 4192 τοῦ
3213 4132 3531 4210 Πνεύματος
3576 4133 3745 4191 κινού-

2155 4249 2327 4304 μενος.
2361 4222 2466 4286 Ἓν
2513 4224 2614 4304 γὰρ
2665 4223 2757 4284 καὶ
2799 4229 2954 4284 τοῦτο
2985 4227 3089 4284 τῶν
3144 4231 3236 4285 τοῦ
3287 4221 3599 4298 Πνεύματος
3653 4245 3751 4302 χα-

2157 4315 2426 4399 ρισμάτων
2445 4358 2461 4388 ,
2493 4314 2675 4394 ὥσπερ
2707 4305 2795 4373 οὖν
2825 4314 2918 4373 καὶ
2954 4314 3112 4381 αὐτὸς
3146 4313 3382 4394 ἐπιφέρει
3413 4311 3599 4391 λέγων·

2237 4504 2260 4528 α
2297 4476 2436 4536 Αὐτὸ
2467 4475 2570 4556 γὰρ
2603 4475 2664 4534 τὸ
2697 4477 2925 4554 Πνεῦμα
2969 4484 3340 4556 συμμαρτυρεῖ
3390 4477 3464 4556 τῷ
3495 4473 3756 4551 πνεύματι

2157 4569 2347 4643 ἡμῶν,
2378 4565 2458 4625 ὅτι
2490 4564 2649 4643 ἐσμὲν
2669 4565 2828 4624 τέκνα
2858 4567 3024 4628 Θεοῦ.
3071 4591 3100 4623 ι)
3147 4566 3316 4631 Αὐτὸς
3347 4569 3375 4624 ὁ
3407 4563 3756 4644 Παράκλητος

2159 4664 2528 4736 συμμαρτυρεῖ
2570 4660 2647 4736 τῷ
2695 4656 2996 4737 χαρίσματι
3048 4658 3126 4737 τῷ
3155 4655 3420 4735 δεδομένῳ
3471 4659 3617 4731 ἡμῖν.
3673 4655 3754 4715 Οὐ

2157 4747 2262 4828 γὰρ
2291 4748 2624 4828 φθεγγόμεθα
2674 4744 2769 4822 μὲν
2815 4745 2876 4805 τὸ
2915 4745 3086 4804 Ἀϐϐᾶ
3131 4750 3315 4822 ἡμεῖς,
3352 4744 3670 4824 ἀμαρτύρως
3704 4743 3757 4803 δὲ

2158 4837 2251 4897 καὶ
2297 4837 2384 4918 ἀφ’
2419 4839 2618 4895 ἑαυτῶν
2639 4879 2656 4910 ,
2689 4835 2830 4896 ἀλλὰ
2860 4842 2951 4896 τοῦ
2996 4835 3359 4916 Παρακλήτου
3409 4833 3551 4893 ἐστὶν
3585 4838 3618 4906 ἡ
3653 4834 3755 4894 δω-

2165 4925 2292 5007 ρεὰ,
2322 4926 2414 4984 καὶ
2465 4928 2619 4994 αὐτὸς
2673 4925 2904 4996 ἐδίδαξεν
2952 4931 3097 5002 ἡμᾶς
3130 4925 3218 4985 διὰ
3268 4929 3358 4983 τοῦ
3406 4921 3756 5000 Πνεύματος,

2161 5015 2402 5076 τουτέστι
2449 5015 2519 5089 ⁸⁸,
2573 5020 2662 5074 τοῦ
2711 5017 3086 5097 χαρίσματος,
3129 5015 3268 5074 οὕτω
3328 5013 3648 5096 φθέγγεσθαι
3705 5017 3758 5074 ἐν

2161 5114 2278 5175 ταῖς
2306 5113 2649 5186 προσευχαῖς.

2241 5223 2268 5251 α
2292 5197 2363 5256 Εἰ
2414 5197 2469 5254 δὲ
2521 5196 2719 5268 τέκνα,
2755 5194 2846 5254 καὶ
2892 5193 3215 5277 κληρονόμοι
3253 5218 3266 5231 ·
3312 5192 3633 5274 κληρονόμοι
3663 5190 3760 5270 μὲν

2159 5287 2332 5360 Θεοῦ,
2362 5285 2786 5365 συγκληρονόμοι
2815 5284 2871 5344 δὲ
2895 5287 3157 5364 Χριστοῦ.
3190 5314 3214 5340 ιν
3243 5282 3467 5354 Ἐπειδὴ
3493 5284 3553 5342 οὗ
3581 5281 3762 5342 πάντα

2161 5375 2230 5436 τὰ
2291 5375 2451 5436 τέκνα
2507 5376 2868 5460 κληρονόμοι,
2951 5375 3250 5451 δείκνυσιν,
3321 5373 3403 5433 ὅτι
3463 5376 3617 5451 ἡμεῖς
3669 5371 3762 5432 καὶ

3208 5529 3230 5556 ο
3249 5517 3454 5593 Ephes.
3484 5533 3567 5589 ιν,
3592 5521 3646 5572 6.

1850 5627 2038 5687 Variae
2082 5629 2386 5691 lectiones.

523 5739 568 5775 ⁸³
590 5741 708 5813 γάρ.
786 5740 834 5778 ⁸⁷⁸
855 5741 1084 5806 κολάσεις
1103 5759 1182 5799 m.
1259 5743 1303 5778 ⁸⁵
1331 5742 1578 5816 εὖγενέσιν
1605 5743 1838 5817 ἀνδράσιν
1859 5759 1934 5800 m.
2013 5743 2057 5779 ⁸⁵
2085 5746 2269 5799 τέκνων
2291 5760 2374 5802 m.
2449 5744 2492 5779 ⁸⁷
2519 5743 2595 5800 ἴσ.
2625 5743 2826 5802 ἐκεῖνοι.
2904 5746 2950 5784 ⁸⁸
2976 5744 3086 5814 ἤτοι
3115 5761 3167 5804 ο.
