4150 6428
424 401 528 458 443

1318 404 1668 462 EXPOSITIO
1708 405 1776 462 1N
1810 405 2022 463 EPIST.
2064 408 2156 465 AD
2194 408 2361 467 ROM.
2410 441 2483 452 —
2521 413 2670 469 CAP.
2712 416 2846 473 VIII.

3630 417 3734 476 446

423 529 585 620 τέκνα
612 528 1075 611 καὶῖκληρονόμοι.
1123 528 1349 604 Ἐπειδῆ
1391 530 1443 570 ⁸9
1480 530 1535 593 δὲ
1564 532 1624 591 οὖ
1656 531 1853 601 πάντες
1881 536 2014 607 κλη-

2132 550 2271 604 esse,
2301 543 2357 593 et
2397 536 2661 596 heredes.
2703 541 2844 612 Quia
2872 557 3005 600 vero
3034 559 3148 601 non
3185 560 3383 603 omnes
3409 561 3736 620 magnorum

423 619 635 699 ρονόμοι
682 620 782 680 εἰσὶ
842 621 1088 700 μεγάλων
1146 620 1521 700 πραγμάτων,
1578 621 1842 684 δείκνυσιν
1866 670 1881 701 ,
1942 621 2026 684 ὅτι

420 710 511 769 καὶ
542 710 749 789 μεγάλα
779 712 1214 791 κληρονομοῦμεν
1238 736 1251 750 ·
1287 738 1311 764 σι
1335 716 1479 775 Θεοῦ
1504 710 1607 793 γὰρ
1631 717 1973 793 κληρονόμοι.
2001 740 2027 768 ι

421 801 633 873 Πάλιν,
668 800 849 874 ἐπειδὴ
898 800 1012 861 ἔστι
1056 802 1147 861 καὶ
1200 802 1561 884 κληρονόμους
1607 794 1774 879 εἶναι,
1802 806 1861 863 οὗ
1892 804 2028 864 πάν-

419 914 523 957 τως
550 890 605 950 δὲ
634 894 709 971 τῷ
752 895 1045 970 Μονογενεῖ
1080 893 1566 973 συγκληρονομεῖν,
1600 893 1795 974 φησὶν,
1820 894 1901 953 ὅτι
1932 896 2024 955 καὶ

422 986 577 1041 τοῦτο
598 982 792 1063 ἔχομεν
817 1004 830 1019 ·
866 1009 889 1034 ι
915 981 1357 1064 Συγκληρονόμοι
1382 984 1487 1066 γὰρ
1520 986 1757 1065 Χριστοῦ
1792 987 1973 1063 ἐσμεν.
2002 1013 2024 1038 υ

501 1190 526 1217 α
552 1162 722 1243 Εἴπερ
756 1163 1183 1244 συμπάσχομεν,
1227 1163 1315 1224 ἵνα
1355 1164 1449 1225 καὶ
1495 1164 1957 1245 συνδοξασθῶμεν.
1988 1187 2019 1226 ο

424 1254 638 1328 Εἰπὼν,
667 1251 748 1313 ὅτι
774 1256 1199 1335 συγκληρονόμοι
1234 1256 1475 1336 Χριστοῦ
1506 1255 1733 1335 ἐσόμεθα
1752 1303 1769 1337 ,
1816 1255 2021 1317 δείκνυ-

421 1369 539 1418 σιν,
590 1345 672 1407 8τι
719 1343 947 1425 εὐλόγως
996 1346 1183 1406 τούτου
1234 1344 1548 1425 τευξόμεθα.
1612 1346 1685 1409 Ὀ
1743 1346 1847 1429 γὰρ
1904 1347 2025 1415 τοὺς

418 1434 564 1495 οὐδὲν
620 1435 1043 1515 κατωρθωκότας
1112 1436 1386 1505 τοσούτοις
1451 1442 1666 1515 ἀγαθοῖς
1740 1440 2024 1520 φιλοτιμη-

419 1525 681 1604 σάμενος,
732 1524 859 1584 ὅταν
907 1524 994 1606 ἴδῃ
1046 1526 1220 1586 πολλὰ
1284 1526 1655 1605 πονήσαντας,
1735 1531 1847 1596 πῶς
1903 1528 2024 1610 οὐχὶ

417 1616 621 1691 μᾶλλον
657 1614 966 1696 ἀμείψεως
1008 1620 1182 1677 Τοῦτο
1212 1616 1267 1676 δὲ
1291 1625 1467 1691 ποιεῖ,
1500 1620 1572 1685 ὣς
1613 1617 1678 1677 ἂν
1711 1616 1787 1695 μὴ
1827 1619 2022 1698 αἰσχύ-

420 1729 614 1765 νωνται
642 1708 689 1765 οἱ
723 1704 1088 1782 λαμϐάνοντες
1136 1706 1231 1778 τὴν
1269 1707 1470 1787 δωρεὰν
1494 1753 1511 1785 ,
1540 1710 1612 1775 ὣς
1653 1706 1862 1775 ἀπόνως
1887 1708 2018 1767 ταύ-

416 1819 514 1869 την
538 1795 910 1873 λαμϐάνοντες
940 1796 1011 1858 ⁹⁰.
1054 1795 1203 1868 Πλὴν
1239 1797 1462 1870 σκόπει,
1488 1797 1569 1856 ὅτι
1599 1800 1828 1858 ἐνταῦθα
1862 1797 2024 1857 αἰνίτ-

2136 624 2415 684 bonorum
2464 627 2844 688 hereditatem
2891 633 3123 705 adeunt,
3155 635 3399 693 ostendit
3443 636 3592 709 quod
3619 653 3736 695 ma-

2134 732 2375 790 gnorum
2441 720 2615 775 etiam
2684 720 3065 781 hmreditatem
3127 727 3477 782 consecuturi
3538 727 3735 783 simus.

2138 830 2166 857 ι
2221 810 2365 864 Nam
2393 809 2497 866 Dei
2539 825 2730 869 sumus
2758 812 3025 871 haeredes.
3062 838 3089 865 υ
3123 819 3359 886 Rursus,
3391 816 3735 889 quandoqui-

2134 896 2261 954 dem
2314 898 2430 955 ﬁeri
2477 909 2677 972 potest,
2733 910 2795 958 ut
2844 903 3090 961 haeredes
3138 907 3336 975 simus,
3384 921 3487 962 nec
3546 914 3736 961 tamen

2135 989 2364 1045 omnino
2405 991 2583 1049 simus
2626 993 2934 1065 Unigenito
2978 995 3317 1064 cohaeredes,
3357 996 3455 1065 ait,
3492 996 3641 1069 quod
3685 1004 3740 1052 et

2134 1076 2240 1135 hoc
2263 1078 2534 1139 habemus
2565 1099 2579 1137 :
2616 1106 2641 1132 ιο
2682 1084 3009 1142 Cohaeredes
3046 1086 3193 1143 enim
3218 1086 3419 1144 Christi
3457 1102 3670 1143 sumus.
3710 1112 3733 1136 »

2208 1193 2234 1218 ‹‹
2263 1169 2317 1226 Si
2346 1179 2531 1228 tamen
2558 1174 2948 1245 compatimur,
2978 1185 3039 1232 ut
3081 1184 3136 1232 ct
3177 1176 3674 1249 congloriﬁcemur.
3709 1201 3733 1225 υ

2133 1262 2275 1317 Cum
2322 1260 2567 1331 dixisset,
2595 1264 2799 1321 Christi
2841 1281 2945 1323 nos
2972 1266 3287 1323 cobaaredes
3318 1267 3454 1336 fore,
3496 1267 3741 1323 ostendit

2132 1365 2235 1407 nos
2275 1351 2421 1409 istud
2470 1369 2583 1409 non
2625 1354 2741 1410 sine
2790 1371 2953 1412 causa
3009 1366 3376 1414 assecuturos.
3424 1358 3533 1428 Qui
3581 1357 3735 1413 enim

2133 1456 2257 1507 nos,
2288 1458 2418 1498 cum
2444 1441 2572 1498 nihil
2597 1443 2781 1501 adhuc
2808 1444 2937 1501 boni
2979 1447 3224 1519 rectique
3254 1445 3735 1519 praestitissemus,

2132 1530 2298 1585 tantis
2327 1530 2488 1589 bonis
2530 1531 2822 1590 honoravit
2846 1554 2861 1603 ;
2890 1535 3175 1608 quomodo
3201 1552 3313 1591 non
3346 1534 3585 1608 praemiis
3611 1551 3731 1592 ma-

2125 1618 2344 1691 joribus
2404 1621 2737 1694 dignabitur,
2792 1640 2921 1680 cum
2988 1641 3091 1681 nos
3158 1626 3397 1682 multum
3459 1625 3736 1682 laborasse

2133 1708 2370 1767 viderit?
2401 1712 2523 1768 Hoc
2561 1720 2748 1770 autem
2766 1714 2896 1787 agit,
2927 1730 2996 1770 ne
3026 1714 3307 1787 pudeliant
3332 1715 3366 1771 ii
3396 1715 3489 1787 qui
3518 1715 3730 1772 donum

2130 1800 2425 1873 accipiunt,
2473 1810 2739 1876 tanquam
2782 1804 2912 1861 citra
2961 1805 3212 1862 laborem
3268 1805 3568 1876 accipiant.
3622 1808 3733 1861 Ve-

417 1908 601 1961 τεται,
631 1889 744 1954 πῶς
783 1890 861 1947 δεῖ
893 1886 981 1946 τὸν
1024 1885 1309 1956 ἀξιωθέντα
1350 1887 1616 1947 τοσούτων
1661 1889 1873 1969 δωρεῶν
1926 1887 2014 1948 καὶ

2128 1900 2444 1949 rumtamen
2488 1893 2765 1966 perpende
2794 1902 2984 1951 tecum
3032 1894 3183 1968 quod
3213 1895 3301 1952 hic
3332 1895 3538 1965 innuit,
3586 1910 3726 1967 quo-

422 1978 495 2044 εἰς
518 1975 663 2050 πάθη
698 1977 791 2037 καὶ
829 1980 900 2045 εἷς
928 1978 1197 2045 κινδύνους
1227 1976 1415 2037 ἑαυτὸν
1455 1977 1739 2040 ἐκδιδόναι.

497 2187 523 2214 ι
556 2158 852 2238 Λογίζομαι
899 2158 1001 2239 γὰρ
1050 2155 1129 2218 ὅτι
1177 2160 1272 2219 οὔκ
1316 2158 1436 2229 ἄξια
1484 2158 1553 2219 τὰ
1592 2158 1893 2237 παθήματα
1926 2166 2020 2223 τοῦ

415 2255 506 2309 νῦν
535 2255 725 2330 καιροῦ
765 2250 894 2331 πρὸς
934 2249 1033 2322 τὴν
1081 2248 1382 2333 μέλλουσαν
1434 2248 1590 2319 δόξαν
1635 2252 2017 2333 ἀποκαλυφθῆ-

415 2364 502 2398 ναι
532 2342 605 2409 εἰς
624 2345 789 2417 ἡμᾶς.
826 2368 849 2394 ι
884 2340 1109 2412 Ἐπειδὴ
1134 2331 1301 2415 εἶπεν,
1335 2340 1416 2402 ὅτι
1449 2370 1473 2394 σι
1504 2331 1937 2420 Συμπάσχομεν,
1975 2364 2005 2401 ι)

414 2429 500 2490 ἵνα
531 2429 609 2509 μὴ
650 2428 933 2507 ἀποκνήσῃ
965 2435 993 2490 ὁ
1023 2429 1319 2510 ἀκροατὴς,
1363 2434 1435 2500 ὡς
1479 2431 1567 2492 ἐπὶ
1613 2429 1880 2499 κινδύνους
1922 2431 2016 2502 ἐξ-

417 2520 702 2600 αγόμενος,
746 2522 840 2581 καὶ
872 2522 942 2587 εἷς
996 2520 1144 2593 πάθη
1193 2521 1641 2602 περιελκόμενος,
1691 2521 1880 2602 φησὶν,
1934 2522 2015 2582 ὅτι

416 2611 515 2684 Μὴ
565 2610 858 2693 δειλιάσῃς,
899 2635 930 2666 α
978 2612 1097 2671 Οὐκ
1141 2609 1261 2679 ἄξια
1304 2612 1406 2692 γὰρ
1459 2611 1525 2671 τὰ
1577 2611 1879 2689 παθήματα
1921 2617 2013 2673 τοῦ

415 2707 503 2763 νῦν
540 2709 766 2783 καιροῦ,
818 2700 1097 2773 τουτέστι,
1147 2700 1215 2759 τὰ
1246 2700 1552 2782 πρόσκαιρα
1596 2701 1690 2761 καὶ
1735 2703 2013 2783 παρερχό-

415 2816 547 2869 μενα
565 2836 592 2874 ,ί
622 2814 654 2851 (ι
684 2791 814 2874 πρὸς
842 2791 939 2863 τὴν
974 2792 1273 2868 μέλλουσαν
1308 2793 1751 2871 ἀποκαλυφθῆναι
1782 2790 1957 2860 δόξαν.
1987 2820 2014 2845 ιο

415 2885 533 2943 Οὐκ
559 2873 707 2955 εἰπε,
738 2882 858 2955 Τὴν
907 2882 1208 2960 μέλλουσαν
1253 2880 1431 2940 ἄνεσιν
1451 2928 1467 2957 ,
1505 2880 1645 2941 ἀλλὰ
1664 2926 1681 2955 ,
1717 2907 1743 2935 ι
1775 2880 1893 2954 Τὴν
1923 2880 2013 2941 δό-

415 2971 529 3043 ξαν.
563 2999 588 3026 ιι
616 2976 793 3034 Τοῦτο
823 2970 925 3051 γὰρ
971 2970 1031 3031 τὸ
1061 2970 1232 3047 ὄνομα
1275 2969 1567 3051 ἐπέραστον
1610 2974 1722 3039 τοῖς
1767 2973 2009 3039 πολλοῖς.

410 3059 592 3125 Ὅπου
626 3061 723 3139 μὲν
770 3062 975 3135 ἄνεσις,
1022 3063 1081 3120 οὗ
1112 3062 1323 3130 πάντως
1371 3060 1495 3130 δόξα
1525 3084 1540 3100 ·
1584 3059 1719 3122 ὅπου
1752 3061 1807 3121 δὲ
1853 3061 2010 3136 δόξα,

413 3157 520 3216 ἐκεῖ
564 3153 655 3213 καὶ
688 3152 888 3219 ἄνεσις.
939 3150 1041 3213 Διὰ
1069 3150 1123 3211 δὲ
1167 3157 1260 3211 τοῦ
1302 3153 1467 3211 εἰπεῖν
1507 3150 1602 3225 τὸ,
1647 3172 1677 3209 σ
1710 3151 2011 3211 Ἀποκαλυ-

413 3250 639 3325 φθῆναι,
666 3272 692 3297 ιι
720 3242 911 3312 ἔδειξεν
943 3242 1025 3301 ὅτι
1057 3240 1149 3301 καὶ
1182 3246 1273 3301 νῦν
1300 3240 1436 3314 ἔστι,
1463 3238 1755 3321 κρύπτεται
1782 3240 1857 3299 δέ’
1889 3240 2011 3301 τότε

2123 1981 2291 2038 modo
2338 1991 2560 2054 oportet
2623 1983 2792 2041 tantis
2847 1994 3177 2042 exornatum
3262 1983 3426 2041 donis
3488 1984 3732 2057 seipsum

2133 2087 2261 2128 cum
2290 2072 2687 2130 afﬂictionibus
2713 2083 2837 2130 tum
2866 2076 3119 2146 periculis
3142 2091 3441 2148 exponere.

2203 2165 2385 2219 Vnus.
2420 2169 2506 2219 18.
2542 2188 2568 2213 ιι
2596 2164 2871 2221 Existimo
2891 2166 3044 2221 enim
3070 2165 3216 2237 quod
3244 2182 3363 2221 non
3395 2165 3508 2221 sint
3536 2165 3730 2222 condi-

2128 2267 2251 2325 gnae
2282 2252 2566 2325 passiones
2600 2253 2764 2327 hujus
2790 2256 3059 2327 temporis
3100 2255 3171 2312 ad
3213 2254 3452 2311 futuram
3500 2254 3730 2327 gloriam

2128 2358 2253 2415 quae
2314 2344 2646 2400 revelabitur
2714 2344 2773 2400 in
2836 2345 3019 2401 nobis.
3090 2366 3119 2397 »
3175 2346 3453 2415 Quoniam
3500 2345 3733 2415 dixerat,

2134 2454 2160 2483 α
2192 2433 2600 2505 Compatimur,
2637 2457 2663 2483 ιο
2690 2450 2759 2490 ne
2783 2442 3069 2491 cunctetur
3112 2443 3166 2492 et
3192 2436 3463 2492 detrectet
3489 2436 3733 2505 auditor,

2127 2529 2391 2593 tanquam
2458 2523 2528 2580 ad
2592 2524 2829 2596 pericula
2881 2524 3134 2590 eductus,
3196 2533 3251 2581 et
3314 2525 3385 2582 ad
3454 2525 3733 2597 passiones

2126 2612 2514 2681 circumactus,
2543 2630 2712 2682 nunc,
2742 2614 2866 2671 Noli
2894 2615 3114 2683 timere,
3141 2614 3335 2687 inquit.
3366 2637 3393 2664 ιι
3430 2617 3549 2671 Νοη
3580 2616 3732 2672 enim

2127 2701 2305 2775 dignae
2338 2711 2472 2758 sunt
2508 2701 2843 2760 afﬂictiones
2895 2703 3056 2777 hujus
3096 2704 3386 2777 temporis,
3419 2726 3444 2754 η
3499 2704 3605 2761 hoc
3648 2713 3733 2761 est

2125 2793 2475 2863 temporariae
2518 2801 2574 2849 et
2624 2792 2981 2862 transitoriaa,
3028 2817 3053 2843 υ
3104 2794 3172 2850 ad
3225 2793 3467 2851 futuram
3496 2794 3729 2867 gloriam

2126 2896 2251 2955 quas
2294 2882 2639 2939 revelabitur.
2699 2906 2727 2934 ι›
2775 2886 2903 2941 Non
2950 2883 3106 2953 dixit,
3160 2882 3410 2941 futuram
3462 2884 3728 2957 quietem,

2123 2970 2243 3041 sed,
2276 2995 2304 3022 α
2334 2973 2604 3030 Gloriam.
2648 2996 2673 3023 ι
2706 2976 2922 3031 Nomen
2962 2974 3115 3031 enim
3159 2974 3304 3031 istud
3346 2975 3622 3047 plerisque
3650 2982 3734 3033 est

2122 3061 2380 3119 amabile.
2405 3067 2550 3119 Nam
2579 3062 2670 3119 ubi
2698 3064 2873 3137 quies,
2900 3064 2972 3120 ibi
2999 3080 3111 3120 non
3134 3065 3365 3121 omnino
3392 3064 3603 3137 gloria:
3632 3064 3731 3121 ubi

2124 3167 2253 3210 vero
2282 3152 2478 3226 gloria,
2511 3154 2583 3210 ibi
2626 3162 2681 3211 et
2710 3155 2884 3227 quies.
2926 3156 3002 3210 At
3031 3171 3162 3211 cum
3192 3156 3287 3225 ait,
3323 3178 3347 3205 α
3408 3170 3534 3228 quae
3568 3170 3728 3212 reve-

2121 3242 2348 3311 labitur,
2407 3267 2433 3293 ι
2485 3245 2724 3301 ostendit
2768 3246 2921 3302 illam
2976 3244 3280 3301 etiamnum
3344 3260 3488 3313 esse,
3536 3260 3727 3301 verum

412 3315 465 3393 δὲ
495 3315 1033 3415 ἀποκαλυφθήσεται,
1064 3331 1336 3403 τουτέστι,
1378 3315 1591 3400 τελείως
1642 3330 2014 3413 φανερωθήσε-

2124 3333 2496 3391 absconditam
2530 3354 2543 3390 :
2592 3344 2725 3391 tunc
2766 3344 2954 3392 autem
2992 3336 3345 3403 revelabitur,
3384 3334 3439 3391 id
3488 3343 3572 3392 est
3599 3351 3728 3408 pcr-

412 3450 519 3487 ται.
555 3425 707 3486 Διότι
730 3424 835 3507 γὰρ
862 3424 1071 3501 μεγάλη
1097 3422 1242 3495 ἐστὶ,
1266 3421 1358 3482 καὶ
1380 3421 1669 3504 ἀφράστως
1701 3420 2013 3502 ὑπερϐαίνει

412 3515 499 3576 τὸν
537 3515 775 3597 παρόντα
806 3516 1007 3589 αἰῶνα,
1056 3511 1143 3573 διὰ
1177 3516 1333 3572 τοῦτο
1359 3513 1471 3572 ἐκεῖ
1496 3511 1845 3587 τεταμίευται
1866 3555 1881 3583 ,
1905 3520 2013 3597 τοῖς

412 3592 776 3678 ἀτελευτήτοις
830 3602 1395 3684 συμπαρεκτεινομένη
1440 3604 1649 3662 αἰῶσιν.
1698 3598 1876 3662 Ὥστε
1896 3646 1913 3678 ,
1967 3592 2013 3662 ὦ

414 3694 685 3776 ἀκροατὰ,
740 3695 852 3755 ἐπεὶ
901 3694 992 3755 καὶ
1044 3693 1114 3755 τὰ
1162 3692 1465 3771 παθήματα
1532 3698 1627 3751 τοῦ
1681 3697 1771 3750 νῦν
1825 3697 2012 3773 καιροῦ

416 3788 544 3844 εἰσιν
565 3830 580 3857 ,
613 3785 775 3864 ἤγουν
822 3784 1124 3865 πρόσκαιρα
1145 3829 1163 3863 ,
1198 3781 1289 3842 καὶ
1334 3786 1368 3854 ἡ
1403 3781 1526 3852 δόξα
1578 3787 1673 3843 τοῦ
1726 3780 2014 3860 μέλλοντος

415 3876 600 3943 αἰῶνος
652 3880 742 3935 τοῦ
804 3873 1173 3948 ἀκαταλύτου,
1220 3871 1547 3955 καταφρόνει
1598 3874 1703 3932 τῶν
1754 3872 2015 3951 παθημά-

412 3988 515 4023 των
540 4011 555 4041 ,
588 3965 679 4025 καὶ
709 3967 803 4037 τῆς
838 3963 991 4037 δόξης
1021 3967 1318 4023 ἀντιποιοῦ.

499 4078 527 4115 ι(
563 4052 634 4116 Ἣ
683 4054 787 4135 γὰρ
819 4053 1227 4135 ἀποκαραδοκία
1268 4056 1363 4125 τῆς
1404 4052 1625 4120 κτίσεως
1669 4050 1765 4123 τὴν
1805 4051 2008 4114 ἀποκά-

406 4147 557 4227 λυψιν
611 4150 718 4205 τῶν
769 4146 897 4203 υἱῶν
955 4149 1049 4203 τοῦ
1098 4146 1242 4205 Θεοῦ
1296 4141 1682 4221 ἀπεκδέχεται.
1744 4166 1776 4199 »
1822 4143 2012 4203 Θέλων

405 4235 569 4305 δεῖξαι
598 4236 673 4304 9',
709 4234 836 4307 ὅσης
867 4234 1156 4310 τευξόμεθα
1187 4231 1339 4307 δόξης
1360 4277 1377 4305 ,
1412 4231 1605 4314 φησὶν,
1639 4230 1721 4292 ὅτι
1755 4230 1846 4291 καὶ
1878 4232 2012 4306 αὐτὴ

407 4329 442 4397 ἡ
482 4325 651 4391 κτίσις
692 4324 781 4384 ἐπὶ
815 4323 875 4381 τὸ
928 4332 1167 4406 κρεῖττον
1220 4321 1612 4404 ἀμειφθήσεται
1639 4344 1683 4406 '_
1704 4325 1794 4380 καὶ
1844 4321 1933 4380 ἐὰν
1978 4326 2012 4396 ἡ

409 4412 608 4489 κτίσις,
662 4415 848 4494 πολλῷ
899 4400 1103 4492 μάλλον
1156 4415 1330 4489 ἡμεῖς.
1367 4400 1442 4473 Ὅ
1494 4409 1590 4489 μὲν
1622 4400 1711 4470 οῦν
1759 4416 1878 4480 νοῦς
1907 4415 2011 4471 τῶν

2123 3422 2260 3481 l'ecte
2314 3423 2780 3481 manifestabitur.
2833 3427 2978 3482 Nam
3021 3424 3149 3498 quia
3199 3425 3394 3497 ingens
3439 3432 3543 3491 est,
3584 3440 3725 3497 prm-

2119 3528 2355 3586 sensque
2380 3514 2649 3571 saeculum
2689 3512 3044 3571 ineffabiliter
3089 3514 3453 3582 transcendit,
3493 3513 3622 3571 ideo
3652 3514 3731 3571 ibi

2118 3603 2440 3661 reconditur
2467 3604 2808 3677 simpiternis
2833 3613 3128 3661 coextensa
3166 3605 3404 3662 saeculis.
3439 3604 3728 3673 Quamob-

2122 3709 2263 3764 rem,
2308 3709 2342 3749 o
2387 3694 2629 3760 auditor,
2668 3710 2798 3751 cum
2870 3692 3204 3750 afﬂictioues
3262 3695 3555 3766 prasentis
3617 3694 3728 3750 sint

2121 3784 2407 3856 temporis,
2446 3784 2501 3840 id
2560 3792 2642 3841 est
2696 3784 3052 3852 transitoria,
3121 3783 3295 3856 gloria
3358 3799 3488 3839 vero
3552 3781 3726 3839 futuri

2119 3874 2330 3943 saeculi,
2397 3889 2702 3947 numquam
2764 3874 2973 3931 scilicet
3043 3873 3325 3942 cessaturi,
3388 3871 3724 3929 afﬂictiones

2120 3973 2436 4034 contemne,
2466 3965 2805 4037 gloriamque
2846 3964 3235 4036 complectere.

2192 4057 2367 4112 Vsus.
2402 4060 2490 4112 19.
2527 4078 2552 4104 α
2586 4055 2896 4112 Vehemens
2920 4054 3068 4111 enim
3092 4051 3429 4126 exspectatio
3457 4060 3724 4110 creaturae

2121 4146 2508 4202 revelationem
2536 4145 2780 4202 ﬁliorum
2800 4145 2905 4202 Dei
2931 4152 3234 4218 exspectat.
3260 4167 3287 4193 ιο
3315 4148 3725 4201 Monstraturus

2120 4243 2383 4309 quantam
2418 4236 2590 4292 simus
2637 4235 2872 4308 gloriam
2912 4235 3282 4303 consecuturi,
3330 4234 3530 4306 inquit,
3576 4232 3725 4306 quod

2122 4326 2241 4398 ipsa
2286 4334 2535 4382 creatura
2576 4325 2633 4382 in
2683 4325 2882 4381 melius
2927 4324 3327 4397 permutabitur
3393 4342 3409 4381 :
3473 4323 3623 4396 quod
3680 4323 3725 4380 si

2122 4422 2395 4486 creatura,
2426 4416 2607 4473 multo
2650 4416 2827 4488 magis
2851 4430 2971 4472 nos.
3006 4414 3286 4473 Sententia
3313 4415 3499 4486 itaque
3526 4428 3722 4470 eorum

408 4504 707 4583 λεγομένων
740 4508 992 4571 τοιοῦτος.
1039 4500 1224 4584 θοπερ
1261 4502 1315 4561 δὲ
1356 4503 1404 4561 οἱ
1454 4504 1727 4581 προφῆται
1768 4507 2013 4575 ποιοῦσι,

467 4594 481 4609 .
788 4592 805 4609 .
1022 4593 1035 4609 .
1245 4596 1280 4609 ...
1481 4593 1497 4609 .
1555 4591 1570 4609 ,
1892 4590 1903 4609 ι
1980 4590 1993 4609 ι

2124 4521 2248 4578 quae
2268 4505 2545 4570 dicuntur,
2589 4514 2672 4562 est
2695 4503 3042 4580 hujusmodi.
3065 4504 3230 4575 Quod
3258 4504 3373 4575 60
3389 4512 3576 4559 autem
3604 4519 3727 4574 pro-

407 4594 521 4661 τοὺς
570 4592 846 4670 ποταμοὺς
889 4593 1043 4673 χερσὶ
1087 4596 1407 4671 κροτοῦντας
1452 4591 1784 4671 εἰσάγοντες,
1817 4590 2008 4651 καὶτὰ

408 4683 503 4761 ὅρη
548 4686 883 4763 σκιρτῶντα,
924 4682 1020 4741 καὶ
1063 4681 1328 4763 πρόσωπα
1377 4681 1636 4763 ἐμψύχων
1684 4680 1776 4740 καὶ
1822 4683 2008 4753 αἰσθη-

408 4775 563 4831 τικῶν
619 4774 797 4840 αὐτοῖς
835 4770 1193 4852 περιτιθέντες
1382 4775 1614 4852 περιτιθ.
1733 4774 1889 4831 τοῦτο
1918 4771 2010 4830 καὶ

410 4861 560 4930 αὐτὸς
576 4871 743 4935 ποιεῖ,
768 4861 863 4921 καί
894 4885 1073 4944 φησιν,
1094 4861 1177 4922 ὅτι
1202 4859 1273 4922 Ἣ
1304 4860 1473 4929 κτίσις
1493 4870 1643 4920 πᾶσα
1670 4864 1701 4919 ἆ
1722 4885 1760 4916 π
1774 4885 1886 4920 οκα
1906 4884 2009 4942 ρα-

410 4953 439 5010 δ
456 4974 531 5012 οκ
550 4952 615 5011 ία
632 4977 659 5012 ν
689 4951 821 5032 ἔχει,
855 4952 1116 5027 τουτέστι,
1146 4951 1382 5031 μεγάλην
1412 4951 1735 5033 προσδοκίαν
1759 4950 1870 5031 ἔχει
1884 4998 1903 5027 ,
1929 4950 2008 5010 ὅτι

408 5041 499 5100 καὶ
531 5042 663 5116 αὐτὴ
692 5042 782 5101 ἐπὶ
810 5042 872 5102 τὸ
901 5043 1142 5121 κρεῖττον
1187 5041 1576 5124 ἀμειφθήσεται
1594 5089 1610 5117 ,
1656 5044 1748 5101 καὶ
1780 5040 2009 5101 ἀπεκδέ-

406 5153 561 5211 χεται
615 5131 714 5205 τὴν
776 5131 1111 5213 ἀποκάλυψιν
1164 5135 1259 5202 τῆς
1314 5130 1464 5203 δόξης
1510 5134 1664 5208 ἡμῶν
1718 5134 1823 5190 τῶν
1881 5133 2008 5190 υἱῶν

405 5224 497 5280 τοῦ
526 5222 692 5283 Θεοῦ.
718 5222 857 5282 Τότε
877 5220 981 5303 γὰρ
1005 5221 1098 5281 καὶ
1122 5220 1258 5294 αὖτὴ
1286 5220 1673 5303 δοξασθήσεται
1803 5225 2006 5303 ἀφθαρ-

408 5310 527 5393 σίᾳ,
588 5310 673 5371 ετε
730 5310 822 5370 καὶ
873 5300 1047 5389 ἡμεῖς.
1104 5309 1255 5372 ’Ὅσα
1316 5300 1404 5371 οὖν
1468 5310 1676 5380 ἀκούεις
1744 5300 2007 5390 λεγόμενα

406 5401 525 5482 περὶ
564 5405 662 5476 τῆς
688 5400 949 5480 κτίσεως,
991 5404 1062 5469 ὣς
1107 5401 1230 5485 περὶ
1271 5400 1549 5484 ἐμψύχου,
1576 5400 2011 5486 προσωποποιίας

407 5490 586 5573 τρόπῳ
618 5490 799 5569 νόμιζε
826 5490 1098 5571 λέγεσθαι.

2120 4595 2296 4668 phetis
2322 4596 2377 4652 in
2406 4611 2562 4652 more
2589 4604 2696 4664 est,
2742 4604 2804 4652 ut
2854 4595 3082 4651 ﬂumina
3120 4594 3375 4650 manibus
3400 4590 3722 4663 plaudentia

2117 4684 2492 4754 introducant,
2546 4693 2872 4757 montesque
2940 4684 3225 4752 saltantes,
3274 4696 3533 4754 personas
3592 4697 3722 4737 cum

2117 4774 2518 4845 animatorum,
2538 4782 2663 4831 tum
2683 4774 3030 4831 sensibilium
3050 4773 3179 4846 ipsis
3199 4771 3501 4829 tribuentes
3530 4788 3543 4827 :
3570 4770 3720 4827 idem

2118 4874 2175 4923 et
2203 4865 2319 4939 ipse
2344 4864 2433 4921 hic
2462 4864 2760 4937 Apostolus
2788 4866 2921 4938 agit,
2954 4880 3083 4921 cum
3112 4864 3286 4933 dicit,
3316 4878 3543 4919 omnem
3567 4876 3722 4919 crea-

2117 4963 2308 5013 turam
2350 4954 2770 5027 ἀποκαραδοκίαν,
2815 4956 2868 5011 id
2942 4963 3045 5023 est,
3124 4954 3404 5027 ingentem
3442 4959 3723 5023 exspecta-

2117 5046 2327 5102 tionem
2358 5045 2581 5113 babere,
2604 5044 2751 5117 quod
2781 5054 2839 5102 et
2865 5045 2984 5117 ipsa
3011 5044 3069 5100 in
3117 5044 3405 5100 meliorem
3435 5048 3718 5114 permute—

2117 5144 2206 5193 tur
2234 5144 2465 5206 statum,
2494 5152 2595 5193 nec
2620 5153 2737 5193 non
2767 5143 3080 5208 exSpectare
3103 5133 3499 5191 revelationem
3528 5131 3723 5202 gloria)

2114 5226 2285 5284 nostri
2326 5226 2567 5283 ﬁliorum
2601 5226 2727 5284 Dei.
2757 5228 2902 5283 Tum
2941 5225 3097 5282 enim
3156 5232 3211 5281 et
3240 5222 3356 5295 ipsa
3392 5219 3720 5294 gloriﬁcabi-

2116 5324 2209 5373 tur
2244 5316 2783 5390 incorruptibilitate,
2835 5314 3055 5388 quando
3100 5320 3156 5370 et
3199 5327 3323 5369 nos.
3356 5315 3717 5385 Quaecunque

2118 5410 2286 5485 igitur
2326 5410 2483 5469 audis
2511 5410 2623 5469 dici
2664 5410 2735 5469 de
2774 5418 3026 5468 creatura
3064 5416 3330 5482 tanquam
3359 5405 3427 5465 de
3449 5403 3718 5476 animato,

2114 5501 2517 5575 prosopopoeiae
2563 5517 2719 5562 more
2750 5500 2861 5560 dici
2896 5499 3177 5558 arbitrare.

1823 5636 2013 5699 Variae
2066 5636 2371 5703 lectiones.

476 5768 520 5807 ⁸⁸
547 5770 656 5827 ἐπεὶ
683 5786 741 5828 o.
819 5768 865 5806 9°
891 5768 1131 5833 λαϐόντες
1156 5785 1212 5829 o.
1294 5768 1332 5805 θί
1363 5768 1563 5843 μέλλων
1591 5769 1749 5835 δεῖξαι
1776 5785 1853 5831 m.
