4150 6446
463 415 568 472 447

527 541 708 598 Vnus.
740 543 830 607 20,
860 542 946 593 2t.
980 560 1004 585 «ι
1039 535 1283 593 Vanitati
1333 535 1484 592 enim
1526 545 1777 592 creatura
1810 534 2054 608 subjecta
2081 540 2138 600 Α

453 640 558 700 est,
585 647 702 688 non
729 629 942 696 volens,
968 626 1065 685 sed
1092 632 1314 700 propter
1339 642 1467 682 eum
1495 626 1588 698 qui
1608 625 2054 697 subjecit-ipsam.

453 725 518 779 In
546 737 660 794 spe,
694 717 844 792 quod
873 727 930 775 et
953 718 1066 790 ipsa
1096 725 1344 774 creatura
1382 716 1710 773 liberabitur
1735 732 1767 772 a
1796 716 2056 771 servitute

452 810 844 884 corruptionis,
890 808 948 864 in
990 808 1302 864 libertatem
1345 807 1534 880 gloriae
1563 806 1806 862 ﬁliorum
1852 805 1975 862 Dei.
2021 824 2049 858 »

1471 407 1990 466 THEOPHYLACTI
2031 406 2389 464 BULGARIE
2427 405 2744 462 ARCHIEP.

3569 420 3594 435 θ
3665 412 3770 472 448

2259 559 2283 586 α
2465 531 2566 612 γὰρ
2637 530 2958 608 ματαιότητι
3005 536 3040 606 ἡ
3098 531 3272 603 κτίσις
3329 535 3606 618 ὓπετάγη,
3665 539 3765 620 οὐχ

2166 625 2391 694 ἑκοῦσα,
2428 621 2566 682 ἀλλὰ
2597 623 2683 681 διὰ
2729 622 2818 683 τὸν
2870 624 3208 693 ὑποτάξαντα
3239 647 3253 660 ο
3299 627 3384 684 ἐπ’
3426 626 3638 701 ἐλπίδι,
3684 629 3765 691 ὅτι

2235 714 2248 738 ς
2327 715 2342 736 3
2400 713 2412 731 \
2603 713 2616 732 I
2743 715 2758 736 3
3043 713 3058 735 I
3271 717 3288 739 9
3339 714 3353 736 \
3433 720 3466 735 ~
3687 719 3701 740 I

2164 737 2255 773 και
2286 738 2424 785 αυτη
2460 717 2493 784 ἡ
2529 736 2697 781 κτισις
2735 714 3214 792 ελευθερωθησεται
3259 737 3366 774 απο
3401 740 3492 788 της
3525 719 3766 788 δουλειας

2161 807 2257 874 τῆς
2289 807 2483 884 φθορᾶς
2504 845 2516 869 ,
2561 803 2633 869 εἷς
2669 802 2766 874 τὴν
2806 803 3105 883 ἐλευθερίαν
3135 809 3231 876 τ’ἧς
3253 803 3402 876 δόξης
3428 810 3532 864 τῶν
3564 807 3760 868 τέκνων

451 931 522 944 -
546 923 574 951 α
599 898 864 966 Vanitati,
896 920 922 947 ιο
950 897 1053 953 hoc
1089 905 1173 953 est
1209 895 1578 968 eorruptioni,
1633 918 1658 945 α
1699 895 1944 968 subjecta
1973 910 2032 951 es

2160 898 2252 954 τοῦ
2273 895 2441 954 Θεοῦ.
2472 919 2494 944 ι
2523 925 2600 937 -
2619 920 2643 944 α
2665 892 2750 971 Τ
2777 893 3122 970 ματαιότητι,
3144 921 3168 945 »ι
3191 895 3454 970 τουτέστι,
3574 903 3760 980 φθορᾷ,

449 1000 722 1058 creatura,
757 1012 783 1039 ι
847 1005 946 1061 pro
991 1003 1057 1044 eo
1100 985 1251 1059 quod
1304 994 1417 1056 est,
1483 986 1856 1059 corruptibilis
1909 983 2052 1042 facta

448 1090 533 1140 est
563 1089 782 1153 propter
819 1087 876 1135 te
902 1077 1211 1134 hominem.
1251 1076 1426 1133 Simul
1460 1084 1623 1148 atque
1659 1075 1804 1131 enim
1852 1090 2052 1147 corpus

447 1168 704 1242 accepisti
748 1168 1000 1237 mortale,
1054 1175 1111 1224 et
1147 1166 1436 1224 afﬂictioni
1465 1166 1794 1234 obnoxium,
1824 1180 1948 1222 eam
1977 1165 2050 1221 ob

444 1276 564 1318 rem
597 1268 747 1316 terra
785 1259 954 1315 etiam
991 1258 1173 1330 spinas
1200 1273 1264 1313 ac
1309 1257 1546 1313 tribulos
1584 1256 1814 1329 protulit
1853 1255 1902 1323 α,
1938 1271 2050 1311 οω-

444 1350 670 1422 lumque
696 1355 966 1406 vetustate
997 1347 1312 1421 squalidum
1343 1355 1398 1402 et
1427 1347 1797 1418 antiquatum,
1829 1361 2049 1418 permu-

442 1441 653 1495 tatione
699 1439 923 1511 indiget.
966 1438 1147 1507 Quare
1188 1445 1374 1493 autem
1429 1444 1656 1508 propter
1705 1435 1873 1491 alium
1920 1450 2047 1490 cor-

441 1527 715 1601 ruptibilis
745 1526 887 1584 facta
922 1535 1006 1583 est
1043 1529 1344 1583 creatura?
1400 1525 1678 1596 Quoniam
1729 1533 1784 1580 et
1827 1534 2049 1596 propter

440 1618 730 1674 hominem
759 1617 986 1674 omnino
1015 1616 1073 1672 in
1119 1632 1308 1672 rerum
1339 1625 1596 1671 naturam
1626 1613 1893 1686 producta
1922 1612 2042 1670 fue-

441 1707 531 1764 rit.
570 1728 598 1757 «
634 1709 758 1763 Non
803 1707 998 1763 volens
1031 1729 1057 1755 ιι
1104 1714 1312 1774 autem,
1343 1704 1612 1778 significat
1635 1703 1816 1761 divina
1860 1704 2044 1776 provi-

2161 1009 2186 1035 ι
2216 982 2454 1061 ὑπετάγη
2485 985 2516 1052 ἡ
2548 981 2734 1056 κτίσις,
2759 1010 2781 1033 ιο
2825 981 2940 1040 ἀντὶ
2964 989 3080 1052 τοῦ,
3116 983 3343 1062 Φθαρτὴ
3378 985 3562 1064 γέγονε
3587 987 3673 1047 διὰ
3700 988 3758 1046 σὲ

2157 1073 2246 1133 τὸν
2279 1073 2574 1151 ἄνθρωπον.
2623 1071 2847 1142 Ἐπειδὴ
2891 1070 2994 1149 γὰρ
3025 1076 3184 1150 σῶμα
3230 1071 3418 1142 ἔλαϐες
3449 1075 3634 1148 θνητὸν
3667 1077 3758 1134 καὶ

2164 1161 2390 1234 παθητὸν
2413 1207 2429 1238 ,
2465 1162 2551 1220 διὰ
2576 1165 2731 1220 τοῦτο
2760 1161 2850 1218 καὶ
2892 1165 2926 1233 ἡ
2969 1166 3037 1239 γῆ
3073 1162 3306 1228 ἀκάνθας
3350 1163 3439 1222 καὶ
3483 1164 3756 1244 τριϐόλους

2157 1251 2386 1334 ἤνεγκε,Δ
2407 1250 2498 1309 καὶ
2525 1254 2552 1310 δ
2582 1249 2795 1331 οὐρανὸς
2827 1250 3218 1328 παλαιούμενος
3252 1254 3494 1331 ἀλλαγῆς
3535 1255 3748 1334 χρῄζει.

2159 1344 2288 1408 Πῶς
2329 1331 2417 1400 οῦν
2457 1340 2523 1398 δι’
2564 1339 2740 1422 ἕτερον
2773 1339 2977 1420 φθαρτὴ
3009 1340 3193 1420 γέγονε
3224 1342 3309 1415 ⁹²ς
3353 1343 3500 1402 Διότι
3665 1344 3750 1403 διὰ

2153 1431 2240 1492 τὸν
2275 1432 2550 1512 ἄνθρωπον
2576 1430 2710 1497 ὅλως
2754 1431 2979 1502 ὖπέστη.
3018 1430 3099 1491 Τὸ
3123 1431 3210 1504 δὲ,
3245 1454 3272 1487 α
3299 1433 3421 1511 Οὐχ
3453 1435 3643 1492 ἑκοῦσα
3665 1478 3680 1504 ,
3715 1458 3745 1489 n

2153 1525 2308 1580 τοῦτο
2329 1519 2609 1594 σημαίνει,
2640 1518 2758 1579 ἀντὶ
2782 1525 2895 1590 τοῦ,
2923 1523 3016 1592 τῆς
3045 1519 3095 1558 9³
3129 1525 3220 1578 τοῦ
3259 1524 3401 1580 Θεοῦ
3431 1520 3480 1559 9‘
3520 1523 3751 1598 κηδεμο-

2151 1611 2264 1677 νίας
2303 1610 2364 1668 τὸ
2411 1617 2517 1668 πᾶν
2567 1608 2810 1688 ἐγένετο,
2860 1608 2953 1668 καὶ
3005 1611 3101 1668 οὐκ
3151 1608 3352 1682 ἐκείνης
3400 1609 3512 1669 ἐστὶ
3562 1611 3753 1690 κατόρ-

2151 1704 2306 1776 θωμα
2340 1724 2352 1736 ·
2384 1699 2515 1778 πρὸς
2553 1698 2655 1779 γὰρ
2708 1698 2805 1770 σὴν
2837 1697 3098 1780 ὠφέλειαν
3124 1745 3140 1777 ,
3183 1697 3273 1757 ἵνα
3301 1699 3397 1772 τὴν
3432 1698 3627 1778 φθορὰν
3661 1702 3755 1758 αὖ-

441 1795 623 1853 dentia
663 1806 720 1853 et
757 1813 888 1853 cura
940 1802 1122 1852 totum
1169 1795 1277 1852 hoc
1326 1794 1640 1866 contigisse,
1702 1809 1817 1850 non
1876 1793 2034 1866 ipsius

2156 1793 2251 1862 τῆς
2297 1792 2463 1870 δρῶν,
2511 1793 2848 1870 καταφρονῆς
2881 1790 3072 1860 αὐτῆς,
3099 1787 3191 1848 καὶ
3219 1787 3349 1867 πρὸς
3395 1791 3482 1847 τὸν
3535 1789 3751 1868 οὐρανὸν

441 1894 709 1943 creaturae
754 1886 956 1942 virtute
994 1894 1049 1943 et
1094 1883 1391 1943 industria.
1427 1885 1562 1940 Tuae
1598 1883 1750 1940 enim
1790 1883 2043 1939 utilitatis

441 1977 616 2050 gratia
657 1976 714 2033 id
745 1975 957 2033 factum
987 1982 1088 2044 est,
1119 1983 1183 2032 ut;
1219 1974 1632 2046 corruptionem
1663 1973 1780 2046 ejus
1806 1973 2044 2043 intuens,

438 2066 745 2138 asperneris
785 2081 907 2122 eam
955 2065 1319 2137 animumque
1347 2063 1416 2120 ad
1445 2063 1689 2120 cmlestia
1720 2061 2039 2118 transferas.

435 2155 683 2213 Audiens
723 2155 873 2227 quod
921 2155 1016 2222 ait,
1050 2177 1074 2202 α
1127 2154 1187 2209 in
1233 2170 1352 2225 spe,
1400 2175 1422 2203 ι
1472 2153 1664 2209 itidem
1707 2168 1806 2224 per
1848 2169 2045 2224 proso-

437 2244 720 2319 popceiam
769 2244 1005 2317 intellige
1042 2243 1275 2312 dictum,
1327 2243 1627 2316 omniaque
1676 2242 1760 2299 his
1814 2242 2037 2299 similia.

432 2337 555 2408 Ipsa
604 2335 789 2406 itaque
838 2341 1089 2390 creatura
1142 2357 1169 2383 α
1217 2333 1544 2390 liberabitur
1593 2351 1669 2390 ι»
1720 2348 1832 2388 non
1858 2340 1916 2388 tu
1956 2348 2044 2389 so-

432 2425 539 2492 lus,
579 2439 769 2481 verum
823 2432 877 2480 et
919 2423 1054 2479 illud
1097 2423 1247 2496 quod
1318 2431 1373 2479 te
1439 2423 1601 2496 longe
1653 2432 1736 2480 est
1782 2422 2036 2497 inferius,

431 2522 622 2586 utpote
673 2514 1049 2570 inanimatum
1092 2522 1147 2570 et
1193 2513 1509 2570 insensibile
1546 2533 1559 2570 :
1591 2513 1754 2577 istud,
1787 2513 2040 2586 inquam,

430 2603 578 2661 bona
600 2613 785 2661 tecum
807 2602 1032 2661 habebit
1047 2604 1389 2674 communia,
1411 2619 1513 2660 nec
1531 2604 1672 2660 ultra
1701 2604 2040 2676 corruptioni

433 2694 534 2751 erit
548 2694 874 2761 obnoxium,
898 2693 996 2751 sed
1019 2701 1076 2752 te
1105 2694 1436 2751 imitabitur.
1467 2698 1546 2750 Ac
1566 2693 2038 2766 quemadmodum

428 2794 486 2844 te
508 2787 851 2859 corruptibili
881 2785 1048 2856 facto,
1087 2787 1201 2859 ipsa
1223 2787 1569 2861 corruptioni
1601 2788 1846 2859 subjecta
1881 2795 1997 2843 erat
2022 2805 2037 2843 :

427 2876 510 2934 sic
549 2885 605 2933 te
650 2874 793 2933 facto
835 2875 1258 2949 incorruptibili,
1315 2885 1370 2933 et
1423 2877 1541 2949 ipsa
1603 2876 2038 2950 incorruptibilis

426 2965 542 3022 ﬁet.
584 2966 639 3022 Si
679 2965 844 3035 igitur
885 2974 1136 3022 creatura
1189 2974 1414 3039 propter
1462 2975 1515 3022 te
1575 2982 1734 3038 passa
1790 2975 1893 3035 est,
1943 2974 2036 3022 tua

426 3056 597 3113 etiam
637 3055 888 3124 interest,
933 3055 1036 3111 Dei
1104 3071 1293 3127 causa,
1356 3054 1687 3114 afﬂictiones
1769 3055 2040 3128 patienter

2155 1884 2297 1961 ὁρᾷς.
2355 1878 2464 1940 Καὶ
2516 1878 2578 1938 τὸ
2602 1925 2619 1956 ,
2654 1906 2679 1934 α
2714 1879 2840 1939 Ἐπ’
2871 1879 3046 1938 ἐλπίδι
3082 1907 3106 1931 ιο
3150 1879 3243 1956 δὲ,
3303 1878 3542 1951 ἀκούων,
3587 1902 3754 1960 προσ-

2155 1969 2451 2038 ωποποιίας
2500 1969 2682 2049 τρόπῳ
2733 1972 2956 2044 ῥηθῆναι
3013 1968 3221 2046 νόμιζε,
3283 1967 3372 2026 καὶ
3443 1966 3624 2026 πάντα
3689 1968 3755 2026 τὰ

2155 2059 2337 2135 ὅμοια.
2375 2059 2483 2118 Καὶ
2531 2058 2664 2131 αὐτὴ
2692 2049 2781 2117 οῦν
2821 2065 2855 2131 ἡ
2901 2057 3068 2125 κτίσις
3099 2055 3609 2136 ἐλευθερωθήσεται,
3639 2058 3756 2137 οὐχὶ

2154 2148 2218 2208 σὺ
2251 2147 2405 2226 μόνος
2432 2173 2445 2186 ο
2479 2148 2618 2208 ἀλλὰ
2664 2149 2757 2207 καὶ
2807 2147 2866 2206 τὸ
2915 2145 3326 2226 καταδεέστερόν
3379 2169 3502 2220 σου,
3557 2147 3648 2205 καὶ
3694 2149 3753 2206 τὸ

2155 2237 2362 2320 ἄψυχον
2395 2237 2486 2297 καὶ
2517 2237 2837 2310 ἀναίσθητον
2864 2237 2940 2310 9⁵,
2988 2236 3080 2295 καὶ
3119 2242 3274 2296 τοῦτο
3303 2235 3617 2308 κοινωνήσει
3646 2241 3752 2295 τῶν

2154 2331 2366 2408 ἀγαθῶν
2395 2353 2408 2366 ⁸
2455 2328 2548 2388 καὶ
2597 2326 2774 2386 οὐκέτι
2823 2326 2974 2386 ἔσται
3024 2326 3262 2406 φθαρτὴ,
3294 2327 3414 2384 ἀλλ’
3459 2325 3753 2398 ἀκολουθή-

2159 2417 2312 2478 σεταί
2342 2441 2443 2478 σοι.
2493 2417 2602 2478 Καὶ
2646 2415 2847 2498 ὥσπερ,
2881 2423 2976 2477 σοῦ
3017 2421 3252 2496 φθαρτοῦ
3282 2413 3566 2494 γενομένου
3586 2461 3604 2492 ,
3635 2415 3752 2492 ἐγέ-

2149 2532 2269 2568 νετο
2298 2507 2504 2589 φθαρτή
2541 2532 2554 2545 ·
2588 2506 2791 2578 οὕτως,
2847 2507 3292 2589 ἀφθαρτισθέντος
3323 2528 3416 2565 σου
3437 2550 3455 2582 ,
3486 2505 3578 2564 καὶ
3615 2507 3752 2579 αὖτή

2151 2587 2657 2678 ἀφθαρτισθήσεται.
2715 2600 2785 2657 Εἰ
2839 2587 2929 2656 οῦν
2979 2602 3013 2669 ἡ
3065 2595 3234 2662 κτίσις
3288 2594 3452 2654 ἔπαθε
3506 2593 3595 2653 διὰ
3651 2594 3747 2668 σὲ,

2147 2687 2372 2767 ὀφείλεις
2399 2687 2490 2747 καὶ
2517 2687 2580 2746 σὺ
2614 2687 2846 2766 πάσχων
2887 2683 2973 2745 διὰ
3005 2685 3094 2744 τὸν
3128 2685 3266 2746 Θεὸν
3298 2682 3580 2761 ὑπομένειν
3610 2707 3623 2721 ο
3659 2685 3750 2743 καὶ

2148 2778 2194 2836 εἰ
2221 2776 2392 2850 ἐκείνη
2440 2776 2640 2846 ἐλπίζει
2685 2776 3034 2848 δοξασθῆναι,
3093 2777 3279 2854 πολλῷ
3339 2775 3544 2851 μᾶλλον
3598 2776 3740 2856 ὀφεί-

2146 2869 2256 2936 λεις
2288 2869 2375 2929 σύ.
2406 2863 2629 2948 σΩσπερ
2678 2865 2781 2946 γὰρ
2814 2864 2934 2935 τοὺς
2983 2866 3195 2932 δούλους
3236 2867 3264 2923 ὁ
3299 2863 3479 2943 πατὴρ
3517 2866 3747 2934 στολίζει

2146 2959 2219 3026 εἷς
2255 2956 2408 3026 δόξαν
2460 2960 2566 3016 τῶν
2617 2957 2743 3015 υἱῶν
2775 2979 2789 2993 ο
2838 2955 2974 3014 οὕτω
3019 2958 3112 3015 καὶ
3155 2957 3183 3014 ὁ
3228 2953 3368 3024 Θεὸς
3414 2952 3510 3027 τὴν
3567 2955 3743 3016 κτίσιν

2146 3049 2217 3115 εἷς
2247 3045 2400 3116 δόξαν
2429 3051 2610 3124 ἡμῶν.

427 3145 613 3204 ferre:
646 3162 712 3203 ac
743 3145 789 3202 si
821 3145 912 3202 illa
955 3145 1248 3219 gloriﬁcari
1280 3154 1488 3219 sperat,
1532 3155 1594 3202 tu
1623 3146 1802 3203 multo
1830 3146 2026 3218 magis.
2070 3145 2151 3201 Ut
2196 3146 2344 3202 enim
2393 3145 2637 3203 ﬁliorum
2675 3143 2849 3218 gloria
2897 3158 3086 3202 servos
3126 3151 3283 3216 pater
3327 3140 3538 3209 induit,
3570 3141 3644 3199 ita
3689 3153 3745 3200 et

426 3244 733 3293 creaturam
762 3245 956 3294 nostra
982 3236 1159 3310 gloria
1198 3240 1350 3294 Deus
1379 3236 1687 3294 exornabit.

497 3329 670 3384 Vens.
695 3331 788 3395 22,
808 3332 897 3385 23.
927 3350 953 3377 ι
975 3327 1196 3385 Scimus
1214 3327 1363 3384 enim
1391 3327 1542 3401 quod
1575 3326 1754 3384 omnis
1780 3336 2028 3385 creatura
2059 3331 2104 3396 C

425 3417 782 3489 congemiscit
824 3425 880 3472 et
931 3417 1096 3474 simul
1140 3418 1377 3490 parturit
1423 3433 1597 3490 usque
1649 3417 1847 3474 adhuc.
1900 3420 2024 3474 Non

421 3507 600 3563 solum
629 3515 838 3576 autem,
861 3506 956 3564 sed
982 3515 1038 3563 et
1057 3507 1158 3580 ipsi
1189 3507 1453 3582 primitias
1474 3508 1708 3580 Spiritus
1736 3507 2022 3577 habentes,

421 3605 477 3652 et
499 3612 603 3653 nos
627 3596 730 3668 ipsi
759 3596 815 3652 in
843 3596 1002 3654 nobis
1021 3597 1150 3670 ipsis
1178 3597 1471 3670 gemimus,
1507 3598 1742 3654 ﬁliorum
1773 3597 2024 3670 adoptio-

421 3703 551 3743 nem
579 3695 974 3759 exspectantes,
1007 3687 1448 3759 redemptionem
1485 3688 1733 3760 corporis
1761 3687 1956 3745 nostri.
1995 3713 2019 3738 ι»

421 3777 524 3833 His
550 3778 896 3849 argumentis
925 3777 1072 3850 cogit
1095 3777 1405 3835 auditorem
1446 3779 1738 3850 praesentia
1765 3786 2022 3835 contem-

421 3881 569 3935 nere,
596 3867 820 3940 perinde
869 3884 932 3924 ac
983 3867 1028 3924 si
1071 3867 1216 3926 dicat
1257 3871 1385 3925 :Ne
1439 3869 1513 3925 sis
1547 3877 1795 3925 creatura
1849 3867 2022 3942 pejor,

418 3971 596 4028 neque
650 3956 706 4012 in
753 3957 1122 4029 praesentibus
1197 3973 1420 4015 morose
1471 3957 1760 4015 delecteris
1809 3979 1822 4015 :
1887 3959 2023 4031 quin

420 4047 603 4118 potius
642 4046 996 4118 ingemiscas,
1024 4047 1174 4119 quod
1221 4047 1718 4120 impraesentiarum
1776 4047 2020 4105 futuram

417 4134 652 4207 gloriam
709 4151 824 4192 non
856 4145 1139 4193 assecutus
1183 4153 1261 4193 es.
1312 4139 1458 4193 Nam
1502 4139 1552 4194 si
1589 4146 1839 4195 creatura
1877 4139 2023 4211 inge-

419 4223 619 4292 miscit,
650 4232 712 4279 tu
736 4225 913 4281 multo
941 4227 1119 4299 magis
1146 4225 1298 4283 idem
1346 4228 1454 4299 61
1510 4236 1771 4300 praestare
1826 4227 2014 4285 debes.

417 4311 591 4368 Infert
622 4321 830 4385 autem,
860 4315 1008 4387 quod
1031 4323 1087 4372 et
1107 4331 1211 4372 nos
1251 4340 1276 4364 ‹ι
1314 4316 1446 4389 ipsis
1491 4318 1756 4390 primitias
1784 4317 2017 4391 Spiritus

415 4402 701 4473 habentes,
736 4427 763 4453 ι
793 4403 899 4463 hoc
926 4414 1028 4474 est,
1068 4406 1163 4478 qui
1193 4405 1376 4464 futura
1416 4409 1779 4480 gustavimus,
1810 4431 1838 4457 ‹ι
1868 4408 2015 4481 iuge-

415 4492 719 4561 miscimus,
778 4516 806 4545 ν
848 4495 1114 4566 quoniam
1169 4511 1233 4552 ea
1277 4495 1532 4553 nondum
1565 4498 1747 4570 adepti
1794 4513 2007 4554 sumus.

413 4582 494 4636 Ex
517 4581 580 4638 iis
615 4582 766 4639 enim
810 4583 1148 4656 spiritalibus
1180 4584 1344 4641 donis
1372 4602 1494 4658 quae
1519 4587 1830 4658 accepimus
1858 4590 2009 4654 (nam

2219 3354 2244 3381 α
2277 3325 2518 3404 Οἴδαμεν
2573 3325 2680 3408 γὰρ
2729 3327 2810 3385 δτι
2842 3333 2994 3385 πᾶσα
3025 3329 3060 3397 ἡ
3101 3322 3270 3390 κτίσις
3304 3321 3605 3391 συστενάζει
3647 3323 3740 3381 καὶ

2133 3415 2407 3476 συνωδίνει
2430 3415 2558 3497 ἄχρι
2587 3421 2678 3475 τοῦ
2709 3421 2822 3478 νῦν.
2853 3418 2934 3476 Οὐ
2968 3413 3125 3493 μόνον
3173 3413 3264 3492 δὲ,
3300 3413 3439 3473 ἀλλὰ
3472 3413 3564 3472 καὶ
3590 3414 3739 3473 αὐτοὶ

2129 3505 2228 3579 τὴν
2273 3505 2524 3587 ἀπαρχὴν
2556 3512 2648 3566 τοῦ
2679 3505 2996 3583 Πνεύματος
3045 3503 3282 3584 ἔχοντες,
3323 3502 3416 3562 καὶ
3447 3504 3602 3580 ἡμεῖς
3641 3506 3734 3562 αὖ-

2130 3596 2212 3656 τοὶ
2243 3598 2296 3655 ἐν
2333 3599 2538 3664 ἑαυτοῖς
2585 3598 2930 3674 στενάζομεν,
2964 3594 3226 3654 υἱοθεσίαν
3262 3594 3684 3674 ἀπεκδεχόμενοι
3713 3641 3728 3670 ,

2131 3685 2229 3759 τὴν
2257 3687 2626 3764 ἀπολύτρωσιν
2657 3695 2750 3748 τοῦ
2794 3686 3041 3764 σώματος
3093 3687 3266 3763 ἡμῶν.
3303 3712 3327 3735 υ
3379 3684 3481 3744 Διὰ
3537 3682 3735 3742 τούτων

2135 3780 2240 3836 τῶν
2298 3777 2468 3858 λόγων
2523 3776 2908 3854 συναναγκάζει
2956 3777 3044 3834 τὸν
3104 3773 3372 3853 ἀκροατὴν
3418 3777 3738 3854 περιφρονῆ-

2135 3889 2226 3926 σαι
2253 3865 2320 3926 τὰ
2349 3865 2620 3948 παρόντα,
2668 3866 2861 3927 ὡσανεὶ
2908 3863 3076 3944 λέγων
3112 3885 3125 3897 ·
3159 3863 3251 3935 Μὴ
3302 3863 3431 3943 γένῃ
3478 3869 3574 3935 τῆς
3623 3863 3735 3920 κτί-

2133 3980 2268 4024 σεως
2319 3957 2552 4036 χείρων,
2603 3957 2729 4034 μηδ’
2761 3953 3211 4033 ἐμφιλοχωρήσῃς
3261 3959 3372 4018 τοῖς
3421 3956 3685 4032 παροῦσιν
3721 3977 3733 3989 ·

2129 4046 2267 4104 ἀλλὰ
2298 4049 2503 4122 μᾶλλον
2558 4046 2648 4103 καὶ
2704 4043 2984 4120 στέναξον,
3036 4040 3116 4100 ὅτι
3173 4039 3250 4117 μὴ
3298 4039 3395 4111 τὴν
3428 4040 3729 4115 μέλλουσαν

2128 4133 2279 4203 δόξαν
2331 4135 2435 4207 ἤδη
2467 4133 2630 4213 ἔχεις.
2679 4134 2746 4192 Εἰ
2794 4131 2898 4212 γὰρ
2928 4134 2961 4202 ἡ
3006 4129 3175 4197 κτίσις
3223 4129 3490 4200 στενάζει,
3545 4131 3729 4208 πολλῷ

2127 4225 2332 4302 μᾶλλον
2375 4223 2598 4305 ὀφείλεις
2639 4221 2793 4288 αὐτὸς
2821 4226 2995 4280 τοῦτο.
3032 4217 3262 4297 Ἐπάγει
3304 4217 3397 4294 δὲ,
3431 4217 3515 4276 ὄτι
3553 4238 3584 4276 α
3615 4219 3728 4278 Καὶ

2125 4317 2277 4390 ἡμεῖς
2307 4313 2455 4374 αὐτοὶ
2484 4310 2581 4385 τὴν
2615 4309 2868 4390 ἀπαρχὴν
2915 4314 3006 4368 τοῦ
3051 4307 3362 4385 Πνεύματος
3403 4307 3650 4387 ἔχοντες,
3688 4329 3717 4362 »

2122 4403 2382 4475 τουτέστι,
2411 4407 2516 4461 τῶν
2549 4400 2850 4480 μελλόντων
2879 4401 3220 4479 γευσάμενοι,
3261 4425 3285 4451 «ι
3312 4398 3632 4471 στενάζομεν
3658 4439 3674 4468 ,
3701 4424 3723 4449 υ

2119 4492 2253 4552 διότι
2285 4492 2361 4572 μὴ
2393 4492 2498 4566 ἤδη
2531 4491 2668 4551 αὐτὰ
2716 4491 2910 4572 ἔχομεν
2949 4489 3020 4553 9⁸.
3057 4488 3149 4559 Ἐξ
3192 4481 3266 4548 ὧν
3313 4490 3416 4569 γὰρ
3461 4485 3722 4564 ἐλάϐομεν

2117 4586 2490 4660 πνευματικῶν
2518 4582 2872 4664 χαρισμάτων
2903 4582 3107 4664 (ταῦτα
3138 4579 3239 4659 γὰρ
3269 4581 3302 4649 ἡ
3335 4574 3601 4658 ἀπαρχὴ),
3631 4577 3721 4636 καὶ

413 4669 534 4728 haec
561 4681 686 4729 sunt
717 4673 1017 4746 primitiae),
1065 4674 1230 4731 etiam
1276 4673 1347 4731 de
1392 4673 1594 4733 futuris
1637 4676 2012 4749 coniecturam

2140 4671 2188 4731 τὰ
2236 4660 2970 4751 μέλλοντα-τεκμαιρόμεθα.
2992 4660 3177 4762 _E.i1a,
3196 4667 3313 4762 ,ἵνα
3363 4666 3438 4745 μὴ
3491 4668 3566 4762 δῶ
3613 4669 3720 4762 τοῖς

415 4759 667 4817 facimus.
715 4763 951 4831 Deinde,
992 4780 1062 4820 ne
1089 4763 1183 4821 det
1231 4763 1501 4822 haereticis
1539 4766 1897 4828 occasionem
1925 4766 2016 4822 di-

411 4850 592 4918 cendi,
632 4851 773 4921 Quia
811 4854 1053 4909 mtmdus
1093 4854 1196 4910 iste
1230 4855 1410 4911 malus
1458 4865 1559 4926 est,
1607 4863 1900 4928 eapropter
1941 4855 2016 4912 in-

409 4939 806 5013 gemiscimus:
844 4965 870 4993 α
907 4943 1174 5001 Filiorum
1218 4945 1578 5016 adoptionem
1609 4953 2006 5017 exspectantes,

409 5029 604 5102 inquit,
638 5031 930 5104 gemimus.
965 5055 992 5084 »
1023 5036 1107 5090 Ac
1144 5034 1454 5108 quomodo,
1485 5051 1613 5090 cum
1647 5035 1771 5107 jam
1815 5050 2008 5092 sumus

405 5118 674 5193 adoptati,
726 5121 896 5179 aliam
924 5139 1118 5180 rursus
1165 5123 1527 5196 adoptionem
1581 5124 2007 5196 praestolamur?

406 5210 527 5276 Nae,
559 5210 757 5284 inquit,
801 5212 1164 5286 adoptionem
1197 5213 1344 5282 dico,
1407 5229 1525 5269 non
1563 5229 1684 5272 eam
1734 5230 1857 5288 quas
1905 5230 2004 5287 per

407 5300 672 5372 baptisma
698 5301 936 5376 obtingit
978 5302 1145 5376 (hanc
1209 5303 1359 5361 enim
1405 5303 1522 5374 jam
1578 5313 1739 5361 antea
1791 5305 2005 5378 accepi-

406 5395 572 5458 mus),
616 5391 712 5449 sed
744 5391 1044 5464 perfectam
1075 5393 1310 5466 gloriam
1352 5392 1408 5449 in
1435 5395 1682 5467 corporis
1716 5394 2008 5452 incorruti-

473 5471 665 5528 dGen.
705 5487 808 5542 ΠΙ,
846 5479 945 5543 18;
990 5475 1138 5533 Psal.
1165 5489 1248 5545 CI,
1291 5477 1382 5530 26.

2124 4765 2406 4842 αἱρετικοῖς
2459 4762 2743 4844 ἀφορμὴν,
2798 4761 2882 4821 ὅτι
2933 4757 3020 4817 διὰ
3071 4759 3133 4818 τὸ
3179 4753 3310 4816 εἶναι
3353 4754 3580 4834 πονηρὸν
3631 4753 3720 4813 τὸν

2122 4851 2320 4930 κόσμον
2346 4897 2363 4926 ,
2402 4851 2488 4911 διὰ
2533 4859 2687 4911 τοῦτο
2734 4849 3085 4925 στενάζομεν,
3116 4847 3273 4927 φησὶν
3295 4891 3310 4920 ,
3344 4848 3423 4904 δτι
3473 4866 3504 4902 ι(
3530 4844 3720 4903 Υῖοθε-

2123 4941 2242 5001 σίαν
2274 4940 2716 5021 ἀπεκδεχόμενοι.
2751 4966 2776 4992 υ
2817 4938 2931 5001 Καὶ
2974 4940 3089 5004 πῶς
3119 4938 3165 4995 οἱ
3196 4936 3300 5008 ἤδη
3331 4931 3720 5007 υἳοθετηθέντες

2115 5031 2277 5090 πάλιν
2327 5031 2508 5112 ἑτέραν
2577 5029 2943 5110 ἐκδεχόμεθα;
2994 5026 3140 5100 Ναὶ,
3193 5025 3394 5105 φησὶν,
3451 5022 3716 5112 υίοθεσίαν

2113 5119 2284 5199 λέγω,
2333 5123 2389 5180 οὗ
2417 5110 2532 5192 -τὴν
2581 5119 2669 5177 διὰ
2722 5116 3095 5198 βαπτίσματος
3155 5114 3384 5196 (ταύτην
3439 5110 3541 5192 γὰρ
3609 5111 3713 5184 ἤδη

2111 5209 2431 5288 ἐλάϐομεν),
2475 5206 2613 5268 ἀλλὰ
2642 5206 2740 5280 τὴν
2771 5206 2977 5267 τελείαν
3013 5205 3165 5274 δόξαν
3215 5202 3311 5277 τὴν
3346 5208 3399 5265 ἐν
3447 5201 3716 5283 ἀφθαρσίᾳ

2111 5306 2203 5358 τοῦ
2258 5298 2527 5377 σώματος.
2592 5299 2768 5358 Τοῦτο
2822 5298 2925 5377 γὰρ
2985 5302 3018 5371 ἡ
3072 5293 3248 5356 τελεία
3311 5291 3708 5372 ἀπολύτρωσις,

2117 5388 2386 5473 ἐλευθερία
2427 5413 2486 5450 τε
2536 5387 2628 5449 καὶ
2679 5383 2968 5468 ἀπαλλαγὴ
2999 5385 3050 5424 9⁷
3083 5389 3175 5446 τοῦ
3211 5383 3442 5464 θανάτου
3487 5379 3714 5440 καὶτῶν

471 5629 517 5665 ⁸³
547 5630 746 5714 ἐγένετο
771 5650 825 5690 o.
901 5636 946 5670 93
989 5635 1060 5693 ἴσ.
1101 5638 1179 5692 ὅτι
1205 5646 1309 5702 τῆς.
1387 5637 1432 5675 ⁹⁴
1455 5637 1718 5711 ἀνθρώπου
1749 5550 2562 5714 ο.νεξδέιέἀὶνόιτῖίδῗῗῃξὲοέσχομεν
2604 5657 2660 5697 0.
2735 5639 2777 5674 ’7
2809 5637 2841 5706 ἣ
2873 5636 3272 5710 ἀπολύτρωσιςῆ
3303 5637 3470 5692 τελεία
3511 5636 3713 5691 ἐλευθε-

401 5713 484 5783 ρία
503 5713 586 5766 καὶ
610 5711 696 5768 ἀπ.
729 5729 783 5772 ο.
