4150 6428
471 457 577 514 449

1373 441 1722 502 EXPOSITIO
1761 439 1827 500 IN
1865 441 2072 500 EPIST.
2113 442 2206 499 AD
2245 432 2408 498 ROM.
2449 470 2522 482 --
2558 432 2710 496 CAP.
2751 439 2883 496 VIII.

3681 443 3784 499 450

467 584 683 655 παθῶν,
751 579 837 641 ὅτε
891 576 1069 640 οὐκέτι
1127 575 1396 653 μέλλομεν
1461 577 1760 655 στραφῆναι
1825 569 1932 630 ἀπὸ
1977 573 2050 642 τῆι

2188 569 2395 652 bilitate
2419 567 2838 624 consistentem.
2863 567 2986 623 Hoc
3004 563 3153 622 enim
3181 574 3265 623 est
3305 565 3546 639 perfecta
3566 566 3781 625 redem-

467 672 730 741 υἱοθεσίας
758 672 831 739 εἰς
861 667 1101 730 δουλείαν
1137 669 1232 739 τῆς
1262 663 1548 746 ἁμαρτίας.

553 970 586 1004 α
731 943 835 1026 γὰρ
871 943 1045 1003 ἐλπίδι
1078 941 1354 1018 ἐσώθημεν
1403 963 1418 978 ο
1451 937 1600 1006 ἐλπὶς
1649 937 1724 1028 δὲΔ
1755 935 2064 1028 βλεπομένη

465 1040 562 1097 οὐκ
606 1025 750 1095 ἔστιν
793 1025 964 1102 ἐλπίς.
1009 1031 1086 1095 ⁶Ο
1123 1031 1225 1112 γὰρ
1271 1029 1457 1110 βλέπει
1511 1053 1627 1101 τις,
1672 1025 1725 1086 τί
1771 1027 1862 1086 καὶ
1909 1030 2068 1086 τοῦτο

463 1126 694 1199 ἐλπίζει;
731 1127 799 1186 Εἰ
831 1123 885 1184 δὲ
919 1122 946 1183 ὃ
991 1126 1050 1184 οὗ
1097 1123 1400 1204 βλέπομεν,
1459 1119 1777 1196 ἐλπίζομεν,
1830 1119 1894 1175 δι’
1928 1119 2065 1177 ὓπο-

467 1221 631 1294 μονῆς
707 1213 1140 1294 ἀπεκδεχόμεθα.
1206 1236 1234 1271 ι)
1300 1209 1527 1282 Ἐπειδὴ
1587 1207 1711 1289 περὶ
1764 1206 2061 1286 μελλόντων

463 1294 799 1386 πραγμάτων
835 1304 983 1384 ἔλεγε
1013 1307 1120 1371 τοῖς
1163 1304 1383 1386 πολλοῖς
1419 1297 1862 1386 ἀπιστουμένων,
1895 1297 2062 1378 φησί·

465 1379 560 1469 Μὴ
584 1379 887 1474 ἀπιστήσῃς
914 1379 1010 1470 σὺ,
1047 1397 1074 1452 6
1095 1395 1307 1465 πιστὸς,
1329 1382 1406 1460 οἷς
1425 1390 1567 1470 λέγω
1591 1415 1605 1428 ·
1639 1389 1694 1459 ἐξ
1724 1379 1797 1448 ὧν
1825 1387 1928 1468 γὰρ
1956 1387 2060 1462 ἤδη

462 1485 684 1562 ἔλαϐες,
741 1483 1024 1544 πίστευσον
1083 1482 1176 1542 καὶ
1223 1482 1346 1563 περὶ
1401 1483 1506 1540 τῶν
1571 1480 1894 1558 μελλόντων.
1948 1477 2060 1537 Καὶ

459 1574 643 1656 ὥσπερ
689 1573 836 1634 οὐδὲν
883 1570 1196 1652 εἰσενεγκὼν
1227 1570 1510 1652 πρότερον,
1560 1572 1606 1629 εἰ
1638 1567 1714 1648 μὴ
1744 1567 1840 1641 τὴν
1879 1565 2058 1626 πίστιν

461 1665 629 1742 μόνην
647 1711 663 1738 ,
688 1661 898 1742 μεγάλα
937 1661 1126 1730 ἔλαϐες
1171 1662 1320 1740 παρὰ
1349 1662 1494 1722 Θεοῦ
1519 1682 1533 1697 ο
1572 1659 1711 1718 οὕτω
1740 1658 1830 1718 καὶ
1870 1662 1962 1716 νῦν

457 1755 635 1814 πίστει
673 1757 873 1834 χρῆσαι
917 1752 1044 1832 πρὸς
1072 1751 1169 1824 τὴν
1220 1750 1479 1831 περὶτῶν
1512 1748 1805 1828 μελλόντων
1842 1748 2052 1809 ἐλπίδα.

2182 659 2319 730 ptio,
2355 649 2598 725 libertas,
2626 665 2682 714 et
2699 671 2828 712 cum
2857 671 2886 712 a
2915 663 3120 724 morte,
3143 663 3263 712 tum
3287 655 3357 711 ab
3393 656 3782 715 affectionibus

2181 749 2452 816 liberatio,
2481 764 2612 804 cum
2647 763 2677 803 a
2711 754 2858 804 statu
2889 745 3207 819 adoptionis
3236 745 3292 802 in
3319 747 3523 819 peccati
3543 749 3780 805 servitu-

2175 848 2290 896 tem
2319 854 2436 895 non
2463 838 2699 910 amplius
2743 837 3018 894 reversuri
3056 836 3346 894 fuerimus.

2249 932 2428 986 Vnus.
2462 932 2648 998 24,25.
2685 950 2712 977 α
2741 929 2847 1000 Spe
2870 943 3114 1000 namque
3138 927 3335 984 servati
3379 942 3594 985 sumus.
3633 929 3770 1001 Spes

2176 1027 2363 1075 autem
2389 1034 2516 1092 qua:
2545 1018 2780 1088 videtur,
2814 1033 2928 1074 non
2967 1026 3051 1074 est
3079 1033 3218 1091 spes.
3257 1021 3399 1074 Nam
3447 1017 3596 1090 quod
3630 1017 3779 1075 videt

2174 1110 2315 1183 quis,
2347 1109 2476 1182 quid
2502 1109 2685 1166 adhuc
2711 1116 2900 1182 sperat
2925 1112 2949 1166 ?
2977 1108 3032 1165 Si
3074 1116 3264 1165 autem
3289 1107 3441 1181 quod
3481 1124 3596 1165 non
3624 1107 3776 1165 vide-

2176 1216 2320 1264 mus,
2337 1215 2650 1272 speramus,
2676 1214 2776 1270 per
2796 1197 3123 1271 patientiam
3160 1206 3563 1270 exspectamus.
3592 1219 3615 1249 ι
3640 1198 3779 1269 Quia

2173 1290 2242 1347 de
2271 1289 2439 1349 rebus
2485 1289 2692 1347 futuris
2715 1305 2746 1345 a
2775 1289 3051 1362 plerisque
3079 1289 3133 1345 in
3157 1288 3391 1346 dubium
3422 1289 3629 1346 vocatis
3662 1304 3777 1346 ser-

2173 1399 2400 1441 monem
2424 1383 2682 1453 habebat,
2713 1383 2833 1440 Noli
2852 1381 3129 1453 difﬁdere,
3160 1383 3357 1456 inquit,
3387 1391 3450 1440 tu
3476 1383 3569 1456 qui
3600 1382 3778 1440 ﬁdelis

2169 1493 2251 1549 es,
2284 1477 2408 1535 istis
2454 1494 2578 1552 quae
2625 1478 2751 1534 dico
2810 1497 2824 1534 :
2887 1494 2954 1534 ex
3010 1478 3081 1534 iis
3131 1477 3279 1534 enim
3302 1477 3564 1550 quaaiam
3617 1485 3777 1534 antea

2168 1568 2445 1640 recepisti,
2477 1568 2546 1625 de
2577 1566 2780 1624 futuris
2832 1567 3004 1624 etiam
3035 1565 3219 1624 crede.
3271 1569 3354 1623 Ac
3399 1567 3564 1624 sicuti
3616 1575 3778 1624 antea

2167 1657 2302 1714 nihil
2352 1658 2515 1731 plane
2543 1656 2786 1714 efferens
2816 1665 3016 1731 praeter
3044 1657 3222 1714 solam
3259 1657 3447 1726 ﬁdem,
3475 1657 3719 1730 ingentia
3746 1673 3777 1714 a

2166 1750 2290 1804 Deo
2336 1747 2485 1804 bona
2517 1747 2772 1820 accepisti
2819 1767 2836 1803 :
2877 1747 2955 1804 sic
2992 1755 3048 1804 et
3096 1763 3248 1804 nunc
3294 1745 3406 1803 ﬁde
3450 1755 3606 1804 utere
3647 1763 3776 1821 erga

459 1843 530 1904 Ἣ
561 1842 664 1924 γὰρ
714 1841 862 1910 ἐλπὶς
908 1843 1028 1900 τότε
1080 1841 1267 1924 τωόντι
1321 1839 1461 1900 ἐστὶν
1517 1839 1696 1912 ἐλπὶς,
1752 1837 1878 1897 ὅταν
1935 1837 2050 1916 περῖ

2171 1836 2484 1895 futurorum
2516 1838 2790 1894 bonorum
2829 1852 3007 1909 spem.
3048 1839 3190 1892 Nam
3233 1851 3359 1908 spes
3395 1843 3518 1893 tum
3545 1836 3774 1894 demum

458 1937 564 1993 τῶν
743 1932 1084 2012 βλεπομένων
1207 1957 1232 1985 α
1275 1927 1354 1991 ⁸0
1388 1929 1490 2010 γὰρ
1523 1929 1710 2009 βλέπει
1736 1954 1841 2004 τις,
1883 1926 1935 1985 τί
1969 1927 2058 1986 καὶ

461 2023 686 2096 ἐλπίζεις
719 2051 744 2075 ιι
793 2020 890 2092 Μὴ
921 2023 1094 2083 τοίνυν
1131 2019 1308 2080 πάντα
1339 2021 1566 2079 ἐνταῦθα
1599 2022 1866 2098 ζητῶμεν.
1912 2047 1935 2073 ει
1969 2017 2062 2078 Δι’

457 2116 724 2191 ὑπομονῆς
748 2140 770 2163 ιι
797 2112 902 2193 γὰρ
937 2140 960 2166 α
985 2109 1389 2191 ἀπεκδεχόμεθα
1414 2109 1481 2168 τὰ
1513 2109 1798 2187 μέλλοντα.
1836 2136 1860 2162 ιι
1891 2108 2056 2170 Ὑπο⁹

460 2200 624 2280 μονὴν
656 2201 711 2263 δὲ
746 2199 870 2260 ὅταν
906 2200 1169 2282 ἀκούσῃς,
1207 2203 1418 2278 ἀγῶνας
1451 2203 1541 2258 καὶ
1569 2201 1796 2280 ἱδρῶτας
1826 2199 1931 2258 νόει
1963 2201 2054 2270 δη-

457 2289 760 2370 λουμένους.
815 2289 1135 2370 ⁶Υπομένειν
1205 2288 1310 2371 γὰρ
1370 2288 1568 2372 ὀφείλει
1616 2292 1643 2346 6
1699 2289 2056 2369 Χριστιανὸς,

457 2381 876 2462 ἀπεκδεχόμενος
925 2381 996 2442 τὰ
1041 2380 1117 2460 μὴ
1161 2379 1446 2463 ὁρώμενα,
1498 2378 1818 2459 ἐλπιζόμενα
1869 2377 1923 2438 δὲ
1971 2377 2058 2438 διὰ

453 2475 550 2544 τῆς
578 2472 834 2539 πίστεως.

539 2676 569 2715 α
595 2652 884 2722 Ὡσαύτως
923 2655 976 2714 δὲ
1011 2651 1105 2713 καὶ
1134 2651 1195 2712 τὸ
1234 2655 1460 2728 Πνεῦμα
1497 2649 2058 2729 συναντιλαμϐάνεται

449 2751 564 2812 ταῖς
611 2744 906 2811 ἀσθενείαις
955 2747 1130 2821 ἡμῶν.
1184 2764 1214 2801 »
1271 2740 1584 2819 ’Υπομονῆς
1656 2741 2056 2818 ἐμνημόνευσε·

452 2833 876 2916 παραθαῤῥύνων
907 2833 1076 2894 τοίνυν
1102 2832 1191 2892 τὸν
1224 2830 1513 2912 ἀκροατὴν,
1555 2835 1741 2912 φησὶν,
1775 2828 1856 2891 ὅτι
1898 2854 1926 2889 (ι
1949 2833 2058 2892 Καὶ

451 2926 511 2982 τὸ
572 2926 791 3002 Πνεῦμα
850 2920 1407 3000 συναντιλαμϐάνεται
1467 2949 1494 2976 ιο
1555 2921 1705 2999 ἡμῖν.
1753 2918 1933 2981 ⁰Ωστε
1979 2920 2054 3000 μὴ

454 3014 736 3094 ἀποκάμῃς
782 3015 1008 3084 ἐλπίζων
1051 3013 1144 3072 καὶ
1191 3015 1472 3089 ὑπομένων
1500 3037 1513 3050 ·
1573 3015 1754 3092 βοηθεῖ
1808 3012 1913 3093 γάρ
1971 3034 2053 3072 σοι

451 3102 510 3162 τὸ
563 3106 795 3182 Πνεῦμα
815 3149 831 3178 ,
897 3103 1062 3182 μόνην
1109 3101 1208 3176 τὴν
1265 3102 1458 3163 ἐλπίδα
1491 3100 1584 3161 καὶ
1632 3100 1729 3174 τὴν
1778 3100 2050 3181 ὑπομονὴν

453 3193 768 3276 εἰσφέροντι.

534 3311 558 3336 α
591 3283 671 3345 Τὸ
700 3283 804 3364 γὰρ
847 3284 902 3343 τί
951 3281 1368 3362 προσευξώμεθα
1410 3283 1543 3341 καθὸ
1587 3282 1706 3360 δεῖ,
1760 3283 1856 3342 οὖκ
1895 3281 2049 3342 οἴδα-

451 3395 566 3450 μεν.
597 3400 621 3426 ιι
668 3374 955 3450 Δείκνυσι,
986 3375 1098 3439 πῶς
1146 3376 1327 3452 βοηθεῖ
1356 3370 1416 3432 τὸ
1465 3373 1690 3449 Πνεῦμα
1737 3381 1853 3440 ταῖς
1899 3373 2050 3432 ἀσθε-

448 3463 604 3531 νείαις
638 3466 814 3539 ἡμῶν,
845 3462 937 3522 καί
965 3485 1122 3544 φησιν
1143 3509 1158 3540 ,
1191 3462 1273 3521 ὅτι
1301 3461 1570 3524 Τοσοῦτόν
1597 3463 1757 3540 ἐσμεν
1784 3465 2043 3537 ἀσθενεῖς,

447 3553 581 3612 ὥστε
612 3554 728 3612 οὐδὲ
764 3551 816 3611 τί
859 3553 939 3610 δεῖ
981 3550 1369 3630 προσεύξασθαι
1409 3551 1629 3628 οἴδαμεν
1657 3575 1670 3588 ο
1715 3551 1907 3618 πάντες
1940 3552 2043 3632 γὰρ

450 3641 662 3718 ἅπλῶς,
693 3643 784 3701 καὶ
807 3640 914 3719 ἐγὼ
941 3645 968 3700 6
1001 3644 1236 3708 Παῦλος.
1265 3641 1372 3702 Καὶ
1402 3641 1504 3721 γὰρ
1531 3639 1687 3708 αὐτὸς
1708 3641 2045 3722 προσηύξατο

452 3731 696 3808 περὶτοῦ
742 3732 1038 3802 σκόλοπος,
1078 3731 1170 3791 καὶ
1209 3731 1331 3811 περὶ
1359 3735 1451 3790 τοῦ
1497 3732 1568 3798 εἷς
1617 3729 1839 3805 Ῥώμην
1872 3734 2044 3792 ἀπελ-

454 3823 561 3876 θεῖν
593 3842 608 3856 ·
662 3819 751 3878 καὶ
804 3823 1040 3892 Μωῦσῆς
1090 3820 1144 3880 δὲ
1199 3819 1320 3900 περὶ
1379 3825 1468 3878 τοῦ
1528 3819 1625 3893 τὴν
1677 3822 2041 3897 Παλαιστίνην

457 3909 615 3968 ἰδεῖν·
667 3909 756 3968 καὶ
787 3909 1048 3990 Ἱερεμίας
1095 3909 1228 3990 ὓπὲρ
1283 3910 1555 3969 Ἰουδαίων
1586 3910 1639 3948 9⁸
1673 3935 1686 3948 ·
1735 3913 2042 3989 ἀγνοοῦντες

450 3999 506 4056 τὸ
546 3998 682 4062 δέον.
727 4003 778 4060 Τ
782 4005 918 4059 αῦτα
947 3999 1004 4058 δὲ
1037 3997 1181 4078 λέγει
1219 4005 1314 4058 νῦν
1341 4003 1369 4058 6
1399 4002 1645 4079 Παῦλος,
1683 4001 1864 4074 ἐπειδὴ
1906 4002 2044 4071 εἰκὸς

445 4079 508 4159 ἦν
537 4087 656 4156 τοὺς
709 4091 763 4147 ἐν
797 4088 989 4168 Ῥώμῃ
1037 4087 1282 4162 πιστοὺς,
1333 4089 1681 4166 διωκομένους
1725 4091 1817 4150 καὶ
1865 4091 2042 4153 θλιϐο-

447 4178 659 4254 μένους,
703 4179 880 4240 ἄνεσιν
929 4181 1131 4253 αἰτεῖν,
1179 4179 1270 4238 καὶ
1310 4178 1384 4258 μὴ
1432 4179 1840 4258 λαμϐάνοντας,
1875 4205 2042 4243 σκαν-

445 4269 769 4338 δαλίζεσθαι.
825 4267 1101 4329 Δείκνυσιν
1130 4259 1253 4343 οῦν,
1305 4268 1387 4328 ὅτι
1435 4271 1553 4330 Οὖκ
1593 4260 1703 4328 οἶδέ
1753 4295 1831 4338 τις
1875 4275 2040 4332 αἰτεῖν

443 4359 500 4416 τὸ
523 4360 816 4442 συμερ-έρον.
845 4358 1121 4439 Ὀφείλετε
1151 4348 1240 4417 οῦν
1271 4358 1554 4436 ὑπομένειν
1590 4382 1604 4397 '
1635 4359 1697 4418 τὸ
1730 4360 1784 4418 δὲ
1811 4363 2040 4442 Πνεῦμα

445 4446 600 4524 μόνον
625 4439 734 4508 οἶδε
754 4494 772 4523 ,
799 4447 853 4506 τί
887 4447 1146 4529 συμφέρει
1174 4449 1298 4526 ὑμῖν
1326 4472 1339 4485 ·
1371 4448 1450 4509 διὸ
1479 4448 1666 4526 ἐπάγει
1698 4471 1713 4486 ·

2167 1943 2356 1984 revera
2411 1935 2498 1984 est
2553 1943 2698 2000 spes,
2737 1942 2863 1983 cum
2895 1925 2965 1984 de
3015 1926 3083 1982 iis
3127 1941 3251 1998 quae
3300 1941 3418 1982 non
3449 1936 3774 1996 cernuntur,

2169 2015 2353 2072 fuerit.
2386 2039 2413 2066 ι
2462 2015 2626 2090 Quod
2665 2015 2816 2072 enim
2865 2015 3158 2088 quisquam
3211 2014 3382 2085 videt,
3429 2014 3564 2088 quid
3591 2014 3774 2072 adhuc

2168 2105 2400 2179 sperat?
2427 2128 2450 2156 ι
2485 2108 2566 2162 Ne
2593 2105 2685 2162 hic
2713 2105 2882 2178 igitur
2922 2105 2980 2161 in
3002 2103 3166 2161 terris
3193 2105 3383 2160 omnia
3412 2119 3760 2177 quaeramus:

2174 2217 2199 2244 ‹‹
2231 2198 2337 2252 Per
2365 2195 2689 2269 patientiam
2725 2217 2748 2242 η
2793 2195 2942 2250 enim
2985 2193 3170 2251 futura
3227 2217 3252 2243 ιι
3299 2204 3708 2267 exspectamus.
3743 2217 3771 2244 ιο

2168 2289 2496 2348 Patientiam
2531 2299 2719 2346 autem
2747 2305 2876 2346 cum
2915 2288 3211 2357 audiveris,
3257 2291 3582 2358 certamina,
3615 2288 3772 2346 labo-

2167 2399 2255 2440 res
2324 2392 2381 2440 et
2445 2383 2680 2440 sudores
2746 2383 2987 2456 intellige
3041 2381 3375 2439 denuntiari.
3425 2382 3775 2440 Christianus

2167 2477 2320 2534 enim
2345 2477 2617 2534 sustinere
2657 2475 2846 2547 debet,
2888 2485 3208 2550 exspectans
3245 2492 3308 2534 ea
3356 2491 3481 2550 quae
3521 2493 3638 2534 non
3685 2477 3772 2534 vi-

2165 2570 2391 2642 dentur,
2420 2571 2514 2628 sed
2550 2587 2613 2628 ea
2649 2586 2776 2644 quae
2801 2587 2900 2644 per
2940 2570 3110 2627 ﬁdem
3138 2579 3462 2644 sperantur.

2237 2668 2413 2723 Vnus.
2446 2672 2536 2722 26.
2591 2684 2619 2718 ι(
2642 2666 2908 2722 Similiter
2931 2673 2987 2722 et
3009 2661 3246 2738 Spiritus
3286 2665 3510 2738 adjuvat
3535 2663 3768 2720 inﬁrmi-

2166 2767 2342 2817 tatem
2366 2769 2638 2816 nostram.
2677 2783 2702 2810 υ
2738 2759 3024 2818 Patientia:
3048 2759 3322 2816 meminit.
3369 2759 3641 2817 Animans
3665 2759 3769 2816 ita-

2165 2866 2272 2924 que
2295 2850 2626 2920 auditorem,
2652 2850 2746 2918 ait,
2778 2850 2927 2922 quod
2977 2859 3036 2906 et
3080 2849 3317 2922 Spiritus
3338 2850 3500 2907 nobis
3525 2849 3770 2922 opitula-

2165 2951 2276 3000 tur.
2319 2943 2555 3000 Proinde
2604 2942 2882 3016 sperando
2913 2950 2969 3000 et
3010 2942 3358 3013 sustinendo,
3402 2959 3474 3000 ne
3519 2943 3764 3000 fatiscas.

2164 3035 2311 3090 Nam
2339 3034 2438 3090 tibi
2483 3034 2660 3091 solam
2687 3048 2843 3108 spem
2886 3041 2944 3091 et
2965 3032 3292 3108 patientiam
3312 3031 3561 3092 afferenti
3589 3033 3767 3108 Spiri-

2158 3131 2248 3182 tus
2281 3124 2600 3198 opitulatur.

2237 3320 2263 3348 α
2312 3301 2460 3356 Nam
2501 3297 2630 3372 quid
2659 3313 2885 3357 oremus
2936 3298 3076 3356 sicut
3121 3305 3364 3371 oportet,
3412 3297 3759 3355 nescimus.»

2159 3387 2420 3445 Ostendit
2471 3403 2710 3460 quanam
2738 3388 2953 3445 ratione
3006 3388 3246 3460 Spiritus
3292 3396 3578 3446 succurrat
3605 3387 3766 3444 inﬁr-

2157 3477 2444 3534 mitatibus
2476 3476 2702 3546 nostris,
2739 3478 3010 3550 inquiens,
3042 3478 3198 3535 Adeo
3222 3494 3418 3534 sumus
3465 3478 3766 3535 imbecilles

2155 3582 2279 3635 nos,
2300 3577 2363 3624 ut
2402 3568 2484 3623 vel
2515 3567 2646 3640 quid
2679 3583 2837 3623 orare
2903 3567 3224 3636 debeamus,
3271 3569 3588 3640 ignoremus
3636 3584 3652 3622 :
3710 3567 3763 3624 in

2153 3657 2472 3714 universum
2502 3673 2715 3726 omnes,
2743 3657 2990 3727 adeoque
3017 3673 3118 3730 ego
3159 3657 3379 3714 Paulus.
3411 3660 3550 3714 Nam
3591 3665 3647 3714 et
3675 3657 3764 3714 ille

2152 3762 2256 3818 pro
2301 3747 2526 3804 stimulo
2556 3746 2772 3813 orabat,
2804 3754 2969 3817 atque
3016 3754 3079 3800 ut
3119 3749 3366 3802 Romam
3388 3747 3765 3819 proﬁciscere-

2151 3843 2245 3892 tur
2275 3853 2290 3892 :
2322 3840 2538 3910 Moyses
2565 3836 2720 3907 item,
2746 3844 2807 3891 ut
2835 3837 3186 3892 Palaastinam
3217 3835 3399 3892 videat
3429 3854 3443 3891 :
3489 3837 3759 3892 Jeremias

2152 3925 2284 3982 item
2315 3942 2416 3999 pro
2443 3925 2668 3994 Judaeis;
2711 3926 3028 3998 ignorantes
3065 3924 3204 3997 quid
3251 3933 3633 3998 opportunum
3663 3941 3759 3982 seu

2148 4015 2513 4072 necessarium
2556 4023 2717 4071 esset.
2774 4017 2908 4072 Haec
2967 4031 3101 4071 vero
3163 4014 3284 4088 jam
3339 4015 3495 4072 divus
3561 4016 3762 4071 Paulus

2149 4115 2581 4176 commemorat,
2597 4105 2744 4178 quod
2755 4105 3050 4161 verisimile
3068 4113 3208 4173 erat,
3237 4104 3423 4162 ﬁdeles
3443 4105 3538 4178 qui
3561 4106 3761 4162 Rome

2151 4195 2621 4269 persecutionibus
2657 4203 2713 4251 et
2739 4195 2852 4267 62
2907 4193 3301 4252 afflictionibus
3343 4195 3760 4268 quatiebantur,

2146 4288 2509 4344 cessationem
2556 4303 2622 4344 ac
2652 4286 2898 4359 quietem
2947 4293 3171 4358 petere:
3207 4293 3264 4343 et
3291 4301 3419 4342 cum
3461 4301 3574 4342 non
3611 4301 3758 4342 asse-

2147 4386 2462 4450 querentur,
2507 4377 2852 4449 deSpondere
2907 4375 3156 4432 animum
3200 4384 3258 4432 et
3296 4375 3523 4433 offendi.
3585 4379 3754 4433 Com-

2157 4475 2440 4524 monstrat
2471 4467 2656 4540 igitur,
2680 4466 2830 4538 quod
2858 4481 3027 4523 nemo
3073 4465 3395 4522 mortalium
3425 4465 3554 4522 illud
3575 4474 3763 4539 petere

441 4545 587 4604 norit
619 4544 772 4619 quod
801 4545 1076 4619 expediat.
1127 4549 1240 4604 Vos
1287 4545 1496 4620 itaque,
1535 4547 1808 4605 sustinere
1829 4547 2043 4609 debetis
2076 4572 2091 4612 :
2125 4557 2278 4615 solus
2307 4565 2496 4615 autem
2539 4557 2778 4630 Spiritus
2815 4565 3166 4630 compertum
3205 4554 3372 4612 habet
3421 4554 3558 4628 quid
3603 4556 3760 4613 vobis

443 4635 628 4707 prosit.
656 4640 949 4708 Propterea
975 4635 1138 4693 infert
1162 4653 1175 4691 :

553 4753 579 4778 ι
630 4725 771 4786 Ἀλλ’
823 4726 955 4784 αὐτὸ
1011 4725 1070 4785 τὸ
1122 4729 1351 4804 Πνεῦμα
1406 4727 1855 4807 ὖπερεντυγχάνει
1912 4729 2044 4812 ὑπὲρ
2075 4743 2125 4806 ι)

440 4818 594 4894 ἡμῶν
638 4819 954 4895 στεναγμοῖς
1011 4816 1314 4889 ἀλαλήτοις.
1368 4838 1398 4874 ι
1435 4812 1658 4898 θΩσπερ
1710 4817 1885 4876 πολλὰ
1933 4843 2036 4899 χα-

441 4906 673 4986 ρίσματα
728 4913 836 4973 τοῖς
901 4906 1305 4986 βαπτιζομένοις
1373 4907 1543 4966 ἐδίδου
1600 4907 1768 4966 πάλαι
1813 4912 1841 4968 6
1899 4909 2039 4979 Θεὸς

437 4997 528 5054 καὶ
555 4997 817 5076 διάφορα,
868 4995 903 5054 ἃ
932 4996 997 5068 δὴ
1042 4998 1134 5056 καὶ
1177 4995 1461 5074 πνεύματα
1513 4999 1834 5074 ἐκαλοῦντο,
1883 4998 1978 5058 καὶ
2010 5002 2038 5058 6

437 5086 533 5162 μὲν
568 5077 683 5166 εἶχε
730 5087 1056 5168 προφητείας
1101 5086 1381 5166 χάρισμα,
1435 5091 1464 5146 6
1517 5086 1572 5147 δὲ
1621 5087 1844 5168 σοφίας,
1897 5091 1926 5145 6
1979 5087 2035 5148 δὲ

437 5176 568 5234 ἄλλο
595 5199 647 5233 τι
677 5199 692 5213 ο
724 5175 864 5233 οὕτω
909 5176 999 5236 καὶ
1031 5177 1278 5256 χάρισμα
1319 5177 1483 5256 εὐχῆς
1522 5179 1731 5254 ἐδίδου,
1783 5178 1874 5237 καὶ
1905 5179 2036 5238 αὐτὸ

435 5266 679 5325 ἐκαλεῖτο
725 5271 962 5343 πνεῦμα.
1003 5265 1230 5339 Ἐπειδὴ
1283 5265 1389 5349 γὰρ
1444 5266 1619 5327 πολλὰ
1668 5271 1775 5348 τῷν
1831 5291 2033 5350 συμφε-

435 5356 628 5435 ρόντων
657 5360 789 5433 ἡμῖν
840 5361 1175 5436 ἀγνοοῦντες,
1225 5356 1294 5416 τὰ
1349 5355 1426 5435 μὴ
1471 5358 1809 5440 συμφέροντα
1855 5361 2032 5419 αἰτοῦ-

434 5468 558 5522 μεν,
597 5445 798 5527 ἤρχετο
848 5447 1093 5527 χάρισμα
1133 5447 1294 5526 εὐχῆς
1331 5449 1404 5516 εἷς
1447 5446 1541 5506 ἕνα
1582 5447 1701 5508 τινὰ
1730 5450 1835 5508 τῶν
1873 5449 2028 5527 τότε,

435 5534 526 5596 καὶ
551 5535 636 5618 τὸ⁴
657 5540 808 5616 κοινῇ
851 5539 1117 5619 συμφέρον
1163 5535 1320 5606 αὐτός
1367 5561 1427 5598 τε
1471 5534 1662 5599 ἵστατο
1705 5539 1906 5619 αἰτῶν,
1938 5540 2030 5598 καὶ

2230 4760 2255 4786 α
2285 4735 2391 4794 Sed
2418 4736 2508 4792 ille
2546 4736 2664 4808 ipse
2696 4735 2935 4808 Spiritus
2979 4735 3292 4808 interpellat
3323 4751 3424 4808 pro
3453 4733 3614 4792 nobis
3664 4750 3756 4807 ge-

2148 4826 2380 4883 mitibus
2432 4825 2904 4882 inenarrabilibus.
2956 4848 2983 4875 ιι
3042 4825 3531 4899 Quemadmodum
3583 4825 3755 4880 multa

2146 4915 2294 4972 dona
2348 4931 2562 4973 necnon
2589 4916 2803 4971 diversa
2856 4916 3144 4987 baptizatis
3181 4915 3352 4973 dabat
3394 4917 3530 4972 olim
3581 4917 3755 4984 Deus,

2147 5021 2274 5080 qua
2318 5015 2374 5063 et
2433 5006 2555 5078 ipsa
2594 5005 2820 5078 spiritus
2849 5007 3290 5078 appellabantur,
3347 5015 3403 5062 et
3432 5007 3573 5062 alius
3630 5003 3744 5076 qui-

2142 5095 2274 5152 dem
2327 5095 2562 5152 habebat
2619 5096 2920 5168 prophetiaa
2967 5096 3202 5162 donum,
3255 5096 3400 5152 alius
3446 5094 3753 5166 sapientiae,

2142 5186 2284 5243 alius
2330 5185 2612 5259 quoddam
2664 5185 2817 5243 aliud
2876 5204 2890 5244 :
2939 5185 3086 5242 hunc
3132 5184 3203 5242 ad
3252 5185 3486 5241 modum
3541 5184 3755 5241 donum

2145 5276 2410 5332 orationis
2458 5275 2839 5349 impertiebat,
2895 5275 3046 5348 quod
3108 5282 3164 5332 et
3219 5275 3402 5348 ipsum
3454 5273 3758 5330 vocabatur

2143 5366 2390 5438 spiritus.
2439 5367 2580 5424 Cum
2621 5367 2771 5422 enim
2843 5367 3100 5439 pleraque
3171 5380 3366 5422 eorum
3449 5379 3574 5438 quae
3646 5379 3750 5422 no-

2142 5457 2232 5514 bis
2278 5457 2494 5530 prosint
2558 5456 2901 5528 ignorantes,
2959 5455 3172 5513 inutilia
3215 5463 3552 5530 peteremus,
3603 5470 3756 5512 acce-

2141 5546 2306 5605 debat
2329 5545 2604 5606 orationis
2631 5546 2911 5605 charisma
2935 5546 3031 5605 uni
3059 5545 3278 5605 cuidam
3310 5561 3507 5604 eorum
3525 5545 3754 5619 quitum

1836 5656 2378 5741 Variae_lectiones.

503 5770 547 5808 θ’
574 5769 693 5850 δπὶρ
724 5769 968 5838 Ἰουδαίας
986 5789 1065 5834 m.
