4150 6456
419 442 515 499 451

1479 431 1999 490 THEOPHYLACTI
2037 431 2396 491 BULGARLE
2431 432 2748 491 ARCHIEP.

3624 441 3730 498 452

414 567 694 634 vixerunt,
744 572 798 621 et
823 561 975 637 quod
1010 558 1384 618 communiter
1411 559 1668 615 omnibus
1695 557 2014 616 conferebat

2131 557 2243 626 τοὺς
2273 559 2460 628 ἄλλους
2489 561 2760 620 ἐδίδασκεν
2796 564 2982 621 αἰτεῖν.
3031 563 3260 639 Πνεῦμα
3295 561 3470 622 τοίνυν
3502 565 3730 626 ἐνταῦθα

417 658 533 728 ipse
555 663 712 712 stans
761 651 1108 726 precabatur,
1138 650 1383 722 aliosque
1425 648 1478 706 id
1528 657 1709 722 petere
1751 647 2008 706 docebat.

416 745 684 817 Spiritum
729 744 897 817 igitur
948 743 1034 798 hic
1079 748 1240 797 vocat
1289 739 1603 812 hujusmodi
1651 739 1882 806 donum,
1961 747 2018 795 et

420 836 664 893 animam
695 834 1052 907 recipientem
1113 830 1439 904 precationis
1461 829 1694 900 donum,
1732 845 1795 885 ac
1845 830 2017 885 inter-

420 926 720 1000 pellantem
759 923 905 997 apud
951 927 1139 980 Deum
1207 920 1800 992 ingemiscentemque.
1873 921 2015 976 Nam

422 1032 626 1089 magna
681 1031 814 1072 cum
865 1012 1294 1085 compunctione
1351 1011 1533 1068 stabat
1587 1008 1887 1083 spiritualis
1930 1009 2018 1066 ille

420 1106 614 1173 homo,
645 1114 701 1162 et
755 1104 948 1160 multis
974 1101 1269 1176 gemitibus
1301 1121 1314 1158 :
1361 1101 1518 1173 cujus
1546 1099 1817 1174 hodieque
1863 1114 2016 1174 sym-

420 1196 614 1253 bolum
662 1202 749 1251 est
785 1192 1078 1263 diaconus,
1107 1200 1280 1262 stans,
1311 1190 1697 1264 intentansque
1737 1188 2018 1263 supplica-

419 1286 594 1343 tiones
618 1300 719 1356 pro
762 1283 965 1357 populo
990 1280 1305 1339 effundens.

498 1375 677 1432 Vsns.
729 1379 823 1430 27.
859 1396 885 1424 ιι
944 1373 1054 1446 Qui
1109 1380 1296 1429 autem
1345 1378 1626 1428 scrutatur
1661 1368 1850 1440 corda,
1913 1369 2019 1426 scit

422 1464 557 1540 quid
597 1463 872 1522 desideret
906 1463 1165 1535 Spiritus,
1195 1461 1289 1535 qui
1341 1461 1652 1518 secundum
1683 1462 1867 1516 Deum
1910 1474 2015 1530 po-

422 1557 590 1612 stulat
617 1570 716 1629 pro
741 1553 963 1610 sanctis.
997 1577 1023 1604 »
1057 1555 1183 1609 Non
1213 1551 1380 1608 veluti
1401 1551 1689 1624 ignorante
1711 1554 1827 1606 Deo
1867 1557 2020 1606 stans

423 1653 678 1719 precatur
709 1645 878 1701 homo
909 1643 1013 1700 ille.
1040 1641 1144 1716 Qui
1173 1643 1320 1699 enim
1336 1649 1619 1698 scrutatur
1651 1640 1840 1709 corda,
1866 1639 2018 1696 novit

421 1735 542 1808 quis
566 1735 634 1791 sit
657 1750 849 1791 sensus
892 1734 1140 1806 Spiritus,
1190 1733 1248 1790 id
1293 1741 1377 1790 est
1415 1731 1712 1805 spiritualis
1759 1729 2015 1787 hominis.

423 1829 566 1882 Nam
590 1839 713 1897 quae
742 1827 860 1880 Deo
911 1832 1065 1897 grata
1115 1831 1270 1894 sunt,
1325 1838 1387 1880 ea
1421 1822 1661 1895 postulat
1685 1836 1784 1895 pro
1814 1819 1877 1877 iis
1923 1819 2017 1892 qui

429 1923 561 1971 sunt
610 1915 665 1970 in
704 1915 953 1970 Ecclesia
1011 1913 1203 1970 ﬁdeles
1255 1935 1270 1970 :
1328 1912 1391 1969 hi
1435 1913 1607 1981 enim,
1667 1933 1694 1960 α
1741 1909 1940 1977 sancti,
1992 1931 2017 1959 ο

423 2009 608 2078 Atque
628 2003 736 2061 hoc
763 2003 856 2074 ﬁt,
884 2012 947 2061 ut
983 2019 1086 2059 nos
1135 2003 1419 2060 discamus
1467 2011 1652 2075 petere
1701 1999 2014 2058 secundum

424 2099 605 2152 Deum
635 2138 653 2164 ,
686 2095 798 2150 sive
817 2109 943 2166 quae
960 2096 1080 2150 Deo
1113 2093 1384 2166 placeant.
1409 2093 1551 2163 Quia
1580 2091 1752 2164 igitur
1781 2089 2019 2160 Spiritus

421 2184 710 2242 intercedit
738 2199 837 2256 pro
865 2182 1048 2252 nobis,
1099 2197 1168 2238 ne
1196 2182 1540 2253 despondeas
1589 2181 1843 2238 animum
1867 2177 2018 2252 quis-

425 2275 551 2348 quis
587 2289 648 2330 es
677 2273 774 2346 qui
818 2271 1118 2330 afﬂictione
1152 2272 1439 2345 premeris.

495 2366 676 2421 Vsus.
706 2368 796 2418 28.
823 2385 848 2412 α
867 2363 1083 2420 Scimus
1097 2371 1286 2419 autem
1299 2363 1449 2436 quod
1466 2360 1816 2435 diligentibus
1834 2363 2020 2416 Deum

423 2455 609 2512 omnia
639 2461 1004 2527 cooperantur
1055 2453 1113 2510 in
1161 2453 1396 2524 bonum,
1446 2453 1513 2509 iis
1566 2453 1660 2524 qui
1710 2447 2018 2507 secundum

424 2544 766 2617 propositum
790 2543 964 2600 vocati
998 2551 1148 2600 sunt.
1204 2566 1228 2591 ι
1259 2543 1396 2613 Quae
1425 2542 1544 2616 jam
1591 2549 1751 2598 antea
1777 2552 2021 2596 comme-

421 2643 635 2691 morata
687 2641 840 2702 sunt,
881 2649 1101 2706 nempe,
1131 2622 1298 2704 quod
1339 2641 1589 2689 creatura
1643 2631 1889 2703 subjecta
1935 2634 2023 2684 est

423 2724 688 2782 vanitati:
745 2723 1003 2796 quodque
1052 2722 1629 2795 incorruptibilitatem
1697 2722 1768 2778 sit
1807 2733 2018 2776 assum-

425 2822 582 2885 ptura
631 2833 644 2870 :
681 2821 735 2868 et
779 2813 1002 2868 iterum.
1029 2812 1172 2882 Quid
1210 2827 1370 2868 orare
1419 2812 1748 2879 debeamus,
1795 2809 2020 2881 ignora-

427 2917 551 2959 mus
579 2923 591 2958 :
625 2902 1034 2958 admonitiones
1057 2910 1214 2958 erant
1234 2901 1299 2957 iis
1341 2901 1432 2974 qui
1460 2903 1662 2958 Romae
1694 2897 2022 2970 afﬁigeban-

423 3000 532 3060 tur,
593 2991 752 3047 sicuti
791 2991 1197 3048 annotavimus.
1257 2991 1394 3060 Quae
1450 3007 1579 3046 vero
1628 3005 1773 3046 nunc
1809 2985 2020 3053 subdit,

431 3082 686 3138 omnium
737 3089 867 3138 sunt
907 3079 1386 3137 manifestissima.
1431 3083 1574 3136 Nam
1615 3102 1641 3129 α
1673 3075 2024 3151 diligentibus

426 3173 630 3241 Deum,
662 3171 872 3241 omnia,
932 3193 958 3220 ν
1015 3169 1364 3243 quantumvis
1409 3170 1580 3227 ardua
1635 3170 1925 3226 videantur
1971 3176 2026 3229 et

2125 651 2278 708 καλεῖ
2306 651 2366 711 τὸ
2412 651 2686 732 χάρισμα,
2719 653 2811 712 καὶ
2856 651 2952 724 τὴν
2981 652 3157 733 ψυχὴν
3198 651 3294 727 τὴν
3339 653 3636 736 δεχομένην
3669 655 3732 716 τὸ

2124 739 2365 822 χάρισμα
2389 746 2483 813 ἧς
2512 744 2674 821 εὐχῆς
2696 789 2713 818 ,
2753 742 2847 802 καὶ
2885 742 3318 824 ἐντυγχάνουσαν
3360 748 3437 824 τῷ
3479 745 3606 823 Θεῷ
3636 747 3730 806 καὶ

2124 830 2498 900 στενάζουσαν.
2550 831 2703 890 Μετὰ
2749 832 2853 911 γὰρ
2907 834 3111 904 πολλῆς
3158 833 3492 902 κατανύξεως
3536 834 3728 896 ἵστατο

2123 925 2150 980 6
2199 919 2551 1002 πνευματικὸς
2587 921 2860 1002 ἄνθρωπος
2908 923 3144 995 ἐκεῖνος,
3201 922 3295 982 καὶ
3345 927 3560 986 πολλῶν
3598 949 3724 986 στε-

2123 1015 2340 1090 ναγμῶν
2377 1034 2391 1048 ·
2441 1001 2500 1070 οὗ
2549 1009 2640 1069 καὶ
2693 1015 2782 1070 νῦν
2837 1010 3108 1090 σύμϐολόν
3172 1014 3313 1074 ἐστιν
3366 1017 3396 1073 6
3459 1013 3729 1090 διάκονος,

2119 1102 2401 1178 ἱστάμενος
2425 1145 2442 1180 ,
2471 1099 2565 1160 καὶ
2597 1099 2690 1168 τὰς
2731 1103 2955 1171 ἐκτενεῖς
2998 1101 3208 1175 δεήσεις
3237 1102 3555 1184 ποιούμενος
3592 1105 3724 1186 ὑπὲρ

2125 1195 2217 1251 τοῦ
2247 1193 2399 1254 λαοῦ.

2209 1399 2241 1432 ι
2284 1373 2353 1433 Ὁ
2385 1371 2439 1433 δὲ
2469 1374 2692 1456 ἐρευνῶν
2725 1372 2820 1442 τὰς
2866 1372 3088 1454 καρδίας
3112 1420 3130 1450 ,
3157 1363 3262 1434 οἶδε
3293 1375 3342 1433 τί
3375 1374 3433 1434 τὸ
3465 1375 3712 1459 φρόνημα

2124 1469 2214 1526 τοῦ
2246 1463 2612 1542 ξΠνεύματος,
2675 1463 2756 1523 ὅτι
2826 1463 2966 1523 κατὰ
3034 1463 3172 1524 Θεὸν
3223 1466 3529 1546 ἐντυγχάνει
3585 1467 3719 1548 ὑπὲρ

2121 1555 2306 1634 ἁγίων.
2339 1581 2363 1607 ι
2385 1557 2510 1634 Οὐχ
2539 1557 2608 1622 ὥς
2640 1557 2964 1634 ἀγνοοῦντος,
2999 1554 3154 1634 φησὶ,
3186 1559 3276 1614 τοῦ
3303 1556 3443 1614 Θεοῦ
3463 1601 3479 1629 ,
3504 1554 3723 1615 ἵσταται

2123 1646 2464 1727 ὁῌᾶνθρωπος
2507 1647 2688 1704 αἰτῶν.
2733 1667 2762 1704 (ι
2806 1644 2877 1705 ⁸0
2932 1643 3036 1725 γὰρ
3085 1647 3310 1726 ἐρευνῶν
3361 1645 3456 1713 τὰς
3504 1646 3723 1727 καρδίας

2127 1725 2234 1796 οἶδε
2261 1733 2312 1794 τί
2357 1734 2417 1794 τὸ
2447 1733 2694 1816 φρόνημα
2725 1740 2815 1794 τοῦ
2856 1733 3172 1812 Πνεύματος
3196 1782 3211 1809 ,
3241 1756 3272 1793 ι)
3321 1725 3599 1812 τουτέστι,
3631 1740 3723 1794 τοῦ

2128 1829 2487 1903 πνευματικοῦ
2538 1824 2814 1905 ἀνθρώπου
2846 1848 2859 1862 ·
2890 1823 2972 1883 ὅτι
3016 1824 3084 1883 τὰ
3130 1825 3387 1884 δοκοῦντα
3441 1828 3516 1904 τῷ
3563 1825 3726 1905 Θεῷ,

2131 1922 2304 1978 ἐκεῖνα
2354 1917 2490 1974 αἰτεῖ
2532 1914 2666 1995 ὑπὲρ
2695 1917 2800 1974 τῶν
2832 1917 2886 1975 ἐν
2924 1917 2992 1994 τῇ
3034 1913 3342 1996 Ἐκκλησία
3391 1914 3441 1951 9°
3483 1919 3686 1976 πιστῶν
3712 1939 3726 1954 ο

2127 1998 2269 2067 οὗτοι
2299 2006 2400 2086 γὰρ
2451 2031 2477 2057 α
2511 2006 2558 2064 οἱ
2594 2002 2760 2083 ἅγιοι.
2793 2025 2823 2062 ι)
2865 2003 3082 2065 Γίνεται
3129 2003 3184 2063 δὲ
3232 2009 3388 2064 τοῦτο
3413 2053 3424 2074 ,
3457 2002 3545 2062 ἵνα
3574 2009 3729 2083 ἡμεῖς

2127 2096 2477 2174 μανθάνωμεν
2507 2097 2672 2177 αἰτεῖν
2696 2093 2834 2153 κατὰ
2854 2094 2994 2154 Θεὸν
3011 2141 3031 2171 ,
3054 2093 3215 2174 ἤγουν
3243 2093 3310 2152 τὰ
3337 2093 3631 2174 ἀρέσκοντα
3651 2097 3729 2177 τῷ

2127 2189 2274 2267 Θεῷ,
2313 2183 2472 2246 Ἐπεὶ
2524 2174 2612 2242 οῦν
2656 2183 2718 2243 τὸ
2769 2186 2993 2263 Πνεῦμα
3023 2182 3158 2266 ὑπὲρ
3187 2187 3343 2262 ἡμῶν
3373 2174 3726 2266 ἐντυγχάνει,

2129 2276 2204 2355 μὴ
2246 2278 2445 2350 λυποῦ,
2480 2279 2507 2334 6
2539 2273 2866 2352 θλιϐόμενος.

2217 2365 2522 2443 «Οἴδαμεν
2566 2365 2621 2424 δὲ
2651 2365 2732 2423 ὅτι
2781 2373 2890 2434 τοῖς
2930 2367 3177 2446 ἀγαπῶσι
3222 2363 3316 2424 τὸν
3348 2364 3487 2425 Θεὸν
3542 2365 3721 2427 πάντα

2129 2464 2368 2538 συνεργεῖ
2415 2458 2486 2523 εἰς
2521 2455 2536 2492 ¹
2588 2454 2647 2514 τὸ
2689 2456 2917 2534 ἀγαθὸν,
2960 2464 3067 2524 τοῖς
3119 2453 3258 2514 κατὰ
3307 2454 3554 2536 πρόθεσιν
3591 2459 3725 2530 κλη-

2126 2547 2234 2614 τοῖς
2263 2539 2429 2607 οὖσιν.
2467 2566 2494 2601 ι
2531 2542 2643 2606 Καὶ
2672 2542 2741 2603 τὰ
2770 2544 3026 2627 πρότερον
3051 2544 3152 2624 μὲν
3179 2544 3463 2627 εἰρημένα,
3491 2543 3572 2604 ὅτι
3607 2575 3629 2599 ι
3655 2545 3728 2606 Ἦ

2127 2635 2297 2704 κτίσις
2327 2634 2562 2713 ὑπετάγη
2692 2635 3010 2710 ματαιότητι
3039 2659 3051 2672 ·
3085 2663 3110 2688 ιο
3162 2634 3286 2709 καὶ,
3339 2632 3421 2694 ὅτι
3471 2638 3732 2718 ἀφθαρτι-

2131 2726 2385 2798 σθήσεται
2411 2749 2425 2764 ο
2455 2725 2547 2784 καὶ
2575 2715 2720 2792 αὖθις
2750 2723 2809 2782 τὸ
2829 2771 2845 2802 ,
2875 2748 2905 2781 α
2933 2723 3007 2785 Τί
3029 2723 3428 2805 προσευξόμεθα
3459 2727 3556 2786 οὐκ
3590 2725 3733 2787 οἴδα·

2134 2839 2228 2897 μεν
2246 2863 2263 2890 ,
2286 2837 2317 2874 ι)
2361 2814 2698 2896 παραινέσεις
2723 2814 2861 2882 τινὲς
2886 2805 3024 2886 ἦσαν
3049 2823 3156 2884 τοῖς
3193 2816 3246 2874 ἐν
3289 2814 3482 2895 Ῥώμῃ
3527 2840 3731 2876 κακου-

2131 2905 2407 2988 χουμένοις
2435 2907 2507 2974 ὣς
2550 2903 3110 2985 παρεσημειωσάμεθα
3143 2928 3157 2943 ο
3194 2903 3262 2964 τὰ
3309 2902 3366 2962 δὲ
3404 2910 3493 2965 νῦν
3516 2951 3532 2980 ,
3564 2929 3730 2988 φανε-

2135 2997 2348 3077 ρώτατα
2379 2994 2425 3058 ².
2464 3018 2492 3054 α
2523 2997 2649 3062 Τοῖς
2685 2997 2788 3077 γὰρ
2820 2996 3068 3074 ἀγαπῶσι
3108 2995 3196 3055 τὸν
3241 2993 3382 3057 Θεὸν
3441 2993 3620 3056 πάντα
3643 3042 3660 3071 ,
3695 3019 3724 3054 ι

2133 3087 2226 3147 καὶ
2274 3085 2340 3145 τὰ
2391 3085 2648 3146 δοκοῦντα
2699 3087 2931 3166 δυσχερῆ
2969 3084 3062 3143 καὶ
3114 3083 3364 3164 θλιϐερὰ,
3410 3106 3441 3143 α
3488 3095 3732 3166 συνεργεῖ

2134 3178 2207 3244 εἰς
2255 3176 2316 3236 τὸ
2344 3174 2556 3255 ἀγαθόν.
2596 3197 2624 3232 ο
2671 3163 2957 3236 Οὐκ-εἰπε
2997 3173 3084 3249 δὲ,
3117 3173 3197 3234 ὅτι
3251 3163 3394 3234 οὐδὲν
3445 3163 3732 3256 ἐπέρχεται

428 3277 646 3333 aspera,
679 3283 704 3310 α
730 3262 784 3316 in
812 3261 1025 3317 bonum
1054 3270 1441 3334 c00perantur.
1477 3284 1502 3311 ν
1535 3263 1661 3318 Non
1680 3261 1818 3318 dixit
1839 3271 2021 3320 autem

2134 3266 2297 3326 δεινὸν
2328 3269 2434 3331 τοῖς
2466 3267 2716 3340 ἀγαπῶσι
2762 3264 2852 3323 τὸν
2892 3263 3067 3339 Θεὸν,
3119 3264 3235 3324 ἀλλ’
3263 3262 3342 3324 ὅτι
3379 3264 3550 3324 ἔπεισι
3589 3265 3686 3342 μὲν
3710 3311 3727 3341 ,

427 3355 575 3428 quod
607 3353 738 3410 nihil
765 3355 940 3425 triste,
966 3355 1173 3411 nihilve
1215 3355 1435 3412 difﬁcile
1477 3355 1703 3412 invadat
1743 3356 2027 3429 diligentes

430 3453 638 3518 Deum,
698 3449 817 3517 sed,
854 3449 1003 3522 quod
1052 3449 1315 3507 invadant
1356 3450 1605 3524 quidem,
1653 3467 1850 3509 verum
1908 3453 2027 3511 istis

429 3543 590 3600 malis
635 3551 691 3600 et
733 3543 1120 3601 afﬂictionibus
1149 3548 1300 3601 Deus
1322 3545 1380 3601 in
1406 3545 1772 3604 commodum
1797 3545 2028 3605 afﬂicto-

432 3654 562 3695 rum
603 3637 788 3696 utitur.
816 3638 1056 3709 Deinde,
1092 3638 1215 3712 quia
1246 3639 1354 3696 hoc
1381 3640 1702 3697 incredibile
1722 3640 2028 3712 videbatur,

427 3745 457 3784 a
514 3728 804 3800 prazteritis
872 3728 979 3784 hoc
1019 3729 1250 3797 stabilit,
1307 3729 1558 3802 inquiens

425 3817 665 3875 cundum
696 3818 1046 3892 propositum
1089 3819 1268 3876 vocati
1316 3829 1470 3877 sunt.
1509 3841 1531 3871 ι
1566 3821 1785 3877 Etenim
1812 3823 2028 3879 vocavit

426 3917 501 3978 te,
525 3908 726 3982 inquit,
744 3925 873 3965 cum
900 3911 1064 3982 longe
1089 3908 1331 3979 abesses,
1345 3910 1556 3982 sibique
1575 3919 1630 3968 te
1655 3911 2026 3985 propinquum

428 3995 576 4067 fecit,
605 4006 662 4053 et
690 4013 804 4053 non
833 3999 1010 4054 multo
1058 3998 1232 4070 magis
1274 3999 1387 4071 63
1429 4008 1619 4056 vocato
1660 4017 1824 4073 opem
1849 4000 2027 4059 feret?

425 4088 670 4143 Vocatus
702 4095 783 4143 est
804 4096 990 4143 autem
1020 4087 1190 4144 homo
1213 4110 1236 4138 α
1266 4089 1571 4146 secundum
1600 4091 1962 4164 propositum,
1995 4116 2020 4141 ιν

428 4175 536 4232 hoc
563 4183 647 4232 est
671 4175 982 4232 secundum
1019 4177 1299 4249 propriam
1336 4179 1698 4236 voluntatem.
1723 4183 1848 4238 Non
1878 4181 2024 4238 enim

1610 3749 1627 3786 :
1661 3753 1686 3779 α
1719 3731 1795 3788 Iis
1825 3731 1923 3804 qui
1950 3748 2032 3789 se-

2137 3355 2275 3416 ἀλλὰ
2315 3355 2446 3436 πρὸς
2483 3353 2544 3414 τὸ
2575 3353 2842 3436 συμφέρον
2893 3357 2998 3437 τῶν
3041 3353 3490 3435 κακουχουμένων
3527 3353 3731 3437 κέχρη-

2135 3471 2220 3506 ται
2252 3447 2280 3505 6
2311 3435 2446 3512 Θεὸς
2477 3447 2584 3512 τοῖς
2621 3435 2827 3513 δεινοῖς.
2867 3435 3002 3506 Εἶτα
3023 3493 3038 3520 ,
3070 3445 3252 3518 ἐπειδὴ
3298 3446 3520 3504 ἄπιστον
3568 3435 3734 3506 ἐδόκει

2136 3542 2323 3615 τοῦτο,
2355 3534 2461 3594 ἀπὸ
2489 3537 2594 3594 τῶν
2639 3535 3008 3617 παρελθόντων
3052 3533 3265 3616 βεϐαιοῖ
3300 3535 3430 3594 αὐτὸ
3453 3579 3471 3610 ,
3522 3534 3692 3614 λέγων
3721 3559 3734 3572 ·

2140 3651 2171 3684 α
2203 3630 2330 3692 Τοῖς
2379 3625 2518 3686 κατὰ
2565 3623 2812 3704 πρόθεσιν
2857 3628 3092 3699 κλητοῖς.
3125 3652 3149 3679 ι
3204 3624 3312 3686 Καὶ
3360 3623 3466 3707 γὰρ
3515 3625 3737 3686 ἐκάλεσέ

2137 3739 2229 3791 σε,
2281 3715 2443 3798 φησὶ,
2495 3713 2708 3795 μακρὰν
2754 3715 2922 3791 ὄντα,
2973 3715 3066 3774 καὶ
3115 3713 3304 3775 οἰκεῖόν
3357 3737 3415 3775 σε
3469 3713 3687 3789 ἐποίησε
3720 3738 3734 3752 ο

2135 3806 2227 3867 καὶ
2257 3806 2408 3888 πόσῳ
2432 3806 2634 3883 μᾶλλον
2665 3804 2949 3879 κληθέντος
2978 3805 3074 3864 οὐκ
3100 3804 3450 3886 ἀντιλήψεται
3476 3824 3492 3880 ;
3521 3805 3736 3878 Κλητὸς

2136 3897 2190 3957 δὲ
2224 3895 2426 3976 γίνεται
2471 3894 2741 3975 ἄνθρωπος
2787 3893 2929 3954 κατὰ
2971 3892 3251 3974 πρόθεσιν,
3301 3894 3580 3972 τουτέστι,
3613 3893 3735 3956 κατ’

2137 3986 2335 4050 οἰκείαν
2380 3983 2709 4065 προαίρεσιν.
2761 3985 2879 4044 Οὖκ
2921 3984 3072 4064 ἀρκεῖ
3098 3982 3201 4063 γὰρ
3247 3986 3281 4054 ἡ
3332 3984 3522 4054 κλῆσις
3576 3984 3734 4061 (ἐπεὶ

2135 4075 2327 4143 πάντες
2358 4073 2421 4134 ἂν
2455 4072 2731 4144 ἐσώθησαν
2765 4096 2780 4111 ο
2810 4072 3005 4140 πάντες
3046 4069 3151 4152 γὰρ
3181 4069 3550 4152 ἐκλήθησαν),
3595 4071 3734 4131 ἀλλὰ

2133 4166 2289 4249 χρεία
2318 4163 2411 4224 καὶ
2440 4166 2534 4235 τῆς
2569 4162 2948 4244 προαιρέσεως.

427 4265 636 4322 sufﬁcit
662 4266 884 4322 vocatio
912 4271 930 4335 (
959 4267 1201 4340 alioquin
1228 4283 1422 4326 omnes
1464 4270 1662 4328 servati
1706 4279 1914 4342 essent,
1936 4269 2214 4344 siquidem
2263 4271 2317 4322 et
2339 4276 2534 4319 omnes
2583 4269 2715 4317 sunt
2735 4259 2908 4317 vocati
2933 4264 2974 4330 ),
2994 4274 3192 4318 verum
3242 4259 3409 4318 etiam
3455 4259 3739 4320 voluntate

433 4371 572 4428 opus
601 4363 702 4412 est.

498 4449 674 4504 Vsus.
707 4451 895 4516 29,30.
941 4469 967 4496 α
1012 4448 1158 4504 Nam
1185 4463 1325 4522 quos
1349 4451 1642 4522 praescivit,
1667 4458 1724 4508 et
1749 4449 2025 4525 praedesti-
2057 4459 2108 4523 D

428 4537 582 4593 navit
609 4536 930 4594 conformes
956 4536 1072 4594 ﬁeri
1127 4537 1359 4612 imagini
1390 4540 1510 4596 Filii
1546 4541 1651 4612 sui,
1701 4549 1768 4598 ut
1807 4541 1878 4598 sit
1909 4541 2022 4614 ipse

429 4625 832 4699 primogenitus
871 4626 925 4682 in
954 4627 1141 4683 multis
1166 4626 1446 4685 fratribus.
1474 4632 1626 4699 Quos
1675 4638 1861 4687 autem
1889 4645 2024 4702 pra:-

426 4715 732 4785 destinavit,
775 4716 879 4772 hos
938 4724 994 4772 et
1017 4716 1254 4774 vocavit.
1305 4741 1332 4767 »
1361 4719 1590 4776 Praescit
1633 4723 1784 4776 Deus
1805 4735 1900 4776 eos
1929 4720 2023 4792 qui

430 4805 718 4861 vocatione
757 4805 906 4878 digni
925 4814 1078 4876 sunt,
1107 4807 1303 4863 deinde
1328 4808 1701 4880 praedestinat.
1735 4808 1895 4866 Prior
1918 4809 2021 4865 ita-

428 4909 534 4966 que
563 4901 647 4950 est
671 4894 1033 4966 praescientia,
1071 4905 1263 4968 postea
1300 4898 1544 4971 sequitur
1591 4898 2019 4972 praedestinatio.

428 4983 979 5041 Praedestinationem
999 4995 1183 5042 autem
1196 4985 1485 5060 intelliges,
1511 4986 2022 5059 impermutabilem

428 5073 528 5130 Dei
566 5074 774 5131 bonam
827 5075 1195 5133 voluntatem.
1234 5078 1512 5134 Prmnovit
1565 5078 1750 5150 itaque
1795 5077 2025 5134 Paulum

429 5165 718 5222 vocatione
746 5166 1030 5238 Evangelii
1051 5166 1279 5238 dignum
1305 5183 1444 5236 esse,
1470 5166 1655 5239 sicque
1679 5166 2024 5240 praedestina-

429 5255 525 5323 vit,
585 5256 694 5312 hoc
744 5263 828 5313 est
902 5255 1422 5330 impermutabiliter
1465 5255 1727 5322 decrevit,
1775 5255 2026 5331 adeoque

427 5346 618 5402 statuit
645 5362 840 5403 vocare
866 5345 1067 5419 ipsum.
1108 5344 1436 5406 Conformes
1463 5345 1630 5417 igitur
1688 5347 1858 5404 efﬁcit
1882 5348 2023 5406 ima-

428 5433 533 5507 gini
557 5435 696 5504 Filii,
726 5451 866 5508 quos
910 5437 1203 5508 praenoscit
1237 5437 1450 5510 dignos.
1499 5437 1660 5508 Quod
1703 5437 1850 5496 enim
1891 5439 2024 5496 Uni-

433 5524 652 5596 genitus
675 5533 760 5583 est
783 5527 1099 5599 ;secundum
1127 5535 1404 5598 naturam,
1457 5526 1565 5585 hoc
1592 5528 1692 5602 ipsi
1737 5528 1871 5587 facti
1898 5539 2028 5588 sunt

2221 4469 2251 4500 (ι
2282 4441 2408 4502 ’Ότι
2453 4439 2538 4509 οὓς
2590 4440 2873 4521 προέγνω,
2926 4440 3018 4501 καὶ
3065 4439 3332 4523 προώρισε
3391 4440 3738 4524 συμμόρφους

2136 4538 2229 4607 τῆς
2283 4532 2479 4598 εἰκόνος
2535 4535 2625 4592 τοῦ
2679 4533 2811 4593 Υἱοῦ
2878 4534 3076 4605 αὑτοῦ,
3112 4521 3314 4600 -εἰςντὸ
3382 4521 3515 4590 εἰναι
3548 4521 3736 4608 ξαῦτὸν

2136 4621 2472 4703 πρωτότοκον
2511 4623 2562 4680 ἐν
2596 4623 2812 4689 πολλοῖς
2856 4622 3122 4702 ἀδελφοῖς.
3168 4619 3281 4689 Οὓς
3328 4619 3383 4680 δὲ
3433 4621 3737 4703 προώρισε,

2136 4713 2348 4782 τούτους
2382 4711 2473 4771 καὶ
2522 4710 2768 4773 ἐκάλεσε.
2802 4733 2845 4792 ιι
2895 4708 3263 4792 Προγινώσκει
3290 4712 3315 4750 ³
3368 4714 3397 4770 6
3427 4711 3565 4778 Θεὸς
3615 4711 3739 4780 τοὺς

2137 4801 2312 4871 ἀξίους
2341 4805 2434 4874 τῆς
2481 4800 2756 4881 κλήσεως,
2799 4791 2893 4859 εἷθ’
2932 4791 3097 4868 οὕτως
3143 4801 3432 4881 προορίζει.
3487 4800 3737 4881 Προτέρα

2139 4883 2228 4952 οῦν
2258 4896 2292 4965 ἡ
2339 4892 2635 4973 πρόγνωσις
2654 4936 2670 4964 ,
2709 4879 2823 4949 εἶτα
2854 4892 2880 4949 6
2909 4879 3256 4972 προορισμός.
3282 4879 3652 4972 ΫΠροορισμὸν
3674 4879 3740 4951 δὲ

2137 4981 2343 5054 νοήσεις
2397 4981 2456 5040 τὸ
2504 4980 2826 5060 ἀμετάθετον
2881 4986 2972 5040 τοῦ
3030 4983 3172 5041 Θεοῦ
3237 4979 3436 5059 ἀγαθὸν
3501 4981 3735 5058 θέλημα.

2144 5071 2396 5151 Προέγνω
2435 5061 2524 5131 οῦν
2545 5117 2563 5147 ,
2595 5070 2676 5130 ὅτι
2723 5074 2752 5130 6
2782 5072 3001 5138 Παῦλος
3037 5068 3177 5138 ἄξιος
3209 5072 3307 5141 τῆς
3355 5070 3595 5145 κλήσεως
3645 5075 3741 5131 τοῦ

2139 5161 2499 5241 Εὖαγγελίου,
2530 5161 2624 5222 καὶ
2653 5159 2792 5221 οὕτω
2824 5158 3124 5242 προώρισε,
3169 5158 3440 5219 τουτέστιν
3471 5160 3740 5238 ἀμεταθέ-

2137 5277 2241 5320 τως
2270 5250 2428 5333 ὥρισε
2452 5297 2470 5330 ,
2515 5250 2608 5310 καὶ
2639 5252 2832 5326 ἔστησε
2873 5251 2935 5310 τὸ
2979 5248 3204 5309 καλέσαι
3248 5248 3433 5312 αὐτόν.
3470 5250 3738 5332 Συμμόρ-

2140 5367 2265 5426 φους
2319 5343 2490 5402 τοίνυν
2523 5349 2663 5401 ποιεῖ
2711 5346 2807 5412 τῆς
2841 5340 3038 5410 εἰκόνος
3076 5345 3168 5400 τοῦ
3223 5342 3356 5402 Υίοῦ
3411 5343 3612 5420 αὐτοῦ,
3657 5339 3744 5408 οὓς

2136 5431 2487 5515 προγινώσκει
2519 5431 2714 5501 ἀξίους.
2749 5429 2827 5492 ⁸0
2871 5431 2975 5513 γάρ
3025 5432 3170 5490 ἐστιν
3218 5435 3246 5488 6
3276 5429 3580 5511 Μονογενὴς
3632 5431 3741 5512 φύ-

2139 5547 2256 5598 σει,
2303 5528 2465 5584 τοῦτο
2498 5523 2649 5584 αὐτοὶ⁸
2684 5520 2936 5603 γεγόνασι
2967 5520 3107 5582 κατὰ
3126 5519 3286 5604 χάριν
3306 5566 3322 5599 ,
3345 5521 3448 5584 υἱοὶ
3477 5523 3623 5583 Θεοῦ
3653 5521 3746 5581 καὶ

1828 5657 2018 5720 νενίω
2061 5661 2362 5722 lectiones.

511 5779 553 5813 99
587 5778 1006 5849 ἐκκλησιαστικῶν
1033 5797 1086 5838 0.
1165 5783 1177 5816 ¹
1221 5783 1338 5856 πρὸς
1365 5799 1417 5843 0.
1495 5783 1517 5820 ²
1542 5787 1878 5860 φανερώτερον
1909 5802 1964 5846 0.

2131 5790 2434 5861 οογινώσκων
2464 5803 2518 5846 0.
