4150 6438
412 431 519 487 453

1309 431 1664 490 EXPOSITIO
1699 433 1768 489 IN
1805 431 2014 488 EPIST.
2053 431 2147 487 AD
2192 429 2360 488 ROM.
2401 461 2473 473 —
2512 431 2669 489 CAP.
2711 434 2843 489 Vill.

3623 438 3728 495 454

412 557 565 618 αὐτοὶ
614 557 1068 639 χρηματίσαντες.
1123 561 1470 641 Πρωτότοκος
1513 563 1569 621 δέ
1604 564 1742 621 ἐστιν
1772 563 1826 620 ἐν
1874 562 2010 619 πολ-

2127 574 2221 629 per
2259 558 2515 631 gratiam,
2539 567 2602 614 ut
2630 566 2686 615 et
2709 558 2827 630 ipse
2857 557 2954 615 filii
2990 560 3093 616 Dei
3117 567 3468 618 vocarentur.
3498 563 3722 620 Primo-

413 652 524 716 λοῖς
566 650 844 730 ἀδελφοῖς,
893 649 1034 709 κατὰ
1061 654 1160 724 τὴν
1206 650 1514 727 οἰκονομίαν
1547 673 1560 688 ⁸
1608 650 1750 711 κατὰ
1777 650 1881 731 γὰρ
1913 648 2010 724 τὴν

413 739 639 812 θεότητα
720 739 1040 820 Μονογενής.
1130 740 1288 802 Ἐπεὶ
1345 739 1449 822 γὰρ
1507 746 1542 814 ἡ
1614 744 2016 823 προσληφθεῖσα

413 828 547 909 σὰρξ
604 828 824 911 ἐχρίσθη
880 830 1148 914 παρουσίᾳ
1221 831 1346 891 ὅλου
1417 840 1511 892 τοῦ
1587 832 1866 912 χρίοντος,
1921 829 2014 890 καὶ

413 919 636 1000 ἀπαρχὴ
684 922 838 993 ἡμῶν
882 919 1121 999 ἐγένετο,
1174 920 1520 1001 ἃγιασθείσης
1565 924 1618 981 ἐν
1667 924 1890 1002 Χριστῷ
1921 924 2017 993 τῆς

413 1009 741 1091 κατακρίτου
784 1009 1019 1092 φύσεως,
1075 1011 1292 1080 εἰκότως
1342 1011 1683 1095 πρωτότοκός
1733 1013 1846 1072 ἐστι
1867 1056 1887 1091 ,
1923 1009 2015 1072 καὶ

415 1099 629 1182 ἀδελφοὶ
665 1101 832 1160 αὐτοῦ
858 1102 1285 1183 χρηματίζομεν.

500 1305 531 1338 ι
561 1281 673 1351 Οὓς
722 1281 776 1341 δὲ
822 1282 1076 1356 ἐκάλεσε,
1111 1284 1326 1353 τούτους
1362 1285 1458 1344 καὶ
1488 1283 1793 1345 ἐδικαίωσε.
1829 1305 1860 1344 ι)
1909 1284 2017 1347 Διὰ

414 1376 506 1443 τεῆς
540 1377 630 1431 τοῦ
657 1375 880 1454 λουτροῦ
907 1374 1318 1453 παλιγγενεσίας
1347 1375 1666 1445 ἀπαλλάξας
1691 1379 1796 1435 τῶν
1834 1374 2017 1458 ἆμαρ-

413 1467 539 1521 τιῶν
574 1462 664 1520 καὶ
707 1463 940 1532 δικαίους
969 1464 1218 1537 ποιήσας.

503 1573 531 1609 ιι
567 1552 678 1619 Οὓς
710 1551 765 1611 δὲ
796 1553 1079 1614 ἐδικαίωσε
1100 1601 1116 1632 ,
1150 1554 1362 1624 τούτους
1403 1554 1496 1615 καὶ
1552 1555 1792 1626 ἐδόξασε.
1826 1583 1851 1610 ιο
1901 1559 2018 1630 Τῆς

424 1642 682 1710 υἱοθεσίας
711 1667 767 1702 τε
799 1643 1028 1714 ἀξιώσας
1072 1643 1293 1721 αὐτοὺς,
1342 1645 1435 1706 καὶ
1487 1646 1661 1706 τᾶλλα
1699 1646 2017 1729 χαρίσματα

425 1733 601 1800 αὐτοῖς
639 1732 776 1800 δούς.

507 1846 539 1881 α
570 1823 645 1884 Τί
694 1815 782 1883 οῦν
835 1825 1056 1904 ἐροῦμεν
1113 1826 1240 1907 πρὸς
1287 1830 1487 1900 ταῦτα;
1542 1827 1610 1886 Εἰ
1643 1829 1671 1885 6
1711 1825 1848 1896 Θεὸς
1886 1825 2018 1908 ὕπὲρ

435 1915 628 1989 ἡμῶν,
663 1913 740 1981 τίς
769 1915 887 1973 καθ’
925 1919 1078 1992 ἡμῶν
1091 1939 1108 1991 ;
1141 1941 1168 1969 ι
1213 1915 1412 1998 Ὁρᾷς,
1461 1913 1542 1974 ὅτι
1580 1916 1956 1998 ἐμφανέστατα
1991 1919 2015 1957 ⁴

417 2005 642 2063 ἐνταῦθα
670 2006 852 2078 δηλοῖ,
895 2003 977 2066 ὅτι
1007 2007 1033 2045 ⁵
1086 2006 1215 2086 πρὸς
1261 2006 1379 2073 τοὺς
1415 2006 1757 2085 θλιϐομένους
1787 2016 2017 2068 ποιεῖται

419 2093 506 2153 τὸν
536 2094 721 2174 λόγον;
747 2097 985 2156 Τοιαῦτα
1020 2095 1124 2176 γὰρ
1153 2096 1348 2156 ὡσανεὶ
1374 2097 1516 2175 λέγει
1548 2099 1572 2136 ⁶
1603 2122 1615 2135 ο
1648 2097 1713 2156 Εἰ
1751 2097 2014 2158 τοσούτων

417 2183 720 2260 ἠξιώθημεν
753 2187 962 2264 ἀγαθῶν
993 2188 1170 2268 ἐχθροὶ
1200 2185 1370 2261 ὄντες,
1404 2187 1540 2263 μετὰ
1571 2188 1629 2248 τὸ
1666 2190 2014 2262 δικαιωθῆναι

414 2272 507 2332 καὶ
549 2273 864 2347 δοξασθῆναι
915 2277 1067 2359 πόσῳ
1103 2278 1336 2355 μᾶλλον;
1383 2277 1492 2338 Καὶ
1533 2285 1626 2337 τοῦ
1680 2281 1822 2339 Θεοῦ
1865 2279 2016 2349 ὄντος

416 2364 549 2444 ὑπὲρ
569 2369 758 2444 ἡμῶν,
791 2365 869 2434 τίς
911 2372 1031 2427 καθ’
1081 2371 1275 2446 ἡμῶν;
1335 2369 1446 2428 Κᾶν
1492 2367 1594 2449 γὰρ
1641 2372 1675 2440 ἡ
1725 2369 2012 2446 οἰκουμένη

414 2464 564 2513 πᾶσα
595 2457 899 2538 ἐπαναστῇ,
927 2463 959 2531 ἠ
1008 2462 1098 2516 τοῦ
1129 2460 1271 2520 Θεοῦ
1309 2457 1468 2539 σοφία
1501 2461 1573 2526 εἰς
1613 2459 1712 2532 τὴν
1743 2459 2013 2543 ἡμετέραν

412 2544 679 2626 σωτηρίαν
708 2547 798 2606 καὶ
830 2546 982 2616 δόξαν
1024 2550 1329 2631 περιτρέψει
1360 2547 1456 2620 τὴν
1487 2548 1870 2612 ἐπανάστασιν.

497 2745 530 2780 ιι
556 2720 664 2788 ⁸ος
703 2745 766 2796 γε
799 2725 891 2779 τοῦ
939 2717 1075 2779 ἰδίου
1107 2720 1240 2781 Υἱοῦ
1272 2723 1366 2781 οὐκ
1398 2719 1675 2804 ἐφείσατο,
1727 2719 1848 2781 ἀλλ’
1878 2723 2012 2804 ὑπὲρ

410 2815 566 2890 ἡμῶν
604 2810 822 2870 πάντων
873 2809 1180 2892 παρέδωκεν
1221 2811 1414 2884 αὐτὸν,
1461 2815 1574 2880 πῶς
1622 2811 1746 2893 οὐχὶ
1790 2811 1882 2872 καὶ
1917 2813 2011 2873 σὺν

409 2905 557 2982 αὖτῷ
588 2900 654 2960 τὰ
693 2901 870 2960 πάντα
920 2901 1420 2984 ἡμῖνῃχαρίσεταις
1472 2923 1504 2960 1>
1551 2900 1809 2984 Ἀφίημι,
1841 2905 2006 2984 φησὶ,

409 2980 613 3064 τᾶλλα,
648 2992 682 3050 ἃ
711 2990 998 3070 προλαϐὼν
1043 2980 1193 3050 εἶπον
1212 3036 1229 3070 ,
1275 2989 1356 3050 ὅτι
1399 2980 1740 3064 ἐδικαίωσεν,
1771 2980 1863 3051 ὅτι-
1891 2991 2011 3052 ἐδό-

411 3083 592 3151 ξασεν.
623 3080 786 3143 Ἀλλὰ
812 3086 966 3140 τοῦτο
999 3080 1218 3154 σκόπει,
1254 3079 1334 3139 ὅτι
1364 3109 1389 3133 α
1413 3083 1527 3141 Τοῦ
1557 3080 1690 3141 ἰδίου
1726 3081 1821 3160 ⁷⁸⁸,
1839 3111 1864 3134 ν
1894 3105 2012 3142 του-

2049 1901 2097 1964 Β
2125 1935 2227 1993 pro
2249 1920 2408 1977 nobis
2428 1960 2444 1988 ,
2470 1921 2599 1994 quis
2651 1901 3002 1977 contrawnos?
3049 1944 3074 1970 ι

2124 648 2338 722 genitus
2381 657 2569 705 autem
2597 657 2682 705 est
2726 649 2872 707 inter
2926 649 3137 708 multos
3183 649 3391 708 fratres
3419 653 3726 710 secundum

2123 737 2585 810 dispensationem
2641 759 2656 796 :
2699 755 2830 796 nam
2881 740 3185 797 secundum
3235 739 3573 799 divinitatem
3645 751 3727 800 est

2124 829 2472 901 Unigenitus.
2527 830 2670 899 Quia
2701 831 2846 886 enim
2900 839 3181 903 assumpta
3234 847 3362 887 caro
3421 840 3586 888 uncta
3643 843 3729 890 est

2123 920 2412 990 praesentia
2453 919 2626 976 totius
2672 919 3010 994 inungentis,
3077 937 3143 978 ac
3199 921 3453 994 primitiae
3515 930 3723 980 nostrae

2125 1007 2300 1065 factus
2318 1019 2420 1078 est,
2486 1009 2823 1067 sanctificata
2865 1011 2924 1066 in
2965 1010 3188 1068 Christo
3239 1011 3504 1068 damnata
3530 1020 3724 1070 nostra

2119 1107 2339 1168 natura,
2367 1100 2566 1157 merito
2592 1101 3000 1173 primogenitus
3053 1108 3156 1170 est,
3201 1099 3507 1175 fratresque
3551 1101 3724 1175 ipsius

2123 1189 2494 1262 appellamur.

2200 1302 2226 1330 ι
2267 1282 2420 1350 Quos
2443 1288 2630 1337 autem
2681 1280 2919 1350 vocavit,
2964 1279 3068 1336 hos
3109 1288 3165 1337 et
3197 1280 3534 1355 justificavit.
3570 1304 3597 1332 ιο
3623 1283 3731 1340 Per

2125 1373 2402 1431 lavacrum
2419 1375 2859 1448 regenerationis
2887 1375 3130 1433 liberans
3157 1392 3188 1432 a
3235 1377 3497 1448 peccatis,
3525 1380 3733 1449 justos-

2125 1479 2232 1537 que
2277 1464 2537 1522 efﬁciens.

2199 1578 2226 1605 α
2259 1555 2412 1625 Quos
2435 1563 2624 1612 autem
2655 1554 2996 1628 justiﬁcavit,
3024 1556 3129 1614 hos
3167 1565 3221 1614 et
3249 1557 3633 1631 glorificavit.»
3661 1560 3726 1614 In

2128 1649 2268 1706 filios
2296 1650 2567 1707 nimirum
2612 1649 2880 1724 adoptans
2936 1650 3080 1720 illos,
3109 1651 3342 1725 alliaque
3378 1652 3482 1709 illis
3524 1652 3728 1727 imper-

2125 1740 2270 1796 tiens
2296 1740 2461 1797 dona.

2197 1832 2376 1888 Vens.
2409 1836 2496 1886 31.
2523 1849 2553 1884 «
2583 1830 2728 1901 Quid
2770 1845 2902 1904 ergo
2929 1829 3183 1887 dicemus
3210 1830 3280 1888 ad
3322 1830 3468 1889 haec?
3493 1831 3548 1888 Si
3575 1834 3729 1890 Deus

3139 1921 3336 1978 Viden’
3383 1922 3726 1993 apertissime

2124 2009 2215 2066 hic
2241 2009 2486 2066 indicare
2529 2010 2710 2083 ipsum
2751 2010 2898 2082 quod
2937 2010 3101 2066 verba
3140 2010 3310 2066 faciat
3347 2010 3418 2068 ad
3453 2011 3728 2069 afflictos?

2125 2101 2470 2174 Hujusmodi
2498 2101 2651 2158 enim
2684 2101 3090 2174 propemodum
3118 2099 3290 2158 dicit:
3329 2101 3384 2158 Si
3439 2102 3609 2159 tantis
3635 2102 3729 2159 bo-

2123 2193 2214 2248 nis
2233 2192 2381 2265 digni
2396 2191 2624 2264 judicati
2645 2207 2838 2248 sumus
2852 2207 2981 2248 cum
3008 2193 3198 2248 hostes
3225 2207 3492 2261 essemus,
3521 2201 3729 2264 quanto

2124 2283 2429 2354 majoribus
2457 2281 2790 2338 donabimur
2814 2290 2940 2354 post
2956 2281 3415 2355 justiﬁcationem
3456 2289 3510 2338 et
3527 2281 3730 2354 gloriﬁ-

2124 2372 2402 2428 cationem
2425 2373 2702 2428 nostram?
2731 2373 2813 2426 Ac
2864 2371 2913 2427 si
2957 2375 3107 2429 Deus
3135 2387 3235 2444 pro
3273 2370 3437 2427 nobis
3469 2370 3560 2440 sit,
3601 2371 3728 2444 quis

2123 2461 2413 2518 adversum
2445 2477 2547 2517 nos
2587 2461 2720 2517 erit?
2760 2461 2995 2518 Etiamsi
3049 2461 3199 2518 enim
3238 2461 3528 2517 universus
3578 2461 3728 2520 orbis

2122 2551 2368 2625 insurgat
2415 2551 2711 2608 adversum
2764 2567 2890 2617 nos,
2957 2551 3061 2608 Dei
3098 2559 3285 2606 tamen
3335 2551 3606 2624 sapientia
3657 2549 3730 2609 ad

2124 2654 2369 2702 nostram
2385 2646 2623 2703 salutem
2643 2653 2698 2702 et
2718 2645 2957 2718 gloriam
2971 2645 3123 2702 hunc
3143 2653 3424 2702 convertet
3438 2645 3725 2703 insultum.

2195 2738 2380 2793 Vnus.
2410 2741 2498 2791 32.
2525 2759 2550 2784 α
2585 2736 2692 2805 Qui
2727 2736 2951 2807 proprio
2989 2735 3130 2792 Filio
3170 2750 3273 2791 suo
3311 2751 3426 2792 non
3454 2735 3728 2808 pepercit,

2125 2824 2221 2882 sed
2246 2843 2344 2898 pro
2363 2825 2522 2882 nobis
2543 2825 2806 2882 omnibus
2830 2824 3060 2882 tradidit
3114 2825 3298 2898 ipsum
3318 2868 3333 2894 ,
3369 2825 3650 2898 quomodo
3674 2833 3731 2883 et

2123 2931 2254 2972 cum
2283 2915 2406 2988 ipso
2446 2932 2560 2973 non
2604 2916 2789 2973 omnia
2830 2915 2991 2972 nobis
3019 2914 3283 2973 donabit?
3314 2939 3340 2964 ν
3373 2915 3592 2972 Omitto
3623 2930 3730 2973 cae-

2121 3013 2258 3071 tera,
2294 3005 2490 3080 inquit,
2521 3021 2645 3077 qua:
2669 3022 2834 3078 supra
2861 3005 3320 3074 commemoravi,
3345 3005 3496 3078 quod
3538 3004 3732 3079 justiﬁ-

2121 3096 2280 3163 cavit,
2306 3104 2361 3152 et
2377 3095 2530 3168 quod
2549 3095 2884 3169 gloriﬁcavit
2905 3112 3028 3152 nos.
3052 3097 3262 3152 Verum
3282 3095 3390 3152 hoc
3410 3094 3728 3164 considera,

410 3172 592 3246 τέστι,
627 3177 720 3231 τοῦ
750 3175 1105 3250 Μονογενοῦς,
1135 3177 1227 3231 τοῦ
1254 3173 1561 3250 ἀγαπητοῦ,
1593 3176 1687 3231 τοῦ
1716 3171 1870 3253 φύσει
1903 3172 1928 3209 9
1958 3173 2010 3242 ἐξ

2121 3185 2269 3257 quod
2283 3208 2308 3235 α
2328 3186 2469 3242 Filio
2484 3202 2586 3242 suo
2610 3187 2857 3260 proprio,
2877 3209 2902 3236 ιι
2919 3185 3027 3243 hoc
3043 3194 3148 3254 est,
3169 3185 3493 3259 Unigenito,
3505 3185 3728 3254 dilecto,

412 3265 568 3322 αὐτοῦ
619 3262 754 3340 (εἰσὶ
786 3260 890 3342 γὰρ
941 3263 1032 3322 καὶ
1085 3262 1379 3342 εἰσποιητοὶ
1431 3263 1531 3321 υἱοί
1577 3263 1738 3322 αὐτοῦ
1776 3261 1865 3323 διὰ
1918 3266 2010 3322 τοῦ

413 3352 782 3430 βαπτίσματος
802 3341 1080 3427 »τούτου
1113 3341 1202 3411 οὖν
1249 3353 1344 3410 οὐκ
1386 3352 1668 3432 ἐφείσατο,
1704 3353 1826 3412 ἀλλ’
1876 3352 2011 3433 ὓπὲρ

414 3447 563 3519 ἡμῶν
602 3441 912 3523 παρέδωκεν
959 3440 1114 3501 αὐτόν
1166 3465 1180 3479 ο
1211 3440 1304 3500 καὶ
1345 3449 1549 3520 ταῦτα,
1592 3443 1845 3516 πάντων,
1885 3465 2014 3502 του-

418 3531 619 3611 τέστιν,
667 3535 924 3612 εὐγενῶν,
973 3534 1270 3610 δυσγενῶν,
1304 3533 1531 3592 εὐτελῶν
1559 3581 1571 3604 ,
1599 3532 1818 3601 ἐνδόξων
1853 3557 1866 3571 ·
1909 3532 2004 3592 καὶ

416 3622 519 3702 οὐχ
545 3621 755 3696 ἅπλῶς,
803 3621 924 3681 ἀλλ’
973 3625 1044 3689 εἰς
1088 3621 1297 3703 σφαγὴν
1342 3622 1622 3704 παρέδωκε
1648 3646 1663 3661 ο
1694 3622 1785 3683 καὶ
1819 3627 1916 3682 νῦν
1951 3624 2008 3682 οὐ

421 3709 489 3769 τὰ
543 3712 717 3770 πάντα
767 3716 894 3788 ἡμῖν
943 3711 1260 3793 χαρίσεται;
1323 3711 1392 3773 Ὁ
1433 3713 1537 3794 γὰρ
1590 3717 1679 3773 τὸν
1727 3712 2008 3785 Δεσπότην

416 3799 540 3860 δοὺς
579 3800 645 3860 τὰ
674 3800 920 3878 κτήματα
959 3803 1018 3862 οὗ
1061 3801 1253 3877 δώσει;
1297 3798 1477 3863 ςὨστε
1523 3801 1704 3876 ἐπειδὴ
1752 3803 1812 3862 οὗ
1857 3802 2008 3862 δίδω-

414 3913 534 3963 σιν,
570 3892 627 3949 οὗ
661 3892 947 3972 συμφέρει,
969 3890 1061 3951 καὶ
1091 3892 1176 3951 διὰ
1203 3897 1358 3951 τοῦτο
1387 3894 1445 3951 οὗ
1477 3893 1682 3954 δίδωσι.
1708 3893 1803 3964 Μὴ
1833 3890 2008 3952 τοίνυν

413 3980 615 4063 σφόδρα
655 3987 820 4059 ποθῇς
847 3981 935 4062 [
967 3980 1242 4063 ποθήσῃς]
1277 3983 1376 4054 τὴν
1426 3982 1638 4059 ἄνεσιν,
1681 3986 1709 4042 6
1758 3981 2009 4061 θλιϐόμε-

407 4093 492 4140 νος
524 4071 609 4130 διὰ
639 4071 910 4153 Χριστόν·
941 4075 985 4132 εἰ
1013 4073 1115 4153 γὰρ
1145 4070 1435 4154 συμφέρει,
1461 4072 1637 4154 λήψῃ.

488 4279 518 4314 σ
549 4254 650 4325 Τίς
691 4256 971 4334 ἐγκαλέσει
1018 4255 1158 4316 κατὰ
1200 4257 1462 4315 ἐκλεκτῶν
1498 4257 1680 4329 Θεοῦ;
1720 4283 1745 4310 ι
1783 4254 2006 4330 Ἐπειδῆ

406 4344 543 4424 μετὰ
566 4351 670 4406 τῶν
704 4345 882 4405 ἄλλων
909 4347 1223 4427 πειρασμῶν
1270 4345 1362 4408 καὶ
1389 4345 1720 4416 ὠνειδίζοντο
1749 4347 1796 4404 οἱ
1827 4343 2009 4405 πιστοὶ

407 4435 556 4516 παρὰ
604 4440 709 4496 τῶν
744 4435 1055 4514 Ἰουδαίων,
1109 4438 1180 4504 ὥς
1224 4435 1614 4513 εὖμετάϐολοι,
1667 4434 1759 4494 καὶ
1807 4434 2012 4516 ἀθρόως

407 4526 794 4600 μεταπεσόντες
825 4528 894 4594 εἰς
929 4525 1348 4607 Χριστιανισμόν
1372 4545 1389 4561 ⁹
1420 4526 1578 4608 φησὶν
1598 4571 1614 4598 ,
1650 4525 1730 4584 ὅτι
1761 4523 1832 4586 Ὃ
1871 4524 2009 4592 Θεὸς

402 4615 674 4685 ἐξελέξατο
719 4620 896 4693 ὑμᾶς,
945 4616 1038 4676 καὶ
1081 4617 1158 4685 τίς
1187 4621 1216 4676 6
1260 4617 1502 4696 ἐγκαλῶν
1532 4619 1662 4693 ὑμῖν
1697 4620 1764 4696 τῇ
1810 4617 2004 4697 ἐκλογῇ

406 4711 502 4766 τοῦ
527 4707 704 4781 Θεοῦ;
735 4704 1042 4788 Ἄνθρωπος
1071 4706 1315 4787 τεχνίτης
1354 4706 1446 4766 ἐὰν
1477 4704 1756 4778 ἐκλέξηταί
1789 4729 1841 4763 τι
1865 4749 1881 4776 ,
1919 4706 2009 4764 οὖ-

409 4796 518 4862 δεὶς
541 4800 568 4855 6
599 4794 936 4878 μεμφόμενος
958 4821 970 4835 ·
991 4795 1086 4857 καὶ
1111 4801 1254 4860 Θεοῦ
1284 4794 1663 4874 ἐκλεξαμένου,
1689 4794 1768 4862 τίς
1792 4799 1820 4855 6
1846 4797 2009 4876 ἐγκα-

411 4887 520 4944 λῶν
537 4909 553 4960 ;

497 5000 524 5031 α
557 4974 694 5043 Θεὸς
737 4979 765 5034 6
810 4977 1052 5036 δικαιῶν.
1095 4974 1195 5043 Τίς
1237 4978 1265 5034 6
1303 4974 1675 5056 κατακρίνων;
1708 4971 1938 5057 Χριστὸς
1980 4976 2010 5033 6

408 5064 691 5125 ἀποθανὼν
712 5111 728 5139 ,
764 5068 967 5143 μᾶλλον
999 5065 1054 5125 δὲ
1080 5065 1174 5125 καὶ
1202 5064 1430 5145 ἐγερθεὶς
1458 5067 1520 5124 ἐκ
1563 5067 1781 5144 νεκρῶν.
1816 5092 1838 5116 ιι
1889 5065 2009 5124 Οὐκ

407 5147 550 5228 εἶπε,
593 5155 730 5222 Θεὸς
763 5159 790 5214 6
843 5156 991 5237 ἀφεὶς
1034 5155 1103 5216 τὰ
1149 5155 1554 5236 ἃμαρτήματα,
1599 5157 1717 5214 ἀλλ’
1766 5152 1794 5212 ὃ
1828 5156 2008 5234 πολλῷ

408 5250 586 5324 μεῖζον
618 5237 714 5321 ἦν,
749 5273 768 5296 ι
804 5245 941 5310 Θεὸς
977 5248 1006 5304 6
1047 5247 1288 5307 δικαιῶν.
1325 5271 1351 5299 ι
1385 5246 1479 5318 Μὴ
1517 5244 1692 5304 τοίνυν
1721 5243 2007 5325 φοϐώμεθα

407 5336 545 5413 μήτε
609 5336 731 5405 τοὺς
787 5337 1169 5415 πειράζοντας,
1245 5334 1382 5412 μήτε
1436 5335 1555 5402 τοὺς
1631 5335 2002 5403 ὀνειδίζοντας.

408 5426 544 5495 Θεὸς
593 5427 699 5508 γὰρ
750 5424 1061 5505 ἐξελέξατο,
1103 5425 1196 5486 καὶ
1247 5424 1482 5494 δικαίους
1525 5424 1744 5498 ἐποίησε
1779 5443 1793 5459 ⁶
1848 5426 1940 5484 καὶ
1977 5427 2004 5483 6

407 5517 687 5578 ἀποθανὼν
723 5516 858 5598 ὑπὲρ
891 5519 1045 5596 ἡμῶν
1067 5560 1084 5593 ,
1113 5518 1316 5596 μᾶλλον
1346 5516 1404 5575 δὲ
1431 5515 1525 5576 καὶ
1555 5513 1823 5594 ἀναστὰς,
1870 5516 2006 5596 Χρι-

2123 3275 2218 3348 qui
2247 3284 2442 3332 natura
2471 3292 2534 3332 ex
2564 3275 2680 3349 ipso
2710 3284 2796 3333 est
2842 3283 2991 3343 (sunt
3012 3275 3177 3345 ,enim
3229 3283 3287 3332 et
3337 3274 3584 3346 adoptati
3635 3290 3731 3347 per

2124 3365 2392 3438 baptisma
2417 3370 2460 3433 ),
2488 3367 2615 3422 huic
2643 3382 2755 3422 non
2781 3365 3046 3438 pepercit,
3071 3365 3165 3422 sed
3192 3381 3291 3438 pro
3313 3365 3475 3421 nobis
3495 3363 3731 3421 tradidit

2120 3454 2324 3528 ipsum,
2356 3454 2519 3526 idque
2539 3471 2638 3528 pro
2655 3455 2936 3524 omnibus,
2961 3455 3068 3512 hoc
3091 3463 3175 3511 est
3197 3464 3316 3511 tum
3332 3454 3586 3528 ingenuis
3608 3462 3726 3511 tum

2118 3559 2230 3600 non
2250 3545 2520 3617 ingenuis,
2551 3553 2606 3600 et
2631 3545 2828 3600 humili
2861 3552 2917 3600 et
2947 3543 3148 3600 celebri
3185 3545 3309 3600 loco
3334 3544 3480 3600 natis
3508 3561 3522 3598 :
3553 3559 3730 3617 neque

2117 3633 2454 3705 simpliciter,
2513 3649 2706 3689 verum
2757 3633 2826 3689 ad
2874 3633 3276 3689 mactationem
3327 3632 3571 3689 tradidit.
3620 3633 3729 3702 Qui

2117 3738 2246 3795 ergo
2269 3723 2383 3795 jam
2408 3739 2520 3778 non
2537 3723 2725 3778 omnia
2763 3722 2927 3778 nobis
2954 3723 3193 3779 donaret
3227 3725 3252 3777 ?
3280 3722 3390 3792 Qui
3420 3723 3569 3778 enim
3610 3725 3729 3779 Do-

2117 3812 2331 3869 minum
2358 3812 2532 3881 dedit,
2553 3812 2668 3885 64
2684 3811 2976 3870 facultates
2995 3827 3108 3867 non
3134 3811 3332 3869 dabit?
3364 3813 3508 3868 Cum
3537 3812 3729 3884 itaque

2112 3919 2226 3959 non
2257 3902 2353 3959 dat
2380 3901 2616 3974 aliquid,
2642 3901 2701 3958 id
2747 3918 2865 3958 non
2903 3901 3188 3969 conducit,
3217 3909 3384 3971 atque
3446 3899 3574 3956 ideo
3602 3915 3718 3955 non

2116 3992 2232 4050 dat.
2265 3995 2345 4048 Ne
2383 3991 2551 4064 igitur
2587 3991 2838 4063 impense
2866 3989 3146 4048 desideres
3190 3990 3599 4056 liberationem,
3631 3989 3726 4062 qui

2117 4079 2383 4153 affligeris
2412 4089 2637 4152 pr0pter
2661 4079 2970 4137 Christum.
3011 4079 3068 4137 Si
3101 4079 3255 4137 enim
3282 4079 3557 4148 conferat,
3587 4077 3730 4134 acci-

2114 4171 2254 4244 pies,
2283 4171 2502 4244 erisque
2529 4186 2765 4242 compos
2794 4170 2936 4226 voti.

2187 4265 2366 4319 Vnus.
2389 4267 2478 4318 33.
2504 4284 2530 4310 ι
2557 4262 2695 4331 Quis
2715 4259 2995 4317 accusabit
3011 4258 3278 4317 adversus
3299 4259 3505 4317 electos
3532 4261 3668 4316 Dei?
3694 4279 3722 4314 ι)

2119 4352 2261 4423 Quia
2289 4352 2431 4407 inter
2461 4351 2597 4408 alias
2639 4351 2968 4408 tentationes
2998 4358 3054 4407 et
3107 4349 3239 4407 illud
3270 4366 3303 4406 a
3353 4350 3564 4407 Judaeis
3587 4349 3728 4423 obji-

2121 4442 2368 4497 ciebatur
2411 4439 2689 4510 fidelibus,
2747 4440 2896 4514 quod
2952 4440 3114 4496 facile
3164 4440 3615 4509 immutarentur,
3673 4447 3731 4496 et

2118 4530 2408 4588 confertim
2439 4531 2508 4588 ad
2535 4531 3022 4588 Christianismum
3052 4529 3388 4597 deciderent,
3417 4533 3592 4596 Deus,
3639 4529 3726 4585 in-

2115 4622 2260 4695 quit,
2289 4637 2386 4678 vos
2429 4621 2616 4693 elegit,
2665 4629 2722 4677 et
2748 4620 2872 4693 quis
2897 4628 2984 4677 est
3025 4619 3117 4693 qui
3147 4627 3370 4676 accuset
3398 4618 3726 4675 electionem

2117 4711 2271 4769 Dei?
2321 4711 2378 4768 Si
2407 4709 2602 4768 artifex
2650 4710 2957 4783 quidquam
3003 4710 3247 4783 elegerit,
3304 4724 3471 4766 nemo
3513 4715 3601 4765 est
3626 4724 3703 4781 gn

2117 4802 2342 4874 culpet:
2368 4800 2551 4873 ecquis
2575 4809 2662 4858 est
2686 4799 2782 4873 qui
2815 4798 2914 4857 Dei
2971 4800 3311 4858 electionem
3353 4798 3727 4872 reprehensu-

2118 4908 2215 4947 rus
2244 4893 2313 4947 sit
2334 4894 2358 4947 Ρ

2189 4984 2369 5038 Vnus.
2404 4985 2494 5049 33,
2517 4985 2609 5038 34.
2658 5002 2684 5029 α
2715 4983 2868 5036 Deus
2892 4986 2977 5036 est
3003 4978 3101 5052 qui
3119 4977 3412 5052 justiﬁcat.
3444 4978 3584 5049 Quis
3629 4987 3714 5036 est

2116 5072 2213 5146 qui
2236 5071 2571 5128 condemnet
2599 5069 2900 5127 i‘Christus
2946 5070 3041 5143 qui
3069 5079 3328 5126 mortuus
3347 5077 3450 5135 est,
3481 5069 3598 5124 imo
3629 5069 3725 5139 qui

2116 5169 2174 5218 et
2197 5161 2518 5218 resurrexit.
2583 5183 2610 5210 ι
2664 5163 2796 5217 Non
2846 5160 3004 5230 dixit,
3057 5162 3212 5215 Deus
3240 5167 3322 5215 est
3363 5158 3458 5230 qui
3487 5157 3724 5214 remittit

2116 5259 2334 5324 peccata
2361 5269 2376 5308 :
2403 5267 2620 5320 verum,
2648 5250 2796 5324 quod
2824 5250 3003 5306 multo
3034 5247 3216 5320 majus
3238 5255 3378 5316 erat,
3415 5270 3442 5297 α
3470 5251 3624 5304 Deus
3643 5255 3728 5304 est

2115 5342 2208 5415 qui
2228 5341 2516 5414 justificat.
2557 5360 2587 5395 »
2612 5343 2696 5398 Ne
2725 5341 2888 5413 igitur
2909 5347 3225 5395 metuamus
3247 5352 3424 5409 neque
3453 5341 3726 5394 tentantes

2112 5447 2292 5504 neque
2330 5432 2740 5503 exprobrantes.
2789 5433 2932 5487 Nam
2955 5432 3104 5485 Deus
3132 5428 3298 5500 elegit
3325 5435 3380 5484 et
3400 5425 3728 5498 justiﬁcavit

2110 5537 2254 5579 nos:
2289 5521 2408 5579 etis
2431 5521 2528 5595 qui
2555 5530 2815 5578 mortuus
2860 5528 2943 5577 est
2992 5533 3091 5592 pro
3121 5517 3305 5589 nobis,
3337 5517 3455 5576 imo
3503 5517 3600 5592 qui
3657 5524 3715 5576 et

1811 5640 2000 5702 Variae
2041 5639 2342 5703 lectiones.

477 5767 500 5802 "
524 5767 861 5827 ἐκφανέστατα
887 5785 940 5828 0.
1018 5769 1039 5804 ⁸
1057 5769 1122 5834 ὣς
1150 5785 1204 5827 o.
1279 5767 1302 5804 θ
1319 5767 1483 5838 λέγων
1511 5782 1566 5827 o.
1642 5766 1713 5812 ⁷-⁸
1741 5766 1892 5823 αὖτοῦ
1920 5783 1974 5826 ο.
2052 5767 2130 5822 ὅτι
2157 5769 2246 5822 τοῦ
2267 5763 2389 5819 Υἱοῦ
2414 5764 2539 5820 ἰδίου
2570 5779 2647 5823 m.
2724 5762 2746 5800 °
2768 5766 2859 5820 τοῦ
2881 5761 3060 5838 φύντος
3089 5779 3170 5820 m.
