  <div class='ocr_page' id='page_1' title='image "/cluster/home/n/w/nwhite01/storage/ocr_20150623/124:no.2/coo.31924054870294/236.png"; bbox 0 0 4150 6440; ppageno 0'>
   <div class='ocr_carea' id='block_1_1' title="bbox 1496 4 1717 20">
    <p class='ocr_par' dir='ltr' id='par_1_1' title="bbox 1496 4 1717 20">
     <span class='ocr_line' id='line_1_1' title="bbox 1496 4 1717 20; baseline 0 -3"><span class='ocrx_word' id='word_1_1' title='bbox 1496 4 1629 20; x_wconf 34' lang='grc' dir='ltr'><strong>ιγ’-’κ</strong></span> <span class='ocrx_word' id='word_1_2' title='bbox 1676 4 1717 17; x_wconf 81' lang='lat'><strong>:1-</strong></span> 
     </span>
    </p>
   </div>
   <div class='ocr_carea' id='block_1_2' title="bbox 382 415 487 474">
    <p class='ocr_par' dir='ltr' id='par_1_2' title="bbox 382 415 487 474">
     <span class='ocr_line' id='line_1_2' title="bbox 382 415 487 474; baseline 0 0"><span class='ocrx_word' id='word_1_3' title='bbox 382 415 487 474; x_wconf 72' lang='grc'><strong>457</strong></span> 
     </span>
    </p>
   </div>
   <div class='ocr_carea' id='block_1_3' title="bbox 1300 410 2781 473">
    <p class='ocr_par' dir='ltr' id='par_1_3' title="bbox 1300 410 2781 473">
     <span class='ocr_line' id='line_1_3' title="bbox 1300 410 2781 473; baseline 0.001 -3"><span class='ocrx_word' id='word_1_4' title='bbox 1300 410 1652 471; x_wconf 80' lang='lat' dir='ltr'><strong>EXPOSITIO</strong></span> <span class='ocrx_word' id='word_1_5' title='bbox 1693 412 1759 470; x_wconf 84' lang='lat' dir='ltr'><strong>IN</strong></span> <span class='ocrx_word' id='word_1_6' title='bbox 1801 412 2011 472; x_wconf 83' lang='lat' dir='ltr'><strong>EPIST.</strong></span> <span class='ocrx_word' id='word_1_7' title='bbox 2053 414 2144 470; x_wconf 85' lang='lat' dir='ltr'><strong>AD</strong></span> <span class='ocrx_word' id='word_1_8' title='bbox 2184 410 2351 471; x_wconf 74' lang='grc' dir='ltr'><strong>ΒΟΜ.</strong></span> <span class='ocrx_word' id='word_1_9' title='bbox 2395 446 2463 457; x_wconf 93' lang='grc'><strong><em>-</em></strong></span> <span class='ocrx_word' id='word_1_10' title='bbox 2502 413 2654 473; x_wconf 83' lang='lat' dir='ltr'><strong>CAP.</strong></span> <span class='ocrx_word' id='word_1_11' title='bbox 2698 414 2781 472; x_wconf 85' lang='lat' dir='ltr'><strong>IX.</strong></span> 
     </span>
    </p>
   </div>
   <div class='ocr_carea' id='block_1_4' title="bbox 3585 418 3693 515">
    <p class='ocr_par' dir='ltr' id='par_1_4' title="bbox 3585 418 3693 515">
     <span class='ocr_line' id='line_1_4' title="bbox 3585 418 3693 515; baseline 0 -38"><span class='ocrx_word' id='word_1_12' title='bbox 3585 418 3693 515; x_wconf 64' lang='lat' dir='ltr'><strong>Hi8</strong></span> 
     </span>
    </p>
   </div>
   <div class='ocr_carea' id='block_1_5' title="bbox 383 540 1995 625">
    <p class='ocr_par' dir='ltr' id='par_1_5' title="bbox 383 540 1976 625">
     <span class='ocr_line' id='line_1_5' title="bbox 383 540 1976 625; baseline -0.003 -18"><span class='ocrx_word' id='word_1_13' title='bbox 383 544 497 607; x_wconf 80' lang='grc' dir='ltr'><strong>Καὶ</strong></span> <span class='ocrx_word' id='word_1_14' title='bbox 533 541 615 602; x_wconf 77' lang='grc' dir='ltr'>ὅτι</span> <span class='ocrx_word' id='word_1_15' title='bbox 664 540 847 623; x_wconf 79' lang='grc' dir='ltr'>ὥσπερ</span> <span class='ocrx_word' id='word_1_16' title='bbox 886 543 1061 602; x_wconf 75' lang='grc' dir='ltr'>ἐκεῖνα</span> <span class='ocrx_word' id='word_1_17' title='bbox 1112 542 1209 601; x_wconf 85' lang='grc' dir='ltr'>οὖκ</span> <span class='ocrx_word' id='word_1_18' title='bbox 1258 540 1569 603; x_wconf 71' lang='grc' dir='ltr'><strong>ἀνθίσταται</strong></span> <span class='ocrx_word' id='word_1_19' title='bbox 1602 542 1976 625; x_wconf 84' lang='grc' dir='ltr'>σφαττόμενα,</span> 
     </span>
    </p>
   </div>
   <div class='ocr_carea' id='block_1_6' title="bbox 2103 540 3689 625">
    <p class='ocr_par' dir='ltr' id='par_1_6' title="bbox 2103 542 3689 617">
     <span class='ocr_line' id='line_1_6' title="bbox 2103 542 3689 617; baseline -0.001 -18"><span class='ocrx_word' id='word_1_20' title='bbox 2103 542 2243 616; x_wconf 73' lang='lat' dir='ltr'><strong>quod</strong></span> <span class='ocrx_word' id='word_1_21' title='bbox 2272 543 2371 612; x_wconf 97' lang='lat' dir='ltr'><strong>ait,</strong></span> <span class='ocrx_word' id='word_1_22' title='bbox 2418 566 2445 594; x_wconf 75' lang='grc' dir='ltr'><strong>σι</strong></span> <span class='ocrx_word' id='word_1_23' title='bbox 2486 547 2781 617; x_wconf 86' lang='lat' dir='ltr'><strong>Tanquam</strong></span> <span class='ocrx_word' id='word_1_24' title='bbox 2807 559 2937 601; x_wconf 89' lang='lat' dir='ltr'><strong>oves</strong></span> <span class='ocrx_word' id='word_1_25' title='bbox 2968 544 3281 601; x_wconf 86' lang='lat' dir='ltr'><strong>mactationi</strong></span> <span class='ocrx_word' id='word_1_26' title='bbox 3312 545 3623 605; x_wconf 56' lang='lat' dir='ltr'><strong>destinatae.</strong></span> <span class='ocrx_word' id='word_1_27' title='bbox 3664 574 3689 597; x_wconf 83' lang='grc' dir='ltr'>ι.</span> 
     </span>
    </p>
   </div>
   <div class='ocr_carea' id='block_1_7' title="bbox 382 632 914 711">
    <p class='ocr_par' dir='ltr' id='par_1_7' title="bbox 382 632 914 711">
     <span class='ocr_line' id='line_1_7' title="bbox 382 632 914 711; baseline 0.002 -20"><span class='ocrx_word' id='word_1_28' title='bbox 382 634 552 702; x_wconf 73' lang='grc' dir='ltr'>οὕτως</span> <span class='ocrx_word' id='word_1_29' title='bbox 588 632 707 694; x_wconf 79' lang='grc' dir='ltr'>οὐδὲ</span> <span class='ocrx_word' id='word_1_30' title='bbox 739 633 914 711; x_wconf 83' lang='grc' dir='ltr'>ἡμεῖς.</span> 
     </span>
    </p>
   </div>
   <div class='ocr_carea' id='block_1_8' title="bbox 474 812 1990 894">
    <p class='ocr_par' dir='ltr' id='par_1_8' title="bbox 474 812 1990 894">
     <span class='ocr_line' id='line_1_8' title="bbox 474 812 1990 894; baseline 0.002 -22"><span class='ocrx_word' id='word_1_31' title='bbox 474 838 503 872; x_wconf 70' lang='grc' dir='ltr'><strong>α</strong></span> <span class='ocrx_word' id='word_1_32' title='bbox 551 814 693 873; x_wconf 84' lang='grc' dir='ltr'>Ἀλλ’</span> <span class='ocrx_word' id='word_1_33' title='bbox 745 815 800 873; x_wconf 74' lang='grc' dir='ltr'><strong>ἐν</strong></span> <span class='ocrx_word' id='word_1_34' title='bbox 848 812 1052 881; x_wconf 78' lang='grc' dir='ltr'><strong>τούτοις</strong></span> <span class='ocrx_word' id='word_1_35' title='bbox 1103 822 1268 873; x_wconf 80' lang='grc' dir='ltr'>πᾶσιν</span> <span class='ocrx_word' id='word_1_36' title='bbox 1318 817 1685 894; x_wconf 77' lang='grc' dir='ltr'><strong>ὑπερνικῶμεν</strong></span> <span class='ocrx_word' id='word_1_37' title='bbox 1746 816 1834 876; x_wconf 83' lang='grc' dir='ltr'><strong>διὰ</strong></span> <span class='ocrx_word' id='word_1_38' title='bbox 1895 821 1990 876; x_wconf 82' lang='grc' dir='ltr'><strong>τοῦ</strong></span> 
     </span>
    </p>
   </div>
   <div class='ocr_carea' id='block_1_9' title="bbox 387 903 1990 985">
    <p class='ocr_par' dir='ltr' id='par_1_9' title="bbox 387 903 1990 985">
     <span class='ocr_line' id='line_1_9' title="bbox 387 903 1990 985; baseline 0.001 -21"><span class='ocrx_word' id='word_1_39' title='bbox 387 904 763 985; x_wconf 76' lang='grc' dir='ltr'>ἀγαπήσαντος</span> <span class='ocrx_word' id='word_1_40' title='bbox 791 907 958 980; x_wconf 76' lang='grc' dir='ltr'>ἡμᾶς.</span> <span class='ocrx_word' id='word_1_41' title='bbox 998 929 1024 957; x_wconf 72' lang='grc' dir='ltr'><strong><em>ι</em></strong></span> <span class='ocrx_word' id='word_1_42' title='bbox 1064 903 1278 979; x_wconf 80' lang='grc' dir='ltr'>Εἰπὼν,</span> <span class='ocrx_word' id='word_1_43' title='bbox 1312 905 1390 964; x_wconf 79' lang='grc' dir='ltr'>ὅτι</span> <span class='ocrx_word' id='word_1_44' title='bbox 1422 904 1816 984; x_wconf 85' lang='grc' dir='ltr'>Θανατούμεθα</span> <span class='ocrx_word' id='word_1_45' title='bbox 1839 950 1855 979; x_wconf 90' lang='grc'><strong>,</strong></span> <span class='ocrx_word' id='word_1_46' title='bbox 1902 907 1990 965; x_wconf 88' lang='grc' dir='ltr'>τί-</span> 
     </span>
    </p>
   </div>
   <div class='ocr_carea' id='block_1_10' title="bbox 388 992 1991 1078">
    <p class='ocr_par' dir='ltr' id='par_1_10' title="bbox 388 992 1991 1078">
     <span class='ocr_line' id='line_1_10' title="bbox 388 992 1991 1078; baseline 0.001 -23"><span class='ocrx_word' id='word_1_47' title='bbox 388 1001 513 1067; x_wconf 81' lang='grc' dir='ltr'>θησι</span> <span class='ocrx_word' id='word_1_48' title='bbox 570 992 665 1053; x_wconf 81' lang='grc' dir='ltr'><strong>καὶ</strong></span> <span class='ocrx_word' id='word_1_49' title='bbox 715 992 812 1067; x_wconf 74' lang='grc' dir='ltr'><strong>τὴν</strong></span> <span class='ocrx_word' id='word_1_50' title='bbox 861 993 1237 1074; x_wconf 85' lang='grc' dir='ltr'>παράκλησιν,</span> <span class='ocrx_word' id='word_1_51' title='bbox 1286 992 1372 1053; x_wconf 78' lang='grc' dir='ltr'><strong>ἵνα</strong></span> <span class='ocrx_word' id='word_1_52' title='bbox 1418 995 1492 1073; x_wconf 82' lang='grc' dir='ltr'><strong>μή</strong></span> <span class='ocrx_word' id='word_1_53' title='bbox 1554 1019 1633 1064; x_wconf 89' lang='grc' dir='ltr'><strong>τις</strong></span> <span class='ocrx_word' id='word_1_54' title='bbox 1685 996 1991 1078; x_wconf 82' lang='grc' dir='ltr'>ἀνθρώπινα</span> 
     </span>
    </p>
   </div>
   <div class='ocr_carea' id='block_1_11' title="bbox 390 1083 1987 1167">
    <p class='ocr_par' dir='ltr' id='par_1_11' title="bbox 390 1083 1987 1167">
     <span class='ocr_line' id='line_1_11' title="bbox 390 1083 1987 1167; baseline 0 -22"><span class='ocrx_word' id='word_1_55' title='bbox 390 1083 657 1165; x_wconf 78' lang='grc' dir='ltr'><strong>φρονήσας</strong></span> <span class='ocrx_word' id='word_1_56' title='bbox 679 1084 1024 1165; x_wconf 73' lang='grc' dir='ltr'><strong>ἀπαγορεύσῃ</strong></span> <span class='ocrx_word' id='word_1_57' title='bbox 1057 1108 1071 1123; x_wconf 73' lang='grc'><strong><em>⁸</em></strong></span> <span class='ocrx_word' id='word_1_58' title='bbox 1101 1084 1193 1144; x_wconf 82' lang='grc' dir='ltr'><strong>καί</strong></span> <span class='ocrx_word' id='word_1_59' title='bbox 1222 1108 1380 1166; x_wconf 82' lang='grc' dir='ltr'>φησιν</span> <span class='ocrx_word' id='word_1_60' title='bbox 1400 1131 1415 1159; x_wconf 93' lang='grc'><strong>,</strong></span> <span class='ocrx_word' id='word_1_61' title='bbox 1447 1087 1548 1167; x_wconf 80' lang='grc' dir='ltr'><strong>οὐχ</strong></span> <span class='ocrx_word' id='word_1_62' title='bbox 1579 1085 1659 1145; x_wconf 78' lang='grc' dir='ltr'><strong>ὅτι</strong></span> <span class='ocrx_word' id='word_1_63' title='bbox 1698 1088 1950 1165; x_wconf 76' lang='grc' dir='ltr'>Νικῶμεν</span> <span class='ocrx_word' id='word_1_64' title='bbox 1971 1135 1987 1163; x_wconf 86' lang='grc'><strong>,</strong></span> 
     </span>
    </p>
   </div>
   <div class='ocr_carea' id='block_1_12' title="bbox 394 1173 1990 1254">
    <p class='ocr_par' dir='ltr' id='par_1_12' title="bbox 394 1173 1990 1254">
     <span class='ocr_line' id='line_1_12' title="bbox 394 1173 1951 1235; baseline 0.002 -3"><span class='ocrx_word' id='word_1_65' title='bbox 394 1173 731 1235; x_wconf 79' lang='grc' dir='ltr'>ἀλλ’σιὙπ</span> <span class='ocrx_word' id='word_1_66' title='bbox 881 1176 917 1191; x_wconf 77' lang='grc'><em>“</em></span> <span class='ocrx_word' id='word_1_67' title='bbox 1040 1198 1055 1212; x_wconf 81' lang='grc'><em>’</em></span> <span class='ocrx_word' id='word_1_68' title='bbox 1268 1175 1282 1196; x_wconf 81' lang='lat'><em>&#39;</em></span> <span class='ocrx_word' id='word_1_69' title='bbox 1527 1176 1744 1235; x_wconf 75' lang='lat' dir='ltr'><strong>&quot;li</strong></span> <span class='ocrx_word' id='word_1_70' title='bbox 1848 1177 1951 1201; x_wconf 70' lang='grc'><strong>⁸¹</strong></span> 
     </span>
     <span class='ocr_line' id='line_1_13' title="bbox 519 1197 1990 1254; baseline 0.001 -20"><span class='ocrx_word' id='word_1_71' title='bbox 519 1219 536 1248; x_wconf 91' lang='grc'><strong>,</strong></span> <span class='ocrx_word' id='word_1_72' title='bbox 733 1197 1022 1254; x_wconf 85' lang='grc' dir='ltr'>ερνικωμεν</span> <span class='ocrx_word' id='word_1_73' title='bbox 1077 1203 1101 1228; x_wconf 66' lang='grc' dir='ltr'>υ</span> <span class='ocrx_word' id='word_1_74' title='bbox 1129 1199 1391 1248; x_wconf 87' lang='grc' dir='ltr'>τουτεστι,</span> <span class='ocrx_word' id='word_1_75' title='bbox 1425 1199 1525 1253; x_wconf 87' lang='grc' dir='ltr'><strong>μετ</strong></span> <span class='ocrx_word' id='word_1_76' title='bbox 1568 1199 1690 1236; x_wconf 88' lang='grc' dir='ltr'>ευκο</span> <span class='ocrx_word' id='word_1_77' title='bbox 1748 1202 1808 1245; x_wconf 90' lang='grc' dir='ltr'><strong>ας</strong></span> <span class='ocrx_word' id='word_1_78' title='bbox 1838 1200 1990 1236; x_wconf 89' lang='grc' dir='ltr'>απα-</span> 
     </span>
    </p>
   </div>
   <div class='ocr_carea' id='block_1_13' title="bbox 394 1262 1993 1345">
    <p class='ocr_par' dir='ltr' id='par_1_13' title="bbox 394 1262 1993 1345">
     <span class='ocr_line' id='line_1_14' title="bbox 394 1262 1993 1345; baseline 0.003 -24"><span class='ocrx_word' id='word_1_79' title='bbox 394 1288 521 1338; x_wconf 87' lang='grc' dir='ltr'>σης,</span> <span class='ocrx_word' id='word_1_80' title='bbox 550 1263 715 1345; x_wconf 70' lang='grc' dir='ltr'>χωρὶς</span> <span class='ocrx_word' id='word_1_81' title='bbox 766 1262 1003 1345; x_wconf 76' lang='grc' dir='ltr'>ἱδρώτων</span> <span class='ocrx_word' id='word_1_82' title='bbox 1037 1265 1127 1325; x_wconf 77' lang='grc' dir='ltr'>καὶ</span> <span class='ocrx_word' id='word_1_83' title='bbox 1175 1264 1377 1339; x_wconf 86' lang='grc' dir='ltr'>πόνων,</span> <span class='ocrx_word' id='word_1_84' title='bbox 1425 1266 1515 1324; x_wconf 81' lang='grc' dir='ltr'>καὶ</span> <span class='ocrx_word' id='word_1_85' title='bbox 1562 1269 1614 1326; x_wconf 78' lang='grc' dir='ltr'>ἐν</span> <span class='ocrx_word' id='word_1_86' title='bbox 1649 1268 1823 1334; x_wconf 81' lang='grc' dir='ltr'>αὐτοῖς</span> <span class='ocrx_word' id='word_1_87' title='bbox 1870 1266 1993 1328; x_wconf 82' lang='grc' dir='ltr'>τού·</span> 
     </span>
    </p>
   </div>
   <div class='ocr_carea' id='block_1_14' title="bbox 395 1353 1991 1435">
    <p class='ocr_par' dir='ltr' id='par_1_14' title="bbox 395 1353 1991 1435">
     <span class='ocr_line' id='line_1_15' title="bbox 395 1353 1991 1435; baseline 0.003 -22"><span class='ocrx_word' id='word_1_88' title='bbox 395 1376 505 1422; x_wconf 87' lang='grc' dir='ltr'>τοις</span> <span class='ocrx_word' id='word_1_89' title='bbox 533 1356 598 1413; x_wconf 87' lang='grc' dir='ltr'>δι’</span> <span class='ocrx_word' id='word_1_90' title='bbox 629 1353 705 1412; x_wconf 76' lang='grc' dir='ltr'>ὧν</span> <span class='ocrx_word' id='word_1_91' title='bbox 745 1353 1225 1431; x_wconf 76' lang='grc' dir='ltr'>ἐπιϐουλευόμεθα.</span> <span class='ocrx_word' id='word_1_92' title='bbox 1261 1356 1437 1414; x_wconf 77' lang='grc' dir='ltr'>Τοῦτο</span> <span class='ocrx_word' id='word_1_93' title='bbox 1482 1353 1587 1435; x_wconf 78' lang='grc' dir='ltr'><strong>γὰρ</strong></span> <span class='ocrx_word' id='word_1_94' title='bbox 1620 1360 1654 1428; x_wconf 90' lang='grc' dir='ltr'><strong>ἡ</strong></span> <span class='ocrx_word' id='word_1_95' title='bbox 1682 1358 1991 1433; x_wconf 75' lang='grc' dir='ltr'><strong>τελειοτάτη</strong></span> 
     </span>
    </p>
   </div>
   <div class='ocr_carea' id='block_1_15' title="bbox 395 1441 1991 1528">
    <p class='ocr_par' dir='ltr' id='par_1_15' title="bbox 395 1441 1991 1528">
     <span class='ocr_line' id='line_1_16' title="bbox 395 1441 1991 1528; baseline 0.004 -25"><span class='ocrx_word' id='word_1_96' title='bbox 395 1444 515 1517; x_wconf 88' lang='grc' dir='ltr'>νίκη</span> <span class='ocrx_word' id='word_1_97' title='bbox 532 1489 549 1517; x_wconf 90' lang='grc'><strong>,</strong></span> <span class='ocrx_word' id='word_1_98' title='bbox 582 1441 712 1511; x_wconf 64' lang='grc' dir='ltr'>ὅταν</span> <span class='ocrx_word' id='word_1_99' title='bbox 730 1443 1070 1520; x_wconf 74' lang='grc' dir='ltr'>ἐλαυνόμενοι</span> <span class='ocrx_word' id='word_1_100' title='bbox 1098 1447 1204 1503; x_wconf 88' lang='grc' dir='ltr'><strong>τῶν</strong></span> <span class='ocrx_word' id='word_1_101' title='bbox 1232 1444 1528 1504; x_wconf 80' lang='grc' dir='ltr'>διωκόντων</span> <span class='ocrx_word' id='word_1_102' title='bbox 1560 1446 1991 1528; x_wconf 76' lang='grc' dir='ltr'>ὕπερισχύώμεν.</span> 
     </span>
    </p>
   </div>
   <div class='ocr_carea' id='block_1_16' title="bbox 401 1530 1995 1616">
    <p class='ocr_par' dir='ltr' id='par_1_16' title="bbox 401 1530 1995 1616">
     <span class='ocr_line' id='line_1_17' title="bbox 401 1530 1995 1616; baseline 0.003 -22"><span class='ocrx_word' id='word_1_103' title='bbox 401 1532 511 1594; x_wconf 75' lang='grc' dir='ltr'><strong>Καὶ</strong></span> <span class='ocrx_word' id='word_1_104' title='bbox 544 1531 620 1611; x_wconf 78' lang='grc' dir='ltr'><strong>μὴ</strong></span> <span class='ocrx_word' id='word_1_105' title='bbox 645 1530 948 1614; x_wconf 72' lang='grc' dir='ltr'>ἀπιστήσῃς</span> <span class='ocrx_word' id='word_1_106' title='bbox 971 1556 986 1571; x_wconf 78' lang='grc'><strong>’</strong></span> <span class='ocrx_word' id='word_1_107' title='bbox 1028 1532 1165 1602; x_wconf 85' lang='grc' dir='ltr'>Θεὸς</span> <span class='ocrx_word' id='word_1_108' title='bbox 1194 1533 1296 1616; x_wconf 87' lang='grc' dir='ltr'><strong>γάρ</strong></span> <span class='ocrx_word' id='word_1_109' title='bbox 1334 1538 1476 1595; x_wconf 85' lang='grc' dir='ltr'>ἐστιν</span> <span class='ocrx_word' id='word_1_110' title='bbox 1505 1538 1533 1594; x_wconf 81' lang='grc' dir='ltr'>ὁ</span> <span class='ocrx_word' id='word_1_111' title='bbox 1563 1538 1995 1616; x_wconf 83' lang='grc' dir='ltr'>συναγωνιζόμε-</span> 
     </span>
    </p>
   </div>
   <div class='ocr_carea' id='block_1_17' title="bbox 394 1620 1989 1708">
    <p class='ocr_par' dir='ltr' id='par_1_17' title="bbox 394 1620 1989 1708">
     <span class='ocr_line' id='line_1_18' title="bbox 394 1620 1989 1708; baseline 0.006 -27"><span class='ocrx_word' id='word_1_112' title='bbox 394 1647 480 1690; x_wconf 89' lang='grc' dir='ltr'><strong>νος</strong></span> <span class='ocrx_word' id='word_1_113' title='bbox 505 1644 520 1659; x_wconf 79' lang='grc' dir='ltr'><strong><em>ο</em></strong></span> <span class='ocrx_word' id='word_1_114' title='bbox 554 1620 694 1682; x_wconf 80' lang='grc' dir='ltr'>ἀλλὰ</span> <span class='ocrx_word' id='word_1_115' title='bbox 719 1622 813 1681; x_wconf 79' lang='grc' dir='ltr'>καὶ</span> <span class='ocrx_word' id='word_1_116' title='bbox 844 1622 1126 1702; x_wconf 86' lang='grc' dir='ltr'>ἠγάπησεν</span> <span class='ocrx_word' id='word_1_117' title='bbox 1156 1628 1324 1702; x_wconf 80' lang='grc' dir='ltr'>ἡμᾶς.</span> <span class='ocrx_word' id='word_1_118' title='bbox 1360 1622 1534 1684; x_wconf 84' lang='grc' dir='ltr'>Ὥστε</span> <span class='ocrx_word' id='word_1_119' title='bbox 1564 1626 1623 1686; x_wconf 82' lang='grc' dir='ltr'>οὗ</span> <span class='ocrx_word' id='word_1_120' title='bbox 1652 1629 1989 1708; x_wconf 86' lang='grc' dir='ltr'>θαυμαστὸν,</span> 
     </span>
    </p>
   </div>
   <div class='ocr_carea' id='block_1_18' title="bbox 395 1712 1550 1793">
    <p class='ocr_par' dir='ltr' id='par_1_18' title="bbox 395 1712 1550 1793">
     <span class='ocr_line' id='line_1_19' title="bbox 395 1712 1550 1793; baseline 0.002 -21"><span class='ocrx_word' id='word_1_121' title='bbox 395 1715 444 1772; x_wconf 79' lang='grc' dir='ltr'>εἰ</span> <span class='ocrx_word' id='word_1_122' title='bbox 473 1716 840 1793; x_wconf 74' lang='grc' dir='ltr'>ὑπερνικῶμεν</span> <span class='ocrx_word' id='word_1_123' title='bbox 865 1715 921 1773; x_wconf 81' lang='grc' dir='ltr'><strong>ἐν</strong></span> <span class='ocrx_word' id='word_1_124' title='bbox 951 1712 1131 1792; x_wconf 81' lang='grc' dir='ltr'>μέσοις</span> <span class='ocrx_word' id='word_1_125' title='bbox 1172 1717 1279 1783; x_wconf 87' lang='grc' dir='ltr'>τοῖς</span> <span class='ocrx_word' id='word_1_126' title='bbox 1305 1716 1512 1785; x_wconf 82' lang='grc' dir='ltr'>δεινοῖς.</span> <span class='ocrx_word' id='word_1_127' title='bbox 1544 1790 1550 1793; x_wconf 86' lang='lat'>_</span> 
     </span>
    </p>
   </div>
   <div class='ocr_carea' id='block_1_19' title="bbox 2106 634 3694 708">
    <p class='ocr_par' dir='ltr' id='par_1_19' title="bbox 2106 634 3694 708">
     <span class='ocr_line' id='line_1_20' title="bbox 2106 634 3694 708; baseline 0.002 -17"><span class='ocrx_word' id='word_1_128' title='bbox 2106 639 2174 691; x_wconf 85' lang='lat' dir='ltr'><strong>Et</strong></span> <span class='ocrx_word' id='word_1_129' title='bbox 2225 635 2452 708; x_wconf 84' lang='lat' dir='ltr'><strong>perinde</strong></span> <span class='ocrx_word' id='word_1_130' title='bbox 2504 651 2569 691; x_wconf 89' lang='lat' dir='ltr'><strong>ac</strong></span> <span class='ocrx_word' id='word_1_131' title='bbox 2596 635 2703 692; x_wconf 64' lang='lat' dir='ltr'><strong>illa:</strong></span> <span class='ocrx_word' id='word_1_132' title='bbox 2743 650 2860 692; x_wconf 92' lang='lat' dir='ltr'><strong>non</strong></span> <span class='ocrx_word' id='word_1_133' title='bbox 2888 635 3154 692; x_wconf 85' lang='lat' dir='ltr'><strong>resistunt</strong></span> <span class='ocrx_word' id='word_1_134' title='bbox 3193 634 3331 692; x_wconf 91' lang='lat' dir='ltr'><strong>dum</strong></span> <span class='ocrx_word' id='word_1_135' title='bbox 3360 645 3694 706; x_wconf 78' lang='lat' dir='ltr'><strong>mactantur,</strong></span> 
     </span>
    </p>
   </div>
   <div class='ocr_carea' id='block_1_20' title="bbox 2101 726 2536 799">
    <p class='ocr_par' dir='ltr' id='par_1_20' title="bbox 2101 726 2536 799">
     <span class='ocr_line' id='line_1_21' title="bbox 2101 726 2536 799; baseline 0 -18"><span class='ocrx_word' id='word_1_136' title='bbox 2101 726 2182 781; x_wconf 91' lang='lat' dir='ltr'><strong>sic</strong></span> <span class='ocrx_word' id='word_1_137' title='bbox 2206 741 2389 799; x_wconf 86' lang='lat' dir='ltr'><strong>neque</strong></span> <span class='ocrx_word' id='word_1_138' title='bbox 2412 740 2536 783; x_wconf 91' lang='lat' dir='ltr'><strong>nos.</strong></span> 
     </span>
    </p>
   </div>
   <div class='ocr_carea' id='block_1_21' title="bbox 2172 815 3697 889">
    <p class='ocr_par' dir='ltr' id='par_1_21' title="bbox 2172 815 3697 889">
     <span class='ocr_line' id='line_1_22' title="bbox 2172 815 3697 889; baseline 0 -16"><span class='ocrx_word' id='word_1_139' title='bbox 2172 819 2354 874; x_wconf 70' lang='lat' dir='ltr'><strong>Vsus.</strong></span> <span class='ocrx_word' id='word_1_140' title='bbox 2372 822 2460 873; x_wconf 84' lang='lat'><strong>37.</strong></span> <span class='ocrx_word' id='word_1_141' title='bbox 2492 840 2518 866; x_wconf 75' lang='grc' dir='ltr'><strong>α</strong></span> <span class='ocrx_word' id='word_1_142' title='bbox 2539 816 2646 873; x_wconf 88' lang='lat' dir='ltr'><strong>Sed</strong></span> <span class='ocrx_word' id='word_1_143' title='bbox 2665 815 2727 872; x_wconf 90' lang='lat' dir='ltr'><strong>in</strong></span> <span class='ocrx_word' id='word_1_144' title='bbox 2740 815 2821 872; x_wconf 91' lang='lat' dir='ltr'><strong>his</strong></span> <span class='ocrx_word' id='word_1_145' title='bbox 2834 817 3093 873; x_wconf 91' lang='lat' dir='ltr'><strong>omnibus</strong></span> <span class='ocrx_word' id='word_1_146' title='bbox 3112 832 3440 888; x_wconf 85' lang='lat' dir='ltr'><strong>superamus</strong></span> <span class='ocrx_word' id='word_1_147' title='bbox 3460 832 3559 889; x_wconf 88' lang='lat' dir='ltr'><strong>per</strong></span> <span class='ocrx_word' id='word_1_148' title='bbox 3569 832 3697 873; x_wconf 91' lang='lat' dir='ltr'><strong>eum</strong></span> 
     </span>
    </p>
   </div>
   <div class='ocr_carea' id='block_1_22' title="bbox 2102 906 3696 980">
    <p class='ocr_par' dir='ltr' id='par_1_22' title="bbox 2102 906 3696 980">
     <span class='ocr_line' id='line_1_23' title="bbox 2102 906 3696 980; baseline 0 -17"><span class='ocrx_word' id='word_1_149' title='bbox 2102 907 2199 980; x_wconf 87' lang='lat' dir='ltr'><strong>qui</strong></span> <span class='ocrx_word' id='word_1_150' title='bbox 2239 907 2437 964; x_wconf 82' lang='lat' dir='ltr'><strong>dilexit</strong></span> <span class='ocrx_word' id='word_1_151' title='bbox 2459 923 2582 963; x_wconf 89' lang='lat' dir='ltr'><strong>nos.</strong></span> <span class='ocrx_word' id='word_1_152' title='bbox 2616 930 2643 956; x_wconf 82' lang='lat'><strong><em>»</em></strong></span> <span class='ocrx_word' id='word_1_153' title='bbox 2666 906 2810 977; x_wconf 87' lang='lat' dir='ltr'><strong>Quia</strong></span> <span class='ocrx_word' id='word_1_154' title='bbox 2832 906 3070 975; x_wconf 80' lang='lat' dir='ltr'><strong>dixerat,</strong></span> <span class='ocrx_word' id='word_1_155' title='bbox 3100 906 3421 964; x_wconf 90' lang='lat' dir='ltr'><strong>Occidimur</strong></span> <span class='ocrx_word' id='word_1_156' title='bbox 3448 908 3696 963; x_wconf 88' lang='lat' dir='ltr'><strong>consola-</strong></span> 
     </span>
    </p>
   </div>
   <div class='ocr_carea' id='block_1_23' title="bbox 2100 996 3697 1070">
    <p class='ocr_par' dir='ltr' id='par_1_23' title="bbox 2100 996 3697 1070">
     <span class='ocr_line' id='line_1_24' title="bbox 2100 996 3697 1070; baseline -0.001 -17"><span class='ocrx_word' id='word_1_157' title='bbox 2100 998 2311 1054; x_wconf 81' lang='lat' dir='ltr'><strong>tionem</strong></span> <span class='ocrx_word' id='word_1_158' title='bbox 2335 1014 2487 1054; x_wconf 91' lang='lat' dir='ltr'><strong>nunc</strong></span> <span class='ocrx_word' id='word_1_159' title='bbox 2520 996 2723 1070; x_wconf 85' lang='lat' dir='ltr'><strong>adjicit,</strong></span> <span class='ocrx_word' id='word_1_160' title='bbox 2756 1013 2828 1053; x_wconf 93' lang='lat' dir='ltr'><strong>ne</strong></span> <span class='ocrx_word' id='word_1_161' title='bbox 2854 997 2978 1070; x_wconf 90' lang='lat' dir='ltr'><strong>quis</strong></span> <span class='ocrx_word' id='word_1_162' title='bbox 3003 998 3247 1054; x_wconf 90' lang='lat' dir='ltr'><strong>humana</strong></span> <span class='ocrx_word' id='word_1_163' title='bbox 3273 997 3524 1070; x_wconf 85' lang='lat' dir='ltr'><strong>cogitans</strong></span> <span class='ocrx_word' id='word_1_164' title='bbox 3562 997 3697 1053; x_wconf 82' lang='lat' dir='ltr'><strong>deﬁ-</strong></span> 
     </span>
    </p>
   </div>
   <div class='ocr_carea' id='block_1_24' title="bbox 2102 1086 3696 1161">
    <p class='ocr_par' dir='ltr' id='par_1_24' title="bbox 2102 1086 3696 1161">
     <span class='ocr_line' id='line_1_25' title="bbox 2102 1086 3696 1161; baseline -0.001 -18"><span class='ocrx_word' id='word_1_165' title='bbox 2102 1087 2212 1144; x_wconf 86' lang='lat' dir='ltr'><strong>ciat</strong></span> <span class='ocrx_word' id='word_1_166' title='bbox 2227 1095 2284 1144; x_wconf 92' lang='lat' dir='ltr'><strong>et</strong></span> <span class='ocrx_word' id='word_1_167' title='bbox 2296 1086 2569 1161; x_wconf 81' lang='lat' dir='ltr'><strong>desperet,</strong></span> <span class='ocrx_word' id='word_1_168' title='bbox 2581 1086 2980 1159; x_wconf 88' lang='lat' dir='ltr'><strong>noninquiens,</strong></span> <span class='ocrx_word' id='word_1_169' title='bbox 2997 1086 3307 1156; x_wconf 85' lang='lat' dir='ltr'><strong>Vincimus,</strong></span> <span class='ocrx_word' id='word_1_170' title='bbox 3331 1086 3451 1155; x_wconf 90' lang='lat' dir='ltr'><strong>sed,</strong></span> <span class='ocrx_word' id='word_1_171' title='bbox 3478 1111 3503 1137; x_wconf 79' lang='grc' dir='ltr'><strong>σι</strong></span> <span class='ocrx_word' id='word_1_172' title='bbox 3518 1089 3696 1159; x_wconf 90' lang='lat' dir='ltr'><strong>Supe-</strong></span> 
     </span>
    </p>
   </div>
   <div class='ocr_carea' id='block_1_25' title="bbox 2101 1177 3701 1250">
    <p class='ocr_par' dir='ltr' id='par_1_25' title="bbox 2101 1177 3701 1250">
     <span class='ocr_line' id='line_1_26' title="bbox 2101 1177 3701 1250; baseline -0.001 -16"><span class='ocrx_word' id='word_1_173' title='bbox 2101 1192 2309 1247; x_wconf 84' lang='lat' dir='ltr'><strong>ramus,</strong></span> <span class='ocrx_word' id='word_1_174' title='bbox 2352 1201 2381 1228; x_wconf 66' lang='grc' dir='ltr'>υ</span> <span class='ocrx_word' id='word_1_175' title='bbox 2421 1178 2535 1235; x_wconf 83' lang='lat' dir='ltr'><strong>sive</strong></span> <span class='ocrx_word' id='word_1_176' title='bbox 2587 1177 3053 1250; x_wconf 90' lang='lat' dir='ltr'><strong>supervincimus,</strong></span> <span class='ocrx_word' id='word_1_177' title='bbox 3085 1177 3193 1233; x_wconf 91' lang='lat' dir='ltr'><strong>hoc</strong></span> <span class='ocrx_word' id='word_1_178' title='bbox 3228 1185 3334 1248; x_wconf 91' lang='lat' dir='ltr'><strong>est,</strong></span> <span class='ocrx_word' id='word_1_179' title='bbox 3363 1193 3490 1233; x_wconf 90' lang='lat' dir='ltr'><strong>cum</strong></span> <span class='ocrx_word' id='word_1_180' title='bbox 3545 1177 3701 1234; x_wconf 93' lang='lat' dir='ltr'><strong>omni</strong></span> 
     </span>
    </p>
   </div>
   <div class='ocr_carea' id='block_1_26' title="bbox 2104 1267 3699 1341">
    <p class='ocr_par' dir='ltr' id='par_1_26' title="bbox 2104 1267 3699 1341">
     <span class='ocr_line' id='line_1_27' title="bbox 2104 1267 3699 1341; baseline 0 -18"><span class='ocrx_word' id='word_1_181' title='bbox 2104 1267 2363 1325; x_wconf 84' lang='lat' dir='ltr'><strong>facilitate</strong></span> <span class='ocrx_word' id='word_1_182' title='bbox 2407 1267 2541 1325; x_wconf 91' lang='lat' dir='ltr'><strong>citra</strong></span> <span class='ocrx_word' id='word_1_183' title='bbox 2596 1268 2827 1325; x_wconf 88' lang='lat' dir='ltr'><strong>sudores</strong></span> <span class='ocrx_word' id='word_1_184' title='bbox 2880 1276 2935 1324; x_wconf 88' lang='lat' dir='ltr'><strong>et</strong></span> <span class='ocrx_word' id='word_1_185' title='bbox 2972 1268 3215 1336; x_wconf 87' lang='lat' dir='ltr'><strong>labores,</strong></span> <span class='ocrx_word' id='word_1_186' title='bbox 3256 1276 3312 1323; x_wconf 88' lang='lat' dir='ltr'><strong>et</strong></span> <span class='ocrx_word' id='word_1_187' title='bbox 3337 1283 3437 1341; x_wconf 89' lang='lat' dir='ltr'><strong>per</strong></span> <span class='ocrx_word' id='word_1_188' title='bbox 3479 1284 3545 1324; x_wconf 90' lang='lat' dir='ltr'><strong>ea</strong></span> <span class='ocrx_word' id='word_1_189' title='bbox 3581 1268 3699 1340; x_wconf 86' lang='lat' dir='ltr'><strong>ipsa</strong></span> 
     </span>
    </p>
   </div>
   <div class='ocr_carea' id='block_1_27' title="bbox 2101 1356 3697 1433">
    <p class='ocr_par' dir='ltr' id='par_1_27' title="bbox 2101 1356 3697 1433">
     <span class='ocr_line' id='line_1_28' title="bbox 2101 1356 3697 1433; baseline -0.001 -19"><span class='ocrx_word' id='word_1_190' title='bbox 2101 1358 2302 1433; x_wconf 86' lang='lat' dir='ltr'><strong>quibus</strong></span> <span class='ocrx_word' id='word_1_191' title='bbox 2345 1357 2508 1415; x_wconf 90' lang='lat' dir='ltr'><strong>nobis</strong></span> <span class='ocrx_word' id='word_1_192' title='bbox 2546 1357 2756 1415; x_wconf 70' lang='lat' dir='ltr'><strong>insidiae</strong></span> <span class='ocrx_word' id='word_1_193' title='bbox 2783 1357 3109 1415; x_wconf 88' lang='lat' dir='ltr'><strong>tenduntur.</strong></span> <span class='ocrx_word' id='word_1_194' title='bbox 3160 1359 3296 1415; x_wconf 58' lang='lat' dir='ltr'><strong>Haec</strong></span> <span class='ocrx_word' id='word_1_195' title='bbox 3327 1357 3477 1414; x_wconf 90' lang='lat' dir='ltr'><strong>enim</strong></span> <span class='ocrx_word' id='word_1_196' title='bbox 3516 1356 3697 1431; x_wconf 82' lang='lat' dir='ltr'><strong>perfe-</strong></span> 
     </span>
    </p>
   </div>
   <div class='ocr_carea' id='block_1_28' title="bbox 2101 1447 3701 1522">
    <p class='ocr_par' dir='ltr' id='par_1_28' title="bbox 2101 1447 3701 1522">
     <span class='ocr_line' id='line_1_29' title="bbox 2101 1447 3701 1522; baseline 0 -17"><span class='ocrx_word' id='word_1_197' title='bbox 2101 1449 2347 1506; x_wconf 88' lang='lat' dir='ltr'><strong>ctissima</strong></span> <span class='ocrx_word' id='word_1_198' title='bbox 2358 1457 2441 1507; x_wconf 89' lang='lat' dir='ltr'><strong>est</strong></span> <span class='ocrx_word' id='word_1_199' title='bbox 2462 1449 2710 1518; x_wconf 83' lang='lat' dir='ltr'><strong>victoria,</strong></span> <span class='ocrx_word' id='word_1_200' title='bbox 2728 1447 2954 1522; x_wconf 88' lang='lat' dir='ltr'><strong>quando</strong></span> <span class='ocrx_word' id='word_1_201' title='bbox 2971 1447 3110 1505; x_wconf 92' lang='lat' dir='ltr'><strong>dum</strong></span> <span class='ocrx_word' id='word_1_202' title='bbox 3131 1449 3413 1521; x_wconf 89' lang='lat' dir='ltr'><strong>agimuret</strong></span> <span class='ocrx_word' id='word_1_203' title='bbox 3424 1447 3701 1521; x_wconf 89' lang='lat' dir='ltr'><strong>pellimur,</strong></span> 
     </span>
    </p>
   </div>
   <div class='ocr_carea' id='block_1_29' title="bbox 2104 1538 3706 1614">
    <p class='ocr_par' dir='ltr' id='par_1_29' title="bbox 2104 1538 3706 1614">
     <span class='ocr_line' id='line_1_30' title="bbox 2104 1538 3706 1614; baseline -0.002 -17"><span class='ocrx_word' id='word_1_204' title='bbox 2104 1540 2558 1614; x_wconf 85' lang='lat' dir='ltr'><strong>persequentibus</strong></span> <span class='ocrx_word' id='word_1_205' title='bbox 2581 1540 2890 1612; x_wconf 87' lang='lat' dir='ltr'><strong>superiores</strong></span> <span class='ocrx_word' id='word_1_206' title='bbox 2913 1538 3221 1597; x_wconf 88' lang='lat' dir='ltr'><strong>reddimur.</strong></span> <span class='ocrx_word' id='word_1_207' title='bbox 3267 1542 3350 1596; x_wconf 88' lang='lat' dir='ltr'><strong>Ne</strong></span> <span class='ocrx_word' id='word_1_208' title='bbox 3379 1540 3567 1611; x_wconf 86' lang='lat' dir='ltr'><strong>itaque</strong></span> <span class='ocrx_word' id='word_1_209' title='bbox 3602 1538 3706 1595; x_wconf 87' lang='lat' dir='ltr'><strong>dif-</strong></span> 
     </span>
    </p>
   </div>
   <div class='ocr_carea' id='block_1_30' title="bbox 2105 1629 3701 1703">
    <p class='ocr_par' dir='ltr' id='par_1_30' title="bbox 2105 1629 3701 1703">
     <span class='ocr_line' id='line_1_31' title="bbox 2105 1629 3701 1703; baseline -0.001 -16"><span class='ocrx_word' id='word_1_210' title='bbox 2105 1630 2264 1689; x_wconf 82' lang='lat' dir='ltr'><strong>ﬁdas.</strong></span> <span class='ocrx_word' id='word_1_211' title='bbox 2294 1634 2445 1688; x_wconf 90' lang='lat' dir='ltr'><strong>Deus</strong></span> <span class='ocrx_word' id='word_1_212' title='bbox 2462 1631 2614 1687; x_wconf 90' lang='lat' dir='ltr'><strong>enim</strong></span> <span class='ocrx_word' id='word_1_213' title='bbox 2630 1638 2713 1686; x_wconf 89' lang='lat' dir='ltr'><strong>est</strong></span> <span class='ocrx_word' id='word_1_214' title='bbox 2729 1630 2825 1703; x_wconf 91' lang='lat' dir='ltr'><strong>qui</strong></span> <span class='ocrx_word' id='word_1_215' title='bbox 2843 1646 2946 1685; x_wconf 90' lang='lat' dir='ltr'><strong>nos</strong></span> <span class='ocrx_word' id='word_1_216' title='bbox 2965 1629 3026 1685; x_wconf 91' lang='lat' dir='ltr'><strong>in</strong></span> <span class='ocrx_word' id='word_1_217' title='bbox 3040 1629 3435 1686; x_wconf 85' lang='lat' dir='ltr'><strong>certaminibus</strong></span> <span class='ocrx_word' id='word_1_218' title='bbox 3459 1629 3701 1703; x_wconf 89' lang='lat' dir='ltr'><strong>adjuvat,</strong></span> 
     </span>
    </p>
   </div>
   <div class='ocr_carea' id='block_1_31' title="bbox 2106 1719 3705 1794">
    <p class='ocr_par' dir='ltr' id='par_1_31' title="bbox 2106 1719 3705 1794">
     <span class='ocr_line' id='line_1_32' title="bbox 2106 1719 3705 1794; baseline -0.003 -15"><span class='ocrx_word' id='word_1_219' title='bbox 2106 1722 2219 1779; x_wconf 92' lang='lat' dir='ltr'><strong>imo</strong></span> <span class='ocrx_word' id='word_1_220' title='bbox 2247 1723 2345 1794; x_wconf 93' lang='lat' dir='ltr'><strong>qui</strong></span> <span class='ocrx_word' id='word_1_221' title='bbox 2384 1729 2441 1777; x_wconf 91' lang='lat' dir='ltr'><strong>et</strong></span> <span class='ocrx_word' id='word_1_222' title='bbox 2467 1720 2660 1777; x_wconf 81' lang='lat' dir='ltr'><strong>dilexit</strong></span> <span class='ocrx_word' id='word_1_223' title='bbox 2695 1735 2817 1776; x_wconf 92' lang='lat' dir='ltr'><strong>nos.</strong></span> <span class='ocrx_word' id='word_1_224' title='bbox 2849 1721 3031 1789; x_wconf 86' lang='lat' dir='ltr'><strong>Quare</strong></span> <span class='ocrx_word' id='word_1_225' title='bbox 3059 1719 3193 1775; x_wconf 84' lang='lat' dir='ltr'><strong>nihil</strong></span> <span class='ocrx_word' id='word_1_226' title='bbox 3221 1720 3429 1776; x_wconf 90' lang='lat' dir='ltr'><strong>mirum</strong></span> <span class='ocrx_word' id='word_1_227' title='bbox 3459 1719 3503 1775; x_wconf 90' lang='lat' dir='ltr'><strong>si</strong></span> <span class='ocrx_word' id='word_1_228' title='bbox 3532 1720 3614 1776; x_wconf 92' lang='lat' dir='ltr'><strong>vel</strong></span> <span class='ocrx_word' id='word_1_229' title='bbox 3646 1719 3705 1775; x_wconf 90' lang='lat' dir='ltr'><strong>in</strong></span> 
     </span>
    </p>
   </div>
   <div class='ocr_carea' id='block_1_32' title="bbox 2110 1809 3487 1885">
    <p class='ocr_par' dir='ltr' id='par_1_32' title="bbox 2110 1809 3487 1885">
     <span class='ocr_line' id='line_1_33' title="bbox 2110 1809 3487 1885; baseline -0.004 -14"><span class='ocrx_word' id='word_1_230' title='bbox 2110 1812 2310 1871; x_wconf 87' lang='lat' dir='ltr'><strong>mediis</strong></span> <span class='ocrx_word' id='word_1_231' title='bbox 2333 1811 2592 1885; x_wconf 81' lang='lat' dir='ltr'><strong>periculis</strong></span> <span class='ocrx_word' id='word_1_232' title='bbox 2621 1810 2910 1866; x_wconf 82' lang='lat' dir='ltr'><strong>victoriam</strong></span> <span class='ocrx_word' id='word_1_233' title='bbox 2938 1809 3098 1866; x_wconf 85' lang='lat' dir='ltr'><strong>facile</strong></span> <span class='ocrx_word' id='word_1_234' title='bbox 3121 1809 3487 1867; x_wconf 86' lang='lat' dir='ltr'><strong>obtineamus.</strong></span> 
     </span>
    </p>
   </div>
   <div class='ocr_carea' id='block_1_33' title="bbox 479 1894 1995 1988">
    <p class='ocr_par' dir='ltr' id='par_1_33' title="bbox 479 1894 1989 1976">
     <span class='ocr_line' id='line_1_34' title="bbox 479 1894 1989 1976; baseline 0.011 -27"><span class='ocrx_word' id='word_1_235' title='bbox 479 1923 505 1949; x_wconf 80' lang='grc' dir='ltr'>ι</span> <span class='ocrx_word' id='word_1_236' title='bbox 537 1894 845 1973; x_wconf 86' lang='grc' dir='ltr'>Πέπεισμαι</span> <span class='ocrx_word' id='word_1_237' title='bbox 880 1894 984 1975; x_wconf 78' lang='grc' dir='ltr'><strong>γὰρ</strong></span> <span class='ocrx_word' id='word_1_238' title='bbox 1003 1894 1085 1955; x_wconf 80' lang='grc' dir='ltr'>ὅτι</span> <span class='ocrx_word' id='word_1_239' title='bbox 1117 1894 1237 1956; x_wconf 80' lang='grc' dir='ltr'>οὔτε</span> <span class='ocrx_word' id='word_1_240' title='bbox 1277 1896 1529 1973; x_wconf 85' lang='grc' dir='ltr'>θάνατος,</span> <span class='ocrx_word' id='word_1_241' title='bbox 1561 1898 1681 1962; x_wconf 81' lang='grc' dir='ltr'>οὔτε</span> <span class='ocrx_word' id='word_1_242' title='bbox 1707 1901 1836 1976; x_wconf 86' lang='grc' dir='ltr'>ζωὴ,</span> <span class='ocrx_word' id='word_1_243' title='bbox 1871 1904 1989 1964; x_wconf 80' lang='grc' dir='ltr'>οὔτε</span> 
     </span>
    </p>
   </div>
   <div class='ocr_carea' id='block_1_34' title="bbox 2103 1894 3705 1988">
    <p class='ocr_par' dir='ltr' id='par_1_34' title="bbox 2180 1899 3705 1973">
     <span class='ocr_line' id='line_1_35' title="bbox 2180 1899 3705 1973; baseline -0.007 -9"><span class='ocrx_word' id='word_1_244' title='bbox 2180 1911 2359 1965; x_wconf 76' lang='lat' dir='ltr'><strong>Vnns.</strong></span> <span class='ocrx_word' id='word_1_245' title='bbox 2395 1909 2485 1972; x_wconf 87' lang='lat'><strong>38,</strong></span> <span class='ocrx_word' id='word_1_246' title='bbox 2516 1907 2603 1959; x_wconf 85' lang='lat'><strong>39.</strong></span> <span class='ocrx_word' id='word_1_247' title='bbox 2646 1923 2671 1949; x_wconf 77' lang='grc' dir='ltr'><strong>α</strong></span> <span class='ocrx_word' id='word_1_248' title='bbox 2695 1904 3029 1957; x_wconf 87' lang='lat' dir='ltr'><strong>Persuasum</strong></span> <span class='ocrx_word' id='word_1_249' title='bbox 3056 1900 3204 1956; x_wconf 89' lang='lat' dir='ltr'><strong>enim</strong></span> <span class='ocrx_word' id='word_1_250' title='bbox 3233 1899 3523 1970; x_wconf 89' lang='lat' dir='ltr'><strong>habemus,</strong></span> <span class='ocrx_word' id='word_1_251' title='bbox 3557 1899 3705 1973; x_wconf 92' lang='lat' dir='ltr'><strong>quod</strong></span> 
     </span>
    </p>
   </div>
   <div class='ocr_carea' id='block_1_35' title="bbox 396 1984 1995 2075">
    <p class='ocr_par' dir='ltr' id='par_1_35' title="bbox 396 1984 1988 2075">
     <span class='ocr_line' id='line_1_36' title="bbox 396 1984 1988 2075; baseline 0.005 -30"><span class='ocrx_word' id='word_1_252' title='bbox 396 1986 643 2075; x_wconf 79' lang='grc' dir='ltr'>ἄγγελοι,</span> <span class='ocrx_word' id='word_1_253' title='bbox 679 1984 799 2045; x_wconf 80' lang='grc' dir='ltr'>οὔτε</span> <span class='ocrx_word' id='word_1_254' title='bbox 827 1985 1026 2066; x_wconf 77' lang='grc' dir='ltr'>ἀρχαὶ,</span> <span class='ocrx_word' id='word_1_255' title='bbox 1063 1985 1185 2047; x_wconf 80' lang='grc' dir='ltr'>οὔτε</span> <span class='ocrx_word' id='word_1_256' title='bbox 1223 1987 1505 2064; x_wconf 83' lang='grc' dir='ltr'>δυνάμεις,</span> <span class='ocrx_word' id='word_1_257' title='bbox 1537 1988 1657 2050; x_wconf 76' lang='grc' dir='ltr'>οὔτε</span> <span class='ocrx_word' id='word_1_258' title='bbox 1683 1993 1947 2053; x_wconf 78' lang='grc' dir='ltr'>ἐνεστῶτα</span> <span class='ocrx_word' id='word_1_259' title='bbox 1970 2041 1988 2075; x_wconf 85' lang='grc'><strong>,</strong></span> 
     </span>
    </p>
   </div>
   <div class='ocr_carea' id='block_1_36' title="bbox 2103 1984 3707 2075">
    <p class='ocr_par' dir='ltr' id='par_1_36' title="bbox 2103 1990 3707 2072">
     <span class='ocr_line' id='line_1_37' title="bbox 2103 1990 3707 2072; baseline -0.008 -14"><span class='ocrx_word' id='word_1_260' title='bbox 2103 2014 2285 2072; x_wconf 90' lang='lat' dir='ltr'><strong>neque</strong></span> <span class='ocrx_word' id='word_1_261' title='bbox 2307 2010 2483 2063; x_wconf 91' lang='lat' dir='ltr'><strong>mors,</strong></span> <span class='ocrx_word' id='word_1_262' title='bbox 2527 2007 2708 2065; x_wconf 91' lang='lat' dir='ltr'><strong>neque</strong></span> <span class='ocrx_word' id='word_1_263' title='bbox 2737 1990 2863 2059; x_wconf 87' lang='lat' dir='ltr'><strong>vita,</strong></span> <span class='ocrx_word' id='word_1_264' title='bbox 2903 2005 3080 2062; x_wconf 90' lang='lat' dir='ltr'><strong>neque</strong></span> <span class='ocrx_word' id='word_1_265' title='bbox 3112 1991 3315 2063; x_wconf 85' lang='lat' dir='ltr'><strong>angeli,</strong></span> <span class='ocrx_word' id='word_1_266' title='bbox 3345 2005 3524 2061; x_wconf 90' lang='lat' dir='ltr'><strong>neque</strong></span> <span class='ocrx_word' id='word_1_267' title='bbox 3554 1990 3707 2062; x_wconf 87' lang='lat' dir='ltr'><strong>prin-</strong></span> 
     </span>
    </p>
   </div>
   <div class='ocr_carea' id='block_1_37' title="bbox 396 2074 1996 2161">
    <p class='ocr_par' dir='ltr' id='par_1_37' title="bbox 396 2074 1996 2161">
     <span class='ocr_line' id='line_1_38' title="bbox 396 2074 1996 2161; baseline 0.006 -27"><span class='ocrx_word' id='word_1_268' title='bbox 396 2074 518 2135; x_wconf 70' lang='grc' dir='ltr'>οιῖντε</span> <span class='ocrx_word' id='word_1_269' title='bbox 555 2077 821 2153; x_wconf 84' lang='grc' dir='ltr'>μέλλοντα</span> <span class='ocrx_word' id='word_1_270' title='bbox 845 2123 859 2148; x_wconf 85' lang='grc'><strong>,</strong></span> <span class='ocrx_word' id='word_1_271' title='bbox 893 2075 1015 2135; x_wconf 78' lang='grc' dir='ltr'>οὔτε</span> <span class='ocrx_word' id='word_1_272' title='bbox 1063 2076 1263 2159; x_wconf 75' lang='grc' dir='ltr'>ὕψωμα</span> <span class='ocrx_word' id='word_1_273' title='bbox 1286 2123 1302 2153; x_wconf 91' lang='grc'><strong>,</strong></span> <span class='ocrx_word' id='word_1_274' title='bbox 1345 2078 1466 2140; x_wconf 80' lang='grc' dir='ltr'>οὔτε</span> <span class='ocrx_word' id='word_1_275' title='bbox 1516 2080 1677 2161; x_wconf 87' lang='grc' dir='ltr'>βάθος</span> <span class='ocrx_word' id='word_1_276' title='bbox 1700 2130 1716 2157; x_wconf 88' lang='grc'><strong>,</strong></span> <span class='ocrx_word' id='word_1_277' title='bbox 1749 2082 1871 2143; x_wconf 78' lang='grc' dir='ltr'>οὔτε</span> <span class='ocrx_word' id='word_1_278' title='bbox 1915 2074 1996 2153; x_wconf 85' lang='grc' dir='ltr'><strong>τις</strong></span> 
     </span>
    </p>
   </div>
   <div class='ocr_carea' id='block_1_38' title="bbox 396 2164 1993 2253">
    <p class='ocr_par' dir='ltr' id='par_1_38' title="bbox 396 2164 1993 2253">
     <span class='ocr_line' id='line_1_39' title="bbox 396 2164 1993 2253; baseline 0.004 -28"><span class='ocrx_word' id='word_1_279' title='bbox 396 2164 565 2234; x_wconf 78' lang='grc' dir='ltr'>κτίσις</span> <span class='ocrx_word' id='word_1_280' title='bbox 593 2165 775 2247; x_wconf 78' lang='grc' dir='ltr'>ἑτέρα,</span> <span class='ocrx_word' id='word_1_281' title='bbox 811 2164 1097 2239; x_wconf 80' lang='grc' dir='ltr'>δυνήσεται</span> <span class='ocrx_word' id='word_1_282' title='bbox 1126 2174 1270 2245; x_wconf 74' lang='grc' dir='ltr'>ἡμᾶς</span> <span class='ocrx_word' id='word_1_283' title='bbox 1310 2168 1541 2249; x_wconf 72' lang='grc' dir='ltr'>χωρίσαι</span> <span class='ocrx_word' id='word_1_284' title='bbox 1573 2172 1681 2233; x_wconf 83' lang='grc' dir='ltr'><strong>ἀπὸ</strong></span> <span class='ocrx_word' id='word_1_285' title='bbox 1728 2176 1821 2246; x_wconf 83' lang='grc' dir='ltr'><strong>τῆς</strong></span> <span class='ocrx_word' id='word_1_286' title='bbox 1853 2174 1993 2253; x_wconf 84' lang='grc' dir='ltr'>ἀγά-</span> 
     </span>
    </p>
   </div>
   <div class='ocr_carea' id='block_1_39' title="bbox 396 2259 1993 2348">
    <p class='ocr_par' dir='ltr' id='par_1_39' title="bbox 396 2259 1993 2348">
     <span class='ocr_line' id='line_1_40' title="bbox 396 2259 1993 2348; baseline 0.006 -33"><span class='ocrx_word' id='word_1_287' title='bbox 396 2280 503 2329; x_wconf 84' lang='grc' dir='ltr'><strong>πης</strong></span> <span class='ocrx_word' id='word_1_288' title='bbox 548 2261 641 2316; x_wconf 80' lang='grc' dir='ltr'><strong>τοῦ</strong></span> <span class='ocrx_word' id='word_1_289' title='bbox 689 2260 872 2335; x_wconf 76' lang='grc' dir='ltr'>Θεοῦ,</span> <span class='ocrx_word' id='word_1_290' title='bbox 917 2261 1014 2348; x_wconf 65' lang='grc' dir='ltr'><strong>τῇς</strong></span> <span class='ocrx_word' id='word_1_291' title='bbox 1067 2260 1121 2316; x_wconf 76' lang='grc' dir='ltr'>ἐν</span> <span class='ocrx_word' id='word_1_292' title='bbox 1166 2260 1393 2348; x_wconf 9' lang='grc' dir='ltr'>,Χριστῷ</span> <span class='ocrx_word' id='word_1_293' title='bbox 1444 2259 1625 2334; x_wconf 76' lang='grc' dir='ltr'>Ἰησοῦ</span> <span class='ocrx_word' id='word_1_294' title='bbox 1677 2265 1755 2337; x_wconf 81' lang='grc' dir='ltr'><strong>τῷ</strong></span> <span class='ocrx_word' id='word_1_295' title='bbox 1806 2265 1993 2348; x_wconf 79' lang='grc' dir='ltr'>Κυρίῳ</span> 
     </span>
    </p>
   </div>
   <div class='ocr_carea' id='block_1_40' title="bbox 394 2336 1991 2430">
    <p class='ocr_par' dir='ltr' id='par_1_40' title="bbox 394 2336 1991 2430">
     <span class='ocr_line' id='line_1_41' title="bbox 394 2336 1991 2430; baseline -0.011 -16"><span class='ocrx_word' id='word_1_296' title='bbox 609 2374 633 2399; x_wconf 68' lang='grc' dir='ltr'><strong>υ</strong></span> <span class='ocrx_word' id='word_1_297' title='bbox 666 2348 895 2426; x_wconf 87' lang='grc' dir='ltr'>Πρῶτον</span> <span class='ocrx_word' id='word_1_298' title='bbox 926 2336 1072 2406; x_wconf 74' lang='grc' dir='ltr'>εἶπεν</span> <span class='ocrx_word' id='word_1_299' title='bbox 1094 2394 1108 2419; x_wconf 92' lang='grc'><strong>,</strong></span> <span class='ocrx_word' id='word_1_300' title='bbox 1142 2336 1535 2427; x_wconf 13' lang='grc' dir='ltr'>ὣινήγάπησεν</span> <span class='ocrx_word' id='word_1_301' title='bbox 1584 2336 1735 2430; x_wconf 49' lang='lat' dir='ltr'><strong>ima&quot;</strong></span> <span class='ocrx_word' id='word_1_302' title='bbox 1755 2355 1785 2411; x_wconf 66' lang='grc' dir='ltr'><strong>ὃ</strong></span> <span class='ocrx_word' id='word_1_303' title='bbox 1815 2336 1991 2423; x_wconf 89' lang='grc'><strong>-.</strong></span> 
     </span>
    </p>
   </div>
   <div class='ocr_carea' id='block_1_41' title="bbox 392 2425 1990 2519">
    <p class='ocr_par' dir='ltr' id='par_1_41' title="bbox 392 2425 1990 2519">
     <span class='ocr_line' id='line_1_42' title="bbox 392 2425 1990 2519; baseline 0.006 -26"><span class='ocrx_word' id='word_1_304' title='bbox 392 2425 489 2493; x_wconf 76' lang='grc' dir='ltr'>εἶθ’</span> <span class='ocrx_word' id='word_1_305' title='bbox 519 2435 657 2495; x_wconf 81' lang='grc' dir='ltr'>οὕτω</span> <span class='ocrx_word' id='word_1_306' title='bbox 697 2425 795 2508; x_wconf 67' lang='grc' dir='ltr'><strong>τὴν</strong></span> <span class='ocrx_word' id='word_1_307' title='bbox 824 2438 985 2496; x_wconf 74' lang='grc' dir='ltr'>αὑτοῦ</span> <span class='ocrx_word' id='word_1_308' title='bbox 1017 2438 1148 2519; x_wconf 83' lang='grc' dir='ltr'>πρὸς</span> <span class='ocrx_word' id='word_1_309' title='bbox 1177 2436 1267 2497; x_wconf 86' lang='grc' dir='ltr'><strong>τὸν</strong></span> <span class='ocrx_word' id='word_1_310' title='bbox 1295 2425 1436 2499; x_wconf 88' lang='grc' dir='ltr'>Θεὸν</span> <span class='ocrx_word' id='word_1_311' title='bbox 1476 2425 1696 2519; x_wconf 74' lang='grc' dir='ltr'>ἀγάπην</span> <span class='ocrx_word' id='word_1_312' title='bbox 1737 2442 1945 2517; x_wconf 81' lang='grc' dir='ltr'>τίθησιν</span> <span class='ocrx_word' id='word_1_313' title='bbox 1974 2490 1990 2519; x_wconf 88' lang='lat'><strong>,</strong></span> 
     </span>
    </p>
   </div>
   <div class='ocr_carea' id='block_1_42' title="bbox 389 2524 1987 2607">
    <p class='ocr_par' dir='ltr' id='par_1_42' title="bbox 389 2524 1987 2607">
     <span class='ocr_line' id='line_1_43' title="bbox 389 2524 1987 2607; baseline 0.006 -24"><span class='ocrx_word' id='word_1_314' title='bbox 389 2524 483 2583; x_wconf 78' lang='grc' dir='ltr'><strong>ἵνα</strong></span> <span class='ocrx_word' id='word_1_315' title='bbox 514 2524 678 2601; x_wconf 81' lang='grc' dir='ltr'>μηδὲν</span> <span class='ocrx_word' id='word_1_316' title='bbox 710 2525 835 2607; x_wconf 81' lang='grc' dir='ltr'>δόξῃ</span> <span class='ocrx_word' id='word_1_317' title='bbox 866 2525 1009 2605; x_wconf 83' lang='grc' dir='ltr'>μέγα</span> <span class='ocrx_word' id='word_1_318' title='bbox 1038 2526 1210 2606; x_wconf 77' lang='grc' dir='ltr'>λέγειν</span> <span class='ocrx_word' id='word_1_319' title='bbox 1240 2528 1364 2607; x_wconf 80' lang='grc' dir='ltr'>περὶ</span> <span class='ocrx_word' id='word_1_320' title='bbox 1401 2532 1611 2589; x_wconf 75' lang='grc' dir='ltr'>ἑαυτοῦ.</span> <span class='ocrx_word' id='word_1_321' title='bbox 1662 2532 1845 2606; x_wconf 79' lang='grc' dir='ltr'>Φησὶν</span> <span class='ocrx_word' id='word_1_322' title='bbox 1877 2524 1987 2607; x_wconf 68' lang='grc' dir='ltr'>οὖν,</span> 
     </span>
    </p>
   </div>
   <div class='ocr_carea' id='block_1_43' title="bbox 392 2614 1991 2703">
    <p class='ocr_par' dir='ltr' id='par_1_43' title="bbox 392 2614 1991 2703">
     <span class='ocr_line' id='line_1_44' title="bbox 392 2614 1991 2703; baseline 0.004 -28"><span class='ocrx_word' id='word_1_323' title='bbox 392 2616 477 2675; x_wconf 77' lang='grc' dir='ltr'><strong>ὅτι</strong></span> <span class='ocrx_word' id='word_1_324' title='bbox 519 2618 786 2677; x_wconf 77' lang='grc' dir='ltr'>Τοσοῦτον</span> <span class='ocrx_word' id='word_1_325' title='bbox 828 2614 1171 2696; x_wconf 74' lang='grc' dir='ltr'>ἐξαρτώμεθα</span> <span class='ocrx_word' id='word_1_326' title='bbox 1217 2623 1311 2690; x_wconf 82' lang='grc' dir='ltr'><strong>τῆς</strong></span> <span class='ocrx_word' id='word_1_327' title='bbox 1357 2618 1489 2699; x_wconf 84' lang='grc' dir='ltr'>πρὸς</span> <span class='ocrx_word' id='word_1_328' title='bbox 1536 2622 1675 2682; x_wconf 84' lang='grc' dir='ltr'>Θεὸν</span> <span class='ocrx_word' id='word_1_329' title='bbox 1734 2623 1949 2701; x_wconf 79' lang='grc' dir='ltr'>ἀγάπης</span> <span class='ocrx_word' id='word_1_330' title='bbox 1974 2671 1991 2703; x_wconf 83' lang='lat'><strong>,</strong></span> 
     </span>
    </p>
   </div>
   <div class='ocr_carea' id='block_1_44' title="bbox 393 2704 1993 2793">
    <p class='ocr_par' dir='ltr' id='par_1_44' title="bbox 393 2704 1993 2793">
     <span class='ocr_line' id='line_1_45' title="bbox 393 2704 1993 2793; baseline 0.006 -30"><span class='ocrx_word' id='word_1_331' title='bbox 393 2704 532 2765; x_wconf 74' lang='grc' dir='ltr'>ὥστε</span> <span class='ocrx_word' id='word_1_332' title='bbox 582 2707 645 2766; x_wconf 77' lang='grc' dir='ltr'>οὗ</span> <span class='ocrx_word' id='word_1_333' title='bbox 690 2706 847 2784; x_wconf 88' lang='grc' dir='ltr'>μόνον</span> <span class='ocrx_word' id='word_1_334' title='bbox 890 2706 958 2764; x_wconf 77' lang='grc' dir='ltr'><strong>τὰ</strong></span> <span class='ocrx_word' id='word_1_335' title='bbox 1001 2710 1078 2787; x_wconf 82' lang='grc' dir='ltr'><strong>τῷ</strong></span> <span class='ocrx_word' id='word_1_336' title='bbox 1129 2706 1229 2789; x_wconf 80' lang='grc' dir='ltr'><strong>βίῳ</strong></span> <span class='ocrx_word' id='word_1_337' title='bbox 1280 2709 1450 2790; x_wconf 84' lang='grc' dir='ltr'>τούτῳ</span> <span class='ocrx_word' id='word_1_338' title='bbox 1502 2714 1993 2793; x_wconf 86' lang='grc' dir='ltr'>συγκεκληρωμένα</span> 
     </span>
    </p>
   </div>
   <div class='ocr_carea' id='block_1_45' title="bbox 395 2794 1990 2885">
    <p class='ocr_par' dir='ltr' id='par_1_45' title="bbox 395 2794 1990 2885">
     <span class='ocr_line' id='line_1_46' title="bbox 395 2794 1990 2885; baseline 0.006 -31"><span class='ocrx_word' id='word_1_339' title='bbox 395 2794 543 2854; x_wconf 72' lang='grc' dir='ltr'>δεινὰ</span> <span class='ocrx_word' id='word_1_340' title='bbox 569 2797 630 2855; x_wconf 80' lang='grc' dir='ltr'>οὔ</span> <span class='ocrx_word' id='word_1_341' title='bbox 668 2795 984 2885; x_wconf 74' lang='grc' dir='ltr'>δυνήσονται</span> <span class='ocrx_word' id='word_1_342' title='bbox 1013 2802 1155 2874; x_wconf 75' lang='grc' dir='ltr'>ἡμᾶς</span> <span class='ocrx_word' id='word_1_343' title='bbox 1180 2799 1481 2870; x_wconf 80' lang='grc' dir='ltr'>ἀποστῆναι</span> <span class='ocrx_word' id='word_1_344' title='bbox 1517 2800 1536 2873; x_wconf 74' lang='grc' dir='ltr'>Ῐ</span> <span class='ocrx_word' id='word_1_345' title='bbox 1639 2803 1990 2885; x_wconf 80' lang='grc' dir='ltr'>ἀποστῆσαι]</span> 
     </span>
    </p>
   </div>
   <div class='ocr_carea' id='block_1_46' title="bbox 394 2884 1993 2971">
    <p class='ocr_par' dir='ltr' id='par_1_46' title="bbox 394 2884 1993 2971">
     <span class='ocr_line' id='line_1_47' title="bbox 394 2884 1993 2971; baseline 0.007 -28"><span class='ocrx_word' id='word_1_346' title='bbox 394 2884 628 2963; x_wconf 86' lang='grc' dir='ltr'>ταύτης,</span> <span class='ocrx_word' id='word_1_347' title='bbox 664 2885 805 2945; x_wconf 77' lang='grc' dir='ltr'>ἀλλὰ</span> <span class='ocrx_word' id='word_1_348' title='bbox 836 2884 937 2945; x_wconf 76' lang='grc' dir='ltr'><strong>κᾶν</strong></span> <span class='ocrx_word' id='word_1_349' title='bbox 966 2886 1218 2965; x_wconf 87' lang='grc' dir='ltr'>τύραννός</span> <span class='ocrx_word' id='word_1_350' title='bbox 1249 2911 1327 2955; x_wconf 91' lang='grc' dir='ltr'><strong>τις</strong></span> <span class='ocrx_word' id='word_1_351' title='bbox 1366 2890 1563 2971; x_wconf 81' lang='grc' dir='ltr'>ἀπειλῇ</span> <span class='ocrx_word' id='word_1_352' title='bbox 1597 2890 1684 2950; x_wconf 86' lang='grc' dir='ltr'><strong>τὸν</strong></span> <span class='ocrx_word' id='word_1_353' title='bbox 1728 2884 1993 2968; x_wconf 77' lang='grc' dir='ltr'>μέλλοντα</span> 
     </span>
    </p>
   </div>
   <div class='ocr_carea' id='block_1_47' title="bbox 391 2976 1995 3063">
    <p class='ocr_par' dir='ltr' id='par_1_47' title="bbox 391 2976 1995 3063">
     <span class='ocr_line' id='line_1_48' title="bbox 391 2976 1995 3063; baseline 0.006 -27"><span class='ocrx_word' id='word_1_354' title='bbox 391 2976 618 3036; x_wconf 81' lang='grc' dir='ltr'>θάνατον</span> <span class='ocrx_word' id='word_1_355' title='bbox 657 2977 747 3035; x_wconf 82' lang='grc' dir='ltr'><strong>τὸν</strong></span> <span class='ocrx_word' id='word_1_356' title='bbox 778 2979 833 3036; x_wconf 79' lang='grc' dir='ltr'><strong>ἐν</strong></span> <span class='ocrx_word' id='word_1_357' title='bbox 961 2976 1180 3037; x_wconf 82' lang='grc' dir='ltr'>κολάσει</span> <span class='ocrx_word' id='word_1_358' title='bbox 1225 2978 1294 3052; x_wconf 79' lang='lat'><strong>&#39;3,</strong></span> <span class='ocrx_word' id='word_1_359' title='bbox 1326 2977 1428 3038; x_wconf 74' lang='grc' dir='ltr'><strong>κᾶν</strong></span> <span class='ocrx_word' id='word_1_360' title='bbox 1473 2978 1613 3053; x_wconf 79' lang='grc' dir='ltr'>ζωὴν</span> <span class='ocrx_word' id='word_1_361' title='bbox 1656 2982 1995 3063; x_wconf 78' lang='grc' dir='ltr'>ἐπαγγέλλη-</span> 
     </span>
    </p>
   </div>
   <div class='ocr_carea' id='block_1_48' title="bbox 394 3064 1992 3148">
    <p class='ocr_par' dir='ltr' id='par_1_48' title="bbox 394 3064 1992 3148">
     <span class='ocr_line' id='line_1_49' title="bbox 394 3064 1992 3148; baseline 0.004 -23"><span class='ocrx_word' id='word_1_362' title='bbox 394 3088 484 3125; x_wconf 85' lang='grc' dir='ltr'><strong>ται</strong></span> <span class='ocrx_word' id='word_1_363' title='bbox 512 3064 623 3137; x_wconf 76' lang='grc' dir='ltr'>-τὴν</span> <span class='ocrx_word' id='word_1_364' title='bbox 674 3065 1041 3139; x_wconf 84' lang='grc' dir='ltr'>ἀκατάλυτον,</span> <span class='ocrx_word' id='word_1_365' title='bbox 1093 3069 1375 3148; x_wconf 83' lang='grc' dir='ltr'>ἐπιχειρῶν</span> <span class='ocrx_word' id='word_1_366' title='bbox 1426 3074 1569 3146; x_wconf 79' lang='grc' dir='ltr'>ἡμᾶς</span> <span class='ocrx_word' id='word_1_367' title='bbox 1618 3071 1916 3144; x_wconf 81' lang='grc' dir='ltr'>ἀποστῆναι</span> <span class='ocrx_word' id='word_1_368' title='bbox 1945 3076 1992 3114; x_wconf 74' lang='grc'><strong>¹⁴</strong></span> 
     </span>
    </p>
   </div>
   <div class='ocr_carea' id='block_1_49' title="bbox 395 3155 1993 3241">
    <p class='ocr_par' dir='ltr' id='par_1_49' title="bbox 395 3155 1993 3241">
     <span class='ocr_line' id='line_1_50' title="bbox 395 3155 1993 3241; baseline 0.006 -27"><span class='ocrx_word' id='word_1_369' title='bbox 395 3160 491 3214; x_wconf 80' lang='grc' dir='ltr'><strong>τοῦ</strong></span> <span class='ocrx_word' id='word_1_370' title='bbox 519 3157 681 3217; x_wconf 68' lang='lat' dir='ltr'><strong>Genu&quot;.</strong></span> <span class='ocrx_word' id='word_1_371' title='bbox 728 3155 841 3217; x_wconf 76' lang='grc' dir='ltr'><strong>Καὶ</strong></span> <span class='ocrx_word' id='word_1_372' title='bbox 864 3155 921 3215; x_wconf 88' lang='grc' dir='ltr'><strong>τί</strong></span> <span class='ocrx_word' id='word_1_373' title='bbox 959 3178 1050 3233; x_wconf 86' lang='grc' dir='ltr'><strong>μοι</strong></span> <span class='ocrx_word' id='word_1_374' title='bbox 1079 3155 1249 3236; x_wconf 86' lang='grc' dir='ltr'>λέγεις</span> <span class='ocrx_word' id='word_1_375' title='bbox 1282 3159 1518 3236; x_wconf 86' lang='grc' dir='ltr'>βασιλεῖς</span> <span class='ocrx_word' id='word_1_376' title='bbox 1559 3160 1652 3219; x_wconf 82' lang='grc' dir='ltr'><strong>καὶ</strong></span> <span class='ocrx_word' id='word_1_377' title='bbox 1678 3162 1993 3241; x_wconf 81' lang='grc' dir='ltr'>τυράννους;</span> 
     </span>
    </p>
   </div>
   <div class='ocr_carea' id='block_1_50' title="bbox 396 3244 1997 3327">
    <p class='ocr_par' dir='ltr' id='par_1_50' title="bbox 396 3244 1997 3327">
     <span class='ocr_line' id='line_1_51' title="bbox 396 3244 1997 3327; baseline 0.005 -23"><span class='ocrx_word' id='word_1_378' title='bbox 396 3244 540 3305; x_wconf 71' lang='grc' dir='ltr'><strong>Οὐδὲ</strong></span> <span class='ocrx_word' id='word_1_379' title='bbox 570 3244 822 3325; x_wconf 77' lang='grc' dir='ltr'>ἄγγελοι,</span> <span class='ocrx_word' id='word_1_380' title='bbox 854 3244 972 3305; x_wconf 71' lang='grc' dir='ltr'>οὐδὲ</span> <span class='ocrx_word' id='word_1_381' title='bbox 1002 3254 1174 3305; x_wconf 75' lang='grc' dir='ltr'>πᾶσαι</span> <span class='ocrx_word' id='word_1_382' title='bbox 1208 3249 1264 3305; x_wconf 78' lang='grc' dir='ltr'>αἱ</span> <span class='ocrx_word' id='word_1_383' title='bbox 1307 3248 1421 3307; x_wconf 80' lang='grc' dir='ltr'>ἄνω</span> <span class='ocrx_word' id='word_1_384' title='bbox 1452 3247 1701 3327; x_wconf 84' lang='grc' dir='ltr'>δυνάμεις</span> <span class='ocrx_word' id='word_1_385' title='bbox 1741 3251 1997 3324; x_wconf 77' lang='grc' dir='ltr'>δυνήσον-</span> 
     </span>
    </p>
   </div>
   <div class='ocr_carea' id='block_1_51' title="bbox 396 3335 2000 3419">
    <p class='ocr_par' dir='ltr' id='par_1_51' title="bbox 396 3335 2000 3419">
     <span class='ocr_line' id='line_1_52' title="bbox 396 3335 2000 3419; baseline 0.006 -25"><span class='ocrx_word' id='word_1_386' title='bbox 396 3359 485 3394; x_wconf 87' lang='grc' dir='ltr'><strong>ται</strong></span> <span class='ocrx_word' id='word_1_387' title='bbox 514 3341 661 3413; x_wconf 74' lang='grc' dir='ltr'>ἡμᾶς</span> <span class='ocrx_word' id='word_1_388' title='bbox 712 3335 1101 3417; x_wconf 79' lang='grc' dir='ltr'>παρατρέψαι·</span> <span class='ocrx_word' id='word_1_389' title='bbox 1155 3336 1274 3398; x_wconf 75' lang='grc' dir='ltr'>οὐδὲ</span> <span class='ocrx_word' id='word_1_390' title='bbox 1320 3337 1389 3396; x_wconf 76' lang='grc' dir='ltr'>τὰ</span> <span class='ocrx_word' id='word_1_391' title='bbox 1444 3338 1717 3419; x_wconf 86' lang='grc' dir='ltr'>παρόντα,</span> <span class='ocrx_word' id='word_1_392' title='bbox 1770 3341 1888 3401; x_wconf 77' lang='grc' dir='ltr'>οὐδὲ</span> <span class='ocrx_word' id='word_1_393' title='bbox 1932 3344 2000 3404; x_wconf 85' lang='grc' dir='ltr'><strong>τὰ</strong></span> 
     </span>
    </p>
   </div>
   <div class='ocr_carea' id='block_1_52' title="bbox 396 3422 1996 3510">
    <p class='ocr_par' dir='ltr' id='par_1_52' title="bbox 396 3422 1996 3510">
     <span class='ocr_line' id='line_1_53' title="bbox 396 3422 1996 3510; baseline 0.003 -26"><span class='ocrx_word' id='word_1_394' title='bbox 396 3424 661 3501; x_wconf 79' lang='grc' dir='ltr'>μέλλοντα</span> <span class='ocrx_word' id='word_1_395' title='bbox 684 3470 701 3498; x_wconf 89' lang='grc'><strong>,</strong></span> <span class='ocrx_word' id='word_1_396' title='bbox 733 3424 856 3484; x_wconf 81' lang='grc' dir='ltr'>οὔτε</span> <span class='ocrx_word' id='word_1_397' title='bbox 896 3422 1127 3505; x_wconf 77' lang='grc' dir='ltr'>ὕψωμα,</span> <span class='ocrx_word' id='word_1_398' title='bbox 1179 3425 1421 3486; x_wconf 82' lang='grc' dir='ltr'>τουτέστι</span> <span class='ocrx_word' id='word_1_399' title='bbox 1441 3474 1459 3503; x_wconf 90' lang='grc'><strong>,</strong></span> <span class='ocrx_word' id='word_1_400' title='bbox 1493 3426 1563 3486; x_wconf 79' lang='grc' dir='ltr'><strong>τὰ</strong></span> <span class='ocrx_word' id='word_1_401' title='bbox 1617 3429 1673 3487; x_wconf 76' lang='grc' dir='ltr'>ἐν</span> <span class='ocrx_word' id='word_1_402' title='bbox 1721 3431 1996 3510; x_wconf 78' lang='grc' dir='ltr'>οὐρανοῖς,</span> 
     </span>
    </p>
   </div>
   <div class='ocr_carea' id='block_1_53' title="bbox 394 3512 1999 3599">
    <p class='ocr_par' dir='ltr' id='par_1_53' title="bbox 394 3512 1999 3599">
     <span class='ocr_line' id='line_1_54' title="bbox 394 3512 1999 3599; baseline 0.005 -26"><span class='ocrx_word' id='word_1_403' title='bbox 394 3512 514 3574; x_wconf 78' lang='grc' dir='ltr'>οὔτε</span> <span class='ocrx_word' id='word_1_404' title='bbox 544 3516 733 3594; x_wconf 83' lang='grc' dir='ltr'>βάθος,</span> <span class='ocrx_word' id='word_1_405' title='bbox 762 3512 1007 3574; x_wconf 77' lang='grc' dir='ltr'>τουτέστι</span> <span class='ocrx_word' id='word_1_406' title='bbox 1026 3560 1042 3587; x_wconf 90' lang='grc'><strong>,</strong></span> <span class='ocrx_word' id='word_1_407' title='bbox 1088 3515 1156 3575; x_wconf 82' lang='grc' dir='ltr'><strong>τὰ</strong></span> <span class='ocrx_word' id='word_1_408' title='bbox 1194 3518 1251 3575; x_wconf 82' lang='grc' dir='ltr'>ἐν</span> <span class='ocrx_word' id='word_1_409' title='bbox 1392 3522 1460 3599; x_wconf 82' lang='grc' dir='ltr'><strong>γῇ</strong></span> <span class='ocrx_word' id='word_1_410' title='bbox 1479 3564 1495 3591; x_wconf 88' lang='grc'><strong>,</strong></span> <span class='ocrx_word' id='word_1_411' title='bbox 1526 3516 1649 3577; x_wconf 80' lang='grc' dir='ltr'>οὔτε</span> <span class='ocrx_word' id='word_1_412' title='bbox 1689 3520 1812 3587; x_wconf 80' lang='grc' dir='ltr'>δόξα</span> <span class='ocrx_word' id='word_1_413' title='bbox 1834 3565 1851 3593; x_wconf 90' lang='grc'><strong>,</strong></span> <span class='ocrx_word' id='word_1_414' title='bbox 1877 3521 1999 3581; x_wconf 82' lang='grc' dir='ltr'>οὔτε</span> 
     </span>
    </p>
   </div>
   <div class='ocr_carea' id='block_1_54' title="bbox 396 3604 1998 3691">
    <p class='ocr_par' dir='ltr' id='par_1_54' title="bbox 396 3604 1998 3691">
     <span class='ocr_line' id='line_1_55' title="bbox 396 3604 1998 3691; baseline 0.005 -28"><span class='ocrx_word' id='word_1_415' title='bbox 396 3604 603 3673; x_wconf 78' lang='grc' dir='ltr'>ἀδοξία.</span> <span class='ocrx_word' id='word_1_416' title='bbox 635 3605 793 3672; x_wconf 82' lang='grc' dir='ltr'>Τινὲς</span> <span class='ocrx_word' id='word_1_417' title='bbox 824 3604 882 3664; x_wconf 66' lang='grc' dir='ltr'>δὲ</span> <span class='ocrx_word' id='word_1_418' title='bbox 917 3604 1115 3686; x_wconf 76' lang='grc' dir='ltr'>ὕψωμα</span> <span class='ocrx_word' id='word_1_419' title='bbox 1145 3604 1242 3679; x_wconf 75' lang='grc' dir='ltr'><strong>τὴν</strong></span> <span class='ocrx_word' id='word_1_420' title='bbox 1278 3607 1556 3685; x_wconf 86' lang='grc' dir='ltr'>βασιλείαν</span> <span class='ocrx_word' id='word_1_421' title='bbox 1592 3611 1697 3667; x_wconf 89' lang='grc' dir='ltr'><strong>τῶν</strong></span> <span class='ocrx_word' id='word_1_422' title='bbox 1725 3612 1959 3691; x_wconf 78' lang='grc' dir='ltr'>οὐρανῶν</span> <span class='ocrx_word' id='word_1_423' title='bbox 1982 3658 1998 3686; x_wconf 91' lang='grc'><strong>,</strong></span> 
     </span>
    </p>
   </div>
   <div class='ocr_carea' id='block_1_55' title="bbox 398 3693 2000 3776">
    <p class='ocr_par' dir='ltr' id='par_1_55' title="bbox 398 3693 2000 3776">
     <span class='ocr_line' id='line_1_56' title="bbox 398 3693 2000 3776; baseline 0.004 -23"><span class='ocrx_word' id='word_1_424' title='bbox 398 3694 556 3773; x_wconf 83' lang='grc' dir='ltr'>βάθος</span> <span class='ocrx_word' id='word_1_425' title='bbox 578 3694 638 3755; x_wconf 85' lang='grc' dir='ltr'>δὲ</span> <span class='ocrx_word' id='word_1_426' title='bbox 677 3693 775 3766; x_wconf 77' lang='grc' dir='ltr'><strong>τὴν</strong></span> <span class='ocrx_word' id='word_1_427' title='bbox 824 3695 1124 3776; x_wconf 79' lang='grc' dir='ltr'>ἀποτυχίαν</span> <span class='ocrx_word' id='word_1_428' title='bbox 1176 3695 1374 3770; x_wconf 85' lang='grc' dir='ltr'>ταύτης</span> <span class='ocrx_word' id='word_1_429' title='bbox 1418 3702 1650 3759; x_wconf 79' lang='grc' dir='ltr'>νοοῦσιν.</span> <span class='ocrx_word' id='word_1_430' title='bbox 1702 3699 1869 3759; x_wconf 83' lang='grc' dir='ltr'>Ἀλλὰ</span> <span class='ocrx_word' id='word_1_431' title='bbox 1906 3702 2000 3760; x_wconf 74' lang='grc' dir='ltr'><strong>καὶ</strong></span> 
     </span>
    </p>
   </div>
   <div class='ocr_carea' id='block_1_56' title="bbox 397 3776 1998 3864">
    <p class='ocr_par' dir='ltr' id='par_1_56' title="bbox 397 3776 1998 3864">
     <span class='ocr_line' id='line_1_57' title="bbox 397 3776 1998 3864; baseline 0.006 -23"><span class='ocrx_word' id='word_1_432' title='bbox 397 3786 460 3841; x_wconf 66' lang='grc' dir='ltr'><strong>ἂν</strong></span> <span class='ocrx_word' id='word_1_433' title='bbox 490 3782 649 3864; x_wconf 71' lang='grc' dir='ltr'>ἑτέρα</span> <span class='ocrx_word' id='word_1_434' title='bbox 677 3781 843 3851; x_wconf 85' lang='grc' dir='ltr'>κτίσις</span> <span class='ocrx_word' id='word_1_435' title='bbox 886 3776 953 3858; x_wconf 72' lang='grc' dir='ltr'><strong>ἦν</strong></span> <span class='ocrx_word' id='word_1_436' title='bbox 977 3833 990 3855; x_wconf 83' lang='grc'><strong>,</strong></span> <span class='ocrx_word' id='word_1_437' title='bbox 1032 3783 1131 3859; x_wconf 75' lang='grc' dir='ltr'><strong>ὅση</strong></span> <span class='ocrx_word' id='word_1_438' title='bbox 1168 3791 1202 3858; x_wconf 80' lang='grc' dir='ltr'>ἡ</span> <span class='ocrx_word' id='word_1_439' title='bbox 1252 3786 1421 3864; x_wconf 80' lang='grc' dir='ltr'>ὁρατὴ</span> <span class='ocrx_word' id='word_1_440' title='bbox 1468 3788 1559 3847; x_wconf 61' lang='grc' dir='ltr'><strong>καὶ⁵</strong></span> <span class='ocrx_word' id='word_1_441' title='bbox 1588 3793 1618 3859; x_wconf 84' lang='grc' dir='ltr'>ἡ</span> <span class='ocrx_word' id='word_1_442' title='bbox 1650 3789 1813 3862; x_wconf 85' lang='grc' dir='ltr'>νοητὴ</span> <span class='ocrx_word' id='word_1_443' title='bbox 1835 3836 1853 3864; x_wconf 91' lang='grc'><strong>,</strong></span> <span class='ocrx_word' id='word_1_444' title='bbox 1903 3793 1998 3851; x_wconf 75' lang='grc' dir='ltr'><strong>οὐκ</strong></span> 
     </span>
    </p>
   </div>
   <div class='ocr_carea' id='block_1_57' title="bbox 404 3872 1997 3958">
    <p class='ocr_par' dir='ltr' id='par_1_57' title="bbox 404 3872 1997 3958">
     <span class='ocr_line' id='line_1_58' title="bbox 404 3872 1997 3958; baseline 0.004 -26"><span class='ocrx_word' id='word_1_445' title='bbox 404 3876 468 3932; x_wconf 73' lang='grc' dir='ltr'><strong>ἄν</strong></span> <span class='ocrx_word' id='word_1_446' title='bbox 499 3894 566 3948; x_wconf 84' lang='grc' dir='ltr'><strong>με</strong></span> <span class='ocrx_word' id='word_1_447' title='bbox 594 3876 689 3944; x_wconf 78' lang='grc' dir='ltr'><strong>τῆς</strong></span> <span class='ocrx_word' id='word_1_448' title='bbox 716 3872 925 3952; x_wconf 79' lang='grc' dir='ltr'>ἀγάπης</span> <span class='ocrx_word' id='word_1_449' title='bbox 956 3875 1157 3948; x_wconf 77' lang='grc' dir='ltr'>ἐκείνης</span> <span class='ocrx_word' id='word_1_450' title='bbox 1186 3876 1508 3948; x_wconf 77' lang='grc' dir='ltr'>ἀποστήσειε</span> <span class='ocrx_word' id='word_1_451' title='bbox 1542 3876 1613 3938; x_wconf 80' lang='grc'><strong>⁴⁵.</strong></span> <span class='ocrx_word' id='word_1_452' title='bbox 1640 3878 1763 3958; x_wconf 83' lang='grc' dir='ltr'><strong>Οὖχ</strong></span> <span class='ocrx_word' id='word_1_453' title='bbox 1791 3883 1863 3947; x_wconf 79' lang='grc' dir='ltr'>ὡς</span> <span class='ocrx_word' id='word_1_454' title='bbox 1891 3885 1997 3941; x_wconf 90' lang='grc' dir='ltr'><strong>τῶν</strong></span> 
     </span>
    </p>
   </div>
   <div class='ocr_carea' id='block_1_58' title="bbox 407 3961 1996 4050">
    <p class='ocr_par' dir='ltr' id='par_1_58' title="bbox 407 3961 1996 4050">
     <span class='ocr_line' id='line_1_59' title="bbox 407 3961 1996 4050; baseline 0.006 -29"><span class='ocrx_word' id='word_1_455' title='bbox 407 3964 665 4050; x_wconf 47' lang='grc' dir='ltr'>ἀγγέλωζ</span> <span class='ocrx_word' id='word_1_456' title='bbox 690 3961 743 4022; x_wconf 65' lang='grc' dir='ltr'>δὲ</span> <span class='ocrx_word' id='word_1_457' title='bbox 783 3963 1128 4045; x_wconf 78' lang='grc' dir='ltr'>ἀφιστώντων</span> <span class='ocrx_word' id='word_1_458' title='bbox 1176 3964 1297 4034; x_wconf 78' lang='grc' dir='ltr'>τοὺς</span> <span class='ocrx_word' id='word_1_459' title='bbox 1344 3968 1648 4048; x_wconf 79' lang='grc' dir='ltr'>ἀνθρώπους</span> <span class='ocrx_word' id='word_1_460' title='bbox 1699 3969 1808 4028; x_wconf 84' lang='grc' dir='ltr'><strong>ἀπὸ</strong></span> <span class='ocrx_word' id='word_1_461' title='bbox 1860 3972 1996 4050; x_wconf 83' lang='grc' dir='ltr'><strong>Χρι⁹</strong></span> 
     </span>
    </p>
   </div>
   <div class='ocr_carea' id='block_1_59' title="bbox 405 4042 1999 4139">
    <p class='ocr_par' dir='ltr' id='par_1_59' title="bbox 405 4042 1999 4139">
     <span class='ocr_line' id='line_1_60' title="bbox 405 4042 1999 4139; baseline 0.004 -27"><span class='ocrx_word' id='word_1_462' title='bbox 405 4057 569 4126; x_wconf 78' lang='grc' dir='ltr'>στοῦ,</span> <span class='ocrx_word' id='word_1_463' title='bbox 613 4042 727 4113; x_wconf 70' lang='grc' dir='ltr'>εἶπε</span> <span class='ocrx_word' id='word_1_464' title='bbox 769 4059 955 4128; x_wconf 76' lang='grc' dir='ltr'>τοῦτο,</span> <span class='ocrx_word' id='word_1_465' title='bbox 1007 4055 1153 4139; x_wconf 76' lang='grc' dir='ltr'><strong>ἀλλά</strong></span> <span class='ocrx_word' id='word_1_466' title='bbox 1188 4056 1309 4115; x_wconf 85' lang='grc' dir='ltr'>καθ’</span> <span class='ocrx_word' id='word_1_467' title='bbox 1337 4057 1580 4117; x_wconf 72' lang='grc' dir='ltr'>ὑπόθεσιν</span> <span class='ocrx_word' id='word_1_468' title='bbox 1614 4059 1701 4119; x_wconf 86' lang='grc' dir='ltr'><strong>τὸν</strong></span> <span class='ocrx_word' id='word_1_469' title='bbox 1735 4058 1889 4139; x_wconf 87' lang='grc' dir='ltr'>λόγον</span> <span class='ocrx_word' id='word_1_470' title='bbox 1918 4084 1999 4119; x_wconf 88' lang='grc' dir='ltr'>τι-</span> 
     </span>
    </p>
   </div>
   <div class='ocr_carea' id='block_1_60' title="bbox 403 4136 1999 4229">
    <p class='ocr_par' dir='ltr' id='par_1_60' title="bbox 403 4136 1999 4229">
     <span class='ocr_line' id='line_1_61' title="bbox 403 4136 1999 4229; baseline 0.004 -28"><span class='ocrx_word' id='word_1_471' title='bbox 403 4142 533 4217; x_wconf 81' lang='grc' dir='ltr'>θεὶς,</span> <span class='ocrx_word' id='word_1_472' title='bbox 580 4142 670 4201; x_wconf 81' lang='grc' dir='ltr'>καὶ</span> <span class='ocrx_word' id='word_1_473' title='bbox 700 4145 763 4202; x_wconf 81' lang='grc' dir='ltr'>ἐκ</span> <span class='ocrx_word' id='word_1_474' title='bbox 790 4142 1099 4223; x_wconf 84' lang='grc' dir='ltr'>περιουσίας</span> <span class='ocrx_word' id='word_1_475' title='bbox 1130 4136 1310 4206; x_wconf 70' lang='grc' dir='ltr'>θέλων</span> <span class='ocrx_word' id='word_1_476' title='bbox 1357 4145 1519 4216; x_wconf 84' lang='grc' dir='ltr'>δεῖξαι</span> <span class='ocrx_word' id='word_1_477' title='bbox 1561 4147 1656 4219; x_wconf 81' lang='grc' dir='ltr'><strong>τὴν</strong></span> <span class='ocrx_word' id='word_1_478' title='bbox 1698 4136 1999 4229; x_wconf 76' lang='grc' dir='ltr'>ὑπερϐολὴν</span> 
     </span>
    </p>
   </div>
   <div class='ocr_carea' id='block_1_61' title="bbox 400 4231 1997 4321">
    <p class='ocr_par' dir='ltr' id='par_1_61' title="bbox 400 4231 1997 4321">
     <span class='ocr_line' id='line_1_62' title="bbox 400 4231 1997 4321; baseline 0.004 -28"><span class='ocrx_word' id='word_1_479' title='bbox 400 4237 496 4305; x_wconf 75' lang='grc' dir='ltr'><strong>τῆς</strong></span> <span class='ocrx_word' id='word_1_480' title='bbox 522 4231 737 4312; x_wconf 83' lang='grc' dir='ltr'>ἀγάπης</span> <span class='ocrx_word' id='word_1_481' title='bbox 760 4237 852 4293; x_wconf 82' lang='grc' dir='ltr'><strong>τοῦ</strong></span> <span class='ocrx_word' id='word_1_482' title='bbox 874 4235 1016 4294; x_wconf 82' lang='grc' dir='ltr'>Θεοῦ</span> <span class='ocrx_word' id='word_1_483' title='bbox 1041 4255 1053 4267; x_wconf 90' lang='grc'>·</span> <span class='ocrx_word' id='word_1_484' title='bbox 1085 4237 1187 4316; x_wconf 76' lang='grc' dir='ltr'>οὐχ</span> <span class='ocrx_word' id='word_1_485' title='bbox 1215 4235 1279 4308; x_wconf 73' lang='grc' dir='ltr'>ἥν</span> <span class='ocrx_word' id='word_1_486' title='bbox 1308 4260 1467 4313; x_wconf 85' lang='grc' dir='ltr'>φασιν</span> <span class='ocrx_word' id='word_1_487' title='bbox 1486 4240 1534 4296; x_wconf 79' lang='grc' dir='ltr'>οἱ</span> <span class='ocrx_word' id='word_1_488' title='bbox 1555 4237 1802 4320; x_wconf 79' lang='grc' dir='ltr'>Ἑϐραῖοι</span> <span class='ocrx_word' id='word_1_489' title='bbox 1828 4240 1997 4321; x_wconf 73' lang='grc' dir='ltr'>ἔχειν,</span> 
     </span>
    </p>
   </div>
   <div class='ocr_carea' id='block_1_62' title="bbox 402 4322 2000 4410">
    <p class='ocr_par' dir='ltr' id='par_1_62' title="bbox 402 4322 2000 4410">
     <span class='ocr_line' id='line_1_63' title="bbox 402 4322 2000 4410; baseline 0.004 -29"><span class='ocrx_word' id='word_1_490' title='bbox 402 4322 542 4382; x_wconf 73' lang='grc' dir='ltr'>ἀλλᾶ</span> <span class='ocrx_word' id='word_1_491' title='bbox 571 4326 666 4394; x_wconf 78' lang='grc' dir='ltr'><strong>τῆς</strong></span> <span class='ocrx_word' id='word_1_492' title='bbox 701 4324 758 4381; x_wconf 80' lang='grc' dir='ltr'><strong>ἐν</strong></span> <span class='ocrx_word' id='word_1_493' title='bbox 787 4325 1013 4405; x_wconf 82' lang='grc' dir='ltr'>Χριστῷ</span> <span class='ocrx_word' id='word_1_494' title='bbox 1043 4324 1240 4399; x_wconf 73' lang='grc' dir='ltr'>Ἰησοῦ.</span> <span class='ocrx_word' id='word_1_495' title='bbox 1278 4327 1387 4385; x_wconf 76' lang='grc' dir='ltr'><strong>Καὶ</strong></span> <span class='ocrx_word' id='word_1_496' title='bbox 1430 4325 1534 4407; x_wconf 85' lang='grc' dir='ltr'><strong>γὰρ</strong></span> <span class='ocrx_word' id='word_1_497' title='bbox 1560 4327 1812 4389; x_wconf 86' lang='grc' dir='ltr'>Ἰουδαῖοί</span> <span class='ocrx_word' id='word_1_498' title='bbox 1839 4353 2000 4410; x_wconf 83' lang='grc' dir='ltr'>φασιν</span> 
     </span>
    </p>
   </div>
   <div class='ocr_carea' id='block_1_63' title="bbox 403 4412 2000 4499">
    <p class='ocr_par' dir='ltr' id='par_1_63' title="bbox 403 4412 2000 4499">
     <span class='ocr_line' id='line_1_64' title="bbox 403 4412 2000 4499; baseline 0.006 -29"><span class='ocrx_word' id='word_1_499' title='bbox 403 4415 615 4496; x_wconf 73' lang='grc' dir='ltr'>ἀγαπᾷν</span> <span class='ocrx_word' id='word_1_500' title='bbox 649 4412 739 4472; x_wconf 79' lang='grc' dir='ltr'><strong>τὸν</strong></span> <span class='ocrx_word' id='word_1_501' title='bbox 775 4414 937 4487; x_wconf 88' lang='grc' dir='ltr'>Θεὸν,</span> <span class='ocrx_word' id='word_1_502' title='bbox 962 4416 1084 4474; x_wconf 87' lang='grc' dir='ltr'>ἀλλ’</span> <span class='ocrx_word' id='word_1_503' title='bbox 1104 4417 1198 4475; x_wconf 80' lang='grc' dir='ltr'><strong>οὐκ</strong></span> <span class='ocrx_word' id='word_1_504' title='bbox 1226 4418 1279 4476; x_wconf 80' lang='grc' dir='ltr'><strong>ἐν</strong></span> <span class='ocrx_word' id='word_1_505' title='bbox 1305 4417 1525 4499; x_wconf 80' lang='grc' dir='ltr'>Χριστῷ</span> <span class='ocrx_word' id='word_1_506' title='bbox 1559 4418 1737 4492; x_wconf 72' lang='grc' dir='ltr'>Ἰησοῦ</span> <span class='ocrx_word' id='word_1_507' title='bbox 1764 4443 1776 4456; x_wconf 92' lang='grc'><strong>·</strong></span> <span class='ocrx_word' id='word_1_508' title='bbox 1807 4423 1866 4480; x_wconf 80' lang='grc' dir='ltr'>οὗ</span> <span class='ocrx_word' id='word_1_509' title='bbox 1898 4421 2000 4499; x_wconf 83' lang='grc' dir='ltr'><strong>γὰρ</strong></span> 
     </span>
    </p>
   </div>
   <div class='ocr_carea' id='block_1_64' title="bbox 402 4501 1371 4585">
    <p class='ocr_par' dir='ltr' id='par_1_64' title="bbox 402 4501 1371 4585">
     <span class='ocr_line' id='line_1_65' title="bbox 402 4501 1371 4585; baseline 0.007 -25"><span class='ocrx_word' id='word_1_510' title='bbox 402 4501 586 4582; x_wconf 83' lang='grc' dir='ltr'>ἔχουσι</span> <span class='ocrx_word' id='word_1_511' title='bbox 612 4502 710 4576; x_wconf 74' lang='grc' dir='ltr'><strong>τὴν</strong></span> <span class='ocrx_word' id='word_1_512' title='bbox 739 4502 876 4583; x_wconf 89' lang='grc' dir='ltr'>πρὸς</span> <span class='ocrx_word' id='word_1_513' title='bbox 910 4505 1143 4585; x_wconf 85' lang='grc' dir='ltr'>Χριστὸν</span> <span class='ocrx_word' id='word_1_514' title='bbox 1173 4506 1371 4569; x_wconf 89' lang='grc' dir='ltr'>πίστιν.</span> 
     </span>
    </p>
   </div>
   <div class='ocr_carea' id='block_1_65' title="bbox 2100 2079 3710 2164">
    <p class='ocr_par' dir='ltr' id='par_1_65' title="bbox 2100 2079 3710 2164">
     <span class='ocr_line' id='line_1_66' title="bbox 2100 2079 3710 2164; baseline -0.009 -16"><span class='ocrx_word' id='word_1_515' title='bbox 2100 2091 2335 2164; x_wconf 87' lang='lat' dir='ltr'><strong>cipatus,</strong></span> <span class='ocrx_word' id='word_1_516' title='bbox 2362 2099 2543 2157; x_wconf 87' lang='lat' dir='ltr'><strong>neque</strong></span> <span class='ocrx_word' id='word_1_517' title='bbox 2568 2082 2824 2151; x_wconf 86' lang='lat' dir='ltr'><strong>virtutes,</strong></span> <span class='ocrx_word' id='word_1_518' title='bbox 2856 2095 3040 2153; x_wconf 88' lang='lat' dir='ltr'><strong>neque</strong></span> <span class='ocrx_word' id='word_1_519' title='bbox 3072 2080 3359 2150; x_wconf 88' lang='lat' dir='ltr'><strong>instantia,</strong></span> <span class='ocrx_word' id='word_1_520' title='bbox 3398 2094 3581 2152; x_wconf 86' lang='lat' dir='ltr'><strong>neque</strong></span> <span class='ocrx_word' id='word_1_521' title='bbox 3627 2079 3710 2135; x_wconf 82' lang='lat' dir='ltr'><strong>fu-</strong></span> 
     </span>
    </p>
   </div>
   <div class='ocr_carea' id='block_1_66' title="bbox 2102 2169 3709 2251">
    <p class='ocr_par' dir='ltr' id='par_1_66' title="bbox 2102 2169 3709 2251">
     <span class='ocr_line' id='line_1_67' title="bbox 2102 2169 3709 2251; baseline -0.008 -13"><span class='ocrx_word' id='word_1_522' title='bbox 2102 2191 2246 2251; x_wconf 82' lang='lat' dir='ltr'><strong>tura,</strong></span> <span class='ocrx_word' id='word_1_523' title='bbox 2302 2190 2483 2249; x_wconf 90' lang='lat' dir='ltr'><strong>neque</strong></span> <span class='ocrx_word' id='word_1_524' title='bbox 2533 2172 2791 2240; x_wconf 90' lang='lat' dir='ltr'><strong>altitudo,</strong></span> <span class='ocrx_word' id='word_1_525' title='bbox 2861 2186 3040 2243; x_wconf 88' lang='lat' dir='ltr'><strong>neque</strong></span> <span class='ocrx_word' id='word_1_526' title='bbox 3100 2169 3473 2242; x_wconf 85' lang='lat' dir='ltr'><strong>profunditas,</strong></span> <span class='ocrx_word' id='word_1_527' title='bbox 3533 2185 3709 2242; x_wconf 88' lang='lat' dir='ltr'><strong>neque</strong></span> 
     </span>
    </p>
   </div>
   <div class='ocr_carea' id='block_1_67' title="bbox 2104 2260 3712 2344">
    <p class='ocr_par' dir='ltr' id='par_1_67' title="bbox 2104 2260 3712 2344">
     <span class='ocr_line' id='line_1_68' title="bbox 2104 2260 3712 2344; baseline -0.007 -17"><span class='ocrx_word' id='word_1_528' title='bbox 2104 2272 2283 2344; x_wconf 88' lang='lat' dir='ltr'><strong>aliqua</strong></span> <span class='ocrx_word' id='word_1_529' title='bbox 2318 2266 2423 2324; x_wconf 88' lang='lat' dir='ltr'><strong>alia</strong></span> <span class='ocrx_word' id='word_1_530' title='bbox 2446 2272 2695 2322; x_wconf 85' lang='lat' dir='ltr'><strong>creatura</strong></span> <span class='ocrx_word' id='word_1_531' title='bbox 2722 2261 2925 2334; x_wconf 90' lang='lat' dir='ltr'><strong>poterit</strong></span> <span class='ocrx_word' id='word_1_532' title='bbox 2950 2276 3056 2317; x_wconf 91' lang='lat' dir='ltr'><strong>nos</strong></span> <span class='ocrx_word' id='word_1_533' title='bbox 3083 2275 3343 2333; x_wconf 89' lang='lat' dir='ltr'><strong>separare</strong></span> <span class='ocrx_word' id='word_1_534' title='bbox 3369 2276 3401 2317; x_wconf 90' lang='lat' dir='ltr'><strong>a</strong></span> <span class='ocrx_word' id='word_1_535' title='bbox 3419 2260 3712 2317; x_wconf 83' lang='lat' dir='ltr'><strong>dilectione</strong></span> 
     </span>
    </p>
   </div>
   <div class='ocr_carea' id='block_1_68' title="bbox 2109 2352 3709 2432">
    <p class='ocr_par' dir='ltr' id='par_1_68' title="bbox 2109 2352 3709 2432">
     <span class='ocr_line' id='line_1_69' title="bbox 2109 2352 3709 2432; baseline -0.008 -15"><span class='ocrx_word' id='word_1_536' title='bbox 2109 2362 2201 2417; x_wconf 89' lang='lat' dir='ltr'><strong>Dei</strong></span> <span class='ocrx_word' id='word_1_537' title='bbox 2230 2373 2355 2432; x_wconf 64' lang='lat' dir='ltr'><strong>quae</strong></span> <span class='ocrx_word' id='word_1_538' title='bbox 2381 2365 2466 2413; x_wconf 88' lang='lat' dir='ltr'><strong>est</strong></span> <span class='ocrx_word' id='word_1_539' title='bbox 2487 2355 2548 2411; x_wconf 92' lang='lat' dir='ltr'><strong>in</strong></span> <span class='ocrx_word' id='word_1_540' title='bbox 2573 2353 2797 2411; x_wconf 82' lang='lat' dir='ltr'><strong>Christo</strong></span> <span class='ocrx_word' id='word_1_541' title='bbox 2827 2354 2959 2407; x_wconf 89' lang='lat' dir='ltr'><strong>Jesu</strong></span> <span class='ocrx_word' id='word_1_542' title='bbox 2998 2352 3245 2407; x_wconf 90' lang='lat' dir='ltr'><strong>Domino</strong></span> <span class='ocrx_word' id='word_1_543' title='bbox 3281 2359 3495 2408; x_wconf 90' lang='lat' dir='ltr'><strong>nostro.</strong></span> <span class='ocrx_word' id='word_1_544' title='bbox 3532 2373 3557 2400; x_wconf 75' lang='grc' dir='ltr'><strong>ι</strong></span> <span class='ocrx_word' id='word_1_545' title='bbox 3586 2352 3709 2406; x_wconf 87' lang='lat' dir='ltr'><strong>Pri-</strong></span> 
     </span>
    </p>
   </div>
   <div class='ocr_carea' id='block_1_69' title="bbox 2106 2441 3709 2519">
    <p class='ocr_par' dir='ltr' id='par_1_69' title="bbox 2106 2441 3709 2519">
     <span class='ocr_line' id='line_1_70' title="bbox 2106 2441 3709 2519; baseline -0.007 -11"><span class='ocrx_word' id='word_1_546' title='bbox 2106 2466 2265 2507; x_wconf 91' lang='lat' dir='ltr'><strong>mum</strong></span> <span class='ocrx_word' id='word_1_547' title='bbox 2286 2447 2424 2505; x_wconf 80' lang='lat' dir='ltr'><strong>dixit</strong></span> <span class='ocrx_word' id='word_1_548' title='bbox 2449 2444 2599 2519; x_wconf 91' lang='lat' dir='ltr'><strong>quod</strong></span> <span class='ocrx_word' id='word_1_549' title='bbox 2625 2442 2815 2499; x_wconf 85' lang='lat' dir='ltr'><strong>dilexit</strong></span> <span class='ocrx_word' id='word_1_550' title='bbox 2840 2456 2944 2498; x_wconf 90' lang='lat' dir='ltr'><strong>nos</strong></span> <span class='ocrx_word' id='word_1_551' title='bbox 2976 2445 3128 2497; x_wconf 91' lang='lat' dir='ltr'><strong>Deus</strong></span> <span class='ocrx_word' id='word_1_552' title='bbox 3164 2460 3177 2497; x_wconf 89' lang='lat'>:</span> <span class='ocrx_word' id='word_1_553' title='bbox 3207 2441 3405 2497; x_wconf 84' lang='lat' dir='ltr'><strong>deinde</strong></span> <span class='ocrx_word' id='word_1_554' title='bbox 3441 2441 3521 2497; x_wconf 89' lang='lat' dir='ltr'><strong>sic</strong></span> <span class='ocrx_word' id='word_1_555' title='bbox 3548 2456 3709 2497; x_wconf 88' lang='lat' dir='ltr'><strong>suam</strong></span> 
     </span>
    </p>
   </div>
   <div class='ocr_carea' id='block_1_70' title="bbox 2106 2530 3711 2613">
    <p class='ocr_par' dir='ltr' id='par_1_70' title="bbox 2106 2530 3711 2613">
     <span class='ocr_line' id='line_1_71' title="bbox 2106 2530 3711 2613; baseline -0.007 -16"><span class='ocrx_word' id='word_1_556' title='bbox 2106 2540 2275 2613; x_wconf 88' lang='lat' dir='ltr'><strong>ipsius</strong></span> <span class='ocrx_word' id='word_1_557' title='bbox 2303 2552 2431 2609; x_wconf 86' lang='lat' dir='ltr'><strong>erga</strong></span> <span class='ocrx_word' id='word_1_558' title='bbox 2471 2538 2655 2590; x_wconf 87' lang='lat' dir='ltr'><strong>Deum</strong></span> <span class='ocrx_word' id='word_1_559' title='bbox 2684 2531 3014 2589; x_wconf 85' lang='lat' dir='ltr'><strong>charitatem</strong></span> <span class='ocrx_word' id='word_1_560' title='bbox 3044 2540 3097 2587; x_wconf 94' lang='lat' dir='ltr'><strong>et</strong></span> <span class='ocrx_word' id='word_1_561' title='bbox 3126 2545 3374 2587; x_wconf 90' lang='lat' dir='ltr'><strong>amorem</strong></span> <span class='ocrx_word' id='word_1_562' title='bbox 3426 2530 3600 2603; x_wconf 88' lang='lat' dir='ltr'><strong>ponit,</strong></span> <span class='ocrx_word' id='word_1_563' title='bbox 3649 2538 3711 2585; x_wconf 89' lang='lat' dir='ltr'><strong>ut</strong></span> 
     </span>
    </p>
   </div>
   <div class='ocr_carea' id='block_1_71' title="bbox 2104 2620 3714 2695">
    <p class='ocr_par' dir='ltr' id='par_1_71' title="bbox 2104 2620 3714 2695">
     <span class='ocr_line' id='line_1_72' title="bbox 2104 2620 3714 2695; baseline -0.008 -9"><span class='ocrx_word' id='word_1_564' title='bbox 2104 2629 2240 2686; x_wconf 90' lang='lat' dir='ltr'><strong>nihil</strong></span> <span class='ocrx_word' id='word_1_565' title='bbox 2282 2626 2533 2684; x_wconf 89' lang='lat' dir='ltr'><strong>videatur</strong></span> <span class='ocrx_word' id='word_1_566' title='bbox 2564 2637 2836 2695; x_wconf 88' lang='lat' dir='ltr'><strong>magnum</strong></span> <span class='ocrx_word' id='word_1_567' title='bbox 2868 2620 2939 2677; x_wconf 91' lang='lat' dir='ltr'><strong>de</strong></span> <span class='ocrx_word' id='word_1_568' title='bbox 2970 2636 3029 2677; x_wconf 91' lang='lat' dir='ltr'><strong>se</strong></span> <span class='ocrx_word' id='word_1_569' title='bbox 3074 2620 3195 2692; x_wconf 90' lang='lat' dir='ltr'><strong>ipso</strong></span> <span class='ocrx_word' id='word_1_570' title='bbox 3212 2620 3413 2676; x_wconf 89' lang='lat' dir='ltr'><strong>dicere.</strong></span> <span class='ocrx_word' id='word_1_571' title='bbox 3446 2620 3714 2688; x_wconf 86' lang='lat' dir='ltr'><strong>Adeo,in-</strong></span> 
     </span>
    </p>
   </div>
   <div class='ocr_carea' id='block_1_72' title="bbox 2103 2710 3714 2792">
    <p class='ocr_par' dir='ltr' id='par_1_72' title="bbox 2103 2710 3714 2792">
     <span class='ocr_line' id='line_1_73' title="bbox 2103 2710 3714 2792; baseline -0.007 -16"><span class='ocrx_word' id='word_1_572' title='bbox 2103 2719 2242 2792; x_wconf 91' lang='lat' dir='ltr'><strong>quit,</strong></span> <span class='ocrx_word' id='word_1_573' title='bbox 2260 2715 2568 2790; x_wconf 89' lang='lat' dir='ltr'><strong>pendemus</strong></span> <span class='ocrx_word' id='word_1_574' title='bbox 2586 2728 2652 2769; x_wconf 85' lang='lat' dir='ltr'><strong>ex</strong></span> <span class='ocrx_word' id='word_1_575' title='bbox 2674 2711 2965 2768; x_wconf 88' lang='lat' dir='ltr'><strong>dilectione</strong></span> <span class='ocrx_word' id='word_1_576' title='bbox 2995 2710 3114 2776; x_wconf 88' lang='lat' dir='ltr'><strong>Dei,</strong></span> <span class='ocrx_word' id='word_1_577' title='bbox 3134 2718 3195 2765; x_wconf 92' lang='lat' dir='ltr'><strong>ut</strong></span> <span class='ocrx_word' id='word_1_578' title='bbox 3220 2726 3331 2765; x_wconf 91' lang='lat' dir='ltr'><strong>non</strong></span> <span class='ocrx_word' id='word_1_579' title='bbox 3360 2710 3545 2766; x_wconf 91' lang='lat' dir='ltr'><strong>solum</strong></span> <span class='ocrx_word' id='word_1_580' title='bbox 3586 2724 3714 2781; x_wconf 65' lang='lat' dir='ltr'><strong>quae</strong></span> 
     </span>
    </p>
   </div>
   <div class='ocr_carea' id='block_1_73' title="bbox 2105 2800 3714 2877">
    <p class='ocr_par' dir='ltr' id='par_1_73' title="bbox 2105 2800 3714 2877">
     <span class='ocr_line' id='line_1_74' title="bbox 2105 2800 3714 2877; baseline -0.006 -11"><span class='ocrx_word' id='word_1_581' title='bbox 2105 2810 2237 2866; x_wconf 89' lang='lat' dir='ltr'><strong>huic</strong></span> <span class='ocrx_word' id='word_1_582' title='bbox 2261 2808 2388 2864; x_wconf 70' lang='lat' dir='ltr'><strong>vitae</strong></span> <span class='ocrx_word' id='word_1_583' title='bbox 2414 2804 2740 2877; x_wconf 85' lang='lat' dir='ltr'><strong>contingunt</strong></span> <span class='ocrx_word' id='word_1_584' title='bbox 2768 2801 3120 2858; x_wconf 88' lang='lat' dir='ltr'><strong>incommoda</strong></span> <span class='ocrx_word' id='word_1_585' title='bbox 3150 2815 3256 2856; x_wconf 93' lang='lat' dir='ltr'><strong>nos</strong></span> <span class='ocrx_word' id='word_1_586' title='bbox 3277 2800 3345 2856; x_wconf 88' lang='lat' dir='ltr'><strong>ab</strong></span> <span class='ocrx_word' id='word_1_587' title='bbox 3381 2816 3445 2857; x_wconf 91' lang='lat' dir='ltr'><strong>ea</strong></span> <span class='ocrx_word' id='word_1_588' title='bbox 3482 2816 3714 2856; x_wconf 87' lang='lat' dir='ltr'><strong>avocare</strong></span> 
     </span>
    </p>
   </div>
   <div class='ocr_carea' id='block_1_74' title="bbox 2102 2889 3712 2973">
    <p class='ocr_par' dir='ltr' id='par_1_74' title="bbox 2102 2889 3712 2973">
     <span class='ocr_line' id='line_1_75' title="bbox 2102 2889 3712 2973; baseline -0.007 -16"><span class='ocrx_word' id='word_1_589' title='bbox 2102 2905 2417 2973; x_wconf 87' lang='lat' dir='ltr'><strong>nequeant:</strong></span> <span class='ocrx_word' id='word_1_590' title='bbox 2458 2909 2650 2951; x_wconf 90' lang='lat' dir='ltr'><strong>verum</strong></span> <span class='ocrx_word' id='word_1_591' title='bbox 2678 2893 2848 2949; x_wconf 89' lang='lat' dir='ltr'><strong>etiam</strong></span> <span class='ocrx_word' id='word_1_592' title='bbox 2878 2893 2925 2948; x_wconf 89' lang='lat' dir='ltr'><strong>si</strong></span> <span class='ocrx_word' id='word_1_593' title='bbox 2948 2900 3219 2963; x_wconf 83' lang='lat' dir='ltr'><strong>tyrannus</strong></span> <span class='ocrx_word' id='word_1_594' title='bbox 3248 2889 3443 2962; x_wconf 90' lang='lat' dir='ltr'><strong>aliquis</strong></span> <span class='ocrx_word' id='word_1_595' title='bbox 3471 2899 3712 2947; x_wconf 90' lang='lat' dir='ltr'><strong>mortem</strong></span> 
     </span>
    </p>
   </div>
   <div class='ocr_carea' id='block_1_75' title="bbox 2108 2979 3710 3056">
    <p class='ocr_par' dir='ltr' id='par_1_75' title="bbox 2108 2979 3710 3056">
     <span class='ocr_line' id='line_1_76' title="bbox 2108 2979 3710 3056; baseline -0.006 -10"><span class='ocrx_word' id='word_1_596' title='bbox 2108 2987 2496 3046; x_wconf 90' lang='lat' dir='ltr'><strong>interminetur</strong></span> <span class='ocrx_word' id='word_1_597' title='bbox 2510 2984 2780 3050; x_wconf 84' lang='lat' dir='ltr'><strong>futuram,</strong></span> <span class='ocrx_word' id='word_1_598' title='bbox 2803 2997 2930 3056; x_wconf 66' lang='lat' dir='ltr'><strong>quae</strong></span> <span class='ocrx_word' id='word_1_599' title='bbox 2949 2982 3007 3037; x_wconf 88' lang='lat' dir='ltr'><strong>in</strong></span> <span class='ocrx_word' id='word_1_600' title='bbox 3018 2979 3286 3053; x_wconf 89' lang='lat' dir='ltr'><strong>supplicio</strong></span> <span class='ocrx_word' id='word_1_601' title='bbox 3308 2980 3381 3037; x_wconf 89' lang='lat' dir='ltr'><strong>sit</strong></span> <span class='ocrx_word' id='word_1_602' title='bbox 3411 2980 3673 3037; x_wconf 88' lang='lat' dir='ltr'><strong>duratura</strong></span> <span class='ocrx_word' id='word_1_603' title='bbox 3698 3002 3710 3037; x_wconf 91' lang='lat'><strong>:</strong></span> 
     </span>
    </p>
   </div>
   <div class='ocr_carea' id='block_1_76' title="bbox 2106 3069 3714 3153">
    <p class='ocr_par' dir='ltr' id='par_1_76' title="bbox 2106 3069 3714 3153">
     <span class='ocr_line' id='line_1_77' title="bbox 2106 3069 3714 3153; baseline -0.006 -17"><span class='ocrx_word' id='word_1_604' title='bbox 2106 3080 2151 3136; x_wconf 90' lang='lat' dir='ltr'><strong>si</strong></span> <span class='ocrx_word' id='word_1_605' title='bbox 2184 3078 2505 3153; x_wconf 88' lang='lat' dir='ltr'><strong>polliceatur</strong></span> <span class='ocrx_word' id='word_1_606' title='bbox 2548 3075 2723 3130; x_wconf 86' lang='lat' dir='ltr'><strong>vitam</strong></span> <span class='ocrx_word' id='word_1_607' title='bbox 2762 3072 2929 3129; x_wconf 91' lang='lat' dir='ltr'><strong>nullis</strong></span> <span class='ocrx_word' id='word_1_608' title='bbox 2958 3070 3172 3128; x_wconf 57' lang='lat' dir='ltr'><strong>saeculis</strong></span> <span class='ocrx_word' id='word_1_609' title='bbox 3213 3069 3714 3140; x_wconf 89' lang='lat' dir='ltr'><strong>intermorituram,</strong></span> 
     </span>
    </p>
   </div>
   <div class='ocr_carea' id='block_1_77' title="bbox 2106 3160 3714 3237">
    <p class='ocr_par' dir='ltr' id='par_1_77' title="bbox 2106 3160 3714 3237">
     <span class='ocr_line' id='line_1_78' title="bbox 2106 3160 3714 3237; baseline -0.007 -11"><span class='ocrx_word' id='word_1_610' title='bbox 2106 3169 2418 3226; x_wconf 86' lang='lat' dir='ltr'><strong>allaborans</strong></span> <span class='ocrx_word' id='word_1_611' title='bbox 2468 3164 2575 3221; x_wconf 91' lang='lat' dir='ltr'><strong>hoc</strong></span> <span class='ocrx_word' id='word_1_612' title='bbox 2622 3171 2783 3237; x_wconf 88' lang='lat' dir='ltr'><strong>pacto</strong></span> <span class='ocrx_word' id='word_1_613' title='bbox 2830 3178 2934 3219; x_wconf 91' lang='lat' dir='ltr'><strong>nos</strong></span> <span class='ocrx_word' id='word_1_614' title='bbox 2962 3160 3282 3218; x_wconf 88' lang='lat' dir='ltr'><strong>abstrahere</strong></span> <span class='ocrx_word' id='word_1_615' title='bbox 3326 3176 3357 3217; x_wconf 90' lang='lat' dir='ltr'><strong>a</strong></span> <span class='ocrx_word' id='word_1_616' title='bbox 3386 3164 3526 3229; x_wconf 90' lang='lat' dir='ltr'><strong>Deo,</strong></span> <span class='ocrx_word' id='word_1_617' title='bbox 3576 3161 3714 3216; x_wconf 89' lang='lat' dir='ltr'><strong>nihil</strong></span> 
     </span>
    </p>
   </div>
   <div class='ocr_carea' id='block_1_78' title="bbox 2032 3251 3717 3370">
    <p class='ocr_par' dir='ltr' id='par_1_78' title="bbox 2032 3251 3717 3370">
     <span class='ocr_line' id='line_1_79' title="bbox 2032 3251 3717 3370; baseline -0.005 -54"><span class='ocrx_word' id='word_1_618' title='bbox 2032 3305 2077 3370; x_wconf 63' lang='grc' dir='ltr'>Ο</span> <span class='ocrx_word' id='word_1_619' title='bbox 2111 3259 2271 3331; x_wconf 87' lang='lat' dir='ltr'><strong>plane</strong></span> <span class='ocrx_word' id='word_1_620' title='bbox 2321 3254 2542 3313; x_wconf 81' lang='lat' dir='ltr'><strong>efﬁciet.</strong></span> <span class='ocrx_word' id='word_1_621' title='bbox 2603 3252 2821 3326; x_wconf 89' lang='lat' dir='ltr'><strong>Ecquid</strong></span> <span class='ocrx_word' id='word_1_622' title='bbox 2884 3251 3022 3308; x_wconf 89' lang='lat' dir='ltr'><strong>mihi</strong></span> <span class='ocrx_word' id='word_1_623' title='bbox 3078 3266 3235 3324; x_wconf 91' lang='lat' dir='ltr'><strong>reges</strong></span> <span class='ocrx_word' id='word_1_624' title='bbox 3308 3267 3375 3308; x_wconf 90' lang='lat' dir='ltr'><strong>ac</strong></span> <span class='ocrx_word' id='word_1_625' title='bbox 3448 3259 3717 3324; x_wconf 86' lang='lat' dir='ltr'><strong>tyrannos</strong></span> 
     </span>
     <span class='ocr_line' id='line_1_80' title="bbox 2118 3343 3680 3370; baseline 0 0"><span class='ocrx_word' id='word_1_626' title='bbox 2118 3348 2298 3370; x_wconf 69' lang='grc' dir='ltr'>-ι.εε-ε..</span> <span class='ocrx_word' id='word_1_627' title='bbox 2326 3352 2350 3370; x_wconf 73' lang='grc' dir='ltr'>ιι</span> <span class='ocrx_word' id='word_1_628' title='bbox 2386 3348 2575 3370; x_wconf 67' lang='grc' dir='ltr'><strong>Ἁτ--....</strong></span> <span class='ocrx_word' id='word_1_629' title='bbox 2618 3343 2795 3370; x_wconf 65' lang='grc' dir='ltr'><strong>,ιι-...ηιξ</strong></span> <span class='ocrx_word' id='word_1_630' title='bbox 2853 3358 3032 3370; x_wconf 63' lang='grc' dir='ltr'><strong>..ιη-..ιι</strong></span> <span class='ocrx_word' id='word_1_631' title='bbox 3073 3356 3266 3370; x_wconf 59' lang='lat' dir='ltr'><strong>Ann-usa</strong></span> <span class='ocrx_word' id='word_1_632' title='bbox 3305 3356 3562 3370; x_wconf 58' lang='lat' dir='ltr'><strong>an..an</strong></span> <span class='ocrx_word' id='word_1_633' title='bbox 3612 3356 3680 3370; x_wconf 71' lang='lat' dir='ltr'><strong>nn</strong></span> 
     </span>
    </p>
   </div>
   <div class='ocr_carea' id='block_1_79' title="bbox 2110 3343 3716 3421">
    <p class='ocr_par' dir='ltr' id='par_1_79' title="bbox 2110 3343 3716 3421">
     <span class='ocr_line' id='line_1_81' title="bbox 2110 3343 3716 3421; baseline -0.006 -16"><span class='ocrx_word' id='word_1_634' title='bbox 2110 3348 2350 3421; x_wconf 81' lang='lat' dir='ltr'><strong>objicis?</strong></span> <span class='ocrx_word' id='word_1_635' title='bbox 2386 3348 2577 3417; x_wconf 88' lang='lat' dir='ltr'><strong>Neque</strong></span> <span class='ocrx_word' id='word_1_636' title='bbox 2617 3343 2821 3416; x_wconf 83' lang='lat' dir='ltr'><strong>angeli,</strong></span> <span class='ocrx_word' id='word_1_637' title='bbox 2853 3358 3033 3415; x_wconf 91' lang='lat' dir='ltr'><strong>neque</strong></span> <span class='ocrx_word' id='word_1_638' title='bbox 3070 3356 3268 3398; x_wconf 92' lang='lat' dir='ltr'><strong>omnes</strong></span> <span class='ocrx_word' id='word_1_639' title='bbox 3304 3356 3562 3414; x_wconf 69' lang='lat' dir='ltr'><strong>supernae</strong></span> <span class='ocrx_word' id='word_1_640' title='bbox 3610 3356 3716 3412; x_wconf 93' lang='lat' dir='ltr'><strong>po-</strong></span> 
     </span>
    </p>
   </div>
   <div class='ocr_carea' id='block_1_80' title="bbox 2106 3431 3713 3509">
    <p class='ocr_par' dir='ltr' id='par_1_80' title="bbox 2106 3431 3713 3509">
     <span class='ocr_line' id='line_1_82' title="bbox 2106 3431 3713 3509; baseline -0.004 -14"><span class='ocrx_word' id='word_1_641' title='bbox 2106 3446 2334 3495; x_wconf 86' lang='lat' dir='ltr'><strong>testates</strong></span> <span class='ocrx_word' id='word_1_642' title='bbox 2390 3442 2653 3509; x_wconf 88' lang='lat' dir='ltr'><strong>poterunt</strong></span> <span class='ocrx_word' id='word_1_643' title='bbox 2696 3447 2803 3490; x_wconf 91' lang='lat' dir='ltr'><strong>nos</strong></span> <span class='ocrx_word' id='word_1_644' title='bbox 2856 3441 3101 3489; x_wconf 89' lang='lat' dir='ltr'><strong>avertere</strong></span> <span class='ocrx_word' id='word_1_645' title='bbox 3134 3451 3146 3487; x_wconf 91' lang='lat'><strong>:</strong></span> <span class='ocrx_word' id='word_1_646' title='bbox 3175 3431 3290 3502; x_wconf 76' lang='lat'><strong>66</strong></span> <span class='ocrx_word' id='word_1_647' title='bbox 3349 3447 3524 3504; x_wconf 89' lang='lat' dir='ltr'><strong>neque</strong></span> <span class='ocrx_word' id='word_1_648' title='bbox 3572 3447 3713 3504; x_wconf 67' lang='lat' dir='ltr'><strong>prae-</strong></span> 
     </span>
    </p>
   </div>
   <div class='ocr_carea' id='block_1_81' title="bbox 2105 3521 3717 3599">
    <p class='ocr_par' dir='ltr' id='par_1_81' title="bbox 2105 3521 3717 3599">
     <span class='ocr_line' id='line_1_83' title="bbox 2105 3521 3717 3599; baseline -0.005 -14"><span class='ocrx_word' id='word_1_649' title='bbox 2105 3528 2301 3597; x_wconf 88' lang='lat' dir='ltr'><strong>sentia,</strong></span> <span class='ocrx_word' id='word_1_650' title='bbox 2375 3540 2555 3599; x_wconf 88' lang='lat' dir='ltr'><strong>neque</strong></span> <span class='ocrx_word' id='word_1_651' title='bbox 2619 3523 2825 3591; x_wconf 75' lang='lat' dir='ltr'><strong>futura,</strong></span> <span class='ocrx_word' id='word_1_652' title='bbox 2894 3536 3075 3593; x_wconf 91' lang='lat' dir='ltr'><strong>neque</strong></span> <span class='ocrx_word' id='word_1_653' title='bbox 3143 3521 3398 3590; x_wconf 88' lang='lat' dir='ltr'><strong>altitudo,</strong></span> <span class='ocrx_word' id='word_1_654' title='bbox 3450 3521 3558 3578; x_wconf 90' lang='lat' dir='ltr'><strong>hoc</strong></span> <span class='ocrx_word' id='word_1_655' title='bbox 3632 3530 3717 3577; x_wconf 88' lang='lat' dir='ltr'><strong>est</strong></span> 
     </span>
    </p>
   </div>
   <div class='ocr_carea' id='block_1_82' title="bbox 2108 3610 3716 3693">
    <p class='ocr_par' dir='ltr' id='par_1_82' title="bbox 2108 3610 3716 3693">
     <span class='ocr_line' id='line_1_84' title="bbox 2108 3610 3716 3693; baseline -0.004 -17"><span class='ocrx_word' id='word_1_656' title='bbox 2108 3634 2235 3693; x_wconf 62' lang='lat' dir='ltr'><strong>quae</strong></span> <span class='ocrx_word' id='word_1_657' title='bbox 2289 3617 2346 3673; x_wconf 92' lang='lat' dir='ltr'><strong>in</strong></span> <span class='ocrx_word' id='word_1_658' title='bbox 2386 3615 2561 3683; x_wconf 71' lang='lat' dir='ltr'><strong>cmlis,</strong></span> <span class='ocrx_word' id='word_1_659' title='bbox 2609 3628 2788 3685; x_wconf 90' lang='lat' dir='ltr'><strong>neque</strong></span> <span class='ocrx_word' id='word_1_660' title='bbox 2846 3610 3213 3685; x_wconf 84' lang='lat' dir='ltr'><strong>profunditas,</strong></span> <span class='ocrx_word' id='word_1_661' title='bbox 3266 3611 3375 3667; x_wconf 92' lang='lat' dir='ltr'><strong>hoc</strong></span> <span class='ocrx_word' id='word_1_662' title='bbox 3432 3618 3517 3668; x_wconf 89' lang='lat' dir='ltr'><strong>est</strong></span> <span class='ocrx_word' id='word_1_663' title='bbox 3591 3628 3716 3685; x_wconf 65' lang='lat' dir='ltr'><strong>quae</strong></span> 
     </span>
    </p>
   </div>
   <div class='ocr_carea' id='block_1_83' title="bbox 2108 3700 3714 3777">
    <p class='ocr_par' dir='ltr' id='par_1_83' title="bbox 2108 3700 3714 3777">
     <span class='ocr_line' id='line_1_85' title="bbox 2108 3700 3714 3777; baseline -0.005 -12"><span class='ocrx_word' id='word_1_664' title='bbox 2108 3710 2169 3764; x_wconf 88' lang='lat' dir='ltr'><strong>in</strong></span> <span class='ocrx_word' id='word_1_665' title='bbox 2220 3716 2389 3775; x_wconf 90' lang='lat' dir='ltr'><strong>terra,</strong></span> <span class='ocrx_word' id='word_1_666' title='bbox 2450 3719 2633 3777; x_wconf 89' lang='lat' dir='ltr'><strong>neque</strong></span> <span class='ocrx_word' id='word_1_667' title='bbox 2692 3703 2889 3775; x_wconf 85' lang='lat' dir='ltr'><strong>gloria,</strong></span> <span class='ocrx_word' id='word_1_668' title='bbox 2938 3716 3119 3774; x_wconf 91' lang='lat' dir='ltr'><strong>neque</strong></span> <span class='ocrx_word' id='word_1_669' title='bbox 3186 3700 3516 3773; x_wconf 87' lang='lat' dir='ltr'><strong>ignominia.</strong></span> <span class='ocrx_word' id='word_1_670' title='bbox 3578 3703 3714 3772; x_wconf 88' lang='lat' dir='ltr'><strong>Qui-</strong></span> 
     </span>
    </p>
   </div>
   <div class='ocr_carea' id='block_1_84' title="bbox 2108 3791 3714 3869">
    <p class='ocr_par' dir='ltr' id='par_1_84' title="bbox 2108 3791 3714 3869">
     <span class='ocr_line' id='line_1_86' title="bbox 2108 3791 3714 3869; baseline -0.005 -14"><span class='ocrx_word' id='word_1_671' title='bbox 2108 3798 2238 3855; x_wconf 93' lang='lat' dir='ltr'><strong>dam</strong></span> <span class='ocrx_word' id='word_1_672' title='bbox 2266 3812 2365 3869; x_wconf 86' lang='lat' dir='ltr'><strong>per</strong></span> <span class='ocrx_word' id='word_1_673' title='bbox 2400 3794 2765 3860; x_wconf 87' lang='lat' dir='ltr'><strong>altitudinem,</strong></span> <span class='ocrx_word' id='word_1_674' title='bbox 2815 3791 3089 3849; x_wconf 74' lang='lat' dir='ltr'><strong>cmlorum</strong></span> <span class='ocrx_word' id='word_1_675' title='bbox 3136 3805 3402 3862; x_wconf 86' lang='lat' dir='ltr'><strong>regnum,</strong></span> <span class='ocrx_word' id='word_1_676' title='bbox 3446 3807 3545 3861; x_wconf 87' lang='lat' dir='ltr'><strong>per</strong></span> <span class='ocrx_word' id='word_1_677' title='bbox 3589 3808 3714 3863; x_wconf 90' lang='lat' dir='ltr'><strong>pro-</strong></span> 
     </span>
    </p>
   </div>
   <div class='ocr_carea' id='block_1_85' title="bbox 2108 3880 3715 3958">
    <p class='ocr_par' dir='ltr' id='par_1_85' title="bbox 2108 3880 3715 3958">
     <span class='ocr_line' id='line_1_87' title="bbox 2108 3880 3715 3958; baseline -0.004 -14"><span class='ocrx_word' id='word_1_678' title='bbox 2108 3886 2460 3955; x_wconf 80' lang='lat' dir='ltr'><strong>funditatem,</strong></span> <span class='ocrx_word' id='word_1_679' title='bbox 2484 3885 2764 3958; x_wconf 90' lang='lat' dir='ltr'><strong>jacturam</strong></span> <span class='ocrx_word' id='word_1_680' title='bbox 2809 3882 2928 3954; x_wconf 88' lang='lat' dir='ltr'><strong>ejus</strong></span> <span class='ocrx_word' id='word_1_681' title='bbox 2986 3880 3312 3951; x_wconf 90' lang='lat' dir='ltr'><strong>intelligunt.</strong></span> <span class='ocrx_word' id='word_1_682' title='bbox 3363 3882 3618 3953; x_wconf 89' lang='lat' dir='ltr'><strong>Insuper,</strong></span> <span class='ocrx_word' id='word_1_683' title='bbox 3668 3882 3715 3937; x_wconf 90' lang='lat' dir='ltr'><strong>si</strong></span> 
     </span>
    </p>
   </div>
   <div class='ocr_carea' id='block_1_86' title="bbox 2108 3970 3717 4044">
    <p class='ocr_par' dir='ltr' id='par_1_86' title="bbox 2108 3970 3717 4044">
     <span class='ocr_line' id='line_1_88' title="bbox 2108 3970 3717 4044; baseline -0.005 -10"><span class='ocrx_word' id='word_1_684' title='bbox 2108 3977 2261 4034; x_wconf 92' lang='lat' dir='ltr'><strong>aliud</strong></span> <span class='ocrx_word' id='word_1_685' title='bbox 2286 3985 2430 4034; x_wconf 87' lang='lat' dir='ltr'><strong>esset</strong></span> <span class='ocrx_word' id='word_1_686' title='bbox 2455 3973 2648 4032; x_wconf 90' lang='lat' dir='ltr'><strong>mundi</strong></span> <span class='ocrx_word' id='word_1_687' title='bbox 2697 3971 2979 4044; x_wconf 84' lang='lat' dir='ltr'><strong>opiﬁcium</strong></span> <span class='ocrx_word' id='word_1_688' title='bbox 3024 3977 3246 4026; x_wconf 90' lang='lat' dir='ltr'><strong>tantum</strong></span> <span class='ocrx_word' id='word_1_689' title='bbox 3282 3977 3552 4042; x_wconf 90' lang='lat' dir='ltr'><strong>quantum</strong></span> <span class='ocrx_word' id='word_1_690' title='bbox 3591 3970 3717 4026; x_wconf 89' lang='lat' dir='ltr'><strong>visi-</strong></span> 
     </span>
    </p>
   </div>
   <div class='ocr_carea' id='block_1_87' title="bbox 2109 4059 3714 4135">
    <p class='ocr_par' dir='ltr' id='par_1_87' title="bbox 2109 4059 3714 4135">
     <span class='ocr_line' id='line_1_89' title="bbox 2109 4059 3714 4135; baseline -0.004 -11"><span class='ocrx_word' id='word_1_691' title='bbox 2109 4068 2217 4124; x_wconf 89' lang='lat' dir='ltr'><strong>bile</strong></span> <span class='ocrx_word' id='word_1_692' title='bbox 2254 4067 2361 4123; x_wconf 91' lang='lat' dir='ltr'><strong>hoc</strong></span> <span class='ocrx_word' id='word_1_693' title='bbox 2412 4074 2469 4123; x_wconf 91' lang='lat' dir='ltr'><strong>et</strong></span> <span class='ocrx_word' id='word_1_694' title='bbox 2495 4062 2851 4135; x_wconf 84' lang='lat' dir='ltr'><strong>intelligibile,</strong></span> <span class='ocrx_word' id='word_1_695' title='bbox 2893 4076 2925 4118; x_wconf 93' lang='lat' dir='ltr'><strong>a</strong></span> <span class='ocrx_word' id='word_1_696' title='bbox 2961 4059 3260 4117; x_wconf 87' lang='lat' dir='ltr'><strong>dilectione</strong></span> <span class='ocrx_word' id='word_1_697' title='bbox 3310 4060 3429 4132; x_wconf 89' lang='lat' dir='ltr'><strong>ejus</strong></span> <span class='ocrx_word' id='word_1_698' title='bbox 3480 4076 3572 4117; x_wconf 90' lang='lat' dir='ltr'><strong>me</strong></span> <span class='ocrx_word' id='word_1_699' title='bbox 3600 4076 3714 4117; x_wconf 91' lang='lat' dir='ltr'><strong>non</strong></span> 
     </span>
    </p>
   </div>
   <div class='ocr_carea' id='block_1_88' title="bbox 2108 4149 3713 4224">
    <p class='ocr_par' dir='ltr' id='par_1_88' title="bbox 2108 4149 3713 4224">
     <span class='ocr_line' id='line_1_90' title="bbox 2108 4149 3713 4224; baseline -0.004 -10"><span class='ocrx_word' id='word_1_700' title='bbox 2108 4156 2385 4215; x_wconf 87' lang='lat' dir='ltr'><strong>averterit.</strong></span> <span class='ocrx_word' id='word_1_701' title='bbox 2442 4158 2569 4212; x_wconf 87' lang='lat' dir='ltr'><strong>Non</strong></span> <span class='ocrx_word' id='word_1_702' title='bbox 2599 4160 2783 4210; x_wconf 89' lang='lat' dir='ltr'><strong>autem</strong></span> <span class='ocrx_word' id='word_1_703' title='bbox 2828 4150 2980 4224; x_wconf 89' lang='lat' dir='ltr'><strong>quod</strong></span> <span class='ocrx_word' id='word_1_704' title='bbox 3008 4150 3185 4222; x_wconf 88' lang='lat' dir='ltr'><strong>angeli</strong></span> <span class='ocrx_word' id='word_1_705' title='bbox 3237 4149 3489 4207; x_wconf 87' lang='lat' dir='ltr'><strong>homines</strong></span> <span class='ocrx_word' id='word_1_706' title='bbox 3513 4166 3544 4206; x_wconf 93' lang='lat' dir='ltr'><strong>a</strong></span> <span class='ocrx_word' id='word_1_707' title='bbox 3590 4153 3713 4207; x_wconf 92' lang='lat' dir='ltr'><strong>Deo</strong></span> 
     </span>
    </p>
   </div>
   <div class='ocr_carea' id='block_1_89' title="bbox 2108 4240 3716 4314">
    <p class='ocr_par' dir='ltr' id='par_1_89' title="bbox 2108 4240 3716 4314">
     <span class='ocr_line' id='line_1_91' title="bbox 2108 4240 3716 4314; baseline -0.006 -8"><span class='ocrx_word' id='word_1_708' title='bbox 2108 4247 2413 4306; x_wconf 84' lang='lat' dir='ltr'><strong>desciscere</strong></span> <span class='ocrx_word' id='word_1_709' title='bbox 2459 4244 2682 4313; x_wconf 80' lang='lat' dir='ltr'><strong>faciant,</strong></span> <span class='ocrx_word' id='word_1_710' title='bbox 2741 4242 2849 4299; x_wconf 90' lang='lat' dir='ltr'><strong>hoc</strong></span> <span class='ocrx_word' id='word_1_711' title='bbox 2900 4240 3040 4298; x_wconf 73' lang='lat' dir='ltr'><strong>dixit</strong></span> <span class='ocrx_word' id='word_1_712' title='bbox 3071 4258 3084 4294; x_wconf 90' lang='lat'><strong>:</strong></span> <span class='ocrx_word' id='word_1_713' title='bbox 3112 4256 3305 4298; x_wconf 89' lang='lat' dir='ltr'><strong>verum</strong></span> <span class='ocrx_word' id='word_1_714' title='bbox 3351 4256 3419 4297; x_wconf 88' lang='lat' dir='ltr'><strong>ex</strong></span> <span class='ocrx_word' id='word_1_715' title='bbox 3468 4241 3716 4314; x_wconf 91' lang='lat' dir='ltr'><strong>supposi-</strong></span> 
     </span>
    </p>
   </div>
   <div class='ocr_carea' id='block_1_90' title="bbox 2107 4331 3714 4404">
    <p class='ocr_par' dir='ltr' id='par_1_90' title="bbox 2107 4331 3714 4404">
     <span class='ocr_line' id='line_1_92' title="bbox 2107 4331 3714 4404; baseline -0.003 -9"><span class='ocrx_word' id='word_1_716' title='bbox 2107 4338 2261 4395; x_wconf 89' lang='lat' dir='ltr'><strong>tione</strong></span> <span class='ocrx_word' id='word_1_717' title='bbox 2305 4350 2631 4393; x_wconf 89' lang='lat' dir='ltr'><strong>sermonem</strong></span> <span class='ocrx_word' id='word_1_718' title='bbox 2674 4333 2826 4390; x_wconf 90' lang='lat' dir='ltr'><strong>hunc</strong></span> <span class='ocrx_word' id='word_1_719' title='bbox 2852 4331 3102 4404; x_wconf 89' lang='lat' dir='ltr'><strong>protulit,</strong></span> <span class='ocrx_word' id='word_1_720' title='bbox 3151 4338 3209 4388; x_wconf 90' lang='lat' dir='ltr'><strong>et</strong></span> <span class='ocrx_word' id='word_1_721' title='bbox 3255 4346 3323 4387; x_wconf 90' lang='lat' dir='ltr'><strong>ex</strong></span> <span class='ocrx_word' id='word_1_722' title='bbox 3372 4331 3714 4390; x_wconf 87' lang='lat' dir='ltr'><strong>abundantia</strong></span> 
     </span>
    </p>
   </div>
   <div class='ocr_carea' id='block_1_91' title="bbox 2108 4420 3719 4493">
    <p class='ocr_par' dir='ltr' id='par_1_91' title="bbox 2108 4420 3719 4493">
     <span class='ocr_line' id='line_1_93' title="bbox 2108 4420 3719 4493; baseline -0.004 -7"><span class='ocrx_word' id='word_1_723' title='bbox 2108 4426 2395 4486; x_wconf 89' lang='lat' dir='ltr'><strong>ostendere</strong></span> <span class='ocrx_word' id='word_1_724' title='bbox 2448 4426 2638 4482; x_wconf 90' lang='lat' dir='ltr'><strong>volens</strong></span> <span class='ocrx_word' id='word_1_725' title='bbox 2680 4422 2991 4479; x_wconf 90' lang='lat' dir='ltr'><strong>dilectionis</strong></span> <span class='ocrx_word' id='word_1_726' title='bbox 3026 4420 3127 4477; x_wconf 90' lang='lat' dir='ltr'><strong>Dei</strong></span> <span class='ocrx_word' id='word_1_727' title='bbox 3171 4421 3610 4493; x_wconf 89' lang='lat' dir='ltr'><strong>magnitudinem</strong></span> <span class='ocrx_word' id='word_1_728' title='bbox 3662 4431 3719 4479; x_wconf 89' lang='lat' dir='ltr'><strong>et</strong></span> 
     </span>
    </p>
   </div>
   <div class='ocr_carea' id='block_1_92' title="bbox 2040 4507 3713 4588">
    <p class='ocr_par' dir='ltr' id='par_1_92' title="bbox 2040 4507 3713 4588">
     <span class='ocr_line' id='line_1_94' title="bbox 2040 4507 3713 4588; baseline -0.002 -17"><span class='ocrx_word' id='word_1_729' title='bbox 2040 4507 2090 4571; x_wconf 90' lang='lat' dir='ltr'><strong>D</strong></span> <span class='ocrx_word' id='word_1_730' title='bbox 2120 4516 2533 4583; x_wconf 82' lang='lat' dir='ltr'><strong>excellentiam;</strong></span> <span class='ocrx_word' id='word_1_731' title='bbox 2557 4530 2673 4572; x_wconf 90' lang='lat' dir='ltr'><strong>non</strong></span> <span class='ocrx_word' id='word_1_732' title='bbox 2702 4513 2922 4588; x_wconf 88' lang='lat' dir='ltr'><strong>qualem</strong></span> <span class='ocrx_word' id='word_1_733' title='bbox 2946 4511 3166 4568; x_wconf 68' lang='lat' dir='ltr'><strong>Hebraei</strong></span> <span class='ocrx_word' id='word_1_734' title='bbox 3197 4526 3255 4566; x_wconf 88' lang='lat' dir='ltr'><strong>se</strong></span> <span class='ocrx_word' id='word_1_735' title='bbox 3283 4510 3488 4568; x_wconf 88' lang='lat' dir='ltr'><strong>habere</strong></span> <span class='ocrx_word' id='word_1_736' title='bbox 3501 4511 3713 4581; x_wconf 89' lang='lat' dir='ltr'><strong>dicunt,</strong></span> 
     </span>
    </p>
   </div>
   <div class='ocr_carea' id='block_1_93' title="bbox 402 4600 3714 4677">
    <p class='ocr_par' dir='ltr' id='par_1_93' title="bbox 402 4600 3714 4677">
     <span class='ocr_line' id='line_1_95' title="bbox 402 4600 3714 4677; baseline -0 -20"><span class='ocrx_word' id='word_1_737' title='bbox 402 4600 500 4657; x_wconf 86' lang='lat' dir='ltr'><strong>sed</strong></span> <span class='ocrx_word' id='word_1_738' title='bbox 526 4601 700 4673; x_wconf 84' lang='lat' dir='ltr'><strong>qualis</strong></span> <span class='ocrx_word' id='word_1_739' title='bbox 741 4610 829 4659; x_wconf 88' lang='lat' dir='ltr'><strong>est</strong></span> <span class='ocrx_word' id='word_1_740' title='bbox 871 4602 938 4659; x_wconf 86' lang='lat' dir='ltr'><strong>iis</strong></span> <span class='ocrx_word' id='word_1_741' title='bbox 982 4604 1075 4677; x_wconf 89' lang='lat' dir='ltr'><strong>qui</strong></span> <span class='ocrx_word' id='word_1_742' title='bbox 1104 4613 1237 4662; x_wconf 88' lang='lat' dir='ltr'><strong>sunt</strong></span> <span class='ocrx_word' id='word_1_743' title='bbox 1263 4607 1323 4661; x_wconf 91' lang='lat' dir='ltr'><strong>in</strong></span> <span class='ocrx_word' id='word_1_744' title='bbox 1368 4604 1586 4665; x_wconf 87' lang='lat' dir='ltr'><strong>Christo</strong></span> <span class='ocrx_word' id='word_1_745' title='bbox 1626 4608 1781 4665; x_wconf 83' lang='lat' dir='ltr'><strong>Jesu.</strong></span> <span class='ocrx_word' id='word_1_746' title='bbox 1818 4610 2039 4667; x_wconf 87' lang='lat' dir='ltr'><strong>Etenim</strong></span> <span class='ocrx_word' id='word_1_747' title='bbox 2084 4608 2265 4667; x_wconf 68' lang='lat' dir='ltr'><strong>Judaai</strong></span> <span class='ocrx_word' id='word_1_748' title='bbox 2329 4606 2527 4664; x_wconf 88' lang='lat' dir='ltr'><strong>dicunt</strong></span> <span class='ocrx_word' id='word_1_749' title='bbox 2574 4619 2694 4663; x_wconf 89' lang='lat' dir='ltr'><strong>sese</strong></span> <span class='ocrx_word' id='word_1_750' title='bbox 2740 4602 2967 4676; x_wconf 88' lang='lat' dir='ltr'><strong>diligere</strong></span> <span class='ocrx_word' id='word_1_751' title='bbox 3008 4604 3209 4672; x_wconf 90' lang='lat' dir='ltr'><strong>Deum,</strong></span> <span class='ocrx_word' id='word_1_752' title='bbox 3256 4615 3450 4658; x_wconf 92' lang='lat' dir='ltr'><strong>verum</strong></span> <span class='ocrx_word' id='word_1_753' title='bbox 3488 4617 3601 4658; x_wconf 92' lang='lat' dir='ltr'><strong>non</strong></span> <span class='ocrx_word' id='word_1_754' title='bbox 3660 4603 3714 4657; x_wconf 91' lang='lat' dir='ltr'><strong>in</strong></span> 
     </span>
    </p>
   </div>
   <div class='ocr_carea' id='block_1_94' title="bbox 404 4690 1980 4758">
    <p class='ocr_par' dir='ltr' id='par_1_94' title="bbox 404 4690 1980 4758">
     <span class='ocr_line' id='line_1_96' title="bbox 404 4690 1980 4758; baseline 0.005 -11"><span class='ocrx_word' id='word_1_755' title='bbox 404 4690 618 4749; x_wconf 86' lang='lat' dir='ltr'><strong>Christo</strong></span> <span class='ocrx_word' id='word_1_756' title='bbox 638 4694 804 4750; x_wconf 80' lang='lat' dir='ltr'><strong>Jesu:</strong></span> <span class='ocrx_word' id='word_1_757' title='bbox 828 4708 940 4750; x_wconf 83' lang='lat' dir='ltr'><strong>non</strong></span> <span class='ocrx_word' id='word_1_758' title='bbox 970 4694 1119 4751; x_wconf 89' lang='lat' dir='ltr'><strong>enim</strong></span> <span class='ocrx_word' id='word_1_759' title='bbox 1143 4693 1348 4753; x_wconf 87' lang='lat' dir='ltr'><strong>habent</strong></span> <span class='ocrx_word' id='word_1_760' title='bbox 1376 4696 1542 4756; x_wconf 87' lang='lat' dir='ltr'><strong>ﬁdem</strong></span> <span class='ocrx_word' id='word_1_761' title='bbox 1578 4696 1636 4755; x_wconf 91' lang='lat' dir='ltr'><strong>in</strong></span> <span class='ocrx_word' id='word_1_762' title='bbox 1674 4697 1980 4758; x_wconf 86' lang='lat' dir='ltr'><strong>Christum.</strong></span> 
     </span>
    </p>
   </div>
   <div class='ocr_carea' id='block_1_95' title="bbox 978 4822 1403 4887">
    <p class='ocr_par' dir='ltr' id='par_1_95' title="bbox 978 4822 1403 4887">
     <span class='ocr_line' id='line_1_97' title="bbox 978 4822 1403 4887; baseline 0.005 -4"><span class='ocrx_word' id='word_1_763' title='bbox 978 4823 1269 4887; x_wconf 82' lang='grc' dir='ltr'><strong>ΚΕΦΑΛ.</strong></span> <span class='ocrx_word' id='word_1_764' title='bbox 1309 4822 1403 4885; x_wconf 83' lang='grc' dir='ltr'><strong>Θ’.</strong></span> 
     </span>
    </p>
   </div>
   <div class='ocr_carea' id='block_1_96' title="bbox 492 4946 2003 5037">
    <p class='ocr_par' dir='ltr' id='par_1_96' title="bbox 492 4946 2003 5037">
     <span class='ocr_line' id='line_1_98' title="bbox 492 4946 2003 5037; baseline 0.007 -30"><span class='ocrx_word' id='word_1_765' title='bbox 492 4969 524 5007; x_wconf 85' lang='grc'><strong>(</strong></span> <span class='ocrx_word' id='word_1_766' title='bbox 554 4946 830 5022; x_wconf 78' lang='grc' dir='ltr'>Ἀλήθειαν</span> <span class='ocrx_word' id='word_1_767' title='bbox 867 4948 1010 5030; x_wconf 82' lang='grc' dir='ltr'>λέγω</span> <span class='ocrx_word' id='word_1_768' title='bbox 1043 4954 1097 5012; x_wconf 82' lang='grc' dir='ltr'>ἐν</span> <span class='ocrx_word' id='word_1_769' title='bbox 1147 4954 1399 5035; x_wconf 83' lang='grc' dir='ltr'>Χριστῷ,</span> <span class='ocrx_word' id='word_1_770' title='bbox 1431 4956 1491 5016; x_wconf 84' lang='grc' dir='ltr'><strong>ού</strong></span> <span class='ocrx_word' id='word_1_771' title='bbox 1529 4955 1795 5037; x_wconf 80' lang='grc' dir='ltr'>ψεύδομαι</span> <span class='ocrx_word' id='word_1_772' title='bbox 1828 4957 2003 5035; x_wconf 89' lang='grc' dir='ltr'>(συμ-</span> 
     </span>
    </p>
   </div>
   <div class='ocr_carea' id='block_1_97' title="bbox 408 5038 2005 5125">
    <p class='ocr_par' dir='ltr' id='par_1_97' title="bbox 408 5038 2005 5125">
     <span class='ocr_line' id='line_1_99' title="bbox 408 5038 2005 5125; baseline 0.006 -29"><span class='ocrx_word' id='word_1_773' title='bbox 408 5038 784 5119; x_wconf 86' lang='grc' dir='ltr'>μαρτυρούσης</span> <span class='ocrx_word' id='word_1_774' title='bbox 828 5065 921 5117; x_wconf 87' lang='grc' dir='ltr'><strong>μοι</strong></span> <span class='ocrx_word' id='word_1_775' title='bbox 965 5046 1061 5117; x_wconf 79' lang='grc' dir='ltr'><strong>τῆς</strong></span> <span class='ocrx_word' id='word_1_776' title='bbox 1103 5044 1453 5116; x_wconf 82' lang='grc' dir='ltr'>συνειδήσεώς</span> <span class='ocrx_word' id='word_1_777' title='bbox 1495 5069 1596 5124; x_wconf 92' lang='grc' dir='ltr'><strong>μου</strong></span> <span class='ocrx_word' id='word_1_778' title='bbox 1638 5047 1691 5105; x_wconf 79' lang='grc' dir='ltr'>ἐν</span> <span class='ocrx_word' id='word_1_779' title='bbox 1724 5045 2005 5125; x_wconf 88' lang='grc' dir='ltr'>Πνεύματι</span> 
     </span>
    </p>
   </div>
   <div class='ocr_carea' id='block_1_98' title="bbox 407 5126 2009 5213">
    <p class='ocr_par' dir='ltr' id='par_1_98' title="bbox 407 5126 2009 5213">
     <span class='ocr_line' id='line_1_100' title="bbox 407 5126 2009 5213; baseline 0.006 -27"><span class='ocrx_word' id='word_1_780' title='bbox 407 5126 599 5209; x_wconf 72' lang='grc' dir='ltr'>ἁγίῳ),</span> <span class='ocrx_word' id='word_1_781' title='bbox 644 5128 727 5188; x_wconf 77' lang='grc' dir='ltr'><strong>ὅτι</strong></span> <span class='ocrx_word' id='word_1_782' title='bbox 762 5128 908 5204; x_wconf 88' lang='grc' dir='ltr'>λύπη</span> <span class='ocrx_word' id='word_1_783' title='bbox 956 5130 1048 5209; x_wconf 88' lang='grc' dir='ltr'><strong>μοί</strong></span> <span class='ocrx_word' id='word_1_784' title='bbox 1087 5135 1201 5193; x_wconf 74' lang='grc' dir='ltr'>ἐστι</span> <span class='ocrx_word' id='word_1_785' title='bbox 1249 5134 1490 5213; x_wconf 84' lang='grc' dir='ltr'>μεγάλη,</span> <span class='ocrx_word' id='word_1_786' title='bbox 1542 5136 1636 5195; x_wconf 81' lang='grc' dir='ltr'>καὶ</span> <span class='ocrx_word' id='word_1_787' title='bbox 1669 5135 2009 5204; x_wconf 85' lang='grc' dir='ltr'>ἀδιάλειπτος</span> 
     </span>
    </p>
   </div>
   <div class='ocr_carea' id='block_1_99' title="bbox 405 5216 2004 5306">
    <p class='ocr_par' dir='ltr' id='par_1_99' title="bbox 405 5216 2004 5306">
     <span class='ocr_line' id='line_1_101' title="bbox 405 5216 2004 5306; baseline 0.006 -30"><span class='ocrx_word' id='word_1_788' title='bbox 405 5216 565 5291; x_wconf 84' lang='grc' dir='ltr'>ὀδύνη</span> <span class='ocrx_word' id='word_1_789' title='bbox 594 5221 649 5278; x_wconf 77' lang='grc' dir='ltr'>ἐν</span> <span class='ocrx_word' id='word_1_790' title='bbox 774 5221 967 5302; x_wconf 70' lang='grc' dir='ltr'>καρδίᾳ</span> <span class='ocrx_word' id='word_1_791' title='bbox 996 5245 1119 5299; x_wconf 87' lang='grc' dir='ltr'>μου.</span> <span class='ocrx_word' id='word_1_792' title='bbox 1156 5249 1182 5276; x_wconf 70' lang='grc' dir='ltr'><strong>ι</strong></span> <span class='ocrx_word' id='word_1_793' title='bbox 1215 5224 1420 5285; x_wconf 83' lang='grc' dir='ltr'>Μέλλει</span> <span class='ocrx_word' id='word_1_794' title='bbox 1448 5223 1652 5306; x_wconf 85' lang='grc' dir='ltr'>προῖὼν</span> <span class='ocrx_word' id='word_1_795' title='bbox 1690 5225 1892 5305; x_wconf 85' lang='grc' dir='ltr'>δεῖξαι,</span> <span class='ocrx_word' id='word_1_796' title='bbox 1925 5226 2004 5285; x_wconf 80' lang='grc' dir='ltr'><strong>ὅτι</strong></span> 
     </span>
    </p>
   </div>
   <div class='ocr_carea' id='block_1_100' title="bbox 409 5308 2006 5397">
    <p class='ocr_par' dir='ltr' id='par_1_100' title="bbox 409 5308 2006 5397">
     <span class='ocr_line' id='line_1_102' title="bbox 409 5308 2006 5397; baseline 0.006 -31"><span class='ocrx_word' id='word_1_797' title='bbox 409 5308 468 5397; x_wconf 79' lang='grc' dir='ltr'>οὗ</span> <span class='ocrx_word' id='word_1_798' title='bbox 513 5310 709 5377; x_wconf 81' lang='grc' dir='ltr'>πάντες</span> <span class='ocrx_word' id='word_1_799' title='bbox 762 5312 811 5368; x_wconf 77' lang='grc' dir='ltr'>οἱ</span> <span class='ocrx_word' id='word_1_800' title='bbox 853 5311 905 5381; x_wconf 82' lang='grc' dir='ltr'><strong>ἐξ</strong></span> <span class='ocrx_word' id='word_1_801' title='bbox 950 5309 1197 5393; x_wconf 78' lang='grc' dir='ltr'>Ἀϐραὰμ</span> <span class='ocrx_word' id='word_1_802' title='bbox 1244 5314 1459 5397; x_wconf 79' lang='grc' dir='ltr'>σπέρμα</span> <span class='ocrx_word' id='word_1_803' title='bbox 1511 5317 1673 5375; x_wconf 75' lang='grc' dir='ltr'>αὐτοῦ</span> <span class='ocrx_word' id='word_1_804' title='bbox 1721 5317 1846 5377; x_wconf 76' lang='grc' dir='ltr'>εἰσι.</span> <span class='ocrx_word' id='word_1_805' title='bbox 1894 5316 2006 5377; x_wconf 80' lang='grc' dir='ltr'>Καὶ</span> 
     </span>
    </p>
   </div>
   <div class='ocr_carea' id='block_1_101' title="bbox 405 5394 2011 5487">
    <p class='ocr_par' dir='ltr' id='par_1_101' title="bbox 405 5394 2011 5487">
     <span class='ocr_line' id='line_1_103' title="bbox 405 5394 2011 5487; baseline 0.007 -34"><span class='ocrx_word' id='word_1_806' title='bbox 405 5394 497 5487; x_wconf 69' lang='grc' dir='ltr'>ἵνα</span> <span class='ocrx_word' id='word_1_807' title='bbox 542 5397 620 5477; x_wconf 83' lang='grc' dir='ltr'><strong>μὴ</strong></span> <span class='ocrx_word' id='word_1_808' title='bbox 651 5398 775 5481; x_wconf 82' lang='grc' dir='ltr'>δόξῃ</span> <span class='ocrx_word' id='word_1_809' title='bbox 806 5399 924 5459; x_wconf 87' lang='grc' dir='ltr'>κατ’</span> <span class='ocrx_word' id='word_1_810' title='bbox 952 5401 1247 5479; x_wconf 79' lang='grc' dir='ltr'>ἐμπάθειαν</span> <span class='ocrx_word' id='word_1_811' title='bbox 1291 5394 1461 5465; x_wconf 78' lang='grc' dir='ltr'>ταῦτα</span> <span class='ocrx_word' id='word_1_812' title='bbox 1513 5406 1687 5485; x_wconf 77' lang='grc' dir='ltr'>λέγειν</span> <span class='ocrx_word' id='word_1_813' title='bbox 1710 5452 1728 5486; x_wconf 86' lang='grc'><strong>,</strong></span> <span class='ocrx_word' id='word_1_814' title='bbox 1769 5408 2011 5487; x_wconf 89' lang='grc' dir='ltr'>προλαμ-</span> 
     </span>
    </p>
   </div>
   <div class='ocr_carea' id='block_1_102' title="bbox 412 5484 2010 5579">
    <p class='ocr_par' dir='ltr' id='par_1_102' title="bbox 412 5484 2010 5579">
     <span class='ocr_line' id='line_1_104' title="bbox 412 5484 2010 5579; baseline 0.005 -34"><span class='ocrx_word' id='word_1_815' title='bbox 412 5484 562 5546; x_wconf 77' lang='grc' dir='ltr'>ϐάνει</span> <span class='ocrx_word' id='word_1_816' title='bbox 586 5534 606 5564; x_wconf 87' lang='grc'><strong>,</strong></span> <span class='ocrx_word' id='word_1_817' title='bbox 639 5488 733 5548; x_wconf 84' lang='grc' dir='ltr'>καὶ</span> <span class='ocrx_word' id='word_1_818' title='bbox 763 5488 906 5571; x_wconf 81' lang='grc' dir='ltr'>λέγει</span> <span class='ocrx_word' id='word_1_819' title='bbox 941 5490 1066 5574; x_wconf 82' lang='grc' dir='ltr'>περὶ</span> <span class='ocrx_word' id='word_1_820' title='bbox 1097 5495 1203 5553; x_wconf 87' lang='grc' dir='ltr'><strong>τῶν</strong></span> <span class='ocrx_word' id='word_1_821' title='bbox 1233 5492 1505 5578; x_wconf 82' lang='grc' dir='ltr'>Ἑϐραίων</span> <span class='ocrx_word' id='word_1_822' title='bbox 1537 5484 1605 5555; x_wconf 68' lang='grc' dir='ltr'><strong>τὰ</strong></span> <span class='ocrx_word' id='word_1_823' title='bbox 1634 5484 2010 5579; x_wconf 81' lang='grc' dir='ltr'>χρηστότερα,</span> 
     </span>
    </p>
   </div>
   <div class='ocr_carea' id='block_1_103' title="bbox 2716 4833 3107 4891">
    <p class='ocr_par' dir='ltr' id='par_1_103' title="bbox 2716 4833 3107 4891">
     <span class='ocr_line' id='line_1_105' title="bbox 2716 4833 3107 4891; baseline -0.01 0"><span class='ocrx_word' id='word_1_824' title='bbox 2716 4833 2960 4891; x_wconf 86' lang='lat' dir='ltr'><strong>CAPUT</strong></span> <span class='ocrx_word' id='word_1_825' title='bbox 3000 4834 3107 4889; x_wconf 85' lang='lat' dir='ltr'><strong>IX.</strong></span> 
     </span>
    </p>
   </div>
   <div class='ocr_carea' id='block_1_104' title="bbox 2182 4957 3713 5031">
    <p class='ocr_par' dir='ltr' id='par_1_104' title="bbox 2182 4957 3713 5031">
     <span class='ocr_line' id='line_1_106' title="bbox 2182 4957 3713 5031; baseline -0.004 -10"><span class='ocrx_word' id='word_1_826' title='bbox 2182 4966 2355 5021; x_wconf 74' lang='lat' dir='ltr'><strong>Vnus.</strong></span> <span class='ocrx_word' id='word_1_827' title='bbox 2391 4968 2444 5031; x_wconf 84' lang='grc'>1,</span> <span class='ocrx_word' id='word_1_828' title='bbox 2499 4967 2550 5016; x_wconf 69' lang='lat'><strong>3.</strong></span> <span class='ocrx_word' id='word_1_829' title='bbox 2579 4984 2605 5010; x_wconf 74' lang='grc' dir='ltr'><strong>α</strong></span> <span class='ocrx_word' id='word_1_830' title='bbox 2669 4961 2970 5017; x_wconf 89' lang='lat' dir='ltr'><strong>Veritatem</strong></span> <span class='ocrx_word' id='word_1_831' title='bbox 3024 4959 3151 5015; x_wconf 89' lang='lat' dir='ltr'><strong>dico</strong></span> <span class='ocrx_word' id='word_1_832' title='bbox 3194 4958 3252 5014; x_wconf 91' lang='lat' dir='ltr'><strong>in</strong></span> <span class='ocrx_word' id='word_1_833' title='bbox 3307 4957 3550 5029; x_wconf 88' lang='lat' dir='ltr'><strong>Christo,</strong></span> <span class='ocrx_word' id='word_1_834' title='bbox 3604 4975 3713 5016; x_wconf 89' lang='lat' dir='ltr'><strong>non</strong></span> 
     </span>
    </p>
   </div>
   <div class='ocr_carea' id='block_1_105' title="bbox 2113 5048 3715 5121">
    <p class='ocr_par' dir='ltr' id='par_1_105' title="bbox 2113 5048 3715 5121">
     <span class='ocr_line' id='line_1_107' title="bbox 2113 5048 3715 5121; baseline -0.004 -10"><span class='ocrx_word' id='word_1_835' title='bbox 2113 5053 2352 5111; x_wconf 89' lang='lat' dir='ltr'><strong>mentior</strong></span> <span class='ocrx_word' id='word_1_836' title='bbox 2392 5050 2790 5121; x_wconf 88' lang='lat' dir='ltr'><strong>(testimonium</strong></span> <span class='ocrx_word' id='word_1_837' title='bbox 2818 5049 2955 5105; x_wconf 90' lang='lat' dir='ltr'><strong>mihi</strong></span> <span class='ocrx_word' id='word_1_838' title='bbox 3001 5048 3318 5121; x_wconf 88' lang='lat' dir='ltr'><strong>perhibente</strong></span> <span class='ocrx_word' id='word_1_839' title='bbox 3386 5049 3715 5105; x_wconf 89' lang='lat' dir='ltr'><strong>conscientia</strong></span> 
     </span>
    </p>
   </div>
   <div class='ocr_carea' id='block_1_106' title="bbox 2114 5137 3717 5215">
    <p class='ocr_par' dir='ltr' id='par_1_106' title="bbox 2114 5137 3717 5215">
     <span class='ocr_line' id='line_1_108' title="bbox 2114 5137 3717 5215; baseline -0.004 -14"><span class='ocrx_word' id='word_1_840' title='bbox 2114 5160 2237 5201; x_wconf 89' lang='lat' dir='ltr'><strong>mea</strong></span> <span class='ocrx_word' id='word_1_841' title='bbox 2266 5144 2325 5200; x_wconf 90' lang='lat' dir='ltr'><strong>in</strong></span> <span class='ocrx_word' id='word_1_842' title='bbox 2364 5142 2571 5215; x_wconf 85' lang='lat' dir='ltr'><strong>Spiritu</strong></span> <span class='ocrx_word' id='word_1_843' title='bbox 2598 5144 2832 5208; x_wconf 90' lang='lat' dir='ltr'><strong>sancto).</strong></span> <span class='ocrx_word' id='word_1_844' title='bbox 2865 5138 3144 5212; x_wconf 90' lang='lat' dir='ltr'><strong>Quoniam</strong></span> <span class='ocrx_word' id='word_1_845' title='bbox 3184 5137 3403 5193; x_wconf 83' lang='lat' dir='ltr'><strong>tristitia</strong></span> <span class='ocrx_word' id='word_1_846' title='bbox 3429 5137 3565 5193; x_wconf 89' lang='lat' dir='ltr'><strong>mihi</strong></span> <span class='ocrx_word' id='word_1_847' title='bbox 3596 5154 3717 5195; x_wconf 90' lang='lat' dir='ltr'><strong>ma-</strong></span> 
     </span>
    </p>
   </div>
   <div class='ocr_carea' id='block_1_107' title="bbox 2114 5228 3716 5309">
    <p class='ocr_par' dir='ltr' id='par_1_107' title="bbox 2114 5228 3716 5309">
     <span class='ocr_line' id='line_1_109' title="bbox 2114 5228 3716 5309; baseline -0.004 -17"><span class='ocrx_word' id='word_1_848' title='bbox 2114 5250 2223 5309; x_wconf 90' lang='lat' dir='ltr'><strong>gna</strong></span> <span class='ocrx_word' id='word_1_849' title='bbox 2238 5243 2343 5303; x_wconf 89' lang='lat' dir='ltr'><strong>est,</strong></span> <span class='ocrx_word' id='word_1_850' title='bbox 2366 5241 2424 5290; x_wconf 89' lang='lat' dir='ltr'><strong>et</strong></span> <span class='ocrx_word' id='word_1_851' title='bbox 2447 5233 2748 5289; x_wconf 90' lang='lat' dir='ltr'><strong>continuus</strong></span> <span class='ocrx_word' id='word_1_852' title='bbox 2767 5230 2927 5289; x_wconf 87' lang='lat' dir='ltr'><strong>dolor</strong></span> <span class='ocrx_word' id='word_1_853' title='bbox 2949 5228 3101 5285; x_wconf 92' lang='lat' dir='ltr'><strong>cordi</strong></span> <span class='ocrx_word' id='word_1_854' title='bbox 3126 5243 3270 5283; x_wconf 91' lang='lat' dir='ltr'><strong>meo.</strong></span> <span class='ocrx_word' id='word_1_855' title='bbox 3298 5250 3324 5275; x_wconf 70' lang='grc' dir='ltr'><strong>ιι</strong></span> <span class='ocrx_word' id='word_1_856' title='bbox 3351 5231 3716 5285; x_wconf 87' lang='lat' dir='ltr'><strong>Demonstra-</strong></span> 
     </span>
    </p>
   </div>
   <div class='ocr_carea' id='block_1_108' title="bbox 2115 5317 3717 5394">
    <p class='ocr_par' dir='ltr' id='par_1_108' title="bbox 2115 5317 3717 5394">
     <span class='ocr_line' id='line_1_110' title="bbox 2115 5317 3717 5394; baseline -0.004 -13"><span class='ocrx_word' id='word_1_857' title='bbox 2115 5333 2275 5381; x_wconf 89' lang='lat' dir='ltr'><strong>turus</strong></span> <span class='ocrx_word' id='word_1_858' title='bbox 2325 5329 2410 5379; x_wconf 88' lang='lat' dir='ltr'><strong>est</strong></span> <span class='ocrx_word' id='word_1_859' title='bbox 2447 5321 2505 5378; x_wconf 90' lang='lat' dir='ltr'><strong>in</strong></span> <span class='ocrx_word' id='word_1_860' title='bbox 2533 5335 2820 5394; x_wconf 90' lang='lat' dir='ltr'><strong>procursu,</strong></span> <span class='ocrx_word' id='word_1_861' title='bbox 2874 5317 3024 5391; x_wconf 93' lang='lat' dir='ltr'><strong>quod</strong></span> <span class='ocrx_word' id='word_1_862' title='bbox 3066 5333 3181 5373; x_wconf 92' lang='lat' dir='ltr'><strong>non</strong></span> <span class='ocrx_word' id='word_1_863' title='bbox 3234 5332 3451 5386; x_wconf 89' lang='lat' dir='ltr'><strong>omnes,</strong></span> <span class='ocrx_word' id='word_1_864' title='bbox 3507 5317 3600 5388; x_wconf 91' lang='lat' dir='ltr'><strong>qui</strong></span> <span class='ocrx_word' id='word_1_865' title='bbox 3650 5334 3717 5374; x_wconf 88' lang='lat' dir='ltr'><strong>ex</strong></span> 
     </span>
    </p>
   </div>
   <div class='ocr_carea' id='block_1_109' title="bbox 2120 5405 3721 5483">
    <p class='ocr_par' dir='ltr' id='par_1_109' title="bbox 2120 5405 3721 5483">
     <span class='ocr_line' id='line_1_111' title="bbox 2120 5405 3721 5483; baseline -0.004 -13"><span class='ocrx_word' id='word_1_866' title='bbox 2120 5412 2421 5481; x_wconf 81' lang='lat' dir='ltr'><strong>Abraham,</strong></span> <span class='ocrx_word' id='word_1_867' title='bbox 2473 5427 2665 5469; x_wconf 88' lang='lat' dir='ltr'><strong>semen</strong></span> <span class='ocrx_word' id='word_1_868' title='bbox 2698 5410 2868 5483; x_wconf 88' lang='lat' dir='ltr'><strong>ipsius</strong></span> <span class='ocrx_word' id='word_1_869' title='bbox 2910 5408 3043 5465; x_wconf 90' lang='lat' dir='ltr'><strong>sint.</strong></span> <span class='ocrx_word' id='word_1_870' title='bbox 3096 5409 3181 5463; x_wconf 85' lang='lat' dir='ltr'><strong>Ne</strong></span> <span class='ocrx_word' id='word_1_871' title='bbox 3233 5422 3365 5463; x_wconf 90' lang='lat' dir='ltr'><strong>vero</strong></span> <span class='ocrx_word' id='word_1_872' title='bbox 3407 5423 3474 5463; x_wconf 89' lang='lat' dir='ltr'><strong>ex</strong></span> <span class='ocrx_word' id='word_1_873' title='bbox 3513 5405 3721 5464; x_wconf 85' lang='lat' dir='ltr'><strong>affectu</strong></span> 
     </span>
    </p>
   </div>
   <div class='ocr_carea' id='block_1_110' title="bbox 2121 5495 3723 5569">
    <p class='ocr_par' dir='ltr' id='par_1_110' title="bbox 2121 5495 3723 5569">
     <span class='ocr_line' id='line_1_112' title="bbox 2121 5495 3723 5569; baseline -0.004 -8"><span class='ocrx_word' id='word_1_874' title='bbox 2121 5503 2243 5561; x_wconf 66' lang='lat' dir='ltr'><strong>haec</strong></span> <span class='ocrx_word' id='word_1_875' title='bbox 2268 5502 2523 5561; x_wconf 85' lang='lat' dir='ltr'><strong>videatur</strong></span> <span class='ocrx_word' id='word_1_876' title='bbox 2548 5500 2751 5569; x_wconf 89' lang='lat' dir='ltr'><strong>dicere,</strong></span> <span class='ocrx_word' id='word_1_877' title='bbox 2791 5499 3108 5567; x_wconf 87' lang='lat' dir='ltr'><strong>antevertit,</strong></span> <span class='ocrx_word' id='word_1_878' title='bbox 3132 5512 3195 5553; x_wconf 91' lang='lat' dir='ltr'><strong>ac</strong></span> <span class='ocrx_word' id='word_1_879' title='bbox 3226 5495 3296 5555; x_wconf 91' lang='lat' dir='ltr'><strong>de</strong></span> <span class='ocrx_word' id='word_1_880' title='bbox 3325 5497 3575 5555; x_wconf 69' lang='lat' dir='ltr'><strong>Hebraeis</strong></span> <span class='ocrx_word' id='word_1_881' title='bbox 3604 5513 3723 5556; x_wconf 88' lang='lat' dir='ltr'><strong>me-</strong></span> 
     </span>
    </p>
   </div>
   <div class='ocr_carea' id='block_1_111' title="bbox 485 5604 3721 5769">
    <p class='ocr_par' dir='ltr' id='par_1_111' title="bbox 485 5604 3721 5769">
     <span class='ocr_line' id='line_1_113' title="bbox 485 5604 3721 5769; baseline 0.001 -28"><span class='ocrx_word' id='word_1_882' title='bbox 485 5684 530 5769; x_wconf 53' lang='grc' dir='ltr'>ξθ</span> <span class='ocrx_word' id='word_1_883' title='bbox 578 5685 713 5743; x_wconf 76' lang='grc' dir='ltr'>ἀλλὰ</span> <span class='ocrx_word' id='word_1_884' title='bbox 763 5688 855 5745; x_wconf 72' lang='grc' dir='ltr'>κᾶν</span> <span class='ocrx_word' id='word_1_885' title='bbox 909 5689 1123 5750; x_wconf 83' lang='grc' dir='ltr'>θάνατόν</span> <span class='ocrx_word' id='word_1_886' title='bbox 1172 5711 1245 5759; x_wconf 81' lang='grc' dir='ltr'><strong>τις</strong></span> <span class='ocrx_word' id='word_1_887' title='bbox 1299 5692 1482 5769; x_wconf 84' lang='grc' dir='ltr'>ἀπειλῇ</span> <span class='ocrx_word' id='word_1_888' title='bbox 1546 5693 1633 5752; x_wconf 87' lang='grc' dir='ltr'><strong>τὸν</strong></span> <span class='ocrx_word' id='word_1_889' title='bbox 1689 5604 1989 5769; x_wconf 46' lang='grc' dir='ltr'><strong>μέλὶῖὸῗζάἱῗ</strong></span> <span class='ocrx_word' id='word_1_890' title='bbox 2018 5605 2457 5759; x_wconf 53' lang='grc' dir='ltr'>ἐξῗῃέθιὲῗάτον,</span> <span class='ocrx_word' id='word_1_891' title='bbox 2506 5690 2594 5748; x_wconf 85' lang='grc' dir='ltr'><strong>τὸν</strong></span> <span class='ocrx_word' id='word_1_892' title='bbox 2653 5688 2705 5747; x_wconf 81' lang='grc' dir='ltr'><strong>ἐν</strong></span> <span class='ocrx_word' id='word_1_893' title='bbox 2754 5691 2818 5764; x_wconf 83' lang='grc' dir='ltr'><strong>τῇ</strong></span> <span class='ocrx_word' id='word_1_894' title='bbox 2869 5687 3075 5743; x_wconf 80' lang='grc' dir='ltr'>κολάσει</span> <span class='ocrx_word' id='word_1_895' title='bbox 3124 5704 3177 5746; x_wconf 92' lang='lat' dir='ltr'><strong>o.</strong></span> <span class='ocrx_word' id='word_1_896' title='bbox 3257 5688 3299 5723; x_wconf 72' lang='grc'>¹⁴</span> <span class='ocrx_word' id='word_1_897' title='bbox 3348 5686 3628 5757; x_wconf 74' lang='grc' dir='ltr'>ἀποστῆσαι</span> <span class='ocrx_word' id='word_1_898' title='bbox 3666 5708 3721 5749; x_wconf 90' lang='lat' dir='ltr'><strong>o.</strong></span> 
     </span>
    </p>
   </div>
   <div class='ocr_carea' id='block_1_112' title="bbox 415 5762 1166 5845">
    <p class='ocr_par' dir='ltr' id='par_1_112' title="bbox 415 5762 1166 5845">
     <span class='ocr_line' id='line_1_114' title="bbox 415 5762 1166 5845; baseline 0.017 -23"><span class='ocrx_word' id='word_1_899' title='bbox 415 5762 461 5801; x_wconf 73' lang='grc'><strong>’⁸</strong></span> <span class='ocrx_word' id='word_1_900' title='bbox 487 5765 779 5845; x_wconf 73' lang='grc' dir='ltr'>ἐχώρισενῆ</span> <span class='ocrx_word' id='word_1_901' title='bbox 808 5772 1081 5845; x_wconf 76' lang='grc' dir='ltr'>ἀπέστησεν</span> <span class='ocrx_word' id='word_1_902' title='bbox 1111 5792 1166 5835; x_wconf 91' lang='lat'><strong>0.</strong></span> 
     </span>
    </p>
   </div>
   <div class='ocr_carea' id='block_1_113' title="bbox 699 5865 1331 5929">
    <p class='ocr_par' dir='ltr' id='par_1_113' title="bbox 699 5865 1331 5929">
     <span class='ocr_line' id='line_1_115' title="bbox 699 5865 1331 5929; baseline 0.014 -9"><span class='ocrx_word' id='word_1_903' title='bbox 699 5865 933 5925; x_wconf 67' lang='grc' dir='ltr'>Ρλτκοι.</span> <span class='ocrx_word' id='word_1_904' title='bbox 965 5868 1071 5926; x_wconf 79' lang='lat' dir='ltr'><strong>Gn.</strong></span> <span class='ocrx_word' id='word_1_905' title='bbox 1113 5868 1331 5929; x_wconf 80' lang='lat' dir='ltr'><strong>CXXIV.</strong></span> 
     </span>
    </p>
   </div>
   <div class='ocr_carea' id='block_1_114' title="bbox 3379 5865 3443 5922">
    <p class='ocr_par' dir='ltr' id='par_1_114' title="bbox 3379 5865 3443 5922">
     <span class='ocr_line' id='line_1_116' title="bbox 3379 5865 3443 5922; baseline -0.031 0"><span class='ocrx_word' id='word_1_906' title='bbox 3379 5865 3443 5922; x_wconf 80' lang='lat' dir='ltr'><strong>l5</strong></span> 
     </span>
    </p>
   </div>
  </div>
