4150 6426
473 392 579 449 459

1542 390 2057 448 THEOPHYLACTI
2095 388 2455 449 BULGARLE
2493 390 2811 450 ARCHIEP.

3670 395 3780 453 460

474 520 609 577 liora
662 518 818 586 dicit,
874 519 1249 591 suSpicioncm
1280 518 1422 575 hanc
1450 518 1726 589 adimens,
1761 518 2055 576 conﬁtetur

2166 518 2264 592 τὴν
2314 520 2566 580 ὗπόνοιαν
2612 518 2814 593 ταύτην
2862 520 3095 600 ἀναιρῶν
3119 567 3135 593 ,
3182 519 3273 578 καὶ
3304 522 3556 600 ὁμολογεῖ
3591 521 3783 590 αὐτοὺς

470 625 577 681 que
616 625 676 665 se
718 608 842 665 illos
892 609 1221 666 excellenter
1250 624 1460 665 amare.
1492 612 1576 667 Ne
1624 626 1753 666 vero
1778 618 2066 682 suspectus

469 698 761 767 habeatur,
790 715 854 756 ac
896 700 999 756 ﬁde
1046 714 1242 772 parum
1271 698 1491 773 dignus,
1518 720 1542 747 σι
1571 700 1898 766 Veritatem,
1937 724 1962 749 ν
1990 699 2068 754 in-

469 790 606 863 quit,
640 812 667 840 σι
698 790 822 847 dico
851 791 906 845 in
934 788 1173 858 Christo,
1208 805 1319 845 non
1350 790 1609 847 mentior.
1643 813 1669 840 ι
1697 790 2067 862 Producitque

467 889 584 938 tres
594 880 651 936 in
674 880 1079 948 testimonium,
1098 879 1404 945 Christum,
1423 896 1578 935 suam
1598 880 1766 953 ipsius
1782 880 2067 937 conscien-

468 970 630 1038 tiam,
662 978 717 1026 et
746 969 1013 1042 Spiritum
1064 978 1339 1038 sanctum,
1396 968 1737 1041 inquiensu
1783 970 2065 1040 Quoniam

467 1060 692 1117 tristitia
716 1059 856 1116 mihi
882 1068 961 1115 est
987 1074 1212 1132 magna,
1242 1082 1268 1108 π
1317 1075 1412 1115 cor
1449 1075 1638 1116 meum
1667 1058 1925 1127 exedens,
1943 1060 2064 1115 He-

467 1150 744 1206 braeorum
798 1149 1050 1217 nomine,
1100 1149 1249 1222 quod
1295 1158 1451 1206 extra
1498 1150 1736 1222 gratiam
1781 1150 1928 1206 sint:
1959 1148 2065 1205 hoc

464 1240 614 1294 enim
660 1238 909 1296 dicturus
958 1247 1062 1295 est.

535 1331 715 1386 Vnus.
747 1335 799 1384 3.
837 1353 859 1376 σι
894 1328 1141 1401 Optarim
1171 1328 1319 1384 enim
1349 1328 1465 1401 ipse
1494 1344 1594 1401 ego
1618 1327 1911 1384 anathema
1941 1342 2061 1384 esse

465 1435 494 1475 a
519 1418 738 1477 Christo
766 1434 864 1491 pro
896 1418 1155 1476 fratribus
1188 1419 1349 1486 meis,
1381 1418 1471 1491 qui
1504 1419 1641 1474 mihi
1665 1427 1799 1475 sunt
1842 1417 2062 1490 cognati

462 1508 766 1566 secundum
822 1524 1066 1565 carnem.
1102 1533 1127 1557 υ
1156 1508 1303 1579 Quid
1357 1507 1648 1565 anathema
1679 1509 1769 1575 sit,
1820 1508 2063 1579 primum

462 1599 609 1656 disce
638 1620 648 1654 :
682 1599 987 1671 Separatio,
1018 1598 1367 1654 abalienatio.
1399 1596 1883 1670 Quemadmodum
1914 1596 2063 1653 enim

461 1703 665 1744 munus
694 1691 811 1743 Deo
835 1688 1079 1743 oblatum
1099 1704 1264 1744 nemo
1299 1689 1459 1743 audet
1489 1688 1758 1759 attingere
1784 1707 1795 1742 :
1822 1688 1897 1743 ita
1931 1702 2061 1743 cum

459 1778 936 1835 excommunicato
967 1779 1053 1851 agi
1085 1779 1245 1846 solet,
1284 1787 1664 1835 verumtamen
1693 1778 1793 1833 alia
1822 1777 2056 1833 ratione.

2175 609 2615 689 ὑπερϐαλλόντως
2645 610 2832 691 φιλεῖν.
2868 605 2991 670 Ἵνα
3022 608 3075 668 δὲ
3107 609 3182 687 μὴ
3228 612 3534 687 ἀπιστηθῇ,
3578 610 3740 690 φησίν
3764 635 3778 650 ·

2186 698 2510 769 «Ἀλήθειαν
2562 700 2702 779 λέγω
2753 702 2805 759 ἐν
2842 701 3093 779 Χριστῷ,
3141 701 3200 757 οὗ
3252 700 3539 780 ψεύδομαι.
3578 728 3604 753 ιι
3664 701 3778 762 Καὶ

2175 789 2519 870 συμπαράγει
2553 790 2600 826 ¹⁶
2647 790 2784 870 τρεῖς
2842 789 3153 869 μάρτυρας,
3212 788 3301 847 τὸν
3349 790 3616 871 Χριστὸν,
3678 792 3779 864 τὴν

2175 881 2363 938 ἑαυτοῦ
2394 879 2725 951 συνείδησιν,
2755 880 2847 939 καὶ
2878 878 2938 937 τὸ
2971 882 3197 956 Πνεῦμα
3229 879 3291 938 τὸ
3320 878 3469 960 ἅγιον
3492 927 3509 957 ,
3542 881 3634 939 καί
3665 904 3777 961 φη-

2174 990 2256 1026 σιν
2274 1016 2289 1039 ,
2315 968 2396 1028 ὅτι
2431 969 2591 1042 Λύπη
2629 969 2720 1047 μοί
2750 971 2861 1027 ἐστι
2885 968 3127 1046 μεγάλη,
3151 969 3502 1029 κατεσθίουσά
3536 994 3639 1048 μου
3678 970 3779 1043 τὴν

2171 1059 2435 1138 καρδίαν,
2467 1058 2600 1141 ὑπὲρ
2638 1062 2742 1119 τῶν
2791 1057 3104 1139 Ἑϐραίων,
3153 1057 3236 1118 ὅτι
3285 1057 3384 1129 ἔξω
3431 1065 3528 1134 τῆς
3558 1060 3780 1143 χάριτος

2172 1148 2423 1228 γεγόνασι
2451 1173 2465 1187 ·
2494 1154 2654 1209 τοῦτο
2682 1149 2787 1231 γὰρ
2820 1148 3005 1227 μέλλει
3036 1151 3225 1208 εἰπεῖν.

2262 1348 2292 1385 ιι
2334 1326 2603 1408 Ηῦχόμην
2638 1325 2743 1409 γὰρ
2782 1326 2938 1395 αὐτὸς
2968 1328 3075 1407 ἐγὼ
3104 1326 3346 1404 ἀνάθεμα
3372 1317 3507 1387 εἶναι
3540 1326 3647 1388 ἀπὸ
3680 1337 3777 1391 τοῦ

2172 1416 2405 1497 Χριστοῦ
2450 1417 2582 1497 ὑπὲρ
2628 1420 2731 1475 τῶν
2773 1418 3016 1498 ἀδελφῶν
3061 1440 3164 1493 μου
3209 1418 3313 1475 τῶν
3346 1420 3617 1496 συγγενῶν
3665 1442 3771 1497 μου

2169 1505 2310 1567 κατὰ
2363 1506 2619 1587 σάρκα.»
2673 1506 2747 1567 Τί
2792 1509 2906 1565 ἐστι
2953 1506 3014 1565 τὸ
3044 1506 3286 1584 ἀνάθεμα
3330 1507 3468 1583 μάθε
3515 1511 3725 1589 πρῶτον
3756 1530 3773 1545 ⁶

2168 1597 2473 1677 χωρισμὸς,
2510 1596 2876 1676 ἀλλοτρίωσις.
2906 1595 3130 1676 Ὥσπερ
3168 1594 3273 1675 γὰρ
3303 1601 3395 1656 τοῦ
3429 1597 3774 1674 ἀναθήματος

2169 1689 2265 1744 τοῦ
2309 1686 2684 1762 ἀνατιθεμένου
2723 1688 2852 1766 Θεῷ
2894 1686 3060 1752 οὐδεὶς
3100 1685 3338 1765 ἅψασθαι
3380 1690 3591 1768 τολμᾷ,
3627 1686 3771 1746 οὕτω

2170 1779 2263 1833 καὶ
2295 1780 2387 1835 τοῦ
2442 1774 2960 1853 ἀναθεματιζομένου
2997 1775 3046 1823 ‘7
3081 1799 3096 1813 ο
3145 1773 3287 1847 πλὴν
3341 1775 3506 1857 ἑτέρῳ
3558 1776 3767 1859 τρόπῳ.

456 1869 622 1924 Sacro
657 1869 804 1924 enim
849 1870 1068 1924 muneri
1093 1884 1257 1925 nemo
1289 1884 1407 1923 sese
1429 1868 1724 1924 admovere
1752 1866 1917 1923 audet
1957 1865 2055 1921 ho-

2164 1867 2260 1945 Τῷ
2291 1864 2388 1943 μὲν
2419 1866 2519 1946 γὰρ
2549 1868 2675 1946 ἱερῷ
2718 1863 3021 1940 ἀναθήματι
3071 1868 3229 1939 τιμῆς
3270 1863 3444 1925 ἵνεκεν
3482 1856 3555 1925 οὗ
3593 1856 3773 1948 τολμᾷ

457 1957 609 2013 noris
631 1974 796 2014 causa
826 1977 839 2012 :
869 1958 1072 2030 quippe
1111 1960 1228 2014 Deo
1265 1958 1527 2013 collatum
1562 1964 2059 2028 consecratumque

457 2055 576 2115 est;
604 2047 673 2103 ab
711 2047 818 2103 hoc
864 2064 993 2103 vero
1044 2056 1370 2119 separantur
1418 2063 1631 2116 omnes,
1670 2062 1771 2102 ceu
1800 2044 2057 2119 profano,

456 2136 878 2209 abalienatoque
904 2151 935 2192 a
986 2140 1123 2194 Deo.
1175 2136 1323 2207 Quid
1374 2137 1545 2209 igitur
1597 2146 1682 2192 est
1726 2135 1876 2209 quod
1925 2135 2060 2191 dicit

459 2228 700 2282 Paulus?
724 2225 954 2283 Videtur
1008 2226 1162 2282 enim
1194 2225 1301 2282 hoc
1326 2227 1447 2282 loco
1476 2226 1807 2298 supradictis
1839 2232 2058 2281 contra-

456 2315 685 2372 dicere:
731 2314 845 2371 illic
896 2316 1039 2372 enim
1092 2316 1253 2385 dixit,
1289 2340 1314 2365 α
1355 2319 1532 2373 Nemo
1584 2332 1686 2373 nos
1727 2314 2054 2387 separabita

455 2406 718 2463 charitate
742 2406 837 2463 Dei
871 2428 882 2463 :
912 2430 938 2456 ιι
957 2406 1076 2480 jam
1106 2423 1252 2464 nunc
1286 2423 1414 2463 vero
1461 2415 1654 2480 optare
1698 2422 1757 2463 se
1792 2407 1888 2474 ait,
1920 2413 1985 2462 ut
2021 2421 2053 2461 a

454 2493 676 2553 Christo
718 2504 1018 2569 separetur.
1078 2495 1309 2553 Videtur
1358 2512 1489 2569 ergo
1531 2496 1808 2552 contraria
1845 2494 2050 2564 dicere,

454 2585 550 2641 sed
574 2602 686 2641 non
715 2586 793 2641 ita
822 2602 879 2641 se
909 2602 995 2642 res
1025 2586 1209 2656 habet,
1241 2585 1700 2659 quandoquidem
1728 2594 1785 2642 et
1820 2585 1926 2641 hoc
1951 2598 2053 2656 pro

453 2674 720 2732 charitate
766 2677 869 2732 Dei
894 2676 1061 2732 dicat.
1095 2678 1235 2733 Cum
1277 2676 1426 2732 enim
1468 2692 1665 2731 omnes
1693 2678 1876 2732 Deum
1898 2689 2055 2729 accu-

454 2774 659 2835 sarent,
689 2764 840 2838 quod
863 2765 1134 2823 Hebraeos
1159 2765 1457 2838 adoptione
1482 2765 1743 2832 donatos,
1775 2761 2052 2838 gloriﬁca-

453 2861 671 2925 tosque,
703 2854 952 2927 adeoque
973 2855 1208 2928 majores
1230 2854 1432 2911 Christi
1460 2855 1785 2926 appellatos,
1808 2853 2050 2926 ejiceret,

454 2943 860 3016 ignominiaque
886 2944 1149 3013 afﬁceret,
1176 2954 1343 3017 atque
1385 2946 1441 3000 in
1467 2944 1689 3000 illorum
1714 2944 1902 3000 locum
1931 2958 2053 3015 gen-

453 3041 557 3102 tes,
588 3050 714 3106 quae
742 3034 925 3103 ipsum
970 3049 1253 3106 nunquam
1277 3034 1623 3107 agnovissent
1645 3034 1780 3105 67,
1830 3032 2050 3088 induce-

451 3131 571 3179 ret:
606 3124 831 3196 ejusque
870 3123 1238 3181 Providentiae
1278 3124 1765 3181 obmurmurarent
1807 3139 1872 3179 ac
1912 3122 2051 3179 blas-

2164 1976 2243 2021 τις
2290 1955 2529 2033 ἐγγίσαι,
2557 1958 2628 2022 ὣς
2685 1954 3024 2035 ἀνακειμένῳ
3062 1955 3192 2034 Θεῷ
3224 1977 3239 1991 ·
3268 1954 3457 2015 τούτου
3497 1954 3552 2013 δὲ
3598 1956 3771 2037 χωρί-

2163 2047 2341 2113 ζονται
2387 2044 2618 2127 πάντες,
2689 2048 2760 2111 ὥς
2820 2042 3028 2125 ἀνιέρου
3097 2044 3190 2103 καὶ
3248 2045 3767 2127 ἀπηλλοτριωμένου

2162 2134 2305 2193 Θεοῦ
2339 2134 2408 2194 ⁸⁸.
2434 2134 2507 2195 Τί
2535 2123 2624 2194 οὖν
2646 2136 2787 2194 ἐστιν
2812 2134 2840 2192 ὃ
2863 2123 3007 2211 λέγει
3034 2138 3063 2193 6
3094 2136 3345 2209 Παῦλοςς
3370 2123 3641 2195 Φαίνεται
3659 2134 3767 2216 γὰρ

2162 2224 2373 2283 ἐναντία
2411 2222 2579 2303 λέγων
2628 2228 2735 2290 τοῖς
2780 2223 3031 2303 ἀνωτέρω
3076 2226 3305 2305 ῥηθεῖσι.
3343 2224 3482 2285 Τότε
3525 2224 3622 2303 μέν
3650 2225 3766 2304 γὰρ

2161 2311 2372 2390 ἔλεγεν,
2418 2313 2499 2373 ὅτι
2544 2336 2575 2373 α
2606 2315 2797 2381 Οὐδεὶς
2825 2318 2969 2391 ἡμᾶς
2998 2313 3224 2393 χωρίσει
3266 2314 3373 2374 ἀπὸ
3408 2318 3503 2387 τῆς
3555 2314 3772 2394 ἀγάπης

2161 2407 2252 2462 τοῦ
2282 2406 2425 2465 Θεοῦ
2454 2403 2502 2441 ⁶⁹
2537 2424 2553 2441 ⁶
2601 2427 2632 2463 ι
2684 2409 2778 2463 νῦν
2812 2403 2866 2463 δὲ
2915 2402 3175 2485 εὔχεσθαί
3224 2428 3390 2485 φησι,
3442 2407 3777 2485 χωρισθῆναι

2162 2492 2267 2552 ἀπὸ
2312 2498 2403 2553 τοῦ
2457 2496 2718 2575 Χριστοῦ.
2779 2502 2941 2554 Δοκεῖ
2994 2482 3087 2551 οῦν
3146 2482 3359 2553 ἐναντία
3412 2482 3621 2573 λέγειν,
3670 2496 3769 2554 οὐκ

2160 2581 2272 2642 ἔστι
2318 2584 2375 2645 δέ
2408 2606 2423 2621 ·
2456 2586 2548 2643 καὶ
2587 2586 2693 2665 γὰρ
2736 2584 2827 2643 καὶ
2872 2587 3029 2643 τοῦτο
3080 2581 3215 2663 ὑπὲρ
3267 2588 3363 2655 τῆς
3415 2584 3629 2661 ἀγάπης
3676 2589 3772 2642 τοῦ

2158 2673 2299 2733 Θεοῦ
2358 2673 2521 2753 λέγει.
2576 2673 2801 2746 Ἐπειδὴ
2858 2670 2962 2753 γὰρ
3030 2671 3261 2740 ἅπαντες
3309 2678 3403 2733 τοῦ
3455 2674 3598 2733 Θεοῦ
3669 2698 3771 2733 κα-

2157 2762 2446 2843 τηγόρουν,
2504 2762 2585 2822 ὅτι
2642 2762 2759 2830 τοὺς
2809 2761 3129 2831 ἀξιωθέντας
3180 2767 3273 2835 τῆς
3322 2762 3584 2830 υἱοθεσίας
3611 2807 3631 2839 ,
3678 2763 3772 2822 καὶ

2158 2851 2535 2927 δοξασθέντας,
2575 2853 2669 2911 καὶ
2714 2851 3057 2933 προπάτορας
3088 2854 3327 2931 Χριστοῦ
3386 2852 3766 2934 χρηματίσαν-

2158 2966 2282 3017 τας,
2332 2941 2452 3010 τοὺς
2498 2940 2819 3024 Ἑϐραίους,
2874 2940 3128 3015 ἐξέϐαλε,
3183 2942 3275 3001 καὶ
3322 2942 3586 3020 ἠτίμασεν
3616 2964 3629 2977 ·
3677 2944 3771 3003 ἀν-

2156 3032 2442 3112 τεισήγαγε
2484 3033 2540 3092 δὲ
2589 3031 2709 3100 τοὺς
2750 3031 3017 3109 μηδέποτε
3061 3031 3219 3091 αὐτὸν
3268 3032 3618 3112 ἐπιγνόντας,
3650 3033 3771 3100 τοὺς

2162 3120 2216 3191 ἐξ
2268 3125 2428 3181 ἐθνῶν
2457 3147 2471 3161 υ
2523 3121 2613 3182 καὶ
2687 3120 3072 3201 κατεγόγγυζον
3136 3125 3230 3195 τῆς
3290 3120 3590 3202 Προνοίας,
3663 3122 3758 3181 καὶ

452 3213 801 3286 phemarent,
854 3215 1014 3285 quasi
1078 3213 1196 3271 haec
1245 3214 1449 3287 injuste
1502 3214 1717 3285 ﬁerent,
1789 3222 1845 3271 et
1899 3215 2053 3269 Deus

452 3305 702 3359 insorum
732 3303 1199 3359 progenitoribus.
1230 3304 1433 3359 auibus
1472 3305 1589 3359 insa
1634 3303 1781 3359 dona
1832 3303 2053 3359 pollice-

2163 3185 2541 3293 ἐϐλασφήμουν
2564 3255 2582 3285 ,
2621 3216 2692 3281 ὡς
2720 3185 2940 3279 ἀδίκως.
2956 3185 3158 3272 τούτων
3183 3185 3473 3359 γινομένων
3497 3256 3516 3290 ,
3539 3185 3643 3271 καὶ
3671 3216 3768 3271 τοῦ

2163 3303 2301 3359 Θεοῦ
2337 3303 2712 3359 ἀπατήσαντος
2758 3300 2877 3359 τοὺς
2920 3300 3241 3359 προγόνους.
3282 3323 3312 3359 ο
3334 3326 3359 3359 ς
3404 3300 3499 3359 καὶ
3526 3300 3622 3359 τὰς
3663 3302 3768 3359 δω-

452 3305 702 3376 ipsorum
732 3303 1199 3376 progenitoribus,
1230 3304 1433 3377 quibus
1472 3305 1589 3377 ipsa
1634 3303 1781 3361 dona
1832 3303 2053 3375 pollice-

453 3396 632 3462 batur,
660 3394 1032 3465 imposuerat:
1066 3410 1306 3451 maerens
1324 3395 1511 3467 itaque
1536 3395 1758 3466 Paulus,
1779 3394 2050 3465 anxieque

451 3492 638 3540 motus
673 3492 728 3539 et
765 3498 985 3539 morsus
1014 3500 1113 3556 pro
1144 3484 1244 3540 Dei
1270 3484 1463 3557 gloria,
1492 3484 1707 3556 optavit
1733 3484 2047 3552 anathema,

451 3574 503 3630 id
526 3582 631 3640 est,
656 3572 988 3630 abalienatus
1016 3588 1136 3630 esse
1160 3590 1192 3631 a
1221 3573 1462 3643 Christo,
1493 3582 1553 3630 ut
1574 3574 1650 3630 illi
1674 3580 2048 3644 servarentur,

450 3664 942 3736 dissolvereturque
978 3680 1175 3721 eorum
1212 3662 1471 3721 adversus
1502 3668 1681 3720 Deum
1722 3662 2050 3720 maledicen-

448 3754 544 3811 tia.
567 3754 759 3811 Viden’
775 3754 943 3826 igitur
956 3754 1105 3826 quod
1129 3770 1196 3809 ex
1214 3769 1407 3809 amore
1427 3770 1536 3826 quo
1557 3754 1614 3809 in
1634 3758 1813 3810 Deum
1829 3753 2047 3809 inﬂam-

451 3853 631 3900 matus
666 3852 770 3913 est,
824 3850 977 3917 optat
1025 3844 1067 3899 si
1118 3842 1287 3899 modo
1332 3844 1449 3899 ﬁeri
1488 3844 1683 3916 possit,
1725 3842 1966 3915 separari
2016 3858 2049 3897 a

2159 3303 2301 3363 Θεοῦ
2337 3303 2712 3375 ἀπατήσαντος
2758 3300 2877 3368 τοὺς
2920 3300 3241 3382 προγόνους,
3282 3300 3359 3370 οἷς
3404 3300 3499 3362 καὶ
3526 3300 3622 3369 τὰς
3663 3302 3771 3360 δω-

2161 3392 2280 3472 ρεὰς
2308 3391 2361 3426 ²⁰
2390 3393 2747 3471 ἐπηγγείλατο
2772 3415 2785 3430 ·
2831 3393 3009 3470 ἀλγῶν
3040 3395 3069 3450 6
3112 3392 3329 3459 Παῦλος
3371 3390 3463 3450 καὶ
3495 3390 3767 3468 δακνόμε-

2158 3505 2243 3564 νος
2271 3482 2404 3564 ὑπὲρ
2433 3488 2529 3555 τῆς
2556 3487 2646 3542 τοῦ
2682 3484 2826 3543 Θεοῦ
2856 3481 3044 3557 δόξης,
3080 3481 3277 3554 ηὔξατο
3318 3481 3572 3558 ἀνάθεμα
3606 3480 3767 3550 αὐτὸς

2158 3559 2323 3641 εἶναι,
2356 3559 2498 3632 ὥστε
2527 3576 2765 3643 σωθῆναι
2806 3570 3034 3639 ἐκείνους
3055 3614 3075 3649 ,
3122 3570 3214 3629 καὶ
3258 3571 3624 3642 καταλυθῆναι
3660 3570 3761 3644 τὴν

2159 3661 2300 3719 κατὰ
2327 3663 2470 3723 Θεοῦ
2513 3662 2881 3744 βλασφημίαν.
2911 3659 3080 3741 Ὁρᾷς
3108 3652 3197 3720 οὖν
3220 3705 3239 3735 ,
3265 3660 3347 3719 ὅτι
3376 3660 3464 3719 διὰ
3501 3661 3599 3733 τὴν
3630 3662 3762 3741 πρὸς

2156 3752 2296 3812 Θεὸν
2328 3752 2540 3830 ἀγάπην
2585 3750 2838 3831 εὔχεται,
2884 3753 2931 3809 εἰ
2980 3748 3239 3823 δυνατὸν,
3290 3753 3622 3829 χωρισθῆναι
3671 3754 3765 3809 τοῦ

2157 3839 2279 3921 περὶ
2312 3840 2402 3900 τὸν
2432 3840 2664 3921 Χριστὸν
2707 3845 2906 3924 χοροῦς
2949 3838 3073 3920 οὐχὶ
3102 3838 3149 3874 ²¹
3184 3842 3279 3911 τῆς
3308 3838 3526 3918 ἀγάπης
3567 3841 3765 3915 αὐτοῦ,

447 3944 593 3990 οωω
616 3949 810 3990 eorum
841 3934 937 4005 qui
961 3949 1089 3990 cum
1127 3934 1348 3989 Christo
1378 3942 1649 3990 aeternum
1679 3933 1858 3989 vivent
1878 3936 1901 3989 ?
1921 3936 2048 3989 Non

2163 3930 2295 3990 ἀλλὰ
2320 3933 2413 4003 τῆς
2438 3928 2589 4003 δόξης
2618 3931 2783 3989 αὐτοῦ
2803 3974 2821 4006 ,
2871 3930 2965 3990 καὶ
3003 3933 3097 4001 τῆς
3129 3927 3477 3997 ἀπολαύσεως
3508 3930 3715 4003 ἐκείνης
3750 3954 3764 3968 ι

447 4041 478 4080 a
534 4023 794 4080 charitate
848 4024 1045 4095 ipsius,
1094 4023 1193 4080 sed
1234 4022 1407 4095 gloria
1482 4024 1679 4095 ipsius,
1746 4031 1801 4079 et
1856 4023 2048 4095 gloria:

2163 4018 2338 4099 ὥσπερ
2374 4019 2465 4079 καὶ
2516 4018 2741 4098 πατέρες
2772 4016 3031 4086 πολλάκις
3080 4018 3402 4100 χωρίζονται
3451 4021 3558 4077 τῶν
3603 4020 3728 4079 υἱῶν
3748 4064 3767 4094 ,

448 4113 654 4170 fructu.
684 4112 917 4169 Perinde
963 4127 1029 4169 ac
1085 4120 1264 4185 patres
1294 4128 1679 4185 saepenumero
1722 4128 1754 4169 a
1802 4111 1931 4168 ﬁliis
1967 4128 2049 4169 se-

2163 4108 2241 4168 ίνα
2288 4108 2380 4167 καὶ
2420 4110 2468 4169 οἱ
2505 4106 2610 4168 υἱοὶ
2655 4107 2981 4178 δοξασθῶσιν
3028 4131 3044 4146 ο
3090 4108 3211 4190 οὐχὶ
3257 4111 3353 4180 τῆς
3389 4107 3602 4187 ἀγάπης
3651 4111 3761 4168 τῶν

446 4210 767 4275 gregantur,
807 4209 869 4257 ut
911 4200 1291 4274 gloriﬁcentur
1348 4202 1467 4272 ﬁlii,
1510 4202 1742 4259 minime
1787 4210 1972 4258 tamen
2013 4217 2043 4257 a

2163 4198 2361 4259 παίδων
2402 4198 2753 4280 χωριζόμενοι
2772 4242 2789 4272 ,
2835 4199 2956 4257 ἀλλ’
2988 4197 3159 4280 αὐτοὶ.Δ
3176 4197 3378 4268 ἀδοξεῖν
3408 4196 3718 4276 βουλόμενοι
3738 4240 3759 4271 ,

449 4291 687 4347 ﬁliorum
712 4290 1003 4347 dilectione
1046 4290 1359 4359 abalienati,
1398 4291 1495 4348 sed
1544 4292 1648 4364 ipsi
1681 4291 1896 4365 inglorii
1924 4307 2046 4349 esse

2163 4286 2225 4347 iv’
2260 4277 2446 4348 ἐκεῖνοι
2476 4277 2847 4367 εὐδοκιμῶσιν.
2887 4285 3060 4354 Αὐτὸς
3099 4277 3189 4346 οῦν
3221 4284 3364 4369 ἐγὼ,
3392 4284 3576 4367 φησὶν,
3599 4287 3628 4344 6
3658 4310 3760 4363 μυ-

447 4380 749 4453 cupientes,
789 4388 853 4437 ut
876 4380 954 4435 illi
991 4381 1233 4439 celebres
1266 4381 1520 4438 evadant.
1564 4384 1755 4454 Itaque
1791 4382 1932 4454 ipse,
1960 4380 2046 4437 in-

2163 4378 2244 4454 ρία
2272 4376 2645 4459 κατορθώσας,
2690 4380 2719 4436 6
2766 4377 3054 4457 ἀγαπήσας
3083 4375 3215 4456 ὑπὲρ
3261 4376 3419 4459 φύσιν
3455 4373 3544 4436 τὸν
3576 4375 3719 4437 Θεὸν
3739 4421 3759 4450 ,

448 4433 590 4543 quit,
614 4433 749 4544 ego;
786 4470 878 4544 qui
928 4470 1218 4527 innumera
1272 4470 1532 4543 transegi,
1590 4433 1843 4545 diligensr
1872 4473 2046 4527 Deum

2163 4433 2384 4547 ῐῦχομαι
2408 4433 2547 4546 ἓπὲρ
2576 4433 2670 4540 τῆς
2698 4433 2852 4539 δόξής
2881 4433 2974 4525 τοῦ
3012 4433 3156 4527 Θεοῦ
3178 4433 3208 4539 ἶ
3226 4433 3520 4525 ἀποπεσεῖν
3550 4467 3647 4538 τῆς
3677 4433 3763 4525 δόζ

446 4576 612 4633 supra
642 4577 810 4633 quam
838 4568 1033 4616 natura
1079 4559 1241 4625 ferat,
1274 4568 1426 4632 opto,
1461 4560 1555 4630 ait,
1587 4576 1686 4633 pro
1724 4561 1896 4634 gloria
1943 4561 2049 4617 Dei

2163 4556 2246 4628 ξης
2274 4562 2368 4615 τοῦ
2399 4559 2657 4637 Χριστοῦ.
2694 4558 2869 4617 Τοῦτο
2911 4555 2966 4614 δὲ
2999 4559 3095 4615 οὐκ
3133 4555 3277 4614 ἔστιν
3318 4558 3601 4629 ἐκπεσεῖν,
3638 4556 3762 4615 ἀλλ’

445 4650 694 4706 excidere
715 4666 747 4707 a
786 4650 959 4723 gloria
1002 4648 1229 4706 Christi.
1270 4652 1395 4707 Hoc
1421 4658 1612 4707 autem
1660 4667 1772 4707 non
1796 4659 1881 4707 est
1908 4650 2049 4707 exci-

2163 4647 2425 4727 ἐπιτυχεῖν
2452 4649 2678 4724 μᾶλλον.
2715 4646 2795 4707 Τὸ
2823 4645 2879 4705 δὲ
2902 4690 2921 4723 ,
2954 4667 2983 4703 ε
3019 4642 3193 4726 ’Υπὲρ
3219 4648 3325 4703 τῶν
3357 4645 3601 4726 ἀδελφῶν
3631 4668 3759 4723 μου,

444 4740 597 4807 dere,
663 4739 760 4795 sed
807 4739 991 4812 potius
1051 4740 1287 4813 assequi.
1329 4738 1496 4812 Quod,
1533 4756 1661 4797 vero
1719 4740 1817 4809 ait,
1855 4763 1881 4789 ι
1940 4744 2047 4797 Pro

2163 4739 2261 4795 τῶν
2292 4739 2559 4818 συγγενῶν
2595 4759 2700 4814 μου
2745 4735 2886 4795 κατὰ
2918 4734 3125 4816 σάρκα,
3165 4756 3194 4793 ι)
3230 4732 3298 4793 τὰ
3343 4734 3639 4815 σπλάγχνα
3669 4735 3759 4794 ἐν·

442 4828 707 4885 fratribus
750 4830 913 4899 meis,
958 4829 1091 4886 mihi
1131 4839 1266 4887 sunt
1304 4830 1517 4903 cognati
1564 4828 1871 4887 secundum
1925 4847 2046 4888 car-

2163 4824 2461 4901 δείκνυται,
2498 4826 2591 4885 καὶ
2621 4828 2692 4894 ὣς
2717 4822 3019 4886 διακαίεται
3040 4822 3173 4905 ὑπὲρ
3202 4823 3400 4882 αὐτῶν.

441 4934 593 4987 nem,
619 4942 644 4968 ι
679 4918 883 4975 viscera
913 4918 1143 4991 indicat,
1176 4929 1234 4978 et
1254 4936 1424 4994 quam
1447 4918 1752 4977 vehementi
1782 4919 2046 4993 charitate

439 5024 568 5081 erga
598 5024 692 5065 eos
717 5007 948 5067 affectus
973 5018 1109 5068 erat.

509 5101 690 5156 Vnas.
723 5106 777 5169 4,
808 5104 857 5155 5.
887 5124 911 5147 ει
956 5100 1066 5171 Qui
1093 5107 1223 5155 sunt
1252 5098 1539 5169 Israelita,
1564 5114 1803 5170 quorum
1826 5108 1912 5157 est
1943 5100 2041 5157 ad-

437 5189 614 5260 optio,
646 5197 703 5245 et
731 5190 925 5262 gloria,
956 5198 1012 5245 et
1051 5196 1400 5257 testamenta,
1427 5196 1482 5243 et
1524 5188 1811 5261 legislatio,
1844 5198 1901 5246 et
1928 5192 2044 5247 cul-

436 5286 546 5347 tus,
587 5287 643 5334 et
688 5279 1088 5350 promissiones
1122 5297 1134 5333 :
1186 5293 1423 5350 quorum
1465 5285 1595 5334 sunt
1630 5286 1835 5351 patres,
1880 5288 1937 5337 et
1975 5297 2042 5339 ex

2163 5276 2329 5358 rpsia,
2379 5275 2471 5336 καὶ
2521 5277 2578 5334 αἱ
2628 5276 2985 5358 ἐπαγγελίαι·
3038 5266 3112 5336 ὧν
3164 5279 3212 5335 οἱ
3262 5274 3525 5356 πατέρες,
3567 5273 3663 5333 καὶ
3700 5273 3756 5342 ἐξ

435 5367 633 5440 quibus
660 5368 908 5425 Christus
942 5368 1125 5441 quoad
1153 5384 1404 5437 carnem,
1428 5368 1521 5440 qui
1554 5377 1642 5425 est
1665 5385 1831 5444 super
1854 5373 2041 5428 omnia

2163 5356 2226 5424 ὗν
2260 5369 2288 5425 6
2314 5366 2545 5446 Χριστὸς
2578 5365 2638 5424 τὸ
2668 5356 2809 5426 κατὰ
2848 5363 3052 5446 σάρκα,
3091 5368 3119 5424 6
3148 5363 3223 5425 ὢν
3254 5366 3343 5425 ἐπὶ
3370 5362 3587 5425 πάντων
3616 5363 3755 5431 Θεὸς

436 5459 588 5515 Deus
620 5458 944 5516 benedictus
990 5459 1046 5514 iu
1089 5459 1309 5516 saecula.
1361 5463 1565 5516 Amen.
1600 5482 1627 5509 ιι
1674 5461 2042 5520 Commendat

2163 5455 2429 5535 εὐλογητὸς
2480 5456 2553 5524 εἷς
2597 5454 2717 5523 τοὺς
2764 5457 2980 5525 αἰῶνας.
3031 5453 3225 5534 Ἀμήν.
3274 5476 3305 5514 υ
3344 5454 3597 5515 Ἐπαινεῖ
3633 5451 3757 5511 τού-

1840 5543 2032 5604 Variae
2075 5546 2390 5610 lectiones.

431 5717 471 5753 ﬂ
504 5638 786 5773 ἒέπὲράγει
814 5658 868 5700 0.
946 5642 987 5675 ¹⁷
1027 5641 1483 5718 ἀναθεματισμένου
1533 5662 1587 5704 ο.
1664 5646 1709 5680 ¹⁸
1765 5645 1881 5712 Θεῷ
1910 5663 1961 5704 o.
2041 5648 2085 5683 ¹⁹
2121 5647 2218 5703 ἀπὸ
2271 5652 2358 5715 τῆς
2408 5647 2606 5719 ἀγάπης
2651 5652 2743 5703 τοῦ
2794 5649 3008 5722 Χριστοῦ
3056 5664 3136 5708 m.
3212 5647 3259 5683 ²⁰
3308 5647 3402 5716 τὴν
3448 5644 3641 5720 δωρεὰν
3689 5656 3750 5703 0.

505 5737 564 5774 00
596 5737 651 5779 0.

2240 5120 2272 5154 ι
2302 5094 2512 5165 Οῗτινές
2535 5099 2666 5156 εἶσιν
2698 5096 3064 5178 Ἰσραηλῖται,
3107 5086 3182 5155 ὧν
3216 5101 3251 5169 ἡ
3284 5094 3555 5168 υἱοθεσία,
3588 5094 3682 5155 καὶ
3717 5100 3755 5169 ἡ

2154 5185 2306 5263 δόξα,
2349 5187 2442 5247 καὶ
2480 5189 2536 5247 αἱ
2576 5188 2859 5262 διαθῆκαι,
2904 5188 2995 5247 καὶ
3039 5191 3074 5260 ἡ
3103 5185 3416 5266 νομοθεσία,
3446 5185 3540 5244 καὶ
3568 5188 3605 5259 ἡ
3647 5186 3756 5244 λα·-
