4150 6466
353 442 453 498 481

1289 430 1643 495 EXPOSITIO
1683 434 1748 491 lN
1785 427 2001 489 EPIST.
2041 429 2133 486 AD
2177 423 2346 487 ROM.
2383 460 2453 471 -—
2482 428 2635 485 CAP.
2680 428 2763 485 IX.

3577 426 3682 487 462

359 592 481 637 τους
531 568 756 628 ἐνταῦθα
806 565 897 625 καὶ
948 563 1268 646 μεγαλύνει,
1314 562 1434 635 ἴνα,
1480 562 1616 644 ὅπερ
1677 562 1805 643 ἔφην
1826 606 1842 635 ,
1892 558 1969 637 μὴ

2096 557 2174 614 hic
2218 556 2475 625 Iudaeos,
2506 571 2710 629 eosque
2751 555 2941 628 magni
2996 554 3255 626 facit,ne
3284 557 3552 624 videatur,
3605 568 3667 615 ut

360 658 481 739 δόξῃ
510 656 631 717 κατ’
687 657 981 736 ἐμπάθειαν
1020 655 1216 737 λέγειν.
1251 652 1467 737 Ἠρέμα
1503 652 1560 713 δὲ
1600 652 1693 713 καὶ
1737 650 1970 711 ἓπαινίτ-

2077 647 2221 717 dixi,
2248 664 2315 704 ex
2345 646 2580 715 affectu,
2618 646 2705 704 vel
2748 646 3166 719 perturbatione
3204 648 3408 715 animi,
3437 650 3527 705 vel
3555 649 3685 705 odio

377 736 526 807 τεται
557 744 583 829 [
706 748 889 806 θπαιν.
921 744 966 828 ],
997 743 1077 804 ὅτι
1196 744 1291 821 μὲν
1321 736 1456 811 Θεὸς
1489 743 1749 814 ἠϐούλετο
1781 739 1970 806 αὐτοὺς

2099 738 2249 810 oqui.
2279 739 2471 794 Tacite
2494 747 2685 794 autem
2710 736 2894 794 innuit
2913 780 2928 802 ,
2957 736 3105 810 quod
3138 740 3288 793 Deus
3316 738 3438 793 illos
3462 754 3686 795 servare

365 826 607 911 σωθῆναι
633 859 647 873 ·
675 835 771 897 καὶ
802 826 962 908 δῆλον
1008 834 1061 903 ἐξ
1091 826 1164 895 ὧν
1196 834 1455 901 υἱοθεσίας
1496 832 1692 906 ἠξίωσε
1745 830 1837 890 καὶ
1879 830 1969 889 δό-

2076 827 2353 884 voluerit:
2412 828 2561 900 quod
2583 827 2715 883 inde
2757 827 2892 883 satis
2920 827 3220 899 colligitur,
3266 827 3395 899 quia
3432 827 3555 883 illos
3584 828 3680 884 ad-

364 928 453 1001 ξης
471 974 487 1003 ,
514 926 606 986 καὶ
637 926 689 995 ἐξ
712 918 786 985 ὧν
814 926 922 993 τοῖς
949 924 1217 1005 πατράσιν
1246 923 1603 1003 ἐπηγγείλατο
1622 969 1639 999 ,
1672 920 1765 980 καὶ
1796 920 1969 979 τᾶλλα

2096 922 2305 993 )ptione
2328 922 2573 979 ﬁliorum
2598 922 2860 995 dignatus
2880 930 2965 977 est
2997 930 3051 977 et
3072 921 3245 994 gloria
3267 964 3281 990 ,
3304 929 3359 977 et
3374 923 3499 994 quia
3520 923 3685 994 patri-

368 1016 545 1077 πάντα
577 1016 632 1055 ²²
677 1015 918 1096 ἐξαίρετα
966 1019 1143 1083 αὐτοῖς
1189 1014 1395 1089 ἔδωκε,
1450 1012 1542 1073 καὶ
1590 1012 1680 1071 τὸν
1733 1009 1969 1091 Χριστὸν

2096 1022 2188 1073 bus
2216 1016 2611 1089 promissiones
2647 1014 2869 1084 fecerit,
2903 1016 3121 1089 aliaque
3148 1016 3337 1072 omnia
3368 1016 3684 1073 excellentia

372 1108 424 1179 ἐξ
460 1108 635 1167 αὐτῶν
671 1110 988 1186 γεννηθῆναι
1038 1105 1324 1178 εὐδόκησεν
1364 1127 1378 1141 ο
1423 1102 1572 1163 αὐτοὶ
1602 1101 1656 1161 δὲ
1688 1100 1786 1173 τὴν
1831 1102 1974 1181 εὐερ-

370 1197 550 1279 γεσίαν
580 1196 1003 1277 ἀπεκρούσαντο.
1038 1196 1134 1255 Διὸ
1162 1196 1253 1254 καὶ
1299 1193 1585 1273 ἐκπλαγεὶς
1613 1192 1709 1263 τὴν
1756 1191 1973 1270 ἀγάπην

2082 1107 2163 1163 eis
2190 1107 2547 1179 impertierit,
2571 1106 2961 1179 Christumque
2989 1105 3127 1162 adeo
3150 1121 3216 1163 ex
3237 1105 3373 1179 ipsis
3410 1106 3558 1163 nasci
3589 1122 3689 1162 vo-

2085 1197 2249 1254 luerit
2267 1239 2282 1266 ,
2309 1212 2504 1253 verum
2553 1195 2657 1269 ipsi
2686 1204 2835 1252 tanta
2862 1195 3130 1253 beneﬁcia
3170 1196 3510 1269 repulerunt.
3540 1196 3689 1265 Quo—

374 1292 463 1347 τοῦ
493 1289 637 1347 Θεοῦ
657 1333 673 1360 ,
711 1286 962 1367 ἀναφέρει
1006 1289 1084 1366 τῷ
1120 1289 1411 1363 Μονογενεῖ
1440 1284 1537 1356 τὴν
1583 1280 1930 1363 εὐχαριστίαν
1955 1324 1972 1354 ,

2096 1286 2228 1343 airca
2256 1286 2596 1344 immensam
2624 1287 2731 1343 Dei
2773 1286 3129 1343 dilectionem
3157 1286 3495 1357 demiratus,
3550 1286 3692 1343 Uni-

377 1377 469 1437 καί
498 1399 655 1459 φησιν
681 1396 698 1409 ⁸
735 1397 763 1433 (ι
792 1374 863 1435 Ὁ
903 1374 977 1433 ὢν
1016 1376 1103 1433 ἐπὶ
1149 1375 1365 1433 πάντων
1416 1372 1555 1440 Θεὸς
1603 1370 1902 1451 εὖλογητός.
1941 1392 1972 1429 1)

380 1468 445 1527 Εἰ
470 1466 574 1546 γὰρ
598 1465 690 1525 καὶ
738 1463 913 1546 ἕτεροι
938 1510 955 1540 ,
988 1465 1119 1546 φησὶ
1140 1510 1156 1537 ,
1188 1466 1602 1543 βλασφημοῦσιν
1628 1507 1644 1536 ,
1676 1463 1747 1529 ὣς
1776 1462 1873 1519 οὐκ
1902 1464 1980 1522 εὖ·

379 1556 549 1635 λόγως
589 1554 877 1635 γενομένης
921 1558 1017 1625 τῆς
1048 1556 1365 1635 παραδοχῆς
1408 1556 1513 1612 τῶν
1558 1553 1719 1611 ἐθνῶν
1748 1549 1827 1623 ³³,
1862 1548 1980 1609 ἀλλ’

386 1650 541 1723 ἡμεῖς
578 1648 625 1706 οἳ
656 1644 725 1704 τὰ
755 1643 1023 1724 μυστήρια
1056 1645 1250 1712 εἰδότες
1293 1649 1386 1703 τοῦ
1435 1646 1672 1723 Χριστοῦ
1721 1639 1941 1719 οἴδαμεν
1962 1686 1977 1714 ,

384 1736 464 1795 ὅτι
519 1739 615 1795 τοῦ
678 1734 985 1805 δοξάζεσθαι
1034 1734 1177 1795 ἔστιν
1234 1732 1395 1801 ἄξιος.
1476 1732 1586 1795 Καὶ
1642 1733 1880 1790 ἐντεῦθεν
1929 1730 1985 1790 δὲ

387 1826 801 1906 καταισχύνεται
831 1823 1066 1907 Ἄρειος,
1102 1822 1194 1883 ἅτε
1230 1831 1323 1884 τοῦ
1366 1823 1590 1885 Παύλου
1626 1823 1715 1882 τὸν
1748 1821 1984 1901 Χριστὸν

388 1916 476 1975 ἐπὶ
515 1916 730 1975 πάντων
770 1914 912 1978 Θεὸν
946 1912 1420 1995 ἆνακηρύττοντος.

469 2125 494 2150 ι
524 2099 649 2178 Οὖχ
675 2089 782 2158 οἷον
813 2095 869 2157 δὲ
898 2096 978 2156 ὅτι
1009 2096 1351 2155 ἐκπέπτωκεν
1390 2099 1419 2157 6
1446 2095 1601 2174 λόγος
1628 2099 1724 2157 τοῦ
1760 2097 1927 2161 Θεοῦ.
1962 2124 1986 2152 υ

384 2186 533 2267 Ἐγὼ
585 2187 710 2265 μὶν,
751 2187 911 2268 φησὶ,
961 2186 1311 2263 διακαίομαι,
1366 2184 1449 2244 ὅτι
1496 2189 1902 2266 βλασφημεῖται
1958 2191 1986 2247 6

386 2277 522 2343 Θεὸς
540 2327 554 2350 ,
585 2277 677 2336 καὶ
704 2276 890 2349 ἤθελον
919 2275 1006 2335 διὰ
1031 2281 1189 2334 τοῦτο
1210 2273 1299 2335 ἵνα
1324 2275 1522 2345 πάντες
1549 2279 1763 2335 σωθῶσι
1798 2300 1811 2313 ⁸
1843 2276 1986 2348 πλὴν

387 2367 433 2426 εἰ
457 2366 549 2426 καὶ
593 2365 667 2444 μὴ
696 2366 884 2447 πάντες
928 2364 1220 2440 σώζονται,
1252 2367 1311 2425 οὐ
1343 2365 1494 2446 παρὰ
1535 2371 1692 2425 τοῦτο
1722 2364 1987 2447 ἐψεύσατο

386 2458 416 2514 6
466 2454 635 2534 Θεὸς,
692 2457 771 2537 ἐφ’
825 2446 902 2523 οἶς
948 2454 1307 2537 ἐπηγγείλατο
1351 2462 1460 2523 τοῖς
1513 2446 1819 2535 πατράσιν,
1871 2457 1987 2515 οὐδὲ

384 2545 753 2606 διαπέπτωκεν
813 2548 841 2604 6
886 2544 1037 2625 λόγος
1084 2545 1267 2607 αὐτοῦ.
1310 2542 1390 2605 Ὃ
1434 2544 1539 2625 γὰρ
1594 2544 1984 2626 ἐπηγγείλατο,

386 2635 478 2694 καὶ
508 2635 745 2708 ἐποίησεο
776 2634 875 2694 κᾶν
902 2637 949 2694 οἱ
983 2637 1426 2717 βλασφημοῦντες
1467 2634 1695 2714 λέγωσιν
1715 2681 1732 2710 ,
1776 2632 1858 2694 ὅτι
1890 2636 1989 2694 ἄλο

383 2727 495 2793 λοις
541 2724 900 2805 ἐπηγγείλατο
924 2769 943 2799 ,
995 2725 1089 2784 καὶ
1151 2724 1329 2793 ἄλλοις
1377 2724 1593 2787 ἔδωκεν.
1636 2719 1829 2785 ¹Ἄκουε
1887 2725 1989 2805 γὰρ

386 2817 494 2874 τῶν
522 2812 640 2885 ἱξῆς
667 2837 681 2852 ·

469 2926 501 2960 α
531 2906 613 2965 Οὖ
649 2904 755 2984 γὰρ
797 2903 988 2972 πάντες
1031 2904 1080 2963 οἳ
1108 2902 1161 2972 ἐξ
1211 2902 1469 2985 Ἰσραὴλ,
1518 2894 1663 2963 οὗτοι
1712 2902 1945 2983 Ἰσραήλ
1975 2927 1987 2941 ο

385 2994 495 3056 οὐδ’
521 2991 602 3053 ὅτι
653 2993 755 3053 εἶσὶ
802 2990 1021 3073 σπέρμα
1072 2992 1352 3074 Ἀϐραὰμ,
1396 2993 1593 3060 πάντες
1632 2992 1815 3054 τέκνα.
1844 3015 1875 3051 n
1912 2991 1992 3054 ⁴⁵0

387 3084 766 3165 ἐπηγγείλατο,
818 3083 1014 3165 φησὶν,
1070 3086 1099 3142 6
1150 3081 1323 3158 Θεὸς,
1370 3087 1527 3143 τοῦτο
1567 3083 1662 3142 καὶ
1716 3082 1986 3154 ἐποίησεν.

2086 1376 2273 1453 genito
2300 1378 2600 1449 gratiarum
2626 1376 2906 1434 actionem
2934 1375 3137 1446 refert,
3170 1375 3424 1449 inquiens
3468 1395 3482 1434 :
3521 1398 3549 1427 α
3579 1378 3691 1448 Qui

2086 1480 2169 1529 est
2199 1488 2364 1545 super
2389 1471 2579 1528 omnia
2625 1474 2775 1528 Deus
2824 1470 3161 1529 benedictus.
3195 1494 3220 1520 υ
3260 1470 3377 1527 Etsi
3403 1471 3555 1528 enim
3598 1472 3693 1526 alii

2086 1562 2483 1630 convicientur,
2518 1562 2731 1634 inquit,
2756 1577 2870 1618 non
2910 1560 3206 1618 commode
3249 1560 3452 1617 factam
3480 1576 3696 1618 assum-

2088 1652 2333 1724 ptionem
2362 1652 2614 1724 gentium
2637 1692 2652 1719 ,
2680 1667 2784 1707 nos
2824 1660 3011 1707 tamen
3060 1650 3263 1707 Christi
3311 1650 3573 1723 mysteria
3600 1649 3696 1707 ha-

2093 1742 2286 1799 bentes
2314 1742 2630 1813 explorata,
2680 1740 2886 1797 scimus
2932 1739 3081 1810 quod
3100 1741 3218 1813 ipse
3258 1739 3458 1813 dignus
3484 1741 3557 1797 sit
3579 1740 3697 1814 glo—

2096 1831 2177 1889 ria
2205 1840 2261 1888 et
2283 1832 2586 1905 praeconio.
2621 1830 2722 1886 Hic
2773 1846 2900 1887 vero
2928 1831 3127 1886 Arium
3157 1829 3417 1902 pudeﬁeri
3471 1846 3696 1888 necesse

2098 1929 2181 1979 est
2197 1964 2212 1988 ,
2240 1922 2410 1979 Paulo
2432 1936 2633 1994 nempe
2650 1920 2935 1978 Christum
2966 1935 3130 1993 super
3150 1920 3339 1978 omnia
3360 1922 3541 1977 Deum
3571 1937 3699 1994 pro-

2096 2012 2393 2069 clamante.
2578 2008 2587 2009 ί

2169 2105 2350 2159 Vsns.
2383 2107 2438 2158 6.
2489 2122 2517 2152 α
2558 2103 2685 2158 Non
2711 2108 2897 2157 autem
2944 2098 3095 2174 quod
3148 2100 3413 2158 exciderit
3462 2100 3697 2159 verbum

2095 2192 2224 2249 Dei.
2243 2216 2269 2242 ο
2296 2196 2466 2264 Ergo,
2492 2190 2695 2264 inquit,
2720 2206 2854 2246 uror
2869 2198 2925 2247 et
2950 2188 3190 2264 afﬂigar,
3206 2190 3357 2264 quod
3385 2194 3535 2248 Deus
3550 2191 3699 2247 blas-

2099 2283 2414 2356 phematur,
2466 2297 2529 2338 ac
2572 2289 2865 2354 eapropter
2899 2281 3084 2353 optavi
3122 2297 3319 2337 omnes
3351 2283 3530 2338 salvos
3561 2282 3698 2337 ﬁeri.

2097 2372 2305 2428 Verum
2334 2371 2379 2427 si
2418 2385 2531 2427 non
2581 2385 2779 2427 omnes
2814 2378 3123 2438 serventur,
3149 2386 3274 2426 eam
3320 2370 3392 2427 ob
3436 2387 3553 2427 rem
3584 2388 3699 2427 non

2099 2470 2184 2519 est
2208 2461 2475 2517 mentitus
2520 2462 2671 2516 Deus
2691 2460 2749 2515 in
2776 2457 2843 2515 iis
2864 2474 2987 2531 quae
3017 2461 3269 2532 promisit
3294 2459 3547 2532 patribus
3563 2501 3579 2529 ,
3601 2476 3699 2515 ne-

2100 2568 2205 2625 que
2242 2550 2442 2607 excidit
2470 2550 2698 2606 verbum
2725 2549 2860 2621 ejus.
2885 2548 3051 2619 Quod
3083 2549 3227 2605 enim
3274 2550 3552 2622 promisit,
3594 2550 3701 2606 hoc

2100 2643 2271 2698 etiam
2314 2640 2570 2714 praestitit
2598 2655 2613 2695 :
2646 2638 2861 2696 etiamsi
2900 2639 3153 2695 maledici
3178 2639 3382 2709 dicant,
3404 2638 3554 2713 quod
3577 2640 3701 2696 aliis

2100 2731 2444 2805 promiserit,
2515 2729 2635 2786 aliis
2691 2745 2824 2786 vero
2890 2728 3123 2786 dederit.
3188 2728 3335 2786 Audi
3399 2730 3551 2787 enim
3621 2746 3700 2785 se-

2100 2821 2339 2896 quentia.

2172 2914 2344 2968 Vsns.
2365 2916 2417 2966 6.
2451 2932 2474 2959 α
2504 2911 2631 2966 Non
2648 2908 2796 2965 enim
2829 2922 3027 2964 omnes
3057 2906 3151 2980 qui
3183 2922 3251 2964 ex
3279 2908 3477 2975 Israel,
3505 2907 3559 2963 hi
3590 2908 3705 2980 68

2102 3000 2364 3059 Israelita:
2395 3019 2409 3054 :
2458 3015 2638 3072 neque
2666 2999 2793 3071 quia
2816 3006 2945 3055 sunt
2974 3013 3165 3054 semen
3200 2996 3502 3053 Abrahami
3523 3040 3537 3069 ,
3571 3014 3696 3070 pro-

2103 3099 2289 3164 pterea
2315 3099 2449 3148 sunt
2478 3105 2676 3147 omnes
2701 3088 2821 3144 ﬁlii.
2862 3112 2888 3139 υ
2928 3086 3091 3162 Quod
3116 3088 3477 3160 promiserat,
3506 3087 3702 3160 inquit,

392 3164 526 3268 ξξπε
549 3172 702 3268 γὰρι
732 3164 839 3232 ὅτι
864 3172 1022 3268 (Σοί
1049 3172 1138 3232 καὶ
1178 3176 1252 3268 τῷ
1284 3171 1562 3268 σπέρματί
1581 3194 1701 3268 ΔσουΔ
1718 3171 1897 3268 δώσω.
1942 3194 1971 3230 n

2105 3183 2287 3249 Deus,
2326 3180 2432 3236 hoc
2461 3179 2628 3237 etiam
2658 3178 2932 3252 praestitit.
2982 3177 3136 3233 Dixit
3163 3176 3315 3233 enim
3350 3178 3377 3218 8
3402 3197 3414 3234 :
3444 3199 3469 3225 ιι
3502 3176 3623 3234 Tibi
3651 3186 3705 3233 et

386 3253 765 3342 Ίδωμεννοῧν,
796 3263 946 3323 ποῖόν
992 3264 1102 3322 ἐστι
1141 3264 1205 3343 τὸ
1234 3264 1471 3343 σπέρμα.
1518 3261 1605 3323 Οὗ
1646 3261 1750 3342 γὰρ
1795 3261 1989 3329 πάντες

387 3356 434 3413 οἱ
477 3352 529 3422 ἐξ
577 3351 863 3433 Ἀϐραὰμ,
924 3352 1106 3418 ἅπλῶς
1154 3342 1295 3411 οὗτοι
1344 3342 1563 3433 σπέρμα
1614 3376 1629 3391 ο
1674 3351 1792 3412 οὐδὲ
1843 3353 1891 3411 οἱ
1938 3351 1994 3422 ἐξ

389 3442 612 3523 Ἰσραὴλ
630 3489 645 3516 ,
673 3433 819 3504 οὗτοι
847 3442 1185 3523 Ἰσραηλῖται
1215 3460 1230 3477 '
1259 3443 1380 3501 ἀλλ’
1412 3443 1459 3503 οἱ
1484 3441 1626 3501 κατὰ
1670 3441 1757 3500 τὸν
1792 3440 1991 3501 Ἰσαὰκ

392 3532 891 3613 γεννηθέντεςκκαὶ
940 3534 989 3592 οἱ
1037 3536 1131 3605 τῆς
1178 3538 1276 3613 τοῦ,
1324 3531 1554 3611 Ἰσραὴλ
1599 3533 1787 3613 ἀρετῆς
1831 3530 1993 3603 ἄξιοι,

397 3622 463 3678 δι’
495 3612 557 3693 ἧς
583 3622 720 3683 Θεὸν
751 3612 908 3682 εἶδεν.
951 3624 1033 3681 Οὔ
1079 3622 1185 3701 γὰρ
1228 3611 1408 3694 εἶπεν,
1440 3620 1521 3679 ὅτι
1568 3611 1646 3681 Oti
1683 3619 1734 3689 ἐξ
1764 3618 1993 3692 Ἰακὼϐ,

401 3710 549 3787 ἀλλ’,
589 3730 620 3768 ιι
647 3713 720 3771 Οἱ
767 3710 820 3779 ἐξ
847 3710 1109 3790 Ἰσραὴλ,
1150 3734 1178 3768 n
1225 3719 1318 3771 τοῦ
1346 3709 1525 3787 τιμίου
1567 3709 1826 3788 ὀνόματος
1855 3733 1995 3786 μνη-

399 3798 679 3875 μονεύσας.
711 3798 844 3860 Ἐὰν
885 3791 976 3860 οὖν
1030 3800 1201 3881 μάθῃς
1228 3850 1242 3871 ,
1295 3799 1432 3867 τίνες
1480 3799 1622 3859 κατὰ
1674 3799 1762 3858 τὸν
1807 3798 1997 3860 Ἰσαὰκ

395 3892 715 3969 γεννῶνται,
746 3889 865 3949 τότε
917 3888 1159 3971 εὑρήσεις
1224 3890 1579 3972 ἀδιάψευστον
1631 3892 1728 3963 τὴν
1762 3890 1997 3968 ἐπαγγε-

396 3977 514 4037 λίαν
545 4002 558 4016 ο
587 3978 787 4047 τούτοις
831 3978 934 4060 γὰρ
976 3979 1129 4051 ἐδόθη
1160 3978 1210 4017 ³³
1261 3978 1327 4037 τὰ
1361 3978 1785 4060 ἐπαγγελθέντα.
1817 3975 1998 4038 Ὥστε

392 4070 451 4129 οὗ
504 4069 947 4150 βλασφημεῖπθαί
988 4071 1132 4129 ἐστιν
1177 4068 1319 4138 ἄξιος
1347 4073 1375 4129 6
1407 4068 1567 4138 Θεός.
1600 4067 1678 4130 Ὃ
1722 4068 1827 4149 γὰρ
1853 4060 1999 4128 εἶπεν

392 4160 645 4235 ἐποίησε,
681 4158 784 4220 κᾶν
814 4182 951 4225 τινες
979 4161 1037 4220 οὗ
1068 4162 1280 4220 νοῶσιν.

485 4432 682 4494 «Ἀλλ’
730 4437 785 4494 ἐν
841 4432 1031 4495 Ἰσαὰκ
1073 4432 1407 4506 κληθήσεταί
1444 4457 1526 4494 σοι
1571 4434 1826 4515 σπέρμα,
1872 4457 2001 4493 του-

394 4522 603 4597 τίστιν,
644 4525 704 4583 οὗ
750 4523 820 4582 τὰ
872 4522 1030 4582 τέκνα
1073 4527 1171 4597 τῆς
1217 4524 1442 4606 σαρκὸς,
1485 4528 1657 4584 ταῦτα
1698 4526 1860 4586 τέκνα
1908 4532 2000 4587 τοῦ

394 4614 575 4674 Θεοῦ·
608 4613 749 4673 ἀλλὰ
793 4613 860 4673 τὰ
900 4613 1059 4673 τέκνα
1106 4616 1200 4687 τῆς
1244 4615 1570 4694 ἐπαγγελίας
1614 4614 1878 4694 λογίζεται
1919 4621 1990 4685 εἷς

397 4700 633 4782 σπέρμα.
669 4701 1034 4781 Ἐπαγγελίας
1066 4701 1168 4783 γὰρ
1199 4707 1227 4763 6
1256 4700 1409 4785 λόγος
1448 4694 1599 4772 οὗτος
1648 4728 1661 4741 ⁸
1712 4705 1873 4766 Κατὰ
1902 4708 1990 4766 τὸν

394 4792 581 4871 καιρὸν
607 4796 793 4852 τοῦτον
833 4791 1153 4870 ἐλεύσομαι,
1188 4792 1280 4852 καὶ
1310 4792 1460 4853 ἔσται
1592 4795 1781 4877 Σάῤῥα
1809 4795 1937 4865 υἳός.
1971 4825 1995 4851 ι

396 4882 521 4943 Οὖκ
541 4880 675 4963 ἐγὼ,
699 4881 885 4963 φησὶν,
917 4883 1198 4962 ἑρμηνεύω
1222 4881 1277 4922 ³³
1294 4906 1410 4961 σοι,
1429 4883 1482 4942 τί
1509 4886 1622 4943 ἐστι
1642 4884 1703 4943 τὸ
1724 4885 1914 4958 ἀληθὲς
1943 4886 1996 4927 ²⁶

396 4969 616 5053 σπέρμα
644 4978 737 5031 τοῦ
767 4971 1046 5051 Ἀϐραὰμ,
1076 4972 1193 5033 ἀλλ’
1218 4978 1252 5046 ἡ
1282 4971 1535 5051 Παλαιὰ,
1566 4975 1818 5034 εἰποῦσα·
1843 5003 1868 5030 ι
1896 4975 1996 5036 Ἐν

394 5060 586 5123 Ἰσαὰκ
630 5061 959 5136 κληθήσεταί
1005 5085 1088 5123 σοι
1139 5062 1432 5144 σπέρμα.»
1489 5062 1670 5125 Ὥστε
1711 5063 1823 5125 ὅσοι
1854 5066 1999 5125 κατὰ

393 5151 486 5236 τὸν
538 5151 730 5214 Ἰσαὰκ
786 5152 1115 5233 ἐτέχθησαν,
1165 5152 1474 5230 τουτέστιν,
1526 5153 1581 5224 ἐξ
1636 5156 1958 5236 ἐπαγγελίας
1980 5203 1996 5233 ,

394 5232 543 5302 οὗτοί
580 5245 714 5302 εἰσιν
761 5232 973 5315 ἀληθῶς
1017 5243 1178 5303 τέκνα
1226 5242 1508 5324 Ἀϐραὰμ,
1562 5232 1869 5323 μᾶλλον-δὲ
1906 5232 1998 5307 τοῦ

392 5332 559 5397 Θεοῦ.
587 5332 669 5393 Τὸ
693 5331 797 5412 γὰρ
823 5341 931 5392 πᾶν
954 5337 1048 5392 τοῦ
1085 5332 1226 5393 θείου
1252 5333 1412 5413 λόγου
1443 5335 1675 5415 ἐγένετο.
1704 5336 1845 5397 Οὖδὲ
1873 5336 1999 5417 γὰρ,

396 5420 514 5481 οὐδὲ
542 5424 571 5481 6
601 5421 793 5483 Ἰσαὰκ
842 5422 990 5505 νόμῳ
1036 5424 1129 5484 καὶ
1180 5424 1400 5502 δυνάμει
1446 5423 1654 5507 φύσεως
1704 5427 1960 5508 ἐγεννήθη
1987 5475 2001 5503 ,

2098 3271 2296 3327 semini
2322 3279 2418 3326 tuo
2438 3269 2601 3327 dabo.
2630 3292 2656 3319 ι»
2690 3267 2991 3325 Videamus
3016 3266 3180 3340 igitur
3208 3266 3370 3340 quale
3398 3266 3473 3324 sit
3492 3282 3701 3323 semen.

2100 3363 2226 3417 Non
2255 3362 2407 3417 enim
2433 3374 2629 3416 omnes
2651 3360 2744 3431 qui
2777 3373 2844 3414 ex
2880 3356 3201 3414 Abrahamo
3222 3396 3237 3427 ,
3268 3356 3345 3413 illi
3379 3355 3707 3428 simpliciter

2096 3457 2229 3509 sunt
2252 3464 2479 3507 semen:
2532 3462 2714 3521 neque
2744 3447 2837 3521 qui
2891 3463 2955 3503 ex
2983 3446 3181 3515 Israel,
3224 3454 3357 3503 sunt
3402 3446 3699 3503 Israelita:

2098 3557 2290 3598 verum
2318 3540 2415 3613 qui
2458 3538 2764 3597 secundum
2819 3539 3069 3594 lsaacum
3123 3536 3237 3593 nati
3287 3545 3459 3605 sunt,
3502 3537 3706 3610 quique

2099 3630 2314 3691 lsraelis
2327 3628 2527 3686 virtute
2549 3627 2851 3701 conspicui,
2878 3643 2977 3700 per
3000 3642 3168 3700 quam
3187 3628 3366 3683 Deum
3394 3627 3701 3698 conspexit.

2099 3723 2226 3779 Non
2248 3721 2395 3776 enim
2425 3718 2582 3786 dixit,
2606 3718 2711 3791 Qui
2726 3733 2788 3774 ex
2816 3716 3013 3785 Jacob,
3030 3715 3149 3784 sed,
3180 3740 3204 3765 α
3227 3717 3330 3787 Qui
3353 3733 3417 3771 ex
3450 3718 3639 3788 Israel,
3678 3741 3702 3765 υ

2102 3809 2470 3868 honoratioris
2492 3808 2743 3865 nominis
2777 3808 3117 3863 mentionem
3143 3805 3370 3861 faciens.
3404 3806 3514 3861 Ubi
3540 3806 3708 3877 igitur

2101 3900 2356 3960 didiceris
2402 3900 2495 3974 qui
2547 3897 2855 3955 secundum
2885 3899 3035 3953 Isaac
3059 3904 3377 3963 nascantur,
3423 3896 3707 3952 inveniens

2103 3999 2393 4049 vacantem
2416 3988 2707 4047 mendacio
2738 3987 3163 4061 promissionem
3196 4006 3213 4042 :
3246 3986 3364 4041 istis
3391 3986 3543 4042 enim
3573 4002 3707 4059 pro-

2105 4082 2275 4138 missa
2296 4088 2426 4137 sunt
2447 4077 2703 4136 exhibita.
2738 4080 2919 4150 Quare
2956 4079 3109 4133 Deus
3134 4076 3563 4148 haudquaquam
3593 4092 3707 4132 ma-

2105 4171 2317 4230 ledictis
2368 4167 2728 4227 incessendus
2782 4184 2797 4223 :
2842 4165 2991 4240 quod
3020 4166 3168 4222 enim
3211 4164 3382 4236 dixit,
3443 4165 3498 4223 id
3544 4182 3708 4240 opere

2103 4262 2311 4336 pariter
2363 4258 2695 4334 complevit,
2747 4257 2966 4315 etiamsi
3010 4255 3261 4313 nonnulli
3307 4255 3454 4315 haud
3505 4255 3709 4317 intelli-

2106 4361 2257 4428 gant.

2177 4446 2359 4502 Vnus.
2390 4446 2426 4498 8
2444 4482 2461 4507 ,
2490 4447 2544 4498 9.
2573 4462 2599 4489 α
2627 4438 2739 4497 Sed
2769 4438 2826 4494 in
2854 4441 3008 4494 Isaac
3032 4436 3320 4493 vocabitur
3352 4435 3452 4493 tibi
3474 4451 3665 4495 semen
3690 4483 3704 4509 ,

2034 4552 2083 4616 ι)
2110 4533 2162 4591 id
2191 4542 2305 4603 est,
2328 4546 2445 4588 non
2475 4530 2566 4603 qui
2591 4527 2693 4585 ﬁlii
2732 4526 2940 4597 carnis,
2973 4526 3031 4581 bi
3070 4524 3161 4581 ﬁlii
3188 4524 3326 4616 Dei;
3357 4524 3455 4582 sed
3484 4527 3578 4597 qui
3608 4526 3706 4582 ﬁlii

2110 4632 2242 4682 sunt
2272 4618 2660 4696 promissionis
2695 4617 3042 4675 aestimantur
3072 4617 3127 4671 in
3174 4614 3410 4671 semine.
3462 4616 3705 4671 Promis-

2104 4714 2278 4771 sionis
2298 4713 2452 4769 enim
2481 4711 2712 4766 verbum
2728 4706 2836 4765 hoc
2860 4716 2943 4764 est
2968 4724 2981 4761 :
3007 4705 3326 4763 Secundum
3354 4704 3459 4760 hoc
3483 4713 3702 4777 tempus

2106 4804 2325 4861 veniam
2342 4843 2359 4872 ,
2388 4810 2442 4858 et
2461 4800 2567 4857 erit
2583 4802 2730 4856 Sarae
2750 4797 2897 4855 ﬁlius
2920 4790 2968 4852 δ.
3004 4820 3030 4845 ιο
3059 4798 3187 4853 Non
3208 4811 3341 4869 ego,
3372 4796 3577 4869 inquit,
3604 4798 3701 4853 tibi

2104 4894 2436 4966 interpretor
2463 4888 2597 4963 quid
2634 4889 2709 4945 sit
2748 4904 2933 4944 revera
2979 4902 3169 4943 semen
3212 4885 3553 4957 Abrahami,
3611 4888 3707 4943 sed

2107 4984 2323 5042 Veteris
2345 4978 2682 5039 Testamenti
2702 4978 3012 5051 Scriptura,
3063 4991 3189 5050 quae
3218 4976 3380 5046 dicit,
3406 5000 3430 5025 α
3465 4977 3528 5032 In
3554 4978 3707 5033 Isaac

2108 5073 2395 5132 vocabitur
2411 5071 2511 5130 tibi
2536 5068 2787 5127 semen‘.
2826 5092 2849 5116 υ
2904 5068 3180 5141 Quocirca
3217 5074 3492 5140 quotquot
3511 5081 3708 5122 secun-

2108 5165 2243 5223 dum
2269 5166 2422 5221 Isaac
2464 5161 2579 5218 nati
2615 5167 2781 5232 sunt,
2820 5158 2927 5214 hoc
2977 5166 3061 5215 est
3097 5172 3162 5213 ex
3201 5155 3597 5228 promissione,
3630 5155 3707 5211 illi

2108 5264 2235 5312 sunt
2270 5268 2455 5311 revera
2484 5251 2578 5307 ﬁlii
2608 5248 2924 5315 Abraham,
2951 5248 3064 5303 imo
3124 5260 3251 5301 vero
3287 5244 3405 5300 Dei.
3459 5242 3706 5300 Verbum

2110 5344 2259 5403 enim
2297 5342 2549 5400 divinum
2606 5339 2835 5397 omnino
2883 5336 3175 5408 impletum
3222 5342 3357 5390 erat.
3402 5335 3529 5391 Non
3557 5335 3708 5390 enim

2108 5437 2267 5493 Isaac
2294 5434 2413 5507 lege
2441 5431 2797 5507 potentiaque
2825 5436 3039 5484 naturae
3079 5432 3240 5481 natus
3262 5432 3380 5493 est,
3402 5439 3598 5481 verum
3626 5439 3711 5480 se-

470 5555 498 5597 ¹
524 5556 667 5617 Gen.
700 5571 842 5625 xm,
878 5562 967 5614 15.
1043 5552 1073 5591 ³³
1102 5558 1244 5617 Gen.
1279 5574 1473 5631 xvm,
1508 5567 1599 5617 Io.
1674 5561 1691 5599 ί
1720 5561 1866 5621 Gen.
1896 5578 1987 5633 x1,
2020 5566 2109 5621 12.

1787 5662 1980 5723 Variae
2020 5664 2326 5725 lectiones.

474 5789 518 5827 ²²
544 5791 607 5849 τὰ
629 5809 686 5852 o.
761 5792 809 5830 ’⁸
838 5793 1046 5851 ἐθνικῶν
1065 5810 1121 5855 0.
1196 5794 1244 5832 ⁸⁸
1271 5794 1516 5869 ἐδόθησαν
1546 5811 1602 5857 0.
1677 5795 1722 5835 ³⁸
1751 5796 2043 5871 ἑρμηνεύσω
2068 5800 2119 5854 τί
2146 5814 2200 5858 0.
2280 5796 2325 5833 ²⁶
2353 5794 2553 5867 ἀληθῶς
2581 5808 2637 5853 0.
