4150 6426
444 398 548 457 463

1432 384 1949 449 THEOPHYLACTI
1986 386 2343 447 BULGARLE
2378 384 2694 446 ARCHIEP.

3646 383 3754 446 464

445 525 690 584 cundum
719 522 1023 598 potentiam
1044 519 1423 595 promissionis
1448 539 1460 575 :
1486 535 1647 587 nam;
1675 542 1699 568 α
1731 517 2045 577 Secundum

2159 515 2296 577 ἀλλὰ
2324 516 2462 577 κατᾶ
2511 516 2733 592 δύναμιν
2768 514 3087 595 ἐπαγγελίας
3120 540 3132 553 ·
3190 541 3221 571 α
3256 515 3415 577 Κατὰ
3444 515 3535 575 τὸν
3567 512 3753 595 καιρὸν

445 618 550 673 hoc
586 625 807 689 tempus
842 614 1093 681 veniam,
1133 612 1350 683 inquit,
1394 619 1449 667 et
1483 610 1587 667 erit
1624 612 1773 667 Sam
1810 608 1977 665 ﬁlius.
2014 626 2042 661 ››

444 707 691 764 Verbum
722 706 907 779 itaque
948 703 1051 760 Dei
1086 702 1249 758 ﬁnxit
1295 704 1478 771 Isaac,
1513 708 1568 757 et
1607 700 1813 773 genuit.
1844 699 2042 756 Consi-

446 799 562 854 mili
596 812 728 854 sane
771 796 985 852 ratione
1031 810 1194 865 super
1243 808 1347 849 nos
1395 791 1539 848 ﬁlios
1585 792 1687 847 Dei
1726 791 1784 846 in
1830 792 2045 847 lavacro

444 887 819 961 baptismatis,
870 883 1031 940 veluti
1076 883 1135 939 in
1177 882 1433 949 matrice,
1478 880 1641 937 verba
1680 880 1865 937 divina
1917 894 2046 952 pro-

446 978 795 1045 nuntiantur,
826 989 998 1047 eaque
1044 989 1149 1028 nos
1200 971 1471 1044 reﬁngunt
1507 992 1519 1026 :
1554 970 1827 1042 siquidem
1854 970 1907 1025 in
1937 986 2046 1025 no-

446 1069 599 1124 mine
629 1066 839 1135 Patris,
881 1073 937 1121 et
964 1064 1117 1132 Filii,
1161 1071 1216 1119 et
1252 1062 1492 1134 Spiritus
1532 1062 1737 1130 sancti,
1781 1059 2046 1132 baptizati

444 1172 795 1230 generamur.
827 1160 907 1213 Ac
935 1153 1163 1227 perinde
1201 1161 1264 1209 ut
1291 1153 1401 1208 illic
1430 1152 1599 1208 Isaaci
1632 1151 2046 1225 generationem

445 1248 809 1321 promiserat,
858 1261 1027 1318 quam
1057 1251 1251 1317 postea
1281 1242 1559 1315 implevit,
1592 1241 1669 1298 sic
1715 1249 1770 1297 et
1797 1248 2047 1297 nostram

444 1336 921 1410 regenerationem
972 1333 1225 1406 promisit
1276 1348 1371 1405 per
1405 1330 1730 1404 prophetas,
1779 1338 1833 1387 et
1862 1337 2047 1402 postea

442 1426 687 1499 perfecit
726 1426 908 1495 Quare
937 1424 1103 1492 illud,
1152 1447 1177 1471 «ι
1230 1426 1295 1478 In
1317 1424 1473 1478 Isaac
1497 1420 1786 1477 vocabitur
1836 1419 1933 1476 tibi
1959 1434 2045 1476 se-

446 1532 603 1585 men,
633 1538 659 1564 »
691 1514 767 1571 sic
796 1511 1178 1585 accipiendum
1203 1520 1285 1568 est
1330 1531 1346 1567 :
1383 1511 1471 1567 Illi
1497 1520 1627 1567 sunt
1655 1526 1845 1566 semen
1874 1508 2046 1565 Abra-

447 1605 630 1675 hami,
663 1604 756 1679 qui
784 1604 953 1660 Isaaci
999 1602 1305 1659 nativitatis
1346 1600 1417 1657 ad
1461 1601 1637 1657 instar
1674 1608 1806 1657 sunt
1842 1599 2044 1673 geniti,

447 1695 552 1753 hoc
596 1704 681 1751 est
708 1710 807 1767 per
858 1693 1089 1749 verbum
1141 1691 1415 1747 divinum.
1455 1692 1579 1746 Non
1624 1690 1795 1762 igitur
1843 1687 2047 1745 excidit

2152 607 2255 687 γὰρ
2286 613 2467 668 τοῦτον
2515 605 2833 681 ἐλεύσομαι,
2884 607 2977 665 καὶ
3025 607 3175 666 ἔσται
3228 610 3295 685 τῇ
3328 606 3518 687 Σάῤῥᾳ
3551 604 3683 673 υἱός.
3715 627 3747 664 ι)

2153 699 2235 759 Τὸ
2265 692 2352 758 οὖν
2387 702 2533 781 ῥῆμα
2558 702 2652 757 τοῦ
2682 701 2823 760 Θεοῦ
2850 697 3106 756 διέπλασε
3137 697 3227 755 τὸν
3260 696 3452 757 Ἰσαὰκ
3484 694 3577 756 καὶ
3608 694 3754 775 ἐγίν-

2153 812 2311 863 νησεν
2340 788 2416 850 ²⁷.
2467 786 2628 848 Οὕτω
2674 786 2739 859 δὴ
2783 788 2875 848 καὶ
2927 789 3007 867 ἐφ’
3057 790 3211 864 ἡμῶν
3260 790 3363 846 τῶν
3413 787 3611 861 τέκνων
3663 791 3756 845 τοῦ

2153 882 2328 951 Θεοῦ,
2350 880 2403 937 ἐν
2432 882 2500 957 τῇ
2541 876 2890 957 κολυμϐήθρα
2910 925 2927 953 ,
2962 880 3032 944 ὡς
3076 877 3129 935 ἐν
3162 875 3344 957 μήτρᾳ
3398 875 3486 953 ³⁸,
3536 876 3756 957 ῥήματα

2153 972 2269 1027 θεῖα
2309 967 2679 1047 ἐπιλέγονται,
2722 968 2945 1027 κάκεῖνα
2985 971 3132 1045 ἡμᾶς
3178 965 3625 1026 ἀναπλάττουσιν.
3662 967 3761 1034 Εἰς

2154 1058 2322 1137 ὄνομα
2368 1057 2471 1139 γὰρ
2505 1057 2720 1138 Πατρὸς
2740 1103 2756 1131 ,
2785 1058 2875 1117 καὶ
2910 1059 3061 1131 Υἳοῦ,
3110 1055 3201 1117 καὶ
3232 1056 3384 1136 ἁγίου
3436 1057 3758 1134 Πνεύματος

2156 1148 2534 1229 βαπτιζόμενοι
2585 1146 2909 1227 γεννώμεθα.
2970 1146 3079 1208 Καὶ
3127 1145 3311 1229 ὥσπερ
3360 1149 3469 1206 ἐκεῖ
3497 1145 3754 1227 ἐπηγγεί-

2151 1227 2285 1300 λατο
2312 1238 2409 1311 τὴν
2459 1245 2550 1299 τοῦ
2603 1237 2792 1299 Ἰσαὰκ
2840 1239 3115 1315 γέννησιν,
3172 1227 3268 1296 εἷθ’
3315 1234 3535 1317 ὕστερον
3585 1235 3759 1309 ἐπλή-

2156 1351 2321 1409 ρωσεν
2350 1351 2365 1366 ο
2401 1327 2541 1388 οὕτω
2571 1326 2665 1387 καὶ
2696 1326 2793 1399 τὴν
2826 1326 3095 1407 ἡμετέραν
3125 1326 3485 1405 ἐπηγγείλατο
3515 1324 3602 1385 διὰ
3650 1328 3758 1385 τιῖιν

2155 1422 2443 1501 προφητῶν
2465 1466 2482 1493 ,
2534 1417 2625 1477 καὶ
2675 1415 2814 1494 μετὰ
2860 1423 3032 1476 ταῦτα
3086 1416 3395 1476 ἐτελείωσεν
3422 1440 3437 1455 ·
3487 1414 3629 1476 ὥστε
3658 1415 3754 1489 τὸ,

2154 1535 2179 1561 α
2206 1508 2299 1569 Ἐν
2327 1508 2517 1570 Ἰσαὰκ
2536 1505 2861 1579 κληθήσεταί
2889 1530 2972 1567 σοι
3003 1506 3252 1587 σπέρμα,
3277 1536 3300 1561 υ
3333 1507 3473 1565 οὕτω
3497 1508 3755 1583 νοεῖσθαι,

2156 1598 2272 1658 ἀντὶ
2314 1603 2437 1673 τοῦ,
2486 1596 2718 1658 Ἐκείνοί
2773 1599 2875 1656 εἰσι
2919 1597 3137 1677 σπέρμα
3190 1595 3476 1678 Ἀϐραὰμ,
3528 1598 3577 1656 οἱ
3616 1595 3757 1656 κατὰ

2154 1687 2243 1747 τὸν
2297 1687 2493 1770 τρόπον
2522 1693 2616 1760 τῆς
2647 1691 2743 1746 τοῦ
2792 1686 2984 1749 Ἰσαὰκ
3035 1686 3331 1766 γεννήσεως
3382 1684 3755 1765 γεννηθέντες,

448 1801 634 1842 sermo
676 1784 811 1853 Dei,
865 1782 961 1839 sed
1017 1798 1146 1839 vero
1203 1781 1438 1850 semini,
1488 1780 1595 1836 hoc
1645 1788 1731 1837 est
1795 1778 2048 1835 ﬁdelibus

2159 1778 2439 1856 τουτέστι,
2481 1776 2568 1836 διὰ
2609 1777 2768 1855 λόγου
2812 1776 2973 1837 θείου.
3019 1778 3139 1837 Οὐκ
3189 1776 3290 1857 ἄρα
3325 1775 3697 1835 διαπέπτωκεν
3725 1780 3757 1834 6

445 1893 511 1931 ex
543 1874 823 1948 gentibus,
854 1874 949 1945 qui
979 1872 1104 1928 facti
1147 1880 1275 1928 sunt
1302 1870 1397 1926 ﬁlii
1435 1870 1536 1926 Dei
1588 1870 1733 1926 sicut
1769 1876 1824 1925 et
1862 1871 2044 1936 Isaac,

446 1974 717 2037 quatenus
744 1972 799 2019 et
819 1963 875 2019 hi
900 1980 965 2019 ex
988 1962 1355 2033 promissione
1373 2005 1389 2031 ,
1421 1959 1576 2016 dedit
1615 1975 1740 2032 qua
1769 1958 2046 2032 promisit.

446 2057 539 2112 Sin
572 2063 761 2112 autem
798 2052 978 2109 Judaei
1008 2052 1193 2108 dicant
1222 2051 1372 2123 quod
1397 2050 1577 2121 istud,
1614 2072 1640 2097 α
1684 2052 1749 2105 In
1774 2051 1929 2106 Isaac
1953 2064 2045 2104 vo-

445 2145 661 2201 cabitur
688 2144 789 2200 tibi
815 2158 1043 2209 semen,
1081 2163 1106 2190 ν
1146 2140 1251 2197 hoc
1292 2140 1598 2211 signiﬁcat,
1628 2155 1864 2211 nempe,
1899 2137 2049 2211 quod

448 2236 482 2290 ii
508 2234 601 2306 qui
642 2236 800 2290 Isaac
850 2231 1110 2306 prognati
1163 2239 1320 2286 erant
1334 2271 1353 2302 ,
1384 2245 1574 2287 semen
1622 2228 1862 2286 Abrahae
1889 2243 2049 2300 repu-

447 2330 654 2392 tentur,
708 2330 990 2395 oporteret
1036 2329 1092 2377 et
1142 2320 1419 2377 Idumaeos
1460 2325 1515 2375 et
1562 2334 1757 2377 omnes
1804 2318 1873 2375 ab
1923 2318 2048 2390 ipso

445 2411 707 2469 oriundos
751 2427 938 2469 semen
969 2410 1210 2466 Abrahae
1258 2408 1541 2482 appellari.
1586 2407 1871 2481 Siquidem
1899 2407 2050 2480 ipso-

448 2519 572 2559 rum
597 2502 914 2576 progenitor
934 2504 1079 2559 Esau
1098 2499 1244 2557 ﬁlius
1272 2508 1389 2556 erat
1418 2501 1591 2555 Isaac.
1619 2498 1789 2572 Atqui
1796 2498 1917 2571 jam
1938 2513 2052 2553 non

445 2594 627 2650 solum
675 2608 788 2649 non
834 2600 1097 2648 vocantur
1139 2589 1440 2648 Abrahami
1469 2589 1595 2660 ﬁlii,
1646 2604 1834 2645 verum
1878 2586 2048 2644 etiam

448 2681 607 2740 valde
635 2690 767 2740 sunt
807 2680 1137 2752 abalienati,
1179 2679 1578 2753 alienigeuique
1622 2677 1903 2735 dicuntur.

2155 1868 2306 1945 λόγος
2333 1872 2423 1927 τοῦ
2476 1870 2650 1942 Θεοῦ,
2703 1867 2843 1926 ἀλλὰ
2889 1870 2967 1949 τῷ
3012 1868 3249 1948 ἀληθινῷ
3300 1868 3603 1946 σπέρματι,
3633 1888 3757 1925 του-

2154 1959 2300 2018 τέστι
2318 2004 2333 2032 ,
2358 1958 2469 2025 τοῖς
2499 1956 2551 2026 ἐξ
2574 1959 2734 2017 ἐθνῶν
2765 1965 3003 2031 πιστοῖς,
3048 1964 3158 2024 τοῖς
3207 1957 3509 2035 γενομένοις
3557 1955 3759 2022 τέκνοις

2155 2050 2333 2120 Θεοῦ,
2372 2051 2444 2115 ὡς
2473 2046 2565 2106 καὶ
2603 2050 2631 2106 6
2670 2046 2862 2107 Ἰσαὰκ
2884 2091 2900 2119 ,
2954 2044 3089 2105 καθὸ
3120 2045 3214 2105 καὶ
3257 2037 3404 2106 οὗτοι
3433 2044 3486 2115 ἐξ
3526 2047 3758 2124 ἐπαγγε-

2155 2137 2295 2218 λίας,
2328 2137 2549 2197 δέδωκεν
2584 2137 2619 2197 ἃ
2647 2136 2931 2217 ὑπέσχετο.
2972 2138 3039 2196 Εἰ
3069 2135 3122 2197 δὲ
3153 2136 3352 2217 λέγοιεν
3383 2138 3433 2197 οἶ
3471 2135 3758 2210 Ἰουδαῖοι,

2157 2227 2237 2287 ὅτι
2269 2226 2361 2306 τὸ,
2397 2251 2428 2284 ιι
2451 2226 2540 2288 Ἐν
2572 2226 2765 2287 Ἰσαὰκ
2793 2225 3120 2300 κληθήσεταί
3152 2249 3235 2286 σοι
3267 2227 3517 2307 σπέρμα,
3546 2253 3570 2278 ι
3596 2231 3753 2285 τοῦτο

2156 2320 2343 2392 δηλοῖ,
2372 2316 2434 2377 τὸ
2464 2315 2586 2386 τοὺς
2624 2315 2679 2387 ἐξ
2711 2316 2905 2377 Ἰσαὰκ
2944 2317 3304 2396 γεννωμένους
3352 2315 3654 2395 λογίζεσθαι
3682 2317 3760 2396 τῷ

2155 2407 2402 2487 Ἀϐραὰμ
2428 2408 2501 2476 εἰς
2538 2404 2753 2485 σπέρμα
2780 2431 2792 2444 ·
2843 2406 2945 2465 ἔδει
2974 2405 3065 2465 καὶ
3109 2405 3226 2474 τοὺς
3272 2406 3633 2485 Ἰδουμαίους,
3662 2406 3762 2465 καὶ

2157 2498 2362 2565 πάντας
2382 2496 2606 2564 ἐκείνους
2630 2496 2701 2569 ³9,
2737 2494 2953 2576 σπέρμα
2985 2494 3231 2573 Ἀϐραὰμ
3259 2496 3634 2576 χρηματίζειν.
3670 2493 3745 2556 Ὀ

2155 2586 2258 2667 γὰρ
2278 2586 2331 2625 ³⁰
2352 2586 2605 2667 πρόγονος
2634 2587 2808 2645 αὐτῶν
2836 2584 3037 2665 Ἡσαῦ,
3063 2585 3171 2653 υἱὸς
3194 2576 3257 2658 ἦν
3282 2592 3376 2646 τοῦ
3402 2584 3613 2647 Ἰσαάκ.
3642 2587 3756 2646 Νῦν

2157 2678 2210 2737 δὲ
2241 2680 2299 2737 οὗ
2347 2676 2509 2756 μόνον
2538 2678 2597 2736 οὗ
2620 2675 3042 2758 χρηματίζουσιν
3070 2675 3173 2735 υἱοὶ
3194 2680 3284 2734 τοῦ
3309 2674 3557 2755 Ἀϐραὰμ
3575 2722 3592 2749 ,
3618 2676 3760 2734 ἀλλὰ

2158 2767 2251 2827 καὶ
2275 2766 2477 2847 σφόδρα
2503 2767 2909 2845 ἠλλοτρίωνται,
2948 2766 3037 2824 καὶ
3062 2764 3351 2846 ἀλλόφυλοι
3383 2766 3758 2843 ὀνομάζονται.

524 2863 639 2935 66
661 2865 841 2920 Vnus.
881 2870 965 2919 ιο.
999 2886 1023 2911 οι
1059 2866 1183 2920 Non
1206 2862 1391 2919 solum
1433 2870 1652 2929 autem,
1683 2859 2051 2917 sedRebecca

2247 2878 2275 2915 ε
2318 2858 2401 2915 Οὐ
2434 2854 2593 2932 μόνον
2622 2855 2717 2932 δὲ,
2753 2854 2894 2914 ἀλλᾶ
2929 2855 3022 2914 καὶ
3064 2853 3368 2933 Ῥεϐέκκα,
3400 2854 3453 2927 ἐξ
3486 2855 3600 2923 ἑνὸς
3642 2855 3762 2915 κοί-

451 2954 621 3010 etiam
666 2969 731 3009 ex
779 2969 890 3009 uno
942 2960 1304 3025 conceperat,
1354 2954 1505 3007 Isaac
1559 2960 1714 3024 patre
1759 2958 1974 3008 nostro.
2023 2973 2049 3000 ι

450 3043 777 3099 Monstravit
815 3041 965 3114 quod
994 3058 1124 3098 cum
1154 3041 1319 3099 multi
1347 3050 1404 3098 et
1433 3041 1568 3099 varii
1616 3039 1937 3097 Abrahamo
1964 3055 2050 3097 es-

448 3141 575 3189 sent
594 3131 723 3201 ﬁlii,
753 3135 907 3187 Isaac
937 3140 1163 3188 vocatus
1191 3132 1262 3187 sit
1297 3146 1492 3187 semen
1522 3152 1535 3188 :
1570 3131 1755 3202 itaque
1780 3139 1835 3187 et
1864 3128 1933 3201 ii,
1957 3129 2051 3202 qui

450 3222 621 3278 simili
652 3237 757 3293 qua
811 3222 925 3294 ipse
954 3228 1260 3278 nascuntur
1300 3220 1531 3276 ratione.
1582 3222 1711 3276 Jam
1740 3235 1873 3275 vero
1914 3220 1991 3275 ait
2037 3236 2051 3274 :

452 3316 581 3369 Non
621 3311 673 3367 iu
704 3314 860 3367 Isaac
893 3319 1113 3368 tantum
1159 3311 1266 3368 hoc
1315 3310 1499 3368 videre
1543 3326 1739 3383 queas,
1779 3309 1880 3366 sed
1904 3309 2054 3382 quod

452 3402 633 3475 majus
665 3409 782 3470 est,
836 3401 895 3458 in
925 3399 1190 3458 fratribus
1241 3402 1407 3457 etiam
1456 3417 1523 3457 ex
1574 3399 1777 3457 eodem
1818 3407 1976 3473 patre
2001 3409 2057 3457 et

455 3500 662 3561 matre,
694 3492 869 3564 iisque
902 3491 1138 3565 geminis
1155 3490 1502 3564 propagatis,
1534 3494 1682 3547 Esau
1702 3490 1971 3547 nimirum
2000 3499 2057 3548 et

453 3581 645 3638 Jacob.
681 3582 871 3654 Neque
911 3581 1063 3638 enim
1094 3581 1169 3637 illi
1214 3580 1415 3638 eadem
1451 3590 1580 3637 sunt
1604 3580 1913 3646 consecuti,
1957 3579 2057 3637 sed

454 3672 593 3727 alter
639 3670 867 3744 quidem
896 3671 1134 3741 electus,
1176 3672 1313 3728 alter
1341 3686 1471 3728 vero
1517 3670 1651 3727 odio
1698 3679 1783 3728 est
1811 3669 2051 3728 habitus.

454 3764 638 3834 Quare
656 3777 726 3817 ne
754 3776 971 3833 quaeras
998 3777 1098 3818 cur
1125 3770 1317 3834 gentes
1342 3760 1601 3833 elegerit,
1628 3776 1829 3833 easque
1862 3776 2053 3817 semen

455 3850 721 3920 Abrahae,
752 3851 865 3907 imo
915 3848 1168 3907 divinum
1208 3849 1427 3920 fecerit,
1457 3850 1727 3908 Hebraeos
1753 3859 1938 3907 autem
1968 3866 2054 3907 re-

454 3940 677 4013 pulerit,

523 4032 706 4085 Vnns.
750 4035 937 4086 11-13.
972 4052 997 4077 «ι
1048 4031 1184 4085 Cum
1214 4030 1366 4086 enim
1404 4027 1654 4085 nondum
1685 4029 1800 4085 nati
1837 4038 2052 4095 essent,

453 4126 551 4175 aut
587 4118 796 4192 aliquid
840 4118 974 4175 boni
1020 4118 1291 4191 egissent,
1338 4126 1433 4174 aut
1456 4118 1586 4174 mali
1621 4122 1705 4185 (ut
1750 4118 2053 4175 secundum

2158 2969 2257 3017 την
2305 2945 2537 3025 ἔχουσα,
2572 2949 2664 3005 τοῦ
2716 2943 2913 3025 πατρὸς
2965 2947 3117 3020 ἡμῶν
3168 2944 3382 3007 Ἰσαάκ.
3416 2966 3448 3004 ι
3509 2944 3759 3015 Ἐδειξεν

2158 3035 2239 3095 ὅτι
2265 3036 2476 3095 πολλῶν
2510 3034 2602 3094 καὶ
2641 3034 2903 3117 διαφόρων
2942 3035 3106 3095 ὄντων
3143 3033 3338 3094 τέκνων
3371 3038 3447 3115 τῷ
3479 3034 3764 3118 Ἀϐραὰμ,

2158 3127 2187 3182 6
2219 3125 2407 3186 Ἰσαὰκ
2436 3123 2634 3197 ἐκλήθη
2667 3125 2882 3207 σπέρμα
2917 3147 2931 3161 ο
2963 3124 3104 3185 ὥστε
3138 3124 3231 3186 καὶ
3280 3125 3328 3184 οἱ
3374 3124 3571 3203 ὁμοίως
3607 3127 3755 3207 αὐτῷ

2160 3213 2459 3294 τικτόμενοι
2488 3238 2502 3252 ο
2537 3214 2628 3273 καὶ
2657 3220 2745 3274 νῦν
2777 3203 2872 3273 οὖν
2906 3238 3069 3297 φησιν
3089 3260 3108 3293 ,
3154 3214 3237 3274 ὅτι
3266 3217 3349 3276 Οὔ
3393 3215 3552 3294 μόνον
3582 3212 3638 3274 δὲ
3675 3203 3765 3276 ἐπὶ

2160 3312 2252 3365 τοῦ
2300 3304 2493 3366 Ἰσαὰκ
2541 3310 2692 3364 τοῦτο
2743 3302 2910 3381 ἴδοις,
2962 3302 3103 3363 ἀλλὰ
3154 3304 3215 3363 τὸ
3269 3308 3483 3382 μεῖζον,
3535 3304 3629 3367 καὶ
3676 3306 3768 3365 ἐπὶ

2162 3397 2401 3478 ἀδελφῶν
2448 3395 2793 3476 ὁμοπατρίων
2847 3394 2940 3455 καὶ
2987 3395 3330 3476 ὁμομητρίων
3376 3396 3468 3456 καὶ
3499 3396 3766 3478 διδύμων,

2160 3490 2255 3545 τοῦ
2282 3476 2339 3544 τε
2372 3483 2546 3545 Ἦσαῦ
2591 3485 2801 3545 καὶτοῦ
2832 3484 3061 3547 Ἰακώϐ.
3100 3487 3238 3545 Οὐδὲ
3280 3485 3419 3567 γὰρ,
3468 3487 3585 3547 οὐδὲ
3618 3476 3763 3545 οὗτοι

2158 3578 2263 3634 τῶν
2286 3576 2460 3634 αὐτῶν
2493 3575 2812 3649 ἀπήλαυσαν
2830 3623 2846 3649 ,
2881 3577 3000 3634 ἀλλ’
3048 3578 3077 3634 6
3110 3574 3206 3651 μὲν
3239 3574 3452 3655 ἐξελέγη
3474 3622 3491 3650 ,
3519 3580 3547 3635 6
3569 3575 3625 3636 δὲ
3650 3578 3767 3654 ἐμι-

2162 3666 2323 3739 σήθη.
2358 3663 2530 3725 Ὥστε
2568 3664 2644 3741 μὴ
2675 3667 2892 3724 ἀπαίτει
2937 3664 3159 3742 λόγους,
3207 3666 3345 3732 τίνος
3375 3665 3533 3729 ἕνεκα
3564 3665 3684 3733 τοὺς
3714 3666 3769 3736 ἐξ

2162 3756 2323 3813 ἐθνῶν
2398 3752 2705 3829 ἐξελέξατο,
2764 3753 2857 3813 καὶ
2913 3752 3135 3833 σπέρμα
3203 3753 3491 3836 Ἀϐραὰμ,
3549 3757 3757 3835 μᾶλλον

2163 3843 2219 3903 δὲ
2248 3848 2383 3904 θεῖον
2401 3890 2419 3920 ,
2446 3842 2661 3917 ἐποίησε
2690 3868 2704 3882 ο
2731 3842 2851 3913 τοὺς
2879 3842 2936 3904 δὲ
2966 3842 3255 3925 Ἑϐραίους
3284 3844 3562 3908 ἀπώσατο.

2246 4048 2277 4079 ιι
2304 4023 2489 4097 Μήπω
2517 4024 2619 4106 γὰρ
2652 4024 3043 4105 γεννηθέντων,
3080 4025 3217 4105 μηδὲ
3263 4026 3580 4107 πραξάντων
3613 4031 3765 4106 ἀγα-

2164 4112 2254 4173 θόν
2300 4137 2351 4172 τι
2404 4112 2439 4186 ἢ
2492 4115 2691 4188 κακὸν,
2733 4113 2823 4172 ἵνα
2871 4120 2905 4189 ἡ
2936 4115 3057 4175 κατ’
3100 4116 3325 4195 ἐκλογὴν
3378 4116 3622 4200 πρόθεσις
3665 4124 3762 4177 τοῦ

457 4207 788 4263 electionem
804 4208 1148 4280 propositum
1167 4208 1271 4265 Dei
1289 4216 1557 4276 maneret,
1572 4224 1685 4263 non
1701 4224 1763 4265 ex
1777 4208 2051 4281 operibus,

2170 4207 2312 4265 Θεοῦ
2366 4202 2531 4283 μένῃ,
2579 4206 2676 4264 οὐκ
2716 4203 2770 4273 ἐξ
2818 4205 3023 4287 ἔργων,
3064 4208 3183 4266 ἀλλ’
3217 4209 3277 4266 ἐκ
3303 4212 3409 4285 ,τοῦ
3438 4209 3761 4279 καλοῦντος,

455 4296 554 4353 sed
603 4313 667 4353 ex
697 4299 972 4367 vocante),
1022 4296 1237 4354 dictum
1280 4306 1365 4354 est
1393 4297 1440 4353 ei
1472 4318 1485 4353 ι
1518 4299 1702 4370 Major
1723 4298 1924 4355 serviet
1948 4298 2057 4355 mi-

457 4386 582 4443 nori
612 4404 625 4442 :
657 4386 800 4443 sicut
840 4387 1109 4459 scriptum
1140 4396 1224 4445 est
1265 4387 1482 4444 :Jacob
1522 4387 1722 4455 dilexi,
1769 4390 1916 4447 Esau
1961 4404 2057 4445 au-

457 4486 572 4533 tem
595 4476 725 4533 odio
755 4476 918 4533 habui
948 4478 990 4534 °.
1028 4500 1053 4527 ιι
1104 4480 1406 4535 Necessum
1445 4476 1614 4534 fuerit
1652 4478 1741 4534 hic
1776 4494 1879 4535 nos
1915 4494 2057 4551 prae-

456 4566 707 4634 mittere,
744 4576 908 4640 atque
937 4569 1265 4624 summatim
1294 4568 1564 4641 explicare
1608 4585 1835 4625 sensum
1863 4585 2057 4626 eorum

456 4673 579 4730 qua!
614 4657 821 4730 prolixe
846 4656 1099 4714 dicturus
1126 4666 1210 4715 est
1245 4658 1565 4730 Apostolus.
1598 4660 1742 4730 Quia
1769 4659 1919 4715 enim
1945 4675 2060 4716 non

458 4746 613 4816 pauci
652 4746 940 4816 dicebant,
970 4749 1153 4803 Eccur
1173 4750 1316 4805 Deus
1358 4758 1549 4822 gentes
1578 4748 1825 4806 Hebraeis
1853 4756 2058 4820 praetu-

458 4834 523 4889 lit
560 4839 684 4901 (nec
715 4835 863 4891 enim
918 4837 1214 4909 quisquam
1240 4837 1444 4895 dixerit
1473 4837 1623 4895 istud
1677 4838 1895 4895 virtutis
1924 4853 2057 4911 ergo

458 4924 759 4997 contigisse
787 4945 800 4980 :
828 4941 1022 4983 omnes
1044 4927 1191 4983 enim
1218 4927 1647 5001 peccaverunt)?
1674 4927 1883 5000 colligit
1915 4930 2060 5000 Apo-

461 5013 636 5070 stolus
682 5014 855 5071 multo
897 5016 1157 5089 ambigua
1203 5025 1393 5074 nostro
1433 5018 1661 5091 quidem
1708 5017 1928 5089 ingenio
1978 5017 2057 5072 in-

459 5103 997 5175 comprehensibilia,
1019 5106 1121 5161 soli
1148 5114 1336 5162 autem
1354 5110 1471 5163 Deo
1495 5105 2015 5177 comprehensibilis
2041 5125 2053 5160 :

457 5193 756 5265 statuitque
778 5195 1021 5265 primum
1040 5202 1167 5250 ante
1191 5202 1545 5267 conspectum
1560 5234 1576 5263 ,
1598 5193 1748 5266 quod
1774 5194 1921 5250 inter
1938 5195 2059 5252 illos

453 5282 592 5339 duos
612 5282 813 5339 fratres
839 5283 1126 5356 didymos,
1166 5286 1305 5341 alter
1332 5284 1565 5359 quidem
1592 5284 1683 5357 qui
1714 5285 1919 5341 electus
1938 5293 2057 5355 est,

456 5388 570 5427 non
608 5372 679 5427 sit
722 5381 944 5445 prOpter
998 5374 1258 5431 virtutem
1312 5374 1565 5431 electus:
1609 5375 1746 5430 alter
1776 5390 1905 5431 vero
1961 5375 2057 5448 qui

546 5470 561 5510 ³
585 5471 724 5526 Gen.
758 5486 908 5540 xxv,
938 5476 1028 5528 23.

2173 4291 2368 4375 ἐῤῥήθη
2412 4296 2548 4373 αὐτῇ
2573 4337 2589 4367 ,
2621 4293 2703 4353 ὅτι
2735 4292 2809 4355 ⁸0
2842 4294 3037 4373 μείζων
3072 4296 3343 4358 δουλεύσει
3371 4299 3447 4377 τῷ
3476 4294 3725 4355 ἐλάσσονι
3750 4321 3764 4334 ο

2169 4381 2345 4451 καθὼς
2399 4383 2734 4464 γέγραπται·
2792 4385 2901 4446 Τὸν
2955 4385 3158 4447 Ἰακὼϐ
3204 4386 3499 4467 ἠγάπησα,
3550 4385 3639 4446 τὸν
3710 4386 3766 4447 δὲ

2165 4472 2344 4533 Ἡσαῦ
2384 4472 2640 4549 ἐμίσησα.
2689 4496 2718 4531 ι)
2765 4473 3079 4555 Ἀναγκαῖόν
3135 4479 3247 4537 ἐστι
3303 4484 3578 4557 προειπεῖν
3626 4480 3769 4554 ἡμᾶς

2164 4562 2251 4622 τὸν
2284 4566 2402 4622 νοῦν
2455 4566 2561 4622 τῶν
2603 4564 2906 4643 μελλόντων
2945 4569 3166 4648 ῥηθῆναι
3218 4565 3305 4626 διὰ
3360 4571 3570 4649 μακροῦ
3619 4566 3771 4648 παρὰ

2165 4657 2259 4711 τοῦ
2295 4651 2644 4716 Ἀποστόλου.
2682 4653 2907 4728 Ἐπειδὴ
2930 4656 3034 4737 γὰρ
3059 4655 3240 4737 ἔλεγον
3272 4658 3322 4717 οἱ
3343 4656 3535 4718 πολλοί
3566 4681 3578 4696 ·
3612 4657 3771 4725 Τίνος

2166 4744 2325 4802 ἕνεκα
2353 4740 2421 4801 τὰ
2442 4741 2565 4816 ἔθνη
2586 4745 3026 4824 προετιμήθησαν
3047 4745 3092 4781 ³⁸
3122 4749 3227 4806 τῶν
3249 4745 3527 4827 Ἑϐραίων
3550 4748 3646 4825 (οὗ
3668 4746 3772 4827 γὰρ

2168 4830 2232 4890 ἂν
2263 4829 2403 4890 εἴποι
2440 4855 2518 4899 τις
2542 4880 2555 4904 ,
2586 4832 2667 4892 ὅτι
2712 4833 2780 4894 δι’
2820 4839 3012 4916 ἀρετήν
3041 4860 3056 4874 ο
3089 4835 3286 4905 πάντες
3315 4835 3421 4918 γὰρ
3452 4835 3773 4918 ἥμαρτον);

2166 4919 2381 5001 συνάγει
2413 4924 2440 4981 ὃ
2471 4920 2786 4993 Ἀπόστολος
2815 4924 2990 4986 πολλὰ
3028 4926 3205 5007 ἄπορα
3224 4972 3240 5001 ,
3264 4930 3394 5005 ἡμῖν
3425 4925 3522 5003 μὲν
3551 4926 3768 4987 ἀκατά-

2166 5012 2350 5083 ληπτα
2374 5056 2392 5085 ,
2425 5011 2571 5094 μόνῳ
2598 5010 2651 5072 δὲ
2677 5015 2805 5094 Θεῷ
2840 5016 3166 5089 καταληπτά
3193 5040 3206 5053 ·
3238 5016 3331 5075 καὶ
3363 5015 3596 5076 δείκνυσι
3624 5018 3773 5094 πρῶ-

2167 5123 2256 5159 τον
2279 5097 2397 5169 τοὺς
2450 5099 2542 5160 δύο
2576 5102 2821 5180 διδύμους
2869 5104 3160 5187 ἀδελφοὺς,
3203 5104 3284 5165 ὅτι
3328 5107 3387 5166 οὗ
3424 5108 3490 5166 δι’
3520 5104 3713 5186 ἀρετὴν
3744 5107 3775 5165 6

2168 5190 2399 5269 ἐκλεγεὶς
2441 5188 2688 5270 ἐξελέγη,
2738 5194 2856 5253 οὐδὲ
2912 5195 3000 5254 διὰ
3048 5194 3243 5256 κακίαν
3296 5199 3325 5255 6
3367 5196 3608 5273 μισηθεὶς
3649 5197 3769 5273 ἐμι-

2168 5278 2305 5351 σήθη
2341 5281 2433 5355 (οὗ
2462 5278 2566 5361 γὰρ
2613 5281 2909 5363 ἐπράξαντο
2958 5285 3153 5363 ἀγαθὸν
3203 5284 3239 5357 ἢ
3266 5284 3457 5357 κακὸν,
3494 5284 3573 5344 ἔτι
3617 5287 3672 5344 ἐν

2165 5368 2321 5441 νηδύϊ
2375 5374 2468 5443 τῆς
2511 5372 2710 5451 μητρὸς
2750 5372 2921 5453 ὄντες)
2968 5399 2979 5411 ·
3034 5374 3174 5435 ἀλλὰ
3319 5374 3434 5457 θείᾳ
3479 5374 3767 5456 προθέσει,

1851 5555 2041 5615 Variae
2082 5555 2389 5619 lectiones.

527 5638 571 5671 ’7
624 5636 867 5710 ἐγεννήθη
916 5656 973 5698 0.
1050 5641 1093 5674 ³⁸
1139 5642 1206 5704 ὣς
1247 5642 1298 5696 ἐν
1348 5644 1542 5715 μήτρᾳ,
1604 5646 1667 5717 τῇ
1725 5644 2051 5717 κολυμϐήθρᾳ

2236 5647 2281 5681 ²⁰
2332 5647 2599 5719 Chrysost.
2660 5648 2845 5715 πάντας
2895 5650 3008 5715 τοὺς
3052 5650 3135 5706 ἀπ’
3195 5651 3405 5711 ἐκείνου.
3480 5651 3526 5687 ³ο
3586 5651 3639 5706 δὲ
3695 5668 3752 5710 ο.

460 5717 498 5750 ³¹
531 5720 832 5792 προετίμησε
858 5736 934 5776 m.
