4150 6444
408 484 518 541 465

1346 484 1700 544 EXPOSITIO
1738 486 1805 545 IN
1845 489 2058 546 EPIST.
2096 491 2190 547 AD
2228 490 2396 548 ROM.
2436 521 2511 537 —
2536 493 2686 550 CAP.
2731 496 2827 553 IX.

3625 502 3730 556 466

407 612 655 675 τουτέστι
676 658 692 688 ,
811 611 1130 704 προγνῷσει,
1150 617 1180 673 6
1203 615 1319 693 ’μὲν
1356 615 1572 695 ἕξελέγη
1604 618 1696 678 καὶ
1716 620 1972 695 ἠγαπήθη
1992 667 2006 695 ,

2119 621 2245 680 odio
2290 632 2379 682 est
2418 623 2666 697 habitus,
2716 626 2789 684 ob
2832 627 2961 684 vitia
3012 644 3125 685 non
3171 629 3244 685 sit
3284 630 3522 701 rejectus
3578 630 3727 704 (non

411 712 441 766 6
468 704 525 763 δὲ
562 703 795 783 ἐμισήθη
829 727 842 741 ·
889 702 1067 769 καθὼς
1092 705 1182 763 καὶ
1226 709 1254 765 6
1282 705 1559 787 προφήτης
1588 707 1733 788 λέγει
1760 755 1775 781 ,
1801 709 1882 768 ὅτι
1909 711 2019 771 Τὸν

411 794 511 874 μὲν
540 793 843 875 ἠγάπησα,
890 792 981 853 τὸν
1032 794 1085 855 δὲ
1135 795 1373 873 ἐμίσησα
1403 820 1418 834 υ
1465 795 1554 855 ἵνα
1588 796 1650 857 τὸ
1697 808 1805 859 πᾶν
1852 791 2013 879 ᾗτοῦ

412 886 557 947 Θεοῦ
578 930 596 959 ,
623 884 718 943 καὶ
758 886 853 956 τῆς
882 883 1045 942 αὐτοῦ
1079 883 1377 964 προθέσεως
1417 886 1470 925 ³³
1502 886 1595 946 καὶ
1644 888 2013 969 προγνώσεως.

417 973 527 1035 Καὶ
558 972 613 1033 τί
639 972 787 1054 λέγω
813 972 1059 1052 τούτους,
1088 973 1228 1034 ἀλλὰ
1263 975 1354 1035 καὶ
1400 978 1448 1036 οἱ
1490 975 1829 1058 Ἰσραηλῖται
1882 981 2016 1041 πάν-

410 1088 496 1131 τες
526 1063 963 1144 ἐμοσχοποίησαν
980 1106 997 1139 ,
1022 1063 1113 1123 καὶ
1135 1065 1183 1123 οἱ
1214 1064 1312 1143 μὲν
1337 1066 1709 1141 ἐκολάσθησαν
1732 1113 1748 1141 ,
1777 1071 1825 1128 oi
1849 1069 1904 1128 δὲ
1930 1069 2013 1131 οὔ.

419 1152 533 1217 Καὶ
562 1156 590 1212 6
618 1152 833 1235 Φαραὼ
865 1154 1097 1235 σκληρὸς
1126 1153 1223 1233 μὲν
1263 1146 1328 1227 ἦν
1372 1158 1582 1228 ἀληθῶς
1613 1180 1627 1194 ·
1664 1158 1803 1219 ἀλλὰ
1831 1160 2017 1220 πολλοί

416 1245 507 1304 καὶ
562 1234 735 1304 ἄλλοι.
798 1245 925 1311 Πῶς
976 1234 1065 1304 οὖν
1119 1244 1275 1323 μόνος
1332 1246 1649 1323 κολάζεται;
1709 1247 1878 1329 Ὁρᾷς
1935 1248 2016 1309 ὅτι

416 1338 587 1394 ταῦτα
620 1330 716 1411 μὲν
749 1332 1110 1419 ἀκατάληπτα
1141 1334 1469 1416 ἀνθρώποις,
1506 1335 1653 1417 μόνῳ
1685 1336 1740 1397 δὲ
1761 1338 1889 1419 Θεῷ
1917 1362 2016 1397 κα-

416 1424 704 1497 ταληπτάε
750 1421 941 1489 Οὕτως
984 1414 1074 1483 οὖν
1104 1423 1197 1483 καὶ
1318 1428 1423 1485 τῶν
1453 1414 1877 1507 ἐθνῶν-ἐκλογὴ,
1924 1429 2016 1486 καί

417 1516 524 1573 τῶν
553 1511 827 1593 Ἐϐραίων
864 1512 1141 1588 ἀποϐολὴ,
1174 1517 1305 1597 ἡμῖν
1347 1512 1444 1591 μὲν
1492 1514 1797 1597 παράλογος
1828 1518 2010 1595 δοκεῖ,

414 1606 494 1685 τῷ
526 1603 580 1665 δὲ
625 1605 755 1684 Θεῷ
801 1602 1133 1677 δικαιοτάτη.
1156 1594 1347 1682 ⁸Οὗτός
1396 1608 1537 1666 ἐστιν
1578 1594 1609 1665 6
1658 1611 1777 1676 νοῦς
1818 1594 2014 1677 παντὸς

413 1697 510 1752 τοῦ
540 1692 761 1775 χωρίου.

2124 715 2277 772 enim
2307 725 2541 789 egerunt
2563 717 2868 792 quidquam
2897 718 3028 776 boni
3062 727 3159 776 aut
3197 721 3352 789 mali,
3378 738 3507 778 cum
3547 722 3727 779 adhuc

2126 804 2183 861 in
2227 814 2388 864 utero
2415 812 2657 878 essent),
2703 825 2900 867 verum
2933 808 3119 866 divino
3158 811 3465 883 pr0posito,
3496 811 3603 868 hoc
3645 824 3725 869 est

2124 896 2494 968 praescientia,
2541 898 2680 955 alter
2729 899 2950 973 quidem
2994 907 3080 957 est
3124 901 3333 957 electus
3372 910 3429 958 et
3469 900 3727 968 dilectus,

2125 988 2263 1047 alter
2278 1007 2409 1048 vero
2428 990 2555 1049 odio
2573 992 2816 1064 habitus,
2836 993 3025 1051 itidem
3047 1002 3107 1051 ut
3123 995 3388 1068 prepheta
3409 1004 3643 1052 testatur
3661 990 3688 1028 ¹ί
3716 1019 3724 1051 ;

2128 1101 2155 1127 οι
2203 1080 2457 1137 Alterum
2486 1082 2707 1155 quidem
2751 1082 2939 1151 dilexi,
2988 1084 3223 1140 alterum
3274 1100 3404 1141 vero
3451 1084 3567 1151 odi,
3606 1110 3629 1133 ιι
3672 1097 3726 1140 ιιι

2123 1174 2303 1226 totum
2341 1170 2417 1226 sit
2442 1171 2542 1227 Dei
2569 1180 2733 1244 atque
2764 1172 3031 1244 propositi
3061 1173 3229 1245 ipsius
3257 1182 3311 1230 et
3336 1174 3724 1246 prazscientiaa.

2123 1259 2193 1313 Et
2208 1258 2341 1331 quid
2358 1259 2460 1317 hos
2488 1259 2650 1319 dico?
2672 1263 2793 1317 Imo
2824 1262 3083 1319 israelitaa
3108 1279 3305 1319 omnes
3330 1263 3566 1320 vitulum
3593 1282 3726 1319 con-

2122 1346 2349 1421 ﬂarunt,
2398 1357 2455 1406 et
2507 1350 2597 1406 alii
2652 1350 2873 1423 quidem
2928 1351 3101 1423 puniti
3132 1353 3260 1421 sint,
3307 1352 3401 1409 alii
3441 1369 3572 1411 vero
3616 1371 3726 1409 non

2122 1435 2281 1493 item.
2342 1439 2614 1496 Praeterea
2659 1439 2873 1497 Pharao
2920 1456 3108 1497 revera
3154 1438 3332 1497 durus
3378 1448 3519 1510 erat,
3562 1452 3730 1513 atque

2122 1525 2313 1583 itidem
2360 1528 2452 1584 alii
2482 1529 2665 1586 multi.
2719 1533 2904 1602 Quare
2938 1529 3106 1602 igitur
3146 1530 3297 1587 solus
3342 1529 3431 1586 ille
3465 1531 3725 1603 punitur?

2121 1616 2312 1674 Viden’
2332 1617 2452 1675 haec
2478 1617 2797 1677 hominibus
2824 1635 2942 1677 esse
2978 1619 3570 1692 incomprehensibilia,
3624 1622 3724 1675 soli

2120 1715 2310 1764 autem
2335 1710 2454 1765 Deo
2474 1709 2876 1782 perceptibilia?
2905 1712 3063 1766 Hanc
3085 1708 3153 1765 ad
3177 1710 3451 1766 rationem
3482 1710 3723 1783 gentium

412 1792 627 1862 electio,
660 1790 1099 1866 Judaeorumque
1135 1792 1378 1867 rejectio,
1410 1793 1573 1851 nobis
1608 1793 1835 1868 quidem
1876 1804 2075 1870 praeter
2101 1797 2370 1855 rationem
2408 1806 2465 1855 et
2508 1798 2745 1857 absurda
2776 1799 3008 1868 videtur,
3050 1802 3169 1855 Deo
3210 1807 3399 1856 autem
3436 1808 3522 1856 est
3539 1800 3727 1873 justis-

411 1882 577 1940 sima.
610 1885 745 1940 Hzec
772 1891 855 1940 est
877 1883 1147 1940 sententia
1184 1884 1355 1941 totius
1380 1884 1439 1939 in
1466 1900 1577 1958 quo
1606 1900 1757 1943 nunc
1780 1894 2027 1943 versatur
2056 1886 2182 1943 loci.

494 2001 518 2025 σι
550 1972 624 2034 Τί
650 1963 740 2034 οὖν
772 1975 1023 2052 ἐροῦμενς
1067 1973 1161 2047 Μὴ
1207 1973 1386 2033 ἀδικία
1417 1973 1566 2056 παρὰ
1604 1979 1681 2058 τῷ
1709 1978 1871 2058 Θεῷς
1915 1976 2006 2049 Μὴ

2200 1980 2381 2034 Vnas.
2434 1983 2521 2034 14.
2560 1996 2589 2031 ιι
2625 1978 2774 2050 Quid
2819 1978 2983 2052 igitur
3018 1977 3306 2035 dicemus?
3336 1978 3600 2053 Nunquid
3638 1981 3723 2034 iu-

414 2063 650 2143 γίνοιτοῒ
693 2084 725 2123 n
779 2064 988 2125 Οὐκοῦν
1032 2063 1150 2125 οὐδὲ
1197 2062 1277 2146 ἐφ’
1318 2066 1474 2142 ἡμῶν
1518 2067 1625 2125 τῶν
1668 2068 1883 2127 ἐθνικῶν
1917 2066 2006 2127 καὶ

2115 2064 2324 2139 iustitia
2368 2075 2452 2124 est
2490 2068 2638 2141 apud
2677 2071 2898 2125 Deum?
2941 2068 3119 2125 Absit.
3156 2092 3181 2116 ι»
3230 2071 3419 2141 Itaque
3447 2084 3626 2142 neque
3672 2070 3724 2125 iu

411 2157 519 2215 τῶν
552 2152 823 2216 Ἰουδαίων
853 2154 1030 2222 ἄδικος
1065 2158 1093 2214 6
1126 2154 1285 2222 Θεός.

504 2266 532 2303 (ι
557 2246 655 2325 Τῷ
682 2241 786 2324 γὰρ
818 2246 996 2326 Μωσῇ
1030 2244 1174 2323 λέγει
1199 2267 1212 2281 ο
1240 2243 1488 2318 Ἐλεήσω
1518 2242 1575 2304 δν
1612 2244 1676 2304 ἂν
1718 2246 1883 2322 ἐλεῶ,
1916 2246 2007 2307 καὶ

408 2333 726 2413 οἰκτειρήσω
789 2333 846 2393 ὃν
896 2331 960 2393 ἂν
1030 2333 1300 2418 οἰκτείρω.
1357 2358 1386 2395 ι)
1456 2334 1885 2410 Ἐπισυνάπτει,
1938 2339 2009 2405 ὡς

408 2424 503 2485 καὶ
540 2424 791 2506 ἀνωτέρω
820 2423 1030 2505 εἴρηται
1051 2471 1069 2502 ,
1120 2424 1212 2485 καὶ
1263 2423 1441 2507 ἕτερον
1492 2427 1553 2484 ἐκ
1586 2429 1683 2498 τῆς
1716 2427 1969 2496 Παλαιᾶς
1989 2473 2006 2506 ,

410 2512 661 2575 δεικνύων
678 2563 693 2587 ,
721 2505 804 2573 ὅτι
832 2516 861 2572 6
889 2513 1027 2582 Θεὸς
1068 2514 1225 2591 μόνος
1254 2505 1365 2575 οἶδε
1389 2514 1506 2583 τούς
1538 2513 1713 2585 ἀξίους
1742 2514 1779 2588 ἢ
1806 2505 2006 2595 τιμῆς,

408 2604 441 2677 ἢ
487 2603 774 2672 κολάσεως.
812 2602 1002 2665 Καίτοι
1034 2603 1137 2685 γὰρ
1177 2604 1396 2664 πάντων
1437 2604 1623 2678 ἐπίσης
1668 2606 2007 2684 ἁμαρτανόν-

406 2694 604 2771 nov”,
624 2693 711 2753 ὅτε
732 2692 1183 2776 ἐμοσχοποίησαν·
1209 2693 1353 2771 ὅμως
1377 2699 1406 2755 6
1422 2695 1561 2762 Θεὸς
1580 2694 1701 2764 τοὺς
1728 2694 1825 2774 μὲν
1852 2698 2006 2769 ἐλεεῖ,

406 2783 528 2852 τοὺς
548 2781 603 2843 δὲ
624 2783 959 2866 παραδίδωσι
982 2784 1091 2852 τοῖς
1116 2779 1364 2853 Λευίταις
1386 2785 1456 2851 εἰς
1476 2807 1548 2866 σφ
1557 2784 1717 2863 αγήν.
1751 2785 1864 2845 Καὶ
1887 2785 2005 2845 οὐδὲ

405 2878 613 2947 Μωσῆς
654 2864 761 2934 οἶδε
809 2874 901 2945 τὴν
948 2872 1158 2952 αἰτίαν,
1206 2877 1235 2933 6
1266 2864 1556 2941 roooUrocr
1600 2874 1692 2934 καὶ
1725 2873 2006 2934 σύαἰτίαν

405 2965 679 3039 ἀπαιτεῖς,
712 2962 848 3031 τίνος
875 2962 1033 3024 ἕνεκα
1082 2965 1134 3023 οἱ
1176 2963 1368 3025 ἐθνικοὶ
1406 2963 1845 3044 προετιμήθησαν
1865 3010 1883 3039 ,
1916 2966 2005 3024 καὶ

404 3060 580 3115 ταῦτα
612 3054 925 3136 ἁμαρτωλοί
954 3052 1131 3129 ὄντες;
1167 3052 1360 3116 Καίτοι
1386 3054 1437 3092 ³⁴
1456 3054 1699 3136 Δἠδύνατο
1730 3058 1758 3114 6
1787 3055 2005 3122 Παῦλος

404 3147 571 3206 εἰπεῖν
619 3133 746 3218 τὴν-
772 3142 981 3218 αἰτίαν,
1031 3143 1096 3216 ἣν
1150 3144 1394 3225 ἀλλαχοῦ
1436 3133 1617 3221 εἶπεν,
1664 3142 1744 3204 ὅτι
1795 3145 1867 3205 Οἱ
1911 3143 2006 3219 μὲν

2116 2172 2221 2213 nos
2248 2156 2518 2225 ethnicos,
2550 2173 2725 2230 neque
2756 2157 2815 2213 in
2836 2157 3059 2215 Iudaeos
3088 2157 3328 2229 injustus
3356 2166 3441 2214 est
3473 2160 3650 2215 Deus.

2188 2253 2358 2308 VBRS.
2384 2258 2471 2308 15.
2495 2276 2520 2300 «ι
2550 2252 2729 2324 Moysi
2755 2252 2901 2309 enim
2923 2252 3055 2309 dicit
3079 2270 3091 2307 :
3116 2251 3422 2308 Miserebor
3438 2253 3727 2325 cujuscun-

2115 2356 2223 2414 que
2258 2340 2517 2397 misertus
2548 2341 2703 2399 l'uero
2736 2360 2750 2398 :
2783 2350 2838 2399 et
2878 2342 3314 2399 commiserabor
3343 2358 3727 2416 quemcunque

2115 2430 2535 2487 commiseratus
2574 2430 2757 2489 fuero.
2809 2452 2837 2485 ››
2889 2432 3177 2505 Adiungit,
3223 2438 3286 2487 ut
3326 2441 3383 2488 et
3433 2448 3597 2504 supra
3643 2434 3721 2487 di-

2116 2527 2270 2576 ctum
2299 2528 2403 2588 est,
2432 2528 2489 2575 et
2507 2520 2675 2577 alium
2718 2521 2904 2579 locum
2933 2538 2997 2578 ex
3040 2520 3219 2578 Veteri
3249 2524 3606 2577 Testamento
3637 2539 3722 2576 os-

2118 2608 2369 2677 tendens,
2403 2611 2515 2682 70
2558 2610 2710 2683 quod
2755 2611 2910 2669 solus
2943 2614 3094 2667 Deus
3121 2611 3273 2667 norit
3299 2611 3393 2684 qui
3426 2610 3536 2667 sint
3572 2611 3722 2683 digni

2117 2698 2198 2754 vel
2228 2698 2463 2766 honore,
2512 2700 2594 2755 vel
2625 2716 2786 2772 poena
2827 2699 2924 2773 (1).
2975 2701 3119 2756 Nam
3153 2699 3403 2772 quamvis
3433 2715 3629 2756 omnes
3659 2717 3720 2755 ex

2117 2803 2282 2859 aequo
2313 2798 2649 2859 peccassent,
2695 2806 2823 2845 cum
2865 2789 3097 2845 vitulum
3131 2790 3421 2856 tinxerunt,
3465 2792 3617 2845 Deus
3646 2798 3723 2843 ta-

2118 2894 2249 2934 men
2294 2878 2533 2935 aliorum
2578 2878 2801 2950 quidem
2845 2880 3157 2947 miseretur,
3204 2878 3343 2935 alios
3382 2894 3509 2934 vero
3560 2878 3726 2935 tradit

2115 2967 2321 3023 Levitis
2350 2976 2411 3024 ut
2438 2968 2900 3025 interficerentur.
2927 2971 3121 3041 Neque
3152 2970 3353 3037 Moses,
3372 2975 3557 3025 tantus
3574 2968 3720 3041 apud

2116 3059 2324 3127 Deum,
2363 3058 2640 3115 rationem
2691 3058 2888 3115 novit:
2922 3067 2977 3115 et
3003 3066 3063 3115 tu
3091 3073 3317 3115 causam
3348 3058 3593 3130 postulas
3627 3076 3726 3114 cur

2114 3154 2305 3219 gentes
2351 3146 2566 3204 Iudaeis
2616 3147 2728 3205 sint
2771 3148 3032 3220 praelatae,
3075 3165 3207 3205 cum
3251 3155 3442 3204 tamen
3482 3148 3725 3220 peccatis

404 3234 741 3314 Ἰσραηλῖται
796 3231 852 3302 ἐξ
909 3231 1078 3315 ἔργων
1122 3233 1373 3310 ἐνόμισαν
1423 3235 1754 3294 δικαιοῦσθαι
1795 3256 1809 3270 ο
1864 3225 2006 3293 οὗτοι

2119 3235 2339 3294 infectae
2358 3242 2579 3294 essent?
2602 3238 2770 3311 Atqui
2797 3238 2998 3295 Paulus
3017 3238 3199 3311 potuit
3221 3237 3493 3294 rationem
3512 3237 3693 3294 dicere
3711 3281 3723 3302 ,

403 3325 493 3405 δὲ,
525 3328 586 3385 ἐκ
623 3322 855 3391 πίστεως
893 3322 984 3383 καὶ
1032 3322 1288 3404 χάριτοςο
1332 3322 1453 3382 ἀλλ’
1496 3324 1556 3383 οὐ
1598 3321 1742 3403 λέγει
1790 3328 1912 3397 νῦν,
1944 3325 2004 3383 ἐκ

400 3414 706 3495 περιουσίας
754 3412 1112 3488 ἐπιστομίζων
1161 3411 1282 3481 τοὺς
1336 3411 1683 3494 περιέργους,
1742 3412 1836 3473 καὶ
1884 3413 2008 3473 πεί-

402 3510 506 3565 θων
532 3504 699 3583 μηδὲν
725 3506 835 3564 τῶν
864 3508 957 3563 τοῦ
987 3504 1128 3565 Θεοῦ
1158 3505 1537 3583 λογοπραγεῖν.

489 3799 519 3834 ε
549 3774 688 3855 Ἄρα
721 3765 811 3836 οὐν
857 3777 917 3836 οὐ
966 3777 1058 3833 τοῦ
1101 3771 1379 3842 θέλοντος,
1427 3771 1670 3834 οὐδὲτοῦ
1700 3772 2005 3854 τρέχοντος,

404 3864 547 3924 ἀλλὰ
586 3870 681 3925 τοῦ
728 3866 989 3932 ἐλεοῦντος
1035 3868 1199 3926 Θεοῦ.
1234 3884 1265 3921 n
1312 3859 1515 3925 Ἤθελε
1560 3862 1657 3939 μὲν
1711 3864 2005 3942 εὐλογῆσαι

406 3953 596 4017 Ἰσαὰκ
623 3952 711 4015 τὸν
741 3953 917 4016 Ἡσαῦ
945 3978 959 3992 ·
1011 3953 1200 4035 ἔτρεχε
1237 3954 1292 4015 δὲ
1324 3952 1503 4014 Ἡσαῦ
1557 3954 1631 4021 εἰς
1674 3953 1735 4012 τὸ
1780 3952 2000 4030 πεδίον,

402 4047 475 4112 ὥς
505 4044 568 4105 ἂν
611 4042 870 4125 θηρεύσας
920 4042 1085 4124 θήραν
1129 4043 1413 4125 εὐλογηθῇ
1452 4041 1523 4104 Ὁ
1555 4041 1609 4102 δὲ
1654 4040 1791 4109 Θεὸς
1816 4043 1869 4081 ³³
1912 4042 2002 4101 τὸν

403 4133 603 4197 Ἰακὼϐ
629 4133 801 4217 κρίσει
831 4134 1047 4213 δικαίᾳ,
1077 4135 1149 4202 ὡς
1183 4133 1326 4203 ἄξιον
1353 4132 1567 4200 πάντως
1589 4181 1601 4204 ,
1638 4135 1733 4204 τῆς
1763 4131 2003 4210 εὐλογίας

400 4232 579 4307 τυχεῖν
638 4224 880 4297 εποίησε.
936 4225 1097 4284 Δοκεῖ
1158 4222 1214 4282 δὲ
1264 4224 1492 4282 ἐνταῦθα
1549 4222 1612 4283 τὸ
1667 4220 2000 4291 αὐτεξούσιον

400 4318 633 4395 ἀναιρεῖν
700 4317 729 4372 6
788 4312 1102 4381 Ἀπόστολος
1128 4336 1143 4351 ’
1196 4313 1292 4372 οὐκ
1346 4310 1460 4373 ἔστι
1516 4308 1571 4371 δέ
1598 4335 1610 4348 ·
1662 4309 1781 4371 ἀλλ’
1817 4310 2001 4392 ὥσπερ

400 4403 489 4463 ἐπὶ
540 4407 635 4476 τῆς
669 4402 840 4471 οἰκίας
890 4403 1152 4483 λέγομεν,
1208 4400 1291 4462 ὅτι
1333 4402 1415 4463 Τὸ
1450 4411 1556 4462 πᾶν
1607 4406 1699 4460 τοῦ
1757 4401 2001 4481 τεχνίτου

400 4494 543 4567 ἐστὶ,
568 4493 744 4555 καίτοι
776 4494 944 4553 δεῖται
974 4492 1066 4552 καὶ
1098 4491 1253 4571 ὕλης,
1298 4492 1391 4552 καὶ
1430 4494 1535 4551 τῶν
1565 4491 1997 4571 συνεργησάντων

2111 3342 2279 3401 quam
2308 3334 2364 3384 et
2392 3327 2499 3383 alio
2521 3329 2578 3383 in
2606 3327 2729 3384 loco
2772 3327 3025 3398 reddidit,
3057 3327 3316 3401 quoniam
3349 3327 3615 3385 Israelita:
3660 3345 3721 3383 ex

2116 3416 2375 3491 operibus
2417 3417 2811 3473 existimarunt
2857 3434 2917 3475 se
2950 3416 3237 3489 justiﬁcari
3277 3435 3290 3471 :
3332 3417 3453 3475 istae
3486 3433 3618 3475 vero
3657 3434 3723 3473 ex

2114 3506 2241 3577 ﬁde,
2272 3514 2331 3563 et
2357 3507 2529 3581 gratia
2552 3526 2565 3563 :
2595 3523 2788 3564 verum
2811 3507 2868 3564 id
2888 3507 3010 3581 jam
3030 3524 3181 3565 nunc
3196 3524 3308 3565 non
3327 3508 3477 3577 dicit,
3498 3507 3720 3565 abunde

2114 3596 2347 3653 curiosis
2374 3612 2471 3653 ora
2511 3597 2824 3666 obstruens,
2870 3613 2934 3653 ac
2961 3597 3201 3655 suadens
3247 3606 3310 3655 ut
3333 3597 3484 3653 nihili
3523 3613 3721 3655 eorum

2115 3702 2242 3760 qua;
2271 3685 2340 3743 ad
2370 3690 2551 3743 Deum
2596 3695 2847 3759 spectant
2874 3685 3143 3744 rationem
3173 3687 3416 3760 exigant.

2184 3778 2364 3833 Vnns.
2404 3782 2485 3833 ιϐ.
2521 3798 2549 3827 ‹‹
2576 3777 2747 3849 Igitur
2781 3793 2895 3833 non
2925 3785 3005 3833 est
3038 3777 3270 3832 volentis
3298 3792 3477 3848 neque
3498 3793 3721 3833 curren-

2111 3866 2201 3935 tis,
2229 3865 2329 3923 sed
2360 3866 2668 3923 miserentis
2697 3865 2818 3923 Dei.
2858 3890 2883 3915 ιο
2912 3866 3095 3923 Voluit
3121 3865 3347 3937 quidem
3375 3868 3527 3922 Isaac
3554 3865 3722 3923 bene-

2109 3955 2294 4013 dicere
2338 3959 2504 4023 Esau,
2544 3956 2799 4012 currebat
2842 3964 3029 4012 autem
3062 3957 3208 4011 Esau
3234 3955 3294 4011 in
3323 3970 3614 4027 campum,
3659 3960 3721 4012 ut

2111 4054 2311 4102 venatu
2338 4053 2497 4118 capta
2522 4043 2653 4112 fera,
2694 4044 3141 4103 benedictionem
3166 4061 3197 4101 a
3215 4052 3370 4117 patre
3389 4051 3717 4118 reportaret.

2108 4135 2221 4195 Sed
2261 4139 2415 4193 Deus
2438 4136 2591 4208 justo
2635 4134 2849 4208 judicio
2888 4135 3185 4201 Iacobum,
3218 4150 3321 4191 ceu
3370 4150 3595 4207 prorsus
3633 4134 3717 4191 di-

2109 4240 2304 4299 gnum,
2334 4224 2777 4282 benedictionem
2801 4225 3061 4298 consequi
3089 4224 3233 4281 fecit.
3268 4223 3502 4282 Videtur
3530 4235 3718 4282 autem

2108 4314 2201 4371 hic
2220 4314 2454 4372 liberum
2474 4315 2759 4372 arbitrium
2784 4315 2976 4372 tollere
3000 4314 3325 4387 Apostolus,
3347 4323 3406 4371 at
3434 4314 3581 4371 istud
3608 4332 3721 4373 non

2108 4405 2219 4479 agit
2251 4422 2264 4461 :
2306 4405 2403 4462 sed
2425 4404 2896 4478 quemadmodum
2925 4404 2993 4461 de
3018 4404 3187 4461 domo
3224 4403 3486 4474 dicimus,
3513 4406 3718 4461 Totum

2108 4504 2191 4552 est
2235 4495 2478 4562 artiﬁcis,
2528 4512 2656 4552 cum
2684 4495 2906 4552 interim
2944 4510 3087 4567 opus
3130 4494 3332 4551 habeat
3369 4495 3636 4564 materiae,
3666 4504 3719 4552 el

400 4585 548 4664 αὐτῷ
578 4607 592 4621 ·
624 4585 745 4645 ἀλλ’
780 4582 925 4661 ὅμως
952 4581 1142 4657 ἐπειδὴ
1172 4582 1232 4642 τὸ
1276 4582 1424 4651 τέλος
1466 4580 1666 4642 ἐκείνου
1718 4580 1863 4656 ἐστὶ,
1916 4581 2001 4640 λέ-

2115 4584 2561 4658 cooperatoribus
2607 4586 2792 4658 ipsum
2821 4584 3249 4658 adjuvantibus:
3296 4592 3548 4641 attamen
3590 4585 3720 4657 quia

398 4696 590 4751 γομεν,
631 4674 713 4733 ὅτι
743 4673 803 4733 τὸ
848 4681 956 4733 πᾶν
1008 4672 1210 4732 ἐκείνου
1241 4669 1382 4733 ἐστίν
1420 4695 1434 4709 ο
1480 4669 1622 4731 οὕτω
1661 4671 1751 4730 καὶ
1792 4669 1880 4729 ἐπὶ
1909 4675 1999 4730 τοῦ

398 4764 543 4824 Θεῶ
585 4762 845 4842 λέγομεν,
886 4760 970 4822 ὅτι
1013 4760 1095 4824 Τὸ
1121 4770 1231 4821 πᾶν
1258 4765 1351 4821 τοῦ
1380 4762 1524 4821 Θεοῦ
1567 4762 1683 4820 ἐστι
1708 4759 1790 4834 ³⁵,
1829 4759 2001 4821 καίτοι

397 4856 495 4922 τῆς
523 4852 785 4933 ἡμετέρας
838 4850 1137 4934 προθυμίας
1170 4853 1338 4911 δεῖται
1381 4854 1409 4910 6
1437 4850 1576 4920 Θεός
1602 4875 1613 4887 ·
1658 4848 1775 4909 ἀλλ’
1814 4849 2000 4923 ἐπειδὴ

405 4941 599 5011 ἐκεῖνος
660 4944 884 5018 τελειοῖ,
936 4939 1029 5002 καί
1077 4941 1270 5010 ἐκεῖνος
1319 4948 1610 5022 στεφανοῖ,
1665 4938 1757 5000 καὶ
1809 4940 2003 5009 ἐκεῖνος

407 5032 718 5116 κατακρίνει
737 5078 755 5113 ,
784 5033 1044 5113 λέγομεν,
1071 5030 1153 5091 δτι
1179 5030 1260 5093 Τὸ
1292 5040 1398 5091 πᾶν
1428 5035 1521 5090 τοῦ
1554 5033 1697 5093 Θεοῦ
1733 5032 1896 5090 ἐστιν.

484 5236 516 5269 α
547 5212 711 5294 Λέγει
758 5211 865 5295 γὰρ
895 5217 932 5287 ἡ
982 5215 1027 5274 Γ
1030 5210 1171 5293 ραφὴ
1212 5212 1289 5292 τῷ
1321 5212 1571 5293 Φαραῷ,
1608 5210 1689 5270 ὅτι
1732 5211 1828 5279 Εἰς
1870 5211 2001 5270 αὐτὸ

397 5307 552 5364 τῶτο
580 5300 828 5384 ἐξήγειρά
868 5325 961 5376 σε,
1016 5298 1161 5369 ὅπως
1208 5299 1520 5380 ἐνδείξωμαι
1553 5302 1608 5361 ἰν
1659 5299 1745 5362 σοὶ
1772 5299 1870 5376 τὴν
1901 5300 1998 5361 δύ-

467 5430 499 5467 ι
523 5428 771 5487 Malach.
802 5443 851 5500 ι,
880 5435 940 5487 2.
1014 5427 1031 5465 ι
1060 5426 1238 5487 Exod.
1269 5442 1503 5497 χχχιιι,
1539 5431 1629 5484 19.

2108 4674 2190 4731 rei
2209 4675 2621 4732 consummatio
2648 4675 2716 4731 ab
2741 4674 2834 4731 illo
2861 4674 3082 4747 pendet,
3118 4672 3354 4730 dicimus
3380 4674 3584 4729 Totum
3612 4673 3716 4730 hoc

2110 4763 2256 4821 illius
2283 4773 2412 4822 est:
2453 4764 2527 4823 ita
2570 4765 2739 4822 etiam
2786 4764 2854 4821 de
2884 4766 3008 4820 Deo
3058 4762 3311 4832 dicimus,
3343 4762 3493 4837 quod
3532 4770 3716 4820 totum

2110 4854 2209 4911 Dei
2237 4854 2327 4923 sit,
2353 4855 2605 4928 quamvis
2653 4862 2711 4912 et
2733 4861 2925 4911 nostra
2958 4854 3241 4911 voluntate
3270 4852 3510 4927 indigeat
3545 4856 3716 4911 Deus.

2111 4944 2223 5002 Sed
2251 4946 2521 5018 quoniam
2550 4945 2638 5002 ille
2659 4953 3012 5003 consummat
3048 4952 3105 5001 et
3144 4943 3376 5017 perﬁcit,
3416 4952 3474 5000 et
3500 4943 3591 5001 ille
3630 4958 3723 5000 co-

2112 5048 2299 5108 ronat,
2352 5047 2407 5097 et
2471 5038 2563 5096 ille
2616 5037 2974 5109 condemnat,
3019 5038 3279 5108 dicimus,
3331 5038 3480 5112 quod
3536 5045 3719 5096 totum

2116 5128 2219 5186 Dei
2255 5128 2347 5186 sit.

2184 5220 2370 5276 Vsns.
2408 5222 2496 5276 t7.
2530 5236 2562 5271 α
2588 5217 2740 5275 Dicit
2764 5217 2916 5275 enim
2961 5218 3243 5293 Scriptura
3272 5214 3544 5274 Pharaoni
3591 5230 3607 5273 :
3648 5217 3717 5271 In

2107 5306 2212 5365 hoc
2240 5307 2425 5381 ipsum
2449 5307 2681 5365 excitavi
2726 5316 2801 5378 te,
2844 5315 2903 5365 ut
2928 5308 3221 5367 ostendam
3268 5306 3325 5364 in
3366 5314 3422 5364 te
3450 5305 3715 5365 virtutem

1786 5506 1978 5567 Varia:
2020 5508 2326 5570 lectiones.

471 5626 517 5663 ³³
542 5627 779 5700 γνώσεως
808 5643 864 5684 0.
940 5625 987 5661 ⁸³
1014 5626 1340 5700 ἁμαρτόντων
1370 5627 1448 5680 ὅτι
1472 5640 1526 5682 0.
1604 5624 1649 5659 ³⁸
1677 5624 1761 5677 καὶ
1781 5628 1950 5697 μέντοι
1977 5641 2031 5682 0.
2108 5625 2154 5660 ³⁵
2181 5624 2300 5677 ἀλλ’
2336 5623 2364 5677 6
2393 5623 2518 5686 θεὸς
2546 5639 2601 5681 o.
2677 5622 2723 5657 ³⁸
2753 5621 2941 5676 ἐκείνου
2966 5638 3022 5681 0.

466 5742 544 5817 (ι)
596 5747 724 5802 Non
774 5743 881 5802 hoc
915 5745 1033 5819 agit
1073 5743 1373 5817 Apostolus
1414 5750 1476 5799 ut
1523 5741 1780 5800 ostendat
1817 5746 1999 5801 Deum

394 5824 578 5885 solum
614 5825 674 5885 id
722 5840 918 5894 nosse;
966 5824 1062 5883 sed
1107 5825 1210 5883 Dei
1240 5823 1568 5895 miserentis,
1600 5838 1715 5881 non
1760 5823 2000 5882 hominis

2114 5740 2355 5798 volentis
2403 5747 2501 5798 aut
2529 5740 2812 5797 currentis
2850 5754 2973 5798 esse
3017 5736 3090 5797 ad
3137 5737 3379 5796 salutem
3410 5736 3716 5812 pervenire.

2108 5826 2380 5880 Lumus
2404 5824 2708 5879 Lumms.
