4150 6428
431 442 532 496 467

1443 437 1962 494 THEOPHYLACTI
2000 438 2360 495 BULGARle
2397 438 2714 496 ARCHIEP.

3632 429 3738 484 468

429 581 612 621 meam
653 573 708 620 et
738 573 797 620 ut
840 565 1208 620 annuntietur
1233 578 1439 620 nomen
1471 578 1658 619 meum
1688 563 1747 619 in
1775 563 2030 620 universa

2145 563 2303 642 ναμίν
2348 589 2485 643 μου,
2523 565 2618 624 καὶ
2646 563 2788 630 ὅπως
2834 563 3089 642 διαγγελῇ
3134 560 3186 600 ³⁷
3234 558 3295 618 τὸ
3331 555 3501 635 ὄνομά
3531 578 3633 634 μου
3679 557 3733 613 ἐν

427 663 591 710 terra.
623 675 652 706 »
688 652 1197 726 Quemadmodum,
1229 652 1431 725 inquit,
1455 667 1650 708 eorum
1676 653 1768 725 qui
1798 653 2031 711 vitulum

428 742 719 810 tinxerant,
765 741 855 797 alii
903 741 1124 814 quidem
1163 741 1360 798 servati
1407 751 1581 810 erant,
1615 743 1704 799 alli
1743 759 1873 800 vero
1897 758 2033 816 sup-

429 833 594 907 plicio
627 832 834 900 affecti,
877 832 995 890 solo
1021 835 1140 890 Deo
1177 841 1572 905 cognoscente,
1601 833 1832 906 quinam
1883 833 2034 907 digni

431 932 619 980 essent
658 931 720 979 ut
766 930 862 978 aut
916 930 1284 990 servarentur,
1315 931 1413 979 aut
1442 923 1772 996 punirentur
1804 940 1818 978 :
1867 923 1948 980 sic
1980 931 2035 978 et

430 1014 579 1069 solus
608 1011 843 1078 Pharao,
877 1028 1008 1067 cum
1038 1011 1281 1084 plerique
1328 1011 1419 1067 alii
1441 1021 1497 1068 et
1516 1012 1668 1084 impii
1702 1020 1756 1068 et
1784 1012 2034 1068 scelerati

431 1110 636 1170 essent,
659 1103 796 1157 iram
821 1101 924 1158 Dei
939 1109 1197 1174 expertus
1223 1109 1326 1157 est.
1362 1126 1386 1150 κ
1412 1104 1644 1174 Propter
1670 1102 1774 1158 hoc
1798 1103 1980 1173 ipsum
2005 1125 2030 1151 ι»

429 1193 601 1260 enim,
627 1192 804 1264 inquit
828 1233 842 1256 ,
897 1214 918 1240 α
953 1206 987 1248 o
1015 1191 1250 1257 Pharao,
1281 1190 1508 1247 excitavi
1554 1197 1630 1260 te,
1672 1212 1699 1242 ιδ
1746 1191 1800 1248 id
1843 1200 1947 1259 est,
1977 1191 2034 1248 in

431 1280 683 1338 medium
728 1280 954 1353 protuli,
1001 1289 1065 1338 ut
1105 1296 1203 1354 per
1231 1289 1285 1337 te
1308 1289 1570 1354 appareat
1615 1282 1857 1354 potentia
1885 1297 2031 1349 mea,

431 1380 907 1444 coerceanturque
932 1371 1110 1442 multi,
1143 1371 1367 1427 nomine
1394 1386 1522 1428 meo
1551 1387 1650 1428 ceu
1670 1371 1823 1444 justo
1849 1379 1905 1428 et
1934 1387 2030 1444 po-

431 1461 568 1519 tenti
597 1461 894 1534 praedicata
922 1461 980 1516 in
1002 1461 1256 1518 universa
1284 1469 1452 1517 terra.

501 1555 676 1608 Vens.
715 1557 799 1607 18.
837 1574 860 1598 α
900 1553 1039 1623 Ergo
1082 1550 1238 1622 cujus
1273 1549 1388 1606 vult
1425 1549 1739 1618 miseretur,
1777 1557 1834 1604 et
1871 1565 2034 1622 quem

431 1642 548 1698 vult
569 1639 812 1697 indurat.
843 1663 868 1688 ι
902 1638 1075 1696 Infert
1096 1639 1534 1708 conclusionem,
1575 1655 1640 1696 ac
1663 1638 2032 1708 demonstrat,

429 1729 582 1803 quod
608 1745 721 1786 non
749 1737 1003 1800 oporteat
1023 1729 1305 1786 rationem
1327 1729 1545 1802 exigere
1575 1745 1608 1785 a
1639 1732 1777 1785 Deo.
1811 1749 1840 1780 ιι
1865 1728 2036 1801 Cujus

431 1820 581 1876 enim
621 1818 738 1875 vult
765 1818 1062 1874 miseretur
1093 1837 1106 1874 :
1137 1839 1166 1869 ››
1198 1817 1424 1890 perinde
1457 1825 1624 1891 atque
1654 1818 1711 1873 in
1750 1818 2030 1887 Israelitis,

2143 654 2291 736 πάσῃ
2415 659 2508 735 γῇ.
2561 682 2586 708 ν
2636 653 2852 734 Ὥσπερ
2895 652 2984 712 ἐπὶ
3023 655 3128 710 τῶν
3175 645 3689 730 μοσχοποιησάντων
3714 689 3732 720 ,

2143 743 2300 826 φησὶν
2317 790 2333 818 ,
2364 745 2412 804 οἱ
2438 743 2531 819 μὲν
2557 743 2863 815 ἐσώθησαν,
2895 744 2943 801 οῖ
2975 740 3030 800 δὲ
3065 740 3426 810 ἐκολάσθησαν
3443 783 3459 811 ,
3479 740 3570 826 τοῦ
3592 739 3736 798 Θεοῦ

2145 825 2306 912 μόνου
2339 835 2532 902 εἰδότος
2561 834 2679 901 τοὺς
2707 833 2880 901 ἀξίους
2915 831 2951 903 ἢ
2991 829 3287 908 σωτηρίας,
3340 827 3376 900 ἧ
3418 825 3689 892 κολάσεως
3725 847 3740 860 ⁶

2143 926 2282 984 οὕτω
2310 923 2402 983 καὶ
2433 928 2461 983 6
2497 921 2710 1003 Φαραὼ
2738 921 2894 999 μόνος
2912 965 2927 992 ,
2980 920 3155 979 καίτοι
3187 921 3398 978 πολλῶν
3441 917 3532 975 καὶ
3559 915 3738 974 ἄλλων

2143 1014 2434 1094 γενομένων
2467 1016 2740 1092 πονηρῶν,
2789 1010 3069 1081 ἆπήλαυσε
3119 1013 3208 1082 τῆς
3253 1011 3531 1094 ὀργῆς-τοῦ
3576 1005 3741 1094 Θεοῦ.

2146 1084 2438 1164 Ᾰιὰντοῦτο
2478 1102 2582 1181 γὰρ
2609 1084 2740 1160 αὐτὸ
2770 1100 3017 1180 ἐξήγειρά
3058 1122 3151 1172 σε,
3183 1084 3382 1180 φησὶν,
3418 1084 3463 1155 ὦ
3497 1091 3740 1174 Φαραὼ,

2144 1193 2414 1252 τουτέστιν
2433 1239 2449 1268 ,
2484 1193 2555 1258 εἷς
2584 1190 2644 1250 τὸ
2675 1190 2835 1268 μέσον
2865 1191 3066 1268 ἤγαγον
3086 1234 3101 1262 ,
3147 1188 3235 1246 ἵνα
3266 1186 3353 1246 διὰ
3383 1189 3474 1244 σοῦ
3519 1187 3660 1264 φανῇ
3695 1187 3742 1261 ,ἡ

2146 1281 2368 1360 δύναμίς
2409 1305 2550 1358 μου,
2582 1279 2674 1340 καὶ
2718 1282 3025 1340 συσταλῶσι
3073 1276 3292 1350 πολλοὶ,
3344 1272 3741 1353 διαγγελθέντος

2143 1377 2237 1432 τοῦ
2262 1369 2522 1448 ὀνόματός
2557 1393 2694 1450 μου,
2736 1374 2806 1437 ὣς
2849 1368 3056 1429 δικαίου
3094 1367 3187 1427 καὶ
3217 1365 3548 1440 δυνατοῦ,ἰν
3591 1363 3743 1442 πάσῃ

2144 1486 2214 1544 τῃ
2244 1485 2338 1541 γῃο

2235 1538 2265 1610 (ι
2290 1538 2424 1631 Ἄρα
2451 1538 2540 1610 οὖν
2571 1547 2627 1610 ὃν
2660 1547 2801 1610 θέλει
2822 1549 2994 1622 ἐλεεῖ,
3029 1547 3086 1607 ὃν
3117 1545 3172 1606 δὲ
3208 1546 3348 1606 θέλει
3375 1541 3682 1622 σκληρύνει.
3718 1571 3741 1596 ιι

2144 1639 2376 1720 Ἐπάγει
2405 1639 2464 1698 τὸ
2489 1638 2890 1718 συμπέρασμα,
2921 1638 3016 1698 καὶ
3054 1635 3408 1718 ἀποφαίνεται
3430 1683 3445 1711 ,
3473 1631 3554 1691 ὅτι
3579 1633 3639 1692 οὗ
3666 1633 3748 1692 δεῖ

2145 1729 2358 1797 εὗθύνας
2387 1731 2635 1788 ἀπαιτεῖν
2662 1728 2749 1788 τὸν
2773 1727 2931 1790 Θεόν.
2961 1755 2986 1780 σι
3007 1726 3114 1788 ⁸ον
3144 1726 3248 1806 γὰρ
3273 1725 3409 1784 θέλει
3435 1723 3595 1795 ἐλεεῖ,
3616 1751 3638 1774 ι·
3669 1724 3742 1790 ὣς

2140 1819 2230 1879 ἐπὶ
2271 1821 2376 1878 τῶν
2428 1817 2940 1899 μοσχοποιησάντων
2972 1815 3328 1896 Ἰσραηλιτῶν
3355 1837 3368 1851 ο
3410 1812 3466 1873 ὃν
3515 1811 3570 1871 δὲ
3605 1811 3745 1871 θέλει

429 1908 520 1981 qui
550 1907 782 1964 vitulum
831 1907 1122 1964 tinxerant.
1177 1926 1205 1960 ι(
1247 1911 1320 1962 Et
1360 1923 1528 1980 quem
1575 1909 1690 1964 vult
1717 1906 1958 1979 indurat,
2005 1931 2030 1958 ι

2144 1908 2463 1992 σκληρύνει,
2493 1911 2564 1975 ὣς
2589 1907 2676 1967 τὸν
2706 1906 2940 1986 Φαραώ.
2966 1905 3039 1967 Τί
3068 1905 3265 1992 δέῗὲστι
3296 1904 3386 1975 τὸ,
3423 1900 3736 1992 ανΣκληρύ-

430 2006 492 2054 ut
511 1997 872 2054 Pharaonem.
895 1997 1044 2068 Quid
1066 2005 1251 2053 autem
1280 2005 1383 2066 est,
1407 2016 1437 2049 (ι
1458 1997 1733 2053 Indurat?
1766 2021 1790 2047 ι
1816 1997 2032 2054 videtur

428 2088 577 2143 enim
606 2086 910 2143 absurdum
949 2102 1090 2144 esse.
1115 2086 1607 2160 Quemadmodum
1628 2087 1709 2143 sol
1739 2087 1914 2143 lutum
1942 2085 2034 2142 in-

429 2177 610 2244 durat,
643 2178 721 2234 sic
747 2181 898 2233 Deus
922 2178 1135 2233 luteum
1172 2176 1480 2233 Pharaonis
1519 2193 1617 2232 cor
1645 2176 1845 2232 dicitur
1872 2175 2033 2233 indu-

429 2283 600 2324 rasse.
643 2267 902 2337 Quanam
931 2265 1184 2323 ratione?
1212 2269 1316 2322 Per
1367 2266 1864 2339 longanimitatem.
1899 2267 2038 2323 Lon-

431 2357 712 2430 ganimem
747 2356 898 2412 enim
940 2371 1060 2413 sese
1089 2355 1164 2412 illi
1204 2355 1472 2412 exhibens
1493 2400 1506 2424 ,
1540 2355 1821 2412 duriorem
1851 2355 2034 2428 ipsum

428 2445 666 2502 faciebat
691 2463 705 2501 :
738 2444 970 2518 perinde
1001 2461 1064 2501 ac
1092 2445 1139 2500 si
1160 2445 1284 2518 quis
1316 2446 1420 2516 71
1445 2462 1663 2502 servum
1692 2445 1893 2502 habeat
1917 2461 2028 2501 sce-

429 2538 685 2604 leratum,
723 2551 834 2607 quo
884 2550 944 2592 se
989 2534 1378 2592 humaniorem
1427 2535 1505 2591 illi
1546 2535 1868 2600 ostenderit,
1927 2535 2036 2592 hoc

429 2642 559 2682 eum
607 2625 788 2682 reddit
835 2625 1200 2698 nequiorem:
1235 2641 1344 2681 non
1372 2625 1520 2697 quod
1560 2625 1678 2696 ipse
1708 2625 2033 2698 perversita-

425 2724 540 2771 tem
589 2715 959 2786 nequitiamve
1023 2731 1156 2771 eum
1212 2714 1433 2784 doceat,
1488 2714 1585 2772 sed
1635 2713 1785 2787 quod
1829 2711 2038 2770 domini

428 2803 843 2877 longanimitate
900 2805 1005 2860 iste
1060 2803 1128 2860 ad
1166 2804 1535 2876 perversitatis
1578 2819 1693 2860 sua:
1731 2803 2037 2860 incremen-

431 2901 549 2949 tum
579 2893 861 2960 abutatur,
884 2892 1084 2965 quippe
1111 2893 1204 2964 qui
1243 2908 1365 2948 eam
1395 2899 1744 2948 contemnat.

500 2984 684 3040 Vsus.
718 2988 801 3038 19.
849 3004 876 3031 ι
916 2983 1072 3038 Dices
1102 2983 1268 3054 igitur
1295 2981 1450 3049 mihi,
1477 2981 1620 3052 Quid
1677 2979 1859 3038 adhuc
1901 2996 2036 3054 que-

431 3073 610 3128 ritur?
640 3069 924 3128 Voluntati
961 3071 1107 3127 enim
1147 3071 1266 3143 ejus
1287 3071 1413 3144 quis
1434 3070 1653 3126 resistat
1678 3073 1701 3127 ?
1730 3094 1756 3120 ιο
1792 3071 2036 3127 Conatur

2136 2022 2242 2072 νει;
2274 1991 2302 2057 υ
2370 1998 2636 2059 Φαίνεται
2691 1997 2794 2077 γὰρ
2842 1996 3062 2056 ἄτοπον.
3117 1991 3336 2072 Ὥσπερ
3366 1995 3393 2051 6
3440 1991 3592 2062 ἥλιος
3650 1991 3742 2051 τὸν

2135 2089 2306 2160 πηλὸν
2341 2086 2667 2166 σκληρύνει,
2699 2084 2838 2144 οὕτω
2867 2087 2959 2144 καὶ
2991 2087 3017 2143 6
3045 2083 3184 2152 Θεὸς
3211 2082 3308 2154 τὴν
3340 2080 3573 2154 πηλίνην
3599 2103 3738 2161 καρ-

2137 2177 2255 2235 δίαν
2283 2181 2376 2236 τοῦ
2421 2174 2636 2258 Φαραὼ
2671 2173 2882 2254 λέγεται
2927 2173 3257 2252 σκληρύνειν.
3306 2173 3466 2244 Πῶς;
3511 2171 3600 2248 Τῇ
3633 2192 3743 2245 μα-

2142 2266 2401 2347 κροθυμίᾳ
2433 2290 2446 2304 ·
2479 2267 2836 2345 μακροθυμῶν
2882 2262 2986 2343 γὰρ
3034 2260 3119 2320 ἐπ’
3162 2262 3341 2341 αὐτῷ,
3389 2258 3744 2338 σκληρότερον

2146 2357 2300 2417 αὐτὸν
2333 2354 2604 2436 εἰργάζετο
2639 2378 2652 2391 ·
2699 2353 2884 2434 ὥσπερ
2923 2351 2970 2411 εἴ
3010 2375 3088 2418 τις
3123 2349 3238 2431 ἔχει
3270 2351 3454 2409 δοῦλον
3486 2347 3748 2436 πονηρὸν,

2147 2437 2260 2504 εἶτα
2292 2435 2675 2528 φιλανθρώπως
2710 2444 2856 2521 αὖτῷ
2905 2450 3139 2522 χρᾶται,
3185 2438 3540 2528 πονηρότερον
3589 2435 3747 2528 αὐτόν

2147 2526 2424 2615 ἐργάζεται
2456 2559 2470 2572 ·
2518 2536 2622 2613 οὐχ
2648 2535 2720 2600 ὡς
2771 2531 2926 2599 αὐτὸς
2967 2530 3062 2602 τὴν
3104 2529 3366 2609 πονηρίαν
3409 2526 3567 2587 αὐτὸν
3598 2526 3750 2586 διδά-

2147 2649 2322 2699 σκων,
2359 2625 2480 2684 ἀλλ’
2514 2627 2586 2691 ὡς
2619 2622 2820 2682 ἐκείνου
2880 2625 2945 2699 τῇ
3000 2616 3344 2701 μακροθυμίᾳ
3397 2617 3470 2686 εἰς
3508 2616 3604 2688 τὴν
3653 2621 3749 2690 τῆς

2147 2715 2401 2796 πονηρίας
2444 2713 2662 2786 αὔξησιν
2695 2711 2974 2791 χρωμένου
2995 2753 3012 2782 ,
3068 2699 3155 2768 οἶα
3188 2707 3255 2781 δὴ
3294 2699 3749 2789 καταφρονοῦντος

2145 2828 2365 2875 ταυτης.

2236 3005 2266 3042 α
2296 2981 2469 3062 Ἐρεῖς
2499 2971 2589 3040 οὖν
2618 3003 2709 3059 μοι
2742 3003 2756 3017 ⁸
2797 2979 2869 3040 Τί
2899 2977 2974 3036 ἔτι
3015 2976 3320 3058 μέμφεται,
3371 2978 3447 3057 τῷ
3476 2974 3577 3054 γὰρ
3619 2979 3751 3054 βου-

2148 3071 2350 3148 λήματι
2399 3071 2560 3130 αὖτοῦ
2608 3070 2684 3137 τίς
2716 3067 3039 3141 ἀνθέστηκε;
3074 3090 3102 3127 ι)
3153 3065 3450 3136 Σπουδάζει
3485 3064 3572 3124 διὰ
3604 3065 3746 3126 πάν-

430 3178 526 3232 per
561 3161 775 3230 omnia,
804 3160 953 3233 quod
983 3175 1364 3233 saepenumero
1392 3159 1532 3229 dixi,
1569 3167 2033 3227 commonstrare,

2147 3147 2281 3235 των,
2316 3159 2446 3242 ὅπερ
2477 3160 2734 3227 πολλάκις
2766 3148 2912 3217 εἶπον
2931 3203 2947 3231 ,
2988 3157 3152 3226 δεῖξαι
3173 3201 3190 3231 ,
3225 3154 3305 3215 ὅτι
3329 3159 3406 3235 τῷ
3436 3156 3566 3234 Θεῷ
3603 3154 3749 3239 μόνῳ

431 3251 581 3323 quod
604 3251 707 3306 soli
737 3254 857 3307 Deo
886 3251 999 3307 sint
1025 3249 1264 3321 cognita
1293 3265 1408 3306 suae
1437 3264 1621 3306 rerum
1670 3247 2039 3322 dispensatio-

431 3357 549 3408 nes,
595 3348 762 3412 atque
801 3339 1011 3411 judicia
1047 3339 1185 3396 hac.
1220 3339 1364 3396 Hinc
1401 3337 1647 3411 undique
1688 3337 1838 3396 haud
1867 3353 2037 3410 pauca

430 3430 686 3502 ambigua
719 3428 946 3499 colligit,
977 3445 1214 3500 quorum
1244 3429 1456 3486 nullam
1492 3428 1820 3485 dilutionem
1852 3427 2036 3497 affert,

431 3529 492 3575 ut
534 3519 604 3576 ad
660 3521 971 3592 angustiam
1025 3518 1250 3575 redacto
1301 3517 1573 3586 auditore,
1615 3516 1942 3590 persuadeat
1986 3519 2037 3573 ei

431 3610 552 3666 haec
594 3624 712 3665 esse
743 3608 1342 3680 incomprehensibilia,
1386 3607 1636 3679 adeoque
1685 3607 1914 3664 humani
1947 3607 2038 3663 in-

430 3699 573 3766 genii
627 3706 851 3770 captum
896 3698 1179 3754 excedere.
1227 3697 1385 3767 Quod
1416 3699 1586 3770 igitur
1615 3697 1705 3753 hic
1743 3697 1898 3765 dicit,
1954 3705 2040 3753 est

430 3787 741 3860 hujusmodi
781 3805 796 3843 :
829 3788 1214 3860 Objectionem
1247 3785 1492 3852 adducit,
1534 3788 1782 3860 adeoque
1820 3785 2037 3844 dubita-

429 3878 639 3935 tionem
683 3878 784 3934 :Si
834 3894 1003 3951 quem
1055 3878 1188 3934 velit
1227 3877 1472 3946 induret,
1539 3878 1669 3950 quid
1735 3876 1921 3934 adhuc
1966 3876 2036 3933 de

430 3976 687 4041 peccante
716 3967 1109 4040 conqueritur?
1145 3967 1435 4024 Voluntati
1471 3983 1712 4040 namque
1755 3966 1873 4040 ejus
1913 3967 2036 4038 quis

433 4059 632 4128 poterit
675 4055 974 4113 resistere?
1003 4056 1194 4112 Voluit
1223 4057 1450 4124 etenim,
1482 4064 1538 4112 et
1579 4056 1880 4123 induravit,
1919 4071 2036 4112 me-

433 4147 648 4218 ritoque
692 4145 921 4217 impegit
951 4145 1283 4201 induratus:
1316 4162 1416 4201 cur
1456 4161 1586 4218 ergo
1626 4146 1695 4202 de
1723 4146 1816 4202 illo
1850 4146 2035 4218 queri-

433 4245 526 4292 tur
571 4244 629 4291 et
657 4233 856 4307 punit?
896 4234 1032 4290 Haec
1079 4249 1214 4290 sane
1262 4234 1494 4307 objectio
1522 4236 1788 4307 producta
1817 4244 1923 4305 est,
1954 4235 2034 4292 uti

433 4323 690 4380 ostendat
733 4321 1056 4394 hujusmodi
1102 4322 1270 4380 dubia
1318 4323 1422 4379 soli
1469 4326 1587 4378 Deo
1641 4324 2032 4397 perceptibilia.

431 4412 599 4472 Unde
621 4426 721 4469 nec
740 4412 853 4484 ipse
882 4411 1026 4469 hanc
1053 4411 1232 4480 diluit,
1265 4411 1362 4470 sed
1385 4412 1659 4470 dubitanti
1682 4430 1744 4470 os
1771 4413 2032 4484 obstruit,

429 4501 623 4560 dicens
655 4521 670 4559 :

502 4594 681 4649 Vnns.
740 4597 829 4648 20.
885 4614 911 4640 σι
965 4591 1158 4664 Atqui,
1205 4606 1239 4647 ο
1286 4590 1476 4660 homo,
1507 4596 1568 4647 tu
1611 4592 1732 4664 quis
1759 4608 1820 4648 es
1847 4591 1939 4664 qui
1967 4607 2033 4648 ex
2064 4601 2116 4664 D

430 4681 658 4738 adverso
689 4679 1027 4753 respondeas
1055 4680 1272 4736 Deo?»
1313 4679 1510 4737 Viden’
1552 4681 1835 4753 quomodo
1877 4681 2034 4738 cohi-

431 4771 556 4828 beat
575 4771 952 4841 importunam
975 4770 1370 4838 curiositatem,
1397 4771 1724 4844 frenumque
1761 4771 2032 4843 imponat,

432 4858 696 4916 erudiens
726 4874 827 4914 nos
875 4867 935 4914 ut
976 4857 1260 4916 discamus
1307 4859 1442 4932 quid
1493 4863 1644 4916 Deus
1688 4861 1780 4930 sit,
1822 4870 1877 4917 et
1904 4859 2037 4932 quid

431 4950 621 5007 homo.
672 4951 757 5005 Tu
813 4949 937 5020 quis
974 4951 1079 5004 es?
1128 4949 1385 5021 Nunquid
1437 4949 1730 5022 imperium
1796 4966 1926 5006 cum
1971 4966 2037 5006 eo

429 5038 686 5112 partiris?
715 5041 860 5094 Num
882 5037 1050 5110 judex
1075 5055 1134 5094 es
1174 5055 1370 5095 eorum
1401 5055 1525 5112 quae.
1569 5039 1753 5110 ipsum
1782 5047 2038 5112 oporteat

430 5128 607 5207 facere
648 5136 742 5184 aut
784 5143 901 5184 non
953 5126 1181 5184 facere?
1219 5131 1363 5185 Nam
1412 5129 1698 5200 explorare
1764 5129 1897 5202 quid
1957 5129 2039 5185 sic

431 5218 644 5286 deceat,
691 5219 767 5274 vel
817 5233 930 5275 non
979 5217 1189 5283 deceat,
1239 5227 1326 5276 est
1374 5217 1493 5290 ejus
1557 5219 1648 5290 qui
1697 5235 1761 5275 ex
1810 5219 2037 5276 adverso

429 5308 763 5380 respondeat
809 5317 1231 5381 opponaturque
1299 5310 1441 5364 Deo.
1515 5311 1725 5365 Verum
1763 5307 2038 5380 haudqua-

2147 3251 2498 3327 γινώσκονται
2551 3252 2606 3308 αἱ
2655 3251 2956 3326 οἰκονομίαι
2999 3245 3091 3306 καὶ
3136 3245 3204 3307 τὰ
3252 3244 3490 3324 κρίματα
3531 3249 3702 3303 ταῦτα
3734 3267 3747 3282 ο

2149 3340 2227 3399 διὸ
2277 3339 2370 3399 καὶ
2413 3339 2671 3400 πάντοθεν
2719 3336 2935 3416 συνάγει
2991 3336 3171 3418 ἄπορα
3230 3333 3405 3395 πολλὰ
3426 3379 3444 3411 ,
3505 3335 3596 3392 καὶ
3652 3335 3750 3394 οὖκ

2146 3428 2336 3508 ἐπάγει
2363 3429 2455 3497 τὰς
2483 3427 2692 3502 λύσεις,
2731 3426 2821 3486 ἵνα
2865 3426 3273 3508 στενοχωρήσας
3303 3424 3392 3483 τὸν
3429 3422 3701 3504 ἀκροατὴν
3730 3469 3748 3498 ,

2144 3519 2306 3599 πείσῃ
2335 3519 2417 3581 ὅτι
2446 3519 2805 3591 ἀκατάληπτα
2823 3563 2840 3596 ,
2875 3517 2966 3575 καὶ
2997 3515 3345 3588 ἇκατανόητα
3376 3513 3553 3575 ταῦτά
3583 3515 3748 3575 ἐστιν.

2145 3607 2327 3690 ’Ὅπερ
2377 3599 2467 3668 οὖν
2512 3607 2658 3689 λέγει
2705 3609 2966 3681 ἐνταῦθα,
3020 3605 3256 3666 τοιοῦτόν
3307 3606 3474 3666 ἐστιν.
3515 3603 3751 3664 Ἄντίθε-

2147 3725 2231 3760 σιν
2283 3699 2484 3777 εἰσάγει
2533 3699 2708 3760 τοίνυν
2757 3697 2848 3758 καὶ
2897 3697 3156 3778 ἀπορίαν,
3204 3693 3287 3755 ὅτι
3331 3695 3466 3756 Ἐὰν
3517 3693 3575 3753 ὃν
3609 3693 3749 3753 θέλει

2147 3791 2452 3871 σκληρύνῃ,
2484 3790 2535 3849 τί
2582 3789 2660 3849 ἔτι
2709 3788 2981 3869 μέμφεται
3034 3789 3112 3868 τῷ
3164 3785 3452 3858 πταίοντι;
3505 3788 3604 3864 Τῷ
3644 3784 3750 3864 γὰρ

2149 3879 2452 3960 βουλήματι
2484 3881 2676 3951 αὐτοῦ,
2705 3876 2782 3946 τίς
2807 3876 3043 3947 ἠδύνατο
3069 3877 3414 3949 ἀντιστῆναις
3453 3873 3745 3947 Ἠθέλησε,

2145 3970 2238 4028 καὶ
2270 3968 2588 4050 ἐσκλήρυνε,
2631 3965 2722 4026 καὶ
2754 3965 2968 4032 εἰκότως
3005 3963 3260 4024 ἔπταισεν
3302 3966 3329 4020 6
3363 3963 3712 4042 σκληρυνθείς
3738 3988 3749 4001 ·

2145 4063 2261 4127 πῶς
2305 4049 2395 4119 οὖν
2440 4049 2585 4136 αὐτῷ
2623 4053 2923 4138 μέμφεται,
2973 4053 3063 4112 καὶ
3115 4051 3328 4121 κολάζει
3342 4073 3358 4124 ;
3397 4051 3548 4123 Αὕτη
3584 4053 3679 4126 μὲν
3716 4057 3748 4124 ἡ

2146 4146 2402 4213 ἀντίθεσις
2430 4147 2768 4226 εἷσαχθεῖσα,
2795 4141 2885 4202 διὰ
2909 4143 2970 4201 τὸ
2989 4139 3156 4210 δεῖξαι
3185 4142 3362 4217 ἄπορα
3389 4144 3558 4199 ταῦτα
3582 4140 3632 4175 ³⁸
3657 4141 3751 4199 καὶ

2145 4239 2273 4316 Θεῷ
2304 4237 2449 4317 μόνῳ
2481 4233 2834 4307 καταληπτά·
2867 4232 2948 4293 διὸ
2976 4229 3094 4291 οὐδὲ
3129 4230 3284 4298 αὐτὸς
3311 4229 3425 4290 λύει
3450 4229 3650 4303 ταύτην
3670 4229 3748 4303 ³9,

2145 4327 2264 4385 ἀλλ’
2300 4323 2626 4403 ἐπιστομίζει
2651 4322 2740 4384 τὸν
2769 4326 3074 4403 ἀποροῦντα
3106 4319 3276 4400 λέγων
3301 4343 3341 4389 ο,

2231 4602 2258 4635 α
2294 4581 2596 4657 Μενοῖνγε,
2631 4565 2676 4636 {5
2711 4576 2988 4656 ἄνθρωπε,
3028 4573 3092 4633 σὺ
3125 4573 3201 4642 τίς
3233 4564 3333 4633 εῖδ
3365 4571 3751 4650 ἀνταποκρινό-

2146 4691 2300 4744 μενος
2328 4670 2404 4748 τῷ
2446 4669 2602 4748 Θεῷ;
2635 4689 2662 4724 ιι
2712 4665 2914 4746 Ὁρᾷς,
2947 4667 3061 4732 πῶς
3105 4662 3419 4723 ἀναστέλλει
3449 4661 3545 4734 τὴν
3581 4661 3744 4720 ἄκαι-

2149 4780 2235 4839 ρον
2265 4755 2604 4837 περιεργίαν,
2637 4755 2728 4815 καὶ
2758 4754 2978 4835 χαλινὸν
3025 4753 3326 4824 ἐπιτίθησι,
3362 4750 3628 4839 παιδεύων
3663 4752 3744 4809 εἷ-

2147 4831 2527 4924 δέναι,’τίμὲν
2554 4845 2692 4912 Θεὸς
2714 4891 2729 4918 ,
2759 4831 2811 4902 τί
2850 4844 2904 4903 δὲ
2941 4842 3236 4924 ἄνθρωπος.
3275 4839 3353 4901 Σὺ
3381 4839 3459 4908 τίς
3489 4831 3540 4898 εἷ
3552 4864 3584 4924 ,Δ
3610 4862 3748 4916 συμ-

2147 4920 2403 5014 μεριστὴς
2431 4920 2595 5016 αὐτῷ
2641 4937 2739 5006 τῆς
2786 4935 2988 5015 ἀρχῆς
3041 4920 3295 5002 δικαστὴς
3352 4930 3494 5010 αὖτῷ
3544 4920 3619 4989 ὧν
3670 4929 3752 4989 δεῖ

2147 5032 2315 5082 ποιεῖν
2342 5022 2412 5097 ⁴⁰,
2441 5022 2476 5094 ἢ
2507 5023 2618 5102 mi;
2647 5024 2730 5083 Τὸ
2769 5022 2872 5102 γὰρ
2904 5021 3182 5093 ἐξετάζειν,
3208 5020 3290 5079 ὅτι
3320 5017 3485 5086 οὕτως
3518 5017 3750 5097 ἔπρεπε,

2147 5114 2238 5174 καὶ
2268 5115 2369 5193 οὐχ
2395 5112 2560 5179 οὕτως
2605 5113 2865 5190 ἔπρεπεν,
2899 5109 3424 5188 ἀνταποκρινομένου
3460 5109 3575 5167 ἐστὶ
3598 5153 3615 5181 ,
3657 5105 3751 5167 καὶ

2147 5201 2659 5280 ἀντικαθισταμένου
2688 5201 2731 5239 ⁴⁴
2771 5205 2847 5282 τῷ
2877 5201 3026 5280 Θεῷ.
3055 5200 3137 5259 Οὖ
3168 5196 3274 5278 χρὴ
3308 5196 3364 5258 δὲ
3395 5196 3534 5256 οὕτω
3559 5204 3750 5270 ποιεῖν,

2147 5291 2288 5350 ἀλλὰ
2319 5290 2594 5352 πείθεσθαι
2621 5298 2729 5359 τοῖς
2757 5289 3050 5370 γινομένοις
3068 5333 3086 5364 ,
3121 5286 3265 5357 ὅπως
3290 5287 3354 5346 ἂν
3390 5287 3664 5366 γίνωνται.

427 5413 596 5469 quam
633 5399 703 5454 ita
749 5398 1084 5468 faciendum,
1139 5398 1235 5456 sed
1281 5399 1782 5472 obtemperandum
1837 5407 1921 5455 est
1967 5399 2029 5455 iis
2064 5414 2188 5471 qua:
2238 5403 2388 5456 Deus
2435 5398 2658 5468 fecerit,
2701 5397 3205 5472 quomodocunque
3251 5396 3424 5453 etiam
3473 5410 3592 5451 sese
3645 5391 3743 5448 ha-

432 5487 670 5544 buerint.

1836 5580 2030 5640 Variae
2072 5581 2374 5641 lectiones.

514 5730 555 5763 3"
590 5731 872 5804 διαγγελθῇ
901 5749 952 5788 o.
1033 5735 1076 5767 ³⁸
1109 5735 1171 5788 τὰ
1206 5740 1410 5790 τοιαῦτα
1439 5753 1492 5793 ο.
1571 5737 1616 5771 ³⁸
1644 5741 1800 5792 ταῦτα
1828 5752 1881 5794 0.
1960 5736 2004 5771 ‘0
2033 5735 2189 5791 εἰπεῖν
2223 5752 2279 5795 ο.
2356 5736 2394 5773 ⁴¹
2422 5735 2785 5810 ἇνθισταμένου
2813 5749 2886 5794 m.
