4150 6450
421 469 526 528 469

511 620 540 655 ιι
568 598 668 675 Μὴ
698 601 810 681 έρεῖ
839 600 903 661 τὸ
933 600 1161 679 πλάσμα
1186 602 1265 683 τῷ
1294 600 1562 662 πλάσαντι
1595 624 1609 637 ’
1642 599 1713 661 Τί
1744 623 1811 679 με
1838 600 2023 674 ἐποίη-

419 712 516 755 σας
552 690 605 727 ⁴²
645 688 845 764 οὕτως,
878 688 956 752 Ἦ
984 695 1079 751 οὐκ
1111 690 1227 771 ἔχει
1257 689 1498 759 ἐξουσίαν
1542 693 1571 750 6
1618 688 1881 769 κεραμεὺς
1927 696 2021 749 τοῦ

1333 471 1687 531 EXPOSITIO
1725 475 1791 529 IN
1828 474 2038 531 EPIST.
2079 475 2173 532 AD
2214 474 2378 531 ROM.
2421 505 2491 516 —
2530 475 2676 531 CAP.
2721 476 2803 531 IX.

3630 483 3737 537 470

2209 602 2385 658 Vnns.
2426 607 2521 671 20,
2553 605 2643 657 21.
2671 623 2697 650 σι
2730 600 2995 675 Nunquid
3026 601 3172 658 dicet
3200 602 3530 676 ﬁgmentum
3561 607 3609 663 ei
3638 608 3737 682 qui

2132 705 2193 748 se
2224 689 2408 759 ﬁnxit,
2440 688 2651 763 Ecquid
2679 706 2770 747 me
2789 691 2864 747 sic
2881 690 3085 749 ﬁnxisti
3112 695 3136 747 Ρ
3167 695 3373 749 Annon
3391 694 3558 753 habet
3575 707 3732 769 pote-

418 781 626 853 πηλοῢ,
656 782 716 840 ἐκ
745 788 838 841 τοῦ
870 782 1032 841 αὐτοῦ
1080 785 1392 865 φυράματος
1440 783 1699 855 ποιῆσαι,
1739 778 1769 839 ὃ
1814 778 1912 858 μὲν
1958 782 2019 847 εἰς

2135 788 2337 837 atatem
2370 780 2569 853 ﬁgulus
2596 796 2662 837 ex
2691 780 2885 838 eadem
2912 798 3092 839 massa
3122 781 3304 839 facere
3333 783 3482 842 aliud
3508 787 3732 858 quidem

419 869 580 948 τιμὴν
610 874 828 948 σκεῦος,
858 870 889 932 8
935 872 991 931 δὲ
1040 873 1115 939 εἷς
1151 870 1406 949 ἀτιμίαν;
1450 894 1479 930 ι
1527 874 1626 952 Τῷ
1674 869 2019 950 ὑποδείγματι

2134 885 2231 927 vas
2259 870 2317 926 in
2345 870 2639 940 honorem,
2664 870 2817 928 aliud
2855 887 2983 928 vero
3012 870 3083 930 ad
3112 872 3480 945 ignominiam
3508 878 3575 930 Ρ·
3612 878 3734 933 Hoc

419 958 590 1042 τούτῳ
637 961 908 1042 ἐχρήσατο
957 966 985 1021 6
1034 964 1285 1039 Παῦλος,
1336 964 1439 1042 οὐχ
1481 959 1570 1021 ἵνα
1620 960 1780 1041 ἀνέλῃ
1819 958 1879 1019 τὸ
1927 962 2023 1020 αὖ-

2134 960 2388 1032 exemplo
2435 977 2566 1018 usus
2615 968 2698 1018 est
2734 962 2958 1031 Paulus,
2989 978 3101 1019 non
3138 970 3199 1019 ut
3241 979 3271 1019 e
3302 963 3486 1021 medio
3514 965 3735 1024 tolleret

418 1047 680 1119 τεξούσιον
713 1054 903 1127 ἡμῶν,
935 1052 1045 1111 οὐδ’
1071 1048 1160 1111 ἵνα
1191 1049 1382 1131 ἀργοὺς
1413 1049 1571 1119 ὄντας
1615 1048 1708 1109 καὶ
1746 1048 2019 1121 ἀκινήτους

2133 1049 2368 1107 liberum
2410 1059 2663 1108 nostrum
2708 1051 3030 1120 arbitrium,
3062 1068 3241 1125 neque
3264 1062 3325 1109 ut
3361 1069 3469 1112 nos
3509 1062 3734 1127 torpore

420 1143 563 1217 ἡμᾶς
592 1137 733 1219 δείξῃ
769 1164 782 1176 .
815 1139 957 1200 ἀλλὰ
985 1140 1249 1201 διδάσκων
1269 1184 1287 1215 ,
1315 1144 1429 1208 πῶς
1458 1141 1538 1200 δεῖ
1568 1138 1842 1199 πείθεσθαι
1869 1142 2020 1221 Θεῷ,

419 1228 510 1288 καὶ
540 1228 928 1307 ἐπιτεταμένην
976 1230 1130 1310 σιγὴν
1167 1229 1261 1290 καὶ
1305 1230 1549 1304 ὑπακοὴν
1597 1228 2010 1290 ἐπιδείκνυσθαι.

424 1319 684 1400 Καθάπερ
712 1318 839 1401 γὰρ,
885 1320 1078 1402 φησὶν,
1105 1325 1134 1382 6
1181 1319 1447 1401 κεραμεὺς
1496 1321 1557 1379 ἐκ
1585 1323 1677 1378 τοῦ
1709 1320 1872 1378 αὐτοῦ
1915 1343 2016 1401 φυ-

418 1409 680 1489 ράματος,
710 1410 745 1468 ἃ
777 1411 1053 1489 βούλεται,
1076 1418 1253 1483 ποιεῖ,
1285 1410 1377 1470 καὶ
1399 1408 1550 1468 οὐδὲν
1583 1409 1851 1486 ἀντιλέγει
1872 1409 2019 1490 αὐτῷ

416 1501 519 1558 τῶν
548 1502 751 1559 σκευῶν
784 1523 798 1537 ·
828 1499 967 1559 οὕτω
1016 1503 1109 1560 καὶ
1154 1505 1371 1572 τοῦτον,
1418 1501 1478 1558 ἐκ
1518 1504 1611 1559 τοῦ
1644 1500 1807 1558 αὐτοῦ
1838 1498 2019 1578 γένους

413 1590 521 1647 τῶν
568 1588 861 1670 ἀνθρώπων
874 1634 891 1662 ,
946 1588 1069 1657 τοὺς
1119 1589 1215 1668 μὲν
1270 1590 1601 1662 κολάζοντα,
1656 1586 1777 1656 τοὺς
1823 1588 1878 1648 δὲ
1926 1612 2013 1648 τι-

414 1679 602 1754 μῶντα
625 1722 641 1750 ,
678 1677 754 1755 μὴ
786 1681 1134 1762 περιεργάζου
1154 1725 1170 1757 ,
1201 1678 1341 1738 ἀλλὰ
1373 1677 1660 1759 προσκύνει
1689 1676 1848 1755 μόνον
1873 1726 1887 1752 ,
1922 1678 2017 1738 καὶ

412 1772 583 1844 μιμοῦ
609 1767 699 1827 τὸν
728 1768 900 1842 πηλόν
930 1792 944 1807 ·
969 1769 1062 1830 καὶ
1098 1770 1281 1850 ὥσπερ
1311 1770 1505 1835 ἐκεῖνος
1535 1766 1722 1828 ἕπεται
1859 1768 2007 1849 χειρὶ

411 1861 508 1916 τοῦ
537 1858 844 1936 κεραμέως,
872 1859 1012 1919 οὕτω
1062 1859 1155 1919 καὶ
1209 1858 1274 1920 σὺ
1314 1863 1381 1941 τῇ
1430 1857 1621 1939 γνώμῃ
1672 1863 1766 1918 τοῦ
1813 1861 2018 1918 οἰκονο-

2131 1139 2429 1212 languidos
2452 1156 2518 1197 ac
2541 1142 2700 1213 plane
2723 1141 3038 1198 immobiles
3065 1143 3381 1201 ostenderet
3409 1163 3422 1199 :
3451 1161 3643 1201 verum
3674 1155 3733 1200 ut

2129 1229 2352 1287 doceret
2379 1231 2660 1303 quomodo
2691 1247 2792 1288 nos
2829 1241 3083 1304 oporteat
3125 1232 3355 1290 obedire
3391 1237 3531 1304 Deo,
3564 1242 3732 1308 atque

2125 1318 2405 1376 intensum
2433 1319 2745 1389 silentium,
2789 1337 2965 1393 neque
3001 1338 3116 1379 non
3146 1338 3429 1379 summam
3463 1323 3724 1381 obedien-

2124 1410 2260 1467 tiam
2295 1409 2570 1467 exhibere.
2604 1410 2855 1480 Perinde,
2898 1412 3096 1482 inquit,
3124 1420 3185 1468 ut
3214 1412 3412 1485 ﬁgulus
3438 1429 3503 1469 ex
3526 1414 3725 1471 eadem

2124 1516 2326 1569 massa,
2357 1515 2482 1574 qua
2524 1501 2739 1558 animus
2776 1501 2987 1569 tulerit,
3026 1501 3204 1574 ﬁngit,
3234 1519 3415 1575 neque
3454 1505 3630 1561 ullum
3680 1506 3727 1561 ei

2127 1607 2223 1648 vas
2256 1590 2631 1648 contradicit:
2686 1592 2767 1648 sic
2825 1607 2950 1648 cum
3003 1592 3093 1648 hic
3145 1608 3213 1648 ex
3272 1592 3469 1650 eodem
3526 1610 3728 1667 genere

2124 1682 2440 1739 mortalium
2480 1682 2618 1739 alios
2645 1682 2866 1754 quidem
2910 1682 3120 1754 puniat,
3165 1682 3303 1739 alios
3351 1698 3479 1739 vero
3518 1684 3728 1741 honore

2125 1770 2403 1844 dignetur,
2433 1787 2502 1827 ne
2542 1771 2616 1827 sis
2646 1779 2708 1827 tu
2739 1772 3010 1841 curiosus,
3057 1771 3156 1828 sed
3185 1771 3353 1828 adora
3383 1780 3728 1831 tantummo-

2125 1859 2222 1930 do,
2277 1861 2568 1934 lutumque
2601 1860 2868 1917 imitare:
2911 1876 2975 1917 ac
3015 1869 3078 1917 ut
3121 1860 3257 1917 illud
3305 1876 3537 1919 manum
3576 1862 3730 1936 ﬁguli

412 1935 652 2025 μοῦντος.
699 1935 840 2010 Ἴσθι
890 1949 945 2009 δὲ
966 1993 984 2023 ,
1017 1954 1046 2011 6
1096 1935 1508 2028 ἀναγινώσκων,
1546 1935 1639 2008 θὸτι
1695 1947 1880 2029 ὥσπερ
1925 1948 2017 2008 ἐπὶ

2126 1951 2398 2023 sequitur,
2442 1951 2520 2007 sic
2561 1958 2623 2006 tu
2656 1950 2886 2007 consilio
2923 1958 2979 2006 et
3007 1950 3275 2007 voluntati
3312 1952 3499 2008 omnia
3529 1935 3728 2024 guber-

410 2040 519 2097 τῶν
548 2041 786 2112 σκευῶν,
836 2039 955 2121 οὐχὶ
985 2038 1048 2100 τὸ
1092 2037 1316 2122 φύραμα
1368 2046 1507 2098 ποιεῖ
1556 2037 1626 2098 τὰ
1660 2037 1758 2116 μὶν
1786 2037 2013 2116 ἔντιμα,

410 2127 480 2187 τὰ
510 2128 566 2187 δὲ
595 2126 762 2207 ἄτιμα
795 2127 882 2210 (ἓν
908 2128 1013 2211 γάρ
1041 2130 1155 2189 ἐστι
1183 2129 1274 2189 καὶ
1321 2127 1383 2187 τὸ
1412 2126 1601 2207 αὐτὸ),
1636 2127 1757 2188 ἀλλ’
1793 2131 1827 2200 ἡ
1875 2131 2014 2208 χρῆ-

410 2241 497 2285 σις
526 2221 633 2277 τῶν
664 2218 1182 2301 μεταχειριζομένων
1210 2242 1222 2256 ·
1256 2217 1397 2278 οὕτω
1425 2216 1517 2276 καὶ
1551 2216 1640 2277 ἐπὶ
1669 2220 1773 2278 τῶν
1805 2216 2015 2299 ἀνθρώ-

411 2328 560 2378 πων,
597 2307 696 2386 οὐχ
741 2310 775 2378 ἡ
808 2306 962 2388 φύσις
1002 2307 1120 2376 τοὺς
1168 2305 1263 2387 μὲν
1308 2309 1453 2367 ποιεῖ
1488 2306 1759 2375 κολάσεως
1810 2305 2015 2379 ἀξίους,

409 2394 529 2463 τοὺς
576 2394 633 2455 δὲ
665 2397 941 2479 στεφάνων
995 2397 1127 2477 (μία
1179 2396 1286 2480 γάρ
1331 2398 1476 2457 ἐστιν
1492 2395 1534 2477 ),
1582 2397 1703 2455 ἀλλ’
1750 2401 1787 2471 ἡ
1817 2394 2011 2477 προαί-

410 2507 574 2566 ρεσις.

496 2783 524 2817 ε
561 2762 629 2820 Εἰ
657 2757 713 2819 δὲ
754 2759 920 2819 θέλων
948 2763 977 2819 6
1004 2757 1144 2827 Θεὸς
1173 2756 1500 2829 ἐνδείξασθαι
1538 2756 1637 2831 τὴν
1684 2754 1848 2839 ὀργὴν
1870 2802 1888 2833 ,
1919 2757 2012 2815 καὶ

408 2849 663 2931 γνωρίσαι
698 2848 759 2909 τὸ
807 2848 1029 2909 δυνατὸν
1075 2852 1267 2923 αὓτοῧ,
1315 2847 1536 2927 ἤνεγκεν
1580 2848 1634 2906 ἐν
1684 2848 1860 2928 πολλῇ
1900 2869 2009 2925 μα-

409 2939 675 3021 κροθυμία
724 2937 889 3012 σκεύη
939 2942 1100 3021 ὀργῆς
1146 2936 1549 3020 κατηρτισμένα
1593 2941 1665 3006 εἷς
1700 2934 1975 2997 ἀπώλειαν
1996 2958 2010 2973 ·

409 3030 504 3089 καὶ
531 3027 620 3089 ἵνα
660 3030 896 3110 γνωρίσῃ
940 3030 1031 3089 τὸν
1083 3030 1310 3088 πλοῦτον
1358 3033 1455 3101 τῆς
1502 3026 1651 3101 δόξης
1706 3028 1868 3086 αὑτοῦ
1922 3025 2010 3087 ἐπὶ

409 3119 574 3193 σκεύη
602 3119 808 3196 ἐλέους,
848 3117 883 3177 ἃ
910 3123 1311 3201 προητοίμασεν
1348 3120 1420 3186 εἰς
1458 3116 1609 3187 δόξαν
1639 3117 1694 3156 ⁴³
1717 3141 1731 3155 ’
1780 3115 1869 3184 οὓς
1916 3116 2010 3176 καὶ

409 3208 660 3269 ἐκάλεσεν
704 3214 882 3285 ἡμᾶς,
917 3209 977 3267 οὗ
1010 3208 1167 3287 μόνον
1216 3206 1270 3277 ἐξ
1297 3206 1600 3281 Ἰουδαίων,
1635 3205 1773 3266 ἀλλὰ
1816 3205 1908 3265 καὶ
1954 3204 2008 3275 ἐξ

2124 2040 2307 2096 nantis
2351 2040 2501 2097 cede.
2543 2040 2771 2097 Noveris
2812 2048 3001 2096 autem
3045 2040 3138 2113 qui
3197 2038 3315 2097 haec
3370 2041 3528 2113 legis,
3578 2042 3728 2115 quod

2121 2130 2264 2187 sicut
2288 2130 2343 2186 in
2372 2130 2587 2186 vasibus
2610 2146 2722 2186 non
2754 2130 2869 2201 ipsa
2894 2145 3081 2187 massa
3106 2129 3213 2187 alia
3242 2130 3467 2201 quidem
3493 2131 3726 2200 nobilia,

2124 2219 2235 2277 alia.
2262 2236 2394 2277 vero
2442 2219 2701 2293 ignobilia
2740 2218 2912 2276 efﬁcit
2941 2222 3046 2288 (est
3071 2220 3218 2275 enim
3250 2235 3357 2275 una
3398 2228 3453 2275 et
3482 2220 3727 2294 eadem),

2123 2309 2224 2367 sed
2271 2325 2404 2366 usus
2458 2325 2655 2366 eorum
2701 2310 2797 2381 qui
2822 2309 2924 2366 ista
2964 2308 3067 2366 sibi
3106 2308 3424 2366 vindicant:
3452 2310 3562 2382 72
3610 2313 3729 2384 pari

2123 2399 2338 2457 ratione
2364 2399 2422 2456 in
2466 2399 2809 2467 hominibus,
2848 2414 2960 2456 non
2987 2397 3103 2471 ipsa
3146 2406 3347 2455 natura
3374 2403 3588 2472 (utpote
3618 2417 3727 2457 una

2121 2496 2179 2545 et
2227 2487 2439 2558 eadem)
2488 2487 2592 2544 hos
2642 2487 2870 2561 quidem
2924 2500 3126 2559 pinnat,
3166 2486 3290 2543 illos
3359 2504 3488 2545 vero
3532 2489 3729 2560 gloria:

2122 2577 2431 2651 adjudicat,
2502 2576 2602 2634 sed
2671 2578 2791 2649 ipsa
2846 2575 3170 2634 deliberatio
3250 2584 3413 2650 atque
3468 2578 3723 2651 proposi-

2118 2675 2240 2726 tum
2248 2708 2264 2724 .

2191 2761 2367 2815 Vsus.
2408 2761 2602 2814 22-24.
2648 2780 2673 2805 ι
2707 2755 2868 2828 Quod
2910 2755 2956 2813 si
2997 2759 3152 2814 Deus
3202 2756 3389 2813 volens
3438 2756 3727 2815 ostendere

2120 2848 2283 2914 iram,
2310 2856 2365 2903 et
2380 2855 2570 2903 notam
2596 2845 2775 2903 facere
2801 2845 3104 2918 potentiam
3134 2861 3314 2916 suam,
3340 2846 3468 2902 tulit
3496 2846 3551 2902 in
3577 2846 3729 2903 mul-

2118 2946 2175 2994 ta
2204 2937 2617 3011 longanimitate
2669 2951 2797 2993 vasa
2827 2936 2922 2993 ira:
2961 2943 3151 3008 parata
3203 2935 3275 2992 ad
3322 2934 3635 3004 interitum,
3676 2945 3730 2993 et

2117 3035 2179 3083 ut
2197 3027 2514 3084 ostenderet
2547 3025 2759 3083 divitias
2795 3026 2988 3099 gloriae
3017 3040 3134 3083 suae
3158 3026 3213 3081 in
3242 3040 3371 3082 vasa
3408 3025 3726 3083 misericor-

2119 3117 2248 3186 diae,
2280 3131 2405 3189 quae
2457 3115 2781 3188 praeparavit
2808 3114 2879 3171 ad
2926 3114 3159 3187 gloriam
3193 3131 3205 3168 :
3238 3130 3377 3187 quos
3410 3123 3465 3170 et
3509 3115 3732 3171 vocavit

2119 3222 2243 3274 nos,
2284 3221 2400 3263 non
2426 3205 2611 3262 solum
2651 3222 2717 3261 ex
2744 3203 2972 3273 Judmis,
3020 3220 3210 3260 verum
3249 3204 3411 3260 etiam
3441 3220 3508 3260 ex
3550 3204 3729 3277 genti-

410 3301 593 3362 ἐθνῶν.
630 3325 657 3353 ι
695 3278 1088 3378 ’ἐπιστομίσας
1129 3295 1249 3365 τοὺς
1285 3278 1753 3379 πολυπραγμονεῖν
1804 3296 2008 3373 ἐπιχει-

2123 3295 2240 3353 bus.
2264 3320 2289 3345 ιο
2325 3295 2625 3353 Obstructo
2666 3295 3019 3351 curiosorum
3049 3310 3166 3363 ore,
3208 3292 3376 3350 affert
3409 3294 3528 3366 jam
3571 3293 3720 3350 solu-

414 3394 663 3470 ροῧντας,
698 3392 787 3449 νῦν
816 3388 1131 3470 ἒπάγειᾼτὴν
1163 3385 1315 3446 λύσιν
1342 3409 1357 3423 ·
1400 3385 1430 3447 ὃ
1460 3384 1515 3446 δὲ
1553 3386 1723 3467 λέγει,
1773 3385 2007 3445 τοιοῦτόν

2123 3386 2343 3444 tionem.
2377 3384 2538 3460 Quod
2574 3393 2759 3441 autem
2788 3384 2935 3448 dicit,
2969 3393 3053 3440 est
3090 3383 3406 3456 hujusmodi
3433 3405 3444 3439 :
3476 3385 3583 3441 Irae
3612 3393 3731 3441 vas’

410 3468 522 3539 ἔστι
548 3502 562 3515 ·
593 3481 793 3547 Σκεῧος
823 3480 985 3557 ὀργῆς
1013 3468 1077 3549 ἦν
1107 3482 1136 3539 6
1175 3474 1389 3557 Φαραὼ
1408 3522 1426 3551 ,
1468 3474 1771 3554 τουτέστιν,
1804 3475 2010 3556 ἄνθρω-

409 3591 505 3637 πος
552 3567 792 3637 ἐξάπτων
831 3568 928 3640 τὴν
973 3567 1136 3649 ὀργὴν
1192 3571 1284 3625 τοῦ
1339 3568 1484 3628 Θεοῦ
1534 3564 1623 3624 διὰ
1665 3569 1761 3637 τῆς
1811 3566 2012 3633 οἰκείας

409 3657 789 3738 σκληρότητος.
817 3661 1025 3719 Τοῦτον
1055 3655 1279 3735 ἤνεγκεν
1317 3660 1346 3716 6
1392 3655 1563 3730 Θεὸς,
1615 3654 1913 3728 τουτέστιν,
1953 3659 2010 3714 ὑ-

408 3747 694 3825 πέμεινεν,
726 3747 985 3828 ἠνέσχετο
1006 3770 1021 3786 ο
1071 3749 1271 3819 πολλῆς
1301 3744 1406 3827 γὰρ
1455 3743 1823 3825 μακροθυμίας
1853 3745 2010 3805 αὐτὸν

410 3836 660 3909 ἠξίωσεν.
736 3835 876 3897 Ἀλλ’
927 3839 1123 3905 ἐκεῖνος
1316 3834 1657 3917 μακροθυμία
1710 3832 1879 3913 ταύτῃ
1939 3836 2012 3902 εἷς

415 3925 756 4005 σκληρότητα
803 3926 1207 4008 κατεχρήσατο,
1258 3926 1351 3985 καὶ
1400 3924 1586 4005 γέγονε
1618 3927 1805 3992 σκεῦος
1852 3924 2012 4003 ὀργῆς

417 4014 681 4089 δεκτικὸν,
730 4016 1157 4098 κατηρτημένον
1223 4017 1297 4083 εἰς
1349 4012 1621 4074 ἀπώλειαν
1646 4061 1663 4089 ,
1710 4016 2011 4089 τουτέστιν,

415 4104 810 4184 ἀπηρτισμένον
870 4108 1001 4185 παρ’
1047 4107 1236 4166 ἑαυτοῦ
1284 4104 1376 4165 καὶ
1424 4103 1648 4165 οἴκοθεν.
1718 4101 1860 4163 Οὐδὲ
1908 4102 2014 4183 γὰρ

412 4195 644 4256 ἐνέλειπέ
699 4219 750 4255 τι
809 4198 917 4256 τῶν
976 4193 1322 4255 ἀπολλύντων
1385 4192 1545 4254 αὐτὸν
1562 4235 1580 4267 ,
1641 4190 1781 4250 ἀλλὰ
1835 4191 2014 4251 πάντα

410 4284 713 4366 ἀπήρτισεν
741 4285 816 4359 ⁸⁸⁵,
866 4285 967 4345 ὅσα
1004 4284 1134 4367 πρὸς
1183 4284 1455 4345 ἀπώλειαν
1488 4282 1648 4343 αὐτὸν
1679 4282 1889 4365 ἔφερον.
1937 4280 2012 4343 Ἢ

410 4375 502 4451 τὸ,
536 4399 567 4431 ι
593 4372 859 4455 Ἥνεγκεν
878 4419 897 4453 ,
934 4402 957 4428 ι
989 4374 1108 4434 ἀντὶ
1140 4380 1265 4449 τοῦ,
1294 4376 1365 4442 εἷς
1390 4371 1555 4452 μέσον
1583 4370 1810 4452 ἤγαγεν,
1835 4374 1908 4439 ὣς
1930 4369 2015 4445 ἂν,

413 4465 530 4525 ἐπεὶ
560 4465 634 4543 μὴ
680 4464 970 4537 ἐϐελτιώθη
1001 4464 1089 4525 διὰ
1127 4468 1223 4539 τῆς
1267 4461 1667 4545 μακροθυμίας,
1700 4459 2012 4542 τιμωρήση-

413 4578 501 4613 ται
534 4555 730 4631 αὐτὸν,
780 4554 872 4614 καὶ
912 4553 1055 4635 δείξῃ
1102 4552 1201 4627 τὴν
1249 4552 1448 4635 οίκείαν
1501 4551 1725 4629 δύναμιν
1774 4551 1907 4631 πρὸς
1958 4552 2019 4612 τὸ

2116 3485 2235 3533 erat
2286 3475 2529 3543 Pharao,
2586 3474 2692 3530 hoc
2735 3483 2818 3530 est
2861 3474 3032 3531 homo
3084 3473 3385 3531 accendens
3430 3474 3576 3529 iram
3625 3474 3726 3531 Dei

2118 3581 2213 3638 per
2260 3565 2536 3638 propriam
2584 3580 2740 3620 suam
2784 3563 3081 3620 duritiem:
3144 3564 3296 3620 hunc
3354 3562 3482 3620 tulit
3554 3567 3723 3632 Deus,

2117 3654 2173 3712 id
2219 3663 2304 3711 est
2344 3653 2698 3726 exspectavit,
2754 3653 3035 3710 sustinuit.
3098 3654 3241 3709 Nam
3312 3653 3484 3708 multa
3541 3654 3726 3725 ipsum

2121 3743 2545 3817 longanimitate
2571 3742 2834 3815 dignatus
2863 3750 2948 3799 est
2975 3764 2986 3798 :
3009 3757 3200 3797 verum
3230 3742 3278 3797 is
3308 3742 3728 3813 longanimitate

2119 3835 2222 3891 ista
2251 3834 2322 3890 ad
2345 3832 2759 3889 indurationem
2804 3832 2891 3888 sui
2934 3832 3142 3888 abusus
3189 3839 3295 3899 est,
3328 3830 3617 3904 factusque
3645 3841 3730 3889 est

2121 3939 2213 3980 vas
2245 3924 2343 3980 ira
2375 3923 2477 3979 Dei
2512 3938 2705 3994 capax,
2764 3930 3019 3992 paratum
3076 3920 3147 3977 ad
3206 3920 3515 3991 interitum,
3548 3920 3603 3979 id
3639 3930 3732 3978 est

2118 4030 2149 4070 a
2199 4012 2378 4085 seipso
2410 4012 2743 4085 pr0prioque
2767 4010 2990 4084 ingenio
3020 4018 3294 4083 aptatum.
3346 4012 3535 4083 Neque
3580 4010 3726 4067 enim

2118 4101 2422 4177 quidquam
2484 4101 2708 4174 reliquit
2753 4100 2903 4175 quod
2966 4099 3152 4173 ipsum
3204 4099 3481 4173 perderet,
3534 4117 3728 4158 verum

2121 4194 2307 4251 omnia
2353 4192 2587 4265 patravit
2641 4207 2764 4265 quae
2811 4191 2879 4247 ad
2918 4191 3223 4263 perniciem
3269 4191 3447 4263 ipsum
3493 4190 3726 4249 ferrent.

2124 4284 2244 4354 Vel,
2278 4306 2305 4334 (ι
2333 4283 2481 4353 tulit,
2527 4305 2552 4333 ιο
2589 4298 2726 4356 pro,
2767 4282 2823 4337 in
2862 4280 3111 4339 medium
3145 4281 3405 4353 protulit,
3459 4291 3553 4350 ut,
3600 4297 3727 4339 cum

2124 4390 2222 4448 per
2258 4373 2731 4447 longanimitatem
2760 4371 2819 4428 in
2861 4370 3144 4428 meliorem
3183 4370 3356 4427 animi
3398 4372 3728 4428 sententiam

2122 4481 2237 4521 non
2272 4472 2416 4521 esset
2458 4462 2734 4534 redactus,
2776 4462 2967 4533 puniat
3001 4477 3152 4530 eum,
3208 4460 3573 4533 ostendatque
3634 4477 3735 4534 po-

2126 4554 2360 4612 tentiam
2412 4568 2590 4623 suam,
2643 4561 2705 4609 ut
2757 4550 2883 4608 inde
2936 4550 3023 4607 alii
3089 4549 3392 4607 reddantur
3451 4549 3728 4607 meliores.

410 4644 618 4725 ἑτέρους
647 4646 936 4725 βελτιῶσαι
959 4666 974 4681 ·
1025 4633 1212 4725 ὥσπερ
1252 4633 1343 4704 οὖν
1374 4649 1553 4703 τοῦτον
1575 4684 1593 4716 ,
1645 4645 1829 4708 σκεῦος
1857 4641 2016 4721 ὀργῆς

2124 4643 2610 4717 Quemadmodum
2668 4642 2833 4715 igitur
2878 4640 3043 4706 hunc,
3102 4655 3199 4696 vas
3246 4639 3343 4696 iraa
3395 4637 3607 4695 factum
3664 4654 3733 4695 ex

410 4733 682 4814 γινόμενον
872 4757 987 4813 γεν.
1038 4734 1059 4814 ]
1118 4735 1179 4793 ἐκ
1230 4738 1325 4806 τῆς
1376 4731 1571 4800 οἰκείας
1629 4729 2015 4811 προαιρέσεως,

412 4823 649 4892 κολάσας
672 4871 688 4897 ,
735 4822 897 4893 ἔδειξε
941 4822 1039 4895 τὴν
1086 4821 1288 4883 οἰκείαν
1320 4822 1543 4901 δύναμιν
1576 4844 1591 4858 ·
1627 4819 1767 4880 οὕτω
1815 4816 1934 4886 τοὺς
1965 4819 2017 4889 ἐξ

413 4916 578 4975 ἐθνῶν
631 4912 808 4973 πολλὰ
883 4911 1268 4994 ἡμαρτηκότας
1327 4910 1591 4985 ἐλεήσας,
1658 4909 1793 4969 διότι
1845 4907 2021 4978 ἀξίους

415 5001 594 5071 ἕλέους
640 5002 859 5071 ἑαυτοὺς
903 5002 1162 5076 ἐποίησαν
1186 5003 1259 5082 is,
1312 5000 1565 5082 ἐγνώρισε
1614 5024 1646 5057 α
1676 4999 1763 5057 τὸν
1794 5001 2020 5058 πλοῦτον

415 5093 513 5163 τῆς
541 5092 691 5165 δόξης
722 5097 905 5155 αὐτοῦ.
928 5118 956 5153 ι)
996 5094 1116 5154 Οὖκ
1154 5081 1273 5152 εἷπε
1326 5081 1414 5164 δὲ,
1444 5081 1559 5163 Τῆς
1587 5091 2019 5171 φιλανθρωπίας,

421 5183 591 5258 ἀλλὰ,
630 5210 656 5236 ι
685 5186 801 5253 Τῆς
854 5182 1003 5256 δόξης
1032 5205 1090 5234 ἰ
1118 5186 1276 5242 τοῦτο
1320 5180 1422 5260 γὰρ
1475 5178 1653 5239 τελεία
1686 5177 1810 5248 δόξα
1843 5179 2023 5255 Θεοῦ,

423 5271 485 5330 τὸ
512 5273 701 5334 ἐλεεῖν.
730 5274 810 5334 Τὸ
840 5273 994 5354 δὲηα
1020 5271 1083 5332 Ἃ
1112 5270 1550 5354 προητοίμασεν,
1578 5291 1609 5328 »
1648 5268 1765 5329 ἀντὶ
1798 5272 1891 5328 τοῦ
1910 5311 1928 5342 ,
1961 5265 2025 5327 Ἃ

2127 4734 2346 4808 propria
2371 4732 2669 4790 voluntatis
2701 4729 3121 4797 deliberatione,
3155 4728 3427 4802 supplicio
3453 4727 3731 4797 afﬁciens,

2126 4822 2453 4881 monstravit
2502 4821 2810 4894 potentiam
2852 4834 3013 4877 suam
3057 4818 3187 4876 :sic
3236 4834 3467 4887 eorum,
3524 4818 3615 4891 qui
3666 4834 3735 4875 ex

2127 4912 2381 4988 gentibus
2452 4911 2752 4983 plurimum
2815 4909 3195 4983 deliquerant,
3251 4909 3539 4975 misertus,
3595 4907 3723 4980 quia

2129 5003 2325 5076 dignos
2370 5016 2490 5059 sese
2557 4999 2940 5058 misericordia
3020 4998 3291 5068 fecerant,
3353 4996 3733 5055 manifestavit

2136 5116 2162 5143 «ι
2203 5092 2424 5150 divitias
2451 5090 2642 5165 gloriae
2670 5105 2805 5147 suae.
2843 5114 2871 5139 ι
2897 5091 3023 5146 Νοιι
3050 5089 3188 5146 dixit
3220 5096 3428 5155 autem,
3472 5087 3729 5143 Clemen-

2134 5183 2249 5252 tia,
2269 5182 2386 5251 sed,
2422 5204 2447 5229 ιι
2470 5181 2708 5249 Gloria;
2734 5204 2760 5229 ι
2783 5196 2917 5236 nam
2937 5193 3159 5236 summa
3184 5178 3285 5233 Dei
3304 5176 3475 5250 gloria
3492 5184 3596 5239 est,
3632 5174 3737 5230 mi-

2132 5271 2492 5329 sericordiam
2522 5270 2812 5343 impertiri.
2860 5274 3054 5337 Porro,
3081 5290 3106 5317 ι
3139 5269 3278 5339 Quae
3310 5265 3668 5340 preparavit,
3706 5286 3733 5313 ι

424 5361 689 5443 προέγνω.
744 5363 866 5424 Οὔκ
912 5351 1030 5422 εἷπε
1084 5351 1173 5437 δὲ,
1226 5361 1308 5420 ὅτι
1358 5359 1564 5424 πάντας
1623 5357 1742 5426 τοὺς
1799 5358 2019 5424 ἐθνικοὺε

2135 5371 2219 5419 est
2246 5380 2378 5435 pro,
2412 5364 2549 5432 Quae
2586 5360 2877 5434 praescivit.
2926 5361 3117 5431 Neque
3146 5355 3313 5425 dixit,
3344 5354 3493 5428 quod
3534 5369 3738 5409 omnes

424 5447 654 5531 ἴσωσεν,
688 5454 833 5529 ἀλλ’,
885 5475 918 5509 α
948 5451 1043 5522 Ἐξ
1072 5453 1234 5513 ἐθνῶν
1256 5500 1271 5526 ,
1305 5471 1337 5511 ι
1376 5448 1583 5524 δηλαδὴ
1631 5446 1799 5516 τινάς.
1848 5445 2019 5507 Ὥστε

2138 5460 2328 5525 gentes
2396 5451 2644 5520 servarit,
2694 5449 2820 5519 sed,
2856 5473 2883 5498 «ι
2932 5451 3012 5504 Ex
3052 5446 3327 5520 gentibus,
3376 5468 3401 5494 ιι

3463 5444 3737 5517 quosdam

1833 5626 2023 5687 Varia
2064 5624 2374 5686 lectiones.

517 5792 565 5865 ιε
586 5792 809 5859 [mm
832 5808 887 5852 ο,
961 5792 1009 5827 ιε
1034 5791 1205 5849 αδτοδ,
1285 5791 1327 5827 ιδ
1350 5790 1625 5863 ἀπήρτιστο
1653 5805 1704 5847 o.
1784 5788 1827 5824 ⁸⁸
1865 5786 2140 5861 ἀπήρτισαν
2165 5803 2219 5843 o.
