4150 6426
444 434 540 490 471
1463 431 1973 490 THEOPHYLACTI
2012 426 2370 483 BULGARUE
2407 425 2724 481 ARCHIEP.

3643 424 3752 481 472

443 559 716 616 videlicet.
755 559 1022 630 Quocirca
1046 574 1117 614 ne
1143 557 1469 626 offendaris,
1485 558 1676 616 Iudaee
1703 575 1716 612 :
1748 572 1874 613 ecce
1892 554 2035 612 enim

2150 551 2222 629 μὴ
2255 549 2640 624 σκανδαλίζου,
2693 538 2738 610 ῶ
2790 549 3018 611 Ἰουδαῗε
3058 574 3070 588 -
3097 549 3207 610 ἰδοὺ
3258 548 3361 631 γὰρ
3394 549 3488 610 καὶ
3521 549 3610 610 ἐπὶ
3640 554 3749 609 τῶν

443 650 525 706 vel
575 665 637 706 ex
689 649 942 722 gentibus
993 649 1221 704 nonnnli
1276 648 1712 706 misericordiam
1757 647 2036 714 obtinent,

443 738 693 796 nonnulli
717 754 849 795 vero
872 737 1125 794 minime.

514 830 698 886 Vens.
725 835 814 896 25,
848 834 938 886 26.
980 850 1008 877 α
1033 828 1191 886 Sicut
1217 836 1273 886 et
1295 828 1355 885 in
1378 832 1522 886 Osee
1549 827 1735 886 dicitm
1768 845 1783 884 :
1813 827 2038 884 Vocabo

443 936 560 976 non
605 919 872 991 populum
915 933 1126 986 meum,
1159 919 1425 990 populum
1462 934 1650 975 meum
1677 936 1688 972 :
1713 925 1768 974 et
1799 932 1915 974 non
1949 917 2039 974 di-

447 1011 668 1076 lectam,
708 1008 982 1064 dilectam.
1016 1011 1090 1064 Et
1135 1007 1259 1077 erit,
1289 1009 1347 1064 in
1386 1009 1512 1066 loco
1550 1009 1644 1064 ubi
1690 1007 1903 1064 dictum
1957 1015 2043 1064 est

447 1100 611 1172 ipsis:
645 1101 768 1154 Non
818 1098 1054 1170 populus
1104 1113 1263 1154 mens
1308 1114 1424 1166 vos,
1455 1098 1532 1154 ibi
1580 1097 1918 1154 vocabuntur
1946 1096 2042 1152 ﬁlii

448 1189 552 1246 Dei
601 1188 851 1244 viventis.
887 1210 912 1236 ι»
957 1189 1041 1244 Ne
1084 1187 1270 1244 dicant
1296 1187 1499 1257 Judaei,
1559 1187 1806 1260 Imponis
1857 1187 2038 1256 nobis,

451 1279 637 1347 Paule,
663 1279 785 1336 haec
809 1277 1006 1335 dicens
1035 1296 1049 1336 :
1080 1277 1339 1351 producit
1359 1280 1507 1335 Osee
1535 1279 1868 1334 clamantem
1897 1276 2049 1334 afﬁr-

445 1377 827 1440 mantemque:
863 1391 889 1418 ι
919 1367 1140 1426 Vocabo
1170 1384 1286 1424 non
1311 1367 1574 1440 populum
1605 1383 1815 1437 meum,
1867 1384 2047 1440 popu-

443 1459 560 1514 lum
610 1474 816 1514 meum.
849 1480 874 1506 υ
923 1457 1062 1530 Quis
1115 1473 1244 1514 vero
1285 1466 1407 1514 erat
1450 1473 1568 1515 non
1602 1458 1877 1530 populus?
1906 1461 2046 1528 Ipsae

442 1556 652 1620 gentes.
686 1550 896 1618 Ecqua:
935 1562 1047 1602 non
1075 1546 1272 1604 dilecta
1304 1550 1474 1618 ?Ipsa
1504 1546 1755 1619 gentium
1779 1545 2043 1603 Ecclesia.

443 1637 689 1710 Papulus
708 1645 896 1693 tamen
913 1635 1044 1693 facti
1083 1645 1216 1692 sunt
1233 1651 1294 1692 ac
1313 1635 1523 1705 dilecti,
1546 1635 1662 1692 imo
1689 1635 1838 1708 quod
1869 1635 2048 1707 majus

448 1737 550 1794 est,
581 1750 607 1775 α
648 1725 747 1781 ﬁlii
789 1725 892 1783 Dei
920 1725 1171 1782 viventis.
1217 1747 1243 1774 ιι
1277 1726 1376 1783 Sin
1423 1741 1555 1782 vero
1603 1725 1897 1799 quisquam
1937 1725 2044 1782 hoc

447 1816 516 1872 de
553 1815 782 1884 Iudaeis,
806 1815 899 1887 qui
927 1815 1139 1888 ingrate
1175 1830 1236 1871 se
1264 1823 1574 1888 gesserant,
1619 1821 1676 1872 et
1719 1813 1947 1872 tandem
1985 1815 2043 1871 in

440 1905 676 1978 gratiam
719 1905 924 1977 recepti
975 1903 1206 1974 fuerint,
1253 1905 1460 1962 dictum
1505 1921 1626 1962 esse
1652 1913 1880 1972 asserat,
1933 1903 2041 1961 hoc

441 1995 598 2051 nihili
622 2003 721 2051 est.
753 1996 898 2050 Nam
925 1993 972 2051 si
999 1993 1063 2050 iis
1097 1994 1204 2050 hoc
1231 1995 1480 2068 contigit,
1511 1995 1646 2068 quid
1671 1995 1885 2052 obstitit
1905 2009 2042 2068 quo-

443 2084 628 2141 minus
666 2082 813 2139 idem
833 2083 1088 2156 gentibus
1110 2083 1468 2156 proveniret?

513 2175 808 2244 Vnns.i27.
842 2196 869 2223 α
900 2174 1068 2230 Isaias
1084 2181 1270 2230 autem
1290 2173 1498 2230 clamat
1523 2189 1623 2247 pro
1656 2174 1825 2230 Israel
1847 2183 1874 2211 ιι
1896 2195 1908 2232 :
1931 2175 2040 2246 73

440 2264 496 2321 Si
508 2263 675 2320 fuerit
683 2278 951 2320 numerus
961 2263 1200 2320 ﬁliorum
1213 2264 1380 2320 Israel
1393 2272 1658 2336 tanquam
1671 2279 1837 2320 arena
1851 2264 2040 2332 maris,

443 2353 688 2426 reliquiae
731 2352 897 2409 salvae
949 2351 1102 2408 ﬁent.
1138 2375 1164 2401 »
1221 2355 1348 2408 Non
1394 2351 1498 2408 fuit
1539 2360 1833 2409 contentus
1897 2353 2039 2410 Osee

443 2442 745 2516 propheta,
803 2457 998 2498 verum
1050 2442 1251 2498 Isaiam
1310 2441 1474 2498 etiam
1518 2450 1716 2499 testem
1785 2442 2037 2512 adducit,

446 2556 472 2582 σι
513 2533 865 2602 clamantem,
922 2555 948 2581 »
992 2531 1099 2589 hoc
1133 2540 1218 2588 est
1259 2547 1462 2604 magna
1503 2548 1631 2588 cum
1684 2531 1938 2588 libertate
1988 2541 2044 2589 et

441 2623 560 2679 sine
607 2621 900 2679 formidine
967 2621 1443 2694 pronuntiantem,
1492 2621 1643 2692 quod
1679 2637 1796 2678 non
1845 2637 2044 2678 omnes

442 2711 703 2768 Israelitae
730 2711 866 2767 salvi
907 2719 1092 2780 erunt,
1136 2709 1237 2767 sed
1276 2711 1370 2782 qui
1411 2710 1560 2784 digni
1590 2719 1808 2767 tantum
1839 2711 2040 2768 fuerint

444 2801 521 2868 (id
547 2801 692 2856 enim
721 2809 835 2869 est,
867 2823 893 2849 α
930 2799 1181 2873 reliquiae
1202 2843 1218 2866 ,
1262 2823 1288 2848 ν
1325 2801 1431 2856 hoc
1467 2807 1576 2870 est,
1609 2801 1863 2868 electio),
1905 2817 2046 2874 quos

441 2891 664 2964 reliquit
688 2893 859 2960 Deus,
890 2898 947 2946 et
989 2891 1315 2962 segregavit,
1357 2898 1623 2962 tanquam
1661 2890 1856 2963 dignos
1886 2890 2040 2949 vide-

443 2981 587 3038 licet.
627 2981 767 3036 Cum
792 2988 977 3037 autem
1014 2980 1170 3048 dicit,
1213 3004 1239 3030 α
1272 2989 1532 3054 tanquam
1570 2996 1738 3037 arena
1787 2983 1982 3052 maris,
2015 3006 2038 3031 ιο

442 3071 511 3128 iis
556 3071 612 3126 in
648 3070 977 3127 memoriam
1039 3079 1254 3128 revocat
1297 3080 1536 3127 veterem
1585 3071 2041 3143 promissionem,

443 3177 550 3234 qua
576 3177 635 3217 se
662 3159 921 3233 indignos
943 3161 1365 3218 constituerunt.
1409 3165 1492 3218 Ne
1520 3160 1687 3233 igitur
1722 3161 2040 3230 turbemini,

444 3266 544 3307 ceu
593 3249 752 3306 irrita
783 3258 836 3306 et
864 3265 1001 3306 vana
1045 3251 1117 3306 sit
1143 3249 1288 3307 facta
1330 3249 1653 3323 promissio,
1689 3251 2040 3324 quandoqui-

2152 3159 2511 3232 κατέστησαν.
2570 3159 2668 3232 Μὴ
2699 3159 2873 3219 τοίνυν
2919 3159 3257 3240 θορυϐεῖσθε,
3291 3163 3363 3226 ὥς
3393 3162 3488 3230 τῆς
3521 3161 3755 3238 ἓπαγγε-

2154 3249 2271 3316 λίας
2331 3248 2762 3330 διαψευσθείσης,
2817 3249 2950 3308 ὅπου
3008 3271 3070 3330 γε
3130 3247 3323 3318 πάντες
3377 3253 3426 3308 οἱ
3483 3254 3755 3330 προφῆται

2743 3292 2762 3324 ἰ

444 3266 544 3307 ceu
593 3249 752 3306 irrita
783 3258 836 3306 et
864 3265 1001 3306 vana
1045 3251 1117 3306 sit
1143 3249 1288 3307 facta
1330 3249 1653 3323 promissio,
1689 3251 2044 3324 quandoqui-

441 3340 571 3398 dem
596 3355 790 3396 omnes
832 3339 1113 3413 propheta:
1141 3340 1503 3397 vaticinentur
1527 3339 1675 3398 haud
1702 3356 1898 3398 omnes
1926 3356 2044 3398 esse

440 3430 615 3488 salute
655 3430 870 3503 dignos.

515 3522 698 3577 Vens.
751 3525 840 3575 28.
897 3542 923 3570 ι
967 3520 1294 3577 Sermonem
1334 3518 1484 3577 enim
1525 3535 1929 3578 consummans
1987 3529 2044 3577 et

444 3609 746 3669 concidens
796 3610 854 3665 in
893 3610 1138 3683 jnstitia:
1175 3610 1444 3682 quoniam
1496 3625 1813 3668 sermonem
1849 3611 2042 3668 abbre-

444 3701 654 3756 viatum
710 3701 983 3756 Dominus
1025 3699 1191 3756 faciet
1236 3700 1294 3755 in
1341 3709 1508 3757 terra.
1573 3724 1598 3750 ››
1648 3701 1772 3772 Qua
1825 3702 2043 3758 ratione

439 3789 688 3862 reliquiae
715 3789 826 3846 sint
852 3788 1156 3855 servandas,
1196 3805 1345 3846 nunc
1379 3789 1630 3847 indicat:
1663 3794 1811 3860 Non,
1841 3790 2043 3865 inquit,

442 3879 720 3936 laboribus
745 3887 803 3936 et
828 3879 1262 3948 circuitionibus,
1280 3887 1449 3953 atque
1472 3879 1776 3938 afﬂictione
1803 3897 1868 3937 ex
1910 3897 2040 3954 ope-

439 3969 594 4026 ribus
638 3969 773 4041 legis
812 3977 931 4024 orta
959 3985 1100 4041 opus
1128 3976 1237 4037 est;
1269 3968 1370 4026 sed
1397 3972 1550 4027 Deus
1571 4012 1586 4040 ,
1630 3970 1837 4044 inquit,
1881 3971 2044 4043 perﬁ-

441 4059 592 4114 ciens
633 4066 690 4116 et
720 4057 1013 4116 considens
1059 4058 1146 4115 vel
1187 4058 1510 4117 abbrevians
1546 4075 1866 4117 sermonem
1913 4061 2042 4118 ﬁdei

443 4148 502 4202 in
545 4147 796 4204 universa
838 4155 1014 4216 terra,
1056 4147 1204 4204 hunc
1249 4147 1416 4206 faciet
1457 4148 1514 4205 in
1532 4150 1768 4223 justitia,
1812 4150 1919 4206 hoc
1959 4159 2045 4207 est

441 4244 505 4291 ut
525 4235 791 4308 justiﬁcet
825 4252 920 4292 eos
957 4237 1051 4309 qui
1107 4237 1267 4294 illum
1318 4241 1677 4312 susceperint.
1717 4264 1743 4289 ιι
1793 4240 1855 4296 Si
1895 4240 2042 4297 enim

443 4323 730 4381 confessus
757 4324 929 4382 fueris
949 4342 1042 4382 ore
1067 4334 1162 4384 tuo
1202 4329 1510 4385 Dominum
1545 4331 1761 4398 Jesum,
1787 4328 2038 4387 credide-

443 4415 626 4488 risque
652 4415 708 4471 in
754 4415 920 4472 corde
957 4425 1077 4486 tuo,
1120 4417 1267 4490 quod
1311 4422 1462 4475 Deus
1506 4419 1760 4475 excitavit
1789 4419 1973 4491 ipsum
2009 4435 2040 4474 a

2147 645 2306 702 ἐθνῶν
2323 687 2340 716 ,
2373 643 2420 702 οἱ
2447 640 2542 720 μὲν
2572 643 2843 702 ἐλεοῦνται
2859 686 2876 716 ,
2910 641 2958 700 οἱ
2985 639 3040 700 δὲ
3067 640 3148 701 οὔ.

2240 846 2270 883 (ί
2298 824 2392 892 Ὡς
2422 823 2513 883 καὶ
2545 823 2598 881 ἓν
2626 827 2702 903 τῷ
2732 820 2900 894 Ὠσηὲ
2937 821 3078 896 λέγει
3103 842 3115 856 ’
3147 824 3380 882 Καλέσω
3412 819 3502 882 τὸν
3533 825 3592 883 οὗ
3621 823 3752 883 λαόν

2151 938 2280 993 μου,
2328 914 2451 973 λαόν
2488 937 2617 988 μου,
2653 913 2743 971 καὶ
2772 913 2866 984 τὴν
2914 914 3008 972 οὐκ
3045 912 3431 990 ἠγαπημένην,
3463 915 3758 990 ἠγαπημέ-

2151 1029 2265 1077 νην.
2321 1003 2428 1063 Καὶ
2475 1003 2658 1075 ἔσται,
2689 1004 2743 1060 ἐν
2790 1005 2866 1082 τῷ
2912 1001 3059 1082 τόπῳ
3098 993 3156 1060 οὗ
3187 1002 3374 1083 ἐῤῥέθη
3423 1003 3635 1076 αὐτοῖς,
3668 1006 3755 1064 Οὐ

2151 1093 2278 1162 λαός
2303 1117 2404 1170 μου
2424 1095 2600 1168 ὑμεῖς,
2642 1093 2751 1151 ἐκεῖ
2786 1089 3145 1164 κληθήσονται
3169 1090 3274 1150 υἱοὶ
3297 1092 3439 1152 Θεοῦ
3461 1094 3672 1161 ζῶντος.
3720 1122 3744 1145 υ

2149 1181 2272 1244 Ἵνα
2313 1182 2389 1259 μὴ
2437 1181 2662 1260 λέγωσιν
2711 1182 2762 1241 οἱ
2809 1181 3107 1242 Ἰουδαῖοι·
3158 1180 3508 1261 Παραλογίζῃ
3573 1187 3754 1257 ἡμᾶς,

2155 1276 2372 1347 Παῦλε,
2423 1280 2641 1333 τοιαῦτα
2692 1271 2863 1352 λέγων
2907 1295 2920 1309 ·
2978 1270 3212 1352 παράγει
3270 1271 3362 1330 καὶ
3429 1271 3520 1331 τὸν
3584 1271 3756 1345 Ὠσηὲ

2157 1366 2367 1443 βοῶντα
2395 1361 2487 1421 καὶ
2514 1361 2736 1443 λέγοντα
2759 1385 2772 1399 ·
2803 1387 2828 1416 ‹‹
2863 1359 3095 1422 Καλέσω
3121 1361 3210 1421 τὸν
3241 1362 3300 1418 οὖ
3329 1359 3458 1419 λαόν
3485 1384 3606 1437 μου,
3627 1361 3758 1421 λαόν

2157 1442 2280 1533 μου.
2313 1479 2337 1507 n
2385 1452 2486 1519 Τίς
2512 1451 2617 1532 γὰρ
2647 1442 2712 1524 ἧν
2741 1453 2800 1511 οὐ
2829 1451 2957 1519 λαός
2977 1451 3064 1526 ⁴⁶ς
3109 1451 3197 1511 Τὰ
3228 1451 3373 1524 ἔθνη.
3411 1449 3524 1511 Καὶ
3549 1451 3626 1518 τίς
3661 1453 3760 1512 οὐκ

2159 1540 2514 1620 ἠγαπημένη,
2545 1540 2618 1601 εΗ
2668 1542 2844 1600 αὐτῶν
2895 1540 3224 1614 Ἐκκλησία.
3288 1539 3432 1602 Ἀλλ’
3479 1539 3624 1618 ὅμως
3664 1541 3757 1602 καὶ

2155 1633 2281 1701 λαὸς
2305 1631 2571 1712 ἐγένοντο,
2602 1631 2694 1691 καὶ
2717 1631 3086 1708 ἠγαπημένοι,
3113 1629 3208 1689 καὶ
3240 1653 3271 1686 ιι
3304 1629 3423 1691 Υἱοὶ
3447 1633 3590 1692 Θεοῦ
3621 1633 3757 1700 ζῶν-

2155 1723 2270 1796 τος¹,
2315 1748 2338 1775 ι
2365 1722 2426 1781 τὸ
2457 1725 2653 1798 μεῖζον.
2687 1721 2756 1780 Εἰ
2787 1721 2843 1780 δὲ
2874 1719 3020 1801 λέγοι
3049 1743 3156 1796 τις,
3192 1721 3275 1780 ὅτι
3303 1725 3460 1780 τοῦτο
3493 1720 3618 1801 περὶ
3649 1724 3756 1780 τῶν

2150 1811 2418 1875 Ἰουδαίων
2450 1811 2658 1893 εἴρηται
2698 1815 2803 1870 τῶν
2855 1810 3379 1889 ἀγνωμονησάντων,
3430 1802 3546 1869 εἶτα
3577 1834 3748 1891 προσ-

2149 1902 2478 1983 ληφθέν-των,
2532 1901 2678 1962 οὐδὲν
2735 1905 2910 1960 τοῦτο.
2976 1902 3038 1960 Εἰ
3090 1899 3193 1980 γὰρ
3245 1901 3331 1963 ἐπ’
3393 1898 3647 1979 ἐκείνων,
3699 1899 3751 1960 τί

2148 1991 2344 2051 ἐκώλυε
2370 1990 2460 2050 καὶ
2485 1989 2576 2049 ἐπὶ
2607 1993 2710 2052 τῶν
2744 1993 2905 2051 ἐθνῶν
2937 1993 3093 2049 τοῦτο
3120 1989 3416 2069 προϐῆναις

2237 2199 2263 2227 ιι
2320 2172 2552 2239 Ἡσαΐας
2611 2172 2667 2232 δὲ
2719 2171 2903 2252 κράζει
2952 2169 3083 2250 ὓπὲρ
3137 2173 3229 2230 τοῦ
3285 2168 3508 2252 Ἰσραήλ
3550 2193 3564 2208 ·
3616 2168 3755 2232 Ἐὰν

2149 2253 2184 2342 ᾖ
2230 2267 2259 2323 6
2308 2262 2528 2346 ἀριθμὸς
2572 2264 2676 2322 τῶν
2730 2262 2856 2322 υἱῶν
2915 2259 3140 2340 Ἰσραὴλ
3202 2261 3271 2328 ὥς
3319 2263 3354 2332 ἡ
3429 2258 3609 2338 ἄμμος
3659 2262 3758 2332 τῆς

2149 2352 2452 2427 θαλάσσης,
2484 2353 2544 2413 τὸ
2572 2351 2919 2429 κατάλειμμα
2947 2349 3268 2422 σωθήσεται.
3298 2375 3323 2402 ιι
3353 2351 3474 2410 Οὔκ
3515 2348 3754 2432 ἠρκέσθη

2148 2445 2224 2523 τῷ
2251 2442 2450 2518 Ὠσηὲ,
2485 2440 2625 2501 ἀλλὰ
2665 2441 2757 2500 καὶ
2796 2435 3032 2501 Ἡσαΐαν
3075 2439 3325 2520 μάρτυρα
3361 2439 3597 2518 παράγει
3625 2440 3760 2520 κρά-

2148 2535 2342 2606 ζοντα,
2389 2531 2663 2606 τουτέστι,
2697 2529 2835 2608 μετᾶ
2865 2529 3169 2613 παῤῥησίας
3213 2529 3625 2611 ἀναφωνοῦντα,
3663 2529 3758 2589 καὶ

2148 2623 2248 2702 οὐχ
2300 2622 2790 2696 ὑποστελλόμενον,
2831 2619 2912 2679 ὅτι
2964 2622 3024 2680 οὗ
3078 2619 3275 2688 πάντες
3319 2619 3653 2692 σωθήσονται
3702 2624 3750 2680 οἳ

2150 2709 2202 2780 ἐξ
2232 2711 2477 2791 Ἰσραὴλ,
2503 2713 2622 2771 ἀλλ’
2668 2713 2716 2770 οἱ
2748 2709 2884 2780 ἄξιοι
2919 2731 2932 2746 ⁶
2956 2714 3112 2770 τοῦτο
3141 2709 3245 2789 γάρ
3275 2710 3412 2784 ἐστι,
3435 2737 3457 2762 σι
3483 2709 3565 2770 Τὸ
3591 2709 3758 2770 κατά-

2148 2802 2378 2879 λειμμα,
2399 2827 2423 2854 n
2448 2801 2744 2878 τουτέστιν,
2777 2804 2810 2871 ἡ
2844 2799 3056 2878 ἐκλογή·
3081 2797 3168 2868 οὓς
3197 2800 3482 2859 κατέλιπεν
3509 2803 3539 2858 6
3560 2798 3702 2868 Θεὸς
3727 2846 3746 2876 ,

2156 2891 2247 2949 καὶ
2296 2891 2586 2971 ἀφώρισεν,
2629 2891 2700 2957 ὡς
2749 2889 2923 2959 ἀξίους
2957 2887 3182 2962 δηλαδή.
3227 2888 3323 2949 Ἐν
3356 2888 3413 2948 δὲ
3445 2891 3522 2968 τῷ
3551 2892 3755 2968 εἰπεῖν,

2156 3003 2186 3039 α
2222 2980 2324 3048 “Ως
2372 2987 2406 3054 ἡ
2440 2981 2616 3058 ἄμμος
2659 2982 2752 3051 τ’ἤς
2795 2979 3093 3052 θαλάσσης,
3145 3001 3174 3036 n
3220 2979 3619 3056 ἀναμιμνήσκει
3649 2981 3756 3038 αὗ-

2152 3069 2270 3138 τοὺς
2319 3075 2413 3143 τῆς
2456 3070 2688 3137 παλαιᾶς
2738 3069 3087 3148 ἐπαγγελίας,
3136 3059 3198 3141 ἧς
3245 3067 3464 3138 ἑαυτοὺς
3512 3068 3758 3140 ἀναξίους

2152 3159 2511 3232 κατέστησαν.
2570 3156 2668 3232 Μὴ
2699 3158 2873 3219 τοίνυν
2919 3157 3257 3240 θορυϐεῖσθε,
3291 3163 3363 3226 ὥς
3393 3162 3488 3230 τῆς
3521 3161 3755 3238 ἓπαγγε-

2152 3329 2622 3421 προαναφωνοῦσι,
2658 3337 2732 3417 μὴ
2769 3337 2974 3406 πάντας
3003 3329 3138 3398 εἶναι
3167 3337 3341 3409 ἀξίους
3371 3329 3666 3418 σωτηρίας.

2237 3539 2270 3573 α
2303 3517 2474 3596 Λόγον
2506 3516 2609 3596 γὰρ
2643 3520 2936 3596 συντελῶν,
2980 3517 3071 3576 καὶ
3104 3516 3409 3598 συντέμνων
3458 3521 3512 3578 ἐν
3543 3521 3745 3581 δικαιο-

2151 3605 2315 3687 σύνῃ,
2353 3606 2434 3667 ὅτι
2473 3605 2630 3682 λόγον
2681 3607 3108 3684 συντετμημένον
3160 3606 3376 3680 ποιήσει
3425 3607 3620 3690 Κύριος
3663 3610 3752 3670 ἐπὶ

2149 3701 2244 3769 τῆς
2291 3701 2406 3776 γῆς.
2440 3723 2466 3751 ιο
2518 3699 2630 3759 Νῦν
2661 3694 2892 3756 δείκνυσι
2947 3699 3059 3765 πῶς
3120 3697 3418 3770 σωθήσεται
3465 3699 3527 3760 τὸ
3578 3701 3749 3759 κατά·

2149 3789 2388 3865 λειμμα,
2413 3785 2506 3847 καί
2532 3809 2718 3868 φησιν,
2749 3784 2830 3845 ὅτι
2859 3788 2916 3846 οὖ
2947 3785 3105 3869 χρεία
3128 3786 3302 3847 πόνων
3340 3791 3431 3848 καὶ
3459 3788 3750 3869 περιόδων,

2150 3876 2243 3937 καὶ
2288 3880 2382 3948 τῆς
2419 3876 2792 3957 ταλαιπωρίας
2845 3882 2940 3950 τῆς
2983 3875 3072 3936 ἐπὶ
3115 3877 3224 3945 τοῖς
3280 3876 3451 3957 ἔργοις
3497 3880 3605 3947 τοῖς
3654 3903 3750 3940 νο-

2153 3974 2326 4045 μικοῖς
2356 3983 2372 3999 ⁸
2408 3967 2530 4026 ἀλλ’
2558 3971 2586 4026 6
2615 3967 2752 4034 Θεὸς
2776 4011 2794 4043 ,
2828 3965 2996 4047 φησὶ,
3029 3968 3293 4025 συντελῶν
3321 3966 3414 4026 καὶ
3441 3969 3749 4046 συντέμνων

2149 4056 2240 4116 τὸν
2268 4058 2422 4137 λόγον
2467 4059 2562 4129 ἧς
2613 4055 2844 4124 πίστεως
2892 4055 2980 4115 ἐπὶ
3027 4055 3206 4129 πάσης
3250 4059 3347 4129 τῆς
3384 4059 3514 4135 γῆς,
3565 4063 3747 4120 τοῦτον

2149 4145 2362 4218 ποιήσει
2410 4147 2464 4204 ἐν
2512 4144 2852 4225 δικαιοσύνῃ,
2900 4143 3205 4217 τουτέστιν,
3256 4143 3397 4204 ὥστε
3453 4147 3746 4208 δικαιῶσαι

2149 4233 2268 4303 τοὺς
2306 4233 2761 4316 παραδεξομένους
2792 4239 2994 4294 τοῦτον.
3051 4261 3076 4286 α
3112 4233 3246 4293 Ἐὰν
3275 4233 3378 4315 γὰρ
3408 4234 3748 4317 ὁμολογήσῃς

2148 4328 2228 4406 τῷ
2277 4324 2504 4402 στόματί
2551 4347 2646 4385 σου
2695 4323 2890 4404 Κύριον
2947 4322 3186 4396 Ἰησοῦν,
3225 4324 3318 4384 καὶ
3357 4322 3644 4406 πιστεύσῃς
3693 4328 3746 4384 ἐν

2154 4421 2221 4494 τῇ
2261 4414 2454 4496 καρδίᾳ
2477 4436 2606 4496 σου,
2638 4412 2720 4474 ὅτι
2751 4412 2910 4472 αὐτὸν
2942 4413 3152 4494 ἤγειρεν
3177 4416 3204 4473 6
3234 4413 3374 4482 Θεὸς
3411 4417 3472 4474 ἐκ
3504 4417 3704 4495 νεκρῶν
3728 4462 3744 4490 ,

441 4505 699 4573 mortuis,
746 4505 929 4564 salvus
971 4507 1080 4564 eris
1103 4510 1148 4564 °.
1175 4530 1202 4557 ι»
1241 4508 1348 4565 Hic
1392 4516 1506 4578 est,
1546 4509 1804 4565 concisus
1844 4507 2038 4566 abbre-

2151 4494 2390 4585 σωθήσῂ.
2417 4494 2444 4557 δέ
2463 4494 2637 4572 Οὗτός
2663 4505 2803 4563 ἐστιν
2829 4507 2856 4563 6
2877 4501 3309 4582 συντετμημένος
3330 4503 3505 4583 λόγος,
3534 4494 3750 4586 τὰίβρα-

442 4594 735 4668 viatusque
781 4611 986 4665 sermo,
1016 4597 1204 4654 brevia
1239 4599 1506 4655 nimirum
1545 4598 1673 4655 ﬁdei
1709 4597 1895 4655 verba.

512 4688 696 4741 Vsns.
730 4691 819 4742 29.
854 4709 879 4733 α
906 4688 980 4742 Et
1015 4687 1159 4744 sicut
1204 4687 1458 4760 pradixit
1501 4688 1717 4760 Isaias,
1745 4688 1897 4745 :Nisi
1928 4691 2038 4746 Do-

437 4774 622 4830 minus
651 4775 966 4848 reliquisset
1009 4776 1169 4839 nobis
1195 4792 1408 4844 semen,
1440 4777 1586 4833 velut
1638 4777 1878 4834 Sodoma
1908 4777 2037 4834 facti

437 4877 706 4932 essemus,
755 4872 810 4921 et
851 4865 990 4921 sicut
1029 4866 1344 4923 Gomorrha
1388 4867 1595 4923 similes
1644 4866 1962 4925 fuissemus.
2004 4888 2034 4921 »

436 4955 579 5010 Cum
604 4953 825 5010 dixisset
854 4956 1110 5028 reliquias
1144 4963 1369 5012 tantum
1388 4954 1508 5012 fore
1533 4957 1711 5013 salvas
1727 4999 1742 5029 ,
1771 4957 2036 5030 quidnam

455 5051 579 5099 stuc
628 5042 722 5113 sit,
788 5060 936 5100 nunc
977 5047 1394 5117 interpretatur,
1453 5045 1740 5118 inquiens,
1785 5048 2039 5121 Reliquit

433 5132 593 5189 nobis
633 5136 780 5190 Deus
799 5133 1040 5190 electum
1075 5149 1265 5191 semen
1280 5152 1344 5191 ac
1360 5133 1879 5193 fermentumznam
1913 5154 2033 5210 pro,

431 5222 624 5295 Elegit,
662 5248 684 5270 «
710 5223 978 5296 Reliquit,
1015 5247 1040 5272 »
1067 5224 1257 5295 posuit
1283 5243 1296 5281 :
1325 5233 1390 5282 ut
1412 5225 1515 5282 nisi
1544 5229 1694 5282 Deus
1713 5242 2033 5286 conservas-

430 5320 512 5368 set
565 5311 719 5382 illud,
769 5329 991 5384 prorsus
1031 5313 1436 5371 interiissemus
1499 5314 1725 5387 perinde
1768 5332 1832 5373 ac
1868 5317 2035 5375 Sodo-

435 5414 527 5456 ma
563 5409 618 5455 et
670 5402 1020 5472 Gomorrha’,
1062 5411 1252 5476 utpote
1287 5403 1647 5462 condemnati
1685 5406 1758 5463 ob
1810 5417 2032 5480 peccata

438 5497 650 5546 nostra.

506 5580 672 5637 mOse
701 5595 773 5650 ιι,
809 5587 984 5652 24;1,
1015 5588 1102 5638 10.
1179 5594 1203 5620 ιι
1234 5588 1341 5642 Isa.
1373 5601 1436 5643 ι.
1468 5589 1560 5642 22.
1638 5597 1662 5620 υ
1687 5589 1858 5644 Rom.
1892 5603 1956 5657 x,
1985 5595 2046 5646 9.

2150 4593 2252 4674 χέα
2284 4599 2380 4666 τῆς
2405 4592 2631 4661 πίστεως
2659 4593 2897 4675 ῥήματα.

2239 4705 2268 4742 (ι
2292 4682 2404 4745 Καὶ
2445 4682 2618 4751 καθὼς
2668 4683 2982 4764 προείρηκεν
3027 4677 3295 4753 (Ησαΐαςο
3332 4685 3399 4744 Εἰ
3443 4683 3520 4760 μὴ
3549 4682 3747 4765 Κύριος

2150 4772 2386 4833 Σαϐαὼθ
2433 4772 2780 4852 ἐγκατέλιπεν
2833 4773 2961 4844 ἡμῖν
3014 4771 3267 4852 σπέρμα,
3311 4777 3383 4840 ὥς
3430 4773 3650 4850 Σόδομα
3679 4774 3746 4834 ἂν

2149 4863 2474 4942 ἐγενήθημεν
2493 4906 2511 4937 ,
2541 4863 2632 4922 καὶ
2662 4865 2733 4930 ὡς
2781 4860 3033 4944 Γόμοῤῥα
3075 4859 3139 4919 ἂν
3187 4863 3563 4940 ὡμοιώθημεν.
3597 4889 3623 4916 ιι
3655 4866 3751 4926 Εἷ-

2149 4953 2262 5012 πὼν
2280 4999 2296 5029 ,
2329 4951 2412 5013 ὅτι
2439 4951 2520 5014 Τὸ
2551 4952 2903 5031 κατάλειμμα
2936 4950 3239 5024 σωθήσεται
3260 5001 3273 5024 ,
3301 4958 3392 5012 νῦν
3426 4951 3706 5034 ἑρμηνεύει
3725 5002 3744 5034 ,

2145 5042 2198 5101 τί
2244 5044 2358 5102 ἐστι
2385 5047 2572 5122 τοῦτο,
2621 5041 2714 5101 καί
2766 5064 2957 5123 φησιν,
2991 5040 3072 5102 ὅτι
3102 5039 3180 5103 ⁸0
3225 5043 3573 5123 ἐγκατέλιπεν
3616 5047 3746 5124 ἡμῖν

2147 5135 2174 5191 6
2204 5132 2342 5200 Θεὸς
2390 5132 2667 5193 ἐπίλεκτον
2699 5131 2915 5212 σπέρμα
2957 5133 3047 5190 καὶ
3079 5131 3267 5210 ζύμην.
3302 5131 3441 5191 Ἀντὶ
3471 5131 3574 5213 γὰρ
3617 5139 3748 5213 τοῦ,

2148 5221 2460 5298 ἐπελέξατο,
2489 5221 2570 5296 τὸ,
2609 5245 2639 5282 (ι
2664 5221 3021 5301 Ἐγκατέλιπε
3042 5267 3058 5296 ,
3089 5249 3113 5274 υ
3150 5222 3315 5282 τέθειν
3347 5223 3367 5299 [
3452 5223 3743 5304 τέθεικεν]·

2145 5314 2216 5379 ὡς
2262 5310 2312 5371 εἴ
2350 5336 2410 5391 γε
2457 5313 2532 5389 μὴ
2581 5311 2776 5379 ὁΘεὸς
2827 5310 3134 5392 συνετήρει,
3185 5311 3522 5392 πανωλεθρίᾳ
3568 5310 3633 5370 ἂν
3683 5315 3746 5372 ἀ-

2145 5399 2436 5485 πολώμεθα
2575 5400 2826 5479 ἀπωλόμ.
2847 5400 2896 5482 ],
2920 5405 2992 5468 ὥς
3017 5399 3084 5460 τὰ
3110 5400 3330 5480 Σόδομα
3347 5403 3439 5461 καὶ
3467 5405 3510 5462 Γ
3512 5400 3746 5485 όμοῤῥα,

2144 5481 2230 5551 οἶα
2261 5489 2326 5563 δὴ
2361 5489 2416 5560 ἐξ
2444 5481 2720 5573 ἁμαρτιῶν
2752 5481 3035 5550 κατάδικοι
3069 5488 3234 5559 ὄντες.

2143 5599 2169 5634 ι’
2188 5593 2295 5646 Isa.
2331 5603 2379 5659 ι,
2406 5595 2461 5647 9.

1821 5668 2006 5729 Variae
2052 5671 2355 5732 lectiones.

506 5739 549 5773 “5
573 5739 600 5791 6
630 5739 766 5802 λαός.
798 5739 875 5796 ἴσ.
909 5741 938 5794 6
962 5742 1018 5795 οὗ
1043 5742 1164 5806 λαὸς
1194 5761 1242 5801 ο-
