4150 6438
393 479 501 534 473

1363 454 1714 516 EXPOSITIO
1752 455 1820 511 ΙΝ
1859 452 2070 509 EPlST.
2111 450 2203 507 AD
2240 448 2408 507 ROM.
2448 478 2521 489 —
2559 449 2709 503 CAP.
2753 448 2812 502 Χ.

3595 447 3701 503 474

475 630 499 654 α
528 598 599 661 Τί
622 589 714 658 οὖν
741 598 963 676 ἐροῦμεν
983 613 999 668 ;
1022 591 1153 654 ⁰Οτι
1173 590 1295 661 ἔθνη
1322 585 1390 647 τὰ
1412 582 1488 664 μὴ
1513 582 1769 676 διώκοντα
1796 582 1993 676 δικαιο-

2173 578 2350 634 Vsus.
2369 580 2461 643 30,
2481 580 2570 632 31.
2600 596 2625 621 οι
2645 571 2793 646 Quid
2812 570 2974 646 igitur
2999 571 3250 630 dicemus
3276 577 3298 630 ξ’
3324 572 3488 645 Quod
3506 581 3699 646 gentes

394 691 556 764 σύνην

610 661 881 748 κατέλαϐε
924 661 1296 753 δικαιοσύνην,
1326 661 1663 749 δικαιοσύνην
1702 672 1759 733 δὲ
1798 671 1896 747 τὴν
1929 676 1989 735 ἐκ

2121 682 2216 740 luat
2286 681 2402 723 non
2453 664 2805 721 sectabantur
2857 661 3161 735 justitiam,
3215 662 3699 734 apprehenderunt

397 752 650 846 πίστεως.
684 774 906 856 Ἰσραὴλ
954 770 1009 833 δὲ
1052 769 1256 831 διώκων
1282 752 1285 753 ν
1308 766 1468 856 νόμον
1503 762 1870 856 δικαιοσύνης,
1920 767 1993 834 εἰς

2121 756 2396 827 ustitiam,
2430 754 2707 828 justitiam
2732 760 2923 811 autem
2958 767 3083 826 quas
3113 760 3198 809 est
3224 768 3289 808 ex
3338 752 3444 809 ﬁde
3485 771 3499 809 :
3530 754 3699 810 Israel

395 868 558 948 νόμον
589 853 925 939 δικαιοσύνης
953 865 1047 923 οὐκ
1071 862 1319 945 ἔφθασεν.
1355 884 1379 909 ι
1408 855 1678 948 Ἐνταῦθα
1708 853 1803 948 τὴν
1829 877 1994 948 σαφε-

399 941 602 1029 στάτην
652 955 802 1017 λύσιν
850 951 1070 1031 ἐπάγει,
1111 941 1325 1016 δεικνὺς
1347 992 1364 1021 ,
1417 945 1576 1007 πόθεν
1627 944 1693 1005 τὰ
1722 941 1820 1022 μὲν
1867 943 1991 1018 ἔθνη

399 1047 876 1130 προσελήφθησαν,
928 1044 979 1103 οἱ
1022 1040 1079 1103 δὲ
1121 1040 1453 1130 Ἰσραηλῖται
1498 1036 1826 1130 ἀπώσθησαν
1859 1034 1996 1130 ’.καί

403 1125 590 1218 φησιν,
620 1125 701 1195 ὅτι
731 1135 818 1195 Τὰ
852 1132 947 1210 μὲν
985 1130 1106 1202 ἔθνη
1136 1130 1232 1201 τὴν
1276 1129 1336 1187 ἐκ
1380 1127 1607 1192 πίστεως
1655 1125 1993 1197 δικαιοσύνην

400 1214 732 1307 κατέχοντα,
763 1220 1152 1293 ἐδικαιώθησαν
1181 1219 1341 1286 ὄντως
1366 1218 1442 1307 τί*
1475 1218 1525 1277 οἱ
1545 1214 1610 1307 δὲ-
1634 1214 1991 1307 Ἰσραηλῖται,

404 1317 492 1377 τὸν
526 1303 683 1394 νόμον
712 1317 805 1387 τῆς
848 1310 1219 1386 δικαιοσύνης,
1266 1306 1539 1384 τουτέστι,
1568 1305 1657 1367 τὸν
1708 1303 1762 1375 ἐξ
1793 1304 1960 1386 ἔργων
1981 1350 1996 1378 ,

405 1406 681 1473 διώκοντες
723 1402 815 1464 καὶ
845 1406 1154 1477 ζητοῦντες,
1194 1400 1291 1459 οὐκ
1320 1399 1555 1479 ἔφθασαν
1588 1398 1661 1465 εἷς
1688 1395 1750 1456 τὸ
1773 1397 1997 1456 δικαιω-

405 1500 578 1569 θῆναι.
606 1497 690 1557 Οὐ
714 1494 817 1575 γὰρ
845 1491 1078 1566 ἠδύνατο
1102 1492 1436 1551 δικαιῶσαιὸ
1465 1487 1518 1557 ἐξ
1550 1487 1715 1569 ἔργων
1746 1486 1923 1565 νόμος.

491 1703 516 1731 α
557 1675 662 1737 Διὰ
708 1674 802 1753 τίς
831 1673 965 1737 *Ότι
993 1674 1090 1733 οὗκ
1119 1674 1180 1733 ἐκ
1212 1671 1468 1747 πίστεως,
1508 1669 1626 1732 ἀλλ’
1652 1672 1723 1739 ὥς
1753 1670 1808 1741 ἐξ
1837 1670 2003 1752 ἔργων

634 1788 665 1825 ο
722 1764 998 1865 Ἐρωτᾷς,
1036 1762 1204 1865 ,πόθεν
1252 1767 1301 1823 οἱ
1326 1761 1687 1865 ,Ἰσραηλῖται
1738 1760 2005 1865 άπέτυχον
2036 1803 2084 1865 Β

410 1860 503 1916 τοῦ
553 1857 923 1929 δικαιωθῆναι,
954 1852 1129 1913 καίτοι
1182 1851 1563 1921 σπουδάζοντες
1604 1850 1814 1928 πολλά;
1851 1852 2007 1912 Μάν-

412 1952 533 2005 θανε
558 1946 637 2004 ὅτι
673 1974 697 1997 ιι
730 1946 821 2003 οὐκ
847 1948 907 2004 ἐκ
926 1944 1154 2012 πίστεως
1180 1970 1205 1995 ιι
1229 1943 1443 2014 ἐζήτουν
1474 1942 1816 2012 δικαιωθῆναι
1838 1989 1854 2016 ,
1890 1943 2005 2003 ἀλλ’

416 2065 438 2088 ι
463 2038 533 2102 ὣς
563 2034 613 2103 ἐξ
642 2034 809 2115 ἔργων
838 2035 1027 2111 νόμου.
1056 2060 1080 2085 ι»
1105 2033 1209 2094 Ἐκ
1238 2033 1290 2092 δὲ
1322 2031 1488 2113 ἔργων
1513 2031 1676 2109 νόμου
1707 2033 1766 2115 ού
1792 2033 2007 2092 δικαιω-

414 2126 631 2199 θήσεται
675 2111 827 2183 πᾶσα
874 2123 1025 2204 σάρξ.
1057 2122 1204 2204 ’Όρα
1251 2111 1362 2195 δὲ,
1391 2124 1505 2189 πῶς
1552 2122 1648 2180 οὐκ
1704 2111 1878 2195 εἶπεν,
1914 2121 2008 2192 Ἐξ

421 2217 587 2296 ἔργων
609 2260 624 2288 ,
681 2212 828 2291 ἀλλ’,
864 2236 896 2269 ιι
929 2212 1024 2282 Ὡς
1071 2213 1123 2283 ἐξ
1170 2212 1342 2293 ἔργων
1389 2235 1402 2249 ·
1434 2209 1523 2270 ἵνα
1550 2239 1574 2266 υ
1605 2210 1745 2293 δείξῃ
1783 2212 1866 2273 ὅτι
1916 2216 2011 2273 ούκ

413 2308 659 2379 ἀληθῶς,
695 2304 813 2364 οὐδὲ
861 2306 969 2364 τῶν
1016 2303 1183 2385 ἔργων
1237 2303 1624 2381 ἐπεμελοῦντο,
1675 2304 1795 2363 ἀλλ’
1835 2306 1906 2371 ὥς
1956 2304 2010 2363 ἐν

413 2396 706 2477 ὑποκρίσει.

504 2598 535 2636 ιι
561 2576 913 2659 Προσέκοψαν
938 2577 1040 2656 γὰρ
1071 2577 1147 2657 τῷ
1176 2556 1307 2657 λίθῳ
1330 2577 1426 2635 τοῦ
1455 2574 1890 2655 προσκόμματος,
1922 2599 2016 2635 κα-

413 2668 520 2737 θὼς
549 2667 850 2749 γέγραπται
882 2691 895 2704 ·
936 2664 1070 2728 Ἰδοὺ
1124 2664 1311 2743 τίθημι
1356 2666 1413 2725 ἐν
1451 2663 1595 2727 Σιὼν
1643 2665 1787 2725 λίθον
1836 2690 2016 2747 προσ-

414 2760 719 2838 κόμματος,
778 2757 869 2817 καὶ
921 2755 1121 2837 πέτραν
1173 2756 1475 2816 σκανδάλου
1506 2776 1520 2791 ·
1574 2754 1667 2814 καὶ
1713 2764 1819 2823 πᾶς
1849 2760 1877 2815 ὁ
1915 2780 2009 2815 πι-

416 2849 615 2911 στεύων
646 2851 729 2907 ἐπ’
769 2847 917 2929 αὐτῷ
964 2848 1021 2906 οὗ
1061 2845 1605 2927 καταισχυνθήσεται.
1644 2869 1674 2901 γ»
1731 2844 1801 2908 ‘0
1840 2870 2013 2928 προσ-

414 2940 624 3001 κόπτων
645 2983 662 3012 ,
708 2939 769 2997 εκ
799 2943 893 2998 τοῦ
916 2935 1047 3017 πρὸς
1077 2934 1231 3016 ἕτερα
1263 2935 1579 3017 κεχηνέναι,
1610 2934 1701 2995 καὶ
1737 2936 1815 3015 μὴ
1847 2961 2016 3019 προσ-

429 3032 444 3050 Ι

419 3032 697 3145 ἔχεινὶτοῖς
716 3026 1069 3145 ⁸ἔμπροσθεν,
1112 3025 1463 3134 προσκόπτει.
1517 3024 1629 3132 lini
1673 3026 1723 3085 οἱ
1764 3025 2018 3145 Ἰρυδριῖοι

2100 863 2232 905 vero
2259 846 2527 905 sectando
2554 844 2730 916 legem
2743 842 2991 916 justitiaa,
3024 842 3080 898 in
3117 842 3293 915 legem
3330 842 3555 916 justitiae
3585 859 3701 899 non

2100 937 2370 1011 pervenit.
2422 958 2447 986 ιι
2492 933 2918 1008 Apertissimam
2954 932 3046 989 hic
3081 931 3408 989 dilutionem
3452 931 3697 1003 adducit,

2101 1027 2395 1084 ostendens
2414 1024 2563 1083 unde
2587 1032 2773 1097 gentes
2794 1022 3024 1095 quidem
3056 1022 3168 1078 sint
3193 1032 3511 1095 assumptae,
3560 1025 3702 1079 Isra-

2101 1118 2243 1175 elita:
2270 1132 2401 1174 vero
2429 1115 2632 1188 repulsi
2658 1132 2671 1170 :
2709 1114 2938 1181 Gentes,
2978 1112 3257 1186 inquiens,
3289 1128 3357 1168 ex
3386 1111 3494 1169 ﬁde
3533 1112 3700 1185 justi-

2105 1209 2243 1265 tiam
2291 1213 2563 1273 tenentes,
2620 1218 2811 1261 revera
2853 1210 2983 1261 sunt
3029 1202 3349 1275 justiﬁcatae
3390 1221 3403 1258 :
3444 1202 3708 1261 Israelita

2104 1313 2232 1355 vero
2262 1297 2440 1371 legem
2474 1293 2724 1369 justitim,
2754 1292 2862 1349 hoc
2899 1301 3006 1362 est,
3045 1308 3171 1365 quae
3204 1300 3288 1348 est
3320 1308 3387 1349 ex
3422 1292 3707 1364 operibus,

2104 1394 2494 1461 persequentes
2518 1394 2575 1441 et
2604 1389 2936 1457 quaerentes,
2994 1381 3067 1438 ad
3109 1382 3567 1456 justiﬁeationem
3590 1398 3706 1439 non

2107 1485 2488 1551 pervenerunt.
2550 1478 2694 1533 Nam
2750 1473 2837 1530 lex
2896 1488 3021 1546 qua
3081 1472 3339 1546 operibus
3399 1472 3708 1543 constabat,

2099 1566 2403 1642 justiﬁcare
2446 1582 2562 1622 non
2600 1570 2833 1638 poterat.

2179 1661 2360 1715 Vsus.
2391 1662 2478 1714 32.
2511 1679 2537 1706 ιι
2581 1655 2806 1725 Quare?
2833 1651 2975 1722 Quia
3003 1666 3120 1708 non
3148 1668 3217 1708 ex
3254 1652 3384 1723 ﬁde,
3432 1651 3531 1709 sed
3556 1652 3711 1725 quasi

2110 1764 2178 1806 ex
2223 1747 2477 1821 operibus
2540 1744 2696 1817 legis.
2746 1763 2775 1797 »
2813 1742 3193 1809 Percontaris,
3255 1742 3400 1799 unde
3444 1742 3710 1799 Israelitae

2112 1837 2414 1896 exciderint
2443 1835 2897 1909 ajustiﬁcatione,
2925 1833 3144 1891 etiamsi
3177 1831 3350 1888 multa
3392 1832 3508 1888 sint
3546 1847 3715 1889 cona-

2113 1928 2195 1984 ti?
2224 1926 2475 1996 Noveris,
2500 1927 2695 1999 inquit,
2722 1927 2872 2000 quod
2904 1950 2926 1974 ι
2978 1941 3092 1982 non
3116 1922 3307 1992 exﬁﬁde
3330 1944 3356 1971 ν
3390 1921 3715 1994 quaerebant

2110 2016 2431 2092 justiﬁcari,
2477 2016 2572 2074 sed
2604 2040 2628 2065 ιο
2670 2017 2821 2090 quasi
2872 2032 2937 2074 ex
2970 2014 3226 2088 operibus
3259 2011 3417 2084 legis.
3470 2034 3493 2060 υ
3544 2010 3716 2083 Atqui

2116 2124 2182 2165 ex
2210 2107 2465 2180 operibus
2499 2107 2635 2180 legis
2680 2123 2793 2164 non
2813 2104 3206 2179 justiﬁcabitur
3242 2101 3426 2158 omnis
3470 2116 3603 2158 caro
3695 2144 3707 2155 .

2119 2197 2366 2256 Observa
2393 2205 2582 2254 autem
2608 2196 2763 2270 quod
2792 2212 2905 2253 non
2934 2194 3151 2260 dixerit,
3189 2191 3301 2266 74
3328 2194 3411 2249 Ex
3433 2189 3714 2263 operibus,

2118 2287 2239 2359 sed,
2268 2310 2294 2337 ιι
2322 2286 2490 2359 Quasi
2538 2303 2605 2343 ex
2640 2286 2918 2359 operibus,
2973 2308 2999 2335 ι»
3032 2293 3097 2341 ut
3126 2281 3382 2341 ostendat
3414 2279 3562 2353 quod
3600 2296 3717 2337 non

2117 2378 2259 2436 serio
2298 2378 2410 2435 sint
2436 2393 2669 2449 operum
2703 2377 2839 2434 tacti
2875 2392 3028 2447 cura,
3058 2374 3156 2432 sed
3193 2372 3548 2430 simulatione
3584 2388 3719 2445 qua-

2120 2470 2251 2528 dam
2297 2476 2354 2527 et
2380 2467 2679 2543 hypocrisi.

2194 2561 2377 2617 Vsus.
2399 2563 2488 2615 33.
2521 2580 2547 2605 α
2588 2555 2963 2623 Offenderunt
2994 2554 3142 2613 enim
3185 2554 3243 2611 in
3273 2550 3512 2625 lapidem
3535 2550 3716 2609 offen—

2122 2649 2328 2717 sionis,
2351 2649 2496 2705 sicut
2523 2648 2795 2719 scriptum
2823 2654 2909 2704 est
2941 2666 2955 2703 :
2988 2648 3131 2702 Ecce
3163 2659 3307 2718 pono
3340 2643 3398 2698 in
3425 2641 3558 2698 Sion
3580 2642 3719 2714 lapi-

2122 2738 2253 2795 dem
2287 2736 2644 2805 offensionis,
2693 2745 2749 2794 et
2781 2744 2996 2809 petram
3023 2733 3290 2804 scandali,
3320 2740 3378 2789 et
3406 2731 3589 2788 omnis
3627 2731 3723 2803 qui

2123 2828 2297 2886 credit
2334 2828 2390 2884 in
2432 2843 2560 2884 eum
2600 2842 2713 2884 non
2749 2825 3125 2884 confundetur
3145 2830 3185 2881 τ.
3247 2848 3273 2874 ιι
3301 2822 3410 2894 Qui
3440 2820 3718 2894 impingit,

2127 2927 2416 2992 propterea
2447 2917 2729 2991 impingit,
2763 2916 2912 2990 quod
2947 2915 3066 2974 aliis
3114 2912 3306 2982 inhiet,
3337 2928 3451 2969 non
3479 2910 3724 2968 animad-

2124 3018 2342 3067 vertens
2388 3007 2523 3083 quid
2552 3006 2785 3081 pedibus
2813 3007 2883 3065 sit
2910 3005 3155 3064 obvium.
3192 3002 3369 3062 Judaei
3399 3003 3585 3076 itaque
3614 3001 3718 3074 legi

426 3090 433 3091 ί
681 3090 695 3096 -
771 3090 783 3107 ι
859 3090 870 3108 1
1053 3090 1068 3101 ι
1159 3090 1170 3109 ι

417 3090 507 3180 οῦν
559 3121 619 3177 ἐκ
654 3122 749 3178 τοῦ
794 3116 925 3198 πρὸς
979 3116 1067 3175 τὸν
1132 3116 1294 3193 νόμον
1345 3115 1627 3196 κεχηνέναι
1672 3116 2011 3200 προσέκοψαν

2127 3099 2421 3169 inhiantes,
2458 3098 2516 3155 in
2545 3097 2829 3155 Christum
2858 3097 3224 3170 impegerunt,
3261 3095 3314 3152 id
3346 3102 3429 3151 est
3455 3090 3723 3150 increduli

417 3213 494 3290 τῷ
525 3210 774 3291 Χριστῷ,
825 3205 1133 3281 τουτέστιν,
1182 3204 1510 3280 ἠπίστησαν.
1567 3204 1727 3272 Λίθος
1764 3205 1822 3266 δὲ
1851 3232 2017 3289 προσ.

418 3300 725 3378 κόμματος,
776 3296 869 3357 καὶ
931 3295 1101 3377 πέτρα
1153 3295 1487 3373 σκανδάλου,
1543 3294 1649 3355 ἀπὸ
1694 3300 1790 3356 τοῦ
1839 3298 2020 3369 τέλους

420 3390 512 3451 καὶ
579 3394 673 3462 τῆς
743 3386 1011 3454 ἐκϐάσεως
1083 3389 1188 3445 τῶν
1246 3385 1654 3459 ἀπιστησάντων
1711 3386 2036 3466 ὠνόμασται,

421 3485 450 3540 ὁ
508 3476 757 3561 Χριστός.
817 3476 988 3544 Αὐτὸς
1032 3474 1137 3558 γὰρ
1211 3475 1333 3536 καθ’
1393 3474 1577 3536 ἑαυτὸν
1630 3475 1870 3554 θεμέλιος
1927 3482 2019 3541 καὶ

422 3570 693 3652 ἑδραίωμα
744 3566 896 3641 ἐτέθη
934 3590 948 3605 ⁸
986 3566 1123 3650 φησὶ
1152 3564 1255 3648 γὰρ
1288 3590 1302 3605 ο
1355 3588 1386 3626 α
1416 3569 1534 3633 Πᾶς
1564 3569 1594 3625 ὃ
1626 3565 1892 3627 πιστεύων
1935 3572 2019 3629 ἐπ’

422 3662 567 3741 αὐτῷ
586 3659 638 3699 ⁴⁸
658 3660 718 3718 οὔ
742 3656 1286 3740 καταισχυνθήσεται,
1318 3683 1341 3711 ι
1364 3656 1466 3716 κᾶν
1493 3654 1730 3729 Ἕλλην,
1755 3656 1854 3715 κᾶν
1884 3657 2019 3721 Ἰου.

428 3750 591 3816 δαῖος.
620 3746 800 3810 Ὥστε
834 3752 871 3820 ἡ
903 3747 1084 3816 πίστις
1126 3745 1271 3807 ἐστὶν
1303 3750 1336 3820 ἡ
1379 3745 1439 3806 τὸ
1474 3756 1583 3807 πᾶν
1614 3750 1900 3827 ἐνεργοῦσα
1929 3750 2022 3811 καὶ

438 3841 711 3899 δικαιοῦσα
732 3884 749 3918 ,
774 3839 830 3897 οὗ
860 3837 927 3897 τὰ
967 3836 1118 3920 ἔργα.

1033 3961 1320 4025 ΚΕΦΔΛ.
1366 3962 1431 4025 I'.

513 4114 540 4147 σ
576 4089 811 4172 Ἀδελφοί
830 4134 849 4164 ,
881 4093 914 4162 ἡ
948 4088 1044 4166 μὲν
1064 4087 1278 4149 εὐδοκία
1302 4092 1398 4160 τῆς
1425 4090 1560 4167 ἐμῆς
1585 4089 1837 4169 καρδίας,
1862 4089 1954 4149 καὶ
1984 4094 2019 4163 ἡ

424 4178 597 4254 δέησις
635 4186 669 4254 ἡ
717 4181 849 4261 πρὸς
879 4181 969 4239 τὸν
993 4178 1166 4252 Θεὸν,
1211 4177 1344 4259 ὓπὲρ
1384 4183 1479 4238 τοῦ
1526 4178 1751 4259 Ἰσραήλ
1780 4180 1924 4239 ἐστιν
1950 4183 2022 4249 εἷς

426 4271 717 4353 σωτηρίαν.
775 4298 801 4323 ι
855 4269 1080 4344 Ἐπειδὴ
1141 4269 1325 4347 μέλλει
1384 4270 1556 4328 αὐτῶν
1614 4269 2018 4345 καθάπτεσθαι,

427 4363 726 4443 προλεαίνει
758 4360 829 4434 ⁸9,
861 4363 931 4427 ὣς
962 4358 1026 4419 ἂν
1075 4359 1152 4437 μὴ
1197 4357 1413 4428 δόξωσιν
1445 4358 1604 4418 αὐτὸν
1660 4360 1785 4418 κατ’
1830 4358 2023 4440 ἔχθραν

428 4450 626 4529 λέγειν,
660 4452 695 4511 ἃ
740 4450 926 4527 μέλλει
970 4447 1143 4529 λέγειν
1167 4472 1181 4486 ο
1233 4449 1324 4509 καί
1354 4472 1510 4529 φησιν
1531 4493 1547 4523 ,
1580 4446 1661 4507 ὅτι
1690 4447 1765 4509 (Η
1808 4450 1905 4521 μὲν
1935 4451 2021 4508 εὖ·

430 4541 577 4602 δοκία
606 4542 683 4617 ⁵⁰,
734 4539 1039 4612 τουτέστιν,
1090 4544 1125 4612 ἡ
1163 4537 1372 4611 θέλησίς
1421 4561 1562 4615 μου,
1594 4536 1687 4597 καὶ
1733 4542 1767 4611 ἡ
1819 4537 2021 4618 σφοδρὰ

430 4630 683 4711 ἐπιθυμία
716 4654 731 4669 ·
760 4632 856 4691 καὶ
883 4631 943 4690 οὗ
981 4628 1137 4706 μόνον
1180 4634 1370 4706 τοῦτο,
1416 4628 1556 4687 ἀλλὰ
1590 4628 1684 4687 καὶ
1724 4631 1758 4699 ἡ
1807 4628 1985 4701 δέησις
2008 4673 2023 4701 ,

428 4721 559 4800 ὑπὲρ
590 4724 740 4800 ὑμῶν
774 4724 913 4782 ἐστιν
946 4741 960 4756 ο
990 4724 1092 4799 οὐχ
1130 4717 1217 4778 ἵνα
1250 4721 1600 4800 ἀπαλλαγῆτε
1633 4721 1728 4791 τῆς
1757 4717 2027 4784 κολάσεως

432 4798 787 4890 μόνον,ήᾶλλὰ
811 4810 903 4870 καὶ
927 4798 1157 4882 σωθῆτε.
1189 4810 1315 4877 Πῶς
1347 4798 1435 4867 οὖν
1468 4810 1714 4888 ἀπεχθῶς
1750 4806 1814 4867 ἂν
1846 4806 2028 4888 ἔχοιμι

430 4900 559 4981 πρὸς
583 4904 718 4976 ὑμᾶς
736 4947 752 4975 ,
793 4892 868 4961 ὧν
891 4904 985 4972 τῆς
1016 4897 1282 4978 σωτηρίας
1311 4897 1713 4978 ὕπερεύχομαιξ

516 5013 549 5047 α
578 4991 858 5072 Μαρτυρῶ
888 4989 992 5071 γὰρ
1042 4988 1247 5061 αὐτοῖς,
1284 4986 1365 5047 ὅτι
1407 4990 1565 5060 ζῆλον
1607 4990 1749 5049 Θεοῦ
1780 4985 2026 5066 ἔχουσιν,

435 5084 553 5140 ἀλλ’
603 5085 667 5143 οὗ
716 5083 839 5141 κατ’
891 5080 1196 5157 ἐπίγνωσιν.
1258 5078 1588 5157 Ἄγνοοῦντες
1638 5077 1743 5157 γὰρ
1781 5076 1879 5148 τὴν
1936 5081 2031 5135 τοῦ

434 5174 576 5233 Θεοῦ
607 5171 944 5245 δικαιοσύνην
965 5218 981 5246 ,
1010 5171 1104 5229 καὶ
1134 5167 1232 5241 τὴν
1258 5169 1395 5228 ἰδίαν
1437 5169 1776 5241 δικαιοσύνην
1808 5170 2028 5240 ζητοῦνο

434 5286 519 5330 τες
548 5266 773 5337 στῆσαι,
941 5260 1252 5341 δικαιοσύνῃ
1299 5264 1391 5319 τοῦ
1421 5262 1562 5321 Θεοῦ
1613 5262 1714 5339 οὐχ
1763 5256 2034 5335 ὑπετάγη-

436 5375 557 5416 σαν.
593 5380 615 5403 ·
644 5357 806 5412 Δοκεῖ
860 5350 956 5429 μὲν
1003 5348 1315 5432 χαρίζεσθαι
1351 5350 1528 5416 αὐτοῖς
1568 5348 1620 5418 ἐξ
1672 5351 1873 5429 ἀρχῆς,
1920 5370 2027 5424 μα-

434 5443 649 5503 λάσσων
680 5441 888 5509 αὐτούς.
917 5440 1105 5502 Εἰπὼν
1135 5440 1239 5520 γὰρ
1260 5485 1277 5513 ,
1321 5461 1349 5496 ιι
1391 5441 1565 5512 Ζῆλον
1602 5442 1743 5501 Θεοῦ
1774 5436 1990 5520 ἔχουσιν
2010 5484 2029 5512 ,

522 5588 735 5645 qlRom.
765 5600 866 5655 m,
893 5591 985 5642 20.
1061 5589 1085 5618 τ
1113 5586 1219 5642 Isa.
1247 5597 1472 5653 xxvur,
1517 5587 1606 5639 33.

2130 3190 2370 3248 fuerunt.
2405 3208 2435 3243 ιι
2481 3189 2651 3261 Lapis
2693 3196 2880 3245 autem
2915 3184 3245 3244 offensionis
3273 3192 3328 3240 et
3368 3191 3520 3256 petra
3565 3197 3722 3239 scan-

2124 3281 2255 3349 dali,
2288 3303 2315 3330 ι
2346 3295 2377 3336 a
2401 3278 2511 3335 ﬁne
2538 3286 2596 3335 et
2632 3286 2833 3335 eventu
2855 3292 3049 3335 eorum
3080 3276 3171 3347 qui
3201 3290 3316 3332 non
3340 3272 3717 3337 crediderunt,

2123 3370 2371 3428 Christus
2402 3368 2721 3425 nominatus
2765 3375 2868 3423 est.
2928 3370 3051 3439 Ipse
3101 3364 3247 3422 enim
3293 3362 3719 3421 fundamentum

2126 3459 2385 3533 basisque
2425 3458 2634 3531 positus
2669 3464 2783 3515 est:
2814 3456 2890 3513 ait
2926 3456 3076 3513 enim
3106 3474 3121 3512 :
3156 3479 3182 3505 α
3213 3454 3407 3512 Omnis
3434 3452 3525 3525 qui
3552 3450 3728 3508 credit

2129 3550 2184 3606 in
2222 3565 2373 3617 eum,
2413 3563 2525 3605 non
2555 3545 2820 3619 pudeﬁet,
2853 3568 2879 3595 »
2921 3546 3035 3602 sive
3074 3546 3310 3603 Graecus
3347 3543 3461 3600 sive
3481 3540 3729 3600 Iudaeus.

2129 3638 2367 3696 Proinde
2412 3637 2549 3695 ﬁdes
2587 3644 2672 3694 est
2709 3650 2833 3709 qua:
2877 3633 3067 3693 omnia
3133 3632 3306 3690 efﬁcit
3344 3641 3400 3690 et
3440 3631 3730 3705 justiﬁcat,

2134 3744 2252 3787 non
2279 3742 2462 3801 opera.

2751 3912 2992 3971 CAPUT
3033 3913 3111 3968 X.

2202 4094 2378 4149 Vsus.
2414 4096 2461 4146 1.
2498 4113 2522 4137 α
2553 4089 2799 4154 Fratres,
2828 4086 3088 4145 voluntas
3114 4081 3301 4141 cordis
3327 4080 3441 4139 mei
3469 4088 3527 4137 et
3565 4080 3725 4138 obse-

2131 4182 2305 4240 oratio
2341 4181 2413 4238 ad
2441 4182 2625 4237 Deum
2654 4176 2717 4233 ﬁt
2757 4192 2858 4249 pro
2888 4175 3091 4232 Israele
3119 4171 3201 4230 ad
3235 4172 3492 4230 salutem.
3525 4192 3552 4221 ιν
3587 4169 3728 4242 Quia

2132 4271 2520 4346 perstricturus
2550 4277 2635 4326 est
2656 4283 2776 4335 eos,
2809 4264 2915 4323 leni
2942 4262 3174 4322 exordio
3220 4261 3411 4332 utitur,
3433 4277 3506 4319 ne
3530 4261 3724 4318 existi-

2133 4371 2290 4419 ment
2313 4362 2497 4435 ipsum
2524 4375 2591 4416 ex
2616 4357 2746 4415 odio
2765 4357 2950 4415 dicere
2978 4369 3104 4429 qua
3128 4353 3382 4412 dicturus
3403 4360 3519 4418 est,
3548 4360 3605 4408 et
3628 4351 3728 4416 ait,

2134 4452 2370 4517 Εὔδοκία,
2403 4450 2457 4508 id
2488 4458 2591 4518 est,
2631 4447 2885 4504 voluntas
2912 4460 3040 4502 mea
3073 4451 3129 4502 et
3172 4443 3472 4501 vehemens
3506 4441 3730 4499 deside-

2133 4544 2299 4612 rium,
2350 4550 2408 4598 et
2452 4556 2564 4597 non
2607 4539 2787 4595 solum
2816 4536 2947 4608 hoc,
2976 4549 3170 4592 verum
3203 4534 3372 4590 etiam
3402 4532 3737 4599 obsecratio,

2132 4648 2234 4707 pro
2277 4632 2434 4690 vobis
2461 4639 2580 4687 est:
2610 4644 2725 4685 non
2769 4634 2985 4684 tantum
3011 4632 3077 4680 ut
3118 4640 3151 4681 a
3180 4638 3341 4696 pmna
3392 4620 3728 4689 liberemini,

2136 4739 2333 4781 verum
2368 4721 2538 4778 etiam
2589 4727 2654 4776 ut
2708 4718 2846 4775 salvi
2903 4716 3041 4773 sitis.
3098 4712 3392 4785 Quomodo
3444 4711 3611 4784 igitur
3652 4709 3732 4766 in-

2135 4813 2324 4871 fensus
2356 4812 2464 4868 sim
2511 4808 2691 4878 vobis,
2739 4823 2838 4881 pro
2884 4821 3131 4880 quorum
3174 4803 3354 4862 salute
3391 4805 3581 4859 Deum
3626 4801 3733 4857 im-

2140 4905 2299 4977 ploro
2324 4904 2349 4957 Ρ

2210 4995 2389 5051 Vsus.
2422 4997 2480 5057 2,
2511 4995 2563 5046 3.
2599 5011 2625 5039 ιι
2682 4986 3089 5045 Testimonium
3140 4983 3290 5041 enim
3318 4982 3427 5039 illis
3454 4980 3741 5054 perbibeo,

2137 5082 2288 5158 quod
2314 5081 2730 5140 mmulationem
2758 5077 2859 5134 Dei
2892 5076 3131 5144 habent,
3160 5074 3257 5132 sed
3286 5088 3401 5130 non
3424 5069 3734 5130 secundum

2138 5172 2525 5247 cognitionem.
2589 5171 2912 5243 Ignorantes
2954 5166 3106 5224 enim
3163 5163 3271 5220 Dei
3317 5159 3619 5235 justitiam,
3679 5174 3746 5216 ac

2141 5261 2422 5338 propriam
2446 5260 2727 5335 justitiam
2750 5264 3062 5332 quaerentes
3100 5261 3366 5320 statuere,
3385 5248 3613 5338 justitize
3630 5248 3743 5338 ADei

2135 5336 2261 5412 non
2317 5360 2451 5410 sunt
2485 5349 2730 5425 subjecti.
2766 5372 2793 5400 ιο
2824 5345 3058 5406 Videtur
3110 5343 3167 5400 in
3217 5340 3483 5415 principio
3516 5336 3740 5413 quidem

2140 5445 2291 5518 ipsos
2317 5442 2645 5502 humaniter
2682 5446 2922 5497 tractare
2956 5444 3013 5494 et
3052 5432 3387 5493 demulcere.
3430 5432 3576 5487 Nam
3617 5444 3744 5485 cum

1830 5662 2025 5723 Varia
2066 5662 2371 5724 lectiones.

512 5774 553 5806 ⁸⁷
587 5774 745 5839 οὕτως
773 5790 828 5831 0.
906 5774 950 5807 ⁸⁸
976 5772 1042 5835 εἰς
1062 5772 1213 5827 αὐτὸν
1243 5788 1296 5829 0.
1376 5771 1418 5807 δ’
1439 5772 1781 5844 προλαμϐάνει
1813 5787 1885 5830 m.
1962 5771 2006 5807 ⁵ο
2036 5774 2125 5841 τῆς
2148 5770 2271 5845 ἐμῆς
2295 5768 2518 5843 καρδίας.
