4150 6426
433 449 534 507 475

1424 445 1937 502 THEOPHYLACTI
1975 442 2335 500 BULGARUE
2370 440 2686 499 ARCHIEP.

3630 431 3737 489 476

425 575 579 644 dicit,
615 595 645 633 ε
665 576 862 634 Zelum
884 574 985 631 Dei
1013 572 1239 640 habent,
1267 570 1363 629 sed
1381 588 1492 628 non
1516 570 1824 629 secundum
1852 572 2015 644 cogni

2127 569 2242 629 ἀλλ’
2270 570 2331 628 οὗ
2361 572 2480 628 κατ’
2509 565 2814 644 ἐπίγνωσιν,
2845 592 2866 616 ι
2897 563 3069 628 ἐλέους
3092 562 3295 639 μᾶλλον
3324 558 3498 629 ἀξίους
3520 556 3733 631 αὖτοὺς,

426 671 660 737 tionem,
699 688 727 722 ι)
771 663 1146 724 misericordia
1201 662 1383 734 potius
1413 678 1578 734 quam
1628 677 1791 734 poena
1832 660 2027 732 dignos

425 758 683 816 ostendit.
709 757 1058 816 )Emulantur
1087 753 1266 821 enim,
1312 752 1513 825 inquit,
1568 768 1668 824 pro
1700 752 1817 826 lege
1844 752 1947 808 sibi
1994 768 2025 808 a

2131 661 2190 718 οὖ
2216 658 2487 726 κολάσεως
2526 655 2782 715 δείκνυσι.
2824 654 3060 725 Ζηλοῦσι
3098 650 3204 731 γὰρ
3248 647 3380 729 ὕπὲρ
3406 654 3499 708 τοῦ
3528 647 3729 727 νόμου,

2132 750 2296 829 φησὶ,
2346 754 2437 807 τοῦ
2498 744 2645 825 παρὰ
2692 746 2838 806 Θεοῦ
2893 740 3129 806 δοθέντος
3173 738 3243 779 ⁸⁴ο
3298 736 3438 829 πλὴν
3493 741 3553 798 οὗ
3608 738 3731 829 κατ’

434 853 545 905 Deo
575 848 779 905 tradita
812 866 826 903 :
855 861 1045 902 verum
1068 859 1180 899 non
1208 824 1511 899 secundum
1540 824 1916 914 cognitionem
1946 848 2017 899 est

2131 824 2417 916 ἔπίγνωσίν
2473 824 2613 896 ἐστιν
2685 838 2713 893 6
2764 834 2918 916 ζῆλος
2966 833 3180 902 αὐτοῖς,
3256 827 3333 904 μὴ
3392 824 3733 906 βουλομένοις

427 939 674 1011 ipsorum
701 935 1015 1002 aemulatio;
1044 933 1247 1007 quippe
1275 932 1365 1003 qui
1391 933 1568 1003 legem
1592 930 1737 987 hanc
1759 930 2023 987 abolitam

428 1042 547 1086 esse
579 1041 875 1100 agnoscere
900 1025 1118 1080 nolunt.
1156 1022 1330 1095 Atqui
1360 1020 1417 1077 in
1443 1020 1803 1092 sequentibus
1830 1036 2023 1078 eorum

426 1118 866 1184 contentionem,
916 1127 1277 1184 amoremque
1309 1112 1579 1183 primatus
1608 1109 1838 1167 indicat.
1883 1114 2023 1167 Nam

424 1214 736 1280 qumrentes
759 1212 1003 1261 statuere
1024 1201 1302 1274 justitiam
1342 1201 1653 1272 propriam,
1683 1199 1789 1257 hoc
1817 1209 1922 1267 est,
1958 1216 2025 1256 ex

423 1295 560 1367 lege,
602 1311 669 1351 ex
722 1293 963 1367 propriis
998 1292 1269 1349 nimirum
1326 1289 1606 1346 laboribus
1662 1297 1717 1345 et
1763 1289 2025 1362 operibus

425 1394 690 1457 paratam,
752 1399 877 1457 quae
920 1397 1049 1439 cum
1098 1380 1325 1449 excidit,
1374 1388 1493 1435 tum
1543 1379 1849 1436 subsistere
1908 1395 2023 1435 non

423 1482 605 1547 potest
652 1494 663 1529 :
713 1488 886 1546 neque
929 1473 1081 1528 illam
1122 1476 1458 1535 statuerunt,
1502 1484 1601 1524 nec
1649 1467 1873 1540 iustitia:
1917 1469 2024 1525 Dei

425 1563 655 1635 subjecti
684 1571 833 1619 sunt.
880 1560 1042 1632 Quod
1085 1559 1493 1625 ostentationis,
1543 1574 1608 1613 ac
1638 1559 1838 1613 mentis
1873 1558 2023 1628 prin-

424 1654 641 1724 cipatus
696 1651 900 1719 avidae,
945 1651 1063 1707 imo
1111 1649 1296 1722 potius
1349 1647 1563 1705 stolidae
1611 1656 1661 1704 et
1711 1648 2023 1720 insipientis

424 1742 649 1815 signum
691 1750 795 1807 est,
854 1755 1101 1813 quaerere
1148 1738 1421 1795 nimirum
1477 1736 1816 1793 constituere
1870 1738 2020 1811 quod

423 1832 719 1888 subsistere
772 1832 993 1904 nequit;
1044 1830 1211 1902 inque
1276 1844 1341 1884 eo
1401 1828 1770 1900 nequicquam
1834 1828 2016 1883 atteri.

2128 912 2361 1007 pem,
2419 925 2501 986 ὅτι
2532 929 2559 984 6
2602 924 2757 1001 νόμος
2804 912 2955 989 οὗτος
2984 920 3045 957 ⁵³
3096 920 3369 979 πέπαυται
3398 916 3491 976 καὶ
3537 916 3735 1007 κατήρ-

2132 1005 2312 1095 γηται.
2364 1012 2709 1077 Ὑποκατιὼν
2756 1011 2937 1090 μέντοι
2986 1009 3218 1070 δείκνυσι
3266 1008 3358 1079 τὴν
3404 1005 3730 1086 φιλονεικίαν

2132 1094 2305 1166 αὐτῶν
2358 1106 2451 1166 καὶ
2505 1101 2817 1186 φιλαρχίαν.
2895 1104 3187 1173 Ζητοῦντες
3232 1098 3337 1177 γὰρ
3386 1101 3584 1186 στῆσαι
3633 1094 3732 1186 τὴν

2130 1197 2266 1257 ἰδίαν
2299 1196 2672 1273 δικαιοσύνην,
2717 1190 2990 1263 τουτέστι,
3023 1187 3119 1261 τὴν
3164 1192 3226 1248 ἐκ
3268 1193 3359 1246 τοῦ
3403 1185 3603 1263 νόμου,
3634 1185 3736 1257 τήν

2130 1286 2183 1356 ἐξ
2213 1286 2377 1367 ἔργων
2409 1284 2555 1345 ἰδίων
2602 1282 2694 1342 καὶ
2736 1281 2912 1340 πόνων
2965 1276 3421 1357 κατορθουμένην,
3474 1274 3589 1347 ἥτις
3638 1274 3736 1334 καὶ

2128 1363 2412 1445 πέπτωκε,
2443 1375 2532 1433 καὶ
2561 1376 2619 1434 οὐ
2664 1368 2884 1431 δύναται
2915 1372 3143 1441 στῆναι,
3173 1366 3293 1428 οὔτε
3328 1364 3527 1437 ταύτην
3562 1363 3731 1437 ιστη-

2128 1490 2256 1539 σαν,
2288 1464 2381 1525 καὶ
2538 1469 2630 1524 τοῦ
2677 1464 2820 1523 Θεοῦ
2854 1458 3167 1537 δικαιοσύνῃ
3208 1459 3312 1538 οὐχ
3359 1456 3729 1534 ὑπετάγησαν.

2128 1554 2205 1617 ⁴Ὀ
2242 1545 2549 1625 ἀλαζονείας
2588 1560 2809 1629 σημεῖον
2830 1598 2846 1623 ,
2876 1548 2968 1609 καὶ
3002 1547 3267 1629 φιλάρχου
3298 1545 3550 1626 γνώμης,
3584 1545 3731 1621 μᾶλ-

2125 1648 2217 1705 λον
2247 1643 2304 1705 δὲ
2332 1642 2584 1716 ἀνοήτου,
2616 1643 2677 1701 τὸ
2705 1645 2879 1715 ζητεῖν
2911 1642 3171 1709 συστῆναι
3201 1637 3286 1696 ἀεὶ
3313 1635 3375 1695 τὸ
3404 1633 3723 1710 ἀσύστατον,

2126 1735 2219 1794 καὶ
2252 1738 2306 1795 ἐν
2352 1732 2521 1813 τούτῳ
2566 1733 2812 1801 διακενῆς
2844 1727 3289 1809 κατατρίϐεσθαι.
3343 1727 3488 1787 Θεοῦ
3540 1722 3724 1813 618e-

2126 1823 2409 1895 καιοσύνη,
2436 1826 2472 1894 ἡ
2493 1810 2564 1881 -ἐκ
2604 1820 2831 1888 πίστεως
2863 1842 2877 1856 ⁸
2914 1821 2973 1879 οὗ
3018 1817 3123 1896 γὰρ
3156 1816 3344 1883 πόνους
3372 1816 3485 1895 ἔχει
3529 1810 3727 1892 ἡμετέ-

420 1922 527 1978 Dei
569 1930 756 1979 autem
791 1920 1007 1993 justitia
1062 1934 1125 1976 ea
1164 1927 1267 1989 est,
1316 1933 1440 1989 quae
1490 1934 1555 1973 ex
1595 1916 1703 1973 ﬁde
1763 1917 2017 1973 est:haec

2130 1938 2279 1995 ρους,
2313 1911 2455 1973 ἀλλὰ
2481 1911 2543 1971 τὸ
2566 1908 2687 1972 ὅλον
2719 1908 2966 1991 χάρισμά
2992 1908 3045 1947 ⁵³
3075 1909 3191 1967 ἐστι
3219 1908 3388 1969 Θεοῦ.

422 2012 570 2068 enim
617 2026 729 2067 non
778 2010 988 2082 indiget
1037 2008 1322 2065 laboribus
1374 2007 1598 2074 nostris,
1655 2022 1848 2063 verum
1901 2016 2018 2064 tota

420 2101 490 2157 ad
544 2102 783 2174 gratiam
839 2100 940 2155 Dei
973 2099 1228 2170 pertinet.

495 2190 605 2261 75
626 2193 803 2249 Vens.
832 2196 889 2244 4.
908 2211 933 2237 α
956 2188 1104 2245 Finis
1135 2188 1285 2243 enim
1311 2186 1444 2259 legis
1483 2185 1756 2254 Christus,
1782 2185 1849 2243 ad
1859 2186 2023 2259 justi-

420 2279 559 2335 tiam
605 2278 759 2335 omni
801 2277 1067 2334 credenti.
1096 2300 1120 2325 υ
1151 2277 1291 2347 Quia
1347 2292 1573 2347 prorsus
1606 2276 1882 2347 justitiam
1926 2293 2021 2332 no-

419 2367 747 2435 minaverat,
776 2382 897 2423 eam
916 2381 1039 2439 quae
1068 2374 1153 2422 est
1180 2366 1235 2420 in
1264 2366 1405 2437 lege,
1431 2381 1499 2421 ne
1536 2365 1720 2420 dicant
1750 2365 1786 2421 ii
1823 2366 1917 2438 qui
1951 2382 2015 2421 ex

417 2457 668 2514 Hebraeis
711 2457 1103 2513 crediderunt:
1136 2455 1498 2511 Peccavimus
1546 2471 1709 2527 ergo,
1740 2464 1796 2511 et
1832 2455 2019 2528 inique

416 2547 632 2621 egimus
646 2558 689 2615 ⁸,
718 2545 862 2603 hanc
896 2546 1167 2619 justitiam
1192 2544 1539 2601 dimittentes
1576 2564 1590 2602 :
1620 2561 1685 2601 ac
1721 2562 1793 2602 ne
1823 2561 2018 2603 rursus

417 2637 683 2693 increduli
715 2636 897 2693 dicere
925 2643 1178 2708 possent:
1208 2633 1681 2707 Quandoquidem
1702 2635 1913 2707 justitia
1936 2644 2019 2692 est

417 2724 473 2782 in
502 2727 618 2798 lege
648 2726 896 2793 omnino,
918 2725 1132 2781 etiamsi
1162 2740 1283 2781 eam
1306 2724 1558 2781 nondum
1587 2725 2016 2795 impleverimus,

416 2815 707 2887 aliquando
734 2823 925 2871 tamen
956 2814 1192 2886 perfecte
1217 2814 1569 2887 implebimus
1596 2814 1796 2870 :ambo
1826 2814 1945 2871 haec
1992 2830 2021 2870 e

419 2904 597 2961 medis
635 2904 850 2975 tollens,
909 2905 1031 2961 ait:
1065 2924 1095 2957 (ι
1150 2904 1299 2961 Finis
1359 2904 1493 2976 legis
1545 2903 1795 2961 Christus
1839 2912 1942 2960 est.
1994 2928 2016 2953 ι

398 2994 583 3067 Quod
607 2998 758 3051 enim
798 2994 968 3050 voluit
996 2994 1227 3067 quidem
1260 2994 1369 3061 lex,
1409 3009 1525 3049 non
1551 3002 1738 3050 autem
1766 2993 2019 3067 perfecit,

418 3084 525 3140 hoc
564 3084 817 3142 Christus
856 3083 1114 3155 perfecit,
1131 3082 1429 3156 justiﬁcare
1466 3098 1669 3155 nempe
1712 3084 2011 3140 hominem.

413 3177 597 3247 Quare
624 3188 696 3230 ne
730 3173 877 3230 dicas
905 3174 997 3245 qui
1030 3172 1250 3231 Christo
1296 3172 1579 3229 accessisti
1632 3189 1699 3229 ex
1738 3172 2015 3240 Hebrais,

2209 2209 2238 2246 α
2274 2184 2444 2253 Τέλος
2471 2184 2574 2267 γὰρ
2603 2184 2766 2261 νόμου
2791 2183 3020 2263 Χριστὸς
3040 2229 3055 2254 ,
3090 2185 3162 2251 εἰς
3197 2180 3536 2253 δικαιοσύνην
3556 2178 3725 2239 παντὶ

2125 2281 2201 2358 τῷ
2232 2275 2553 2337 πιστεύοντι.
2590 2304 2614 2328 ι
2647 2272 2872 2347 Ἐπειδὴ
2916 2276 3051 2340 ὅλως
3094 2271 3433 2343 δικαιοσύνην
3472 2268 3725 2345 ὠνόμασε

2124 2370 2221 2440 τήν
2276 2368 2329 2425 ἐν
2377 2368 2453 2443 τῷ
2500 2366 2676 2443 νόμῳ,
2709 2362 2797 2423 ἵνα
2846 2362 2922 2440 μὴ
2985 2362 3203 2422 εἴπωσιν
3256 2363 3305 2419 οἱ
3362 2359 3416 2428 ἐξ
3452 2357 3725 2437 Ἑϐραίων

2126 2456 2532 2527 πιστεύσαντες,
2582 2455 2662 2514 ὅτι
2714 2452 2914 2515 Λοιπὸν
2958 2450 3457 2533 παρηνομήσαμεν,
3512 2447 3729 2528 ἀφέντες

2125 2547 2222 2619 τὴν
2252 2545 2592 2617 δικαιοσύνην
2624 2544 2826 2613 ταύτην
2852 2565 2866 2581 ·
2897 2544 2987 2601 καὶ
3022 2542 3215 2617 πάλιν,
3244 2541 3293 2600 οἱ
3323 2539 3402 2599 ἔτι
3444 2540 3728 2597 ἀπιστοῦν-

2126 2662 2209 2704 τες
2250 2634 2339 2695 ἵνα
2393 2634 2469 2710 μὴ
2518 2634 2685 2715 ἔχωσι
2740 2633 2944 2714 λέγειν,
2992 2632 3076 2691 ὅτι
3128 2628 3354 2702 Ἐπειδὴ
3422 2627 3728 2700 δικαιοσύνη

2128 2725 2262 2793 ὅλως
2292 2723 2437 2783 ἐστὶν
2472 2726 2525 2782 ἄν
2553 2726 2630 2804 τῷ
2660 2723 2809 2804 νόμῳ
2834 2766 2851 2797 ,
2879 2723 2923 2782 εί
2957 2721 3049 2780 καὶ
3082 2720 3159 2799 μὴ
3181 2724 3275 2781 νῦν
3305 2719 3729 2799 ἐπληρώσαμεν,

2130 2814 2272 2875 ἀλλὰ
2320 2818 2535 2880 πάντως
2593 2810 2723 2873 ποτὶ
2778 2810 3135 2894 πληρώσομεν
3183 2832 3199 2850 ⁸
3252 2808 3411 2891 φησὶν
3452 2808 3731 2889 ἀμφότερα

2129 2909 2299 2963 ταῦτα
2348 2906 2615 2982 ἀναιρῶν,
2667 2902 2749 2961 ὅτι
2794 2901 2965 2968 Τέλος
3014 2900 3177 2969 νόμου
3217 2903 3246 2958 6
3293 2902 3525 2979 Χριστός
3562 2902 3723 2958 ἐστιν.

2129 2993 2203 3055 ⁸0
2253 2992 2357 3074 γὰρ
2403 2991 2665 3065 ἠϐούλετο
2715 2991 2812 3071 μὲν
2863 2994 2891 3050 6
2936 2991 3124 3069 νόμος,
3180 2991 3276 3051 οὔκ
3317 2988 3593 3048 ἐτελείωσε
3644 2988 3731 3061 δὲ,

2130 3088 2287 3143 τοῦτο
2317 3081 2622 3142 ἐτελείωσεν
2672 3084 2701 3141 6
2746 3080 3013 3161 Χριστὸς,
3056 3082 3119 3140 τὸ
3171 3080 3456 3139 δικαιῶσαι
3500 3077 3591 3137 τὸν
3627 3076 3725 3136 ἀν-

2130 3179 2362 3250 θρωπον.
2415 3171 2594 3233 ⁰Ωστε
2644 3170 2720 3249 μὴ
2750 3173 2900 3252 λέγε,
2932 3173 2962 3229 6
3005 3168 3294 3238 πιστεύσας
3332 3168 3385 3238 ἐξ
3425 3166 3729 3248 Ἐϐραίων,

417 3261 569 3334 quod
599 3261 897 3334 deliqueris
930 3261 1188 3318 adversus
1223 3260 1435 3334 legem:
1467 3261 1603 3333 quin
1656 3262 1839 3333 potius
1878 3262 2017 3336 legis

2130 3261 2209 3319 ὅτι
2241 3261 2660 3343 παρηνόμησας,
2695 3250 2834 3321 ἀλλά
2876 3262 3082 3337 μᾶλλον
3128 3258 3191 3319 τὸ
3232 3258 3479 3339 βούλημα
3511 3261 3603 3318 τοῦ
3634 3256 3729 3317 νό-

422 3352 763 3408 voluntatem
799 3350 1145 3423 conspexeris
1198 3350 1255 3406 in
1297 3358 1353 3407 te
1402 3365 1521 3407 esse
1568 3351 1866 3423 perfectam
1921 3368 2017 3424 per

419 3440 585 3497 ﬁdem
613 3442 669 3496 in
704 3442 1004 3498 Christum.
1036 3443 1228 3514 Neque
1254 3456 1447 3497 rursus
1476 3441 1567 3514 qui
1605 3440 1857 3498 nondum
1895 3457 2015 3499 cre-

419 3530 636 3598 didisti,
674 3529 886 3600 Iudaee,
917 3546 1076 3602 spera
1120 3530 1270 3603 quod
1313 3530 1622 3603 perﬁcietur
1651 3531 1749 3587 abs
1775 3540 1830 3587 te
1858 3531 2018 3605 justi-

421 3622 493 3676 tia
529 3636 627 3693 per
652 3620 827 3691 legem
860 3619 1149 3679 :Christus
1176 3620 1323 3676 enim
1352 3628 1439 3677 est
1465 3630 1886 3679 consummator
1912 3621 2013 3678 hu-

412 3710 523 3783 jus.
566 3710 804 3767 Proinde
849 3710 895 3766 si
913 3709 1191 3782 justitiam
1220 3717 1576 3766 assecuturus
1603 3726 1686 3779 es,
1729 3710 2015 3769 Christum

417 3799 597 3872 accipe
620 3815 718 3872 per
735 3798 924 3868 ﬁdem,
948 3810 1005 3857 et
1036 3798 1266 3857 habebis
1300 3799 1512 3857 omnia.

485 3892 669 3947 Vnns.
700 3894 755 3945 5.
786 3913 811 3939 ι
854 3892 1042 3945 Moses
1077 3888 1231 3944 enim
1262 3889 1455 3945 scribit
1483 3889 1767 3961 justitiam
1796 3905 1923 3963 quae
1951 3906 2016 3947 ex

416 3979 534 4051 lege
558 3987 666 4047 est,
695 3978 843 4051 quod
864 3978 969 4049 Qui
1001 3976 1198 4034 feceret
1224 3994 1288 4034 ea
1311 3978 1505 4045 homo,
1538 3979 1677 4035 vivet
1701 3980 1761 4036 in
1785 3980 1865 4037 eis
1884 3981 1903 4017 ί
1942 4022 1957 4037 .
1990 4004 2015 4031 ι

414 4067 716 4126 Conﬁrmat
738 4067 889 4139 quod
908 4066 1075 4135 dixit,
1103 4066 1254 4138 quod
1270 4066 1324 4124 id
1340 4067 1491 4139 quod
1508 4069 1594 4124 lex
1622 4085 1737 4125 non
1757 4068 1986 4142 perfecit
1999 4110 2015 4139 ,

412 4156 567 4214 istud
627 4157 879 4213 Christus
932 4156 1202 4228 implevit,
1227 4164 1283 4212 et
1318 4157 1542 4231 inquit:
1596 4162 1783 4216 Moses
1828 4160 2020 4216 asserit

415 4244 703 4303 hominem
742 4262 842 4317 per
879 4261 1049 4317 opera
1087 4244 1381 4318 justiﬁcari
1411 4265 1425 4303 :
1466 4263 1630 4321 opera
1669 4265 1798 4305 vero
1853 4265 2019 4306 nemo

415 4335 675 4391 inventus
715 4342 803 4391 est
832 4335 1069 4407 explere.
1101 4338 1293 4408 Itaque
1317 4336 1372 4393 in
1414 4336 1531 4410 lege
1563 4338 1889 4411 justiﬁcari,
1937 4347 2022 4395 est

416 4423 778 4495 impossibile.

484 4515 671 4571 Vnns.
708 4520 821 4571 6-9.
872 4537 898 4564 α
931 4518 1069 4588 Qum
1092 4524 1277 4574 autem
1313 4532 1376 4573 ex
1404 4515 1518 4573 ﬁde
1556 4524 1642 4573 est
1670 4516 1901 4589 justitia,
1939 4517 2018 4575 sic

2129 3376 2230 3429 μου
2262 3341 2396 3419 εἶδες
2428 3353 2482 3409 ἐν
2538 3350 2624 3410 σοὶ
2670 3350 2947 3411 τελειωθὲν
3000 3350 3052 3389 ³⁴
3104 3348 3190 3407 διὰ
3225 3353 3320 3419 τῆς
3372 3351 3442 3414 εἰς
3496 3345 3729 3427 Χριστὸν

2127 3441 2378 3509 πίστεως.
2417 3440 2575 3512 Μηδὲ
2622 3440 2810 3513 πάλιν,
2842 3442 2870 3498 6
2903 3439 3070 3514 μήπω
3116 3437 3403 3504 πιστεύσας
3438 3437 3725 3513 Ἰουδαῖος,

2126 3531 2341 3603 ἔλπιζε,
2373 3530 2453 3589 ὅτι
2501 3528 2913 3602 τελειωθήσεταί
2961 3552 3043 3589 σοι
3092 3531 3126 3600 ἡ
3176 3526 3484 3600 δικαιοσύνη
3517 3527 3604 3585 διὰ
3636 3532 3727 3586 τοῦ

2126 3620 2292 3698 νόμου
2324 3644 2337 3657 ·
2389 3624 2417 3679 6
2474 3620 2578 3699 γὰρ
2628 3619 2858 3699 Χριστός
2910 3621 3053 3677 ἐστιν
3100 3621 3129 3676 6
3174 3616 3454 3689 τελειωτὴς
3504 3614 3724 3688 ταύτης.

2127 3709 2301 3770 Ὥστε
2330 3712 2375 3769 εἷ
2406 3711 2617 3786 μέλλεις
2647 3708 2741 3780 τὴν
2783 3709 3122 3781 δικαιοσύνην
3165 3717 3343 3788 σχεῖν,
3379 3707 3468 3765 τὸν
3494 3708 3727 3786 Χριστὸν

2127 3800 2260 3860 λάϐε
2290 3799 2378 3858 διὰ
2408 3800 2668 3873 πίστεως,
2705 3799 2796 3858 καὶ
2825 3797 2953 3867 ἕξεις
2982 3798 3044 3858 τὸ
3073 3807 3199 3857 πᾶν.

2208 3916 2232 3942 ι
2265 3892 2470 3961 Μωσῆς
2508 3888 2609 3970 γὰρ
2657 3887 2851 3969 γράφει
2881 3887 2976 3960 τὴν
3025 3885 3366 3959 δικαιοσύνην
3410 3886 3508 3959 τὴν
3540 3888 3600 3947 ἐκ
3634 3894 3729 3947 τοῦ

2125 3978 2322 4056 νόμου,
2374 3978 2455 4037 ὅτι
2518 3976 2589 4039 Ὀ
2635 3976 2862 4049 ποιήσας
2908 3976 3040 4035 αὐτὰ
3093 3978 3365 4055 ἄνθρωπος
3421 3975 3639 4049 ζήσεται
3674 3978 3728 4035 ἐν

2127 4069 2320 4134 αὐτοῖς.
2361 4094 2385 4121 ιι
2417 4070 2711 4127 Πιστοῦται
2758 4066 2786 4126 ὃ
2836 4057 3012 4140 εἶπεν,
3046 4065 3142 4143 Ιὅτι
3186 4066 3215 4125 ὃ
3261 4066 3423 4143 νόμος
3472 4067 3568 4124 οὐκ
3606 4068 3720 4124 ἐτε-

2126 4152 2313 4216 λείωσε
2332 4203 2349 4235 ,
2375 4162 2531 4216 τοῦτο
2578 4158 2809 4235 Χριστὸς
2856 4155 3135 4236 ἐπλήρωσε
3167 4179 3182 4194 ο
3233 4156 3327 4214 καί
3370 4177 3562 4235 φησιν,
3588 4152 3668 4212 ὅτι
3697 4159 3726 4211 6

2128 4250 2331 4319 Μωσῆς
2360 4246 2447 4305 διὰ
2489 4250 2595 4305 τῶν
2627 4246 2793 4326 ἔργων
2833 4246 2975 4325 λέγει
3006 4248 3337 4306 δικαιοῦσθαι
3386 4243 3476 4305 τὸν
3512 4242 3717 4323 ἄνθρω-

2128 4359 2226 4396 πον
2257 4359 2271 4373 ·
2302 4334 2370 4394 τὰ
2403 4336 2459 4395 δὲ
2491 4334 2621 4416 ἔργα
2672 4336 2842 4403 οὐδεὶς
2889 4336 3077 4416 εὖρέθη
3115 4334 3433 4416 πληρώσας.
3467 4332 3642 4393 Ὥστε
3668 4333 3724 4392 ἕν

2126 4426 2273 4507 νόμῳ
2303 4427 2398 4484 οὐκ
2428 4424 2545 4484 ἔστι
2584 4426 2804 4485 δυνατὸν
2837 4427 3211 4496 δικαιωθῆναι.

2216 4542 2241 4568 α
2276 4514 2345 4576 Ἦ
2379 4514 2433 4574 δὲ
2490 4518 2550 4574 ἐκ
2606 4516 2837 4583 πίστεως
2875 4513 3183 4589 δικαιοσύνη
3226 4514 3365 4575 οὕτω
3398 4511 3543 4591 λέγει
3573 4536 3589 4552 ⁸
3630 4512 3727 4585 Μὴ

410 4602 580 4660 dicit:
633 4607 747 4662 Nec
781 4604 987 4663 dixeris
1018 4605 1073 4661 in
1110 4605 1276 4663 corde
1312 4614 1433 4674 tuo,
1475 4606 1613 4677 Quis
1655 4607 1916 4665 ascendet
1956 4609 2014 4665 in

2129 4603 2281 4684 εἴπῃς
2333 4607 2386 4664 ἓν
2443 4609 2510 4684 τῇ
2551 4604 2745 4686 καρδίᾳ
2790 4628 2883 4666 σου
2915 4628 2929 4642 σ
2986 4603 3086 4672 Τίς
3133 4602 3464 4676 ἀναϐήσεται
3524 4605 3596 4669 εἷς
3636 4601 3727 4663 τὸν

410 4694 616 4750 caelum
636 4703 664 4732 ιι
700 4694 728 4750 ?
756 4694 810 4751 id
832 4703 916 4751 est
949 4694 1230 4753 Christum
1264 4694 1561 4753 deducere.
1609 4700 1723 4753 Aut
1758 4696 1882 4770 quis
1927 4699 2015 4756 de-

412 4782 639 4840 scendet
678 4783 732 4839 in
755 4783 1013 4854 abyssum
1048 4789 1072 4841 ?
1102 4784 1207 4842 hoc
1235 4795 1340 4855 est,
1383 4785 1667 4842 Christum
1692 4802 1758 4841 ex
1783 4788 2015 4845 mortuis

408 4887 680 4928 revocare.
711 4872 818 4928 Sed
847 4873 981 4944 quid
1010 4874 1145 4930 dicit
1194 4879 1217 4932 Ρ
1243 4878 1422 4947 Prope
1472 4884 1526 4931 te
1555 4884 1643 4931 est
1678 4876 1932 4946 verbum,
1954 4877 2013 4933 in

405 4961 571 5017 corde
610 4970 730 5031 tuo,
760 4964 889 5019 etin
913 4979 1009 5020 ore
1033 4972 1151 5022 tuo.
1189 4969 1309 5021 Hoc
1328 4974 1414 5021 est
1449 4964 1676 5021 verbum
1706 4965 1834 5022 ﬁdei
1859 4968 2011 5039 quod

407 5051 785 5124 pmdimmm.
818 5054 1094 5125 Quoniam
1111 5055 1159 5110 si
1177 5054 1467 5111 confessus
1498 5054 1666 5111 fueris
1700 5056 1759 5111 in
1792 5071 1890 5114 ore
1914 5065 2011 5114 tuo

410 5142 716 5199 Dominum
756 5144 971 5213 Iesum,
1014 5151 1070 5199 et
1117 5143 1412 5201 credideris
1458 5144 1608 5217 quod
1657 5149 1809 5202 Deus
1850 5146 2009 5203 illum

400 5233 689 5289 suscitavit
733 5249 764 5289 a
795 5233 1046 5301 mortuis,
1077 5233 1261 5290 salvus
1307 5233 1431 5290 eris.
1458 5256 1484 5282 ι
1521 5237 1887 5308 Posteaquam
1914 5253 2005 5293 au-

406 5319 577 5377 divisti
609 5323 740 5395 legis
781 5339 943 5393 opera
996 5338 1109 5378 non
1142 5338 1306 5394 posse
1335 5322 1645 5396 justiﬁcare
1692 5324 2003 5394 hominem,

404 5408 555 5468 disce
587 5412 706 5483 jam
734 5413 1016 5485 quomodo
1045 5412 1181 5468 citra
1217 5412 1465 5470 laborem
1510 5411 1666 5472 facile
1696 5414 1755 5473 in
1781 5415 2001 5473 Christo

477 5536 499 5565 ³
522 5528 741 5585 Baruch
772 5545 842 5601 ιι,
878 5535 965 5588 12.
1040 5532 1059 5566 ι
1085 5529 1263 5588 Levit.
1290 5545 1481 5603 xvm,
1512 5538 1563 5589 5.

2123 4694 2370 4774 οὖραν6ν;
2420 4693 2577 4755 Τοῦτ’
2629 4692 2743 4753 ἔστι
2796 4694 3028 4773 Χριστὸν
3079 4700 3425 4772 καταγαγεῖν.
3483 4687 3596 4765 Ἢ,
3632 4691 3729 4761 Τίς

2123 4783 2488 4851 καταϐήσεται
2518 4788 2589 4851 εἰς
2617 4785 2713 4855 τὴν
2747 4784 3010 4856 ἄϐυσσον;
3058 4787 3199 4844 τοῦτ’
3231 4784 3344 4842 ἔστι
3392 4781 3632 4861 Χριστὸν
3665 4785 3726 4843 ἐκ

2121 4877 2322 4953 νεκρῶν
2376 4878 2682 4952 ἀναγαγεῖν.
2743 4873 2907 4934 Ἀλλὰ
2950 4873 3003 4933 τί
3052 4874 3224 4952 λέγεις
3284 4871 3482 4950 Ἐγγύς
3526 4894 3622 4930 σου
3666 4871 3729 4932 τὸ

2126 4963 2275 5044 ῥῆμά
2324 4965 2466 5022 ἐστιν
2500 4966 2553 5022 ἐν
2702 4964 2895 5045 καρδίᾳ
2952 4986 3076 5035 σου,
3121 4962 3215 5023 καὶ
3259 4966 3313 5023 ἐν
3492 4962 3730 5039 στόματί

2119 5075 2247 5124 σου,
2280 5052 2421 5111 τοῦτ’
2455 5051 2599 5125 ἔστι,
2638 5052 2699 5111 τὸ
2739 5057 2886 5135 ῥῆμα
2915 5056 3011 5127 τῆς
3052 5053 3279 5118 πίστεως
3307 5050 3335 5111 ὃ
3365 5050 3725 5132 κηρύσσομεν·

2117 5143 2197 5200 ὅτι
2257 5139 2349 5201 ἐὰν
2406 5142 2750 5223 ὁμολογήσῃς
2814 5144 2867 5201 ἐν
2944 5146 3021 5221 τῷ
3078 5141 3307 5219 στόματί
3363 5164 3457 5202 σου
3525 5140 3723 5221 Κύριον

2116 5228 2356 5305 Ἰησοῦν,
2391 5231 2484 5292 καὶ
2511 5230 2802 5311 πιστεύσῃς
2834 5235 2886 5292 ἐν
3024 5231 3220 5312 καρδία
3252 5254 3381 5305 σου,
3416 5230 3498 5291 ὅτι
3527 5233 3557 5290 6
3580 5230 3719 5297 Θεὸς

2114 5320 2271 5380 αὐτὸν
2314 5321 2525 5402 ἤγειρεν
2574 5323 2634 5380 ἐκ
2669 5326 2899 5402 νεκρῶν,
2935 5321 3179 5399 σωθήσῃ.
3222 5344 3250 5378 ι
3287 5320 3516 5393 Ἐπειδὴ
3547 5320 3715 5393 ἤκου-

2115 5432 2215 5478 σας
2241 5410 2310 5471 τὰ
2352 5415 2447 5471 τοῦ
2493 5410 2659 5491 νόμου
2711 5411 2842 5492 ἔργα
2894 5409 2972 5490 μὴ
3014 5412 3272 5471 δύνασθαι
3310 5411 3595 5471 δικαιῶσαι
3626 5409 3718 5469 ἄν·

1656 5544 1681 5568 ιι
1696 5536 1860 5591 Deut.
1897 5549 2048 5602 xxx,
2087 5539 2171 5590 12.

1806 5633 1996 5693 Variae
2038 5633 2343 5694 lectiones.

491 5734 527 5767 "
565 5734 933 5805 παραδοθέντος
966 5753 1021 5795 ο.
1098 5739 1143 5773 ⁵³
1166 5737 1333 5803 αὖτοῖς
1357 5755 1411 5798 0.
1488 5740 1533 5775 ⁵³
1559 5742 1703 5815 χάρις
1729 5756 1806 5798 m.
1882 5741 1926 5777 ⁵⁸
1954 5740 2213 5813 πληρωθὲν
2238 5758 2293 5800 ο.
