4150 6442
404 440 510 494 477

1372 434 1726 493 EXPOSITIO
1764 434 1832 492 IN
1868 433 2077 492 EPIST.
2119 437 2211 493 AD
2248 435 2416 495 ROM.
2459 466 2530 481 -
2566 439 2717 495 CAP.
2760 441 2820 495 Χ.

3612 444 3716 501 478

395 569 637 645 θρωπον,
669 562 931 641 μάνθανε,
980 566 1088 629 πῶς
1134 564 1188 621 ἐν
1223 564 1441 643 Χριστῷ
1472 560 1820 640 δικαιούμεθα
1851 561 1989 624 ἀπό-

2096 563 2466 636 justiﬁcemur
2501 581 2517 621 :
2558 563 2726 621 ﬁdem
2764 565 2911 622 enim
2953 567 3151 639 quatit
3177 582 3244 625 ex
3271 568 3443 626 corde
3483 576 3540 626 et
3576 585 3716 627 con-

397 678 499 721 νως
536 653 628 713 καὶ
664 652 856 734 ῥᾳδίως
887 676 899 689 ·
930 652 1107 713 πίστιν
1141 653 1245 731 γὰρ
1289 656 1432 725 ζητεῖ
1482 654 1543 713 ἐκ
1593 652 1849 733 καρδίας,
1900 654 1993 713 καὶ

394 743 683 821 ὁμολογίαν
713 746 773 802 ἐκ
821 743 1103 821 στόματος.
1148 742 1455 823 Ἀναγκαῖον
1506 742 1561 801 δὲ
1612 742 1903 824 σαφηνίσαι
1931 742 1995 803 τὸ

398 832 555 916 ῥητὸν
590 832 965 912 πλατυτέρως,
1024 832 1117 908 τὸ,
1177 859 1204 885 σι
1239 832 1337 899 Τίς
1394 831 1725 906 ἀναϐήσεται
1779 836 1854 901 εἰς
1905 833 1993 893 τὸν

397 922 654 1004 οὗρανόν;
690 950 715 976 ι
739 922 832 982 καὶ
850 969 866 998 ,
900 951 924 975 ι
945 922 1041 989 Τίς
1072 921 1440 996 καταϐήσεται
1466 925 1539 991 εἰς
1571 922 1667 995 τὴν
1692 921 1993 997 ἄϐυσσονειο

402 1013 529 1073 Ἀπὸ
574 1021 665 1073 τοῦ
720 1013 965 1081 Μωσέως
1023 1011 1275 1086 εἴληπται
1326 1017 1403 1094 τῷ
1456 1012 1761 1092 Ἀποστόλῳ
1809 1014 1992 1085 νοηθὲν

398 1101 537 1161 κατὰ
562 1103 656 1177 τὴν
686 1103 925 1179 μεγάλην
958 1105 1117 1163 αὐτοῦ
1148 1102 1359 1183 σοφίαν.
1396 1101 1465 1163 ¢O
1497 1101 1593 1179 μὲν
1624 1102 1725 1183 γὰρ
1764 1106 1991 1177 Μωσῆς,

396 1193 519 1251 ὅσον
550 1191 687 1251 κατὰ
718 1194 779 1253 τὸ
808 1193 1033 1274 γράμμα
1052 1241 1065 1265 ,
1101 1192 1258 1253 τοῦτό
1280 1194 1332 1231 ⁵⁵
1362 1216 1521 1274 φησιν
1542 1236 1559 1266 ,
1591 1191 1774 1274 ὅτι-(Η
1807 1194 1992 1269 ἐντολὴ

398 1288 489 1343 τοῦ
532 1286 673 1345 Θεοῦ
719 1282 823 1363 πρὸ
848 1272 1158 1364 Ἵόφθαλμῶν
1195 1306 1280 1343 σοι
1308 1272 1383 1321 “ﬁ
1411 1291 1616 1363 κεῖται,
1646 1272 1692 1343 ὦ
1738 1281 1994 1358 Ἰουδαῖε,

396 1372 490 1432 καὶ
518 1374 577 1433 οὗ
609 1374 688 1433 δεῖ
716 1396 776 1433 σε
805 1375 926 1434 οὗτε
956 1374 1026 1441 εἷς
1067 1372 1151 1433 τὸν
1183 1371 1405 1455 οὐρανὸν
1437 1374 1702 1447 ἀνελθεῖν,
1728 1368 1820 1432 ἵνα
1850 1372 1991 1435 ταύ-

398 1486 492 1535 την
524 1461 679 1543 εὕρῃς
710 1486 723 1499 ·
754 1460 873 1521 οὔτε
914 1463 987 1529 εἷς
1016 1462 1112 1535 τὴν
1143 1460 1377 1522 ἄϐυσσον
1410 1464 1710 1529 κατελθεῖν,
1740 1460 1830 1520 ἵνα
1863 1461 1993 1522 ταύ-

397 1576 493 1623 την
538 1552 711 1634 λάϐῃς
736 1575 749 1589 °
784 1551 903 1612 οὔτε
935 1553 1004 1621 εἷς
1048 1551 1115 1610 τὰ
1156 1552 1326 1632 πέραν
1356 1556 1451 1625 τῆς
1491 1552 1766 1624 θαλάσσης
1801 1552 1992 1624 διαϐῆ-

515 1666 528 1679 .
554 1643 727 1702 ἀλλνέ
812 1639 828 1661 '
956 1642 971 1663 '
1004 1644 1028 1702 ἕ
1205 1645 1227 1701 ἐ
1326 1645 1359 1659 ⁸⁸
1469 1642 1481 1662 ’
1602 1642 1615 1664 '
1892 1642 1961 1701 ὶέ

400 1667 491 1701 ναι
880 1664 974 1701 σου
1033 1666 1176 1717 στιν,
1230 1666 1256 1701 ν
1289 1666 1364 1723 τίς)
1389 1666 1615 1720 στοματι
1656 1665 1785 1711 σου,
1819 1666 1888 1702 κα
1966 1668 1991 1701 ν

400 1737 467 1812 τῇ
500 1732 704 1812 διανοίᾳ
740 1755 857 1794 σου.
898 1731 1090 1793 Πάντα
1128 1731 1233 1813 γὰρ
1281 1730 1519 1801 ὑπέδειξέ
1555 1754 1638 1792 σοι
1667 1733 1696 1790 6
1739 1730 1876 1800 Θεὸς
1906 1732 1991 1792 διὰ

398 1828 493 1883 τοῦ
524 1824 709 1902 νόμου.
741 1821 810 1885 Ὀ
844 1823 939 1900 μὲν
972 1814 1060 1882 οὖν
1094 1824 1301 1893 Μωσῆς
1328 1822 1467 1883 κατὰ
1498 1821 1558 1882 τὸ
1586 1820 1816 1903 γράμμα
1847 1821 1992 1882 οὕτω

400 1914 541 1974 δοκεῖ
593 1921 759 1973 ταῦτα
810 1914 983 1990 λέγειν
1021 1935 1033 1948 ·
1092 1914 1119 1970 6
1175 1911 1229 1971 δὲ
1279 1910 1592 1978 Ἀπόστολος
1643 1913 1712 1979 εἷς
1770 1911 1998 1992 Χριστὸν

397 2009 570 2063 ταῦτα
595 2001 905 2071 ἕξελάϐετοο
937 2001 1203 2075 τουτέστι,
1238 2002 1338 2072 Μὴ
1371 2000 1649 2081 διστάσῃς,
1683 2002 1818 2079 μηδὲ
1847 2001 2000 2084 εἴπῃς

400 2096 455 2153 ἐν
614 2090 817 2172 διανοίᾳ
851 2114 946 2152 σου
976 2116 987 2128 ·
1030 2094 1155 2159 Πῶς
1186 2096 1213 2151 ὁ
1245 2092 1473 2171 Χριστὸς
1513 2093 1771 2163 κατῆλθεν
1803 2094 1863 2151 ἐκ
1892 2096 1997 2152 τῶν

398 2184 632 2263 οὖρανῶν
649 2228 665 2255 ,
689 2181 779 2241 καὶ
807 2181 1121 2263 ἐσαρκώθης
1154 2178 1217 2255 ἢ,
1244 2183 1369 2248 Πῶς
1395 2179 1675 2240 ἀποθανὼν
1714 2181 1907 2255 ἀνέστη
1938 2184 1998 2241 ἐκ

400 2278 493 2343 τῆς
524 2272 786 2347 ἀϐύσσου,
814 2271 1087 2347 τουτέστι,
1118 2275 1222 2331 τῶν
1252 2270 1576 2331 κατωτάτων
1606 2272 1814 2347 τόπων;
1858 2270 1997 2331 ἀλλὰ

400 2364 709 2429 πίστευσον,
760 2361 843 2423 ὅτι
887 2365 1121 2435 κατῆλθε
1170 2360 1490 2442 σαρκωθεὶς,
1553 2359 1643 2420 καὶ
1699 2349 1765 2420 αὖ
1815 2362 1999 2442 ταφεὶς

402 2455 627 2525 ἀνῆλθεν
660 2452 894 2520 ἀναστάς
922 2476 935 2489 ·
971 2455 999 2510 6
1028 2451 1164 2519 Θεὸς
1208 2450 1311 2531 γὰρ
1352 2450 1509 2509 αὐτὸν
1556 2450 1787 2532 ἤγειρεν.
1817 2449 1995 2513 Ὥστε

399 2543 489 2603 καὶ
531 2543 638 2604 ἀπὸ
686 2547 779 2602 τοῦ
820 2542 1121 2625 ἀξιώματος
1166 2548 1257 2602 τοῦ
1310 2540 1608 2621 ἐγείραντος
1643 2540 1865 2601 δύνασαι
1898 2544 1996 2625 ῥᾳ-

398 2635 521 2703 δίως
548 2639 854 2694 πιστεῦσαι.
889 2633 960 2694 Τί
998 2622 1088 2693 οὖν
1118 2631 1169 2671 ⁵⁷
1214 2630 1401 2690 τούτου
1443 2630 1833 2711 εὐκολώτερον,
1864 2622 1991 2692 ὅταν

396 2724 452 2783 ἓν
501 2725 578 2805 τῷ
610 2722 841 2800 στόματί
889 2746 982 2783 σου
1030 2722 1157 2803 ἔχῃς
1195 2722 1290 2792 τὴν
1329 2722 1634 2803 σωτηρίαν;
1677 2721 1794 2781 Ἵνα
1826 2721 1881 2781 δὲ
1916 2718 1992 2799 μὴ

397 2812 487 2872 διὰ
534 2813 593 2873 τὸ
641 2814 857 2874 εὔκολον
923 2811 1046 2891 δόξῃ
1098 2811 1243 2881 ἄξιον
1290 2810 1738 2893 καταφρονήσεως
1791 2811 1852 2871 τὸ
1896 2815 1991 2885 ἧς

397 2902 621 2971 πίστεως
647 2907 871 2983 χρῆμα,
913 2902 1205 2977 δείκνυσιν,
1248 2901 1331 2962 ὅτι
1366 2901 1459 2961 καὶ
1611 2900 1788 2962 πίστει
1833 2904 1991 2983 λογι-

396 2993 524 3071 σμοὶ
556 2993 804 3061 ἀπιστίας
835 2992 1186 3067 ἄντίκεινται,
1221 2993 1313 3053 καὶ
1359 2993 1437 3052 δεῖ
1466 2992 1595 3071 πρὸς
1627 2992 1842 3061 τούτους
1873 3016 1989 3072 γεν·

393 3084 552 3152 ναίως
580 3081 852 3145 ἵστασθαι.
887 3080 982 3156 Μὴ
1027 3082 1180 3163 εἴπῃς
1208 3082 1337 3164 γὰρ,
1377 3080 1569 3164 φησὶν,
1610 3084 1663 3142 ἐν
1794 3082 1989 3166 καρδίᾳ

394 3198 489 3237 σου
517 3174 644 3235 τάδε
671 3171 763 3234 καὶ
791 3172 918 3233 τάδε
942 3196 957 3211 ο
1011 3173 1285 3252 τουτέστι,
1334 3172 1431 3245 Μὴ
1467 3171 1521 3211 ⁵⁸
1551 3171 1803 3254 ἐννοήσῃς
1851 3172 1989 3242 ὅλως

394 3264 718 3346 ἀμφιϐολίας
744 3288 796 3323 τι
819 3262 1016 3342 νόημα.

481 3378 509 3415 ε
560 3354 773 3437 Καρδίᾳ
822 3352 919 3431 μὲν
967 3353 1071 3434 γὰρ
1127 3351 1434 3413 πιστεύεται
1490 3354 1562 3420 εἰς
1618 3351 1987 3427 δικαιοσύνην,

396 3445 623 3524 στόματι
654 3442 712 3506 δὲ
759 3444 1097 3525 ὁμολογεῖται
1145 3446 1218 3510 εἰς
1257 3442 1548 3525 σωτηρίαν.
1586 3468 1610 3495 ι
1662 3445 1845 3503 Δεῖται
1896 3441 1988 3502 καὶ

394 3538 428 3607 ἡ
480 3534 671 3615 καρδία
712 3540 805 3595 τοῦ
851 3532 1129 3611 στόματος.
1196 3532 1273 3593 Τί
1322 3531 1427 3613 γὰρ
1474 3531 1662 3613 ὄφελος
1718 3531 1987 3591 πιστεύειν

393 3626 531 3685 κατὰ
576 3624 788 3707 ψυχὴν,
837 3623 914 3701 μὴ
964 3625 1241 3703 ὁμολογεῖν
1292 3622 1348 3683 δὲ
1391 3620 1612 3682 ἐνώπιον
1669 3620 1988 3701 ἀνθρώπων;

391 3714 465 3777 Ἱὶ
503 3713 599 3792 μὲν
620 3714 725 3795 γὰρ
758 3712 895 3774 κατὰ
939 3714 1173 3773 διάνοιαν
1205 3712 1381 3778 πίστις
1423 3714 1655 3772 δικαιοῖ·
1686 3716 1721 3785 ἡ
1762 3711 1818 3770 δὲ
1849 3735 1985 3771 παν-

396 3802 556 3875 τελὴς
607 3801 840 3884 σωτηρία
902 3806 954 3863 ἐν
1124 3802 1384 3886 ὁμολογίᾳ
1441 3804 1641 3863 κεῖται.
1696 3801 1837 3861 Τότε
1884 3800 1990 3883 γὰρ

398 3892 692 3970 διαλάμπει
722 3896 755 3964 ἡ
783 3893 979 3967 πίστις,
1022 3894 1113 3953 καὶ
1144 3894 1379 3959 πλείονες
1419 3894 1768 3972 ὠφελοῦνται.
1802 3896 1987 3952 Δεῖται

399 3982 578 4059 μέντοι
622 3982 710 4041 καὶ
753 3981 812 4041 τὸ
843 3983 1019 4061 στόμα
1059 3986 1155 4055 ἧς
1189 3983 1429 4063 καρδίας.
1486 3980 1692 4043 Πολλοὶ
1744 3982 1838 4057 μὲν
1881 3979 1986 4061 γὰρ

390 4074 700 4151 ὁμολογοῦσι
725 4072 776 4109 ⁵9
808 4072 1033 4152 στόματι
1076 4071 1309 4153 Χριστὸν
1350 4071 1466 4132 καθ’
1497 4072 1773 4153 ὑπόκρισιν
1797 4096 1809 4109 ·
1862 4074 1895 4143 ἡ
1930 4072 1985 4130 δὲ

392 4163 583 4241 καρδία
617 4164 793 4223 αὐτῶν
822 4164 1005 4245 πόῤῥω
1038 4162 1233 4243 ἀπέχει
1262 4161 1353 4220 ἀπ’
1384 4163 1567 4221 αὐτοῦ.

475 4281 498 4305 ι
530 4252 694 4329 Λέγει
722 4252 827 4333 γὰρ
872 4256 906 4325 ἡ
943 4255 987 4314 Γ
991 4252 1152 4334 ραφή’
1185 4255 1307 4320 Πᾶς
1343 4256 1371 4311 6
1399 4250 1667 4310 πιστεύων
1705 4253 1790 4310 ἐπ’
1837 4250 1983 4330 αὖτῷ

390 4346 449 4403 οὐ
478 4343 1025 4423 καταισχυνθήσεται.
1060 4343 1144 4403 Οὖ
1172 4342 1277 4424 γὰρ
1300 4342 1416 4402 ἔστι
1440 4340 1695 4413 διαστολὴ
1722 4340 1983 4401 Ἰουδαίου

392 4456 449 4491 τε
478 4432 567 4492 καὶ
594 4431 864 4507 Ἕλληνος
891 4457 904 4470 ·
935 4436 963 4490 6
991 4430 1094 4513 γὰρ
1124 4432 1281 4499 αὐτὸς
1323 4431 1520 4511 Κύριος
1544 4431 1787 4504 πάντων,
1818 4434 1984 4491 πλου-

2017 3223 2065 3288 C

2105 651 2401 711 fessionem
2437 669 2505 711 ex
2532 669 2641 711 ore.
2674 656 3058 713 Necessarium
3084 665 3275 714 autem
3312 668 3395 714 est
3439 660 3716 716 declarare

2104 744 2270 801 latius
2306 742 2458 818 quod
2484 743 2648 815 dixit,
2683 745 2866 815 «Quis
2903 746 3169 804 ascendet
3196 748 3252 803 in
3285 748 3536 806 caelum?
3569 774 3592 797 υ
3636 760 3711 819 et,

2109 857 2135 884 α
2162 834 2297 906 Quis
2325 833 2628 892 descendet
2650 836 2707 892 in
2738 837 3038 911 abyssum?
3072 862 3097 888 ι
3120 840 3208 896 Ex
3226 840 3382 895 Mose
3411 838 3719 912 desumpsit

2102 924 2209 981 hoc
2232 924 2562 997 Apostolus,
2594 942 2693 997 pro
2714 942 2913 999 magna
2938 943 3037 984 sua
3064 927 3333 1000 sapientia
3357 927 3714 986 intellectum.

2105 1017 2293 1072 Moses
2319 1030 2557 1088 namque
2585 1016 2768 1089 quoad
2787 1016 3028 1074 litteram
3054 1017 3201 1074 hunc
3217 1018 3286 1075 ad
3316 1018 3542 1075 modum
3578 1019 3717 1077 illud

2103 1104 2307 1162 effatus
2329 1113 2413 1163 est
2439 1126 2451 1162 :
2480 1107 2808 1165 Mandatum
2847 1107 2948 1164 Dei
2973 1108 3045 1163 ob
3070 1109 3261 1165 oculos
3292 1117 3416 1165 tuos
3469 1110 3713 1181 positum

2102 1205 2206 1263 est,
2249 1194 2472 1266 Jndme;
2506 1213 2685 1270 neque
2723 1213 2867 1270 opus
2901 1205 2983 1254 est
3010 1206 3064 1254 te
3103 1198 3160 1254 in
3203 1199 3414 1255 coelum
3445 1214 3714 1256 conscen-

2101 1285 2251 1355 dere,
2282 1294 2345 1343 ut
2372 1286 2504 1344 illud
2534 1287 2779 1345 invenias
2820 1307 2832 1343 :
2872 1304 3052 1361 neque
3088 1287 3159 1345 ad
3196 1288 3456 1361 abyssum
3481 1287 3714 1345 descen-

2102 1374 2253 1445 dere,
2279 1383 2343 1432 nt
2364 1376 2513 1433 istud
2548 1377 2807 1450 accipias,
2837 1393 3018 1449 neque
3043 1378 3186 1434 ultra
3229 1378 3407 1434 maria
3434 1379 3669 1436 transire
3698 1399 3712 1435 :

2100 1464 2199 1522 sed
2226 1482 2397 1539 prope
2416 1474 2470 1523 te
2489 1475 2573 1523 est
2602 1467 2659 1523 in
2686 1482 2782 1524 ore
2802 1475 2920 1537 tuo,
2951 1476 3007 1523 et
3044 1467 3104 1525 in
3134 1476 3318 1524 mente
3349 1477 3458 1525 tua.
3501 1468 3714 1526 Cuncta

2100 1556 2249 1612 enim
2280 1556 2609 1613 monstravit
2650 1557 2749 1613 tibi
2778 1560 2931 1615 Deus
2978 1573 3076 1630 per
3102 1557 3302 1631 legem.
3334 1560 3521 1615 Moses
3548 1558 3715 1633 igitur

2093 1644 2249 1717 juxta
2297 1645 2535 1702 litteram
2571 1645 2687 1703 haec
2726 1645 2939 1703 videtur
2990 1648 3071 1704 sic
3111 1646 3297 1704 dicere
3349 1666 3362 1703 :
3414 1648 3716 1721 Apostolus

2101 1743 2286 1791 autem
2310 1734 2379 1791 ad
2400 1734 2679 1793 Christum
2721 1736 2813 1792 illa
2839 1736 3124 1793 transtulit
3151 1755 3165 1793 :
3190 1736 3297 1793 hoc
3334 1745 3448 1805 est,
3483 1740 3568 1794 Ne
3598 1737 3710 1796 ba:-

2100 1824 2258 1894 sites,
2296 1841 2474 1898 neque
2498 1824 2649 1882 dicas
2676 1825 2729 1881 in
2757 1823 2925 1881 corde
2950 1835 3045 1882 tuo
3080 1844 3093 1881 :
3133 1826 3432 1897 Quomodo
3459 1826 3715 1886 Christus

2028 1902 2079 1966 Β
2111 1916 2393 1974 descendit
2429 1933 2460 1974 e
2502 1917 2658 1974 cmlis
2685 1925 2741 1973 et
2771 1917 3083 1973 incarnatus
3111 1919 3228 1973 est?
3256 1924 3373 1985 aut,
3415 1917 3715 1990 Quomodo

2108 2014 2383 2076 mortuus,
2409 2006 2707 2063 resurrexit
2728 2022 2797 2064 ex
2819 2007 3042 2080 abysso,
3066 2006 3169 2063 hoc
3184 2015 3266 2063 est
3287 2023 3350 2061 ex
3376 2007 3488 2079 76
3506 2006 3713 2064 inﬁmis

2106 2095 2274 2153 locis?
2301 2096 2408 2154 Sed
2435 2097 2597 2153 crede
2634 2096 2784 2169 quod
2812 2105 2867 2152 et
2895 2096 3244 2154 descenderit
3262 2096 3607 2166 incarnatus,
3647 2111 3713 2152 ac

2108 2187 2322 2243 tumulo
2366 2186 2625 2244 conditus
2666 2186 2896 2243 redierit
2943 2202 3236 2259 resurgens
3275 2194 3330 2243 et
3361 2186 3655 2243 suscitatus
3695 2207 3707 2243 :

2105 2279 2258 2333 Deus
2293 2292 2536 2351 namque
2563 2276 2743 2349 ipsum
2787 2276 3089 2333 suscitavit.
3141 2277 3327 2346 Quare
3367 2285 3421 2332 et
3446 2293 3477 2332 a
3527 2276 3712 2349 digni-

2104 2374 2217 2423 tate
2254 2374 2309 2423 et
2348 2366 2673 2424 auctoritate
2719 2366 3010 2423 excitantis
3056 2364 3216 2422 facile
3259 2374 3414 2438 potes
3462 2364 3707 2423 credere.

2104 2456 2254 2527 Quid
2281 2456 2446 2529 igitur
2469 2456 2571 2513 hac
2598 2472 2658 2512 re
2698 2454 2934 2523 facilius,
2957 2470 3085 2513 cum
3116 2455 3174 2511 in
3218 2470 3315 2512 ore
3339 2463 3438 2512 tuo
3477 2456 3712 2512 salutem

2102 2545 2341 2603 habeas?
2365 2549 2447 2603 Ne
2474 2554 2661 2603 autem
2680 2546 2750 2602 ob
2780 2544 3101 2601 facilitatem
3132 2553 3456 2618 contemptu
3481 2545 3711 2619 dignum

2102 2636 2351 2694 videatur
2398 2635 2522 2691 ﬁdei
2563 2635 2872 2708 negotium,
2918 2633 3160 2691 ostendit
3196 2633 3591 2692 incredulitatis
3618 2651 3708 2691 ra-

2097 2725 2477 2782 tiocinationes
2520 2734 2576 2781 et
2596 2724 2956 2798 cogitationes
2982 2739 3099 2781 esse
3130 2724 3213 2780 vel
3242 2724 3342 2796 ipsi
3380 2724 3506 2781 ﬁdei
3538 2740 3710 2797 oppo-

2097 2816 2256 2883 sitas,
2296 2816 2483 2887 eisque
2514 2814 2733 2871 fortiter
2772 2813 3163 2871 resistendum.
3211 2817 3295 2872 Ne
3332 2811 3485 2871 dicas
3527 2814 3709 2883 enim,

2102 2903 2307 2976 inquit,
2351 2904 2406 2959 in
2457 2904 2622 2962 corde
2667 2911 2764 2961 tuo
2795 2903 2916 2961 haec
2964 2902 3048 2960 vel
3078 2903 3189 2973 illa,
3232 2902 3340 2960 hoc
3366 2911 3451 2960 est
3500 2904 3710 2960 nullam

2101 2995 2328 3050 omnino
2360 2994 2686 3052 haesitantia:
2729 2994 3119 3067 cogitationem
3153 2993 3210 3049 in
3234 2994 3488 3051 animum
3542 2992 3709 3051 indu-

2099 3098 2191 3139 cas
2209 3091 2391 3140 tuum.

2170 3358 2361 3414 Vsus.
2399 3362 2483 3414 10.
2521 3377 2549 3404 ιι
2581 3355 2759 3413 Corde
2786 3371 3034 3429 namque
3057 3354 3300 3412 creditur
3323 3355 3395 3413 ad
3410 3355 3707 3429 justitiam,

2098 3461 2194 3501 ore
2223 3453 2409 3503 autem
2442 3446 2506 3503 ﬁt
2531 3445 2805 3503 confessio
2828 3444 2897 3502 ad
2921 3447 3173 3502 salutem.
3212 3470 3237 3495 ν
3259 3448 3369 3503 Cor
3392 3446 3574 3518 ipsum
3614 3461 3709 3501 ore

2099 3534 2319 3608 indiget.
2343 3536 2488 3606 Quid
2507 3536 2659 3593 enim
2680 3534 2903 3607 prodest
2920 3535 3143 3592 credere
3163 3535 3388 3608 quidem
3418 3537 3473 3591 in
3491 3534 3703 3603 animo,

2094 3640 2209 3682 non
2237 3625 2484 3681 conﬁteri
2514 3633 2698 3682 autem
2718 3640 2911 3682 coram
2953 3624 3307 3681 hominibus?
3357 3625 3519 3681 Fides
3550 3624 3704 3681 enim

2098 3714 2299 3771 mentis
2334 3714 2602 3787 justiﬁcat
2645 3713 2905 3787 quidem;
2960 3721 3224 3771 caterum
3274 3713 3513 3785 perfecta
3560 3714 3708 3771 salus

2096 3804 2151 3860 in
2196 3803 2544 3861 confessione
2590 3805 2690 3860 sita
2739 3812 2840 3859 est.
2880 3805 3022 3860 Tum
3067 3803 3217 3859 enim
3268 3802 3501 3875 effulget
3544 3802 3705 3870 ﬁdes,

2096 3894 2343 3967 adeoque
2378 3895 2568 3967 plures
2593 3893 2946 3965 adjuvantur.
2968 3897 3104 3966 Eget
3132 3901 3319 3948 autem
3344 3901 3399 3949 et
3427 3910 3489 3948 os
3520 3893 3704 3963 ipsum

2096 3984 2282 4041 corde.
2336 3983 2617 4057 Siquidem
2671 3983 2833 4039 multi
2878 3998 2973 4039 ore
3028 3982 3359 4039 conﬁtentur
3418 3982 3703 4039 Christum

2095 4090 2194 4147 per
2219 4073 2579 4147 hypocrisim,
2627 4072 2795 4130 corde
2823 4072 2987 4146 longe
3012 4072 3082 4129 ab
3105 4087 3171 4130 eo
3196 4071 3394 4129 dissiti.

2163 4266 2346 4321 Vnus.
2390 4266 2575 4320 11-13.
2602 4284 2627 4311 «ι
2660 4261 2808 4318 Dicit
2832 4262 2987 4319 enim
3010 4261 3292 4334 Scriptura
3333 4279 3347 4317 :
3391 4261 3591 4319 Omnis
3609 4262 3703 4333 qui

2093 4354 2268 4412 credit
2293 4354 2354 4409 in
2400 4352 2610 4425 ipsum,
2644 4368 2757 4409 non
2803 4350 3171 4409 confundetur
3222 4392 3238 4407 .
3269 4354 3399 4408 Non
3444 4351 3593 4407 enim
3622 4360 3709 4408 est

2091 4442 2378 4502 distinctio
2428 4441 2610 4499 Judaei
2649 4450 2705 4499 et
2746 4441 2933 4500 Grmci
2978 4461 2992 4497 :
3043 4439 3193 4497 idem
3235 4441 3387 4498 enim
3429 4441 3706 4498 Dominus

390 4525 494 4581 τῶν
526 4526 596 4591 εἰς
633 4523 838 4589 πάντας
866 4520 983 4588 τοὺς
1013 4520 1459 4600 ἐπικαλουμένους
1498 4520 1682 4580 αὐτόν.
1718 4523 1839 4588 Πᾶς
1880 4518 1983 4600 γὰρ

2096 4533 2373 4599 omnium,
2404 4531 2557 4588 dives
2584 4532 2641 4588 in
2672 4546 2863 4588 omnes
2891 4530 2985 4604 qui
3016 4530 3277 4587 invocant
3308 4530 3483 4585 illum.
3515 4530 3705 4587 Omnis

390 4612 443 4679 ἃς
472 4612 535 4671 ἂν
582 4612 969 4685 ἰπικαλέσηται
995 4612 1057 4671 τὸ
1096 4609 1263 4687 ὄνομα
1315 4610 1543 4691 Κυρίου,
1589 4609 1911 4682 σωθήσεται.
1948 4635 1977 4665 τ)

398 4692 597 4774 Εἶπεν,
638 4701 721 4760 ὅτι
748 4701 966 4783 Καρδίᾳ
1013 4702 1355 4775 πιστεύεται,
1401 4700 1491 4759 καὶ
1521 4699 1750 4779 στόματι
1787 4702 1981 4778 ὁμολο-

390 4800 562 4869 γεῖται
589 4814 603 4829 ο
636 4791 729 4850 καὶ
772 4792 1005 4872 παράγει
1046 4792 1153 4851 ἀπὸ
1184 4795 1278 4863 τῆς
1309 4792 1352 4853 Γ
1358 4794 1527 4872 ραφῆς
1570 4790 1860 4870 μαρτυρίας
1892 4790 1983 4849 καὶ

384 4884 478 4951 τῆς
521 4880 751 4949 πίστεως
801 4882 892 4939 καὶ
938 4885 1031 4953 τῆς
1079 4881 1401 4960 ὁμολογίας,
1460 4880 1582 4953 ἤτοι
1637 4886 1723 4952 τῆς
1757 4878 1982 4952 ἐπικλή-

388 4993 539 5038 σεως.
572 4972 670 5051 Τῷ
702 4969 798 5049 μὲν
827 4969 930 5051 γὰρ
959 4971 1154 5044 εἰπεῖν,
1202 4992 1231 5029 (ι
1266 4974 1384 5039 Πᾶς
1429 4975 1457 5030 6
1496 4970 1761 5030 πιστεύων
1782 5015 1800 5044 ,
1835 4998 1859 5023 υ
1883 4970 1981 5043 τὴν

386 5060 563 5120 πίστιν
593 5061 866 5134 ἐδήλωσε,
915 5062 982 5119 δι’
1029 5052 1091 5134 ἧς
1141 5061 1502 5138 δικαιούμενος
1550 5060 1646 5136 μὲν
1694 5062 1753 5120 οὗ
1785 5085 1982 5121 καται-

386 5150 739 5231 σ’χυνθήσεται
765 5150 834 5189 δο-
864 5154 939 5231 τῷ
968 5149 1056 5223 δὲ,
1091 5179 1116 5205 ι
1146 5150 1251 5221 ⁸ος
1282 5153 1344 5210 ἂν
1371 5151 1787 5224 ἐπικαλέσηται,
1829 5180 1853 5205 ι
1886 5152 1983 5225 τὴν

384 5240 705 5320 ὁμολογίαν,
746 5240 861 5313 ἥτις
890 5241 1159 5323 σωτηρίαν
1209 5242 1508 5322 ἐργάζεται.
1566 5244 1683 5309 Πᾶς
1711 5233 1836 5315 οὖν,
1882 5242 1983 5303 κᾶν

388 5330 667 5406 Ἰουδαῖος,
691 5331 791 5390 κᾶν
816 5328 1029 5405 Ἕλλην
1046 5376 1063 5405 ,
1092 5332 1270 5399 δεκτὸς
1291 5330 1438 5411 παρὰ
1467 5334 1543 5412 τῷ
1572 5332 1716 5413 Θεῷ.
1738 5360 1762 5386 ιι
1788 5331 1855 5393 Ὁ
1878 5332 1983 5413 γὰρ

387 5420 540 5490 αὐτὸς
590 5420 783 5502 Κύριος
830 5421 1067 5497 πάντων,
1102 5425 1351 5483 πλουτῶν
1380 5423 1451 5489 εἷς
1482 5422 1685 5491 πάντας
1714 5420 1832 5492 τοὺς
1866 5425 1983 5482 ἐπι-

473 5523 618 5577 'lsa.
647 5525 991 5591 xxvm,16.
1088 5522 1262 5578 xJoel.
1284 5536 1355 5590 ιι,
1388 5526 1474 5578 32.

2092 4624 2241 4681 enim
2268 4622 2361 4695 qui
2392 4621 2728 4679 invocaverit
2754 4636 2959 4678 nomen
2989 4619 3210 4677 Domini
3239 4619 3424 4675 salvus
3485 4618 3592 4675 erit
3621 4634 3632 4669 :
3675 4641 3700 4669 ι

2089 4712 2266 4772 Corde
2293 4710 2467 4780 credi,
2499 4726 2594 4768 ore
2618 4726 2750 4768 vero
2776 4708 3185 4768 confessionem
3217 4709 3335 4765 ﬁeri
3366 4707 3535 4777 dixit;
3574 4723 3700 4780 pro-

2090 4801 2245 4859 ducit
2271 4802 2451 4873 itaque
2479 4816 2509 4857 a
2552 4800 2834 4873 Scriptura
2867 4799 3185 4857 testimonia
3230 4807 3355 4856 tum
3399 4798 3547 4868 ﬁdei,
3582 4805 3702 4856 tum

2089 4890 2449 4951 confessionis
2518 4890 2633 4948 sive
2680 4890 3066 4947 invocationis.
3125 4891 3267 4947 Cum
3329 4890 3479 4945 enim
3544 4888 3701 4958 dicit,

2095 4981 2345 5040 «Omnis
2373 4980 2465 5053 qui
2501 4980 2704 5049 credit,
2751 5004 2775 5029 υ
2810 4980 2980 5037 ﬁdem
3010 4979 3385 5047 denuntiavit,
3416 4994 3512 5051 per
3536 4994 3703 5051 quam

2084 5071 2417 5145 justiﬁcatus
2444 5086 2556 5127 non
2583 5070 2843 5143 pudeﬁet.
2873 5073 2950 5125 At
2976 5086 3104 5127 cum
3128 5069 3335 5135 subdit,
3375 5090 3401 5119 ‹‹
3442 5068 3704 5140 Quisquis

2090 5161 2462 5230 invocaverit,
2515 5184 2540 5209 ι
2588 5159 3002 5218 confessionem
3055 5160 3270 5228 innuit,
3308 5174 3433 5231 qua;
3469 5157 3705 5215 salutem

2090 5261 2368 5326 operatur.
2392 5251 2593 5309 Omnis
2613 5251 2798 5322 itaque
2816 5294 2831 5318 ,
2862 5250 2978 5307 sive
3004 5249 3234 5307 Iudaeus
3253 5290 3272 5320 ,
3302 5249 3418 5305 sive
3447 5249 3703 5318 Graecus,

2089 5344 2213 5399 Deo
2242 5350 2433 5416 gratus
2458 5350 2823 5414 acceptusque
2856 5347 2958 5397 est.
2997 5363 3023 5389 α
3053 5338 3212 5396 ldem
3249 5337 3399 5395 enim
3432 5337 3705 5394 Dominus

2092 5432 2382 5503 omnium,
2422 5431 2577 5490 dives
2616 5431 2675 5488 in
2704 5446 2903 5488 omnes
2932 5431 3025 5502 qui
3057 5430 3315 5486 invocant
3352 5442 3508 5499 eum,
3542 5451 3567 5476 ιι
3599 5427 3703 5484 hoc

454 5681 683 5745 “051m;
726 5697 810 5739 m.
878 5682 925 5719 ⁸⁸
964 5702 1054 5737 σου
1091 5698 1149 5740 0.
1223 5682 1266 5718 ⁵⁷
1306 5684 1353 5737 τί
1381 5682 1479 5755 γὰρ
1525 5678 1586 5751 ἦν
1628 5698 1683 5741 ο.
1760 5593 1982 5757 “vit-:15:

2096 5610 2393 5741 μξζοὲοθὶῗλοὶ
2428 5683 2642 5755 στόματι
2682 5683 2772 5756 μὲν
2820 5682 2917 5757 γὰρ
2950 5682 3042 5757 ὁμ.
3070 5682 3163 5757 Χρ.
3208 5698 3264 5741 ο.
3338 5680 3387 5717 ⁶⁰
3420 5681 3479 5735 οὗ
3526 5699 3701 5735 καταιο

390 5763 673 5833 σχυνθήσον
698 5762 752 5818 δὲ
778 5778 832 5822 0.
