4150 6452
437 456 541 511 479

1370 451 1894 509 THEOPHYLACTI
1936 448 2303 506 BULGARDE
2341 449 2657 507 ARCHIEP.

3642 450 3750 507 480

430 588 514 638 est
544 579 757 638 divitias
777 579 834 635 in
862 578 949 635 his
983 578 1218 648 habens,
1264 579 1324 634 in
1362 577 1476 646 his,
1517 579 1775 651 inquam,
1818 577 1910 651 qui
1942 577 2023 632 in-

2155 574 2493 654 ιαλουμένους
2524 574 2703 634 αὐτόν’
2748 575 3021 649 τουτέστι,
3056 574 3145 633 τὸν
3190 578 3419 636 πλοῦτον
3454 578 3508 635 ἐν
3548 575 3754 641 τούτοις

428 670 744 727 vocaverint
786 669 970 742 ipsum
1008 686 1022 724 :
1066 667 1289 741 perinde
1343 684 1408 724 ac
1452 668 1500 724 si
1541 667 1665 740 quis
1702 667 1880 737 dicat,
1916 669 2034 722 Rex

430 760 536 817 iste
587 760 744 817 dives
792 767 878 817 est
915 759 1031 815 auri
1079 766 1137 816 et
1177 759 1406 831 argenti.
1455 757 1691 814 Proinde
1734 758 1780 813 si
1824 756 2039 813 divitias

430 850 601 907 habet
618 851 769 923 ipsos
783 848 1074 906 credentes
1088 892 1101 919 ,
1130 864 1201 905 ne
1220 847 1565 920 despondeas
1588 848 1862 915 animum,
1888 846 2042 921 quasi

428 940 570 997 adeo
608 940 881 1013 peccaris,
919 948 983 996 ut
1022 938 1124 995 tibi
1150 938 1457 995 condonari
1480 945 1745 1009 nequeat.
1782 940 1926 994 Nam
1952 952 2042 993 su-

428 1030 619 1103 scipiet
655 1038 732 1098 te,
761 1038 826 1087 ut
850 1038 904 1085 te
935 1037 1149 1100 partem
1177 1029 1497 1086 divitiarum
1540 1043 1768 1086 suarum
1816 1026 2041 1084 efﬁciat.

504 1124 686 1177 Vnns.
740 1125 834 1187 i4,
886 1125 975 1175 I5.
1030 1142 1055 1167 α
1099 1118 1394 1190 Quomodo
1433 1134 1564 1191 ergo
1592 1117 1949 1186 invocabunt,
1991 1117 2045 1171 in

429 1225 598 1283 quem
618 1226 731 1266 non
751 1208 1145 1266 crediderunt?
1166 1207 1460 1280 Quomodo
1490 1218 1682 1266 autem
1709 1207 1939 1265 credent
1962 1208 2011 1263 ei
2033 1244 2048 1271 ,

430 1316 596 1373 quem
623 1316 741 1357 non
782 1300 1117 1357 audierunt?
1161 1299 1456 1371 Quomodo
1500 1315 1630 1355 vero
1674 1298 1903 1356 audient
1937 1297 2052 1353 sine

433 1389 807 1463 praedicante?
830 1389 1127 1463 Quomodo
1153 1398 1345 1447 autem
1372 1388 1768 1462 praedicabunt,
1804 1388 1905 1445 nisi
1927 1388 2054 1443 mit.

437 1483 668 1537 tantur?
702 1481 846 1537 sicut
872 1480 1136 1553 scriptum
1166 1489 1245 1536 est
1287 1490 1314 1523 ⁷
1353 1498 1365 1535 :
1405 1480 1588 1550 Quam
1627 1479 1859 1551 Speciosi
1889 1477 2054 1551 pedes

435 1571 928 1644 evangelizantium
989 1585 1214 1643 pacem,
1262 1570 1761 1643 evangelizantium
1804 1568 1989 1624 bona?
2029 1590 2052 1616 ιι

434 1662 609 1732 Supra
646 1661 814 1728 dixit,
848 1684 873 1709 α
908 1660 1105 1717 Omnis
1152 1660 1243 1731 qui
1290 1660 1627 1715 invocaverit
1681 1674 1889 1714 nomen
1933 1661 2051 1713 Do-

434 1750 603 1819 mini,
636 1750 816 1806 salvus
845 1750 952 1806 erit
1002 1769 1015 1806 :
1041 1769 1069 1804 »
1112 1766 1261 1806 nunc
1290 1749 1519 1806 Judmos
1547 1749 1727 1823 arguit
1768 1757 1826 1805 et
1852 1762 2049 1821 repre-

432 1839 624 1895 hendit
664 1839 814 1912 quod
842 1855 956 1896 non
1003 1840 1403 1896 invocaverint.
1449 1840 1635 1909 Quare
1694 1846 1881 1894 autem
1940 1854 2054 1893 non

2144 668 2310 747 ἔχων,
2348 669 2455 734 τοῖς
2490 665 2923 744 ἐπικαλουμένοις
2963 664 3138 725 αὐτόν’
3187 663 3369 748 ὥσπερ
3398 664 3527 735 εἴτις
3562 664 3704 726 εἴποι
3734 690 3747 701 -

2143 752 2215 818 Ὁ
2245 755 2493 837 βασιλεὺς
2522 759 2738 817 πλουτεῖ
2766 757 2840 823 εἰς
2866 754 3085 837 χρυσίον
3118 755 3209 816 καὶ
3241 754 3509 838 ἀργύριον.
3571 754 3751 817 Ὥστε

2147 847 2261 907 ἐπεὶ
2289 849 2513 906 πλοῦτον
2556 846 2667 926 ἔχει
2696 843 2818 913 τοὺς
2845 845 3194 913 πιστεύοντας
3214 893 3231 924 ,
3275 845 3352 922 μὴ
3388 847 3632 927 ἀπογνῷς
3682 850 3756 908 ὡς

2150 936 2503 1015 ἀσύγγνωστα
2548 934 2883 1016 ἡμαρτηκώς
2911 959 2925 974 ο
2985 933 3335 1015 προσδέξεται
3387 935 3491 1015 γάρ
3521 958 3617 1009 σε,
3663 934 3755 993 ἵνα

2150 1026 2243 1088 καὶ
2268 1026 2327 1086 σὲ
2351 1027 2505 1107 μέρος
2534 1033 2624 1087 τοῦ
2650 1024 2844 1086 οἰκείου
2873 1025 3101 1086 πλούτου
3125 1026 3439 1100 ποιήσηται.

2238 1144 2260 1168 α
2295 1119 2422 1183 Πῶς
2468 1107 2557 1175 οὖν
2605 1114 3016 1175 ἐπικαλέσονται
3049 1119 3121 1184 εἷς
3159 1114 3216 1176 ὃν
3247 1116 3342 1174 οὐκ
3394 1115 3720 1177 ἐπίστευσαν
3741 1138 3755 1191 ;

2156 1208 2268 1275 πῶς
2300 1206 2354 1267 δὲ
2385 1204 2756 1265 πιστεύσουσιν
2785 1197 2847 1266 οὗ
2896 1208 2992 1266 οὒκ
3038 1206 3302 1280 ἤκουσανς
3357 1210 3472 1272 πῶς
3500 1204 3557 1265 δὲ
3589 1206 3754 1266 ἀκού-

2160 1320 2312 1358 σουσι
2356 1298 2521 1378 χωρὶς
2562 1292 2946 1377 κηρύσσοντος;
2994 1297 3109 1364 πῶς
3162 1292 3217 1354 δὲ
3258 1294 3572 1375 κηρύξουσιν
3598 1339 3616 1369 ,
3668 1294 3763 1353 ἐὰν

2162 1386 2238 1464 μὴ
2292 1387 2670 1461 ἀποσταλῶσι;
2725 1384 2900 1454 καθὼς
2942 1384 3245 1465 γέγραπται
3270 1409 3286 1423 ο
3318 1383 3414 1452 Ὡς
3465 1388 3657 1467 ὡραῖοι
3711 1389 3760 1444 οἱ

2161 1478 2319 1544 πόδες
2349 1479 2455 1535 τῶν
2504 1477 2991 1556 εὐαγγελιζομένων
3037 1475 3281 1555 εἰρήνην,
3328 1479 3433 1535 τῶν
3484 1476 3760 1556 εὐαγγελι-

2162 1566 2395 1641 ζομένων
2424 1564 2494 1624 τὰ
2523 1554 2725 1645 ἀγαθάῑ
2767 1593 2794 1619 ιι
2846 1554 3013 1627 Εἶπεν
3058 1554 3201 1639 ἀνω,
3232 1565 3315 1625 ὅτι
3362 1587 3392 1624 α
3428 1568 3547 1634 Πᾶς
3668 1565 3761 1624 ἐὰν

2164 1655 2580 1729 ἐπικαλέσηται,
2614 1655 2939 1728 σωθήσεταιο
2967 1682 2992 1708 ι
3020 1665 3307 1736 κατηγορεί
3332 1659 3423 1716 νῦν
3442 1653 3625 1716 λοιπὸν
3654 1659 3762 1714 τῶν

2166 1744 2475 1823 Ἰουδαίων,
2527 1748 2598 1813 ὥς
2650 1744 2724 1822 μὴ
2776 1745 3269 1824 ἐπικαλεσαμένων.
3322 1746 3425 1806 Διὰ
3476 1744 3529 1804 τί
3572 1744 3626 1805 δὲ
3666 1747 3763 1804 οὐκ

2165 1834 2588 1911 ἐπεκαλέσαντο;
2644 1835 2793 1895 Διότι
2835 1837 2932 1895 οὐκ
2979 1836 3319 1895 ἐπίστευσαν.
3357 1834 3460 1896 Διὰ
3496 1833 3548 1894 τί
3581 1833 3638 1893 δὲ
3668 1837 3765 1894 οὗκ

433 1929 855 1985 invocaverunt?
900 1929 1009 2000 77
1047 1929 1186 1999 Quia
1234 1945 1349 1984 non
1402 1927 1784 1985 crediderunt.
1853 1928 2037 1997 Quare

2158 1923 2508 2001 ἐπίστευσανς
2545 1923 2621 2004 μὴ
2658 1925 2790 1984 διότι
2839 1926 2936 1985 οὐκ
2982 1924 3248 2001 ἤκουσαν;
3288 1923 3401 1985 Kal
3437 1922 3543 2002 μὴν
3592 1924 3759 1998 ἤκου-

438 2026 627 2075 autem
666 2034 781 2074 non
820 2019 1206 2075 crediderunt?
1246 2020 1398 2075 Num
1435 2018 1563 2075 ideo
1597 2017 1723 2089 quia
1750 2032 1863 2073 non
1895 2016 2053 2073 audi-

438 2111 672 2165 verunt?
719 2110 887 2181 Atqui
930 2108 1274 2164 audiverunt.
1313 2109 1459 2164 Hinc
1484 2108 1737 2181 sequitur
1772 2107 2005 2179 objectio
2035 2127 2048 2162 :

443 2201 520 2254 At
537 2198 823 2269 quomodo
860 2198 977 2254 sine
1003 2197 1334 2270 praedicante
1357 2197 1547 2254 audire
1582 2201 1923 2270 potuerunt?
1949 2200 2051 2261 Cui

434 2288 685 2359 protinus
710 2287 968 2359 adjicitur
1023 2287 1222 2343 dilutio
1272 2306 1285 2342 :
1336 2288 1507 2358 Atqui
1556 2286 1948 2359 praedicarunt,
1997 2293 2051 2342 et

432 2376 587 2433 missi
627 2385 758 2432 sunt
788 2376 859 2433 ad
895 2392 989 2433 eos
1028 2392 1140 2432 non
1174 2377 1353 2449 pauci.
1402 2380 1467 2432 Et
1519 2376 1661 2433 unde
1700 2376 2051 2449 perspicuum

432 2474 517 2522 est
539 2481 634 2521 eos
657 2482 777 2522 esse
802 2466 927 2522 illos
954 2465 1048 2539 qui
1083 2467 1190 2522 sint
1214 2467 1410 2524 missi?
1444 2466 1523 2523 Ad
1559 2466 1723 2539 hujus
1746 2465 2045 2523 conﬁrma-

428 2556 645 2613 tionem
676 2556 883 2628 profert
909 2572 1039 2613 sane
1065 2556 1401 2629 prophetam
1431 2556 1707 2613 dicentem
1750 2576 1763 2611 :
1800 2580 1826 2606 α
1869 2558 2049 2626 Quam

428 2646 661 2718 speciosi
686 2646 850 2719 pedes
868 2645 1353 2719 evangelizantium
1383 2662 1607 2718 pacem,
1662 2646 2052 2719 evangelizan-

428 2737 571 2792 tium
606 2736 778 2793 bona!
805 2757 833 2789 »
861 2736 1005 2793 Nihil
1031 2738 1183 2793 enim
1202 2736 1354 2793 aliud
1381 2739 1790 2793 circumeuntes
1812 2736 2056 2808 apostoli

428 2826 818 2894 enuntiarunt,
858 2842 1027 2898 quam
1080 2825 1377 2882 ineffabilia
1407 2826 1584 2895 bona,
1630 2826 1835 2899 Deique
1874 2826 2050 2883 homi-

425 2914 592 2970 nibus
643 2916 1108 2971 communicatam
1168 2916 1517 2988 oblatamque
1586 2930 1801 2987 pacem.
1869 2904 2051 2987 Quare

427 3002 579 3075 quod
621 3020 733 3059 non
779 3004 1155 3073 crediderunt,
1205 3004 1368 3077 culpa
1421 3013 1506 3061 est
1553 3020 1747 3061 eorum
1797 3006 1890 3079 qui
1938 3022 2048 3062 non

430 3102 795 3167 susceperunt
821 3092 1209 3166 praadicantes.

498 3184 676 3240 Vens.
714 3188 798 3239 16.
829 3206 856 3232 α
899 3182 1009 3240 Sed
1033 3198 1146 3240 non
1192 3196 1388 3240 omnes
1434 3182 1671 3239 credunt
1699 3183 1996 3257 Evangelio
2027 3204 2038 3240 :
2072 3192 2117 3256 α

430 3271 600 3329 Isaias
638 3272 791 3328 enim
839 3272 976 3328 dicit
1022 3294 1035 3329 :
1079 3271 1339 3338 Domine,
1382 3272 1505 3345 quis
1549 3271 1781 3329 credidit
1829 3272 2041 3329 auditui

432 3365 669 3418 nostro?
722 3384 748 3410 ι»
786 3361 929 3434 Quia
970 3361 1216 3429 dixerat,
1266 3362 1705 3434 evangelizantes
1742 3362 1879 3419 istos
1914 3379 2040 3435 pro-

435 3452 615 3524 pheta:
649 3451 1036 3509 testimonium
1069 3452 1273 3509 habere
1301 3452 1449 3525 quod
1487 3469 1517 3509 a
1549 3456 1670 3509 Deo
1710 3461 1928 3523 essent,
1975 3469 2041 3509 ne

431 3541 555 3613 quis
583 3540 731 3597 dicat
766 3559 781 3597 :
813 3541 974 3614 Quod
1004 3541 1050 3598 si
1074 3557 1106 3598 a
1135 3544 1256 3598 Deo
1282 3540 1531 3611 fuerunt,
1559 3557 1756 3599 omnes
1784 3541 1893 3599 illis
1935 3543 2039 3599 ob-

434 3638 742 3702 temperare
781 3631 941 3705 plane
977 3632 1223 3704 oportuit
1268 3650 1281 3688 :
1332 3632 1552 3700 asserit,
1616 3647 1813 3689 omnes
1855 3647 2041 3688 revera

434 3721 733 3793 Evangelia
767 3736 878 3778 non
915 3736 1036 3779 esse
1077 3721 1406 3791 obsecutos;
1453 3737 1521 3778 ex
1565 3736 1632 3778 eo
1668 3729 1860 3779 tamen
1902 3722 2039 3777 nihil

432 3825 657 3882 prorsus
729 3809 1045 3868 labefactari
1106 3812 1288 3885 ipsam
1339 3810 1649 3868 veritatem.
1710 3813 1835 3869 Hoc
1891 3812 2040 3869 enim

433 3899 619 3974 ipsum
647 3900 767 3975 jam
825 3902 965 3960 olim
1016 3910 1145 3959 ante
1185 3903 1395 3960 multos
1439 3917 1614 3959 annos
1660 3901 1829 3959 Isaias
1871 3900 2039 3969 dixit,

437 4014 463 4040 α
496 3992 663 4062 Quis,
706 3992 991 4066 inquiens,
1030 3991 1273 4049 credidit
1299 3991 1514 4049 auditui
1550 3995 1779 4049 nostro?
1808 4015 1835 4041 ι
1862 3992 2044 4063 Ωιιίεὲ

434 4097 557 4154 pro,
588 4082 747 4148 Rari,
775 4083 1001 4154 ponitur
1050 4082 1157 4139 hoc
1198 4082 1326 4141 loco
1367 4100 1383 4139 :
1424 4082 1483 4140 id
1515 4090 1620 4147 est,
1653 4083 1823 4139 Pauci
1859 4082 2039 4139 credi-

434 4170 641 4227 derunt
667 4170 875 4228 auditui
899 4178 1112 4228 nostro.

508 4263 694 4316 Vnns.
726 4265 814 4316 l7.
868 4283 895 4311 α
925 4259 1086 4317 Fides
1125 4259 1312 4332 itaque
1354 4276 1420 4317 ex
1447 4260 1637 4318 auditu
1680 4270 1791 4331 est;
1823 4260 2044 4319 auditus

431 4358 624 4406 autem
654 4366 749 4420 per
776 4351 1009 4407 verbum
1044 4349 1168 4407 Dei.
1204 4373 1232 4401 η
1277 4351 1421 4408 Cum
1457 4351 1896 4423 praecedentibus
1924 4351 2043 4408 hac

2161 2037 2281 2075 σαν.
2346 2006 2480 2075 Εἶτα
2528 2014 2785 2082 ἀντίθεσις
2827 2037 2841 2052 ο
2900 2014 3012 2075 Kal
3053 2017 3166 2083 πῶς
3211 2012 3477 2087 ἠδύναντο
3527 2018 3758 2075 ἀκοῦσαι

2158 2104 2327 2186 χωρὶς
2383 2104 2770 2186 κηρύσσοντος;
2828 2094 2965 2165 Εἶτα
3018 2104 3179 2164 πάλιν
3239 2104 3389 2171 λύσις
3413 2127 3428 2142 ⁸
3489 2105 3597 2166 Kal
3652 2104 3763 2181 μὴν

2161 2194 2451 2275 ἐκήρυξαν,
2502 2195 2595 2254 καὶ
2631 2193 3014 2266 ἀπεστάλησαν
3064 2196 3134 2261 εἰς
3166 2192 3357 2261 αὐτοὺς
3395 2194 3607 2255 πολλοί.
3646 2195 3765 2255 Καὶ

2158 2284 2316 2344 πόθεν
2346 2286 2538 2361 δῆλον,
2571 2283 2652 2345 ὅτι
2682 2275 2826 2343 οὗτοί
2858 2286 2990 2342 εἰσιν
3019 2287 3209 2345 ἐκεῖνοι
3240 2286 3289 2345 οἱ
3322 2282 3718 2347 ἀποσταλέντες
3745 2306 3760 2359 ;

2158 2374 2297 2435 Τότε
2329 2375 2374 2415 ⁶⁴
2438 2374 2502 2447 δὴ
2544 2375 2724 2435 λοιπὸν
2766 2374 2967 2451 εἰσάγει
3010 2374 3099 2434 τὸν
3151 2374 3428 2456 προφήτην
3482 2372 3709 2452 λέγοντα
3747 2398 3760 2411 ο

2161 2491 2187 2517 ιι
2222 2464 2318 2531 Ὡς
2347 2467 2533 2546 ὡραῖοι
2565 2468 2612 2525 οἱ
2646 2464 2807 2530 πόδες
2841 2465 2946 2523 τῶν
2991 2464 3477 2544 εὐαγγελιζομένων
3510 2462 3723 2543 εἰρήνην
3745 2511 3764 2541 ,

2159 2557 2262 2613 τῶν
2315 2553 2795 2636 εὐαγγελιζομένων
2826 2552 2894 2611 τὰ
2945 2555 3153 2630 ἀγαθάέ
3215 2581 3241 2608 ιι
3272 2553 3445 2616 Οὐδὲν
3484 2552 3588 2633 γὰρ
3630 2552 3766 2612 ἄλλο

2160 2644 2449 2725 περιῄεσαν
2501 2647 2551 2703 οῖ
2599 2644 2889 2704 ἀπόστολοι
2924 2642 3195 2722 λέγοντες,
3244 2645 3366 2703 ἀλλ’
3410 2641 3446 2714 ἢ
3477 2643 3546 2702 τὰ
3586 2643 3762 2725 ἀπόῤ-

2162 2738 2297 2814 ῥητα
2333 2734 2535 2814 ἀγαθὰ,
2563 2735 2653 2795 καὶ
2684 2733 2780 2806 τὴν
2810 2737 2902 2792 τοῦ
2932 2734 3077 2794 Θεοῦ
3109 2734 3240 2815 πρὸς
3270 2731 3580 2813 ἀνθρώπους
3608 2757 3765 2812 γενο-

2162 2822 2328 2900 μένην
2385 2827 2618 2907 εἷρήνην.
2668 2822 2849 2884 Ὥστε
2897 2822 2959 2882 τὸ
3010 2822 3083 2900 μὴ
3140 2829 3462 2895 πιστεῦσαι,
3514 2823 3762 2902 ἔγκλημα

2160 2914 2404 2989 ἐκείνων,
2430 2919 2536 2974 τῶν
2556 2914 2632 2993 μὴ
2658 2911 3109 2996 παραδεξαμένων
3138 2913 3259 2983 τοὺς
3288 2912 3677 2995 κηρύσσοντας.

2232 3212 2257 3240 α
2313 3186 2455 3247 Ἀλλ’
2509 3188 2569 3247 οὗ
2628 3187 2824 3256 πάντες
2875 3186 3186 3259 ὑπήκουσαν
3261 3189 3337 3266 τῷ
3407 3187 3755 3267 Εὖαγγελίῳ.

2152 3271 2383 3343 Ἡσαΐας
2436 3275 2540 3355 γὰρ
2572 3276 2714 3355 λέγει
2761 3300 2776 3315 ο
2807 3276 3000 3358 Κύριε,
3046 3277 3127 3345 τίς
3163 3275 3443 3336 ἐπίστευσε
3616 3279 3756 3356 ἀκοῇ

2151 3370 2339 3445 ἡμῶνς
2407 3389 2435 3423 ι
2500 3365 2725 3439 Ἐπειδὴ
2784 3356 2957 3440 εἶπεν,
3011 3364 3092 3425 ὅτι
3171 3367 3219 3425 οἱ
3293 3364 3758 3447 εὐαγγελιζόμενοι

2150 3455 2300 3536 παρὰ
2336 3462 2426 3514 τοῦ
2458 3459 2731 3538 προφήτου
2760 3457 3203 3538 ἐμαρτυρήθησαν
3348 3455 3524 3515 θεόθεν
3570 3454 3719 3523 ὄντες
3744 3480 3757 3493 ο

2148 3542 2235 3603 ἵνα
2265 3544 2342 3621 μή
2368 3570 2445 3612 τις
2475 3536 2601 3625 εἴπῂ
2631 3566 2646 3581 ⁶
2687 3546 2795 3607 Kal
2969 3536 3034 3605 εἰ
3073 3546 3247 3605 θεόθεν
3279 3536 3448 3618 ἦσαν,
3483 3544 3591 3606 ἔδει
3620 3546 3756 3604 πάν-

2148 3658 2244 3703 τας
2274 3637 2444 3694 αὖτῶν
2494 3638 2800 3695 ὓπακοῦσαι
2830 3637 2882 3675 ⁶²
2915 3659 2929 3673 ⁸
2959 3636 3145 3717 φησὶν,
3191 3635 3273 3693 ὅτι
3313 3636 3525 3709 ἀληθῶς
3558 3636 3760 3703 πάντες

2149 3727 2247 3806 οὐχ
2275 3726 2585 3799 ὑπήκουσαν
2616 3730 2694 3805 τῷ
2729 3726 3045 3807 Εὖαγγελίῳ
3076 3748 3089 3762 ·
3129 3726 3246 3783 ἀλλ’
3276 3724 3424 3784 οὐδὲν
3457 3728 3517 3784 ἐκ
3558 3726 3749 3785 τούτου

2152 3816 2447 3894 βλάπτεται
2472 3820 2507 3888 ἡ
2536 3816 2759 3888 ἀλήθεια
2783 3840 2797 3854 ο
2821 3816 2949 3876 αὐτὸ
2969 3814 3074 3895 γὰρ
3098 3815 3151 3853 ⁸³
3176 3819 3333 3875 τοῦτο
3354 3810 3592 3883 Ἡσαΐας
3617 3815 3763 3893 λέγει

2148 3904 2253 3983 πρὸ
2276 3907 2490 3964 πολλῶν
2526 3906 2656 3966 ἐτῶν
2681 3930 2694 3943 ·
2734 3928 2763 3965 α
2794 3904 2895 3976 Τίς
2923 3906 3204 3966 ἐπίστευσε
3333 3906 3467 3986 ἀκοῇ
3491 3909 3679 3982 ἡμῶν;
3726 3937 3748 3958 υ

2150 3993 2227 4054 Τὸ
2256 3994 2379 4075 γὰρ,
2408 3994 2541 4075 Τίςς
2587 3995 2705 4054 ἀντὶ
2733 4003 2851 4069 τοῦ,
2895 3995 3124 4056 Σπάνιοι
3169 3992 3241 4068 ⁸⁸,
3290 4002 3464 4054 κεῖται
3512 3995 3763 4056 ἐνταῦθα·

2147 4084 2450 4157 τουτέστιν,
2481 4083 2688 4161 Ὀλίγοι
2717 4084 3037 4145 ἐπίστευσαν
3067 4089 3134 4159 τῆ
3164 4087 3300 4165 ἀκοῇ
3328 4087 3504 4162 ἡμῶν.

2235 4283 2259 4309 α
2288 4254 2424 4335 Ἄρα
2450 4260 2483 4327 ἡ
2518 4254 2696 4322 πίστις
2726 4253 2780 4323 ἐξ
2820 4256 3018 4327 ἀκοῆςο
3069 4257 3104 4327 ἡ
3150 4250 3206 4314 δὲ
3229 4253 3366 4325 ἀκοὴ
3396 4251 3482 4312 διὰ
3514 4250 3756 4333 ῥήματος

2149 4350 2312 4409 Θεοῦ.
2356 4369 2383 4403 ε
2419 4348 2595 4406 Τοῦτο
2632 4343 2814 4425 ἔχεται
2866 4343 2962 4420 μὲν
3019 4346 3113 4415 τῆς
3164 4348 3270 4402 τῶν
3319 4342 3587 4423 προτέρων
3631 4342 3765 4400 ἀκο-

430 4439 747 4508 cohaerent,
796 4455 863 4496 ac
909 4440 1085 4497 instar
1132 4439 1504 4498 conclusionis
1553 4439 1844 4513 cujusdam
1891 4455 2037 4512 prae-

2155 4435 2389 4504 λουθίας,
2441 4434 2533 4493 καὶ
2588 4432 2772 4513 ὥσπερ
2831 4431 3196 4513 συμπέρασμά
3254 4457 3305 4491 τι
3382 4432 3571 4511 ἐπάγει
3638 4440 3754 4498 τοῖς

433 4528 600 4585 dictis
657 4527 1010 4586 adducuntur
1076 4547 1090 4586 :
1148 4529 1465 4587 subindicat
1518 4538 1706 4587 autem
1775 4528 2041 4603 quiddam

434 4618 600 4675 aliud.
649 4618 789 4689 Quia
816 4618 967 4676 enim
992 4619 1179 4677 Judaei
1206 4620 1359 4677 nullo
1395 4636 1512 4677 non
1538 4629 1787 4693 tempore
1822 4619 2043 4692 signum

434 4708 778 4781 quaerebant,
848 4724 914 4765 ac
985 4710 1405 4767 resurrectionis
1474 4717 1761 4782 aspectum
1834 4708 2042 4780 ipsum,

440 4798 656 4869 inquit,
702 4820 729 4847 ιι
758 4797 920 4856 Fides
966 4807 1052 4856 est
1103 4814 1171 4857 ex
1210 4798 1432 4869 auditu,
1473 4823 1499 4849 ιι
1531 4809 1697 4872 atque
1723 4800 1869 4856 ultra
1898 4798 2046 4855 hunc

435 4886 686 4943 auditum
738 4904 851 4944 non
905 4896 1125 4961 oportet
1170 4889 1441 4961 inquirere
1500 4889 1803 4962 quidquam
1870 4888 2040 4945 aliud.

435 4980 581 5033 Nam
610 4976 832 5035 auditus
860 4977 976 5035 sive
1019 4993 1205 5036 sermo
1254 4994 1364 5035 non
1413 4986 1499 5035 est
1524 4978 1820 5035 verborum
1847 4978 2049 5051 simpli-

435 5065 575 5123 citer
601 5065 905 5138 dictorum,
933 5066 1031 5125 sed
1085 5069 1384 5126 verborum
1413 5067 1536 5125 Dei.
1575 5067 1844 5137 Quocirca
1872 5069 1920 5125 si
1955 5067 2050 5125 ad-

436 5157 690 5215 miranda
734 5158 971 5232 quaaris,
1024 5157 1275 5231 adeoque
1321 5158 1626 5227 miracula,
1672 5174 1775 5216 ceu
1823 5174 1890 5215 ex
1932 5161 2051 5215 Deo

437 5246 577 5317 sint,
624 5247 785 5307 crede
836 5248 1009 5306 etiam
1050 5247 1250 5319 verbis,
1299 5264 1402 5306 ceu
1454 5264 1578 5321 quae
1620 5265 1651 5306 a
1698 5253 1822 5306 Deo
1868 5247 2052 5321 profe-

432 5347 653 5395 rantur.

505 5430 667 5484 Vnns
697 5433 781 5484 18.
818 5451 843 5476 «
876 5427 986 5486 Sed
1013 5426 1138 5484 dico
1171 5447 1187 5484 :
1232 5426 1494 5501 Nunquid
1534 5443 1651 5486 non
1696 5428 1991 5487 audierunt
2024 5431 2049 5485 Ρ

526 5518 671 5573 Visa.
712 5532 815 5587 LII,
846 5524 897 5573 7.
991 5520 1135 5574 'Isa.
1168 5533 1320 5589 Lm,
1345 5522 1399 5574 1.

2150 4527 2520 4608 προῤῥηθεῖσιν
2553 4548 2568 4562 ο
2617 4523 2906 4582 αἰνίττεται
2957 4522 3011 4582 δὲ
3059 4524 3151 4582 καί
3200 4546 3250 4582 τι
3284 4521 3484 4603 ἕτερον.
3520 4523 3761 4595 Ἐπειδὴ

2151 4614 2253 4695 γὰρ
2302 4618 2349 4674 οἱ
2393 4615 2639 4677 Ἰουδαῖοι
2689 4616 2811 4673 καθ’
2854 4614 3081 4673 ἕκαστον
3136 4610 3320 4694 καιρὸν
3378 4620 3583 4690 σημεῖα
3636 4612 3760 4685 ἐζή-

2152 4728 2301 4776 τουν,
2345 4704 2436 4763 καὶ
2484 4706 2579 4776 τὴν
2627 4704 2746 4785 ὄψιν
2796 4701 2961 4777 αὐτὴν
3002 4708 3096 4775 τῆς
3136 4700 3483 4771 ἀναστάσεως
3507 4727 3520 4740 ·
3552 4704 3720 4784 φησὶν
3747 4750 3762 4774 ,

2153 4792 2234 4851 ὅτι
2260 4820 2283 4847 α
2311 4792 2381 4854 Ἦ
2421 4793 2595 4859 πίστις
2626 4792 2677 4861 ἐξ
2709 4796 2892 4864 ἀκοῆς·
2927 4823 2947 4846 ιο
2974 4793 3083 4856 Καὶ
3110 4793 3273 4852 πλέον
3300 4793 3353 4831 ⁶³
3384 4798 3480 4865 τῆς
3512 4795 3677 4866 ἀκοῆς
3703 4795 3765 4850 οὗ

2154 4885 2232 4941 δεῖ
2289 4887 2461 4955 ζητεῖν
2512 4884 2687 4964 ἕτερόν
2739 4907 2811 4943 τι.
2866 4886 2949 4944 Οὐ
3005 4883 3109 4966 γὰρ
3161 4882 3294 4953 ἀκοή
3338 4885 3449 4941 ἐστι
3504 4881 3765 4964 ῥημάτων

2157 4972 2344 5040 ἅπλῶς
2395 4973 2731 5051 λεγομένων,
2782 4972 2923 5034 ἀλλὰ
2976 4975 3231 5055 ῥημάτων
3285 4976 3452 5035 Θεοῦ.
3500 4970 3677 5033 Ὥστε
3716 4974 3765 5030 εἰ

2158 5061 2407 5140 θαύματα
2446 5066 2652 5137 ζητεῖς,
2704 5066 2775 5130 ὣς
2818 5065 2878 5123 ἐκ
2924 5066 3068 5125 Θεοῦ
3119 5063 3281 5139 ὄντα,
3344 5063 3630 5123 πίστευσον
3667 5062 3764 5120 καὶ

2158 5160 2266 5221 τοῖς
2302 5150 2565 5234 ῥήμασιν,
2595 5156 2665 5221 ὥς
2694 5154 2756 5213 ἐκ
2790 5155 2933 5215 Θεοῦ
2962 5152 3288 5233 λεγομένοις.

2240 5442 2275 5480 α
2301 5419 2463 5483 Ἀλλὰ
2490 5419 2633 5501 λέγω
2655 5443 2669 5457 ·
2696 5417 2792 5493 Μὴ
2822 5418 2919 5479 οὖκ
2950 5417 3224 5495 ἤκουσαν;
3260 5419 3534 5497 Μενοῦνγε
3554 5415 3627 5484 εἰς
3656 5421 3759 5474 πᾶ-

1848 5601 2041 5660 Variae
2088 5601 2391 5663 lectiones.

512 5684 550 5717 ⁶¹
605 5685 665 5737 τὸ
720 5685 774 5740 δὲ
827 5704 880 5744 0.
959 5688 1004 5723 ⁶²
1051 5688 1246 5751 πάντως
1297 5689 1459 5745 αὐτῶν
1509 5688 1785 5745 ὑπακοῦσαι
1834 5690 2052 5753 ἅπαντας
2100 5706 2156 5747 0.

442 5761 576 5829 πλὴν
605 5781 659 5820 ο,

2254 5691 2300 5725 ⁸³
2345 5689 2400 5744 δὲ
2444 5705 2499 5748 0.
2600 5688 2646 5724 ⁵³
2702 5690 2940 5755 σπάνιος,
2996 5687 3107 5756 καὶ,
3166 5688 3387 5751 σπανίως
3448 5703 3503 5744 0.
3579 5685 3626 5719 ⁸³
3683 5682 3763 5739 ἴσ.
