4150 6442
373 398 471 460 481
1319 400 1671 467 EXPOSITIO
1706 405 1776 467 IN
1812 404 2024 469 EPIST.
2060 409 2155 469 AD
2191 407 2360 471 ROM.
2408 444 2469 455 —
2513 412 2664 472 CAP.
2704 412 2760 473 Χ.

3591 427 3699 484 482

374 554 476 622 σαν
508 529 602 601 τὴν
649 533 749 608 γῆν
798 527 1012 622 ἐξῆλθεν
1062 534 1091 589 ὁ
1139 531 1363 613 φθόγγος
1413 536 1621 610 αὐτῶν,
1671 535 1763 595 χαὶ
1795 539 1868 605 εἰς
1911 537 1974 596 τὰ

2085 541 2236 612 atqui
2268 541 2325 597 in
2364 557 2589 599 omnem
2638 550 2843 601 terram
2893 546 3063 604 exivit
3094 564 3264 607 sonus
3302 565 3520 622 eorum,
3558 562 3616 610 et
3643 554 3700 610 in

372 620 584 701 πέρατα
629 623 723 693 τῆς
768 621 1077 698 οἰκουμένης
1104 622 1173 681 τὰ
1210 622 1431 704 ῥήματα
1466 626 1657 687 αὐτῶν.
1699 651 1725 683 ν
1760 626 1976 708 ’Ὥσπερ

369 710 509 779 τινὸς
532 709 786 777 εἰπόντος·
812 710 924 773 Καὶ
947 714 1001 771 τί
1020 711 1148 788 πρὸς
1173 713 1383 781 τούτους
1403 763 1419 793 ,
1445 716 1561 795 [εἷ]
1595 717 1976 791 ἀπεστάλησαν

371 803 422 891 οῖ
473 802 969 891 εὐαγγελιζόμενοι,
1023 794 1166 862 οὗτοι
1192 803 1373 891 δὲγοῦχ
1401 794 1639 880 ἤκουσαν
1670 807 1834 891 ὅλως
1871 832 1975 891 φη-

370 888 490 965 σὶν,
517 889 600 948 ὅτι
624 888 697 952 ⁶Η
728 892 1017 974 οἰκουμένη
1064 902 1214 953 πᾶσα
1241 890 1294 933 δθ
1332 894 1527 967 ἤκουσε
1549 943 1566 974 ,
1591 895 1684 955 καὶ
1708 888 1848 958 οὑτοι
1883 888 1978 957 οὐκ

369 978 640 1057 ἤκουσαν,
687 983 818 1063 παρ’
846 972 921 1051 οἷς
954 987 1202 1069 τοσοῦτον
1251 983 1339 1043 τὸν
1390 972 1579 1066 χρόνον
1619 985 1889 1069 διέτριψαν
1929 989 1978 1048 οἳ

372 1070 694 1151 ἀπόστολοι,
725 1071 817 1131 καὶ
844 1070 962 1132 ὅθεν
991 1064 1159 1149 iam;
1192 1073 1300 1136 Καὶ
1321 1064 1519 1143 πῶςήᾶν
1540 1075 1656 1157 ἔχοι
1684 1064 1872 1157 λύγονς

465 1268 493 1306 ιι
519 1248 681 1309 Ἀλλὰ
728 1249 905 1329 λέγω·
954 1250 1053 1323 Μὴ
1095 1253 1192 1312 οὐκ
1240 1255 1375 1332 ἔγνω
1418 1253 1643 1336 Ἰσραήλ
1657 1275 1673 1331 ;
1732 1278 1761 1314 ι)
1800 1255 1977 1317 Πάλιν

372 1339 530 1419 ἑτέρα
556 1338 815 1407 ἀντίθεσις
837 1364 851 1378 σ
879 1342 962 1423 ΔΕἰ
985 1340 1243 1423 ἐκήρυξαν
1286 1342 1384 1421 μὲν
1408 1346 1456 1404 οἱ
1483 1344 1769 1405 ἀπόστολοι
1786 1391 1805 1418 ,
1837 1338 1978 1409 οὗτοι

370 1428 429 1487 δὲ
460 1428 519 1487 οὔ
554 1432 827 1502 συνῆκαν,
875 1420 981 1511 ἀρα
1030 1420 1126 1491 οὖν.
1178 1420 1311 1503 ἄξιοι
1350 1433 1700 1514 συγγνώμηςς
1751 1426 1888 1497 Εἶτα
1919 1440 1978 1498 ἐ-

376 1516 542 1596 πάγει
576 1517 672 1579 καὶ
698 1517 886 1580 τούτου
913 1518 1011 1593 τὴν
1034 1520 1207 1583 λύσιν.

460 1718 490 1758 ι
525 1700 746 1780 Πρῶτος
776 1702 983 1773 Μωσῆς
1027 1699 1173 1782 λέγει
1201 1725 1215 1740 ο
1243 1700 1395 1780 Ἐγὼ
1429 1703 1812 1786 παραζηλώσω
1844 1706 1983 1784 ὑμᾶς

374 1790 462 1848 ἐπ’
551 1792 646 1849 οὐκ
724 1790 858 1849 ἔθνει
912 1811 926 1826 ·
1001 1792 1090 1851 ἐπὶ
1163 1790 1298 1853 ἔθνει
1376 1793 1613 1877 ἀσυνέτῳ
1696 1798 1974 1877 παροργιῶ

2084 628 2221 686 ﬁnes
2248 631 2399 688 orbis
2443 641 2722 690 terrarum
2752 634 2925 692 verba
2952 652 3148 694 eorum
3188 648 3230 690 ι.
3263 662 3288 688 ι»
3327 642 3506 698 Veluti
3546 645 3698 716 quis-

2084 720 2228 792 piam
2273 720 2449 792 dicat,
2490 724 2561 778 Et
2594 724 2729 796 quid
2788 724 2857 781 ad
2896 724 3021 793 hos,
3072 727 3115 783 si
3170 729 3323 785 missi
3354 730 3465 787 sint
3506 733 3700 804 praedi-

2082 819 2271 868 cantes
2296 812 2668 885 Evangelium,
2695 814 2731 870 ii
2756 824 2942 871 autem
2968 818 3200 873 omnino
3228 834 3336 874 non
3368 818 3702 881 audierint?

2086 901 2205 957 ait:
2255 902 2559 960 Universus
2606 912 2879 961 terrarum
2920 906 3068 963 orbis
3111 923 3307 964 eorum
3348 909 3702 981 praedicatio-

2084 1006 2213 1048 nem
2242 991 2479 1061 audivit,
2510 999 2565 1049 et
2592 993 2672 1049 illi
2700 1010 2811 1051 non
2842 995 3170 1067 audiissent,
3204 998 3351 1071 apud
3375 1016 3513 1072 quos
3542 1009 3701 1059 tanto

2085 1091 2213 1138 sunt
2275 1092 2532 1155 tempore
2605 1085 2806 1141 morati
2856 1087 3123 1158 apostoli,
3184 1089 3493 1163 quibusque
3544 1100 3702 1148 erant

2083 1172 2304 1229 oriundi
2320 1174 2348 1228 Ἰ
2374 1174 2590 1244 Quam,
2615 1190 2825 1248 quaeso,
2855 1176 3127 1234 rationem
3165 1176 3271 1235 hoc
3298 1178 3594 1240 habuerit?

2154 1265 2334 1321 Vens.
2375 1269 2461 1321 I9.
2510 1264 2678 1322 «Sed
2704 1266 2859 1335 dico;
2908 1268 3178 1342 Nunquid
3230 1268 3397 1326 Israel
3444 1286 3554 1326 non
3603 1287 3699 1327 co-

2085 1353 2309 1423 gnovit?
2338 1376 2364 1402 ιι
2394 1353 2520 1411 Alia
2550 1362 2633 1410 est
2659 1354 2897 1429 objectio
2930 1374 2943 1413 :
2967 1357 3020 1413 Si
3041 1357 3417 1431 praedicarunt
3441 1362 3700 1433 apostoli,

2085 1441 2163 1498 illi
2205 1452 2390 1499 autem
2439 1460 2552 1502 non
2623 1445 3030 1517 intellexerunt,
3085 1448 3331 1521 nunquid
3377 1448 3531 1524 digni
3567 1459 3701 1508 sunt

2087 1533 2283 1591 venia?
2321 1535 2503 1608 Hujus
2532 1536 2704 1593 etiam
2731 1536 3057 1596 dilutionem
3083 1538 3345 1596 subtexit.

2169 1824 2195 1850 σι
2228 1801 2447 1859 Primus
2480 1803 2668 1860 Moses
2697 1801 2830 1859 dicit
2858 1822 2870 1858 :
2903 1805 3021 1876 Ego
3059 1803 3126 1859 ad
3162 1803 3573 1861 aemulationem
3603 1820 3702 1862 vos

373 1881 535 1953 ὑμᾶς.
570 1906 594 1933 ν
628 1881 697 1939 Εἰ
739 1879 832 1940 καὶ
880 1880 1190 1958 μηδαμόθεν
1230 1885 1447 1943 ἄλλοθεν
1476 1929 1494 1959 ,
1527 1883 1691 1967 φησὶ,
1724 1884 1823 1944 κᾶν
1858 1891 1974 1964 γοῦν

2091 1889 2369 1948 adducam
2400 1892 2454 1948 in
2482 1908 2597 1949 non
2627 1902 2873 1966 gentem,
2905 1893 2961 1949 in
2990 1902 3211 1966 gentem
3241 1894 3613 1965 insipientem,
3642 1895 3699 1950 in

373 1972 435 2029 ἐκ
464 1974 556 2042 τῆς
596 1973 789 2047 τιμῆς,
822 1970 888 2043 ἣν
925 1970 978 2010 ⁵⁷
1008 1971 1341 2051 ἐτιμήθησαν
1374 1972 1425 2012 ⁸⁸
1455 1976 1503 2033 οἱ
1536 1974 1591 2045 ἐξ
1638 1977 1834 2051 ἐθνῶν,
1872 1973 1974 2036 ἔδει

2085 1980 2227 2039 iram
2243 1999 2339 2040 vos
2358 1983 2578 2040 mittam
2597 1976 2651 2041 δ.
2678 2008 2702 2032 ιι
2719 1984 2776 2041 Si
2797 1999 2909 2041 non
2935 1982 3391 2057 aliunde,inquit,
3409 1985 3607 2042 saltem
3632 2000 3698 2042 ex

372 2057 563 2128 αὖτοὺς
622 2060 879 2122 συνιέναι.
963 2059 1140 2122 ⁹Οταν
1199 2062 1305 2146 γὰρ
1363 2064 1544 2145 ἐώρων
1615 2064 1736 2132 τοὺς
1817 2067 1978 2125 εἰδω-

370 2149 635 2230 λολάτρας
693 2148 941 2231 ἐξαίφνης
994 2151 1256 2213 τοσούτων
1335 2152 1648 2223 ἀξιωθέντας
1724 2158 1976 2235 ἀγαθῶν,

372 2238 478 2296 ἔδει
572 2238 759 2308 αὐτοὺς
811 2240 863 2279 ⁶⁹
937 2241 1431 2324 παραζηλώσαντας
1513 2247 1800 2318 ἐννοῆσαι,
1897 2244 1979 2304 ὅτι

371 2326 548 2387 Τοῦτό
597 2331 709 2388 ἐστι
755 2329 816 2389 τὸ
871 2329 1045 2407 ἔθνος,
1098 2331 1222 2412 περὶ
1276 2324 1339 2392 οὗ
1389 2336 1631 2407 Μωῦσῆς
1671 2325 1841 2397 εἶπεν.
1898 2338 1981 2395 Οὖ

370 2419 475 2498 γὰρ
517 2417 675 2497 μόνον
727 2419 787 2478 τὸ
833 2419 1051 2499 μέγεθος
1094 2426 1189 2496 τῆς
1243 2426 1404 2501 τιμῆς
1451 2424 1634 2484 ῖκανὸν
1676 2416 1741 2500 ἧν
1780 2424 1980 2499 ,αὐτοὺς

372 2509 447 2576 εἷς
476 2511 631 2581 ζῆλον
676 2510 961 2586 ἐμϐαλεῖν,
1006 2511 1144 2572 ἀλλὰ
1192 2513 1287 2572 καὶ
1337 2514 1398 2573 τὸ
1449 2513 1613 2583 οὕτως
1660 2516 1887 2583 εὐτελεῖς
1927 2515 1980 2563 7⁰

372 2588 507 2658 εἶναι
557 2598 676 2669 τοὺς
721 2601 1071 2678 τιμηθέντας,
1104 2600 1242 2662 ὥστε
1288 2605 1424 2681 μηδὲ
1456 2603 1595 2672 ἔθνος
1641 2606 1971 2684 νομίζεσθαι.

377 2709 405 2744 α
457 2687 584 2748 Ἐπ’
632 2691 729 2749 οὐκ
774 2689 909 2751 ἔθνει
962 2691 1093 2774 γὰρ,
1141 2692 1303 2775 φησὶ,
1360 2692 1741 2775 παραζηλώσω
1794 2698 1973 2773 ὑμᾶς,

370 2777 460 2838 ἐπὶ
510 2777 646 2839 ἔθνει
698 2779 1003 2861 ἀσυνέτῳ.»
1062 2782 1136 2845 Τί
1181 2782 1285 2863 γὰρ
1318 2781 1599 2856 Ἑλλήνων
1644 2782 1975 2845 ἀσυνετώτε-

374 2892 463 2951 ρον
484 2914 501 2943 ,
528 2867 697 2938 ξύλοις
724 2870 818 2930 καὶ
856 2871 1019 2940 λίθοις
1050 2873 1528 2954 προσκεχηνότωνς

368 2966 737 3040 insipientem.

376 3056 546 3113 hianti
580 3056 922 3131 penderent?

2086 2068 2324 2141 honore,
2347 2069 2460 2141 78
2474 2085 2582 2141 quo
2606 2077 2795 2142 gentes
2805 2067 3022 2127 affecta
3036 2078 3190 2139 sunt,
3214 2070 3520 2143 intelligere
3532 2070 3699 2128 debe-

2087 2158 2222 2215 bant
2267 2159 2630 2231 prasdicatum
2679 2159 2989 2217 Christum.
3032 2160 3175 2216 Cum
3227 2159 3374 2215 enim
3420 2160 3697 2216 idolorum

2084 2248 2328 2304 cultores
2362 2256 2651 2305 cernerent
2694 2248 2833 2305 adeo
2861 2256 3087 2321 repente
3114 2249 3284 2305 tantis
3326 2248 3486 2305 bonis
3528 2265 3696 2306 orna-

2088 2347 2207 2405 tos,
2235 2338 2525 2411 oportebat
2563 2354 2659 2395 eos
2701 2338 3058 2395 aemulatione
3086 2339 3343 2395 incitatos
3366 2338 3696 2411 intelligere,

2091 2428 2233 2484 hanc
2259 2443 2380 2485 esse
2404 2427 2581 2501 ipsam
2609 2436 2829 2501 gentem
2858 2426 2927 2485 de
2955 2444 3064 2501 qua
3083 2430 3273 2485 Moses
3294 2429 3459 2485 verba
3475 2427 3695 2486 fecerit.

2084 2518 2303 2576 Nedum
2342 2518 2496 2574 enim
2524 2516 2849 2591 magnitudo
2881 2517 3109 2574 honoris
3154 2515 3468 2575 sufﬁciebat
3517 2526 3581 2574 ut
3622 2517 3696 2575 ad

2085 2608 2501 2666 mmulationem
2522 2622 2617 2664 eos
2645 2607 2932 2676 incitaret,
2960 2623 3153 2664 verum
3180 2608 3348 2664 etiam
3379 2607 3531 2681 quod
3555 2607 3696 2666 adeo

2084 2700 2226 2756 viles
2284 2698 2499 2756 honore
2546 2697 2729 2754 affecti
2769 2707 2982 2766 essent,
3039 2706 3103 2755 ut
3144 2714 3213 2753 ne
3248 2698 3427 2772 gentis
3465 2697 3696 2772 quidem

2086 2789 2315 2847 nemine
2338 2788 2595 2846 censendi
2621 2796 2823 2845 essent.
2855 2811 2880 2837 σι
2914 2791 3033 2860 Ego
3066 2788 3240 2859 enim,
3272 2811 3299 2838 υ
3332 2788 3528 2860 inquit,
3564 2811 3590 2839 ιι
3623 2787 3697 2846 ad

2085 2878 2502 2937 aemulationem
2518 2894 2616 2936 vos
2627 2877 2901 2936 adducam
2922 2878 2981 2934 in
2992 2893 3103 2935 non
3121 2886 3345 2951 gentem
3360 2919 3376 2948 ,
3399 2878 3457 2934 in
3470 2887 3696 2952 gentem

816 2992 842 3019 ιο
890 2970 1035 3041 Quid
1084 2971 1231 3028 enim
1271 2972 1480 3030 Graecis
1519 2971 1745 3030 stultius
1789 2980 1846 3030 et
1890 2970 2268 3044 insipientius,
2318 2969 2517 3045 quippe
2567 2968 2661 3043 qui
2706 2984 2740 3027 a
2781 2968 2948 3043 lignis
2989 2976 3046 3025 et
3083 2967 3351 3042 lapidibus
3390 2969 3555 3026 veluti
3602 2985 3699 3026 ore

459 3174 484 3199 ι
521 3144 754 3215 Ἡσαΐας
788 3148 844 3208 δὲ
868 3148 914 3188 ⁷⁵
952 3151 1239 3233 ἀποτολμᾷ
1267 3149 1360 3210 καὶ
1389 3150 1531 3230 λέγει
1555 3174 1569 3189 ·
1604 3150 1843 3231 Εὑρέθην
1867 3159 1974 3220 τοῖς

2152 3151 2332 3207 Vnas.
2375 3153 2464 3205 20.
2497 3170 2523 3197 α
2560 3146 2909 3205 Isaias'enim
2932 3146 3100 3205 audet
3142 3155 3199 3204 et
3221 3146 3358 3204 dicit
3390 3166 3403 3203 :
3431 3149 3698 3205 Inventus

372 3236 465 3313 ἐμὲ
517 3235 593 3314 μὴ
638 3240 921 3311 ζητοῦσιν,
988 3238 1227 3321 ἐμφανὴς
1285 3240 1543 3319 ἐγενόμην
1592 3244 1701 3309 τοῖς
1753 3240 1849 3319 ἐμὲ
1897 3238 1973 3320 μὴ

374 3329 730 3406 ἐπερωτῶσιν,
769 3355 793 3381 ιι
844 3327 1029 3390 Εἰπὼν
1080 3330 1112 3389 ὅ
1139 3353 1191 3389 τι
1240 3333 1448 3411 πρῶτος
1507 3335 1745 3404 Μωῦσῆς
1792 3332 1970 3411 λέγει,

373 3420 628 3496 διηγεῖται
681 3418 774 3476 καὶ
816 3417 939 3499 περὶ
972 3417 1152 3499 ἑτέρου
1202 3421 1476 3502 προφήτου
1500 3419 1576 3500 ⁷³,
1608 3422 1678 3481 τὰ
1710 3419 1848 3479 αὐτὰ
1875 3420 1969 3482 λέ-

371 3529 547 3585 γοντος
597 3506 690 3568 καὶ
742 3507 1057 3590 τρανότερον
1115 3509 1207 3569 καὶ
1268 3508 1613 3592 σαφέστερον.
1674 3534 1705 3565 α
1742 3504 1974 3580 Ἡσαΐας

368 3596 496 3677 γὰρ,
526 3598 686 3679 φησὶν
705 3644 723 3677 ,
748 3602 1061 3681 ἀποτολμᾷ,
1097 3597 1189 3658 καὶ
1217 3598 1360 3678 λέγει
1386 3622 1400 3636 ·
1437 3622 1464 3657 ι
1497 3598 1786 3672 τουτέστιν,
1819 3599 1974 3658 ἐϐιά-

368 3709 502 3746 σατο
531 3686 735 3767 γυμνὴν
763 3689 930 3748 εἰπεῖν
962 3685 1060 3761 τὴν
1106 3688 1357 3761 ἀλήθειαν
1377 3736 1395 3765 ,
1420 3688 1512 3748 καὶ
1541 3691 1873 3749 κινδυνεῦσαι
1894 3736 1912 3764 ,
1938 3688 1972 3763 ἢ

374 3776 779 3848 ἀποσιωπῆσαι.
812 3805 835 3831 ι
864 3776 1106 3858 Εὑρέθην
1135 3806 1158 3832 ι
1188 3777 1292 3859 γὰρ
1314 3825 1330 3857 ,
1364 3779 1524 3860 φησὶ,
1553 3790 1663 3848 τοῖς
1702 3778 1755 3849 ἐξ
1787 3781 1970 3859 ἐθνῶν,

376 3890 401 3915 α
426 3872 536 3933 τοῖς
562 3864 652 3943 ἐμὲ
690 3864 765 3946 μὴ
794 3871 1041 3944 ζητοῦσι,
1066 3895 1089 3921 ι
1117 3867 1252 3947 μηδὲ
1278 3868 1586 3948 ἐπερωτῶσί
1614 3892 1705 3948 με.
1734 3867 1846 3937 Οὓς
1869 3868 1974 3949 γὰρ

378 3955 617 4027 Μωῦσῆς
647 3954 785 4024 ἔθνος
809 3955 1064 4019 ἀσύνετον
1099 3959 1347 4034 ὠνόμασε
1379 3958 1455 4034 ⁷³,
1494 3958 1707 4028 τούτους
1740 3954 1972 4026 Ἡσαΐας

376 4042 451 4120 μὴ
521 4046 843 4122 ζητοῦντας,
908 4047 1044 4124 μηδὲ
1113 4051 1494 4128 ἐπερωτῶντας
1550 4050 1835 4129 ὀνομάζει,
1902 4052 1973 4117 ὣς

368 4134 589 4211 ἀμαθεῖς
620 4135 826 4210 δηλαδὴ
867 4136 960 4196 καὶ
984 4137 1317 4217 μισολόγους.
1367 4136 1526 4199 Ἔδει
1550 4139 1722 4197 τοίνυν
1751 4140 1811 4198 ἐκ
1840 4137 1974 4198 τού-

365 4247 471 4284 των
500 4224 717 4285 πάντων
749 4225 985 4286 συνιέναι
1012 4226 1132 4295 τοὺς
1162 4230 1175 4251 ’
1197 4228 1491 4304 ιουδαίους,
1540 4231 1655 4299 πῶς
1686 4228 1838 4291 αὐτοὶ
1872 4227 1969 4309 μὲν

373 4311 699 4390 ἀπώσθησαν
721 4363 740 4396 ,
774 4316 943 4398 ἕτεροι
974 4316 1029 4377 δὲ
1060 4316 1523 4399 προσεδέχθησαν.

2082 3255 2207 3297 sum
2233 3255 2265 3296 a
2290 3255 2406 3296 non
2439 3238 2815 3312 quaerentibus
2855 3254 2966 3307 me,
2997 3238 3182 3310 palam
3220 3238 3445 3311 apparui
3477 3237 3573 3307 iis,
3600 3239 3695 3312 qui

2082 3345 2176 3385 me
2220 3345 2336 3385 non
2376 3328 2813 3400 interrogabant.
2863 3351 2890 3377 ι
2940 3328 3228 3386 Praemisso
3281 3326 3429 3401 quod
3509 3330 3695 3385 Moses

2082 3419 2326 3492 primum
2356 3418 2519 3487 dixit,
2566 3419 2683 3492 jam
2733 3417 2957 3475 alterius
3010 3418 3298 3491 prophetae
3345 3419 3694 3475 mentionem

2082 3508 2231 3577 facit,
2260 3509 2352 3582 qui
2377 3506 2580 3565 eadem
2604 3507 2804 3565 clarius
2829 3515 2885 3564 et
2913 3510 3156 3581 apertius
3191 3508 3433 3581 exponit.
3471 3532 3494 3557 α
3527 3509 3699 3566 Isaias

2081 3599 2260 3668 enim,
2291 3621 2319 3649 ι
2359 3595 2562 3671 inquit,
2612 3620 2638 3645 α
2683 3594 2850 3653 audet
2885 3606 2941 3653 et
2993 3597 3154 3667 dicit,
3200 3621 3227 3646 ι
3260 3598 3317 3655 id
3355 3603 3438 3654 est
3463 3605 3696 3655 conatus

2082 3696 2167 3746 est
2219 3686 2429 3745 nudam
2497 3686 2684 3744 dicere
2750 3686 3070 3757 veritatem,
3137 3696 3192 3744 et
3262 3687 3505 3760 periculo
3576 3703 3695 3746 sese

2082 3777 2409 3835 submittere
2438 3777 2623 3850 potius
2652 3792 2825 3850 quam
2848 3776 3099 3833 reticere.
3132 3799 3157 3825 κ
3186 3779 3454 3833 Inventus
3487 3792 3636 3846 sum,
3666 3800 3691 3827 ιι

2083 3867 2290 3941 inquit,
2339 3884 2372 3924 a
2413 3866 2695 3941 gentibus,
2737 3881 2861 3939 quae
2915 3881 3007 3924 me
3055 3882 3169 3923 non
3212 3866 3593 3938 inquirebant,
3634 3874 3692 3922 et

2082 3974 2205 4032 quae
2247 3957 2320 4016 de
2348 3973 2440 4015 me
2467 3957 2599 4013 nihil
2630 3956 3109 4030 percontabantur.
3140 3960 3292 4029 Quos
3333 3955 3480 4013 enim
3510 3957 3696 4013 Moses

2082 4059 2304 4123 gentem
2341 4066 2458 4107 non
2498 4049 2896 4123 intelligentem
2933 4049 3178 4116 vocavit,
3232 4047 3335 4105 hos
3372 4047 3541 4105 Isaias
3578 4064 3694 4106 non

2083 4147 2421 4214 quaerentes,
2450 4155 2631 4212 neque
2668 4138 3070 4211 interrogantes
3097 4138 3353 4193 nominat
3373 4180 3387 4207 ,
3427 4146 3691 4210 tanquam

2081 4229 2252 4289 rudes
2276 4230 2552 4298 videlicet,
2590 4244 2889 4301 osoresque
2915 4227 3351 4299 disciplinarum.
3381 4229 3696 4301 Oportebat

2085 4320 2273 4394 itaque
2320 4335 2387 4376 ex
2436 4318 2587 4375 hisce
2627 4316 2886 4374 omnibus
2943 4315 3167 4374 Iudaeos
3214 4316 3519 4392 intelligere
3569 4333 3697 4376 sese

2088 4424 2209 4466 esse
2234 4409 2508 4483 repulsos,
2547 4408 2791 4481 aliosque
2825 4412 3097 4478 receptos.

458 4519 484 4548 ι
535 4494 682 4575 Πρὸς
729 4493 786 4555 δὲ
818 4494 907 4557 τὸν
947 4494 1174 4577 Ἰσραὴλ
1200 4495 1344 4577 λέγει
1373 4518 1387 4533 ·
1407 4493 1589 4570 Ὅλην
1632 4495 1730 4570 τὴν
1761 4494 1970 4579 ἡμέραν

2152 4502 2331 4557 Vsns.
2383 4505 2472 4556 21.
2524 4517 2555 4553 α
2598 4497 2688 4555 Ad
2732 4497 2895 4553 Israel
2922 4503 3114 4552 autem
3164 4494 3300 4551 dicit
3337 4486 3366 4528 ¹³
3397 4512 3410 4551 :
3440 4496 3583 4551 Tota
3607 4494 3697 4553 die

371 4581 661 4651 ἐξεπέτασα
711 4582 808 4653 τὰς
872 4587 1056 4667 χεῖράς
1110 4609 1213 4665 μου
1287 4585 1419 4667 πρὸς
1478 4586 1605 4646 λαὸν
1657 4588 1976 4647 ἀπειθοῦντα

373 4669 875 4753 καὶἭιντιλέγοντα.
912 4705 933 4726 ι
962 4671 1083 4735 Ἵνα
1131 4675 1209 4755 μὴ
1253 4675 1417 4758 ἔχωσι
1470 4676 1678 4757 λέγειν,
1728 4676 1807 4736 ὅτι
1853 4680 1980 4746 Τοῖς

376 4765 595 4831 ἐθνιχοῖς
626 4764 877 4845 εὑρέθης,
910 4771 1039 4844 ἡμῖν
1098 4766 1154 4826 δὲ
1202 4767 1298 4826 οὐκ
1346 4766 1618 4839 ἠθέλησας
1670 4769 1979 4844 ὁμιλῆσαι·

373 4852 532 4933 φησίν
561 4876 576 4891 '
609 4883 634 4909 α
660 4850 847 4927 Ὅλην
888 4855 985 4929 τὴν
1012 4854 1257 4937 ἡμέραν,
1288 4884 1312 4908 ι
1348 4854 1628 4930 τουτέστι,
1664 4855 1841 4915 πάντα
1888 4857 1977 4919 τὸν

372 4940 586 5021 χρόνον,
622 4967 651 5002 α
687 4942 979 5013 ἐξεπέτασα
1014 4945 1110 5013 τὰς
1142 4943 1324 5027 χεῖράς
1372 4970 1473 5025 μου
1494 4990 1512 5019 ,
1547 4972 1571 4999 ι
1617 4942 1753 5005 ὥστε
1801 4948 1963 5028 ἐφελ-

371 5031 635 5092 κύσασθαι
686 5036 826 5112 ὑμᾶς
857 5059 870 5072 ο
917 5036 1036 5095 ἀλλ’
1098 5035 1245 5113 ὑμεῖς
1292 5034 1529 5119 Ῠέφᾶνητε
1581 5034 1709 5103 λαὸς
1758 5037 1979 5110 ἀπειθὴς

370 5120 463 5180 καὶ
542 5120 856 5203 ἀντιλέγων.
915 5122 1211 5206 Ὑμέτερον
1260 5118 1351 5186 οὖν
1419 5124 1479 5185 τὸ
1539 5122 1820 5204 ἔγκλημα,
1882 5128 1976 5187 οὖκ

372 5210 517 5287 ἐμόν.
563 5213 713 5293 Ἐγὼ
746 5212 849 5295 γὰρ
886 5213 1259 5283 ἐξεπετάννυον
1302 5213 1396 5283 τὰς
1437 5224 1622 5296 χεῖρας
1664 5260 1681 5289 ,
1712 5216 1805 5276 καὶ
1855 5241 1964 5276 πα-

374 5302 626 5380 ρεκάλουν
657 5327 671 5341 ’
713 5306 833 5363 ἀλλ’
881 5306 984 5387 οὐχ
1032 5303 1394 5379 ὑπηκούσατε.
1423 5305 1602 5365 Ὥστε
1647 5304 1839 5385 δῆλον,
1891 5306 1974 5368 ὅτι

372 5391 463 5450 καὶ
490 5392 727 5467 ἤκουσαν
770 5398 819 5454 οἱ
848 5394 901 5464 ἐξ
947 5395 1208 5478 Ἰσραὴλ,
1260 5398 1354 5459 καὶ
1396 5394 1634 5477 ἔγνωσαν
1666 5419 1679 5433 ·
1720 5398 1817 5457 οὐκ
1848 5397 1976 5471 ἠθέ-

372 5482 544 5553 λησαν
576 5482 634 5543 δὲ
668 5487 993 5547 ὑπακοῦσαι.

2085 4586 2322 4662 expandi
2354 4603 2558 4646 manus
2594 4602 2749 4645 meas
2776 4585 2849 4644 ad
2875 4585 3148 4659 populum
3186 4599 3300 4640 non
3341 4582 3692 4641 obedientem

2086 4688 2140 4735 et
2178 4678 2673 4737 contradicentem.
2709 4694 2736 4727 ιι
2785 4678 2870 4733 Ne
2906 4682 3133 4748 possent
3159 4672 3344 4730 dicere
3380 4673 3561 4730 Judmi
3598 4692 3612 4729 :
3644 4678 3695 4729 Α

2086 4768 2344 4842 gentibus
2382 4768 2607 4843 quidem
2643 4784 2704 4826 es
2751 4767 3029 4835 inventus,
3076 4763 3371 4822 nobiscum
3416 4778 3548 4821 vero
3588 4779 3692 4821 no-

2087 4859 2235 4915 luisti
2288 4858 2520 4929 versari,
2582 4858 2796 4927 subdit,
2867 4880 2895 4907 α
2957 4858 3095 4912 Tota
3148 4854 3269 4925 die,
3348 4877 3376 4904 ι
3425 4854 3533 4912 hec
3586 4863 3697 4925 est,

2088 4948 2242 5005 omni
2270 4956 2524 5021 tempore
2568 4971 2594 4997 «ι
2625 4945 2868 5021 expandi
2892 4961 3095 5003 manus
3125 4961 3281 5002 meas
3308 4968 3335 4994 ν
3364 4954 3429 5003 ut
3455 4944 3697 5003 attrahe-

2084 5054 2209 5095 rem
2245 5054 2343 5096 vos
2384 5058 2396 5094 :
2442 5046 2500 5096 at
2526 5054 2623 5096 vos
2651 5037 2980 5111 apparuistis
3018 5036 3255 5109 populus
3282 5035 3612 5093 inobedlens
3641 5043 3701 5092 et

2084 5128 2483 5187 contradicens.
2534 5131 2729 5187 Vestra
2766 5128 2937 5201 igitur
2987 5126 3146 5199 culpa
3192 5134 3295 5193 est,
3356 5141 3473 5183 non
3543 5140 3687 5181 mea.

2089 5226 2205 5298 Ego
2231 5239 2474 5297 namque
2506 5222 2879 5281 extendebam
2908 5235 3107 5278 manus
3144 5235 3318 5290 meas,
3364 5227 3420 5276 et
3464 5219 3701 5277 advoca-

2088 5314 2218 5371 bam
2245 5329 2373 5381 vos,
2404 5319 2462 5371 at
2479 5329 2576 5371 vos
2593 5329 2709 5370 non
2734 5310 3042 5369 obediistis.
3070 5308 3310 5366 Proinde
3338 5307 3695 5366 manifestum

2086 5410 2171 5461 est
2203 5402 2352 5477 quod
2396 5411 2452 5461 et
2490 5403 2818 5461 audiverunt
2863 5398 3153 5470 lsraelitaa,
3186 5406 3241 5456 et
3287 5409 3697 5472 cognoverunt,

2086 5492 2185 5551 sed
2215 5493 2598 5565 obtemperare
2620 5493 2941 5550 noluerunt.

441 5569 468 5598 ⁸
490 5564 637 5621 Psal.
671 5578 862 5637 xvm,
888 5571 944 5623 4.
1020 5558 1051 5598 δ
1077 5567 1249 5623 Deut.
1277 5574 1457 5632 ωε,
1482 5570 1573 5623 21.
1652 5574 1676 5603 °
1704 5567 1815 5633 Isa,
1846 5581 1992 5635 va,
2032 5565 2066 5623 l.
2144 5566 2171 5602 α
2193 5569 2297 5622 Isa.
2335 5558 2475 5637 Lx'v,
2516 5572 2569 5623 2.

1774 5638 1966 5699 Variae
2008 5638 2314 5699 lectiones.

446 5711 492 5747 ⁸⁸
544 5718 701 5771 ταῦτα
755 5732 808 5774 0.
884 5716 927 5750 ⁵⁷
979 5716 1220 5791 ἐτίμησαν
1273 5734 1328 5777 0.
1408 5716 1453 5753 ⁸⁸
1506 5712 1565 5787 ἧς
1608 5717 1913 5792 ἐτιμήθησαν
1958 5735 2037 5777 m.
2132 5719 2182 5758 ⁶⁹
2226 5719 2423 5781 πάντως
2476 5734 2529 5775 ο.
2607 5717 2653 5751 ⁷ο
2700 5716 2916 5780 ἀτελεῖς.

376 5796 644 5865 προσιῖιπου
670 5813 726 5858 ο.
804 5797 849 5833 ⁷⁸
873 5797 1078 5854 ἐκάλεσε
1111 5816 1166 5857 0.

3011 5715 3051 5750 ’²¹
3100 5714 3197 5788 γὰρ
3245 5731 3296 5773 ο.
3372 5714 3420 5773 ,τ’
3465 5714 3697 5787 δευτέρου
