4150 6424
1483 406 2001 469 THEOPHYLACTI
2037 405 2398 468 BULGARIE
2434 405 2746 467 ARCHIEP.
3656 407 3765 466 484

1026 541 1274 598 CAPUT
1309 541 1412 596 XI.

2736 538 3024 599 ΚΕΦΑΔ.
3075 534 3197 599 ῙΛ’.

521 667 704 722 Vnns.
746 669 866 731 1,2.
898 689 923 714 α
955 666 1096 723 Dico
1133 666 1302 738 igitur
1331 685 1344 721 :
1375 664 1646 738 Nunquid
1672 664 1874 736 repulit
1901 667 2053 721 Deus

2242 694 2266 720 α
2300 665 2456 747 Λέγω
2484 655 2574 726 οὖν
2600 689 2614 704 ο
2642 663 2736 738 Μὴ
2761 663 3018 725 ἀπώσατο
3041 663 3223 732 δΘεὸς
3246 661 3336 722 τὸν
3364 662 3493 722 λαὸν
3517 665 3677 722 αὑτοῦ
3705 662 3766 723 ὃν

455 755 721 827 populum
751 771 916 812 suum
942 771 1113 829 quem
1144 755 1444 828 prmnovitP
1477 753 1666 811 Absit!
1699 756 1840 810 Nam
1873 763 1926 810 et
1953 769 2053 826 ego

2166 757 2442 837 προέγνω;
2505 757 2602 828 Μὴ
2648 755 2881 834 γένοιτοῐ
2943 754 3056 816 Kal
3109 753 3215 834 γὰρ
3269 751 3375 832 ἐγὼ
3427 751 3770 832 Ἰσραηλίτης

456 845 701 901 Israelita
739 861 865 901 sum
919 862 984 902 ex
1029 845 1237 901 semine
1268 845 1573 912 Abaliami,
1617 861 1648 902 e
1675 844 1822 901 tribu
1852 844 2056 916 Benja-

2166 847 2311 924 εἷμὶ,
2347 848 2409 907 ἐκ
2451 845 2759 925 σπέρματος
2801 842 3075 924 Ἀϐραὰμ,
3119 845 3288 926 φυλῆς
3328 843 3604 920 Βενιαμίν.
3649 846 3772 904 Οὖκ

454 934 595 991 min.
639 937 763 990 Non
791 935 991 1006 repulit
1020 939 1164 992 Deus
1201 935 1470 1007 populum
1502 951 1664 991 suum
1707 950 1873 1008 quem
1913 949 2054 1006 prae-

2171 937 2430 996 ἀπώσατο
2462 939 2491 996 ὁ
2520 935 2657 1002 Θεὸς
2696 935 2784 994 τὸν
2813 935 2944 994 λαὸν
2979 936 3172 1007 αὑτοῦ,
3222 933 3280 992 ὃν
3315 932 3576 1014 προέγνω.
3606 958 3632 986 ι
3667 935 3772 995 Εἶ-

455 1024 629 1080 scivit.
667 1047 692 1073 ιι
726 1025 865 1094 Quia
912 1025 1031 1080 illos
1055 1025 1320 1097 populum
1359 1023 1768 1082 inobedientem
1809 1032 2057 1092 vocarat,

2169 1026 2283 1084 πὼν
2337 1023 2524 1093 αὐτοὺς
2565 1025 2694 1084 λαὸν
2749 1026 2939 1095 ἀπειθῆ
2958 1067 2976 1097 ,
3030 1023 3275 1103 διαπορεῖ
3317 1023 3530 1097 λοιπὸν,
3572 1023 3772 1097 λέγων,

452 1113 667 1170 dubitat
692 1113 948 1186 deinceps
976 1123 1032 1170 et
1057 1113 1189 1171 dicit
1223 1133 1235 1169 :
1270 1116 1418 1170 Num
1443 1115 1570 1186 quia
1601 1115 1842 1186 populus
1880 1115 2057 1170 incre-

2171 1115 2251 1176 ὅτι
2274 1106 2409 1196 Ἆρα
2444 1114 2518 1193 μὴ
2563 1114 2678 1174 ἐπεὶ
2727 1113 2946 1184 ἀπειθὴς
2982 1113 3110 1181 λαὸς
3157 1111 3425 1191 ἐγένοντο,
3455 1112 3773 1193 διεψεύσθη-

453 1202 618 1260 dulus
667 1211 722 1260 et
749 1202 1071 1260 inobediens
1135 1202 1310 1260 factus
1351 1212 1452 1274 est,
1497 1213 1787 1276 eapropter
1836 1213 2057 1261 cassam

2174 1229 2271 1266 σαν
2322 1207 2378 1264 αἱ
2435 1204 2792 1284 ἐπαγγελίαι,
2825 1203 2916 1262 καί
2955 1227 3084 1286 φησι
3119 1220 3132 1234 ⁸
3169 1231 3197 1255 οι
3256 1201 3352 1273 Μὴ
3400 1203 3634 1278 γένοιτοι
3685 1203 3772 1264 Οὐ

451 1300 578 1348 sunt
606 1291 1040 1364 promissiones?
1068 1292 1394 1365 Respondet
1425 1312 1438 1349 :
1477 1317 1503 1342 ι
1539 1293 1721 1350 Absit!
1752 1294 1882 1348 Non
1911 1292 2057 1350 enim

2173 1297 2274 1376 γὰρ
2323 1294 2581 1354 ἀπώσατο
2628 1293 2719 1353 τὸν
2750 1293 2878 1352 λαὸν
2929 1297 3128 1365 αὑτοῦ,
3169 1290 3226 1352 ὃν
3285 1293 3543 1371 προέγνω·
3577 1321 3600 1344 ι
3649 1316 3778 1352 του-

447 1381 646 1454 repulit
663 1383 931 1454 populum
957 1399 1120 1438 suum
1141 1397 1306 1454 quem
1334 1391 1713 1455 praenoverat,
1751 1405 1776 1430 τ»
1805 1382 1912 1438 hoc
1939 1390 2025 1438 est
2043 1424 2057 1451 ,

2175 1387 2382 1460 τέστιν,
2426 1384 2484 1444 ὃν
2527 1383 2644 1464 ᾔδει
2685 1382 2981 1455 ἐπιτήδειον
3011 1383 3137 1442 ὄντα
3179 1381 3309 1462 πρὸς
3349 1385 3409 1440 τὸ
3458 1382 3556 1454 τὴν
3597 1383 3780 1464 πίστιν

450 1487 617 1542 quem
683 1472 892 1528 sciebat
960 1471 1224 1528 idoneum
1293 1472 1363 1529 ad
1427 1471 1597 1529 ﬁdem
1659 1470 2057 1546 recipiendam.

2179 1476 2448 1545 δέξασθαι.
2502 1461 2668 1534 (Καὶ
2699 1471 2804 1554 γὰρ
2853 1470 2958 1552 ἐγὼ
2988 1461 3325 1553 Ἰσραηλίτης
3368 1471 3501 1548 εἰμί.
3541 1499 3569 1554 ξ
3599 1461 3733 1532 Hm
3759 1518 3778 1550 ,

454 1584 479 1610 «ι
512 1563 655 1618 Nam
684 1571 739 1618 et
780 1578 882 1634 ego
924 1562 1174 1618 Israelita
1205 1578 1347 1618 sum.
1399 1585 1425 1612 ι
1452 1565 1530 1619 Ac
1558 1578 1628 1619 ne
1660 1561 1739 1618 illi
1765 1561 2057 1635 objicient,

2177 1567 2264 1626 ἵνα
2322 1565 2398 1644 μὴ
2466 1565 2686 1624 εἴπωσιν
2714 1552 2718 1553 ν
2751 1552 2932 1644 αὐτῷ·
2989 1552 3082 1623 Σὺί
3129 1562 3287 1641 μόνος
3345 1562 3472 1630 λαὸς
3522 1552 3608 1637 εἷ,
3665 1565 3780 1622 ἐπι-

450 1652 606 1707 Tune
635 1650 786 1707 solus
826 1651 938 1722 79
973 1666 1032 1708 es
1070 1652 1342 1723 populus?
1378 1650 1542 1708 infert
1582 1650 1808 1724 posthac
1839 1669 1853 1708 :
1890 1674 1917 1700 ι
1949 1654 2057 1708 Nor

2179 1655 2326 1738 φέρει
2357 1654 2538 1716 λοιπόν
2568 1654 2639 1688 ⁷⁴⁶
2689 1680 2714 1706 α
2742 1653 2862 1713 Οὔκ
2912 1651 3170 1713 ἀπώσατο
3217 1651 3307 1712 τὸν
3347 1651 3472 1712 λαὸν
3520 1656 3681 1712 αὑτοῦ
3705 1677 3722 1692 ο
3755 1681 3779 1706 ι»

446 1740 647 1812 repulit
679 1741 943 1812 populum
966 1756 1158 1810 suum,
1191 1765 1218 1791 ι
1247 1757 1346 1814 pro
1392 1757 1457 1798 eo
1485 1741 1636 1814 quod
1664 1750 1779 1809 est,
1827 1743 1973 1798 Sunt
2015 1749 2057 1797 e1

2181 1746 2299 1805 ἀντὶ
2328 1749 2420 1803 τοῦ
2441 1789 2457 1818 ,
2497 1742 2602 1804 Καὶ
2637 1742 2808 1818 ἕτεροι
2839 1741 2905 1814 δή
2936 1745 3066 1802 εἰσιν
3088 1788 3104 1818 ,
3136 1744 3184 1801 οἱ
3230 1741 3514 1823 τρισχίλιοι
3543 1743 3780 1815 δηλαδὴ,

450 1830 539 1885 alii
591 1835 676 1886 ter
712 1830 891 1899 mille,
943 1838 997 1886 et
1033 1831 1327 1904 quinquies
1370 1831 1548 1899 mille,
1594 1830 1707 1887 imo
1755 1829 2057 1903 myriadesl

2179 1836 2270 1894 καὶ
2301 1835 2350 1894 οἳ
2391 1831 2860 1913 πεντακισχίλιοι,
2909 1831 2999 1891 καὶ
3047 1833 3102 1890 αἱ
3153 1831 3439 1911 μυριάδες,
3486 1829 3539 1891 οἳ
3585 1834 3646 1892 ἐκ
3687 1839 3783 1892 τοῦ

451 1933 575 1994 quae
612 1935 679 1977 ex
726 1919 929 1994 populo
980 1920 1358 1990 crediderunt,
1394 1929 1457 1977 ut
1494 1923 1636 1978 Acta
1677 1921 2057 1994 apostolorum

2175 1928 2308 1985 λαοῦ
2338 1923 2694 2002 ἐπίστευσαν,
2739 1926 2809 1990 ὡς
2851 1924 2908 1982 αἱ
2940 1922 3172 2002 Πράξεις
3195 1926 3300 1980 τῶν
3330 1922 3646 1982 ἀποστόλων
3675 1925 3777 1996 δη-

456 409 559 471 483

453 2009 697 2066 indicant
717 2013 762 2064 °.

519 2102 685 2155 Vnus.
736 2103 852 2155 2-4.
911 2121 938 2148 «ι
996 2104 1114 2156 Aut
1155 2099 1381 2156 nescitis
1438 2101 1495 2156 in
1569 2099 1685 2156 Elia
1735 2099 1865 2173 quid
1919 2099 2066 2156 dicat

444 2193 762 2265 Scriptura?
794 2192 1078 2265 quomodo
1100 2193 1410 2266 interpellet
1437 2193 1505 2250 ad
1548 2197 1729 2251 Deum
1764 2192 2060 2251 adversum

449 2281 656 2350 Israel,
709 2280 950 2338 dicens:
1008 2281 1261 2350 Domine,
1310 2283 1613 2356 pmphetas
1658 2291 1787 2339 tuos
1837 2281 2062 2339 occide-

445 2379 608 2440 runt,
660 2380 715 2427 et
755 2371 947 2428 altaria
994 2381 1088 2429 tua
1138 2370 1512 2441 suffoderunt,
1559 2381 1614 2428 et
1665 2374 1887 2430 relictus
1936 2388 2061 2429 sum

447 2461 626 2528 solus,
651 2471 706 2518 et
745 2471 998 2534 quaerunt
1034 2461 1277 2518 animam
1311 2478 1512 2518 meam.
1547 2463 1649 2518 Sed
1683 2461 1816 2536 quid
1845 2461 1976 2518 dicit
2000 2462 2052 2518 ei

449 2551 693 2607 divinum
722 2554 1084 2624 responsum?
1115 2551 1337 2623 Reliqui
1360 2552 1497 2608 mihi
1525 2552 1627 2625 ipsi
1647 2561 1858 2624 septem
1889 2551 2057 2608 millia

449 2641 724 2708 virorum,
765 2641 854 2714 qui
908 2657 1017 2697 non
1056 2649 1421 2698 curvaverant
1457 2657 1637 2713 genua
1681 2649 1807 2697 ante
1842 2640 1994 2697 Baal.
2035 2663 2061 2689 ι

455 2735 530 2786 Ne
567 2729 836 2800 objiciant
864 2729 941 2796 ei,
978 2727 1120 2799 Quid
1156 2727 1264 2797 ais,
1317 2727 1524 2785 Paule?
1572 2729 1680 2783 Ter
1709 2727 2060 2796 millibusne,

446 2824 527 2880 vel
556 2823 847 2897 quinquies
896 2823 1162 2890 millibus,
1204 2823 1286 2878 vel
1319 2823 1504 2894 paucis
1551 2821 1893 2895 myriadibus
1936 2829 2064 2877 tan-

451 2928 570 2975 tum
612 2919 880 2992 populum
931 2915 1384 2990 comprehendis,
1435 2916 1525 2988 qui
1572 2931 1753 2972 arenae
1785 2915 2068 2988 stellisque

445 3016 830 3085 comparatur?
881 3012 955 3068 ait
993 3010 1146 3084 quod
1195 3013 1266 3066 Et
1309 3011 1366 3066 iu
1416 3011 1554 3067 Eliae
1604 3011 1945 3082 temporibus
2001 3010 2069 3066 ad

447 3111 658 3176 septem
697 3102 864 3158 millia
896 3101 1110 3157 redacta
1153 3108 1315 3156 erant
1343 3114 1466 3172 quae
1503 3099 1575 3155 ad
1615 3100 1854 3156 salutem
1895 3100 2059 3172 perti-

2173 2017 2375 2077 λοῦσιν.

2257 2133 2282 2158 αι
2310 2101 2388 2164 Ἢ
2419 2105 2515 2162 οὐκ
2545 2101 2723 2163 οἴδατε
2766 2103 2818 2162 ἐν
2864 2100 3028 2184 Ἠλία
3071 2101 3124 2161 τί
3174 2099 3318 2177 λέγει
3363 2105 3399 2174 ἡ
3444 2101 3664 2184 Γραφῇ
3708 2104 3782 2170 ὣς

2174 2195 2486 2275 ἐντυγχάνει
2519 2197 2594 2274 τῷ
2617 2195 2746 2273 Θεῷ
2772 2191 2910 2252 κατὰ
2937 2197 3032 2252 τοῦ
3065 2189 3317 2272 Ἰσραὴλ,
3346 2190 3516 2270 λέγων
3542 2214 3557 2231 ο
3587 2189 3776 2273 Κύριε,

2175 2286 2292 2352 τοὺς
2339 2282 2613 2366 προφήτας
2645 2305 2767 2342 -μσου
2814 2281 3162 2353 ἀπέκτειναν,
3217 2280 3309 2340 καὶ
3357 2280 3424 2340 τὰ
3479 2282 3775 2355 θυσιαστή-

2177 2376 2264 2456 ριά
2319 2399 2414 2436 σου
2465 2372 2848 2454 κατέσκαψαν,
2907 2372 3056 2450 κάγὼ
3083 2374 3136 2411 ⁷³
3192 2371 3512 2454 ὑπελείφθην
3569 2371 3729 2450 μόνος
3755 2419 3775 2450 ,

2175 2462 2268 2524 καὶ
2314 2466 2528 2536 ζητοῦσι
2572 2460 2671 2534 τὴν
2727 2463 2906 2542 ψυχήν
2943 2485 3065 2539 μου.
3118 2459 3283 2522 Ἀλλὰ
3329 2460 3384 2521 τί
3428 2461 3575 2540 λέγει
3628 2463 3778 2544 αὐτῷ

2176 2559 2204 2613 δ
2275 2553 2684 2635 χρηματισμόςς
2769 2553 3072 2613 Κατέλιπον
3163 2555 3382 2632 ἐμαυτῷ
3458 2554 3780 2633 ἑπτακισχι-

2177 2644 2318 2712 λίους
2361 2644 2583 2724 ἄνδρας,
2631 2643 2821 2707 οἵτινες
2851 2643 2946 2701 οὐκ
2977 2639 3398 2724 ἔκαμψανιγόνυ
3536 2643 3716 2703 Βάαλ.
3754 2671 3780 2694 ιι

2174 2731 2302 2794 Ἵνα
2333 2731 2409 2811 μὴ
2437 2721 2655 2792 εἴπωσιν
2688 2733 2836 2812 αὖτῷ
2857 2757 2870 2770 ·
2896 2731 2972 2792 Τί
2999 2721 3195 2812 λέγεις,
3232 2721 3276 2791 ὦ
3319 2733 3538 2807 Παῦλες
3577 2755 3782 2813 τρισχι·

2177 2823 2344 2899 λίοις,
2395 2822 2489 2880 καὶ
2562 2823 3044 2902 πεντακισχιλίοις,
3113 2821 3204 2881 καὶ
3261 2821 3515 2902 μυριάσιν
3568 2822 3779 2902 ὀλίγαις

2178 2913 2488 2994 περιορίζεις
2526 2911 2615 2970 τὸν
2667 2917 2913 2971 τοσοῦτον
2937 2911 3065 2971 λαὸν
3085 2955 3101 2983 ,
3249 2912 3415 2992 ἄμμῳ
3444 2909 3539 2970 καὶ
3563 2910 3780 2991 ἄστροις

2180 3000 2664 3084 παρεικαζόμενον;
2713 3001 2872 3082 φησὶν
2894 3047 2910 3075 ,
2943 3002 3024 3060 ὅτι
3056 3000 3166 3061 Καὶ
3205 3003 3258 3060 ἐν
3303 3000 3467 3081 Ἠλίᾳ
3497 3001 3570 3068 εἰς
3604 3003 3766 3060 ἑπτα--

2167 3094 2437 3173 κισχλίους
2461 3091 2512 3129 ⁷⁸
2563 3091 2819 3171 περιέστη
2872 3092 2940 3149 τὰ
2992 3095 3085 3163 τῆς
3128 3090 3396 3170 σωτηρίας
3426 3113 3439 3127 ·
3489 3093 3608 3149 ἀλλ’
3651 3093 3770 3150 οὐδε

444 3193 649 3250 nebant
689 3210 702 3247 :
743 3207 937 3247 verum
985 3207 1055 3246 ne
1103 3189 1205 3246 hos
1242 3188 1464 3262 quidem
1499 3189 1649 3246 Elias
1690 3197 1872 3246 norat.
1931 3192 2055 3246 Jam

2166 3181 2380 3274 τούτους
2409 3184 2435 3239 ὁ
2465 3180 2656 3248 Ἠλίας
2681 3184 2972 3252 ἠπίστατο.
3020 3182 3127 3242 Καὶ
3156 3186 3249 3240 νῦν
3285 3178 3340 3240 δὲ
3385 3178 3523 3248 εἰκὸς
3551 3179 3781 3248 πολλοὺς

449 3297 577 3341 vero
603 3282 898 3338 verisimile
925 3289 1010 3337 est
1040 3280 1249 3336 multos
1276 3295 1398 3336 esse
1427 3279 1526 3352 qui
1567 3279 1938 3336 crediderunt.
1980 3285 2055 3336 Ac

447 3371 666 3429 etiamsi
693 3371 952 3445 ignoretis
990 3386 1109 3434 vos,
1153 3369 1287 3425 nihil
1328 3369 1455 3425 novi
1490 3377 1594 3437 est,
1624 3384 1759 3426 cum
1782 3378 1840 3426 et
1865 3370 2054 3425 Helias

448 3461 573 3518 illos
617 3460 902 3534 quondam
951 3459 1310 3533 ignoraverit.
1369 3458 1695 3515 Clanculum
1740 3466 1927 3516 autem
1986 3459 2054 3516 de

447 3553 556 3608 alio
609 3560 936 3624 argumento
977 3550 1142 3606 verba
1191 3547 1421 3618 faciens,
1479 3557 1755 3606 monstrat
1804 3549 2052 3622 ipsorum

445 3640 808 3698 homicidium
829 3642 948 3714 jam
993 3641 1129 3697 olim
1157 3655 1188 3696 a
1220 3639 1485 3712 principio
1515 3638 1586 3695 de
1627 3638 1763 3712 ipsis
1787 3638 2052 3711 praedica-

447 3738 590 3787 tum.
622 3733 706 3788 Ne
733 3731 882 3788 enim
918 3729 1131 3795 dicant,
1175 3731 1462 3801 Tanquam
1505 3728 1868 3801 impostorem
1897 3727 2051 3784 Chri-

447 3831 596 3879 stum
625 3821 949 3890 occidimus,
987 3818 1284 3892 Quomodo
1337 3819 1528 3890 igitur,
1574 3819 1788 3890 inquit,
1840 3828 2052 3876 veteres

447 3914 775 3987 prophetas,
834 3922 1018 3985 patres
1077 3920 1136 3968 et
1183 3911 1424 3983 majores
1483 3910 1644 3966 vestri
1695 3908 2050 3968 occiderunt?

450 4008 600 4061 Num
646 4012 702 4060 et
739 4003 811 4058 illi
861 4003 1192 4074 impostores
1229 4004 1424 4056 erant?
1467 3998 1572 4056 Sed
1623 3999 1841 4057 molesti
1897 4009 2052 4056 erant

448 4093 522 4150 ob
550 4094 787 4148 multam
825 4091 1152 4147 libertatem.
1199 4087 1498 4159 Quomodo
1523 4097 1710 4145 autem
1754 4105 1876 4146 aras
1904 4089 2050 4162 ipsas

446 4180 841 4238 suffoderunt?
881 4184 1028 4236 Num
1057 4186 1111 4234 et
1136 4178 1243 4234 illae
1269 4177 1597 4234 immodeste
1625 4193 1686 4234 se
1714 4187 2002 4250 gesserunt
2027 4182 2050 4233 Ρ

449 4271 561 4342 Qui
605 4285 734 4326 vero
781 4269 958 4325 Eliam
1003 4268 1215 4340 ipsum,
1280 4268 1371 4339 qui
1415 4283 1514 4340 pro
1569 4268 1819 4341 ipsorum
1874 4269 2050 4324 salute

445 4363 564 4418 zelo
593 4358 837 4427 ardebat,
881 4359 979 4432 qui
1021 4357 1303 4414 miraculis
1331 4357 1690 4430 miriﬁcisque
1730 4356 1902 4429 signis
1938 4356 2051 4412 cla-

446 4451 623 4519 rebat,
667 4449 921 4506 occidere
961 4448 1319 4521 quaerebant?
1360 4450 1542 4518 Quare
1573 4463 1702 4503 cum
1740 4456 1873 4504 tunc
1911 4455 2052 4503 tem-

447 4541 625 4614 poris,
666 4556 795 4596 cum
837 4546 922 4595 tot
979 4538 1229 4596 scelerati
1279 4539 1531 4594 homines
1583 4545 1790 4604 essent,
1839 4545 2054 4609 septem

446 4631 709 4688 duntaxat
735 4629 904 4684 millia
932 4627 1158 4701 elegerit
1193 4627 1297 4683 sibi
1339 4627 1453 4699 ipse
1483 4626 1784 4707 Dominus,
1821 4634 1884 4682 ut
1925 4642 2050 4682 ora-

447 4722 637 4776 culum
671 4718 822 4787 dicit,
859 4717 963 4774 hoc
981 4725 1086 4785 est,
1122 4717 1348 4774 Domini
1374 4715 1780 4774 demonstratio
1805 4723 1863 4773 et
1880 4715 2052 4772 collo-

448 4809 645 4882 quium
672 4824 688 4866 :
713 4807 848 4864 nihil
884 4806 1014 4864 novi
1040 4815 1142 4876 est,
1173 4808 1222 4862 si
1259 4804 1567 4864 etiamnum
1603 4805 1800 4878 dignos
1836 4811 2050 4863 tantum

449 4898 677 4972 seligat:
703 4895 856 4970 quod
884 4903 938 4953 et
965 4913 1061 4970 per
1087 4897 1474 4969 subsequentia
1501 4894 1761 4952 declarat.

515 4991 696 5046 Vnns.
745 4993 799 5044 5.
845 5011 870 5038 α
913 4986 999 5043 Sic
1026 4987 1192 5059 igitur
1232 4994 1290 5042 et
1331 4986 1438 5042 hoc
1476 4993 1760 5056 tempore,
1806 4985 2052 5058 reliquiae

447 5079 752 5136 secundum
789 5079 1113 5134 electionem
1161 5075 1354 5149 gratiae
1401 5074 1564 5131 facta:
1600 5083 1746 5130 sunt.
1808 5098 1834 5124 ι
1870 5077 2052 5132 Etiam

451 5186 617 5239 nunc,
631 5169 828 5242 inquit,
845 5169 1122 5241 reliquum
1136 5173 1241 5231 est,
1257 5165 1364 5222 hoc
1377 5173 1461 5222 est
1474 5165 1729 5235 reliquias
1743 5163 1896 5222 facta:
1907 5174 2050 5222 sunt.

447 5258 935 5330 Quemadmodum
981 5255 1128 5312 enim
1171 5254 1339 5326 paleis
1369 5253 1703 5326 repurgatis,
1732 5254 1885 5327 quod
1929 5255 2054 5312 reli-

449 5365 622 5421 quum
641 5357 724 5405 est
751 5347 1091 5404 frumentum
1123 5354 1206 5400 est
1237 5363 1252 5401 :
1281 5343 1422 5400 hanc
1458 5343 1530 5399 ad
1557 5344 1831 5401 rationem
1860 5361 2056 5418 pravos

447 5438 752 5512 reprobans
818 5441 993 5504 Deus,
1057 5432 1318 5506 relinquit
1382 5433 1586 5506 sibiipsi
1638 5431 1854 5507 dignos.
1909 5434 2052 5492 Cum

521 5549 546 5579 ⁸
571 5549 696 5604 Act.
725 5559 799 5614 ιι,
827 5549 918 5602 24.
994 5535 1133 5601 ίιιι.
1160 5543 1303 5614 Reg.
1333 5557 1516 5613 xxxx,
1549 5545 1640 5598 18.

2165 3263 2300 3332 εἶναι
2332 3269 2452 3337 τοὺς
2481 3270 2922 3338 πεπιστευκότας.
2981 3273 3048 3331 Εἰ
3079 3267 3135 3329 δὲ
3177 3272 3269 3330 καὶ
3322 3269 3560 3350 ἀγνοεῖτε
3592 3271 3779 3347 ὑμεῖς,

2163 3360 2311 3422 οὐδὲν
2368 3358 2582 3431 καινὸν,
2638 3361 2770 3420 ὅπου
2818 3383 2880 3439 γε
2929 3361 3168 3428 κάκεῖνος
3215 3359 3338 3427 τοὺς
3389 3359 3508 3418 τότε
3557 3359 3764 3438 ἠγνόει.

2165 3450 2473 3523 Δεληθότως
2507 3450 2561 3508 δὲ
2595 3453 2646 3510 ἐν
2696 3453 2774 3530 τῷ
2821 3447 2946 3528 περὶ
2997 3450 3166 3524 ἄλλης
3214 3449 3511 3516 ὑποθέσεως
3556 3448 3774 3528 λέγειν,

2161 3541 2392 3600 δείκνυσι
2441 3540 2534 3610 τὴν
2598 3539 2906 3622 μιαιφονίαν
2957 3541 3129 3600 αὐτῶν
3172 3539 3369 3599 ἄνωθεν
3416 3537 3508 3598 καὶ
3540 3537 3778 3620 ἔξαρχ’ῆς

2161 3628 2586 3710 κηρυττομένην.
2621 3626 2744 3688 Ἵνα
2790 3628 2893 3708 γὰρ
2947 3627 3024 3706 μὴ
3073 3627 3331 3710 λέγωσιν,
3380 3627 3462 3687 ὅτι
3511 3627 3606 3696 Ὡς
3635 3630 3775 3690 πλά-

2160 3709 2247 3779 νον
2299 3721 2574 3796 ἀνείλομεν
2610 3717 2698 3778 τὸν
2748 3719 3023 3798 Χριστὸν,
3075 3721 3205 3786 Πῶς
3253 3709 3382 3792 οὖν,
3432 3719 3602 3800 φησὶ,
3655 3717 3778 3787 τοὺς

2158 3807 2417 3876 παλαιοὺς
2475 3808 2750 3888 προφήτας
2801 3811 2850 3866 οἱ
2907 3809 3134 3889 πατέρες
3184 3810 3392 3867 ἀνεῖλον
3453 3810 3638 3883 ὑμῶν;
3693 3808 3770 3887 μὴ

2159 3901 2398 3980 κάκεῖνοι
2438 3899 2663 3970 πλάνοις
2710 3897 2850 3958 Ἀλλ’
2899 3897 3130 3958 ἐλύπουν
3179 3897 3268 3958 διὰ
3305 3901 3400 3970 τῆς
3441 3898 3768 3980 παῤῥησίας,

2162 3991 2288 4056 Πῶς
2338 3978 2428 4047 οὖν
2476 3991 2544 4047 τὰ
2599 3987 2952 4068 θυσιαστήρια
3004 3987 3393 4067 κατέσκαψανς
3456 3978 3769 4065 μῆ-ἐκεῖνα

2161 4076 2609 4151 ἀπηναιδεύοντος
2672 4079 2793 4143 Πῶς
2827 4078 2880 4135 δὲ
2911 4077 3071 4136 αὐτὸν
3117 4077 3208 4136 τὸν
3257 4076 3450 4137 Ἠλίαν
3492 4075 3581 4135 τὸν
3631 4077 3770 4159 ὑπὲρ

2159 4169 2328 4226 αὐτῶν
2385 4166 2727 4237 ζηλώσαντα,
2784 4167 2872 4225 τὸν
2937 4165 3374 4246 θαυματουργὸν,
3430 4165 3647 4237 ἐζήτουν
3713 4167 3770 4205 ⁷⁷

2160 4259 2501 4330 ἀποκτεῖναις
2559 4253 2732 4316 Ὥστε
2782 4255 2898 4315 ἐπεὶ
2967 4255 3082 4315 τότε
3133 4255 3398 4315 τοσούτων
3447 4253 3609 4313 ὄντων
3656 4257 3764 4312 τῶν

2163 4349 2408 4426 πονηρῶν
2461 4346 2790 4426 ἀνθρώπων,
2847 4347 3282 4426 ἑπτακισχιλίους
3329 4347 3516 4421 μόνους
3556 4343 3771 4413 ὑπεξεί-

2164 4439 2285 4496 λετο
2327 4438 2502 4516 ἑαυτῷ
2545 4435 2764 4515 Κύριος,
2794 4437 2864 4503 ὣς
2903 4439 2932 4494 ὁ
2995 4436 3376 4516 χρηματισμὸς
3425 4435 3603 4516 λέγει,
3639 4457 3765 4494 του-

2163 4528 2370 4600 τέστιν,
2406 4530 2441 4598 ἡ
2501 4531 2591 4584 τοῦ
2649 4529 2792 4587 Θεοῦ
2845 4526 3145 4606 ἐμφάνεια,
3183 4523 3276 4585 καὶ
3335 4524 3522 4602 ὁμιλία
3553 4545 3568 4560 ⁸
3619 4522 3770 4584 οὐδὲν

2163 4616 2374 4694 καινὸν,
2419 4617 2466 4674 εἷ
2513 4614 2605 4674 καὶ
2639 4620 2730 4675 νῦν
2777 4613 2898 4683 τοὺς
2941 4614 3114 4684 ἀξίους
3146 4615 3338 4694 μόνους
3385 4613 3660 4694 ἐκλέγεται
3695 4637 3710 4652 ο
3741 4611 3771 4672 8

2162 4705 2254 4765 καὶ
2278 4705 2364 4766 διὰ
2389 4708 2494 4764 τῶν
2526 4705 2645 4779 ἑξῆς
2675 4705 2851 4778 δηλοῖ.

2251 5001 2283 5039 α
2325 4976 2514 5046 Οὕτως
2545 4968 2635 5038 οὖν
2675 4979 2765 5038 καὶ
2809 4981 2862 5038 ἐν
2892 4983 2968 5062 τῷ
2996 4988 3089 5043 νῦν
3135 4982 3338 5063 καιρῷ,
3385 4983 3592 5055 λεῖμμα
3644 4985 3768 5042 κατ’

2163 5066 2386 5148 ἐκλογὴν
2433 5068 2649 5149 χάριτος
2700 5067 2902 5148 γέγονε,
2955 5099 2977 5123 ιι
3013 5073 3123 5134 Καὶ
3169 5079 3293 5144 νῦν,
3327 5069 3486 5151 φησὶ,
3530 5071 3770 5149 λεῖμμα,

2163 5157 2440 5232 τουτέστι,
2504 5157 2872 5236 κατάλειμμα.
2950 5160 3164 5246 Ὥσπερ
3219 5162 3322 5242 γὰρ
3381 5163 3489 5220 τῶν
3548 5161 3766 5242 ἀχύρων

2165 5247 2676 5327 ἀποκαθαροέντων,
2728 5250 3076 5330 κατάλειμμά
3126 5258 3266 5314 ἐστιν
3317 5255 3347 5311 ὁ
3395 5259 3538 5318 σῖτος
3568 5269 3584 5285 ⁹
3625 5250 3766 5310 οὕτω

2163 5337 2283 5406 τοὺς
2319 5339 2578 5418 πονηροὺς
2625 5339 3034 5415 ἀποδοκιμάζων
3080 5345 3106 5400 ὃ
3154 5341 3322 5414 Θεὸς,
3363 5341 3764 5418 καταλιμπάνει

2163 5430 2338 5509 ἑαυτῷ
2371 5428 2488 5496 τοὺς
2537 5427 2728 5497 ἀξίους.
2783 5429 2880 5489 Ἐν
2933 5429 3028 5506 μὲν
3079 5423 3170 5490 οὖν
3206 5434 3286 5512 τῷ
3326 5432 3524 5505 εἰπεῖν,
3560 5451 3592 5488 α
3623 5432 3764 5492 Κατ’

1841 5615 2033 5675 Variae
2072 5615 2374 5681 lectiones.

523 5731 567 5767 ’³⁸
590 5731 740 5790 πάλιν
763 5748 844 5790 m.
918 5733 963 5767 ⁷⁵
991 5733 1074 5787 καὶ
1101 5749 1155 5791 o.
1232 5733 1276 5768 ⁷⁶
1315 5733 1665 5807 ἑπτακισχίλια
1691 5749 1748 5791 0.
1824 5731 1867 5766 ’³⁷
1895 5729 2058 5803 ἐζήτει
2087 5748 2142 5790 ο.
