  <div class='ocr_page' id='page_1' title='image "/cluster/home/n/w/nwhite01/storage/ocr_20150623/124:no.2/coo.31924054870294/250.png"; bbox 0 0 4150 6448; ppageno 0'>
   <div class='ocr_carea' id='block_1_1' title="bbox 413 404 522 469">
    <p class='ocr_par' dir='ltr' id='par_1_1' title="bbox 413 404 522 469">
     <span class='ocr_line' id='line_1_1' title="bbox 413 404 522 469; baseline 0.009 -1"><span class='ocrx_word' id='word_1_1' title='bbox 413 404 522 469; x_wconf 67' lang='grc'><strong>485</strong></span> 
     </span>
    </p>
   </div>
   <div class='ocr_carea' id='block_1_2' title="bbox 1346 414 2805 475">
    <p class='ocr_par' dir='ltr' id='par_1_2' title="bbox 1346 414 2805 475">
     <span class='ocr_line' id='line_1_2' title="bbox 1346 414 2805 475; baseline 0.001 -4"><span class='ocrx_word' id='word_1_2' title='bbox 1346 414 1701 475; x_wconf 75' lang='lat' dir='ltr'><strong>EXPOSITIO</strong></span> <span class='ocrx_word' id='word_1_3' title='bbox 1740 417 1805 475; x_wconf 82' lang='lat' dir='ltr'><strong>IN</strong></span> <span class='ocrx_word' id='word_1_4' title='bbox 1846 416 2061 475; x_wconf 82' lang='lat' dir='ltr'><strong>EPIST.</strong></span> <span class='ocrx_word' id='word_1_5' title='bbox 2100 418 2194 475; x_wconf 76' lang='lat' dir='ltr'><strong>AD</strong></span> <span class='ocrx_word' id='word_1_6' title='bbox 2232 416 2400 475; x_wconf 76' lang='lat' dir='ltr'><strong>ROM.</strong></span> <span class='ocrx_word' id='word_1_7' title='bbox 2440 447 2509 459; x_wconf 89' lang='lat'><strong>—</strong></span> <span class='ocrx_word' id='word_1_8' title='bbox 2546 417 2699 473; x_wconf 81' lang='lat' dir='ltr'><strong>CAP.</strong></span> <span class='ocrx_word' id='word_1_9' title='bbox 2741 414 2805 473; x_wconf 86' lang='lat' dir='ltr'><strong>X.</strong></span> 
     </span>
    </p>
   </div>
   <div class='ocr_carea' id='block_1_3' title="bbox 3628 422 3732 479">
    <p class='ocr_par' dir='ltr' id='par_1_3' title="bbox 3628 422 3732 479">
     <span class='ocr_line' id='line_1_3' title="bbox 3628 422 3732 479; baseline 0.019 -2"><span class='ocrx_word' id='word_1_10' title='bbox 3628 422 3732 479; x_wconf 79' lang='grc'><strong>486</strong></span> 
     </span>
    </p>
   </div>
   <div class='ocr_carea' id='block_1_4' title="bbox 412 538 1991 627">
    <p class='ocr_par' dir='ltr' id='par_1_4' title="bbox 412 538 1991 627">
     <span class='ocr_line' id='line_1_4' title="bbox 412 538 1991 627; baseline 0.004 -28"><span class='ocrx_word' id='word_1_11' title='bbox 412 538 673 618; x_wconf 79' lang='grc' dir='ltr'>ἐκλογὴν,</span> <span class='ocrx_word' id='word_1_12' title='bbox 723 562 753 597; x_wconf 74' lang='grc' dir='ltr'><strong><em>ι</em></strong></span> <span class='ocrx_word' id='word_1_13' title='bbox 809 539 970 609; x_wconf 70' lang='grc' dir='ltr'>ἔδειξε</span> <span class='ocrx_word' id='word_1_14' title='bbox 1021 540 1118 615; x_wconf 76' lang='grc' dir='ltr'><strong>τὴν</strong></span> <span class='ocrx_word' id='word_1_15' title='bbox 1168 539 1379 602; x_wconf 87' lang='grc' dir='ltr'>ἐκείνων</span> <span class='ocrx_word' id='word_1_16' title='bbox 1423 545 1660 617; x_wconf 80' lang='grc' dir='ltr'>σπουδήν</span> <span class='ocrx_word' id='word_1_17' title='bbox 1698 571 1711 584; x_wconf 90' lang='grc'><strong>·</strong></span> <span class='ocrx_word' id='word_1_18' title='bbox 1762 545 1870 605; x_wconf 77' lang='grc' dir='ltr'><strong>ἀπὸ</strong></span> <span class='ocrx_word' id='word_1_19' title='bbox 1903 544 1991 627; x_wconf 72' lang='grc' dir='ltr'>γὰε</span> 
     </span>
    </p>
   </div>
   <div class='ocr_carea' id='block_1_5' title="bbox 2098 538 3738 627">
    <p class='ocr_par' dir='ltr' id='par_1_5' title="bbox 2123 541 3738 617">
     <span class='ocr_line' id='line_1_5' title="bbox 2123 541 3738 617; baseline 0.002 -17"><span class='ocrx_word' id='word_1_20' title='bbox 2123 545 2289 617; x_wconf 86' lang='lat' dir='ltr'><strong>igitur</strong></span> <span class='ocrx_word' id='word_1_21' title='bbox 2324 545 2420 614; x_wconf 85' lang='lat' dir='ltr'><strong>ait,</strong></span> <span class='ocrx_word' id='word_1_22' title='bbox 2462 566 2489 593; x_wconf 77' lang='grc' dir='ltr'><strong>σι</strong></span> <span class='ocrx_word' id='word_1_23' title='bbox 2529 543 2849 601; x_wconf 89' lang='lat' dir='ltr'><strong>Secundum</strong></span> <span class='ocrx_word' id='word_1_24' title='bbox 2880 541 3233 614; x_wconf 83' lang='lat' dir='ltr'><strong>electionem,</strong></span> <span class='ocrx_word' id='word_1_25' title='bbox 3281 566 3306 593; x_wconf 69' lang='grc' dir='ltr'><strong>ι</strong></span> <span class='ocrx_word' id='word_1_26' title='bbox 3349 543 3579 604; x_wconf 89' lang='lat' dir='ltr'><strong>illorum</strong></span> <span class='ocrx_word' id='word_1_27' title='bbox 3621 554 3738 604; x_wconf 86' lang='lat' dir='ltr'><strong>stu-</strong></span> 
     </span>
    </p>
   </div>
   <div class='ocr_carea' id='block_1_6' title="bbox 411 628 2006 716">
    <p class='ocr_par' dir='ltr' id='par_1_6' title="bbox 411 628 2006 716">
     <span class='ocr_line' id='line_1_6' title="bbox 411 628 2006 716; baseline 0.004 -27"><span class='ocrx_word' id='word_1_28' title='bbox 411 630 648 703; x_wconf 73' lang='grc' dir='ltr'>σπουδῆς</span> <span class='ocrx_word' id='word_1_29' title='bbox 675 629 914 710; x_wconf 77' lang='grc' dir='ltr'>ἐγένοντο</span> <span class='ocrx_word' id='word_1_30' title='bbox 938 628 1069 700; x_wconf 76' lang='grc' dir='ltr'>ἄξιοι</span> <span class='ocrx_word' id='word_1_31' title='bbox 1104 634 1197 690; x_wconf 89' lang='grc' dir='ltr'><strong>τοῦ</strong></span> <span class='ocrx_word' id='word_1_32' title='bbox 1228 632 1540 711; x_wconf 76' lang='grc' dir='ltr'>ἐπιλεγῆναι</span> <span class='ocrx_word' id='word_1_33' title='bbox 1570 658 1580 668; x_wconf 91' lang='grc'>·</span> <span class='ocrx_word' id='word_1_34' title='bbox 1607 638 1684 716; x_wconf 77' lang='grc' dir='ltr'><strong>τῷ</strong></span> <span class='ocrx_word' id='word_1_35' title='bbox 1713 635 1769 696; x_wconf 69' lang='grc' dir='ltr'><strong>δέ</strong></span> <span class='ocrx_word' id='word_1_36' title='bbox 1812 636 2006 711; x_wconf 79' lang='grc' dir='ltr'>εἰπεῖν,</span> 
     </span>
    </p>
   </div>
   <div class='ocr_carea' id='block_1_7' title="bbox 419 718 1721 806">
    <p class='ocr_par' dir='ltr' id='par_1_7' title="bbox 419 718 1721 806">
     <span class='ocr_line' id='line_1_7' title="bbox 419 718 1721 806; baseline 0.009 -33"><span class='ocrx_word' id='word_1_37' title='bbox 419 746 445 773; x_wconf 80' lang='grc' dir='ltr'><strong>ιι</strong></span> <span class='ocrx_word' id='word_1_38' title='bbox 478 718 722 803; x_wconf 77' lang='grc' dir='ltr'>Χάριτος</span> <span class='ocrx_word' id='word_1_39' title='bbox 745 766 763 799; x_wconf 86' lang='grc'><strong>,</strong></span> <span class='ocrx_word' id='word_1_40' title='bbox 798 742 826 778; x_wconf 65' lang='grc' dir='ltr'><strong><em>ι</em></strong></span> <span class='ocrx_word' id='word_1_41' title='bbox 863 719 1023 791; x_wconf 79' lang='grc' dir='ltr'>ἔδειξε</span> <span class='ocrx_word' id='word_1_42' title='bbox 1064 725 1155 781; x_wconf 87' lang='grc' dir='ltr'><strong>τοῦ</strong></span> <span class='ocrx_word' id='word_1_43' title='bbox 1183 722 1328 783; x_wconf 90' lang='grc' dir='ltr'>Θεοῦ</span> <span class='ocrx_word' id='word_1_44' title='bbox 1369 723 1467 796; x_wconf 85' lang='grc' dir='ltr'><strong>τὴν</strong></span> <span class='ocrx_word' id='word_1_45' title='bbox 1496 723 1721 806; x_wconf 77' lang='grc' dir='ltr'>δωρεάν.</span> 
     </span>
    </p>
   </div>
   <div class='ocr_carea' id='block_1_8' title="bbox 498 897 2012 988">
    <p class='ocr_par' dir='ltr' id='par_1_8' title="bbox 498 897 2012 988">
     <span class='ocr_line' id='line_1_8' title="bbox 498 897 2012 988; baseline 0.006 -32"><span class='ocrx_word' id='word_1_46' title='bbox 498 918 531 988; x_wconf 72' lang='grc' dir='ltr'><strong>α</strong></span> <span class='ocrx_word' id='word_1_47' title='bbox 573 897 729 988; x_wconf 52' lang='lat' dir='ltr'><strong>Et“</strong></span> <span class='ocrx_word' id='word_1_48' title='bbox 775 899 989 981; x_wconf 79' lang='grc' dir='ltr'>χάριτι,</span> <span class='ocrx_word' id='word_1_49' title='bbox 1040 900 1216 960; x_wconf 73' lang='grc' dir='ltr'>οὐκέτι</span> <span class='ocrx_word' id='word_1_50' title='bbox 1266 902 1318 971; x_wconf 82' lang='grc' dir='ltr'>ἐξ</span> <span class='ocrx_word' id='word_1_51' title='bbox 1374 901 1540 983; x_wconf 79' lang='grc' dir='ltr'>ἔργων</span> <span class='ocrx_word' id='word_1_52' title='bbox 1572 926 1587 942; x_wconf 77' lang='grc' dir='ltr'><strong>ο</strong></span> <span class='ocrx_word' id='word_1_53' title='bbox 1628 904 1743 964; x_wconf 77' lang='grc' dir='ltr'>ἐπεὶ</span> <span class='ocrx_word' id='word_1_54' title='bbox 1785 909 1820 978; x_wconf 83' lang='grc' dir='ltr'>ἡ</span> <span class='ocrx_word' id='word_1_55' title='bbox 1854 904 2012 988; x_wconf 79' lang='grc' dir='ltr'>χάρις</span> 
     </span>
    </p>
   </div>
   <div class='ocr_carea' id='block_1_9' title="bbox 408 986 2005 1075">
    <p class='ocr_par' dir='ltr' id='par_1_9' title="bbox 408 986 2005 1075">
     <span class='ocr_line' id='line_1_9' title="bbox 408 986 2005 1075; baseline 0.004 -27"><span class='ocrx_word' id='word_1_56' title='bbox 408 986 584 1048; x_wconf 79' lang='grc' dir='ltr'>οὗκέτι</span> <span class='ocrx_word' id='word_1_57' title='bbox 611 986 818 1067; x_wconf 88' lang='grc' dir='ltr'>γίνεται</span> <span class='ocrx_word' id='word_1_58' title='bbox 845 988 1019 1071; x_wconf 78' lang='grc' dir='ltr'>χάρις.</span> <span class='ocrx_word' id='word_1_59' title='bbox 1054 1016 1081 1045; x_wconf 72' lang='grc' dir='ltr'><strong>ι</strong></span> <span class='ocrx_word' id='word_1_60' title='bbox 1104 989 1208 1053; x_wconf 86' lang='grc' dir='ltr'>Ἐκ</span> <span class='ocrx_word' id='word_1_61' title='bbox 1231 992 1537 1071; x_wconf 79' lang='grc' dir='ltr'><strong>περιουσίας</strong></span> <span class='ocrx_word' id='word_1_62' title='bbox 1566 986 2005 1075; x_wconf 72' lang='grc' dir='ltr'>ἀναπολογήτους</span> 
     </span>
    </p>
   </div>
   <div class='ocr_carea' id='block_1_10' title="bbox 409 1076 2009 1168">
    <p class='ocr_par' dir='ltr' id='par_1_10' title="bbox 409 1076 2009 1168">
     <span class='ocr_line' id='line_1_10' title="bbox 409 1076 2009 1168; baseline 0.004 -29"><span class='ocrx_word' id='word_1_63' title='bbox 409 1077 641 1168; x_wconf 72' lang='grc' dir='ltr'>δείκνυσι</span> <span class='ocrx_word' id='word_1_64' title='bbox 687 1076 810 1147; x_wconf 78' lang='grc' dir='ltr'>τοὺς</span> <span class='ocrx_word' id='word_1_65' title='bbox 857 1079 1259 1153; x_wconf 76' lang='grc' dir='ltr'>ἄπιστήσαντας</span> <span class='ocrx_word' id='word_1_66' title='bbox 1314 1082 1369 1152; x_wconf 81' lang='grc' dir='ltr'>ἐξ</span> <span class='ocrx_word' id='word_1_67' title='bbox 1426 1081 1720 1165; x_wconf 78' lang='grc' dir='ltr'>Ἑϐραίων.</span> <span class='ocrx_word' id='word_1_68' title='bbox 1772 1087 1856 1147; x_wconf 84' lang='grc' dir='ltr'><strong>Οὗ</strong></span> <span class='ocrx_word' id='word_1_69' title='bbox 1904 1085 2009 1168; x_wconf 79' lang='grc' dir='ltr'><strong>γὰρ</strong></span> 
     </span>
    </p>
   </div>
   <div class='ocr_carea' id='block_1_11' title="bbox 405 1166 2010 1252">
    <p class='ocr_par' dir='ltr' id='par_1_11' title="bbox 405 1166 2010 1252">
     <span class='ocr_line' id='line_1_11' title="bbox 405 1166 2010 1252; baseline 0.004 -24"><span class='ocrx_word' id='word_1_70' title='bbox 405 1166 559 1249; x_wconf 70' lang='grc' dir='ltr'>ἐχετε</span> <span class='ocrx_word' id='word_1_71' title='bbox 600 1168 804 1247; x_wconf 81' lang='grc' dir='ltr'>εἰπεῖν,</span> <span class='ocrx_word' id='word_1_72' title='bbox 856 1169 1048 1251; x_wconf 72' lang='grc' dir='ltr'>φησὶν,</span> <span class='ocrx_word' id='word_1_73' title='bbox 1080 1172 1161 1231; x_wconf 78' lang='grc' dir='ltr'>ὅτι</span> <span class='ocrx_word' id='word_1_74' title='bbox 1202 1170 1332 1252; x_wconf 85' lang='grc' dir='ltr'>ἔργα</span> <span class='ocrx_word' id='word_1_75' title='bbox 1376 1173 1467 1233; x_wconf 74' lang='grc' dir='ltr'>καὶ</span> <span class='ocrx_word' id='word_1_76' title='bbox 1510 1173 1701 1242; x_wconf 85' lang='grc' dir='ltr'>πόνους</span> <span class='ocrx_word' id='word_1_77' title='bbox 1730 1177 1949 1235; x_wconf 80' lang='grc' dir='ltr'>ἄπαιτεί</span> <span class='ocrx_word' id='word_1_78' title='bbox 1980 1166 2010 1234; x_wconf 70' lang='grc' dir='ltr'>ὅ</span> 
     </span>
    </p>
   </div>
   <div class='ocr_carea' id='block_1_12' title="bbox 407 1255 2005 1345">
    <p class='ocr_par' dir='ltr' id='par_1_12' title="bbox 407 1255 2005 1345">
     <span class='ocr_line' id='line_1_12' title="bbox 407 1255 2005 1345; baseline 0.004 -27"><span class='ocrx_word' id='word_1_79' title='bbox 407 1256 580 1331; x_wconf 87' lang='grc' dir='ltr'>Θεὸς,</span> <span class='ocrx_word' id='word_1_80' title='bbox 614 1257 755 1318; x_wconf 77' lang='grc' dir='ltr'>ἀλλὰ</span> <span class='ocrx_word' id='word_1_81' title='bbox 793 1258 854 1319; x_wconf 88' lang='grc' dir='ltr'><strong>τὸ</strong></span> <span class='ocrx_word' id='word_1_82' title='bbox 877 1269 984 1319; x_wconf 76' lang='grc' dir='ltr'><strong>πᾶν</strong></span> <span class='ocrx_word' id='word_1_83' title='bbox 1012 1260 1227 1341; x_wconf 77' lang='grc' dir='ltr'>χάριτός</span> <span class='ocrx_word' id='word_1_84' title='bbox 1271 1262 1407 1323; x_wconf 81' lang='grc' dir='ltr'>ἐστι.</span> <span class='ocrx_word' id='word_1_85' title='bbox 1450 1262 1553 1323; x_wconf 84' lang='grc' dir='ltr'>Διὰ</span> <span class='ocrx_word' id='word_1_86' title='bbox 1578 1262 1633 1322; x_wconf 88' lang='grc' dir='ltr'><strong>τί</strong></span> <span class='ocrx_word' id='word_1_87' title='bbox 1660 1255 1749 1325; x_wconf 70' lang='grc' dir='ltr'><strong>οὖν</strong></span> <span class='ocrx_word' id='word_1_88' title='bbox 1785 1266 1844 1324; x_wconf 83' lang='grc' dir='ltr'>οὗ</span> <span class='ocrx_word' id='word_1_89' title='bbox 1880 1264 2005 1345; x_wconf 77' lang='grc' dir='ltr'><strong>βοῦ·</strong></span> 
     </span>
    </p>
   </div>
   <div class='ocr_carea' id='block_1_13' title="bbox 404 1348 2007 1434">
    <p class='ocr_par' dir='ltr' id='par_1_13' title="bbox 404 1348 2007 1434">
     <span class='ocr_line' id='line_1_13' title="bbox 404 1348 2007 1434; baseline 0.004 -28"><span class='ocrx_word' id='word_1_90' title='bbox 404 1349 559 1407; x_wconf 83' lang='grc' dir='ltr'>λεσθε</span> <span class='ocrx_word' id='word_1_91' title='bbox 598 1352 862 1427; x_wconf 76' lang='grc' dir='ltr'>σωθῆναι,</span> <span class='ocrx_word' id='word_1_92' title='bbox 911 1348 1077 1418; x_wconf 75' lang='grc' dir='ltr'>οὕτως</span> <span class='ocrx_word' id='word_1_93' title='bbox 1115 1348 1315 1410; x_wconf 80' lang='grc' dir='ltr'>ἄπόνου</span> <span class='ocrx_word' id='word_1_94' title='bbox 1352 1353 1703 1433; x_wconf 71' lang='grc' dir='ltr'>προκειμένου</span> <span class='ocrx_word' id='word_1_95' title='bbox 1743 1360 1840 1414; x_wconf 89' lang='grc' dir='ltr'><strong>τοῦ</strong></span> <span class='ocrx_word' id='word_1_96' title='bbox 1870 1358 2007 1434; x_wconf 81' lang='grc' dir='ltr'>ἀγα-</span> 
     </span>
    </p>
   </div>
   <div class='ocr_carea' id='block_1_14' title="bbox 464 1435 2010 1519">
    <p class='ocr_par' dir='ltr' id='par_1_14' title="bbox 464 1435 2010 1519">
     <span class='ocr_line' id='line_1_14' title="bbox 464 1435 2010 1519; baseline 0.005 -23"><span class='ocrx_word' id='word_1_97' title='bbox 464 1441 535 1514; x_wconf 78' lang='grc' dir='ltr'>ῦ;</span> <span class='ocrx_word' id='word_1_98' title='bbox 566 1435 741 1498; x_wconf 79' lang='grc' dir='ltr'>Ὥστε</span> <span class='ocrx_word' id='word_1_99' title='bbox 778 1440 830 1498; x_wconf 75' lang='grc' dir='ltr'>οἱ</span> <span class='ocrx_word' id='word_1_100' title='bbox 868 1440 1211 1519; x_wconf 73' lang='grc' dir='ltr'>βουληθέντες</span> <span class='ocrx_word' id='word_1_101' title='bbox 1262 1441 1544 1514; x_wconf 75' lang='grc' dir='ltr'>ἐσώθησαν</span> <span class='ocrx_word' id='word_1_102' title='bbox 1573 1466 1588 1481; x_wconf 79' lang='grc'><strong>“</strong></span> <span class='ocrx_word' id='word_1_103' title='bbox 1636 1442 1689 1503; x_wconf 87' lang='grc' dir='ltr'><strong>οἳ</strong></span> <span class='ocrx_word' id='word_1_104' title='bbox 1740 1444 1832 1503; x_wconf 78' lang='grc' dir='ltr'><strong>καὶ</strong></span> <span class='ocrx_word' id='word_1_105' title='bbox 1882 1444 2010 1513; x_wconf 85' lang='grc' dir='ltr'>λαὸς</span> 
     </span>
    </p>
   </div>
   <div class='ocr_carea' id='block_1_15' title="bbox 402 1529 2004 1612">
    <p class='ocr_par' dir='ltr' id='par_1_15' title="bbox 402 1529 2004 1612">
     <span class='ocr_line' id='line_1_15' title="bbox 402 1529 2004 1612; baseline 0.005 -25"><span class='ocrx_word' id='word_1_106' title='bbox 402 1529 545 1588; x_wconf 87' lang='grc' dir='ltr'>Θεοῦ</span> <span class='ocrx_word' id='word_1_107' title='bbox 569 1529 721 1588; x_wconf 78' lang='grc' dir='ltr'>εἰσιν.</span> <span class='ocrx_word' id='word_1_108' title='bbox 756 1530 878 1589; x_wconf 84' lang='grc' dir='ltr'>Οὔκ</span> <span class='ocrx_word' id='word_1_109' title='bbox 908 1529 1012 1612; x_wconf 78' lang='grc' dir='ltr'><strong>ἄρα</strong></span> <span class='ocrx_word' id='word_1_110' title='bbox 1038 1530 1295 1592; x_wconf 77' lang='grc' dir='ltr'>ἀπώσατο</span> <span class='ocrx_word' id='word_1_111' title='bbox 1321 1534 1349 1593; x_wconf 82' lang='grc' dir='ltr'><strong>ὃ</strong></span> <span class='ocrx_word' id='word_1_112' title='bbox 1378 1531 1516 1602; x_wconf 90' lang='grc' dir='ltr'>Θεὸς</span> <span class='ocrx_word' id='word_1_113' title='bbox 1540 1533 1628 1593; x_wconf 89' lang='grc' dir='ltr'><strong>τὸν</strong></span> <span class='ocrx_word' id='word_1_114' title='bbox 1660 1536 1788 1594; x_wconf 87' lang='grc' dir='ltr'>λαὸν</span> <span class='ocrx_word' id='word_1_115' title='bbox 1818 1537 2004 1612; x_wconf 81' lang='grc' dir='ltr'>αὐτοῦ,</span> 
     </span>
    </p>
   </div>
   <div class='ocr_carea' id='block_1_16' title="bbox 404 1615 1003 1700">
    <p class='ocr_par' dir='ltr' id='par_1_16' title="bbox 404 1615 1003 1700">
     <span class='ocr_line' id='line_1_16' title="bbox 404 1615 1003 1700; baseline 0 -23"><span class='ocrx_word' id='word_1_116' title='bbox 404 1617 493 1677; x_wconf 87' lang='grc' dir='ltr'><strong>τὸν</strong></span> <span class='ocrx_word' id='word_1_117' title='bbox 528 1615 671 1687; x_wconf 77' lang='grc' dir='ltr'>ἄξιον</span> <span class='ocrx_word' id='word_1_118' title='bbox 715 1617 1003 1700; x_wconf 89' lang='grc' dir='ltr'>σωτηρίας.</span> 
     </span>
    </p>
   </div>
   <div class='ocr_carea' id='block_1_17' title="bbox 484 1799 2086 1916">
    <p class='ocr_par' dir='ltr' id='par_1_17' title="bbox 484 1799 2086 1916">
     <span class='ocr_line' id='line_1_17' title="bbox 484 1799 2086 1916; baseline 0.009 -62"><span class='ocrx_word' id='word_1_119' title='bbox 484 1828 527 1916; x_wconf 58' lang='grc' dir='ltr'>α’</span> <span class='ocrx_word' id='word_1_120' title='bbox 545 1799 803 1916; x_wconf 33' lang='grc' dir='ltr'><strong>Βεδὲὶέξ,</strong></span> <span class='ocrx_word' id='word_1_121' title='bbox 813 1800 980 1881; x_wconf 73' lang='grc' dir='ltr'>ἔργων</span> <span class='ocrx_word' id='word_1_122' title='bbox 998 1801 1243 1916; x_wconf 44' lang='grc' dir='ltr'>,ἓῦμέτξῑ</span> <span class='ocrx_word' id='word_1_123' title='bbox 1260 1801 1371 1916; x_wconf 49' lang='grc' dir='ltr'>ἐστὶ</span> <span class='ocrx_word' id='word_1_124' title='bbox 1393 1801 1550 1916; x_wconf 54' lang='grc' dir='ltr'>χᾶρξς</span> <span class='ocrx_word' id='word_1_125' title='bbox 1569 1826 1584 1841; x_wconf 91' lang='grc'><strong>·</strong></span> <span class='ocrx_word' id='word_1_126' title='bbox 1609 1804 1734 1913; x_wconf 50' lang='grc' dir='ltr'>ἐπεὶ</span> <span class='ocrx_word' id='word_1_127' title='bbox 1765 1803 1826 1865; x_wconf 86' lang='grc' dir='ltr'><strong>τὸ</strong></span> <span class='ocrx_word' id='word_1_128' title='bbox 1854 1806 2004 1916; x_wconf 74' lang='grc' dir='ltr'>ἔργρν</span> <span class='ocrx_word' id='word_1_129' title='bbox 2037 1851 2086 1916; x_wconf 79' lang='grc' dir='ltr'><strong>Β</strong></span> 
     </span>
    </p>
   </div>
   <div class='ocr_carea' id='block_1_18' title="bbox 399 1888 2002 1975">
    <p class='ocr_par' dir='ltr' id='par_1_18' title="bbox 399 1888 2002 1975">
     <span class='ocr_line' id='line_1_18' title="bbox 399 1888 2002 1975; baseline -0.004 -24"><span class='ocrx_word' id='word_1_130' title='bbox 399 1890 577 1951; x_wconf 75' lang='grc' dir='ltr'>οὖκέτι</span> <span class='ocrx_word' id='word_1_131' title='bbox 603 1890 746 1951; x_wconf 81' lang='grc' dir='ltr'>ἐστὶν</span> <span class='ocrx_word' id='word_1_132' title='bbox 773 1888 941 1970; x_wconf 75' lang='grc' dir='ltr'>ἔργον.</span> <span class='ocrx_word' id='word_1_133' title='bbox 970 1918 995 1943; x_wconf 76' lang='grc' dir='ltr'><strong>ι</strong></span> <span class='ocrx_word' id='word_1_134' title='bbox 1025 1890 1161 1953; x_wconf 77' lang='grc' dir='ltr'>Ἐὰν</span> <span class='ocrx_word' id='word_1_135' title='bbox 1190 1890 1244 1960; x_wconf 78' lang='grc' dir='ltr'>ἐξ</span> <span class='ocrx_word' id='word_1_136' title='bbox 1276 1892 1441 1973; x_wconf 86' lang='grc' dir='ltr'>ἔργων</span> <span class='ocrx_word' id='word_1_137' title='bbox 1468 1894 1839 1975; x_wconf 78' lang='grc' dir='ltr'>εὖαρεστῶμεν</span> <span class='ocrx_word' id='word_1_138' title='bbox 1865 1940 1881 1969; x_wconf 88' lang='grc'><strong>,</strong></span> <span class='ocrx_word' id='word_1_139' title='bbox 1911 1900 2002 1958; x_wconf 74' lang='grc' dir='ltr'>οὗ..</span> 
     </span>
    </p>
   </div>
   <div class='ocr_carea' id='block_1_19' title="bbox 395 1979 1996 2071">
    <p class='ocr_par' dir='ltr' id='par_1_19' title="bbox 395 1979 1996 2071">
     <span class='ocr_line' id='line_1_19' title="bbox 395 1979 1996 2071; baseline 0.004 -30"><span class='ocrx_word' id='word_1_140' title='bbox 395 1982 511 2041; x_wconf 78' lang='grc' dir='ltr'>κέτι</span> <span class='ocrx_word' id='word_1_141' title='bbox 538 1980 724 2040; x_wconf 85' lang='grc' dir='ltr'>λοιπὸν</span> <span class='ocrx_word' id='word_1_142' title='bbox 743 1981 857 2071; x_wconf 81' lang='grc' dir='ltr'>ἔχει</span> <span class='ocrx_word' id='word_1_143' title='bbox 878 1979 1110 2061; x_wconf 80' lang='grc' dir='ltr'>πάροδον</span> <span class='ocrx_word' id='word_1_144' title='bbox 1130 1986 1164 2054; x_wconf 83' lang='grc' dir='ltr'>ἡ</span> <span class='ocrx_word' id='word_1_145' title='bbox 1188 1982 1372 2063; x_wconf 67' lang='grc' dir='ltr'>χάριςῇ</span> <span class='ocrx_word' id='word_1_146' title='bbox 1397 1983 1511 2043; x_wconf 71' lang='grc' dir='ltr'>ἐπεὶ</span> <span class='ocrx_word' id='word_1_147' title='bbox 1543 1983 1632 2043; x_wconf 79' lang='grc' dir='ltr'><strong>ἐὰν</strong></span> <span class='ocrx_word' id='word_1_148' title='bbox 1657 1989 1690 2058; x_wconf 78' lang='grc' dir='ltr'>ἡ</span> <span class='ocrx_word' id='word_1_149' title='bbox 1714 1985 1871 2069; x_wconf 82' lang='grc' dir='ltr'>χάρις</span> <span class='ocrx_word' id='word_1_150' title='bbox 1897 1988 1996 2071; x_wconf 81' lang='grc' dir='ltr'><strong>ἔχῃ</strong></span> 
     </span>
    </p>
   </div>
   <div class='ocr_carea' id='block_1_20' title="bbox 397 2069 1999 2153">
    <p class='ocr_par' dir='ltr' id='par_1_20' title="bbox 397 2069 1999 2153">
     <span class='ocr_line' id='line_1_20' title="bbox 397 2069 1999 2153; baseline 0.005 -22"><span class='ocrx_word' id='word_1_151' title='bbox 397 2072 661 2152; x_wconf 77' lang='grc' dir='ltr'>πάροδον,</span> <span class='ocrx_word' id='word_1_152' title='bbox 710 2071 772 2130; x_wconf 86' lang='grc' dir='ltr'><strong>τὸ</strong></span> <span class='ocrx_word' id='word_1_153' title='bbox 800 2069 951 2151; x_wconf 74' lang='grc' dir='ltr'>ἔργον</span> <span class='ocrx_word' id='word_1_154' title='bbox 996 2072 1178 2131; x_wconf 88' lang='grc' dir='ltr'>λοιπὸν</span> <span class='ocrx_word' id='word_1_155' title='bbox 1221 2073 1461 2153; x_wconf 77' lang='grc' dir='ltr'>οἴχεται,</span> <span class='ocrx_word' id='word_1_156' title='bbox 1504 2073 1595 2133; x_wconf 81' lang='grc' dir='ltr'>καὶ</span> <span class='ocrx_word' id='word_1_157' title='bbox 1627 2076 1804 2135; x_wconf 78' lang='grc' dir='ltr'>οὐκέτι</span> <span class='ocrx_word' id='word_1_158' title='bbox 1854 2069 1999 2139; x_wconf 63' lang='grc' dir='ltr'>ἐστὶν</span> 
     </span>
    </p>
   </div>
   <div class='ocr_carea' id='block_1_21' title="bbox 396 2159 1997 2245">
    <p class='ocr_par' dir='ltr' id='par_1_21' title="bbox 396 2159 1997 2245">
     <span class='ocr_line' id='line_1_21' title="bbox 396 2159 1997 2245; baseline 0.005 -24"><span class='ocrx_word' id='word_1_159' title='bbox 396 2161 569 2241; x_wconf 76' lang='grc' dir='ltr'>ἔργον.</span> <span class='ocrx_word' id='word_1_160' title='bbox 624 2159 804 2222; x_wconf 87' lang='grc' dir='ltr'>Ὅπου</span> <span class='ocrx_word' id='word_1_161' title='bbox 850 2159 956 2241; x_wconf 79' lang='grc' dir='ltr'><strong>γὰρ</strong></span> <span class='ocrx_word' id='word_1_162' title='bbox 1008 2162 1203 2242; x_wconf 78' lang='grc' dir='ltr'>χάρις,</span> <span class='ocrx_word' id='word_1_163' title='bbox 1252 2161 1407 2245; x_wconf 78' lang='grc' dir='ltr'>ἔργον</span> <span class='ocrx_word' id='word_1_164' title='bbox 1463 2165 1523 2223; x_wconf 81' lang='grc' dir='ltr'>οὗ</span> <span class='ocrx_word' id='word_1_165' title='bbox 1572 2168 1811 2237; x_wconf 86' lang='grc' dir='ltr'><strong>ζητεῖται</strong></span> <span class='ocrx_word' id='word_1_166' title='bbox 1837 2191 1850 2204; x_wconf 91' lang='grc'><strong>·</strong></span> <span class='ocrx_word' id='word_1_167' title='bbox 1904 2168 1997 2229; x_wconf 78' lang='grc' dir='ltr'>καὶ</span> 
     </span>
    </p>
   </div>
   <div class='ocr_carea' id='block_1_22' title="bbox 397 2249 1223 2333">
    <p class='ocr_par' dir='ltr' id='par_1_22' title="bbox 397 2249 1223 2333">
     <span class='ocr_line' id='line_1_22' title="bbox 397 2249 1223 2333; baseline 0.001 -21"><span class='ocrx_word' id='word_1_168' title='bbox 397 2251 530 2312; x_wconf 75' lang='grc' dir='ltr'>ὅπου</span> <span class='ocrx_word' id='word_1_169' title='bbox 564 2251 746 2332; x_wconf 82' lang='grc' dir='ltr'>ἔργον,</span> <span class='ocrx_word' id='word_1_170' title='bbox 776 2249 933 2333; x_wconf 76' lang='grc' dir='ltr'>χάρις</span> <span class='ocrx_word' id='word_1_171' title='bbox 965 2253 1062 2311; x_wconf 74' lang='grc' dir='ltr'>οὐκ</span> <span class='ocrx_word' id='word_1_172' title='bbox 1088 2252 1223 2314; x_wconf 85' lang='grc' dir='ltr'>ἐστι.</span> 
     </span>
    </p>
   </div>
   <div class='ocr_carea' id='block_1_23' title="bbox 488 2332 1995 2425">
    <p class='ocr_par' dir='ltr' id='par_1_23' title="bbox 488 2332 1995 2425">
     <span class='ocr_line' id='line_1_23' title="bbox 488 2332 1995 2425; baseline 0.005 -24"><span class='ocrx_word' id='word_1_173' title='bbox 488 2364 519 2401; x_wconf 81' lang='grc' dir='ltr'><strong>α</strong></span> <span class='ocrx_word' id='word_1_174' title='bbox 565 2341 638 2402; x_wconf 90' lang='grc' dir='ltr'>Τί</span> <span class='ocrx_word' id='word_1_175' title='bbox 686 2332 811 2418; x_wconf 70' lang='grc' dir='ltr'>οὖν;</span> <span class='ocrx_word' id='word_1_176' title='bbox 862 2332 941 2403; x_wconf 68' lang='grc'>⁸0</span> <span class='ocrx_word' id='word_1_177' title='bbox 987 2344 1226 2414; x_wconf 80' lang='grc' dir='ltr'>ἐπιζητεῖ</span> <span class='ocrx_word' id='word_1_178' title='bbox 1268 2341 1526 2425; x_wconf 82' lang='grc' dir='ltr'>Ἰσραὴλ,</span> <span class='ocrx_word' id='word_1_179' title='bbox 1563 2344 1752 2404; x_wconf 82' lang='grc' dir='ltr'>τούτου</span> <span class='ocrx_word' id='word_1_180' title='bbox 1791 2347 1887 2406; x_wconf 80' lang='grc' dir='ltr'>οὔκ</span> <span class='ocrx_word' id='word_1_181' title='bbox 1940 2351 1995 2409; x_wconf 78' lang='grc' dir='ltr'><strong>ἔ-</strong></span> 
     </span>
    </p>
   </div>
   <div class='ocr_carea' id='block_1_24' title="bbox 395 2431 1992 2514">
    <p class='ocr_par' dir='ltr' id='par_1_24' title="bbox 395 2431 1992 2514">
     <span class='ocr_line' id='line_1_24' title="bbox 395 2431 1992 2514; baseline 0.004 -22"><span class='ocrx_word' id='word_1_182' title='bbox 395 2432 644 2513; x_wconf 78' lang='grc' dir='ltr'>πέτυχεν·</span> <span class='ocrx_word' id='word_1_183' title='bbox 674 2436 708 2504; x_wconf 80' lang='grc' dir='ltr'><strong>ἡ</strong></span> <span class='ocrx_word' id='word_1_184' title='bbox 740 2431 794 2490; x_wconf 81' lang='grc' dir='ltr'>δὲ</span> <span class='ocrx_word' id='word_1_185' title='bbox 821 2433 1015 2512; x_wconf 77' lang='grc' dir='ltr'>ἐκλογὴ</span> <span class='ocrx_word' id='word_1_186' title='bbox 1045 2433 1294 2514; x_wconf 81' lang='grc' dir='ltr'>ἐπέτυχε.</span> <span class='ocrx_word' id='word_1_187' title='bbox 1324 2462 1347 2487; x_wconf 75' lang='grc' dir='ltr'>ιο</span> <span class='ocrx_word' id='word_1_188' title='bbox 1377 2432 1588 2513; x_wconf 79' lang='grc' dir='ltr'>Δείξας,</span> <span class='ocrx_word' id='word_1_189' title='bbox 1622 2436 1675 2495; x_wconf 85' lang='grc' dir='ltr'><strong>τί</strong></span> <span class='ocrx_word' id='word_1_190' title='bbox 1699 2437 1832 2496; x_wconf 78' lang='grc' dir='ltr'>ποτέ</span> <span class='ocrx_word' id='word_1_191' title='bbox 1852 2439 1992 2498; x_wconf 86' lang='grc' dir='ltr'>ἐστιν</span> 
     </span>
    </p>
   </div>
   <div class='ocr_carea' id='block_1_25' title="bbox 393 2521 1992 2605">
    <p class='ocr_par' dir='ltr' id='par_1_25' title="bbox 393 2521 1992 2605">
     <span class='ocr_line' id='line_1_25' title="bbox 393 2521 1992 2605; baseline 0.003 -23"><span class='ocrx_word' id='word_1_192' title='bbox 393 2527 430 2596; x_wconf 76' lang='grc' dir='ltr'>ἦ</span> <span class='ocrx_word' id='word_1_193' title='bbox 457 2523 613 2604; x_wconf 75' lang='grc' dir='ltr'>χάρις</span> <span class='ocrx_word' id='word_1_194' title='bbox 634 2566 650 2595; x_wconf 92' lang='grc'><strong>,</strong></span> <span class='ocrx_word' id='word_1_195' title='bbox 683 2521 765 2580; x_wconf 73' lang='grc' dir='ltr'><strong>ὅτι</strong></span> <span class='ocrx_word' id='word_1_196' title='bbox 805 2526 835 2592; x_wconf 76' lang='grc' dir='ltr'><strong>ἡ</strong></span> <span class='ocrx_word' id='word_1_197' title='bbox 879 2522 1043 2603; x_wconf 75' lang='grc' dir='ltr'>χωρὶς</span> <span class='ocrx_word' id='word_1_198' title='bbox 1070 2521 1240 2605; x_wconf 79' lang='grc' dir='ltr'>ἔργων</span> <span class='ocrx_word' id='word_1_199' title='bbox 1273 2526 1415 2585; x_wconf 87' lang='grc' dir='ltr'>Θεοῦ</span> <span class='ocrx_word' id='word_1_200' title='bbox 1457 2524 1663 2605; x_wconf 82' lang='grc' dir='ltr'>δωρεὰ,</span> <span class='ocrx_word' id='word_1_201' title='bbox 1699 2526 1845 2605; x_wconf 82' lang='grc' dir='ltr'>λέγει</span> <span class='ocrx_word' id='word_1_202' title='bbox 1873 2529 1992 2587; x_wconf 92' lang='grc' dir='ltr'>λοι-</span> 
     </span>
    </p>
   </div>
   <div class='ocr_carea' id='block_1_26' title="bbox 392 2609 1989 2692">
    <p class='ocr_par' dir='ltr' id='par_1_26' title="bbox 392 2609 1989 2692">
     <span class='ocr_line' id='line_1_26' title="bbox 392 2609 1989 2692; baseline 0 -18"><span class='ocrx_word' id='word_1_203' title='bbox 392 2612 526 2691; x_wconf 69' lang='grc' dir='ltr'>πὸν,</span> <span class='ocrx_word' id='word_1_204' title='bbox 575 2610 657 2672; x_wconf 74' lang='grc' dir='ltr'>ὅτι</span> <span class='ocrx_word' id='word_1_205' title='bbox 706 2614 755 2670; x_wconf 77' lang='grc' dir='ltr'>οἱ</span> <span class='ocrx_word' id='word_1_206' title='bbox 786 2609 1119 2692; x_wconf 81' lang='grc' dir='ltr'>Ἰσραηλῖται</span> <span class='ocrx_word' id='word_1_207' title='bbox 1175 2613 1543 2687; x_wconf 81' lang='grc' dir='ltr'>ἐπιζητοῦντες</span> <span class='ocrx_word' id='word_1_208' title='bbox 1592 2617 1944 2689; x_wconf 78' lang='grc' dir='ltr'>δικαιωθῆναι</span> <span class='ocrx_word' id='word_1_209' title='bbox 1970 2660 1989 2691; x_wconf 86' lang='grc'><strong>,</strong></span> 
     </span>
    </p>
   </div>
   <div class='ocr_carea' id='block_1_27' title="bbox 390 2700 1988 2786">
    <p class='ocr_par' dir='ltr' id='par_1_27' title="bbox 390 2700 1988 2786">
     <span class='ocr_line' id='line_1_27' title="bbox 390 2700 1988 2786; baseline 0.001 -23"><span class='ocrx_word' id='word_1_210' title='bbox 390 2702 488 2763; x_wconf 73' lang='grc' dir='ltr'>οὐκ</span> <span class='ocrx_word' id='word_1_211' title='bbox 533 2700 821 2783; x_wconf 75' lang='grc' dir='ltr'>ἐπέτυχον,</span> <span class='ocrx_word' id='word_1_212' title='bbox 869 2704 940 2768; x_wconf 81' lang='grc' dir='ltr'>ὥς</span> <span class='ocrx_word' id='word_1_213' title='bbox 986 2706 1165 2771; x_wconf 81' lang='grc' dir='ltr'>κακῶς</span> <span class='ocrx_word' id='word_1_214' title='bbox 1193 2706 1497 2778; x_wconf 86' lang='grc' dir='ltr'>ζητοῦντες,</span> <span class='ocrx_word' id='word_1_215' title='bbox 1546 2704 1640 2764; x_wconf 76' lang='grc' dir='ltr'><strong>καὶ</strong></span> <span class='ocrx_word' id='word_1_216' title='bbox 1670 2704 1721 2774; x_wconf 79' lang='grc' dir='ltr'>ἐξ</span> <span class='ocrx_word' id='word_1_217' title='bbox 1772 2705 1940 2786; x_wconf 83' lang='grc' dir='ltr'>ἔργων</span> <span class='ocrx_word' id='word_1_218' title='bbox 1974 2730 1988 2745; x_wconf 88' lang='grc'>·</span> 
     </span>
    </p>
   </div>
   <div class='ocr_carea' id='block_1_28' title="bbox 390 2791 1987 2873">
    <p class='ocr_par' dir='ltr' id='par_1_28' title="bbox 390 2791 1987 2873">
     <span class='ocr_line' id='line_1_28' title="bbox 390 2791 1987 2873; baseline 0.001 -20"><span class='ocrx_word' id='word_1_219' title='bbox 390 2793 524 2873; x_wconf 72' lang='grc' dir='ltr'>ὅπερ</span> <span class='ocrx_word' id='word_1_220' title='bbox 573 2792 852 2851; x_wconf 73' lang='grc' dir='ltr'>ἀδύνατον.</span> <span class='ocrx_word' id='word_1_221' title='bbox 923 2813 953 2849; x_wconf 75' lang='grc' dir='ltr'><strong>α</strong></span> <span class='ocrx_word' id='word_1_222' title='bbox 996 2791 1065 2854; x_wconf 87' lang='grc' dir='ltr'><em>Ἣ</em></span> <span class='ocrx_word' id='word_1_223' title='bbox 1116 2793 1171 2852; x_wconf 86' lang='grc' dir='ltr'>δὲ</span> <span class='ocrx_word' id='word_1_224' title='bbox 1205 2792 1434 2872; x_wconf 78' lang='grc' dir='ltr'>ἐκλογὴ,</span> <span class='ocrx_word' id='word_1_225' title='bbox 1490 2816 1519 2852; x_wconf 69' lang='grc' dir='ltr'><strong>ε</strong></span> <span class='ocrx_word' id='word_1_226' title='bbox 1576 2795 1887 2871; x_wconf 81' lang='grc' dir='ltr'>τουτέστιν,</span> <span class='ocrx_word' id='word_1_227' title='bbox 1940 2799 1987 2857; x_wconf 80' lang='grc' dir='ltr'>οἱ</span> 
     </span>
    </p>
   </div>
   <div class='ocr_carea' id='block_1_29' title="bbox 389 2880 1989 2963">
    <p class='ocr_par' dir='ltr' id='par_1_29' title="bbox 389 2880 1989 2963">
     <span class='ocr_line' id='line_1_29' title="bbox 389 2880 1989 2963; baseline 0.003 -22"><span class='ocrx_word' id='word_1_228' title='bbox 389 2881 758 2961; x_wconf 68' lang='grc' dir='ltr'>ἐπιλελεγμένοι</span> <span class='ocrx_word' id='word_1_229' title='bbox 788 2880 841 2920; x_wconf 77' lang='grc'><strong>⁷⁸</strong></span> <span class='ocrx_word' id='word_1_230' title='bbox 871 2880 1149 2963; x_wconf 80' lang='grc' dir='ltr'>ἐπέτυχον.</span> <span class='ocrx_word' id='word_1_231' title='bbox 1183 2881 1288 2943; x_wconf 79' lang='grc' dir='ltr'>Διὰ</span> <span class='ocrx_word' id='word_1_232' title='bbox 1330 2883 1387 2942; x_wconf 78' lang='grc' dir='ltr'>δὲ</span> <span class='ocrx_word' id='word_1_233' title='bbox 1430 2887 1525 2957; x_wconf 81' lang='grc' dir='ltr'><strong>τῆς</strong></span> <span class='ocrx_word' id='word_1_234' title='bbox 1571 2883 1757 2954; x_wconf 77' lang='grc' dir='ltr'>λέξεως</span> <span class='ocrx_word' id='word_1_235' title='bbox 1792 2884 1989 2959; x_wconf 84' lang='grc' dir='ltr'>ταύτης</span> 
     </span>
    </p>
   </div>
   <div class='ocr_carea' id='block_1_30' title="bbox 391 2971 1988 3053">
    <p class='ocr_par' dir='ltr' id='par_1_30' title="bbox 391 2971 1988 3053">
     <span class='ocr_line' id='line_1_30' title="bbox 391 2971 1988 3053; baseline 0.001 -22"><span class='ocrx_word' id='word_1_236' title='bbox 391 2972 633 3053; x_wconf 77' lang='grc' dir='ltr'>ἐμφαίνει</span> <span class='ocrx_word' id='word_1_237' title='bbox 688 2974 795 3031; x_wconf 74' lang='grc' dir='ltr'><strong>τῶν</strong></span> <span class='ocrx_word' id='word_1_238' title='bbox 841 2973 1053 3050; x_wconf 78' lang='grc' dir='ltr'>ἀγαθῶν</span> <span class='ocrx_word' id='word_1_239' title='bbox 1084 2971 1145 3030; x_wconf 89' lang='grc' dir='ltr'><strong>τὸ</strong></span> <span class='ocrx_word' id='word_1_240' title='bbox 1195 2972 1445 3051; x_wconf 82' lang='grc' dir='ltr'>μέγεθος,</span> <span class='ocrx_word' id='word_1_241' title='bbox 1493 2973 1586 3033; x_wconf 75' lang='grc' dir='ltr'>καὶ</span> <span class='ocrx_word' id='word_1_242' title='bbox 1635 2973 1717 3033; x_wconf 73' lang='grc' dir='ltr'>ὅτι</span> <span class='ocrx_word' id='word_1_243' title='bbox 1767 2976 1828 3034; x_wconf 89' lang='grc' dir='ltr'><strong>τὸ</strong></span> <span class='ocrx_word' id='word_1_244' title='bbox 1878 2985 1988 3034; x_wconf 76' lang='grc' dir='ltr'><strong>πᾶν</strong></span> 
     </span>
    </p>
   </div>
   <div class='ocr_carea' id='block_1_31' title="bbox 389 3061 1984 3147">
    <p class='ocr_par' dir='ltr' id='par_1_31' title="bbox 389 3061 1984 3147">
     <span class='ocr_line' id='line_1_31' title="bbox 389 3061 1984 3147; baseline 0.002 -26"><span class='ocrx_word' id='word_1_245' title='bbox 389 3066 483 3133; x_wconf 76' lang='grc' dir='ltr'><strong>τῆς</strong></span> <span class='ocrx_word' id='word_1_246' title='bbox 511 3068 604 3121; x_wconf 87' lang='grc' dir='ltr'><strong>τοῦ</strong></span> <span class='ocrx_word' id='word_1_247' title='bbox 630 3064 771 3122; x_wconf 82' lang='grc' dir='ltr'>Θεοῦ</span> <span class='ocrx_word' id='word_1_248' title='bbox 801 3061 1040 3140; x_wconf 79' lang='grc' dir='ltr'>χάριτος.</span> <span class='ocrx_word' id='word_1_249' title='bbox 1080 3062 1190 3123; x_wconf 74' lang='grc' dir='ltr'><strong>Καὶ</strong></span> <span class='ocrx_word' id='word_1_250' title='bbox 1220 3062 1324 3143; x_wconf 74' lang='grc' dir='ltr'><strong>γὰρ</strong></span> <span class='ocrx_word' id='word_1_251' title='bbox 1354 3063 1447 3123; x_wconf 78' lang='grc' dir='ltr'><strong>καὶ</strong></span> <span class='ocrx_word' id='word_1_252' title='bbox 1478 3066 1632 3140; x_wconf 83' lang='grc' dir='ltr'>ἡμεῖς</span> <span class='ocrx_word' id='word_1_253' title='bbox 1656 3066 1710 3124; x_wconf 78' lang='grc' dir='ltr'><strong>ἐν</strong></span> <span class='ocrx_word' id='word_1_254' title='bbox 1834 3069 1984 3147; x_wconf 83' lang='grc' dir='ltr'>κοινῇ</span> 
     </span>
    </p>
   </div>
   <div class='ocr_carea' id='block_1_32' title="bbox 2116 632 3732 695">
    <p class='ocr_par' dir='ltr' id='par_1_32' title="bbox 2116 632 3732 695">
     <span class='ocr_line' id='line_1_32' title="bbox 2116 632 3732 695; baseline 0.002 -4"><span class='ocrx_word' id='word_1_255' title='bbox 2116 634 2268 692; x_wconf 88' lang='lat' dir='ltr'><strong>dium</strong></span> <span class='ocrx_word' id='word_1_256' title='bbox 2304 642 2360 691; x_wconf 90' lang='lat' dir='ltr'><strong>et</strong></span> <span class='ocrx_word' id='word_1_257' title='bbox 2406 642 2669 691; x_wconf 84' lang='lat' dir='ltr'><strong>conatum</strong></span> <span class='ocrx_word' id='word_1_258' title='bbox 2722 632 3004 690; x_wconf 82' lang='lat' dir='ltr'><strong>indicavit.</strong></span> <span class='ocrx_word' id='word_1_259' title='bbox 3056 638 3106 689; x_wconf 81' lang='grc' dir='ltr'>Α</span> <span class='ocrx_word' id='word_1_260' title='bbox 3158 643 3368 692; x_wconf 88' lang='lat' dir='ltr'><strong>conatu</strong></span> <span class='ocrx_word' id='word_1_261' title='bbox 3420 636 3575 693; x_wconf 89' lang='lat' dir='ltr'><strong>enim</strong></span> <span class='ocrx_word' id='word_1_262' title='bbox 3629 653 3732 695; x_wconf 93' lang='lat' dir='ltr'><strong>suo</strong></span> 
     </span>
    </p>
   </div>
   <div class='ocr_carea' id='block_1_33' title="bbox 2117 723 3728 799">
    <p class='ocr_par' dir='ltr' id='par_1_33' title="bbox 2117 723 3728 799">
     <span class='ocr_line' id='line_1_33' title="bbox 2117 723 3728 799; baseline 0.002 -18"><span class='ocrx_word' id='word_1_263' title='bbox 2117 724 2271 798; x_wconf 81' lang='lat' dir='ltr'><strong>digni</strong></span> <span class='ocrx_word' id='word_1_264' title='bbox 2297 732 2426 781; x_wconf 90' lang='lat' dir='ltr'><strong>sunt</strong></span> <span class='ocrx_word' id='word_1_265' title='bbox 2454 723 2585 781; x_wconf 84' lang='lat' dir='ltr'><strong>facti</strong></span> <span class='ocrx_word' id='word_1_266' title='bbox 2627 732 2693 780; x_wconf 92' lang='lat' dir='ltr'><strong>ut</strong></span> <span class='ocrx_word' id='word_1_267' title='bbox 2735 723 3096 796; x_wconf 83' lang='lat' dir='ltr'><strong>eligerentur.</strong></span> <span class='ocrx_word' id='word_1_268' title='bbox 3144 724 3287 781; x_wconf 89' lang='lat' dir='ltr'><strong>Cum</strong></span> <span class='ocrx_word' id='word_1_269' title='bbox 3330 733 3520 783; x_wconf 86' lang='lat' dir='ltr'><strong>autem</strong></span> <span class='ocrx_word' id='word_1_270' title='bbox 3560 726 3728 799; x_wconf 82' lang='lat' dir='ltr'><strong>dixit,</strong></span> 
     </span>
    </p>
   </div>
   <div class='ocr_carea' id='block_1_34' title="bbox 2121 812 3367 883">
    <p class='ocr_par' dir='ltr' id='par_1_34' title="bbox 2121 812 3367 883">
     <span class='ocr_line' id='line_1_34' title="bbox 2121 812 3367 883; baseline -0.002 -12"><span class='ocrx_word' id='word_1_271' title='bbox 2121 836 2148 863; x_wconf 77' lang='grc' dir='ltr'>ι</span> <span class='ocrx_word' id='word_1_272' title='bbox 2182 813 2410 883; x_wconf 67' lang='lat' dir='ltr'><strong>Gratiae,</strong></span> <span class='ocrx_word' id='word_1_273' title='bbox 2443 837 2468 862; x_wconf 74' lang='grc' dir='ltr'><strong>ιι</strong></span> <span class='ocrx_word' id='word_1_274' title='bbox 2505 813 2607 871; x_wconf 88' lang='lat' dir='ltr'><strong>Dei</strong></span> <span class='ocrx_word' id='word_1_275' title='bbox 2637 812 2851 870; x_wconf 88' lang='lat' dir='ltr'><strong>donum</strong></span> <span class='ocrx_word' id='word_1_276' title='bbox 2880 814 3367 870; x_wconf 89' lang='lat' dir='ltr'><strong>commonstravit.</strong></span> 
     </span>
    </p>
   </div>
   <div class='ocr_carea' id='block_1_35' title="bbox 2186 902 3731 978">
    <p class='ocr_par' dir='ltr' id='par_1_35' title="bbox 2186 902 3731 978">
     <span class='ocr_line' id='line_1_35' title="bbox 2186 902 3731 978; baseline 0.002 -18"><span class='ocrx_word' id='word_1_277' title='bbox 2186 906 2367 962; x_wconf 79' lang='lat' dir='ltr'><strong>Vns.</strong></span> <span class='ocrx_word' id='word_1_278' title='bbox 2398 908 2454 959; x_wconf 86' lang='lat'><strong>6.</strong></span> <span class='ocrx_word' id='word_1_279' title='bbox 2485 922 2514 956; x_wconf 88' lang='grc'><strong>‹‹</strong></span> <span class='ocrx_word' id='word_1_280' title='bbox 2542 902 2596 961; x_wconf 90' lang='lat' dir='ltr'><strong>Si</strong></span> <span class='ocrx_word' id='word_1_281' title='bbox 2620 910 2802 960; x_wconf 89' lang='lat' dir='ltr'><strong>autem</strong></span> <span class='ocrx_word' id='word_1_282' title='bbox 2832 918 2928 975; x_wconf 84' lang='lat' dir='ltr'><strong>per</strong></span> <span class='ocrx_word' id='word_1_283' title='bbox 2955 904 3209 977; x_wconf 83' lang='lat' dir='ltr'><strong>gratiam,</strong></span> <span class='ocrx_word' id='word_1_284' title='bbox 3235 920 3347 960; x_wconf 92' lang='lat' dir='ltr'><strong>non</strong></span> <span class='ocrx_word' id='word_1_285' title='bbox 3360 904 3481 976; x_wconf 90' lang='lat' dir='ltr'><strong>jam</strong></span> <span class='ocrx_word' id='word_1_286' title='bbox 3505 920 3572 961; x_wconf 84' lang='lat' dir='ltr'><strong>ex</strong></span> <span class='ocrx_word' id='word_1_287' title='bbox 3595 922 3731 978; x_wconf 87' lang='lat' dir='ltr'><strong>ope-</strong></span> 
     </span>
    </p>
   </div>
   <div class='ocr_carea' id='block_1_36' title="bbox 2115 992 3733 1066">
    <p class='ocr_par' dir='ltr' id='par_1_36' title="bbox 2115 992 3733 1066">
     <span class='ocr_line' id='line_1_36' title="bbox 2115 992 3733 1066; baseline 0.002 -18"><span class='ocrx_word' id='word_1_288' title='bbox 2115 992 2269 1050; x_wconf 88' lang='lat' dir='ltr'><strong>ribus</strong></span> <span class='ocrx_word' id='word_1_289' title='bbox 2299 1015 2313 1051; x_wconf 90' lang='lat'><strong>:</strong></span> <span class='ocrx_word' id='word_1_290' title='bbox 2353 992 2558 1066; x_wconf 86' lang='lat' dir='ltr'><strong>alioqui</strong></span> <span class='ocrx_word' id='word_1_291' title='bbox 2579 993 2752 1065; x_wconf 86' lang='lat' dir='ltr'><strong>gratia</strong></span> <span class='ocrx_word' id='word_1_292' title='bbox 2780 1008 2897 1049; x_wconf 90' lang='lat' dir='ltr'><strong>non</strong></span> <span class='ocrx_word' id='word_1_293' title='bbox 2924 992 3029 1049; x_wconf 88' lang='lat' dir='ltr'><strong>erit</strong></span> <span class='ocrx_word' id='word_1_294' title='bbox 3053 993 3243 1066; x_wconf 89' lang='lat' dir='ltr'><strong>gratia.</strong></span> <span class='ocrx_word' id='word_1_295' title='bbox 3274 1013 3303 1047; x_wconf 82' lang='lat'><strong>»</strong></span> <span class='ocrx_word' id='word_1_296' title='bbox 3330 994 3733 1052; x_wconf 84' lang='lat' dir='ltr'><strong>Exabundanti</strong></span> 
     </span>
    </p>
   </div>
   <div class='ocr_carea' id='block_1_37' title="bbox 2117 1082 3732 1154">
    <p class='ocr_par' dir='ltr' id='par_1_37' title="bbox 2117 1082 3732 1154">
     <span class='ocr_line' id='line_1_37' title="bbox 2117 1082 3732 1154; baseline 0.002 -16"><span class='ocrx_word' id='word_1_297' title='bbox 2117 1097 2212 1138; x_wconf 90' lang='lat' dir='ltr'><strong>eos</strong></span> <span class='ocrx_word' id='word_1_298' title='bbox 2254 1082 2347 1154; x_wconf 87' lang='lat' dir='ltr'><strong>qui</strong></span> <span class='ocrx_word' id='word_1_299' title='bbox 2390 1099 2455 1139; x_wconf 82' lang='lat' dir='ltr'><strong>ex</strong></span> <span class='ocrx_word' id='word_1_300' title='bbox 2496 1082 2748 1139; x_wconf 67' lang='lat' dir='ltr'><strong>Hebraeis</strong></span> <span class='ocrx_word' id='word_1_301' title='bbox 2786 1098 2905 1139; x_wconf 92' lang='lat' dir='ltr'><strong>non</strong></span> <span class='ocrx_word' id='word_1_302' title='bbox 2931 1082 3301 1151; x_wconf 89' lang='lat' dir='ltr'><strong>crediderunt,</strong></span> <span class='ocrx_word' id='word_1_303' title='bbox 3334 1084 3732 1143; x_wconf 81' lang='lat' dir='ltr'><strong>inexcusabiles</strong></span> 
     </span>
    </p>
   </div>
   <div class='ocr_carea' id='block_1_38' title="bbox 2116 1170 3733 1246">
    <p class='ocr_par' dir='ltr' id='par_1_38' title="bbox 2116 1170 3733 1246">
     <span class='ocr_line' id='line_1_38' title="bbox 2116 1170 3733 1246; baseline 0.002 -18"><span class='ocrx_word' id='word_1_304' title='bbox 2116 1185 2236 1228; x_wconf 88' lang='lat' dir='ltr'><strong>esse</strong></span> <span class='ocrx_word' id='word_1_305' title='bbox 2259 1170 2518 1228; x_wconf 84' lang='lat' dir='ltr'><strong>declarat.</strong></span> <span class='ocrx_word' id='word_1_306' title='bbox 2553 1174 2678 1230; x_wconf 86' lang='lat' dir='ltr'><strong>Non</strong></span> <span class='ocrx_word' id='word_1_307' title='bbox 2719 1172 2865 1227; x_wconf 90' lang='lat' dir='ltr'><strong>enim</strong></span> <span class='ocrx_word' id='word_1_308' title='bbox 2914 1178 2999 1228; x_wconf 88' lang='lat' dir='ltr'><strong>est</strong></span> <span class='ocrx_word' id='word_1_309' title='bbox 3040 1172 3192 1245; x_wconf 90' lang='lat' dir='ltr'><strong>quod</strong></span> <span class='ocrx_word' id='word_1_310' title='bbox 3220 1173 3432 1242; x_wconf 86' lang='lat' dir='ltr'><strong>dicatis,</strong></span> <span class='ocrx_word' id='word_1_311' title='bbox 3476 1189 3644 1246; x_wconf 85' lang='lat' dir='ltr'><strong>opera</strong></span> <span class='ocrx_word' id='word_1_312' title='bbox 3676 1184 3733 1232; x_wconf 91' lang='lat' dir='ltr'><strong>et</strong></span> 
     </span>
    </p>
   </div>
   <div class='ocr_carea' id='block_1_39' title="bbox 2114 1259 3732 1334">
    <p class='ocr_par' dir='ltr' id='par_1_39' title="bbox 2114 1259 3732 1334">
     <span class='ocr_line' id='line_1_39' title="bbox 2114 1259 3732 1334; baseline 0.002 -17"><span class='ocrx_word' id='word_1_313' title='bbox 2114 1259 2328 1318; x_wconf 86' lang='lat' dir='ltr'><strong>labores</strong></span> <span class='ocrx_word' id='word_1_314' title='bbox 2362 1278 2391 1317; x_wconf 86' lang='lat' dir='ltr'><strong>a</strong></span> <span class='ocrx_word' id='word_1_315' title='bbox 2414 1261 2569 1318; x_wconf 83' lang='lat' dir='ltr'><strong>vobis</strong></span> <span class='ocrx_word' id='word_1_316' title='bbox 2613 1277 2907 1334; x_wconf 80' lang='lat' dir='ltr'><strong>exposcere</strong></span> <span class='ocrx_word' id='word_1_317' title='bbox 2952 1264 3157 1330; x_wconf 88' lang='lat' dir='ltr'><strong>Deum,</strong></span> <span class='ocrx_word' id='word_1_318' title='bbox 3196 1278 3391 1320; x_wconf 88' lang='lat' dir='ltr'><strong>verum</strong></span> <span class='ocrx_word' id='word_1_319' title='bbox 3418 1272 3603 1321; x_wconf 89' lang='lat' dir='ltr'><strong>totum</strong></span> <span class='ocrx_word' id='word_1_320' title='bbox 3645 1273 3732 1321; x_wconf 91' lang='lat' dir='ltr'><strong>est</strong></span> 
     </span>
    </p>
   </div>
   <div class='ocr_carea' id='block_1_40' title="bbox 2116 1351 3725 1425">
    <p class='ocr_par' dir='ltr' id='par_1_40' title="bbox 2116 1351 3725 1425">
     <span class='ocr_line' id='line_1_40' title="bbox 2116 1351 3725 1425; baseline 0.002 -17"><span class='ocrx_word' id='word_1_321' title='bbox 2116 1352 2328 1423; x_wconf 69' lang='lat' dir='ltr'><strong>gratim.</strong></span> <span class='ocrx_word' id='word_1_322' title='bbox 2372 1353 2485 1409; x_wconf 89' lang='lat' dir='ltr'><strong>Cur</strong></span> <span class='ocrx_word' id='word_1_323' title='bbox 2530 1352 2698 1425; x_wconf 77' lang='lat' dir='ltr'><strong>igitur</strong></span> <span class='ocrx_word' id='word_1_324' title='bbox 2742 1368 2855 1408; x_wconf 92' lang='lat' dir='ltr'><strong>non</strong></span> <span class='ocrx_word' id='word_1_325' title='bbox 2883 1351 3051 1408; x_wconf 82' lang='lat' dir='ltr'><strong>vultis</strong></span> <span class='ocrx_word' id='word_1_326' title='bbox 3084 1352 3309 1422; x_wconf 89' lang='lat' dir='ltr'><strong>servari,</strong></span> <span class='ocrx_word' id='word_1_327' title='bbox 3358 1369 3485 1409; x_wconf 89' lang='lat' dir='ltr'><strong>cum</strong></span> <span class='ocrx_word' id='word_1_328' title='bbox 3513 1352 3725 1411; x_wconf 88' lang='lat' dir='ltr'><strong>bonum</strong></span> 
     </span>
    </p>
   </div>
   <div class='ocr_carea' id='block_1_41' title="bbox 2114 1441 3728 1517">
    <p class='ocr_par' dir='ltr' id='par_1_41' title="bbox 2114 1441 3728 1517">
     <span class='ocr_line' id='line_1_41' title="bbox 2114 1441 3728 1517; baseline 0.002 -21"><span class='ocrx_word' id='word_1_329' title='bbox 2114 1448 2328 1497; x_wconf 88' lang='lat' dir='ltr'><strong>tantum</strong></span> <span class='ocrx_word' id='word_1_330' title='bbox 2355 1442 2473 1498; x_wconf 89' lang='lat' dir='ltr'><strong>sine</strong></span> <span class='ocrx_word' id='word_1_331' title='bbox 2500 1441 2688 1498; x_wconf 90' lang='lat' dir='ltr'><strong>labore</strong></span> <span class='ocrx_word' id='word_1_332' title='bbox 2728 1441 2884 1499; x_wconf 85' lang='lat' dir='ltr'><strong>vobis</strong></span> <span class='ocrx_word' id='word_1_333' title='bbox 2930 1447 3299 1515; x_wconf 76' lang='lat' dir='ltr'><strong>proponatur?</strong></span> <span class='ocrx_word' id='word_1_334' title='bbox 3346 1444 3583 1500; x_wconf 89' lang='lat' dir='ltr'><strong>Proinde</strong></span> <span class='ocrx_word' id='word_1_335' title='bbox 3630 1444 3728 1517; x_wconf 89' lang='lat' dir='ltr'><strong>qui</strong></span> 
     </span>
    </p>
   </div>
   <div class='ocr_carea' id='block_1_42' title="bbox 2116 1531 3717 1605">
    <p class='ocr_par' dir='ltr' id='par_1_42' title="bbox 2116 1531 3717 1605">
     <span class='ocr_line' id='line_1_42' title="bbox 2116 1531 3717 1605; baseline 0.003 -19"><span class='ocrx_word' id='word_1_336' title='bbox 2116 1531 2432 1599; x_wconf 89' lang='lat' dir='ltr'><strong>voluerunt,</strong></span> <span class='ocrx_word' id='word_1_337' title='bbox 2483 1532 2599 1603; x_wconf 79' lang='lat'><strong>80</strong></span> <span class='ocrx_word' id='word_1_338' title='bbox 2645 1532 2845 1588; x_wconf 84' lang='lat' dir='ltr'><strong>servati</strong></span> <span class='ocrx_word' id='word_1_339' title='bbox 2890 1539 3042 1600; x_wconf 90' lang='lat' dir='ltr'><strong>sunt,</strong></span> <span class='ocrx_word' id='word_1_340' title='bbox 3093 1532 3189 1605; x_wconf 88' lang='lat' dir='ltr'><strong>qui</strong></span> <span class='ocrx_word' id='word_1_341' title='bbox 3230 1540 3287 1587; x_wconf 91' lang='lat' dir='ltr'><strong>et</strong></span> <span class='ocrx_word' id='word_1_342' title='bbox 3332 1534 3567 1605; x_wconf 90' lang='lat' dir='ltr'><strong>populus</strong></span> <span class='ocrx_word' id='word_1_343' title='bbox 3615 1536 3717 1591; x_wconf 89' lang='lat' dir='ltr'><strong>Dei</strong></span> 
     </span>
    </p>
   </div>
   <div class='ocr_carea' id='block_1_43' title="bbox 2116 1621 3723 1695">
    <p class='ocr_par' dir='ltr' id='par_1_43' title="bbox 2116 1621 3723 1695">
     <span class='ocr_line' id='line_1_43' title="bbox 2116 1621 3723 1695; baseline 0.003 -18"><span class='ocrx_word' id='word_1_344' title='bbox 2116 1630 2266 1678; x_wconf 85' lang='lat' dir='ltr'><strong>sunt.</strong></span> <span class='ocrx_word' id='word_1_345' title='bbox 2297 1624 2425 1679; x_wconf 89' lang='lat' dir='ltr'><strong>Non</strong></span> <span class='ocrx_word' id='word_1_346' title='bbox 2474 1621 2639 1693; x_wconf 89' lang='lat' dir='ltr'><strong>igitur</strong></span> <span class='ocrx_word' id='word_1_347' title='bbox 2683 1624 2834 1679; x_wconf 90' lang='lat' dir='ltr'><strong>Deus</strong></span> <span class='ocrx_word' id='word_1_348' title='bbox 2880 1621 3083 1693; x_wconf 89' lang='lat' dir='ltr'><strong>repulit</strong></span> <span class='ocrx_word' id='word_1_349' title='bbox 3129 1622 3396 1695; x_wconf 88' lang='lat' dir='ltr'><strong>populum</strong></span> <span class='ocrx_word' id='word_1_350' title='bbox 3430 1638 3598 1681; x_wconf 91' lang='lat' dir='ltr'><strong>suum</strong></span> <span class='ocrx_word' id='word_1_351' title='bbox 3626 1639 3723 1681; x_wconf 88' lang='lat' dir='ltr'><strong>sa-</strong></span> 
     </span>
    </p>
   </div>
   <div class='ocr_carea' id='block_1_44' title="bbox 2117 1710 2505 1784">
    <p class='ocr_par' dir='ltr' id='par_1_44' title="bbox 2117 1710 2505 1784">
     <span class='ocr_line' id='line_1_44' title="bbox 2117 1710 2505 1784; baseline -0.005 -16"><span class='ocrx_word' id='word_1_352' title='bbox 2117 1711 2226 1768; x_wconf 90' lang='lat' dir='ltr'><strong>lute</strong></span> <span class='ocrx_word' id='word_1_353' title='bbox 2251 1710 2505 1784; x_wconf 88' lang='lat' dir='ltr'><strong>dignum.</strong></span> 
     </span>
    </p>
   </div>
   <div class='ocr_carea' id='block_1_45' title="bbox 2191 1805 3724 1882">
    <p class='ocr_par' dir='ltr' id='par_1_45' title="bbox 2191 1805 3724 1882">
     <span class='ocr_line' id='line_1_45' title="bbox 2191 1805 3724 1882; baseline 0.001 -18"><span class='ocrx_word' id='word_1_354' title='bbox 2191 1828 2215 1854; x_wconf 77' lang='grc' dir='ltr'>ι</span> <span class='ocrx_word' id='word_1_355' title='bbox 2239 1806 2331 1864; x_wconf 89' lang='lat' dir='ltr'><strong>Sin</strong></span> <span class='ocrx_word' id='word_1_356' title='bbox 2362 1822 2426 1861; x_wconf 85' lang='lat' dir='ltr'><strong>ex</strong></span> <span class='ocrx_word' id='word_1_357' title='bbox 2463 1805 2741 1878; x_wconf 87' lang='lat' dir='ltr'><strong>operibus,</strong></span> <span class='ocrx_word' id='word_1_358' title='bbox 2765 1805 2884 1877; x_wconf 88' lang='lat' dir='ltr'><strong>jam</strong></span> <span class='ocrx_word' id='word_1_359' title='bbox 2912 1820 3029 1861; x_wconf 91' lang='lat' dir='ltr'><strong>non</strong></span> <span class='ocrx_word' id='word_1_360' title='bbox 3066 1814 3150 1862; x_wconf 89' lang='lat' dir='ltr'><strong>est</strong></span> <span class='ocrx_word' id='word_1_361' title='bbox 3177 1806 3373 1878; x_wconf 86' lang='lat' dir='ltr'><strong>gratia,</strong></span> <span class='ocrx_word' id='word_1_362' title='bbox 3412 1824 3546 1864; x_wconf 89' lang='lat' dir='ltr'><strong>cum</strong></span> <span class='ocrx_word' id='word_1_363' title='bbox 3583 1824 3724 1882; x_wconf 92' lang='lat' dir='ltr'><strong>opus</strong></span> 
     </span>
    </p>
   </div>
   <div class='ocr_carea' id='block_1_46' title="bbox 2111 1898 3723 1973">
    <p class='ocr_par' dir='ltr' id='par_1_46' title="bbox 2111 1898 3723 1973">
     <span class='ocr_line' id='line_1_46' title="bbox 2111 1898 3723 1973; baseline 0.003 -18"><span class='ocrx_word' id='word_1_364' title='bbox 2111 1914 2221 1955; x_wconf 93' lang='lat' dir='ltr'><strong>non</strong></span> <span class='ocrx_word' id='word_1_365' title='bbox 2252 1900 2325 1956; x_wconf 91' lang='lat' dir='ltr'><strong>sit</strong></span> <span class='ocrx_word' id='word_1_366' title='bbox 2356 1916 2522 1973; x_wconf 90' lang='lat' dir='ltr'><strong>porro</strong></span> <span class='ocrx_word' id='word_1_367' title='bbox 2571 1915 2726 1972; x_wconf 91' lang='lat' dir='ltr'><strong>opus.</strong></span> <span class='ocrx_word' id='word_1_368' title='bbox 2772 1922 2797 1948; x_wconf 73' lang='grc' dir='ltr'>ι</span> <span class='ocrx_word' id='word_1_369' title='bbox 2829 1898 2887 1955; x_wconf 90' lang='lat' dir='ltr'><strong>Si</strong></span> <span class='ocrx_word' id='word_1_370' title='bbox 2915 1915 3013 1971; x_wconf 91' lang='lat' dir='ltr'><strong>per</strong></span> <span class='ocrx_word' id='word_1_371' title='bbox 3036 1915 3205 1972; x_wconf 89' lang='lat' dir='ltr'><strong>opera</strong></span> <span class='ocrx_word' id='word_1_372' title='bbox 3236 1899 3555 1972; x_wconf 84' lang='lat' dir='ltr'><strong>placeamus</strong></span> <span class='ocrx_word' id='word_1_373' title='bbox 3577 1903 3723 1973; x_wconf 90' lang='lat' dir='ltr'><strong>Deo,</strong></span> 
     </span>
    </p>
   </div>
   <div class='ocr_carea' id='block_1_47' title="bbox 2108 1988 3722 2064">
    <p class='ocr_par' dir='ltr' id='par_1_47' title="bbox 2108 1988 3722 2064">
     <span class='ocr_line' id='line_1_47' title="bbox 2108 1988 3722 2064; baseline 0.003 -18"><span class='ocrx_word' id='word_1_374' title='bbox 2108 1990 2281 2062; x_wconf 83' lang='lat' dir='ltr'><strong>gratia</strong></span> <span class='ocrx_word' id='word_1_375' title='bbox 2334 2006 2500 2061; x_wconf 87' lang='lat' dir='ltr'><strong>porro</strong></span> <span class='ocrx_word' id='word_1_376' title='bbox 2545 2006 2661 2046; x_wconf 91' lang='lat' dir='ltr'><strong>non</strong></span> <span class='ocrx_word' id='word_1_377' title='bbox 2716 1988 2939 2045; x_wconf 87' lang='lat' dir='ltr'><strong>habebit</strong></span> <span class='ocrx_word' id='word_1_378' title='bbox 2981 1990 3187 2046; x_wconf 91' lang='lat' dir='ltr'><strong>locum.</strong></span> <span class='ocrx_word' id='word_1_379' title='bbox 3244 1993 3388 2047; x_wconf 84' lang='lat' dir='ltr'><strong>Nam</strong></span> <span class='ocrx_word' id='word_1_380' title='bbox 3432 1992 3479 2048; x_wconf 90' lang='lat' dir='ltr'><strong>si</strong></span> <span class='ocrx_word' id='word_1_381' title='bbox 3530 1992 3722 2064; x_wconf 72' lang='lat' dir='ltr'><strong>gratia:</strong></span> 
     </span>
    </p>
   </div>
   <div class='ocr_carea' id='block_1_48' title="bbox 2106 2078 3720 2153">
    <p class='ocr_par' dir='ltr' id='par_1_48' title="bbox 2106 2078 3720 2153">
     <span class='ocr_line' id='line_1_48' title="bbox 2106 2078 3720 2153; baseline 0.002 -17"><span class='ocrx_word' id='word_1_382' title='bbox 2106 2080 2262 2136; x_wconf 91' lang='lat' dir='ltr'><strong>locus</strong></span> <span class='ocrx_word' id='word_1_383' title='bbox 2289 2078 2656 2153; x_wconf 88' lang='lat' dir='ltr'><strong>relinquatur,</strong></span> <span class='ocrx_word' id='word_1_384' title='bbox 2681 2078 2799 2135; x_wconf 90' lang='lat' dir='ltr'><strong>abit</strong></span> <span class='ocrx_word' id='word_1_385' title='bbox 2826 2078 3017 2135; x_wconf 87' lang='lat' dir='ltr'><strong>statim</strong></span> <span class='ocrx_word' id='word_1_386' title='bbox 3049 2095 3209 2152; x_wconf 90' lang='lat' dir='ltr'><strong>opus,</strong></span> <span class='ocrx_word' id='word_1_387' title='bbox 3239 2096 3342 2137; x_wconf 90' lang='lat' dir='ltr'><strong>nec</strong></span> <span class='ocrx_word' id='word_1_388' title='bbox 3371 2096 3515 2153; x_wconf 91' lang='lat' dir='ltr'><strong>opus</strong></span> <span class='ocrx_word' id='word_1_389' title='bbox 3554 2098 3720 2153; x_wconf 89' lang='lat' dir='ltr'><strong>porro</strong></span> 
     </span>
    </p>
   </div>
   <div class='ocr_carea' id='block_1_49' title="bbox 2105 2166 3716 2243">
    <p class='ocr_par' dir='ltr' id='par_1_49' title="bbox 2105 2166 3716 2243">
     <span class='ocr_line' id='line_1_49' title="bbox 2105 2166 3716 2243; baseline 0.003 -19"><span class='ocrx_word' id='word_1_390' title='bbox 2105 2166 2327 2226; x_wconf 82' lang='lat' dir='ltr'><strong>dicitur.</strong></span> <span class='ocrx_word' id='word_1_391' title='bbox 2372 2172 2516 2227; x_wconf 85' lang='lat' dir='ltr'><strong>Nam</strong></span> <span class='ocrx_word' id='word_1_392' title='bbox 2540 2168 2633 2225; x_wconf 90' lang='lat' dir='ltr'><strong>ubi</strong></span> <span class='ocrx_word' id='word_1_393' title='bbox 2660 2168 2833 2243; x_wconf 89' lang='lat' dir='ltr'><strong>gratia</strong></span> <span class='ocrx_word' id='word_1_394' title='bbox 2863 2176 2969 2238; x_wconf 90' lang='lat' dir='ltr'><strong>est,</strong></span> <span class='ocrx_word' id='word_1_395' title='bbox 2998 2167 3075 2225; x_wconf 89' lang='lat' dir='ltr'><strong>ibi</strong></span> <span class='ocrx_word' id='word_1_396' title='bbox 3105 2186 3246 2242; x_wconf 91' lang='lat' dir='ltr'><strong>opus</strong></span> <span class='ocrx_word' id='word_1_397' title='bbox 3272 2186 3384 2227; x_wconf 90' lang='lat' dir='ltr'><strong>non</strong></span> <span class='ocrx_word' id='word_1_398' title='bbox 3413 2172 3716 2243; x_wconf 66' lang='lat' dir='ltr'><strong>quaeritur:</strong></span> 
     </span>
    </p>
   </div>
   <div class='ocr_carea' id='block_1_50' title="bbox 2107 2259 3080 2332">
    <p class='ocr_par' dir='ltr' id='par_1_50' title="bbox 2107 2259 3080 2332">
     <span class='ocr_line' id='line_1_50' title="bbox 2107 2259 3080 2332; baseline -0.002 -17"><span class='ocrx_word' id='word_1_399' title='bbox 2107 2266 2164 2315; x_wconf 89' lang='lat' dir='ltr'><strong>et</strong></span> <span class='ocrx_word' id='word_1_400' title='bbox 2186 2259 2280 2315; x_wconf 90' lang='lat' dir='ltr'><strong>ubi</strong></span> <span class='ocrx_word' id='word_1_401' title='bbox 2309 2267 2393 2316; x_wconf 91' lang='lat' dir='ltr'><strong>est</strong></span> <span class='ocrx_word' id='word_1_402' title='bbox 2420 2274 2585 2332; x_wconf 90' lang='lat' dir='ltr'><strong>opus,</strong></span> <span class='ocrx_word' id='word_1_403' title='bbox 2608 2259 2786 2332; x_wconf 87' lang='lat' dir='ltr'><strong>gratia</strong></span> <span class='ocrx_word' id='word_1_404' title='bbox 2819 2274 2937 2315; x_wconf 91' lang='lat' dir='ltr'><strong>non</strong></span> <span class='ocrx_word' id='word_1_405' title='bbox 2980 2267 3080 2315; x_wconf 90' lang='lat' dir='ltr'><strong>est.</strong></span> 
     </span>
    </p>
   </div>
   <div class='ocr_carea' id='block_1_51' title="bbox 2176 2347 3717 2422">
    <p class='ocr_par' dir='ltr' id='par_1_51' title="bbox 2176 2347 3717 2422">
     <span class='ocr_line' id='line_1_51' title="bbox 2176 2347 3717 2422; baseline 0.002 -16"><span class='ocrx_word' id='word_1_406' title='bbox 2176 2351 2363 2406; x_wconf 80' lang='lat' dir='ltr'><strong>Vns.</strong></span> <span class='ocrx_word' id='word_1_407' title='bbox 2396 2356 2450 2405; x_wconf 91' lang='lat'><strong>7.</strong></span> <span class='ocrx_word' id='word_1_408' title='bbox 2487 2372 2514 2398; x_wconf 74' lang='grc' dir='ltr'>ι</span> <span class='ocrx_word' id='word_1_409' title='bbox 2551 2347 2704 2420; x_wconf 82' lang='lat' dir='ltr'><strong>Quid</strong></span> <span class='ocrx_word' id='word_1_410' title='bbox 2736 2353 2900 2421; x_wconf 77' lang='lat' dir='ltr'><strong>ergo?</strong></span> <span class='ocrx_word' id='word_1_411' title='bbox 2937 2348 3105 2420; x_wconf 90' lang='lat' dir='ltr'><strong>Quod</strong></span> <span class='ocrx_word' id='word_1_412' title='bbox 3133 2349 3416 2422; x_wconf 66' lang='lat' dir='ltr'><strong>quaerebat</strong></span> <span class='ocrx_word' id='word_1_413' title='bbox 3444 2352 3634 2420; x_wconf 84' lang='lat' dir='ltr'><strong>Israel,</strong></span> <span class='ocrx_word' id='word_1_414' title='bbox 3663 2352 3717 2409; x_wconf 92' lang='lat' dir='ltr'><strong>id</strong></span> 
     </span>
    </p>
   </div>
   <div class='ocr_carea' id='block_1_52' title="bbox 2104 2438 3714 2507">
    <p class='ocr_par' dir='ltr' id='par_1_52' title="bbox 2104 2438 3714 2507">
     <span class='ocr_line' id='line_1_52' title="bbox 2104 2438 3714 2507; baseline 0.002 -14"><span class='ocrx_word' id='word_1_415' title='bbox 2104 2453 2218 2493; x_wconf 90' lang='lat' dir='ltr'><strong>non</strong></span> <span class='ocrx_word' id='word_1_416' title='bbox 2248 2447 2331 2495; x_wconf 89' lang='lat' dir='ltr'><strong>est</strong></span> <span class='ocrx_word' id='word_1_417' title='bbox 2364 2446 2734 2507; x_wconf 83' lang='lat' dir='ltr'><strong>consecutus;</strong></span> <span class='ocrx_word' id='word_1_418' title='bbox 2766 2438 2961 2495; x_wconf 90' lang='lat' dir='ltr'><strong>electio</strong></span> <span class='ocrx_word' id='word_1_419' title='bbox 3009 2446 3198 2495; x_wconf 89' lang='lat' dir='ltr'><strong>autem</strong></span> <span class='ocrx_word' id='word_1_420' title='bbox 3226 2445 3310 2496; x_wconf 89' lang='lat' dir='ltr'><strong>est</strong></span> <span class='ocrx_word' id='word_1_421' title='bbox 3336 2448 3650 2497; x_wconf 87' lang='lat' dir='ltr'><strong>consecuta.</strong></span> <span class='ocrx_word' id='word_1_422' title='bbox 3687 2464 3714 2491; x_wconf 77' lang='grc' dir='ltr'><strong>ιι</strong></span> 
     </span>
    </p>
   </div>
   <div class='ocr_carea' id='block_1_53' title="bbox 2103 2526 3717 2603">
    <p class='ocr_par' dir='ltr' id='par_1_53' title="bbox 2103 2526 3717 2603">
     <span class='ocr_line' id='line_1_53' title="bbox 2103 2526 3717 2603; baseline 0.003 -20"><span class='ocrx_word' id='word_1_423' title='bbox 2103 2526 2338 2585; x_wconf 91' lang='lat' dir='ltr'><strong>Ostenso</strong></span> <span class='ocrx_word' id='word_1_424' title='bbox 2373 2528 2507 2602; x_wconf 91' lang='lat' dir='ltr'><strong>quid</strong></span> <span class='ocrx_word' id='word_1_425' title='bbox 2543 2528 2619 2584; x_wconf 91' lang='lat' dir='ltr'><strong>sit</strong></span> <span class='ocrx_word' id='word_1_426' title='bbox 2651 2528 2850 2601; x_wconf 87' lang='lat' dir='ltr'><strong>gratia,</strong></span> <span class='ocrx_word' id='word_1_427' title='bbox 2895 2544 3093 2601; x_wconf 90' lang='lat' dir='ltr'><strong>nempe</strong></span> <span class='ocrx_word' id='word_1_428' title='bbox 3120 2527 3269 2601; x_wconf 88' lang='lat' dir='ltr'><strong>quod</strong></span> <span class='ocrx_word' id='word_1_429' title='bbox 3308 2528 3426 2586; x_wconf 90' lang='lat' dir='ltr'><strong>sine</strong></span> <span class='ocrx_word' id='word_1_430' title='bbox 3455 2530 3717 2603; x_wconf 88' lang='lat' dir='ltr'><strong>operibus</strong></span> 
     </span>
    </p>
   </div>
   <div class='ocr_carea' id='block_1_54' title="bbox 2101 2616 3716 2693">
    <p class='ocr_par' dir='ltr' id='par_1_54' title="bbox 2101 2616 3716 2693">
     <span class='ocr_line' id='line_1_54' title="bbox 2101 2616 3716 2693; baseline 0.002 -21"><span class='ocrx_word' id='word_1_431' title='bbox 2101 2617 2204 2673; x_wconf 89' lang='lat' dir='ltr'><strong>Dei</strong></span> <span class='ocrx_word' id='word_1_432' title='bbox 2233 2617 2465 2687; x_wconf 89' lang='lat' dir='ltr'><strong>donum,</strong></span> <span class='ocrx_word' id='word_1_433' title='bbox 2508 2617 2641 2675; x_wconf 90' lang='lat' dir='ltr'><strong>dicit</strong></span> <span class='ocrx_word' id='word_1_434' title='bbox 2679 2616 2943 2690; x_wconf 91' lang='lat' dir='ltr'><strong>deinceps</strong></span> <span class='ocrx_word' id='word_1_435' title='bbox 2974 2617 3124 2690; x_wconf 91' lang='lat' dir='ltr'><strong>quod</strong></span> <span class='ocrx_word' id='word_1_436' title='bbox 3165 2618 3425 2677; x_wconf 69' lang='lat' dir='ltr'><strong>Israelita:</strong></span> <span class='ocrx_word' id='word_1_437' title='bbox 3467 2635 3716 2693; x_wconf 73' lang='lat' dir='ltr'><strong>quaeren-</strong></span> 
     </span>
    </p>
   </div>
   <div class='ocr_carea' id='block_1_55' title="bbox 2099 2707 3715 2782">
    <p class='ocr_par' dir='ltr' id='par_1_55' title="bbox 2099 2707 3715 2782">
     <span class='ocr_line' id='line_1_55' title="bbox 2099 2707 3715 2782; baseline 0.002 -19"><span class='ocrx_word' id='word_1_438' title='bbox 2099 2716 2185 2764; x_wconf 90' lang='lat' dir='ltr'><strong>tes</strong></span> <span class='ocrx_word' id='word_1_439' title='bbox 2227 2707 2521 2779; x_wconf 88' lang='lat' dir='ltr'><strong>justitiam,</strong></span> <span class='ocrx_word' id='word_1_440' title='bbox 2575 2723 2699 2764; x_wconf 90' lang='lat' dir='ltr'><strong>eam</strong></span> <span class='ocrx_word' id='word_1_441' title='bbox 2747 2723 2859 2764; x_wconf 88' lang='lat' dir='ltr'><strong>non</strong></span> <span class='ocrx_word' id='word_1_442' title='bbox 2901 2715 3034 2764; x_wconf 90' lang='lat' dir='ltr'><strong>sunt</strong></span> <span class='ocrx_word' id='word_1_443' title='bbox 3074 2708 3336 2777; x_wconf 87' lang='lat' dir='ltr'><strong>assecuti,</strong></span> <span class='ocrx_word' id='word_1_444' title='bbox 3386 2708 3589 2781; x_wconf 86' lang='lat' dir='ltr'><strong>quippe</strong></span> <span class='ocrx_word' id='word_1_445' title='bbox 3616 2710 3715 2782; x_wconf 90' lang='lat' dir='ltr'><strong>qui</strong></span> 
     </span>
    </p>
   </div>
   <div class='ocr_carea' id='block_1_56' title="bbox 2100 2795 3714 2871">
    <p class='ocr_par' dir='ltr' id='par_1_56' title="bbox 2100 2795 3714 2871">
     <span class='ocr_line' id='line_1_56' title="bbox 2100 2795 3714 2871; baseline 0.002 -18"><span class='ocrx_word' id='word_1_446' title='bbox 2100 2796 2245 2853; x_wconf 88' lang='lat' dir='ltr'><strong>male</strong></span> <span class='ocrx_word' id='word_1_447' title='bbox 2273 2811 2396 2853; x_wconf 88' lang='lat' dir='ltr'><strong>eam</strong></span> <span class='ocrx_word' id='word_1_448' title='bbox 2432 2797 2775 2870; x_wconf 62' lang='lat' dir='ltr'><strong>quaesierint,</strong></span> <span class='ocrx_word' id='word_1_449' title='bbox 2836 2795 3083 2870; x_wconf 88' lang='lat' dir='ltr'><strong>adeoque</strong></span> <span class='ocrx_word' id='word_1_450' title='bbox 3136 2814 3201 2854; x_wconf 80' lang='lat' dir='ltr'><strong>ex</strong></span> <span class='ocrx_word' id='word_1_451' title='bbox 3243 2798 3528 2870; x_wconf 87' lang='lat' dir='ltr'><strong>operibus;</strong></span> <span class='ocrx_word' id='word_1_452' title='bbox 3563 2798 3714 2871; x_wconf 90' lang='lat' dir='ltr'><strong>quod</strong></span> 
     </span>
    </p>
   </div>
   <div class='ocr_carea' id='block_1_57' title="bbox 2100 2885 3712 2959">
    <p class='ocr_par' dir='ltr' id='par_1_57' title="bbox 2100 2885 3712 2959">
     <span class='ocr_line' id='line_1_57' title="bbox 2100 2885 3712 2959; baseline 0.001 -16"><span class='ocrx_word' id='word_1_453' title='bbox 2100 2894 2222 2943; x_wconf 88' lang='lat' dir='ltr'><strong>erat</strong></span> <span class='ocrx_word' id='word_1_454' title='bbox 2248 2885 2611 2959; x_wconf 88' lang='lat' dir='ltr'><strong>impossibile.</strong></span> <span class='ocrx_word' id='word_1_455' title='bbox 2660 2910 2686 2935; x_wconf 77' lang='grc' dir='ltr'><strong>α</strong></span> <span class='ocrx_word' id='word_1_456' title='bbox 2720 2887 2930 2943; x_wconf 87' lang='lat' dir='ltr'><strong>Electio</strong></span> <span class='ocrx_word' id='word_1_457' title='bbox 2964 2894 3175 2956; x_wconf 89' lang='lat' dir='ltr'><strong>autem,</strong></span> <span class='ocrx_word' id='word_1_458' title='bbox 3205 2911 3231 2938; x_wconf 73' lang='grc' dir='ltr'><strong>ι</strong></span> <span class='ocrx_word' id='word_1_459' title='bbox 3263 2887 3373 2945; x_wconf 90' lang='lat' dir='ltr'><strong>hoc</strong></span> <span class='ocrx_word' id='word_1_460' title='bbox 3402 2895 3486 2944; x_wconf 90' lang='lat' dir='ltr'><strong>est</strong></span> <span class='ocrx_word' id='word_1_461' title='bbox 3509 2930 3524 2956; x_wconf 92' lang='lat'><strong>,</strong></span> <span class='ocrx_word' id='word_1_462' title='bbox 3556 2889 3712 2945; x_wconf 91' lang='lat' dir='ltr'><strong>electi</strong></span> 
     </span>
    </p>
   </div>
   <div class='ocr_carea' id='block_1_58' title="bbox 2098 2975 3716 3035">
    <p class='ocr_par' dir='ltr' id='par_1_58' title="bbox 2098 2975 3716 3035">
     <span class='ocr_line' id='line_1_58' title="bbox 2098 2975 3716 3035; baseline 0.001 -3"><span class='ocrx_word' id='word_1_463' title='bbox 2098 2983 2227 3033; x_wconf 91' lang='lat' dir='ltr'><strong>sunt</strong></span> <span class='ocrx_word' id='word_1_464' title='bbox 2280 2977 2540 3034; x_wconf 87' lang='lat' dir='ltr'><strong>assecuti.</strong></span> <span class='ocrx_word' id='word_1_465' title='bbox 2588 2980 2693 3034; x_wconf 87' lang='lat' dir='ltr'><strong>Per</strong></span> <span class='ocrx_word' id='word_1_466' title='bbox 2731 2975 2875 3033; x_wconf 89' lang='lat' dir='ltr'><strong>hanc</strong></span> <span class='ocrx_word' id='word_1_467' title='bbox 2929 2975 3230 3034; x_wconf 89' lang='lat' dir='ltr'><strong>dictionem</strong></span> <span class='ocrx_word' id='word_1_468' title='bbox 3272 2976 3552 3035; x_wconf 89' lang='lat' dir='ltr'><strong>bonorum</strong></span> <span class='ocrx_word' id='word_1_469' title='bbox 3599 2994 3716 3033; x_wconf 89' lang='lat' dir='ltr'><strong>ma-</strong></span> 
     </span>
    </p>
   </div>
   <div class='ocr_carea' id='block_1_59' title="bbox 2096 3065 3712 3140">
    <p class='ocr_par' dir='ltr' id='par_1_59' title="bbox 2096 3065 3712 3140">
     <span class='ocr_line' id='line_1_59' title="bbox 2096 3065 3712 3140; baseline 0.001 -18"><span class='ocrx_word' id='word_1_470' title='bbox 2096 3065 2439 3137; x_wconf 88' lang='lat' dir='ltr'><strong>gnitudinem</strong></span> <span class='ocrx_word' id='word_1_471' title='bbox 2476 3066 2743 3136; x_wconf 89' lang='lat' dir='ltr'><strong>ostendit,</strong></span> <span class='ocrx_word' id='word_1_472' title='bbox 2785 3075 2842 3124; x_wconf 91' lang='lat' dir='ltr'><strong>et</strong></span> <span class='ocrx_word' id='word_1_473' title='bbox 2873 3065 3023 3139; x_wconf 90' lang='lat' dir='ltr'><strong>quod</strong></span> <span class='ocrx_word' id='word_1_474' title='bbox 3047 3074 3230 3125; x_wconf 87' lang='lat' dir='ltr'><strong>totum</strong></span> <span class='ocrx_word' id='word_1_475' title='bbox 3258 3068 3332 3124; x_wconf 86' lang='lat' dir='ltr'><strong>sit</strong></span> <span class='ocrx_word' id='word_1_476' title='bbox 3357 3066 3557 3125; x_wconf 67' lang='lat' dir='ltr'><strong>divina:</strong></span> <span class='ocrx_word' id='word_1_477' title='bbox 3584 3083 3712 3140; x_wconf 85' lang='lat' dir='ltr'><strong>gra-</strong></span> 
     </span>
    </p>
   </div>
   <div class='ocr_carea' id='block_1_60' title="bbox 386 3150 1991 3236">
    <p class='ocr_par' dir='ltr' id='par_1_60' title="bbox 386 3150 1987 3236">
     <span class='ocr_line' id='line_1_60' title="bbox 386 3150 1987 3236; baseline 0.004 -27"><span class='ocrx_word' id='word_1_478' title='bbox 386 3150 573 3233; x_wconf 68' lang='grc' dir='ltr'>δμιλία</span> <span class='ocrx_word' id='word_1_479' title='bbox 604 3153 845 3236; x_wconf 52' lang='grc' dir='ltr'>λέγομεν·</span> <span class='ocrx_word' id='word_1_480' title='bbox 881 3152 951 3212; x_wconf 71' lang='grc' dir='ltr'>Ὀ</span> <span class='ocrx_word' id='word_1_481' title='bbox 979 3152 1123 3211; x_wconf 88' lang='grc' dir='ltr'>δεῖνα</span> <span class='ocrx_word' id='word_1_482' title='bbox 1175 3152 1462 3233; x_wconf 67' lang='grc' dir='ltr'>ἐπέτυχεν,</span> <span class='ocrx_word' id='word_1_483' title='bbox 1510 3153 1629 3214; x_wconf 74' lang='grc' dir='ltr'>ἀντὶ</span> <span class='ocrx_word' id='word_1_484' title='bbox 1666 3160 1789 3233; x_wconf 86' lang='grc' dir='ltr'>τοῦ,</span> <span class='ocrx_word' id='word_1_485' title='bbox 1818 3154 1987 3215; x_wconf 82' lang='grc' dir='ltr'>Ἁπό-</span> 
     </span>
    </p>
   </div>
   <div class='ocr_carea' id='block_1_61' title="bbox 2098 3150 3714 3236">
    <p class='ocr_par' dir='ltr' id='par_1_61' title="bbox 2098 3155 3714 3215">
     <span class='ocr_line' id='line_1_61' title="bbox 2098 3155 3714 3215; baseline 0.002 -4"><span class='ocrx_word' id='word_1_486' title='bbox 2098 3156 2214 3213; x_wconf 75' lang='grc' dir='ltr'>ῐὶεε.</span> <span class='ocrx_word' id='word_1_487' title='bbox 2260 3158 2406 3214; x_wconf 85' lang='lat' dir='ltr'><strong>Nam</strong></span> <span class='ocrx_word' id='word_1_488' title='bbox 2434 3165 2490 3213; x_wconf 91' lang='lat' dir='ltr'><strong>et</strong></span> <span class='ocrx_word' id='word_1_489' title='bbox 2514 3172 2620 3213; x_wconf 91' lang='lat' dir='ltr'><strong>nos</strong></span> <span class='ocrx_word' id='word_1_490' title='bbox 2647 3156 2708 3212; x_wconf 91' lang='lat' dir='ltr'><strong>in</strong></span> <span class='ocrx_word' id='word_1_491' title='bbox 2741 3155 3001 3214; x_wconf 84' lang='lat' dir='ltr'><strong>familiari</strong></span> <span class='ocrx_word' id='word_1_492' title='bbox 3044 3164 3099 3214; x_wconf 90' lang='lat' dir='ltr'><strong>et</strong></span> <span class='ocrx_word' id='word_1_493' title='bbox 3132 3157 3420 3215; x_wconf 90' lang='lat' dir='ltr'><strong>communi</strong></span> <span class='ocrx_word' id='word_1_494' title='bbox 3458 3173 3714 3214; x_wconf 86' lang='lat' dir='ltr'><strong>sermone</strong></span> 
     </span>
    </p>
   </div>
   <div class='ocr_carea' id='block_1_62' title="bbox 388 3231 936 3323">
    <p class='ocr_par' dir='ltr' id='par_1_62' title="bbox 388 3231 936 3323">
     <span class='ocr_line' id='line_1_62' title="bbox 388 3231 936 3323; baseline 0.007 -24"><span class='ocrx_word' id='word_1_495' title='bbox 388 3265 488 3310; x_wconf 83' lang='grc' dir='ltr'><strong>νως</strong></span> <span class='ocrx_word' id='word_1_496' title='bbox 524 3231 736 3322; x_wconf 63' lang='grc' dir='ltr'>εὕρημα</span> <span class='ocrx_word' id='word_1_497' title='bbox 764 3231 936 3323; x_wconf 72' lang='grc' dir='ltr'>εὗρεν.</span> 
     </span>
    </p>
   </div>
   <div class='ocr_carea' id='block_1_63' title="bbox 468 3419 1985 3505">
    <p class='ocr_par' dir='ltr' id='par_1_63' title="bbox 468 3419 1985 3505">
     <span class='ocr_line' id='line_1_63' title="bbox 468 3419 1985 3505; baseline 0.006 -29"><span class='ocrx_word' id='word_1_498' title='bbox 468 3446 496 3476; x_wconf 77' lang='grc' dir='ltr'><strong>α</strong></span> <span class='ocrx_word' id='word_1_499' title='bbox 529 3424 599 3482; x_wconf 81' lang='grc' dir='ltr'><strong>Οί</strong></span> <span class='ocrx_word' id='word_1_500' title='bbox 647 3420 705 3480; x_wconf 78' lang='grc' dir='ltr'>δὲ</span> <span class='ocrx_word' id='word_1_501' title='bbox 747 3419 929 3480; x_wconf 66' lang='grc' dir='ltr'>λοιποὶ</span> <span class='ocrx_word' id='word_1_502' title='bbox 976 3420 1339 3501; x_wconf 82' lang='grc' dir='ltr'>ἐπωρώθησαν</span> <span class='ocrx_word' id='word_1_503' title='bbox 1384 3422 1599 3503; x_wconf 85' lang='grc' dir='ltr'>(καθὼς</span> <span class='ocrx_word' id='word_1_504' title='bbox 1643 3421 1985 3505; x_wconf 79' lang='grc' dir='ltr'>γέγραπται·</span> 
     </span>
    </p>
   </div>
   <div class='ocr_carea' id='block_1_64' title="bbox 384 3510 1986 3595">
    <p class='ocr_par' dir='ltr' id='par_1_64' title="bbox 384 3510 1986 3595">
     <span class='ocr_line' id='line_1_64' title="bbox 384 3510 1986 3595; baseline 0 -21"><span class='ocrx_word' id='word_1_505' title='bbox 384 3510 629 3574; x_wconf 83' lang='grc' dir='ltr'>Ἔδωκεν</span> <span class='ocrx_word' id='word_1_506' title='bbox 648 3512 825 3579; x_wconf 75' lang='grc' dir='ltr'>αὐτοῖς</span> <span class='ocrx_word' id='word_1_507' title='bbox 846 3514 875 3569; x_wconf 81' lang='grc' dir='ltr'><strong>ὃ</strong></span> <span class='ocrx_word' id='word_1_508' title='bbox 898 3510 1035 3579; x_wconf 87' lang='grc' dir='ltr'>Θεὸς</span> <span class='ocrx_word' id='word_1_509' title='bbox 1059 3516 1268 3595; x_wconf 69' lang='grc' dir='ltr'>πνεῦμα</span> <span class='ocrx_word' id='word_1_510' title='bbox 1291 3512 1651 3587; x_wconf 84' lang='grc' dir='ltr'>κατανύξεως,</span> <span class='ocrx_word' id='word_1_511' title='bbox 1682 3514 1986 3595; x_wconf 77' lang='grc' dir='ltr'>ὀφθαλμοὺς</span> 
     </span>
    </p>
   </div>
   <div class='ocr_carea' id='block_1_65' title="bbox 381 3590 1987 3683">
    <p class='ocr_par' dir='ltr' id='par_1_65' title="bbox 381 3590 1987 3683">
     <span class='ocr_line' id='line_1_65' title="bbox 381 3590 1987 3683; baseline 0.001 -21"><span class='ocrx_word' id='word_1_512' title='bbox 381 3605 473 3662; x_wconf 60' lang='lat' dir='ltr'><strong>sou&quot;</strong></span> <span class='ocrx_word' id='word_1_513' title='bbox 506 3602 583 3680; x_wconf 79' lang='grc' dir='ltr'><strong>μὴ</strong></span> <span class='ocrx_word' id='word_1_514' title='bbox 635 3602 885 3682; x_wconf 79' lang='grc' dir='ltr'>βλέπειν,</span> <span class='ocrx_word' id='word_1_515' title='bbox 933 3601 1027 3660; x_wconf 77' lang='grc' dir='ltr'>καὶ</span> <span class='ocrx_word' id='word_1_516' title='bbox 1055 3590 1297 3663; x_wconf 16' lang='grc' dir='ltr'>ὦταντοῦ</span> <span class='ocrx_word' id='word_1_517' title='bbox 1346 3603 1422 3680; x_wconf 76' lang='grc' dir='ltr'><strong>μὴ</strong></span> <span class='ocrx_word' id='word_1_518' title='bbox 1457 3590 1846 3683; x_wconf 52' lang='grc' dir='ltr'>ἀκούεινγὲως</span> <span class='ocrx_word' id='word_1_519' title='bbox 1893 3610 1987 3679; x_wconf 80' lang='grc' dir='ltr'><strong>τῆς</strong></span> 
     </span>
    </p>
   </div>
   <div class='ocr_carea' id='block_1_66' title="bbox 384 3689 1980 3775">
    <p class='ocr_par' dir='ltr' id='par_1_66' title="bbox 384 3689 1980 3775">
     <span class='ocr_line' id='line_1_66' title="bbox 384 3689 1980 3775; baseline 0.003 -25"><span class='ocrx_word' id='word_1_520' title='bbox 384 3691 618 3772; x_wconf 78' lang='grc' dir='ltr'>σήμερον</span> <span class='ocrx_word' id='word_1_521' title='bbox 669 3689 896 3771; x_wconf 75' lang='grc' dir='ltr'>ἡμέρας.</span> <span class='ocrx_word' id='word_1_522' title='bbox 934 3712 967 3751; x_wconf 73' lang='grc' dir='ltr'><strong>ι</strong></span> <span class='ocrx_word' id='word_1_523' title='bbox 1019 3692 1262 3772; x_wconf 80' lang='grc' dir='ltr'>Παράγει</span> <span class='ocrx_word' id='word_1_524' title='bbox 1310 3693 1400 3751; x_wconf 86' lang='grc' dir='ltr'><strong>τὸν</strong></span> <span class='ocrx_word' id='word_1_525' title='bbox 1443 3690 1679 3752; x_wconf 80' lang='grc' dir='ltr'>Ἡσαΐαν</span> <span class='ocrx_word' id='word_1_526' title='bbox 1731 3694 1980 3775; x_wconf 79' lang='grc' dir='ltr'>μάρτυρα</span> 
     </span>
    </p>
   </div>
   <div class='ocr_carea' id='block_1_67' title="bbox 383 3778 1977 3863">
    <p class='ocr_par' dir='ltr' id='par_1_67' title="bbox 383 3778 1977 3863">
     <span class='ocr_line' id='line_1_67' title="bbox 383 3778 1977 3863; baseline 0.004 -26"><span class='ocrx_word' id='word_1_527' title='bbox 383 3785 482 3855; x_wconf 77' lang='grc' dir='ltr'><strong>τῆς</strong></span> <span class='ocrx_word' id='word_1_528' title='bbox 525 3778 852 3858; x_wconf 84' lang='grc' dir='ltr'>πωρώσεως,</span> <span class='ocrx_word' id='word_1_529' title='bbox 898 3778 987 3841; x_wconf 77' lang='grc' dir='ltr'><strong>ἵνα</strong></span> <span class='ocrx_word' id='word_1_530' title='bbox 1024 3780 1100 3859; x_wconf 85' lang='grc' dir='ltr'><strong>μὴ</strong></span> <span class='ocrx_word' id='word_1_531' title='bbox 1157 3782 1277 3862; x_wconf 82' lang='grc' dir='ltr'><strong>δόξῃ</strong></span> <span class='ocrx_word' id='word_1_532' title='bbox 1318 3785 1487 3842; x_wconf 81' lang='grc' dir='ltr'>οἰκεῖα</span> <span class='ocrx_word' id='word_1_533' title='bbox 1527 3781 1723 3863; x_wconf 84' lang='grc' dir='ltr'>λέγειν.</span> <span class='ocrx_word' id='word_1_534' title='bbox 1778 3784 1859 3843; x_wconf 90' lang='grc' dir='ltr'>Τὸ</span> <span class='ocrx_word' id='word_1_535' title='bbox 1898 3784 1977 3858; x_wconf 76' lang='grc' dir='ltr'>δὲ,</span> 
     </span>
    </p>
   </div>
   <div class='ocr_carea' id='block_1_68' title="bbox 392 3868 1981 3954">
    <p class='ocr_par' dir='ltr' id='par_1_68' title="bbox 392 3868 1981 3954">
     <span class='ocr_line' id='line_1_68' title="bbox 392 3868 1981 3954; baseline 0.003 -26"><span class='ocrx_word' id='word_1_536' title='bbox 392 3892 422 3928; x_wconf 80' lang='grc' dir='ltr'><strong>ε</strong></span> <span class='ocrx_word' id='word_1_537' title='bbox 452 3868 696 3930; x_wconf 78' lang='grc' dir='ltr'>Ἔδωκεν</span> <span class='ocrx_word' id='word_1_538' title='bbox 726 3873 753 3928; x_wconf 87' lang='grc' dir='ltr'>ὁ</span> <span class='ocrx_word' id='word_1_539' title='bbox 784 3869 919 3939; x_wconf 90' lang='grc' dir='ltr'>Θεὸς</span> <span class='ocrx_word' id='word_1_540' title='bbox 937 3917 954 3947; x_wconf 82' lang='grc'><strong>,</strong></span> <span class='ocrx_word' id='word_1_541' title='bbox 981 3891 1013 3929; x_wconf 83' lang='lat' dir='ltr'><strong>n</strong></span> <span class='ocrx_word' id='word_1_542' title='bbox 1060 3870 1177 3930; x_wconf 75' lang='grc' dir='ltr'>ἀντὶ</span> <span class='ocrx_word' id='word_1_543' title='bbox 1226 3877 1320 3931; x_wconf 88' lang='grc' dir='ltr'><strong>τοῦ</strong></span> <span class='ocrx_word' id='word_1_544' title='bbox 1343 3917 1359 3946; x_wconf 93' lang='grc'><strong>,</strong></span> <span class='ocrx_word' id='word_1_545' title='bbox 1404 3873 1734 3954; x_wconf 80' lang='grc' dir='ltr'>Κατὲλειψεν</span> <span class='ocrx_word' id='word_1_546' title='bbox 1790 3874 1981 3942; x_wconf 79' lang='grc' dir='ltr'>αὐτοὺς</span> 
     </span>
    </p>
   </div>
   <div class='ocr_carea' id='block_1_69' title="bbox 389 3958 1977 4044">
    <p class='ocr_par' dir='ltr' id='par_1_69' title="bbox 389 3958 1977 4044">
     <span class='ocr_line' id='line_1_69' title="bbox 389 3958 1977 4044; baseline 0.003 -26"><span class='ocrx_word' id='word_1_547' title='bbox 389 3958 531 4040; x_wconf 80' lang='grc' dir='ltr'>ἔχειν</span> <span class='ocrx_word' id='word_1_548' title='bbox 574 3985 597 4012; x_wconf 74' lang='grc' dir='ltr'>ι</span> <span class='ocrx_word' id='word_1_549' title='bbox 629 3963 840 4037; x_wconf 89' lang='grc' dir='ltr'>πνεῦμα</span> <span class='ocrx_word' id='word_1_550' title='bbox 887 3958 1249 4035; x_wconf 77' lang='grc' dir='ltr'>κατανύξεως,</span> <span class='ocrx_word' id='word_1_551' title='bbox 1288 3989 1312 4015; x_wconf 77' lang='grc' dir='ltr'><strong>ιι</strong></span> <span class='ocrx_word' id='word_1_552' title='bbox 1346 3961 1716 4043; x_wconf 83' lang='grc' dir='ltr'>συνεχώρησεν</span> <span class='ocrx_word' id='word_1_553' title='bbox 1736 4010 1752 4039; x_wconf 83' lang='grc'><strong>,</strong></span> <span class='ocrx_word' id='word_1_554' title='bbox 1786 3963 1977 4044; x_wconf 74' lang='grc' dir='ltr'>ἀφῆκε.</span> 
     </span>
    </p>
   </div>
   <div class='ocr_carea' id='block_1_70' title="bbox 389 4046 1977 4132">
    <p class='ocr_par' dir='ltr' id='par_1_70' title="bbox 389 4046 1977 4132">
     <span class='ocr_line' id='line_1_70' title="bbox 389 4046 1977 4132; baseline 0.001 -22"><span class='ocrx_word' id='word_1_555' title='bbox 389 4047 685 4117; x_wconf 74' lang='grc' dir='ltr'>Κατᾶνυξιν</span> <span class='ocrx_word' id='word_1_556' title='bbox 712 4046 801 4121; x_wconf 78' lang='grc' dir='ltr'>δὲ,</span> <span class='ocrx_word' id='word_1_557' title='bbox 829 4048 928 4123; x_wconf 81' lang='grc' dir='ltr'><strong>τὴν</strong></span> <span class='ocrx_word' id='word_1_558' title='bbox 974 4050 1104 4130; x_wconf 87' lang='grc' dir='ltr'>πρὸς</span> <span class='ocrx_word' id='word_1_559' title='bbox 1132 4050 1185 4089; x_wconf 73' lang='grc'><strong>⁷9</strong></span> <span class='ocrx_word' id='word_1_560' title='bbox 1226 4050 1368 4110; x_wconf 77' lang='grc' dir='ltr'>κακὰ</span> <span class='ocrx_word' id='word_1_561' title='bbox 1398 4051 1649 4128; x_wconf 80' lang='grc' dir='ltr'>ἐπίμονον</span> <span class='ocrx_word' id='word_1_562' title='bbox 1696 4052 1786 4110; x_wconf 75' lang='grc' dir='ltr'>καὶ</span> <span class='ocrx_word' id='word_1_563' title='bbox 1836 4053 1977 4132; x_wconf 78' lang='grc' dir='ltr'>ἆμε-</span> 
     </span>
    </p>
   </div>
   <div class='ocr_carea' id='block_1_71' title="bbox 380 4136 1978 4223">
    <p class='ocr_par' dir='ltr' id='par_1_71' title="bbox 380 4136 1978 4223">
     <span class='ocr_line' id='line_1_71' title="bbox 380 4136 1978 4223; baseline 0.002 -25"><span class='ocrx_word' id='word_1_564' title='bbox 380 4140 594 4199; x_wconf 76' lang='grc' dir='ltr'>τάθετον</span> <span class='ocrx_word' id='word_1_565' title='bbox 640 4136 746 4209; x_wconf 71' lang='grc' dir='ltr'>ἴξιν</span> <span class='ocrx_word' id='word_1_566' title='bbox 791 4144 887 4213; x_wconf 83' lang='grc' dir='ltr'><strong>τῆς</strong></span> <span class='ocrx_word' id='word_1_567' title='bbox 931 4143 1107 4222; x_wconf 79' lang='grc' dir='ltr'>ψυχῆς</span> <span class='ocrx_word' id='word_1_568' title='bbox 1156 4138 1321 4220; x_wconf 68' lang='grc' dir='ltr'>λέγει.</span> <span class='ocrx_word' id='word_1_569' title='bbox 1379 4141 1828 4202; x_wconf 78' lang='grc' dir='ltr'>Κατανύσσεσθαι</span> <span class='ocrx_word' id='word_1_570' title='bbox 1873 4142 1978 4223; x_wconf 79' lang='grc' dir='ltr'><strong>γάρ</strong></span> 
     </span>
    </p>
   </div>
   <div class='ocr_carea' id='block_1_72' title="bbox 379 4228 1978 4313">
    <p class='ocr_par' dir='ltr' id='par_1_72' title="bbox 379 4228 1978 4313">
     <span class='ocr_line' id='line_1_72' title="bbox 379 4228 1978 4313; baseline 0.003 -26"><span class='ocrx_word' id='word_1_571' title='bbox 379 4231 494 4288; x_wconf 90' lang='grc' dir='ltr'>ἐστι</span> <span class='ocrx_word' id='word_1_572' title='bbox 544 4228 609 4289; x_wconf 89' lang='grc' dir='ltr'><strong>τὸ</strong></span> <span class='ocrx_word' id='word_1_573' title='bbox 662 4229 1033 4310; x_wconf 78' lang='grc' dir='ltr'>ἐμπήγνυσθαί</span> <span class='ocrx_word' id='word_1_574' title='bbox 1088 4252 1191 4289; x_wconf 91' lang='grc' dir='ltr'><strong>που</strong></span> <span class='ocrx_word' id='word_1_575' title='bbox 1250 4231 1341 4290; x_wconf 76' lang='grc' dir='ltr'><strong>καὶ</strong></span> <span class='ocrx_word' id='word_1_576' title='bbox 1405 4233 1814 4313; x_wconf 85' lang='grc' dir='ltr'>προσηλοῦσθαι.</span> <span class='ocrx_word' id='word_1_577' title='bbox 1897 4231 1978 4293; x_wconf 86' lang='grc' dir='ltr'>Τὸ</span> 
     </span>
    </p>
   </div>
   <div class='ocr_carea' id='block_1_73' title="bbox 2101 3245 3711 3317">
    <p class='ocr_par' dir='ltr' id='par_1_73' title="bbox 2101 3245 3711 3317">
     <span class='ocr_line' id='line_1_73' title="bbox 2101 3245 3711 3317; baseline 0 -14"><span class='ocrx_word' id='word_1_578' title='bbox 2101 3245 2283 3303; x_wconf 86' lang='lat' dir='ltr'><strong>dicere</strong></span> <span class='ocrx_word' id='word_1_579' title='bbox 2316 3247 2565 3303; x_wconf 88' lang='lat' dir='ltr'><strong>solemus</strong></span> <span class='ocrx_word' id='word_1_580' title='bbox 2612 3265 2624 3302; x_wconf 91' lang='lat'>:</span> <span class='ocrx_word' id='word_1_581' title='bbox 2658 3249 2783 3303; x_wconf 85' lang='lat' dir='ltr'><strong>Hoc</strong></span> <span class='ocrx_word' id='word_1_582' title='bbox 2826 3247 2904 3303; x_wconf 91' lang='lat' dir='ltr'><strong>illi</strong></span> <span class='ocrx_word' id='word_1_583' title='bbox 2946 3245 3176 3305; x_wconf 84' lang='lat' dir='ltr'><strong>feliciter</strong></span> <span class='ocrx_word' id='word_1_584' title='bbox 3205 3247 3410 3317; x_wconf 88' lang='lat' dir='ltr'><strong>evenit,</strong></span> <span class='ocrx_word' id='word_1_585' title='bbox 3441 3247 3546 3304; x_wconf 89' lang='lat' dir='ltr'><strong>hoc</strong></span> <span class='ocrx_word' id='word_1_586' title='bbox 3592 3256 3711 3316; x_wconf 90' lang='lat' dir='ltr'><strong>est,</strong></span> 
     </span>
    </p>
   </div>
   <div class='ocr_carea' id='block_1_74' title="bbox 2096 3336 3192 3394">
    <p class='ocr_par' dir='ltr' id='par_1_74' title="bbox 2096 3336 3192 3394">
     <span class='ocr_line' id='line_1_74' title="bbox 2096 3336 3192 3394; baseline 0.001 -2"><span class='ocrx_word' id='word_1_587' title='bbox 2096 3336 2243 3393; x_wconf 88' lang='lat' dir='ltr'><strong>Citra</strong></span> <span class='ocrx_word' id='word_1_588' title='bbox 2273 3336 2519 3393; x_wconf 88' lang='lat' dir='ltr'><strong>laborem</strong></span> <span class='ocrx_word' id='word_1_589' title='bbox 2548 3336 2925 3394; x_wconf 89' lang='lat' dir='ltr'><strong>inventionem</strong></span> <span class='ocrx_word' id='word_1_590' title='bbox 2967 3337 3192 3394; x_wconf 89' lang='lat' dir='ltr'><strong>invenit.</strong></span> 
     </span>
    </p>
   </div>
   <div class='ocr_carea' id='block_1_75' title="bbox 2167 3426 3709 3495">
    <p class='ocr_par' dir='ltr' id='par_1_75' title="bbox 2167 3426 3709 3495">
     <span class='ocr_line' id='line_1_75' title="bbox 2167 3426 3709 3495; baseline 0.001 -13"><span class='ocrx_word' id='word_1_591' title='bbox 2167 3428 2348 3483; x_wconf 72' lang='lat' dir='ltr'><strong>Vsus.</strong></span> <span class='ocrx_word' id='word_1_592' title='bbox 2391 3432 2443 3482; x_wconf 91' lang='lat'><strong>7.</strong></span> <span class='ocrx_word' id='word_1_593' title='bbox 2474 3432 2528 3483; x_wconf 91' lang='lat'><strong>8.</strong></span> <span class='ocrx_word' id='word_1_594' title='bbox 2583 3448 2610 3476; x_wconf 74' lang='grc' dir='ltr'>ι</span> <span class='ocrx_word' id='word_1_595' title='bbox 2644 3426 2843 3484; x_wconf 65' lang='lat' dir='ltr'><strong>Ceteri</strong></span> <span class='ocrx_word' id='word_1_596' title='bbox 2893 3443 3025 3484; x_wconf 89' lang='lat' dir='ltr'><strong>vero</strong></span> <span class='ocrx_word' id='word_1_597' title='bbox 3054 3428 3315 3486; x_wconf 66' lang='lat' dir='ltr'><strong>excaecati</strong></span> <span class='ocrx_word' id='word_1_598' title='bbox 3364 3436 3495 3484; x_wconf 89' lang='lat' dir='ltr'><strong>sunt</strong></span> <span class='ocrx_word' id='word_1_599' title='bbox 3540 3428 3709 3495; x_wconf 91' lang='lat' dir='ltr'><strong>(sicut</strong></span> 
     </span>
    </p>
   </div>
   <div class='ocr_carea' id='block_1_76' title="bbox 2093 3515 3706 3590">
    <p class='ocr_par' dir='ltr' id='par_1_76' title="bbox 2093 3515 3706 3590">
     <span class='ocr_line' id='line_1_76' title="bbox 2093 3515 3706 3590; baseline 0.002 -20"><span class='ocrx_word' id='word_1_600' title='bbox 2093 3515 2361 3587; x_wconf 89' lang='lat' dir='ltr'><strong>scriptum</strong></span> <span class='ocrx_word' id='word_1_601' title='bbox 2417 3525 2501 3573; x_wconf 86' lang='lat' dir='ltr'><strong>est</strong></span> <span class='ocrx_word' id='word_1_602' title='bbox 2547 3544 2576 3586; x_wconf 71' lang='grc' dir='ltr'>ε</span> <span class='ocrx_word' id='word_1_603' title='bbox 2630 3533 2646 3572; x_wconf 90' lang='lat'><strong>:</strong></span> <span class='ocrx_word' id='word_1_604' title='bbox 2694 3515 2859 3573; x_wconf 90' lang='lat' dir='ltr'><strong>Dedit</strong></span> <span class='ocrx_word' id='word_1_605' title='bbox 2919 3517 2999 3574; x_wconf 89' lang='lat' dir='ltr'><strong>eis</strong></span> <span class='ocrx_word' id='word_1_606' title='bbox 3056 3520 3206 3575; x_wconf 88' lang='lat' dir='ltr'><strong>Deus</strong></span> <span class='ocrx_word' id='word_1_607' title='bbox 3251 3518 3504 3590; x_wconf 88' lang='lat' dir='ltr'><strong>spiritum</strong></span> <span class='ocrx_word' id='word_1_608' title='bbox 3551 3533 3706 3575; x_wconf 88' lang='lat' dir='ltr'><strong>com-</strong></span> 
     </span>
    </p>
   </div>
   <div class='ocr_carea' id='block_1_77' title="bbox 2093 3605 3705 3677">
    <p class='ocr_par' dir='ltr' id='par_1_77' title="bbox 2093 3605 3705 3677">
     <span class='ocr_line' id='line_1_77' title="bbox 2093 3605 3705 3677; baseline 0.004 -19"><span class='ocrx_word' id='word_1_609' title='bbox 2093 3605 2422 3677; x_wconf 89' lang='lat' dir='ltr'><strong>punctionis,</strong></span> <span class='ocrx_word' id='word_1_610' title='bbox 2450 3605 2639 3662; x_wconf 91' lang='lat' dir='ltr'><strong>oculos</strong></span> <span class='ocrx_word' id='word_1_611' title='bbox 2684 3613 2745 3662; x_wconf 92' lang='lat' dir='ltr'><strong>ut</strong></span> <span class='ocrx_word' id='word_1_612' title='bbox 2779 3622 2892 3661; x_wconf 93' lang='lat' dir='ltr'><strong>non</strong></span> <span class='ocrx_word' id='word_1_613' title='bbox 2926 3605 3169 3675; x_wconf 87' lang='lat' dir='ltr'><strong>videant,</strong></span> <span class='ocrx_word' id='word_1_614' title='bbox 3207 3614 3262 3664; x_wconf 90' lang='lat' dir='ltr'><strong>et</strong></span> <span class='ocrx_word' id='word_1_615' title='bbox 3302 3623 3462 3664; x_wconf 89' lang='lat' dir='ltr'><strong>aures</strong></span> <span class='ocrx_word' id='word_1_616' title='bbox 3494 3616 3555 3663; x_wconf 91' lang='lat' dir='ltr'><strong>ut</strong></span> <span class='ocrx_word' id='word_1_617' title='bbox 3592 3624 3705 3664; x_wconf 92' lang='lat' dir='ltr'><strong>non</strong></span> 
     </span>
    </p>
   </div>
   <div class='ocr_carea' id='block_1_78' title="bbox 2092 3695 3706 3767">
    <p class='ocr_par' dir='ltr' id='par_1_78' title="bbox 2092 3695 3706 3767">
     <span class='ocr_line' id='line_1_78' title="bbox 2092 3695 3706 3767; baseline 0.002 -17"><span class='ocrx_word' id='word_1_618' title='bbox 2092 3695 2343 3764; x_wconf 89' lang='lat' dir='ltr'><strong>audiant)</strong></span> <span class='ocrx_word' id='word_1_619' title='bbox 2399 3710 2571 3767; x_wconf 84' lang='lat' dir='ltr'><strong>usque</strong></span> <span class='ocrx_word' id='word_1_620' title='bbox 2634 3696 2694 3752; x_wconf 92' lang='lat' dir='ltr'><strong>in</strong></span> <span class='ocrx_word' id='word_1_621' title='bbox 2749 3695 3085 3752; x_wconf 89' lang='lat' dir='ltr'><strong>hodiernum</strong></span> <span class='ocrx_word' id='word_1_622' title='bbox 3146 3696 3311 3753; x_wconf 90' lang='lat' dir='ltr'><strong>diem.</strong></span> <span class='ocrx_word' id='word_1_623' title='bbox 3372 3716 3400 3751; x_wconf 65' lang='grc' dir='ltr'><strong>ν</strong></span> <span class='ocrx_word' id='word_1_624' title='bbox 3448 3697 3706 3754; x_wconf 90' lang='lat' dir='ltr'><strong>Producit</strong></span> 
     </span>
    </p>
   </div>
   <div class='ocr_carea' id='block_1_79' title="bbox 2091 3784 3706 3855">
    <p class='ocr_par' dir='ltr' id='par_1_79' title="bbox 2091 3784 3706 3855">
     <span class='ocr_line' id='line_1_79' title="bbox 2091 3784 3706 3855; baseline 0.002 -14"><span class='ocrx_word' id='word_1_625' title='bbox 2091 3784 2293 3841; x_wconf 88' lang='lat' dir='ltr'><strong>Isaiam</strong></span> <span class='ocrx_word' id='word_1_626' title='bbox 2318 3792 2519 3842; x_wconf 90' lang='lat' dir='ltr'><strong>testem</strong></span> <span class='ocrx_word' id='word_1_627' title='bbox 2547 3784 2938 3842; x_wconf 88' lang='lat' dir='ltr'><strong>obstinationis</strong></span> <span class='ocrx_word' id='word_1_628' title='bbox 2965 3801 3031 3843; x_wconf 90' lang='lat' dir='ltr'><strong>ac</strong></span> <span class='ocrx_word' id='word_1_629' title='bbox 3052 3786 3337 3855; x_wconf 62' lang='lat' dir='ltr'><strong>caacitatis,</strong></span> <span class='ocrx_word' id='word_1_630' title='bbox 3358 3801 3430 3843; x_wconf 87' lang='lat' dir='ltr'><strong>ne</strong></span> <span class='ocrx_word' id='word_1_631' title='bbox 3455 3786 3706 3844; x_wconf 86' lang='lat' dir='ltr'><strong>videatur</strong></span> 
     </span>
    </p>
   </div>
   <div class='ocr_carea' id='block_1_80' title="bbox 2091 3874 3697 3948">
    <p class='ocr_par' dir='ltr' id='par_1_80' title="bbox 2091 3874 3697 3948">
     <span class='ocr_line' id='line_1_80' title="bbox 2091 3874 3697 3948; baseline 0.001 -17"><span class='ocrx_word' id='word_1_632' title='bbox 2091 3875 2311 3948; x_wconf 88' lang='lat' dir='ltr'><strong>propria</strong></span> <span class='ocrx_word' id='word_1_633' title='bbox 2339 3885 2398 3933; x_wconf 89' lang='lat' dir='ltr'><strong>et</strong></span> <span class='ocrx_word' id='word_1_634' title='bbox 2425 3891 2525 3932; x_wconf 89' lang='lat' dir='ltr'><strong>sua</strong></span> <span class='ocrx_word' id='word_1_635' title='bbox 2566 3875 2772 3933; x_wconf 89' lang='lat' dir='ltr'><strong>dicere.</strong></span> <span class='ocrx_word' id='word_1_636' title='bbox 2806 3878 2981 3932; x_wconf 88' lang='lat' dir='ltr'><strong>Porro</strong></span> <span class='ocrx_word' id='word_1_637' title='bbox 3010 3874 3145 3932; x_wconf 90' lang='lat' dir='ltr'><strong>illud</strong></span> <span class='ocrx_word' id='word_1_638' title='bbox 3179 3899 3203 3924; x_wconf 75' lang='grc' dir='ltr'><strong>α</strong></span> <span class='ocrx_word' id='word_1_639' title='bbox 3238 3875 3406 3931; x_wconf 89' lang='lat' dir='ltr'><strong>Dedit</strong></span> <span class='ocrx_word' id='word_1_640' title='bbox 3449 3878 3623 3944; x_wconf 86' lang='lat' dir='ltr'><strong>Deus,</strong></span> <span class='ocrx_word' id='word_1_641' title='bbox 3670 3899 3697 3925; x_wconf 76' lang='grc' dir='ltr'><strong>ιι</strong></span> 
     </span>
    </p>
   </div>
   <div class='ocr_carea' id='block_1_81' title="bbox 2088 3964 3699 4039">
    <p class='ocr_par' dir='ltr' id='par_1_81' title="bbox 2088 3964 3699 4039">
     <span class='ocr_line' id='line_1_81' title="bbox 2088 3964 3699 4039; baseline 0 -17"><span class='ocrx_word' id='word_1_642' title='bbox 2088 3964 2232 4022; x_wconf 80' lang='lat' dir='ltr'><strong>dixit</strong></span> <span class='ocrx_word' id='word_1_643' title='bbox 2278 3982 2398 4038; x_wconf 90' lang='lat' dir='ltr'><strong>pro,</strong></span> <span class='ocrx_word' id='word_1_644' title='bbox 2444 3966 2694 4039; x_wconf 80' lang='lat' dir='ltr'><strong>Reliquit</strong></span> <span class='ocrx_word' id='word_1_645' title='bbox 2721 3982 2815 4023; x_wconf 90' lang='lat' dir='ltr'><strong>eos</strong></span> <span class='ocrx_word' id='word_1_646' title='bbox 2844 3966 3044 4023; x_wconf 89' lang='lat' dir='ltr'><strong>habere</strong></span> <span class='ocrx_word' id='word_1_647' title='bbox 3072 3990 3096 4016; x_wconf 77' lang='grc' dir='ltr'><strong>α</strong></span> <span class='ocrx_word' id='word_1_648' title='bbox 3131 3966 3385 4038; x_wconf 87' lang='lat' dir='ltr'><strong>spiritum</strong></span> <span class='ocrx_word' id='word_1_649' title='bbox 3415 3980 3699 4039; x_wconf 90' lang='lat' dir='ltr'><strong>compun-</strong></span> 
     </span>
    </p>
   </div>
   <div class='ocr_carea' id='block_1_82' title="bbox 2086 4056 3696 4128">
    <p class='ocr_par' dir='ltr' id='par_1_82' title="bbox 2086 4056 3696 4128">
     <span class='ocr_line' id='line_1_82' title="bbox 2086 4056 3696 4128; baseline 0.001 -17"><span class='ocrx_word' id='word_1_650' title='bbox 2086 4056 2307 4125; x_wconf 88' lang='lat' dir='ltr'><strong>ctionis,</strong></span> <span class='ocrx_word' id='word_1_651' title='bbox 2343 4078 2369 4104; x_wconf 71' lang='grc' dir='ltr'><strong>ι</strong></span> <span class='ocrx_word' id='word_1_652' title='bbox 2404 4056 2696 4123; x_wconf 87' lang='lat' dir='ltr'><strong>concessit,</strong></span> <span class='ocrx_word' id='word_1_653' title='bbox 2735 4056 3005 4128; x_wconf 89' lang='lat' dir='ltr'><strong>permisit.</strong></span> <span class='ocrx_word' id='word_1_654' title='bbox 3057 4056 3565 4128; x_wconf 89' lang='lat' dir='ltr'><strong>Compunctionem</strong></span> <span class='ocrx_word' id='word_1_655' title='bbox 3592 4070 3696 4112; x_wconf 91' lang='lat' dir='ltr'><strong>au-</strong></span> 
     </span>
    </p>
   </div>
   <div class='ocr_carea' id='block_1_83' title="bbox 2085 4146 3699 4218">
    <p class='ocr_par' dir='ltr' id='par_1_83' title="bbox 2085 4146 3699 4218">
     <span class='ocr_line' id='line_1_83' title="bbox 2085 4146 3699 4218; baseline -0.001 -15"><span class='ocrx_word' id='word_1_656' title='bbox 2085 4154 2199 4203; x_wconf 91' lang='lat' dir='ltr'><strong>tem</strong></span> <span class='ocrx_word' id='word_1_657' title='bbox 2236 4146 2393 4217; x_wconf 85' lang='lat' dir='ltr'><strong>dicit,</strong></span> <span class='ocrx_word' id='word_1_658' title='bbox 2440 4146 2697 4202; x_wconf 87' lang='lat' dir='ltr'><strong>stabilem</strong></span> <span class='ocrx_word' id='word_1_659' title='bbox 2728 4154 2897 4218; x_wconf 90' lang='lat' dir='ltr'><strong>atque</strong></span> <span class='ocrx_word' id='word_1_660' title='bbox 2940 4146 3450 4218; x_wconf 87' lang='lat' dir='ltr'><strong>impermutabilem</strong></span> <span class='ocrx_word' id='word_1_661' title='bbox 3494 4146 3699 4203; x_wconf 75' lang='lat' dir='ltr'><strong>animm</strong></span> 
     </span>
    </p>
   </div>
   <div class='ocr_carea' id='block_1_84' title="bbox 2086 4234 3698 4309">
    <p class='ocr_par' dir='ltr' id='par_1_84' title="bbox 2086 4234 3698 4309">
     <span class='ocr_line' id='line_1_84' title="bbox 2086 4234 3698 4309; baseline -0.001 -18"><span class='ocrx_word' id='word_1_662' title='bbox 2086 4234 2341 4292; x_wconf 87' lang='lat' dir='ltr'><strong>habitum</strong></span> <span class='ocrx_word' id='word_1_663' title='bbox 2391 4252 2522 4309; x_wconf 88' lang='lat' dir='ltr'><strong>erga</strong></span> <span class='ocrx_word' id='word_1_664' title='bbox 2569 4235 2799 4293; x_wconf 89' lang='lat' dir='ltr'><strong>malum.</strong></span> <span class='ocrx_word' id='word_1_665' title='bbox 2856 4236 3172 4308; x_wconf 89' lang='lat' dir='ltr'><strong>Compungi</strong></span> <span class='ocrx_word' id='word_1_666' title='bbox 3235 4237 3381 4293; x_wconf 90' lang='lat' dir='ltr'><strong>enim</strong></span> <span class='ocrx_word' id='word_1_667' title='bbox 3429 4243 3512 4292; x_wconf 88' lang='lat' dir='ltr'><strong>est</strong></span> <span class='ocrx_word' id='word_1_668' title='bbox 3548 4234 3698 4308; x_wconf 81' lang='lat' dir='ltr'><strong>inﬁgi</strong></span> 
     </span>
    </p>
   </div>
   <div class='ocr_carea' id='block_1_85' title="bbox 378 4318 1991 4399">
    <p class='ocr_par' dir='ltr' id='par_1_85' title="bbox 378 4318 1969 4399">
     <span class='ocr_line' id='line_1_85' title="bbox 378 4318 1969 4399; baseline 0.001 -20"><span class='ocrx_word' id='word_1_669' title='bbox 378 4318 549 4379; x_wconf 84' lang='grc' dir='ltr'>τοίνυν</span> <span class='ocrx_word' id='word_1_670' title='bbox 598 4320 810 4378; x_wconf 77' lang='grc' dir='ltr'>ἀνίατον</span> <span class='ocrx_word' id='word_1_671' title='bbox 857 4324 952 4391; x_wconf 82' lang='grc' dir='ltr'><strong>τῆς</strong></span> <span class='ocrx_word' id='word_1_672' title='bbox 982 4319 1200 4399; x_wconf 84' lang='grc' dir='ltr'>γνώμης</span> <span class='ocrx_word' id='word_1_673' title='bbox 1247 4321 1421 4381; x_wconf 78' lang='grc' dir='ltr'>αὐτῶν</span> <span class='ocrx_word' id='word_1_674' title='bbox 1468 4321 1561 4380; x_wconf 79' lang='grc' dir='ltr'>καὶ</span> <span class='ocrx_word' id='word_1_675' title='bbox 1611 4319 1969 4399; x_wconf 78' lang='grc' dir='ltr'>ἀμετάθετον,</span> 
     </span>
    </p>
   </div>
   <div class='ocr_carea' id='block_1_86' title="bbox 2098 4318 3698 4399">
    <p class='ocr_par' dir='ltr' id='par_1_86' title="bbox 2098 4324 3698 4399">
     <span class='ocr_line' id='line_1_86' title="bbox 2098 4324 3698 4399; baseline -0.001 -17"><span class='ocrx_word' id='word_1_676' title='bbox 2098 4342 2215 4382; x_wconf 65' lang='lat' dir='ltr'><strong>sane</strong></span> <span class='ocrx_word' id='word_1_677' title='bbox 2242 4334 2299 4383; x_wconf 89' lang='lat' dir='ltr'><strong>et</strong></span> <span class='ocrx_word' id='word_1_678' title='bbox 2332 4325 2496 4382; x_wconf 90' lang='lat' dir='ltr'><strong>veluti</strong></span> <span class='ocrx_word' id='word_1_679' title='bbox 2520 4326 2674 4383; x_wconf 86' lang='lat' dir='ltr'><strong>clavo</strong></span> <span class='ocrx_word' id='word_1_680' title='bbox 2702 4326 2946 4399; x_wconf 88' lang='lat' dir='ltr'><strong>impacto</strong></span> <span class='ocrx_word' id='word_1_681' title='bbox 2976 4324 3146 4398; x_wconf 80' lang='lat' dir='ltr'><strong>afﬁgi.</strong></span> <span class='ocrx_word' id='word_1_682' title='bbox 3177 4325 3553 4383; x_wconf 87' lang='lat' dir='ltr'><strong>Incurabilem</strong></span> <span class='ocrx_word' id='word_1_683' title='bbox 3592 4325 3698 4381; x_wconf 91' lang='lat' dir='ltr'><strong>ita-</strong></span> 
     </span>
    </p>
   </div>
   <div class='ocr_carea' id='block_1_87' title="bbox 381 4406 1991 4491">
    <p class='ocr_par' dir='ltr' id='par_1_87' title="bbox 381 4406 1973 4491">
     <span class='ocr_line' id='line_1_87' title="bbox 381 4406 1973 4491; baseline 0.004 -26"><span class='ocrx_word' id='word_1_684' title='bbox 381 4407 659 4478; x_wconf 82' lang='grc' dir='ltr'>κατάνυξιν</span> <span class='ocrx_word' id='word_1_685' title='bbox 709 4407 1009 4485; x_wconf 83' lang='grc' dir='ltr'>ὠνόμασεν.</span> <span class='ocrx_word' id='word_1_686' title='bbox 1042 4406 1385 4491; x_wconf 65' lang='grc' dir='ltr'>Ὀφθαλμοὺς</span> <span class='ocrx_word' id='word_1_687' title='bbox 1423 4408 1528 4491; x_wconf 77' lang='grc' dir='ltr'><strong>γὰρ</strong></span> <span class='ocrx_word' id='word_1_688' title='bbox 1557 4409 1797 4491; x_wconf 76' lang='grc' dir='ltr'>ἔχοντες,</span> <span class='ocrx_word' id='word_1_689' title='bbox 1836 4408 1973 4471; x_wconf 80' lang='grc' dir='ltr'>ὥστε</span> 
     </span>
    </p>
   </div>
   <div class='ocr_carea' id='block_1_88' title="bbox 2098 4406 3699 4491">
    <p class='ocr_par' dir='ltr' id='par_1_88' title="bbox 2098 4415 3699 4488">
     <span class='ocr_line' id='line_1_88' title="bbox 2098 4415 3699 4488; baseline 0 -17"><span class='ocrx_word' id='word_1_690' title='bbox 2098 4431 2193 4488; x_wconf 68' lang='lat' dir='ltr'><strong>que</strong></span> <span class='ocrx_word' id='word_1_691' title='bbox 2214 4423 2271 4471; x_wconf 92' lang='lat' dir='ltr'><strong>et</strong></span> <span class='ocrx_word' id='word_1_692' title='bbox 2309 4415 2716 4473; x_wconf 89' lang='lat' dir='ltr'><strong>immutabilem</strong></span> <span class='ocrx_word' id='word_1_693' title='bbox 2761 4416 2985 4472; x_wconf 91' lang='lat' dir='ltr'><strong>illorum</strong></span> <span class='ocrx_word' id='word_1_694' title='bbox 3031 4416 3391 4483; x_wconf 87' lang='lat' dir='ltr'><strong>sententiam,</strong></span> <span class='ocrx_word' id='word_1_695' title='bbox 3425 4430 3699 4487; x_wconf 91' lang='lat' dir='ltr'><strong>compun-</strong></span> 
     </span>
    </p>
   </div>
   <div class='ocr_carea' id='block_1_89' title="bbox 384 4484 1991 4578">
    <p class='ocr_par' dir='ltr' id='par_1_89' title="bbox 384 4484 1974 4576">
     <span class='ocr_line' id='line_1_89' title="bbox 384 4484 1974 4576; baseline 0.001 -19"><span class='ocrx_word' id='word_1_696' title='bbox 384 4498 594 4575; x_wconf 71' lang='grc' dir='ltr'>βλέπειν</span> <span class='ocrx_word' id='word_1_697' title='bbox 622 4498 693 4558; x_wconf 77' lang='grc' dir='ltr'><strong>τὰ</strong></span> <span class='ocrx_word' id='word_1_698' title='bbox 720 4484 1002 4576; x_wconf 81' lang='grc' dir='ltr'>θαύματα,</span> <span class='ocrx_word' id='word_1_699' title='bbox 1031 4484 1269 4560; x_wconf 30' lang='grc' dir='ltr'>καὶ-ὦτα</span> <span class='ocrx_word' id='word_1_700' title='bbox 1286 4546 1302 4573; x_wconf 92' lang='grc'><strong>,</strong></span> <span class='ocrx_word' id='word_1_701' title='bbox 1337 4484 1547 4560; x_wconf 67' lang='grc' dir='ltr'>ἀκοῦειν</span> <span class='ocrx_word' id='word_1_702' title='bbox 1586 4484 1691 4572; x_wconf 58' lang='grc' dir='ltr'><strong>τῆς</strong></span> <span class='ocrx_word' id='word_1_703' title='bbox 1721 4484 1974 4560; x_wconf 80' lang='grc' dir='ltr'>διδασκαο</span> 
     </span>
    </p>
   </div>
   <div class='ocr_carea' id='block_1_90' title="bbox 2098 4484 3693 4578">
    <p class='ocr_par' dir='ltr' id='par_1_90' title="bbox 2098 4484 3693 4578">
     <span class='ocr_line' id='line_1_90' title="bbox 2098 4484 3693 4578; baseline -0.001 -18"><span class='ocrx_word' id='word_1_704' title='bbox 2098 4484 2328 4562; x_wconf 55' lang='lat' dir='ltr'><strong>itionem</strong></span> <span class='ocrx_word' id='word_1_705' title='bbox 2375 4505 2682 4578; x_wconf 88' lang='lat' dir='ltr'><strong>appellavit.</strong></span> <span class='ocrx_word' id='word_1_706' title='bbox 2754 4507 2897 4562; x_wconf 90' lang='lat' dir='ltr'><strong>Cum</strong></span> <span class='ocrx_word' id='word_1_707' title='bbox 2944 4506 3097 4561; x_wconf 89' lang='lat' dir='ltr'><strong>enim</strong></span> <span class='ocrx_word' id='word_1_708' title='bbox 3168 4506 3359 4561; x_wconf 90' lang='lat' dir='ltr'><strong>oculos</strong></span> <span class='ocrx_word' id='word_1_709' title='bbox 3405 4484 3693 4573; x_wconf 76' lang='lat' dir='ltr'><strong>haberent,</strong></span> 
     </span>
    </p>
   </div>
   <div class='ocr_carea' id='block_1_91' title="bbox 378 4586 1970 4671">
    <p class='ocr_par' dir='ltr' id='par_1_91' title="bbox 378 4586 1970 4671">
     <span class='ocr_line' id='line_1_91' title="bbox 378 4586 1970 4671; baseline 0.004 -27"><span class='ocrx_word' id='word_1_710' title='bbox 378 4586 497 4655; x_wconf 86' lang='grc' dir='ltr'>λίας</span> <span class='ocrx_word' id='word_1_711' title='bbox 536 4594 627 4648; x_wconf 87' lang='grc' dir='ltr'><strong>τοῦ</strong></span> <span class='ocrx_word' id='word_1_712' title='bbox 681 4589 907 4671; x_wconf 81' lang='grc' dir='ltr'>Κυρίου,</span> <span class='ocrx_word' id='word_1_713' title='bbox 934 4589 1110 4648; x_wconf 74' lang='grc' dir='ltr'>οὐδενὶ</span> <span class='ocrx_word' id='word_1_714' title='bbox 1156 4586 1356 4649; x_wconf 69' lang='grc' dir='ltr'>τούτων</span> <span class='ocrx_word' id='word_1_715' title='bbox 1387 4592 1459 4658; x_wconf 79' lang='grc' dir='ltr'>εἷς</span> <span class='ocrx_word' id='word_1_716' title='bbox 1491 4589 1608 4648; x_wconf 84' lang='grc' dir='ltr'>δέον</span> <span class='ocrx_word' id='word_1_717' title='bbox 1649 4588 1970 4670; x_wconf 85' lang='grc' dir='ltr'>ἐχρήσαντο.</span> 
     </span>
    </p>
   </div>
   <div class='ocr_carea' id='block_1_92' title="bbox 383 4677 1975 4760">
    <p class='ocr_par' dir='ltr' id='par_1_92' title="bbox 383 4677 1975 4760">
     <span class='ocr_line' id='line_1_92' title="bbox 383 4677 1975 4760; baseline 0.001 -23"><span class='ocrx_word' id='word_1_718' title='bbox 383 4677 491 4737; x_wconf 81' lang='grc' dir='ltr'><strong>Καὶ</strong></span> <span class='ocrx_word' id='word_1_719' title='bbox 519 4682 579 4738; x_wconf 83' lang='grc' dir='ltr'>οὖ</span> <span class='ocrx_word' id='word_1_720' title='bbox 608 4678 767 4758; x_wconf 84' lang='grc' dir='ltr'>μόνον</span> <span class='ocrx_word' id='word_1_721' title='bbox 816 4677 905 4738; x_wconf 79' lang='grc' dir='ltr'>ἐπὶ</span> <span class='ocrx_word' id='word_1_722' title='bbox 934 4678 1196 4760; x_wconf 86' lang='grc' dir='ltr'>Χριστοῦ,</span> <span class='ocrx_word' id='word_1_723' title='bbox 1254 4680 1392 4740; x_wconf 76' lang='grc' dir='ltr'>ἀλλὰ</span> <span class='ocrx_word' id='word_1_724' title='bbox 1443 4678 1536 4739; x_wconf 75' lang='grc' dir='ltr'>καὶ</span> <span class='ocrx_word' id='word_1_725' title='bbox 1569 4678 1656 4738; x_wconf 75' lang='grc' dir='ltr'>ἐπὶ</span> <span class='ocrx_word' id='word_1_726' title='bbox 1697 4683 1803 4738; x_wconf 79' lang='grc' dir='ltr'><strong>τῶν</strong></span> <span class='ocrx_word' id='word_1_727' title='bbox 1834 4682 1975 4740; x_wconf 70' lang='lat' dir='ltr'><strong>cirro-</strong></span> 
     </span>
    </p>
   </div>
   <div class='ocr_carea' id='block_1_93' title="bbox 376 4766 1872 4852">
    <p class='ocr_par' dir='ltr' id='par_1_93' title="bbox 376 4766 1872 4852">
     <span class='ocr_line' id='line_1_93' title="bbox 376 4766 1872 4852; baseline 0.003 -25"><span class='ocrx_word' id='word_1_728' title='bbox 376 4766 599 4827; x_wconf 77' lang='grc' dir='ltr'>στόλων.</span> <span class='ocrx_word' id='word_1_729' title='bbox 636 4792 668 4826; x_wconf 82' lang='grc' dir='ltr'><strong>ε</strong></span> <span class='ocrx_word' id='word_1_730' title='bbox 696 4768 845 4837; x_wconf 85' lang='grc' dir='ltr'><strong>Ἕως</strong></span> <span class='ocrx_word' id='word_1_731' title='bbox 872 4768 977 4851; x_wconf 80' lang='grc' dir='ltr'><strong>γὰρ</strong></span> <span class='ocrx_word' id='word_1_732' title='bbox 1000 4770 1356 4851; x_wconf 34' lang='grc' dir='ltr'>τῆςησήμερον</span> <span class='ocrx_word' id='word_1_733' title='bbox 1388 4769 1622 4851; x_wconf 79' lang='grc' dir='ltr'>ἡμέρας,</span> <span class='ocrx_word' id='word_1_734' title='bbox 1654 4790 1685 4828; x_wconf 78' lang='lat' dir='ltr'><strong>n</strong></span> <span class='ocrx_word' id='word_1_735' title='bbox 1718 4767 1872 4852; x_wconf 78' lang='grc' dir='ltr'>φησί.</span> 
     </span>
    </p>
   </div>
   <div class='ocr_carea' id='block_1_94' title="bbox 460 5032 1970 5117">
    <p class='ocr_par' dir='ltr' id='par_1_94' title="bbox 460 5032 1970 5117">
     <span class='ocr_line' id='line_1_94' title="bbox 460 5032 1970 5117; baseline -0.002 -20"><span class='ocrx_word' id='word_1_736' title='bbox 460 5062 486 5089; x_wconf 75' lang='grc' dir='ltr'>ι</span> <span class='ocrx_word' id='word_1_737' title='bbox 537 5034 649 5097; x_wconf 76' lang='grc' dir='ltr'><strong>Καὶ</strong></span> <span class='ocrx_word' id='word_1_738' title='bbox 681 5032 853 5098; x_wconf 71' lang='grc' dir='ltr'>Δαυῒδ</span> <span class='ocrx_word' id='word_1_739' title='bbox 894 5035 1037 5116; x_wconf 74' lang='grc' dir='ltr'>λέγει</span> <span class='ocrx_word' id='word_1_740' title='bbox 1069 5060 1084 5074; x_wconf 89' lang='grc'><strong>·</strong></span> <span class='ocrx_word' id='word_1_741' title='bbox 1135 5034 1422 5111; x_wconf 83' lang='grc' dir='ltr'>Γενηθήτω</span> <span class='ocrx_word' id='word_1_742' title='bbox 1459 5040 1496 5110; x_wconf 82' lang='grc' dir='ltr'>ἡ</span> <span class='ocrx_word' id='word_1_743' title='bbox 1528 5034 1764 5117; x_wconf 78' lang='grc' dir='ltr'>τράπεζα</span> <span class='ocrx_word' id='word_1_744' title='bbox 1796 5036 1970 5095; x_wconf 78' lang='grc' dir='ltr'>αὐτῶν</span> 
     </span>
    </p>
   </div>
   <div class='ocr_carea' id='block_1_95' title="bbox 371 5124 1971 5207">
    <p class='ocr_par' dir='ltr' id='par_1_95' title="bbox 371 5124 1971 5207">
     <span class='ocr_line' id='line_1_95' title="bbox 371 5124 1971 5207; baseline 0 -24"><span class='ocrx_word' id='word_1_745' title='bbox 371 5128 447 5193; x_wconf 78' lang='grc' dir='ltr'><strong>εἰς</strong></span> <span class='ocrx_word' id='word_1_746' title='bbox 484 5125 689 5206; x_wconf 88' lang='grc' dir='ltr'>παγίδα</span> <span class='ocrx_word' id='word_1_747' title='bbox 712 5172 730 5203; x_wconf 88' lang='grc'><strong>,</strong></span> <span class='ocrx_word' id='word_1_748' title='bbox 773 5125 864 5185; x_wconf 80' lang='grc' dir='ltr'>καὶ</span> <span class='ocrx_word' id='word_1_749' title='bbox 912 5127 984 5195; x_wconf 77' lang='grc' dir='ltr'><strong>εἰς</strong></span> <span class='ocrx_word' id='word_1_750' title='bbox 1016 5125 1221 5207; x_wconf 62' lang='grc' dir='ltr'>θήραν,</span> <span class='ocrx_word' id='word_1_751' title='bbox 1263 5127 1355 5186; x_wconf 79' lang='grc' dir='ltr'><strong>καὶ</strong></span> <span class='ocrx_word' id='word_1_752' title='bbox 1395 5129 1470 5193; x_wconf 78' lang='grc' dir='ltr'>εἷς</span> <span class='ocrx_word' id='word_1_753' title='bbox 1508 5124 1837 5203; x_wconf 79' lang='grc' dir='ltr'>σκάνδαλον,</span> <span class='ocrx_word' id='word_1_754' title='bbox 1878 5124 1971 5185; x_wconf 72' lang='grc' dir='ltr'>καὶ</span> 
     </span>
    </p>
   </div>
   <div class='ocr_carea' id='block_1_96' title="bbox 368 5214 1971 5296">
    <p class='ocr_par' dir='ltr' id='par_1_96' title="bbox 368 5214 1971 5296">
     <span class='ocr_line' id='line_1_96' title="bbox 368 5214 1971 5296; baseline 0.001 -23"><span class='ocrx_word' id='word_1_755' title='bbox 368 5217 442 5283; x_wconf 75' lang='grc' dir='ltr'>εἷς</span> <span class='ocrx_word' id='word_1_756' title='bbox 491 5215 844 5292; x_wconf 72' lang='grc' dir='ltr'>ἀνταπόδομα</span> <span class='ocrx_word' id='word_1_757' title='bbox 895 5216 1094 5285; x_wconf 79' lang='grc' dir='ltr'>αὐτοῖς.</span> <span class='ocrx_word' id='word_1_758' title='bbox 1144 5216 1592 5289; x_wconf 84' lang='grc' dir='ltr'>Σκοτισθήτωσαν</span> <span class='ocrx_word' id='word_1_759' title='bbox 1624 5216 1671 5276; x_wconf 78' lang='grc' dir='ltr'>οἵ</span> <span class='ocrx_word' id='word_1_760' title='bbox 1704 5214 1971 5296; x_wconf 80' lang='grc' dir='ltr'>ὀφθαλμοὶ</span> 
     </span>
    </p>
   </div>
   <div class='ocr_carea' id='block_1_97' title="bbox 370 5305 1973 5387">
    <p class='ocr_par' dir='ltr' id='par_1_97' title="bbox 370 5305 1973 5387">
     <span class='ocr_line' id='line_1_97' title="bbox 370 5305 1973 5387; baseline 0.001 -26"><span class='ocrx_word' id='word_1_761' title='bbox 370 5306 545 5365; x_wconf 78' lang='grc' dir='ltr'>αὐτῶν</span> <span class='ocrx_word' id='word_1_762' title='bbox 592 5310 686 5365; x_wconf 88' lang='grc' dir='ltr'><strong>τοῦ</strong></span> <span class='ocrx_word' id='word_1_763' title='bbox 730 5305 805 5382; x_wconf 71' lang='grc' dir='ltr'><strong>μὴ</strong></span> <span class='ocrx_word' id='word_1_764' title='bbox 853 5306 1065 5387; x_wconf 77' lang='grc' dir='ltr'>βλέπειν</span> <span class='ocrx_word' id='word_1_765' title='bbox 1085 5350 1103 5383; x_wconf 87' lang='grc'><strong>,</strong></span> <span class='ocrx_word' id='word_1_766' title='bbox 1154 5306 1247 5366; x_wconf 57' lang='grc' dir='ltr'><strong>καὶ⁸</strong></span> <span class='ocrx_word' id='word_1_767' title='bbox 1291 5305 1383 5365; x_wconf 86' lang='grc' dir='ltr'><strong>τὸν</strong></span> <span class='ocrx_word' id='word_1_768' title='bbox 1430 5308 1593 5365; x_wconf 77' lang='grc' dir='ltr'>νῶτον</span> <span class='ocrx_word' id='word_1_769' title='bbox 1642 5305 1817 5365; x_wconf 75' lang='grc' dir='ltr'>αὐτῶν</span> <span class='ocrx_word' id='word_1_770' title='bbox 1850 5306 1973 5365; x_wconf 89' lang='grc' dir='ltr'>δια-</span> 
     </span>
    </p>
   </div>
   <div class='ocr_carea' id='block_1_98' title="bbox 370 5394 1969 5478">
    <p class='ocr_par' dir='ltr' id='par_1_98' title="bbox 370 5394 1969 5478">
     <span class='ocr_line' id='line_1_98' title="bbox 370 5394 1969 5478; baseline 0 -25"><span class='ocrx_word' id='word_1_771' title='bbox 370 5395 565 5464; x_wconf 86' lang='grc' dir='ltr'>παντὸς</span> <span class='ocrx_word' id='word_1_772' title='bbox 594 5394 914 5478; x_wconf 79' lang='grc' dir='ltr'>σύγκαμψον</span> <span class='ocrx_word' id='word_1_773' title='bbox 947 5416 960 5431; x_wconf 93' lang='grc'><strong>·</strong></span> <span class='ocrx_word' id='word_1_774' title='bbox 990 5418 1022 5455; x_wconf 79' lang='lat' dir='ltr'><strong>n</strong></span> <span class='ocrx_word' id='word_1_775' title='bbox 1079 5395 1451 5476; x_wconf 79' lang='grc' dir='ltr'>Ἀμετοίθετοι,</span> <span class='ocrx_word' id='word_1_776' title='bbox 1482 5395 1642 5478; x_wconf 76' lang='grc' dir='ltr'>φησὶν</span> <span class='ocrx_word' id='word_1_777' title='bbox 1661 5442 1679 5472; x_wconf 86' lang='grc'><strong>,</strong></span> <span class='ocrx_word' id='word_1_778' title='bbox 1729 5395 1873 5462; x_wconf 84' lang='grc' dir='ltr'>ὄντες</span> <span class='ocrx_word' id='word_1_779' title='bbox 1916 5400 1969 5456; x_wconf 77' lang='grc' dir='ltr'><strong>ἐν</strong></span> 
     </span>
    </p>
   </div>
   <div class='ocr_carea' id='block_1_99' title="bbox 437 5533 1611 5611">
    <p class='ocr_par' dir='ltr' id='par_1_99' title="bbox 437 5533 1611 5611">
     <span class='ocr_line' id='line_1_99' title="bbox 437 5533 1611 5611; baseline -0.001 -15"><span class='ocrx_word' id='word_1_780' title='bbox 437 5545 465 5583; x_wconf 76' lang='grc' dir='ltr'>σ</span> <span class='ocrx_word' id='word_1_781' title='bbox 494 5540 603 5597; x_wconf 86' lang='lat' dir='ltr'><strong>Isa.</strong></span> <span class='ocrx_word' id='word_1_782' title='bbox 634 5553 822 5610; x_wconf 71' lang='grc' dir='ltr'>χιιι,</span> <span class='ocrx_word' id='word_1_783' title='bbox 860 5546 944 5597; x_wconf 88' lang='grc' dir='ltr'><strong>ιο.</strong></span> <span class='ocrx_word' id='word_1_784' title='bbox 1020 5533 1050 5573; x_wconf 80' lang='grc'><strong>¹³</strong></span> <span class='ocrx_word' id='word_1_785' title='bbox 1081 5539 1228 5598; x_wconf 89' lang='lat' dir='ltr'><strong>Psal.</strong></span> <span class='ocrx_word' id='word_1_786' title='bbox 1259 5554 1491 5611; x_wconf 72' lang='lat' dir='ltr'><strong>LXVIII,</strong></span> <span class='ocrx_word' id='word_1_787' title='bbox 1519 5544 1611 5595; x_wconf 76' lang='lat'><strong>22.</strong></span> 
     </span>
    </p>
   </div>
   <div class='ocr_carea' id='block_1_100' title="bbox 2084 4593 3697 4665">
    <p class='ocr_par' dir='ltr' id='par_1_100' title="bbox 2084 4593 3697 4665">
     <span class='ocr_line' id='line_1_100' title="bbox 2084 4593 3697 4665; baseline -0.002 -14"><span class='ocrx_word' id='word_1_788' title='bbox 2084 4604 2147 4651; x_wconf 91' lang='lat' dir='ltr'><strong>ut</strong></span> <span class='ocrx_word' id='word_1_789' title='bbox 2171 4595 2435 4652; x_wconf 91' lang='lat' dir='ltr'><strong>miracula</strong></span> <span class='ocrx_word' id='word_1_790' title='bbox 2462 4595 2744 4665; x_wconf 84' lang='lat' dir='ltr'><strong>viderent;</strong></span> <span class='ocrx_word' id='word_1_791' title='bbox 2791 4603 2849 4652; x_wconf 88' lang='lat' dir='ltr'><strong>et</strong></span> <span class='ocrx_word' id='word_1_792' title='bbox 2874 4610 3059 4662; x_wconf 87' lang='lat' dir='ltr'><strong>aures,</strong></span> <span class='ocrx_word' id='word_1_793' title='bbox 3102 4602 3165 4651; x_wconf 90' lang='lat' dir='ltr'><strong>ut</strong></span> <span class='ocrx_word' id='word_1_794' title='bbox 3200 4593 3455 4650; x_wconf 89' lang='lat' dir='ltr'><strong>audirent</strong></span> <span class='ocrx_word' id='word_1_795' title='bbox 3481 4593 3697 4661; x_wconf 88' lang='lat' dir='ltr'><strong>doctri-</strong></span> 
     </span>
    </p>
   </div>
   <div class='ocr_carea' id='block_1_101' title="bbox 2083 4682 3693 4757">
    <p class='ocr_par' dir='ltr' id='par_1_101' title="bbox 2083 4682 3693 4757">
     <span class='ocr_line' id='line_1_101' title="bbox 2083 4682 3693 4757; baseline -0.002 -16"><span class='ocrx_word' id='word_1_796' title='bbox 2083 4701 2216 4741; x_wconf 89' lang='lat' dir='ltr'><strong>nam</strong></span> <span class='ocrx_word' id='word_1_797' title='bbox 2242 4685 2495 4755; x_wconf 86' lang='lat' dir='ltr'><strong>Domini,</strong></span> <span class='ocrx_word' id='word_1_798' title='bbox 2520 4692 2715 4741; x_wconf 87' lang='lat' dir='ltr'><strong>neutro</strong></span> <span class='ocrx_word' id='word_1_799' title='bbox 2758 4684 2963 4741; x_wconf 88' lang='lat' dir='ltr'><strong>horum</strong></span> <span class='ocrx_word' id='word_1_800' title='bbox 2992 4685 3137 4741; x_wconf 90' lang='lat' dir='ltr'><strong>sicut</strong></span> <span class='ocrx_word' id='word_1_801' title='bbox 3160 4683 3404 4757; x_wconf 91' lang='lat' dir='ltr'><strong>oportuit</strong></span> <span class='ocrx_word' id='word_1_802' title='bbox 3427 4682 3512 4738; x_wconf 91' lang='lat' dir='ltr'><strong>usi</strong></span> <span class='ocrx_word' id='word_1_803' title='bbox 3540 4690 3693 4737; x_wconf 86' lang='lat' dir='ltr'><strong>sunt.</strong></span> 
     </span>
    </p>
   </div>
   <div class='ocr_carea' id='block_1_102' title="bbox 2088 4772 3699 4847">
    <p class='ocr_par' dir='ltr' id='par_1_102' title="bbox 2088 4772 3699 4847">
     <span class='ocr_line' id='line_1_102' title="bbox 2088 4772 3699 4847; baseline -0.002 -16"><span class='ocrx_word' id='word_1_804' title='bbox 2088 4778 2275 4847; x_wconf 90' lang='lat' dir='ltr'><strong>Neque</strong></span> <span class='ocrx_word' id='word_1_805' title='bbox 2306 4773 2361 4831; x_wconf 89' lang='lat' dir='ltr'><strong>id</strong></span> <span class='ocrx_word' id='word_1_806' title='bbox 2388 4775 2572 4831; x_wconf 90' lang='lat' dir='ltr'><strong>solum</strong></span> <span class='ocrx_word' id='word_1_807' title='bbox 2615 4774 2674 4831; x_wconf 92' lang='lat' dir='ltr'><strong>in</strong></span> <span class='ocrx_word' id='word_1_808' title='bbox 2719 4773 2963 4844; x_wconf 86' lang='lat' dir='ltr'><strong>Christo,</strong></span> <span class='ocrx_word' id='word_1_809' title='bbox 2992 4790 3182 4831; x_wconf 89' lang='lat' dir='ltr'><strong>verum</strong></span> <span class='ocrx_word' id='word_1_810' title='bbox 3231 4781 3286 4831; x_wconf 91' lang='lat' dir='ltr'><strong>et</strong></span> <span class='ocrx_word' id='word_1_811' title='bbox 3325 4774 3385 4829; x_wconf 89' lang='lat' dir='ltr'><strong>in</strong></span> <span class='ocrx_word' id='word_1_812' title='bbox 3433 4772 3699 4845; x_wconf 90' lang='lat' dir='ltr'><strong>apostolis</strong></span> 
     </span>
    </p>
   </div>
   <div class='ocr_carea' id='block_1_103' title="bbox 2087 4860 3692 4938">
    <p class='ocr_par' dir='ltr' id='par_1_103' title="bbox 2087 4860 3692 4938">
     <span class='ocr_line' id='line_1_103' title="bbox 2087 4860 3692 4938; baseline -0.001 -18"><span class='ocrx_word' id='word_1_813' title='bbox 2087 4864 2432 4921; x_wconf 89' lang='lat' dir='ltr'><strong>admiserunt</strong></span> <span class='ocrx_word' id='word_1_814' title='bbox 2463 4883 2478 4922; x_wconf 90' lang='lat'><strong>:</strong></span> <span class='ocrx_word' id='word_1_815' title='bbox 2512 4887 2538 4915; x_wconf 72' lang='grc' dir='ltr'><strong>ιι</strong></span> <span class='ocrx_word' id='word_1_816' title='bbox 2580 4867 2645 4922; x_wconf 93' lang='lat' dir='ltr'><strong>In</strong></span> <span class='ocrx_word' id='word_1_817' title='bbox 2680 4863 3009 4921; x_wconf 89' lang='lat' dir='ltr'><strong>hodiernum</strong></span> <span class='ocrx_word' id='word_1_818' title='bbox 3044 4864 3198 4921; x_wconf 89' lang='lat' dir='ltr'><strong>enim</strong></span> <span class='ocrx_word' id='word_1_819' title='bbox 3227 4878 3405 4938; x_wconf 91' lang='lat' dir='ltr'><strong>usque</strong></span> <span class='ocrx_word' id='word_1_820' title='bbox 3445 4860 3625 4932; x_wconf 90' lang='lat' dir='ltr'><strong>diem,</strong></span> <span class='ocrx_word' id='word_1_821' title='bbox 3666 4884 3692 4911; x_wconf 69' lang='grc' dir='ltr'><strong>ν</strong></span> 
     </span>
    </p>
   </div>
   <div class='ocr_carea' id='block_1_104' title="bbox 2085 4954 2277 5027">
    <p class='ocr_par' dir='ltr' id='par_1_104' title="bbox 2085 4954 2277 5027">
     <span class='ocr_line' id='line_1_104' title="bbox 2085 4954 2277 5027; baseline -0.026 -13"><span class='ocrx_word' id='word_1_822' title='bbox 2085 4954 2277 5027; x_wconf 89' lang='lat' dir='ltr'><strong>inquit.</strong></span> 
     </span>
    </p>
   </div>
   <div class='ocr_carea' id='block_1_105' title="bbox 2150 5039 3692 5113">
    <p class='ocr_par' dir='ltr' id='par_1_105' title="bbox 2150 5039 3692 5113">
     <span class='ocr_line' id='line_1_105' title="bbox 2150 5039 3692 5113; baseline -0.003 -11"><span class='ocrx_word' id='word_1_823' title='bbox 2150 5046 2333 5102; x_wconf 78' lang='lat' dir='ltr'><strong>VEBS.</strong></span> <span class='ocrx_word' id='word_1_824' title='bbox 2381 5048 2534 5113; x_wconf 82' lang='lat'><strong>9,10.</strong></span> <span class='ocrx_word' id='word_1_825' title='bbox 2564 5047 2687 5101; x_wconf 68' lang='lat' dir='ltr'><strong>«Et</strong></span> <span class='ocrx_word' id='word_1_826' title='bbox 2714 5043 2890 5102; x_wconf 88' lang='lat' dir='ltr'><strong>David</strong></span> <span class='ocrx_word' id='word_1_827' title='bbox 2938 5043 3081 5101; x_wconf 89' lang='lat' dir='ltr'><strong>dicit</strong></span> <span class='ocrx_word' id='word_1_828' title='bbox 3141 5057 3173 5099; x_wconf 90' lang='lat' dir='ltr'><strong>h</strong></span> <span class='ocrx_word' id='word_1_829' title='bbox 3232 5059 3248 5099; x_wconf 89' lang='lat'><strong>:</strong></span> <span class='ocrx_word' id='word_1_830' title='bbox 3327 5039 3446 5098; x_wconf 90' lang='lat' dir='ltr'><strong>Fiat</strong></span> <span class='ocrx_word' id='word_1_831' title='bbox 3501 5056 3692 5098; x_wconf 87' lang='lat' dir='ltr'><strong>mensa</strong></span> 
     </span>
    </p>
   </div>
   <div class='ocr_carea' id='block_1_106' title="bbox 2081 5129 3687 5207">
    <p class='ocr_par' dir='ltr' id='par_1_106' title="bbox 2081 5129 3687 5207">
     <span class='ocr_line' id='line_1_106' title="bbox 2081 5129 3687 5207; baseline -0.002 -15"><span class='ocrx_word' id='word_1_832' title='bbox 2081 5149 2275 5192; x_wconf 90' lang='lat' dir='ltr'><strong>eorum</strong></span> <span class='ocrx_word' id='word_1_833' title='bbox 2300 5134 2357 5190; x_wconf 93' lang='lat' dir='ltr'><strong>in</strong></span> <span class='ocrx_word' id='word_1_834' title='bbox 2385 5134 2640 5207; x_wconf 90' lang='lat' dir='ltr'><strong>laqueum</strong></span> <span class='ocrx_word' id='word_1_835' title='bbox 2674 5141 2731 5191; x_wconf 90' lang='lat' dir='ltr'><strong>et</strong></span> <span class='ocrx_word' id='word_1_836' title='bbox 2751 5134 2807 5190; x_wconf 90' lang='lat' dir='ltr'><strong>in</strong></span> <span class='ocrx_word' id='word_1_837' title='bbox 2835 5133 3151 5206; x_wconf 88' lang='lat' dir='ltr'><strong>captionem</strong></span> <span class='ocrx_word' id='word_1_838' title='bbox 3180 5140 3234 5188; x_wconf 89' lang='lat' dir='ltr'><strong>et</strong></span> <span class='ocrx_word' id='word_1_839' title='bbox 3265 5131 3324 5187; x_wconf 91' lang='lat' dir='ltr'><strong>in</strong></span> <span class='ocrx_word' id='word_1_840' title='bbox 3361 5129 3687 5188; x_wconf 87' lang='lat' dir='ltr'><strong>scandalum</strong></span> 
     </span>
    </p>
   </div>
   <div class='ocr_carea' id='block_1_107' title="bbox 2081 5221 3684 5297">
    <p class='ocr_par' dir='ltr' id='par_1_107' title="bbox 2081 5221 3684 5297">
     <span class='ocr_line' id='line_1_107' title="bbox 2081 5221 3684 5297; baseline -0.003 -16"><span class='ocrx_word' id='word_1_841' title='bbox 2081 5232 2136 5281; x_wconf 90' lang='lat' dir='ltr'><strong>et</strong></span> <span class='ocrx_word' id='word_1_842' title='bbox 2158 5225 2588 5282; x_wconf 88' lang='lat' dir='ltr'><strong>retributionem</strong></span> <span class='ocrx_word' id='word_1_843' title='bbox 2613 5224 2764 5297; x_wconf 90' lang='lat' dir='ltr'><strong>ipsis.</strong></span> <span class='ocrx_word' id='word_1_844' title='bbox 2794 5224 3174 5282; x_wconf 91' lang='lat' dir='ltr'><strong>Obscurentur</strong></span> <span class='ocrx_word' id='word_1_845' title='bbox 3203 5221 3347 5278; x_wconf 90' lang='lat' dir='ltr'><strong>oculi</strong></span> <span class='ocrx_word' id='word_1_846' title='bbox 3387 5235 3585 5277; x_wconf 90' lang='lat' dir='ltr'><strong>eorum</strong></span> <span class='ocrx_word' id='word_1_847' title='bbox 3616 5235 3684 5276; x_wconf 91' lang='lat' dir='ltr'><strong>ne</strong></span> 
     </span>
    </p>
   </div>
   <div class='ocr_carea' id='block_1_108' title="bbox 2079 5311 3687 5384">
    <p class='ocr_par' dir='ltr' id='par_1_108' title="bbox 2079 5311 3687 5384">
     <span class='ocr_line' id='line_1_108' title="bbox 2079 5311 3687 5384; baseline -0.001 -15"><span class='ocrx_word' id='word_1_848' title='bbox 2079 5313 2321 5384; x_wconf 87' lang='lat' dir='ltr'><strong>videant,</strong></span> <span class='ocrx_word' id='word_1_849' title='bbox 2354 5322 2411 5370; x_wconf 88' lang='lat' dir='ltr'><strong>et</strong></span> <span class='ocrx_word' id='word_1_850' title='bbox 2435 5314 2667 5371; x_wconf 89' lang='lat' dir='ltr'><strong>dorsum</strong></span> <span class='ocrx_word' id='word_1_851' title='bbox 2698 5314 2920 5371; x_wconf 89' lang='lat' dir='ltr'><strong>illorum</strong></span> <span class='ocrx_word' id='word_1_852' title='bbox 2953 5327 3174 5384; x_wconf 88' lang='lat' dir='ltr'><strong>semper</strong></span> <span class='ocrx_word' id='word_1_853' title='bbox 3202 5311 3447 5368; x_wconf 90' lang='lat' dir='ltr'><strong>incurva.</strong></span> <span class='ocrx_word' id='word_1_854' title='bbox 3485 5332 3512 5358; x_wconf 77' lang='grc' dir='ltr'>ιο</span> <span class='ocrx_word' id='word_1_855' title='bbox 3544 5311 3687 5367; x_wconf 90' lang='lat' dir='ltr'><strong>Cum</strong></span> 
     </span>
    </p>
   </div>
   <div class='ocr_carea' id='block_1_109' title="bbox 2076 5401 3687 5479">
    <p class='ocr_par' dir='ltr' id='par_1_109' title="bbox 2076 5401 3687 5479">
     <span class='ocr_line' id='line_1_109' title="bbox 2076 5401 3687 5479; baseline -0.004 -17"><span class='ocrx_word' id='word_1_856' title='bbox 2076 5403 2210 5474; x_wconf 86' lang='lat' dir='ltr'><strong>sint,</strong></span> <span class='ocrx_word' id='word_1_857' title='bbox 2230 5404 2429 5477; x_wconf 88' lang='lat' dir='ltr'><strong>inquit,</strong></span> <span class='ocrx_word' id='word_1_858' title='bbox 2450 5404 2929 5479; x_wconf 88' lang='lat' dir='ltr'><strong>impermutabiles</strong></span> <span class='ocrx_word' id='word_1_859' title='bbox 2947 5403 3003 5459; x_wconf 90' lang='lat' dir='ltr'><strong>in</strong></span> <span class='ocrx_word' id='word_1_860' title='bbox 3027 5401 3261 5472; x_wconf 89' lang='lat' dir='ltr'><strong>malitia,</strong></span> <span class='ocrx_word' id='word_1_861' title='bbox 3284 5408 3534 5457; x_wconf 83' lang='lat' dir='ltr'><strong>extremo</strong></span> <span class='ocrx_word' id='word_1_862' title='bbox 3555 5414 3687 5472; x_wconf 49' lang='lat' dir='ltr'><strong>sup-</strong></span> 
     </span>
    </p>
   </div>
   <div class='ocr_carea' id='block_1_110' title="bbox 1776 5609 2317 5675">
    <p class='ocr_par' dir='ltr' id='par_1_110' title="bbox 1776 5609 2317 5675">
     <span class='ocr_line' id='line_1_110' title="bbox 1776 5609 2317 5675; baseline 0.009 -6"><span class='ocrx_word' id='word_1_863' title='bbox 1776 5609 1968 5671; x_wconf 69' lang='lat' dir='ltr'><strong>Variae</strong></span> <span class='ocrx_word' id='word_1_864' title='bbox 2009 5610 2317 5675; x_wconf 86' lang='lat' dir='ltr'><strong>lectiones.</strong></span> 
     </span>
    </p>
   </div>
   <div class='ocr_carea' id='block_1_111' title="bbox 440 5724 1265 5803">
    <p class='ocr_par' dir='ltr' id='par_1_111' title="bbox 440 5724 1265 5803">
     <span class='ocr_line' id='line_1_111' title="bbox 440 5724 1265 5803; baseline 0.005 -21"><span class='ocrx_word' id='word_1_865' title='bbox 440 5724 484 5761; x_wconf 78' lang='grc'><strong>’³⁸</strong></span> <span class='ocrx_word' id='word_1_866' title='bbox 505 5726 833 5803; x_wconf 74' lang='grc' dir='ltr'>ίιιλεγόμενοι</span> <span class='ocrx_word' id='word_1_867' title='bbox 868 5745 926 5787; x_wconf 86' lang='grc' dir='ltr'><strong>ο.</strong></span> <span class='ocrx_word' id='word_1_868' title='bbox 1000 5726 1045 5764; x_wconf 80' lang='grc'><strong>⁷⁹</strong></span> <span class='ocrx_word' id='word_1_869' title='bbox 1073 5728 1185 5803; x_wconf 73' lang='grc' dir='ltr'>περὶ</span> <span class='ocrx_word' id='word_1_870' title='bbox 1211 5743 1265 5788; x_wconf 93' lang='lat' dir='ltr'><strong>o.</strong></span> 
     </span>
    </p>
   </div>
  </div>
