4150 6450
458 492 553 549 491
1478 478 1988 545 THEOPHYLACTI
2026 474 2383 542 BULGARIE
2422 473 2739 539 ARCHIEP.

530 620 709 674 Vnus.
746 623 943 684 19,20.
990 640 1012 663 ι
1052 613 1214 670 Dices
1236 614 1402 687 igitur
1434 634 1447 668 :
1480 612 1705 671 Effracti
1732 623 1861 670 sunt
1889 613 2051 674 rami.
2091 617 2138 679 Α

460 715 523 764 ut
578 722 682 779 ego
731 707 1018 762 insererer.
1083 706 1232 761 Bene
1282 721 1297 758 :
1343 711 1567 776 propter
1615 703 2054 761 incredulitatem

461 795 670 853 effracti
701 804 852 865 sunt,
878 803 937 850 tu
962 803 1151 851 autem
1190 793 1300 850 ﬁde
1327 802 1439 849 stas
1471 812 1483 849 :
1511 794 1622 850 noli
1642 795 1817 850 altum
1845 808 2055 865 sapere,

460 885 557 942 sed
586 886 740 941 time.
778 908 803 933 ι»
848 884 951 940 Hic
992 884 1253 949 ostendit,
1281 882 1428 955 quod
1466 899 1578 939 non
1614 883 1740 956 quia
1776 882 1851 938 illi
1882 882 2057 953 impe-

461 975 661 1047 gerint,
701 983 891 1046 gentes
931 973 1043 1029 sint
1082 973 1396 1045 subrogatm
1442 973 1499 1028 in
1550 974 1798 1045 ipsorum
1846 972 2054 1034 locum.

462 1063 561 1120 sed
588 1072 812 1136 propter
840 1062 1006 1120 ﬁdem
1033 1078 1198 1135 quam
1235 1062 1783 1119 demonstraverunt.
1812 1061 1927 1119 Ubi
1966 1077 2059 1117 au-

462 1163 578 1210 tem
619 1164 810 1226 gentes
856 1152 1163 1225 deprimere
1207 1151 1444 1222 videtur,
1489 1152 1694 1208 indicat
1735 1150 2058 1207 Iudaeorum

462 1246 674 1317 lapsum
700 1244 858 1299 venia
897 1244 1010 1315 83
1058 1250 1112 1299 et
1152 1242 1501 1299 excusatione
1528 1257 1733 1297 carere.
1780 1243 2062 1312 Utrosque

461 1343 647 1389 autem
688 1332 931 1405 corrigit.
969 1332 1131 1389 Dices
1159 1333 1324 1404 igitur
1370 1340 1428 1388 tu
1454 1332 1551 1404 qui
1578 1348 1637 1388 es
1664 1347 1733 1387 ex
1761 1330 2015 1403 gentibus
2044 1348 2057 1385 :

467 1446 489 1470 α
517 1421 591 1478 El“
593 1422 743 1479 fracti
766 1431 895 1477 sunt
913 1428 975 1478 ut
996 1436 1097 1494 ego
1112 1422 1344 1478 inserar.
1367 1444 1392 1469 ιι
1424 1420 1645 1477 Effracti
1664 1430 1794 1476 sunt
1816 1418 2057 1491 quidem,

458 1512 557 1568 sed
603 1513 674 1568 ob
702 1528 861 1568 suam
897 1511 1383 1568 incrudelitatem:
1433 1527 1544 1567 non
1587 1510 1739 1583 quod
1785 1509 1884 1565 tibi
1932 1525 2060 1565 eum

458 1602 730 1659 honorem
755 1604 905 1657 Deus
919 1601 1173 1658 debuerit
1198 1621 1210 1657 :
1238 1624 1263 1649 ι
1296 1602 1421 1658 Stas
1442 1603 1590 1656 enim
1612 1599 1741 1666 ﬁde,
1773 1619 1801 1652 ι)
1827 1598 1933 1657 hoc
1957 1608 2061 1666 est,

460 1693 693 1764 Pr0pter
743 1691 908 1747 ﬁdem
952 1698 1064 1747 stas
1108 1689 1273 1746 radici
1329 1690 1546 1747 insitus.
1601 1692 1789 1745 Metue
1832 1688 1999 1762 igitur
2047 1704 2061 1742 :

456 1798 583 1837 nam
607 1797 719 1837 non
747 1789 829 1837 est
856 1788 1067 1837 natura;
1093 1780 1280 1836 insitio
1297 1820 1313 1848 ,
1346 1780 1440 1836 sed
1469 1779 1615 1836 ﬁdei.

528 1872 703 1927 Vens.
740 1876 831 1925 21.
869 1894 893 1918 α
927 1871 984 1926 Si
1020 1870 1171 1926 enim
1200 1873 1351 1925 Deus
1382 1868 1720 1926 naturalibus
1752 1867 1922 1925 ramis
1947 1882 2059 1923 non

458 1960 734 2032 pepercit,
786 1960 1077 2033 nequando
1130 1976 1231 2016 nec
1292 1959 1396 2015 tibi
1450 1967 1656 2030 parcat.
1716 1977 1744 2011 ››
1784 1956 2062 2029 Siquidem

3661 465 3767 531 492

2253 643 2280 677 α
2310 620 2484 700 Ἐρεῖς
2535 609 2625 676 οὖν
2653 642 2665 655 ο
2708 615 3142 687 Ἐξεκλάσθησαν
3192 615 3239 671 οἱ
3285 613 3497 684 κλάδοι,
3540 611 3625 669 ἵνα
3663 610 3771 690 ἐγὼ

2165 711 2534 789 ἐγκεντρισθῶ.
2578 708 2772 775 Καλῶς
2804 727 2818 741 ο
2968 704 3194 786 ἀπιστία
3240 701 3670 777 ἐξεκλάσθησαν,
3705 702 3773 760 σὺ

2164 798 2217 857 δὲ
2335 798 2513 856 πίστει
2538 796 2769 869 ἕστηκας
2795 817 2805 828 ·
2840 792 2914 872 μὴ
2937 792 3289 875 ὓψηλοφρόνει
3307 837 3324 863 ,
3350 790 3491 850 ἀλλὰ
3520 790 3709 872 φοϐοῦ.
3745 818 3769 844 ι

2168 887 2431 948 Ἐνταῦθα
2467 886 2725 944 δείκνυσιν
2746 931 2763 958 ,
2794 884 2876 943 ὅτι
2902 884 3021 964 οὐχὶ
3068 882 3199 942 διότι
3233 884 3422 940 ἐκεῖνοι
3467 880 3730 940 ἔπταισαν
3755 926 3772 954 ,

2167 977 2254 1035 διὰ
2284 982 2437 1035 τοῦτο
2462 978 2509 1035 οἱ
2541 976 2733 1036 ἐθνικοὶ
2763 973 3192 1053 ἀντεισήχθησαν
3212 1018 3230 1045 ,
3272 970 3410 1032 ἀλλὰ
3432 969 3519 1029 διὰ
3552 970 3648 1041 τὴν
3682 971 3775 1029 πί-

2167 1088 2281 1124 στιν
2330 1066 2396 1137 ἣν
2442 1062 2798 1133 ἐπεδείξαντο.
2823 1062 2921 1123 Ἐν
2961 1053 3036 1129 οἷς
3066 1053 3157 1122 οὖν
3204 1063 3346 1120 δοκεῖ
3386 1061 3774 1119 καταστέλλειν

2169 1155 2256 1214 τὸν
2292 1154 2510 1228 ἐθνικὸν,
2543 1155 2775 1212 δείκνυσι
2804 1153 2895 1212 τὸν
2924 1151 3179 1213 Ἰουδαῖον
3209 1149 3563 1229 ἀσύγγνωστα
3596 1150 3773 1208 πταί-

2170 1270 2360 1307 σαντα.
2395 1244 2445 1303 Ἀ
2457 1242 2748 1324 μφοτέρους
2776 1242 2830 1301 δὲ
2862 1247 3113 1322 κατορθοῖ
3134 1241 3207 1301 ⁸⁸.
3234 1263 3261 1297 α
3295 1239 3472 1319 Ἐρεῖς
3498 1231 3587 1298 οὖν
3613 1266 3636 1291 ι
3658 1240 3722 1298 σὺ
3748 1243 3778 1299 6

2171 1334 2394 1406 ἐθνικὸς,
2427 1333 2507 1393 ὅτι
2533 1361 2557 1386 α
2590 1331 3053 1405 Ἐξεκλάσθησαν,
3082 1330 3167 1391 ἵνα
3194 1329 3301 1407 ἐγὼ
3336 1331 3707 1409 ἐγκεντρισθῶ.
3736 1351 3767 1386 n

2171 1424 2608 1494 Ἐξεκλάσθησαν
2689 1421 2817 1499 μὲν,
2893 1422 3032 1482 ἀλλὰ
3114 1421 3202 1479 διὰ
3257 1418 3355 1491 τὴν
3425 1421 3599 1479 αὐτῶν
3650 1422 3778 1477 ἀπιο

2171 1515 2344 1586 στίαν,
2374 1515 2495 1593 οὐχὶ
2522 1512 2653 1572 διότι
2683 1512 2766 1571 σοὶ
2788 1514 2815 1569 6
2839 1512 2974 1577 Θεὸς
3002 1508 3485 1591 ἐχρεώστειτιμήν’
3519 1507 3775 1580 «Ἔστη-

2172 1628 2268 1670 κας
2298 1603 2424 1682 γὰρ
2551 1602 2762 1672 πίστει,
2791 1630 2812 1653 ι
2846 1601 2963 1660 ἀντὶ
2994 1606 3082 1660 τοῦ
3101 1647 3117 1678 ,
3153 1600 3257 1661 Διὰ
3283 1598 3378 1671 τὴν
3415 1600 3594 1657 πίστιν
3627 1598 3781 1671 ἕστη-

2173 1718 2296 1765 κας,
2344 1695 2397 1751 ἐν
2557 1691 2671 1772 ῥίζῃ
2723 1689 3239 1770 ἐγκεκεντρισμένος.
3296 1689 3484 1750 Φοϐοῦ
3544 1690 3718 1746 τοίνυν
3759 1708 3773 1721 ·

2174 1785 2233 1841 οὐ
2263 1781 2367 1865 γὰρ
2398 1779 2602 1863 φύσεώς
2642 1783 2753 1839 ἐστι
2781 1781 2843 1840 τὸ
2889 1779 3248 1859 ἐγκέντρισμα
3273 1824 3290 1853 ,
3337 1778 3477 1837 ἀλλὰ
3524 1779 3775 1844 πίστεως.

2262 1898 2288 1924 ι
2350 1874 2414 1931 Εἰ
2446 1870 2549 1950 γὰρ
2597 1873 2624 1927 6
2673 1870 2811 1936 Θεὸς
2868 1872 2972 1928 τῶν
3006 1869 3146 1929 κατὰ
3204 1868 3359 1951 φύσιν
3416 1868 3627 1928 κλάδων
3681 1869 3778 1926 οὐκ

2174 1961 2453 2041 ἐφείσατο,
2487 1959 2679 2035 μήπως
2730 1957 2846 2019 οὖδέ
2892 1965 2987 2018 σοῦ
3038 1958 3308 2040 φείσηται.
3356 1986 3379 2011 ιι
3412 1958 3644 2018 Ἐκεῖνοι
3674 1956 3779 2037 γὰρ

456 2049 534 2105 illi
584 2057 780 2106 natura
829 2048 1053 2106 fuerunt
1093 2048 1190 2104 ﬁlii
1231 2057 1553 2105 sanctorum
1601 2046 2056 2120 patriarcharum,

2171 2051 2323 2133 φύσει
2372 2042 2511 2122 ἦσαν
2555 2051 2661 2109 υἱοὶ
2715 2054 2822 2108 τῶν
2880 2048 3046 2126 ἁγίων
3097 2051 3487 2129 πατριαρχῶν,
3543 2046 3633 2106 καὶ
3685 2046 3775 2105 διὰ

456 2153 521 2195 ac
575 2148 798 2211 propter
853 2137 1295 2193 incredulitatem
1369 2153 1529 2193 suam
1594 2146 1724 2193 sunt
1786 2136 1956 2193 evulsi
2007 2143 2058 2191 et

2171 2139 2268 2211 τὴν
2301 2140 2552 2198 ἀπιστίαν
2599 2137 3016 2210 ἐξεκλάσθησαν.
3054 2138 3241 2200 Φοϐοῦ
3292 2136 3358 2197 σὺ
3406 2140 3592 2217 πολλῷ
3627 2140 3773 2212 μᾶλ-

456 2225 701 2284 effracti.
756 2229 938 2298 Quare
978 2236 1038 2283 tu
1077 2227 1254 2284 multo
1302 2226 1477 2299 magis
1522 2233 1735 2295 metue,
1774 2225 1869 2298 qui
1922 2225 2057 2280 asci-

456 2317 611 2373 titius
665 2333 745 2385 es,
778 2333 847 2373 ne
881 2318 925 2374 si
976 2316 1197 2389 quando
1248 2314 1524 2385 offendas,
1578 2315 1676 2372 tibi
1727 2315 1899 2372 etiam
1946 2331 2059 2371 non

459 2415 646 2479 parcat

526 2497 710 2553 Vsns.
752 2502 944 2567 22,23.
988 2520 1014 2545 σι
1056 2494 1195 2552 Vide
1232 2495 1397 2569 igitur
1436 2495 1741 2553 bonitatem
1777 2502 1834 2551 et
1859 2494 2060 2552 severi-

456 2593 630 2642 tatem
678 2586 782 2642 Dei
815 2604 829 2641 :
868 2586 922 2641 in
953 2602 1049 2643 eos
1078 2585 1311 2659 quidem
1340 2585 1433 2658 qui
1485 2585 1825 2653 ceciderunt,
1861 2584 2059 2641 severi-

456 2685 626 2732 tatem
682 2697 695 2731 :
749 2676 806 2731 in
854 2684 910 2733 te
959 2684 1148 2733 autem
1206 2675 1536 2743 bonitatem,
1592 2675 1640 2731 si
1693 2674 2060 2747 permanseris

459 2767 515 2821 in
568 2765 817 2822 bonitate
889 2783 904 2820 :
970 2765 1220 2838 alioquin
1271 2772 1328 2819 et
1383 2772 1443 2821 tu
1497 2763 1795 2821 excideris.
1860 2766 1930 2819 Et
1980 2763 2056 2819 illi

457 2869 646 2910 rursus
690 2854 738 2909 si
790 2869 901 2910 non
960 2853 1270 2910 manserint
1316 2853 1373 2909 in
1434 2851 1817 2909 incredulitate
1839 2893 1858 2922 ,
1904 2852 2057 2909 inse-

457 2952 694 2999 rentur:
746 2951 941 3015 potens
985 2951 1071 2999 est
1122 2942 1273 2999 enim
1319 2944 1471 2998 Deus
1530 2958 1752 2998 rursum
1813 2942 2059 2998 inserere

458 3049 573 3090 eos.
631 3053 659 3086 »
714 3034 838 3088 Non
890 3032 1048 3101 dixit,
1101 3031 1241 3088 Vide
1292 3032 1460 3105 igitur
1509 3048 1647 3103 opus
1702 3040 1887 3101 tuum,
1937 3030 2057 3099 sed,

460 3143 487 3175 α
518 3124 837 3178 Bonitatem
866 3121 971 3177 Dei
1008 3141 1021 3177 :
1066 3145 1093 3171 ι
1129 3129 1313 3178 totum
1359 3122 1516 3178 enim
1546 3122 1694 3179 illius
1732 3129 1819 3179 est
1845 3122 2055 3195 gratiae.

455 3215 526 3268 Et
552 3210 714 3269 stude
742 3227 1087 3285 permanere,
1120 3227 1230 3267 non
1277 3211 1439 3278 dixit,
1489 3213 1545 3267 in
1596 3210 1725 3277 ﬁde,
1757 3210 1877 3279 sed,
1903 3235 1927 3259 ι
1995 3214 2056 3266 1n

462 3302 729 3372 bonitate,
768 3321 795 3354 »
828 3300 935 3357 hoc
970 3310 1074 3368 est,
1099 3300 1265 3374 digna
1306 3301 1407 3357 Dei
1444 3301 1730 3357 clementia
1752 3316 1952 3373 perage
1982 3300 2053 3357 ad

458 3391 629 3447 ﬁnem
660 3407 834 3464 usque
878 3391 1025 3449 vite.
1056 3390 1174 3447 Nisi
1205 3390 1349 3447 enim
1394 3390 1469 3447 ita
1502 3391 1703 3463 egeris,
1733 3391 2042 3447 excideris:

454 3480 930 3553 quemadmodum
958 3490 1014 3537 et
1039 3480 1140 3549 illi,
1168 3481 1213 3537 si
1242 3497 1353 3537 non
1382 3482 1849 3553 perseveraverint
1876 3481 1935 3536 in
1967 3481 2049 3536 in-

454 3570 800 3638 credulitate,
829 3570 1166 3628 inserentur.
1199 3573 1343 3627 Nam
1390 3587 1568 3643 neque
1612 3573 1764 3628 Deus
1808 3586 1907 3627 eos
1943 3570 2053 3643 pri-

456 3677 608 3717 mum
654 3660 849 3717 evulsit
903 3659 1219 3734 effregitve,
1278 3659 1378 3717 sed
1430 3661 1534 3733 ipsi
1580 3676 1611 3717 a
1642 3676 1761 3717 sese
1819 3677 1917 3734 per
1965 3661 2051 3716 in-

453 3750 838 3807 credulitatem
899 3766 1057 3806 suam
1121 3750 1448 3807 deciderunt
1508 3759 1564 3807 et
1624 3748 1839 3807 effracti
1899 3760 2048 3808 sunt.

451 3840 802 3898 Severitatem
837 3849 1024 3897 autem
1063 3840 1168 3897 Dei
1217 3840 1370 3908 dicit,
1416 3839 1567 3913 quod
1592 3857 1703 3897 non
1735 3850 1920 3912 parcat
1950 3842 2053 3907 eis,

451 3929 550 3986 sed
580 3928 831 4002 indignos
856 3945 953 3985 eos
968 3928 1181 4001 judicet
1207 3938 1533 3986 sanctorum
1560 3937 1778 4001 patrum
1806 3945 2054 3985 commu-

451 4020 618 4075 nione
642 4029 695 4075 et
722 4019 1001 4075 societate.
1026 4020 1444 4090 Sapientissime
1475 4035 1603 4076 vero
1635 4020 1835 4076 Paulus
1864 4028 2057 4093 gentes

450 4116 625 4164 terret
648 4124 745 4180 per
767 4124 829 4163 ea
869 4124 995 4181 qua:
1024 4108 1275 4165 Hebraeis
1303 4108 1618 4166 acciderunt
1648 4128 1663 4166 :
1689 4109 2057 4182 exemploque

452 4197 702 4269 gentium
757 4197 981 4254 Judaeos
1031 4197 1244 4254 animat
1271 4206 1327 4254 et
1372 4199 1593 4267 excitat,
1645 4206 1709 4255 ut
1752 4214 1848 4271 per
1886 4197 2056 4255 ﬁdem

452 4285 765 4342 inserantur
787 4308 800 4343 :
826 4295 989 4359 atque
1008 4302 1039 4343 a
1061 4287 1160 4343 Dei
1188 4288 1437 4359 potentia
1461 4287 1600 4344 bene
1628 4303 1851 4361 sperare
1873 4288 2051 4361 jubet.

456 4398 483 4423 α
514 4376 716 4432 Potens
742 4375 889 4432 enim
911 4384 998 4432 est
1024 4378 1198 4445 Deus,
1224 4376 1419 4450 inquit,
1449 4377 1711 4447 inserere,
1746 4401 1771 4428 ιι
1803 4377 1908 4450 qui
1931 4392 2056 4435 om-

452 4467 543 4523 nia
571 4480 735 4538 supra
759 4481 914 4538 spem
937 4474 1184 4523 nostram
1220 4467 1489 4541 transigit.

522 4648 700 4703 Vsus.
735 4651 821 4703 24.
861 4670 884 4693 α
918 4647 975 4703 Si
1004 4647 1147 4703 enim
1177 4655 1239 4704 tu
1268 4664 1333 4703 ex
1378 4648 1610 4704 naturali
1639 4647 1875 4706 oleastro
1900 4649 2052 4707 exci-
2082 4640 2133 4703 D

452 4742 544 4782 sus
573 4743 653 4795 es,
684 4736 741 4782 et
764 4735 962 4799 praeter
988 4739 1246 4785 naturam
1276 4728 1468 4785 insitus
1496 4744 1555 4785 es
1598 4729 1655 4784 in
1694 4729 1901 4786 bonam
1956 4729 2053 4787 oli-

455 4832 582 4873 vam
612 4838 624 4872 :
657 4824 863 4888 quanto
895 4818 1071 4890 magis
1105 4817 1162 4874 bi
1191 4818 1285 4891 qui
1320 4818 1633 4877 schndum
1664 4826 1941 4887 naturam,
1973 4821 2052 4877 in-

453 4914 705 4962 serentur
746 4920 861 4963 sua
910 4907 1110 4964 olivae?
1159 4928 1187 4961 ιι
1244 4908 1303 4964 Si
1330 4915 1392 4966 tu
1438 4925 1505 4965 ex
1535 4908 1815 4982 gentibus,
1854 4910 2049 4984 inquit,

452 5004 643 5052 natura
698 4995 898 5066 malus,
968 4997 1208 5069 majores
1260 4996 1473 5055 habens
1533 4998 1770 5055 oleastro
1824 4999 2052 5066 similes,

449 5085 668 5143 excisus
692 5102 752 5143 es
779 5086 850 5142 ab
899 5086 1005 5143 illis
1048 5103 1145 5159 per
1194 5086 1387 5154 ﬁdem,
1414 5087 1718 5160 insitusque
1765 5104 1823 5145 es
1855 5098 2056 5162 praeter

449 5184 704 5233 naturam
746 5176 910 5234 bona;
939 5186 994 5233 et
1023 5176 1277 5233 fecundae
1328 5176 1486 5246 olere,
1533 5177 1643 5235 sive
1690 5178 2049 5251 patriarchis:

448 5275 656 5339 quanto
704 5267 875 5340 magis
901 5264 1153 5335 Iudaeus,
1183 5274 1379 5323 natura
1410 5266 1623 5323 bonum
1648 5268 1952 5340 possidens,
1984 5270 2055 5328 ad

448 5356 689 5413 nativam
732 5372 892 5413 suam
946 5357 1125 5413 oleam
1176 5371 1287 5412 non
1316 5365 1583 5427 recurret,
1613 5356 1718 5415 boc
1760 5367 1843 5416 est
1864 5359 1934 5416 ad
1962 5376 2057 5433 pa-

449 5450 592 5502 tres?
622 5445 853 5515 Quando
874 5456 1066 5503 autem
1093 5444 1368 5502 audiveris
1392 5446 1646 5518 Paulum,
1681 5466 1713 5500 ιι
1738 5447 2054 5506 Secundum

447 5542 730 5604 naturam,
754 5558 778 5585 ι
802 5534 1101 5605 dicentem,
1122 5535 1325 5593 decens
1341 5543 1398 5593 et
1414 5552 1755 5611 consequens
1770 5538 2016 5612 intellige
2037 5554 2050 5593 :

2167 2231 2258 2289 λον
2290 2235 2317 2289 6
2348 2228 2648 2301 εἰσποίητος
2670 2278 2685 2302 ,
2718 2230 2911 2306 μήπως
2948 2228 3271 2295 πταίσαντός
3300 2252 3393 2288 σου
3421 2230 3481 2286 οὗ
3511 2226 3778 2304 φείσηται.

2258 2515 2287 2551 ι(
2334 2490 2435 2553 Ἰδὲ
2467 2480 2557 2550 οὖν
2586 2488 2931 2570 χρηστότητα
2982 2487 3076 2547 καὶ
3123 2486 3423 2564 ἀποτομίαν
3471 2490 3617 2549 Θεοῦ
3640 2503 3656 2519 ⁸
3690 2487 3761 2544 ἐπ

2170 2581 2266 2660 μὲν
2300 2580 2418 2649 τοὺς
2450 2581 2744 2651 πεσόντας,
2787 2577 3085 2655 ἀποτομίαν
3120 2596 3133 2610 '
3190 2578 3276 2635 ἐπὶ
3328 2574 3383 2635 δὲ
3428 2576 3487 2635 σὲ
3537 2576 3775 2657 χρηστό-

2166 2695 2333 2747 τητα,
2391 2670 2484 2729 ἐὰν
2534 2668 2807 2750 ἐπιμείνῃς
2967 2666 3296 2748 χρηστότητι
3324 2687 3337 2700 ⁸
3392 2665 3515 2725 ἐπεὶ
3564 2664 3657 2724 καὶ
3706 2664 3775 2723 σὺ

2166 2760 2465 2840 ἐκκοπήσῃ.
2524 2759 2635 2821 Καὶ
2688 2761 2874 2817 ἐκεῖνοι
2920 2756 3011 2831 δὲ,
3063 2757 3153 2815 ἐὰν
3208 2755 3284 2833 μὴ
3340 2757 3655 2832 ἐπιμείνωσι

2168 2849 2420 2932 ἀπιστίᾳ,
2480 2846 3045 2929 ἐγκεντρισθήσονται’
3104 2847 3321 2912 δυνατὸς
3390 2845 3493 2932 γάρ
3550 2847 3690 2905 ἐστιν
3742 2848 3773 2902 6

2166 2940 2303 3007 Θεὸς
2349 2926 2528 2999 πάλιν*
2560 2926 2892 3019 ἐγκεντρίσαι
2947 2936 3155 3002 αὐτούς.
3183 2959 3211 2994 ι)
3266 2936 3384 2996 Οὖιι
3433 2926 3617 3009 εἶπεν,
3664 2932 3770 2994 Ἰδέ

2166 3020 2255 3087 οὖν
2280 3028 2340 3087 τὸ
2366 3026 2689 3108 κατόρθωμά
2731 3050 2859 3099 σου,
2891 3026 3064 3099 ἀλλὰ,
3094 3053 3117 3079 α
3152 3022 3267 3096 Τὴν
3296 3024 3641 3105 χρηστότητα
3674 3028 3771 3082 τοῦ

2168 3120 2310 3178 Θεοῦ
2336 3142 2349 3155 ·
2383 3146 2405 3169 υ
2441 3117 2501 3175 τὸ
2530 3126 2636 3175 πᾶν
2672 3117 2775 3198 γὰρ
2810 3114 3134 3198 τῆςμέκείνου
3178 3115 3395 3195 χάριτος
3422 3138 3435 3151 ·
3467 3113 3561 3173 καὶ
3590 3114 3767 3173 σπού-

2166 3207 2290 3276 δαζε
2314 3206 2365 3243 ”
2400 3194 2704 3285 ἐπιμεῖναι,
2748 3194 2848 3265 οὐκ
2887 3194 3032 3278 εἶπε,
3065 3207 3152 3283 Τῇ
3180 3194 3393 3277 ἀπίστει,
3427 3203 3596 3277 ἀλλὰ,
3628 3231 3652 3257 α

2166 3296 2492 3377 χρηστότητι
2522 3321 2534 3334 ·
2560 3318 2588 3353 ιι
2624 3296 2893 3356 τουτέστιν
2917 3344 2932 3368 ,
2964 3294 3114 3363 Ἀξια
3148 3303 3351 3375 πρᾶττε
3380 3300 3472 3367 τῆς
3503 3299 3597 3353 τοῦ
3626 3295 3771 3355 Θεοῦ

2164 3385 2559 3467 φιλανθρωπίας
2607 3385 2736 3465 ἄχρι
2766 3385 2970 3451 τέλους.
3014 3387 3080 3445 Εἰ
3124 3384 3227 3465 γὰρ
3264 3384 3341 3461 μὴ
3384 3384 3625 3465 πράττῃς
3672 3380 3770 3442 οὗ·

2162 3500 2291 3547 τως,
2322 3476 2597 3556 ἐκκοπήσῃ
2630 3475 2699 3512 ⁰⁰⁶
2733 3473 2916 3555 ὥσπερ
2950 3476 3139 3533 ἐκεῖνοι
3162 3520 3175 3543 ,
3211 3473 3304 3534 ἐὰν
3339 3472 3414 3551 μὴ
3452 3473 3773 3551 ἐπιμείνωσι

2161 3568 2228 3644 τῇ
2269 3564 2491 3645 ἀπιστία
2514 3611 2531 3644 ,
2564 3565 3118 3643 ἐγκεντρισθήσονται.
3157 3562 3267 3623 Καὶ
3284 3562 3389 3643 γὰρ
3423 3562 3543 3622 οὐδὲ
3573 3566 3602 3621 6
3630 3561 3774 3631 Θεὸς

2162 3654 2350 3723 αὐτοὺς
2400 3656 2813 3735 προηγουμένως
2842 3654 2887 3690 ⁹⁴
2942 3652 3250 3727 ἐξέκλασεν,
3302 3655 3423 3711 ἀλλ’
3477 3653 3629 3712 αὐτοὶ
3678 3655 3770 3726 ὑφ’

2160 3747 2364 3804 ἑαυτῶν
2394 3747 2462 3822 τῇ
2504 3744 2729 3824 ἀπιστία
2780 3742 3065 3815 ἐξέπεσον,
3120 3743 3211 3801 καὶ
3260 3741 3659 3815 ἐξεκλάσθησαν
3689 3740 3769 3804 9³.

2157 3833 2477 3911 Ἀποτομίαν
2509 3833 2564 3892 δὲ
2596 3835 2738 3893 Θεοῦ
2787 3832 2963 3912 λέγει,
3010 3832 3071 3892 τὸ
3104 3832 3181 3908 μὴ
3228 3832 3515 3913 φείσασθαι
3548 3832 3722 3890 αὐτῶν
3750 3875 3767 3903 ,

2160 3925 2278 3982 ἀλλ’
2313 3922 2552 3991 ἀναξίους
2600 3931 2775 4001 κρῖναι
2821 3928 2914 3994 τῆς
2955 3922 3087 4003 πρὸς
3129 3921 3251 3989 τοὺς
3298 3922 3477 3999 ἆγίους
3527 3920 3771 4001 πατέρας

2160 4013 2432 4080 κοινωνίας
2477 4013 2566 4072 καὶ
2620 4013 2996 4094 ἀλληλουχίας.
3043 4012 3345 4093 Σοφώτατα
3389 4010 3445 4070 δὲ
3476 4015 3504 4070 6
3554 4013 3773 4078 Παῦλος

2161 4103 2253 4161 καὶ
2279 4102 2368 4162 τὸν
2399 4104 2599 4162 ἐθνικὸν
2643 4100 2833 4182 φοϐεῖ,
2881 4102 2987 4161 ἀπὸ
3024 4106 3129 4161 τῶν
3157 4101 3480 4179 συμϐάντων
3513 4104 3589 4181 τῷ
3631 4099 3773 4160 Ἰου-

2161 4190 2296 4271 δαίῳ
2327 4210 2345 4228 ⁶
2375 4192 2467 4250 καὶ
2511 4192 2600 4251 τὸν
2633 4191 2885 4252 Ἰουδαῖον
2934 4190 3335 4273 παραθαῤῥύνει
3386 4195 3461 4271 τῷ
3508 4194 3596 4249 τοῦ
3626 4192 3770 4249 ἐθνι-

2165 4286 2258 4340 κοῦ
2280 4280 2630 4359 ὑποδείγματι
2649 4326 2667 4358 ,
2698 4283 2772 4349 εἰς
2801 4281 2861 4341 τὸ
2903 4280 2991 4340 διὰ
3019 4286 3110 4354 τῆς
3140 4280 3371 4348 πίστεως
3395 4282 3772 4359 ἐγκεντρισθῆ-

2164 4394 2288 4445 ναι,
2318 4371 2409 4429 καὶ
2442 4371 2547 4429 ἀπὸ
2576 4374 2669 4443 τῆς
2697 4376 2791 4431 τοῦ
2824 4372 2967 4432 Θεοῦ
3013 4371 3290 4448 δυνάμεως
3320 4371 3570 4432 εὐέλπιδα
3598 4376 3767 4428 ποιεῖ.

2166 4488 2189 4513 ι
2222 4460 2455 4527 Δυνατὸς
2501 4460 2602 4541 γάρ
2649 4462 2793 4536 ἐστι,
2845 4460 3038 4543 φησὶν,
3089 4465 3118 4521 6
3149 4461 3288 4529 Θεὸς
3334 4458 3708 4539 ἐγκεντρίσαι,
3743 4485 3768 4512 ι

2166 4554 2194 4607 6
2218 4549 2395 4608 πάντα
2422 4550 2556 4629 ὑπὲρ
2582 4549 2773 4611 ἐλπίδα
2801 4553 2991 4611 ποιῶν.

2249 4666 2271 4689 α
2312 4640 2376 4699 Εἰ
2417 4638 2518 4719 γὰρ
2562 4638 2625 4697 σὺ
2666 4641 2727 4697 ἐκ
2776 4644 2867 4711 τῆς
2918 4641 3055 4700 κατὰ
3111 4639 3265 4721 φύσιν
3318 4638 3569 4710 ἐξεκόπης
3621 4640 3772 4717 ἀγρι-

2160 4728 2359 4799 ελαίου,
2394 4730 2486 4788 καὶ
2507 4727 2665 4811 παρδι
2682 4726 2836 4810 φύσιν
2861 4730 3246 4811 ἐνεκεντρίσθης
3280 4730 3353 4796 εἷς
3380 4728 3720 4787 καλλιέλαιον
3749 4777 3765 4790 .

2161 4816 2310 4899 πόσῳ
2360 4820 2565 4895 μᾶλλον
2608 4809 2749 4877 οὗτοι
2793 4820 2841 4878 οἱ
2892 4818 3031 4878 κατὰ
3070 4809 3239 4901 -φύσιν
3302 4820 3768 4896 ἐγκεντρισθήσον-

2161 4932 2250 4967 ται
2390 4907 2494 4988 ἰδία
2539 4908 2724 4987 ἐλαίᾳ,
2752 4929 2783 4967 ι)
2833 4910 2900 4970 Εἰ
2938 4907 3002 4967 σὺ
3048 4912 3076 4967 6
3119 4908 3351 4985 ἐθνικὸς,
3407 4908 3571 4988 φησὶ,
3607 4906 3773 4974 κακὸς

2162 4994 2235 5055 ὢν
2283 4998 2473 5075 φύσει,
2524 4998 2615 5057 καὶ
2664 4998 2803 5079 ἔχων
2863 4998 3098 5079 πατέρας
3150 4997 3441 5081 ἀγριελαίῳ
3494 4996 3768 5071 ἐοικότας,

2164 5085 2416 5159 ἐξεκόπης
2446 5088 2661 5147 ἐκείνων
2700 5087 2789 5147 διὰ
2821 5091 2917 5159 τῆς
2944 5087 3204 5159 πίστεως,
3236 5086 3330 5147 καὶ
3375 5086 3773 5166 ἐνεκεντρίσθης

2164 5176 2311 5256 παρὰ
2343 5176 2497 5257 φύσιν
2521 5182 2589 5257 τῇ
2624 5177 2950 5260 καλλιελαίῳ
2968 5222 2985 5256 ,
3014 5177 3177 5257 ἤγουν
3215 5186 3324 5245 τοῖς
3364 5176 3724 5257 πατριάρχαις
3752 5199 3767 5213 ⁸

2164 5265 2314 5346 πόσῳ
2345 5268 2550 5343 μᾶλλον
2581 5270 2610 5325 6
2642 5266 2892 5334 Ἰουδαῖος
2910 5314 2928 5337 ,
2955 5268 3096 5326 κατὰ
3122 5267 3275 5349 φύσιν
3301 5265 3441 5346 ἔχων
3474 5266 3534 5324 τὸ
3575 5266 3765 5335 καλὸν,

2164 5357 2258 5413 οὐκ
2289 5356 2661 5435 ἐπαναδραμεῖ
2680 5379 2770 5415 ται
2793 5354 2924 5436 πρὸς
2962 5357 3061 5427 τὴν
3104 5356 3241 5415 ἰδίαν
3268 5356 3457 5415 ἐλαίαν
3477 5399 3494 5433 ,
3523 5355 3769 5413 τουτέστι

2164 5442 2279 5506 τοὺς
2318 5443 2586 5526 πατέρας;
2616 5442 2793 5506 Ὅταν
2858 5444 2912 5505 δὲ
2969 5446 3200 5522 ἀκούσῃς
3252 5450 3345 5504 τοῦ
3394 5446 3617 5505 Παύλου
3666 5444 3762 5516 τὸ,

2176 5554 2203 5590 (ι
2232 5533 2389 5593 Κατὰ
2416 5534 2572 5615 φύσιν
2593 5580 2608 5609 ,
2640 5566 2660 5587 ιο
2692 5533 2933 5614 λέγοντος
2953 5580 2969 5610 ,
3005 5534 3064 5594 τὸ
3096 5535 3233 5603 εἰκὸς
3270 5534 3376 5595 νόει
3408 5538 3498 5595 καὶ
3537 5534 3597 5592 τὸ
3628 5531 3765 5593 ἀκό-

1857 5671 2043 5729 Varia:
2086 5671 2387 5736 lectiones.

521 5785 568 5828 ³⁸
591 5786 788 5861 διορθοῖ
813 5802 861 5843 o.
946 5786 992 5825 39
1020 5788 1312 5852 σπουδάζων
1341 5804 1396 5845 ο.
1472 5788 1517 5822 ⁹⁰
1542 5790 1736 5866 κοπήσῃ
1762 5805 1816 5847 0.
1893 5789 1935 5823 ⁹¹
1964 5792 2342 5867 προηγούμενος
2371 5810 2430 5851 0.
2505 5795 2549 5829 ⁹²
2580 5795 2990 5869 κατεκλείσθησαν
3014 5812 3070 5857 0.
