4150 6458
371 473 477 529 493

1292 474 1641 533 EXPOSI’I‘IO
1678 477 1746 533 IN
1784 475 1993 535 EPIST.
2038 475 2129 534 AD
2171 473 2338 535 ROM.
2376 508 2445 521 —
2485 479 2633 536 CAP.
2678 482 2740 536 XI

3577 486 3683 541 494

373 603 601 684 λουθονᾼξ
634 591 773 672 οἷον,
807 601 944 668 εἰκὸς
984 592 1050 684 ἦν
1079 601 1142 661 τὸ
1184 600 1368 663 τέκνον
1398 609 1493 662 τοῦ
1528 603 1680 683 ἇγίου
1732 603 1976 684 Ἀϐραὰμ

2103 606 2321 678 exempli
2372 607 2570 679 gratia,
2630 607 2835 664 decens
2874 617 2993 664 erat
3021 616 3076 665 et
3109 625 3226 681 par,
3282 610 3456 667 lilium
3506 612 3685 669 sancti

372 690 517 768 ἅγιον
552 680 704 750 εἶναι’
735 689 917 771 ὥσπερ
974 681 1074 762 αὖ,
1107 719 1130 745 ι
1182 692 1344 772 Παρὰ
1392 680 1587 775 φύσιν,
1618 717 1649 752 ι)
1685 696 1800 752 ἀντὶ
1832 680 1975 767 τοῦ,

371 779 588 847 ἀπεικὸς
617 781 709 840 καὶ
740 780 1127 856 ἀνακόλουθον,
1160 782 1221 841 τὸ
1269 781 1451 842 τέκνον
1482 788 1573 842 τοῦ
1618 790 1814 865 μιαροῦ
1841 784 1975 844 "Ek-

374 872 530 942 ληνος
561 868 710 948 ἅγιον
740 870 1007 948 γενέσθαι.

457 1074 485 1110 ιι
524 1054 609 1111 Οὐ
637 1052 741 1133 γὰρ
775 1052 912 1112 θέλω
941 1055 1077 1137 ὓμᾷς
1109 1054 1313 1133 ἀγνοεῖν
1339 1098 1354 1126 ,
1387 1054 1639 1137 ἀδελφοὶ,
1671 1056 1733 1114 τὸ
1766 1054 1975 1130 μυστή-

378 1165 486 1221 ριον
528 1145 683 1200 τοῦτο
713 1138 840 1220 (ἵνα
889 1141 965 1217 μὴ
1006 1134 1100 1216 ἧτε
1147 1144 1390 1223 φρόνιμοι
1439 1134 1567 1224 παρ’
1598 1142 1864 1223 ἑαυτοῖς),
1895 1143 1976 1204 ὅτι

378 1233 621 1310 πώρωσις
671 1230 780 1290 ἀπὸ
824 1230 1017 1311 μέρους
1065 1236 1142 1310 τῷ
1174 1231 1394 1312 Ἰσραὴλ
1429 1232 1670 1311 γέγονεν,
1720 1234 1875 1315 ἄχρις
1914 1224 1974 1291 οὗ

376 1321 437 1379 τὸ
497 1319 768 1401 πλήρωμα
817 1323 921 1379 τῶν
976 1323 1136 1381 ἐθνῶν
1192 1323 1402 1401 εἰσέλθῃ
1426 1342 1439 1356 ⁸
1522 1324 1615 1381 καὶ
1671 1324 1809 1382 οὕτω
1870 1332 1977 1390 πᾶς

379 1408 604 1484 Ἰσραὴλ
632 1408 955 1481 σωθήσεται.
992 1438 1016 1463 ιο
1051 1410 1364 1489 Μυστήριον
1398 1415 1625 1471 ἐνταῦθα
1646 1411 1707 1471 τὸ
1752 1411 1976 1490 ἀγνοού-

381 1520 535 1575 μενον
585 1499 678 1556 καὶ
724 1497 1027 1579 ἀπόῤῥητον
1067 1500 1229 1578 λέγει.
1274 1500 1346 1559 Τί
1392 1500 1447 1559 δὲ
1486 1508 1679 1569 τοῦτο;
1714 1501 1845 1561 "Ott
1878 1503 1975 1561 οὐκ

378 1588 432 1655 ἐξ
462 1586 755 1666 ὁλοκλήρου
784 1591 819 1659 ἡ
852 1588 1076 1649 ἀπιστία
1113 1592 1221 1647 τῶν
1255 1588 1557 1669 Ἐϐραίων,
1607 1592 1723 1650 ἀλλ’
1770 1594 1831 1649 ἐκ
1876 1590 1978 1667 μέ-

383 1700 501 1757 ρους
530 1681 565 1748 ἡ
601 1675 866 1757 πώρωσις.
899 1679 1098 1738 Πολλοὶ
1122 1678 1225 1757 γὰρ
1248 1680 1565 1761 ἐπίστευσαν
1583 1725 1599 1752 ,
1624 1681 1710 1747 οὓς
1738 1680 1980 1761 προέγνω

381 1770 409 1825 ὁ
438 1767 609 1839 Θεὸς,
656 1769 726 1833 ὡς
758 1766 1009 1846 ἀνωτέρω
1060 1768 1303 1847 εἴρηται,
1348 1770 1438 1828 καὶ
1484 1759 1553 1827 αὖ
1596 1759 1851 1845 μέλλουσι
1882 1793 1976 1827 πι-

382 1856 608 1939 στεύειν.
673 1855 1078 1936 Ἐπωρώθησαν
1130 1857 1235 1936 γὰρ
1305 1862 1353 1919 οἱ
1408 1860 1769 1939 Ἰσραηλῖται,
1827 1858 1982 1938 ἄχρις

382 1937 443 2004 οὗ
506 1944 701 2012 πάντες
754 1947 803 2004 οἱ
872 1949 1302 2026 προεγνωσμένοι
1354 1948 1405 1986 9³
1467 1937 1659 2009 ἐθνικοὶ
1712 1954 1921 2009 σωθῶσι
1966 1971 1980 1985 ο

383 2036 477 2094 καὶ
523 2037 641 2096 τότε
690 2042 793 2102 πᾶς
850 2034 1075 2115 Ἰσραὴλ
1128 2038 1460 2111 σωθήσεται,
1532 2038 1819 2105 πιστεύσας
1879 2041 1977 2111 δη-

385 2123 544 2196 λαδή.

474 2236 504 2272 α
540 2213 730 2282 Καθὼς
778 2214 1077 2296 γέγραπται
1110 2240 1123 2253 ·
1155 2216 1313 2286 ’Ἥξει
1361 2219 1421 2277 ἐκ
1451 2218 1596 2278 Σιὼν
1626 2222 1655 2277 ὁ
1697 2218 1982 2300 ῥυόμενος,

385 2302 478 2363 καὶ
518 2304 841 2385 ἀποστρέψει
874 2304 1122 2372 ἀσεϐείας
1168 2308 1275 2365 ἀπὸ
1316 2306 1542 2367 Ἰακώϐ.
1577 2307 1685 2367 Καὶ
1716 2307 1850 2379 αὕτη
1884 2310 1982 2365 αὖ·

386 2396 495 2460 τοῖς
525 2397 558 2464 ἡ
582 2396 711 2472 παρ’
749 2396 880 2471 ἐμοῦ
912 2393 1140 2467 διαθήκη
1169 2440 1186 2471 ,
1217 2396 1345 2455 ὅταν
1378 2395 1663 2477 ἀφέλωμαι
1692 2398 1786 2464 τὰς
1816 2398 1989 2475 ἆμαρ-

387 2482 503 2549 τίας
536 2486 731 2545 αὐτῶν.
765 2511 788 2538 ι
812 2485 919 2545 Τὸν
941 2479 1174 2546 Ἡσαΐαν
1204 2486 1365 2546 πάλιν
1398 2488 1599 2566 εἰσάγει
1641 2490 1873 2567 βοῶντα,
1907 2486 1989 2545 ὅτι

398 2596 427 2631 ιι
452 2573 609 2643 Ἥξει
640 2577 700 2634 ἐκ
731 2575 875 2636 Σιὼν
906 2602 930 2629 ι
963 2580 992 2636 ὁ
1021 2576 1314 2654 δυνάμενος
1349 2581 1560 2649 σῶσαι,
1589 2578 1683 2637 καὶ
1712 2578 1990 2658 καθαρίσει

388 2664 482 2731 τὰς
547 2665 814 2745 ἁμαρτίας
868 2669 975 2725 τῶν
1032 2666 1401 2746 Ἰσραηλιτῶν.
1469 2668 1580 2729 Καὶ
1639 2668 1768 2729 πότε
1822 2673 1989 2727 ταῦτα

390 2753 568 2827 ἔσται,
631 2775 662 2812 tt
687 2750 865 2815 εὈταν
917 2752 1199 2836 ἀφέλωμαι
1251 2756 1347 2824 τὰς
1390 2758 1657 2837 ἁμαρτίας
1701 2759 1879 2815 αὐτῶν
1910 2780 1923 2794 ο
1955 2780 1982 2814 n

391 2842 693 2917 τουτέστιν,
724 2842 903 2904 ⁰Οταν
931 2848 1025 2915 τῆς
1069 2844 1155 2903 διὰ
1200 2850 1291 2904 τοῦ
1341 2846 1711 2926 βαπτίσματος
1758 2844 1995 2926 ἀφέσεως

391 2932 726 3002 καταξιώσω.
752 2932 923 2995 Ὥστε
964 2934 1079 2994 ἐπεὶ
1120 2934 1271 2994 οὔπω
1305 2934 1507 3009 ταύτης
1537 2936 1725 3017 ἔτυχον
1769 2935 1995 3015 (πεπώ-

394 3048 585 3102 ρωνται
617 3024 722 3105 γὰρ
738 3027 783 3106 ),
818 3024 1040 3104 ὕστερον
1073 3024 1258 3101 μέλλει
1283 3025 1521 3105 γίνεσθαι
1556 3032 1726 3087 τοῦτο.

476 3244 500 3267 α
537 3213 693 3277 Κατὰ
725 3211 823 3289 μὲν
850 3211 912 3270 τὸ
946 3213 1303 3291 Εὖαγγέλιον,
1328 3212 1507 3292 ἐχθροὶ
1553 3212 1617 3269 δι’
1651 3212 1789 3287 ὑμᾶς
1814 3232 1828 3247 ο
1860 3207 1999 3268 κατὰ

396 3304 568 3377 δὲτὴν
608 3300 869 3381 ἐκλογὴν,
920 3302 1189 3381 ἀγαπητοὶ
1241 3301 1328 3360 διὰ
1373 3300 1495 3367 τοὺς
1532 3300 1787 3378 πατέρας.
1838 3298 2001 3374 Ἀμε-

394 3395 672 3473 ταμέλητα
696 3391 804 3471 γὰρ
834 3390 901 3449 τὰ
926 3392 1243 3472 χαρίσματα
1266 3390 1358 3451 καὶ
1388 3394 1421 3462 ἡ
1447 3391 1636 3460 κλῆσις
1659 3393 1751 3447 τοῦ
1783 3389 1949 3448 Θεοῦ.
1980 3412 2004 3438 ι

400 3486 563 3557 Διότι,
594 3482 780 3565 φησὶν,
830 3483 980 3557 ὑμεῖς
1020 3481 1363 3554 ὑπηκούσατε
1408 3482 1483 3559 τῷ
1534 3477 1877 3558 Εὖαγγελίῳ,
1910 3475 2006 3536 καὶ

401 3573 803 3654 προσελήφθητε
855 3570 958 3630 ὕπὸ
1006 3576 1098 3631 τοῦ
1154 3572 1331 3643 Θεοῦ,
1382 3567 1792 3649 φιλονεικότεροι
1856 3566 2005 3624 αὐτοὶ

400 3663 646 3744 γεγόνασι
694 3660 789 3719 καὶ
832 3660 1190 3733 ἀπεπήδησαν
1242 3660 1445 3736 μᾶλλον
1472 3702 1486 3729 ,
1534 3657 1627 3715 καὶ
1672 3656 1852 3736 ἐχθροὶ
1886 3657 2006 3733 ἐγέ-

403 3775 551 3812 νοντο
571 3770 587 3785 ⁸
630 3749 764 3810 καθὸ
791 3748 969 3826 μέντοι
1010 3751 1059 3808 οἱ
1098 3747 1325 3829 πατέρες
1354 3750 1528 3806 αὐτῶν
1557 3745 1872 3825 ἐξελέγησαν
1906 3744 2008 3803 ὑπὸ

407 3844 549 3901 Θεοῦ
602 3839 655 3907 ἐξ
700 3841 902 3919 ἀρχῆς,
958 3842 1056 3899 οὒκ
1112 3839 1257 3898 ἐάσει
1308 3836 1497 3904 αὐτοὺς
1532 3840 1561 3895 ὁ
1591 3836 1728 3902 Θεὸς
1774 3834 2007 3911 πάμπαν

410 3928 699 3989 ἀπολέσθαι
721 3928 1019 4007 (ἀγαπητοὶ
1040 3928 1145 4010 γάρ
1162 3931 1295 3989 εἰσιν
1312 3930 1327 4003 )
1345 3974 1360 4004 ,
1392 3926 1513 3986 ἀλλ’
1539 3927 1630 3986 ἐὰν
1657 3924 2006 3997 πιστεύσωσι,

413 4017 763 4097 παραδέξεται
775 4064 787 4076 .

494 4132 523 4165 α
554 4107 773 4187 Ὠσπερ
810 4107 915 4188 γὰρ
962 4108 1113 4184 ὑμεῖς
1161 4131 1291 4166 ποτε
1340 4104 1669 4178 ἠπειθήσατε
1723 4108 1801 4183 τῷ
1847 4105 2011 4184 Θεῷ,

407 4204 498 4259 νῦν
546 4198 601 4258 δὲ
644 4197 902 4271 ἐλεήθητε
951 4198 1151 4279 [vulg.
1187 4197 1324 4276 ἡλ.]
1473 4194 1675 4254 τούτων
1724 4194 1965 4272 ἀπειθείᾳ
2000 4216 2013 4229 ·

408 4288 541 4349 οὕτω
588 4288 683 4347 καὶ
725 4279 867 4346 οὗτοι
914 4286 1210 4360 ἠπείθησαν
1264 4293 1352 4345 νῦν
1396 4288 1471 4366 τῷ
1521 4287 1668 4359 ὑμῶν
1714 4284 1881 4360 ἐλέει,
1927 4280 2015 4339 ἵνα

410 4380 499 4437 καὶ
547 4376 699 4437 αὐτοὶ
752 4379 1058 4449 ἐλεηθῶσιν.
1095 4405 1118 4429 ν
1172 4374 1296 4434 Ἔτι
1347 4373 1737 4442 κατασκευάζει
1785 4372 1866 4431 ὅτι
1896 4395 2015 4431 σω-

413 4467 662 4539 θήσονται
707 4468 754 4525 oi
786 4464 838 4535 ἐξ
878 4464 1101 4546 Ἰσραὴλ
1132 4464 1372 4545 ὕστερον.
1423 4462 1610 4539 Ὑμεῖς
1635 4460 1772 4542 γὰρ,
1824 4459 2018 4542 φησὶν,

2086 695 2384 752 Abrahami
2411 704 2670 753 sanctum
2700 713 2819 754 esse
2852 698 3033 755 :sicut
3072 706 3129 755 et
3160 715 3371 767 rursus,
3408 725 3434 751 α
3476 704 3685 758 Prmter

2083 794 2365 854 naturam,
2400 808 2428 836 ν
2480 803 2581 858 pro
2606 803 2674 843 eo
2703 788 2855 860 quod
2905 798 3006 857 est,
3039 787 3305 845 indecens
3336 800 3392 845 et
3416 792 3683 847 inconse-

2084 890 2291 947 quens,
2323 876 2489 944 dixit,
2537 884 2619 945 ut,
2647 880 2771 934 Non
2786 887 2907 934 erat
2933 879 3231 935 verisimile
3258 880 3453 952 polluti
3500 881 3682 938 Graeci

2085 972 2320 1035 gnatum
2346 975 2607 1023 sanctum
2633 966 2769 1023 ﬁeri.

2153 1054 2458 1128 “V238.
2477 1060 2567 1126 25,
2587 1062 2673 1112 26.
2697 1081 2719 1105 ιι
2739 1057 2883 1114 ΝοΙο
2895 1058 3044 1113 enim
3058 1074 3175 1127 vos,
3191 1058 3406 1125 fratres,
3422 1060 3677 1133 ignorare

2084 1145 2411 1218 mysterium
2439 1146 2546 1203 hoc
2572 1152 2655 1214 (ut
2680 1161 2791 1203 non
2820 1147 2943 1203 sitis
2992 1147 3136 1220 apud
3158 1149 3521 1221 vosmetipsos
3551 1166 3684 1221 pru-

2083 1234 2318 1304 dentes),
2349 1235 2500 1307 quod
2541 1236 2759 1293 cacitas
2790 1237 2976 1293 lsraeli
3002 1253 3071 1293 ex
3119 1246 3274 1309 parte
3304 1239 3555 1311 contigit,
3584 1240 3685 1295 do-

2082 1338 2183 1378 nec
2261 1323 2546 1395 plenitudo
2613 1325 2865 1398 gentium
2940 1326 3211 1394 intraret;
3264 1335 3321 1382 et
3370 1327 3447 1382 sic
3497 1330 3684 1385 omnis

2085 1413 2247 1469 Israel
2275 1414 2458 1470 salvus
2484 1414 2615 1470 erit.
2660 1438 2685 1463 ν
2708 1414 3035 1487 Mysterium
3066 1415 3155 1471 hic
3179 1416 3428 1487 ignotum
3450 1427 3505 1472 et
3528 1434 3675 1474 arca-

2084 1517 2221 1558 num
2266 1501 2420 1558 dicit.
2453 1504 2736 1573 Quidnam
2766 1512 2955 1560 autem
3003 1504 3111 1560 hoc
3137 1505 3254 1561 est?
3277 1506 3438 1576 Quod
3466 1523 3579 1563 non
3630 1510 3685 1563 in

2088 1592 2407 1648 universum
2450 1593 2830 1659 incredulitas,
2861 1610 3054 1649 verum
3084 1610 3150 1650 ex
3180 1604 3335 1666 parte
3364 1598 3580 1653 caecitas
3630 1607 3685 1654 et

2088 1680 2387 1739 obduratio
2429 1682 2691 1739 Hebraeos
2740 1683 3031 1739 invaserat.
3069 1684 3228 1740 Multi
3256 1685 3407 1741 enim
3432 1686 3688 1743 credide-

2088 1778 2241 1839 runt,
2266 1786 2407 1844 quos
2444 1775 2596 1829 Deus
2625 1774 2993 1844 praesciverat,
3023 1782 3086 1828 ut
3138 1789 3299 1845 supra
3327 1775 3540 1831 dictum
3582 1786 3687 1844 est,

2021 1889 2066 1950 Β
2087 1867 2144 1915 et
2175 1861 2408 1933 posthac
2436 1862 2599 1917 multi
2625 1863 2887 1919 credituri
2915 1870 3066 1917 sunt.
3086 1865 3359 1919 Excaecati
3384 1865 3532 1920 enim
3562 1874 3693 1921 sunt

2092 1951 2379 2019 Israelitas,
2408 1950 2586 2007 donec
2636 1951 2838 2008 ethnici
2887 1967 3083 2008 omnes
3136 1952 3503 2025 praedestinati
3558 1956 3689 2011 salvi

2092 2037 2222 2095 facti
2250 2040 2397 2097 sint:
2429 2050 2486 2096 et
2512 2048 2647 2097 tunc
2675 2041 2858 2097 omnis
2887 2041 3049 2097 Israel
3077 2042 3261 2098 salvus
3304 2044 3428 2113 erit,
3454 2045 3550 2116 qui
3576 2060 3694 2100 cre-

2092 2128 2292 2186 diderit
2320 2129 2591 2185 videlicet.

2168 2221 2354 2276 Vens.
2390 2225 2480 2287 26,
2507 2225 2598 2277 27.
2654 2242 2679 2268 α
2713 2219 2863 2276 Sicut
2889 2220 3159 2292 scriptum
3193 2229 3278 2277 est
3312 2240 3327 2278 :
3374 2223 3573 2278 Veniet
3628 2238 3692 2279 ex

2096 2310 2232 2366 Sion
2248 2310 2560 2377 Liberator,
2581 2318 2639 2366 et
2659 2318 2869 2366 avertet
2883 2311 3195 2382 impietates
3210 2328 3240 2367 a
3262 2312 3455 2368 Jacob.
3471 2314 3697 2384 Hocque

2100 2398 2229 2470 ipsis
2276 2414 2309 2455 a
2333 2414 2423 2455 me
2449 2408 2863 2467 testamentum,
2908 2400 3129 2472 quando
3172 2401 3448 2457 abstulero
3479 2412 3696 2474 peccata

2098 2492 2364 2562 ipsorum.
2401 2512 2426 2537 ιι
2460 2489 2656 2545 Isaiam
2685 2505 2877 2545 rursus
2896 2488 3126 2545 adducit
3153 2490 3501 2561 clamantem,
3552 2508 3696 2564 quo—

2099 2579 2248 2635 niam
2282 2602 2306 2627 α
2335 2580 2501 2635 Venit
2528 2594 2595 2634 ex
2622 2578 2779 2645 Sion,
2812 2602 2838 2627 ιο
2870 2580 2959 2651 qui
3002 2580 3174 2652 possit
3196 2595 3434 2644 servare,
3473 2589 3529 2637 et
3566 2596 3698 2653 pur-

2101 2669 2252 2740 gabit
2298 2669 2667 2725 Israelitarum
2742 2678 2979 2741 peccata.
3034 2668 3270 2739 Quando
3329 2678 3513 2726 autem
3585 2671 3702 2727 haec

2103 2761 2305 2814 erunt?
2347 2782 2372 2806 ι
2403 2757 2641 2831 Quando
2692 2758 2972 2814 abstulero
3010 2768 3231 2831 peccata
3262 2775 3483 2828 eorum,
3522 2784 3547 2809 ι
3596 2760 3702 2815 hoc

2105 2855 2220 2916 est,
2262 2848 2405 2904 Cum
2463 2862 2561 2920 per
2588 2848 2859 2920 baptisma
2902 2863 2996 2904 eos
3024 2848 3345 2906 dimissione
3392 2865 3553 2907 noxae
3599 2850 3704 2906 do-

2104 2952 2325 2994 navere.
2385 2938 2568 3008 Quare
2613 2954 2744 2994 cum
2790 2937 3045 2994 nondum
3099 2938 3246 2995 hanc
3296 2940 3539 2996 assecuti
3596 2941 3711 2997 sint

2109 3033 2125 3094 (
2153 3036 2285 3084 sunt
2302 3028 2449 3083 enim
2479 3026 2716 3083 indurati
2731 3027 2844 3084 sive
2871 3028 3173 3096 exmcacti),
3192 3028 3245 3084 in
3260 3038 3548 3102 posterum
3564 3030 3709 3086 hanc

2108 3124 2541 3190 consequentur.

2183 3208 2370 3264 Vens.
2407 3212 2497 3275 28,
2525 3212 2614 3263 29.
2655 3230 2679 3256 α
2713 3208 3030 3265 Secundum
3059 3208 3418 3281 Evangelium
3460 3209 3708 3282 quidem,

2108 3297 2317 3353 inimici
2362 3304 2588 3370 propter
2616 3312 2737 3368 vos,
2790 3297 3100 3354 secundum
3151 3298 3475 3355 electionem
3523 3308 3711 3356 autem

2108 3385 2292 3443 dilecti
2320 3394 2546 3458 propter
2601 3394 2796 3458 patres.
2847 3386 2975 3442 Sine
3018 3388 3336 3459 paenitentia
3385 3389 3534 3444 enim
3582 3397 3715 3446 sunt

2111 3476 2258 3532 dona
2308 3478 2411 3531 Dei
2460 3484 2516 3531 et
2560 3476 2799 3532 vocatio.
2853 3495 2881 3529 λι
2924 3478 3069 3549 Quia
3122 3493 3219 3534 vos
3259 3477 3576 3545 obediistis,
3624 3480 3716 3534 in-

2113 3565 2252 3637 quit,
2288 3564 2599 3637 Evangelio,
2647 3572 2704 3621 et
2731 3565 2996 3636 assumpti
3021 3566 3154 3621 estis
3184 3583 3213 3622 a
3262 3570 3402 3633 Deo,
3446 3567 3550 3639 ipsi
3580 3584 3715 3623 con-

2112 3656 2467 3712 tentiosiores
2512 3654 2638 3711 facti
2691 3664 2863 3726 sunt,
2926 3656 3216 3728 magisque
3274 3657 3605 3726 resilierunt,
3661 3668 3717 3714 et

2116 3745 2303 3802 hostes
2330 3753 2463 3801 sunt
2490 3744 2690 3801 redditi
2721 3763 2733 3800 :
2762 3753 2819 3800 at
2846 3754 3123 3817 quatenus
3164 3754 3347 3816 patres
3382 3763 3576 3801 eorum
3599 3748 3716 3818 jam

2117 3837 2249 3892 olim
2280 3836 2350 3890 ab
2378 3835 2541 3890 initio
2559 3843 2685 3889 sunt
2712 3835 2867 3890 electi
2888 3850 2923 3890 a
2952 3836 3093 3903 Deo,
3126 3851 3238 3891 non
3278 3836 3421 3891 sinet
3446 3851 3542 3891 eos
3571 3839 3717 3892 Deus

2118 3926 2344 3981 interire
2374 3939 2600 3997 prorsus
2620 3924 2822 3992 (dilecti
2859 3925 3009 3981 enim
3036 3931 3225 3993 sunt),
3256 3924 3354 3982 sed
3390 3924 3435 3981 si
3471 3925 3718 3983 credide-

2120 4015 2251 4083 rint,
2272 4013 2498 4083 recipiet
2534 4029 2646 4069 eos.

2192 4108 2371 4161 Vens.
2403 4110 2494 4173 30,
2544 4110 2633 4160 31.
2669 4123 2698 4155 α
2728 4104 2887 4161 Sicut
2922 4103 3073 4159 enim
3096 4111 3153 4159 et
3172 4119 3270 4160 vos
3294 4104 3588 4177 aliquando
3607 4122 3719 4163 non

2120 4194 2427 4253 credidistis
2460 4197 2605 4263 Deo,
2633 4210 2783 4250 nunc
2802 4201 2991 4249 autem
3036 4193 3471 4251 misericordiam
3526 4212 3721 4253 conse-

2121 4285 2231 4342 cuti
2260 4284 2391 4341 estis
2421 4291 2643 4356 propter
2676 4282 3113 4339 incredulitatem
3157 4284 3377 4341 illorum
3411 4304 3423 4339 :
3453 4286 3523 4341 ita
3551 4294 3607 4342 et
3634 4287 3723 4343 isti

2123 4390 2237 4431 non
2263 4373 2616 4431 crediderunt
2662 4388 2810 4429 nunc
2848 4372 2904 4427 in
2956 4382 3197 4429 vestram
3255 4374 3724 4445 misericordiam,

2122 4474 2187 4521 ut
2212 4472 2269 4521 et
2324 4464 2425 4537 ipsi
2476 4460 2920 4519 misericordiam
2972 4471 3398 4534 consequantur.
3455 4486 3481 4513 ι
3510 4465 3725 4521 Conﬁr-

414 4558 460 4616 οἳ
508 4556 700 4617 ἐθνικοὶ
749 4545 1028 4626 κληθέντες
1074 4554 1332 4637 πρότερον
1357 4597 1375 4626 ,
1433 4554 1530 4611 οὐκ
1582 4550 1869 4623 ἐθελήσατε
1912 4554 1995 4608 ὑπ

2122 4570 2274 4611 mare
2315 4554 2496 4627 pergit
2546 4552 2816 4608 Israelitas
2870 4551 3096 4607 tandem
3144 4552 3569 4608 conservandos.
3612 4556 3726 4609 Vos

416 4651 675 4718 ακῶσαι,
719 4646 811 4705 καὶ
842 4645 928 4705 διὰ
958 4650 1116 4704 τοῦτο
1164 4644 1469 4715 ἐκλήθησαδ
1515 4643 1563 4701 οἳ
1604 4640 1889 4715 Ἰουδαῖοι,
1926 4641 2017 4699 καὶ

414 4736 575 4814 νόμον
598 4734 792 4796 ἔλαϐον
824 4759 837 4772 ·
859 4735 1053 4807 πάλιν,
1088 4735 1389 4805 κληθέντων
1435 4735 1541 4790 τῶν
1578 4730 1855 4790 Ἰουδαίων
1880 4776 1895 4803 ,
1926 4731 2017 4789 καὶ

419 4826 820 4899 ἀπειθησάντων
849 4829 925 4905 τῷ
959 4827 1178 4905 Χριστῷ
1197 4868 1213 4895 ,
1248 4823 1507 4895 ἐκλήθητε
1530 4822 1709 4899 ὑμεῖς,
1736 4820 1828 4879 καὶ
1862 4818 2020 4890 ἠλεή-

421 4921 565 4987 θητε.
601 4915 765 4975 Ἀλλᾶ
806 4914 867 4975 τὸ
908 4920 1054 4992 ὑμῶν
1096 4914 1239 4981 ἔλεος
1281 4912 1372 4972 καὶ
1421 4909 1619 4970 τούτων
1669 4910 1818 4969 ἔσται
1845 4934 1858 4947 ·
1913 4932 2021 4967 πα-

424 5005 794 5086 ραζηλώσουσι
844 5004 948 5084 γὰρ
987 5009 1157 5082 ὑμᾶς,
1194 5002 1286 5062 καὶ
1328 5001 1672 5061 πιστεύσουσι
1716 4999 1807 5059 καὶ
1842 4998 2023 5073 αὐτοὶ,

428 5094 521 5155 καὶ
552 5094 691 5154 οὕτω
720 5098 797 5176 τῷ
827 5096 977 5173 ὁμῶν
1006 5091 1138 5153 ἐλέει
1170 5091 1565 5164 ἐλεηθήσονται.

514 5387 542 5421 ε
577 5365 899 5425 Συνέκλεισε
926 5363 1030 5446 γὰρ
1071 5367 1101 5422 ὁ
1147 5364 1285 5430 Θεὸς
1330 5361 1449 5429 τοὺς
1495 5361 1703 5428 πάντας
1752 5362 1825 5446 εἷς
1869 5357 2029 5417 ἀπεί-

2127 4646 2298 4711 enim,
2326 4644 2523 4716 inquit,
2553 4641 2760 4699 ethnici
2805 4641 3052 4714 primum
3072 4642 3278 4710 vocati,
3299 4642 3553 4697 noluistis
3592 4643 3723 4699 obc-

2125 4735 2265 4804 dire,
2302 4740 2357 4790 et
2391 4741 2680 4806 propterea
2706 4732 2885 4788 vocati
2916 4740 3049 4787 sunt
3071 4731 3274 4798 Judaei,
3326 4740 3493 4806 atque
3546 4733 3723 4805 legem

2127 4831 2471 4897 acceperunt.
2504 4822 2972 4893 Rursusdvocatis
2997 4820 3201 4878 Iudaeis
3238 4826 3313 4889 ,et
3354 4822 3574 4878 Christo
3604 4839 3698 4879 mo

2129 4930 2249 4971 rem
2288 4929 2401 4969 non
2435 4911 2769 4984 gerentibus,
2796 4911 2972 4967 vocati
3009 4910 3138 4967 estis
3160 4927 3279 4979 vos,
3325 4919 3382 4967 et
3422 4912 3733 4969 misericor-

2131 5003 2278 5059 diam
2323 5002 2453 5058 estis
2498 5000 2777 5057 consecuti
2817 5020 2831 5055 :
2874 5015 3069 5056 verum
3118 5008 3298 5056 vestra
3352 5000 3733 5057 misericordia

2135 5094 2334 5149 horum
2373 5107 2592 5165 quoque
2641 5091 2767 5148 erit.
2814 5091 3237 5146 Emulabuntur
3270 5090 3417 5146 enim
3469 5105 3586 5157 vos,
3612 5104 3734 5144 cre-

2138 5182 2378 5255 dentque
2425 5180 2555 5253 ipsi,
2611 5181 2818 5253 hacque
2860 5180 3077 5235 ratione
3118 5187 3303 5235 vestra
3359 5178 3735 5235 misericordia

2140 5272 2513 5329 donabuntur.

2212 5364 2398 5419 VBBS.
2420 5368 2509 5418 32.
2536 5383 2565 5413 «
2590 5360 2875 5418 Conclusit
2889 5359 3041 5416 enim
3066 5361 3213 5415 Deus
3226 5373 3419 5415 omnes
3434 5358 3538 5414 sub
3560 5358 3739 5415 incre-

430 5460 597 5529 θειαν,
629 5455 721 5515 ἵνα
744 5453 868 5523 τοὺς
896 5444 1099 5522 πάντας
1119 5453 1340 5533 ἐλεήσῃ.
1361 5478 1387 5508 ιι
1406 5451 1720 5524 Τουτέστιν,
1742 5444 1995 5528 Ἦλεγξεν

2140 5453 2391 5522 dulitate,
2416 5462 2480 5509 ut
2507 5452 2762 5509 omnium
2806 5451 3158 5507 misereatur.
3178 5472 3205 5498 ν
3233 5450 3357 5505 Hoc
3394 5457 3499 5519 est,
3527 5448 3745 5521 Arguit,

1845 5656 2035 5717 Variae
2078 5656 2379 5716 lectiones.

515 5833 559 5871 ⁸³
589 5835 948 5910 προωρισμένοι
978 5850 1020 5893 ο.
