4150 6442
459 473 563 533 405

1481 468 1995 531 THEOPHYLACTI
2033 468 2390 531 BULGARIE
2429 466 2744 531 ARCHIEP.

3666 468 3772 532 496

460 602 867 661 demonstravit
907 600 1282 659 inobedieutes
1319 610 1371 657 et
1429 600 1763 670 incredulos,
1809 609 1871 657 ut
1921 600 2048 657 alios

2168 600 2437 671 ἀπέδειξεν
2469 603 2848 677 ἀπειθοῦντας,
2876 598 2964 659 ἵνα
2999 599 3118 667 τοὺς
3158 599 3368 680 ἑτέρους
3410 600 3499 661 διὰ
3538 605 3631 672 τῆς
3661 605 3767 661 τῶν

458 693 697 749 aliorum
715 692 1067 749 contentione
1101 698 1368 748 servaret.
1400 690 1560 747 Prius
1586 690 1755 759 enim,
1782 689 2059 762 gentibus,

460 799 574 839 non
654 780 1187 852 obtemperantibus,
1241 780 1497 848 servavit,
1550 780 1633 837 uti
1684 780 1899 836 dictum
1949 789 2057 848 est,

462 872 729 930 Hebraeos
766 887 999 931 :rursus
1026 872 1232 928 Iudaeis
1271 870 1491 928 Christo
1530 886 1639 926 non
1687 868 2059 933 credentibus,

462 963 625 1019 salva:
666 961 827 1019 facta:
859 970 991 1017 sunt
1032 968 1219 1035 gentes
1267 977 1281 1015 :
1327 958 1660 1017 conservatis
1715 959 1827 1031 85
1866 967 2055 1015 autem

462 1053 716 1126 gentibus
742 1052 925 1109 Judaei
947 1050 1297 1119 temulantes,
1326 1051 1428 1123 ipsi
1456 1051 1627 1106 etiam
1652 1058 1979 1107 servantur:
2006 1057 2060 1105 et

461 1144 536 1198 sic
562 1157 755 1199 omnes
776 1140 1212 1198 misericordiam
1231 1148 1669 1213 consequuntur,

532 1234 717 1289 Vens.
777 1238 872 1289 33.
922 1253 950 1281 α
979 1231 1029 1287 Ο
1067 1228 1503 1303 profunditatem
1531 1228 1846 1287 divitiarum
1884 1237 1942 1287 et
1972 1245 2059 1286 sa-

467 1322 683 1394 pientiae
712 1329 768 1379 et
803 1321 1047 1378 scientiae
1073 1320 1174 1377 Dei
1198 1323 1212 1377 !
1241 1336 1406 1391 quam
1432 1328 1563 1376 sunt
1608 1320 2061 1392 imperScrutabi-

464 1413 533 1468 lia
562 1412 771 1485 judicia
812 1412 930 1484 ejus
955 1453 971 1479 ,
1021 1418 1078 1467 et
1122 1410 1651 1484 impervestigabiles
1698 1411 1800 1466 via;
1840 1408 1989 1481 ejus!
2032 1432 2055 1457 ιι

461 1505 748 1574 Reputans
785 1516 972 1557 secum
998 1500 1099 1558 Dei
1141 1500 1744 1572 dispensationes,quze
1778 1516 1811 1555 a
1860 1497 2057 1554 mundi

462 1590 685 1647 fuerunt
729 1589 1144 1657 constitutione,
1207 1588 1303 1661 qui
1356 1604 1452 1661 per
1519 1587 1790 1645 contraria
1846 1586 2060 1659 dispen-

460 1689 543 1737 set
565 1680 856 1745 contraria,
888 1696 950 1735 ac
996 1695 1097 1751 per
1121 1679 1257 1735 alios
1296 1678 1679 1735 inobedientes
1702 1686 1759 1734 et
1801 1677 2055 1733 incredu-

459 1772 562 1839 los,
592 1771 724 1826 alios
767 1769 1091 1826 obedientes
1124 1777 1178 1825 et
1193 1768 1447 1824 credulos
1466 1767 1688 1837 efﬁciat,
1725 1768 2011 1839 obstupuit
2039 1786 2053 1824 :

459 1860 741 1917 afﬁrmans
769 1875 897 1915 eum
919 1858 1149 1915 omnino
1168 1858 1263 1931 qui
1292 1857 1373 1914 sic
1392 1874 1480 1915 res
1513 1866 1730 1914 nostras
1751 1857 2055 1929 dispensat,

2168 690 2356 770 ἑτέρων
2397 690 2548 771 σώσῃ
2594 690 2935 772 φιλονεικίας.
2991 692 3258 770 Πρότερον
3288 690 3391 771 γὰρ
3437 692 3770 765 ἀπειθησάν-

2164 804 2271 839 των
2299 784 2401 839 τῶν
2421 782 2658 852 ἐθνικῶν,
2686 779 2902 854 ἔσωσεν,
2926 782 2997 847 ὣς
3017 780 3226 861 εἴρηται
3249 827 3266 856 ,
3293 780 3415 848 τοὺς
3435 780 3726 862 Ἐϐραίους
3754 806 3769 821 ο

2167 871 2329 928 πάλιν
2381 872 2468 930 ἐπὶ
2524 873 2755 949 Χριστοῦ
2814 870 3217 942 ἀπειθησάντων
3280 873 3384 929 τῶν
3453 871 3765 944 Ἰουδαίων,

2168 959 2441 1032 ἐσώθησαν
2474 964 2521 1020 οἱ
2547 960 2736 1019 ἐθνικοί
2762 984 2776 998 ·
2806 961 3078 1019 σωθέντων
3103 960 3349 1040 [δὲ]τῶν
3376 962 3594 1020 ἐθνικῶν
3615 1006 3630 1035 ,
3661 987 3767 1021 πα-

2170 1055 2513 1131 ραζηλοῦντες
2532 1054 2580 1111 οἱ
2602 1052 2870 1125 Ἰουδαῖοι,
2902 1052 3160 1121 σώζονται
3183 1051 3276 1112 καὶ
3313 1052 3484 1113 αὐτοί*
3506 1052 3598 1113 καὶ
3627 1053 3769 1113 οὕτω

2166 1142 2361 1208 πάντες
2393 1142 2682 1204 ἐλεοῦνται.

2249 1258 2271 1285 ι
2299 1229 2380 1292 Ὢ
2406 1232 2566 1311 βάθος
2604 1230 2833 1292 πλούτου
2858 1230 2952 1291 καὶ
2979 1230 3166 1313 σοφίας
3204 1230 3297 1290 καὶ
3324 1230 3567 1310 γνώσεως
3591 1233 3766 1293 Θεοῦῑ

2166 1325 2237 1389 ὡς
2271 1321 2645 1403 ἆνεξερεύνητα
2694 1321 2762 1381 τὰ
2816 1321 3056 1402 κρίματα
3107 1323 3306 1395 αὐτοῦ,
3352 1322 3443 1381 καὶ
3474 1322 3773 1404 ἀνεξιχνία-

2166 1436 2279 1472 στοι
2308 1415 2363 1472 αἰ
2389 1414 2499 1472 ὁδοὶ
2538 1414 2696 1472 αὐτοῦ
2721 1416 2737 1474 ι
2767 1436 2793 1471 n
2831 1412 2946 1480 Τὰς
2988 1411 3291 1489 οἰκονομίας
3319 1419 3412 1473 τοῦ
3440 1414 3583 1473 Θεοῦ
3631 1416 3763 1472 ἄνα-

2166 1502 2542 1583 λογισάμενος,
2574 1503 2669 1571 τὰς
2707 1502 2795 1584 ἀφ’
2823 1492 2986 1584 οἷπερ
3016 1505 3043 1561 ὁ
3092 1501 3291 1580 κόσμος
3340 1502 3568 1574 συνέστη
3591 1552 3603 1572 ,
3650 1509 3766 1573 πῶς

2165 1592 2253 1653 διὰ
2293 1596 2395 1651 τῶν
2428 1592 2680 1653 ἐναντίων
2716 1593 2785 1653 τὰ
2816 1592 3027 1651 ἐναντία
3078 1593 3383 1669 οἰκονομεῖ,
3434 1594 3526 1652 καὶ
3560 1592 3627 1652 δι’
3654 1595 3765 1653 ἑτέ-

2165 1707 2268 1764 ρων
2336 1682 2689 1742 ἀπειθούντων
2754 1684 2945 1749 άλλους
3015 1685 3269 1749 εὐπειθεῖς
3338 1683 3709 1742 ἀναδείκνυσιν
3736 1728 3752 1755 ,

2162 1773 2428 1851 ἐξεπλάγη
2456 1797 2469 1811 ο
2512 1774 2861 1851 πιστούμενος
2907 1771 2989 1832 ὅτι
3038 1771 3254 1839 πάντως
3296 1776 3325 1832 ὁ
3357 1772 3523 1840 οὕτως
3565 1776 3766 1833 οἰκονο-

2165 1867 2281 1937 μῶν
2324 1864 2389 1923 τὰ
2419 1864 2691 1943 ἡμέτερα,
2744 1863 2835 1922 καὶ
2874 1860 2996 1942 περὶ
3040 1866 3134 1934 τῆς
3163 1862 3765 1945 μελλούσηςσωτηρίας

458 1951 525 2007 de
555 1948 918 2006 Hebraeorum
963 1948 1132 2005 etiam
1160 1947 1346 2004 futura
1371 1949 1569 2016 salute,
1594 1947 1799 2019 aliquid
1835 1947 2048 2019 dispen-

2165 1956 2266 2011 τῶν
2293 1952 2567 2014 Ἰουδαίων
2597 1952 2956 2030 οἰκονομήσει.
3020 1954 3261 2014 Πλοῦτον
3298 1952 3395 2030 μὲν
3441 1944 3530 2012 οὐν
3566 1944 3763 2031 ὀνομάο

456 2049 733 2096 saturum.
786 2039 1011 2095 Divitias
1056 2038 1223 2111 igitur
1250 2037 1493 2094 divinam
1540 2037 1845 2093 bonitatem
1863 2037 2058 2109 appel-

458 2132 557 2199 lat,
620 2129 777 2201 cujus
822 2126 1256 2200 profunditatem
1311 2126 1671 2183 solummodo
1724 2126 2054 2193 demiratur,

455 2219 821 2291 quantitatem
852 2217 1115 2291 ignorans
1156 2237 1169 2272 :
1200 2232 1271 2288 op
1284 2216 1543 2272 umenim
1571 2223 1676 2284 est,
1703 2222 1892 2289 gentes
1911 2216 2053 2272 adeo

457 2308 757 2380 locupletes
799 2307 997 2363 facere.
1050 2307 1346 2362 Enimvero
1392 2322 1523 2362 cum
1554 2305 1795 2362 bonitate
1851 2313 1909 2361 et
1965 2322 2052 2361 sa-

454 2398 716 2470 pientiam
754 2395 1055 2453 admiratur
1083 2411 1179 2467 per
1205 2410 1374 2467 quam
1416 2404 1601 2451 nostra
1664 2393 1805 2467 regit
1854 2410 1919 2451 ac
1968 2394 2053 2451 di-

455 2496 701 2559 spensat,
755 2486 1029 2558 rudesque
1085 2492 1276 2557 gentes
1318 2482 1542 2553 erudiit;
1574 2492 1629 2540 et
1675 2483 2048 2556 cognitionem

450 2594 547 2651 per
576 2593 744 2650 quam
782 2576 936 2633 novit
964 2575 1098 2646 quid
1137 2574 1432 2649 unicuique
1457 2574 1757 2632 conducat.
1788 2575 1917 2631 Non
1967 2573 2050 2630 di-

448 2668 529 2723 xit
577 2676 761 2724 autem
792 2707 811 2736 ,
862 2664 1471 2736 lmcomprehensibilia
1500 2673 1630 2721 sunt
1676 2663 1882 2737 judicia
1906 2663 2049 2736 ejus,

446 2757 563 2818 sed.
595 2780 620 2805 ιι
666 2754 1166 2829 Inperscrutabilia,
1196 2774 1225 2807 ιι
1261 2754 1370 2811 hoc
1409 2763 1515 2823 est,
1560 2770 1675 2811 non
1700 2754 1932 2810 omnino
1959 2769 2048 2809 re-

444 2846 695 2919 cipientia
744 2844 1174 2918 indagationem.
1210 2867 1236 2893 α
1286 2847 1356 2900 Et
1416 2842 1517 2900 viae
1545 2844 1682 2915 ejus,
1717 2863 1745 2896 ιι
1782 2843 1888 2899 hoc
1936 2851 2043 2910 est,

444 2935 898 3009 dispensationes,
957 2935 1162 2991 nedum
1232 2949 1345 2989 non
1388 2942 1621 3005 possunt
1660 2932 1910 3005 agnosci,
1950 2932 2045 2988 sed

448 3042 517 3083 ne
543 3026 742 3097 inquiri
772 3024 1001 3098 quidem
1042 3039 1288 3096 prorsus,
1334 3023 1423 3079 vel
1448 3022 1739 3096 vestigium
1794 3022 2044 3095 ipsarum

442 3133 683 3189 conspuet
696 3158 711 3173 .

517 3205 701 3260 Vaas.
722 3209 792 3260 34
818 3247 832 3272 ,
861 3208 951 3260 35.
992 3224 1017 3249 α
1061 3201 1200 3273 Quis
1222 3200 1369 3258 enim
1398 3200 1659 3274 cognovit
1679 3215 1909 3257 sensum
1928 3203 2040 3257 Do-
2072 3219 2119 3285 ρ

447 3294 613 3350 mini?
652 3300 749 3349 aut
790 3293 912 3366 quis
949 3290 1294 3349 consiliarius
1333 3290 1438 3361 ipsi
1476 3290 1579 3347 fuit
1634 3290 1753 3363 i.j?
1787 3298 1883 3347 aut
1922 3290 2045 3364 quis

444 3385 592 3455 prior
620 3382 771 3439 dedit
794 3382 863 3452 ei,
891 3391 945 3439 et
979 3382 1310 3439 retribuetur
1330 3380 1522 3452 ipsik?
1554 3404 1577 3429 ι
1604 3381 1786 3449 Solus,
1841 3380 2045 3453 inquit,

444 3474 560 3545 ipse
602 3473 757 3529 novit
792 3488 923 3538 sua,
946 3480 1003 3528 et
1046 3486 1215 3527 nemo
1260 3470 1418 3527 alius.
1453 3471 1678 3542 Sapiens
1707 3485 1873 3542 porro
1913 3486 2042 3527 cum

443 3566 532 3631 sit,
564 3579 597 3620 a
625 3564 777 3621 nullo
805 3563 916 3619 alio
973 3562 1295 3619 consultare
1319 3560 1602 3617 institutus
1658 3568 1762 3629 est,
1797 3559 1895 3617 sed
1926 3561 2041 3633 ipse

439 3655 647 3727 sibiipsi
688 3653 818 3711 satis
854 3650 965 3709 fuit
1000 3650 1302 3721 sufﬁciens,
1345 3659 1401 3707 et
1425 3659 1527 3707 est.
1560 3650 1880 3722 Quinetiam
1918 3666 2039 3708 om-

441 3745 601 3800 nium
633 3743 909 3799 bonorum
950 3741 1072 3799 fons
1106 3749 1212 3807 est,
1256 3748 1314 3797 et
1359 3754 1710 3814 quaecunque
1750 3740 1868 3807 dat,
1926 3756 2040 3797 non

438 3835 602 3891 veluti
663 3832 1173 3905 compensationem
1205 3830 1290 3888 vel
1334 3831 1764 3887 retributionem
1815 3828 2038 3899 debeat,

438 3923 706 3995 impertit,
754 3921 851 3979 sed
874 3922 945 3978 ob
974 3921 1257 3994 propriam
1283 3920 1676 3977 tantummodo
1708 3920 2036 3978 bonitatem.

438 4014 574 4084 Quis
592 4012 739 4069 enim
759 4012 999 4084 primum
1020 4010 1173 4067 dedit
1195 4010 1265 4079 ei,
1306 4010 1572 4066 nimirum
1600 4012 1745 4075 Deo,
1766 4017 1827 4067 ut
1877 4009 2039 4067 retri-

441 4106 643 4158 buatur
674 4101 814 4173 ipsi?
843 4100 953 4156 hoc
996 4109 1103 4169 est,
1144 4107 1207 4155 ut
1235 4098 1386 4171 quod
1416 4114 1448 4154 a
1480 4103 1599 4155 Deo
1625 4098 1799 4155 datur
1842 4098 2043 4155 beneﬁ-

440 4191 609 4259 cium,
641 4197 910 4261 tanquam
929 4186 1219 4245 retributio
1258 4202 1388 4259 erga
1428 4186 1613 4259 ipsum
1664 4184 1816 4244 facta
1857 4186 2035 4259 impu-

440 4288 591 4336 tetur
620 4283 645 4335 Ρ

506 4372 694 4427 Vnus.
739 4374 827 4425 36.
863 4390 888 4418 α
925 4367 1208 4439 Quoniam
1244 4382 1311 4424 ex
1345 4366 1495 4438 ipso,
1529 4382 1596 4423 ex
1621 4380 1719 4439 per
1752 4366 1960 4439 ipsum,
1988 4374 2045 4424 et

437 4459 494 4514 in
533 4457 713 4530 ipsum
738 4465 868 4514 sunt
886 4456 1095 4513 omnia.
1124 4480 1151 4507 ο
1186 4457 1308 4530 Ipse
1328 4464 1414 4512 est
1446 4452 1574 4512 fons
1604 4454 1894 4525 omnium;
1933 4454 2046 4513 hoc

438 4548 585 4605 enim
614 4557 697 4605 est
731 4546 881 4622 quod
908 4547 1017 4613 ait,
1060 4571 1085 4595 ιι
1116 4548 1201 4603 Ex
1235 4546 1387 4618 ipso;
1434 4568 1459 4595 ι
1498 4555 1555 4601 et
1592 4543 1883 4602 Condidor
1912 4561 2039 4603 om-

435 4638 591 4693 nium
622 4655 635 4692 :
682 4637 786 4693 hoc
814 4636 967 4693 enim
999 4636 1153 4705 illud,
1206 4659 1231 4685 α
1276 4636 1381 4691 Per
1402 4634 1622 4707 ipsum;
1659 4657 1687 4684 ιι
1735 4642 1790 4690 et
1815 4650 2037 4693 conser-

437 4736 594 4784 vator
618 4728 867 4783 omnium
895 4744 908 4781 :
942 4726 1050 4783 hoc
1080 4725 1231 4783 enim
1258 4723 1416 4794 illud,
1447 4748 1472 4773 α
1499 4727 1559 4781 in
1607 4724 1809 4796 ipsum.
1844 4748 1870 4775 ι
1904 4726 2040 4782 Om-

438 4817 528 4872 nia
556 4816 709 4873 enim
748 4832 815 4872 ex
862 4816 982 4888 ipso
1003 4814 1213 4873 habent
1240 4814 1603 4887 principium,
1649 4821 1709 4871 et
1729 4829 1823 4886 per
1853 4814 2036 4886 ipsum

436 4907 579 4962 facta
604 4913 757 4976 sunt,
786 4912 841 4962 et
872 4905 927 4962 in
956 4905 1138 4977 ipsum
1167 4920 1268 4962 ceu
1288 4904 1717 4962 fundamentum
1751 4904 2038 4977 quoddam

433 4996 718 5068 vergentia
746 4994 1045 5069 euntiaque
1070 4994 1382 5052 consistunt
1420 5003 1475 5051 et
1500 4993 1879 5063 continentur,
1900 5010 2035 5052 con-

434 5102 591 5144 versa
615 5084 684 5142 ad
713 5085 923 5158 ipsum.

505 5200 531 5227 α
569 5176 680 5248 Ipsi
730 5174 903 5248 gloria
932 5174 987 5231 in
1022 5175 1241 5231 saecula.
1296 5177 1505 5230 Amen.
1547 5195 1575 5224 ι
1625 5176 1721 5230 ιω
1770 5172 1830 5228 in
1881 5186 2038 5228 more

432 5265 556 5323 divo
594 5265 780 5335 Paulo,
815 5272 876 5321 ut
929 5281 1061 5321 cum
1115 5263 1269 5321 ardui
1303 5262 1567 5335 quiddam
1619 5261 1841 5330 dixerit,
1906 5276 2035 5317 cum

428 5355 736 5428 gratiarum
763 5355 978 5411 actione
1008 5368 1330 5411 sermonem
1359 5352 1601 5421 claudat,
1625 5350 1852 5424 perinde
1875 5365 1944 5407 ac
1985 5359 2040 5407 et

421 5443 541 5515 jam
592 5460 741 5502 nunc
787 5443 935 5501 facit.
958 5445 1265 5516 Postquam
1345 5441 1498 5499 enim
1545 5439 1916 5499 admiratione
1984 5447 2042 5496 et

502 5604 555 5647 ⁸1
584 5605 673 5661 Ira
696 5620 799 5675 ιι,
834 5611 922 5663 ιι.
1000 5599 1026 5637 κ
1052 5606 1183 5678 Sap.
1219 5619 1321 5673 rx,
1352 5608 1407 5660 3.

2165 2046 2240 2113 ζει
2269 2044 2365 2117 τὴν
2400 2045 2703 2123 ἄγαθότητα
2725 2090 2742 2115 ,
2783 2035 2845 2115 ἧς
2875 2044 2936 2103 τὸ
2966 2043 3126 2122 βάθος
3162 2043 3517 2116 ἐκπλήττεται
3560 2044 3719 2121 μόνον
3745 2090 3761 2122 ,

2164 2136 2224 2194 τὸ
2262 2134 2423 2194 ποσὸν
2465 2137 2625 2206 αὐτῆς
2669 2136 2871 2212 ἄγνοιῖιν
2894 2156 2907 2171 ·
2942 2133 3173 2193 πλούτου
3221 2134 3325 2215 γὰρ
3353 2133 3414 2193 τὸ
3457 2132 3578 2203 τοὺς
3625 2137 3759 2195 ἐθνι-

2163 2224 2285 2293 κοὺς
2313 2224 2477 2293 οὕτως
2508 2223 2757 2304 εὐπόρους
2804 2226 3046 2295 ποιῆσαι.
3096 2226 3176 2283 Οὐ
3220 2223 3327 2301 μὴν
3359 2223 3409 2261 ⁹⁴
3445 2225 3583 2283 ἀλλὰ
3632 2226 3763 2305 πρὸς

2160 2320 2228 2396 τῇ
2284 2316 2572 2396 ἄγαθότητι
2613 2314 2704 2373 καὶ
2752 2312 2847 2386 τὴν
2895 2312 3084 2394 σοφίαν
3134 2313 3530 2387 ἐκπλήττεται,
3586 2313 3651 2373 δι’
3700 2306 3765 2387 ἧς

2162 2405 2346 2465 πλέκει
2390 2405 2458 2465 τὰ
2505 2403 2768 2484 ἡμέτερα,
2807 2404 2899 2462 καὶ
2926 2401 3307 2484 τοὺςγᾶμιθεῖς
3350 2403 3584 2471 ἐθνικοὺς
3637 2403 3760 2464 ἐσό-

2159 2518 2319 2575 φισε’
2367 2495 2459 2554 καὶ
2513 2494 2608 2567 τὴν
2656 2482 2884 2573 γνῶσιν,
2934 2494 3000 2552 δι’
3032 2482 3097 2565 ἧς
3147 2493 3394 2571 γινώσκει
3443 2492 3503 2551 τὸ
3546 2495 3760 2575 ἑκάστῳ

2158 2586 2448 2667 συμφέρον.
2497 2587 2618 2647 Οὐκ
2663 2575 2779 2644 εἶπε
2822 2584 2913 2657 δὲ,
2961 2581 3041 2643 ὅτι
3096 2582 3479 2659 Ἀκατάληπτα
3531 2584 3598 2641 τὰ
3646 2587 3762 2664 κρίο

2159 2699 2305 2752 ματα
2356 2678 2550 2750 αὐτοῦ,
2588 2676 2733 2748 ἀλλ’,
2790 2698 2820 2729 ιι
2870 2672 3303 2753 Ἀνεξερεύνητα,
3368 2700 3398 2731 ιι
3451 2674 3719 2734 τουτέστιν
3744 2722 3761 2747 ,

2156 2766 2386 2832 οὐδόλως
2415 2766 2681 2846 δεχόμενα
2711 2764 2949 2843 ἔρευναν.
2981 2792 3006 2816 σι
3028 2765 3133 2824 Καὶ
3156 2766 3209 2823 αἱ
3234 2764 3345 2823 ὁδοὶ
3368 2766 3549 2840 αὐτοῦ,
3566 2792 3590 2815 ιι
3608 2787 3761 2823 τουτ-

2155 2855 2320 2933 έστιν,
2353 2858 2406 2914 αἱ
2440 2854 2736 2933 οἰκονομίαι
2756 2897 2772 2926 ,
2817 2856 2875 2913 οὐ
2908 2853 3066 2930 μόνον
3116 2857 3174 2913 οὐ
3219 2852 3467 2914 δύνανται
3500 2859 3753 2931 γνωσθῆ-

2153 2968 2271 3019 ναι,
2322 2947 2441 3005 ἀλλ’
2468 2945 2585 3005 οὐδὲ
2628 2947 2920 3018 ζητηθῆναι
2965 2941 3099 3011 ὅλως
3121 2989 3135 3014 ,
3169 2942 3204 3016 ἢ
3240 2944 3383 3025 ἴχνος
3432 2945 3608 3004 αὐτῶν
3659 2969 3759 3025 φα-

2153 3038 2330 3107 νῆναι.

2240 3234 2266 3262 α
2296 3206 2395 3274 Τίς
2443 3204 2547 3285 γὰρ
2599 3204 2735 3284 ἔγνω
2783 3208 2902 3265 νοῦν
2951 3204 3189 3284 Κυρίου,
3241 3204 3276 3276 ἢ
3323 3205 3401 3273 τίς
3453 3204 3755 3284 σύμϐουλος

2155 3303 2299 3381 αὐτῷ
2329 3297 2566 3377 ἐγένετος
2599 3293 2731 3367 ἣτίς
2766 3295 3062 3376 προέδωκεν
3108 3297 3287 3375 αὐτῷ,
3322 3295 3413 3381 καὶ
3444 3298 3748 3356 ἀνταποδο-

2152 3375 2375 3463 θήσεται
2402 3388 2582 3467 αὐτῷ;
2614 3415 2636 3438 ιο
2680 3375 2885 3457 Μόνος,
2920 3386 3109 3467 φησὶν,
3133 3388 3288 3451 αὐτὸς
3312 3375 3419 3445 οἶδε
3450 3384 3519 3444 τὰ
3552 3387 3751 3461 αὐτοῦ,

2150 3480 2241 3540 καὶ
2271 3478 2436 3545 οὐδεὶς
2476 3475 2664 3557 ἕτερος.
2705 3476 2877 3558 Σοφὸς
2919 3476 2973 3535 δὲ
3004 3474 3078 3535 ὢν
3098 3522 3111 3546 ,
3145 3479 3202 3535 οὐ
3233 3480 3363 3557 παρ’
3397 3474 3579 3558 ἑτέρου
3614 3498 3752 3553 συμ-

2150 3569 2342 3630 ϐούλου
2389 3568 2641 3647 ἐσοφίσθη
2666 3611 2682 3639 ,
2733 3566 2851 3624 ἀλλ’
2893 3566 3049 3634 αὐτὸς
3101 3569 3275 3647 ἑαυτῷ
3322 3565 3593 3645 αὐτάρκης
3637 3566 3755 3644 ἐγέ-

2147 3684 2265 3721 νετο
2294 3658 2384 3719 καὶ
2412 3656 2577 3718 ἔστιν.
2624 3657 2789 3716 Ἀλλὰ
2823 3658 2915 3716 καὶ
2962 3656 3178 3715 πάντων
3209 3658 3313 3715 τῶν
3350 3658 3565 3735 ἀγαθῶν
3591 3655 3743 3733 πηγή

2148 3752 2261 3810 ἐστι
2282 3794 2297 3823 ,
2326 3748 2417 3809 καὶ
2446 3748 2547 3808 ὅσα
2577 3746 2815 3823 δίδωσιν,
2846 3749 2948 3827 οὐχ
2976 3754 3047 3813 ὼς
3068 3746 3301 3824 ἀμοιϐὴν
3332 3746 3557 3825 ὀφείλων
3590 3743 3745 3803 δίδω-

2150 3864 2229 3899 σιν
2248 3885 2264 3912 ,
2298 3838 2436 3898 ἀλλὰ
2467 3837 2556 3896 διὰ
2586 3835 2682 3907 τὴν
2712 3838 2910 3895 οἰκείαν
2935 3836 3265 3915 ἀγαθότητα.
3299 3857 3329 3893 α
3361 3838 3458 3902 Τίς
3488 3837 3593 3914 γὰρ
3625 3858 3756 3915 προ·

2150 3930 2343 3989 ἔδωκεν
2372 3930 2536 4008 αὐτῷ,
2572 3954 2596 3978 ιι
2616 3926 2888 3996 τουτέστι,
2916 3928 2993 4004 τῷ
3022 3927 3187 4004 Θεῷ,
3209 3923 3301 3983 ἵνα
3334 3951 3356 3977 ι
3387 3924 3755 3996 ἀνταποδοθή-

2152 4041 2297 4076 σεται
2327 4018 2504 4096 αὐτῷ,
2531 4041 2557 4069 ιι
2593 4013 2892 4086 τουτέστιν,
2921 4013 3007 4072 ἵνα
3050 4018 3084 4084 ἡ
3120 4012 3268 4092 παρὰ
3309 4020 3399 4073 τοῦ
3428 4015 3574 4073 Θεοῦ
3608 4018 3761 4096 εὐερυ

2149 4106 2337 4185 γεσία,
2363 4108 2436 4172 ὥς
2465 4102 2813 4181 ἀνταπόδομα
2861 4102 3131 4183 λογισθείη
3164 4102 3298 4182 πρὸς
3342 4103 3501 4162 αὐτὸν
3531 4104 3763 4182 γινόμε-

2153 4218 2277 4269 νονς

2239 4388 2269 4420 ιι
2297 4362 2431 4425 Ὅτι
2479 4362 2532 4433 ἐξ
2564 4364 2756 4441 αὐτοῦ,
2785 4361 2880 4422 καὶ
2908 4360 2974 4422 δι’
3009 4362 3207 4436 αὐτοῦ,
3252 4360 3345 4420 καὶ
3393 4362 3466 4428 εἰς
3496 4358 3655 4421 αὐτὸν
3686 4361 3759 4423 τὰ

2152 4456 2351 4516 πάντα.
2377 4482 2401 4507 ι»
2428 4452 2603 4519 Αὐτὸς
2633 4455 2667 4524 ἡ
2696 4449 2846 4532 πηγὴ
2880 4451 3094 4511 πάντων
3117 4475 3131 4489 ·
3163 4455 3320 4511 τοῦτο
3346 4449 3450 4531 γὰρ
3470 4450 3569 4524 τὸ,
3600 4478 3625 4503 ι
3656 4450 3755 4521 Ἐξ

2152 4549 2332 4605 αὐτοῦ’
2362 4569 2393 4602 ι
2428 4542 2521 4604 καὶ
2553 4545 2581 4601 ὃ
2609 4542 2835 4615 ποιητὴς
2872 4541 3087 4602 πάντων
3116 4562 3129 4576 ·
3180 4546 3335 4601 τοῦτο
3364 4539 3467 4621 γὰρ
3495 4540 3586 4616 τὸ,
3613 4569 3639 4593 ι
3670 4545 3757 4602 Δι’

2153 4639 2308 4695 αὐτοῦ
2331 4658 2345 4672 ⁸
2388 4660 2419 4692 ι
2475 4633 2566 4693 καὶ
2613 4637 2642 4692 ὁ
2683 4632 2935 4711 συνοχεὺς
2980 4633 3191 4691 πάντων
3225 4652 3238 4666 ο
3290 4639 3446 4692 τοῦτο
3502 4630 3607 4711 γὰρ
3656 4630 3753 4705 τὸ,

2152 4754 2174 4778 ι
2212 4728 2306 4794 Εἰς
2336 4723 2514 4784 αὐτόν.
2553 4750 2575 4775 ιι
2608 4723 2800 4784 Πάντα
2828 4726 2933 4802 γὰρ
2972 4722 3025 4791 ἐξ
3055 4724 3219 4781 αὐτοῦ
3268 4722 3378 4802 ἔχει
3411 4720 3508 4793 τὴν
3541 4719 3715 4800 ἀρχὴν
3735 4765 3752 4793 ,

2150 4816 2240 4874 καὶ
2282 4815 2348 4875 δι’
2379 4817 2540 4873 αὐτοῦ
2589 4812 2832 4891 ἐγένετο,
2868 4812 2958 4871 καὶ
3001 4815 3074 4878 εἰς
3107 4810 3301 4890 αὐτὸν,
3331 4808 3513 4889 ὥσπερ
3553 4812 3626 4876 εἰς
3656 4814 3751 4869 θε-

2151 4903 2332 4985 μέλιόν
2378 4928 2497 4962 τινα
2531 4902 2802 4982 βεϐηκότα
2849 4898 3096 4961 ἵστανται
3147 4902 3239 4961 καὶ
3291 4899 3609 4981 συνέχονται
3658 4902 3755 4959 ἐπ-

2149 4993 2492 5076 εστραμμένα
2521 4991 2652 5073 πρὸς
2681 4991 2863 5052 αὐτόν.

2235 5182 2265 5214 ιι
2300 5159 2459 5237 Αὐτῷ
2495 5160 2528 5229 ἠ
2577 5155 2701 5225 δόξα
2737 5157 2808 5221 εἰς
2851 5152 2971 5221 τοὺς
3010 5154 3224 5220 αἰῶνας.
3276 5151 3464 5230 Ἀμήν.
3510 5176 3540 5211 ε
3588 5150 3751 5221 Ἕθος

2146 5253 2221 5330 τῷ
2252 5246 2457 5328 Παύλῳ
2478 5293 2493 5319 ,
2523 5246 2647 5304 ὅταν
2680 5270 2730 5305 τι
2761 5243 2898 5322 μέγα
2919 5245 3069 5330 silva.
3105 5245 3178 5311 εἰς
3204 5242 3549 5323 εὐχαριστίαν
3576 5266 3751 5302 κατα-

2147 5322 2339 5399 κλείειν
2386 5322 2476 5395 τδν
2512 5334 2665 5414 λόγον
2690 5356 2702 5371 ο
2745 5332 2875 5414 ὅπερ
2922 5322 3133 5393 οὖνκαὶ
3180 5322 3272 5392 νῦν
3308 5322 3465 5393 ποιεῖ.
3516 5332 3749 5405 Ἐπειδὴ

2147 5430 2253 5510 γὰρ
2282 5425 2549 5504 ἐξεπλάγη
2587 5422 2682 5497 τὴν
2726 5422 3064 5503 ἆγαθότητα,
3108 5422 3199 5483 καὶ
3250 5422 3347 5496 τὴν
3378 5422 3602 5504 σοφίαν,
3654 5420 3749 5481 καὶ

1834 5709 2025 5770 Varia:
2071 5707 2375 5770 lectiones.

502 5820 549 5866 N
588 5819 645 5873 οὐ
687 5821 842 5893 μόνον
875 5835 931 5875 0.
