4150 6422
460 481 566 537 497

1365 482 1717 540 EXPOSITIO
1759 484 1822 540 ΙΝ
1863 483 2074 541 EPIST.
2116 482 2210 539 AD
2247 484 2413 541 ROM.
2456 514 2525 525 —
2565 484 2718 540 CAP.
2759 486 2863 540 ΧΠ.

3670 489 3773 544 498

453 606 553 679 τὴν
602 607 828 686 γνῶσιν,
881 606 971 667 καὶ
1016 605 1110 675 τὰς
1152 607 1450 684 οἰκονομίας
1494 614 1586 668 τοῦ
1635 611 1816 688 Θεοῦ,
1854 609 2036 680 δοξάζε

2166 617 2393 682 stupore
2430 610 2740 682 perculssus
2784 620 2869 668 est
2890 610 2963 668 ob
3013 611 3319 669 bonitatem
3348 621 3403 670 et
3446 612 3769 686 sapientiam

453 698 638 757 λοιπὸν
680 695 834 757 αὐτόν
863 722 875 735 ·
904 698 966 757 τὸ
996 696 1124 758 αὐτὸ
1166 698 1257 757 καὶ
1294 704 1438 775 ἡμᾶς
1484 698 1783 773 διδάσκων,
1831 701 1918 761 ἐπὶ
1951 709 2041 759 τοῖι

2165 706 2220 756 et
2245 700 2526 770 notitiam,
2544 708 2601 758 et
2628 701 3091 774 gubernationem
3123 702 3245 767 Dei,
3280 704 3468 775 ipsum
3509 703 3775 777 deinceps

453 788 705 864 μεγάλοις
760 789 975 866 ἀγαθοῖς
1029 790 1365 868 εὐχαριστεῖν
1384 835 1403 868 ,
1450 794 1542 849 καὶ
1608 788 1840 860 δοξάζειν
1897 791 2041 851 αὖτὸι

2163 789 2436 864 gloriﬁcat
2464 810 2477 846 :
2508 806 2615 849 nos
2643 790 2832 849 itidem
2884 791 3177 849 instituens
3227 793 3299 848 ob
3328 793 3568 866 ingentia
3614 795 3767 852 bona

452 875 546 938 καὶ
575 875 661 936 διὰ
686 874 858 958 λόγων
875 922 892 953 ,
920 877 1017 938 καὶ
1049 876 1138 937 διὰ
1161 878 1457 948 πολιτείας.

1034 1083 1320 1146 ΚΕΦΑΛ.
1366 1083 1483 1145 IB’.

532 1244 556 1269 η
589 1218 906 1291 Παρακαλῶ
920 1209 1009 1278 οὖν
1031 1221 1198 1296 ὑμᾶς,
1230 1219 1482 1301 ἀδελφοὶ,
1516 1218 1606 1279 διὰ
1628 1223 1735 1279 τῶν
1760 1222 2050 1304 οἰκτιρμῶν

450 1312 542 1368 τοῦ
563 1308 706 1369 Θεοῦ
726 1353 743 1382 ,
778 1312 1127 1389 παραστῆσαι
1158 1307 1226 1368 τὰ
1272 1308 1504 1387 σώματα
1545 1313 1693 1386 ὑμῶν
1731 1309 1916 1369 θυσίαν
1941 1316 2049 1381 ζῶ-

2156 880 2360 953 gratias
2387 896 2549 955 agere
2576 881 2913 955 ,ipsumque
2948 890 3002 939 et
3046 882 3230 939 verbis
3279 891 3336 939 et
3380 882 3491 939 vita
3546 884 3763 957 gloriﬁ-

2162 984 2307 1027 care.

2657 1093 2773 1166 se
2808 1093 3055 1151 CAPUT
3088 1095 3221 1150 xn.

2233 1226 2414 1282 Vnus.
2467 1229 2517 1280 ι.
2557 1248 2583 1273 ι
2639 1223 2886 1283 Obsecro
2914 1227 3093 1296 itaque
3120 1241 3238 1294 vos,
3262 1226 3485 1295 fratres,
3520 1242 3617 1299 per
3658 1228 3764 1284 mi-

2156 1314 2461 1372 serationes
2507 1315 2637 1385 Dei,
2672 1322 2735 1372 ut
2771 1314 3077 1372 exhibeatis
3122 1331 3353 1389 corpora
3416 1324 3594 1373 vestra
3660 1316 3763 1373 ho-

449 1420 549 1457 σαν
565 1443 582 1471 ,
610 1396 767 1478 ἁγίαν
785 1442 802 1470 ,
830 1397 1113 1478 εὐάρεστον
1140 1401 1216 1481 τῷ
1240 1402 1367 1481 Θεῷ
1386 1446 1405 1473 ,
1432 1400 1529 1472 τὴν
1554 1398 1771 1479 λογικὴν
1795 1402 2041 1482 λατρείαν

2154 1403 2317 1459 etiam
2337 1404 2632 1472 viventem,
2665 1412 2940 1471 sanctam,
2991 1407 3108 1463 Deo
3144 1406 3475 1477 placentem,
3510 1407 3762 1463 rationa-

446 1490 616 1565 ὑμῶν.
674 1514 700 1540 υ
776 1486 1003 1561 Ἐπειδὴ
1042 1491 1237 1558 ἱκανῶς
1273 1493 1352 1572 τῷ
1394 1490 1706 1570 δογματικῷ
1754 1492 2043 1573 ἐνδιέτριψε

446 1577 587 1658 λόγῳ
608 1623 625 1653 ,
677 1576 860 1639 λοιπὸν
896 1577 988 1637 καί
1027 1580 1100 1646 εἰς
1129 1578 1221 1639 τὸν
1254 1579 1436 1652 ἠθικὸν
1486 1580 1717 1659 πρόεισι.
1771 1580 1885 1641 Καὶ
1929 1582 2045 1642 ἐπεὶ

448 1666 609 1736 ἔδειξε
662 1665 755 1738 τὴν
801 1672 894 1727 τοῦ
940 1671 1086 1730 Θεοῦ
1124 1667 1247 1749 περὶ
1298 1673 1443 1747 ἡμᾶς
1481 1669 1683 1751 ἄφατον
1738 1674 2044 1749 οἰκονομίαν

446 1757 537 1816 καὶ
568 1759 874 1837 ἀγαθότητα
892 1803 909 1831 ,
955 1760 1264 1838 παρακαλεῖ
1315 1786 1339 1812 α
1379 1758 1466 1820 διὰ
1494 1762 1600 1818 τῶν
1628 1761 1920 1841 οἰκτιρμῶν
1952 1770 2044 1824 τοῦ

444 1849 616 1920 Θεοῦ,
652 1874 679 1899 ιι
731 1846 1033 1921 τουτέστιν,
1065 1848 1255 1917 αὐτοὺς
1291 1848 1412 1917 τοὺς
1465 1848 1767 1930 οἰκτιρμοὺς
1819 1851 2041 1928 μεσίτας

2156 1492 2264 1548 lem
2291 1493 2505 1551 cultum
2554 1502 2818 1552 vestrum.
2861 1518 2883 1544 υ
2917 1497 3221 1568 Postquam
3268 1495 3484 1553 abunde
3530 1496 3664 1553 satis
3692 1496 3761 1553 de

2150 1581 2504 1655 dogmatibus
2526 1583 2690 1641 verba
2718 1583 2956 1648 fecisset,
2977 1584 3235 1657 deinceps
3267 1584 3335 1641 ad
3380 1600 3601 1642 morum
3622 1601 3760 1658 prae-

2149 1681 2310 1744 cepta
2330 1672 2531 1747 pergit.
2567 1676 2639 1730 Et
2662 1690 2794 1731 cum
2811 1672 3152 1731 ineffabilem
3184 1675 3283 1731 Dei
3300 1676 3447 1733 circa
3491 1691 3605 1731 nos
3648 1675 3765 1733 dis-

2152 1763 2529 1835 pensationem
2579 1772 2637 1820 et
2709 1763 3013 1820 bonitatem
3086 1764 3418 1822 ostendisset
3436 1808 3451 1833 ,
3510 1767 3764 1823 obsecrat

2151 1867 2251 1907 nos
2302 1868 2397 1923 per
2462 1853 2843 1911 miserationes
2886 1853 3017 1925 Dei,
3078 1877 3103 1903 ι
3144 1853 3253 1910 hoc
3289 1861 3404 1921 est,
3452 1854 3597 1926 ipsas
3651 1857 3760 1912 mi-

444 1935 873 2017 προϐαλλόμενος
896 1982 915 2014 ,
965 1940 1038 2006 ὣς
1082 1936 1145 1997 ἂν
1200 1937 1415 2007 τούτους
1465 1937 1819 2015 αἰδεσθέντες,
1872 1941 2040 2019 μηδὲν

2151 1942 2446 1999 serationes
2476 1942 2829 2001 intermedias
2867 1958 3214 2015 proponens,
3268 1952 3330 1999 ut
3366 1943 3444 2000 vel
3486 1944 3631 2018 ipsas
3669 1963 3760 2003 re-

444 2025 654 2095 ἆνάξιον
708 2028 885 2086 αὖτῶν
955 2028 1363 2105 ἕπιδειξώμεθα.
1448 2027 1522 2091 Τί
1578 2028 1634 2088 δὲ
1692 2034 2041 2110 παρακαλεῖς

440 2114 560 2176 Ἵνα
606 2115 1043 2197 παραστήσωμεν
1098 2116 1166 2177 τὰ
1230 2118 1463 2194 σώματα
1504 2122 1688 2195 ἡμῶν,
1735 2120 2040 2196 τουτέστιν,

440 2203 527 2265 ἵνα
573 2207 645 2273 εἰς
697 2205 931 2283 πόλεμον
986 2214 1154 2267 ταῦτα
1203 2210 1460 2287 ἐκδῶμεν.
1512 2209 1676 2271 Οὕτω
1717 2208 1822 2291 γὰρ
1862 2210 2041 2271 εἴωθεν

442 2300 477 2367 ἡ
525 2294 709 2374 ὁμιλία
757 2294 928 2374 λέγειν
964 2320 976 2334 ·
1009 2297 1361 2378 Παρέστησεν
1412 2304 1442 2359 ὁ
1474 2300 1771 2378 στρατηγὸς
1812 2299 1907 2367 τὰς
1944 2302 2040 2361 τά·

438 2384 537 2453 ξεις
564 2388 635 2453 εἰς
660 2384 917 2463 πόλεμον.
952 2383 1031 2449 Ἢ
1064 2387 1156 2447 καὶ
1187 2391 1257 2455 ὥς
1286 2390 1498 2468 βασιλεῖ
1544 2391 1621 2468 τῷ
1652 2392 1782 2467 Θεῷ
1830 2390 2043 2470 ὀφείλο-

440 2498 537 2551 μεν
587 2483 856 2557 παριστᾷν
904 2474 972 2535 τὰ
1011 2478 1149 2555 με’λη
1198 2482 1350 2555 ἡμῶν
1384 2478 1578 2555 δόκιμα
1608 2478 1700 2538 καὶ
1726 2481 2041 2559 ἐκλελεγμέ-

2071 1995 2119 2058 Β

2148 2032 2329 2101 veriti,
2358 2031 2488 2088 nihil
2532 2032 2661 2105 ipsis
2681 2033 2968 2106 indignum
2993 2041 3338 2105 prmatemus.
3367 2034 3519 2107 Quid
3566 2046 3761 2094 autem

2147 2123 2443 2178 obsecrat?
2485 2123 2567 2179 Ut
2597 2121 2957 2180 exhibeamus
2995 2138 3230 2195 corpora
3259 2132 3470 2191 nostra,
3516 2124 3622 2182 hoc
3652 2134 3759 2192 est,

2148 2220 2211 2267 ut
2229 2211 2298 2268 ad
2325 2212 2532 2269 bellum
2584 2227 2929 2284 exponamus
2982 2221 3039 2268 et
3093 2212 3399 2270 tradamus.
3461 2215 3550 2272 Sic
3578 2217 3752 2272 enim.

2147 2302 2308 2375 vulgo
2335 2301 2446 2359 dici
2468 2302 2609 2359 solet
2654 2319 2668 2356 :
2720 2305 3026 2374 [inperator
3076 2304 3220 2360 acies
3276 2319 3403 2360 suas
3442 2303 3510 2359 ad
3543 2304 3747 2361 bellum

2146 2390 2393 2449 exhibuit
2441 2391 2524 2447 vel
2545 2391 2826 2450 instruxit.
2868 2394 2983 2449 Aut
3038 2400 3301 2465 tanquam
3341 2393 3453 2466 regi
3486 2395 3604 2451 Deo
3666 2393 3760 2451 de-

2147 2481 2341 2539 bemus
2359 2480 2632 2538 exhibere
2668 2482 2919 2539 membra
2942 2490 3131 2539 nostra
3190 2483 3419 2554 probata
3464 2493 3523 2539 et
3562 2484 3757 2540 electa.

435 2588 499 2624 να
534 2588 547 2601 ·
574 2572 800 2625 τοιοῦτοι
828 2564 931 2645 γὰρ
963 2568 1013 2626 οἱ
1052 2570 1131 2648 τῷ
1178 2569 1389 2646 βασιλεῖ
1432 2568 1845 2648 παριστάμενοι.
1878 2567 2040 2630 Ἀλλὰ

2151 2570 2306 2628 Tales
2342 2571 2491 2628 enim
2533 2578 2662 2627 sunt
2681 2571 2777 2643 qui
2813 2571 3142 2643 imperatori
3170 2572 3287 2629 sive
3313 2572 3526 2631 militiae
3563 2572 3758 2645 praele-

434 2654 525 2713 καὶ
564 2676 594 2712 ιι
619 2654 803 2715 θυσίαν
849 2657 1021 2725 ζῶσαν
1047 2684 1073 2709 ι
1110 2664 1278 2719 ταῦτα
1310 2660 1672 2738 παραστῶμεν
1706 2657 1786 2737 [
1812 2681 2033 2740 παριστ.

436 2746 529 2806 vel
569 2745 1025 2826 παραστήσωμ.].
1065 2741 1245 2809 Ὀταν
1294 2746 1397 2826 γὰρ
1441 2748 1792 2826 νεκρώσωμεν
1835 2753 2035 2824 ταῦτα,

433 2833 551 2893 τότε
580 2837 752 2911 ζῶμεν
793 2833 934 2895 κατὰ
977 2842 1209 2911 πνεῦμα.
1248 2835 1321 2897 Ἦ
1374 2836 1471 2913 μὲν
1502 2828 1593 2897 οὖν
1646 2836 1915 2911 Ἰουδαῖκὴ
1948 2844 2039 2898 θυ-

2146 2668 2238 2716 cto
2278 2660 2566 2717 sistuntur.
2599 2662 2846 2732 Insuper,
2880 2684 2905 2710 σι
2959 2660 3199 2719 hostiam
3263 2662 3536 2717 viventem
3592 2686 3618 2712 ιε
3666 2678 3757 2718 ea-

2144 2749 2272 2807 dem
2292 2750 2672 2807 exhibeamus.
2698 2749 2933 2820 Quando
2952 2750 3096 2806 enim
3124 2766 3186 2807 ea
3212 2751 3758 2819 mortiﬁcaverimus,

2145 2848 2277 2896 tunc
2304 2840 2540 2897 vivimus
2584 2839 2892 2897 secundum
2914 2840 3191 2911 spiritum.
3243 2840 3537 2897 Iudaicum
3567 2842 3756 2914 itaque

430 2923 555 2997 σία,
582 2926 679 2984 οὐκ
706 2925 987 3004 εὐάρεστος
1008 2928 1084 3007 τῷ
1113 2928 1264 3006 Θεῷ.
1312 2954 1335 2978 ει
1367 2927 1465 2994 Τίς
1494 2927 1597 3007 γὰρ
1627 2927 1911 2999 ἐξεζήτησε
1940 2975 1957 3005 ,
1997 2951 2028 2988 n

2151 2929 2473 2987 sacriﬁcium
2523 2946 2636 2985 non
2691 2937 2775 2986 est
2816 2932 2938 2986 Deo
2970 2938 3207 3002 gratum.
3247 2949 3275 2983 α
3304 2930 3442 3002 Quis
3488 2932 3676 3001 enim,
3731 2957 3756 2981 ιο

435 3016 598 3095 φησὶ,
630 3042 654 3067 ι
686 3019 856 3074 ταῦτα
905 3017 966 3075 ἐκ
1010 3018 1115 3074 τῶν
1170 3018 1365 3096 χειρῶν
1419 3020 1604 3094 ὑμῶνς
1646 3044 1670 3071 υ
1712 3016 1783 3078 Ἣ
1824 3016 1881 3078 δὲ
1930 3023 2037 3079 τῶν
2146 3019 2347 3092 inquit,
2397 3044 2422 3070 ι

2471 3019 2764 3092 exquisivit
2806 3019 2925 3076 haec
2977 3019 3047 3076 de
3095 3020 3357 3077 manibus
3385 3018 3674 3079 vestris'?
3727 3043 3755 3074 ››

431 3107 635 3164 πιστῶν
676 3104 860 3177 θυσία,
917 3108 952 3177 ἡ
996 3106 1186 3183 λογικὴ
1235 3107 1493 3188 λατρεία,
1543 3106 1745 3189 σφόδρα
1799 3108 2036 3179 ζητεῖται

2151 3109 2421 3167 Fidelium
2484 3117 2670 3167 autem
2731 3109 3083 3177 sacriﬁcium,
3146 3109 3203 3166 id
3254 3119 3360 3179 est,
3419 3111 3751 3169 rationalem

433 3193 582 3276 παρὰ
608 3200 701 3256 τοῦ
731 3200 873 3259 Θεοῦ
901 3194 976 3257 9⁸.
1012 3222 1035 3246 κ
1056 3197 1237 3256 Θῦσον
1257 3223 1282 3249 ιι
1306 3198 1410 3276 γὰρ
1435 3223 1460 3249 α
1487 3198 1564 3275 τῷ
1595 3199 1721 3277 Θεῷ
1753 3196 1939 3257 θυσίαν
1961 3200 2037 3257 αἰ-

431 3284 625 3352 νέσεως
647 3308 662 3321 ο
686 3312 710 3338 υ
743 3284 834 3343 καὶ
850 3329 867 3354 ,
895 3311 919 3337 α
944 3284 1125 3346 Θυσία
1147 3285 1390 3353 αἰνέσεως
1416 3284 1623 3354 δοξάσει
1657 3311 1746 3364 με.
1776 3313 1801 3341 ιι
1828 3287 2034 3366 Λογικὴ

432 3374 487 3434 δὲ
516 3372 753 3455 λατρεία,
781 3375 842 3434 οὗ
874 3374 1032 3449 μόνον
1057 3378 1092 3447 ἡ
1120 3374 1207 3435 διὰ
1235 3374 1395 3453 λόγου
1421 3375 1548 3454 πρὸς
1583 3378 1725 3437 Θεὸν
1757 3376 2033 3455 γινομένη,

2154 3377 2325 3436 laudis
2349 3378 2681 3452 gloriﬁcabit
2707 3394 2799 3435 me
2825 3382 2888 3433 ¹¹³.
2924 3403 2949 3429 ι.

436 3464 572 3524 ἀλλὰ
601 3466 692 3524 καὶ
725 3471 760 3538 ἡ
785 3463 927 3524 κατὰ
958 3464 1188 3543 Χριστὸν
1229 3464 1471 3524 πολιτεία
1498 3510 1515 3540 ,
1544 3464 1672 3525 ὅταν
1713 3466 1878 3543 μηδὲν
1910 3467 2041 3526 ἄλο-

437 3578 526 3632 γον
579 3555 746 3622 πάθος
792 3555 845 3613 ἐν
895 3554 1025 3631 ἡμῖν
1066 3559 1275 3636 κρατῇ,
1320 3556 1460 3614 ἀλλὰ
1501 3558 1530 3614 ὁ
1574 3554 1727 3634 λόγος
1770 3556 1835 3617 τὰ
1864 3556 2040 3615 πάντα

434 3646 606 3725 διοικῇ
627 3668 641 3681 ο
672 3644 764 3703 καὶ
792 3642 979 3724 ὥσπερ
1012 3643 1289 3724 ἀρχιερεὺς
1322 3643 1553 3712 ἕκαστος
1582 3647 1774 3706 ἑαυτοῦ
1797 3645 1999 3722 γίνεται
2020 3692 2036 3717 ,

439 3734 793 3814 ἀποσφάττων
832 3732 929 3801 τὰς
971 3734 1114 3802 ἕντὸς
1158 3734 1379 3807 κακίας,
1424 3732 1517 3793 καὶ
1566 3735 1736 3794 δοκῶν
1788 3735 1870 3795 ἀεὶ
1903 3759 2040 3814 παρ’

443 3823 662 3882 εστάναι
710 3827 785 3904 τῷ
831 3824 994 3904 Θεῷ,
1027 3823 1119 3883 καὶ
1166 3827 1308 3882 κατὰ
1352 3831 1537 3883 πᾶσαν
1588 3823 1779 3903 πρᾶξιν
1824 3825 1916 3885 καὶ
1948 3828 2041 3906 ῥῆ-

443 3937 527 3972 σιν
555 3911 691 3972 οὕτω
719 3912 946 3994 φρίττων
966 3961 985 3989 ,
1029 3916 1101 3981 ὥς
1132 3917 1161 3975 ὁ
1193 3913 1503 3994 ἀρχιερεὺς,
1542 3914 1669 3975 ὅταν
1702 3912 1825 3995 θείῳ
1850 3920 2041 3975 θυσια-

443 4002 642 4083 στηρίῳ
669 4002 1017 4083 παρίσταται.

517 4212 541 4237 ι
580 4182 690 4246 Καὶ
738 4184 815 4260 μὴ
868 4182 1361 4263 συσχηματίζεσθαι
1390 4182 1443 4219 ⁰⁶
1488 4186 1567 4265 τῷ
1628 4186 1785 4244 αἰῶνι
1835 4182 2041 4266 τούτῳ,

440 4272 580 4334 ἀλλὰ
628 4277 1101 4355 μεταμορφοῦσθαι
1130 4272 1182 4311 ⁸⁷
1362 4272 1746 4355 ἀνακαινώσει.
1781 4279 1874 4334 τοῦ
1926 4273 2043 4343 νοὸς

439 4366 608 4441 ὑμῶν,
642 4390 667 4417 ι
719 4353 1067 4424 ’Υποτ-ίθεται
1115 4366 1248 4439 ἡμῖν
1297 4361 1527 4443 τρόπον,
1578 4362 1645 4423 δι’
1688 4353 1748 4422 οὗ
1799 4364 2041 4435 δυνησώ-

439 4458 573 4530 μεθα
625 4452 722 4526 τὴν
768 4450 989 4532 λογικὴν
1033 4453 1283 4532 λατρείαν
1329 4455 1666 4533 κατορθῶσαι
1699 4476 1713 4490 ·
1762 4450 1817 4522 ὅς
1860 4454 2003 4513 ἐστιν
2023 4500 2040 4528 ,

440 4542 529 4603 ἐὰν
583 4543 660 4618 μὴ
714 4541 1245 4621 συσχηματιζώμεθα
1291 4544 1367 4621 τῷ
1410 4544 1565 4603 αἰῶνι
1615 4540 1808 4624 τούτῳ.
1868 4543 2040 4604 Οὐδὲν

436 4632 541 4712 γὰρ
568 4632 684 4712 ἔχει
711 4630 861 4697 ἑστὸς
885 4630 977 4690 καὶ
1009 4628 1225 4711 βέϐαιον
1249 4674 1265 4704 ,
1295 4631 1435 4690 ἀλλὰ
1474 4630 1653 4690 πάντα
1698 4630 1998 4713 πρόσκαιρα
2023 4679 2040 4709 ,

439 4723 530 4781 καὶ
576 4725 769 4801 σχῆμα
818 4720 977 4798 μόνον
1029 4720 1247 4800 ἔχοντα,
1299 4721 1401 4801 οὐχ
1438 4719 1732 4781 ὕπόστασίν
1779 4745 1899 4780 τινα
1952 4721 2044 4781 καὶ

440 4810 623 4871 οὖσίαν
685 4813 934 4890 μόνιμον.
996 4808 1096 4881 Μὴ
1127 4801 1217 4869 οὖν
1235 4856 1253 4886 ,
1308 4811 1468 4892 φησὶν
1486 4855 1503 4884 ,
1565 4809 1895 4888 ἐξομοιοῦσθε
1953 4811 2044 4872 καὶ

441 4901 589 4977 ὑμεῖς
636 4899 809 4983 τούτῳ
842 4903 917 4981 τῷ
967 4901 1117 4958 αἰῶνι
1167 4900 1521 4982 ἆνυποστάτῳ
1555 4924 1569 4937 ³
1622 4900 1896 4979 τουτέστι,
1945 4901 2043 4973 Μὴ

443 4997 683 5072 φρονεῖτε
710 4988 781 5048 τὰ
803 4988 1014 5062 τούτου,
1041 5017 1066 5045 ι
1089 4987 1230 5050 ἀλλὰ
1254 4995 1700 5070 μεταμορφοῦσθε
1726 4994 1792 5065 τῇ
1826 4992 2047 5051 ἀνακαι-

437 5080 600 5139 νώσει
623 5084 716 5139 τοῦ
743 5078 859 5145 νοὸς
896 5080 1068 5158 ὑμῶν,
1095 5105 1119 5132 ι
1146 5079 1445 5155 τουτέστιν,
1469 5079 1552 5138 ἀεὶ
1586 5077 1872 5141 ἄνακαίνου
1897 5103 2049 5138 σεαυ-

440 5168 550 5230 τόν.
591 5167 901 5249 Ἥμαρτες;
955 5166 1299 5235 ἔπαλαίωσάς
1343 5190 1439 5229 σου
1485 5164 1584 5241 τὴν
1894 5168 2045 5229 Ἀνα·

440 5259 743 5332 καινίσθητι
790 5258 972 5321 πάλιν.
1031 5256 1415 5338 Κατῶρθωσάς
1457 5281 1510 5317 τι
1555 5257 1782 5339 μικρόν;
1812 5259 2050 5319 σπούδα-

444 5372 533 5408 σον
562 5348 657 5410 καὶ
685 5351 864 5427 μεῖζον
909 5350 1282 5428 κατορθῶσαι,
1313 5348 1403 5409 καὶ
1448 5346 1670 5427 γέγονας
1696 5347 1878 5416 καινὸς
1898 5392 1915 5421 ,
1963 5346 2048 5409 ἀεὶ

445 5439 533 5498 ἐπὶ
559 5440 623 5500 τὸ
662 5446 899 5520 κρεῖττον
939 5434 1468 5519 μεταμορφούμενος.
1501 5433 1651 5519 Ὅρα
1693 5437 1787 5510 δὲ,
1817 5440 1931 5505 πῶς
1956 5437 2047 5497 ἐπὶ

447 5528 543 5606 μὲν
568 5532 661 5588 τοῦ
693 5527 898 5606 κόσμου
929 5530 1119 5608 σχῆμα
1161 5526 1411 5603 ὠνόμασε
1433 5574 1450 5600 ,
1498 5526 1585 5587 διὰ
1633 5527 1695 5586 τὸ
1738 5527 2045 5587 εὐδιάλυτον

517 5644 533 5682 ¹
567 5648 675 5703 lla.
707 5650 871 5714 1,12.
950 5653 988 5681 ⁸
1023 5644 1171 5702 Psal.
1210 5658 1387 5712 χιιι,
1424 5650 1506 5700 t4.

2143 3198 2357 3258 cultum
2404 3199 2757 3256 vehementer
2783 3199 2990 3271 expetit
3025 3202 3195 3256 Deus.
3235 3221 3261 3250 α
3284 3200 3566 3258 Sacriﬁcia
3598 3201 3749 3257 enim

2151 3292 2285 3359 Deo,
2313 3312 2340 3340 ν
2367 3288 2566 3362 inquit,
2589 3309 2616 3342 ‹‹
2640 3289 2973 3346 sacriﬁcium
2987 3289 3163 3346 laudis
3185 3308 3198 3346 :
3218 3309 3245 3343 ω
3266 3298 3344 3357 et,
3368 3312 3395 3339 ει
3413 3290 3757 3347 Sacriﬁcium

3011 3380 3319 3437 Rationalis
3345 3389 3532 3437 autem
3577 3381 3758 3438 cultus

2153 3476 2259 3537 est,
2284 3484 2400 3525 non
2428 3468 2615 3526 solum
2643 3469 2737 3541 qui
2785 3469 2964 3526 verbis
2998 3468 3069 3526 ad
3112 3473 3296 3526 Deum
3327 3467 3487 3527 factis
3519 3479 3755 3542 prasta-

2150 3565 2263 3625 tur,
2297 3574 2489 3615 verum
2541 3557 2711 3615 etiam
2751 3559 2863 3616 vita
2892 3567 2977 3616 est
3005 3566 3059 3614 et
3086 3559 3439 3616 conversatio
3481 3560 3757 3617 ecundum

2150 3647 2484 3707 Christum:
2528 3656 2585 3705 et
2626 3648 2855 3721 quando
2911 3649 3094 3705 nullus
3146 3648 3479 3705 irrationalis
3523 3648 3757 3707 affectus

2154 3738 2210 3794 in
2256 3738 2415 3796 nobis
2433 3746 2645 3811 regnat,
2674 3738 2774 3795 sed
2803 3738 2942 3795 ratio
2976 3738 3168 3796 omnia
3197 3738 3505 3810 gubernat;
3538 3748 3593 3795 et
3620 3750 3749 3796 tan-

2152 3843 2321 3900 quam
2352 3826 2597 3900 pontifex
2624 3827 2855 3900 quisque
2898 3827 3156 3900 suiipsius
3180 3828 3359 3884 factus
3388 3826 3578 3896 fuerit,
3610 3830 3756 3884 inte-

2151 3916 2353 3974 riorem
2380 3916 2652 3979 malitiam
2676 3916 2959 3990 jugulans,
2999 3932 3169 3989 seque
3200 3916 3523 3973 existimans
3542 3932 3760 3989 semper

2151 4022 2344 4064 coram
2380 4010 2502 4064 Deo
2532 4015 2696 4077 stare,
2729 4024 2792 4063 ac
2828 4007 2883 4063 in
2926 4006 3080 4065 omni
3112 4023 3274 4078 opere
3302 4015 3357 4063 et
3389 4007 3555 4063 verbo
3586 4008 3759 4063 instar

2153 4096 2429 4169 pontiﬁcis
2455 4096 2662 4154 divina
2685 4112 2798 4154 arae
2823 4096 3127 4154 assistentis
3156 4096 3599 4169 perhorrescens.

2224 4188 2408 4244 Vns.
2453 4194 2504 4242 2.
2551 4206 2580 4241 ιι
2606 4189 2675 4244 Et
2702 4203 2773 4243 ne
2800 4186 3225 4259 conﬁguremini
3256 4186 3384 4243 huic
3403 4188 3629 4255 saeculo,
3661 4187 3758 4244 sed

2152 4276 2632 4334 transformemini
2664 4292 2759 4350 per
2781 4276 3200 4334 renovationem
3245 4277 3453 4333 mentis
3472 4286 3698 4335 vestrae.
3731 4300 3761 4327 »

2155 4366 2387 4435 Modum
2417 4366 2576 4424 nobis
2616 4367 2903 4439 proponit,
2930 4383 3044 4440 quo
3069 4367 3400 4424 rationalem
3432 4369 3648 4425 cultum
3676 4369 3759 4424 vel

2155 4456 2480 4514 servitutem
2534 4456 2805 4530 perﬁcere
2835 4472 3104 4529 queamus
3154 4476 3169 4513 :
3237 4458 3335 4529 qui
3392 4465 3500 4526 est,
3549 4457 3595 4515 si
3642 4474 3755 4513 non

2154 4547 2569 4621 conﬁguremur
2592 4548 2797 4605 saeculo
2839 4547 2992 4604 huic.
3057 4547 3207 4603 Nihil
3260 4548 3415 4602 enim
3464 4546 3630 4603 habet
3669 4548 3752 4603 vel

2156 4638 2349 4695 stabile
2378 4639 2460 4695 vel
2490 4637 2740 4707 ﬁrmum,
2782 4638 2882 4695 sed
2920 4638 3107 4695 omnia
3136 4645 3267 4693 sunt
3318 4636 3655 4707 temporaria
3707 4645 3764 4692 et

2156 4727 2388 4801 ﬁguram
2410 4736 2630 4785 tantum
2658 4727 2935 4797 habentia,
2969 4743 3083 4783 non
3120 4726 3539 4783 subsistentiam
3561 4742 3757 4799 quam-

2154 4816 2308 4887 dam,
2338 4825 2395 4874 et
2426 4817 2797 4875 substantiam
2826 4818 3048 4874 ﬁrmam
3074 4833 3171 4874 seu
3216 4825 3649 4891 permanentem.
3677 4818 3760 4873 Ne

2156 4907 2361 4979 itaque,
2394 4908 2594 4980 inquit,
2633 4907 3013 4964 assimilemini
3041 4917 3097 4964 et
3132 4922 3233 4965 vos
3283 4907 3411 4964 huic
3451 4906 3654 4965 saeculo
3684 4907 3766 4963 in-

2156 4997 2476 5057 oonstanti:
2508 4996 2615 5055 hoc
2643 5005 2752 5066 est,
2784 5000 2868 5054 Ne
2921 4997 3182 5071 cogitate,
3231 5013 3409 5069 neque
3438 4998 3618 5069 sapite
3643 5011 3767 5069 qua

2156 5095 2287 5145 sunt
2316 5086 2501 5161 hujus,
2552 5106 2580 5141 ε
2630 5087 2738 5145 Sed
2785 5085 3262 5143 transformemini
3308 5102 3404 5159 per
3441 5086 3760 5143 renovatio-

2156 5194 2288 5235 nem
2346 5177 2547 5234 mentis
2596 5185 2825 5242 vestrae,
2859 5196 2887 5229 ν
2930 5176 3036 5234 hoc
3061 5184 3166 5243 est,
3230 5178 3529 5248 Nunquam
3555 5190 3670 5230 non
3707 5183 3761 5231 te

2159 5269 2344 5340 ipsum
2361 5267 2586 5324 innova.
2616 5266 3162 5325 PeccastiPanimam
3187 5273 3343 5321 tuam
3365 5272 3610 5320 veterem
3638 5264 3763 5321 red-

2156 5356 2347 5414 didisti
2400 5374 2413 5412 :
2471 5356 2733 5414 innovare
2783 5372 2993 5413 rursus.
3057 5354 3351 5412 Correxisti
3409 5368 3593 5411 mores
3638 5362 3767 5410 tuos

2157 5447 2387 5519 paulum
2422 5452 2447 5504 ?
2488 5462 2691 5505 conare
2744 5447 2923 5519 magis
2975 5444 3255 5517 magisque
3305 5443 3623 5509 emendare,
3688 5444 3766 5498 ln-

2156 5546 2389 5610 ctusque
2432 5552 2490 5593 es
2518 5552 2713 5605 novus,
2743 5536 2797 5592 in
2828 5536 3028 5591 melius
3052 5550 3272 5607 semper
3332 5533 3771 5590 transformatus

1845 5725 2041 5785 Varia
2085 5726 2389 5787 lectiones.

522 5824 567 5859 ’⁸
590 5831 662 5899 τῷ
697 5826 811 5900 Θεῷ
846 5841 900 5883 o.
976 5824 1022 5859 ’⁸
1046 5856 1117 5868 -
1145 5824 1335 5887 τίζεσθε
1363 5840 1418 5881 0.
1494 5823 1541 5860 9"
1582 5854 1633 5864 —
1662 5824 1845 5897 φοῦσθε
1878 5840 1934 5881 ο.
