4150 6440
387 502 490 558 499

1379 499 1893 555 THEOPHYLACTI
1933 497 2290 554 BULGAerE
2329 495 2645 553 ARCHIEP.

3593 493 3698 549 500

387 627 524 684 Vide
553 602 744 684 autem
767 625 1049 700 quomodo
1104 624 1173 682 de
1201 623 1413 680 mundo
1443 599 1682 697 ﬁguram
1714 623 1887 692 .dixit,
1918 639 1982 680 eo
2011 684 2015 691 η

2131 623 2186 681 αὶ
2210 624 2556 704 πρόσκαιρον·
2604 622 2692 680 ἐπὶ
2732 619 2788 680 δὲ
2814 625 2909 690 τῆς
2952 623 3144 700 ἀρετῆς
3167 665 3183 692 ,
3231 618 3440 701 μορφὴν
3460 669 3475 693 ,
3499 624 3572 687 ὡς
3607 644 3704 700 φυ-

391 716 539 788 quod
581 715 714 771 nihil
761 731 878 770 non
933 715 1003 770 sit
1051 714 1109 769 in
1147 714 1236 770 illo
1294 714 1714 785 temporarium,
1751 721 1808 770 et
1840 712 1989 769 facile

392 805 711 862 dissolubile
744 826 755 860 :
793 803 862 860 de
897 803 1097 860 virtute
1127 819 1276 872 vero,
1307 805 1418 875 87
1447 802 1686 860 formam
1721 821 1734 858 :
1776 811 1839 859 ut
1865 817 1990 875 quae

395 895 699 952 naturalem
757 893 1218 966 pulchritudinem
1270 901 1426 966 gerat
1453 909 1632 966 neque
1669 893 1852 966 aliqua
1894 909 1988 949 ex-

394 995 681 1041 ternarum
736 984 1044 1055 ﬁgurarum
1120 991 1646 1039 oruamentorumve
1720 983 1983 1055 indigeat.

401 1073 645 1130 Mundus
675 1074 826 1130 enim
850 1081 1102 1140 ornatur,
1129 1081 1193 1128 ut
1219 1089 1323 1129 nos
1347 1072 1405 1128 in
1435 1072 1692 1129 fraudem
1728 1071 1988 1129 inducat:

399 1164 573 1220 virtus
600 1172 786 1220 autem
829 1164 1111 1236 propriam
1157 1179 1315 1219 suam
1372 1163 1607 1219 formam
1632 1163 1838 1234 absque
1867 1162 1994 1219 fuco

400 1253 657 1310 ostendit.
693 1255 922 1324 Semper
949 1253 1136 1326 itaque
1187 1250 1574 1309 transformari
1623 1252 1891 1309 debemus
1914 1268 1997 1309 se-

399 1342 644 1400 cundum
683 1343 947 1398 virtutem
989 1341 1356 1414 iunovarique
1382 1358 1415 1398 a
1445 1342 1598 1398 malo
1652 1341 1722 1399 ad
1761 1341 1995 1409 bonum,

400 1443 457 1489 et
482 1449 512 1489 a
542 1432 741 1488 minori
765 1432 970 1488 virtute
1007 1431 1079 1488 ad
1126 1431 1418 1504 majorem.

478 1547 502 1570 ιι
533 1525 616 1580 Ut
642 1522 885 1594 probetis
914 1537 1012 1578 vos
1064 1536 1187 1594 quae
1217 1521 1290 1576 sit
1319 1521 1568 1577 voluntas
1611 1519 1710 1576 Dei
1750 1520 1920 1588 bona,
1946 1529 2002 1576 et

404 1613 543 1668 bene
592 1613 812 1684 placens
835 1621 890 1668 et
935 1610 1191 1683 perfecta.
1235 1634 1260 1661 ι)
1293 1611 1431 1681 Quia
1477 1609 1705 1674 dixerat,
1762 1613 1996 1666 lnnove-

404 1702 542 1758 mini
569 1717 807 1774 semper,
855 1702 981 1757 novi
1003 1701 1134 1756 facti
1167 1719 1180 1757 ε
1215 1701 1334 1774 jam
1360 1700 1606 1772 exponit,
1634 1698 1707 1755 ad
1734 1699 1865 1772 quid
1896 1700 2003 1756 uti-

406 1791 472 1846 lis
519 1791 589 1847 sit
631 1790 824 1847 isthaac
853 1791 1056 1846 mentis
1091 1790 1375 1846 innovatio
1421 1809 1433 1845 :
1473 1789 1741 1846 nimirum
1771 1789 1842 1847 ad
1871 1790 2000 1858 hoc,

409 1901 437 1934 ι(
466 1883 547 1937 Ut
580 1879 856 1952 probetis,
890 1903 916 1930 ιι
967 1879 1074 1936 hoc
1103 1888 1206 1946 est,
1236 1889 1298 1936 ut
1346 1879 1676 1952 dignoscatis
1709 1899 1737 1931 ς(
1777 1896 1900 1952 quae
1930 1879 2004 1935 sit

2099 713 2245 772 σικὸν
2293 711 2519 792 ἐχούσης
2560 712 2787 784 κάλλος,
2839 709 2928 769 καὶ
2967 710 3114 770 οὐδὲν
3163 709 3407 786 δεόμενον
3447 713 3552 769 τῶν
3583 707 3706 778 ἔξω·

2099 807 2183 861 θεν
2222 803 2520 882 σχημάτων
2568 801 2658 860 καὶ
2695 800 3190 876 καλλωπισμάτων.
3225 798 3294 860 Ὁ
3345 799 3439 876 μὲν
3474 799 3580 877 γὰρ
3612 799 3704 858 κό-

2101 916 2230 967 σμος
2263 891 2691 970 σχηματίζεται,
2728 892 2798 956 ὡς
2830 887 2891 947 ἂν
2933 891 3102 969 κλέψῃ
3137 893 3282 965 ἡμᾶς
3311 912 3324 926 ο
3373 894 3404 960 ἡ
3438 888 3493 947 δὲ
3541 889 3705 970 ἀρετὴ

2100 981 2194 1053 τὴν
2271 981 2468 1041 οἰκείαν
2545 978 2751 1058 μορφὴν
2832 979 3241 1058 ἀσχημάτιστον
3321 978 3702 1038 ἐπιδείκνυται.

2099 1070 2418 1151 Ὀφείλομεν
2472 1060 2560 1129 οὖν
2611 1071 2693 1128 ἀεὶ
2751 1073 3226 1148 μεταμορφοῦσθαι
3287 1067 3414 1127 κατ’
3465 1066 3705 1145 ἀρετὴν,

2105 1159 2564 1236 ἇνακαινιζόμενοι
2594 1157 2684 1217 καὶ
2718 1157 2937 1217 ἀπὸτοῦ
2971 1163 3135 1218 κακοῦ
3176 1159 3247 1225 εἷς
3280 1156 3341 1216 τὸ
3366 1157 3534 1216 καλὸν
3559 1202 3575 1231 ,
3617 1157 3709 1215 καὶ

2107 1251 2212 1310 ἀπὸ
2237 1253 2332 1322 τῆς
2371 1251 2648 1314 ἐλάττονος
2679 1249 2870 1329 ἀρετῆς
2912 1249 2983 1315 εἷς
3021 1245 3116 1318 τὴν
3148 1248 3382 1325 μείζονα.

2192 1545 2213 1569 ιι
2252 1519 2345 1586 Εἰς
2386 1516 2443 1576 τὸ
2488 1516 2792 1594 δοκιμάζειν
2847 1521 2988 1594 ὗμᾶς
3029 1515 3080 1574 τί
3108 1515 3170 1576 τὸ
3199 1516 3408 1593 θέλημα
3448 1519 3539 1573 τοῦ
3571 1517 3715 1576 Θεοῦ

2110 1609 2170 1668 τὸ
2200 1607 2398 1687 ἀγαθὸν
2420 1651 2437 1680 ,
2477 1608 2568 1666 καὶ
2599 1606 2882 1686 εὐάρεστον
2906 1650 2922 1679 ,
2951 1605 3043 1664 καὶ
3074 1604 3292 1665 τέλειον.
3319 1632 3342 1655 ι
3374 1603 3592 1678 Εἰπὼν,
3627 1603 3713 1663 ὅτι

2111 1698 2454 1759 Ἀνανεοῦσθε
2506 1696 2588 1756 ἀεὶ
2637 1695 2812 1756 καινοὶ
2864 1696 3133 1774 γενόμενοι
3185 1693 3277 1777 [
3339 1719 3441 1773 γιν.
3472 1697 3519 1771 ],
3568 1693 3715 1773 λέγει

2117 1793 2239 1864 νῦν,
2267 1786 2361 1847 καὶ⁵
2388 1792 2490 1845 ποῦ
2527 1785 2792 1867 ὠφέλιμος
2824 1790 2855 1856 ἡ
2892 1790 2984 1843 τοῦ
3029 1784 3142 1852 νοὸς
3183 1785 3538 1848 ἄνακαίνωσις
3565 1806 3577 1820 ·
3625 1784 3717 1842 καί

2122 1901 2317 1961 φησιν,
2370 1875 2452 1937 ὅτι
2502 1904 2524 1930 α
2569 1878 2661 1943 Εἷς
2707 1874 2767 1934 τὸ
2818 1873 3123 1949 δοκιμάζειν
3163 1877 3338 1951 ὑμᾶς,
3380 1903 3403 1925 ιο
3445 1872 3718 1946 τουτέστι,

406 1969 662 2027 voluntas
689 1969 814 2026 Dei.
853 1993 878 2019 υ
923 1969 1023 2026 Cui
1053 1971 1201 2026 enim
1232 1978 1316 2025 est
1342 1970 1647 2027 inveterata
1676 1985 1856 2038 meus,
1889 1985 2002 2026 non

2127 1965 2474 2045 ῖιαγινώσκειν
2498 2011 2514 2040 ,
2549 1995 2570 2018 «ι
2603 1969 2657 2024 τί
2685 1965 2744 2024 τὸ
2766 1965 2974 2040 θέλημα
3005 1971 3095 2023 τοῦ
3125 1967 3290 2045 Θεοῦ.
3334 1992 3358 2016 α
3391 1963 3462 2024 c0
3489 1964 3584 2040 μὲν
3614 1963 3716 2043 γὰρ

404 2061 560 2116 novit
581 2076 706 2133 quae
725 2060 799 2116 sit
831 2060 1084 2116 voluntas
1114 2059 1215 2116 Dei
1239 2077 1251 2114 :
1285 2074 1410 2132 quae
1437 2069 1538 2129 est,
1564 2061 1624 2116 in
1653 2058 1848 2115 humili
1875 2058 2008 2115 afl'e-

406 2159 498 2206 ctu
521 2149 709 2205 vivere
754 2157 810 2205 et
860 2150 920 2204 in
946 2157 1265 2221 paupertate
1298 2157 1354 2204 et
1380 2150 1530 2204 luctu
1581 2149 1815 2222 aliisque
1843 2149 2011 2206 rebus

406 2239 476 2295 de
507 2238 707 2311 quibus
763 2239 880 2312 lege
915 2247 1139 2295 cautum
1169 2247 1276 2295 est.
1338 2240 1635 2295 lnnovatus
1681 2245 1866 2294 autem
1894 2238 2010 2311 spi-

409 2329 540 2394 ritu,
591 2328 640 2383 is
684 2328 835 2384 novit
861 2344 987 2400 quae
1033 2329 1105 2383 sit
1157 2329 1407 2384 voluntas
1455 2328 1578 2391 Dei,
1631 2343 1743 2384 non
1789 2327 2012 2400 perinde

410 2435 474 2473 ac
523 2417 700 2474 Judaei
724 2425 943 2484 norant,
977 2418 1094 2488 lege
1121 2416 1350 2473 detenti.
1379 2417 1662 2488 Siquidem
1709 2425 1764 2474 et
1792 2419 1881 2474 lex
1907 2417 2011 2472 Dei

410 2507 665 2564 voluntas
693 2515 830 2575 erat,
881 2506 973 2562 sed
999 2522 1110 2562 non
1139 2506 1497 2578 beneplacens
1523 2522 1698 2579 neque
1741 2505 2010 2578 perfecta.

410 2600 534 2653 Non
607 2595 755 2652 enim
812 2595 1070 2668 primario
1120 2603 1177 2652 et
1224 2596 1495 2668 praecipue
1554 2597 1659 2651 lata
1707 2605 1840 2659 erat,
1918 2595 2012 2652 sed

412 2693 634 2758 propter
663 2685 1342 2741 illorumimbecillitatem
1370 2700 1633 2741 concessa
1678 2693 1781 2741 est.
1831 2683 2013 2741 Perfe-

414 2783 498 2830 cta
538 2782 726 2830 autem
764 2773 1017 2829 voluntas
1045 2783 1099 2829 et
1139 2774 1500 2847 beneplacens
1547 2782 1632 2831 est
1659 2776 1878 2830 Novum
1905 2777 2014 2831 Te-

414 2872 779 2920 stamentum.
811 2865 972 2918 Potes
1007 2871 1193 2920 autem
1242 2865 1398 2935 juxta
1446 2865 1627 2936 Magni
1659 2863 1841 2919 Basilii
1882 2879 2013 2919 sen-

415 2953 642 3009 tentiam
663 2951 741 3008 sic
784 2952 952 3007 etiam
977 2952 1223 3025 accipere
1253 2970 1266 3009 :
1311 2955 1486 3010 Multa
1538 2953 1657 3008 vult
1711 2955 1882 3018 Deus,
1914 2953 2014 3008 alia

415 3042 642 3115 quidem
671 3041 739 3098 ad
777 3042 1198 3100 beneﬁcentiam
1241 3050 1491 3099 nostram
1523 3058 1648 3114 quae
1687 3042 1829 3098 bona
1853 3041 2015 3098 etiam

415 3131 697 3196 dicuntur,
729 3147 830 3187 ceu
860 3131 1107 3188 bonitate
1138 3130 1345 3188 referta
1370 3150 1385 3188 :
1414 3132 1520 3188 alia
1550 3147 1678 3188 vero
1701 3132 1833 3200 vult,
1883 3147 2018 3203 pro-

2117 2059 2256 2138 ἔχων
2288 2057 2374 2116 τὸν
2407 2062 2528 2116 νοῦν
2575 2054 3048 2132 πεπαλαιωμένον,
3091 2057 3187 2113 οὖκ
3235 2044 3340 2113 οἶδε
3394 2055 3455 2115 τὸ
3508 2055 3717 2131 θέλημα

2118 2154 2208 2207 τοῦ
2238 2150 2379 2208 Θεοῦ
2411 2166 2426 2182 ⁸
2459 2147 2590 2225 ὅπερ
2632 2145 2747 2206 ἐστὶ
2787 2144 2847 2203 τὸ
2877 2147 2928 2203 ἐν
2962 2144 3417 2225 ταπεινοφροσύνῃ
3459 2146 3583 2222 ζῇν,
3627 2143 3720 2202 καὶ

2119 2236 2273 2318 πενίᾳ
2291 2283 2305 2310 ,
2337 2238 2428 2295 καὶ
2456 2235 2634 2295 πένθει
2655 2280 2672 2309 ,
2701 2235 2792 2294 καὶ
2833 2243 2939 2302 τοῖς
2979 2235 3158 2302 ἄλλοις
3195 2225 3715 2318 οἶς-ἐνομοθέτησεν.

2119 2327 2188 2388 Ὀ
2239 2312 2294 2385 δὲ
2338 2324 2726 2392 ἄνακαινισθεὶς
2764 2327 2840 2404 τῷ
2896 2323 3193 2401 πνεύματι,
3242 2314 3387 2389 οὗτος
3433 2312 3541 2382 οἶδε
3583 2321 3634 2380 τί
3662 2321 3722 2379 τὸ

2121 2418 2326 2490 θέλημα
2357 2421 2448 2474 τοῦ
2477 2417 2650 2491 Θεοῦ,
2695 2417 2795 2494 οὐχ
2840 2405 2946 2472 οἷον
2979 2416 3027 2472 οἱ
3065 2413 3316 2473 Ἰουδαῖοι
3358 2412 3555 2494 ᾔδεσαν
3581 2457 3598 2488 ,
3631 2417 3723 2494 τοῦ

2121 2506 2282 2584 νόμου
2318 2505 2639 2586 ἐξεχόμενοι.
2680 2492 2792 2565 Κάῖ
2834 2509 2861 2563 ὁ
2912 2503 3068 2581 νόμος
3121 2502 3215 2580 μὲν
3269 2492 3378 2582 γὰρ
3417 2501 3625 2577 θέλημα
3654 2492 3720 2574 ἧν

2123 2599 2287 2668 Θεοῦ,
2338 2597 2454 2654 ἀλλ’
2512 2597 2605 2654 οὔκ
2655 2593 2976 2673 εὐάρεστον,
3045 2594 3160 2652 εὐδὲ
3213 2595 3431 2652 τέλειον.
3483 2594 3565 2650 Οὐ
3617 2591 3720 2669 γὰρ

2121 2685 2530 2766 προηγουμένως
2559 2683 2712 2756 ἐδόθη
2731 2729 2746 2757 ,
2777 2683 2915 2742 ἀλλὰ
2937 2683 3022 2742 διὰ
3055 2681 3152 2754 τὴν
3176 2683 3452 2741 ἀσθένειαν
3476 2683 3651 2740 αὐτῶν
3670 2680 3721 2717 9⁸

2123 2773 2488 2855 συνεχωρήθη.
2539 2772 2757 2834 Τέλειον
2805 2771 2861 2831 δὲ
2902 2772 2994 2830 καὶ
3038 2773 3322 2851 εὐάρεστον
3363 2777 3396 2844 ἡ
3430 2771 3543 2832 Νέα
3590 2778 3722 2831 Δια-

2123 2865 2282 2937 θήκη.
2334 2864 2572 2924 Δύνασαι
2624 2863 2681 2922 δὲ
2739 2862 2833 2921 καὶ
2891 2859 3032 2920 κατὰ
3081 2861 3171 2920 τὸν
3233 2861 3401 2941 μέγαν
3448 2859 3726 2921 Βασίλειον

2124 2954 2289 3020 οὕτως
2353 2952 2672 3011 ἐκλαϐἐσθαι
2707 2969 2722 2985 ⁶
2781 2953 2970 3010 Πολλὰ
3023 2950 3163 3009 θέλει
3210 2953 3238 3007 ὁ
3289 2951 3458 3025 Θεὸς,
3509 2948 3577 3008 τὰ
3630 2949 3727 3027 μὲν

2124 3043 2257 3123 πρὸς
2301 3041 2598 3123 εὐεργεσίαν
2649 3044 2803 3118 ἡμῶν
2833 3065 2846 3078 ’
2897 3041 2931 3099 ἃ
2962 3041 3052 3100 καὶ
3104 3039 3278 3118 ἀγαθὰ
3319 3039 3605 3117 λέγονται,
3656 3043 3728 3106 ὡς

2127 3133 2452 3209 ἀγαθότητος
2483 3131 2715 3210 γέμοντα
2748 3154 2762 3168 ·
2789 3129 2857 3190 τὰ
2902 3131 2957 3190 δὲ
3011 3129 3097 3188 διὰ
3132 3130 3227 3196 τὰς
3267 3128 3530 3211 ἁμαρτίας
3571 3132 3729 3209 ἡμῶν

420 3230 542 3292 pter
586 3231 804 3292 peccata
860 3229 1048 3277 nostra
1098 3223 1272 3278 iratus
1297 3236 1421 3294 quae
1461 3229 1518 3278 et
1562 3221 1707 3277 mala
1763 3221 2015 3278 dicuntur

2127 3223 2266 3282 θέλει
2304 3221 2635 3302 ὀργιζόμενος
2661 3239 2675 3254 '
2726 3220 2761 3278 ἃ
2806 3219 2897 3278 καὶ
2931 3219 3072 3278 κακὰ
3115 3219 3395 3297 λόγονται,
3439 3223 3509 3284 ὡς
3553 3219 3732 3278 κάκω-

420 3320 481 3367 ut
533 3326 660 3383 quae
703 3327 806 3367 nos
845 3309 1116 3382 afﬂigant,
1164 3310 1384 3367 etiamsi
1429 3319 1485 3366 et
1512 3310 1713 3367 horum
1741 3310 1871 3367 ﬁnis
1915 3311 2021 3368 bo-

419 3417 526 3456 nus
554 3409 655 3456 est.
688 3402 870 3456 Bonas
899 3401 1066 3474 igitur
1097 3401 1194 3457 Dei
1217 3401 1532 3456 voluntates
1558 3415 1661 3456 nos
1689 3400 1893 3457 imitari
1924 3400 2022 3457 de-

421 3489 660 3547 bemus:
693 3505 815 3561 qua:
861 3498 1048 3546 autem
1083 3489 1157 3546 ad
1195 3488 1556 3547 afﬁictionem
1585 3498 1852 3561 spectant,
1911 3507 2023 3546 non

425 3580 670 3636 omnino.
698 3581 823 3635 Non
863 3578 1008 3635 enim
1051 3578 1293 3634 ministri
1333 3579 1609 3636 malorum
1659 3595 1761 3637 nos
1805 3595 2023 3647 sumus,

424 3669 518 3725 sed
545 3683 726 3741 pravae
749 3676 1070 3742 potestates.
1111 3668 1361 3724 Primum
1417 3668 1583 3740 igitur
1610 3668 1897 3727 considera
1929 3685 2024 3727 vo-

425 3760 692 3816 luntatem
737 3758 860 3825 Dei,
911 3775 1048 3814 num
1077 3759 1225 3815 bona
1263 3758 1371 3814 sit:
1403 3757 1597 3816 deinde
1643 3758 1738 3815 ubi
1785 3775 2009 3833 agnove-

426 3848 526 3917 ris,
577 3848 950 3920 contemplare
991 3864 1129 3904 num
1159 3848 1234 3904 sit
1258 3848 1428 3904 etiam
1468 3847 1848 3920 beneplacens.
1879 3850 2025 3906 Nam

427 3939 603 3994 multa
652 3938 800 3994 bona
838 3946 988 4005 sunt,
1035 3953 1160 4010 qua;
1210 3953 1389 4010 neque
1442 3946 1592 4008 grata
1644 3946 1791 4007 sunt,
1849 3954 2030 4012 neque

429 4030 548 4084 Deo
613 4027 903 4100 placentia,
985 4027 1254 4100 temporis
1329 4026 1581 4084 videlicet
1626 4043 1723 4084 seu
1777 4043 2029 4100 personae

431 4132 596 4171 causa
628 4115 854 4182 :veluti,
885 4118 1002 4172 Deo
1035 4116 1325 4172 incensum
1348 4115 1569 4172 adolere
1613 4116 1826 4174 bonum
1873 4127 1960 4174 est
2015 4139 2028 4175 :

432 4214 489 4260 at
518 4203 668 4261 istud
695 4220 823 4260 cum
849 4205 1009 4262 Ozias
1041 4203 1266 4270 faceret,
1295 4204 1574 4277 displicuit
1596 4207 1714 4262 Deo
1741 4221 1793 4263 η.
1824 4211 1891 4264 Et
1926 4209 2032 4265 bo-

430 4310 567 4350 num
594 4301 712 4351 erat
752 4292 1042 4365 discipulis
1088 4293 1147 4350 in
1174 4295 1390 4351 arcanis
1442 4296 1724 4367 mysteriis
1775 4297 2031 4366 institui;

436 4383 530 4440 sed
552 4391 675 4440 ante
694 4392 934 4456 tempus,
966 4399 1082 4440 non
1124 4382 1505 4456 beneplacens.
1539 4408 1565 4434 α
1599 4388 1726 4442 Non
1780 4387 1953 4453 enim,
2002 4407 2029 4440 »

436 4475 630 4547 inquit,
682 4473 911 4546 potestis
978 4482 1200 4547 portare
1267 4473 1437 4530 modo
1493 4485 1538 4531 ο.
1601 4499 1624 4525 »ι
1658 4477 1797 4532 Cum
1851 4485 2037 4534 autem

2131 3336 2214 3371 σιν
2244 3315 2597 3389 ἐμποιοῦντα,
2647 3309 2820 3370 καίτοι
2869 3309 3186 3368 καὶτούτων
3229 3308 3289 3367 τὸ
3333 3309 3478 3374 τέλος
3510 3307 3727 3388 ἀγαθόν.

2129 3402 2219 3463 Τὰ
2251 3402 2420 3462 τοίνυν
2455 3399 2630 3480 ἀγαθὰ
2659 3407 2750 3460 τοῦ
2783 3401 2924 3461 Θεοῦ
2949 3399 3225 3478 θελήματα
3258 3403 3536 3476 μιμεῖσθαι
3584 3398 3730 3479 ὀφεί-

2134 3500 2293 3570 λομεν
2323 3509 2336 3524 ·
2397 3492 2466 3550 τὰ
2517 3489 2572 3550 δὲ
2627 3490 2757 3571 πρὸς
2806 3489 3070 3561 κάκωσιν,
3108 3491 3167 3547 οὐ
3211 3489 3440 3554 πάντως.
3495 3491 3575 3549 Οὐ
3629 3489 3734 3568 γὰρ

2133 3581 2394 3659 ὑπηρέται
2447 3584 2626 3640 κακῶν
2675 3584 2858 3655 ἡμεῖς,
2911 3578 3027 3637 ἀλλ’
3085 3581 3142 3637 αἱ
3190 3578 3419 3659 πονηραὶ
3457 3577 3730 3654 δυνάμεις.

2139 3675 2361 3752 Πρῶτον
2393 3661 2482 3731 οὖν
2514 3669 2703 3730 σκόπει
2735 3668 2796 3728 τὸ
2827 3669 3036 3746 θέλημα
3068 3675 3159 3728 τοῦ
3189 3669 3333 3728 Θεοῦ
3353 3713 3368 3741 ,
3409 3670 3454 3726 εἰ
3490 3670 3684 3745 ἀγαθόν
3717 3687 3730 3700 ι

2138 3751 2232 3822 εἷθ’
2255 3760 2384 3820 ὅταν
2412 3759 2713 3840 γνωρίσῃς,
2754 3758 2968 3831 σκόπει,
2999 3759 3044 3816 εἰ
3088 3757 3181 3816 καὶ
3217 3758 3515 3838 εὐάρεστον.
3551 3756 3736 3817 Πολλὰ

2137 3850 2239 3930 γὰρ
2271 3850 2443 3931 ἀγαθὰ
2468 3849 2595 3909 ὄντα
2614 3895 2630 3926 ,
2669 3850 2764 3907 οὐκ
2785 3847 3047 3931 εὖάρεστά
3072 3850 3239 3925 εἰσιν,
3325 3847 3474 3925 παρὰ
3502 3845 3591 3905 τὸν
3619 3869 3738 3905 και-

2143 3942 2262 4020 ρὸν,
2293 3939 2327 4012 ἢ
2357 3939 2506 4017 παρὰ
2535 3938 2594 3996 τὸ
2616 3939 2920 4016 πρόσωπον.
2967 3925 3121 4007 Οἶον,
3164 3936 3224 3993 τὸ
3253 3940 3446 4016 θυμιᾷν
3489 3939 3566 4016 τῷ
3611 3938 3738 4015 Θεῷ

2142 4029 2337 4108 ἀγαθόν
2382 4031 2524 4087 ἐστιν
2559 4046 2572 4060 '
2627 4028 2746 4108 ἀλλ’
2801 4029 2830 4084 ὁ
2874 4025 3060 4093 Ὀζίας
3102 4022 3364 4099 ποιήσας,
3411 4025 3506 4083 οὐκ
3561 4025 3740 4105 εὐηρέ-

2139 4106 2325 4189 στησε.
2367 4116 2476 4178 Καὶ
2505 4116 2666 4175 καλὸν
2699 4106 2762 4186 ἦν
2792 4113 2852 4172 τὸ
2897 4120 3004 4179 τοῖς
3044 4113 3308 4188 μαθηταῖς
3354 4110 3424 4170 τὰ
3463 4113 3738 4193 μυστήρια

2142 4212 2489 4278 πιστευθῆναι
2524 4223 2538 4238 ⁶
2565 4202 2704 4264 ἀλλὰ
2730 4203 2834 4282 πρὸ
2863 4207 3048 4281 καιροῦ
3066 4246 3082 4274 ,
3107 4203 3201 4259 οὐκ
3248 4200 3552 4280 εὐάρεστον.
3593 4226 3621 4255 α
3655 4205 3739 4262 Οὐ

2141 4297 2244 4378 γὰρ
2278 4294 2531 4374 δύνασθε,
2563 4320 2588 4347 ι
2614 4292 2778 4376 φησὶ,
2809 4319 2834 4346 α
2869 4290 3052 4378 νῦνῌ⁹⁹
3085 4290 3392 4368 βαστάζειν.
3418 4319 3442 4342 υ
3462 4286 3642 4349 Ὅταν
3685 4290 3742 4350 δὲ

2145 4373 2237 4447 xui
2278 4384 2471 4465 ἀγαθὸν
2515 4373 2933 4460 καὶεῦάρεστον
2970 4373 3036 4459 ᾗ,
3061 4379 3362 4440 σπούδασον
3396 4379 3484 4439 ἵνα
3519 4379 3613 4439 καὶ
3655 4379 3741 4440 τέ-

2145 4481 2284 4537 λειον
2317 4464 2410 4535 καὶ
2437 4472 2712 4539 ἀνελλιπὲς
2737 4464 2792 4550 ᾗ,
2829 4472 2966 4531 οὕτω
2996 4472 3268 4550 γινόμενον
3299 4473 3369 4538 ὡς
3399 4474 3706 4529 άπαιτεῖται
3728 4517 3742 4542 ,

435 4572 492 4620 et
509 4541 742 4622 bonum
772 4572 830 4620 et
854 4541 1216 4636 beneplacens
1265 4563 1450 4632 fuerit,
1479 4564 1611 4622 dato
1639 4581 1865 4638 operam
1894 4576 1957 4624 ut
1983 4583 2014 4624 e

2148 4567 2239 4626 καὶ
2273 4568 2347 4642 μὴ
2378 4561 2632 4631 κολοϐὧς.
2665 4541 2828 4636 Οἶόν,
2875 4564 2952 4621 δεῖ
2983 4541 3324 4668 μεταδξόναι
3365 4561 3419 4618 ἐν
3452 4541 3742 4636 ἁπλότητι,

436 4653 744 4727 perfectum
773 4655 843 4710 sit
868 4663 924 4710 et
979 4653 1320 4722 indeﬁciens,
1358 4655 1434 4712 ita
1467 4655 1677 4711 factum
1737 4657 1818 4712 uti
1865 4657 2030 4730 exigi-

437 4753 548 4812 tur,
571 4760 683 4800 non
713 4751 932 4799 curtum
955 4752 1010 4800 et
1033 4743 1291 4801 mutilum
1323 4761 1336 4800 :
1367 4745 1604 4816 exempli
1636 4744 1836 4818 gratia,
1867 4762 2032 4817 opro-

2147 4641 2415 4728 τουτέστι,
2461 4653 2600 4732 μετὰ
2646 4654 2921 4734 δαψιλείας
2952 4670 2965 4684 ·
3001 4649 3092 4709 ἐὰν
3136 4641 3227 4708 οῦν
3277 4650 3414 4722 μετὰ
3465 4649 3748 4730 φειδωλίας

2145 4745 2383 4824 γίνεται,
2417 4746 2474 4805 οὖ
2505 4744 2566 4804 τὸ
2589 4743 2789 4803 τέλειον
2821 4741 3012 4821 μέτρον
3053 4738 3209 4820 ἔσχεν
3239 4744 3274 4810 ἡ
3316 4738 3620 4816 μετάδοσις.

437 4842 516 4888 tet
550 4831 822 4904 impertiri
851 4831 907 4886 in
943 4831 1316 4904 simplicitate,
1341 4832 1448 4890 hoc
1480 4826 1564 4889 est
1589 4849 1717 4889 cum
1745 4833 2077 4897 liberalitate
2115 4861 2128 4899 :
2155 4845 2243 4900 sin
2281 4859 2442 4916 parce
2472 4843 2587 4910 ﬁat,
2643 4857 2752 4897 non
2784 4839 2977 4895 habuit
3019 4836 3320 4908 perfectam
3350 4836 3454 4893 ista
3491 4853 3748 4893 commu-

437 4922 642 4980 nicatio
672 4937 1012 4978 mensuram.

511 5015 688 5070 Vnus.
723 5019 772 5068 3.
822 5035 846 5059 α
890 5011 1028 5068 Dico
1057 5013 1206 5069 enim
1235 5029 1331 5085 per
1365 5013 1598 5086 gratiam
1627 5014 1726 5070 Dei
1760 5029 1884 5086 quae
1907 5016 2036 5073 data

439 5112 523 5160 est
546 5102 706 5170 mihi,
736 5101 955 5158 cuilibet
985 5103 1077 5174 qui
1109 5113 1195 5160 est
1227 5105 1370 5159 inter
1399 5119 1516 5169 vos,
1549 5119 1663 5159 non
1692 5105 1836 5160 ultra
1866 5122 2035 5178 quam

438 5201 663 5266 oportet
693 5203 904 5264 sapere.
954 5215 982 5240 ι
1063 5194 1175 5250 Ceu
1219 5191 1452 5248 humilia
1510 5201 1778 5264 perpetuo
1821 5196 2038 5266 spirans

443 5284 654 5347 Paulus,
694 5298 970 5355 nusquam
1017 5298 1082 5338 eo
1127 5281 1236 5338 ﬁde
1264 5281 1491 5355 dignum
1527 5282 1726 5354 jactat;
1769 5286 1867 5341 sed
1902 5286 2038 5342 alias

441 5371 820 5429 miserationes
855 5371 983 5440 Dei,
1048 5371 1182 5428 alias
1230 5387 1359 5428 vero
1408 5371 1648 5444 gratiam
1699 5373 2047 5432 mediatrices

441 5463 714 5536 proponit.
750 5465 873 5518 Non
918 5477 1128 5531 meum,
1155 5461 1354 5533 inquit,
1383 5477 1694 5519 sermonem
1739 5465 1854 5536 88
1899 5463 2050 5533 dico,

517 5633 542 5660 ιι
567 5626 614 5680 ll
639 5621 813 5678 Paral.
845 5637 1019 5691 xxvr,
1053 5629 1135 5680 16.
1215 5626 1424 5681 °Joan.
1456 5639 1591 5696 xvr,
1630 5631 1715 5682 12.

2235 5033 2258 5060 α
2295 5006 2454 5082 Λέγω
2480 5002 2583 5084 γὰρ
2614 5001 2702 5061 διὰ
2725 5005 2818 5073 τῆς
2847 5001 3062 5080 χάριτος
3085 5004 3180 5058 τοῦ
3215 5001 3357 5060 Θεοῦ
3393 5001 3488 5069 τῆς
3513 4998 3750 5071 δοθείσης

2147 5119 2267 5172 μοι,
2306 5094 2468 5155 παντὶ
2496 5097 2571 5174 τῷ
2601 5094 2716 5152 ὄντι
2757 5094 2811 5150 ἐν
2845 5091 3003 5167 ὑμῖν,
3055 5087 3131 5166 μὴ
3169 5091 3510 5169 ὑπερφρονεῖν
3540 5090 3670 5168 παρ’
3721 5087 3751 5146 δ

2146 5187 2228 5244 δεῖ
2255 5187 2483 5266 φρονεῖν.
2524 5211 2546 5236 ν
2579 5182 2677 5248 Ὡς
2725 5179 3087 5260 ταπεινόφρων
3135 5183 3164 5237 ὁ
3211 5180 3462 5266 Παῦλος,
3513 5179 3747 5266 οὐδαμοῦ

2147 5265 2448 5340 ἀξιόπιστον
2492 5271 2677 5333 ἑαυτόν
2725 5294 2918 5352 φησιν,
2967 5268 3106 5328 ἀλλὰ
3159 5265 3288 5327 ποτὲ
3333 5268 3463 5343 μὲν,
3517 5265 3636 5334 τοὺς
3679 5269 3755 5324 οἰ-

2154 5363 2405 5443 κτιρμοὺς
2434 5369 2526 5424 τοῦ
2557 5364 2701 5424 Θεοῦ
2723 5407 2741 5438 ,
2777 5360 2993 5437 ποτὴδὲ
3013 5405 3029 5435 ,
3060 5359 3158 5430 τὴν
3197 5357 3354 5438 χάριν
3383 5357 3603 5435 μεσίτας
3625 5378 3754 5435 προ·

2157 5454 2437 5515 ϐάλλεται.
2475 5455 2592 5514 Οὔκ
2633 5452 2758 5530 ἐμὸν
2797 5452 2954 5530 λόγον
2995 5447 3266 5527 λέγων
3307 5447 3447 5527 λέγω
3469 5450 3514 5527 ],
3555 5444 3714 5526 φησὶν
3737 5489 3754 5519 ,

1833 5729 2022 5790 Variae
2067 5731 2374 5790 lectiones.

520 5815 562 5850 9'
591 5816 788 5870 ἐκείνων
819 5832 871 5873 0.
949 5816 992 5850 99
1024 5817 1135 5890 ἄρτι
1163 5833 1219 5876 ο,
