4150 6448
464 468 560 523 501

1359 469 1709 527 EXPOSITIO
1749 471 1814 528 IN
1855 470 2064 528 EPIST.
2106 470 2198 528 AD
2236 471 2400 530 ROM.
2442 502 2510 513 —
2550 473 2701 529 CAP.
2740 474 2843 530 XII.

3676 482 3777 537 502

464 590 602 651 ἀλλὰ
628 592 719 652 τὸν
757 592 869 653 ἀπὸ
896 596 986 655 τοῦ
1018 596 1194 671 Θεοῦ,
1236 593 1293 654 ὃν
1332 599 1368 668 ἡ
1412 596 1567 679 χάρις
1600 598 1761 657 αὐτοῦ
1794 599 2057 658 ἐνέπνευσε

2180 598 2275 653 sed
2314 614 2445 655 cum
2488 615 2657 672 quem
2704 616 2736 656 a
2781 602 2893 657 Deo
2934 601 3137 674 accepi,
3182 618 3345 674 quem
3389 603 3563 678 gratia
3608 603 3779 679 ipsius

464 706 575 758 μοι.
606 683 783 744 Παντὶ
815 682 868 745 δὲ
895 685 1039 763 λέγει
1070 684 1113 757 ⁸,
1145 684 1237 745 καὶ
1264 685 1482 766 ἰδιώτῃ,
1506 686 1599 745 καὶ
1625 687 1879 769 ἄρχοντι,
1910 715 1931 739 κ
1962 685 2062 759 Μὴ

462 775 803 853 ὑπερφρονεῖν
834 776 964 855 παρ’
999 773 1029 834 ὃ
1061 776 1139 832 δεῖ
1178 784 1403 857 φρονεῖν’
1433 801 1459 829 ι
1502 776 1630 856 περὶ
1675 780 1769 849 τῆς
1811 800 2063 836 ταπεινο-

464 861 727 944 φροσύνης
780 862 1151 942 διαλεγόμενος
1204 868 1449 946 πρῶτον,
1502 865 1685 948 ὥσπερ
1732 866 1825 925 καὶ
1863 870 1892 926 6
1949 867 2065 929 Κύ-

465 974 601 1033 ριος,
635 954 731 1010 ἀπ’
775 953 941 1023 αὐτῆς
971 953 1171 1033 ἤρξατο
1205 969 1221 985 ⁸
1276 982 1301 1009 α
1335 954 1611 1037 Μακάριοι
1641 958 1688 1017 οἱ
1731 956 1939 1037 πτωχοὶ
1980 962 2057 1038 τῷ

474 1039 761 1119 πνεύματι.
799 1069 822 1095 ιι
856 1041 930 1104 Ὃ
960 1044 1014 1104 δὲ
1040 1043 1213 1119 λέγει,
1240 1043 1476 1105 τοιοῦτόν
1508 1048 1622 1105 ἐστι
1648 1068 1661 1081 ·
1694 1050 1789 1107 Δεῖ
1816 1046 1912 1124 μὲν
1943 1069 2067 1129 φρο-

466 1138 607 1204 νεῖν,
638 1130 911 1193 τουτέστιν
929 1180 945 1205 ,
975 1132 1179 1213 ὑψηλὸν
1218 1134 1475 1213 λογισμὸν
1499 1134 1662 1217 ἔχειν,
1685 1133 1825 1195 ἀλλὰ
1848 1136 1976 1215 πρὸς
2007 1137 2068 1197 τὸ

458 1221 662 1302 φρονεῖν
711 1220 778 1281 τὰ
822 1223 1077 1303 οὐράνια,
1140 1224 1232 1283 καὶ
1275 1226 1622 1306 ὑπερκεῖσθαι
1671 1229 1777 1285 τῶν
1827 1229 2066 1308 γεηρῶν,

458 1310 575 1391 οὐχὶ
623 1310 753 1392 πρὸς
799 1312 865 1373 τὸ
914 1315 1020 1372 τῶν
1070 1315 1340 1393 ὁμογενῶν
1393 1314 1815 1395 κατεπαίρεσθαι
1847 1335 1861 1350 ·
1910 1320 2068 1376 τοῦτο

454 1398 561 1480 γάρ
590 1401 704 1460 ἐστι
733 1400 793 1460 τὸ
820 1404 1186 1483 ὑπερφρονεῖν.

538 1607 564 1631 ιι
608 1578 770 1640 Ἀλλὰ
812 1587 1019 1663 φρονεῖν
1063 1582 1137 1649 εἷς
1184 1581 1247 1641 τὸ
1294 1583 1607 1663 σωφρονεῖν.
1664 1612 1687 1636 ι
1756 1582 2064 1660 Ἐλάϐομεν

457 1668 560 1749 γὰρ
602 1668 885 1750 φρόνησιν,
931 1671 1031 1752 οὐχ
1074 1668 1164 1729 ἵνα
1214 1672 1288 1738 εἷς
1354 1671 1609 1733 ἀπόνοιαν
1663 1674 1797 1752 αὐτῇ
1849 1672 2067 1754 χρησώ-

462 1763 601 1833 μεθα
625 1802 642 1831 ,
667 1761 787 1819 ἀλλ’
817 1756 907 1819 ἵνα
930 1763 1002 1828 εἰς
1029 1762 1378 1842 σωφροσύνην
1398 1808 1415 1837 ,
1444 1761 1741 1837 τουτέστιν,
1775 1766 1848 1831 εἰς
1877 1786 2057 1822 ταπει-

457 1848 797 1928 νοφροσύνην.
841 1848 1006 1910 Οὕτω
1040 1849 1095 1910 δὲ
1130 1843 1275 1909 εἶπεν
1297 1897 1313 1925 ,
1343 1847 1433 1910 ἵνα
1463 1851 1638 1932 δείξῃ,
1662 1852 1744 1913 ὅτι
1782 1855 1810 1912 6
1850 1850 1927 1930 μὴ
1956 1877 2060 1912 τα-

2173 687 2459 761 inspiravit
2500 688 2662 746 mihi.
2698 708 2725 743 ιι
2754 689 2992 747 Cuilibet
3024 714 3049 740 ν
3085 700 3275 748 autem
3304 693 3395 749 hic
3420 694 3583 751 verba
3625 696 3779 765 facit,

2173 785 2230 833 et
2254 778 2468 851 privato
2493 786 2547 835 et
2562 780 2944 852 magistratum
2965 782 3201 854 gerenti,
3228 806 3254 831 α
3279 784 3403 839 Non
3424 800 3615 857 sapere
3638 788 3779 843 ultra

2175 884 2341 940 quam
2369 877 2622 942 oporteat
2652 890 2664 926 :
2712 894 2736 919 ιι
2772 869 2844 927 de
2873 870 3179 929 humilitate
3207 873 3452 946 primum
3481 874 3776 943 disserens,

2174 958 2315 1015 sicut
2342 967 2399 1015 et
2426 960 2704 1016 Dominus
2740 959 2811 1017 ab
2835 960 2951 1032 ipsa
2982 962 3153 1019 etiam
3181 978 3344 1020 orsus
3368 972 3452 1021 est
3493 982 3507 1019 :
3556 988 3583 1013 α
3624 967 3780 1022 Beati

2174 1063 2443 1121 pauperes
2489 1049 2683 1122 spiritu
2726 1057 2752 1095 ι’
2786 1094 2798 1105 .
2848 1074 2871 1098 υ
2907 1050 3069 1120 Quod
3097 1060 3288 1108 autem
3318 1054 3417 1121 ait,
3462 1062 3548 1111 est
3586 1053 3779 1127 hujus-

2178 1136 2327 1196 modi
2361 1156 2375 1193 :
2406 1140 2633 1212 Oportet
2672 1139 2901 1212 quidem
2929 1156 3146 1213 sapere,
3178 1140 3285 1199 hoc
3330 1151 3438 1212 est,
3469 1143 3641 1201 altam
3687 1161 3780 1202 co-

2174 1226 2500 1299 gitationem
2542 1227 2764 1297 habere,
2812 1229 2908 1286 sed
2959 1229 3057 1297 ita,
3107 1238 3170 1285 ut
3206 1232 3461 1289 caelestes
3508 1249 3597 1289 res
3646 1233 3786 1291 affe-

2176 1324 2412 1385 ctemus,
2459 1325 2627 1391 atque
2664 1333 2828 1391 super
2874 1320 3155 1376 terrestria
3210 1321 3510 1392 elevcmur,
3557 1339 3668 1380 non
3719 1335 3782 1380 ut

2175 1414 2369 1463 contra
2400 1406 2591 1464 fratres
2622 1416 2679 1465 et
2710 1408 2994 1479 proximos
3020 1409 3350 1481 efferamur;
3382 1411 3488 1469 hoc
3516 1414 3668 1471 enim
3695 1425 3780 1472 est

2174 1510 2366 1567 sapere
2401 1497 2541 1553 ultra
2569 1513 2741 1570 quam
2777 1505 3018 1569 oportet.

2253 1606 2279 1635 «
2306 1585 2411 1642 Sed
2457 1602 2653 1659 sapere
2681 1586 2751 1643 ad
2777 1587 3159 1645 sobrietatem.
3204 1612 3231 1639 η
3269 1591 3597 1663 Accepimus
3624 1595 3772 1651 enim

2168 1674 2493 1745 sapientiam
2517 1692 2632 1732 non
2656 1686 2717 1732 ut
2751 1676 2818 1732 ad
2849 1680 3225 1750 arrogantiam
3246 1679 3547 1738 abutamur
3563 1699 3647 1752 ea,
3676 1686 3771 1742 sed

2169 1762 2239 1821 ad
2267 1763 2628 1822 sobrietatem
2658 1774 2714 1822 et
2732 1766 3191 1835 moderationem,
3221 1768 3326 1825 hoc
3354 1779 3457 1837 est,
3487 1771 3555 1828 ad
3588 1772 3773 1830 humi-

2172 1853 2402 1911 litatem.
2440 1858 2573 1911 Haec
2596 1856 2668 1911 ita
2699 1855 2915 1911 locutus
2945 1865 3049 1925 est,
3081 1866 3143 1912 ut
3169 1858 3485 1915 ostenderet
3521 1877 3650 1920 eum
3679 1866 3775 1935 qui

459 1940 815 2046 πεινοφρονῶν
876 1940 1202 2046 ..παραπαίει
1260 1939 1353 1999 καὶ
1431 1939 1681 2046 ἐξέστηκε
1743 1944 1852 2046 τῶν
1917 1942 2057 2046 ἰδίων

2175 1960 2283 1999 non
2333 1944 2636 2013 humiliter,
2684 1945 2779 2001 sed
2807 1954 3135 2016 arroganter
3181 1964 3239 2004 se
3286 1950 3535 2022 gesserit,
3585 1959 3641 2007 et
3666 1953 3773 2009 im-

456 2028 727 2105 λογισμῶν
757 2046 772 2060 ·
804 2032 832 2088 6
871 2027 924 2087 δὲ
969 2034 1396 2111 ταπεινοφρονῶν
1454 2030 1597 2099 σώας
1638 2030 1749 2113 ἔχει
1797 2030 1897 2099 τὰς
1925 2030 2057 2113 φρέ-

2177 2035 2388 2107 pegisse
2425 2045 2479 2092 et
2521 2035 2788 2091 excidisse
2828 2052 2858 2091 a
2900 2037 3136 2109 propriis
3172 2040 3617 2111 cogitationibus.
3653 2044 3773 2099 Hu-

455 2140 548 2183 νας
579 2135 593 2149 ⁸
624 2117 716 2178 καὶ
740 2117 829 2176 διὰ
858 2122 1017 2178 τοῦτο
1048 2118 1261 2198 λέγεται
1293 2128 1606 2201 σωφρονεῖν.

532 2326 556 2350 ιι
589 2295 848 2378 Ἑκάστῳ
890 2301 963 2365 ὣς
1000 2301 1028 2357 6
1059 2299 1197 2367 Θεὸς
1243 2298 1456 2380 ἐμέρισε
1506 2299 1698 2380 μέτρον
1748 2298 1995 2367 πίστεως.
2036 2329 2057 2354 ο

458 2387 677 2462 Εἰπὼν,
721 2386 802 2447 ὅτι
832 2390 908 2447 δεῖ
940 2392 1081 2466 ἡμᾶς
1125 2388 1202 2464 μὴ
1250 2394 1624 2472 ὓπερφρονεῖν,
1654 2390 1797 2449 ἀλλὰ
1841 2413 2055 2473 σωφρο-

452 2480 590 2551 νεῖν,
635 2484 727 2538 νῦν
774 2475 918 2557 λέγει
964 2480 1079 2545 πῶς
1120 2479 1204 2537 δεῖ
1247 2487 1539 2560 σωφρονεῖν
1572 2500 1581 2510 ·
1622 2478 1715 2538 καί
1744 2502 1904 2562 φησιν
1928 2527 1946 2553 ,
1977 2479 2057 2538 ὅτι

452 2565 592 2625 οὕτω
634 2567 713 2627 δεῖ
761 2574 1048 2647 σωφρονεῖν
1073 2612 1090 2641 ,
1135 2570 1207 2635 ὡς
1262 2567 1663 2646 λογιζομένους,
1714 2567 1796 2627 ὅτι
1846 2569 2057 2647 ἑκάστῳ

452 2657 694 2735 ἐμέρισεν
744 2658 773 2714 6
826 2656 966 2723 Θεὸς
1014 2654 1208 2737 μέτρον
1258 2658 1504 2725 πίστεως.
1560 2656 1789 2730 Ἐπειδὴ
1840 2656 1943 2738 γὰρ
1985 2659 2056 2716 τὰ

450 2745 767 2826 χαρίσματα
799 2746 1006 2823 μᾶλλον
1040 2747 1112 2813 εἰς
1137 2744 1396 2806 ἀπόνοιαν
1435 2749 1599 2825 ἐπῆρε
1634 2745 1753 2815 τοὺς
1781 2746 2014 2814 πολλοὺς
2038 2796 2049 2817 ,

450 2835 520 2894 δι’
550 2834 683 2894 αὐτὸ
729 2838 917 2908 τοῦτο,
962 2835 1121 2917 φησὶ,
1173 2837 1252 2895 δεῖ
1293 2838 1613 2917 σωφρονεῖν,
1660 2838 1794 2897 διότι
1847 2841 1874 2895 6
1916 2836 2054 2905 Θεὸς

450 2924 692 3006 ἐμέρισεν
739 2925 951 3005 ἑκάστῳ
996 2924 1058 2984 τὸ
1110 2932 1301 3003 μέτρον
1350 2930 1445 2998 τῆς
1492 2926 1743 2995 πίστεως.
1799 2924 1895 2998 Μὴ
1949 2924 2053 3006 γὰρ

451 3014 541 3074 σὸν
587 3014 913 3096 κατόρθωμα
963 3019 1147 3089 τοῦτο,
1210 3014 1350 3074 ἀλλὰ
1401 3015 1647 3097 χάρισμά
1693 3020 1807 3076 ἐστι
1866 3020 2002 3075 θεῖον
2031 3035 2047 3052 ⁶

450 3104 548 3164 κᾶν
578 3104 750 3183 μέγα,
779 3103 878 3163 κᾶν
916 3103 1109 3184 μικρὸν
1134 3149 1150 3177 ,
1187 3108 1215 3163 6
1238 3106 1375 3172 Θεὸς
1405 3111 1563 3165 τοῦτο
1592 3107 1815 3167 δέδωκε.
1857 3104 2047 3165 Πίστιν

2170 2125 2319 2181 milis
2360 2133 2546 2181 autem
2609 2126 2922 2183 incolumes
2964 2127 3255 2202 salvosque
3295 2145 3491 2187 sensus
3535 2130 3702 2189 habet
3760 2153 3773 2189 :

2168 2222 2455 2287 propterea
2480 2214 2684 2271 dicitur
2711 2231 2830 2272 esse
2859 2215 3092 2273 sobrius.

2242 2326 2267 2352 σι
2300 2303 2618 2377 Unicuique
2658 2305 2801 2361 sicut
2847 2309 2998 2363 Deus
3044 2308 3276 2379 partitus
3320 2318 3405 2364 est
3452 2325 3773 2369 mensuram

2168 2392 2312 2450 ﬁdei.
2348 2416 2375 2443 ιι
2406 2394 2549 2451 Cum
2592 2393 2820 2451 dixisset
2866 2411 2970 2452 nos
3013 2412 3127 2452 non
3165 2406 3417 2470 oportere
3465 2402 3772 2473 superbire,

2165 2482 2263 2539 sed
2308 2483 2591 2540 modestos
2635 2498 2753 2540 esse
2789 2492 2844 2540 et
2883 2484 3140 2555 humiles,
3178 2502 3328 2543 nunc
3375 2490 3617 2545 ostendit
3662 2506 3770 2563 qua

2163 2572 2378 2629 ratione
2418 2572 2634 2629 sobrios
2670 2588 2789 2629 esse
2809 2582 3094 2646 ,oporteat,
3128 2576 3405 2648 inquiens,
3449 2578 3526 2633 ita
3556 2580 3772 2637 sobrios

2161 2676 2281 2717 esse
2302 2671 2582 2735 oportere,
2617 2670 2935 2734 reputantes
2962 2679 3187 2736 nempe,
3217 2665 3367 2737 quod
3392 2666 3591 2739 cuique
3622 2671 3774 2727 Deus

2164 2750 2394 2822 partitus
2435 2759 2516 2807 est
2562 2767 2883 2808 mensuram
2925 2751 3073 2809 ﬁdei.
3110 2754 3577 2827 Quandoquidem
3623 2759 3771 2815 enim

2164 2840 2310 2898 dona
2340 2841 2429 2897 illa
2449 2841 2766 2913 complures
2795 2842 2854 2898 in
2881 2844 3257 2916 arrogantiam
3287 2843 3611 2915 efferebant,
3640 2850 3771 2904 Pro-

2165 2939 2285 3001 pter
2325 2930 2430 2987 hoc
2471 2930 2671 3003 ipsum,
2726 2932 2923 3003 inquit,
2977 2932 3231 2990 modeste
3273 2934 3477 2990 sentire
3524 2946 3764 3009 oportet,

2160 3020 2307 3091 quod
2349 3022 2498 3077 Deus
2528 3021 2825 3093 unicuique
2871 3021 2998 3078 ﬁdei
3045 3038 3360 3080 mensuram
3405 3028 3636 3096 partitus
3671 3028 3767 3084 sit.

2160 3111 2287 3166 Non
2316 3109 2471 3166 enim
2499 3119 2592 3166 tua
2625 3110 2796 3166 virtus
2838 3110 3049 3181 isthmc,
3083 3127 3262 3182 neque
3290 3121 3452 3170 tuum
3496 3132 3634 3187 opus
3662 3126 3765 3187 est,

449 3195 504 3253 δὲ
530 3197 755 3254 ἐνταῦθα
786 3194 848 3253 τὸ
892 3195 1137 3275 χάρισμα
1167 3194 1343 3273 λέγει,
1386 3197 1438 3254 ἐν
1483 3186 1528 3275 ᾧ
1557 3194 2048 3274 ἐθαυματούργουν.

2163 3200 2252 3257 sed
2288 3199 2541 3256 divinum
2580 3199 2795 3257 donum
2840 3219 2854 3257 :
2899 3202 3016 3258 sive
3046 3218 3312 3276 magnum
3355 3205 3470 3261 sive
3511 3207 3766 3280 exiguum

448 3284 519 3346 Ἦ
549 3283 651 3365 γὰρ
677 3284 856 3351 πίστις
900 3284 1051 3355 διττή
1092 3307 1105 3320 ·
1136 3288 1167 3356 ἡ
1196 3284 1290 3361 μὲν
1333 3288 1520 3361 ἡμῶν,
1551 3289 1622 3352 ὡς
1665 3286 1760 3359 τὸ,
1793 3310 1817 3337 ι
1850 3283 1921 3344 Ἣ
1961 3285 2048 3343 πί-

449 3397 559 3441 στις
588 3397 684 3433 σου
731 3372 936 3433 σέσωκέ
973 3396 1034 3433 σε
1060 3396 1073 3409 ·
1105 3395 1136 3431 υ
1192 3378 1225 3445 ἡ
1267 3374 1322 3432 δὲ
1362 3374 1503 3434 Θεοῦ
1535 3375 1735 3454 δῶρον,
1768 3373 1835 3433 δι’
1867 3366 1929 3446 ἧς
1960 3372 2053 3432 καὶ

447 3463 693 3539 θαύματα
724 3464 995 3541 γίνονται,
1041 3467 1113 3531 ὡς
1158 3462 1255 3543 τὸ,
1316 3487 1343 3521 α
1376 3462 1512 3525 Ἐὰν
1563 3464 1723 3545 ἔχητε
1770 3464 1951 3522 πίστιν
1982 3466 2053 3531 ὣς

447 3555 635 3613 κόκκον
672 3555 974 3631 σινάπεως,
1020 3554 1189 3635 ἐρεῖτε
1218 3557 1295 3633 τῷ
1346 3553 1459 3635 ὄρει
1511 3556 1710 3636 τούτῳ,
1766 3552 2053 3625 Μετάϐηθι

448 3646 681 3703 ἐντεῦθεν
723 3643 834 3702 εκεῖ
856 3688 874 3718 ,
909 3644 1002 3701 καὶ
1027 3642 1419 3719 μεταϐήσεται.
1464 3670 1493 3699 π

543 3939 571 3973 a
603 3918 861 3999 Καθάπερ
894 3918 998 4002 γὰρ
1027 3921 1080 3978 ἐν
1110 3919 1186 3978 ἑνὶ
1215 3917 1432 3997 σώματι
1460 3916 1636 3977 πολλὰ
1666 3916 1802 3996 μέλη
1832 3916 2051 3997 ἔχομεν,

454 4006 624 4065 πάντα
656 4006 709 4067 δὲ
752 4007 817 4066 τὰ
851 4006 989 4086 μέλη
1022 4010 1080 4067 οὗ
1130 4006 1228 4080 τὴν
1265 4007 1429 4080 αὐτὴν
1479 4007 1595 4087 ἔχει
1638 4006 1827 4088 πρᾶξιν
1854 4026 1868 4040 ·
1912 4003 2054 4067 οὕτω

448 4094 542 4156 καὶ
576 4098 624 4157 οἱ
648 4098 836 4157 πολλοὶ
878 4096 933 4156 ἓν
969 4097 1130 4177 σῶμά
1160 4103 1321 4175 ἐσμεν
1352 4099 1405 4156 ἐν
1428 4102 1656 4177 Χριστῷ
1690 4117 1704 4131 ·
1726 4100 1754 4155 6
1787 4096 1842 4155 δὲ
1877 4101 2053 4163 καθεῖς

686 4190 805 4246 καθ’
837 4178 908 4254 εἷς
928 4190 974 4265 ],
1012 4186 1261 4259 ἀλλήλων
1304 4187 1462 4263 μέλη.
1490 4210 1518 4245 »
1558 4189 1656 4269 Τῷ
1686 4192 1776 4246 τοῦ
1804 4185 2051 4262 σώματος

444 4277 535 4334 καὶ
591 4280 698 4336 τῶν
739 4280 917 4353 μελῶν
965 4276 1319 4355 ὑποδείγματι
1366 4277 1428 4336 τὸ
1457 4276 1595 4354 μέγα
1639 4280 1732 4348 τῆς
1779 4279 2046 4359 ὑπερφρο-

2164 3288 2354 3357 fuerit,
2396 3292 2547 3345 Deus
2586 3299 2733 3346 certe
2774 3289 2881 3347 hoc
2910 3292 3198 3363 impertiit.
3241 3294 3433 3351 Fidem
3462 3303 3649 3351 autem
3680 3296 3772 3352 hic

2161 3378 2374 3436 donum
2409 3380 2628 3451 apellat,
2670 3380 2821 3452 quod
2870 3381 3132 3438 miracula
3182 3381 3559 3455 perﬁciebant.
3608 3386 3775 3443 Fides

2160 3468 2310 3525 enim
2339 3466 2544 3541 duplex
2588 3477 2673 3524 est
2721 3488 2734 3524 :
2767 3470 2935 3526 altera
2962 3479 3173 3539 nostra,
3214 3480 3300 3541 ut,
3344 3496 3370 3521 ι
3405 3473 3569 3530 Fides
3598 3482 3689 3530 tua
3716 3484 3775 3532 te

2160 3559 2399 3614 servavit
2427 3567 2455 3606 ει
2483 3579 2497 3616 ;
2530 3577 2558 3611 ιι
2591 3558 2763 3615 altera
2795 3574 2923 3615 vero
2952 3559 3169 3617 donum
3198 3563 3323 3630 Dei,
3351 3578 3447 3634 per
3470 3580 3640 3637 quam
3672 3566 3770 3620 mi-

2161 3648 2351 3705 racula
2393 3648 2558 3717 ﬁunt,
2606 3657 2667 3705 ut
2710 3666 2837 3706 cum
2876 3649 2951 3706 ait
2993 3650 3243 3707 Christus
3286 3671 3300 3706 :
3352 3654 3405 3709 Si
3463 3653 3770 3713 habueritis

2163 3736 2330 3794 fidem
2372 3737 2520 3794 sicut
2556 3753 2791 3811 granum
2836 3739 3065 3811 sinapis,
3115 3738 3304 3796 dicetis
3353 3742 3529 3797 monti
3578 3743 3705 3799 huic
3749 3765 3761 3799 :

2159 3825 2418 3883 Transfer
2438 3835 2493 3883 te
2516 3826 2640 3883 hinc
2668 3827 2783 3897 illo,
2810 3835 2869 3885 et
2894 3827 3256 3885 transferetur
3280 3838 3300 3864 τ
3328 3872 3341 3885 .
3376 3854 3401 3879 ι.

2231 3919 2411 3974 νειιε.
2459 3922 2516 3985 4,
2556 3923 2611 3973 5.
2656 3941 2681 3966 α
2714 3918 2865 3974 Sicut
2895 3917 3044 3975 enim
3091 3918 3145 3973 in
3175 3935 3285 3974 uno
3328 3935 3560 3992 corpore
3593 3922 3766 3978 multa

2158 4007 2405 4063 membra
2430 4006 2718 4075 habemus,
2747 4007 2938 4064 omnia
2967 4015 3155 4063 autem
3186 4009 3435 4066 membra
3465 4026 3577 4066 non
3608 4027 3765 4068 eum-

2158 4095 2285 4155 dem
2325 4096 2533 4153 habent
2557 4105 2744 4154 actum
2778 4116 2792 4153 :
2835 4098 2909 4153 ita
2951 4105 3007 4154 et
3042 4097 3204 4154 multi
3235 4115 3410 4155 unum
3440 4114 3641 4172 corpus
3668 4117 3762 4157 su-

2158 4203 2285 4243 mus
2312 4188 2368 4243 in
2410 4187 2656 4254 Christo,
2686 4188 2887 4261 singuli
2926 4195 3138 4257 autem,
3169 4189 3305 4245 alter
3345 4189 3572 4246 alterius
3600 4207 3761 4247 men-

2153 4279 2271 4335 bra.
2320 4300 2345 4326 υ
2376 4277 2635 4349 Corporis
2671 4285 2728 4333 et
2771 4276 3154 4334 membrorum
3201 4279 3455 4352 exemplo
3483 4278 3762 4352 ingentem

446 4364 604 4438 σύνης
632 4364 853 4446 ἔπαρμα
885 4373 1148 4446 καθαιρεῖ.
1180 4364 1401 4447 Ὥσπερ
1444 4366 1549 4447 γὰρ
1581 4367 1642 4425 τὸ
1671 4370 1832 4443 σῶμα
1861 4364 1916 4425 ἓν
1950 4367 2047 4443 μέν

2163 4368 2425 4441 superbiae
2465 4367 2761 4423 elationem
2799 4368 2963 4423 tollit.
3016 4370 3101 4435 Ut
3142 4368 3289 4424 enim
3334 4385 3535 4441 corpus
3588 4387 3760 4427 unum

444 4456 592 4534 ἔστι,
624 4453 853 4537 διάφορα
887 4454 942 4514 δὲ
976 4454 1113 4531 μέλη
1141 4454 1254 4536 ἔχει
1274 4500 1291 4527 ,
1334 4454 1610 4537 διαφόρους
1650 4454 1867 4535 πράξεις
1898 4457 2043 4537 ἐνερ-

2154 4457 2377 4531 quidem
2405 4465 2509 4526 est,
2550 4456 2762 4513 diversa
2790 4473 2919 4514 vero
2960 4457 3212 4515 membra
3241 4458 3405 4514 habet
3443 4458 3764 4517 differentes

440 4551 630 4623 γοῦντα
654 4568 668 4582 ο
704 4543 844 4603 οὕτω
887 4545 980 4603 καὶ
1009 4546 1057 4603 οῖ
1096 4545 1274 4604 πιστοὶ
1318 4543 1373 4603 ἓν
1406 4544 1566 4622 σῶμά
1598 4546 1759 4619 ἔσμεν
1804 4546 1857 4602 ἐν
1904 4547 2045 4626 Χρι-

2163 4549 2398 4605 actiones
2447 4547 2753 4603 exercentia
2800 4565 2815 4601 :
2854 4545 2932 4603 sic
2970 4555 3028 4603 et
3066 4562 3169 4603 nos
3214 4546 3402 4604 ﬁdeles
3439 4564 3612 4605 unum
3663 4567 3759 4606 su-

441 4636 583 4715 στῴ,
618 4638 690 4701 ὡς
730 4636 783 4693 ἐν
824 4637 1031 4714 κεφαλῇ
1063 4633 1478 4712 συνιστάμενον,
1515 4634 1605 4693 καὶ
1635 4637 1663 4691 6
1690 4639 1867 4702 καθεῖς
1888 4680 1905 4708 ,
1934 4637 2041 4693 ἆλ-

442 4721 623 4795 λήλων
655 4723 794 4800 μέλη
816 4746 831 4761 ο
861 4727 962 4805 οὐχ
984 4727 1013 4783 6
1042 4724 1230 4804 μικρὸς
1275 4725 1432 4800 μόνον
1463 4731 1559 4785 τοῦ
1590 4725 1858 4801 μεγάλου,
1899 4724 2039 4782 ἀλλὰ

445 4813 539 4871 καὶ
568 4817 597 4871 6
628 4812 797 4894 μέγας
843 4820 936 4874 τοῦ
981 4818 1196 4895 μικροῦ.
1243 4814 1337 4885 Μὴ
1383 4813 1555 4874 τοίνυν
1604 4813 1854 4883 ἀλλήλων
1908 4837 2046 4873 κατ-

444 4901 723 4983 επαίρεσθε
750 4927 764 4941 ο
794 4904 1022 4986 χρῄζετε
1052 4904 1176 4985 γὰρ,
1224 4906 1296 4971 ὡς
1322 4903 1412 4963 καὶ
1456 4902 1524 4962 τὰ
1556 4902 1695 4983 μέλη
1716 4947 1733 4977 ,
1770 4903 2041 4975 ἀλλήλων.

522 5201 546 5227 ι
578 5169 839 5255 Ἔχοντες
864 5172 1007 5234 δὲτᾶ
1026 5174 1340 5255 χαρίσματα
1371 5173 1514 5234 κατὰ
1539 5172 1635 5247 τὴν
1662 5172 1819 5256 χάριν
1836 5172 1931 5245 τὴν
1955 5174 2043 5232 δο-

442 5268 621 5324 θεῖσαν
651 5269 781 5341 ἡμῖν
805 5266 1031 5346 διάφορα
1052 5311 1069 5338 ,
1103 5262 1208 5324 εἴτε
1242 5263 1600 5346 προφητείαν,
1626 5262 1763 5322 κατὰ
1784 5262 1880 5335 τὴν
1910 5266 2041 5320 ἀνα-

438 5354 624 5431 λογίαν
641 5357 737 5425 τῆς
756 5344 1002 5422 πίστεως.
1034 5382 1057 5406 ιι
1078 5357 1198 5415 Οὐκ
1220 5344 1394 5427 εἶπεν,
1417 5351 1498 5413 ὅτι
1518 5352 1753 5422 Μείζονα
1776 5352 1869 5412 καὶ
1893 5350 2046 5411 ἐλάτ-

2156 4654 2283 4695 mus
2308 4637 2369 4693 in
2396 4637 2635 4702 Christo,
2680 4652 2782 4693 ceu
2827 4637 2884 4693 in
2910 4637 3107 4709 capite,
3136 4652 3337 4707 corpus
3360 4637 3756 4707 constitutum,

2154 4738 2319 4803 atque
2361 4726 2507 4784 inter
2548 4743 2650 4784 nos
2689 4736 2886 4783 mutuo
2920 4727 3057 4782 alter
3101 4726 3326 4782 alterius
3361 4742 3555 4783 sumus
3585 4743 3759 4784 mem-

2154 4818 2255 4876 bra
2302 4839 2315 4875 :
2357 4833 2470 4874 non
2496 4817 2684 4873 minor
2723 4816 3112 4873 tantummodo
3141 4816 3386 4889 maioris,
3436 4816 3531 4873 sed
3580 4816 3759 4890 major

2153 4908 2322 4963 etiam
2369 4905 2623 4963 minoris.
2664 4908 2747 4963 Ne
2782 4905 2946 4978 igitur
2988 4905 3135 4961 inter
3175 4921 3273 4962 vos
3316 4905 3460 4963 alter
3495 4906 3760 4964 adversus

2153 4997 2393 5054 alterum
2438 4994 2750 5053 efferamini
2802 5014 2815 5051 :
2855 4995 3030 5068 egetis
3056 4994 3227 5064 enim,
3267 4996 3648 5053 membrorum
3674 4997 3760 5052 in-

2154 5096 2291 5157 star,
2340 5095 2531 5143 mutua
2559 5093 2742 5143 vestra
2777 5102 2968 5158 opera.

2221 5178 2398 5234 Vens.
2431 5182 2485 5233 6.
2516 5200 2540 5226 ι
2577 5176 2858 5233 Habentes
2894 5184 3079 5232 autem
3105 5175 3275 5245 dona,
3304 5174 3607 5233 secundum
3634 5191 3756 5249 gra-

2152 5268 2289 5324 tiam
2339 5283 2465 5341 qua:
2504 5266 2632 5323 data
2676 5275 2758 5323 est
2796 5266 2981 5334 nobis,
3026 5264 3198 5329 varia,
3257 5264 3369 5321 sive
3410 5264 3756 5337 prophetiam

2153 5356 2458 5415 secundum
2479 5357 2753 5413 rationem
2777 5354 2925 5411 ﬁdei.
2950 5374 2980 5407 η
3014 5356 3141 5411 Non
3155 5354 3272 5425 89
3289 5353 3451 5419 dixit,
3474 5353 3618 5410 dona
3637 5369 3757 5411 ma-

444 5464 569 5501 τονα
588 5442 828 5523 ἔχοντες,
854 5443 1024 5518 ἀλλὰ,
1049 5469 1073 5496 ιι
1104 5443 1346 5525 Διάφορα
1374 5466 1387 5480 ο
1409 5472 1432 5497 ιο
1460 5440 1547 5501 ἵνα
1570 5441 1896 5523 καταστείλῃ
1924 5439 2045 5509 τοὺς

2163 5449 2272 5519 iora
2314 5456 2411 5504 aut
2447 5446 2664 5503 minora
2699 5444 2985 5512 habentes,
3012 5442 3131 5511 sed,
3176 5467 3202 5491 ει
3242 5443 3475 5500 Diversa
3510 5462 3527 5499 :
3559 5452 3620 5499 ut
3660 5461 3753 5500 su-

528 5595 769 5651 PMatth.
804 5611 863 5665 v,
896 5601 948 5652 3.
1039 5594 1277 5652 ¢IMatth.
1308 5610 1396 5665 ιχ,
1430 5600 1520 5651 22.
1598 5596 1618 5626 ¹’
1645 5594 1850 5652 Matth.
1890 5608 2048 5661 nn,
2079 5598 2169 5649 19.

1870 5737 2061 5797 Variae
2105 5737 2408 5797 lectiones.

519 5818 534 5853 ι
567 5818 712 5892 λόγῳ
740 5834 798 5876 o.
