4150 6466
393 467 495 520 503

1414 461 1931 517 THEOPHYLACTI
1967 460 2324 516 BULGARIE
2361 460 2675 515 AllCHlEP.

3596 454 3700 513 504

393 589 588 663 perbos
631 589 707 644 vel
739 605 805 644 eo
833 587 951 660 ipso
984 587 1214 644 nomine
1252 586 1581 660 comprimat
1609 607 1626 643 :
1658 602 1838 661 neque
1865 586 1992 644 Vir—

2112 587 2484 668 ἓπαιρομένους
2535 585 2628 644 καὶ
2681 583 2734 654 ἐξ
2784 586 2944 646 αὐτοῦ
2999 590 3089 644 τοῦ
3150 582 3441 661 ὀνόματος·
3497 582 3587 642 καὶ
3643 583 3702 642 οὗ

392 686 538 737 tutes
569 678 729 748 dixit,
772 677 892 745 sed,
944 700 971 727 ι
1016 679 1197 733 Dona.
1230 700 1254 726 υ
1302 677 1407 732 Dei
1435 676 1606 745 enim,
1651 675 1846 749 inquit,
1890 675 1992 733 do-

393 786 530 825 num
572 776 677 835 est,
727 783 840 824 non
877 776 1037 824 tuum
1067 783 1226 838 opus,
1257 765 1406 839 quod
1449 767 1706 839 accepisti
1748 783 1762 822 :
1797 775 1851 822 et
1876 782 1998 845 gra-

396 859 470 916 tia
501 866 586 915 est
611 872 734 930 qum
762 856 909 913 istud
945 857 1046 914 tibi
1079 856 1188 913 dat.
1223 858 1303 913 Ut
1342 856 1516 928 igitur
1545 857 1720 914 elatos
1751 855 1994 929 dejiciat,

397 948 518 1006 haec
557 963 587 1002 a
627 950 747 1003 Deo
798 946 991 1003 donari
1034 945 1299 1013 affirmat,
1349 944 1680 1003 charismata
1711 961 1776 1002 ea
1820 946 2000 1002 nomi-

397 1054 556 1094 nans.
600 1041 682 1095 Ut
726 1046 915 1092 autem
943 1052 1134 1108 segnes
1163 1044 1217 1091 et
1257 1037 1488 1108 ignavos
1532 1036 1751 1104 excitet,
1796 1037 1996 1093 iterum

398 1127 638 1185 ostendit
683 1127 832 1198 quod
863 1134 914 1182 et
955 1142 1060 1182 nos
1089 1125 1296 1200 aliquid
1323 1125 1723 1183 contribuimus
1751 1135 1813 1183 ut
1849 1127 1996 1183 acci-

399 1218 613 1290 piamus
673 1216 840 1284 dona,
911 1240 937 1264 α
1005 1217 1130 1272 Sive
1190 1215 1557 1288 prophetiam,
1628 1240 1654 1265 ιο
1725 1216 1996 1289 inquiens,

404 1331 428 1355 α
459 1306 529 1362 ad
572 1306 880 1379 analogiam
908 1304 1051 1362 fidei.
1097 1328 1122 1355 ιι
1160 1305 1279 1362 Etsi
1326 1305 1478 1362 enim
1525 1306 1700 1378 gratia
1738 1315 1844 1374 est,
1884 1322 1996 1363 non

397 1407 584 1454 tamen
625 1395 947 1469 simpliciter
981 1394 1311 1466 effunditur;
1351 1395 1450 1452 sed
1486 1405 1758 1469 quatenus
1782 1397 1999 1452 invene-

399 1489 474 1543 rit
503 1502 594 1542 vas
626 1486 753 1543 ﬁdei
803 1485 903 1542 sibi
934 1485 1204 1554 oblatum,
1235 1494 1460 1544 eatenus
1501 1486 1702 1544 influit.
1749 1488 1994 1558 Prophe-

399 1579 490 1636 tia
535 1586 721 1635 autem
771 1577 1016 1648 primum
1074 1576 1350 1645 meminit,
1397 1576 1533 1633 citra
1590 1577 1766 1634 ullum
1806 1576 1998 1634 forsan

401 1667 704 1724 discrimen
747 1666 888 1723 istud
930 1665 1158 1737 faciens,
1210 1666 1296 1722 vel
1334 1664 1568 1724 fortasse
1609 1667 1733 1739 quia
1776 1675 1999 1739 propter

401 1774 524 1815 eam
552 1756 805 1812 nonnulli
841 1756 1000 1828 vulgo
1030 1755 1445 1813 extollebantur.
1475 1759 1647 1814 Porro
1687 1757 1735 1813 si
1767 1757 1998 1814 extolle-

401 1848 622 1914 bantur,
656 1862 754 1902 cur
777 1861 887 1902 non
909 1845 1142 1918 privavit
1171 1861 1267 1902 eos
1295 1850 1446 1903 Deus
1465 1862 1531 1902 eo
1559 1846 1742 1904 dono?
1770 1849 2000 1919 Propter

400 1937 587 2009 populi
617 1934 1106 2004 commoditatem,
1149 1944 1316 2007 utque
1348 1935 1565 1993 erudiat
1605 1951 1730 2006 nos,
1759 1953 1830 1992 ne
1860 1952 1997 1993 con-

399 2026 728 2083 demnemus
783 2025 1112 2082 charismata
1153 2025 1431 2089 habentes,
1471 2027 1690 2083 etiamsi
1737 2041 1994 2098 peccave-

398 2117 527 2172 rint.
583 2116 638 2173 Si
690 2117 840 2172 enim
885 2130 988 2187 ego
1047 2131 1158 2172 non
1218 2115 1440 2172 denudo
1492 2123 1589 2172 aut
1650 2116 1807 2188 privo
1871 2131 1997 2188 gra-

398 2207 472 2262 tia
497 2222 620 2262 mea
658 2205 866 2279 (inquit
906 2207 1109 2274 Deus),
1157 2213 1219 2261 tu
1259 2205 1383 2278 quis
1410 2219 1468 2261 es
1516 2206 1608 2278 qui
1654 2205 1835 2278 ipsum
1878 2205 1996 2262 vili-

401 2295 589 2368 pendis
605 2297 629 2350 Ρ

471 2389 641 2442 Vnus.
671 2391 725 2441 7.
757 2405 786 2438 ιι
809 2384 931 2442 Sive
959 2384 1350 2454 ministerium,
1376 2385 1435 2441 in
1461 2383 1796 2442 ministerio.
1824 2407 1850 2433 α
1903 2387 2004 2442 Est

398 2492 532 2534 sane
557 2483 612 2532 et
638 2474 892 2548 specialis
915 2490 1062 2532 cura;
1099 2490 1164 2530 ac
1186 2473 1597 2548 gubernationis
1625 2472 1862 2544 donum,
1893 2474 1999 2530 mi-

399 2565 715 2633 nisterium,
749 2563 929 2637 qualis
957 2572 1076 2620 erat
1113 2571 1324 2637 septem
1377 2563 1740 2621 diaconorum
1768 2561 2000 2619 functio.

399 2657 674 2729 Intelliges
726 2663 915 2711 tamen
962 2654 1290 2727 generaliter
1327 2669 1492 2711 omne
1534 2669 1671 2724 opus
1719 2653 2006 2725 spirituale

403 2761 497 2818 per
537 2743 930 2802 ministerium.
993 2743 1088 2800 Ait
1131 2759 1264 2816 ergo
1311 2764 1323 2800 :
1388 2743 1442 2801 Si
1487 2743 1614 2816 quis
1657 2741 2004 2800 functionem

400 2835 718 2909 quampiam
770 2841 966 2891 nactus
1013 2841 1116 2898 est,
1157 2833 1216 2889 in
1262 2849 1326 2890 ea
1372 2832 1654 2890 functione
1699 2841 2009 2906 perseveret

403 2932 716 2993 (necessum
742 2932 826 2981 est
843 2923 992 2981 enim
1013 2923 1298 2980 ententiae
1325 2921 1454 2980 huic
1477 2937 1770 2995 apponere,
1795 2923 2003 2994 μενέτω,

404 3015 461 3073 id
498 3023 600 3084 est,
636 3021 855 3070 maneat
881 3013 998 3070 sive
1034 3017 1394 3086 perseveret),
1422 3027 1601 3084 neque
1625 3011 1837 3084 aliquid
1862 3013 2007 3069 ultra

400 3112 632 3178 quaerat,
656 3119 836 3176 neque
855 3103 1116 3160 adversus
1141 3101 1313 3159 alium
1333 3101 1646 3172 extollatur,
1671 3100 1766 3159 sed
1786 3110 2010 3158 maneat

403 3202 694 3252 contentus
735 3209 802 3250 eo
843 3191 994 3266 quod
1021 3192 1252 3265 accepit.

478 3307 504 3333 σι
549 3284 672 3342 Sive
705 3282 800 3356 qui
837 3281 1016 3350 docet,
1069 3282 1126 3339 in
1156 3281 1430 3339 doctrina.
1464 3303 1490 3329 ι)
1532 3281 1587 3337 Si
1615 3279 2004 3338 ministterium
2036 3291 2084 3354 G

403 3374 784 3432 universaliter
837 3372 1092 3445 accipias,
1141 3371 1272 3428 audi
1333 3370 1592 3444 deinceps
1637 3370 1755 3444 ejus
1797 3373 2004 3444 species

404 3471 829 3522 connumeratas
877 3480 891 3518 :
940 3463 1023 3519 sin
1070 3477 1197 3519 vero
1253 3461 1583 3534 particulare
1634 3460 2004 3518 ministerium

407 3555 703 3627 intelligas,
741 3553 970 3610 observa
1004 3551 1284 3625 quomodo
1312 3551 1466 3624 prius
1491 3551 1636 3608 illius
1662 3551 2000 3619 meminerit,

407 3645 530 3702 licet
554 3644 787 3701 inferius
827 3645 920 3713 sit,
955 3659 1019 3700 ac
1057 3641 1394 3709 doctrinam,
1425 3656 1555 3698 cum
1601 3649 1792 3698 tamen
1821 3641 2006 3714 major

407 3736 497 3805 sit,
529 3734 772 3792 secundo
787 3734 907 3790 loco
936 3734 1202 3806 posuerit,
1225 3730 1730 3789 indiscriminatum
1754 3731 2005 3788 ordinem

406 3825 722 3892 ostendens,
764 3823 1127 3897 erudiensque
1189 3837 1294 3880 nos
1340 3837 1406 3878 ex
1455 3821 1575 3894 ipso
1632 3820 1845 3890 ordine,
1896 3836 2010 3876 non

407 3915 585 3972 inﬂari
625 3914 845 3984 debere,
882 3929 1062 3986 neque
1103 3912 1172 3970 de
1213 3911 1278 3969 iis
1315 3925 1442 3984 qua
1485 3910 1701 3984 majora
1730 3909 2007 3979 videntur,

406 4004 609 4062 efferri.

479 4097 659 4152 Vens.
691 4098 746 4148 8.
783 4116 808 4142 α
832 4091 957 4149 Sive
984 4092 1080 4165 qui
1098 4089 1447 4159 exhortatur,
1467 4089 1523 4145 in
1552 4088 1952 4146 exhortatione.
1981 4112 2007 4137 ι»

410 4189 511 4240 Est
553 4192 610 4239 et
656 4183 772 4255 ipsa
821 4197 1041 4255 quoque
1087 4179 1417 4250 exhortatio,
1469 4178 1738 4236 doctrinae
1779 4180 2008 4251 species.

410 4273 673 4331 Doctrina
697 4273 850 4329 enim
874 4272 1076 4329 dicitur
1103 4269 1445 4343 simpliciter,
1476 4269 1544 4327 de
1574 4269 1763 4342 quavis
1789 4285 1852 4326 re
1876 4285 2011 4342 pro-

411 4363 587 4437 posita
615 4363 908 4435 disputatio
954 4383 967 4419 :
1013 4360 1323 4418 exhortatio
1349 4368 1536 4417 autem
1567 4360 1680 4417 sive
1710 4358 2011 4416 consolatio

410 4453 715 4526 speciatim,
760 4451 984 4526 quando
1024 4451 1294 4524 quispiam
1340 4450 1620 4507 mentibus
1657 4464 1898 4506 moerore
1927 4447 2009 4504 vel

411 4543 693 4601 iracundia
715 4542 1048 4616 perturbatis
1075 4540 1477 4614 mitigationem
1505 4549 1558 4597 et
1580 4539 1827 4612 quietem
1853 4537 2012 4596 indu-

2103 677 2546 756 Κατορθώματα,
2575 675 2712 735 ἀλλὰ
2733 721 2750 749 ,
2790 699 2819 734 ιι
2841 675 3189 756 Χαρίσματα.
3229 696 3258 731 α
3281 677 3423 736 Θεοῦ
3455 672 3578 752 γὰρ,
3600 696 3700 755 φη-

2101 767 2182 826 σὶν
2204 814 2220 845 ,
2243 766 2355 826 ἔστι
2383 766 2632 846 χάρισμα
2650 812 2667 842 ,
2690 769 2746 825 οὗ
2773 765 2863 826 σὸν
2895 763 3242 844 κατόρθωμα,
3278 762 3306 823 δ
3339 762 3530 846 ἔλαβες
3558 787 3571 799 ·
3603 764 3698 822 καὶ

2099 856 2256 937 χάρις
2301 856 2440 916 ἐστὶν
2473 860 2507 928 ἡ
2539 857 2702 916 δοῦσά
2749 878 2833 914 σοι
2883 843 3059 916 τοῦτο.
3117 853 3239 916 Ἵνα
3269 852 3366 930 μὲν
3411 843 3499 912 οὖν
3530 876 3697 912 καταο

2102 949 2284 1026 στείλῃ
2311 945 2429 1014 τοὺς
2459 944 2867 1026 ἐπαιρομένους,
2901 943 3050 1024 παρὰ
3079 945 3224 1005 Θεοῦ
3265 943 3504 1002 δίδοσθαι
3529 947 3699 1000 ταῦτα

2101 1036 2276 1115 λέγει,
2309 1039 2400 1096 καὶ
2426 1036 2740 1116 χαρίσματα
2785 1035 3032 1113 ὀνομάζει
3061 1059 3072 1072 ·
3107 1034 3194 1092 ἵνα
3233 1033 3287 1094 δὲ
3319 1032 3551 1114 δειγείρῃ
3584 1032 3703 1100 τοὺς

2103 1125 2398 1209 ῥᾳθύμους,
2428 1127 2587 1186 πάλιν
2636 1125 2900 1186 δείκνυσιν
2952 1124 3033 1184 ὅτι
3077 1124 3170 1186 καὶ
3221 1128 3377 1196 ἡμεῖς
3421 1125 3702 1204 συνεισφέ⁹

2105 1217 2262 1295 ρομέν
2299 1242 2350 1277 τι
2375 1221 2448 1286 εἷς
2483 1217 2546 1277 τὸ
2580 1216 2765 1276 λαϐεῖν
2789 1215 2858 1274 τὰ
2878 1215 3195 1297 χαρίσματα
3231 1232 3245 1246 ⁶
3281 1213 3374 1272 καί
3403 1236 3585 1294 φησιν,
3622 1213 3703 1270 ὅτι

2111 1306 2301 1368 «Εἴτε
2345 1306 2704 1387 προφητείαν,
2758 1304 2898 1365 κατὰ
2955 1303 3051 1376 τὴν
3109 1303 3396 1382 ἀναλογίαν
3471 1307 3569 1374 τῆς
3614 1303 3704 1361 πί-

2105 1420 2289 1464 στεως.
2326 1425 2348 1450 υ
2408 1400 2474 1458 Εἰ
2531 1396 2633 1476 γὰρ
2683 1395 2779 1456 καὶ
2824 1399 2982 1476 χάρις
3029 1395 3170 1454 ἐστὶν
3194 1437 3210 1466 ,
3243 1395 3361 1452 ἀλλ’
3393 1393 3492 1474 οὐχ
3521 1391 3705 1460 ἅπλῶς

2105 1488 2374 1567 ἐκχεῖται,
2435 1489 2553 1546 ἀλλ’
2582 1485 2702 1546 ὅσον
2756 1485 2819 1544 ἂν
2871 1484 2999 1565 εὕρῃ
3050 1488 3236 1551 σκεῦος
3288 1483 3517 1549 πίστεως
3567 1483 3704 1558 αὐτῇ

2101 1577 2482 1657 προσενεχθὲν,
2541 1581 2788 1636 τοσοῦτον
2841 1577 3067 1657 ἐπιρῤεἴ.
3143 1577 3363 1655 Πρῶτον
3423 1570 3478 1630 δὲ
3530 1570 3554 1606 ²
3611 1574 3707 1642 τῆς

2104 1667 2426 1747 προφητείας
2453 1667 2691 1744 ἐμνήσθη
2714 1712 2728 1737 ,
2766 1664 2908 1744 τάχα
2947 1663 3044 1741 μὲν
3092 1663 3184 1722 καὶ
3229 1660 3527 1742 ἀδιαφόρως
3554 1668 3707 1747 τοῦτο

2106 1756 2369 1837 ποιήσας,
2413 1757 2542 1824 ἴσως
2590 1756 2646 1814 δὲ
2699 1754 2792 1814 καὶ
2849 1753 2982 1814 διότι
3022 1751 3182 1834 τυχὸν
3233 1751 3320 1811 ἐπὶ
3371 1740 3539 1827 ταύτῃ
3569 1740 3708 1821 ἦσάν

2107 1869 2242 1913 τινες
2269 1847 2634 1927 ἐπαιρόμενοι.
2687 1844 2797 1906 Kal
2830 1847 2874 1905 εἰ
2905 1845 3191 1925 ἐπήροντο,
3229 1844 3340 1908 πῶς
3387 1844 3415 1900 6
3445 1840 3582 1908 Θεὸς
3610 1842 3708 1898 οὖκ

2109 1935 2308 2016 ἐστέρει
2352 1937 2540 2004 αὖτοὺς
2587 1941 2678 1997 τοῦ
2725 1934 3097 2016 χαρίσματοςς
3145 1932 3246 1992 Διὰ
3294 1929 3389 2002 τὴν
3443 1929 3708 2010 ὠφέλειαν

2109 2030 2199 2085 τοῦ
2242 2028 2409 2101 λαοῦ,
2457 2029 2548 2086 καὶ
2594 2025 2683 2087 ἵνα
2721 2025 2983 2105 παιδεύσῃ
3044 2027 3187 2098 ἡμᾶς
3238 2021 3314 2099 μὴ
3367 2019 3707 2101 κατακρίνειν

2105 2114 2222 2186 τοὺς
2269 2115 2336 2176 τὰ
2389 2117 2705 2198 χαρίσματα
2745 2116 2998 2197 ἔχοντας,
3045 2111 3146 2172 κᾶν
3188 2110 3603 2191 ἁμαρτάνουσιν.
3639 2113 3708 2170 Εἰ

2108 2205 2209 2289 γὰρ
2235 2205 2352 2289 ἐγὼ
2384 2209 2541 2266 αὐτὸν
2588 2209 2690 2288 οὐχ
2739 2207 3032 2284 ἀπογυμνῶ
3072 2205 3169 2275 τῆς
3207 2201 3427 2283 χάριτός
3461 2223 3592 2279 μου,
3643 2199 3708 2259 σὺ

2107 2286 2193 2365 τίς.
2215 2286 2263 2355 εἷ
2289 2301 2318 2356 6
2345 2302 2526 2357 τοῦτον
2552 2286 2866 2370 ἔξούθενῶη

2199 2410 2229 2447 α
2263 2387 2390 2448 Εἴτε
2429 2386 2728 2459 διακονίαν,
2759 2388 2811 2446 ἐν
2839 2388 2904 2463 τῇ
2935 2381 3190 2463 διακονία.
3229 2404 3260 2438 ι)
3289 2377 3454 2440 Ἔστι
3485 2377 3580 2456 μὲν
3621 2370 3712 2439 οὖν

2109 2475 2201 2536 καὶ
2262 2477 2428 2549 ἷδικῆς
2484 2475 2788 2557 οἰκονομίας
2843 2475 3092 2556 χάρισμα
3149 2475 3184 2543 ἡ
3239 2469 3514 2545 διακονία,
3557 2471 3631 2537 ὥς
3677 2475 3712 2542 ἡ

2112 2569 2215 2625 τῶν
2265 2566 2401 2626 ἑπτὰ
2454 2566 2735 2628 διακόνων.
2779 2565 3008 2636 Νοήσεις
3057 2560 3237 2641 μέντοι
3289 2562 3584 2641 καθολικῶς
3622 2559 3718 2618 καὶ

2111 2665 2216 2716 πᾶν
2239 2655 2392 2738 ἔργον
2415 2655 2777 2734 πνευματικὸν
2809 2639 3100 2715 διακονίαν.
3137 2649 3322 2724 Φησὶν
3350 2639 3458 2708 οὖν·
3495 2646 3565 2709 Εἴ
3593 2671 3715 2707 τινα

2112 2747 2380 2806 διακονίαν
2423 2771 2499 2814 τις
2530 2745 2758 2825 ἔλαϐεν,
2804 2747 2858 2804 ἐν
3013 2741 3253 2822 διακονίᾳ
3301 2739 3505 2818 μενέτω
3545 2739 3715 2818 ταύτῃ

2113 2838 2231 2915 (δεῖ
2278 2837 2381 2919 γὰρ
2410 2843 2714 2917 προσθεῖναι
2742 2835 2832 2907 τὸ,
2868 2833 3143 2914 μενέτω),
3175 2831 3265 2892 καὶ
3294 2829 3369 2908 μὴ
3407 2827 3632 2919 ζητείτω
3663 2852 3720 2887 τι

2113 2928 2272 2997 πλέον
2295 2971 2310 2998 ,
2341 2918 2476 3004 μηδὲ
2504 2924 2910 3005 κατεπαιρέσθω
2937 2924 3130 2999 ἄλλου,
3164 2919 3302 2981 ἀλλὰ
3331 2918 3534 2997 μενέτω
3565 2919 3717 2998 στέρ-

2112 3039 2220 3096 γων
2249 3015 2277 3075 ὃ
2307 3016 2521 3077 ἔλαϐεν.

2207 3289 2393 3350 «Εἴτε
2444 3291 2472 3348 6
2513 3287 2818 3362 διδάσκων,
2873 3291 2924 3348 ἐν
3061 3284 3402 3367 διδασκαλίᾳ.
3458 3304 3485 3340 ι)
3523 3285 3588 3344 Εἰ
3619 3283 3715 3361 μὲν

2113 3379 2339 3441 καθόλου
2371 3379 2468 3453 τὴν
2513 3377 2782 3438 διακονίαν
2814 3377 2985 3457 λάϐῃς
3017 3378 3041 3415 ³
3061 3422 3076 3450 ,
3112 3373 3255 3445 δέξαι
3301 3374 3487 3434 λοιπὸν
3519 3372 3615 3433 καὶ
3645 3373 3711 3431 τὰ

2114 3470 2307 3545 ταύτης
2337 3472 2450 3544 εἴδη
2487 3468 2956 3551 καταριθμούμενα
2989 3467 3009 3500 ⁴
3044 3491 3056 3504 ·
3104 3469 3148 3525 εἰ
3179 3466 3233 3525 δὲ
3264 3466 3360 3537 τὴν
3397 3463 3568 3535 ἰδικὴν
3599 3465 3716 3522 δια-

2115 3561 2328 3640 κονίαν,
2377 3559 2512 3642 δρα,
2544 3562 2658 3627 πῶς
2701 3562 2916 3638 πρώτης
2971 3556 3173 3630 ἐκείνης
3217 3554 3495 3634 μνησθεὶς,
3540 3554 3717 3642 καίτοι

2115 3635 2494 3733 ὑποδεεστέρας
2541 3635 2871 3724 οὔσης,’τὴν
2913 3646 3260 3707 διδασκαλίαν
3297 3645 3512 3724 μείζονα
3562 3635 3724 3703 οὖσαν

2119 3741 2368 3822 δευτέραν
2423 3741 2689 3820 τέθεικεν,
2747 3738 3034 3820 ἀδιάφορον
3078 3737 3174 3808 τὴν
3226 3736 3372 3805 τάξιν
3424 3733 3675 3802 δεικνὺς5
3703 3779 3720 3805 ,

2117 3831 2208 3892 καὶ
2239 3830 2504 3892 παιδεύων
2555 3829 2610 3899 ἐξ
2668 3829 2831 3900 αὖτ’ἤς
2884 3831 2976 3900 τῆς
3021 3825 3214 3896 τάξεως
3277 3826 3352 3902 μὴ
3411 3828 3678 3908 φυσᾶσθαι
3701 3869 3721 3894 ,

2119 3921 2254 4000 μηδὲ
2283 3923 2593 4003 ἐπαίρεσθαι
2625 3918 2712 3979 ἐπὶ
2742 3924 2850 3984 τοῖς
2882 3918 3096 3976 δοκοῦσι
3133 3914 3388 3994 μείζοσιν.

2211 4121 2236 4148 ι
2287 4092 2420 4155 Εἴτε
2460 4097 2488 4152 6
2520 4091 2886 4170 παρακαλῶν,
2931 4089 2985 4147 ἐν
3137 4085 3496 4166 παρακλήσει.
3531 4109 3560 4140 n
3615 4084 3727 4145 Καὶ

2121 4189 2275 4245 τοῦτο
2305 4175 2438 4251 εἶδος
2469 4178 2847 4252 διδασκαλίας,
2896 4183 2931 4251 ἡ
2969 4177 3330 4257 παράκλησις.
3378 4173 3718 4235 Διδασκαλία

2122 4272 2349 4352 μὲνσγὰρ
2384 4273 2570 4339 ἁπλῶς
2623 4267 2838 4348 λέγεται
2901 4273 2930 4340 ἠ
2974 4267 3097 4346 περὶ
3141 4266 3339 4332 παντὸς
3381 4269 3472 4323 τοῦ
3527 4285 3720 4342 προτε-

2120 4365 2296 4432 θέντος
2320 4360 2547 4431 διάλεξις
2577 4385 2590 4399 ο
2625 4359 2966 4442 παράκλησις
3003 4357 3058 4417 δὲ
3101 4357 3282 4422 ἰδικῶς
3308 4404 3325 4433 ,
3359 4352 3485 4413 ὅταν
3514 4376 3593 4419 τις
3623 4354 3726 4442 ψυο

2120 4458 2246 4537 ψαῖς
2298 4441 2717 4535 τεταραγμέναις
2763 4449 2799 4522 ἢ
2852 4450 3028 4531 λύπῃ,
3076 4447 3110 4519 ἢ
3163 4450 3339 4526 θυμῷ,
3387 4441 3724 4537 καταστολὴν

2121 4532 2319 4626 ἐμποιῇ
2369 4532 2457 4603 διᾶ
2486 4549 2579 4604 τοῦ
2611 4541 2788 4621 λόγου.
2828 4539 2898 4602 Ὁ
2943 4544 3067 4621 γοῦν
3099 4538 3429 4626 παρακαλῶν
3449 4579 3465 4603 ,
3527 4532 3685 4626 φησὶν
3698 4577 3722 4626 _,

411 4635 485 4692 cit
512 4650 608 4707 per
636 4649 970 4691 sermonem.
1005 4630 1247 4688 Proinde
1269 4631 1364 4704 qui
1395 4630 1719 4688 adhortatur
1761 4628 1841 4684 vel
1871 4643 2005 4683 con-

2117 4620 2170 4694 ἐν
2193 4641 2260 4716 τῇ
2290 4620 2630 4715 παρακλήσει
2678 4620 2914 4710 μενέτω,
2942 4629 3002 4690 τὸ
3030 4628 3184 4709 ἔργον
3234 4625 3462 4706 μετιὼν,
3511 4622 3603 4683 καὶ
3646 4620 3721 4699 μὴ

413 4725 644 4793 solatur,
688 4724 888 4797 inquit,
929 4721 986 4779 in
1042 4721 1424 4778 exhortatione
1478 4720 1590 4776 sive
1634 4717 2013 4775 consolatione

410 4823 651 4879 maneat,
694 4829 834 4886 opus
877 4828 1043 4870 suum
1105 4825 1386 4880 exercens,
1440 4825 1543 4865 nec
1591 4816 1784 4865 contra
1839 4807 2013 4865 alium

411 4905 602 4961 elatus.

489 5017 513 5043 ι
547 4994 652 5064 Qui
678 4992 896 5061 tribuit,
923 4992 980 5048 in
1008 4991 1357 5064 simplicitate
1389 5008 1403 5045 :
1437 4988 1530 5061 qui
1554 4995 1756 5060 praeest
1779 4989 1840 5044 in
1867 4985 2017 5044 solli-

412 5085 681 5141 citudine.
721 5102 750 5137 »
789 5084 931 5139 Cum
973 5081 1044 5138 de
1073 5081 1326 5138 doctrina
1369 5087 1424 5136 et
1453 5077 1856 5146 exhortatione,
1889 5091 2016 5150 quae

413 5183 546 5231 sunt
565 5173 879 5230 animarum
899 5169 1262 5244 prmfecturaa,
1285 5170 1400 5241 90
1420 5166 1585 5224 verba
1605 5165 1847 5234 fecisset,
1868 5181 2017 5222 nunc

411 5265 479 5323 de
507 5264 756 5337 corporis
779 5262 944 5319 rebus
971 5261 1215 5333 loquitur
1249 5277 1262 5314 :
1294 5259 1412 5316 haec
1440 5257 1589 5315 enim
1617 5255 1862 5314 secundo
1891 5256 2015 5314 loco

411 5355 701 5412 habentur.
735 5351 1166 5425 Simplicitatem
1188 5357 1402 5415 autem,
1430 5349 1610 5421 ipsam
1630 5347 2016 5404 liberalitatem

410 5444 558 5501 dicit.
589 5447 825 5517 Oportet
865 5441 1034 5515 igitur
1064 5440 1197 5498 dare
1228 5455 1358 5495 cum
1385 5437 1717 5494 liberalitate
1748 5445 1805 5493 et
1841 5435 2020 5507 copia,

407 5534 568 5591 Nulla
599 5533 749 5590 enim
775 5531 950 5588 virtus
979 5546 1308 5604 permanere
1353 5535 1570 5602 potest,
1597 5527 1642 5584 si
1674 5525 2020 5584 convenienti

2124 4725 2289 4786 ἄλλου
2314 4723 2788 4804 κατεπαιρόμενος.

2216 4995 2244 5032 (ι
2271 4973 2341 5035 ⁸0
2370 4971 2679 5052 μεταδιδοὺς
2699 5017 2715 5048 ,
2749 4973 2802 5030 ἐν
2829 4969 3096 5041 ἁπλότητι
3123 4984 3137 5000 °
3172 4971 3200 5026 6
3231 4964 3638 5046 προϊστάμενος,
3669 4964 3721 5021 ἐν

2126 5067 2354 5145 σπουδῇ.
2387 5089 2411 5116 υ
2445 5062 2594 5124 Μετὰ
2627 5060 2688 5120 τὸ
2717 5060 2881 5119 εἰπεῖν
2906 5059 3028 5139 περὶ
3057 5055 3402 5122 διδασκαλίας
3431 5053 3524 5114 καὶ
3554 5075 3726 5145 παρα-

2124 5141 2397 5227 κλήσεως,
2443 5151 2635 5218 αἵτινές
2677 5153 2777 5211 εἰσι
2806 5152 2911 5208 τῶν
2963 5151 3149 5231 ψυχῶν
3191 5143 3547 5226 προστασίαι,
3579 5141 3723 5221 λέγει

2123 5251 2213 5305 νῦν
2259 5245 2350 5304 καὶ
2396 5243 2656 5322 περὶτῶν
2705 5242 3026 5318 σωματικῶν
3059 5261 3071 5275 ν
3123 5237 3344 5318 δεύτερα
3387 5234 3493 5316 γὰρ
3523 5238 3718 5293 ταῦτα.

2124 5334 2427 5407 Ἁπλότητα
2459 5332 2514 5392 δὲ
2543 5330 2639 5403 τὴν
2672 5328 2948 5411 δαψίλειάν
2979 5351 3131 5412 φησι.
3173 5332 3268 5388 Δεῖ
3295 5329 3418 5404 γοῦν
3463 5322 3598 5401 μετὰ
3637 5323 3728 5412 δα,-

2129 5425 2341 5506 ψιλείας
2380 5423 2600 5484 διδόναι.
2631 5410 2876 5500 Οὐδεμία
2907 5410 3011 5501 γὰρ
3041 5418 3204 5498 ἀρετὴ
3238 5415 3385 5493 μένει
3427 5412 3614 5506 άρετὴ,
3646 5410 3725 5490 μὴ

2135 5502 2272 5595 μετὰ
2311 5519 2401 5573 τοῦ
2446 5511 2803 5594 προσήκοντος
2834 5509 3028 5592 τρόπου
3054 5507 3327 5591 γινομένη.
3357 5502 3470 5566 Καὶ
3499 5504 3552 5561 αἱ
3579 5524 3725 5582 παρ-

1830 5653 2022 5711 Variae
2063 5651 2363 5710 lectiones.

485 5803 504 5836 ³
564 5801 650 5872 μὲν
681 5815 736 5857 0.
817 5800 838 5832 ³
865 5797 1037 5861 λαϐοις
1066 5815 1119 5856 0.
1201 5798 1218 5832 ⁸
1248 5799 1672 5872 συναριθμούμενα
1695 5813 1746 5855 ο.
1823 5796 1844 5830 ⁵
1873 5797 2050 5850 στάσιν
2080 5793 2315 5848 δεικνύων
2347 5809 2400 5849 ο.
