4090 6490
398 503 503 556 505

1294 500 1645 557 EXPOSITIO
1686 501 1752 556 IN
1793 501 2005 557 EPIST.
2046 500 2137 555 AD
2176 502 2340 559 ΗΘΜ.
2379 532 2448 544 -
2485 503 2635 560 CAP.
2677 505 2784 560 XII.

3599 510 3705 563 506

392 626 533 686 θένοι
562 627 665 709 γὰρ
712 625 887 687 ἔλαιον
934 614 1106 706 εἶχον,
1151 628 1269 686 ἀλλ’
1315 628 1430 686 ἐπεὶ
1459 627 1519 686 τὸ
1563 629 1753 707 ἀρκοῦν
1792 628 1890 686 οὐκ
1914 615 1979 685 εῖ-

2106 629 2324 686 ratione
2351 644 2468 686 non
2513 629 2624 686 ﬁat.
2672 633 2821 687 Nam
2850 637 2906 688 et
2932 630 3170 705 virgines
3197 630 3378 689 oleum
3407 630 3706 703 habebant,

392 740 522 797 χον,
559 714 803 785 ἐξέπεσον
838 740 853 755 ο
888 716 1069 798 ὥσπερ
1093 709 1183 777 οῦν
1214 716 1306 777 καὶ
1344 721 1371 776 ὁ
1410 716 1797 799 προϊστάμενος
1840 714 1987 799 ὀφείο

392 812 475 867 λει
508 806 842 882 σπουδαίως,
876 807 967 865 καὶ
1008 811 1101 866 οὐκ
1142 807 1622 890 ἐῤῥαθυμημένως,
1667 813 1824 867 τοῦτο
1856 830 1989 885 μετ-

392 897 549 957 ιέναι.
576 892 944 977 Προῖστασθαι
962 896 1020 956 δέ
1045 899 1156 958 ἐστι
1177 900 1238 959 τὸ
1260 898 1467 978 βοηθεῖν
1489 900 1578 957 καὶ
1601 898 1687 957 διὰ
1715 897 1989 979 ῥημάτων,

392 989 484 1045 καὶ
516 986 599 1045 διὰ
648 994 738 1048 τοῦ
790 986 1036 1069 σωματος
1083 990 1270 1062 αὐτοῦ,
1320 992 1397 1069 τῷ
1441 988 1685 1069 βοηθείας
1729 987 1983 1069 δεομένῳ.

392 1076 615 1148 Ἐπειδὴ
668 1076 771 1156 γὰρ
814 1067 929 1137 εἶπε
979 1078 1103 1156 περὶ
1162 1067 1495 1155 μεταδόσεως
1545 1078 1876 1158 χρημάτων,
1931 1067 1988 1137 οὗ

391 1166 586 1233 πάντες
607 1165 662 1226 δὲ
689 1166 986 1248 χρημάτων
1016 1170 1298 1248 εὐποροῦσι
1321 1213 1337 1239 ,
1367 1168 1526 1251 φησὶν
1563 1168 1645 1227 ότι
1678 1163 1987 1246 Προῖστασο

390 1256 594 1331 ἄλλως,
625 1259 695 1324 ὡς
726 1256 989 1333 δύνασαι,
1024 1258 1115 1317 καὶ
1147 1258 1329 1339 βοήθει
1358 1260 1465 1327 τοῖς
1500 1259 1785 1341 χρῄζουσιν
1804 1305 1823 1333 ,
1866 1256 1986 1317 ἀλλ’

388 1348 446 1404 ἐν
479 1348 704 1427 σπουδῇ.

481 1459 509 1495 (ι
538 1435 608 1497 Ὀ
632 1440 826 1511 ἐλεῶν,
852 1440 903 1497 ἐν
925 1437 1224 1519 ἱλαρότητι.
1253 1466 1278 1493 ιο
1310 1429 1477 1500 Εἶπεν
1506 1437 1782 1518 ἀνωτέρω,
1802 1434 1883 1519 ὅτι
1909 1439 1985 1497 δεῖ

388 1525 527 1601 μετὰ
560 1525 857 1598 ἁπλότητος
881 1574 897 1603 ,
931 1517 1048 1599 ἤτοι
1091 1529 1364 1609 δαψιλείας
1414 1517 1771 1607 μεταδιδόναι.
1803 1517 1942 1588 Εἶτα
1968 1574 1981 1599 ,

388 1618 576 1690 ἐπειδὴ
622 1616 811 1676 πολλοὶ
859 1616 954 1694 μὲν
1006 1618 1182 1676 πολλὰ
1239 1617 1482 1691 διδόασι,
1530 1617 1898 1700 βεϐιασμένως
1930 1616 1984 1675 δὲ

385 1708 477 1765 καὶ
512 1706 650 1784 μετὰ
678 1706 849 1780 λύπης
871 1754 886 1780 ,
911 1707 1072 1789 φησὶν
1103 1708 1183 1767 ὅτι
1208 1714 1275 1789 τῇ
1323 1709 1573 1790 δαψιλείᾳ
1602 1709 1694 1768 καὶ
1724 1707 1821 1780 τὴν
1852 1710 1983 1767 ἀλυ-

383 1796 514 1855 πίαν
534 1796 559 1832 ⁸
583 1798 661 1856 δεῖ
690 1806 1000 1878 προσεῖναι,
1032 1801 1236 1876 μᾶλλον
1260 1799 1313 1858 δὲ
1345 1800 1440 1871 τὴν
1465 1800 1783 1881 ἱλαρότητα,
1812 1798 1978 1877 ἤγουν

386 1887 732 1967 φαιδρότητα.
773 1888 1002 1969 Χαίρειν
1036 1888 1137 1969 γὰρ
1170 1890 1284 1963 δεῖ,
1336 1888 1416 1948 ὅτι
1461 1888 1757 1967 λαμϐάνεις
1801 1888 1983 1969 ὀλίγου

2100 718 2198 776 sed
2238 718 2365 793 quia
2407 720 2594 777 oleum
2636 720 2782 778 istud
2828 737 2943 777 non
2988 720 3316 790 sufﬁciebat,
3362 723 3703 780 exciderunt.

2100 810 2205 881 Qui
2237 810 2493 882 prasidet
2512 809 2696 883 igitur,
2727 810 2921 869 sedulo
2940 810 3105 868 debet
3129 811 3217 868 hic
3231 828 3446 884 quoque
3467 822 3523 869 et
3539 813 3707 871 haud-

2098 916 2382 975 quaquam
2420 901 2658 974 segniter
2707 901 2811 959 hoc
2861 902 3185 975 transigere.
3234 906 3479 960 Praeesse
3518 912 3707 960 autem

2094 1000 2199 1059 est,
2227 992 2408 1050 verbis
2453 1001 2509 1048 et
2551 1008 2781 1064 corpore
2806 992 3059 1049 auxiliari
3098 992 3145 1049 ei
3192 994 3287 1064 qui
3313 992 3515 1049 auxilio
3557 1002 3697 1066 eget.

2095 1082 2236 1153 Quia
2264 1090 2447 1139 autem
2486 1081 2556 1139 de
2584 1082 2870 1155 largitione
2908 1083 3268 1155 pecuniarum
3308 1085 3522 1140 locutus
3558 1092 3702 1152 erat,

2094 1188 2193 1230 nec
2236 1187 2430 1230 omnes
2475 1172 2757 1230 abundant
2812 1170 3190 1242 facultatibus,
3246 1172 3326 1229 ait
3388 1188 3401 1227 :
3458 1176 3703 1230 Praeesto

2095 1261 2269 1333 aliter,
2301 1271 2362 1319 ut
2389 1272 2565 1338 potes,
2604 1279 2669 1320 ac
2697 1262 2893 1336 adjuva
2921 1272 3164 1336 egentes,
3203 1278 3401 1319 verum
3427 1262 3617 1320 sedulo
3648 1271 3707 1320 et

2095 1353 2364 1413 studiose.

2169 1469 2193 1495 «
2234 1445 2341 1519 Qui
2381 1445 2696 1511 miseretur,
2731 1444 2790 1501 in
2831 1443 3124 1500 hilaritate.
3170 1466 3195 1491 ν
3237 1443 3413 1515 Supra
3456 1445 3701 1514 monuit,

2096 1536 2246 1609 quod
2273 1552 2401 1592 cum
2446 1534 2814 1606 simplicitate,
2844 1534 2958 1589 sive
2999 1532 3336 1601 liberalitate,
3383 1532 3458 1589 sit
3488 1534 3700 1605 imper-

2095 1628 2344 1683 tiendum
2371 1644 2386 1681 :
2417 1625 2634 1694 deinde,
2663 1625 2793 1697 quia
2824 1624 2983 1681 multi
3011 1624 3207 1693 multa,
3234 1622 3391 1679 inviti
3423 1631 3613 1680 tamen
3645 1633 3701 1680 et

2094 1716 2269 1775 coacti
2306 1732 2434 1773 cum
2480 1730 2723 1772 maerore
2766 1714 3027 1787 quopiam
3074 1712 3407 1784 largiuntur,
3448 1713 3636 1770 subdit
3682 1734 3693 1769 :

2094 1809 2327 1879 Oportet
2370 1814 2431 1861 ut
2474 1804 2765 1861 liberalitas
2807 1803 2905 1859 ﬁat
2950 1802 3065 1859 sine
3100 1802 3346 1869 tristitia,
3396 1803 3479 1858 vel
3519 1803 3700 1875 potius

2097 1906 2159 1954 ut
2184 1897 2233 1952 ei
2278 1894 2421 1953 adsit
2456 1894 2724 1963 hilaritas,
2778 1894 2892 1949 sive
2934 1891 3207 1950 alacritas.
3244 1891 3503 1948 Gaudere
3548 1892 3698 1949 enim

387 1976 690 2054 τιμήματος
738 1977 826 2037 τὸν
872 1979 1105 2058 οὐρανόν.
1160 1978 1288 2040 Νόει
1335 1978 1392 2038 δέ
1425 2003 1517 2058 μοι
1549 1990 1570 2028 7
1608 1978 1861 2061 διαφορὰν
1892 1986 1979 2038 τοῦ

2098 1996 2151 2043 te
2172 1986 2445 2054 convenit,
2478 1983 2631 2057 quod
2659 2000 2759 2056 pro
2787 1983 2984 2054 exiguo
3009 1982 3184 2053 pretio
3215 1981 3418 2038 caelum
3439 1982 3697 2052 accipias.

388 2067 759 2143 μεταδιδόντος
798 2068 888 2127 καὶ
923 2071 1192 2137 ἐλεοῦντος
1237 2092 1249 2106 ·
1296 2068 1377 2128 ὅτι
1405 2075 1433 2130 ὁ
1480 2069 1577 2149 μὲν
1631 2068 1977 2146 μεταδιδοὺς,

385 2160 516 2235 παρ’
542 2156 706 2218 ἄλλου
737 2158 1060 2233 λαμϐάνων,
1112 2161 1447 2239 μετοχετεύει
1490 2160 1586 2233 τὴν
1632 2159 1775 2220 δόσιν
1810 2184 1823 2198 ι
1867 2162 1895 2218 ὁ
1924 2159 1981 2218 δὲ

386 2248 545 2307 ἐλεῶν
574 2251 703 2328 παρ’
735 2251 921 2307 ἑαυτοῦ
959 2248 1257 2309 ἀναλίσκει.

474 2453 504 2489 α
533 2430 602 2491 Ἣ
643 2430 827 2508 ἀγάπη
884 2431 1247 2512 ἀνυπόκριτος.
1281 2454 1309 2488 ››
1364 2432 1615 2492 Δείκνυσι
1662 2436 1772 2501 πῶς
1823 2430 1885 2490 ἂν
1914 2432 1981 2493 τὰ

383 2520 742 2603 προειρημένα
780 2520 1008 2581 πάντα8
1060 2523 1452 2601 κατορθωθείη,
1510 2521 1601 2581 καί
1653 2546 1853 2605 φησιν,
1899 2521 1981 2581 ὅτι

381 2611 455 2672 Ἦ
486 2612 669 2690 ἀγάπη
712 2611 851 2671 ἔστω
890 2611 1252 2690 ἀνυπόκριτος.
1287 2612 1427 2673 Τότε
1467 2612 1570 2693 γάρ
1600 2615 1742 2672 ἐστιν
1781 2616 1815 2684 ἡ
1849 2612 1979 2691 ἀγά-

382 2725 460 2774 πη
480 2746 496 2775 ,
526 2701 616 2759 καὶ
644 2700 819 2760 πάντα
848 2700 1310 2782 κατορθωθήσεται
1346 2702 1561 2783 ῥᾳδίως.
1598 2704 1705 2764 Καὶ
1745 2704 1772 2760 ὁ
1818 2705 1978 2762 ἐλεῶν

379 2791 484 2873 γὰρ
514 2794 707 2871 ἱλαρῶς
736 2790 977 2865 ἐλεήσει,
1012 2790 1182 2859 διδοὺς
1229 2795 1306 2871 τῷ
1350 2792 1571 2865 πλησίον
1596 2793 1619 2827 9
1645 2797 1714 2858 ὡς
1756 2795 1929 2875 ἑαυτῷ
1963 2817 1975 2830 ·

377 2880 471 2940 καὶ
528 2884 557 2940 ὁ
607 2880 992 2960 προϊστάμενος
1064 2882 1361 2948 σπουδαίως
1424 2882 1817 2961 προστήσεται,
1902 2886 1976 2949 ὡς

378 2970 513 3051 ὑπὲρ
542 2975 732 3032 ἑαυτοῦ
765 2972 1146 3050 ἀγωνιζόμενος
1175 2976 1269 3032 τοῦ
1300 2972 1552 3047 πλησίον,
1585 2971 1677 3031 καὶ
1710 2971 1886 3032 πάντα
1914 2972 1963 3010 ¹⁰

378 3062 589 3137 δμοίως.

468 3257 499 3294 α
528 3232 966 3315 Ἀποστυγοῦντες
1014 3235 1077 3295 τὸ
1123 3235 1377 3315 πονηρόν.
1413 3262 1437 3289 ι
1488 3225 1630 3295 Εἷπε
1680 3234 1803 3315 περὶ
1843 3234 1977 3311 ἀγά-

2092 2077 2371 2149 Intelliges
2426 2083 2612 2131 autem
2666 2073 2964 2131 discrimen
3015 2071 3381 2143 impertientis
3437 2081 3489 2127 et
3536 2072 3697 2127 mise—

2091 2168 2287 2225 rentis.
2335 2169 2482 2223 Nam
2512 2164 2858 2237 impertiens,
2903 2163 2972 2218 ab
3014 2162 3123 2219 alio
3165 2162 3457 2234 accipiens,
3487 2161 3695 2219 donum

2091 2256 2353 2315 transfert
2413 2275 2427 2313 :
2475 2256 2569 2329 qui
2618 2271 2747 2312 vero
2802 2254 3093 2310 miseretur
3136 2269 3166 2308 a
3214 2254 3391 2324 seipso
3432 2253 3691 2320 insumit,

2092 2350 2206 2406 sive
2238 2346 2308 2405 de
2341 2363 2443 2405 suo
2470 2345 2687 2403 tribuit.

2162 2441 2346 2495 Vnus.
2380 2443 2436 2492 9.
2470 2460 2495 2485 α
2536 2436 2776 2494 Dilectio
2819 2435 2941 2491 sine
2972 2432 3345 2491 simulatione.
3382 2457 3407 2480 α
3441 2433 3691 2502 Quanam

2092 2529 2307 2586 ratione
2348 2526 2606 2600 praedicta
2655 2526 2842 2582 omnia
2884 2524 3262 2596 compleantur
3312 2521 3694 2596 perficiantur-

2089 2634 2197 2692 que
2227 2625 2517 2685 monstrat,
2548 2616 2799 2688 inquiens
2831 2635 2843 2671 :
2876 2613 3126 2671 Charitas
3156 2629 3267 2672 non
3297 2614 3368 2671 sit
3410 2612 3687 2670 simulata.

2091 2709 2228 2765 Tum
2258 2709 2408 2764 enim
2448 2723 2572 2764 vere
2613 2715 2697 2763 est
2734 2705 2994 2773 charitas,
3025 2712 3083 2760 et
3118 2711 3312 2760 cuncta
3346 2702 3499 2759 facile
3528 2703 3692 2774 perﬁ-

2088 2800 2322 2856 cientur.
2350 2799 2572 2855 Etenim
2598 2797 2689 2868 qui
2708 2796 3018 2863 miseretur,
3050 2793 3289 2851 hilariter
3313 2793 3689 2857 miserebitur,

2090 2889 2416 2962 impertiens
2444 2887 2696 2960 proximo
2733 2903 2833 2943 suo
2875 2895 3142 2957 tanquam
3188 2885 3296 2941 sibi
3322 2884 3449 2956 ipsi.
3482 2884 3693 2941 Deinde

2088 2979 2180 3052 qui
2202 2986 2422 3052 praeest,
2448 2976 2636 3034 sedulo
2670 2975 2905 3046 praeerit,
2937 2990 3037 3049 pro
3064 2975 3319 3047 proximo
3338 2989 3439 3030 suo
3471 2972 3692 3045 perinde

2089 3086 2153 3126 ac
2200 3085 2298 3142 pro
2339 3084 2398 3126 se
2455 3069 2573 3140 ipso
2616 3074 2853 3132 certans,
2916 3074 2971 3123 et
3016 3065 3203 3122 omnia
3252 3064 3369 3137 pari
3414 3063 3689 3137 diligentia

2090 3166 2471 3232 persequetur.

2165 3271 2191 3297 α
2223 3248 2369 3306 Odio
2399 3254 2791 3321 prosequentes
2815 3245 2967 3319 quod
2994 3245 3208 3301 malum
3236 3252 3338 3301 est.
3374 3266 3401 3292 π
3445 3245 3530 3300 De
3555 3242 3689 3299 cha-

380 3349 506 3397 πης.
540 3324 699 3433 ἶΕπεὶ
726 3324 781 3383 δὲ
808 3324 951 3383 ἔστιν
982 3323 1168 3401 ἀγάπη
1199 3323 1534 3397 ἐπιϐλαϐὴς,
1578 3328 1649 3393 ὡς
1673 3328 1707 3397 ἡ
1751 3327 1855 3384 τῶν
1890 3324 1979 3384 ἐπὶ

2090 3339 2252 3396 ritate
2297 3338 2460 3394 verba
2508 3336 2653 3394 fecit.
2710 3342 2786 3395 At
2829 3336 3096 3409 quoniam
3142 3343 3226 3391 est
3280 3334 3521 3390 charitas
3564 3349 3690 3406 qua:

380 3413 650 3494 λῃστείαις
681 3414 1038 3493 ὁμονοούντων
1057 3462 1074 3495 ,
1108 3415 1197 3473 καὶ
1227 3418 1328 3474 τῶν
1366 3413 1614 3475 τοιούτων
1659 3438 1674 3451 ·
1712 3414 1800 3473 διὰ
1826 3414 1981 3474 τοῦτό

380 3528 537 3584 φησιν
572 3522 588 3539 ’
648 3533 675 3558 α
710 3504 1154 3584 Ἀποστυγοῦντες
1194 3505 1255 3564 τὸ
1299 3505 1526 3586 πονηρόν
1553 3528 1565 3541 ο
1599 3533 1624 3559 ιι
1668 3504 1977 3576 τοστέστιν,

380 3596 481 3656 Ἐκ
510 3597 687 3677 ψυχῆς
718 3599 1013 3674 μισοῦντες.
1049 3594 1118 3656 Ἦ
1148 3595 1273 3673 γὰρ,
1315 3621 1339 3647 α
1376 3594 1538 3672 Ἀπὸ,
1580 3622 1605 3648 α
1626 3593 1902 3676 πρόθεσις,
1923 3596 1982 3654 τὸ

379 3683 759 3762 ἐπιτεταμένον
804 3687 991 3763 μῖσος,
1043 3685 1135 3744 καὶ
1176 3685 1235 3745 τὸ
1289 3685 1397 3745 ἀπὸ
1432 3685 1653 3766 καρδίας
1709 3685 1977 3766 ἐμφαίνει.

382 3774 606 3846 Ἐπειδή
637 3774 741 3855 γὰρ
777 3775 963 3835 πολλοί
994 3779 1097 3835 εἶσι
1123 3774 1196 3851 μὴ
1227 3777 1548 3855 πράττοντες
1573 3776 1668 3853 μὲν
1700 3774 1767 3834 τὰ
1802 3775 1943 3835 κακὰ
1962 3821 1977 3849 ,

383 3864 527 3941 ὅμως
576 3865 756 3942 μέντοι
786 3863 886 3937 τὴν
918 3865 1203 3943 ἐπιθυμίαν
1252 3868 1424 3926 αὖτῶν
1471 3864 1682 3945 ἔχοντες
1715 3886 1727 3901 °
1776 3866 1936 3944 φησὶν
1960 3911 1975 3940 ,

381 3954 462 4013 ὅτι
486 3953 565 4016 Τὸ
590 3955 694 4015 ἀπὸ
722 3955 943 4034 καρδίας
974 3964 1130 4033 μῖσος
1174 3957 1303 4037 πρὸς
1338 3956 1434 4029 τὴν
1479 3960 1674 4016 κακίαν
1720 3958 1933 4037 ἀπαιτῶ
1956 3998 1974 4029 ,

378 4043 464 4104 ἵνα
506 4044 598 4104 καὶ
654 4050 688 4118 ἡ
720 4044 869 4127 ψυχὴ
916 4034 1232 4126 καθαρεύοι.
1277 4045 1371 4118 Μὴ
1411 4038 1499 4105 οὖν
1548 4047 1733 4117 ἐπειδὴ
1783 4034 1972 4121 εἶπον,

385 4157 416 4195 ιι
444 4134 713 4213 Ἄγαπᾶτε
740 4135 1021 4208 ἀλλήλους,
1048 4163 1072 4188 ιο
1109 4135 1365 4213 νομίσητέ
1408 4160 1476 4214 με
1502 4135 1773 4218 διεγείρειν
1802 4139 1940 4214 ὑμᾶς
1958 4183 1973 4210 ,

374 4224 459 4284 ἵνα
491 4225 581 4284 καὶ
614 4226 686 4293 εἷς
712 4225 770 4285 τὸ
813 4225 1044 4305 πονηρὸν
1075 4226 1460 4306 συμπράττητε
1510 4225 1757 4297 ἀλλήλοις
1790 4247 1803 4261 ⁸
1836 4226 1976 4285 ἀλλὰ

375 4316 675 4375 τούναντίον
702 4317 930 4391 μᾶλλον,
964 4318 1371 4395 ἀλλοτριοῦσοαι
1420 4317 1685 4395 βούλομαι
1716 4320 1889 4395 ὑμᾶς,
1918 4320 1976 4377 ού

375 4405 528 4483 μόνον
563 4410 658 4477 τῆς
689 4405 931 4484 πράξεως
960 4410 1056 4477 τῆς
1085 4415 1323 4486 πονηρᾶς
1349 4452 1364 4481 ,
1397 4405 1533 4466 ἀλλὰ
1563 4408 1654 4466 καὶ
1698 4410 1793 4480 τ’ἧς
1834 4406 1975 4466 κατὰ

374 4496 549 4576 ψυχὴν
580 4495 711 4575 πρὸς
743 4495 908 4569 αὐτὴν
934 4495 1247 4564 διαθέσεως.

460 4793 483 4820 οι
522 4766 868 4845 Κολλώμενοι
897 4770 973 4847 τῷ
1015 4768 1223 4849 ἀγαθῷ.
1265 4797 1287 4821 ι
1333 4771 1450 4829 Οὐκ
1488 4771 1641 4851 ἀρκεῖ
1673 4775 1707 4843 ἡ
1738 4774 1828 4831 τοῦ
1865 4796 1968 4832 κα·
2000 4733 2050 4795 D

371 4863 467 4917 κοῦ
500 4857 799 4938 ἀποφυγὴ,
832 4856 984 4944 me:
1020 4858 1098 4917 δεῖ
1128 4867 1407 4940 προσεῖναι
1436 4859 1527 4919 καὶ
1566 4860 1664 4932 τὴν
1696 4866 1793 4934 τῆς
1833 4864 1969 4944 ἀρε-

370 4950 465 5019 τῆς
494 4935 747 5029 ἐργασίαν
781 4968 795 4983 ’
830 4947 909 5007 διὸ
935 4935 1051 5008 εἶπε
1077 4971 1088 4983 ⁸
1125 4972 1155 5007 (ι
1175 4935 1530 5027 ’Κολλώμενοι
1562 4957 1636 5031 τῷ
1668 4954 1852 5035 ἀγαθῷ
1874 4935 1898 4988 ’⁸
1940 4980 1963 5005 υ

368 5043 636 5113 τουτέστι,
684 5038 914 5098 διάθεσιν
968 5038 1097 5118 πρὸς
1161 5038 1288 5097 αὐτὸ
1338 5041 1679 5117 ἀγαπητικὴν
1732 5042 1963 5122 ἔχοντες.

370 5128 534 5187 Οὕτω
563 5127 655 5187 καὶ
683 5132 712 5187 ὁ
745 5129 884 5196 Θεὸς
909 5128 1192 5188 συνάπτων
1224 5129 1535 5211 οἰκειότερον
1574 5131 1659 5190 τὸν
1711 5132 1877 5213 ἄνδρα
1901 5138 1966 5213 τῇ

367 5219 608 5295 γυναικὶ,
675 5217 824 5297 ἔλεγε
892 5239 905 5254 ⁸
963 5242 996 5276 α
1056 5220 1601 5302 Προσκολληθήσεται
1673 5220 1804 5303 πρὸς
1871 5222 1966 5295 τήν

366 5332 613 5387 γυναικα.
652 5334 676 5361 ιο
1822 5332 1825 5337 '

455 5426 478 5449 σι
690 5397 1010 5481 φιλαδελφίᾳ
1073 5400 1146 5468 εἰς
1201 5399 1463 5472 ἀλλήλους
1511 5400 1871 5482 φιλόστοργοι.
1940 5432 1963 5453 ιι

368 5488 661 5567 Παρήνεσα
690 5491 812 5566 ὑμῖν
833 5533 851 5564 ,
896 5490 1057 5569 φησὶν
1075 5535 1094 5562 ,
1144 5490 1394 5571 ἀγαπᾷν,
1426 5489 1519 5549 καὶ
1546 5491 1758 5559 εἰκότως
1812 5493 1928 5571 ὀφεί
1946 5527 1968 5540 -

436 5632 503 5686 ³1
530 5632 683 5689 Petr.
713 5645 760 5701 ι,
794 5637 881 5690 12.

2087 3429 2355 3485 damnum
2383 3426 2605 3497 inferat,
2640 3426 2948 3501 cujusmodi
2978 3435 3063 3483 est
3093 3425 3202 3494 illa,
3233 3440 3356 3497 quae
3384 3439 3513 3480 cum
3559 3438 3691 3495 prae-

2087 3518 2329 3575 donibus
2364 3517 2435 3574 de
2474 3516 2776 3574 latrociniis
2802 3515 3253 3573 convenientibus
3281 3512 3608 3583 intercedit,
3635 3522 3691 3569 et

2088 3609 2146 3663 in
2176 3608 2446 3664 similibus
2492 3626 2505 3663 :
2541 3622 2663 3664 eam
2692 3606 2763 3663 ob
2807 3622 2927 3663 rem
2968 3605 3208 3678 subjicit,
3256 3627 3280 3653 α
3329 3604 3473 3662 Odio
3503 3619 3691 3676 prose-

2088 3706 2320 3771 quentes
2343 3698 2575 3765 malum,
2603 3720 2629 3745 ιο
2662 3696 2771 3753 hoc
2796 3704 2881 3753 est
2908 3716 2921 3749 :
2954 3698 3031 3751 Ex
3052 3695 3238 3752 animo
3258 3694 3385 3751 odio
3407 3695 3689 3751 habentes.

2087 3788 2412 3860 Praepositio
2455 3787 2606 3843 enim
2636 3786 2733 3841 ἀπὸ
2761 3787 3039 3842 intensum
3069 3793 3126 3841 et
3166 3784 3468 3840 vehemens
3498 3783 3686 3841 odium

2086 3878 2375 3951 signiﬁcat,
2406 3886 2463 3934 et
2496 3877 2647 3950 quod
2675 3892 2742 3933 ex
2780 3877 2892 3932 imo
2917 3875 3084 3932 corde
3123 3874 3515 3947 proﬁciscatur.
3550 3875 3687 3930 Cum

2088 3968 2233 4025 enim
2261 3983 2373 4023 non
2413 3967 2577 4038 pauci
2607 3966 2721 4022 sint
2756 3966 2938 4021 scelus
2978 3980 3147 4035 opere
3178 3962 3400 4036 quidem
3430 3978 3546 4019 non
3589 3979 3686 4035 pa-

2086 4066 2314 4127 trantes,
2357 4057 2479 4129 ejus
2520 4067 2708 4113 tamen
2746 4054 3049 4127 cupiditate
3102 4054 3420 4127 flagrantes,
3457 4052 3685 4121 Odium,

2084 4148 2278 4222 inquit,
2314 4149 2444 4204 mali
2474 4148 2836 4218 omniumque
2867 4146 3124 4203 vitiorum
3151 4160 3215 4200 ex
3242 4143 3408 4200 corde
3440 4143 3684 4216 postulo,

2084 4247 2147 4295 ut
2175 4239 2259 4295 vel
2289 4237 2409 4311 ipsa
2451 4238 2633 4294 anima
2663 4237 2736 4293 sit
2776 4251 2935 4309 pura.
2980 4238 3062 4291 Ne
3105 4234 3295 4307 igitur,
3324 4249 3455 4291 cum
3493 4233 3600 4291 dixi
3631 4247 3682 4301 5,

2088 4354 2114 4378 α
2161 4329 2382 4401 Diligite
2401 4343 2498 4384 vos
2523 4336 2744 4391 mutuo,
2780 4350 2804 4376 π
2838 4324 3160 4383 existimetis
3186 4323 3421 4382 excitare
3449 4340 3542 4381 me
3564 4340 3682 4393 vos,

2086 4427 2149 4475 ut
2189 4417 2261 4476 ad
2302 4419 2513 4474 malum
2561 4415 2810 4490 adeoque
2851 4415 3051 4488 ﬂagitia
3093 4414 3499 4472 committenda
3550 4415 3689 4470 alter

2084 4510 2325 4566 alterum
2351 4507 2645 4581 adjuvetis;
2696 4506 2794 4564 sed
2823 4505 2999 4562 multo
3038 4505 3215 4578 magis
3255 4521 3285 4560 e
3324 4504 3558 4571 diverso,
3592 4520 3689 4561 vos

2085 4598 2448 4656 alienissimos
2477 4613 2597 4654 esse
2626 4598 2750 4654 volo
2768 4639 2781 4664 ,
2805 4595 3017 4653 nedum
3036 4612 3066 4651 a
3090 4610 3255 4667 pravo
3280 4610 3467 4666 opere,
3492 4610 3684 4650 verum

2083 4689 2250 4746 etiam
2277 4688 2346 4745 ab
2375 4688 2524 4744 omni
2570 4686 2755 4744 cordis
2781 4685 3144 4760 propensione
3175 4700 3304 4755 erga
3334 4683 3534 4756 ipsum.

2157 4803 2183 4829 ιι
2225 4778 2569 4853 Agglutinati
2598 4778 2765 4834 bono.
2824 4799 2851 4825 ν
2895 4779 3025 4834 Non
3056 4773 3262 4831 sufficit
3312 4791 3344 4831 a
3389 4772 3688 4830 sceleribus

2081 4868 2376 4935 declinare,
2416 4866 2521 4924 nisi
2561 4875 2619 4923 et
2648 4865 2863 4923 virtutis
2902 4865 3046 4923 actio
3083 4866 3193 4938 91
3246 4871 3449 4938 praesto
3485 4862 3681 4931 fuerit;

2082 4974 2211 5016 eam
2238 4959 2311 5015 ob
2352 4974 2473 5014 rem
2508 4957 2661 5023 dixit,
2707 4980 2732 5005 σι
2776 4955 3130 5029 Αεειυιίηειί.
3154 4955 3325 5025 bono,
3372 4978 3397 5005 υ
3437 4953 3543 5012 hoc
3579 4962 3681 5021 est,

2076 5048 2335 5107 affectum
2364 5048 2646 5105 charitatis
2686 5064 2815 5121 erga
2858 5049 3039 5120 ipsum
3074 5046 3357 5103 habentes.
3404 5046 3567 5101 Hunc
3614 5044 3688 5101 ad

2076 5138 2310 5197 modum
2347 5142 2502 5196 Deus
2528 5138 2793 5195 maritum
2839 5136 2996 5194 uxori
3038 5135 3356 5192 familiarius
3393 5136 3680 5208 copulans,

2085 5254 2110 5279 ιι
2152 5228 2619 5303 Agglutinabitur,
2657 5253 2681 5279 ι
2715 5228 2917 5300 inquit,
2943 5249 2969 5276 ι
3010 5225 3169 5283 uxori
3196 5239 3331 5283 suae.
3368 5247 3394 5274 ι

2150 5413 2329 5469 Vnns.
2371 5418 2457 5469 10.
2507 5434 2532 5461 ιι
2574 5410 2837 5466 Fraterna
2878 5407 3143 5466 charitate
3170 5422 3302 5480 ergo
3343 5420 3441 5462 vos
3479 5413 3681 5463 mutuo

2078 5501 2283 5559 affecti.
2335 5500 2714 5559 «Adhortatus
2740 5516 2868 5558 sum
2910 5514 3029 5570 vos,
3074 5498 3276 5572 inquit,
3318 5505 3380 5553 ut
3420 5495 3681 5569 diligatis,

1753 5717 1946 5777 Variae
1991 5719 2299 5779 lectiones.

436 5840 459 5874 ⁸
481 5842 539 5895 τὸ
562 5841 760 5905 ἀλύπως
787 5860 841 5900 0.
922 5842 945 5876 ⁷
970 5844 1162 5911 νοήσεις
1185 5844 1238 5899 δὲ
1259 5845 1341 5898 καὶ
1370 5861 1423 5902 0.
1503 5846 1526 5884 ⁸
1554 5846 1747 5909 πάντως
1770 5863 1822 5904 0.
1899 5847 1923 5882 ⁸
1949 5849 2035 5903 τὸν
2064 5848 2281 5903 πλοῦτον
2307 5864 2362 5906 0.
2439 5847 2484 5885 ί⁰
2510 5848 2690 5913 πάντες
2716 5865 2770 5907 0.
