4090 6446
416 476 520 530 507

402 607 566 673 atque
622 601 772 659 istud
817 603 1014 660 merito
1067 601 1245 662 facere
1290 605 1502 664 debetis
1549 628 1561 663 :

405 690 556 760 estis,
589 691 643 746 in
677 708 782 748 una
805 693 1052 764 matrice,
1081 711 1282 768 nempe
1307 697 1656 770 baptismatis
1678 698 1836 756 fonte
1852 716 2016 772 gene-

406 780 530 836 rati.
563 783 803 853 Equum
853 783 1020 855 igitur
1062 793 1176 857 est,
1226 794 1291 841 ut
1317 802 1415 843 vos
1459 796 1655 844 mutuo
1697 805 1889 846 amore
1927 789 2016 846 di-

415 869 616 942 ligatis.
661 872 994 929 Fraternitas
1046 875 1192 931 enim
1240 891 1306 932 ex
1353 877 1592 934 amicitia
1635 876 1872 934 nobilior
1913 895 2019 936 no-

417 959 631 1031 tiorque
658 961 863 1031 evadit,
890 972 946 1020 et
972 963 1216 1021 amicitia
1256 982 1323 1023 ex
1360 965 1692 1024 fraternitate
1721 967 1943 1040 proﬂuit
1967 977 2024 1026 et

420 1051 756 1107 continetur.

489 1163 516 1189 α
549 1143 780 1198 Honore
799 1158 895 1198 vos
916 1152 1110 1201 mutuo
1138 1147 1562 1217 praevenientes.
1592 1172 1617 1198 ι
1643 1149 1750 1219 Qui
1777 1149 2021 1207 fraterna

415 1229 652 1287 charitas
712 1243 1042 1304 perseveret,
1091 1234 1332 1304 disserit;
1399 1253 1464 1294 ex
1509 1247 1708 1296 mutuo
1759 1233 2020 1296 nimirum

417 1318 631 1377 honore
677 1337 788 1394 quo
837 1323 979 1379 alius
1018 1323 1186 1382 alium
1231 1329 1542 1384 antevertit.
1583 1330 1706 1385 Hoc
1745 1329 1899 1386 enim
1939 1338 2023 1386 est

418 1410 736 1480 praevenire,
763 1411 895 1467 dum
912 1413 1051 1469 alius
1065 1414 1233 1470 alium
1254 1425 1454 1473 mutuo
1478 1417 1689 1475 honore
1712 1419 2022 1494 antevertit.

489 1591 656 1646 Vens.
704 1596 792 1647 11.
840 1615 863 1640 α
911 1592 1109 1649 Studio
1153 1609 1267 1650 non
1309 1596 1465 1668 pigri.
1516 1621 1542 1648 ιο
1586 1597 1727 1668 Quia
1778 1598 2023 1670 plerique

417 1677 691 1736 honorare
717 1689 773 1736 et
809 1680 1035 1754 diligere
1080 1683 1338 1740 videntur
1375 1686 1556 1758 quoad
1590 1687 1867 1755 animum,
1898 1703 2020 1744 ma—

423 1782 558 1822 num
576 1776 764 1824 autem
788 1770 1012 1826 interim
1035 1787 1151 1828 non
1177 1772 1487 1846 porrigunt,
1513 1776 1594 1832 ait
1621 1779 1892 1834 :Necesse
1938 1785 2024 1834 est

415 1873 512 1912 vos
548 1867 742 1914 mutuo
768 1875 1029 1931 praeesse,
1061 1870 1115 1918 et
1141 1862 1378 1920 aliorum
1397 1881 1590 1922 curam
1620 1882 1830 1938 gerere,
1857 1875 2021 1940 atque

412 1947 624 2016 conari,
653 1947 816 2032 sicuti
845 1965 946 2020 par
973 1959 1078 2018 est,
1103 1959 1166 2007 ut
1194 1962 1250 2007 et
1274 1969 1372 2025 per
1398 1969 1566 2026 opera
1589 1957 1947 2012 succurratis.

486 2060 512 2085 ι
553 2038 766 2109 Spiritu
814 2037 1106 2097 ferventes.
1144 2064 1166 2090 υ
1221 2043 1453 2100 Perinde
1488 2044 1641 2116 quasi
1689 2045 1887 2103 dixerit
1913 2046 2014 2102 ali-

413 2125 535 2197 quis
567 2144 582 2182 :
624 2128 729 2195 Qui
762 2128 856 2184 ﬁet
900 2138 960 2184 ut
994 2131 1179 2187 studio
1224 2132 1360 2204 pigri
1404 2149 1518 2189 non
1547 2135 1755 2191 simus?
1797 2136 1873 2191 ait
1906 2155 1918 2190 :
1957 2137 2016 2192 Si

415 2216 616 2287 spiritu
659 2217 988 2287 fcrvcamus,
1021 2219 1127 2276 hoc
1168 2231 1272 2291 est,
1315 2223 1358 2278 si
1407 2222 1673 2280 fuerimus
1719 2225 1937 2282 excitati
1967 2235 2022 2283 et

412 2305 592 2361 calidi.
643 2308 813 2363 Porro
852 2308 986 2364 illud
1028 2309 1191 2366 etiam
1232 2310 1480 2380 observa,
1524 2313 1672 2385 quod
1713 2320 2014 2387 postquam

415 2395 619 2452 multas
648 2396 862 2454 virtutis
890 2399 1098 2470 Species
1123 2401 1491 2471 recensuerit,
1527 2411 1663 2460 tunc
1689 2403 1840 2461 istud
1878 2406 2011 2462 sub-

403 2485 674 2556 junxerit,
705 2511 729 2536 ‹ι
773 2488 975 2559 Spiritu
1009 2488 1299 2547 ferventes.
1335 2515 1357 2540 υ
1389 2492 1493 2560 Qui
1538 2494 1684 2549 enim
1705 2495 1823 2566 jam
1863 2511 2013 2552 com-

412 2585 716 2634 memorata
756 2579 1044 2651 peregerit,
1073 2580 1119 2636 is
1146 2589 1203 2637 et
1228 2581 1462 2654 Spiritus
1487 2583 1723 2655 gratiam
1760 2584 2010 2655 attrahit,

407 2666 477 2722 ab
500 2681 676 2738 eoque
701 2667 1075 2726 inﬂammatus
1103 2668 1292 2727 fervet.

485 2778 510 2804 «ι
531 2756 776 2813 Domino
787 2759 1105 2815 servientes.
1129 2783 1154 2808 ι»
1175 2761 1318 2816 Cum
1337 2761 1569 2818 fratrum
1581 2771 1796 2819 amator
1815 2762 2003 2822 fueris.

409 2859 538 2900 cum
583 2845 937 2903 dilectionem
983 2848 1266 2919 habueris,
1318 2849 1484 2923 idque
1531 2868 1701 2924 genus
1742 2853 1847 2909 alia
1884 2870 2007 2926 quae

410 2933 575 3004 paulo
605 2944 732 2991 ante
758 2947 1192 2994 commemorata
1220 2949 1370 3007 sunt,
1405 2950 1525 2998 tum
1553 2941 1723 2998 servis
1743 2944 2002 3000 Domino.

410 3025 474 3076 In
521 3022 756 3094 seipsum
813 3025 963 3081 enim
1008 3026 1272 3084 transfert
1316 3043 1660 3102 quascunque
1701 3029 1854 3088 fratri
1910 3041 2004 3088 tuo

411 3112 748 3182 praestiteris.

481 3202 661 3260 Vens.
693 3209 775 3259 12.
811 3226 835 3252 α
863 3205 970 3276 Spe
990 3203 1313 3276 gaudentes.
1342 3229 1367 3256 ιο
1386 3206 1525 3280 Quia
1543 3223 1741 3280 magna
1756 3209 2008 3281 quaedam

406 3289 662 3362 factuque
675 3290 922 3350 difﬁcilia
953 3294 1269 3366 postulavit,
1293 3295 1408 3368 jam
1436 3313 1582 3353 nunc
1608 3298 1850 3356 ostendit
1873 3316 2009 3373 quo-

406 3379 578 3435 modo
615 3379 717 3436 ista
748 3379 909 3438 facile
936 3383 1181 3455 praestari
1216 3384 1449 3457 possint,
1499 3385 1768 3444 nimirum
1809 3387 1854 3444 si
1888 3371 2010 3460 spei

2120 3377 2588 3459 κατόρθωθήσεται

405 3484 783 3540 cooperemur.
833 3472 968 3542 Spes
1010 3472 1159 3528 enim
1206 3471 1495 3530 fortiorem
1542 3474 1710 3532 efﬁcit
1744 3477 2010 3547 animam,

404 3566 460 3614 et
485 3557 939 3616 conﬁdentiorem
977 3560 1238 3618 adversus
1282 3563 1539 3635 pericula.

479 3672 504 3698 ‹‹
537 3650 598 3704 In
621 3649 983 3708 tribulatione
1007 3651 1294 3724 patientes.
1322 3676 1349 3704 ι
1375 3653 1515 3725 Quia
1545 3670 1666 3727 spes
1687 3653 2009 3714 futurorum

405 3747 509 3807 est,
557 3739 739 3795 Etiam
790 3740 843 3796 in
893 3741 1171 3814 praesenti,
1221 3742 1416 3815 inquit,
1473 3752 1729 3817 tempore
1768 3746 2005 3803 multum

404 3826 664 3899 percipies
689 3829 843 3899 boni,
874 3830 1139 3887 nimirum
1159 3840 1222 3886 ut
1254 3833 1497 3889 tolerans
1519 3842 1574 3891 et
1593 3835 1858 3906 probatus
1881 3837 2003 3894 red-

402 3917 547 3974 daris
575 3934 637 3975 ex
679 3917 1044 3977 afﬂictionum
1079 3922 1356 3992 patientia.

477 4122 505 4148 α
548 4103 616 4156 In
658 4100 908 4157 oratione
948 4111 1376 4173 perseverantes.
1433 4127 1457 4152 ι»
1505 4107 1710 4176 Ingens
1752 4115 1809 4163 et
1858 4107 2004 4166 istud

401 4195 486 4244 est
529 4188 791 4244 auxilium
831 4188 902 4245 ad
952 4189 1208 4260 praedicta
1253 4192 1443 4249 omnia
1480 4191 1834 4265 perﬁcienda,
1885 4197 2003 4270 ipsa

403 4275 654 4332 videlicet
680 4278 876 4335 oratio.
911 4281 1027 4336 Nec
1065 4279 1209 4336 dixit
1244 4281 1580 4354 simpliciter,
1617 4285 1876 4355 Orantes,
1905 4286 2004 4344 sed

405 4389 432 4416 α
475 4368 912 4426 Perseverantes.
950 4391 976 4418 ν
1022 4370 1137 4427 Etsi
1173 4371 1324 4428 enim
1359 4371 1500 4429 nihil
1535 4373 1725 4431 statim
1747 4375 2001 4448 accipias,

403 4471 707 4529 persevera,
738 4466 793 4514 et
830 4459 1076 4531 perﬁcies
1106 4461 1260 4532 quod
1285 4463 1459 4535 cupis.

473 4637 657 4694 Vnus.
699 4642 781 4693 13.
823 4656 853 4690 «
882 4639 1312 4696 Necessitatibus
1339 4649 1657 4698 sanctorum
1685 4641 2000 4699 communi-
2027 4629 2076 4690 Ι)

400 4734 606 4782 cantes.
645 4751 670 4775 η
720 4727 834 4798 92
865 4729 1001 4785 Cum
1047 4728 1104 4785 in
1131 4729 1505 4802 superioribus
1547 4731 1777 4800 diceret,
1827 4754 1853 4782 α
1899 4733 2002 4802 Qui

401 4816 691 4872 miseretur
727 4817 781 4871 in
826 4816 1120 4886 hilaritate,
1165 4841 1192 4868 ι»
1221 4820 1484 4876 omnibus
1516 4821 1841 4894 simpliciter
1883 4837 2000 4878 ma-

399 4921 537 4961 num
579 4906 824 4977 aperuit;
872 4905 963 4964 hic
1011 4924 1139 4966 vero
1201 4907 1274 4966 de
1319 4910 1670 4982 eleemosyna
1715 4911 1773 4967 in
1814 4911 2003 4969 ﬁdeles

399 4992 728 5052 conferenda
779 4995 1024 5068 loquitur
1058 5016 1072 5051 :
1121 4997 1223 5055 hos
1265 4999 1416 5054 enim
1461 5007 1680 5056 sanctos
1723 4999 1998 5058 nominat.

395 5087 509 5141 Nec
536 5083 706 5154 dixit,
739 5085 1008 5143 Exhibete
1047 5087 1270 5143 illorum
1297 5089 1742 5160 necessitatibus,
1786 5105 2001 5162 verum,

403 5199 428 5223 «ι
465 5176 908 5246 Communicate,
942 5199 970 5228 ιι
1003 5176 1386 5245 subindicans,
1436 5179 1585 5250 quod
1617 5194 1679 5234 ea
1709 5195 1798 5236 res
1821 5179 1892 5236 sit
1918 5196 2003 5236 ve-

396 5264 494 5321 luti
521 5274 800 5324 mercatus
818 5275 1189 5324 eteommune
1209 5268 1446 5323 lucrum.
1472 5270 1551 5324 Tu
1573 5268 1723 5324 enim
1747 5269 2002 5342 pecunias

396 5355 619 5428 quidem
657 5357 890 5430 largiris,
922 5357 995 5414 illi
1036 5373 1165 5414 vero
1207 5357 1416 5414 caelum
1465 5357 1562 5415 tibi
1591 5357 1853 5416 referunt.
1891 5363 2002 5417 Nec

396 5444 551 5514 dixit,
577 5447 903 5520 Sumptibus
932 5455 988 5503 et
1017 5447 1171 5504 luxui
1211 5455 1556 5516 sanctorum,
1590 5449 1712 5522 sed,
1747 5473 1773 5500 α
1805 5452 2000 5507 Neces-

1441 482 1956 539 THEOPHYLACTI
1997 475 2356 537 BULGARIE
2395 471 2712 530 ARCHIEP.

1615 606 1812 666 fratres
1859 610 2005 666 enim

2127 607 2244 663 λετε
2290 605 2447 661 τοῦτο
2477 605 2643 658 ποιεῖν
2669 621 2682 634 ο
2727 594 2944 679 ἀδελφοὶ
2994 595 3100 674 γάρ
3132 597 3253 656 ἐστε
3301 596 3378 679 ἐνῇ
3398 603 3500 676 μιᾳ
3547 593 3730 674 μήτρᾳ

3621 467 3731 525 508

2129 697 2194 771 τῇ
2236 691 2584 771 κολυμϐήθρα
2641 675 2990 766 γεννηθέντες.
3062 685 3270 747 Δίκαιοι
3315 675 3408 744 οὗν
3460 675 3523 744 ἂν
3585 682 3730 756 εἴητε

2130 759 2434 862 στέργοντες
2461 759 2807 858 ¹’⁴ἰίὴν’πρὸς
2838 776 3100 847 ἀλλήλους
3129 773 3330 856 φιλίαν.
3357 773 3467 837 Καὶ
3497 778 3530 846 ἡ
3573 774 3732 832 ἀδελ-

2131 872 2290 954 φότης
2327 869 2431 950 γὰρ
2484 871 2544 928 ἐκ
2583 872 2676 940 τῇς
2705 868 2882 948 φιλίας
2915 865 3298 945 γνωριμωτέρα
3345 863 3553 944 γίνεται
3578 911 3595 942 ,
3631 863 3725 923 καὶ

2129 967 2162 1035 ἡ
2198 962 2348 1042 φιλία
2389 961 2451 1018 ἐκ
2478 963 2572 1030 τῇς
2617 957 2967 1038 ἀδελφότητος
3005 955 3212 1034 γίνεται
3258 954 3307 990 ¹²
3353 954 3446 1015 καὶ
3493 977 3729 1034 συγκρα-

2131 1076 2320 1112 τειται.

2220 1164 2250 1200 ιι
2278 1144 2366 1222 Τῇ
2401 1141 2536 1218 τιμῇ
2569 1136 2831 1208 ἀλλήλους
2868 1134 3284 1215 προηγούμενοι.
3317 1156 3346 1191 ο
3387 1133 3584 1222 Λέγει,
3616 1134 3730 1198 πῶς

2132 1229 2196 1289 ἂν
2223 1221 2468 1308 διαμείνῃ
2500 1233 2534 1300 ἡ
2565 1224 2916 1308 φιλαδελφία,
2942 1223 3021 1284 ὅτι
3051 1227 3111 1285 ἐκ
3133 1229 3224 1284 τοῦ
3253 1232 3416 1305 τιμᾷν
3443 1221 3726 1294 ἀλλήλους,

2130 1321 2223 1380 καὶ
2275 1319 2592 1401 προφθάνειν
2644 1315 2820 1397 ἕτερον
2851 1313 2941 1374 τὸν
2990 1315 3188 1394 ἕτερον.
3237 1314 3411 1374 Τοῦτο
3457 1313 3562 1394 γάρ
3617 1313 3729 1371 ἐστι

2130 1409 2191 1470 τὸ
2245 1413 2628 1492 προηγεῖσθαι,
2685 1405 2744 1465 τὸ
2793 1403 3193 1483 προλαμϐάνειν
3247 1401 3512 1476 ἀλλήλους
3559 1403 3612 1461 ἰν
3651 1405 3729 1480 τῷ

2130 1499 2391 1573 ἀλλήλους
2418 1507 2598 1578 τιμᾷν.

2219 1618 2241 1642 α
2277 1592 2361 1668 Τῇ
2391 1589 2598 1668 σπουδῇ
2631 1584 2706 1663 μὴ
2749 1583 2985 1664 ὀκνηροί.
3031 1611 3054 1636 ι
3089 1580 3317 1654 Ἐπειδὴ
3346 1581 3535 1640 πολλοὶ
3565 1590 3727 1660 τιμᾷν

2131 1681 2225 1756 μὲν
2263 1657 2474 1740 δοκοῦσι
2508 1657 2600 1736 καὶ
2631 1680 2846 1756 ἀγαπᾷν
2877 1673 3017 1734 κατὰ
3051 1673 3317 1746 διάνοιαν,
3361 1673 3456 1730 οὗκ
3484 1673 3729 1751 ὀρέγουσι

2128 1770 2184 1830 δὲ
2213 1777 2368 1852 χεῖρα
2401 1789 2412 1802 ’
2452 1766 2643 1848 φησὶν,
2680 1764 2760 1824 ὅτι
2790 1765 2886 1824 Δεῖ
2922 1763 3014 1822 καὶ
3061 1757 3420 1852 προΐστασθαι
3447 1760 3728 1836 ἀλλήλων,

2128 1849 2563 1926 καῖἠσπουδάζειν
2596 1859 2666 1922 ὡς
2708 1856 2821 1931 δεῖ,
2873 1855 2920 1892 ⁴³
2954 1856 3025 1919 εἰς
3056 1853 3114 1911 τὸ
3149 1852 3240 1910 καὶ
3291 1854 3357 1910 δι’
3385 1849 3554 1932 ἔργων
3599 1855 3727 1930 βοη-

2128 1956 2256 2010 θεῖν.

2213 2067 2238 2092 α
2271 2039 2369 2116 Τῷ
2394 2033 2673 2112 Πνεύματι
2713 2035 2929 2104 ζέοντες.
2962 2062 2984 2086 υ
3014 2031 3238 2113 Ἵὶσπερ
3285 2029 3422 2098 τινὸς
3470 2029 3726 2116 εἰπόντος’

2127 2128 2235 2190 Καὶ
2263 2113 2376 2194 uti;
2414 2127 2476 2186 ἂν
2502 2125 2787 2205 γενοίμεθα
2823 2128 2888 2197 τῇ
2921 2125 3127 2204 σπουδῇ
3168 2122 3244 2200 μὴ
3275 2120 3528 2205 ὀκνηροίῤ
3559 2113 3727 2181 εἶπενο

2132 2219 2264 2279 Ἐὰν
2296 2221 2372 2298 τῷ
2400 2199 2682 2294 Πνεύματι
2711 2214 2912 2292 ζέωμεν
2937 2234 2949 2248 ⁸
2976 2213 3248 2273 τουτέστιν
3271 2261 3287 2290 ,
3323 2209 3456 2271 Ἐὰν
3479 2199 3625 2285 ὦμεν
3655 2213 3731 2270 δι-

2125 2305 2470 2388 εγηγερμένοι
2500 2304 2593 2365 καὶ
2639 2305 2843 2384 θερμοί.
2877 2305 3027 2384 1Ὅροι
3066 2303 3120 2363 δὲ
3156 2301 3247 2362 καὶ
3285 2306 3474 2376 τοῦτο,
3510 2299 3650 2388 ὅπως
3673 2300 3723 2338 ⁴⁴

2123 2380 2260 2474 μἐτδι
2289 2380 2360 2455 ’τὸ
2407 2395 2580 2456 πολλὰ
2637 2380 2803 2454 εἰπεῖν
2855 2380 3176 2473 τῇς-ἀρετῆς
3222 2391 3362 2465 εἴδη,
3395 2389 3514 2450 τότε
3565 2380 3680 2449 εἶπε
3707 2409 3723 2424 ·

2131 2511 2160 2546 α
2208 2491 2260 2548 Τ
2265 2492 2307 2569 ῷ
2343 2484 2622 2562 Πνεύματι
2679 2485 2902 2554 ζέοντες.
2930 2506 2959 2542 ι)
3015 2482 3093 2545 Ὃ
3122 2483 3226 2562 γὰρ
3269 2480 3334 2540 τὰ
3364 2479 3727 2562 προειρημένα

2121 2577 2501 2656 κατορθώσας,
2536 2579 2729 2643 ἐκεῖνος
2779 2577 3074 2634 ἐπισπᾶται
3121 2572 3214 2632 καὶ
3251 2570 3348 2644 τὴν
3402 2576 3494 2631 τοῦ
3552 2569 3728 2632 Πνεύ-

2124 2691 2290 2744 ματος
2320 2667 2508 2747 χάριν,
2535 2664 2626 2725 καὶ
2654 2664 2986 2745 πυρούμενος
3017 2663 3119 2724 ὑπὸ
3149 2661 3335 2722 τούτου
3361 2661 3487 2731 ζέει.

2201 2784 2225 2810 α
2251 2741 2359 2837 Τῷ.
2380 2741 2565 2836 Κυρίῳ
2601 2741 2950 2821 δουλεύοντες.
2975 2782 2996 2806 ι
3026 2752 3202 2814 Ὅταν
3230 2752 3545 2834 φιλάδελφος
3569 2741 3621 2810 εἶ
3653 2749 3726 2826 ’δ’

2122 2845 2248 2906 ὅταν
2289 2846 2387 2918 τὴν
2417 2845 2636 2924 ἀγάπην
2685 2844 2842 2925 ἔχῃς,
2874 2843 2968 2903 καὶ
3003 2841 3068 2902 τὰ
3111 2842 3249 2902 ἄλλα
3293 2841 3328 2901 ἃ
3377 2841 3722 2923 προείρηται,

2121 2936 2242 2997 τότε
2288 2935 2552 3001 δουλεύεις
2599 2935 2646 2971 ⁸⁸
2676 2939 2752 3016 τῷ
2785 2934 2987 3018 Κυρίῳ.
3027 2935 3119 3001 Εἰς
3167 2932 3354 2992 ἑαυτὸν
3396 2930 3497 3012 γὰρ
3528 2931 3725 2990 ἀναδέ-

2122 3049 2311 3106 χεται,
2355 3024 2455 3084 ὅσα
2485 3033 2652 3092 ποιεῖς
2686 3029 2762 3106 τῷ
2796 3027 3030 3105 ἀδελφῷ.

2212 3221 2240 3257 ι(
2272 3197 2364 3278 Τῇ
2394 3198 2569 3258 ἐλπίδι
2597 3196 2888 3280 χαίροντες.
2915 3218 2946 3254 ›)
2992 3194 3216 3269 Ἐπειδὴ
3249 3194 3458 3276 μεγάλα
3483 3195 3602 3254 τινὰ
3631 3197 3724 3255 καὶ

2123 3290 2532 3368 δυσκατορθωτα
2566 3287 2812 3368 ἀπήτησε
2834 3331 2851 3360 ,
2901 3285 3045 3367 λέγει
3091 3290 3214 3360 νῦν,
3265 3285 3354 3345 καὶ
3385 3290 3498 3353 πῶς
3530 3285 3726 3368 ῥᾳδίως

2650 3402 2662 3414 ·
2717 3379 2806 3437 ἐὰν
2959 3377 3135 3436 ἐλπίδι
3192 3375 3587 3456 συνεργώμεθα.
3649 3375 3718 3437 Ἣ

2119 3467 2221 3547 γὰρ
2277 3467 2429 3535 ἐλπὶς
2479 3466 2848 3550 ἀνδρειοτέραν
2903 3467 3180 3547 ἐργάζεται
3229 3465 3325 3539 τὴν
3369 3465 3584 3547 ψυχὴν,
3628 3466 3722 3526 καὶ

2117 3557 2247 3639 πρὸς
2267 3557 2539 3626 κινδύνους
2569 3556 3029 3641 θαῤῥαλεωτέραν.

2203 3674 2230 3701 ι
2269 3651 2356 3726 Τῇ
2387 3647 2558 3731 θλίψει
2606 3647 2984 3727 ὑπομένοντες.
3017 3669 3045 3704 ι)
3089 3646 3316 3719 Ἐπειδὴ
3353 3650 3385 3719 ἡ
3420 3645 3568 3713 ἐλπὶς
3613 3648 3721 3705 τῶν

2115 3738 2415 3815 μελλόντων
2447 3739 2601 3816 ἐστὶ,
2634 3738 2825 3819 φησὶν,
2870 3737 2950 3796 ὅτι
2993 3736 3102 3797 Καὶ
3128 3739 3181 3795 ἓν
3225 3741 3300 3816 τῷ
3338 3736 3561 3817 παρόντι
3595 3760 3720 3795 και-

2119 3831 2190 3908 ρῷ
2243 3829 2384 3907 μέγα
2437 3827 2698 3909 καρπώσῃ
2757 3827 2947 3901 καλὸν,
3007 3827 3066 3886 τὸ
3115 3826 3206 3886 καὶ
3270 3826 3578 3907 καρτερικὸς
3625 3827 3720 3886 καὶ

2113 3919 2328 3996 δόκιμος
2379 3917 2426 3952 ⁸⁷
2506 3917 2744 3999 γίνεσθαι
2799 3916 2905 3974 ἀπὸ
2960 3921 3053 3988 τῆς
3108 3917 3162 3974 ἕν
3218 3916 3456 3998 θλίψεσιν
3510 3920 3715 3995 ὑπομο-

2113 4031 2228 4079 νης.

2199 4123 2223 4149 α
2252 4099 2339 4177 Τῇ
2385 4100 2657 4177 προσευχῇ
2695 4095 2742 4132 ⁸⁸
2773 4099 3318 4176 προσκαρτεροῦντες.
3348 4116 3377 4152 ι)
3423 4093 3580 4172 Μέγα
3612 4095 3715 4177 γὰρ

2113 4189 2268 4245 τοῦτο
2314 4185 2563 4266 βοήθημα
2608 4185 2738 4266 πρὸς
2786 4184 2848 4244 τὸ
2889 4189 3176 4264 κατορθοῦν
3236 4183 3716 4266 τὰηπροειρημένα

2112 4276 2322 4346 πάντα,
2352 4280 2386 4348 ἡ
2435 4265 2736 4356 προσευχὴ,
2785 4273 2944 4355 φημί.
2999 4273 3111 4334 Καὶ
3157 4275 3253 4334 οὐκ
3297 4265 3441 4334 εἶπεν
3493 4275 3714 4354 ἁπλῶς,

2113 4365 2569 4446 Προσευχόμενοι,
2598 4362 2762 4440 ἀλλὰ,
2797 4394 2820 4417 α
2849 4367 3378 4446 Προσκαρτεροῧντες
3402 4389 3414 4403 ·
3447 4394 3467 4417 ι
3491 4363 3590 4424 κᾶν
3611 4364 3713 4446 γὰρ

2111 4453 2276 4534 μηδὲν
2325 4455 2606 4536 λαμϐάνῃς
2653 4458 2713 4514 ἐκ
2745 4461 2838 4515 τοῦ
2870 4459 3248 4536 παραχρῆμα,
3291 4456 3712 4538 προσκαρτέρει,

2110 4545 2203 4605 καὶ
2235 4546 2442 4614 ἀνύσεις
2474 4545 2500 4604 ὃ
2539 4544 2738 4626 βούλει.

2195 4661 2216 4691 ε
2257 4637 2391 4704 Ταῖς
2440 4636 2645 4717 χρείαις
2691 4639 2796 4696 τῶν
2849 4635 3016 4714 ἁγίων
3065 4640 3455 4704 κοινωνοῦντες.
3503 4659 3532 4694 ››
3572 4633 3714 4697 Ἅνω

2114 4723 2209 4802 μὲν
2236 4725 2428 4800 εἰπὼν,
2456 4753 2480 4777 σι
2509 4724 2581 4786 Ὁ
2612 4728 2773 4786 ἐλεῶν
2829 4727 2881 4785 ἐν
2919 4725 3226 4806 ἱλαρότητι,
3254 4751 3284 4783 »
3327 4736 3490 4785 πᾶσιν
3532 4726 3715 4796 ἁπλῶς

2112 4814 2209 4886 τὴν
2251 4824 2407 4896 χεῖρα
2438 4814 2633 4896 ἠνέῳξε
2681 4815 2748 4850 ⁸9·
2800 4820 2891 4873 νῦν
2921 4813 2974 4874 δὲ
3018 4815 3142 4896 περὶ
3189 4820 3284 4887 τῇς
3326 4819 3398 4881 εἷς
3448 4813 3569 4884 τοὺς
3622 4839 3710 4876 πι-

2113 4903 2265 4972 στοὺς
2322 4904 2674 4986 ἐλεημοσύνης
2722 4903 2866 4982 λέγει
2904 4926 2918 4940 ·
2965 4905 3178 4972 τούτους
3224 4904 3327 4986 γὰρ
3381 4905 3558 4984 ἁγίους
3609 4929 3713 4966 κα·-

2111 4996 2211 5053 λεῖ.
2268 4993 2379 5054 Καὶ
2435 4994 2531 5053 οὒκ
2577 4981 2726 5068 εἷπε,
2776 4981 3056 5074 Παρέχετε
3097 5002 3212 5063 ταῖς
3235 4981 3455 5077 χρείαις
3498 4997 3671 5055 αὐτῶν
3695 5041 3712 5069 ,

2111 5081 2280 5154 ἀλλὰ,
2320 5105 2351 5142 (ι
2378 5084 2691 5143 Κοινωνεῖτε
2726 5100 2740 5115 ⁸
2773 5108 2803 5140 »
2837 5083 3081 5143 δεικνύων
3101 5128 3117 5152 ,
3151 5081 3228 5141 ὅτι
3252 5084 3481 5165 ἐμπορία
3512 5085 3628 5146 ἐστὶ
3654 5085 3716 5145 τὸ

2111 5183 2373 5252 πρᾶγμα,
2405 5172 2498 5232 καὶ
2525 5172 2695 5233 κοινὸν
2739 5171 2800 5232 τὸ
2832 5172 3037 5254 κέρδος.
3079 5172 3158 5234 Σὺ
3200 5173 3294 5250 μὲν
3319 5174 3422 5256 γὰρ
3452 5176 3714 5257 χρήματα

2110 5263 2266 5330 δίδως
2287 5309 2300 5335 ,
2353 5263 2548 5323 ἐκεῖνοι
2580 5262 2636 5322 δὲ
2673 5262 2726 5299 ²⁰
2761 5262 3160 5344 ἀντεισφέρουσι
3190 5266 3278 5324 τὸν
3320 5264 3561 5346 οὐρανόν.
3601 5265 3710 5326 Καὶ

2109 5356 2205 5412 οὐκ
2237 5343 2352 5412 εἶπε
2372 5398 2389 5426 ,
2419 5355 2552 5421 Ταῖς
2581 5343 2965 5421 πολυτελείαις
2985 5343 3092 5414 τῶν
3124 5354 3313 5436 ἁγίων,
3349 5343 3506 5430 ἀλλὰ,
3533 5385 3557 5410 α
3580 5358 3714 5424 Ταῖς

2107 5441 2314 5524 χρείαις
2333 5489 2350 5523 ,
2379 5471 2400 5496 υ
2431 5439 2520 5503 ἵνα
2551 5443 2868 5526 δυσωπήσῃ.
2906 5445 3032 5513 Πῶς
3065 5443 3168 5526 γὰρ
3199 5447 3294 5505 οὐκ
3333 5446 3588 5528 ἀνήμεροι
3622 5449 3714 5505 καὶ

1810 5586 2000 5646 Varia:
2043 5587 2351 5650 lectiones.

470 5709 509 5742 ¹¹
549 5711 771 5780 στέργειν
800 5727 851 5767 ο.
932 5712 975 5746 1³
1009 5714 1267 5783 στέργεται
1298 5731 1350 5770 0.
1433 5715 1475 5750 ¹³
1513 5715 1580 5787 μὴ
1618 5715 1886 5778 ὀκνοῦντας
1915 5734 1968 5772 0.
2050 5716 2091 5752 ¹⁸
2117 5719 2195 5770 ὅτι
2225 5734 2279 5774 ο.
2361 5718 2402 5753 ¹⁸
2429 5719 2504 5774 ἵσ.
2537 5715 2594 5792 ᾖς
2615 5736 2669 5777 0.
2750 5719 2793 5754 ⁸⁸
2809 5719 3088 5783 δουλεύσεις
3111 5735 3169 5778 0.
3247 5721 3288 5756 ¹⁷
3319 5722 3602 5794 καρτερικὸν
3633 5722 3717 5775 καὶ

398 5793 638 5861 φρόνιμον
669 5807 722 5847 0.
801 5792 846 5830 ¹⁶
874 5795 956 5864 Τῇ
979 5800 1250 5868 προσευχῇ,
1280 5797 1402 5867 φησὶ
1427 5814 1480 5855 0.
1565 5796 1610 5831 "
1641 5797 1791 5870 ὤρεξε
1819 5814 1869 5855 0.
1946 5798 1990 5831 ²⁰
2019 5801 2201 5853 ἐκεῖνοι
2229 5801 2282 5852 δέ
2309 5819 2389 5853 σοι
2417 5817 2497 5859 m.
