4090 6452
356 469 461 523 509

1290 467 1642 526 EXPOSITIO
1682 470 1745 524 IN
1786 469 1956 525 EPIS']

2066 471 2125 526 lD
2166 470 2331 526 ΗΘΜ.
2367 503 2434 510 —
2474 472 2622 527 CAP.
2666 474 2776 529 XII.
3569 479 3670 533 510

357 592 663 672 θηριώδεις,
696 598 745 654 οἱ
782 593 919 669 μηδὲ
964 595 1017 652 ἐν
1045 602 1154 662 τοῖς
1200 594 1480 675 χρειώδεσι
1513 594 1604 655 καὶ
1652 594 1955 675 ἀναγκαίοις

2068 596 2340 664 sitatibus,
2379 620 2402 646 ι
2437 605 2499 654 ut
2522 607 2713 655 exoret
2739 616 2855 656 eos.
2901 600 3196 673 Quomodo
3245 601 3394 658 enim
3437 601 3523 660 isti
3553 618 3670 661 non

359 687 671 761 βοηθοῦντες
695 692 800 751 τοῖς
833 684 1031 763 ἆγίοις;

449 975 474 1007 u
501 952 617 1023 Τὴν
640 951 932 1033 φιλοξενίαν
962 952 1258 1020 διώκοντες.
1288 977 1316 1011 ιο
1347 955 1466 1014 Οὐκ
1487 942 1605 1013 εἷπε
1626 1002 1643 1031 ,
1670 953 1786 1026 Τὴν
1814 956 1956 1037 φιλο-

356 1043 525 1111 ξενίαν
576 1042 844 1119 μετιόντες
867 1088 882 1118 ,
939 1044 1079 1102 ἀλλὰ
1100 1091 1117 1122 ,
1181 1068 1209 1103 ‹‹
1237 1042 1532 1112 Διώκοντες
1560 1064 1573 1077 ·
1606 1067 1635 1102 ι)
1690 1044 1956 1104 παιδεύων

358 1136 498 1208 ἡμᾶς
533 1134 609 1208 μὴ
640 1134 921 1211 ἀναμένειν
972 1134 1087 1200 τοὺς
1135 1132 1410 1211 δεομένους
1459 1134 1588 1195 πότε
1636 1137 1765 1215 πρὸς
1814 1139 1958 1213 ἡμᾶς

357 1221 611 1296 ἔλθωσιν,
660 1222 801 1283 ἀλλὰ
862 1222 1158 1305 ἐπιτρέχειν
1221 1230 1394 1302 ἡμᾶς,
1454 1224 1547 1285 καὶ
1604 1224 1955 1286 καταδιώκειν

359 1312 545 1380 αὐτοὺς
567 1359 582 1388 ,
622 1316 692 1380 ὡς
731 1317 758 1372 ὁ
788 1312 1065 1393 Ἀϐραὰμ,
1094 1318 1165 1383 ὡς
1194 1318 1224 1374 δ
1256 1313 1407 1375 Λώτ.

451 1424 479 1460 (ι
506 1405 795 1482 Εὖλογεῑτε
834 1401 958 1473 τοὺς
987 1404 1274 1471 διώκοντας
1318 1408 1458 1481 ὑμᾶς
1484 1424 1498 1437 ·
1534 1406 1829 1484 εὔλογεῖτε,
1864 1405 1954 1464 καὶ

359 1491 436 1567 μὴ
485 1498 812 1573 καταρᾶσθε.
855 1516 884 1552 ο
938 1494 1092 1553 Μετὰ
1119 1496 1178 1554 τὸ
1210 1494 1418 1565 διδάξαι
1450 1495 1571 1576 περὶ
1614 1495 1958 1578 φιλαδελφίας

357 1584 448 1641 καὶ
477 1587 571 1655 τῆς
601 1583 730 1662 πρὸς
758 1583 875 1652 τοὺς
918 1584 1135 1654 οἰκείους
1186 1585 1398 1664 ἀγάπης
1419 1633 1433 1657 ,
1481 1587 1663 1645 λοιπὸν
1706 1586 1798 1644 καὶ
1829 1584 1957 1665 πρὸς

356 1671 477 1753 τοὺς
506 1671 736 1753 ,ἐχθροὺς
773 1672 913 1741 ὅπως
955 1674 1381 1751 διακεισώμεθα,
1419 1675 1782 1736 διατάττεται.
1838 1677 1956 1736 Οὐκ

358 1752 474 1823 εἶπε
490 1807 511 1841 ,
664 1772 1067 1842 μνησικακεῖτε,
1096 1764 1232 1842 μηδὲ
1256 1766 1551 1842 ἀμύνεσθε,
1576 1765 1693 1825 ἀλλ’
1725 1765 1751 1823 ὃ
1773 1768 1956 1846 πολλῷ

358 1856 570 1928 μεῖζον,
602 1876 630 1909 n
674 1855 977 1931 Εὖλογεῖτε.
1018 1877 1047 1913 (ι
1092 1855 1404 1935 Προσέθηκε
1438 1854 1493 1914 δὲ
1526 1855 1619 1914 καὶ
1649 1856 1741 1929 τὸ,
1805 1876 1832 1911 u
1859 1856 1952 1928 Μὴ

2065 686 2306 744 immites
2332 696 2390 744 et
2411 688 2569 761 plane
2588 689 2787 746 belluis
2808 689 3029 760 similes,
3056 690 3147 763 qui
3176 692 3399 759 sanctis,
3430 692 3485 748 in
3510 693 3674 749 rebus

2065 775 2138 835 ad
2168 793 2327 833 usum
2357 785 2412 834 et
2455 779 2843 836 necessitatem
2896 779 3290 852 spectantibus,
3324 798 3439 837 non
3482 782 3671 854 opitu-

2065 870 2292 928 lantur?

2144 988 2169 1011 σι
2200 961 2650 1035 Hospitalitatem
2676 968 2966 1017 sectantes.
3012 984 3035 1009 ι
3067 963 3193 1017 Non
3221 960 3379 1029 dixit,
3410 961 3672 1033 Hospita-

2068 1053 2282 1111 litatem
2329 1051 2733 1127 aggredientes,
2776 1050 2874 1107 sed
2928 1072 2954 1100 ‹‹
2986 1053 3265 1107 Sectantes
3298 1070 3310 1105 :
3365 1074 3386 1100 ο
3415 1050 3669 1107 erudiens

2070 1160 2194 1213 nos,
2219 1160 2289 1201 ne
2317 1150 2697 1214 exspectemus
2726 1141 2991 1213 tantisper
3010 1141 3143 1197 dum
3167 1139 3241 1197 ad
3264 1156 3367 1198 nos
3395 1140 3585 1197 miseri
3614 1152 3669 1196 et

2067 1234 2220 1304 egeni
2250 1230 2596 1300 accesserint,
2624 1246 2816 1287 verum
2844 1238 2905 1286 ut
2947 1246 3305 1287 aceurramus
3333 1247 3437 1287 nos
3481 1229 3553 1287 ad
3592 1230 3674 1302 ip-

2068 1339 2182 1391 sos,
2214 1323 2677 1397 insequamurque
2720 1336 2832 1386 eos,
2857 1328 2919 1377 ut
2948 1320 3226 1377 Abraham
3255 1329 3307 1377 et
3335 1323 3459 1377 Lot.

2139 1416 2319 1469 Vnus.
2365 1416 2445 1467 14.
2480 1434 2506 1459 ει
2540 1408 2856 1467 Benedicite
2898 1409 3357 1483 persequentibus
3390 1426 3487 1467 vos
3519 1430 3531 1467 :
3566 1410 3664 1467 be-

2067 1502 2326 1574 uedicite,
2378 1510 2433 1558 et
2464 1500 2633 1557 nolite
2676 1498 3016 1556 maledicere.
3052 1522 3080 1550 »
3126 1501 3267 1556 Cum
3307 1499 3375 1556 de
3428 1500 3671 1558 fraterna

2067 1593 2326 1649 charitate
2355 1608 2420 1648 ac
2437 1591 2734 1647 dilectione
2749 1606 2873 1663 erga
2887 1589 3097 1645 amicos
3115 1598 3383 1662 prmcepta
3401 1589 3670 1660 dedisset,

2067 1682 2320 1755 deinceps
2367 1681 2587 1737 instruit
2631 1679 2909 1751 qualinam
2953 1678 3157 1736 affectu
3188 1696 3314 1752 erga
3346 1679 3534 1737 hostes
3562 1681 3667 1737 im-

2067 1772 2185 1829 buti
2231 1787 2349 1829 esse
2402 1771 2725 1827 debeamus.
2780 1772 2896 1826 Nec
2946 1768 3101 1837 dixit,
3160 1772 3240 1825 Ne
3292 1770 3559 1826 revocetis
3601 1771 3668 1827 ad

2068 1862 2397 1919 memoriam
2436 1868 2676 1916 veterem
2712 1859 2990 1931 iniuriam,
3034 1874 3137 1915 nec
3166 1876 3261 1915 vos
3286 1859 3631 1916 ulciscamini
3654 1903 3668 1930 ,

357 1948 661 2023 καταρᾶσθε
688 1968 701 1980 ο
730 1967 757 2002 ι)
800 1941 885 2002 ἵνα
923 1942 998 2018 μὴ
1042 1945 1133 2003 καὶ
1164 1952 1314 2005 τοῦτο
1348 1945 1438 2003 καὶ
1479 1947 1645 2004 ἐκεῖνο
1687 1948 1949 2021 ποιῶμεν.

2066 1951 2164 2008 sed
2194 1950 2345 2024 quod
2381 1951 2560 2007 multo
2605 1950 2783 2022 majus
2806 1956 2910 2017 est,
2940 1972 2965 1995 «
3009 1947 3346 2005 Benedicite.
3383 1972 3408 2000 υ
3438 1948 3670 2006 Addidit

360 2030 429 2091 Ὁ
460 2032 554 2110 μὲν
588 2032 691 2113 γὰρ
739 2035 967 2111 εὐλογῶν
1010 2033 1128 2101 τοὺς
1175 2034 1307 2115 ὑπὲρ
1357 2036 1593 2113 Χριστοῦ
1635 2037 1789 2095 αὐτὸν
1821 2035 1953 2093 διώ-

357 2146 545 2191 κοντας
602 2121 893 2195 δείκνυσιν,
962 2123 1043 2181 ὅτι
1093 2123 1270 2205 χαίρει
1308 2125 1441 2205 ὑπὲρ
1485 2130 1579 2184 τοῦ
1637 2124 1958 2207 φιλουμένου

359 2212 585 2292 πάσχων
616 2237 629 2249 ·
657 2216 683 2271 ὁ
717 2214 770 2272 δὲ
800 2213 1175 2294 καταρώμενος
1206 2214 1498 2287 δείκνυσιν,
1542 2213 1622 2273 ὅτι
1662 2217 1721 2274 οὗ
1759 2214 1957 2297 χαίρει·

359 2303 421 2360 ἐκ
448 2300 635 2362 τούτου
666 2302 749 2379 δὲ,
779 2302 858 2361 ὅτι
886 2304 1005 2364 οὐδὲ
1031 2306 1177 2385 φιλεῖ
1203 2304 1290 2363 τὸν
1331 2303 1462 2385 ὑπὲρ
1503 2294 1563 2363 οἷ
1601 2294 1872 2364 διώκεται.

446 2595 477 2627 ιι
541 2573 762 2651 Χαίρειν
826 2573 961 2649 μετὰ
1027 2574 1355 2656 χαιρόντων,
1409 2574 1499 2634 καὶ
1560 2575 1766 2635 κλαίειν
1821 2576 1959 2655 μετὰ

358 2660 670 2722 κλαιόντων.
701 2691 721 2713 ιι
757 2663 1012 2741 Μεγάλης
1043 2664 1214 2723 δεῖται
1255 2668 1429 2745 ψυχῆς
1486 2664 1547 2725 τὸ
1588 2667 1647 2723 οὖ
1691 2666 1849 2743 μόνον
1881 2666 1957 2743 μὴ

356 2758 591 2833 φθονεῖν,
626 2751 765 2812 ἀλλὰ
803 2752 895 2811 καὶ
934 2754 1238 2834 συγχαίρειν
1283 2759 1358 2834 τῷ
1396 2754 1658 2835 χαίροντι.
1710 2755 1958 2817 Δείκνυσι

358 2845 460 2921 γὰρ
510 2850 663 2903 τοῦτο
692 2842 738 2877 ²¹
795 2845 855 2901 ἐκ
900 2844 1230 2922 περιουσίας,
1270 2844 1458 2925 φθόνου
1511 2844 1705 2914 παντὸς
1758 2846 1957 2919 ταύτην

356 2932 633 3011 ἐλευθέραν
671 2952 681 2963 ’
714 2930 805 2990 καὶ
837 2932 1014 3010 μεῖζόν
1052 2936 1164 2992 ἐστι
1202 2939 1292 2993 τοῦ
1330 2933 1535 2993 κλαίειν
1574 2935 1711 3012 μετὰ
1741 2936 1957 2996 κλαιόν-

356 3046 483 3083 των.
534 3022 615 3082 Τὸ
644 3022 747 3102 γὰρ
780 3022 984 3082 κλαίειν
1036 3023 1129 3082 καὶ
1167 3027 1202 3096 ἡ
1243 3023 1395 3106 φύσις
1433 3024 1569 3099 αὐτὴ
1609 3025 1917 3099 ὑποτίθησιν
1942 3074 1959 3103 ,

2065 2050 2274 2111 autem,
2327 2064 2352 2090 ι
2386 2043 2459 2096 Et
2486 2041 2657 2097 nolite
2698 2037 3047 2106 maledicere,
3094 2058 3119 2091 »
3176 2047 3237 2094 ut
3272 2055 3385 2095 non
3419 2038 3544 2107 hoc,
3572 2040 3669 2095 sed

2064 2132 2195 2189 illud
2220 2131 2506 2188 faciamus.
2539 2130 2642 2202 Qui
2668 2130 2819 2186 enim
2849 2128 3122 2185 benedieit
3151 2127 3210 2183 iis
3234 2128 3325 2200 qui
3367 2127 3440 2184 ob
3465 2128 3668 2185 Christi

2064 2237 2274 2279 nomen
2301 2229 2713 2295 persequuntur
2733 2220 2935 2292 ipsum,
2961 2218 3163 2275 indicat
3184 2218 3354 2275 laetari
3380 2235 3498 2275 sese
3523 2218 3671 2292 quod

2066 2312 2246 2369 dilecti
2277 2327 2440 2369 causa
2470 2311 2710 2383 patiatur
2744 2328 2757 2364 :
2782 2310 2874 2381 qui
2904 2324 3035 2365 vero
3060 2316 3396 2377 exsecratur,
3436 2309 3674 2365 ostendit

2065 2417 2184 2460 sese
2218 2418 2331 2457 non
2371 2400 2565 2468 laetari,
2596 2409 2651 2456 et
2677 2416 2743 2456 ex
2776 2398 2882 2455 hoc
2906 2399 3054 2470 quod
3084 2414 3260 2471 neque
3306 2415 3431 2455 eum
3474 2398 3669 2471 diligit,

2065 2493 2220 2565 cujus
2243 2508 2410 2548 causa
2439 2489 2877 2563 persecutionem
2901 2489 3155 2545 sustinet.

2137 2585 2319 2639 Vnus.
2358 2587 2439 2637 15.
2476 2604 2501 2629 «ι
2530 2580 2775 2637 Gaudete
2810 2595 2941 2635 cum
2976 2578 3356 2652 gaudentibus,
3388 2578 3517 2635 flete
3540 2594 3668 2635 eum

2066 2672 2344 2729 flentibus.
2382 2694 2408 2720 ιο
2442 2674 2711 2743 Magnum
2753 2669 2983 2741 requirit
3027 2670 3299 2736 animum,
3342 2684 3457 2724 non
3488 2668 3669 2724 solum

2064 2779 2177 2819 non
2220 2761 2486 2827 invidere,
2536 2760 2633 2817 sed
2668 2758 3017 2832 eongaudere
3044 2758 3209 2815 etiam
3245 2757 3527 2830 gaudenti.
3578 2760 3669 2812 ln-

2064 2852 2211 2909 dicat
2254 2852 2406 2908 enim
2461 2850 2565 2907 hoc
2603 2850 2847 2906 animam
2896 2864 3123 2920 prorsus
3154 2848 3221 2904 ab
3270 2849 3426 2903 omni
3466 2847 3670 2904 invidia

2066 2942 2318 3009 liberam,
2349 2949 2404 2996 et
2443 2940 2622 3012 majus
2657 2948 2743 2996 est
2792 2954 2960 3012 quam
3012 2939 3144 2994 ﬁere
3194 2953 3321 2993 cum
3368 2937 3668 2994 flentibus:

2065 3030 2339 3104 siquidem
2381 3031 2573 3087 ﬂetum
2612 3037 2811 3085 natura
2859 3029 2973 3101 ipsa
3019 3027 3350 3101 suppeditat,
3383 3026 3453 3084 ad
3523 3042 3674 3083 com-

355 3114 428 3181 εἶς
466 3114 810 3206 ’συμπάθειαν
865 3111 1116 3206 ἕλκουσα.
1203 3112 1495 3194 Ἀμφότερα
1567 3114 1742 3175 τοίνυν
1811 3120 1956 3193 ἡμᾶς

2066 3122 2378 3195 passionem
2394 3121 2641 3178 trahens.
2660 3120 2917 3192 Utraque
2942 3134 3072 3192 ergo
3094 3134 3195 3174 nos
3225 3117 3408 3185 docet,
3435 3126 3491 3175 et
3517 3133 3671 3174 com-

360 3202 634 3281 παιδεύει,
668 3201 760 3261 καὶ
791 3202 1155 3279 συμπάθειαν,
1184 3207 1277 3263 καὶ
1310 3202 1529 3283 ἄφθονον
1561 3204 1795 3266 διάθεσιν
1826 3208 1957 3287 πρὸς

357 3300 592 3363 πάντας,
619 3290 713 3351 καὶ
742 3292 870 3372 πρὸς
903 3292 1089 3360 αὐτοὺς
1117 3291 1237 3361 τοὺς
1263 3293 1569 3362 διώκοντας.

448 3405 476 3439 (ο
504 3383 584 3442 Τὸ
608 3381 740 3442 αὐτὸ
770 3384 844 3450 εἰς
890 3382 1153 3454 ἀλλήλους
1193 3389 1521 3465 φρονοῦντες.
1562 3407 1588 3443 ))
1630 3384 1805 3444 Πάλιν
1836 3386 1958 3466 περὶ

358 3471 843 3553 ταπεινοφροσύνης
876 3472 1175 3552 διαλέγεται
1213 3496 1223 3507 '
1272 3473 1409 3540 εἰκὸς
1456 3473 1558 3554 γὰρ
1609 3473 1691 3534 ὅτι
1740 3477 1953 3557 ἐπεχω-

360 3562 503 3641 ρίαζε
531 3566 597 3641 τῇ
631 3562 815 3635 πόλει,
856 3566 927 3630 ὡς
972 3562 1242 3642 βασιλίδι,
1273 3564 1333 3623 τὸ
1374 3562 1585 3639 νόσημα
1639 3568 1731 3636 τῆς
1763 3567 1958 3636 ἀλαζο-

357 3652 520 3719 νείας.
552 3652 628 3713 Ὃ
660 3651 715 3711 δὲ
748 3650 922 3729 λέγει,
960 3652 1192 3713 τοιοῦτόν
1224 3656 1337 3713 ἐστι
1365 3677 1377 3689 ·
1414 3653 1601 3733 Μέγαν
1628 3654 1850 3714 σεαυτὸν
1883 3647 1956 3716 εῖ-

357 3765 445 3800 ναι
471 3742 697 3821 νομίζεις
731 3760 745 3776 ·
791 3742 977 3802 οὐκοῦν
1020 3742 1111 3801 καὶ
1164 3742 1253 3801 τὸν
1303 3743 1527 3823 ἀδελφὸν
1578 3749 1813 3804 τοιοῦτον
1862 3747 1955 3805 νό-

364 3834 502 3908 μιζε.
565 3831 830 3892 Ταπεινὸν
902 3831 993 3890 καὶ
1074 3832 1261 3911 μικρὸν
1343 3835 1541 3892 ἐκεῖνον
1600 3833 1913 3903 ὓποπτεύεις
1942 3853 1955 3869 °

372 3924 553 3980 οὐκοῦν
584 3922 674 3981 καὶ
702 3921 826 4001 περὶ
860 3926 1083 3981 σεαυτοῦ
1126 3923 1186 3981 τὸ
1216 3922 1345 3981 αὐτὸ
1368 3923 1625 4003 ψηφίζου,
1656 3924 1746 3982 καὶ
1777 3933 1958 3984 πᾶσαν

363 4011 670 4087 ἀνωμαλίαν
705 4010 843 4071 οὕτω
890 4015 1232 4080 καταστελεῐς
1259 4011 1403 4094 ,καὶ
1447 4016 1503 4073 οὖ
1560 4012 1785 4094 βδελύξῃ
1826 4016 1959 4074 ἐκεῖ·

360 4124 474 4175 νον,
509 4104 579 4169 ὡς
624 4099 937 4183 ὓπερέχων,
989 4104 1109 4162 ἀλλ’
1166 4106 1237 4170 ὡς
1276 4092 1399 4161 ἶσον
1448 4092 1690 4181 τιμήσεις
1744 4106 1815 4171 ὡς
1866 4105 1959 4164 καὶ

359 4191 601 4252 σεαυτόν.

446 4397 471 4423 ι
506 4371 601 4443 Μὴ
632 4370 698 4429 τὰ
742 4369 923 4452 ὑψηλὰ
964 4377 1304 4453 φρονοῦντες,
1349 4371 1488 4431 ἀλλὰ
1535 4381 1642 4441 τοῖς
1694 4374 1957 4442 ταπεινοῖς

358 4460 806 4539 συναπαγόμενοι.
854 4489 877 4513 υ
914 4464 1041 4529 Πῶς
1090 4461 1153 4521 ἂν
1198 4462 1556 4543 κατορθωθείη
1600 4463 1660 4522 τὸ
1707 4487 1957 4544 προειρη-

359 4548 516 4626 μένον
538 4595 554 4625 ,
586 4550 822 4627 μάνθανε
842 4574 856 4587 ⁸
891 4550 1022 4613 Ἐὰν
1053 4552 1128 4630 μὴ
1159 4550 1226 4610 τὰ
1253 4552 1435 4633 ὑψηλὰ
1471 4556 1745 4633 φρονῶμεν
1775 4598 1790 4626 ,
1821 4551 1958 4612 ἀλλὰ

360 4649 466 4709 τοῖς
492 4644 790 4716 ταπεινοῖς,
820 4641 1092 4717 τουτέστι,
1121 4643 1227 4709 τοῖς
1272 4642 1508 4702 εὐτελέσι
1528 4687 1545 4720 ,
1577 4651 1684 4710 τοῖς
1724 4645 1956 4702 εὐκατα-

358 4730 630 4810 φρονήτοις
676 4732 1147 4811 συναπαγώμεθα,
1194 4732 1461 4805 τουτέστι,
1510 4731 1955 4812 συγκαταϐαίνω-

360 4843 457 4899 μεν
477 4867 494 4899 ,
527 4843 590 4880 συ
597 4820 1067 4902 μπεριφερώμεθα.

448 4932 478 4968 α
528 4911 622 4981 Μὴ
666 4911 871 4989 γίνεσθε
901 4910 1143 4992 φρόνιμοι
1180 4915 1309 4991 παρ’
1345 4914 1572 4979 ἑαυτοῖς.
1603 4936 1626 4968 ι)
1670 4910 1961 4989 Τυυτέστι,

362 4997 462 5071 Μὴ
493 4999 729 5079 νομίζετε
778 5001 959 5079 ἀρκεῖν
1012 5000 1161 5060 αὐτοὶ
1206 5004 1445 5073 ἑαυτοῖς,
1500 5002 1589 5059 καὶ
1632 4998 1709 5079 μὴ
1761 5003 1960 5061 δεῖσθαι

358 5088 538 5169 ἑτέρου
568 5095 660 5149 τοῦ
695 5089 1148 5168 συμϐουλεύοντος
1167 5138 1182 5165 ,
1224 5088 1258 5161 ἢ
1290 5091 1350 5150 τὸ
1393 5091 1507 5151 δέον
1538 5091 1957 5166 ὓποθησομένου.

360 5178 473 5240 Καὶ
521 5179 626 5261 γὰρ
656 5180 749 5241 καὶ
796 5184 1000 5254 Μωσῆς
1047 5184 1125 5263 τῷ
1173 5183 1300 5261 Θεῷ
1344 5183 1563 5259 ὡμίλει,
1620 5183 1738 5241 ἀλλ’
1772 5181 1960 5254 ἐδεήθη

360 5269 665 5349 συμϐούλου
697 5276 787 5330 τοῦ
827 5276 1108 5353 πενθεροῦ.

450 5475 481 5512 α
509 5454 719 5527 Μηδενὶ
748 5453 912 5514 κακὸν
944 5451 1060 5512 ἀντὶ
1088 5457 1257 5513 κακοῦ
1298 5450 1652 5518 ἀποδιδόντες.
1702 5479 1725 5505 υ
1760 5453 1829 5513 Εἰ
1857 5452 1961 5531 γὰρ

360 5540 537 5623 ἕτερον
562 5542 741 5625 ψέγεις
762 5545 833 5611 ὣς
862 5543 1028 5604 κακὸν
1064 5543 1400 5623 ποιήσαντα,
1426 5542 1479 5601 τί
1511 5542 1694 5603 λοιπὸν
1723 5541 1879 5609 αὐτὸς
1909 5540 1961 5576 ²²

2064 3212 2375 3285 passionem
2414 3211 2639 3280 scilicet,
2669 3220 2722 3267 et
2752 3208 3013 3266 affectum
3044 3207 3250 3265 invidia
3274 3224 3512 3265 vacuum
3544 3222 3672 3281 erga

2066 3317 2280 3369 omnes,
2304 3302 2468 3357 etiam
2493 3316 2619 3371 erga
2652 3301 2801 3373 ipsos
2831 3307 3224 3372 persecutores.

2138 3395 2320 3448 Vnus.
2357 3396 2444 3446 16.
2496 3389 2708 3446 «Idem
2749 3405 2876 3462 erga
2902 3405 2998 3445 vos
3026 3397 3221 3444 mutuo
3264 3387 3590 3444 sentientes.
3644 3412 3667 3435 λι

2070 3485 2280 3538 Rursus
2320 3481 2389 3537 de
2432 3480 2741 3537 humilitate
2770 3479 3008 3536 disserit.
3044 3477 3356 3535 Verisimile
3386 3487 3470 3534 est
3498 3478 3669 3543 enim,

2066 3571 2213 3643 quod
2264 3570 2383 3627 urbi
2436 3571 2563 3627 huic
2621 3585 2721 3626 ceu
2768 3568 3162 3641 imperatoriae,
3212 3568 3465 3640 proprius
3509 3566 3674 3625 fuerit

2067 3660 2454 3718 ostentationis
2502 3659 2942 3733 arrogantieeque
2986 3658 3232 3714 morbus.
3278 3658 3439 3727 Quod
3483 3668 3667 3714 autem

2067 3750 2220 3819 dicit,
2264 3759 2349 3807 est
2383 3750 2699 3823 hujusmodi
2728 3767 2741 3804 :
2772 3753 3037 3822 Magnum
3083 3748 3321 3817 teipsum
3354 3764 3475 3804 esse
3519 3746 3668 3804 arbi-

2066 3841 2224 3897 traris
2256 3859 2269 3897 :
2299 3839 2526 3912 proinde
2554 3850 2611 3895 et
2639 3838 2865 3896 fratrem
2899 3838 3069 3894 talem
3098 3846 3426 3908 tantumque
3452 3846 3663 3909 reputa.

2068 3930 2163 3987 Sin
2189 3929 2472 4003 abjectum
2516 3938 2571 3985 et
2592 3928 2851 4001 exiguum
2872 3928 3048 3999 ipsum
3070 3926 3370 3993 existimas,
3397 3926 3463 3983 de
3494 3926 3669 3998 teipse

2066 4019 2211 4077 idem
2239 4020 2461 4087 sentias,
2490 4027 2656 4092 atque
2679 4018 2755 4075 ita
2781 4034 3004 4073 omnem
3032 4016 3458 4089 inaequalitatem
3485 4016 3667 4085 tolles,

2065 4126 2245 4182 neque
2276 4109 2814 4179 abominerisillum,
2844 4123 2947 4164 ceu
2984 4107 3058 4163 sis
3076 4123 3142 4163 eo
3158 4109 3546 4180 praestantior;
3574 4107 3670 4163 sed

2066 4207 2330 4272 tanquam
2357 4199 2651 4272 aqualem,
2682 4206 2738 4255 et
2766 4195 2995 4271 perinde
3025 4212 3091 4254 ac
3120 4204 3175 4253 te
3222 4195 3405 4268 ipsum
3459 4195 3673 4253 honore

2067 4288 2300 4346 afﬁcies.

2145 4398 2173 4431 «
2209 4382 2334 4436 Non
2360 4378 2468 4435 alta
2522 4378 2819 4450 sapientes,
2857 4377 2954 4434 sed
2991 4376 3293 4434 humilibus
3316 4377 3671 4433 consentien-

2066 4478 2171 4526 tes.
2217 4492 2245 4520 »
2291 4468 2583 4539 Quomodo
2641 4467 2971 4540 praedictum
3012 4467 3201 4539 perﬁci
3244 4475 3427 4539 queat,
3472 4466 3623 4523 disce
3657 4488 3671 4523 :

2067 4560 2125 4616 Si
2154 4574 2270 4615 non
2302 4558 2561 4615 sublimia
2589 4558 2885 4631 spiremus,
2924 4558 3037 4629 93
3071 4555 3167 4613 sed
3192 4572 3319 4611 cum
3347 4556 3671 4623 humilibus,

2070 4648 2177 4705 hoc
2219 4657 2303 4705 est
2350 4648 2550 4705 vilibus
2593 4658 2647 4704 et
2692 4647 3054 4720 contemptis,
3103 4646 3265 4701 simul
3308 4643 3672 4714 abducamur,

2070 4738 2175 4795 hoc
2216 4747 2301 4794 est
2320 4738 2849 4805 eondeseendamus,
2878 4753 2984 4794 una
3009 4734 3487 4792 eireumferamur.

2146 4852 2170 4877 α
2200 4831 2284 4885 Ne
2329 4828 2448 4884 sitis
2498 4828 2794 4901 prudentes
2840 4826 2986 4899 apud
3027 4826 3408 4898 vosmetipsos.
3470 4849 3494 4875 ιι
3547 4827 3669 4882 Ηοο

2073 4927 2179 4987 est,
2209 4934 2279 4975 ne
2319 4917 2639 4974 existimetis
2679 4933 2777 4974 vos
2804 4917 2961 4973 vobis
2995 4914 3275 4982 sufﬁcere,
3320 4932 3500 4989 neque
3527 4932 3669 4989 epus

2070 5024 2189 5065 esse
2228 5008 2383 5064 vobis
2420 5009 2734 5064 consultore
2769 5006 2899 5075 alio,
2948 5014 3046 5062 aut
3072 5022 3138 5062 eo
3179 5005 3269 5078 qui
3297 5006 3431 5078 quid
3456 5004 3669 5071 deceat,

2069 5106 2346 5172 suggerat.
2377 5100 2521 5155 Nam
2555 5100 2739 5155 Moses
2765 5097 2979 5153 etiamsi
3020 5112 3150 5152 eum
3178 5098 3295 5151 Deo
3327 5094 3670 5151 familiariter

2070 5189 2494 5263 colloqueretur,
2552 5204 2691 5262 opus
2744 5196 2937 5245 tamen
2976 5186 3168 5243 habuit
3223 5185 3543 5242 eonsultore
3584 5200 3671 5242 so-

2070 5296 2224 5338 cero.

2144 5463 2319 5519 Vnns.
2352 5468 2435 5518 17.
2488 5487 2511 5509 «ι
2546 5460 2690 5518 Nulli
2730 5460 2941 5516 malum
2980 5474 3080 5532 pro
3108 5458 3257 5515 malo
3286 5456 3602 5515 reddentes.
3637 5482 3661 5506 ι»

2070 5550 2127 5606 Si
2172 5550 2320 5608 enim
2365 5550 2530 5606 alium
2577 5548 2856 5623 vituperes
2894 5564 2998 5606 ceu
3047 5546 3140 5621 qui
3192 5546 3401 5604 malum
3448 5544 3669 5615 fecerit,

1770 5696 1959 5756 Variae
2000 5696 2304 5757 lectiones.

434 5824 472 5857 ²¹
506 5822 595 5891 τὴν
623 5825 784 5895 ψυχῆς
804 5823 877 5878 ἔτι
902 5824 1183 5895 περιουσίαν
1213 5823 1396 5895 φθόνου
1435 5822 1616 5885 παντὸς
1647 5820 1905 5895 ἐλευθέραν
1945 5838 1999 5878 0.
2078 5822 2122 5856 ²²
2152 5821 2302 5875 αὐτὸν
2334 5838 2387 5879 0.
