4090 6450
413 485 507 536 5H

1433 473 1947 531 THEOPHYLACTI
1987 471 2344 528 BULGARI/E
2381 470 2698 528 ARCHIEP.

3620 471 3728 524 512

409 623 576 682 quare
600 615 662 664 ut
713 605 872 662 illum
917 601 1171 671 imitaris,
1217 619 1283 658 ac
1313 601 1590 660 malefacis
1628 602 1797 658 etiam
1850 600 2007 673 ipseiI

2127 601 2301 670 ζηλοῖς
2325 600 2526 658 ἐκεῖνον
2549 642 2563 669 ,
2597 595 2688 656 καὶ
2721 603 3025 664 κακοποιεῖς
3048 595 3099 632 ³³
3127 594 3217 655 καὶ
3251 595 3406 663 αὐτός
3425 619 3441 668 ;
3458 595 3579 656 Οὐκ
3609 586 3727 656 εἶπε

413 702 537 755 Νοη
589 697 730 754 dixit
801 704 1012 762 autem,
1073 696 1200 750 Non
1255 692 1516 750 facientes
1563 692 1778 749 malum
1837 690 2010 759 ﬁdeli,

409 788 526 856 sed,
562 811 586 837 »
612 785 858 855 Nemini,
897 808 922 833 ι
962 785 1077 840 sive
1115 785 1366 853 Graecus,
1411 799 1509 841 seu
1549 783 1675 855 quis
1711 781 1851 838 alius
1893 780 2004 836 fue-

408 879 499 935 rit.

486 991 511 1017 α
555 964 913 1024 Providentes
940 965 1080 1020 bona
1109 979 1297 1019 coram
1323 962 1581 1020 omnibus
1609 960 1945 1018 hominibus.
1981 984 2002 1008 ι»

407 1060 532 1114 Hoc
567 1056 694 1114 ideo
713 1071 826 1112 non
853 1054 1006 1123 dicit,
1035 1062 1099 1111 ut
1123 1053 1194 1110 ad
1226 1053 1446 1110 inanem
1479 1051 1708 1127 gloriam
1736 1050 2003 1118 vivamus,

406 1147 502 1205 sed
532 1156 593 1203 ut
621 1143 969 1203 occasionem
1007 1144 1304 1202 adversum
1339 1159 1440 1200 nos
1469 1141 1847 1216 quaerentibus
1892 1157 2007 1197 non

405 1237 766 1310 praebeamus.
790 1234 974 1308 Exigit
999 1233 1148 1290 enim
1177 1249 1207 1290 a
1231 1233 1414 1302 nobis,
1435 1241 1498 1290 ut
1525 1232 1658 1288 citra
1685 1231 2005 1288 scandalum

403 1336 457 1384 et
497 1325 862 1384 offensionem
891 1324 1165 1382 ducamus
1193 1324 1381 1381 vitam.
1421 1323 1655 1381 Plurimi
1705 1321 1855 1378 enim
1907 1337 2007 1378 nos

407 1425 706 1489 nostraque
731 1415 1040 1472 observant.

474 1510 656 1563 Vnus.
693 1513 774 1563 18.
814 1525 840 1557 ‹‹
873 1506 929 1560 Si
950 1505 1066 1560 fieri
1096 1512 1295 1576 potest,
1327 1511 1599 1576 quantum
1632 1503 1690 1558 in
1717 1501 1873 1558 vobis
1897 1511 2003 1570 est,

403 1614 528 1653 cum
559 1596 815 1652 omnibus
843 1593 1156 1651 hominibus
1176 1609 1366 1666 pacem
1399 1593 1684 1650 habentes.
1716 1616 1741 1642 ν
1776 1591 2006 1648 Pulchre

402 1686 565 1753 dixit,
606 1705 635 1738 α
678 1685 734 1742 Si
773 1685 888 1741 fieri
925 1692 1129 1758 potest.
1191 1708 1216 1732 »
1246 1687 1656 1754 Nonnunquam
1695 1681 1844 1738 enim
1887 1681 2004 1738 fieri

405 1792 517 1832 non
559 1783 736 1848 potest
783 1784 841 1831 ut
871 1790 1060 1847 pacem
1111 1773 1386 1847 quispiam
1425 1773 1844 1845 complectatur,
1875 1787 2002 1828 cum

403 1866 472 1922 de
550 1866 753 1938 pietate
841 1873 1119 1921 certamen
1206 1863 1390 1930 fuerit,
1464 1878 1589 1919 cum
1661 1862 1731 1918 de
1806 1861 2001 1934 injuria

403 1955 633 2012 aflectis.
687 1956 776 2012 Ait
803 1955 990 2028 igitur,
1026 1952 1191 2028 Quod
1228 1953 1306 2008 tui
1328 1961 1414 2010 est
1454 1951 1642 2020 officii,
1688 1951 1872 2020 facias,
1901 1967 2004 2006 nec

401 2045 638 2118 cuipiam
685 2047 1032 2101 occasionem
1082 2043 1328 2116 prazbeas
1373 2041 1649 2098 bellorum
1692 2043 1771 2096 vel
1800 2041 2003 2096 tumul-

398 2144 576 2192 tuum.
640 2135 738 2191 Sin
802 2135 1064 2205 pietatem
1118 2132 1307 2188 laesam
1366 2131 1738 2204 conspexeris,
1795 2129 2004 2186 fortiter

399 2225 663 2292 consiste,
694 2240 792 2295 pro
816 2223 1039 2279 veritate
1059 2222 1330 2278 dimicans
1360 2241 1376 2276 :
1402 2237 1512 2276 non
1543 2220 1756 2276 homini
1780 2219 2002 2293 quidem

401 2313 668 2383 infensus,
699 2313 797 2370 sed
819 2312 1111 2385 impietati,
1151 2311 1303 2368 illum
1333 2311 1514 2384 ipsum
1548 2326 1679 2366 sane
1711 2311 2001 2380 miserans,

400 2403 627 2476 ejusque
675 2418 865 2459 curam
905 2418 1118 2476 gerens.
1171 2402 1290 2457 Hac
1349 2401 1576 2469 ratione,
1642 2400 1795 2474 quod
1843 2409 2002 2458 antea

397 2492 736 2565 impossibile
773 2492 1079 2560 videbatur,
1135 2491 1196 2546 ﬁt
1226 2491 1522 2564 possibile;
1555 2490 1703 2564 quod
1733 2491 1880 2548 enim
1931 2491 2003 2549 ad

398 2589 452 2640 te
481 2584 701 2651 attinet,
747 2591 972 2654 pacatus
1014 2598 1074 2639 es
1104 2597 1230 2655 erga
1261 2582 1418 2638 illum
1451 2581 1631 2638 solam
1658 2581 2000 2655 impietatem

399 2675 744 2748 impugnans.

469 2767 652 2820 Vnns.
674 2768 760 2819 19.
795 2786 820 2812 α
851 2765 972 2819 Non
1015 2762 1384 2835 vosmetipsos
1407 2761 1756 2833 ulciscentes,
1795 2761 2000 2828 dilecti,

398 2852 493 2909 sed
541 2853 665 2908 date
692 2853 877 2909 locum
925 2853 1046 2908 iraa.
1104 2852 1388 2924 Scriptum
1436 2859 1521 2908 est
1564 2851 1715 2908 enim
1809 2871 1821 2907 :
1865 2852 2002 2908 Mihi

399 2941 658 3011 vindicta,
713 2957 847 3014 ergo
907 2941 1226 3007 retribuam,
1271 2939 1402 2996 dicit
1453 2939 1744 2996 Dominus.
1805 2963 1830 2989 ιο
1866 2945 2004 2997 Date

399 3030 607 3098 locum,
638 3031 834 3102 inquit,
881 3030 982 3085 Dei
1047 3029 1144 3085 irae
1202 3027 1464 3085 adversus
1526 3044 1654 3084 eum
1707 3029 1799 3101 qui
1847 3030 2004 3087 vobis

403 3119 662 3192 injuriam
703 3118 868 3176 affert
908 3119 962 3175 Si
997 3117 1150 3174 enim
1203 3118 1452 3189 vosipsos
1481 3117 1840 3187 ulciscamini,
1881 3134 1994 3176 non

400 3210 710 3283 egredietur
762 3225 862 3281 pro
917 3208 1072 3265 vobis
1122 3208 1415 3265 adversum
1480 3207 1670 3265 hostes
1719 3210 1891 3266 Deus.
1952 3211 2007 3267 Si

399 3308 586 3356 autem
638 3315 736 3356 vos
788 3297 1120 3368 dimiseritis,
1169 3302 1320 3354 Deus
1397 3297 1691 3355 ulciscetur
1732 3299 2003 3356 acerbius.

401 3389 639 3447 Adducit
682 3398 867 3446 autem
918 3388 1296 3445 testimonium
1343 3404 1452 3462 quo
1495 3404 1816 3447 sermonem
1844 3405 2005 3447 suum

401 3479 661 3537 stabiliat.
690 3482 826 3538 Haec
853 3488 1041 3536 autem
1081 3478 1215 3536 dicit
1246 3478 1315 3536 ad
1356 3480 1789 3537 consolationem
1836 3482 2006 3554 pusil-

402 3570 737 3626 lanimorum
792 3588 804 3624 :
859 3569 996 3625 nihil
1043 3570 1192 3626 enim
1242 3568 1388 3626 aliud
1443 3568 1780 3639 desiderant,
1838 3587 2007 3644 quam

402 3668 462 3716 ut
493 3659 710 3716 videant
750 3675 851 3732 pro
879 3675 939 3717 se
977 3659 1048 3717 de
1107 3659 1358 3716 hostibus
1405 3667 1690 3734 sumptam
1729 3675 1850 3718 esse
1893 3661 2010 3716 vin-

405 3749 633 3807 dictam.

471 3844 653 3898 Vnns.
686 3846 774 3898 20.
809 3865 835 3890 «ι
878 3840 935 3897 Si
959 3841 1131 3897 esurit
1158 3841 1420 3898 inimicus
1464 3849 1619 3913 tuus,
1652 3840 1773 3899 ciba
1804 3841 1960 3899 illum
1993 3861 2006 3900 :

403 3932 448 3988 si
491 3932 630 4000 sitit,
675 3932 744 3988 da
789 3931 835 3988 ei
881 3940 1078 4004 potum
1112 3952 1124 3987 :
1165 3929 1274 3988 hoc
1315 3932 1460 3988 enim
1494 3930 1721 3999 faciens,
1749 3932 2015 3989 carbones

397 4019 542 4093 ignis
572 4035 836 4094 congeres
884 4036 1048 4092 super
1097 4028 1264 4092 caput
1291 4021 1484 4092 ipsius.
1520 4043 1544 4067 α
1577 4021 1848 4078 Altiorem
1885 4021 2012 4094 phi-

401 4108 666 4181 losophiae
707 4109 940 4181 gradum
1003 4109 1092 4163 hic
1139 4124 1168 4164 a
1221 4108 1384 4164 nobis
1430 4109 1616 4183 exigit.
1680 4109 1824 4180 Quid
1866 4111 2013 4166 enim

402 4201 605 4270 dicam,
657 4201 852 4274 inquit,
903 4199 1055 4272 quod
1105 4209 1360 4272 oporteat
1407 4217 1504 4257 vos
1544 4201 1800 4273 paciﬁcos
1849 4217 1968 4258 esse
1989 4205 2014 4257 Ρ

403 4289 534 4362 quin
584 4288 752 4344 etiam
788 4286 1114 4344 benefacere
1147 4287 1378 4360 impero.
1409 4310 1434 4337 σι
1463 4288 1740 4346 Carbones
1772 4311 1798 4338 ι
1829 4297 2014 4345 autem

409 4397 438 4431 α
490 4378 632 4452 ignis
679 4377 1035 4451 congregabis
1102 4393 1268 4449 super
1335 4386 1503 4450 caput
1545 4378 1687 4452 ejus,
1756 4403 1780 4428 ι›

403 4468 696 4542 indulgens
724 4466 1162 4541 pusillanimitati
1191 4465 1457 4541 injuriam
1486 4469 1628 4540 passi
1650 4487 1666 4539 ;
1698 4467 1833 4525 nihil
1862 4467 2012 4526 enim

404 4558 541 4615 adeo
575 4574 740 4616 suave
768 4557 884 4630 94
919 4566 1024 4627 est,
1054 4565 1220 4630 atque
1265 4557 1482 4614 hostem
1520 4557 1701 4614 videre
1729 4559 2011 4632 punitum;

404 4664 468 4704 ac
497 4649 899 4721 propemodum
923 4647 1055 4704 talia
1085 4647 1215 4705 dicit
1246 4665 1261 4703 :
1299 4648 1396 4705 Vis
1420 4647 1611 4705 ulcisci
1633 4657 1690 4705 te
1713 4646 1786 4705 de
1816 4650 2013 4706 hoste?

404 4738 743 4795 Beneficium
773 4737 848 4793 illi
867 4737 1087 4808 exhibe,
1115 4745 1238 4794 tum
1266 4736 1554 4794 acerbiore
1583 4754 1712 4795 eum
1743 4738 2013 4812 supplicio

404 4825 661 4884 affecisti.
703 4829 1011 4899 Eapropter
1051 4826 1210 4896 dixit,
1245 4849 1273 4877 ι
1312 4827 1595 4884 Carbones
1623 4828 1767 4901 ignis
1817 4845 2016 4902 conge-

407 4932 494 4973 res
538 4933 702 4990 super
747 4925 915 4990 caput
949 4916 1124 4988 ipsius
1157 4936 1173 4984 ;
1240 4938 1270 4973 »
1322 4933 1489 4990 grave
1515 4918 1841 4991 supplicium
1880 4919 2016 4976 desi-

405 5022 602 5080 gnans.
644 5007 809 5063 Hunc
837 5005 910 5063 ad
936 5005 1172 5063 modum
1205 5021 1371 5080 supra
1399 5006 1555 5078 dixit,
1591 5030 1617 5057 «ι
1659 5009 1804 5066 Date
1830 5009 2015 5065 locum

403 5099 504 5153 Dei
529 5096 648 5153 irae.
683 5119 710 5144 ι»

479 5189 659 5245 Vens.
718 5191 809 5242 21.
844 5207 870 5234 σι
931 5187 1014 5243 Ne
1053 5185 1286 5244 vinceris
1341 5201 1372 5242 a
1415 5187 1586 5257 malo,
1615 5187 1710 5244 sed
1757 5187 1912 5245 vince
1959 5188 2016 5246 in

424 5277 572 5334 bono
602 5277 837 5332 malum.
898 5275 1003 5333 Hic
1032 5276 1140 5333 loci
1166 5275 1316 5334 istud
1340 5275 1687 5339 subindicat,
1715 5293 1832 5334 non
1859 5293 2020 5351 opor-

407 5376 524 5424 tere
553 5383 654 5425 nos
686 5366 786 5423 tali
810 5366 1082 5424 sententia
1125 5366 1310 5424 cibare
1341 5365 1533 5424 hostes
1576 5376 1639 5424 ut
1679 5367 1859 5440 majus
1885 5384 2016 5441 sup-

410 5456 632 5527 plicium
663 5457 769 5514 illis
811 5458 1172 5528 asciscamus;
1203 5457 1311 5514 hoc
1355 5457 1500 5515 enim
1544 5465 1627 5515 est
1680 5458 1830 5531 quod
1880 5459 1956 5515 ait
2000 5479 2013 5516 :

483 5583 503 5616 ί
530 5585 701 5640 Deut.
736 5598 931 5653 χχχιι,
962 5588 1052 5642 35.

2123 689 2197 764 δὲ,
2223 688 2317 761 Μὴ
2343 696 2609 755 ποιοῦντες
2639 687 2804 748 κακὸν
2832 691 2908 768 τῷ
2936 692 3110 771 πιστῷ
3129 736 3146 763 ,
3184 686 3353 762 ἀλλὰ,
3392 714 3416 739 α
3447 687 3676 760 Μηδενὶ,
3702 716 3725 739 ιο

2122 779 2221 839 κᾶν
2249 777 2460 853 Ἕλλην
2480 825 2496 852 ,
2528 778 2627 838 κᾶν
2671 778 2813 848 ὅστις
2842 777 2906 837 ἂν
2937 775 3041 850 εἴη.

2208 986 2238 1019 α
2271 959 2664 1043 Προνοούμενοι
2694 959 2836 1020 καλὰ
2866 958 3090 1021 ἐνώπιον
3113 959 3327 1020 πάντων
3353 959 3672 1040 ἀνθρώπων.
3701 989 3722 1010 υ

2121 1055 2245 1134 Οὗχ
2280 1052 2367 1112 ἵνα
2414 1049 2543 1132 πρὸς
2584 1049 2883 1120 κενοδοξίαν
2923 1052 3127 1127 ζῶμεν,
3165 1050 3319 1110 τοῦτό
3367 1073 3561 1130 φησιν,
3605 1051 3728 1108 ἀλλ’

2118 1142 2206 1203 ἵνα
2238 1141 2314 1214 μὴ
2353 1141 2677 1222 παρέχωμεν
2727 1141 2847 1199 καθ’
2892 1143 3045 1217 ἡμῶν
3079 1139 3324 1221 ἀφορμὰς
3372 1143 3481 1207 τοῖς
3531 1143 3720 1220 βουλο-

2120 1233 2316 1312 μένοις.
2353 1231 2434 1290 Τὸ
2457 1231 2558 1312 γὰρ
2591 1231 3010 1291 ἀσκανδάλιστον
3047 1229 3140 1288 καὶ
3181 1229 3525 1309 ἀπρόσκοπον
3558 1236 3723 1290 ἀπαι-

2119 1331 2198 1384 τεῖ
2224 1347 2238 1361 ο
2268 1319 2458 1381 πολλοὶ
2487 1321 2588 1403 γὰρ
2623 1324 2673 1381 οἱ
2697 1319 2765 1379 τὰ
2807 1319 3045 1402 ἡμέτερα
3075 1323 3468 1402 ἐπιτηροῦντες.

2204 1529 2234 1560 α
2269 1505 2338 1565 Ei
2379 1501 2600 1562 δυνατὸν
2626 1547 2642 1576 ,
2675 1500 2737 1561 τὸ
2778 1499 2830 1570 ἐξ
2860 1502 3011 1576 ὓμῶν
3031 1544 3047 1573 ,
3085 1499 3224 1579 μετὰ
3255 1500 3472 1559 πάντων
3517 1499 3722 1580 ἀνθρώ-

2118 1617 2234 1654 πων
2266 1592 2638 1675 εἰρηνεύοντες.
2668 1613 2698 1651 »
2733 1593 2931 1659 Καλῶς
2962 1580 3078 1651 εἶπε
3102 1590 3164 1650 τὸ
3183 1633 3200 1664 ,
3251 1610 3280 1649 α
3313 1592 3381 1650 Ei
3404 1589 3648 1650 δυνατόν.
3682 1613 3714 1647 ιι

2117 1682 2282 1746 Ἔστι
2310 1683 2415 1766 γὰρ
2461 1679 2594 1742 ὅπου
2639 1683 2698 1766 οὗ
2725 1681 2946 1741 δυνατὸν
2971 1679 3034 1740 τὸ
3061 1679 3381 1759 εἰρηνεύειν,
3426 1678 3554 1738 ὅταν
3594 1681 3720 1760 περὶ

2116 1763 2443 1841 εὖσεϐείαςνδ
2469 1763 2709 1853 ἀγὼν,
2761 1769 2887 1829 ὅταν
2920 1769 3052 1851 ἱπὲρ
3094 1769 3479 1846 ἀδικουμένων.
3530 1771 3718 1843 Φησὶν

2117 1856 2205 1925 οῦν
2227 1914 2242 1943 ,
2273 1863 2352 1923 ὅτι
2375 1864 2455 1926 Τὸ
2481 1869 2705 1923 σεαυτοῦ
2736 1861 2801 1922 σὺ
2833 1861 2972 1920 ποίει
2993 1907 3006 1930 ,
3043 1861 3134 1920 καὶ
3166 1860 3353 1936 μηδενὶ
3395 1861 3539 1920 δίδου
3562 1860 3697 1921 πολὲ
3707 1896 3721 1905 -

2117 1980 2232 2033 μων
2267 1953 2508 2036 ἀφορμὰς
2555 1953 2645 2012 καὶ
2688 1955 2936 2032 ταραχῶν
2981 1952 3057 2011 ³³.
3109 1953 3175 2011 Ei
3209 1951 3262 2009 δὲ
3311 1950 3406 2022 τὴν
3441 1949 3720 2011 εὐσέϐειαν

2113 2044 2639 2126 παραϐλαπτομένην
2671 2043 2724 2082 ²⁵
2759 2041 2915 2115 ἴδοις,
2945 2040 3137 2100 ἵστασο
3169 2041 3422 2118 γενναίως
3457 2040 3590 2122 ὑπὲρ
3619 2045 3721 2113 τῆς

2115 2135 2363 2209 ἀληθείας
2401 2136 2651 2212 πολεμῶν
2677 2155 2690 2170 ⁸
2741 2131 2861 2213 οὐχὶ
2906 2135 2982 2212 τῷ
3022 2129 3287 2211 ἀνθρώπῳ
3331 2129 3710 2210 ἀπεχθανόμε-

2114 2249 2232 2304 νος,
2267 2225 2407 2284 ἀλλὰ
2531 2222 2780 2306 ἀσεϐείᾳ,
2821 2221 3016 2282 ἐκεῖνον
3044 2221 3222 2298 μέντοι
3253 2222 3446 2294 ἐλεῶν,
3487 2221 3580 2280 καὶ
3610 2245 3713 2292 κη-

2115 2316 2328 2394 δόμενος
2357 2315 2538 2374 αὐτοῦ.
2583 2314 2746 2375 Οὕτω
2792 2311 2847 2371 δὲ
2868 2356 2885 2385 ,
2919 2311 2947 2371 ὃ
2975 2310 3105 2378 τέως
3144 2310 3311 2371 ἐδόκει
3359 2312 3418 2370 οὗ
3453 2309 3674 2370 δυνατὸν
3701 2358 3716 2385 ,

2113 2405 2313 2485 γίνεται
2365 2403 2606 2464 δυνατόν·
2651 2402 2773 2463 ὅσον
2817 2401 2922 2483 γὰρ
2973 2399 3034 2460 τὸ
3087 2399 3227 2461 κατὰ
3277 2401 3370 2475 σὲ,
3439 2399 3723 2481 εἴρηνεύεις

2115 2495 2241 2576 πρὸς
2285 2497 2479 2554 ἐκεῖνον
2502 2541 2518 2570 ,
2571 2493 2700 2573 πρὸς
2744 2491 2840 2566 τὴν
2897 2491 3145 2551 ἀσέϐειαν
3202 2490 3370 2570 μόνην
3422 2489 3718 2571 ἀπομαχό-

2115 2607 2267 2662 μενος
2278 2633 2287 2644 .

2206 2786 2233 2821 (ι
2265 2763 2359 2837 Μὴ
2406 2763 2623 2833 ἑαυτοὺς
2666 2765 3029 2834 ἐκδικοῦντες,
3082 2761 3387 2843 ἀγαπητοὶ,
3429 2761 3569 2822 ἀλλᾶ
3600 2762 3719 2823 δότε

2113 2853 2273 2914 τόπον
2394 2856 2548 2934 ὀργῇ.
2578 2852 2888 2936 Γέγραπται
2915 2852 3051 2934 γάρ·
3081 2851 3244 2930 Ἐμοὶ
3274 2851 3543 2924 ἐκδίκησις
3564 2896 3580 2926 ,
3611 2851 3719 2933 ἐγὼ

2115 2942 2510 3022 ἀνταποδώσω,
2553 2944 2697 3023 λέγει
2741 2941 2956 3023 Κύριος.
3000 2965 3029 3000 ))
3078 2941 3244 3015 Δότε,
3285 2943 3453 3024 φησὶ,
3489 2941 3718 3021 πάροδον

2112 3037 2178 3113 τῇ
2209 3039 2302 3093 τοῦ
2333 3035 2478 3094 Θεοῦ
2524 3036 2654 3113 ὀργῇ
2690 3031 2830 3091 κατὰ
2879 3037 2970 3090 τοῦ
3022 3033 3323 3098 ἀδικοῦντος
3373 3035 3532 3109 ὑμᾶς.
3581 3031 3716 3092 Ἐὰν

2115 3123 2210 3199 μὲν
2239 3122 2343 3202 γὰρ
2389 3126 2537 3194 ὑμεῖς
2585 3121 2803 3189 ἑαυτοὺς
2845 3123 3128 3197 ἐκδικῆτε,
3175 3124 3271 3182 οὐκ
3315 3120 3711 3191 ἐπεξελεύσεται

2113 3219 2141 3273 ὁ
2171 3212 2306 3281 Θεός
2333 3233 2346 3246 ⁸
2384 3211 2474 3272 ἐὰν
2510 3211 2565 3272 δὲ
2594 3216 2746 3290 ὖμεῖς
2773 3214 2966 3293 ἀφῆτε,
2994 3215 3023 3271 ὁ
3047 3211 3184 3281 Θεὸς
3217 3211 3486 3284 ἐκδικήσει
3515 3214 3709 3292 πικρό-

2113 3327 2286 3384 τερον.
2334 3301 2564 3383 Ἐπάγει
2607 3302 2660 3361 δὲ
2700 3301 2791 3361 καὶ
2841 3301 2937 3377 τὴν
2969 3303 3304 3386 μαρτυρίαν,
3360 3302 3596 3382 βεϐαιῶν
3627 3303 3718 3362 τὸν

2115 3396 2304 3454 οἰκεῖον
2354 3392 2526 3472 λόγον.
2565 3395 2753 3453 Ταῦτα
2785 3393 2840 3452 δέ
2875 3416 3005 3475 φησι
3037 3393 3170 3473 πρὸς
3218 3392 3565 3473 παραμυθίαν
3613 3396 3718 3453 τῶν

2117 3481 2461 3565 μικροψύχων
2503 3505 2516 3518 ·
2567 3481 2717 3544 οὐδὲν
2765 3479 2869 3562 γὰρ
2921 3483 3052 3543 ἄλλο
3099 3485 3480 3563 ἐπιθυμοῦσιν,
3532 3484 3604 3550 ὥς
3661 3481 3722 3541 τὸ

2121 3575 2250 3632 ἰδεῖν
2283 3571 2498 3642 ἑαυτοὺς
2529 3570 2922 3646 ἐκδικηθέντας.

2198 3871 2222 3898 α
2257 3843 2391 3905 Ἐὰν
2423 3831 2511 3903 οῦν
2545 3853 2705 3925 πεινᾷ
2743 3842 2976 3924 δὲχθρός
3003 3864 3096 3901 σου
3115 3887 3132 3916 ,
3162 3841 3379 3925 ψώμιζε
3405 3842 3560 3902 αὐτόν
3585 3862 3600 3878 °
3630 3841 3722 3901 ἐὰν

2119 3934 2249 4015 διψᾷ
2270 3978 2286 4007 ,
2319 3932 2500 4001 πότιζε
2530 3933 2690 3992 αὐτόν
2713 3951 2730 3968 ⁶
2765 3938 2922 3991 τοῦτο
2949 3931 3052 4012 γὰρ
3081 3934 3248 3990 ποιῶν
3269 3977 3286 4010 ,
3319 3932 3584 4011 ἄνθρακας
3613 3955 3720 3990 πυ-

2121 4021 2205 4104 ρὸς
2263 4021 2541 4102 σωρεύσεις
2587 4020 2676 4080 ἐπὶ
2721 4019 2818 4092 τὴν
2873 4018 3110 4100 κεφαλὴν
3164 4022 3340 4081 αὐτοῦ.
3402 4046 3432 4077 n
3488 4021 3723 4082 Πλείονα

2121 4111 2430 4191 φιλοσοφίαν
2464 4112 2681 4168 ἀπαιτεῖ
2715 4115 2857 4185 ἡμᾶς
2889 4111 3132 4172 ἐνταῦθα.
3172 4109 3244 4169 Τί
3272 4108 3376 4190 γὰρ
3404 4111 3546 4188 λέγω
3566 4157 3581 4183 ,
3612 4135 3722 4192 φη-

2123 4199 2242 4272 σὶν,
2272 4198 2354 4257 ὅτι
2403 4199 2690 4281 εἰρηνεύειν
2721 4199 2837 4274 δεῖ,
2881 4199 2974 4258 καὶ
3003 4197 3106 4279 γὰρ
3154 4198 3246 4258 καὶ
3279 4201 3571 4280 εὐεργετεῖν
3605 4202 3721 4257 ἐπι-

2123 4289 2322 4350 τάττω.
2360 4288 2442 4351 Τὸ
2472 4288 2564 4367 δὲ,
2597 4317 2619 4341 α
2655 4284 2950 4370 Ἀνθρακας
2989 4290 3152 4370 πυρὸς
3201 4288 3478 4370 σωρεύσεις
3517 4287 3607 4347 ἐπὶ
3626 4289 3723 4360 τὴν

1847 4378 2009 4480 dixit,
2041 4421 2100 4483 D
2124 4378 2360 4483 κεφαλὴν
2405 4383 2601 4483 αὐτοῦ,
2639 4404 2669 4436 τι
2718 4368 2866 4483 εἷπε,
2923 4368 3227 4483 ρυντρέχων
3397 4379 3727 4483 μικροψυχίᾳ

2125 4473 2216 4528 τοῦ
2267 4469 2639 4542 ἀδικηθέντος·
2684 4467 2832 4529 οὐδὲν
2882 4467 2985 4552 γὰρ
3020 4468 3185 4536 οὕτως
3233 4467 3365 4541 ἡδὺ,
3415 4472 3485 4536 ὡς
3536 4468 3721 4549 ἐχθρὸν

2124 4559 2473 4638 κολαζόμενον
2504 4561 2634 4619 ἰδεῖν
2667 4583 2679 4596 ·
2709 4558 2906 4618 ὡσανεὶ
2939 4558 3040 4641 γὰρ
3072 4557 3295 4618 τοιαῦτά
3329 4582 3460 4640 φησι
3490 4581 3504 4598 ο
3535 4559 3727 4627 Θέλεις

2122 4649 2280 4708 αὐτὸν
2339 4649 2672 4729 ἀμύνασθαι;
2722 4648 3097 4730 εὖεργέτησον,
3146 4649 3238 4707 καὶ
3293 4651 3593 4720 τηνικαῦτα
3631 4671 3720 4706 πι-

2120 4738 2366 4822 κρότερον
2399 4741 2606 4817 ἠμύνω.
2641 4740 2738 4800 Διὸ
2781 4729 2872 4798 καὶ
2916 4729 3060 4799 εἶπεν
3097 4756 3111 4771 ⁶
3172 4734 3519 4818 ((Ἄνθρακας
3562 4737 3724 4818 πυρὸς

2123 4827 2404 4907 σωρεύσεις
2455 4853 2468 4866 ·
2523 4852 2550 4889 ι)
2616 4827 2711 4902 τὴν
2760 4828 3148 4908 ἐπιτεταμένην
3201 4828 3463 4908 τιμωρίαν
3521 4829 3717 4901 δηλῶν.

2123 4917 2286 4978 Οὕτω
2314 4919 2404 4979 καὶ
2431 4918 2683 5001 ἀνωτέρω
2718 4907 2833 4980 εἶπε
2863 4941 2878 4956 ο
2915 4945 2940 4971 α
2978 4917 3112 4979 Δότε
3135 4907 3297 4978 τόπον
3326 4923 3394 5000 τῇ
3423 4920 3555 5000 ὀργῇ
3585 4944 3612 4970 ν
3631 4923 3724 4978 τοῦ

2122 5010 2288 5071 Θεοῦ.

2214 5204 2245 5240 (ι
2276 5182 2372 5255 Μὴ
2410 5183 2541 5240 νικῶ
2571 5180 2675 5243 ὕπὸ
2695 5187 2788 5242 τοῦ
2817 5186 3010 5256 κακοῦ,
3042 5180 3179 5241 ἀλλὰ
3208 5180 3327 5242 νίκα
3359 5184 3413 5242 ἒν
3436 5185 3512 5263 τῷ
3543 5183 3730 5263 ἀγαθῷ

2123 5273 2185 5332 τὸ
2214 5271 2402 5334 κακόν.
2453 5293 2484 5330 ι)
2533 5271 2802 5332 Ἐνταῦθα
2853 5278 3004 5332 τοῦτο
3049 5273 3338 5344 ὖποδηλοῖ,
3388 5272 3447 5331 τὸ
3499 5271 3574 5350 μὴ
3620 5273 3727 5330 δεῖν

2125 5365 2267 5436 ἡμᾶς
2297 5360 2515 5442 τοιαύτῃ
2541 5361 2594 5398 ³⁸
2634 5360 2823 5441 γνώμῃ
2873 5361 3130 5443 ψωμίζειν
3162 5360 3280 5430 τοὺς
3329 5360 3582 5443 ἐχθροὺς,
3629 5360 3720 5420 ἵνα

2127 5450 2345 5512 πλείονα
2400 5453 2617 5512 κόλασιν
2652 5455 2826 5520 αὐτοῖς
2874 5451 3160 5532 ἐπάγωμεν
3192 5475 3206 5490 ο
3259 5458 3415 5512 τοῦτο
3444 5449 3548 5532 γάρ
3581 5453 3728 5510 ἐστιν

1806 5658 1997 5718 Variae
2038 5660 2336 5721 lectiones.

495 5786 541 5824 ”
565 5790 649 5843 τὸν
676 5788 1078 5855 κακοποιήσαντα
1101 5807 1150 5845 ο.
1230 5791 1273 5825 ﬂ
1301 5790 1526 5864 ταραχὴν
1557 5809 1608 5850 0.
1682 5792 1726 5827 ³⁵
1755 5792 2133 5866 πολεμουμένην
2163 5811 2219 5851 0.
2294 5794 2341 5830 ”
2377 5795 2607 5853 τοιαύτην
2645 5797 2853 5869 γνώμην
2883 5811 2938 5853 ο.
