4090 6442
340 448 446 506 513

1205 439 1558 503 EXPOSITIO
1596 444 1663 501 IN
1702 438 1915 502 EPIST.
1957 440 2049 501 AD
2086 435 2252 501 ROM.
2294 472 2364 485 --
2401 438 2552 500 CAP.
2596 438 2727 499 XIII.

3550 437 3655 495 614

339 576 369 636 ὃ
401 575 580 657 λέγει·
625 597 657 635 α
682 574 778 647 Μὴ
807 576 937 635 νικῶ
976 572 1079 635 ὑπὸ
1113 579 1206 635 τοῦ
1236 577 1425 634 κακοῦ·
1464 598 1493 634 ι)
1530 572 1804 650 τουτέστι,
1839 571 1934 645 Μὴ

2061 592 2077 625 ι
2102 573 2182 628 Ne
2212 571 2444 628 vincaris
2461 587 2494 628 a
2516 570 2686 639 malo,
2704 590 2733 623 ››
2760 568 2814 626 id
2829 576 2929 639 est,
2950 569 3030 624 Ne
3048 564 3270 624 ultionis
3287 565 3445 624 avida
3466 574 3653 624 mente

341 666 662 748 μνησικάκφ
711 664 1015 747 προαιρέσει
1057 673 1210 725 τοῦτο
1256 664 1396 725 ποίει
1414 709 1438 739 ,,
1474 662 1610 745 μηδέ
1641 669 1807 743 μιμοῦ
1854 664 1942 723 τὸν

340 747 643 818 κακοποιὸν
678 747 849 837 (ἧττα
888 756 992 836 γάρ
1048 758 1160 815 ἐστι
1208 756 1427 837 τοῦτο),
1482 754 1621 815 ἀλλὰ
1682 753 1943 823 σπούδαζε

341 850 548 926 μᾶλλον
590 851 644 909 ἐν
819 845 1141 926 ἀγαθοποιίᾳ
1194 868 1287 906 σου
1323 848 1547 928 νικῆσαι
1597 846 1821 928 ἐκεῖνον,
1850 843 1942 903 καὶ

343 924 669 1016 μεταϐαλεῖν
714 924 822 997 ἀπὸ
868 924 967 1008 τῆς
1016 924 1229 1004 κακίας.
1269 933 1453 1016 Ὅπερ
1487 924 1576 996 οὐν
1614 925 1758 1016 εἶπεν
1805 936 1940 993 ἀνω-

338 1013 510 1108 τέρω,
542 1027 672 1107 πρὸς
712 1025 1057 1107 παραμυθίαν
1104 1030 1199 1099 τῆς
1247 1013 1608 1109 μικροψυχίας
1638 1013 1755 1086 εἶπε
1785 1050 1797 1063 ο
1831 1024 1943 1084 νυνί

344 1117 398 1178 δὲ
430 1117 492 1176 τὸ
518 1115 839 1199 τελεώτερον
865 1114 1214 1196 εἰσηγήσατο.

915 1253 1208 1313 ΚΕΦΑΛ.
1243 1251 1363 1313 ΙΓ¹.

460 1405 490 1440 α
516 1385 682 1445 Πᾶσα
730 1380 877 1464 ψυχὴ
929 1380 1188 1451 ἐξουσίαις
1234 1380 1617 1462 ὑπερεχούσαις
1649 1379 1945 1440 ὑποτασσέ-

343 1478 473 1533 σθω.
513 1502 537 1527 ιι
558 1472 785 1545 Ἐπειδὴ
814 1475 1010 1540 ἱκανῶς
1042 1470 1341 1554 κατήρτυσε
1370 1470 1437 1530 τὰ
1464 1470 1569 1554 ἤθη
1599 1474 1702 1530 τῶν
1725 1470 1943 1530 ἀκουόν-

345 1590 477 1638 των,
527 1562 619 1623 καὶ
667 1561 899 1633 ἐδίδαξεν
930 1561 1123 1631 αὐτοὺς
1152 1550 1245 1621 καὶ
1275 1564 1481 1644 ἐχθροῖς
1504 1550 1638 1620 εἶναι
1680 1560 1939 1639 εὐμενεῖς,

343 1655 544 1733 εἰσάγει
584 1653 672 1713 καὶ
702 1653 902 1728 ταύτην
950 1653 1047 1725 τὴν
1102 1652 1418 1735 παραίνεσιν
1453 1669 1467 1683 ·
1515 1651 1781 1710 παιδεύων
1831 1659 1941 1708 πᾶ-

342 1767 444 1803 σαν
472 1742 679 1825 ψυχὴν,
720 1742 820 1803 κᾶν
857 1742 1023 1823 ἱερεὺς
1116 1734 1224 1821 τις,
1249 1742 1349 1802 κᾶν
1375 1741 1606 1822 μοναχὸς
1633 1786 1649 1814 ,
1679 1741 1775 1800 κᾶν
1809 1738 1939 1799 ἀπό-

343 1835 562 1909 στολος,
614 1832 1006 1892 ὑποτάσσεσθαι
1071 1836 1173 1900 τοῖς
1223 1832 1499 1913 ἄρχουσιν.
1554 1830 1704 1905 Αὕτη
1752 1830 1855 1911 γὰρ
1905 1835 1937 1903 ἡ

345 1922 585 2002 ὕποταγὴ
623 1924 719 1982 οὐκ
771 1924 1056 2003 ἀνατρέπει
1094 1922 1193 1995 τὴν
1236 1908 1531 1982 εὐσέϐειαν.
1588 1908 1851 2001 Παραινεῗ
1884 1919 1939 1980 δὲ
1977 1908 2024 1970 Β

341 2019 498 2073 τοῦτο
549 2018 577 2073 ὁ
623 2011 965 2089 Ἀπόστολος,
1015 2012 1298 2087 δεικνύων,
1351 2012 1433 2071 ὅτι
1473 2016 1565 2073 οὐκ
1610 2010 1943 2072 ἀποστασίαν

341 2104 585 2163 διδάσκει
610 2102 670 2162 τὸ
694 2103 1017 2183 Εὐαγγέλιον
1035 2149 1050 2176 ,
1084 2104 1199 2162 οὐδὲ
1223 2101 1491 2162 ἀπείθειαν
1514 2148 1532 2178 ,
1564 2103 1705 2162 ἀλλὰ
1734 2102 1949 2181 μᾶλλον

343 2192 753 2274 εὐγνωμοσύνην
789 2192 881 2253 καὶ
907 2192 1221 2254 εὐπείθειαν.

432 2400 460 2435 ε
493 2377 574 2438 Οὐ
605 2375 708 2455 γὰρ
747 2373 891 2434 ἔστιν
942 2373 1148 2442 ἐξουσία
1174 2419 1191 2449 ,
1241 2375 1287 2432 εἰ
1326 2372 1401 2452 μὴ
1433 2373 1538 2433 ἀπὸ
1565 2374 1708 2435 Θεοῦ
1738 2397 1751 2411 ’
1786 2378 1842 2435 αἱ
1893 2372 1945 2435 δὲ

343 2456 504 2527 οὖσαι
530 2463 762 2535 ἐξουσίαι
798 2463 900 2524 ὑπὸ
937 2465 1080 2526 Θεοῦ
1122 2462 1444 2544 τεταγμέναι
1483 2461 1638 2524 εἷσίν.
1680 2486 1708 2521 ι
1752 2464 1821 2525 Τί
1849 2463 1940 2522 λέ-

342 2581 484 2637 γεις;
516 2559 635 2625 Πᾶς
664 2556 847 2636 ἄρχων
879 2554 982 2614 ὕπὸ
1008 2558 1151 2617 Θεοῦ
1177 2553 1609 2635 κεχειροτόνηται
1633 2575 1650 2632 ;
1679 2555 1763 2615 Οὐ
1795 2559 1949 2614 τοῦτο

342 2651 484 2729 λέγω
502 2693 521 2722 ,
573 2645 734 2728 φησὶν
757 2692 774 2724 ,
814 2644 931 2705 οὐδὲ
958 2643 1082 2725 περὶ
1112 2647 1217 2703 τῶν
1267 2648 1385 2703 καθ’
1417 2642 1637 2704 ἕκαστον
1671 2645 1945 2724 ἀρχόντων

340 2742 370 2797 ὁ
397 2738 547 2815 λόγος
576 2760 667 2814 μοι
693 2741 818 2813 νῦν,
854 2734 994 2795 ἀλλὰ
1033 2733 1154 2814 περὶ
1183 2739 1274 2794 τοῦ
1319 2733 1630 2814 πράγματος
1656 2737 1836 2795 αὐτοῦ.
1869 2734 1949 2796 Τὸ

342 2827 447 2907 γὰρ
480 2826 648 2909 ἀρχὰς
694 2816 867 2900 εἶναι,
920 2825 1011 2885 καὶ
1059 2823 1177 2892 τοὺς
1209 2822 1303 2903 μὲν
1337 2824 1522 2906 ἄρχειν
1546 2870 1561 2897 ,
1605 2823 1724 2891 τοὺς
1768 2824 1822 2884 δὲ
1855 2825 1950 2907 ἀρ-

344 2924 535 2999 χεσθαι
553 2964 569 2993 ,
604 2916 695 2976 καὶ
738 2915 815 2994 μὴ
849 2917 961 2977 ἄνω
985 2914 1079 2976 καὶ
1100 2914 1251 2974 κάτω
1279 2913 1555 2999 τὰμπάντα
1587 2915 1847 2997 φύρεσθαι
1868 2915 1944 2990 ²⁷,

345 2993 440 3079 τῖ’ἧς
467 3012 559 3068 τοῦ
585 3007 727 3068 Θεοῦ
760 3006 946 3087 σοφίας
970 3003 1127 3085 ἔργον
1154 3004 1294 3085 φημὶ
1328 2993 1482 3064 εἶναι.
1510 2993 1631 3065 Οὐκ
1654 2993 1770 3064 εἷπε
1799 3003 1901 3087 γὰρ
1929 3051 1947 3079 ,

344 3095 425 3156 ὅτι
458 3098 580 3158 Οὐκ
617 3098 760 3156 ἔστιν
795 3097 976 3177 ἄρχων
1000 3141 1015 3167 ,
1046 3093 1185 3165 ἀλλ’,
1227 3122 1251 3147 ιι
1288 3096 1406 3155 Οὐκ
1431 3093 1572 3154 ἔστιν
1616 3092 1828 3164 ἐξουσία
1852 3140 1870 3173 ,
1903 3096 1949 3154 εἰ

348 3185 425 3265 μὴ
481 3185 583 3245 ὑπὸ
637 3187 803 3247 Θεοῦ.
865 3208 893 3243 ι)
994 3182 1174 3245 ⁰Ωστε
1242 3183 1363 3264 περὶ
1420 3187 1581 3245 αὐτοῦ
1648 3190 1742 3245 τοῦ
1799 3184 1945 3266 πρά-

2052 663 2132 719 vel
2183 661 2581 719 deliberatione
2615 659 2751 717 illud
2785 658 2873 716 fac
2928 677 2941 715 :
2993 674 3098 715 nec
3144 659 3293 715 mala
3340 665 3656 731 patrantem

2050 753 2269 809 imitare
2319 772 2336 808 :
2384 751 2491 808 hoc
2540 751 2693 807 enim
2724 757 2872 807 esset
2898 757 2952 805 te
2981 747 3343 805 succumbere
3372 756 3429 803 et
3452 746 3593 802 vinci
3640 764 3653 801 :

2050 844 2183 916 quin
2245 842 2428 915 potius
2477 841 2637 898 stude
2686 839 3051 897 beneﬁcentia
3098 848 3194 895 tua
3230 837 3385 893 illum
3412 835 3653 903 vincere,

2049 940 2217 1006 atque
2257 948 2289 989 a
2332 948 2429 989 sua
2462 930 2667 988 malitia
2716 928 3031 987 transferre.
3088 926 3253 1001 Quod
3289 927 3457 999 igitur
3486 940 3655 996 supra

2050 1020 2208 1092 dixit,
2240 1022 2311 1078 ad
2336 1020 2797 1095 pusillanimitatis
2823 1018 3260 1076 consolationem
3300 1016 3439 1075 dixit
3467 1037 3478 1073 :
3509 1030 3660 1072 nunc

2051 1122 2241 1171 autem
2278 1111 2426 1186 quod
2447 1110 2746 1185 perfectius
2771 1119 2857 1168 est
2883 1107 3120 1166 induxit.

2630 1265 2878 1321 CAPUT
2912 1263 3072 1319 XIII.

2123 1400 2306 1455 Vnus.
2341 1402 2391 1452 1.
2428 1415 2457 1449 ιι
2477 1396 2672 1453 Omnis
2718 1394 2907 1451 anima
2932 1392 3298 1467 potestatibus
3325 1390 3662 1447 sublimiori-

2051 1487 2156 1545 bus
2182 1487 2399 1545 subdita
2420 1488 2510 1544 sit.
2543 1510 2569 1536 ιθ
2598 1488 2741 1543 Cum
2764 1484 3080 1542 auditorum
3112 1498 3294 1540 mores
3312 1480 3656 1537 sufﬁcienter

2052 1577 2476 1650 composuisset,
2527 1592 2732 1649 eosque
2784 1574 3063 1632 docuisset
3134 1581 3196 1629 ut
3263 1572 3345 1628 vel
3408 1569 3662 1627 hostibus

2052 1677 2236 1725 essent
2279 1667 2522 1740 benigni,
2562 1666 2705 1722 hanc
2752 1663 2976 1721 adducit
3023 1662 3491 1732 adhortationem,
3540 1676 3664 1717 eru-

2052 1758 2210 1816 diens
2236 1767 2293 1815 et
2322 1759 2628 1833 instituens
2666 1771 2896 1812 omnem
2926 1755 3193 1821 animam,
3242 1752 3356 1807 sive
3403 1750 3663 1808 sacerdos

2052 1849 2328 1921 quispiam
2356 1847 2541 1917 fuerit,
2576 1846 2657 1903 vel
2702 1843 3026 1912 monachus,
3080 1843 3162 1899 vel
3189 1841 3490 1913 apostolus,
3510 1839 3661 1896 sub-

2053 1938 2147 2011 jici
2202 1936 2612 2011 principatibus.
2664 1936 2777 1992 Ista
2806 1934 2961 1991 enim
2989 1931 3260 2005 subjectio
3297 1946 3409 1987 non
3441 1928 3663 1985 invertit

2056 2029 2335 2101 pietatem.
2355 2027 2635 2084 Admonet
2648 2035 2835 2083 autem
2855 2025 2963 2080 hoc
2978 2022 3304 2095 Apostolus,
3321 2029 3383 2077 ut
3409 2019 3667 2077 ostendat

2060 2118 2417 2192 Evangeiium
2440 2133 2555 2173 non
2580 2115 2779 2172 docere
2805 2114 3172 2171 defectionem
3198 2122 3293 2169 aut
3339 2110 3662 2167 inobedieu-

2055 2214 2192 2267 tiam
2244 2224 2373 2282 erga
2425 2207 2829 2282 magistratum,
2858 2204 2959 2263 sed
2998 2202 3440 2261 moderationem
3479 2199 3667 2273 potius

2065 2309 2121 2357 et
2144 2297 2534 2356 obedientiam.

2134 2408 2163 2442 ιι
2190 2391 2317 2444 Non
2352 2387 2498 2443 enim
2525 2395 2611 2443 est
2637 2394 2882 2459 potestas
2925 2384 3029 2441 nisi
3056 2400 3089 2440 a
3129 2386 3248 2439 Deo
3279 2400 3293 2438 :
3321 2397 3444 2455 quae
3475 2387 3663 2437 autem

2060 2488 2191 2535 sunt
2217 2486 2539 2552 potestates,
2568 2494 2599 2533 a
2650 2481 2772 2534 Deo
2802 2475 3077 2533 ordinate
3106 2483 3255 2531 sunt.
3286 2494 3313 2528 ››
3369 2471 3515 2543 Quid
3543 2472 3665 2527 ais?

2059 2571 2325 2628 Omnisne
2366 2570 2621 2642 princeps
2664 2568 2747 2624 vel
2794 2567 3150 2641 magistratus
3202 2579 3233 2620 a
3284 2565 3405 2620 Deo
3459 2562 3665 2618 electus

2059 2660 2183 2717 est?
2230 2662 2357 2716 Non
2403 2657 2510 2715 hoc
2564 2658 2708 2727 dico,
2757 2657 2954 2729 inquit,
2984 2670 3166 2727 neque
3196 2653 3264 2710 de
3315 2651 3579 2708 omnibus
3609 2659 3667 2706 et

2058 2749 2286 2823 singulis
2337 2747 2670 2821 principibus
2721 2747 2802 2803 vel
2852 2744 3261 2817 magistratibus
3307 2740 3443 2797 mihi
3480 2755 3664 2796 sermo

2060 2856 2206 2897 nunc
2232 2848 2338 2909 est,
2378 2837 2474 2896 sed
2499 2839 2566 2893 de
2612 2853 2672 2893 re
2700 2837 2833 2908 ipsa.
2878 2838 3021 2892 Nam
3051 2834 3386 2906 principatus
3430 2846 3571 2896 esse,
3612 2837 3668 2885 et

2060 2932 2195 2988 alios
2220 2928 2442 3003 quidem
2482 2928 2804 3000 magistratu
2832 2924 3006 2998 fungi,
3033 2923 3168 2981 alios
3207 2938 3332 2978 vero
3373 2920 3667 2993 magistra-

2061 3018 2207 3075 tibus
2263 3016 2447 3086 subdi,
2511 3031 2693 3090 neque
2762 3030 2983 3072 sursum
3036 3022 3093 3070 et
3146 3012 3407 3069 deorsum
3476 3009 3667 3067 omnia

2061 3108 2303 3177 misceri,
2356 3106 2459 3164 Dei
2508 3105 2792 3179 sapientiae
2838 3105 2968 3161 dico
2997 3119 3136 3177 opus
3176 3117 3315 3160 esse.
3354 3104 3479 3159 Non
3521 3100 3667 3157 enim

2053 3197 2210 3268 dixit,
2248 3214 2366 3255 non
2394 3213 2518 3255 esse
2547 3197 2877 3270 principem,
2908 3194 3008 3252 sed
3054 3214 3082 3248 ιι
3110 3196 3237 3251 Non
3274 3208 3393 3249 esse
3423 3199 3664 3264 potesta-

346 3300 584 3355 γματος,
639 3280 734 3347 τῆς
792 3278 998 3356 ἀρχῆς,
1028 3273 1201 3356 φημὶ,
1242 3273 1563 3353 διαλέγεται.
1592 3274 1807 3355 ’Ὠσπερ
1853 3274 1946 3334 καί

2061 3296 2189 3356 tem,
2219 3287 2321 3344 nisi
2350 3304 2380 3344 a
2423 3292 2560 3345 Deo.
2594 3307 2623 3341 »
2655 3288 2860 3359 Quare,
2896 3284 2964 3343 de
2997 3300 3056 3341 re
3077 3284 3211 3356 ipsa,
3244 3282 3313 3340 de
3346 3282 3464 3354 ipso
3494 3280 3668 3353 magi-

344 3348 424 3435 τίς
456 3348 614 3449 σοφὸς
645 3365 771 3424 ὅταν
802 3348 933 3445 λέγῃ
959 3348 987 3403 ον
1007 3348 1052 3421 ιι-
1075 3348 1234 3444 Παρὰ
1267 3348 1466 3445 Κυρίου
1497 3348 1792 3446 ἁρμόζεται
1810 3364 1942 3446 γυνὴ

2061 3348 2282 3445 stratus,
2335 3376 2587 3450 inquam,
2652 3348 3120 3432 o‘fﬁcioldisserit:
3182 3348 3667 3442 Quemadmodum

352 3457 519 3536 ἀνδρί·
545 3484 570 3509 ι
603 3459 661 3515 οὐ
686 3459 841 3515 τοῦτο
879 3454 1059 3533 λέγει,
1087 3453 1169 3515 ὅτι
1201 3452 1423 3514 ἕκαστον
1462 3453 1707 3513 συνιόντα
1740 3453 1949 3535 γυναικὶ

350 3546 503 3615 αὐτὸς
533 3545 792 3606 συνάπτει
823 3568 837 3581 ’
869 3546 990 3603 ἀλλ’
1031 3543 1113 3602 ὅτι
1144 3544 1234 3604 τὸν
1267 3543 1441 3623 γάμον
1485 3544 1735 3617 ἐποίησεν
1766 3544 1944 3613 αὐτός.

353 3638 535 3697 Πᾶσαι
564 3625 655 3696 οὐν
698 3637 752 3694 αἱ
785 3633 1015 3703 ἐξουσίαι
1066 3634 1170 3694 ὑπὸ
1198 3635 1358 3709 Θεοῦι
1385 3634 1598 3701 δικαίως
1631 3633 1951 3713 τεταγμέναι

348 3727 481 3785 εἰσὶν
493 3773 512 3802 ,
548 3726 664 3785 οἵαν
695 3724 760 3784 ἂν
798 3724 1101 3805 σκοπήσῃς,
1157 3724 1256 3783 κᾶν
1304 3722 1402 3796 τὴν
1450 3729 1542 3784 τοῦ
1593 3726 1786 3805 πατρὸς
1820 3725 1951 3805 πρὸς

350 3817 463 3875 υἱὸν
490 3862 507 3893 ,
556 3814 654 3875 κᾶν
706 3814 804 3888 τὴν
857 3819 948 3874 τοῦ
1005 3814 1190 3895 ἀνδρὸς
1242 3813 1373 3895 πρὸς
1410 3821 1664 3893 γυναῖκα,
1714 3813 1812 3873 κᾶν
1858 3813 1951 3882 τὰς

355 3903 522 3973 ἄλλας
564 3904 734 3972 πάσας
766 3929 778 3942 ·
810 3903 903 3965 καὶ
936 3903 1029 3972 τὰς
1073 3905 1126 3962 ἐν
1150 3913 1258 3972 τοῖς
1288 3902 1437 3973 ζώοις
1467 3905 1523 3963 δὲ
1539 3950 1560 3977 ,
1595 3907 1665 3973 ὣς
1705 3907 1809 3963 τῶν
1843 3929 1952 3982 με-

354 3999 588 4075 λισσῶν,
621 4000 689 4063 ὣς
723 3998 829 4054 τῶν
866 3995 1133 4076 γεράνων,
1159 3998 1230 4063 ὥς
1250 3996 1354 4054 τῶν
1386 3991 1605 4075 ἰχθύων.

431 4203 456 4229 ι
485 4175 659 4239 Ὥστε
691 4179 720 4235 δ
745 4173 1189 4253 ἀντιτασσόμενος
1319 4174 1529 4258 ἐξουσίᾳ
1675 4178 1769 4235 τοῦ
1807 4178 1951 4238 Θεοῦ

352 4267 579 4349 διαταγῇ
643 4266 990 4340 ἀνθέστηκεν.
1059 4267 1131 4326 Οἱ
1200 4266 1255 4327 δὲ
1308 4266 1684 4339 ἀνθεστηκότες
1747 4268 1951 4333 ἑαυτοῖς

352 4358 520 4437 κρῖμα
562 4356 845 4438 λήψονται.
877 4378 906 4413 ι)
939 4355 1061 4417 Ἵνα
1095 4354 1171 4434 μὴ
1222 4356 1389 4437 ἔχωσι
1435 4355 1610 4436 λέγειν
1649 4356 1696 4414 οἱ
1741 4354 1953 4430 πιστοὶ,

352 4444 434 4506 ὅτι
462 4446 840 4516 Ἐξευτελίζεις
871 4449 1049 4522 ἡμᾶς,
1093 4444 1214 4512 τοὺς
1259 4449 1351 4517 τῆς
1395 4448 1501 4504 τῶν
1530 4446 1767 4525 οὐρανῶν
1799 4449 1953 4524 βασι-

351 4535 495 4603 λείας
559 4536 849 4596 ἀπολαύειν
909 4536 1226 4615 μέλλοντας,
1285 4534 1536 4616 ἄρχουσιν
1590 4535 1898 4594 ὑποτάττων
1936 4556 1947 4570 ’

354 4626 644 4705 δείκνυσιν,
691 4626 774 4686 ὅτι
802 4629 879 4709 τῷ
925 4627 1052 4706 Θεῷ
1104 4624 1491 4699 ὓποτάττεται,
1523 4628 1552 4684 ὁ
1596 4631 1714 4692 ταῖς
1758 4626 1950 4704 ἀρχαῖς

354 4718 780 4795 ὒποτασσόμενος
807 4737 820 4751 ·
866 4717 1068 4794 μᾶλλον
1119 4715 1174 4775 δὲ
1222 4713 1282 4774 τὸ
1316 4714 1679 4795 φοϐερώτερον
1712 4712 1765 4752 ³⁸
1803 4713 1950 4787 τίθη-

352 4828 436 4864 σιν
460 4851 475 4878 ,
504 4806 582 4865 ὅτι
635 4809 663 4865 6
712 4806 788 4883 μὴ
833 4804 1053 4873 ταύταις
1090 4804 1396 4883 πειθόμενος
1453 4802 1844 4864 ἀντιτάσσεται
1876 4806 1952 4884 τῷ

352 4898 514 4976 Θεῷ,
544 4900 621 4977 τῷ
662 4895 756 4964 τὰς
805 4894 972 4976 ἀρχὰς
1013 4892 1233 4963 τάξαντι
1259 4919 1271 4933 ·
1306 4898 1335 4953 ὁ
1380 4893 1434 4953 δὲ
1473 4891 1808 4965 ἀνθεστηκὼς
1861 4893 1954 4953 καὶ

355 4986 503 5065 παρὰ
540 4993 628 5046 τοῦ
661 4987 804 5047 Θεοῦ
834 4984 1271 5068 τιμωρηθήσεται
1311 4984 1405 5043 καὶ
1451 4984 1598 5064 παρὰ
1634 4982 1948 5063 ἀνθρώπων.

351 5077 527 5136 Τοῦτο
570 5077 674 5157 γὰρ
716 5079 1005 5136 αἰνίττεται
1048 5074 1211 5134 εἰπών
1247 5099 1259 5113 ·
1305 5097 1334 5133 ιι
1358 5072 1607 5142 Ἐαυτοῖς
1654 5078 1823 5155 κρῖμα
1854 5075 1955 5147 λή-

351 5169 541 5246 ψονται
568 5169 617 5226 οἱ
651 5166 1051 5241 ἀνθεστηκότες.
1092 5195 1114 5217 ιι

445 5371 475 5408 ε
505 5350 577 5411 Οἱ
615 5347 719 5429 γὰρ
756 5348 1007 5431 ἄρχοντες
1043 5348 1137 5408 οὐκ
1166 5346 1268 5407 εἰσὶ
1298 5344 1459 5429 φόϐος
1489 5347 1594 5405 τῶν
1620 5347 1834 5426 ἀγαθῶν
1865 5344 1954 5427 ἔρ-

354 5461 494 5517 γων,
525 5437 667 5500 ἀλλὰ
696 5442 800 5499 τῶν
830 5442 1035 5501 κακῶν.
1087 5436 1281 5505 Θέλεις
1328 5437 1384 5497 δὲ
1429 5435 1506 5509 μὴ
1546 5435 1824 5517 φοϐεῖσθαι
1855 5435 1951 5510 τὴν

354 5525 627 5602 ἐξουσίανς
656 5528 717 5589 τὸ
750 5528 948 5607 ἀγαθὸν
983 5527 1186 5602 ποίει,
1213 5526 1305 5588 καὶ
1345 5526 1475 5596 ἕξεις
1505 5525 1721 5587 ἔπαινον
1753 5525 1806 5596 ἐξ
1850 5528 1951 5585 αὐ-

434 5650 463 5676 “
479 5642 644 5700 Prov.
670 5655 805 5710 nx,
836 5646 923 5698 ιε.

1982 4598 2030 4660 D

2056 3483 2183 3524 cum
2220 3466 2528 3540 sapientum
2576 3465 2772 3537 aliquis
2823 3463 2973 3520 dicat
3015 3482 3029 3520 :
3090 3481 3120 3515 ιι
3158 3466 3207 3517 Α
3245 3461 3486 3518 Domino
3528 3474 3669 3514 uxor

2057 3565 2276 3629 aptatur
2311 3556 2424 3613 viro
2471 3574 2485 3612 :
2522 3576 2549 3608 ι)
2578 3572 2694 3612 non
2721 3553 2829 3610 hoc
2854 3552 3020 3622 dicit,
3047 3551 3197 3626 quod
3216 3550 3519 3624 quemlibet
3536 3564 3665 3606 cum

2057 3647 2285 3704 muliere
2327 3647 2749 3703 convenientem
2808 3647 2963 3701 Deus
3000 3642 3246 3714 copulet,
3293 3656 3486 3698 verum
3516 3638 3667 3712 quod

2056 3737 2172 3809 ipse
2220 3735 2438 3809 nuptias
2480 3735 2608 3791 fecit
2636 3744 2692 3791 et
2743 3732 3004 3790 instituit.
3054 3735 3264 3790 Omnes
3302 3731 3485 3803 itaque
3520 3737 3671 3801 pote-

2056 3835 2250 3897 states,
2286 3826 2729 3898 qualemcunque
2757 3823 2983 3896 cogites,
3015 3822 3118 3878 rite
3158 3837 3189 3877 a
3232 3822 3349 3877 Deo
3397 3818 3669 3876 ordinatae

2056 3925 2211 3985 sunt,
2250 3916 2366 3973 sive
2395 3914 2566 3988 patris
2587 3916 2645 3970 in
2667 3914 2866 3983 ﬁlium,
2901 3913 3017 3970 sive
3049 3910 3233 3967 mariti
3258 3911 3317 3965 iu
3345 3908 3662 3981 conjugem,

2058 4008 2173 4064 sive
2198 4022 2397 4064 omnes
2428 4005 2582 4074 alias,
2629 4005 2745 4061 imo
2773 4018 2896 4077 quae
2924 4003 3006 4060 vel
3036 4002 3091 4057 in
3124 4001 3259 4074 ipsis
3292 4005 3423 4057 sunt
3452 3998 3667 4055 anima-

2059 4096 2228 4166 libus,
2252 4094 2450 4168 apibus
2477 4095 2765 4161 nimirum,
2806 4092 3035 4167 gruibus
3061 4100 3117 4148 et
3154 4090 3416 4163 piscibus.

2130 4188 2311 4244 Vens.
2338 4192 2394 4245 2.
2445 4205 2471 4240 ιι
2517 4189 2711 4259 Itaque
2740 4184 2833 4257 qui
2871 4182 3083 4240 resistit
3122 4180 3397 4254 potestati,
3437 4178 3539 4235 Dei
3582 4194 3673 4235 or-

2058 4274 2331 4334 dinationi
2376 4276 2601 4333 resistit.
2634 4275 2978 4332 Resistentes
3005 4282 3192 4329 autem
3235 4269 3476 4343 sibiipsis
3515 4267 3673 4342 judi-

2059 4368 2209 4425 cium
2249 4367 2538 4440 accipient.
2594 4386 2621 4420 ιν
2686 4368 2771 4423 Ne
2818 4364 3008 4422 ﬁdeles
3051 4362 3236 4420 dicere
3276 4360 3388 4433 95
3419 4366 3668 4433 queant:

2059 4458 2209 4514 Viles
2234 4457 2392 4530 plane
2420 4473 2523 4513 nos
2561 4454 2767 4524 reddis,
2797 4454 2890 4527 qui
2920 4462 3113 4511 tamen
3139 4451 3406 4510 caelorum
3436 4464 3673 4522 regnum

2063 4547 2312 4619 adepturi
2358 4562 2575 4614 sumus,
2622 4544 2960 4619 principibus
3000 4552 3059 4600 et
3101 4540 3517 4615 magistratibus
3573 4553 3676 4595 nos

2062 4637 2397 4710 subjiciens;
2442 4645 2720 4694 monstrat
2760 4635 2909 4709 quod
2958 4637 3080 4691 Deo
3126 4630 3470 4704 subjiciatur,
3518 4629 3676 4701 quis-

2061 4726 2183 4799 quis
2215 4726 2566 4801 magistratui
2592 4725 2887 4799 subjicitur
2919 4742 2934 4781 :
2984 4722 3068 4779 vel
3098 4721 3303 4795 potius,
3330 4718 3482 4793 quod
3514 4719 3675 4775 terri-

2063 4815 2225 4871 bilius
2276 4822 2385 4883 est,
2430 4812 2636 4883 subdit,
2688 4828 2910 4885 nempe,
2965 4810 3114 4885 quod
3168 4810 3257 4867 ille
3312 4808 3407 4881 qui
3446 4808 3533 4865 bis
3559 4822 3675 4864 non

2062 4902 2228 4961 fuerit
2287 4903 2602 4972 obsecutus,
2660 4906 2781 4961 Deo
2830 4902 3059 4972 resistit,
3123 4900 3217 4975 qui
3276 4906 3577 4974 potestates
3623 4905 3679 4954 et

2063 4994 2415 5067 magistratus
2471 4992 2771 5051 ordinavit.
2826 4992 2932 5063 Qui
2983 4999 3178 5049 autem
3221 4998 3512 5063 repugnat,
3541 4995 3597 5044 et
3639 5002 3671 5043 a

2064 5087 2184 5140 Deo
2231 5084 2504 5156 punietur,
2553 5090 2609 5140 et
2641 5083 2709 5140 ab
2755 5082 3070 5139 hominibus
3106 5099 3122 5137 :
3160 5081 3266 5138 hoc
3292 5081 3447 5137 enim
3482 5077 3673 5136 subin—

2064 5174 2205 5245 nuit,
2236 5189 2369 5231 cum
2395 5172 2556 5245 dixit,
2592 5191 2622 5227 ιι
2645 5172 2889 5246 Sibiipsis
2918 5171 3196 5246 judicium
3236 5169 3513 5243 accipient
3545 5167 3673 5226 resi-

2062 5273 2293 5323 stentes.
2320 5285 2348 5320 »

2132 5357 2316 5414 Vnus.
2359 5360 2413 5412 3.
2447 5378 2474 5406 ι
2500 5354 2781 5426 Principes
2805 5351 2957 5409 enim
2984 5367 3099 5408 non
3122 5358 3254 5408 sunt
3277 5358 3455 5407 terror
3490 5349 3673 5406 bono-

2061 5459 2192 5501 rum
2214 5459 2470 5517 operum,
2512 5443 2610 5501 sed
2634 5443 2934 5500 malorum.
2965 5439 3060 5498 Vis
3086 5447 3274 5496 autem
3318 5453 3432 5495 non
3473 5437 3671 5494 timere

2061 5542 2392 5607 potestatem
2414 5535 2443 5591 Ἰ
2491 5538 2710 5593 Bonum
2745 5531 2856 5602 fac,
2903 5538 2959 5589 et
3011 5528 3239 5588 habebis
3313 5528 3540 5587 laudem
3601 5526 3672 5586 ab

1750 5719 1940 5781 Varie
1982 5720 2293 5782 lectiones.

428 5799 472 5837 ³⁷
494 5803 724 5877 φέρεσθαι
752 5817 808 5859 0.
882 5800 929 5836 ⁸³
955 5803 1297 5876 φανερώτερον
1323 5818 1378 5860 0.
