4090 6452
413 454 516 512 515

1399 445 1920 508 THEOPHYLACTI
1962 443 2322 506 BULGARLE
2359 441 2672 504 ARCHIEP.

3614 447 3724 504 516

411 597 551 654 ipsa.
580 600 610 634 ν
658 579 803 654 Quid
835 579 1038 636 metuis
1077 587 1175 635 aut
1225 578 1456 634 horres?
1506 579 1630 634 Non
1686 579 1835 634 enim
1893 593 2018 633 cum

2136 581 2243 648 τῆς.
2279 598 2309 633 ι)
2345 574 2417 636 Τί
2441 574 2679 642 δέδοικας
2711 571 2803 633 καὶ
2829 573 3098 652 φρίττεις;
3135 571 3232 645 Μὴ
3263 571 3365 653 γὰρ
3391 574 3611 655 ἐπιτιμᾷ
3639 596 3725 635 σοι

409 673 552 729 bene
575 670 761 736 facias,
794 671 1148 744 magistratus
1194 678 1250 726 te
1278 670 1561 741 increpat:
1613 685 1728 725 non
1757 667 2012 724 terribilis

2136 669 2298 733 ιαλῶς
2345 663 2671 746 πράττοντι,
2723 663 2798 742 μὴ
2833 665 2936 744 γὰρ
2968 661 3190 744 φοϐερός
3234 663 3318 722 σοί
3361 664 3501 722 ἐστιν
3532 667 3728 743 ἀρετῆς

409 770 493 818 est
535 761 638 817 tibi
686 762 868 817 virtuti
910 776 1137 832 operam
1186 762 1454 816 navanti:
1513 760 1649 833 quin
1689 761 1871 832 potius
1898 759 2013 815 lau-

408 851 567 908 dator
607 860 736 907 tuus
763 851 936 920 sedet,
973 851 1019 908 si
1067 849 1256 906 feceris
1281 850 1433 924 quod
1479 850 1688 906 bonum
1719 859 1818 907 est.
1865 851 2014 906 Tan-

411 949 534 998 tum
584 940 734 998 enim
757 941 912 998 abest
954 949 1016 998 ut
1042 949 1317 998 terrorem
1345 940 1446 998 tibi
1477 941 1724 1008 incutiat,
1755 948 1818 997 ut
1844 939 2012 997 etiam

414 1039 470 1087 te
489 1031 691 1088 laudet.

489 1124 670 1178 Vens.
708 1128 771 1179 4.
815 1139 843 1174 «
875 1120 980 1177 Dei
1008 1136 1249 1194 namque
1297 1119 1555 1177 minister
1593 1128 1676 1177 est
1703 1120 1801 1178 tibi
1830 1120 1886 1177 in
1915 1120 2016 1177 bo-

414 1226 571 1268 num.
611 1230 642 1265 ι)
694 1211 1004 1279 Voluntati,
1051 1210 1249 1283 inquit,
1301 1210 1398 1266 Dei
1440 1219 1768 1282 cooperatur
1811 1227 1826 1266 :
1868 1210 2016 1267 verbi

414 1301 609 1374 gratia,
635 1300 873 1358 consulit
899 1301 999 1357 tibi
1022 1304 1174 1358 Deus
1215 1316 1313 1374 per
1341 1302 1728 1375 Evangelium,
1781 1309 1842 1358 ut
1869 1310 2016 1357 tem-

415 1393 676 1464 perantiae
699 1391 927 1449 studeas
958 1410 972 1448 :
1001 1392 1076 1448 ita
1106 1392 1354 1466 princeps
1385 1409 1482 1465 per
1509 1393 1655 1466 leges
1675 1409 1800 1449 suas
1824 1393 2016 1449 eadem

411 1483 585 1555 jubet.
629 1481 968 1539 Adhortatur
1004 1485 1153 1538 Deus
1189 1498 1258 1538 ne
1309 1498 1650 1555 quemquam
1702 1481 2018 1550 defraudes,

415 1590 486 1630 ne
524 1573 765 1631 avaritiae
816 1572 1014 1643 inhies,
1053 1587 1228 1644 neque
1269 1572 1453 1644 rapias
1480 1573 1653 1629 aliena
1683 1591 1696 1629 :
1728 1575 2018 1646 magistra-

415 1672 507 1720 tus
543 1664 715 1720 etiam
741 1679 907 1736 super
953 1661 1102 1718 hisce
1119 1661 1354 1735 judicat,
1386 1663 1634 1735 adeoque
1663 1663 1766 1718 fert
1796 1672 2021 1720 senten-

413 1755 568 1811 tiam.
617 1753 859 1826 Adjutor
902 1754 1088 1826 itaque
1136 1753 1300 1810 nobis
1340 1761 1423 1809 est
1461 1753 1530 1810 ad
1577 1753 1721 1811 bona
1751 1769 1937 1828 opera,
1969 1755 2016 1812 si

417 1844 582 1900 modo
628 1845 726 1916 ipsi
767 1852 1010 1900 mentem
1057 1842 1428 1900 advertamus.

485 1952 515 1987 α
542 1934 640 1990 Sin
666 1934 878 1989 malum
903 1933 1118 2002 feceris,
1149 1935 1286 1990 time
1314 1952 1327 1989 :
1361 1950 1474 1990 non
1512 1933 1662 1990 enim
1701 1935 1824 1991 sine
1853 1951 2017 1992 causa

416 2021 665 2095 gladium
681 2029 884 2093 portat.
915 2044 942 2069 ν
973 2019 1215 2078 Proinde
1235 2021 1487 2094 princeps
1511 2037 1627 2078 non
1651 2021 1787 2078 facit
1806 2030 2022 2078 metum

416 2112 470 2167 in
524 2111 704 2180 nobis,
757 2125 949 2166 verum
1007 2119 1198 2166 nostra
1257 2110 1518 2182 nequitia,
1573 2118 1797 2182 propter
1857 2127 2023 2184 quam

417 2211 675 2276 operatur
726 2200 993 2273 principis
1020 2198 1255 2273 gladius,
1297 2202 1402 2256 hoc
1458 2210 1539 2256 est
1579 2201 1874 2258 coercendi
1920 2217 2027 2274 po-

415 2299 607 2349 testas.
632 2290 994 2363 Magistratus
1011 2290 1158 2347 enim
1177 2307 1292 2348 non
1324 2290 1529 2349 frustra
1555 2291 1737 2365 gladio
1767 2291 2024 2365 cingitur,

414 2381 511 2438 sed
547 2390 607 2438 ut
633 2382 928 2438 sceleratos
968 2381 1181 2453 puniat.

489 2491 518 2524 ι(
559 2472 661 2527 Dei
699 2471 848 2527 enim
893 2470 1145 2528 minister
1186 2477 1289 2540 est,
1342 2471 1541 2528 vindex
1578 2473 1636 2528 in
1684 2473 1824 2528 iram
1853 2473 1902 2529 ei
1933 2468 2025 2546 qui

417 2561 559 2617 male
587 2561 720 2634 agit.
747 2581 774 2612 »
802 2563 877 2616 Et
904 2561 1123 2634 quando
1148 2561 1409 2618 virtutem
1449 2561 1658 2630 laudat,
1685 2561 2023 2619 voluntatem

418 2652 514 2706 Dei
543 2650 779 2723 implet:
832 2659 887 2706 et
932 2650 1152 2725 quando
1203 2650 1381 2723 gladio
1428 2649 1574 2720 ferit,
1627 2651 1726 2708 Dei
1774 2653 2027 2708 minister

418 2749 520 2810 est,
569 2740 851 2796 vindicans
879 2740 1141 2797 virtutem
1186 2749 1242 2797 et
1271 2740 1461 2796 vitium
1500 2742 1749 2814 abigens.
1772 2742 2028 2815 Plerique

415 2830 564 2886 enim
593 2845 709 2885 non
737 2837 856 2885 tam
887 2838 1108 2901 propter
1135 2838 1352 2886 metum
1374 2831 1499 2896 Dei,
1529 2845 1695 2901 quam
1723 2830 1795 2886 ob
1817 2832 2028 2902 princi-

417 2935 549 2992 pum
611 2919 972 2975 formidinem
1036 2920 1246 2976 bonum
1293 2918 1604 2991 perficiunt.
1661 2921 1842 2988 Quare
1900 2935 2026 2976 cum

418 3009 618 3066 vindex
668 3010 740 3066 sit
768 3008 1002 3077 virtutis,
1033 3008 1302 3082 supplicio
1344 3007 1591 3065 afﬁciens
1634 3008 1846 3065 malum
1892 3025 2028 3082 ope-

416 3109 655 3168 rantem,
684 3102 786 3158 Dei
812 3101 1070 3159 minister
1116 3108 1221 3158 est.

455 3323 458 3326 ~
491 3285 674 3339 Vens.
719 3286 774 3336 5.
828 3300 856 3334 α
905 3281 1038 3338 Ideo
1069 3283 1442 3338 necessarium
1491 3290 1576 3338 est
1603 3280 1858 3337 subditos
1887 3296 2026 3352 esse,

415 3387 529 3426 non
559 3371 741 3427 solum
778 3378 1003 3442 propter
1049 3370 1212 3437 iram,
1252 3370 1352 3426 sed
1400 3379 1454 3426 et
1483 3377 1708 3442 propter
1741 3370 2028 3428 conscien-

417 3461 577 3517 tiam.
610 3484 636 3510 ι)
675 3463 980 3517 Necessum
1009 3469 1112 3528 est,
1147 3460 1346 3531 inquit,
1379 3460 1559 3528 subdi,
1604 3475 1716 3516 non
1744 3460 1927 3516 solum
1969 3468 2032 3518 ut

417 3566 528 3606 non
564 3549 865 3622 experieris
915 3550 1057 3606 iram
1111 3549 1211 3605 Dei
1259 3559 1316 3606 et
1346 3550 1727 3622 magistratus,
1765 3557 2029 3621 tanquam

415 3640 830 3712 immorigerus,
877 3638 1414 3712 intolerabiliterque
1461 3639 1758 3709 crucieris;
1811 3655 2030 3696 verum-

417 3729 583 3786 etiam
639 3737 702 3785 ut
742 3745 857 3787 non
908 3728 1144 3786 videaris
1171 3728 1528 3786 conscientiae
1575 3745 1790 3802 expers,
1822 3737 1877 3786 et
1904 3745 2028 3802 erga

417 3819 833 3878 benefactorem
899 3820 1161 3892 ingratus.
1221 3818 1532 3875 Plurimum
1588 3819 1740 3875 enim
1798 3830 2033 3891 prosunt

418 3911 816 3984 rebuspublicis
885 3909 1243 3981 magistratus
1300 3927 1314 3964 :
1367 3924 1462 3981 per
1513 3909 1664 3981 ipsos
1713 3909 1863 3966 enim
1920 3910 2031 3966 vita

415 4010 606 4058 nostra
661 3999 929 4056 consistit.
977 3999 1084 4070 Qui
1115 3997 1223 4054 nisi
1268 4007 1472 4067 essent,
1498 4000 1616 4071 jam
1655 3999 1790 4056 olim
1843 4001 2030 4055 onmia

418 4091 729 4163 periissent,
766 4087 1168 4160 potentioribus
1197 4086 1588 4144 imbecilliores
1614 4087 2032 4170 devorantibus,

417 4179 760 4239 Conscientia
800 4178 987 4250 itaque
1036 4185 1154 4244 tua,
1184 4176 1382 4248 inquit,
1410 4177 1737 4250 persuadeat
1768 4178 1884 4250 96
1910 4177 2028 4245 tibi,

417 4279 483 4327 ut
508 4285 610 4326 suo
636 4267 847 4324 honore
885 4273 1040 4323 tanta
1086 4265 1186 4322 tibi
1231 4266 1372 4323 bona
1429 4267 1699 4325 donantes
1743 4283 2028 4340 nunquam

418 4374 534 4416 non
561 4357 819 4431 digneris.

489 4451 670 4505 Vens.
705 4454 758 4504 6.
797 4470 822 4496 ι
862 4447 994 4504 Ideo
1024 4447 1171 4503 enim
1201 4455 1256 4503 et
1297 4448 1500 4504 tributa
1530 4448 1820 4520 praestatis.
1857 4466 1888 4499 ν)
1919 4450 2026 4516 Τυ,

2124 757 2524 837 ἐπιμελουμένῳ
2558 779 2571 792 ·
2627 755 2748 813 ἀλλ’
2782 754 2871 812 ἐὰν
2921 757 3086 821 ποιεῖς
3137 752 3194 812 τὸ
3244 752 3440 830 ἀγαθὸν
3469 799 3485 827 ,
3521 755 3726 827 μᾶλλον

2127 846 2401 919 ἐπαινέτης
2438 869 2533 905 σου
2578 843 2806 917 κάθηται
2835 848 2864 903 ὁ
2910 843 3112 925 ἄρχων.
3165 845 3434 904 Τοσοῦτον
3480 843 3585 924 γὰρ
3615 847 3728 903 ἀπ-

2123 936 2236 1016 έχει
2264 939 2357 996 τοῦ
2401 933 2637 1017 φοϐῆσαί
2665 956 2753 1007 σε,
2787 931 2925 992 ὥστε
2956 932 3050 992 καὶ
3077 932 3292 993 ἐπαινεῖ
3313 955 3396 991 σε.

2215 1143 2239 1169 οι
2274 1117 2416 1176 Θεοῦ
2452 1113 2554 1195 γὰρ
2586 1112 2823 1180 διάκονός
2850 1111 2964 1172 ἐστί
3001 1134 3086 1171 σοι
3115 1115 3189 1180 εἷς
3229 1112 3289 1171 τὸ
3323 1111 3539 1195 ἀγαθόν.
3568 1139 3592 1162 υ
3629 1115 3728 1194 Τῷ

2129 1204 2429 1286 βουλήματι
2448 1192 2473 1282 ,1
2495 1192 2655 1284 φησὶ,
2685 1208 2777 1262 τοῦ
2823 1205 2964 1262 Θεοῦ
2994 1202 3330 1283 συμπράττει
3362 1225 3376 1238 ⁸
3408 1192 3516 1261 οἷον
3537 1247 3552 1276 ,
3581 1192 3725 1277 συμζ

2128 1295 2368 1355 ϐουλεύει
2399 1318 2481 1355 σοι
2511 1299 2538 1353 ὃ
2582 1295 2717 1361 Θεὸς
2763 1293 2886 1372 περὶ
2917 1292 3262 1373 σωφροσύνης
3305 1290 3391 1351 διὰ
3420 1297 3510 1350 τοῦ
3549 1294 3725 1372 Εὐαγο

2128 1384 2304 1464 γελίου
2327 1407 2340 1421 ο
2372 1385 2463 1443 καὶ
2506 1387 2534 1443 ὁ
2576 1384 2760 1464 ἄρχων
2799 1381 2866 1441 τὰ
2911 1382 3045 1442 αὐτὰ
3083 1381 3224 1462 λέγει
3249 1382 3336 1442 διὰ
3381 1386 3486 1441 τῶν
3521 1382 3722 1459 νόμων.

2131 1479 2395 1555 Παραινεῖ
2449 1480 2476 1535 ὃ
2519 1473 2657 1541 Θεὸς
2711 1472 2786 1552 μὴ
2831 1474 3195 1548 πλεονεκτεῖν,
3256 1470 3394 1546 μηδὲ
3428 1471 3724 1552 ἆρπάζειν.

2128 1565 2221 1626 καὶ
2275 1565 2468 1632 ἐκεῖνος
2524 1565 2660 1646 ὑπὲρ
2711 1561 2908 1622 τούτων
2954 1561 3188 1634 κάθηται
3243 1563 3489 1631 δικάζων.
3545 1558 3726 1622 θΩστε

2131 1654 2376 1736 συνεργός
2423 1656 2564 1713 ἐστιν
2618 1661 2746 1730 ἡμῖν
2807 1655 2884 1720 εἷς
2931 1652 3024 1721 τὰς
3072 1651 3274 1732 ἀγαθὰς
3335 1651 3584 1733 πράξεις,
3636 1651 3729 1711 ἐὰν

2129 1747 2272 1827 αὖτῷ
2313 1743 2689 1826 προσέχωμεν.

2219 1957 2246 1992 (ι
2275 1934 2406 1996 Ἐὰν
2437 1931 2492 1993 δὲ
2523 1933 2582 1991 τὸ
2616 1932 2778 1992 κακὸν
2804 1937 2989 2013 ποιῇς,
3023 1931 3191 2014 φοϐοῦ
3217 1956 3229 1970 ·
3262 1935 3320 1993 οὖ
3351 1931 3454 2011 γὰρ
3489 1933 3608 2004 εἶκῆ
3632 1933 3731 2006 τὴν

2133 2025 2402 2107 μάχαιραν
2430 2027 2650 2106 φορεῖ.»
2685 2022 2864 2083 Ὥστε
2906 2025 3002 2102 οὐχ
3036 2029 3064 2083 ὁ
3112 2022 3293 2103 ἄρχων
3337 2023 3480 2082 ποιεῖ
3515 2023 3607 2082 τὸν
3636 2024 3731 2105 φόο

2137 2115 2260 2189 ϐον,
2296 2115 2415 2173 ἀλλ’
2444 2120 2477 2188 ἡ
2511 2113 2753 2193 ἡμετέρα
2789 2113 3044 2190 πονηρία,
3080 2113 3145 2170 δι’
3193 2113 3259 2184 ἣν
3299 2112 3392 2172 καὶ
3419 2118 3454 2186 ἡ
3489 2112 3732 2194 μάχαιρα

2133 2210 2225 2264 τοῦ
2270 2204 2520 2285 ἄρχοντος
2567 2205 2802 2282 ἐνεργεῖ,
2859 2201 3160 2277 τουτέστιν,
3212 2206 3246 2274 ἡ
3297 2200 3592 2274 κολαστικὴ
3641 2203 3733 2261 δύ-

2135 2319 2291 2372 ναμις
2323 2317 2337 2332 '
2367 2295 2424 2352 οὗ
2457 2293 2560 2373 γὰρ
2609 2293 2783 2370 μάτην
2813 2291 3165 2374 περιέζωσται
3207 2291 3304 2364 τὴν
3336 2292 3547 2364 σπάθην
3579 2296 3607 2350 ὁ
3639 2293 3734 2373 ἄρ-

2133 2409 2248 2467 χων
2266 2430 2284 2463 ,
2320 2385 2439 2443 ἀλλ’
2467 2381 2556 2442 ἵνα
2587 2383 2784 2462 κολάζῃ
2813 2427 2828 2455 ,
2862 2381 3025 2464 φησὶ,
3055 2383 3175 2450 τοὺς
3205 2382 3485 2464 πονηρούς.

2217 2503 2241 2530 α
2279 2476 2420 2535 Θεοῦ
2454 2472 2556 2552 γὰρ
2595 2473 2833 2540 διάκονός
2871 2475 3008 2532 ἐστιν
3039 2474 3242 2540 ἔκδικος
3272 2474 3342 2539 εἷς
3371 2471 3535 2553 ὀργὴν
3567 2475 3645 2554 τῷ
3673 2471 3736 2530 τὸ

2137 2564 2301 2624 κακὸν
2334 2563 2642 2643 πράσσοντι.
2679 2591 2702 2614 ι)
2747 2561 2855 2623 Καὶ
2892 2559 3018 2620 ὅταν
3048 2561 3099 2597 ²⁹
3143 2561 3238 2634 τὴν
3284 2561 3479 2642 ἀρετὴν
3513 2565 3737 2642 ἐπαινῇ,

2140 2653 2196 2712 τὸ
2246 2659 2336 2713 τοῦ
2369 2657 2508 2712 Θεοῦ
2561 2654 2804 2731 βούλημα
2833 2653 3066 2732 πληροῖ·
3108 2652 3200 2710 καὶ
3232 2651 3356 2710 ὅταν
3381 2655 3447 2724 τῆ
3487 2651 3735 2732 μαχαίρᾳ

2134 2753 2371 2824 χρᾶται,
2404 2748 2495 2801 τοῦ
2530 2744 2672 2803 Θεοῦ
2709 2740 2946 2810 διάκονός
2975 2745 3116 2800 ἐστιν
3140 2787 3155 2816 ,
3207 2744 3429 2801 ἐκδικῶν
3483 2740 3579 2812 τὴν
3611 2743 3734 2822 ἀρε-

2138 2834 2263 2906 τὴν,
2295 2835 2386 2892 καὶ
2428 2831 2524 2898 τὴν
2554 2831 2748 2890 κακίαν
2781 2831 3117 2892 ἀπελαύνων.
3171 2834 3242 2894 Oi
3287 2831 3476 2891 πολλοὶ
3520 2830 3623 2911 γὰρ
3677 2835 3738 2890 οὗ

2137 2927 2384 2982 τοσοῦτον
2417 2920 2503 2981 διὰ
2535 2921 2621 2980 τὸν
2654 2920 2818 3000 φόϐον
2848 2927 2940 2981 τοῦ
2982 2922 3159 2997 Θεοῦ,
3207 2920 3326 2982 ὅσον
3368 2921 3455 2979 διὰ
3503 2922 3590 2980 τὸν
3631 2924 3737 2980 τῶν

2143 3013 2445 3091 ἀρχόντων,
2479 3011 2539 3071 τὸ
2569 3011 2731 3072 καλὸν
2765 3010 3132 3092 μετέρχονται.
3162 3007 3335 3072 Ὥστε
3370 3007 3553 3082 ἐπειδὴ
3597 3009 3738 3068 ἔκδι-

2096 3161 2108 3181 ‘
2142 3103 2231 3169 κός
2267 3105 2378 3161 ἐστι
2420 3106 2514 3174 τῆς
2565 3104 2772 3180 ἀρετῆς,
2826 3102 3062 3171 κολάζων
3110 3103 3200 3160 τὸν
3249 3101 3309 3160 τὸ
3359 3100 3521 3160 κακὸν
3569 3099 3741 3180 πράσ-

2141 3215 2299 3253 σοντα
2321 3237 2335 3264 ,
2372 3194 2519 3252 Θεοῦ
2555 3191 2795 3257 διάκονός
2826 3193 2956 3252 ἐστι.

2225 3306 2256 3337 α
2289 3281 2384 3342 Διὸ
2411 3281 2616 3360 ἀνάγκη
2648 3281 3042 3341 ὑποτάσσεσθαι
3065 3331 3078 3353 ,
3113 3283 3172 3342 οὗ
3223 3280 3380 3360 μόνον
3408 3279 3494 3340 διὰ
3523 3279 3622 3354 τὴν
3651 3282 3742 3362 ὀρ-

2139 3371 2236 3449 γὴν
2259 3417 2273 3444 ,
2306 3371 2442 3431 ἀλλὰ
2465 3372 2557 3431 καὶ
2587 3371 2674 3431 διὰ
2702 3371 2797 3445 τὴν
2830 3373 3148 3445 συνείδησιν.
3176 3393 3206 3430 ι)
3247 3372 3479 3450 Ἀνάγκη
3501 3419 3517 3450 ,
3553 3371 3735 3453 φησὶν,

2141 3461 2559 3539 ὑποτάσσεσθαι,
2592 3463 2650 3520 οὔ
2683 3461 2838 3539 μόνον
2889 3460 2977 3521 ἵνα
3027 3461 3103 3540 μὴ
3137 3466 3429 3542 πειρασθῇς
3458 3466 3550 3535 τῆς
3581 3464 3744 3540 ὀργῆς

2142 3551 2234 3610 καὶ
2262 3556 2357 3611 τοῦ
2385 3553 2528 3611 Θεοῦ
2559 3551 2650 3612 καὶ
2697 3558 2786 3611 τοῦ
2818 3551 3102 3632 ἄρχοντος,
3135 3554 3204 3615 ὣς
3245 3554 3496 3626 ἀπειθὴς,
3524 3550 3617 3610 καὶ
3648 3573 3740 3609 κο·

2140 3644 2338 3723 λασθῇς
2369 3641 2640 3723 ἀφόρητα,
2671 3641 2812 3700 ἀλλὰ
2841 3640 2932 3699 καὶ
2978 3640 3065 3699 ἵνα
3097 3641 3173 3720 μὴ
3207 3641 3356 3723 δόξῃς
3401 3641 3742 3712 ἀσυνείδητος

2141 3720 2294 3789 εἶναι
2321 3720 2708 3810 καὶ-ἀγνώμων
2738 3732 2859 3810 περὶ
2903 3731 2991 3790 τὸν
3023 3720 3318 3811 εὐεργέτην.
3391 3733 3739 3812 Εὖεργετοῦσι

2140 3818 2242 3900 γὰρ
2272 3823 2319 3879 οἳ
2353 3823 2605 3901 ἄρχοντες
2647 3822 2894 3898 μεγάλως
2932 3819 3026 3888 τὰς
3057 3821 3237 3888 πόλεις
3268 3843 3280 3857 ’
3308 3820 3396 3903 διᾷ
3427 3821 3532 3903 γὰρ
3565 3821 3742 3879 αὐτῶν

2140 3913 2168 3969 ὁ
2214 3909 2324 3988 βίος
2352 3914 2509 3988 ἡμῶν
2538 3909 2848 3970 συνίσταται
2876 3929 2887 3942 ·
2923 3909 3014 3967 καὶ
3067 3907 3116 3969 εί
3143 3933 3201 3988 γε
3240 3908 3315 3988 μὴ
3357 3902 3526 3986 ἦσαν,
3563 3910 3743 3968 πάντα

2143 3997 2206 4056 ἂν
2235 3998 2438 4079 ᾤχετο,
2474 4003 2577 4058 τῶν
2624 3997 2994 4078 δυνατωτέρων
3025 3997 3144 4064 τοὺς
3198 3999 3602 4080 ἀσθενεστέρους
3643 4023 3746 4058 κα-

2140 4088 2490 4150 ταπινόντων.
2528 4087 2600 4149 Η²
2631 4087 2930 4160 συνείδησίς
2959 4111 3052 4147 σου
3077 4089 3250 4147 τοίνυν
3273 4136 3289 4167 ,
3325 4090 3477 4168 φησὶ,
3511 4088 3748 4147 πειθέτω

2141 4199 2200 4236 σε
2229 4185 2391 4259 τιμᾷν
2425 4177 2545 4246 τοὺς
2569 4177 2636 4238 τὰ
2661 4184 2882 4238 τοιαῦτα
2911 4177 3054 4237 καλὰ
3097 4177 3481 4259 χαριζομένους
3513 4201 3614 4241 σοι.

2216 4469 2238 4494 ιι
2275 4443 2380 4504 Διὰ
2412 4449 2565 4501 τοῦτο
2611 4443 2714 4524 γὰρ
2744 4444 2834 4502 καὶ
2881 4444 3067 4524 φόρους
3107 4445 3322 4502 τελεῖτε.
3352 4472 3373 4495 ν
3407 4445 3742 4525 Συμμαρτυ·

417 4538 616 4611 inquit,
645 4538 886 4606 testaris,
921 4536 1072 4609 quod
1119 4552 1149 4592 a
1180 4537 1504 4610 magistratu
1534 4537 1806 4595 beneﬁcio
1843 4535 2026 4593 afﬁce-

2145 4539 2246 4611 ρεῖς
2269 4579 2284 4606 ,
2316 4532 2466 4613 φησὶ,
2507 4532 2587 4592 ὅτι
2619 4536 2868 4614 εὐεργετῇ
2901 4533 3004 4592 ὑπὸ
3034 4538 3127 4594 τοῦ
3160 4533 3420 4613 ἄρχοντος
3441 4578 3458 4611 ,
3491 4535 3623 4592 καθὸ
3653 4556 3745 4610 μι-

413 4630 511 4698 ris,
564 4636 834 4702 quatenus
861 4626 1179 4684 mercedem
1229 4627 1278 4682 ei
1334 4627 1549 4699 pendis,
1595 4636 1658 4683 ut
1700 4627 1748 4684 ei
1776 4625 2033 4683 videlicet

416 4718 508 4792 qui
548 4718 717 4774 rebus
755 4719 865 4774 tuis
912 4716 1231 4789 prospiciat.
1280 4719 1409 4774 Non
1462 4716 1612 4773 enim
1664 4717 1722 4773 in
1767 4716 2031 4789 principio

417 4807 696 4864 tributum
747 4807 1119 4872 solvissemus,
1168 4805 1270 4863 nisi
1323 4805 1758 4879 agnovissemus,
1813 4805 2030 4862 lucrum

422 4896 586 4954 nobis
630 4913 697 4953 ex
740 4895 1056 4969 hujusmodi
1110 4895 1434 4968 praefectura
1482 4911 1797 4952 accrescere
1845 4915 1858 4950 :
1909 4912 2034 4953 cum

419 4987 628 5044 scilicet
651 5002 756 5044 nos
792 5001 926 5042 cura
968 4986 1159 5053 soluti,
1190 4986 1546 5058 magistratus
1575 4985 1898 5054 habeamus,
1947 4986 2036 5059 qui

428 5093 528 5151 pro
563 5076 726 5134 nobis
753 5075 1011 5132 excubias
1039 5083 1229 5148 agant.

498 5192 523 5218 α
576 5167 819 5224 Ministri
850 5166 1004 5222 enim
1037 5167 1139 5222 Dei
1173 5175 1324 5235 sunt,
1355 5166 1415 5223 in
1467 5165 1573 5222 hoc
1599 5165 1785 5238 ipsum
1821 5167 2038 5222 incum-

425 5260 635 5316 bentes.
676 5278 705 5312 »
753 5260 935 5328 Quare
985 5259 1101 5312 Deo
1155 5256 1326 5312 etiam
1374 5255 1553 5327 placet
1589 5265 1651 5312 ut
1679 5256 1850 5327 ipsius
1876 5256 2046 5312 mini-

422 5350 549 5404 stris
587 5348 794 5406 tributa
824 5347 1154 5420 pendamus.
1205 5346 1339 5401 Vult
1378 5345 1532 5401 enim
1576 5348 1728 5402 Deus
1757 5361 1950 5419 pacem
1979 5363 2040 5402 ac

424 5440 686 5496 virtutem
728 5439 785 5494 in
834 5436 1119 5510 republica
1152 5435 1372 5504 versari,
1398 5435 1593 5492 vitium
1620 5445 1806 5493 autem
1847 5436 2031 5510 proﬂi-

424 5529 537 5601 gari
573 5545 586 5584 :
647 5536 816 5601 atque
838 5527 894 5583 in
945 5525 1054 5582 hoc
1087 5525 1360 5599 principes
1406 5525 1724 5584 ministrant
1765 5527 2034 5584 voluntati

2144 4623 2267 4680 σθὸν
2316 4625 2459 4703 αὐτῷ
2508 4625 2676 4690 τελεῖς
2711 4646 2723 4659 ο
2773 4623 3038 4704 πρόδηλον
3085 4621 3220 4705 γὰρ,
3269 4622 3350 4682 ὅτι
3397 4625 3468 4690 ὡς
3498 4645 3745 4701 προνοου·

2145 4712 2287 4793 μένῳ
2330 4736 2444 4773 σου.
2482 4714 2599 4772 Οὐκ
2631 4712 2694 4770 ἂν
2723 4711 2827 4793 γὰρ
2882 4714 3201 4791 ἐτελέσαμεν
3243 4711 3294 4781 ἐξ
3348 4714 3548 4793 ἀρχῆς,
3591 4713 3635 4770 εἰ
3667 4712 3744 4790 μὴ

2142 4800 2377 4880 ἔγνωμεν
2432 4801 2512 4860 ὅτι
2563 4801 2904 4882 κερδαίνομεν
2956 4804 3017 4860 ἐκ
3067 4806 3160 4872 τῆς
3226 4801 3476 4873 τοιαύτης
3531 4804 3749 4860 ἐπιστα-

2149 4891 2300 4958 σίας·
2333 4891 2480 4950 αὖτοὶ
2524 4889 2620 4969 μὲν
2663 4889 2948 4972 ἄμέριμνοι
2984 4889 3164 4966 ὄντες,
3213 4890 3331 4960 τοὺς
3382 4891 3647 4973 ἄρχοντας
3691 4891 3745 4948 δὲ

2149 4979 2356 5061 ἔχοντες
2383 4979 2514 5060 ὑπὲρ
2552 4983 2709 5059 ἡμῶν
2745 4983 3158 5062 ἀγρυπνοῦντας.

2239 5187 2262 5213 α
2297 5161 2607 5242 Λειτουργοὶ
2648 5159 2752 5241 γὰρ
2786 5163 2929 5222 Θεοῦ
2959 5165 3108 5238 εἰσιν,
3146 5164 3220 5232 εἰς
3251 5161 3380 5222 αὐτὸ
3404 5167 3559 5222 τοῦτο
3579 5187 3745 5242 προσ-

2153 5255 2550 5331 καρτεροῦντες.
2586 5278 2612 5303 ν
2651 5248 2826 5311 Ὥστε
2855 5253 2944 5311 καὶ
2987 5255 3061 5333 τῷ
3103 5255 3230 5334 Θεῷ
3269 5255 3416 5313 δοκεῖ
3462 5253 3521 5312 τὸ
3561 5253 3748 5334 φόρους

2157 5341 2325 5399 τελεῖν
2355 5341 2460 5409 τοῖς
2501 5341 2664 5399 αὐτοῦ
2707 5344 3047 5422 λειτουργοῖς.
3093 5341 3257 5404 Θέλει
3287 5343 3390 5424 γὰρ
3422 5347 3449 5401 ὁ
3496 5344 3634 5410 Θεὸς
3665 5348 3746 5400 εἶ-

2141 5430 2302 5513 ρήνην
2354 5432 2795 5508 ἐμπολιτεύεσθαι
2849 5432 2942 5490 καὶ
2986 5432 3211 5512 ἀρετὴν,
3262 5432 3352 5491 καὶ
3400 5432 3592 5492 κακίαν
3636 5434 3746 5490 ἄπ-

2141 5520 2454 5581 ελαύνεσθαι
2481 5546 2494 5559 ·
2545 5521 2640 5582 καὶ
2687 5523 2759 5591 εἷς
2799 5525 2954 5582 τοῦτο
2997 5524 3045 5582 οἱ
3077 5520 3335 5605 ἄρχοντες
3379 5525 3748 5604 λειτουργοῦσι

1824 5673 2011 5734 Variae
2056 5674 2355 5738 lectiones.

496 5771 701 5830 ’θὸτιο
