4090 6414
302 406 411 460 517

1195 405 1548 465 EXPOSI'I‘IO
1589 409 1652 465 IN
1692 410 1905 466 EPIST.
1946 404 2039 470 AI)
2079 408 2244 466 ROM.
2283 439 2355 450 —
2391 410 2541 466 CAP.
2583 412 2714 467 XIII.

3522 421 3626 475 5I8

300 535 380 610 τῷ
419 529 683 609 θελήματι
732 538 824 591 τοῦ
870 534 1049 604 Θεοῦ,
1096 538 1376 602 πονοῦντες
1419 537 1550 616 ὑπὲρ
1590 542 1684 609 τῆς
1733 542 1907 609 κοινῆς

2022 540 2127 594 Dei
2156 555 2254 611 pro
2282 538 2576 596 communi
2619 548 2767 595 statu
2798 539 3143 611 laborantes,
3176 542 3342 616 inque
3383 544 3628 617 idipsum

302 621 685 689 καταστάσεως
705 667 722 698 ,
756 620 847 680 καὶ
881 626 952 689 εἷς
982 621 1110 681 αὐτὸ
1146 627 1301 684 τοῦτο
1346 631 1900 706 προσκαρτεροῦντες,

298 710 388 771 ἵνα
414 711 571 789 ἡμεῖς
622 713 674 770 ἐν
723 710 906 792 εἰρήνῃ
959 711 1049 770 καὶ
1091 713 1349 795 ἀταραξίᾳ
1397 715 1686 792 διάγωμεν.
1740 719 1806 777 Εἰ
1847 718 1902 777 δὲ

302 804 479 868 κακῶς
521 826 599 870 τις
736 805 878 882 ἀρχῇ
912 801 1201 883 κέχρηται,
1246 804 1395 863 οὐδὲν
1445 811 1604 866 τοῦτο
1649 806 1776 887 πρὸς
1806 806 1902 881 τὴν

303 892 463 951 αὐτοῦ
498 890 553 929 ³⁸³
580 896 674 950 τοῦ
703 892 1019 971 πράγματος
1040 892 1353 970 εὐκοσμίαν.

392 1009 415 1033 ι
453 981 704 1043 Ἀπόδοτε
752 971 842 1041 οὖν
890 991 1021 1041 πᾶσι
1052 982 1145 1050 τὰς
1192 984 1407 1064 ὀφειλάς
1438 1004 1450 1017 ·
1489 987 1564 1066 τῷ
1594 985 1685 1045 τὸν
1719 984 1904 1068 φόρον,

304 1072 392 1131 τὸν
418 1071 575 1153 φόρον
603 1096 617 1110 ο
646 1075 723 1154 τῷ
752 1071 813 1131 :6
843 1072 1021 1147 τέλος,
1054 1072 1112 1132 τὸ
1152 1074 1298 1142 τέλος
1327 1097 1341 1112 ο
1367 1078 1444 1157 τῷ
1471 1074 1560 1134 τὸν
1592 1075 1751 1158 φόϐον
1770 1124 1785 1149 ,
1813 1077 1904 1136 τὸν

304 1160 465 1241 φόϐον
496 1185 509 1199 ·
540 1165 617 1242 τῷ
666 1158 764 1235 τὴν
796 1161 958 1237 τιμὴν
978 1207 995 1232 ,
1045 1162 1143 1235 τὴν
1171 1163 1355 1240 τιμήν.
1394 1194 1418 1217 ιο
1465 1166 1637 1246 Χρέος
1656 1212 1673 1243 ,
1714 1167 1903 1249 φησὶν,

305 1250 419 1310 ἔστι
461 1276 543 1311 σοι
573 1252 953 1333 ἀπαραιτήτως
983 1254 1029 1287 ³⁸
1067 1254 1403 1331 ἐπικείμενον
1439 1259 1473 1327 ἡ
1503 1257 1631 1334 πρὸς
1669 1254 1787 1323 τοὺς
1815 1257 1908 1337 ἀρ-

307 1363 504 1419 κοντας
560 1342 959 1420 εὐγνωμοσύνη.
1007 1341 1223 1410 Ἀπόδος
1275 1337 1363 1405 οῦν
1414 1345 1448 1403 ἃ
1498 1347 1724 1426 ὀφείλεις
1770 1356 1905 1405 πᾶσι

304 1435 411 1498 τοῖς
459 1432 737 1513 διαφόρους
783 1431 953 1512 ἀρχὰς
983 1433 1492 1512 ἕμπεπιστευμένοις
1526 1454 1539 1469 ⁸
1574 1438 1651 1516 τῷ
1694 1435 1781 1493 τὸν
1812 1438 1906 1517 φό-

309 1546 393 1600 ρον
442 1520 896 1604 χρεωστουμίνῳ,
948 1522 1113 1602 ἤγουν
1172 1522 1270 1595 τὴν
1321 1524 1619 1602 λεγομένην
1673 1529 1909 1606 κεφαλη-

305 1613 471 1670 τιῶνα
519 1611 735 1690 ἀπόδος,
764 1610 853 1671 τὸν
889 1612 1045 1693 φόρον
1077 1637 1089 1650 ’
1116 1615 1196 1694 τῷ
1238 1612 1298 1673 τὸ
1325 1613 1471 1680 τέλος
1504 1614 1589 1685 δὲ,
1622 1614 1782 1694 ἤγουν
1809 1614 1907 1687 τὴν

306 1700 440 1780 ὑπὲρ
467 1704 560 1773 τῆς
610 1707 707 1779 γῆς
757 1700 1130 1784 συνεισφορὰν,
1176 1701 1237 1761 1'6
1282 1702 1430 1771 τέλος
1457 1728 1470 1741 ·
1520 1706 1609 1763 καὶ
1640 1705 1699 1763 οὗ
1753 1704 1909 1780 μόνον

302 1790 590 1870 χρήματα,
623 1790 758 1849 ἀλλά
803 1792 893 1851 καὶ
924 1790 1118 1874 φόϐον,
1155 1792 1455 1867 τουτέστιν,
1487 1791 1651 1869 αἰδὼ,
1702 1793 1793 1854 καὶ
1824 1797 1908 1853 εὖ-

2013 638 2431 700 perseveranter
2480 628 2896 699 incumbentes,
2967 638 3028 687 ut
3090 647 3195 687 nos
3250 633 3307 688 in
3383 650 3513 707 pace
3560 652 3624 693 ac

2012 718 2405 791 tranquillitate
2472 718 2644 775 vitam
2697 721 3091 792 transigamus.
3166 722 3260 778 Sin
3322 724 3625 797 quisquam

2008 811 2150 865 male
2185 810 2509 881 magistratu
2537 825 2637 866 suo
2674 818 2729 865 et
2778 811 2996 882 publica
3032 810 3311 868 functione
3338 814 3623 883 abutatur,

2011 898 2065 956 id
2093 898 2229 955 nihil
2254 899 2519 956 adversus
2560 900 2638 956 rei
2678 900 2854 971 ipsius
2878 901 3174 957 utilitatem
3218 900 3375 959 facit.

2083 991 2261 1046 Vens.
2312 997 2364 1045 7.
2418 1009 2447 1042 ι(
2496 989 2734 1047 Reddite
2779 1005 2912 1062 ergo
2940 991 3205 1048 omnibus
3248 991 3436 1049 debita
3477 1015 3489 1050 :
3538 994 3626 1051 cui

2010 1078 2309 1147 tributum,
2350 1079 2625 1136 tributum
2671 1099 2683 1134 :
2738 1080 2828 1136 cui
2875 1081 3126 1153 vectigal,
3177 1082 3411 1154 vectigal
3474 1103 3486 1139 :
3536 1084 3626 1140 cui

2011 1169 2275 1226 timorem
2292 1211 2307 1238 ,
2334 1170 2595 1226 timorem
2617 1191 2628 1225 :
2652 1170 2741 1225 cui
2770 1169 3074 1240 honorem,
3100 1170 3447 1228 honorem.»
3482 1174 3621 1231 Gra-

2014 1258 2191 1316 titudo
2215 1275 2344 1332 erga
2385 1259 2740 1331 magistratus
2783 1267 2865 1316 est
2912 1259 3179 1328 debitum,
3228 1261 3436 1334 inquit,
3481 1263 3626 1320 irre-

2015 1347 2345 1421 Iragabililer
2366 1348 2463 1405 tibi
2494 1349 2839 1406 incumbens.
2870 1349 3063 1406 Redde
3087 1351 3253 1422 igitur
3287 1368 3413 1424 qua:
3458 1353 3625 1410 debes

2015 1439 2082 1494 iis
2110 1440 2389 1509 omnibus,
2422 1439 2622 1512 quibus
2651 1439 2785 1495 varii
2814 1440 3171 1512 magistratus
3195 1450 3325 1497 sunt
3353 1444 3625 1499 commis-

2011 1529 2059 1584 si
2109 1546 2123 1584 :
2172 1528 2256 1585 cui
2315 1529 2585 1585 tributum
2642 1528 2895 1597 debetur,
2944 1532 3254 1602 capitumve
3304 1548 3539 1602 census,
3574 1533 3622 1589 ei

2014 1618 2285 1676 tributum
2308 1618 2377 1675 da
2406 1638 2419 1674 :
2451 1618 2538 1675 cui
2569 1619 2821 1691 vectigal,
2855 1620 2962 1675 hoc
2985 1630 3069 1676 est
3094 1637 3192 1692 pro
3223 1630 3369 1678 terra
3405 1638 3619 1690 census,

2018 1708 2266 1781 vectigal.
2292 1710 2409 1765 Nec
2432 1708 2612 1764 solum
2639 1709 2898 1781 pecunias
2943 1710 3182 1775 reddite,
3227 1711 3320 1767 sed
3361 1712 3622 1769 timorem

2017 1799 2216 1865 etiam,
2265 1798 2370 1855 hoc
2421 1806 2504 1855 est
2553 1799 2917 1855 reverentiam
2962 1816 3024 1854 ac
3100 1800 3426 1871 religionem
3461 1810 3623 1873 atque

303 1880 525 1941 λάϐειαν
548 1927 565 1956 ,
624 1880 716 1940 καὶ
760 1881 1147 1959 ἐπιτεταμένην
1203 1882 1388 1959 τιμήν.
1455 1882 1686 1965 Ἐπάγει
1742 1889 1865 1963 γοῦν
1893 1905 1907 1918 ·

2020 1888 2289 1945 eximium
2317 1887 2609 1945 honorem.
2658 1889 2840 1958 Quare
2872 1887 3077 1944 infert:
3117 1908 3145 1941 ιι
3190 1889 3288 1945 Cui
3329 1888 3621 1954 honorem,

310 1994 336 2027 ε
372 1973 468 2051 Τῷ
498 1970 594 2042 τὴν
619 1970 801 2047 τιμὴν,
834 1971 930 2046 τὴν
956 1971 1139 2049 τιμὴν.
1180 1999 1203 2024 ιι
1236 1971 1303 2032 Ὁ
1334 1972 1495 2050 φόϐος
1522 1975 1625 2052 γὰρ
1651 1974 1822 2042 διττός
1849 1998 1863 2013 ·
1886 1978 1913 2033 6

305 2060 403 2137 μὲν
424 2062 500 2133 ³³,
529 2062 585 2122 ὃν
606 2060 894 2143 φοϐοῦνται
922 2065 970 2123 οἱ
1000 2063 1302 2137 πταίοντες,
1334 2067 1393 2124 ἐκ
1417 2072 1509 2125 τοῦ
1534 2070 1763 2145 πονηροῦ
1790 2088 1915 2123 συν-

301 2150 497 2219 ειδότος
532 2178 541 2187 ·
586 2150 643 2211 ὃν
694 2152 943 2232 ἀνωτέρω
982 2152 1347 2233 ἀπηγόρευσεν
1403 2157 1431 2212 6
1474 2152 1790 2221 Ἀπόστολος
1818 2178 1830 2191 ·
1884 2157 1913 2213 6

304 2240 360 2299 δὲ
379 2286 395 2314 ,
422 2239 480 2299 ὃν
511 2242 723 2322 ἔχουσιν
751 2247 797 2301 οἳ
835 2244 1150 2321 ἀγαπῶντες
1181 2244 1313 2324 πρὸς
1340 2242 1461 2310 τοὺς
1490 2243 1909 2320 ἀγαπωμένους,

303 2331 608 2406 τουτέστιν,
662 2334 697 2404 ἡ
747 2331 1161 2411 ὑπερϐάλλουσα
1209 2331 1372 2412 τιμὴ»
1431 2332 1604 2402 καθὼς
1652 2334 1906 2413 εἴρηται·

314 2441 345 2477 (ι
374 2422 492 2479 Οὖκ
543 2423 683 2482 ἔστιν
741 2424 1018 2503 ὑστέρημα
1064 2431 1169 2490 τοῖς
1221 2422 1567 2505 φοϐουμένοις
1621 2423 1778 2483 αὐτόν
1815 2443 1828 2456 °
1874 2444 1904 2480 ι)

303 2509 432 2581 καὶ,
471 2534 501 2569 α
535 2510 603 2572 Ὁ
625 2512 782 2593 φόϐος
812 2512 1011 2593 Κυρίου
1033 2513 1298 2587 διαμένων
1330 2514 1401 2580 εἷς
1438 2516 1608 2573 αἰῶνα
1639 2516 1848 2583 αἰῶνος.
1873 2536 1901 2572 ››

304 2598 425 2673 Τὴν
467 2600 569 2683 γὰρ
598 2601 878 2662 εὐλάϐειαν
906 2604 1134 2663 ἐνταῦθα
1164 2604 1445 2676 ὓποδηλοί.

399 2803 427 2839 α
458 2782 662 2854 Μηδενὶ
696 2782 862 2861 μηδὲν
901 2785 1135 2865 ὀφείλετε
1160 2830 1175 2861 ,
1209 2785 1254 2841 εί
1280 2784 1356 2861 μὴ
1390 2784 1448 2843 τὸ
1478 2786 1691 2865 ἀγαπᾷν
1738 2782 1912 2856 ἀλλή-

306 2876 449 2940 λους.
486 2899 511 2924 ι
536 2873 650 2941 Τὰς
672 2872 770 2951 μὲν
799 2874 966 2941 άλλας
986 2918 1003 2946 ,
1030 2874 1188 2956 φησὶν
1218 2871 1430 2955 ὀφειλὰς
1453 2874 1505 2912 ³³
1539 2874 1781 2934 ἀπόδοτε·
1812 2898 1915 2949 μη-

2024 1978 2312 2035 honorem.
2362 1998 2391 2031 n
2453 1980 2555 2035 Est
2601 1979 2748 2034 enim
2793 1978 3001 2049 duplex
3045 1985 3226 2035 metus
3278 1980 3481 2047 :alter,
3511 1997 3622 2053 quo

2023 2076 2299 2125 terrentur
2340 2072 2547 2124 scelera
2594 2076 2903 2139 patrantes,
2966 2084 3034 2125 ex
3081 2068 3226 2125 mala
3282 2070 3622 2126 conscientia

2025 2158 2337 2232 proﬂuens,
2372 2174 2541 2230 quem
2568 2156 2689 2231 jam
2718 2166 2877 2214 antea
2901 2158 3091 2230 reiecit
3115 2159 3417 2230 Apostolus
3446 2178 3459 2215 :
3487 2161 3624 2216 alter

2022 2264 2173 2315 vero,
2218 2264 2328 2321 quo
2370 2247 2657 2321 diligentes
2698 2263 2823 2321 erga
2865 2247 3097 2305 dilectos
3132 2246 3468 2317 afﬁciuntur,
3516 2249 3622 2306 hoc

2020 2346 2124 2403 est,
2182 2337 2448 2394 excellens
2504 2347 2557 2394 et
2604 2338 2839 2394 eximius
2883 2338 3084 2403 honor,
3147 2338 3620 2411 quamadmodum

2021 2428 2230 2485 dictum
2268 2434 2350 2483 est
2376 2428 2402 2462 ι’
2435 2445 2448 2481 :
2486 2446 2516 2479 «
2558 2430 2680 2483 Non
2710 2435 2796 2483 est
2825 2427 3007 2500 inopia
3031 2427 3354 2485 timentibus
3395 2444 3548 2496 eum,
3593 2453 3617 2477 υ

2021 2526 2105 2585 et,
2162 2539 2186 2565 ι
2242 2517 2439 2573 Timor
2485 2515 2710 2572 Domini
2741 2532 3069 2589 permanens
3110 2517 3167 2572 in
3203 2518 3473 2574 saeculum
3515 2534 3622 2575 saa-

2021 2607 2152 2665 culi.
2196 2625 2227 2661 ιδ
2266 2606 2536 2663 Pietatem
2584 2606 2733 2662 enim
2760 2606 2849 2662 hic
2879 2607 2994 2664 sive
3022 2608 3387 2665 reverentiam
3427 2608 3623 2664 subin-

2021 2697 2191 2754 dicat.

2092 2790 2274 2844 Vnus.
2323 2792 2376 2842 8.
2412 2806 2440 2838 ιι
2488 2785 2709 2841 Nemini
2754 2785 3062 2858 quidquam
3105 2785 3372 2854 debeatis,
3418 2787 3522 2843 nisi
3561 2795 3624 2843 ut

2026 2893 2121 2934 vos
2148 2877 2387 2949 diligatis
2431 2882 2646 2931 mutuo.
2677 2894 2705 2927 ν
2736 2876 2854 2931 Alia
2902 2875 3126 2949 quidem
3150 2876 3331 2933 debita
3360 2876 3577 2933 reddite
3607 2898 3618 2931 :

306 2964 495 3024 δίποτε
519 2963 573 3022 δὲ
596 2963 694 3036 τὴν
718 2964 936 3043 ἀγάπην
958 2966 1247 3025 ἀποδοῦναι
1269 2962 1521 3036 θελήσετε
1547 2962 1855 3044 .-σητε
1872 2965 1907 3043 ],

2021 2967 2348 3024 charitatem
2378 2973 2569 3023 autem
2617 2981 2899 3037 nunquam
2930 2966 3237 3037 persolvere
3278 2967 3493 3033 velitis,
3528 2968 3623 3024 sed

309 3053 427 3112 ἀλλ’
475 3053 558 3112 ἀεὶ
608 3053 830 3134 ὄφλημα
878 3052 1042 3125 αὐτὴν
1096 3054 1247 3135 ἔχετε
1307 3055 1559 3126 διηνεκές.
1618 3053 1712 3127 Μὴ
1763 3055 1865 3135 γὰρ
1891 3101 1909 3133 ,

2020 3074 2241 3131 semper
2283 3057 2461 3129 ipsam
2514 3056 2595 3112 uti
2636 3055 2884 3112 debitum
2942 3064 3270 3128 perpetuum
3327 3056 3617 3115 habebitis.

308 3144 491 3217 ἐπειδὴ
523 3144 756 3224 σήμερον
809 3143 1152 3222 ἀγαπητικὴν
1206 3144 1457 3213 ἐπεδείξω
1507 3144 1739 3204 διάθεσιν
1782 3145 1907 3226 πρὸς

2020 3154 2136 3209 Non
2186 3146 2333 3204 enim
2371 3146 2497 3218 quia
2535 3144 2697 3203 hodie
2724 3146 3005 3202 charitatis
3046 3146 3346 3219 quamdam
3384 3162 3620 3219 propen-

307 3232 398 3292 τὸν
428 3233 690 3308 πλησίον,
726 3232 948 3315 νομίσῃς
986 3236 1379 3315 ἀποπληρῶσαι
1420 3233 1517 3307 τὴν
1547 3234 1783 3316 ὀφειλὴν,
1819 3236 1909 3295 καὶ

307 3322 394 3384 διὰ
425 3328 578 3383 τοῦτο
622 3322 851 3405 παρίδῃς
892 3323 1051 3382 αὐτὸν
1094 3320 1272 3404 αὔριον
1296 3348 1309 3362 ο
1348 3324 1487 3384 ἀλλὰ
1531 3326 1781 3398 διηνεκῶς
1821 3324 1911 3385 νό-

308 3419 424 3493 μιζε
455 3412 548 3485 τὴν
580 3413 797 3492 ἀγάπην
828 3420 1122 3495 χρεωστεῖν
1156 3416 1232 3494 τῷ
1265 3413 1515 3487 πλησίον.

398 3619 427 3653 (ι
456 3594 527 3655 Ὀ
574 3595 677 3676 γὰρ
721 3596 943 3674 ἀγαπῶν
983 3594 1069 3653 τὸν
1103 3594 1310 3674 ἕτερον,
1363 3594 1522 3671 νόμον
1558 3594 1899 3674 πεπλήρωκε.

307 3685 522 3765 Τὸξγὰρ
541 3731 557 3758 ,
596 3686 680 3745 Οὐ
714 3682 1012 3765 μοιχεύσεις
1038 3708 1050 3721 ·
1084 3688 1166 3745 Οὐ
1196 3684 1463 3767 φονεύσεις
1487 3709 1501 3723 ο
1532 3686 1611 3745 Οὔ
1653 3683 1864 3765 κλέψεις
1894 3708 1908 3722 ο

309 3777 431 3835 Οὔκ
480 3774 850 3850 ἐπιθυμήσεις,
895 3776 988 3834 καὶ
1024 3773 1153 3842 εἴτις
1185 3773 1340 3855 ἑτέρα
1389 3775 1607 3847 ἐντολὴ,
1638 3775 1691 3832 ἐν
1739 3775 1909 3855 τούτῳ

309 3867 389 3945 τῷ
434 3865 577 3945 λόγῳ
627 3866 1149 3947 ἀνακεφαλαιοῦται,
1196 3867 1250 3923 ἐν
1306 3868 1416 3945 τῷ,
1460 3863 1779 3943 Ἀγαπήσεις
1821 3864 1907 3924 τὸν

313 3953 537 4027 πλησίον
567 3977 657 4015 σου
685 3956 754 4021 ὥς
794 3954 1002 4016 ἑαυτόν.
1040 3980 1070 4011 ι
1104 3958 1156 4015 Τ
1157 3955 1213 4015 6v
1240 3954 1398 4032 νόμον
1428 3953 1605 4013 πάντα
1636 3956 1833 4034 πληροῖ
1880 3958 1908 4013 6

311 4047 535 4122 ἀγαπῶν
562 4044 649 4104 τὸν
674 4044 927 4119 πλησίον.
956 4042 1133 4105 Ὥστε
1159 4043 1343 4105 λοιπὸν
1373 4044 1527 4125 χρέος
1547 4044 1661 4124 ἔχει
1692 4046 1907 4125 ἀγαπᾷν

306 4134 496 4207 αὐτὸν,
544 4134 598 4193 εἴ
637 4158 696 4211 γε
740 4138 973 4195 τοσαῦτα
1006 4136 1358 4215 εὖεργετεῖται
1408 4134 1459 4204 ἐξ
1493 4136 1654 4193 αὐτοῦ
1686 4134 1777 4192 καὶ
1813 4138 1908 4206 τῆς

304 4224 437 4305 πρὸς
465 4224 625 4305 αὐτὸν
673 4224 925 4303 ἀγάπης,
958 4228 1029 4293 ὥς
1085 4224 1172 4284 τὸν
1220 4223 1381 4297 νόμον
1419 4223 1594 4283 πάντα
1642 4225 1900 4303 πληροῦν.

301 4303 422 4376 Ούκ
450 4303 566 4373 εἷπε
596 4314 652 4373 δὲ
676 4360 693 4391 ,
721 4315 1062 4394 Πληροῦται,
1096 4314 1213 4373 ἀλλ’
1250 4336 1279 4373 (ι
1308 4313 1841 4396 Ἄνακεφαλαιοῦται,
1872 4336 1901 4371 ι

304 4404 608 4478 τουτέστιν,
642 4406 696 4463 ἐν
720 4403 965 4487 συντόμῳ
988 4404 1082 4464 καὶ
1119 4405 1174 4463 ἐν
1209 4408 1403 4485 βραχεῖ
1444 4405 1503 4462 τὸ
1544 4411 1651 4462 πᾶν
1686 4407 1791 4462 τῶν
1821 4405 1905 4462 ἐν·

2021 3240 2235 3297 sionem
2264 3234 2662 3293 demonstrasti
2700 3252 2828 3308 erga
2878 3236 3229 3307 proximum,
3261 3236 3545 3293 arbitreris
3568 3244 3623 3293 te

2023 3326 2348 3403 persolvisse
2371 3325 2646 3394 debitum,
2676 3341 2739 3381 ac
2766 3336 3055 3397 propterea
3097 3326 3277 3398 ipsum
3323 3326 3380 3382 in
3429 3326 3623 3383 crasti-

2023 3435 2158 3475 num
2191 3416 2467 3488 negligas;
2494 3415 2590 3473 sed
2628 3424 2894 3488 perpetuo
2926 3415 3173 3473 existima
3200 3425 3255 3472 te
3294 3415 3622 3472 charitatem

2021 3507 2225 3563 debere
2254 3505 2531 3578 proximo.

2092 3600 2268 3653 Vnus.
2301 3603 2355 3661 8,
2407 3602 2461 3651 9.
2513 3614 2542 3647 α
2582 3596 2727 3651 Nam
2771 3595 2862 3667 qui
2916 3595 3149 3651 alterum
3197 3596 3394 3668 diligit,
3444 3595 3619 3669 legem

2020 3686 2281 3759 implevit.
2326 3688 2467 3742 Nam
2510 3706 2522 3741 :
2564 3687 2690 3741 Non
2731 3684 3092 3741 mmchaberis
3141 3703 3154 3739 :
3188 3687 3311 3742 Non
3342 3686 3561 3742 occides
3604 3706 3618 3742 :

2022 3778 2140 3831 Non
2183 3774 2456 3831 furaberis
2488 3792 2500 3829 ε
2535 3776 2657 3830 Non
2693 3771 3065 3846 concupisces,
3096 3782 3153 3829 et
3188 3774 3231 3829 si
3277 3773 3427 3845 quod
3472 3773 3623 3831 aliud

2019 3863 2365 3933 mandatum,
2409 3865 2465 3919 in
2495 3863 2599 3920 hoc
2646 3864 2815 3920 verbo
2858 3873 3305 3932 consummatur,
3346 3878 3548 3935 nempe
3606 3884 3619 3919 :

2021 3955 2225 4028 Diliges
2264 3954 2579 4027 proximum
2612 3961 2769 4010 tuum
2823 3961 2888 4010 ut
2914 3953 3170 4024 teipsum.
3203 3974 3230 4006 »
3283 3954 3392 4025 Qui
3435 3953 3620 4024 proxi-

2021 4060 2174 4101 mum
2219 4044 2415 4117 diligit,
2481 4052 2656 4100 totam
2702 4044 2881 4116 legem
2924 4042 3133 4115 implet.
3175 4044 3457 4114 Deinceps
3506 4044 3618 4115 97

2020 4135 2203 4208 itaque
2257 4136 2493 4208 quisque
2548 4134 2866 4206 proximum
2923 4149 3087 4190 suum
3154 4133 3319 4190 debet
3366 4133 3623 4205 diligere,

2016 4227 2456 4301 quandoquidem
2493 4235 2577 4285 tot
2609 4228 2909 4300 tanstisque
2961 4226 3241 4283 beneﬁciis
3269 4227 3340 4283 ab
3366 4242 3433 4284 eo
3476 4227 3623 4299 ejus-

2016 4334 2122 4389 que
2153 4317 2447 4375 dilectione
2475 4319 2546 4374 sit
2575 4316 2845 4374 affectus:
2880 4325 2943 4373 ut
2965 4324 3146 4374 totam
3177 4317 3349 4390 legem
3376 4317 3623 4390 impleat.

2016 4411 2141 4465 Non
2172 4418 2362 4465 autem
2389 4408 2547 4473 dixit,
2571 4407 2858 4480 Impletur,
2887 4406 3008 4476 sed,
3042 4430 3067 4456 σι
3097 4407 3558 4475 Consummatur,
3595 4431 3622 4456 ιι

302 4495 473 4553 τολῶν
504 4495 876 4575 ἀπαρτίζεται.
914 4494 1019 4555 Καὶ
1047 4495 1151 4575 γὰρ
1180 4493 1273 4553 καὶ
1313 4494 1457 4575 ἀρχὴ
1489 4496 1579 4553 καὶ
1606 4491 1756 4560 τέλος
1788 4496 1907 4573 ἀρε-

2026 4498 2131 4554 hoc
2170 4506 2271 4566 est,
2338 4496 2603 4571 quidquid
2676 4496 2731 4553 in
2783 4496 2917 4569 legis
2964 4495 3240 4552 mandatis
3288 4497 3624 4565 continetur,

304 4588 400 4656 τῆς
444 4588 471 4656 ἡ
523 4585 727 4663 ἀγάπη.
785 4583 1213 4662 Ἐπιτεταμένην
1264 4583 1318 4643 δὲ
1367 4585 1583 4664 ἀγάπην
1636 4584 1854 4643 ἀπαιτεῖ
1880 4588 1909 4642 6

301 4673 481 4751 νόμος.
518 4702 540 4727 α
567 4673 667 4742 ιΩς
696 4674 882 4734 ἑαυτὸν
904 4704 928 4726 ι
952 4672 1078 4756 γὰρ,
1104 4676 1288 4756 φησὶν,
1313 4702 1336 4727 α
1362 4674 1641 4753 ἀγάπησον
1665 4672 1755 4731 τὸν
1782 4674 1912 4745 πλη-

305 4764 460 4824 σίον·
521 4790 545 4815 ι
598 4768 626 4823 6
675 4763 727 4822 δὲ
777 4763 973 4844 Κύριος
1024 4764 1085 4823 τὸ
1134 4771 1312 4842 μεῖζον
1363 4765 1453 4823 καὶ
1504 4760 1636 4843 ὑπὲρ
1690 4762 1908 4837 ἑαυτὸν,

304 4852 455 4934 φησί.
512 4852 629 4928 Τὴν
682 4853 786 4936 γὰρ
823 4855 1001 4936 ψυχὴν
1059 4855 1258 4915 τιθέναι
1288 4854 1422 4934 ὑπὲρ
1473 4859 1565 4915 τοῦ
1615 4852 1770 4934 φίλου
1825 4856 1912 4913 δι-

304 4943 517 5006 δάσκει.

398 5140 427 5175 ιι
454 5116 539 5195 ⁹Ἣ
597 5119 783 5195 ἀγάπη
836 5120 913 5200 τῷ
964 5117 1191 5190 πλησίον
1236 5116 1398 5177 κακὸν
1467 5118 1563 5176 οὐκ
1607 5117 1908 5198 ἐργάζεται.

312 5207 596 5287 Πλήρωμα
631 5202 721 5267 οὖν
752 5207 948 5284 νόμου,
984 5211 1018 5279 ἡ
1053 5208 1262 5288 ἀγάπη.
1296 5230 1326 5266 ›)
1367 5208 1662 5289 Ἀμφότερα
1696 5207 1763 5266 τὰ
1794 5206 1909 5280 εἴδη

302 5302 400 5369 τῆς
437 5302 627 5378 ἀρετῆς
654 5298 918 5379 προσόντα
1060 5297 1247 5377 ἀγάπῃ
1295 5297 1521 5358 δεικνύει
1546 5319 1561 5335 ’
1594 5296 1691 5370 τήν
1721 5321 1778 5356 τε
1806 5301 1912 5357 τῶν

306 5391 489 5448 κακῶν
523 5387 734 5469 ἀποχὴν
755 5434 770 5463 ,
814 5390 867 5448 ἐν
899 5391 975 5469 τῷ
1009 5391 1176 5447 εἰπεῖν
1199 5412 1212 5426 ·
1252 5410 1281 5446 (ι
1316 5386 1498 5450 Κακὸν
1548 5388 1642 5448 οὐκ
1689 5387 1912 5469 ἐργάζε-

392 5532 574 5589 'Psal.
607 5547 836 5601 xxxm,
871 5538 959 5602 10,
992 5537 1079 5601 18,
1110 5537 1194 5587 19.

2024 4587 2257 4645 breviter
2280 4596 2336 4645 et
2358 4588 2639 4644 succincte
2678 4585 2984 4660 perﬁcitur.
3025 4584 3247 4641 Etenim
3285 4585 3619 4657 principium

2022 4686 2077 4734 et
2114 4676 2241 4734 ﬁnis
2281 4678 2500 4734 virtutis
2537 4685 2621 4733 est
2646 4675 2886 4734 dilectio.
2918 4679 3111 4746 Porro,
3154 4675 3426 4731 intensam
3455 4675 3627 4731 chari-

2022 4777 2192 4824 tatem
2215 4768 2303 4825 lex
2328 4768 2499 4841 exigit
2528 4786 2541 4823 :
2577 4791 2601 4815 ι
2634 4767 2837 4839 Diliges
2861 4767 3010 4823 enim
3034 4766 3352 4839 proximum
3379 4774 3561 4834 tuum,
3599 4791 3622 4815 ιι

2023 4858 2219 4930 inquit,
2252 4882 2275 4907 α
2310 4867 2373 4914 ut
2390 4858 2630 4929 teipsum
2674 4877 2687 4913 :
2725 4880 2750 4907 ιι
2793 4858 3066 4914 Dominus
3089 4865 3275 4913 autem
3301 4864 3490 4913 noster
3514 4872 3628 4912 ma-

2014 4948 2193 5020 jorem
2231 4946 2427 5019 exigit,
2463 4955 2547 5015 et,
2594 4949 2770 5018 Supra
2796 4947 3069 5019 teipsum,
3101 4946 3301 5019 inquit.
3330 4947 3473 5003 Nam
3506 4946 3625 5002 ani-

2022 5052 2170 5093 mam
2197 5053 2298 5110 pro
2336 5036 2513 5093 amico
2544 5052 2746 5109 ponere
2772 5034 2956 5093 docet.

2093 5130 2266 5185 Vitas.
2301 5132 2384 5183 10.
2437 5126 2737 5184 «Charitas
2781 5126 3039 5199 proximo
3093 5125 3301 5182 malum
3340 5140 3453 5181 non
3494 5139 3626 5196 ope-

2020 5226 2195 5275 ratur.
2226 5216 2516 5274 Plenitudo
2552 5216 2720 5289 igitur
2766 5216 2902 5288 legis
2938 5214 3180 5271 dilectio.
3220 5238 3245 5264 ιι
3278 5213 3490 5270 Ambae
3518 5214 3626 5269 vir-

2022 5305 2158 5363 tutis
2208 5304 2415 5378 species
2460 5303 2713 5361 charitati
2753 5303 2941 5361 adesse
2998 5309 3277 5359 monstrat
3329 5321 3341 5357 :
3388 5318 3419 5359 a
3466 5301 3628 5359 malis

2022 5395 2443 5467 abstinentiam,
2471 5393 2531 5451 in
2559 5410 2626 5451 eo
2652 5392 2801 5467 quod
2830 5393 2908 5449 ait
2936 5411 2951 5449 :
2988 5415 3012 5441 ι
3044 5391 3258 5449 Malum
3297 5407 3411 5450 non
3435 5408 3627 5466 opera-

1700 5613 1889 5674 Variae
1933 5613 2243 5674 lectiones.

377 5742 424 5778 ³ο
451 5740 605 5812 αὖτὴν
632 5741 723 5811 τὴν
750 5759 803 5801 0.
881 5742 922 5777 ³¹
953 5742 1294 5815 ἀπαραίτητον
1325 5758 1377 5800 0.
1456 5742 1501 5779 ³²
1525 5743 1553 5797 6
1586 5744 1674 5819 μὲν
1703 5739 1791 5798 οὖν
1821 5743 1953 5799 ἔστιν
1984 5760 2038 5802 ο.
2117 5743 2161 5777 ³⁸
2192 5741 2419 5810 ἐντολὰς,
2452 5741 2518 5806 ὣς
2541 5742 2622 5816 ὀφ.
2651 5758 2708 5802 0.
