4090 6420
450 408 553 472 819
1474 403 1989 469 THEOPHYLACTI
2029 403 2388 466 BULGARUE
2425 401 2740 466 ARCHIEP.

3645 403 3749 463 520

441 549 535 598 tur
563 559 577 600 :
613 563 638 592 ι
676 550 731 599 et
751 543 1025 598 bonorum
1051 538 1453 614 operationem,
1493 555 1622 596 cum
1650 537 1782 596 dicit
1816 557 1830 596 :
1865 560 1890 586 α
1919 537 2039 595 Ple-

2151 563 2240 597 ται
2264 562 2276 576 ·
2313 564 2338 590 ιο
2361 536 2454 596 καὶ
2482 536 2712 616 τὴντῶν
2738 536 2948 615 ἀγαθῶν
2980 533 3232 616 ἐργασίαν
3252 581 3270 611 ,
3304 536 3357 594 ἐν
3379 535 3456 614 τῷ
3491 533 3655 616 φάναι
3676 535 3759 596 ³⁴.

441 632 634 689 nitudo
657 631 819 704 igitur
846 632 979 705 legis
1005 631 1247 688 dilectio.
1285 654 1311 681 ι
1345 633 1546 687 Totam
1598 631 1746 686 enim
1779 629 2042 686 virtutem

442 723 564 795 lege
583 730 1081 780 commonstratam
1101 722 1162 778 in
1189 721 1352 778 nobis
1380 720 1611 794 perﬁcit.

512 907 692 962 Vitas.
744 910 832 962 11.
866 925 892 951 σι
927 904 999 958 Et
1024 901 1151 969 hoc,
1193 902 1431 958 scientes
1472 909 1710 974 tempus,
1744 899 1871 972 quia
1907 897 2042 955 hora

424 994 545 1066 jam
574 1004 658 1051 est
683 1010 786 1052 nos
808 1009 838 1049 e
868 1008 1066 1050 somno
1095 1006 1334 1065 surgere.
1366 1015 1391 1040 ιο
1437 990 1800 1060 Charitatem,
1825 989 2039 1062 inquit,

438 1084 666 1157 plurimi
695 1083 876 1140 facere
899 1082 1132 1149 debetis,
1170 1097 1234 1138 ac
1262 1097 1361 1154 per
1403 1081 1580 1154 ipsam
1629 1080 1762 1138 alias
1799 1080 2041 1137 virtutes

436 1191 635 1232 omnes
687 1194 702 1230 :
744 1173 912 1246 idque
965 1179 1193 1245 propter
1242 1171 1507 1244 temporis
1548 1171 1841 1228 rationem.
1892 1172 2040 1226 Nam

437 1280 608 1338 prope
649 1272 733 1322 est
756 1263 1088 1320 resurrectio
1107 1304 1122 1330 ,
1161 1277 1331 1334 prope
1354 1260 1654 1334 judicium,
1684 1270 1852 1334 atque
1880 1275 2041 1333 Opor-

436 1363 515 1412 tet
532 1370 635 1410 nos
664 1370 694 1411 e
718 1369 917 1426 sopore
946 1351 1214 1409 socordiae
1239 1350 1584 1424 desidiaeque
1612 1351 1866 1422 excitari,
1891 1365 2035 1408 esse-

434 1461 541 1517 que
567 1451 790 1516 paratos
829 1443 898 1500 ad
923 1456 1088 1515 opera
1110 1441 1516 1499 resurrectione
1543 1440 1728 1514 digna.

512 1558 538 1583 ιι
567 1536 728 1590 Nunc
752 1533 901 1589 enim
933 1540 1017 1588 est
1052 1531 1275 1604 propior
1303 1532 1451 1586 salus
1479 1539 1690 1600 nostra,
1713 1547 1877 1603 quam
1907 1546 2035 1586 cum

437 1623 797 1681 credidimus.
841 1642 870 1676 ››
905 1623 1043 1692 Quia
1083 1621 1372 1678 verisimile
1410 1629 1528 1678 erat
1564 1637 1658 1678 eos
1692 1621 1748 1678 in
1771 1619 1898 1680 ﬁdei
1917 1621 2037 1696 pri-

438 1713 664 1770 mordiis
694 1712 1050 1769 studiosiores
1073 1711 1370 1779 exstitisse,
1396 1711 1660 1784 temporis
1697 1720 1883 1768 autem
1917 1727 2037 1784 pro-

2146 1621 2463 1697 στεύσαμεν.
2528 1639 2559 1677 ι
2621 1616 2846 1689 Ἐπειδὴ
2896 1615 3034 1683 εἰκὸς

2147 1709 2374 1776 πίστεως
2405 1707 2842 1788 σπουδαιοτέρους
2887 1705 3073 1773 αὐτοὺς
3115 1697 3280 1778 εἶναι,
3314 1697 3433 1765 εἶτα
3480 1707 3757 1786 προϊόντος

2169 651 2195 685 (ι
2227 627 2511 708 Πλήρωμα
2539 615 2629 686 οὐν
2654 625 2848 704 νόμου,
2892 631 2926 698 ἡ
2959 615 3167 705 ἀγάπη.
3193 646 3222 680 ›)
3283 615 3620 705 Ὀλόκληρον
3647 623 3754 706 γὰρ

2153 723 2400 798 κατορθοῖ
2429 720 2481 777 ἐν
2511 723 2642 796 ἡμῖν
2674 716 2768 789 τὴν
2800 715 3028 796 ἀρετὴν,
3061 713 3158 788 τὴν
3190 712 3276 773 διὰ
3316 719 3411 774 τοῦ
3449 714 3618 793 νόμου
3645 715 3754 774 δει-

2153 808 2437 886 κνυμένην.

2243 921 2272 956 ιι
2305 898 2412 959 Καὶ
2455 902 2637 972 τοῦτο,
2682 896 2876 964 εἰδότες
2929 894 3019 954 τὸν
3052 893 3266 973 καιρὸν,
3317 893 3399 954 ὅτι
3447 894 3564 975 ὥρα
3607 899 3754 973 ἡμᾶς

2151 989 2254 1060 ἤδη
2305 987 2358 1057 ἐξ
2411 986 2576 1048 ὕπνου
2631 988 2933 1064 ἐγερθῆναι.
2975 1007 3006 1044 ι
3057 984 3368 1065 Ὀφείλετε,
3431 985 3595 1062 φησὶ,
3655 984 3754 1056 τὴν

2152 1078 2368 1158 ἀγάπην
2397 1078 2520 1158 περὶ
2550 1080 2750 1137 πολλοῦ
2795 1079 3096 1150 ποιεῖσθαι,
3130 1075 3196 1134 δι’
3231 1077 3393 1147 αὐτῆς
3428 1073 3486 1135 δὲ
3517 1075 3610 1134 καὶ
3639 1075 3750 1134 πά..

2151 1192 2248 1236 σας
2275 1166 2368 1237 τὰς
2393 1167 2560 1236 ἄλλας
2592 1166 2785 1249 ἀρετάς
2812 1190 2825 1204 ·
2874 1167 2967 1225 καὶ
2997 1165 3084 1225 διὰ
3115 1164 3202 1224 τὸν
3227 1163 3411 1246 καιρόν
3443 1187 3457 1202 ο
3486 1162 3566 1224 ὅτι
3597 1166 3751 1242 ἐγγύς

2151 1261 2291 1318 ἐστιν
2339 1264 2374 1332 ἡ
2424 1258 2748 1331 ἀνάστασις,
2801 1255 2953 1336 ἐγγὺς
3002 1261 3036 1330 ἡ
3092 1254 3296 1338 κρίσις,
3340 1255 3431 1314 καὶ
3481 1255 3560 1314 δεῖ
3609 1261 3754 1338 ἡμᾶς

2150 1353 2208 1409 ἐκ
2236 1354 2329 1409 τοῦ
2360 1348 2521 1409 ὕπνου
2576 1352 2670 1421 τῆς
2733 1347 2996 1428 ῥᾳθυμίας
3030 1345 3080 1384 ³⁵
3133 1336 3448 1426 ἐγερθῆναι,
3496 1345 3589 1406 καὶ
3619 1336 3758 1406 εἶναι

2149 1439 2394 1516 ἑτοίμους
2425 1437 2555 1520 πρὸς
2582 1437 2651 1497 τὰ
2679 1441 2774 1510 τῆς
2800 1435 3144 1503 ἀναστάσεως
3173 1434 3292 1505 ἄξια
3323 1434 3472 1516 ἔργα,

2235 1551 2265 1589 ι(
2296 1532 2409 1590 Νῦν
2432 1528 2535 1608 γὰρ
2562 1527 2832 1609 ἐγγύτερον
2863 1529 3016 1604 ἡμῶν
3050 1525 3353 1609 ἠῗσωτηρία
3378 1571 3394 1600 ,
3424 1525 3459 1598 ἢ
3502 1523 3588 1586 ὅτε
3631 1529 3750 1586 ἐπι-

3087 1608 3152 1687 ἦν
3207 1617 3260 1676 ἐν
3314 1620 3454 1697 ἀρχῇ
3507 1614 3602 1694 μὲν
3653 1623 3752 1690 τῆς

435 1819 599 1860 cursu
636 1801 906 1858 refrixisse
934 1821 947 1856 :
985 1803 1174 1868 Nunc,
1205 1800 1407 1874 inquit,
1437 1801 1616 1874 magis
1635 1801 2038 1874 appropinqua-

2151 1806 2237 1860 τοῦ
2265 1798 2455 1881 χρόνου
2503 1800 2978 1878 ἆποψυχρανθῆναι
3002 1840 3018 1869 ,
3056 1795 3246 1877 φησὶν,
3283 1796 3364 1855 ὅτι
3395 1799 3508 1857 Νῦν
3545 1798 3752 1874 μᾶλλον

438 1909 560 1949 mus
606 1891 793 1948 futuro
828 1891 1052 1948 saeculo.
1090 1893 1236 1947 Nam
1265 1890 1402 1947 illud
1431 1891 1668 1948 salutem
1707 1892 2036 1962 nominavit,

431 2000 460 2039 a
485 1982 714 2040 nomine
740 1981 1006 2038 nimirum
1027 1981 1407 2038 commodiore
1433 2003 1444 2038 :
1484 1981 1861 2052 peccatoribus
1888 1983 2041 2038 enim

436 2087 550 2128 non
579 2079 662 2128 est
699 2071 872 2140 salus,
915 2069 1014 2128 sed
1057 2071 1342 2143 pernicies.
1381 2069 1625 2127 Proinde
1664 2071 1790 2143 quia
1835 2085 2042 2144 appro-

436 2163 768 2234 pinquamus
810 2158 1012 2217 futurae
1057 2159 1204 2229 vitm,
1239 2158 1489 2217 studium
1526 2159 1912 2216 vehementius
1951 2160 2042 2216 in-

439 2251 750 2308 tendamus.
778 2249 841 2307 Id
865 2249 1014 2306 enim
1043 2258 1128 2307 est
1155 2247 1308 2322 quod
1333 2249 1390 2306 in
1421 2249 1779 2323 sequentibus
1805 2249 2038 2307 indicat.

506 2345 686 2399 Vnus.
723 2348 807 2398 l2.
845 2364 869 2389 ‹ι
899 2344 1022 2398 Nox
1051 2341 1337 2414 processit,
1377 2340 1499 2397 dies
1522 2349 1707 2398 autem
1745 2342 2040 2415 appropin-

433 2433 636 2503 quavit.
676 2453 701 2480 ι
731 2431 794 2487 Id
824 2439 942 2500 est,
971 2432 1092 2487 Nox
1126 2438 1211 2486 est
1237 2429 1490 2502 proxime
1548 2430 1734 2487 ﬁnem.
1781 2431 2039 2503 Exempli

437 2520 630 2594 gratia,
691 2520 889 2577 demus
943 2517 1236 2576 duodecim
1282 2518 1546 2576 horarum
1610 2535 1728 2576 esse
1777 2528 2037 2590 noctem;

432 2626 560 2666 cum
585 2625 716 2683 ergo
740 2609 935 2666 decem
962 2608 1345 2680 praeterierint,
1379 2608 1608 2664 dicimus
1637 2618 1862 2666 noctem
1906 2626 2040 2682 pro-

436 2700 692 2769 cessisse,
722 2715 820 2772 pro
859 2714 927 2754 eo
965 2697 1110 2770 quod
1151 2706 1254 2766 est,
1292 2698 1652 2770 praeteriisse,
1681 2699 2040 2772 proximeque

436 2789 603 2845 ﬁnem
627 2804 770 2846 esse.
817 2791 1048 2845 Noctem
1086 2796 1273 2845 autem
1303 2803 1546 2861 praesens
1569 2788 1838 2846 saeculum
1865 2789 2040 2862 appel-

434 2880 536 2948 lat,
567 2879 720 2951 quod
761 2878 1004 2950 plerique
1045 2877 1104 2933 in
1151 2877 1394 2934 tenebris
1430 2885 1624 2951 agant,
1668 2894 1734 2934 ac
1773 2878 2038 2953 cujusque

433 2970 542 3025 vita
585 2967 811 3039 caligine
847 2975 1200 3040 contegatur;
1246 2966 1401 3024 diem
1432 2983 1581 3036 vero,
1635 2967 1888 3026 futurum
1925 2985 2032 3028 sm-

2151 1889 2422 1970 ἐγγίζομεν
2456 1892 2532 1970 τῷ
2564 1889 2809 1966 μέλλοντι
2858 1890 3036 1949 αἰῶνι.
3086 1886 3369 1966 Σωτηρίαν
3417 1886 3521 1967 γὰρ
3564 1891 3755 1946 τοῦτον

2150 1980 2424 2058 ὠνόμασεν
2460 1978 2566 2039 ἀπὸ
2614 1981 2707 2036 τοῦ
2756 1976 3114 2058 χρηστοτέρου
3157 1975 3414 2052 ὀνόματος
3442 2000 3453 2012 ·
3490 1979 3597 2042 τοῖς
3648 1975 3755 2055 γὰρ

2153 2070 2495 2150 ἁμαρτωλοῖς
2525 2070 2584 2143 οὐ
2629 2067 2900 2150 σωτηρία,
2926 2066 3063 2126 ἀλλὰ
3095 2064 3337 2125 ἀπώλεια
3373 2067 3540 2127 ἐστιν.
3572 2062 3754 2126 Ὥστε

2152 2160 2266 2220 ἐπεὶ
2299 2159 2574 2240 ἐγγίζομεν
2723 2157 2992 2238 μελλούσῃ
3043 2156 3255 2237 ἡμέρᾳ,
3309 2158 3510 2234 μᾶλλον
3555 2156 3750 2217 ἐπιτεί-

2153 2273 2324 2330 νωμεν
2353 2249 2448 2321 τὴν
2473 2247 2712 2321 σπουδήν
2745 2273 2758 2285 ·
2789 2247 2816 2307 δ
2844 2248 2936 2308 καὶ
2964 2247 3050 2306 διὰ
3090 2251 3192 2307 τῶν
3228 2247 3347 2319 ἑξῆς
3378 2247 3547 2320 δηλοῖ.

2243 2363 2272 2399 ι(
2319 2338 2391 2401 Ἥ
2419 2338 2510 2409 νὺξ
2539 2338 2832 2420 προέκοψεν
2856 2383 2870 2412 ,
2903 2342 2937 2410 ἡ
2971 2337 3024 2396 δὲ
3055 2336 3498 2420 ἡμέραᾲῆγγικεν.
3537 2363 3562 2390 ιο
3591 2338 3760 2398 Τουτι-

2154 2430 2299 2504 έστι,
2335 2428 2464 2509 πρὸς
2493 2417 2761 2508 τῷντέλει
2786 2428 2928 2488 ἐστὶν
2971 2434 3006 2501 ἡ
3040 2426 3130 2497 νὺξ
3154 2417 3175 2464 ’⁷
3213 2417 3350 2509 οἷον,
3401 2429 3472 2496 ὥς
3503 2425 3590 2486 ἐπὶ
3621 2429 3754 2487 ὐπο-

2152 2522 2465 2600 δείγματος,
2516 2517 2724 2580 δώδεκα
2773 2521 2924 2598 ὡρῶν
2983 2520 3157 2595 θῶμεν
3205 2507 3341 2576 εἶναι
3387 2517 3484 2589 τὴν
3526 2518 3690 2576 νύκτα
3740 2542 3753 2554 ·

2151 2613 2276 2670 ὅταν
2307 2612 2363 2668 αἱ
2417 2610 2542 2670 δέκα
2596 2607 2904 2682 διέλθωσιν,
2959 2607 3215 2687 λέγομεν,
3263 2605 3342 2666 ὅτι
3386 2607 3676 2687 προέκοψεν
3720 2612 3754 2680 ἡ

2154 2700 2275 2776 νὺξ,
2305 2700 2423 2760 ἀντὶ
2462 2705 2554 2759 τοῦ
2577 2745 2594 2772 ,
2624 2700 2900 2779 παρῆλθε,
2931 2698 3059 2777 πρὸς
3088 2700 3164 2778 τῷ
3205 2697 3345 2756 τέλει
3384 2697 3516 2756 ἐστί.
3568 2695 3756 2757 Νύκτα

2153 2791 2208 2850 δὲ
2251 2791 2410 2850 καλεῖ
2434 2788 2526 2848 τὸν
2562 2791 2826 2847 ἐνεστῶτα
2875 2789 3072 2862 αἰῶνα,
3122 2786 3208 2844 διὰ
3247 2786 3308 2847 τὸ
3338 2788 3391 2845 ἐν
3427 2787 3603 2846 σκότει
3635 2785 3756 2853 τοὺς

2152 2877 2380 2947 πολλοὺς
2413 2869 2576 2954 εἶναι,
2605 2878 2698 2936 καὶ
2747 2876 2834 2936 διὰ
2863 2877 2925 2938 τὸ
2972 2875 3404 2958 συγκεκαλύφθαι
3447 2876 3581 2945 τοὺς
3608 2875 3758 2956 βίους

2144 2969 2382 3031 ἑκάστων
2410 2991 2424 3006 ο
2457 2966 2662 3049 ἡμέραν
2693 2965 2782 3039 δὲ,
2819 2966 2909 3026 τὸν
2962 2966 3257 3046 μέλλοντα,
3295 2965 3381 3026 διά
3424 2990 3482 3025 τε
3537 2966 3598 3026 τὸ
3646 2970 3754 3026 τῶν

432 3059 648 3127 culum;
696 3065 816 3114 tum
857 3065 1079 3130 propter
1118 3057 1400 3130 justorum
1446 3058 1665 3126 lumen,
1711 3066 1836 3115 tum
1886 3061 2037 3132 quod

2151 3061 2362 3121 δικαίων
2402 3062 2540 3140 φῶς,
2588 3057 2680 3116 καὶ
2725 3057 2812 3116 διὰ
2859 3056 2921 3116 τὸ
2967 3057 3034 3116 τὰ
3082 3056 3294 3137 κρυπτὰ
3347 3057 3562 3115 πάντων
3595 3079 3758 3139 φανε-

434 3148 686 3204 omnium
721 3162 809 3204 res
833 3147 1063 3204 occultae
1091 3155 1224 3204 tunc
1267 3145 1706 3204 manifestentur.
1748 3151 1812 3204 In
1851 3151 2035 3205 Evan-

2151 3155 2361 3243 ροῦσθαι
2411 3148 2550 3243 τότε.
2585 3145 2780 3243 Ἑνᾼδδ
2838 3147 3308 3243 τῷΔΕὐαγγελίιρ,
3355 3146 3674 3243 ἡμέρα-μέν
3728 3150 3759 3206 ὁ

439 3239 581 3311 gelio
623 3253 776 3308 vero,
820 3237 940 3295 dies
974 3236 1196 3310 quidem
1218 3279 1234 3307 ,
1266 3252 1509 3309 praesens
1538 3237 1651 3294 vita
1693 3237 1924 3306 dicitur,
1969 3254 2038 3295 eo

2151 3239 2367 3306 ἐνεστὼς
2415 3237 2661 3317 λέγεταιξ,
2693 3237 2781 3296 διὰ
2813 3237 2873 3298 τὸ
2925 3238 3033 3296 δεῖν
3079 3240 3132 3296 ἐν
3182 3235 3352 3318 τούτῳ
3401 3237 3754 3318 ἐργάζεσθαι·

433 3327 582 3402 quod
633 3336 885 3402 Oporteat
925 3329 979 3384 in
1017 3342 1079 3384 ea
1123 3327 1373 3400 operari;
1425 3344 1538 3384 nox
1581 3336 1790 3398 autem,
1853 3328 2037 3386 futura

2151 3330 2235 3400 νὺξ
2263 3329 2318 3389 δὲ
2347 3337 2376 3389 ὁ
2405 3325 2646 3406 μέλλων,
2705 3325 2792 3387 διὰ
2820 3327 2882 3386 τὸ
2921 3327 3124 3404 μηδένα
3155 3326 3274 3386 τότε
3306 3327 3639 3408 ἐργάζεσθαι.

439 3420 569 3489 vita,
597 3434 664 3476 eo
684 3418 834 3490 quod
860 3425 982 3474 tum
1010 3433 1178 3473 nemo
1199 3416 1503 3490 quidquam
1535 3425 1817 3490 operetur.

512 3535 536 3558 α
590 3509 929 3582 Abjiciamus
974 3507 1143 3580 igitur
1177 3523 1342 3580 opera
1386 3508 1776 3574 tenebrarum,
1837 3518 1893 3566 et
1951 3510 2039 3566 in-

439 3600 674 3656 duamur
720 3614 876 3655 arma
904 3598 1063 3655 lucis.
1100 3621 1125 3646 υ
1175 3599 1378 3669 Opera,
1450 3598 1655 3670 peccati
1694 3599 2041 3672 operationes

436 3689 762 3762 appellavit,
797 3705 900 3745 ceu
965 3685 1306 3744 laboriosum
1353 3688 1620 3760 quiddam
1679 3697 1734 3745 et
1777 3705 2037 3764 magnam

437 3778 819 3836 difﬁcultatem
855 3778 1198 3836 continentes
1218 3785 1275 3834 et
1293 3777 1509 3835 inﬁnita
1551 3779 1814 3852 pericula,
1868 3779 2038 3853 idque

433 3871 486 3925 in
517 3868 771 3942 praesenti
797 3869 928 3937 vita,
959 3884 1113 3925 arma
1137 3883 1263 3924 vero
1295 3869 1453 3936 lucis,
1504 3869 1718 3926 virtutis
1755 3869 1871 3942 98
1910 3886 2038 3943 ope-

439 3959 695 4017 rationes.
725 3961 871 4016 Eum
915 3959 1060 4014 enim
1087 3958 1183 4032 qui
1211 3958 1296 4016 his
1333 3968 1583 4016 armatus
1626 3959 1812 4028 fuerit,
1854 3960 1910 4016 in
1950 3968 2038 4016 tu-

440 4058 563 4106 tum
604 4049 908 4118 collocant;
942 4071 968 4096 «
1016 4063 1168 4104 arma
1201 4071 1228 4098 ιι
1259 4063 1502 4122 namque
1529 4057 1674 4118 sunt,
1717 4057 1773 4105 et
1805 4049 2042 4122 splendi-

439 4139 574 4194 dum
603 4138 834 4204 faciunt;
870 4160 895 4186 ι
939 4136 1076 4193 lucis
1107 4161 1132 4187 υ
1167 4137 1320 4193 enim
1349 4145 1499 4194 sunt.
1532 4141 1702 4195 Porro
1753 4155 1882 4195 cum
1917 4141 1993 4196 ait
2025 4159 2040 4196 :

443 4251 468 4278 ι
512 4226 874 4300 Abjiciamus,
907 4249 934 4275 »
967 4234 1041 4294 et,
1081 4248 1108 4274 α
1149 4225 1472 4296 Induamur,
1517 4247 1546 4280 »
1578 4227 1872 4285 amborum
1911 4227 2044 4284 faci-

441 4318 649 4374 litatem
679 4315 959 4385 indicavit,
988 4315 1341 4374 devitationis
1361 4332 1566 4390 nempe
1592 4333 1885 4389 pravorum
1913 4335 2043 4392 ope-

442 4421 590 4475 rum,
622 4415 678 4463 et
715 4405 785 4462 ad
811 4407 1068 4462 virtutem
1112 4406 1500 4463 inclinationis.
1536 4409 1682 4464 Nam
1710 4407 1850 4466 sicut
1882 4407 2041 4465 facile

2236 3531 2266 3567 (ι
2299 3505 2642 3584 Ἀποθώμεθα
2677 3497 2768 3566 οὐν
2806 3505 2874 3566 τὰ
2919 3507 3048 3587 ἔργα
3097 3513 3186 3566 τοῦ
3219 3506 3436 3575 σκότους
3461 3553 3477 3583 ,
3530 3507 3622 3568 καὶ
3663 3533 3750 3569 εν-

2149 3599 2429 3666 δυσώμεθα
2457 3597 2523 3657 τὰ
2542 3595 2685 3658 ὅπλα
2716 3602 2807 3657 τοῦ
2838 3597 3026 3678 φωτός.
3051 3619 3080 3655 ))
3119 3594 3301 3676 Ἔργα
3335 3595 3388 3634 ³⁵
3411 3599 3634 3658 ἐκάλεσε
3660 3605 3758 3667 τὰς

2149 3695 2241 3761 τῆς
2277 3688 2543 3768 ἁμαρτίας
2583 3686 2833 3767 πράξεις,
2891 3691 2961 3756 ὥς
3012 3689 3269 3769 ἐργωδίαν
3323 3687 3413 3747 καὶ
3467 3689 3756 3749 δυσκολίαν

2151 3778 2376 3859 ἐχούσας
2406 3775 2608 3849 πολλὴν
2632 3821 2648 3850 ,
2685 3777 2778 3836 καὶ
2826 3777 3094 3846 κινδύνους
3137 3776 3359 3858 μυρίους
3386 3824 3402 3854 ,
3454 3777 3546 3836 καὶ
3588 3780 3642 3837 ἕν
3675 3781 3757 3861 τῷ

2151 3874 2241 3927 νῦν
2275 3870 2427 3927 αἰῶνι
2453 3889 2466 3904 ·
2498 3866 2640 3926 ὅπλα
2667 3867 2721 3926 δὲ
2755 3867 2926 3951 φωτὸς
2947 3911 2964 3941 ,
2993 3867 3090 3935 τὰς
3109 3871 3203 3940 τῆς
3231 3868 3424 3947 ἀρετῆς
3454 3892 3467 3906 ⁸
3499 3869 3552 3926 ἐν
3581 3873 3761 3950 ἄσφα-

2152 3957 2269 4039 λείᾳ
2296 3958 2400 4038 γὰρ
2431 3960 2726 4017 καθιστῶσι
2749 3956 2837 4018 τὸν
2862 3955 3060 4024 ταύτας
3079 3956 3276 4037 ἔχοντα
3308 3981 3321 3994 ·
3365 3979 3394 4016 ιι
3418 3958 3559 4017 ὅπλα
3585 3980 3614 4015 »
3651 3958 3758 4039 γάρ

2151 4051 2276 4119 εἰσι,
2312 4049 2404 4106 καὶ
2433 4047 2666 4123 λάμπειν
2689 4052 2931 4107 ποιοῦσιο
2965 4074 2989 4099 α
3010 4046 3184 4127 φωτὸς
3209 4074 3231 4098 υ
3264 4045 3366 4127 γάρ
3395 4048 3548 4107 εἰσιν.
3577 4047 3675 4109 Ἐν
3699 4049 3756 4109 δὲ

2152 4141 2228 4217 τῷ
2260 4139 2423 4196 εἰπεῖν
2452 4186 2464 4210 ,
2501 4165 2524 4190 ιι
2544 4135 2893 4215 Ἀποθώμεθα
2915 4183 2931 4208 ,
2954 4135 3067 4207 καὶ,
3113 4157 3141 4194 (ι
3162 4134 3577 4216 Ἐνδυσώμεθα,
3609 4166 3635 4190 ιο
3656 4139 3757 4210 τὴν

2153 4227 2396 4287 εὐκολίαν
2447 4225 2760 4309 ἀμφοτέρων
2795 4226 3030 4299 ἐδήλωσε
3052 4272 3068 4299 ,
3114 4230 3209 4300 τῆς
3239 4250 3294 4285 τε
3339 4229 3617 4308 ἆποφυγῆς
3648 4231 3755 4288 τῶν

2151 4320 2395 4396 πονηρῶν
2451 4318 2730 4397 πράξεων,
2779 4319 2867 4375 καὶ
2918 4320 3011 4387 τῆς
3060 4316 3190 4395 πρὸς
3241 4315 3337 4389 τὴν
3391 4316 3582 4397 ἀρετὴν
3638 4319 3758 4378 νεύ-

2151 4429 2302 4474 σεως.
2345 4405 2560 4489 (Ὠσπερ
2591 4407 2693 4486 γὰρ
2723 4406 2938 4467 εὔκολόν
2988 4410 3129 4467 ἐστιν
3173 4407 3463 4468 ἀποθέσθαι
3494 4408 3707 4486 ἱμάτιον
3732 4457 3751 4484 ,

441 4507 526 4554 est
551 4497 828 4570 deponere
866 4495 1094 4570 pallium
1147 4504 1203 4553 et
1230 4497 1467 4554 alterum
1495 4497 1723 4555 induere
1766 4519 1778 4555 :
1817 4498 1892 4556 ita
1931 4507 1987 4556 et
2011 4515 2039 4556 a

2152 4495 2243 4555 καὶ
2270 4495 2444 4575 ἕτερον
2477 4496 2794 4557 ἐνδύσασθαι
2825 4515 2840 4530 ⁶
2889 4495 3027 4558 οὕτω
3069 4497 3162 4557 καὶ
3191 4497 3384 4558 κακίαν
3423 4501 3716 4580 ἀποφυγεῖν
3734 4545 3752 4575 ,

444 4587 572 4644 vitio
599 4585 880 4645 discedere
904 4595 960 4644 et
986 4587 1246 4644 virtutem
1259 4587 1577 4660 complecti.

513 4680 696 4735 Vnus.
751 4684 834 4735 I3.
887 4700 914 4726 ι
966 4679 1050 4735 Ut
1091 4676 1148 4732 in
1194 4676 1281 4734 die
1331 4676 1560 4735 honeste
1597 4677 1963 4736 ambulemus.
2009 4699 2037 4732 »

447 4769 614 4826 Paulo
660 4775 785 4824 ante
830 4767 969 4824 dixit
1019 4790 1044 4816 α
1101 4767 1270 4823 Diem
1316 4767 1808 4842 appropinquasse,
1851 4791 1878 4820 ι
1923 4770 2042 4842 jam

443 4873 590 4914 nunc
621 4871 751 4914 vero
778 4857 957 4929 ipsam
986 4856 1191 4913 instare
1219 4858 1494 4928 ostendit,
1529 4858 1778 4931 inquiens
1821 4876 1838 4916 :
1869 4883 1896 4909 α
1931 4863 2043 4917 Ho-

441 4953 592 5003 neste
619 4945 982 5002 ambulemus.
1020 4968 1046 4997 υ
1077 4945 1543 5019 Quandoquidem
1581 4948 1730 5004 enim
1749 4947 1893 5021 vulgi
1922 4948 2040 5022 glo-

439 5037 582 5094 riam
609 5052 908 5109 auramque
950 5036 1274 5109 popularem
1321 5037 1512 5110 magni
1541 5035 1806 5109 facerent,
1834 5038 1904 5095 ab
1943 5039 2044 5096 ho-

442 5135 654 5186 nestate
705 5141 800 5183 eos
858 5125 1044 5183 allicit.
1100 5127 1216 5182 Nec
1279 5125 1438 5193 dixit,
1505 5126 1846 5197 Ambuletis,
1911 5127 2038 5198 sed,

444 5244 469 5268 σι
502 5218 893 5289 Ambulemus,
934 5241 959 5265 ι»
995 5214 1442 5273 adhortationem
1471 5232 1629 5273 suam
1655 5217 1833 5274 levem
1871 5226 1928 5274 et
1943 5217 2043 5275 im-

440 5310 736 5366 molestam
765 5307 1035 5365 efﬁciens.
1087 5306 1231 5364 Nihil
1275 5307 1424 5363 enim
1469 5307 1606 5365 adeo
1633 5307 1892 5366 dedecori
1925 5317 2040 5378 est,

443 5408 506 5457 ut
526 5407 813 5472 peccatum
846 5417 859 5454 :
881 5398 961 5454 uti
987 5406 1042 5454 et
1067 5396 1206 5454 nihil
1239 5412 1396 5470 aeque
1415 5396 1760 5456 honestatem
1791 5401 1952 5472 parit,
1979 5415 2043 5458 ac

451 5488 565 5561 ipsa
593 5489 787 5544 virtus.

2154 4584 2248 4644 καὶ
2281 4585 2474 4667 ἀρετὴν
2507 4585 2741 4648 ἑλέσθαι.

2243 4698 2270 4733 (ι
2297 4674 2398 4745 ⁹Ως
2454 4677 2506 4759 ἐν
2554 4678 2730 4759 ἡμέρᾳ
2788 4678 3131 4758 εὐσχημόνως
3186 4676 3660 4759 περιπατήσωμεν.
3713 4701 3746 4740 n

2148 4764 2288 4826 Ἄνω
2318 4765 2414 4843 μὲν
2449 4756 2595 4826 εἶπεν
2626 4789 2640 4804 ο
2667 4756 3000 4846 ιι-’Ἦγγικεν
3029 4773 3064 4841 ἡ
3104 4756 3280 4850 ἡμέρα
3312 4792 3325 4805 ⁸
3352 4790 3381 4826 ι)
3420 4773 3510 4826 νῦν
3545 4769 3598 4828 δὲ
3643 4770 3748 4845 ἤδη

2152 4853 2318 4927 αὐτὴν
2371 4855 2737 4938 ἐφισταμένην
2788 4856 3056 4936 δείκνυσι,
3105 4857 3198 4917 καί
3238 4881 3434 4940 φησιν,
3466 4856 3548 4917 ὅτι
3587 4886 3610 4912 α
3651 4861 3755 4920 Εὐ.

2152 4943 2435 5024 σχημόνως
2469 4945 2948 5026 περιπατήσωμεν.
2991 4968 3021 5004 n
3059 4945 3286 5020 Ἐπειδὴ
3318 4947 3423 5030 γὰρ
3460 4946 3626 5016 πολὺς
3660 4953 3752 5010 αὐ·-

2151 5043 2255 5101 τοῖς
2282 5037 2376 5106 τῆς
2415 5035 2562 5116 παρὰ
2595 5038 2700 5094 τῶν
2729 5038 2943 5095 πολλῶν
2994 5035 3143 5111 δόξης
3184 5043 3210 5098 ὁ
3239 5038 3392 5116 λόγος
3410 5083 3442 5121 ε-
3471 5039 3753 5121 ἐφέλκεται

2157 5122 2348 5191 αὐτοὺς
2377 5126 2485 5184 ἀπὸ
2523 5129 2617 5198 τῆς
2645 5126 3072 5206 εὐσχημοσύνης.
3125 5127 3234 5188 Καὶ
3269 5129 3362 5187 οὐκ
3394 5118 3547 5202 εἶπε,
3591 5131 3751 5211 [lepi-

2151 5214 2389 5287 πατεῖτε,
2421 5213 2593 5289 ἀλλὰ,
2627 5243 2652 5268 σι
2685 5217 3150 5294 Περιπατήσωμεν
3173 5265 3189 5295 ,
3218 5246 3241 5272 υ
3272 5220 3548 5299 ἀνεπαχθῆ
3583 5224 3752 5278 ποιῶν

2151 5304 2245 5375 τὴν
2279 5305 2612 5385 παραίνεσιν.
2667 5305 2838 5367 Οὐδὲν
2885 5305 2987 5387 γὰρ
3037 5311 3204 5378 οὕτως
3244 5310 3632 5390 ἀσχημοσύνης
3663 5312 3755 5371 αἴ-

2149 5418 2258 5455 τιον
2285 5444 2299 5471 ,
2346 5397 2416 5464 ὣς
2466 5394 2707 5478 ἁμαρτία
2742 5419 2754 5432 ·
2795 5393 2979 5478 ὥσπερ
3029 5398 3119 5458 καὶ
3171 5397 3576 5480 εὐσχημοσύνης
3606 5400 3759 5461 οὐδὲν

2149 5483 2290 5544 οὕτω
2321 5485 2568 5568 πρόξενον
2587 5533 2604 5568 ,
2635 5490 2704 5556 ὡς
2724 5486 2920 5570 ἀρετή.

1831 5624 2024 5685 Variae
2069 5629 2374 5691 lectiones.

519 5742 563 5779 ³⁸
592 5741 747 5799 εἰπεῖν
776 5758 831 5799 0.
905 5740 948 5777 ⁸⁸
978 5742 1088 5806 τοὺς
1111 5741 1354 5818 ῥᾳθύμους
1379 5759 1433 5802 ο.
1509 5743 1554 5778 ³⁸
1582 5741 1704 5820 ἔργα
1728 5749 1928 5810 σκότους
1959 5764 2035 5806 ιη.
