4090 6412
337 409 437 462 621

335 621 473 680 ἀλλᾶ
497 622 561 682 τὸ
589 622 834 701 ἀμέτρως
858 646 871 660 ·
905 623 1024 683 οὐδὲ
1050 623 1110 682 τὸ
1141 624 1429 684 ἀπολαύειν
1470 625 1635 701 οἴνου,
1669 628 1806 688 ἀλλὰ
1838 628 1933 700 τὴν

331 710 634 790 παροινίαν.
708 715 904 789 Κῶμος
968 712 1073 795 γάρ
1129 715 1243 773 ἐστι
1300 714 1369 773 τὰ
1429 715 1563 792 μετὰ
1617 719 1779 795 μέθης
1841 717 1932 776 καὶ

335 797 536 880 ὕϐρεως
579 801 799 883 ᾄσματα
827 825 840 839 ·
871 801 901 862 ὃ
930 802 1023 863 καὶ
1053 803 1301 885 παροινία
1330 804 1565 884 λέγεται.

422 1098 455 1135 ε
479 1074 575 1149 Μὴ
627 1074 827 1143 κοίταις
872 1076 965 1135 καὶ
1004 1076 1323 1155 ἀσελγείαις.
1356 1098 1387 1136 )
1446 1076 1627 1138 Εἰπὼν
1673 1076 1798 1157 περὶ
1838 1081 1934 1151 τῆς

336 1166 501 1243 μέθης
548 1165 839 1247 πρότερον,
883 1171 975 1225 νῦν
1005 1165 1147 1245 λέγει
1175 1166 1298 1247 περὶ
1330 1170 1436 1226 τῶν
1468 1169 1528 1226 ἐκ
1573 1167 1769 1240 ταύτης
1812 1191 1933 1246 γεν-

332 1255 583 1333 νωμένων
611 1258 792 1315 κακῶν
816 1274 829 1289 ·
875 1258 936 1315 ἐκ
976 1255 1080 1335 γὰρ
1129 1258 1293 1333 μέθης
1338 1259 1393 1315 αἱ
1440 1255 1739 1335 ἀσίλγειαι.
1788 1258 1931 1318 Οὐδὲ

332 1345 438 1426 γὰρ
483 1347 704 1404 ἐνταῦθα
760 1344 823 1404 τὸ
883 1344 1165 1424 μίγνυσθαι
1219 1344 1453 1426 γυναιξὶν
1508 1348 1744 1428 ἀναιρεῖ,
1808 1347 1931 1406 οὐδὲ

333 1433 429 1506 τὴν
459 1433 666 1507 κοίτην,
705 1434 845 1494 ἀλλὰ
868 1434 930 1495 τὸ
960 1434 1258 1515 πορνεύειν.

418 1548 451 1580 ε
493 1523 590 1596 Μὴ
616 1521 747 1603 ἔριδι
776 1522 867 1583 καὶ
1120 1552 1143 1578 ι
1180 1524 1407 1597 Ἐπειδὴ
1437 1524 1505 1584 τὰ
1530 1527 1589 1585 ἐκ
1620 1529 1713 1599 τῆς
1748 1527 1930 1585 ἐπιθυ-

335 1612 462 1689 μίας
496 1612 779 1691 τικτόμενα
809 1612 1130 1687 κατέσϐεσε,
1180 1619 1271 1673 νῦν
1320 1616 1413 1676 καὶ
1443 1614 1511 1674 τὰ
1555 1617 1613 1673 ἐκ
1643 1622 1735 1675 τοῦ
1763 1619 1931 1691 θυμοῦ

334 1703 478 1764 κακὰ
526 1702 897 1765 καταστέλλει.
950 1704 1124 1765 Οὐδὲν
1170 1704 1274 1783 γὰρ
1316 1704 1455 1765 οὕτω
1502 1704 1595 1764 καὶ
1648 1704 1931 1782 ἐπιθυμίαν

336 1793 586 1867 ἀνάπτει,
615 1793 707 1853 καὶ
751 1792 913 1873 ὀργὴν
947 1794 1182 1867 ἐκκαίει,
1234 1798 1306 1862 ὡς
1355 1794 1490 1871 μέθη
1530 1795 1620 1854 καὶ
1653 1795 1923 1874 παροινία.

1214 407 1569 467 EXPOSITIO
1610 412 1676 467 IN
1716 412 1924 469 EPIST.
1966 414 2059 469 AD
2098 407 2273 469 HOM.
2315 443 2385 455 -—
2422 408 2573 468 CAP.
2618 410 2755 467 XIV.

424 553 455 591 α
484 531 579 603 Μὴ
612 531 811 609 κώμοις
839 532 928 591 καὶ
959 531 1162 610 μέθαις.
1203 558 1233 593 η
1270 537 1353 594 Οὔ
1400 536 1459 594 τὸ
1505 535 1677 596 πίνειν
1710 540 1932 614 κωλύει,
1960 544 2011 607 Α

3540 416 3645 471 522

2117 563 2143 589 α
2176 543 2299 596 Non
2336 539 2395 596 in
2435 541 2929 600 comessationibus
2976 550 3030 598 et
3058 539 3435 598 ebrietatibus.
3484 564 3509 590 ιι
3560 542 3644 597 Bi-

2044 631 2171 687 bere
2205 632 2631 707 haudquaquam
2674 642 2844 699 vetat,
2885 634 2981 691 sed
3012 633 3372 689 immoderate
3402 632 3591 688 bibere
3627 652 3637 686 :

2044 737 2227 794 neque
2250 721 2357 780 frui
2398 740 2733 797 quemquam
2764 725 2893 781 vino
2933 722 3209 797 prohibet,
3240 722 3335 778 sed
3364 722 3538 793 ipsam
3564 730 3644 777 te-

2045 812 2367 869 mulentiam
2423 822 2592 871 arcet.
2644 814 2820 886 Κῶμος
2883 814 3031 871 enim
3079 821 3164 870 est
3211 811 3495 868 cantilenae
3538 811 3645 867 illa:

2044 916 2168 974 quae
2202 902 2259 958 in
2282 902 2545 960 ebrietate
2575 919 2705 961 cum
2732 903 2932 977 injuria
2965 904 3107 960 ﬁunt
3150 925 3161 960 :
3193 901 3343 974 quod
3388 908 3441 957 et
3468 909 3647 956 temu-

2046 990 2212 1048 lentia
2232 991 2452 1050 dicitur.

2118 1104 2146 1131 α
2202 1085 2329 1140 Non
2369 1082 2427 1139 in
2469 1082 2742 1139 cubilibus
2787 1091 2845 1139 et
2895 1082 3269 1155 impudicitiis.
3328 1106 3353 1129 ι»
3398 1082 3537 1137 Cum
3577 1079 3647 1135 de

2042 1170 2307 1229 ebrietate
2333 1172 2485 1245 prius
2509 1173 2725 1229 locutus
2744 1181 2914 1239 esset,
2944 1188 3096 1229 nunc
3122 1171 3192 1227 de
3222 1171 3381 1227 malis
3426 1169 3648 1225 disserit

2041 1274 2109 1316 ex
2147 1275 2210 1316 ea
2254 1261 2414 1318 ortis.
2466 1263 2547 1318 Ex
2598 1261 2865 1319 ebrietate
2911 1262 3062 1318 enim
3109 1259 3475 1333 impudicitiae
3521 1276 3646 1331 pro-

2041 1348 2239 1407 ﬂuunt.
2281 1352 2473 1424 Neque
2496 1351 2647 1407 enim
2690 1351 2782 1407 hic
2810 1352 3076 1409 uxoribus
3095 1350 3277 1424 jungi,
3312 1364 3490 1421 neque
3526 1364 3646 1404 ma-

2040 1439 2288 1496 trimonii
2317 1440 2523 1497 lectum
2542 1440 2705 1511 tollit,
2734 1441 2832 1498 sed
2858 1442 3031 1515 ipsam
3058 1439 3499 1497 fornicationem.

2118 1552 2144 1579 α
2177 1532 2299 1587 Non
2331 1531 2390 1586 in
2404 1531 2763 1587 contentione
2784 1539 2837 1588 et
2873 1530 3245 1589 wmulatione.
3274 1554 3300 1579 ι
3332 1531 3472 1586 Cum
3501 1528 3644 1584 mala

2041 1635 2108 1677 ex
2142 1620 2577 1692 concupiscentia
2609 1630 2737 1677 nata
2766 1622 3147 1689 exstinxisset,
3170 1636 3320 1677 nunc
3349 1619 3514 1675 etiam
3553 1617 3647 1675 illa

2047 1726 2172 1784 qua
2198 1726 2264 1766 ex
2292 1710 2373 1766 ira
2416 1710 2723 1783 prodeunt,
2772 1710 3087 1782 supprimit.
3136 1709 3287 1765 Nihil
3318 1710 3473 1765 enim
3510 1708 3647 1764 adeo

2039 1798 2398 1871 cupiditatem
2424 1798 2702 1867 accendit,
2728 1805 2783 1854 et
2807 1799 2943 1855 iram
2964 1798 3294 1867 inﬂammat,
3321 1806 3385 1853 ut
3412 1796 3647 1853 ebrietas

335 1881 440 1943 Ἐκ
469 1882 524 1942 δὲ
568 1887 658 1943 τοῦ
699 1882 858 1965 ζήλου
902 1887 936 1956 ἡ
983 1884 1108 1965 ἔρις.
1157 1882 1227 1946 Ὃ
1275 1883 1379 1965 γὰρ
1432 1884 1756 1959 ζηλοτυπίαν
1794 1887 1932 1965 ἔχων

2046 1907 2109 1947 ac
2152 1888 2491 1945 temulentia.
2560 1890 2638 1944 Ex
2687 1888 3045 1945 aemulatione
3098 1896 3284 1945 autem
3342 1887 3641 1943 contentio.

336 1972 468 2055 πρός
516 1996 634 2031 τινα
655 2018 672 2050 ,
737 1963 886 2040 οὗτος
940 1963 1031 2033 καὶ
1092 1975 1165 2041 εἰς
1234 1963 1411 2052 ἔριδας
1467 1982 1651 2055 χωρεῖ.
1712 1963 1931 2034 Ἀνελὼν

2045 1980 2144 2049 Qui
2174 1979 2324 2036 enim
2366 1978 2663 2035 amulatur
2710 1978 2896 2045 alicui,
2937 1978 2985 2033 is
3030 1986 3088 2033 et
3126 1976 3195 2033 ad
3233 1977 3378 2032 rixas
3422 1991 3646 2048 progre-

334 2050 426 2120 οὖν
454 2060 506 2099 ³⁷
559 2060 654 2135 τὴν
706 2060 850 2142 ἔριν,
884 2062 1169 2142 ἀνατρέχει
1221 2050 1313 2144 καί
1340 2062 1427 2122 ἐπὶ
1599 2062 1772 2144 ἀρχὴν
1804 2064 1934 2122 ταύ-

2045 2069 2204 2125 ditur.
2231 2066 2455 2124 Sublata
2482 2066 2665 2139 itaque
2688 2067 3062 2135 contentione,
3092 2064 3163 2122 ad
3201 2064 3644 2132 aemulationem,

333 2175 459 2224 της,
491 2152 584 2223 τὴν
616 2141 961 2225 ζηλοτυπίαν.
994 2141 1149 2213 Ἐπεὶ
1179 2154 1233 2212 δὲ
1260 2141 1398 2212 οἶδεν
1428 2150 1511 2213 ὅτι
1542 2156 1606 2213 ἐκ
1774 2156 1935 2212 ἀσελ-

2045 2154 2185 2212 unde
2204 2155 2294 2211 illa
2314 2157 2575 2223 exoritur,
2606 2156 2862 2212 recurrit.
2903 2155 3180 2225 Quoniam
3220 2170 3347 2211 vero
3389 2168 3648 2225 comper-

335 2238 485 2319 γείας
546 2242 873 2301 ἀνάπτονται
943 2241 1171 2319 πόλεμοι
1228 2242 1319 2301 καὶ
1385 2245 1569 2303 οἰκιῶν
1641 2242 1938 2325 ἀνατροπαὶ

2046 2252 2170 2301 tum
2215 2244 2428 2314 habuit,
2479 2244 2622 2301 bella
2666 2261 2732 2302 ex
2784 2245 3145 2302 fornicatione
3200 2253 3256 2301 et
3303 2242 3648 2316 impudicitia

336 2330 475 2408 μετὰ
502 2334 596 2405 τῆς
625 2331 908 2413 ἀσελγείας
940 2331 1108 2414 ἔριδος
1139 2333 1232 2394 καὶ
1256 2331 1418 2406 ζήλου
1443 2333 1706 2411 ἐμνήσθη.

424 2631 450 2656 α
503 2602 641 2664 Ἀλλ’
676 2601 964 2662 ἐνδύσασθε
996 2601 1089 2662 τὸν
1132 2603 1332 2686 Κύριον
1373 2607 1531 2683 ἡμῶν
1553 2603 1761 2677 Ἰησοῦν
1810 2607 1941 2686 Χρι·

342 2692 495 2755 στόν.
552 2715 581 2751 ε
651 2691 949 2761 Ἆποδύσας
1009 2696 1155 2770 ἡμᾶς
1214 2697 1321 2752 τῶν
1374 2697 1619 2774 πονηρῶν
1679 2694 1938 2772 ἱματίων,

333 2781 659 2852 καλλωπίζει
687 2781 899 2857 λοιπὸν,
928 2781 1106 2842 οὖκίτι
1148 2781 1289 2843 ὅπλα
1322 2784 1491 2864 φωτὸς
1532 2789 1682 2861 ἡμᾶς
1715 2784 1932 2861 ἐνδύων,

338 2874 455 2931 ἀλλ’
509 2873 537 2932 ὃ
580 2872 767 2953 πολλῷ
816 2873 1269 2953 φρικωδέστερον,
1319 2872 1407 2933 τὸν
1454 2874 1613 2933 αὐτὸν
1655 2874 1935 2947 Δεσπότην

336 2961 509 3029 διδοὺς
546 2960 758 3039 ἱμάτιον
804 2964 957 3038 ἡμῖν.
1002 2960 1072 3023 Ὁ
1114 2961 1217 3044 γὰρ
1260 2968 1444 3024 τοῦτον
1482 2963 1935 3045 περιϐεϐλημένος

347 3060 515 3111 πᾶσιν
546 3049 659 3131 ἔχει
687 3050 785 3124 τὴν
820 3051 1042 3131 ἀρετήν.

425 3258 451 3285 ε
490 3230 598 3294 Καὶ
628 3233 724 3303 τῆς
753 3229 951 3311 σαρκὸς
997 3230 1248 3312 πρόνοιαν
1303 3230 1379 3310 μὴ
1420 3238 1656 3293 ποιεῖσθε
1704 3235 1778 3301 εἰς
1817 3237 1929 3295 ἐπι·
1964 3254 2009 3317 ρ

336 3320 549 3399 θυμίας.
590 3348 616 3374 ι
653 3321 739 3381 Οὖ
787 3319 850 3380 τὸ
906 3326 1247 3403 προνοεῖσθαι
1310 3325 1406 3394 ἧς
1454 3322 1651 3403 σαρκὸς
1697 3322 1931 3399 κωλύει,

338 3410 476 3470 ἀλλὰ
530 3410 589 3469 τὸ
625 3412 697 3477 εἷς
744 3410 1046 3489 ἐπιθυμίας.
1090 3412 1237 3489 Πρὸς
1276 3412 1479 3489 ὑγίειαν
1506 3459 1521 3475 .
1560 3413 1753 3494 φησὶν,
1799 3414 1939 3473 ἀλλὰ

337 3501 414 3577 μὴ
444 3500 573 3581 πρὸς
619 3499 906 3579 ἀσέλγειαν
939 3502 1193 3578 ἐπιμελοῦ
1244 3504 1342 3573 τῆς
1389 3502 1606 3582 σαρκός.
1656 3503 1798 3564 Οὐδὲ
1828 3502 1935 3581 γὰρ

336 3590 403 3650 ἂν
452 3589 534 3663 εἴη
594 3590 813 3671 πρόνοια
860 3589 1078 3663 λοιπὸν,
1129 3588 1255 3649 ὅταν
1300 3590 1397 3664 τὴν
1431 3592 1605 3672 φλόγα
1649 3593 1894 3673 ἀνάπτῃς
1918 3640 1935 3672 ,

333 3679 464 3742 ὅταν
494 3679 588 3751 τὴν
636 3680 862 3758 κάμινον
901 3678 1147 3761 χαλεπὴν
1178 3684 1357 3762 ποιῇς.
1410 3678 1516 3741 ’Ἓν
1560 3681 1711 3755 ζήτει
1744 3682 1903 3760 μόνον
1922 3729 1938 3758 ,

335 3768 481 3838 ὅπως
538 3769 875 3849 ὑγιαίνουσαν
936 3769 1062 3849 ἔχῃς
1112 3768 1209 3844 τὴν
1253 3770 1429 3851 σάρκα
1460 3794 1473 3808 ⁸
1526 3772 1828 3853 περαιτέρω
1883 3775 1937 3833 δὲ

348 3858 517 3937 μηδὶν
553 3861 918 3942 περιεργάσῃ,
968 3858 1107 3920 ὥστε
1156 3860 1250 3929 τὰς
1294 3860 1581 3938 ἐπιθυμίας
1631 3864 1797 3935 αὐτῆς
1846 3865 1941 3923 ἀν-

342 3949 514 4030 άψαι,
543 3949 677 4009 ἀλλὰ
706 3960 889 4010 πᾶσαν
921 3948 1019 4021 τὴν
1051 3948 1287 4023 σπουδὴν
1315 3949 1439 4031 περὶ
1482 3949 1549 4010 τὰ
1594 3954 1937 4031 πνευματικὰ

340 4038 615 4103 ἀνάλισκε.

906 4257 1203 4319 ΚΕΦΑΛ.
1254 4254 1367 4318 1Δ’.

422 4417 448 4443 σι
472 4389 580 4451 Τὸν
610 4389 665 4449 δὲ
706 4391 1026 4450 ἀσθενοῦντα
1145 4388 1324 4450 πίστει
1366 4390 1869 4471 προσλαμϐάνεσθε.
1899 4415 1927 4450 ι)

338 4479 544 4540 Πολλοὶ
581 4482 686 4540 τῶν
727 4479 780 4549 ἐξ
830 4478 1105 4540 Ἰουδαίων
1153 4480 1621 4556 πεπιστευκότων,
1675 4481 1768 4541 καὶ
1799 4481 1938 4560 μετὰ

334 4568 436 4641 τὴν
476 4568 652 4629 πίστιν
691 4569 978 4649 ἐφύλαττον
1026 4566 1104 4629 ἔτι
1149 4569 1247 4643 τὴν
1290 4574 1394 4629 τῶν
1431 4570 1731 4652 βρωμάτων
1761 4595 1936 4652 παρα-

335 4658 562 4737 τήρησιν
581 4706 599 4737 ,
626 4660 720 4719 καὶ
746 4658 989 4740 χοιρείων
1019 4662 1189 4738 κρεῶν
1240 4660 1527 4740 ἀπείχοντο
1547 4705 1578 4743 ,Α
1602 4658 1752 4720 οὔπω
1797 4665 1935 4743 θαῤ-

337 4752 549 4830 ῥοῦντες
587 4750 763 4810 τέλεον
816 4751 1117 4820 ἀποστῆναι
1154 4755 1247 4809 τοῦ
1288 4750 1470 4827 νόμου.
1507 4740 1645 4811 Εἶτα
1691 4749 1827 4811 ὥστε

335 4836 637 4919 εὐφώρατοι
685 4844 1019 4911 καταστῆναι
1068 4841 1138 4906 ὡς
1167 4842 1273 4897 τῶν
1304 4839 1551 4920 χοιρείων
1608 4839 1782 4917 μόνων
1834 4842 1938 4898 ἀπ-

334 4931 601 5008 εχόμενοι,
632 4928 845 4989 πάντων
873 4928 1055 4996 ἅπλῶς
1078 4929 1374 5010 ἀπείχοντο
1394 4933 1588 5009 κρεῶν,
1609 4930 1701 4988 καὶ
1725 4930 1937 5010 λάχανα

332 5018 538 5090 ἤσθιον.
591 5017 810 5100 Ἕτεροι
856 5017 1017 5078 πάλιν
1068 5009 1207 5091 ἦσαν
1270 5019 1622 5098 τελειότεροι,
1670 5018 1721 5079 οἳ
1769 5009 1935 5098 μηδὲν

336 5112 798 5189 παρατηροῦντες,
852 5108 1119 5178 ὠνείδιζον
1165 5113 1275 5177 τοῖς
1306 5116 1725 5191 παρατηροῦσιν.
1782 5110 1940 5191 Ἐφο-

338 5196 479 5272 ϐήθη
508 5196 680 5257 τοίνυν
710 5202 739 5257 ὁ
774 5201 1016 5272 Παῦλος,
1063 5198 1259 5277 μήπως
1308 5198 1537 5281 ἀκαίρως
1576 5199 1938 5272 ἐπιπλήσσον-

333 5310 453 5365 τες,
494 5288 586 5346 καὶ
636 5286 711 5367 μὴ
765 5287 902 5367 μετὰ
941 5294 1032 5347 τοῦ
1073 5289 1429 5369 προσήκοντος
1479 5288 1706 5369 τρόπου,
1756 5314 1938 5370 παρα-

339 5376 649 5437 σαλεύσωσι
689 5377 808 5445 τοὺς
850 5378 1223 5459 ἀτελεστέρους
1265 5381 1313 5437 οἱ
1352 5381 1667 5461 τελειότεροι
1706 5380 1817 5439 ἀπὸ
1847 5386 1941 5453 τῆς

339 5469 416 5536 εἰς
446 5466 681 5549 Χριστὸν
728 5466 998 5535 πίστεωςθ
1046 5468 1126 5528 διὸ
1153 5468 1247 5529 καὶ
1295 5473 1468 5551 σοφῶς
1515 5469 1941 5551 μεταχειρίζεται

340 5557 403 5617 τὸ
431 5566 686 5639 πρᾶγμα,
709 5556 962 5639 ἑκατέρου
994 5556 1182 5639 μέρους
1201 5560 1635 5641 ἐπιμελούμενος.
1668 5559 1811 5620 Οὔτε
1836 5559 1940 5641 γὰρ

2042 2335 2387 2407 exsuscitari,
2422 2334 2737 2407 aediumque
2765 2336 3167 2401 subversiones,
3212 2350 3323 2390 una
3376 2348 3505 2389 cum
3548 2332 3649 2388 im-

2046 2424 2300 2495 pudicitia
2345 2425 2722 2482 contentionis
2766 2432 2822 2481 et
2873 2424 3251 2482 aemulationis
3305 2422 3648 2478 mentionem

2047 2512 2198 2570 facit.

2119 2606 2296 2661 Vsus.
2348 2610 2434 2660 14.
2465 2626 2492 2653 ι
2524 2603 2632 2661 Sed
2681 2601 2988 2659 induamini
3027 2602 3335 2658 Dominum
3394 2608 3649 2657 nostrum

2044 2696 2230 2750 Jesum
2277 2693 2582 2750 Christum.
2630 2715 2657 2745 »
2711 2694 2878 2750 Exuit
2936 2709 3038 2749 nos
3076 2692 3259 2764 pravis
3316 2691 3649 2747 vestimentis

2045 2784 2367 2856 Apostolus,
2392 2782 2649 2855 deinceps
2667 2791 2896 2839 exornat
2915 2798 3038 2849 nos,
3063 2798 3179 2838 non
3196 2781 3313 2854 jam
3336 2782 3473 2837 lucis
3496 2797 3650 2836 arma

2045 2889 2150 2930 nos
2195 2873 2443 2940 induens,
2477 2873 2572 2929 sed
2622 2872 2771 2945 quod
2801 2872 2977 2929 multo
3010 2871 3184 2944 magis
3230 2879 3314 2927 est
3342 2869 3651 2927 formidan-

2046 2963 2204 3031 dum,
2253 2964 2435 3035 ipsum
2483 2962 2796 3019 Dominum
2839 2978 2938 3035 pro
2983 2962 3309 3019 indumento
3335 2960 3494 3017 nobis
3538 2960 3651 3016 lar-

2047 3055 2223 3126 giens.
2256 3054 2380 3109 Hoc
2426 3054 2523 3125 qui
2572 3052 2801 3110 vestitus
2844 3050 3031 3121 fuerit,
3074 3050 3226 3108 omni
3278 3066 3409 3107 sane
3449 3050 3650 3107 virtute

2048 3142 2245 3201 decora
2252 3151 2341 3199 tus
2375 3150 2476 3199 est.

2117 3256 2142 3282 «ι
2176 3236 2245 3289 Et
2269 3234 2451 3289 carnis
2491 3248 2686 3289 curam
2714 3248 2783 3288 ne
2806 3231 3081 3305 gesseritis
3123 3230 3192 3287 ad
3233 3229 3582 3302 cupiditates.
3619 3252 3644 3277 υ

2046 3326 2173 3381 Non
2214 3322 2467 3396 prohibet
2502 3322 2684 3379 carnis
2730 3336 2947 3390 curam,
2996 3320 3092 3377 sed
3137 3335 3206 3377 ne
3246 3320 3403 3393 juxta
3437 3318 3647 3393 cupidi-

2045 3423 2184 3470 tates
2211 3413 2382 3485 ipsius
2406 3413 2453 3469 ei
2492 3412 2916 3485 prospiciamus.
2950 3411 3039 3468 Ad
3087 3411 3402 3480 sanitatem,
3439 3409 3648 3481 inquit,

2046 3502 2145 3559 sed
2172 3518 2286 3559 non
2313 3502 2383 3559 ad
2406 3501 2661 3559 libidines
2689 3511 2745 3558 et
2788 3501 3094 3573 voluptates
3128 3501 3277 3557 carni
3324 3500 3642 3572 pr08picito.

2047 3595 2239 3665 Neque
2276 3591 2425 3648 enim
2471 3592 2625 3648 istaec
2680 3590 3018 3664 providentia
3072 3598 3168 3646 aut
3203 3605 3335 3645 cura
3375 3588 3559 3655 fuerit,
3602 3589 3649 3644 si

2048 3682 2333 3738 ﬂammam
2372 3680 2665 3748 accendas,
2695 3680 2741 3737 si
2776 3679 3054 3736 caminum
3096 3680 3391 3735 molestum
3428 3677 3646 3734 reddas.

2046 3774 2238 3830 Unum
2282 3772 2423 3828 istuc
2465 3771 2581 3843 99
2628 3768 3016 3826 tantummodo
3045 3783 3253 3839 quaere,
3285 3777 3347 3822 ut
3373 3783 3504 3823 caro
3534 3783 3650 3822 cor-

2047 3876 2255 3934 pusque
2300 3868 2459 3916 tuum
2488 3860 2627 3916 bene
2658 3860 2874 3915 valeat:
2917 3874 3084 3931 supra
3114 3857 3220 3913 hoc
3255 3872 3325 3913 ne
3356 3857 3429 3913 sis
3465 3855 3649 3912 adhuc

2044 3950 2311 4020 curiosus,
2343 3966 2520 4023 neque
2566 3949 2623 4006 id
2650 3964 2780 4022 agas
2819 3957 2880 4006 ut
2932 3948 3261 4021 cupiditates
3289 3947 3409 4019 ejus
3449 3962 3646 4001 accen-

2046 4040 2173 4110 das,
2204 4039 2307 4097 sed
2354 4056 2586 4097 omnem
2635 4047 2899 4097 conatum
2944 4047 3103 4095 tuum
3151 4037 3293 4095 circa
3349 4036 3649 4109 spiritualia

2047 4146 2283 4188 msume.

2630 4264 2876 4321 CAPUT
2914 4264 3067 4319 XIV.

2119 4401 2290 4456 Vsus.
2348 4403 2401 4455 1.
2448 4420 2473 4447 ι
2506 4396 2803 4454 Inﬁrmum
2855 4405 3045 4453 autem
3075 4395 3130 4451 in
3168 4394 3275 4451 ﬁde
3304 4395 3588 4452 assumite.
3622 4418 3645 4441 ιι

2050 4488 2308 4562 Plerique
2367 4487 2690 4545 Iudaeorum
2738 4485 2833 4559 qui
2898 4484 3026 4542 ﬁdei
3096 4492 3462 4552 accesserant,
3526 4494 3649 4556 post

2046 4578 2212 4636 ﬁdem
2239 4578 2425 4635 adhuc
2464 4578 2524 4634 in
2564 4577 2819 4633 ciborum
2847 4574 3229 4631 observatione
3268 4572 3580 4639 haerebant,
3620 4590 3650 4627 a

2045 4668 2204 4725 suilla
2229 4684 2396 4724 carne
2414 4666 2751 4723 abstinentes
2766 4707 2781 4735 ,
2802 4663 3057 4721 nondum
3080 4663 3193 4719 ausi
3244 4677 3468 4735 prorsus
3483 4678 3512 4716 a
3536 4661 3651 4734 lege

2045 4757 2297 4814 deﬁcere.
2330 4756 2541 4814 Deinde
2578 4771 2646 4812 ne
2684 4754 2844 4811 facile
2873 4752 3441 4826 deprehenderentur,
3464 4761 3527 4808 ut
3554 4752 3648 4824 qui

2046 4864 2077 4905 a
2098 4848 2220 4904 sola
2246 4847 2473 4919 porcina
2504 4846 2866 4912 abstinerent,
2891 4843 2959 4900 ab
2976 4843 3237 4900 omnibus
3248 4843 3505 4900 carnibus
3518 4842 3650 4898 sim-

2047 4937 2262 5010 pliciter
2288 4935 2655 5000 abstinebant,
2701 4934 2943 5007 solisque
2986 4932 3229 4990 oleribus
3280 4932 3651 4989 vescebantur.

2046 5027 2153 5083 Alii
2178 5042 2369 5083 rursus
2398 5024 2755 5098 perfectiores
2780 5032 2957 5095 erant,
2990 5024 3085 5096 qui
3111 5022 3247 5079 nihil
3276 5022 3650 5083 observantes.

2048 5115 2462 5173 observantibus
2532 5114 2991 5172 convitiabantur.
3062 5113 3282 5168 Veritus
3351 5120 3434 5167 est
3486 5111 3653 5182 igitur

2048 5206 2279 5275 Paulus,
2335 5222 2405 5262 ne
2433 5204 2785 5278 perfectiores
2824 5205 3139 5275 importune
3179 5210 3235 5257 et
3279 5216 3393 5256 non
3433 5201 3511 5255 uti
3558 5217 3656 5271 par

2048 5307 2167 5353 erat
2212 5295 2645 5369 imperfectiores
2709 5292 3061 5365 increpando,
3102 5307 3134 5347 a
3167 5288 3367 5347 Christi
3421 5289 3525 5344 ﬁde
3560 5290 3654 5346 de-

2048 5395 2320 5443 cuterent.
2337 5387 2634 5459 Propterea
2662 5383 2935 5457 sapienter
2957 5398 3076 5438 rem
3098 5380 3429 5453 aggreditur,
3456 5380 3657 5435 utrius-

2051 5492 2155 5549 que
2199 5476 2370 5549 partis
2416 5476 2693 5532 rationem
2756 5473 2986 5529 habens.
3030 5474 3220 5542 Neque
3266 5469 3416 5527 enim
3465 5468 3650 5541 objur-

2054 5566 2308 5640 gantibus
2339 5565 2575 5625 audebat
2601 5563 2783 5622 dicere
2816 5580 2830 5618 :
2871 5562 3014 5620 Male
3048 5560 3225 5634 agitis,
3272 5574 3344 5619 ne
3394 5558 3659 5633 imperfe-

1737 5667 1925 5727 Varia:
1967 5668 2271 5727 lectiones.

418 5744 462 5781 ⁸⁷
490 5746 588 5821 γὰρ
616 5762 672 5805 ο.

632 5839 865 5895 ΡΑτιιοι..
903 5837 1001 5897 Gn.
1043 5838 1259 5897 CXXIV.

3272 5838 3336 5898 l7
