4090 6452
480 428 584 487 523

1473 414 1987 482 THEOPHYLACTI
2028 416 2384 483 BULGARLE
2422 418 2737 485 ARCHIEP.

3679 435 3781 494 524

478 567 595 614 ctos
619 557 675 611 in
705 554 1083 613 observatione
1103 553 1367 609 stabiliret
1401 572 1413 608 :
1455 568 1633 623 neque
1662 568 1853 608 rursus
1892 551 2059 607 dicen

2187 561 2294 620 τοῖς
2327 556 2645 631 ἐπιτιμῶσιν
2678 556 2875 629 ἐτόλμα
2920 560 3125 637 εἰπεῖν,
3171 559 3251 618 ὅτι
3296 565 3490 630 Κακῶς
3539 568 3775 642 ποιεῖτε,

479 648 689 719 potuit,
730 648 873 701 Bene
908 645 1089 717 agitis,
1122 660 1193 700 ne
1235 643 1675 699 vehementiores
1733 650 2078 698 accusatores

2186 641 2273 701 ἵνα
2306 644 2381 720 μὴ
2432 646 2547 713 τοὺς
2593 648 2793 715 ἀτελεῖς
2840 648 3114 731 βεϐαιώσῃ
3144 653 3198 709 ἐν
3364 641 3785 733 παρατηρήσεινο

477 737 724 803 faceret;
745 734 842 791 sed
863 734 1015 790 enim
1043 733 1388 790 moderatam
1419 741 1475 789 et
1493 732 1564 789 ad
1583 740 1851 804 utrosque
1871 739 2059 802 tempe

2187 734 2306 793 οὔτε
2339 736 2533 812 πάλιν,
2580 735 2661 795 ὅτι
2697 739 2925 811 Καλῶς,
2965 737 3053 797 ἵνα
3106 739 3179 817 μὴ
3226 732 3599 823 σφοδροτέρους
3641 769 3780 803 κατ-

480 834 659 882 ratam
683 824 1127 881 adhortationem
1158 823 1303 879 facit.
1333 825 1407 878 Et
1420 821 1635 878 videtur
1657 820 1881 893 quidem
1904 820 2074 876 fortes

475 917 755 987 increpare
801 931 814 969 :
878 922 1059 969 totum
1100 922 1287 969 autem
1332 927 1639 968 sermonem
1692 911 1797 967 hoc
1848 911 1905 965 in
1949 910 2072 966 loco

473 1012 663 1061 contra
704 1003 1087 1060 imbecilliores
1128 1001 1378 1059 insumit.
1423 1000 1620 1058 Statim
1652 998 1797 1057 enim
1826 1007 1891 1055 ut
1916 998 2069 1065 dixit,

476 1118 501 1143 «ι
535 1093 841 1161 inﬁrmum,
869 1117 893 1142 ιι
917 1092 1178 1148 indicavit
1201 1107 1332 1148 eum
1359 1107 1475 1147 non
1503 1105 1621 1146 esse
1641 1088 1901 1146 validum.
1931 1090 2070 1146 Cum

476 1198 641 1256 porro
681 1182 785 1249 ait,
820 1204 844 1230 α
876 1181 1161 1253 suscipite,
1209 1203 1233 1229 ιι
1274 1188 1553 1237 monstrat
1596 1194 1727 1235 eum
1770 1177 1958 1235 sedula
1987 1177 2068 1233 in-

474 1272 660 1344 digere
708 1271 941 1328 curandi
975 1270 1216 1341 ratione,
1255 1270 1312 1327 id
1346 1269 1496 1343 quod
1534 1277 1794 1326 extremae
1822 1267 2069 1324 imbecil-

472 1362 635 1418 litatis
664 1368 1058 1434 argumentum
1087 1368 1190 1418 est.

549 1577 573 1602 ι
620 1557 747 1611 Non
794 1553 860 1609 ad
903 1552 1318 1626 dijudicationes
1367 1550 1902 1623 disceptationum.»
1944 1552 2067 1605 Hoc

471 1652 575 1711 est,
604 1659 673 1699 ne
703 1642 1018 1715 dijudicetis
1046 1642 1118 1699 ob
1148 1640 1525 1697 inﬁrmitatem
1556 1640 1748 1713 ipsius,
1779 1655 1957 1711 neque
1989 1638 2066 1695 of-

470 1732 802 1800 fendamini,
858 1748 963 1789 nec
1002 1731 1191 1787 multis
1232 1731 1663 1803 cogitationibus
1705 1728 1999 1785 turbemini
2049 1748 2061 1784 :

2184 824 2404 905 ηγόρους
2451 826 2650 907 ποιήσῃ
2685 849 2698 864 ο
2742 826 2881 886 ἀλλὰ
2932 831 3499 910 συμμε[με]τρημένην
3549 836 3780 893 ποιεῖται

2182 911 2277 984 τὴν
2322 914 2650 993 παραίνεσιν.
2689 916 2801 976 Καὶ
2846 918 2985 976 δοκεῖ
3035 917 3130 995 μὲν
3180 921 3285 987 τοῖς
3319 924 3553 1001 ἰσχυροῖς
3604 926 3779 983 ἐπιτι-

2184 1012 2291 1095 μᾷν
2314 1028 2327 1041 ο
2358 1005 2419 1062 τὸ
2450 1003 2520 1095 δὲ
2552 1014 2658 1063 πᾶν
2683 1054 2694 1076 ,
2729 1008 2801 1074 εἷς
2843 1004 2958 1073 τοὺς
3001 1007 3401 1091 ἀσθενεστέρους
3431 1015 3576 1072 κενοῖ
3618 1014 3671 1071 ἐν
3704 1018 3779 1095 τῷ

2180 1094 2311 1172 πρὸς
2371 1094 2582 1162 τούτους
2638 1095 2801 1176 λόγῳ.
2854 1096 3066 1157 Αὐτίκα
3133 1106 3255 1177 γοῦν
3315 1098 3515 1172 εἰπὼν,
3574 1125 3601 1159 ε
3666 1094 3777 1163 Τὸν

2181 1184 2533 1259 ἀσθενοῦντα,
2562 1205 2593 1242 ι)
2650 1184 2841 1254 ἔδειξεν
2891 1188 3166 1267 ἄῤῥωστον
3206 1188 3352 1248 ὄντα.
3403 1190 3515 1251 Καὶ
3564 1194 3640 1272 τῷ
3695 1194 3773 1251 εἷ-

2179 1280 2297 1332 πεῖν
2358 1271 2412 1332 δὲ
2434 1319 2451 1351 ,
2528 1296 2559 1332 (ι
2619 1273 3144 1355 Προσλαμϐάνεσθε,
3197 1297 3227 1335 ι)
3295 1277 3527 1339 δείκνυσι
3579 1271 3779 1353 πολλῆς

2180 1361 2423 1453 δεόμενον
2478 1362 2816 1442 ἐπιμελείας,
2875 1364 3006 1446 ὅπερ
3051 1369 3271 1444 σημεῖον
3320 1367 3555 1449 ἐσχάτης
3601 1372 3775 1453 ἀόρω-

2179 1476 2349 1519 στιας.

2266 1564 2297 1600 (ι
2343 1541 2438 1614 Μὴ
2493 1546 2565 1610 εἷς
2614 1544 2899 1625 διακρίσεις
2950 1545 3329 1622 διαλογισμῶν.
3386 1570 3413 1603 ι
3464 1535 3771 1625 ήΤουτέστι,

2177 1632 2253 1709 μὴ
2310 1633 2696 1713 διακρινόμενοι
2747 1633 2837 1693 ἐπὶ
2894 1637 2961 1715 τῇ
3014 1637 3286 1717 ἀσθενείᾳ,
3340 1638 3431 1695 καὶ
3484 1641 3774 1699 σκανδαλι-

2175 1722 2417 1802 ζόμενοι,
2467 1722 2559 1782 xui
2597 1725 2872 1803 λογισμοῖς
2920 1726 3137 1792 πολλοῖς
3190 1726 3575 1805 ταραττόμενοι
3603 1754 3614 1767 ·
3657 1730 3775 1787 ἀλλ’

470 1832 731 1879 caeterum
768 1830 1030 1895 tanquam
1061 1821 1345 1877 inﬁrmum
1381 1829 1436 1877 et
1464 1828 1734 1893 aegrotum
1774 1818 1930 1876 omni
1966 1833 2059 1873 cu-

2182 1816 2253 1881 ὡς
2284 1816 2477 1885 ἀσθενῆ
2504 1812 2630 1873 ὄντα
2662 1813 2838 1887 πάσης
2863 1812 3147 1895 θεραπείας
3177 1814 3463 1884 ἀξιοῦντες.

471 1911 632 1968 randi
657 1912 873 1968 ratione
903 1911 1175 1984 suscipite.

539 2004 717 2059 Vnus.
767 2007 818 2057 2.
856 2024 882 2050 α
922 2001 1072 2057 Alius
1106 1999 1328 2073 quidem
1359 1999 1536 2057 credit
1570 2001 1736 2056 licere
1778 1998 1881 2054 sibi
1920 1995 2066 2053 vesci

466 2091 826 2166 quibuslibet,
885 2091 979 2163 qui
1022 2106 1157 2146 vero
1202 2089 1460 2146 inﬁrmus
1500 2099 1606 2157 est,
1636 2087 1873 2144 vescitur
1901 2084 2065 2143 oleri-

468 2183 589 2239 bus.
650 2206 673 2231 ι
703 2178 1022 2237 Perfectum
1074 2188 1129 2235 et
1183 2178 1576 2251 imperfectum
1625 2182 1928 2250 comparat,
1980 2175 2065 2230 in-

465 2271 657 2343 quiens
687 2288 701 2325 :
730 2269 1033 2336 Perfectus,
1059 2268 1169 2326 ﬁde
1217 2284 1313 2324 sua
1343 2268 1540 2335 fretus,
1582 2267 1766 2325 omnia
1814 2264 2067 2322 indiscri-

464 2361 721 2417 minatim
742 2359 885 2416 edit:
908 2358 1282 2432 imperfectior
1311 2374 1469 2428 vero,
1500 2366 1762 2431 tanquam
1780 2356 2062 2421 inﬁrmus,

461 2451 605 2507 olera
635 2449 894 2506 comedit.
926 2450 1139 2522 Dignus
1169 2450 1352 2521 itaque
1382 2452 1465 2505 est
1493 2457 1554 2504 ut
1583 2455 1826 2517 curetur,
1851 2461 1968 2502 non
2002 2452 2066 2501 ut

460 2540 840 2613 objurgatione
866 2539 977 2595 acri
1006 2540 1392 2596 absterreatur.

529 2632 714 2686 Vnus.
743 2636 797 2686 3.
828 2652 853 2678 ι
886 2629 992 2702 Qui
1019 2629 1274 2696 vescitur,
1306 2644 1419 2684 non
1464 2637 1779 2686 vescentem
1819 2647 1889 2688 ne
1932 2648 2064 2688 con-

457 2728 692 2787 temnat,
723 2726 776 2774 et
801 2719 897 2790 qui
927 2734 1043 2774 non
1071 2718 1330 2785 vescitur,
1361 2725 1675 2775 vescentem
1708 2736 1777 2775 ne
1807 2720 2015 2792 judicet
2048 2740 2062 2778 :

459 2814 613 2865 Deus
634 2808 784 2863 enim
798 2807 957 2863 illum
978 2807 1291 2878 assumpsit.
1317 2830 1342 2855 ι»
1357 2807 1463 2876 Qui
1483 2808 1667 2863 omnia
1683 2807 1940 2879 edebant,
1961 2826 2065 2867 ceu

459 2896 845 2971 perfectiores,
870 2913 982 2953 non
1012 2895 1239 2953 edentes
1267 2895 1697 2967 vilipendebant,
1728 2913 1827 2953 ceu
1849 2899 2065 2956 modica

459 2988 565 3043 ﬁde
602 2987 869 3053 imbutos,
915 3002 978 3041 ac
1021 2984 1202 3041 adhuc
1245 2984 1622 3041 Judaizantes.
1672 2987 1897 3057 Contra,
1956 3004 2067 3045 non

460 3075 1123 3148 vescentes,qquibuslibet
1164 3083 1446 3131 vescentes
1486 3075 1835 3147 judicabant,
1866 3092 2068 3150 eosque

458 3165 904 3224 condemnabant
957 3173 1019 3222 ut
1056 3164 1280 3236 gulosos
1318 3172 1374 3219 et
1401 3180 1647 3221 voraces.
1699 3166 1837 3237 Quia
1880 3175 2065 3224 autem

461 3256 707 3329 plerique
730 3255 933 3311 horum
962 3270 992 3309 e
1027 3253 1289 3326 gentibus
1318 3262 1500 3323 erant,
1535 3278 1559 3303 (ι
1592 3257 1760 3325 Deus,
1802 3279 1828 3305 io
1857 3256 2055 3329 inquit,
2082 3247 2087 3251 ’

461 3373 484 3397 ιι
526 3348 707 3421 ipsum
756 3348 1080 3420 assumpsit,
1140 3370 1167 3398 η
1209 3346 1315 3403 hoc
1356 3355 1471 3416 est,
1519 3347 1857 3406 ineffabilem
1896 3366 2055 3407 suam

453 3439 685 3512 gratiam
731 3454 862 3511 erga
890 3453 1017 3494 eum
1049 3437 1518 3494 commonstravit.
1550 3438 1698 3507 Quid
1734 3438 1904 3511 igitur
1929 3456 2056 3497 cum

451 3546 516 3585 eo
538 3528 605 3585 de
633 3528 748 3600 lege
772 3526 1041 3599 disputas,
1075 3527 1241 3598 100
1269 3542 1396 3583 cum
1427 3527 1677 3585 Christus
1706 3528 1863 3585 illum
1896 3529 2056 3602 justi-

454 3617 635 3674 ﬁcavit
655 3620 680 3673 Ρ

521 3710 705 3764 Vens.
737 3713 792 3764 4.
824 3730 849 3756 κ
882 3707 967 3761 Tu
1004 3706 1126 3779 quis
1170 3721 1227 3762 es
1269 3706 1363 3780 qui
1388 3705 1597 3779 iudicas
1637 3706 1883 3764 alienum
1932 3724 2055 3765 ser-

451 3801 620 3854 vum?
648 3798 759 3854 Suo
795 3795 1025 3853 domino
1054 3804 1162 3853 stat
1189 3804 1285 3853 aut
1312 3795 1462 3853 cadit
1493 3821 1518 3846 »
1550 3796 1640 3852 Ad
1673 3796 2052 3869 perfectiorem

446 3888 550 3943 hoc
584 3887 840 3959 loquitur,
866 3885 1146 3943 abducens
1170 3887 1352 3959 ipsum
1381 3896 1442 3943 ut
1460 3896 1851 3960 acontemptu,
1880 3888 1957 3945 sic
1991 3897 2056 3959 ,et

449 3993 477 4031 a
531 3974 1008 4032 condemnatione.
1042 3978 1296 4047 Utraque
1323 3977 1470 4031 enim
1512 3976 1879 4033 admittebant
1929 3993 2054 4049 per-

448 4064 727 4131 fectiores,
791 4074 1153 4134 aspernantes
1202 4064 1470 4120 nimirum
1521 4072 1576 4119 et
1624 4065 2056 4122 condemnantes

448 4151 894 4225 imperfectiores.
929 4152 1251 4208 Clanculum
1277 4160 1463 4208 autem
1494 4160 1548 4208 et
1573 4150 1662 4208 hic
1704 4153 2055 4225 imperfectos

449 4241 782 4315 perstringit.
831 4242 955 4296 Non
997 4240 1147 4296 enim
1188 4242 1319 4313 quia
1347 4242 1435 4297 illa
1479 4240 1645 4298 faciat
1682 4257 1805 4314 quae
1821 4243 2054 4316 judicari

449 4347 557 4387 non
589 4337 926 4397 mereantur,
968 4338 1197 4402 propter
1221 4329 1327 4386 hoc
1364 4338 1421 4386 te
1448 4346 1561 4386 non
1582 4331 1832 4403 judicare
1856 4331 2049 4405 jubeo,

447 4436 637 4476 verum
684 4419 809 4492 quia
837 4419 1041 4476 alienus
1077 4434 1267 4476 servus
1295 4429 1407 4489 est,
1441 4419 1548 4476 hoc
1576 4428 1693 4491 est,
1727 4437 1843 4478 non
1887 4429 2049 4493 tuus,

2256 2015 2287 2052 (ι
2313 1992 2417 2060 ⁸ος
2464 1993 2561 2071 μὲν
2608 1991 2850 2053 πιστεύει
2901 1994 3086 2076 φαγεῖν
3117 1994 3291 2054 πάντα
3321 2020 3335 2034 ο
3376 1999 3405 2055 6
3448 1995 3503 2055 δὲ
3535 1998 3768 2057 ἀσθενῶν

2167 2084 2377 2163 λάχανα
2440 2084 2624 2146 ἐσθίει.
2681 2104 2711 2141 n
2792 2084 3074 2165 Συγκρίνει
3134 2084 3223 2144 τὸν
3279 2085 3478 2145 τέλειον
3540 2088 3632 2146 καὶ
3681 2087 3770 2147 τὸν

2169 2176 2331 2245 ἀτελῆ
2351 2220 2366 2248 ,
2394 2172 2486 2232 καί
2514 2197 2674 2253 φησιν
2696 2219 2713 2250 ,
2747 2172 2827 2231 ὅτι
2869 2178 2897 2233 6
2935 2174 3033 2252 μὲν
3071 2173 3296 2249 τέλειος,
3326 2180 3393 2256 τῇ
3418 2175 3603 2236 πίστει
3634 2180 3768 2257 θαῤ-

2167 2265 2304 2344 ῥῶν,
2350 2263 2526 2322 πάντα
2564 2262 2863 2345 ἀδιαφόρως
2894 2262 3052 2323 ἐσθίει
3083 2287 3096 2301 ο
3141 2267 3169 2322 6
3213 2265 3267 2323 δὲ
3303 2265 3642 2346 ἀτελέστερος
3700 2265 3773 2341 ³⁸,

2167 2353 2259 2413 ἅτε
2291 2356 2525 2414 ἀσθενῶν
2545 2400 2560 2428 ,
2590 2354 2805 2434 λάχανα
2840 2352 3023 2415 ἐσθίει.
3069 2350 3248 2413 Ὥστε
3279 2354 3421 2424 ἄξιος
3469 2362 3563 2416 τοῦ
3610 2361 3769 2438 θερα-

2166 2442 2423 2503 πεύεσθαι
2447 2491 2464 2523 ,
2495 2442 2615 2523 οὐχὶ
2645 2447 2740 2503 τοῦ
2771 2442 3265 2524 προσπλήττεσθαι.

2254 2645 2285 2681 σ
2324 2622 2394 2684 Ὁ
2427 2623 2614 2684 ἐσθίων
2642 2622 2732 2683 τὸν
2764 2622 2838 2700 μὴ
2879 2623 3120 2683 ἐσθίοντα
3157 2622 3232 2701 μὴ
3275 2623 3607 2693 ἐξουθενείτω
3631 2650 3644 2664 ·
3677 2626 3769 2685 xui

2166 2719 2194 2774 6
2224 2712 2299 2787 μὴ
2331 2713 2518 2772 ἐσθίων
2553 2713 2643 2772 τὸν
2678 2712 2918 2772 ἐσθίοντα
2970 2712 3045 2791 μὴ
3076 2714 3320 2793 κρινέτω.
3370 2713 3441 2775 εΟ
3490 2716 3623 2783 Θεὸς
3660 2716 3763 2796 γὰρ

2167 2803 2324 2860 αὐτὸν
2353 2802 2740 2883 προσελάϐετο.
2777 2824 2805 2859 ι)
2838 2804 2910 2862 Οἱ
2940 2803 3119 2861 πάντα
3148 2803 3404 2871 ἐσθίοντες
3422 2850 3438 2878 ,
3469 2807 3541 2871 ὡς
3566 2804 3765 2865 τελειό-

2167 2914 2341 2972 τεροι,
2390 2890 2511 2959 τοὺς
2562 2891 2639 2969 μὴ
2682 2891 2948 2959 ἐσθίοντας
3002 2891 3361 2966 ἐξηυτέλιζον,
3400 2896 3472 2961 ὡς
3525 2895 3768 2973 ὀλιγοπί-

2168 3003 2323 3049 στους
2357 2980 2449 3039 xui
2479 2976 2863 3048 Ἰουδαίζοντας
2894 2980 2992 3039 ἔτι.
3045 2981 3220 3040 Πάλιν
3244 3024 3260 3052 ,
3306 2987 3354 3042 οἳ
3386 2981 3462 3059 μὴ
3510 2984 3769 3050 ἐσθίοντες

2174 3071 2483 3150 κατέκρινον
2533 3067 2654 3137 τοὺς
2703 3068 2972 3135 ἐσθίοντας
3017 3068 3240 3151 Απάντα,
3299 3074 3370 3138 ὥς
3423 3071 3767 3151 λαιμάργους.

2176 3148 2399 3232 Ἐπειδὴ
2432 3158 2487 3218 δὲ
2527 3157 2620 3217 xui
2651 3157 2702 3195 3°
2734 3156 2787 3226 ἐξ
2818 3159 2980 3216 ἐθνῶν
3012 3148 3148 3230 ἦσαν
3181 3158 3367 3219 πολλοὶ
3398 3148 3769 3240 τούτων-,ἐφη-

2173 3248 2289 3323 σὶν,
2340 3247 2419 3307 ὅτι
2471 3246 2594 3308 ((⁸0
2623 3248 2759 3314 Θεὸς
2791 3246 2948 3305 αὐτὸν
2978 3247 3343 3329 προσελάϐετο
3371 3272 3383 3285 ·
3416 3276 3441 3302 ιι
3482 3250 3721 3309 τουτέστι
3749 3295 3765 3322 ,

2165 3337 2263 3409 τὴν
2310 3339 2510 3419 ἄφατον
2543 3341 2703 3397 αύτοῦ
2751 3336 2911 3417 χάριν
2961 3336 3085 3413 περὶ
3122 3337 3278 3397 αὐτὸν
3312 3337 3639 3408 ἐπεδείξατο.
3690 3339 3764 3400 Τί

2164 3426 2336 3487 τοίνυν
2383 3430 2528 3508 αὐτῷ
2580 3427 2697 3508 περὶ
2740 3425 2904 3505 νόμου
2948 3427 3202 3509 διαλέγῃ,
3261 3427 3393 3488 ὅπου
3441 3451 3501 3507 γε
3545 3428 3704 3489 αὐτὸν
3731 3432 3760 3488 6

2163 3518 2395 3597 Χριστὸς
2429 3518 2736 3577 ἐδικαίωσεν
2754 3542 2769 3593 ;

2242 3725 2267 3753 α
2296 3698 2375 3759 Σὺ
2399 3696 2476 3767 τίς
2496 3687 2545 3757 εἶ
2565 3700 2594 3757 6
2622 3698 2814 3779 κρίνων
2836 3698 3114 3778 ἀλλότριον
3135 3699 3379 3775 οἰκέτηνς
3410 3703 3508 3779 Τῷ
3532 3698 3649 3782 ἰδίῳ
3672 3724 3767 3759 κυ-

2164 3788 2261 3871 ρίῳ
2291 3787 2478 3862 στήκει
2506 3787 2541 3861 ἢ
2572 3788 2780 3851 πίπτει.
2821 3809 2851 3847 ι)
2891 3791 3035 3869 Πρὸς
3065 3789 3154 3848 τὸν
3186 3790 3386 3850 τέλειον
3417 3791 3559 3868 λέγει
3593 3796 3766 3864 τοῦτο,

2163 3878 2385 3957 ἀπάγων
2416 3878 2575 3937 αὐτὸν
2621 3878 2804 3958 ὥσπερ
2850 3883 2941 3937 τοῦ
2990 3878 3303 3954 ἐξουθενεῖν,
3354 3879 3495 3939 οὕτω
3528 3879 3619 3938 καὶ
3666 3886 3763 3940 τοῦ

2162 3967 2498 4043 κατακρίνειν
2534 3989 2547 4003 ·
2579 3968 2857 4048 ἀμφότερα
2899 3967 3002 4046 γὰρ
3051 3967 3262 4027 ἐποίουν
3317 3971 3364 4027 οἳ
3417 3970 3768 4051 τελειότεροι,

2163 4057 2253 4115 καὶ
2288 4056 2644 4128 ἐξηυτέλιζον,
2698 4056 2789 4113 xui
2835 4056 3150 4134 κατέκρινον
3192 4061 3310 4122 τοὺς
3363 4058 3757 4140 ἀτελεστέρους.

2166 4143 2543 4211 Λανθανόντως
2573 4142 2628 4203 δὲ
2651 4146 2875 4204 ἐνταῦθα
2915 4149 3004 4203 τοῦ
3037 4146 3255 4213 ἀτελοῦς
3279 4146 3631 4205 καθάπτεται.
3678 4149 3763 4207 Οὔ

2163 4232 2264 4313 γὰρ
2297 4232 2478 4306 ἐπειδὴ
2526 4232 2646 4303 ἄξια
2678 4236 2772 4293 τοῦ
2815 4233 2890 4310 μὴ
2935 4233 3203 4313 κρίνεσθαι
3251 4238 3432 4313 ποιεῖ,
3470 4235 3558 4295 διὰ
3610 4241 3767 4295 τοῦτο

2163 4322 2360 4383 κελεύω
2396 4322 2473 4400 μὴ
2507 4323 2701 4404 κρίνειν
2724 4369 2741 4399 ,
2788 4324 2906 4383 ἀλλ’
2955 4323 3142 4396 ἐπειδὴ
3191 4324 3465 4404 ἀλλότριός
3504 4326 3647 4383 ἐστιν
3680 4327 3761 4384 οἶ-

2160 4411 2347 4485 κέτης,
2379 4413 2649 4473 τουτέστιν
2672 4459 2687 4483 ,
2721 4414 2782 4472 οὗ
2826 4412 2947 4491 σὸς,
2992 4413 3130 4474 ἀλλὰ
3161 4419 3251 4473 τοῦ
3281 4415 3445 4495 Θεοῦ.
3486 4415 3603 4476 Κᾶν
3652 4415 3759 4495 γὰρ

445 4510 540 4567 sed
584 4510 707 4567 Dei.
751 4512 894 4566 Nam
924 4509 1139 4566 etiamsi
1186 4509 1441 4566 inﬁrmus
1477 4508 1673 4579 fuerit,
1721 4526 1833 4567 non
1857 4518 2048 4569 tamen

2167 4504 2383 4581 ἀσθενῆ,
2420 4502 2536 4562 ἀλλ’
2571 4505 2666 4562 οὐκ
2694 4501 2904 4571 ἐξέπεσε
2937 4510 3027 4563 τοῦ
3069 4503 3273 4576 οἰκέτης
3317 4493 3451 4564 εἶναι
3486 4528 3500 4542 ·
3526 4506 3622 4564 οὐκ
3668 4493 3761 4565 οῦν

440 4600 641 4657 excidit
667 4600 735 4655 ab
773 4616 838 4656 eo
866 4598 1018 4672 quod
1054 4600 1125 4655 sit
1152 4615 1338 4655 servus
1363 4620 1379 4663 ;
1411 4616 1581 4673 quare
1603 4617 1716 4656 non
1745 4608 1828 4657 est
1874 4601 1943 4658 de
1984 4618 2050 4660 eo

444 4688 869 4761 desperandum.
929 4690 1198 4745 Animum
1238 4697 1426 4747 autem
1474 4706 1662 4746 rursus
1707 4691 1757 4746 ei
1807 4691 2045 4762 addens,

444 4794 559 4834 non
587 4777 742 4845 dixit,
778 4777 947 4847 cadit,
992 4777 1091 4834 sed
1138 4798 1167 4829 «
1196 4781 1313 4835 Stat
1339 4787 1433 4835 aut
1456 4779 1621 4835 cadit.
1668 4799 1697 4833 »
1736 4780 1862 4836 Sive
1899 4781 2045 4838 enim

444 4869 577 4937 hoc,
625 4868 735 4924 sive
760 4868 891 4924 illud
916 4867 1214 4940 contingat,
1259 4868 1329 4926 ad
1355 4868 1645 4925 dominum
1685 4870 1926 4943 pertinet
1962 4872 2046 4928 vel

444 4958 718 5014 damnum
742 4957 1017 5024 cadentis,
1067 4958 1147 5014 vel
1181 4959 1378 5015 stantis
1409 4959 1645 5015 lucrum.

514 5070 539 5096 ι
564 5048 849 5104 Statuetur
868 5055 1053 5103 autem
1089 5065 1102 5103 :
1132 5058 1324 5120 potens
1350 5056 1434 5105 est
1450 5049 1598 5106 enim
1627 5048 1904 5108 Dominus
1940 5057 2047 5107 sta-

440 5149 593 5195 tuere
620 5139 820 5209 ipsum.
854 5161 881 5188 ι
906 5139 1045 5195 Cum
1070 5138 1163 5208 ait,
1196 5162 1220 5187 «
1257 5146 1549 5209 statuetur,
1583 5140 1833 5196 vindicat
1863 5140 2043 5212 ipsum

440 5227 623 5285 adhuc
652 5228 860 5284 moveri
890 5235 947 5284 et
986 5229 1204 5285 concuti
1234 5245 1408 5301 usque
1436 5229 1572 5285 adeo
1593 5272 1607 5296 ,
1654 5237 1716 5286 ut
1752 5230 1870 5286 solo
1922 5232 2042 5287 Deo

440 5318 825 5377 conﬁrmatore
854 5335 993 5392 opus
1021 5318 1236 5375 habeat.
1273 5320 1435 5389 Quod
1459 5317 1526 5375 de
1548 5318 1707 5391 plane
1742 5318 2043 5393 desperatis

442 5407 701 5465 dicimus.

508 5498 685 5557 Vnus.
719 5502 772 5553 5.
805 5519 829 5545 ι
861 5497 1018 5553 Alius
1043 5496 1270 5569 quidem
1285 5497 1500 5570 judicat
1524 5497 1674 5554 diem
1694 5498 1838 5556 inter
1867 5498 2037 5568 diem,

437 5583 577 5641 alius
604 5600 736 5641 vero
765 5586 977 5657 judicat
1002 5602 1227 5643 omnem
1262 5587 1428 5643 diem.
1465 5609 1492 5635 ι
1530 5588 1795 5644 Nonnulli
1846 5587 2033 5645 inedia

2159 4592 2541 4673 ἀπογνωστέος.
2598 4593 3088 4673 Παραμυθούμενος
3129 4593 3183 4652 δὲ
3215 4594 3377 4653 πάλιν
3423 4594 3585 4653 αὐτὸν
3609 4642 3626 4671 ,
3661 4596 3759 4654 οὐκ

2158 4671 2450 4755 εἶπεν,“8τι
2497 4671 2709 4756 πίπτεις
2750 4681 2923 4761 ἀλλὰ,
2969 4704 3001 4742 α
3031 4682 3232 4755 Στήκει
3335 4684 3523 4743 πίπτει
3559 4703 3572 4718 ·
3630 4708 3660 4741 ι
3700 4685 3762 4743 ἄν

2154 4795 2211 4829 τε
2240 4770 2294 4830 δὲ
2324 4778 2479 4831 τοῦτο
2500 4819 2516 4846 ,
2552 4773 2614 4831 ἄν
2656 4795 2713 4830 τε
2746 4775 2914 4832 ἐκεῖνο
2938 4817 2956 4847 ,
2987 4777 3065 4854 τῷ
3098 4774 3330 4853 δεσπότῃ
3360 4772 3598 4855 διαφέρει
3621 4820 3637 4848 ,
3670 4773 3762 4833 xui

2153 4865 2186 4934 ἡ
2218 4861 2382 4940 ζημία
2410 4862 2692 4927 πίπτοντος
2712 4909 2728 4939 ,
2761 4860 2853 4921 xui
2874 4864 2902 4920 6
2922 4863 3149 4929 πλοῦτος
3173 4864 3418 4932 ἑστῶτος.

2243 5063 2274 5099 ιι
2304 5039 2638 5112 Σταθήσεται
2667 5040 2725 5099 δέ
2742 5065 2757 5078 ι
2789 5040 3009 5109 δυνατὸς
3036 5041 3138 5122 γάρ
3170 5043 3315 5101 ἐστιν
3338 5045 3367 5101 6
3395 5041 3533 5110 Θεὸς
3558 5046 3757 5117 στῆσαι

2153 5132 2244 5191 xui
2296 5129 2477 5192 αὐτόν.
2529 5158 2555 5182 ι·
2617 5130 2714 5190 Ἐν
2756 5133 2832 5210 τῷ
2862 5133 3062 5209 εἰπεῖν,
3093 5129 3176 5191 ὅτι
3238 5155 3267 5191 ‹
3308 5132 3643 5203 Σταθήσεται
3671 5180 3685 5206 ,
3720 5155 3749 5191 ι

2154 5223 2412 5281 δείκνυσιν
2456 5220 2533 5279 ἔτι
2579 5221 2959 5299 σαλευόμενον,
2995 5222 3089 5282 xui
3135 5227 3412 5303 τοσοῦτον,
3444 5223 3582 5283 ὥστε
3612 5227 3757 5285 Θεοῦ

2154 5311 2315 5387 μόνου
2348 5312 2551 5369 δεῖσθαι
2582 5316 2677 5371 τοῦ
2707 5310 2990 5385 στήσοντος
3021 5332 3036 5347 ⁸
3068 5310 3198 5394 ὅπερ
3222 5312 3275 5350 ⁴⁰
3302 5313 3393 5373 ἐπὶ
3420 5316 3525 5373 τῶν
3547 5314 3756 5396 σφόδρα

2151 5400 2581 5480 ἀπεγνωσμένων
2611 5402 2863 5481 λέγομεν.

2236 5515 2264 5549 ε
2297 5489 2400 5557 ⁸ος
2433 5491 2529 5569 μὲν
2559 5491 2725 5572 κρίνει
2767 5491 2976 5573 ἡμέραν
3016 5491 3144 5573 παρ’
3184 5491 3391 5573 ἡμέραν
3414 5541 3427 5561 ,
3464 5492 3516 5559 ὃς
3553 5491 3606 5553 δέ
3646 5503 3751 5552 πᾶο

2147 5606 2246 5640 σαν
2291 5580 2522 5662 ἡμέραν.
2556 5609 2581 5633 ιο
2627 5574 2809 5643 Ἦσάν
2860 5607 2993 5651 τινες
3037 5582 3374 5656 νηστεύοντες
3399 5627 3416 5660 ,
3457 5580 3611 5653 ἢκαὶ
3642 5587 3749 5643 τῶν

1824 5688 2014 5748 Variae
2062 5690 2364 5751 lectiones.

508 5762 552 5798 ³⁸
580 5762 922 5837 ἀσθενέστερος
952 5781 1001 5822 0.
1080 5765 1124 5801 ³⁸
1150 5765 1255 5821 ἐπεὶ
1282 5761 1371 5821 οὖν
1403 5766 1486 5820 καὶ
1509 5783 1563 5824 0.
1642 5767 1685 5801 ⁸ο
1712 5769 1843 5833 ὅπως
1866 5784 1916 5827 ο.
