4090 6422
347 471 453 524 525

1256 468 1609 530 EXPOSITIO
1648 474 1713 531 IN
1754 471 1966 532 EPIST.
2007 475 2098 532 AD
2144 474 2309 533 ROM.
2347 508 2421 519 —
2457 473 2606 534 CAP.
2648 476 2802 535 XIV.

3554 489 3657 542 526

342 595 588 677 χοιρείων
622 596 948 675 ἀπεχόμενοι
997 595 1155 677 ῥητάς
1193 622 1337 667 τινας
1386 600 1593 679 ἡμέρας
1624 619 1637 631 ⁸
1690 602 1856 680 ἕτεροι
1888 603 1943 661 δὲ

2055 611 2107 658 et
2127 603 2340 676 jejunio
2364 619 2481 660 sese
2510 605 2884 670 macerabant,
2913 614 3007 662 aut
3032 608 3205 665 etiam
3252 625 3281 665 a
3313 610 3468 665 suilla
3490 628 3656 668 carne

341 686 570 745 πάντοτε
601 687 856 753 ἐσθίοντες
880 730 897 759 ,
939 685 991 745 οἳ
1029 686 1122 746 καὶ
1152 689 1460 770 κατέκρινον
1503 691 1620 758 τοὺς
1651 691 1938 766 νηστεύον-

343 799 455 841 τας.
493 774 627 854 Περὶ
654 772 852 834 τούτων
887 766 979 835 οὐν
1008 800 1167 858 φησιν
1188 826 1204 850 ,
1234 766 1497 846 δτι-ἄλλος
1538 779 1713 849 ἄλλως
1747 781 1938 860 κρίνει,

340 862 433 921 καὶ
461 864 747 945 ἀδιάφορόν
781 867 891 925 ἐστι
922 865 981 925 τὸ
1004 876 1255 948 πρᾶγμα.
1283 870 1366 929 Οὐ
1398 870 1472 927 δεῖ
1501 860 1590 928 οὐν
1616 871 1940 942 πλήττεσθαι

340 952 460 1020 τοὺς
517 953 772 1034 ἀδελφοὺς
819 954 977 1036 χάριν
1030 956 1238 1018 τούτου.
1289 960 1479 1018 Ταῦτα
1540 959 1593 1018 δὲ
1657 983 1940 1039 συγκατα-

345 1042 517 1102 ϐαίνει
551 1044 725 1112 αὐτοῖς
765 1043 853 1103 διὰ
884 1044 944 1103 τὸ
971 1045 1218 1128 νεόφυτον
1249 1051 1345 1120 τῆς
1370 1047 1598 1117 πίστεως
1628 1052 1831 1111 αὐτῶν.

432 1247 463 1283 α
488 1221 753 1292 Ἕκαστος
783 1227 835 1283 ἐν
865 1228 941 1306 τῷ
963 1224 1077 1307 ἰδίῳ
1099 1222 1189 1309 νοῒ,
1215 1228 1674 1309 πληροφορείσθω.
1704 1258 1726 1281 ν
1758 1228 1936 1291 ⁰Οταν

342 1314 440 1401 μὲν
470 1313 592 1396 περὶ
621 1314 900 1393 δογμάτων
930 1318 957 1374 6
993 1313 1143 1394 λόγος
1172 1308 1244 1397 ᾖ,
1281 1321 1339 1377 οὐ
1376 1308 1627 1396 δεῖγὴμᾶς
1659 1322 1735 1399 τῷ
1757 1320 1937 1401 οἰκείῳ

340 1399 421 1463 νοῒ
444 1407 891 1487 πληροφορεῐσθαι
909 1453 923 1478 ,
954 1406 1073 1464 ἀλλ’
1108 1406 1142 1465 ἃ
1167 1407 1543 1486 παρελάϐομεν
1561 1454 1576 1482 ,
1607 1415 1777 1468 ταῦτα
1806 1399 1937 1469 κατξ

342 1494 483 1573 ἐχειν
505 1540 520 1566 ,
553 1493 655 1553 κᾶν
690 1492 915 1576 ἄγγελος
960 1494 1013 1564 ἐξ
1048 1500 1284 1575 οὐρανῶν
1320 1497 1477 1578 ἔτερα
1507 1501 1934 1578 εὐαγγελίζηται.

338 1580 510 1645 Ἔνθα
541 1584 594 1642 δὲ
619 1585 739 1665 περὶ
780 1584 1081 1666 βρωμάτων
1110 1586 1199 1644 καὶ
1228 1588 1473 1659 νηστείας
1503 1590 1529 1646 6
1559 1588 1715 1666 λόγος
1798 1635 1813 1662 ,
1846 1590 1935 1649 καὶ

340 1676 446 1732 τῶν
471 1674 721 1734 τοιούτων
741 1721 757 1751 ,
789 1676 881 1736 καὶ
901 1679 949 1737 οἱ
978 1676 1254 1745 πταίοντες
1294 1677 1417 1759 περὶ
1460 1682 1629 1736 ταῦτα
1662 1678 1707 1716 ⁴⁴
1744 1678 1937 1757 νεόφυ-

338 1788 453 1836 τοι,
496 1764 585 1823 καὶ
616 1763 1073 1845 συγκαταϐάσεως
1096 1766 1370 1845 δεόμενοι,
1405 1771 1635 1829 ἐνταῦθα
1666 1772 1760 1841 τῆς
1784 1771 1934 1849 ἀκρι-

339 1853 487 1920 ϐείας
519 1852 780 1916 ἐνδοτέον.

425 1966 454 1999 ε
507 1942 575 2005 Ὁ
633 1947 835 2026 φρονῶν
889 1943 988 2018 τὴν
1041 1946 1247 2028 ἡμέραν
1316 1947 1503 2029 Κυρίῳ
1568 1956 1788 2030 φρονεῖ·
1849 1950 1940 2008 καὶ

336 2037 366 2091 6
416 2032 492 2111 μὴ
536 2037 738 2116 φρονῶν
789 2035 885 2108 τὴν
938 2035 1144 2116 ἡμέραν
1214 2037 1396 2120 Κυρίῳ
1432 2040 1490 2097 οὐ
1536 2039 1738 2120 φρονεῖ.
1796 2066 1820 2092 υ
1871 2038 1936 2100 Ὁ

336 2124 830 2207 παρατηρούμενος,
874 2125 1031 2207 φησὶ,
1064 2124 1158 2197 τὴν
1188 2128 1429 2207 ἡμέραν,
1470 2128 1555 2187 διὰ
1604 2130 1691 2188 τὸν
1741 2129 1935 2211 Κύριον

333 2222 725 2294 παρατηρεῖται
769 2219 841 2284 ὡς
885 2215 1272 2293 εὐλαϐούμενος
1303 2240 1318 2254 ·
1350 2217 1441 2276 καὶ
1488 2221 1516 2277 6
1560 2218 1637 2294 μὴ
1678 2242 1931 2301 παρατη-

338 2303 586 2383 ρούμενος
608 2350 622 2379 ,
657 2305 744 2363 διὰ
775 2306 863 2363 τὸν
896 2304 1092 2387 Κύριον
1113 2352 1127 2378 ,
1157 2310 1229 2374 ὡς
1259 2305 1364 2380 ἤδη
1395 2310 1447 2367 ἐν
1480 2310 1697 2388 Χριστῷ
1728 2310 1933 2368 τελειω-

331 2394 466 2466 θεὶς,
520 2393 613 2454 καὶ
659 2394 944 2477 ὑπέρτερος
994 2395 1269 2476 γενόμενος
1314 2402 1419 2457 τῶν
1468 2402 1700 2476 νομικῶν
1749 2423 1929 2481 παρα-

331 2482 632 2565 τηρήσεων.

418 2597 447 2632 α
485 2576 591 2635 Καὶ
618 2578 647 2633 6
679 2574 868 2635 ἐσθίων
912 2574 1097 2657 Κυρίῳ
1130 2576 1291 2637 ἐσθίει
1327 2576 1674 2659 (εὐχαριστεῖ
1703 2578 1807 2660 γὰρ
1854 2584 1929 2661 τῷ

327 2664 511 2744 Θεῷ)·
541 2664 634 2724 καὶ
664 2668 691 2724 6
722 2664 799 2741 μὴ
842 2664 1027 2725 ἐσθίων
1072 2666 1253 2747 Κυρίῳ
1287 2671 1382 2728 οὐκ
1421 2668 1616 2743 ἐσθίει,
1650 2671 1740 2728 καὶ
1766 2671 1929 2751 εὐχα-

330 2761 499 2833 ριστεῖ
552 2758 631 2835 τῷ
682 2759 834 2837 Θεῷ.
870 2782 895 2810 ι
937 2754 1040 2817 ιἙν
1080 2759 1338 2835 ζητοῦμεν
1387 2756 1575 2836 μόνον,
1608 2759 1801 2840 φησὶν,
1836 2762 1929 2821 ἐὰν

326 2842 416 2901 διὰ
446 2842 533 2902 τὸν
556 2844 696 2905 Θεὸν
716 2844 770 2883 ⁴²
799 2845 859 2905 τὸ
885 2855 1111 2926 πρᾶγμα
1149 2847 1368 2926 γένηται
1386 2894 1404 2922 ,
1450 2848 1543 2907 καὶ
1570 2850 1926 2929 εὐχαριστῶσι

326 2938 403 3015 τῷ
447 2937 574 3015 Θεῷ
617 2935 710 2994 καὶ
738 2938 767 2994 6
816 2934 890 3011 μὴ
932 2936 1116 2996 ἐσθίων
1153 2937 1244 2996 καὶ
1272 2940 1320 3016 [6
1366 2936 1553 2996 ἐσθίων
1587 2962 1601 2976 ·
1644 2938 1784 2999 οὕτω
1824 2942 1926 3023 γὰρ

325 3023 638 3101 γενόμενον,
669 3025 991 3097 ἀδιάϐλητόν
1010 3107 1022 3109 _
1030 3030 1166 3109 ἐστι.
1200 3030 1386 3089 Ταῦτα
1411 3027 1465 3086 δὲ
1488 3074 1504 3101 ,
1539 3032 1607 3096 ὡς
1632 3029 1761 3109 ἔφην
1784 3076 1801 3107 ,
1835 3031 1925 3090 λέ-

322 3136 436 3191 γει,
472 3113 557 3172 διὰ
586 3114 647 3175 τὸ
681 3114 958 3196 νεορρύτους
989 3107 1142 3179 εἶναι.
1186 3117 1343 3178 Ἐπεί
1373 3140 1454 3177 τοι
1484 3107 1680 3199 ἠρέμα
1696 3118 1921 3192 πλήττει

2046 693 2395 749 abstinebant
2435 694 2597 751 certis
2632 694 2971 768 quibusdam
3021 696 3218 754 diebus
3252 717 3265 754 :
3298 700 3389 754 alii
3419 702 3651 772 quibus-

2047 781 2177 839 libet
2206 782 2402 840 diebus
2428 784 2682 853 edebant,
2707 784 2804 857 qui
2848 794 2904 841 et
2951 786 3267 859 jejunantes
3315 788 3652 847 condemna-

2046 870 2193 927 bant.
2246 875 2327 928 De
2368 872 2437 929 iis
2482 874 2651 946 igitur
2692 874 2974 946 loquitur;
3022 878 3162 935 alius
3212 878 3374 934 aliter
3419 878 3651 951 judicat,

2046 976 2173 1016 cum
2202 961 2273 1018 sit
2308 977 2395 1019 res
2430 962 2761 1022 indifferens.
2805 967 2927 1023 Non
2968 977 3097 1023 sunt
3126 968 3296 1040 igitur
3344 969 3654 1026 incessendi

2044 1048 2246 1107 fratres
2276 1049 2441 1124 hujus
2486 1052 2565 1108 rei
2589 1069 2774 1111 causa.
2806 1060 2870 1112 In
2898 1056 2985 1112 his
3010 1065 3197 1113 autem
3224 1056 3474 1129 indulget
3522 1058 3649 1123 illis,

2045 1139 2192 1211 quod
2221 1139 2280 1196 in
2318 1140 2426 1198 ﬁde
2472 1150 2602 1199 sunt
2641 1143 2828 1203 adhuc
2854 1145 3146 1220 neophyti.

2121 1251 2148 1279 ι
2177 1231 2575 1305 Unusquisque
2610 1232 2666 1289 in
2702 1250 2801 1292 suo
2851 1251 3015 1293 sensu
3044 1234 3304 1293 abundet.
3338 1256 3366 1290 ››
3413 1238 3649 1311 Quando

2043 1333 2229 1376 sermo
2258 1327 2342 1377 est
2364 1320 2431 1377 de
2458 1321 2817 1395 dogmatibus
2849 1326 2931 1381 vel
2958 1325 3210 1383 doctrina
3230 1367 3246 1393 ,
3274 1342 3387 1383 non
3431 1336 3645 1399 oportet

2046 1424 2149 1466 nos
2173 1410 2397 1483 proprio
2428 1427 2597 1470 sensu
2638 1414 2949 1484 abundare,
3003 1415 3099 1473 sed
3138 1432 3262 1489 quae
3311 1418 3645 1488 accepimus,

2047 1498 2279 1555 ﬁrmiter
2331 1501 2497 1569 tueri,
2541 1503 2763 1559 etiamsi
2803 1505 2884 1561 vel
2931 1505 3165 1578 angelus
3207 1522 3236 1562 e
3282 1507 3444 1564 caalis
3492 1507 3643 1563 aliud

2046 1587 2370 1660 praedicarit.
2402 1590 2517 1647 Ubi
2537 1600 2724 1649 autem
2747 1592 2815 1650 de
2839 1594 2979 1651 cibis
3010 1604 3067 1651 et
3097 1594 3307 1667 jejunio
3336 1612 3524 1653 sermo
3567 1606 3652 1652 est

2045 1685 2103 1734 et
2140 1679 2436 1749 similibus,
2469 1689 2525 1737 et
2561 1683 2652 1754 qui
2682 1684 2740 1739 in
2769 1684 2890 1740 istis
2927 1684 3261 1757 impingunt,
3304 1686 3483 1743 adhuc
3515 1696 3652 1744 sunt

2045 1767 2323 1842 neophyti,
2350 1778 2406 1826 et
2434 1770 2773 1843 indulgentia
2799 1789 2940 1847 Opus
2968 1773 3203 1842 habent,
3226 1774 3319 1832 hic
3346 1776 3417 1833 ab
3454 1784 3652 1833 exacto

1972 1905 2020 1968 B
2041 1856 2167 1930 jure
2194 1859 2442 1915 nonnihil
2472 1868 2555 1917 est
2582 1862 3003 1920 remittendum.

2121 1949 2301 2006 VEBS.
2335 1956 2388 2006 6.
2426 1972 2451 1998 α
2493 1950 2605 2023 Qui
2659 1953 2802 2025 sapit
2828 1952 2995 2023 diem,
3044 1955 3290 2011 Domino
3333 1955 3517 2026 sapit:
3549 1971 3583 2026 ᾳ

2045 2054 2158 2093 non
2182 2039 2324 2110 sapit
2350 2039 2519 2109 diem,
2566 2043 2811 2099 Domino
2838 2059 2953 2099 non
2974 2044 3137 2116 sapit.
3174 2067 3199 2093 ιο
3232 2044 3338 2114 Qui
3370 2044 3644 2113 observat,

2046 2127 2239 2200 inquit,
2271 2128 2441 2200 diem,
2468 2139 2691 2205 propter
2719 2132 3027 2189 Dominum
3080 2134 3353 2202 observat,
3394 2150 3462 2190 ex
3491 2150 3648 2191 reve-

2045 2218 2217 2274 rentia
2242 2227 2298 2275 et
2328 2220 2531 2292 pietate
2576 2220 2817 2294 quadam
2861 2244 2872 2279 :
2902 2231 2959 2279 et
2986 2223 3079 2295 qui
3114 2240 3230 2280 non
3259 2224 3534 2292 observat,
3568 2226 3649 2280 in-

2041 2308 2182 2380 quit,
2212 2308 2380 2379 diem,
2411 2318 2638 2383 propter
2670 2312 2977 2368 Dominum
3002 2329 3117 2369 non
3146 2314 3430 2382 observat,
3461 2322 3524 2369 ut
3547 2315 3643 2386 qui

2035 2397 2152 2469 jam
2175 2397 2235 2453 in
2257 2398 2477 2455 Christo
2500 2399 2569 2455 sit
2593 2409 3034 2469 consummatus,
3061 2402 3431 2475 legalibusque
3455 2402 3648 2458 obser-

2042 2486 2356 2545 vationibus
2402 2488 2596 2561 major.

2115 2599 2139 2625 ι
2182 2578 2253 2632 Et
2306 2577 2399 2649 qui
2428 2578 2565 2649 edit,
2615 2580 2857 2635 Domino
2902 2579 3281 2653 edit:gratias
3329 2580 3478 2636 enim
3527 2581 3644 2654 agit

2039 2668 2159 2722 Deo
2192 2687 2204 2724 :
2236 2674 2293 2722 et
2319 2668 2415 2740 qui
2443 2684 2556 2724 non
2597 2668 2729 2736 edit,
2768 2668 3006 2725 Domino
3036 2686 3149 2725 non
3180 2670 3312 2739 edit,
3341 2679 3397 2726 et
3442 2670 3645 2743 gratias

2037 2756 2143 2828 agit
2188 2758 2319 2813 Deo.
2352 2780 2377 2807 ι»
2411 2760 2604 2814 Unum
2633 2758 3044 2825 tantummodo,
3073 2760 3270 2833 inquit,
3314 2760 3639 2831 quaerimus,

2036 2861 2108 2901 an
2124 2854 2347 2919 propter
2364 2846 2647 2904 Christum
2671 2848 2771 2904 ista
2790 2848 2946 2916 ﬁant,
2969 2848 3279 2921 gratiasque
3302 2858 3466 2921 agant
3502 2854 3643 2919 Deo,

2036 2951 2162 2991 cum
2191 2936 2284 3008 qui
2312 2937 2564 3005 vescitur,
2602 2946 2723 2993 tum
2753 2937 2848 3010 qui
2877 2954 2989 2994 non
3016 2939 3272 2996 vescitur.
3303 2942 3448 2996 Nam
3490 2940 3642 3011 quod

2036 3025 2111 3081 ita
2139 3027 2438 3099 peragitur,
2469 3042 2663 3099 expers
2709 3036 2795 3084 est
2822 3028 3188 3085 accusationis
3228 3036 3285 3084 et
3323 3030 3638 3086 calumniae.

2034 3116 2170 3172 Haec
2193 3124 2399 3183 autem,
2437 3116 2519 3172 uti
2542 3115 2676 3186 dixi,
2706 3116 2908 3189 inquit,
2958 3116 3113 3190 quod
3141 3117 3320 3174 adhuc
3350 3127 3509 3175 erant
3542 3135 3643 3175 no-

322 3202 441 3271 τοὺς
487 3202 895 3279 Ἰουδαῗζοντας,
951 3210 1001 3266 ἐν
1047 3210 1122 3289 τῷ
1179 3210 1345 3268 εἰπεῖν
1373 3233 1385 3245 ·
1425 3230 1452 3263 α
1488 3206 1559 3268 c0
1608 3208 1683 3285 μὴ
1734 3210 1921 3270 ἐσθίων

2035 3204 2168 3261 vitii.
2226 3205 2395 3278 Atqui
2453 3206 2617 3262 tacite
2668 3206 2992 3280 perstringit
3051 3208 3209 3278 101
3260 3207 3635 3277 Judaizantes,

322 3295 628 3374 εὐχαριστεῖ
656 3299 731 3376 τῷ
778 3298 925 3376 Θεῷ.
959 3318 987 3355 u
1032 3299 1154 3365 Πῶς
1182 3298 1284 3379 γὰρ
1312 3297 1376 3356 ἂν
1420 3298 1762 3379 εὐχαριστοίη
1782 3345 1798 3373 ,
1840 3301 1920 3358 ἔτι

322 3388 415 3441 τοῦ
459 3383 621 3461 νόμου
682 3384 969 3466 ἐχόμενος;
1011 3385 1192 3447 ⁶Ώστε
1250 3390 1278 3446 6
1326 3387 1513 3447 ἐσθίων
1551 3388 1708 3468 μόνος
1763 3392 1927 3470 εὐχα-

327 3494 515 3550 ριστει.

411 3586 438 3616 α
473 3561 658 3631 Οὐδεὶς
697 3562 799 3644 γὰρ
853 3567 1007 3643 ἡμῶν
1037 3566 1211 3646 ἑαυτῷ
1263 3568 1362 3646 ζῇ,
1420 3566 1511 3625 καὶ
1554 3567 1722 3635 οὐδεὶς
1752 3570 1925 3650 ἐαυτῷ

321 3651 662 3723 ἀποθνήσκει.
694 3651 829 3713 Ἐάν
870 3677 924 3713 τε
958 3654 1058 3737 γὰρ
1101 3658 1303 3733 ζῶμεν,
1348 3658 1427 3735 τῷ
1481 3656 1661 3737 Κυρίῳ
1707 3660 1881 3734 ζῶμεν
1909 3682 1922 3695 ν

320 3742 413 3801 ἐάν
457 3741 514 3801 τε
564 3744 986 3822 ἀποθνήσκωμεν
1010 3790 1027 3818 ,
1075 3748 1150 3827 τῷ
1201 3745 1386 3825 Κυρίῳ
1425 3745 1911 3824 ἀποθνήσκομεν.»

318 3831 625 3905 Δεσπότην,
668 3834 866 3914 φησὶν,
912 3833 1145 3915 ἔχομεν,
1193 3826 1238 3916 ᾧ
1287 3835 1439 3913 μέλει
1489 3840 1672 3912 ἡμῶν,
1726 3834 1781 3904 ὃς
1829 3838 1919 3896 καὶ

319 3922 547 3980 πλοῦτον
578 3920 672 3993 τὴν
695 3922 962 4003 ἡμετέραν
993 3923 1133 3997 ζωὴν
1176 3924 1418 4003 ἡγεῖται,
1445 3924 1539 3984 καὶ
1565 3925 1759 4002 ζημίαν
1780 3972 1798 4005 ,
1830 3929 1918 3987 τὸν

318 4010 565 4071 θάνατον.
614 4014 694 4072 Οὐ
735 4012 839 4092 γὰρ
884 4015 1089 4083 ἑαυτοῖς
1140 4016 1343 4091 ζῶμεν,
1393 4014 1425 4087 ἢ
1469 4014 1764 4093 θνήσκομεν
1811 4016 1913 4095 μό-

314 4124 439 4174 νον,
489 4101 625 4161 ἆλλὰ
656 4102 749 4161 καὶ
794 4106 870 4184 τῷ
903 4106 1107 4187 Κυρίῳ.
1154 4105 1309 4177 Ζωὴν
1357 4104 1413 4163 δὲ
1458 4106 1686 4165 ἐνταῦθα
1731 4106 1826 4178 τὴν
1862 4108 1916 4165 ἐν

313 4189 491 4251 πίστει
515 4190 688 4270 λέγει,
720 4194 814 4252 καὶ
846 4193 1070 4255 θάνατον
1102 4193 1200 4266 τὴν
1230 4193 1557 4279 ἐκπίπτωσιν
1592 4195 1613 4276 [
1709 4196 1862 4257 ἔκπτ.
1890 4194 1911 4279 ]

315 4284 410 4351 τῆς
459 4280 711 4349 πίστεως.
761 4280 933 4343 σΩστε
964 4285 1022 4342 οὐ
1078 4283 1154 4360 μὴ
1203 4283 1333 4364 ἐάσῃ
1374 4276 1522 4352 οὗτος
1563 4290 1590 4344 6
1638 4276 1913 4358 Δεσπότης

312 4369 487 4428 θανεῖν
534 4371 675 4431 κατὰ
714 4370 812 4445 τὴν
856 4372 1074 4446 πίστιν,
1134 4375 1225 4434 καὶ
1280 4376 1525 4434 ἐκπεσεῖν
1583 4377 1747 4447 αὐτῆς
1794 4374 1916 4443 τοὺς

314 4461 596 4529 δοκοῦντας
631 4463 868 4532 ἀσθενῶς
898 4463 951 4502 ⁴³
981 4463 1146 4543 ἔχειν.

2028 3310 2159 3351 cum
2186 3295 2284 3362 ait,
2315 3317 2340 3344 α
2375 3295 2485 3367 Qui
2513 3310 2625 3351 non
2646 3295 2906 3365 vescitur,
2926 3297 3130 3369 gratias
3149 3298 3264 3369 agit
3282 3300 3422 3355 Deo.
3460 3321 3485 3348 ι»
3529 3300 3635 3369 Qui

2036 3385 2191 3441 enim
2229 3385 2431 3457 gratias
2486 3400 2646 3458 agere
2700 3394 2884 3457 queat,
2938 3388 3055 3459 lege
3110 3386 3288 3443 adhuc
3332 3387 3639 3444 detentus?

2034 3476 2215 3546 Quare
2241 3474 2339 3547 qui
2380 3475 2696 3544 manducat,
2721 3474 2767 3530 is
2794 3482 3013 3532 tantum
3043 3478 3247 3548 gratias
3282 3477 3418 3549 agit.

2104 3566 2279 3621 Vnus.
2310 3571 2364 3633 7,
2395 3571 2449 3622 8.
2483 3588 2508 3615 ι
2544 3567 2716 3621 Nemo
2748 3565 2899 3621 enim
2952 3576 3211 3622 nostrum
3240 3566 3446 3639 sibiipsi
3476 3568 3630 3635 vivit,

2030 3669 2195 3710 nemo
2248 3653 2454 3726 sibiipsi
2475 3654 2728 3711 moritur.
2758 3655 2882 3711 Sive
2907 3654 3057 3711 enim
3086 3655 3350 3725 vivamus,
3386 3657 3632 3713 Domino

2031 3744 2262 3800 vivimus
2280 3764 2293 3797 :
2313 3744 2424 3799 sive
2436 3744 2765 3812 moriamur,
2786 3746 3029 3800 Domino
3051 3744 3341 3799 morimur.
3380 3767 3408 3794 η
3436 3746 3633 3800 Domi-

2027 3850 2161 3890 num
2192 3833 2480 3901 habemus,
2512 3833 2710 3906 inquit,
2743 3834 2829 3890 cui
2873 3850 2977 3891 nos
2999 3850 3193 3890 sumus
3221 3850 3394 3903 cura},
3431 3836 3634 3907 quique

2026 3940 2127 3997 pro
2155 3924 2307 3981 lucro
2332 3932 2390 3981 et
2408 3923 2613 3981 divitiis
2641 3932 2893 3981 nostram
2922 3924 3093 3980 vitam
3115 3924 3289 3992 ducit,
3314 3932 3370 3980 et
3389 3934 3630 3981 mortem

2028 4029 2126 4087 pro
2180 4013 2408 4070 damno.
2458 4017 2651 4086 Neque
2693 4014 2843 4070 enim
2884 4013 3042 4070 nobis
3092 4013 3226 4086 ipsis
3265 4014 3496 4070 vivimus
3534 4023 3629 4070 aut

2026 4103 2302 4159 morimur
2311 4104 2512 4177 solum,
2525 4104 2621 4161 sed
2635 4104 2806 4160 etiam
2822 4103 3088 4160 Domino.
3103 4103 3284 4159 Vitam
3303 4110 3488 4160 autem
3525 4104 3631 4160 hoc

2023 4193 2145 4250 loco
2184 4192 2341 4262 dicit,
2367 4208 2492 4267 quae
2518 4192 2627 4250 ﬁde
2667 4200 2909 4262 constat,
2957 4200 3013 4248 et
3050 4201 3311 4261 mortem,
3342 4193 3559 4264 lapsum
3596 4208 3628 4249 a

2022 4282 2148 4340 ﬁde.
2171 4285 2359 4356 Itaque
2391 4282 2665 4339 Dominus
2684 4283 2784 4339 iste
2809 4298 3158 4356 nequaquam
3190 4283 3331 4339 mori
3360 4284 3500 4340 sinet
3543 4298 3631 4340 se-

2021 4373 2265 4429 cundum
2300 4372 2493 4442 ﬁdem,
2534 4381 2589 4430 et
2625 4372 2695 4429 ab
2733 4388 2797 4429 ea
2848 4370 3096 4429 excidere
3146 4388 3244 4429 eos
3275 4373 3371 4444 qui
3421 4372 3627 4429 inﬁrmi

2025 4478 2143 4519 esse
2170 4462 2444 4519 videntur.

396 4574 423 4601 α
457 4548 589 4610 Ἐάν
616 4575 674 4611 τε
721 4543 810 4613 οὐν
841 4556 1015 4631 ζῶμεν
1042 4596 1060 4626 ,
1094 4552 1184 4613 ἐάν
1227 4576 1284 4612 τε
1325 4553 1748 4632 ἀποθνήσκωμεν
1769 4599 1785 4629 ,
1818 4561 1911 4615 τοῦ

2100 4575 2128 4603 ι
2169 4552 2303 4609 Sive
2340 4551 2508 4625 igitur
2554 4552 2822 4620 vivamus,
2875 4551 2990 4608 sive
3030 4550 3359 4619 moriamur,
3401 4551 3628 4606 Domini

316 4638 515 4719 Κυρίου
545 4641 728 4719 ἐσμέν.
771 4665 799 4701 ι)
839 4642 973 4703 Ἀπὸ
1015 4648 1108 4703 τοῦ
1150 4642 1291 4703 κατὰ
1336 4642 1516 4704 πίστιν
1561 4644 1789 4704 θανάτου
1823 4646 1911 4705 ἐπὶ

308 4728 402 4787 τὸν
445 4730 662 4809 φυσικὸν
694 4732 1037 4808 μεταϐαίνει·
1068 4732 1191 4814 περὶ
1216 4732 1402 4792 τούτου
1426 4732 1530 4814 γὰρ
1558 4738 1649 4793 νῦν
1674 4735 1912 4815 διαλέγε-

310 4841 425 4876 ται.
487 4816 617 4879 Ὅτι
665 4822 765 4881 xciv
811 4846 869 4882 τε
921 4820 1016 4895 τὴν
1070 4823 1299 4896 φυσικὴν
1357 4822 1499 4896 ζωὴν
1555 4828 1757 4900 ζῶμεν,
1812 4832 1903 4885 τοῦ

314 4906 519 4988 Κυρίου
563 4910 721 4989 ἐσμέν
756 4936 769 4950 ·
814 4912 912 4972 κᾶν
938 4935 995 4971 τε
1026 4912 1113 4972 τὸν
1156 4912 1375 4994 φυσικὸν
1416 4913 1639 4974 θάνατον
1677 4914 1910 4987 ἀποθνή-

306 5020 559 5075 σκωμεν,
591 4999 763 5083 τούτῳ
793 5001 844 5036 “
875 5003 1217 5084 διαφέρομεν.

399 5114 424 5140 α
484 5090 578 5156 Εἷς
634 5096 789 5150 τοῦτο
824 5090 927 5173 γὰρ
977 5093 1068 5152 καὶ
1126 5096 1154 5151 6
1206 5092 1441 5173 Χριστὸς
1493 5094 1759 5165 ἀπέθανε,
1816 5096 1911 5155 καὶ

306 5174 506 5253 ἀνέστη
525 5226 540 5253 ,
571 5180 665 5239 καὶ
706 5179 890 5254 ἔζησεν
911 5226 928 5256 ,
956 5179 1045 5242 ἵνα
1083 5182 1175 5242 καὶ
1214 5186 1413 5261 νεκρῶν
1444 5185 1536 5243 καὶ
1568 5183 1779 5253 ζώντων
1806 5209 1906 5244 κυ-

305 5266 517 5349 ριεύσῃ.
558 5298 579 5322 υ
616 5270 726 5330 Καὶ
754 5272 913 5332 τοῦτό
936 5295 1021 5348 σε,
1047 5273 1205 5354 φησὶ,
1247 5272 1506 5346 πειθέτω,
1542 5272 1624 5355 ὅτι
1647 5275 1907 5355 φροντίζει

299 5362 401 5429 τῆς
431 5359 759 5440 διορθώσεως
786 5367 892 5422 τῶν
918 5365 1172 5424 ἀσθενῶν.
1200 5362 1272 5424 Ὁ
1301 5363 1405 5445 γὰρ
1434 5362 1493 5423 τὸ
1514 5354 1658 5443 αἷμα
1688 5354 1902 5445 ἐκχέας,

297 5447 400 5505 καὶ
451 5449 624 5509 θανεῖν
676 5452 1072 5532 ἀνασχόμενος,
1102 5452 1190 5514 ἵνα
1240 5457 1393 5529 ἡμῶν
1447 5454 1739 5535 κυριεύσῃ,
1794 5459 1909 5523 πῶς

301 5536 406 5595 οὐκ
451 5536 514 5596 ἂν
552 5539 847 5621 φροντίσειε
889 5541 1089 5601 δούλων
1140 5545 1304 5602 αὐτοῦ
1356 5543 1689 5622 γενομένων;
1722 5542 1905 5625 ὥσπερ

303 5624 570 5707 εἰώθαμεν
622 5630 795 5709 λέγειν
826 5650 839 5662 ·
896 5629 968 5693 Ὁ
1014 5632 1159 5692 δεῖνα
1215 5636 1328 5702 πῶς
1380 5635 1439 5693 οὐ
1488 5632 1758 5715 φροντίσει
1808 5624 1901 5694 τοῦ

2026 4657 2239 4699 sumus.
2276 4665 2303 4691 ιι
2336 4648 2385 4700 Α
2431 4647 2614 4699 morte
2663 4640 2967 4699 secundum
3008 4639 3175 4695 ﬁdem
3218 4638 3289 4696 ad
3319 4640 3626 4696 naturalem

2020 4731 2253 4789 transit:
2282 4730 2352 4789 de
2383 4730 2487 4788 hac
2535 4732 2687 4788 enim
2745 4746 2893 4787 nunc
2932 4730 3167 4787 disserit.
3225 4729 3373 4799 Sive,
3424 4729 3625 4803 inquit,

2020 4821 2324 4878 naturalem
2362 4822 2610 4878 vivamus
2632 4820 2826 4889 vitam,
2864 4820 3091 4876 Domini
3119 4834 3316 4876 sumus
3347 4838 3359 4874 :
3391 4819 3507 4876 sive
3526 4836 3624 4876 na-

2022 4911 2180 4969 turali
2209 4917 2388 4968 morte
2425 4910 2760 4981 moriamur,
2808 4908 2877 4967 ad
2922 4925 3052 4967 eum
3080 4909 3443 4981 pertinemus.

2093 5108 2270 5163 VRBS.
2300 5110 2352 5161 9.
2390 5128 2414 5152 α
2465 5106 2529 5160 In
2558 5104 2664 5161 hoc
2696 5103 2846 5161 enim
2897 5102 3147 5160 Christus
3197 5110 3451 5159 mortuus
3497 5110 3614 5172 est,

2019 5202 2075 5251 et
2101 5193 2416 5262 resurrexit,
2443 5201 2500 5250 et
2518 5193 2671 5263 vivit,
2698 5200 2760 5249 ut
2786 5200 2843 5249 et
2868 5200 3214 5249 mortuorum
3245 5200 3301 5247 et
3318 5191 3616 5248 viventium

2018 5284 2351 5341 dominetur.
2384 5307 2411 5333 ι
2455 5286 2605 5351 Hoc,
2645 5282 2859 5355 inquit,
2905 5280 3233 5354 persuadeat
3277 5280 3410 5348 tibi,
3467 5282 3617 5352 quod

2016 5391 2205 5431 curam
2254 5383 2413 5447 gerat
2441 5373 2757 5441 (Dominus)
2802 5371 3173 5439 inﬁrmorum,
3220 5379 3281 5426 ut
3338 5370 3620 5441 erigantur

2015 5463 2553 5537 consolidenturque.
2587 5463 2696 5535 Qui
2737 5462 2883 5518 enim
2907 5460 3229 5533 sanguinem
3279 5475 3445 5516 suum
3490 5459 3619 5515 fun-

2015 5555 2164 5625 dere,
2198 5570 2415 5612 necnon
2434 5554 2583 5610 mori
2610 5552 2887 5621 sustinuit,
2927 5558 2988 5607 ut
3011 5550 3172 5606 nobis
3213 5549 3618 5619 dominaretur,

2017 5644 2302 5717 quomodo
2325 5644 2445 5719 jam
2473 5659 2621 5701 nunc
2650 5641 2824 5701 nostri
2852 5657 2970 5699 non
3000 5647 3321 5715 tangeretur
3348 5639 3622 5699 sollicitu-

1698 5724 1889 5785 Variae
1934 5727 2236 5787 lectiones.

380 5804 422 5841 “
455 5814 722 5879 τηνικαῦτα
754 5825 813 5867 0.
890 5809 934 5845 “
964 5812 1171 5887 Χριστὸν
1199 5829 1250 5873 0.
1326 5812 1372 5851 ’⁸³
1394 5813 1631 5880 εὐσθενῶς
1658 5830 1713 5871 0.
1790 5814 1832 5848 “
1859 5814 1992 5891 αὐτῷ
2015 5832 2067 5872 ο.
