4090 6490
532 515 634 579 327

1549 508 2061 579 THEOPHYLACTI
2101 511 2454 578 BULGARIE
2493 506 2807 577 ARCHIEP.

3728 514 3834 576 528

525 649 675 714 dine,
715 649 806 723 qui
837 647 976 705 servi
1007 649 1125 722 ejus
1147 645 1271 704 facti
1303 664 1497 706 sumus
1526 652 1549 704 Ρ
1577 649 1715 706 sicut
1757 649 1938 707 dicere
1981 665 2106 705 con-

2238 647 2455 723 δούλου,
2499 646 2632 727 ὑπὲρ
2663 639 2724 706 οὑ
2773 645 3036 718 τοσαύτην
3084 644 3245 720 τιμὴν
3302 642 3660 718 κατεϐάλετο;
3725 646 3830 706 Καὶ

521 741 802 796 suevimus
834 757 848 794 ε
875 740 1166 810 Quomodo
1217 738 1332 796 ﬁeri
1386 747 1585 812 potest,
1626 749 1692 796 ut
1741 740 1939 811 aliquis
1975 738 2119 794 servi

523 831 606 885 sui
643 845 834 886 curam
885 846 1001 885 non
1039 838 1213 900 gerat,
1277 844 1376 902 pro
1425 845 1537 900 quo
1606 835 1760 886 tanta
1798 827 2118 900 impendit?

523 919 760 985 Deinde,
776 919 821 975 si
836 927 1187 975 mortuorum
1206 917 1419 990 (inquit)
1434 918 1706 974 rationem
1722 917 1910 988 habet,
1940 918 2116 973 multo

524 1008 697 1080 magis
746 1007 1066 1064 viventium.
1116 1009 1252 1064 Haec
1296 1015 1480 1064 autem
1525 1007 1684 1076 dicit,
1734 1005 2118 1064 Judaizantem

523 1097 892 1169 pudefaciens,
942 1105 997 1154 et
1023 1097 1260 1154 suadens
1283 1106 1348 1154 ut
1374 1098 1560 1154 animo
1588 1113 1690 1154 suo
1717 1098 1943 1166 recolat,
1967 1096 2117 1169 quod

521 1203 650 1258 erga
702 1186 1012 1256 Christum,
1059 1187 1155 1259 qui
1184 1202 1282 1258 pro
1332 1202 1399 1243 eo
1447 1187 1810 1256 moriebatur,
1871 1187 2118 1260 ingratus

519 1276 798 1346 exsistens,
819 1276 923 1349 legi
949 1276 1128 1333 adhuc
1154 1277 1508 1333 auscultatur.

589 1369 773 1423 Vsus.
802 1373 881 1421 ιο.
911 1389 936 1414 α
959 1368 1042 1422 Tu
1067 1373 1256 1421 autem
1278 1365 1409 1438 quid
1421 1365 1640 1437 judicas
1662 1365 1887 1421 fratrem
1906 1372 2064 1420 tuum
2095 1367 2119 1420 Ρ

519 1459 631 1511 Aut
662 1466 740 1524 tu,
776 1472 944 1528 quare
973 1456 1184 1526 spernis
1210 1453 1444 1511 fratrem
1482 1463 1641 1511 tuum
1669 1456 1922 1511 i’Omnes
1965 1454 2117 1511 enim

517 1553 826 1601 statuemur
851 1553 979 1600 ante
1013 1545 1252 1600 tribunal
1279 1543 1502 1600 Christi.
1533 1565 1560 1597 »
1593 1547 1674 1600 Tu
1714 1545 1806 1616 qui
1838 1560 1951 1599 non
1979 1543 2116 1611 edis,

519 1635 653 1706 quid
684 1635 906 1690 fratrem
929 1642 1086 1689 tuum
1107 1650 1208 1689 ceu
1232 1635 1486 1701 gulosum
1512 1633 1726 1706 judicas
1755 1634 1902 1706 quod
1934 1633 2063 1689 edat
2092 1638 2116 1690 Ρ

517 1727 600 1779 Tu
630 1739 756 1779 vero
782 1725 871 1796 qui
894 1723 1029 1788 edis,
1054 1723 1192 1795 quid
1230 1722 1538 1778 contemnis
1559 1721 1787 1778 fratrem
1813 1731 1974 1778 tuum
2015 1739 2114 1778 ceu

514 1813 706 1883 exigua
749 1813 854 1868 ﬁde
881 1813 1158 1868 imbutum
1187 1815 1210 1867 Ρ
1243 1815 1434 1869 Frater
1462 1821 1564 1878 est,
1617 1811 1846 1883 proinde
1883 1829 1996 1867 non
2036 1820 2119 1868 est

511 1902 660 1974 quod
705 1910 1031 1958 contemnas
1064 1903 1344 1974 proprium
1379 1903 1697 1958 membrum
1741 1911 1922 1957 tuum.
1963 1904 2112 1958 Num

2227 739 2275 796 εἷ
2309 741 2413 797 τῶν
2443 741 2644 814 νεκρῶν
2667 781 2684 810 ,
2715 736 2887 819 φησὶ,
2932 734 3230 815 φροντίζει,
3269 737 3454 816 πολλῷ
3485 738 3690 814 μᾶλλον
3723 738 3831 794 τῶν

2237 830 2466 897 ζώντων.
2503 828 2662 906 Λέγει
2695 825 2750 886 δὲ
2773 830 2974 895 ταῦτα,
3019 825 3283 906 ἐντρέπων
3314 825 3403 885 τὸν
3432 821 3789 896 Ἰουδαῖζοντα
3811 869 3827 898 ,

2227 916 2317 976 καὶ
2349 919 2544 977 πείθων
2591 920 3030 994 ἀναμνησθῆναι,
3082 918 3196 983 πῶς
3237 917 3317 975 ἔτι
3350 918 3426 996 τῷ
3471 915 3619 998 νόμῳ
3657 940 3828 995 προσ·-

2229 1005 2340 1085 έχει
2364 1054 2380 1080 ,
2457 1009 2777 1086 ἀγνωμονῶν
2863 1008 2940 1088 τῷ
3027 1007 3162 1088 ὑπὲρ
3243 1009 3406 1066 αὑτοῦ
3508 1005 3830 1066 ἀποθανόντι

2228 1097 2276 1157 Χ
2289 1101 2473 1178 ριστῷ.

2313 1390 2345 1422 α
2380 1365 2458 1429 Σὺ
2502 1365 2558 1425 δὲ
2586 1365 2639 1425 τί
2667 1363 2862 1444 κρίνεις
2901 1363 2990 1423 τὸν
3024 1363 3248 1446 ἀδελφόν
3296 1385 3429 1441 σου;
3477 1363 3512 1436 ἣ
3560 1364 3655 1424 καὶ
3683 1365 3746 1424 σὺ
3776 1367 3831 1425 τί

2227 1456 2506 1526 ἐξουθενεῖς
2540 1456 2626 1515 τὸν
2678 1456 2901 1536 ἀδελφόν
2956 1477 3084 1528 σου;
3136 1453 3346 1522 Πάντες
3393 1453 3498 1534 γὰρ
3546 1478 3826 1534 παραστη·

2228 1548 2427 1625 σόμεθα
2463 1548 2538 1626 τῷ
2585 1545 2787 1623 βήματι
2836 1549 2928 1602 τοῦ
2967 1546 3223 1624 Χριστοῦ.
3262 1571 3286 1597 υ
3323 1543 3400 1604 Σὺ
3435 1548 3462 1603 ὃ
3510 1545 3584 1621 μὴ
3619 1546 3827 1618 ἐσθίων,

2225 1637 2279 1695 τί
2324 1635 2514 1716 κρίνεις
2558 1634 2647 1693 τὸν
2700 1632 2924 1715 ἀδελφόν
2970 1656 3064 1692 σου
3097 1634 3335 1693 ἐσθίοντα
3370 1637 3440 1701 ὡς
3484 1634 3823 1712 λαίμαργο,ν,

2228 1725 2314 1784 διὰ
2344 1725 2404 1784 τὸ
2439 1723 2627 1784 ἐσθίειν
2666 1722 2822 1782 αὐτόν
2847 1748 2863 1796 ;
2904 1723 3010 1783 Καὶ
3035 1721 3098 1780 σὺ
3128 1726 3156 1781 ὃ
3187 1723 3372 1781 ἐσθίων
3397 1769 3411 1792 ,
3441 1722 3495 1780 τί
3534 1722 3820 1791 ἐξουθενεῖς

2227 1815 2316 1874 τὸν
2350 1815 2574 1894 ἀδελφόν
2618 1836 2713 1872 σου
2749 1815 2821 1878 ὡς
2861 1812 3229 1890 ὀλιγόπιστον,
3278 1811 3520 1889 Ἀδελφός
3547 1815 3686 1870 ἐστιν
3709 1857 3724 1887 ,
3762 1816 3822 1872 οὐ

2225 1907 2302 1965 δεῖ
2330 1903 2606 1971 ἐξουθενεῖν
2653 1926 2710 1961 σε
2752 1901 2813 1960 τὸ
2862 1903 3054 1961 οἰκεῖον
3087 1901 3266 1976 μέλος.
3319 1899 3412 1973 Μὴ
3455 1901 3558 1979 γὰρ
3596 1901 3660 1961 σὺ
3695 1899 3824 1978 μέλ-

510 1993 660 2046 enim
679 2000 736 2046 tu
761 2008 858 2064 pro
886 2008 950 2047 eo
973 2007 1032 2047 es
1059 1991 1372 2048 redditurus
1391 1992 1660 2048 rationem
1684 1992 1712 2046 ‘l
1730 1995 1852 2063 Ipse
1887 2007 1981 2063 per
1994 2006 2106 2047 sese

2223 1996 2330 2060 λεις
2359 1991 2487 2070 ὑπὲρ
2530 1993 2687 2053 αὐτοῦ
2725 1994 2907 2051 δοῦναι
2954 1991 3147 2070 λόγον;
3205 1989 3375 2055 Αὐτὸς
3417 1991 3825 2069 παραστήσεται

509 2080 734 2136 sistetur
783 2089 913 2136 ante
951 2081 1214 2150 tribunal,
1260 2081 1491 2152 ipseque
1545 2096 1770 2152 poenam
1803 2090 1860 2137 et
1896 2089 2114 2136 senten-

512 2171 648 2225 tiam
674 2169 980 2226 sustinebit.
1005 2169 1226 2237 Viden’,
1255 2170 1351 2243 qui
1368 2170 1500 2226 dum
1527 2169 1596 2226 ad
1616 2170 2116 2226 consummatiores

512 2259 676 2315 verba
695 2257 846 2327 facit,
873 2260 1054 2330 ipsum
1081 2258 1466 2316 Judaizantem
1490 2266 1691 2326 terret,
1719 2275 1821 2315 ceu
1842 2274 1992 2328 eum,
2019 2259 2116 2332 qui

511 2357 641 2404 ante
671 2348 1022 2405 tremendum
1063 2348 1304 2405 tribunal
1341 2349 1615 2404 rationem
1652 2347 1971 2405 redditurus
1993 2348 2116 2405 sit?

582 2439 756 2495 Vnns.
812 2443 901 2508 11,
935 2443 1015 2493 l2.
1048 2461 1073 2486 α
1117 2437 1393 2509 Scriptum
1423 2446 1506 2494 est
1525 2438 1732 2494 enim!
1762 2455 1776 2494 :
1803 2439 1944 2494 Vivo
1987 2453 2110 2511 ego,

505 2526 641 2582 dicit
659 2527 965 2583 Dominus:
989 2527 1256 2599 quoniam
1277 2527 1414 2582 mihi
1429 2525 1738 2583 inflectetur
1757 2542 1924 2583 omne
1943 2542 2108 2599 genu,

505 2625 562 2672 et
592 2616 776 2671 omnis
801 2616 986 2688 lingua
1015 2615 1368 2672 conﬁtebitur
1407 2619 1545 2673 Deo.
1583 2620 1778 2688 Itaque
1814 2617 2108 2689 unusquis-

505 2721 614 2778 que
643 2714 894 2761 nostrum
926 2721 1024 2777 pro
1061 2721 1122 2761 se
1167 2707 1330 2776 102
1381 2706 1651 2762 rationem
1682 2705 1879 2763 reddet
1908 2709 2047 2763 Deo.
2079 2730 2106 2756 ι

506 2795 688 2864 Quod,
717 2794 911 2866 inquit,
937 2795 1329 2868 judicabimur,
1353 2811 1452 2851 ceu
1474 2796 1614 2852 servi
1636 2811 1667 2852 a
1691 2794 1946 2865 domino,
1989 2812 2112 2868 pro-

505 2885 667 2956 pheta
706 2892 957 2939 testatur.
998 2884 1398 2941 Vehementem
1438 2885 1591 2940 enim
1635 2883 1882 2956 adeoque
1929 2885 2106 2941 maxi-

503 2990 654 3029 mam
701 2973 1097 3046 subjectionem
1134 2973 1393 3030 indicavit
1436 2990 1533 3047 per
1579 2974 1684 3030 hoc
1727 2973 1876 3046 quod
1933 2973 2104 3044 dixit,

499 3066 713 3120 Omnes
753 3063 887 3119 mihi
914 3079 1059 3132 genu
1101 3063 1345 3130 ﬂectant,
1376 3071 1434 3119 et
1471 3063 1658 3120 omnis
1687 3064 1871 3134 lingua
1912 3079 2109 3120 eorum

500 3151 594 3224 qui
626 3150 849 3208 fuerunt
871 3161 1001 3208 ante
1029 3153 1227 3225 legem,
1250 3161 1304 3208 et
1331 3151 1388 3207 in
1424 3152 1564 3224 lege,
1593 3150 1967 3220 conﬁtebitur,
2002 3151 2109 3208 hoc

499 3250 602 3310 est,
649 3241 916 3298 rationem
968 3240 1163 3298 reddet
1197 3257 1385 3298 rerum
1428 3249 1730 3314 gestarum.
1762 3240 1866 3298 Cui
1897 3244 1922 3296 Ρ
1973 3243 2106 3299 Non

498 3331 602 3403 legi
643 3346 794 3399 sane,
835 3331 932 3388 sed
961 3330 1200 3388 Christo.
1243 3333 1425 3402 Quare
1455 3331 1638 3403 itaque
1679 3328 1858 3386 adhuc
1902 3345 1936 3386 a
1987 3330 2107 3403 lege

502 3421 706 3494 pendes
739 3424 763 3476 ?

573 3513 750 3566 Vnus.
790 3516 870 3565 13.
899 3532 924 3558 «ι
952 3512 1034 3565 Ne
1067 3509 1230 3582 igitur
1265 3523 1368 3565 nos
1395 3515 1593 3564 mutuo
1633 3507 1965 3581 judicemus,
2005 3509 2101 3567 sed

500 3599 605 3655 hoc
631 3598 880 3671 judicate
922 3598 1134 3670 potius,
1177 3606 1241 3655 ut
1277 3613 1390 3653 non
1436 3597 1652 3669 ponatis
1703 3596 2100 3655 offendiculum

499 3688 684 3757 fratri,
738 3697 833 3744 aut
873 3688 1215 3744 scandalum.
1251 3689 1532 3759 »Uterque
1577 3695 1861 3756 vestrum,
1900 3688 2099 3761 inquit,

496 3778 774 3834 dissolvite
803 3793 928 3850 quae
964 3777 1107 3833 inter
1126 3792 1223 3833 vos
1247 3785 1442 3834 mutuo
1463 3776 1616 3850 viget
1637 3777 2056 3834 contentionem
2081 3796 2095 3834 :

495 3884 672 3939 neque
697 3877 755 3923 tu
785 3867 877 3939 qui
917 3866 1248 3938 quibuslibet
1278 3867 1535 3934 vesceris,
1567 3865 1967 3923 offendiculum
1997 3883 2103 3940 po-

495 3973 593 4012 nas
622 3957 778 4012 fratri
813 3954 1164 4028 imperfecto,
1195 3955 1548 4013 vehementer
1573 3956 1823 4029 adeoque
1858 3957 2098 4012 nimium

495 4061 622 4100 eum
662 4044 1032 4117 increpando:
1081 4060 1261 4116 neque
1286 4053 1349 4100 tu
1385 4045 1478 4116 qui
1502 4061 1619 4100 non
1663 4045 1906 4102 vesceris
1932 4045 2104 4101 omni-

495 4135 623 4203 bus,
653 4134 1051 4189 offendiculum
1096 4149 1272 4204 ponas
1319 4133 1476 4189 fratri
1517 4150 1614 4206 per
1655 4134 2098 4191 observationem

495 4229 671 4278 tuam.
698 4223 970 4295 Utrisque
988 4223 1137 4278 enim
1165 4221 1416 4294 personis
1439 4222 1558 4278 haec
1590 4223 1925 4279 conveniunt
1942 4223 2100 4280 vicis-

495 4312 622 4380 sim,
643 4311 1047 4368 offendiculum
1074 4321 1129 4368 et
1151 4311 1491 4368 scandalum.

563 4403 741 4458 Vnus.
782 4408 868 4458 14.
903 4425 928 4450 α
955 4401 1095 4457 Νονί
1124 4409 1180 4456 et
1196 4416 1516 4474 persuasum
1553 4400 1734 4457 habeo
1774 4401 1832 4456 in
1859 4401 2098 4458 Domino

491 4492 644 4560 Jesu,
679 4490 828 4563 quod
849 4491 985 4546 nihil
1030 4506 1328 4547 commune
1355 4498 1439 4546 est
1465 4506 1563 4562 per
1586 4505 1729 4563 sese,
1777 4491 1880 4547 nisi
1911 4491 1958 4548 ei
2003 4492 2096 4564 qui

492 4581 772 4637 existimat
789 4581 992 4652 aliquid
1007 4596 1306 4637 commune
1342 4596 1480 4647 esse,
1504 4580 1583 4636 illi
1609 4595 1906 4638 commune
1926 4587 2030 4638 est.
2070 4605 2094 4630 ο

2221 2087 2298 2164 τῷ
2331 2083 2563 2162 βήματι,
2593 2081 2682 2141 καὶ
2713 2081 2869 2148 αὐτὸς
2907 2081 3123 2148 εὐθύνας
3146 2080 3198 2118 ⁴⁵
3230 2079 3426 2160 ὑφέξει.
3480 2080 3675 2160 Ὁρᾷς,
3709 2085 3825 2149 πῶς

2223 2163 2279 2234 ἐν
2329 2163 2404 2239 οἷς
2455 2171 2584 2252 πρὸς
2625 2171 2714 2231 τὸν
2764 2169 3087 2251 τελειότερον
3115 2170 3169 2209 ⁴⁶
3217 2169 3555 2249 διαλέγεται,
3607 2170 3826 2251 ἐκφοϐεῖ

2219 2261 2310 2322 τὸν
2340 2256 2732 2333 ’1ουδαΐζοντα,
2763 2265 2834 2328 ὡς
2879 2260 3143 2338 μέλλοντα
3191 2257 3406 2326 εὐθύνας
3443 2261 3704 2339 ὑποσχεῖν
3732 2261 3824 2320 ἐπὶ

2218 2356 2314 2412 τοῦ
2341 2350 2568 2433 φοϐεροῦ
2602 2349 2845 2430 βήματος
2865 2370 2882 2422 ὅ

2300 2468 2326 2493 ι
2357 2438 2668 2520 Γέγραπται
2692 2438 2796 2521 γάρ
2818 2461 2832 2477 ·
2878 2441 2970 2500 Ζῶ
2998 2435 3139 2518 ἐγὼ,
3173 2436 3315 2516 λέγει
3347 2436 3561 2516 Κύριος,
3588 2435 3670 2498 ὅτι
3700 2439 3824 2516 ἐμοὶ

2216 2529 2424 2611 κάμψει
2451 2538 2559 2589 πᾶν
2591 2530 2754 2611 γόνυ,
2800 2529 2892 2589 καὶ
2921 2537 3073 2589 πᾶσα
3110 2529 3330 2608 γλῶσσα
3372 2525 3824 2608 ἐξομολογήσεται

2216 2621 2294 2698 τῷ
2321 2610 2472 2702 Θεῷ.
2525 2616 2661 2699 Ἄρα
2701 2610 2789 2678 οὖν
2835 2619 3060 2685 ἕκαστος
3105 2622 3262 2696 ἡμῶν
3306 2616 3428 2698 περὶ
3487 2619 3680 2676 ἑαυτοῦ
3721 2617 3820 2678 λό-

2217 2731 2307 2786 γον
2343 2709 2501 2769 δώσει
2546 2712 2622 2790 τῷ
2658 2710 2806 2789 Θεῷ.
2854 2730 2884 2766 n
2919 2706 3091 2786 ⁶Οτι,
3137 2708 3301 2789 φησὶ,
3343 2705 3715 2786 κριθησόμεθα
3748 2711 3822 2778 ὥς

2216 2799 2393 2858 δοῦλοι
2426 2799 2659 2876 δεσπότῃ
2680 2843 2696 2872 ,
2736 2807 2994 2878 μαρτυρεῖ
3021 2801 3049 2856 ὃ
3077 2797 3376 2877 προφήτης.
3411 2795 3530 2867 Τὴν
3558 2799 3817 2855 ἐπιτετα-

2217 2887 2382 2966 μένην
2432 2887 2535 2967 γὰρ
2580 2887 2852 2964 ὑποταγὴν
2896 2885 3130 2956 ἐδήλωσε
3181 2887 3268 2946 διὰ
3311 2890 3407 2944 τοῦ
3441 2886 3606 2944 εἰπεῖν
3631 2909 3646 2925 ⁸
3679 2887 3820 2948 Γόνυ

2215 2975 2518 3056 κάμψουσιν
2563 2975 2680 3054 ἐμοὶ
2723 2975 2944 3047 πάντες,
2995 2974 3085 3034 καὶ
3116 2984 3266 3034 πᾶσα
3296 2977 3554 3053 γλῶσσα,
3600 2979 3707 3034 τῶν
3759 3000 3818 3036 τε

2215 3065 2322 3144 πρὸ
2345 3070 2436 3123 τοῦ
2457 3064 2620 3141 νόμου
2641 3109 2658 3140 ,
2683 3065 2776 3122 καὶ
2803 3067 2912 3123 τῶν
2943 3064 2997 3121 ἕν
3023 3066 3098 3144 τῷ
3121 3063 3268 3143 νόμῳ
3287 3105 3303 3134 ,
3337 3060 3816 3142 ἐξομολογήσεται,

2216 3153 2334 3212 ἀντὶ
2362 3159 2458 3214 τοῦ
2475 3199 2496 3230 ,
2527 3154 2711 3232 λόγους
2738 3152 2897 3212 δώσει
2925 3154 3030 3211 τῶν
3069 3150 3485 3231 πεπραγμένων.
3521 3149 3681 3222 Τίνις
3733 3154 3818 3212 Οὔ

2215 3247 2289 3372 egi
2329 3242 2476 3326 νόμῳ
2499 3287 2517 3318 ,
2551 3243 2691 3303 ἀλλὰ
2716 3245 2792 3324 τῷ
2821 3244 3067 3324 Χριστῷ.
3097 3239 3274 3301 Ὥστε
3309 3239 3358 3299 τί
3403 3239 3482 3298 ἔτι
3522 3245 3613 3299 τοῦ
3644 3239 3816 3318 νόμου

2215 3334 2236 3372 2
2271 3331 2367 3372 ἕνα...
2391 3353 2405 3366 ο

2214 3331 2368 3413 ἐξέχῃ
2391 3353 2408 3410 ;

2300 3524 2332 3562 α
2383 3503 2599 3577 Μηκέτι
2644 3496 2732 3562 οὖν
2783 3502 3045 3574 ἀλλήλους
3101 3503 3366 3582 κρίνωμεν
3393 3546 3409 3575 ,
3462 3503 3602 3563 ἀλλὰ
3657 3507 3818 3562 τοῦτο

2208 3591 2424 3672 κρίνατε
2483 3595 2724 3670 μᾶλλον,
2805 3591 2864 3651 τὸ
2921 3592 2997 3672 μὴ
3075 3594 3274 3652 τιθέναι
3343 3591 3674 3674 πρόσκομμα
3735 3597 3817 3675 τῷ

2217 3683 2458 3765 ἀδελφῷ,
2496 3679 2532 3755 ἢ
2565 3683 2886 3744 σκάνδαλον.
2921 3707 2951 3739 κ
2987 3681 3332 3762 Ἀμφότεροι,
3365 3681 3521 3764 φησὶ,
3569 3681 3812 3741 καταλύ-

2209 3794 2338 3831 σατε
2374 3771 2471 3845 τὴν
2500 3773 2630 3853 πρὸς
2670 3772 2930 3842 ἀλλήλους
2971 3771 3294 3852 φιλονεικίαν
3331 3795 3344 3808 ·
3386 3773 3477 3829 καὶ
3517 3773 3652 3849 μήτε
3686 3770 3751 3830 σὺ
3785 3775 3818 3830 ὁ

2209 3859 2396 3919 ἐσθίων
2442 3861 2618 3920 πάντα
2641 3907 2656 3933 ,
2687 3860 3016 3942 πρόσκομμα
3045 3859 3174 3919 τίθει
3211 3865 3288 3939 τῷ
3321 3861 3536 3928 ἀτελεῖ,
3569 3865 3639 3928 ὡς
3669 3882 3813 3942 σφο-

2210 3949 2344 4029 δρῶς
2395 3950 2740 4021 ἐπιπλήσσων
2775 3971 2789 3984 ·
2847 3949 2983 4026 μήτε
3039 3949 3102 4008 σὺ
3150 3952 3178 4007 ὑ
3217 3949 3293 4027 μὴ
3353 3949 3542 4009 ἐσθίων
3597 3950 3812 4024 πάντα,

2210 4039 2507 4098 σκάνδαλον
2567 4040 2698 4099 τίθει
2763 4043 2840 4119 τῷ
2889 4041 3142 4121 ἀδελφῷ,
3196 4040 3267 4105 ὡς
3316 4039 3807 4120 παρατηρούμενος.

2207 4124 2560 4210 Ἀμφοτέρους
2596 4129 2700 4209 γὰρ
2741 4136 2850 4196 τοῖς
2901 4128 3204 4210 προσώποις
3243 4127 3464 4209 ἁρμόζει
3507 4134 3676 4188 ταῦτα
3705 4128 3812 4188 ἀνὰ

2210 4216 2400 4296 μέρος,
2428 4216 2490 4277 τό
2521 4241 2573 4278 τε
2603 4217 2934 4300 πρόσκομμα
2962 4217 3056 4277 καὶ
3082 4217 3144 4277 τὸ
3166 4218 3488 4282 σκάνδαλον.

2289 4418 2314 4443 σι
2339 4381 2479 4453 Οἶδα
2509 4393 2598 4452 καὶ
2640 4391 2936 4470 πέπεισμαι
2973 4394 3027 4452 ἕν
3073 4390 3258 4474 Κυρίῳ
3285 4390 3490 4466 Ἰησοῦ,
3532 4390 3614 4452 ὅτι
3660 4390 3813 4474 οὐδὲν

2207 4480 2378 4540 κοινὸν
2409 4480 2479 4540 δι’
2503 4484 2725 4554 ἑαυτοῦ,
2769 4485 2814 4542 εἰ
2855 4481 2931 4558 μὴ
2961 4484 3038 4562 τῷ
3074 4471 3400 4563 λογιζομένῳ
3431 4505 3483 4540 τι
3523 4480 3697 4542 κοινὸν
3733 4471 3820 4539 εἷς

2205 4594 2328 4643 ναι,
2359 4571 2543 4653 ἐκείνῳ
2572 4569 2764 4633 κοινόν.
2801 4600 2825 4624 ιι
2853 4573 2986 4632 Μεθ’
3029 4570 3057 4630 ὃ
3093 4570 3348 4645 ἐδίδαξεν,
3373 4571 3456 4633 ὅτι
3482 4572 3542 4630 οὖ
3573 4572 3654 4630 δεῖ
3683 4573 3810 4630 ἐπι-

491 4671 793 4743 Postquam
821 4670 1007 4727 docuit
1047 4686 1158 4726 non
1185 4678 1446 4742 oportere
1475 4668 1905 4742 perterrefacere
1942 4670 2098 4727 inﬁr-

2216 4663 2467 4730 πλήσσειν
2531 4665 2607 4741 τῷ
2658 4663 2996 4733 ἀσθενοῦντι,
3056 4661 3363 4740 δογματίζει
3429 4660 3615 4719 λοιπὸν
3682 4660 3813 4740 περὶ

493 4776 675 4829 mum,
724 4759 981 4832 deinceps
1022 4759 1092 4816 de
1136 4759 1271 4816 cibis
1301 4758 1583 4817 decretum
1612 4759 1936 4831 praescribit,
1969 4776 2102 4818 eru-

2216 4753 2314 4809 τῶν
2347 4750 2676 4832 βρωμάτων,
2710 4751 2976 4810 παιδεύων
3022 4751 3112 4809 τὸν
3145 4749 3523 4828 ἀσθενέστερον
3547 4797 3562 4825 ,
3599 4750 3674 4826 μὴ
3717 4752 3816 4808 δε-

491 4849 647 4906 diens
701 4848 1120 4906 imbecilliorem
1171 4864 1240 4905 ne
1293 4848 1686 4906 contremiscat
1745 4858 1843 4906 aut
1886 4858 2101 4907 metuat

2216 4838 2401 4915 Βιέναι,
2447 4842 2582 4917 μηδὲ
2629 4839 2841 4919 τρέμειν
2885 4845 3056 4899 ταῦτα
3093 4842 3163 4906 ὥς
3195 4839 3474 4918 ἀκάθαρτα
3501 4861 3516 4876 ο
3554 4837 3650 4898 καί
3698 4863 3813 4921 φη·-

491 4940 590 4994 ista
634 4946 902 5010 tanquam
931 4938 1180 5010 impura;
1215 4937 1418 5012 aitque,
1453 4961 1480 4988 σι
1512 4939 1655 4995 Novi
1685 4946 1739 4994 et
1770 4954 2094 5010 persuasum

2216 4953 2288 4988 rw
2318 4953 2332 4967 ο
2372 4951 2402 4988 (ι
2435 4921 2577 4989 Οἶδα
2609 4929 2699 4989 καὶ
2729 4928 3060 5007 πέπεισμαι,
3092 4952 3120 4986 »
3161 4930 3258 4987 οὐκ
3287 4928 3632 5009 ἀνθρωπίνοις
3661 4930 3811 5007 λογι-

487 5027 682 5096 habeo,
713 5050 738 5075 ιο
761 5043 876 5083 non
902 5027 1160 5084 humanis
1181 5027 1516 5098 rationibus,
1539 5026 1661 5096 sed,
1697 5051 1722 5078 α
1766 5027 1823 5084 in
1848 5029 2092 5086 Domino

2216 5027 2357 5096 τμοῖς
2375 5064 2388 5090 ,
2424 5018 2544 5078 ἀλλ’
2570 5046 2594 5072 ι
2624 5022 2676 5078 ἐν
2702 5018 2886 5100 Κυρίῳ
2907 5018 3086 5091 Ἰησοῦ
3103 5062 3122 5092 ,
3145 5046 3166 5071 ι
3189 5019 3456 5092 τουτέστι,
3489 5023 3618 5099 παρ’
3643 5021 3811 5078 αὑτοῦ

484 5119 640 5186 Jesu,
675 5138 703 5168 »
747 5115 854 5173 hoc
899 5125 1000 5184 est,
1031 5117 1101 5173 ab
1144 5117 1266 5189 ipso
1311 5116 1549 5187 discens,
1580 5124 1637 5172 et
1673 5116 1742 5173 ab
1770 5133 1836 5173 eo
1884 5118 2093 5175 certior

487 5206 754 5273 redditus,
793 5225 822 5259 ι(
852 5206 1001 5278 quod
1021 5206 1157 5262 nihil
1184 5222 1280 5278 per
1299 5207 1540 5278 seipsum
1569 5221 1873 5263 commune
1899 5215 1985 5263 est
2011 5227 2024 5263 :
2059 5231 2084 5256 ι

485 5295 590 5351 hoc
609 5304 714 5363 est,
745 5311 842 5352 sua
862 5304 1057 5351 natura
1087 5295 1223 5351 nihil
1264 5304 1348 5352 est
1375 5294 1752 5364 immundum,
1783 5295 1881 5352 sed
1904 5311 1971 5352 ex
1999 5313 2092 5352 vo-

485 5385 693 5440 luntate
747 5401 812 5441 ac
850 5385 1243 5441 deliberatione
1291 5385 1494 5441 utentis
1556 5384 1660 5440 ista
1709 5383 2090 5442 immundities

2201 5106 2384 5185 μαθὼν
2406 5154 2419 5177 ,
2472 5107 2564 5165 καὶ
2596 5109 2792 5167 ἐκεῖθεν
2839 5107 3288 5189 πληροφορηθεὶς,
3338 5131 3366 5167 ε
3402 5107 3484 5167 ὅτι
3513 5107 3658 5169 οὐδὲν
3689 5131 3812 5166 κοι-

2197 5196 2283 5256 νὸν
2334 5198 2396 5256 δι’
2442 5199 2631 5256 ἑαυτοῦ
2661 5220 2673 5233 ’
2707 5224 2730 5249 υ
2772 5200 3044 5272 τουτέστι,
3203 5201 3392 5258 ἑαυτοῦ
3457 5196 3611 5280 φύσει
3658 5197 3811 5257 οὐδὲν

2198 5286 2530 5368 ἀκάθαρτον,
2581 5286 2720 5345 ἀλλὰ
2770 5287 2885 5370 ἀπὸῗ
2930 5293 3024 5360 τῆς
3064 5287 3424 5370 προαιρέσεως
3466 5289 3668 5366 γίνεται
3709 5293 3809 5347 τοῦ

2199 5375 2487 5453 μετιόντος.
2559 5375 2787 5457 Ἐκείνῳ
2841 5369 2929 5437 οὖν
2983 5369 3129 5461 μόνῳ
3177 5378 3289 5437 ἐστὶ
3346 5377 3438 5436 καὶ
3491 5377 3664 5436 κοινὸν
3709 5376 3810 5437 καὶ

483 5473 773 5544 dependet.
826 5473 908 5530 Illi
941 5475 1089 5530 enim
1128 5475 1228 5530 soli
1268 5482 1352 5530 est
1400 5488 1696 5530 commune
1749 5481 1806 5530 et
1839 5474 2086 5531 immun-

2216 5465 2497 5546 ἰκάθαρτον
2517 5511 2532 5540 ,
2565 5465 2656 5524 καὶ
2694 5467 2752 5525 οὗ
2782 5474 2967 5526 πᾶσιν.

486 5561 646 5631 dum,
699 5578 812 5618 non
841 5563 1118 5619 omnibus.

565 5670 718 5724 xIsa.
746 5684 893 5738 xu,
927 5675 1017 5727 23.

1905 5743 2091 5804 Variae
2132 5744 2426 5810 lectiones.

551 5821 596 5856 ‘5
625 5822 762 5884 δίκας
789 5837 848 5880 0.
925 5821 973 5856 ‘°
1002 5821 1191 5876 τέλειον
1222 5839 1299 5878 m.
