4090 6414
220 421 346 473 ὃ29

1150 412 1503 471 EXPOSITIO
1545 414 1611 469 IN
1650 413 1857 470 EPIST.
1896 413 1988 468 AD
2031 413 2193 470 ROM.
2236 443 2306 455 —
2343 414 2495 471 CAP.
2537 416 2674 470 XIV.

3459 419 3564 472 530

319 566 361 603 ί
395 546 465 604 Εἰ
488 543 544 604 δὲ
566 543 654 603 διὰ
682 545 877 625 βρῶμα
908 545 936 602 6
967 540 1192 620 ἀδελφός
1222 563 1317 600 σου
1353 541 1601 599 λυπεῖται
1625 586 1643 616 ,
1679 539 1855 599 οὐκέτι

2036 542 2209 597 Vsus.
2257 547 2342 597 15.
2376 564 2401 588 σι
2435 539 2599 613 Quod
2649 541 2693 597 si
2725 548 2946 612 propter
2987 540 3175 596 cibum
3222 540 3391 597 frater
3436 550 3565 597 tuus

223 638 367 694 κατ’
403 635 624 713 ἀγάπην
667 640 999 715 περιπατεῖς.
1034 655 1062 689 ι
1101 630 1246 712 Πρὸς
1274 630 1365 689 τὸν
1394 629 1718 710 τελειότερον
1763 632 1849 687 ἐν-

222 730 414 784 ταῦθα
461 724 800 801 διαλέγεται,
848 723 1109 781 διδάσκων
1132 767 1150 798 ,
1199 719 1282 781 ὅτι
1320 719 1422 780 κᾶν
1466 721 1715 800 μυριάκις
1760 721 1852 779 οὐκ

224 806 343 876 ὦσι
379 814 452 873 τὰ
488 813 752 895 βρώματα
782 812 1062 893 ἀκάθαρτα
1102 810 1290 893 φύσει,
1326 810 1384 870 σὲ
1413 814 1537 890 γοῦν
1570 810 1716 886 ὅμως
1746 809 1852 869 ἔδει

228 905 551 985 ἀπέχεσθαι
584 906 685 962 τῶν
733 901 1017 983 χοιρείων,
1062 901 1173 980 εἴγε
1217 900 1314 974 τὴν
1370 898 1583 978 ἀγάπην
1632 897 1853 977 ἔμελλες

228 995 569 1073 φυλάττειν,
614 996 687 1061 ὥς
714 991 778 1052 ἂν
821 993 896 1071 μὴ
941 993 1178 1063 λυπῆται
1208 993 1237 1050 6
1276 988 1498 1070 ἀδελφός
1546 1012 1641 1049 σου
1677 1013 1851 1049 σκαν-

228 1084 615 1160 δαλιζόμενος.
652 1082 932 1165 Ἐπιφέρει
962 1080 1018 1141 δὲ
1049 1080 1188 1153 ἑξῆς·

327 1200 366 1230 ι
406 1175 507 1246 Μὴ
551 1176 628 1253 τῷ
676 1161 922 1254 βρώματί
959 1195 1054 1231 σου
1085 1173 1282 1231 ἐκεῖνον
1313 1169 1545 1231 ἀπόλλυε
1564 1217 1581 1247 ,
1614 1167 1748 1249 ὑπὲρ
1793 1161 1851 1230 οὗ

232 1263 487 1344 Χριστὸς
517 1262 769 1325 ἀπέθανε.
800 1291 825 1318 ν
855 1262 959 1323 Διὰ
988 1261 1049 1320 τὸ
1081 1263 1309 1342 βρῶμα,
1342 1262 1500 1341 φησὶν
1519 1306 1534 1335 ,
1569 1259 1852 1327 ἀπολλύεις

231 1354 337 1414 καὶ
382 1354 699 1434 ἀνατρέπεις
747 1353 836 1412 τὸν
885 1350 1111 1432 ἀδελφὸν
1148 1350 1239 1410 τὸν
1289 1348 1429 1409 οὕτω
1482 1349 1852 1431 περισπούδα-

233 1470 376 1504 στον
430 1444 557 1503 ὄντα
628 1445 880 1524 Χριστῷ,
929 1439 1068 1501 ὥστε
1130 1440 1264 1521 ὕπὲρ
1309 1443 1471 1499 αὐτοῦ
1540 1441 1844 1502 ἀποθανεῖν.

242 1535 437 1613 Ὁρῶν
470 1533 576 1614 γάρ
611 1556 671 1592 σε
714 1533 957 1594 ἐσθίοντα
987 1530 1054 1590 τὰ
1081 1531 1322 1612 χοίρεια,
1358 1531 1499 1589 κατὰ
1525 1529 1849 1612 φιλονεικίαν

234 1627 347 1697 τήν
386 1623 523 1702 πρὸς
554 1625 747 1684 ἐκεῖνον
768 1668 786 1695 ,
818 1621 1259 1701 ἐνστατικώτερος
1300 1620 1546 1701 γίνεται,
1577 1620 1673 1680 καὶ
1714 1618 1853 1680 οὕτω

233 1713 578 1774 κινδυνεύσει
610 1710 846 1780 ἀποστὰς
874 1714 1110 1792 Χριστοῦ
1132 1756 1149 1786 ,
1200 1712 1275 1791 τῷ
1319 1709 1465 1791 νόμῳ
1515 1708 1635 1779 ὅλος
1678 1732 1852 1790 προσ-

236 1806 516 1876 ηλῶσθαι.

1961 629 2341 699 contristatur,
2369 630 2486 703 jam
2525 645 2642 685 non
2672 630 2979 687 secundum
3023 631 3348 686 charitatem
3375 633 3563 687 ambu-

1961 718 2061 776 las.
2106 742 2131 769 ιο
2174 719 2263 777 Ad
2306 718 2690 792 perfectiorem
2719 721 2961 793 loquitur
3002 719 3128 788 hic,
3168 719 3373 776 docens
3413 722 3562 791 quod

1961 809 2176 866 etiamsi
2202 809 2381 867 decies
2400 809 2598 867 millies
2622 810 2729 866 cibi
2756 826 2852 882 per
2872 825 2931 866 se
2952 809 3158 882 impuri
3184 825 3301 865 non
3328 806 3559 876 fuerint,

1960 898 2047 955 vel
2088 898 2168 955 sic
2217 906 2405 956 tamen
2453 916 2485 956 a
2532 900 2758 972 porcina
2796 916 2961 955 carne
3017 899 3119 954 tibi
3172 899 3560 954 abstinendum

1959 997 2095 1056 erat,
2137 1004 2209 1044 ne
2234 987 2407 1047 frater
2444 998 2572 1046 tuus
2602 987 2937 1055 offendatur,
2964 990 3012 1044 si
3042 989 3207 1045 modo
3234 988 3558 1045 charitatem

1959 1093 2288 1135 conservare
2325 1079 2477 1135 velis.
2525 1077 2696 1136 Infert
2722 1087 2908 1135 autem
2934 1086 2991 1134 et
3020 1078 3309 1149 deinceps:

2035 1190 2061 1216 α
2108 1168 2236 1225 Noli
2282 1167 2404 1225 cibo
2432 1177 2530 1225 tuo
2568 1169 2724 1225 illum
2756 1169 3003 1247 perdere,
3035 1183 3134 1239 pro
3163 1183 3273 1239 quo
3313 1167 3564 1224 Christus

1960 1266 2217 1315 mortuus
2265 1267 2366 1315 est.
2399 1282 2423 1308 υ
2485 1261 2717 1331 Propter
2763 1259 2973 1326 cibum,
3026 1257 3228 1330 inquit,
3288 1256 3469 1328 perdis
3508 1265 3565 1311 et

1957 1347 2234 1403 subvertis
2258 1346 2510 1416 fratrem,
2536 1364 2698 1420 quem
2728 1346 2863 1403 tanti
2894 1347 3144 1403 Christus
3167 1345 3322 1413 fecit,
3370 1354 3431 1402 ut
3466 1362 3563 1418 pro

1960 1437 2080 1508 ipso
2102 1446 2345 1494 mortem
2369 1438 2524 1494 obire
2543 1438 2800 1510 dignatus
2816 1437 2903 1493 sit.
2924 1435 3386 1493 Animadvertens
3414 1436 3562 1492 enim

1960 1534 2015 1583 te
2042 1543 2105 1583 ex
2132 1526 2474 1600 oppositione
2493 1542 2624 1599 erga
2653 1527 2811 1582 illum
2834 1527 3123 1598 porcinam
3145 1541 3370 1582 carnem
3394 1541 3561 1581 man—

1958 1616 2184 1682 ducare,
2233 1616 2559 1688 pertinacior
2608 1616 2879 1684 redditur,
2924 1616 3172 1687 adeoque
3220 1615 3563 1687 periclitatur

1960 1722 2028 1762 ne
2048 1723 2079 1761 a
2108 1706 2326 1763 Christo
2348 1705 2628 1775 deﬁciens,
2649 1721 2769 1762 sese
2797 1704 2901 1779 legi
2926 1705 3153 1761 tandem
3174 1713 3358 1761 totum
3384 1705 3565 1762 tradat

1966 1796 2285 1869 affigatque.

327 1916 361 1951 α
399 1892 500 1964 Μὴ
532 1890 951 1974 βλασφημείσθω
975 1882 1066 1952 οῦν
1096 1894 1242 1969 ὖμῶν
1275 1892 1335 1953 τὸ
1365 1890 1587 1971 ἀγαθόν.
1612 1917 1638 1943 ιο
1668 1893 1845 1952 Τουτ-

2036 1888 2213 1943 Vsus.
2247 1892 2333 1944 16.
2371 1910 2397 1937 α
2431 1890 2512 1944 Ne
2536 1886 2948 1959 blasphemetur
2974 1885 3158 1957 itaque
3189 1893 3433 1941 vestrum
3458 1885 3563 1940 bo-

238 1986 367 2044 έστι
386 2027 402 2055 ,
437 1981 517 2044 Σὺ
563 1982 871 2053 τελειότητα
900 1981 1041 2062 ἔχεις
1071 1982 1125 2040 ἐν
1259 1983 1436 2041 πίστει
1466 1979 1704 2061 (ταύτην
1748 1977 1850 2059 γὰρ

238 2073 501 2149 ὀνομάζει
546 2071 807 2153 ἀγαθόν
855 2061 934 2149 μὴί
956 2061 1052 2130 γοῦν
1091 2075 1207 2150 χρῶ
1236 2075 1416 2140 κακῶς
1557 2067 1853 2143 τελειότητί

244 2187 350 2223 σου
370 2208 387 2233 ,
421 2161 560 2239 μηδὲ
590 2162 729 2223 ποίει
757 2160 958 2233 ταύτην
1002 2165 1458 2241 βλασφημεὶσθαι.
1489 2158 1623 2220 Ἐὰν
1655 2160 1759 2240 γὰρ
1790 2158 1854 2217 σὺ

244 2251 365 2311 ἀπὸ
396 2256 490 2311 τοῦ
514 2252 709 2321 τέλειος
738 2242 907 2323 εἶναι,
938 2249 1243 2332 διαφθείρῃς
1289 2251 1377 2332 τὸν
1419 2251 1587 2320 ἀτελῆ
1610 2295 1628 2326 ,
1661 2248 1853 2321 ἐποίη-

244 2367 355 2410 σας
408 2343 792 2403 διαϐάλλεσθαι
852 2341 913 2401 τὸ
964 2340 1157 2419 ἀγαθὸν
1210 2340 1238 2401 ὃ
1295 2331 1458 2421 εἶχες.
1518 2340 1748 2411 Νοήσεις
1800 2339 1853 2397 δὲ

245 2432 457 2509 ἀγαθὸν
494 2432 587 2491 καὶ
631 2432 693 2492 τὸ
723 2431 897 2510 δόγμα
941 2434 1096 2509 ἡμῶν
1116 2476 1133 2503 ,
1167 2430 1196 2491 δ
1227 2434 1286 2491 οὗ
1321 2432 1568 2511 βούλεται
1601 2432 1852 2510 βλασφη-

246 2527 475 2603 μεῖσθαι
513 2522 663 2604 παρὰ
692 2528 799 2582 τῶν
829 2522 1096 2595 ἀπίστων,
1133 2519 1379 2601 δρώντων
1428 2520 1496 2580 τὰ
1526 2518 1809 2600 σχίσματα
1834 2564 1851 2596 ,

246 2616 349 2673 καὶ
371 2611 441 2672 τὰ
464 2612 740 2673 σκάνδαλα
767 2613 837 2673 τὰ
859 2611 982 2693 περὶ
1011 2614 1118 2670 τῶν
1147 2610 1473 2692 βρωμάτων.

344 2822 374 2856 ε
409 2800 492 2859 Οὐ
519 2796 625 2876 γάρ
659 2797 802 2856 ἔστιν
835 2798 867 2866 ἡ
900 2791 1148 2874 βασιλεία
1187 2796 1282 2853 τοῦ
1328 2793 1474 2852 Θεοῦ
1521 2794 1715 2873 βρῶσις
1761 2789 1856 2850 καὶ

251 2889 433 2957 πόσις.
464 2911 494 2947 ι
536 2885 630 2958 Μὴ
673 2884 778 2966 γὰρ
822 2884 928 2945 ἀπὸ
956 2882 1158 2943 τούτων
1184 2883 1567 2959 εὖδοκιμοῦμεν
1591 2904 1604 2917 ·
1636 2880 1712 2958 μὴ
1751 2879 1857 2961 γὰρ

256 2980 356 3039 ἐὰν
401 2977 612 3060 φάγῃς,
662 2976 793 3058 φησί
818 3023 835 3053 ,
871 2972 1026 3034 τοῦτό
1077 2996 1136 3032 σε
1179 2974 1252 3039 εἰς
1311 2971 1589 3053 βασιλείαν
1629 2971 1856 3049 εἰσάγει.

250 3068 538 3149 Διασύρων
567 3066 623 3127 δὲ
651 3063 856 3140 ἶαῦτοὺς
895 3067 966 3131 ὣς
1012 3063 1099 3124 ἐπὶ
1140 3067 1297 3124 τοῦτο
1330 3060 1471 3139 μέγα
1501 3065 1818 3144 φρονοῦντας
1837 3109 1853 3137 ,

253 3158 556 3240 προσέθηκε
586 3155 680 3217 καὶ
710 3155 886 3215 πόσιν.

342 3272 371 3307 ε
406 3246 572 3309 Ἀλλὰ
627 3245 972 3317 δικαιοσύνη,
1030 3243 1123 3303 καὶ
1179 3240 1395 3323 εἰρήνη,
1453 3240 1545 3300 καὶ
1598 3240 1747 3321 χαρὰ
1804 3241 1858 3298 ἐν

256 3338 549 3413 Πνεύματι
593 3336 753 3420 ἁγίῳ.
783 3360 813 3396 ι)
856 3338 950 3403 Εἰς
977 3333 1075 3407 τὴν
1110 3331 1387 3413 βασιλείαν
1415 3335 1510 3390 τοῦ
1553 3332 1695 3391 Θεοῦ
1742 3331 1852 3389 εἰσ-

258 3431 379 3507 άγει
420 3432 458 3499 ἡ
501 3426 846 3500 δικαιοσύνη,
888 3424 1158 3485 τουτέστιν
1181 3469 1197 3497 ,
1243 3427 1279 3495 ἡ
1319 3421 1545 3481 καθόλου
1595 3421 1788 3499 ἁρετὴ,
1832 3426 1861 3481 6

264 3521 549 3597 ἄμεμπτος
591 3516 701 3598 βίος
721 3560 739 3591 ,
770 3515 861 3576 καὶ
904 3515 1087 3593 εἰρήνη
1119 3514 1249 3594 πρὸς
1276 3512 1366 3572 τὸν
1398 3509 1621 3592 ἀδελφὸν
1641 3555 1657 3582 ,
1689 3513 1788 3589 οὐχ
1824 3515 1858 3581 ἡ

256 3608 554 3691 φιλονεικία
588 3627 601 3640 ·
638 3606 730 3666 καί
751 3612 786 3679 ἡ
816 3604 959 3686 χαρὰ
986 3607 1045 3663 ἐκ
1078 3609 1170 3677 τῆς
1200 3601 1448 3680 ὁμονοίας
1467 3646 1495 3691 ,ξ
1518 3602 1678 3691 οἵ»χὴ
1712 3600 1860 3691 λύπῃ

253 3688 292 3773 ἦ
322 3703 378 3758 ἐκ
406 3703 501 3771 τῆς
532 3696 882 3770 ἐπιπλήξεως.
913 3694 1075 3756 Ἐπεὶ
1111 3694 1166 3753 δέ
1205 3695 1348 3753 ἐστιν
1381 3689 1564 3771 εἰρήνη
1589 3690 1679 3748 καὶ
1712 3688 1858 3770 χαρὰ

256 3790 350 3849 καὶ
372 3788 461 3849 ἐπὶ
500 3790 744 3867 πονηρῶν
787 3785 1122 3866 πραγμάτων
1144 3829 1158 3853 ,
1192 3784 1459 3862 ἐπήγαγεν
1489 3805 1499 3815 ο
1532 3802 1562 3837 (ι
1593 3780 1646 3837 ἐν
1688 3778 1862 3840 Πνεύ⁹

260 3904 395 3958 ματι
433 3878 586 3960 ἁγίῳ.
626 3906 651 3930 ν
677 3877 815 3957 Περί
842 3876 946 3957 γὰρ
962 3879 1056 3947 τῆς
1078 3876 1131 3933 ἐν
1164 3871 1447 3949 Πνεύματι
1474 3868 1614 3960 ἁγίῳ
1651 3868 1863 3960 εἰρήνης

263 3970 360 4029 καὶ
399 3958 602 4049 χαράς,
636 3966 802 4049 φησί,
840 3966 1002 4044 λέγω.
1037 3960 1381 4043 Ἐξηγήσατο
1417 3960 1471 4020 δὲ
1512 3958 1602 4019 καὶ
1645 3958 1865 4049 βαθύτε-

265 4082 357 4137 ρον
390 4047 738 4136 δπάμμεγας
784 4053 1191 4138 Χρυσόστομος,
1231 4052 1369 4120 τίνος
1414 4049 1589 4109 ἕνεκεν
1624 4047 1861 4125 ἐμνήσθη

262 4154 293 4208 6
349 4151 564 4216 Παῦλος
606 4151 703 4219 ἧς
735 4145 1091 4218 δικαιοσύνης.
1143 4141 1271 4201 Ἵνα
1310 4142 1413 4220 γὰρ
1458 4139 1634 4218 δείξῃ,
1666 4138 1822 4218 φησὶν
1845 4185 1860 4212 ,

263 4238 350 4297 ὅτι
381 4241 411 4297 6
453 4238 527 4315 μὴ
560 4236 891 4318 ἀπεχόμενος
934 4238 1040 4294 τῶν
1071 4234 1346 4315 χοιρείων,
1390 4230 1562 4290 ἀδικεῖ
1588 4228 1678 4318 τὸν
1709 4230 1863 4318 ἀδελς

266 4328 364 4409 φὸν
393 4329 517 4408 περί
543 4329 641 4399 τήν
667 4317 954 4406 σωτηρίαν
1004 4323 1201 4397 αὐτὴν,
1233 4321 1299 4393 ἣν
1347 4323 1376 4379 6
1415 4317 1645 4400 Χριστὸς
1693 4317 1864 4409 θανὼν

267 4408 418 4499 αὐτῷ
450 4416 883 4499 περιεποιήσατο.
928 4414 1107 4475 Ὥστε
1138 4414 1197 4472 ἐκ
1227 4409 1534 4472 τούναντίου
1557 4455 1573 4483 ,
1603 4411 1631 4465 6
1662 4408 1861 4489 ἀπεχό-

1895 3200 1942 3265 C

1962 1993 2119 2033 num.
2159 1977 2261 2034 »Id
2289 1986 2392 2047 est,
2421 1985 2483 2032 tu
2527 1977 2693 2033 habes
2734 1975 3135 2048 perfectionem
3164 1975 3220 2029 in
3254 1974 3357 2030 fide
3401 1974 3567 2041 (hanc

1962 2067 2111 2123 enim
2149 2067 2358 2123 bonum
2385 2068 2672 2134 nominat).
2701 2068 2783 2122 Ne
2813 2066 2985 2138 igitur
3029 2063 3256 2120 abutere
3300 2064 3400 2119 hac
3440 2080 3567 2135 per-

1964 2156 2202 2213 fectione
2225 2165 2339 2225 tua,
2368 2172 2540 2227 neque
2566 2156 2622 2211 in
2666 2172 2835 2211 causa
2880 2163 2999 2211 esto
3037 2171 3134 2209 cur
3157 2153 3567 2225 blasphemetur

1964 2246 2047 2302 vel
2081 2246 2449 2318 vituperetur.
2492 2245 2545 2302 Si
2576 2246 2722 2301 enim
2752 2262 2815 2301 ex
2860 2244 3199 2316 perfectione
3232 2253 3327 2299 tua
3358 2244 3570 2314 imper-

1964 2333 2172 2392 fectum
2189 2335 2389 2407 perdis,
2413 2352 2609 2391 ansam
2636 2334 2920 2407 praebuisti
2956 2334 3118 2404 103
3144 2332 3568 2400 criminationis,

1964 2442 2072 2498 qua
2106 2424 2521 2482 malediceretur
2544 2426 2689 2480 bono
2733 2424 2884 2496 quod
2912 2423 3173 2478 habebas.
3206 2426 3423 2478 Bonum
3466 2439 3564 2477 au-

1967 2525 2083 2572 tem
2118 2514 2392 2588 intelliges
2420 2514 2737 2571 doctrinam
2774 2518 3044 2579 nostram,
3095 2529 3262 2584 quam
3302 2529 3419 2568 non
3452 2512 3571 2567 vult

1966 2604 2277 2662 infidelium
2303 2604 2594 2661 calumniae
2643 2603 2947 2659 obnoxiam
2998 2618 3139 2667 esse,
3188 2600 3328 2657 dum
3387 2600 3571 2657 vident

1964 2693 2221 2752 scandala
2250 2702 2414 2768 atque
2443 2692 2670 2751 dissidia
2710 2693 2962 2749 ciborum
3001 2690 3241 2746 nomine.

2038 2788 2224 2842 Vsns.
2262 2790 2348 2841 17.
2387 2808 2412 2832 ιι
2444 2787 2570 2841 Non
2606 2783 2760 2840 enim
2791 2792 2877 2838 est
2911 2797 3148 2854 regnum
3186 2780 3289 2836 Dei
3319 2780 3474 2836 cilius
3516 2790 3571 2835 et

1969 2884 2146 2948 potus.
2187 2899 2212 2924 ι
2255 2878 2384 2932 Non
2414 2875 2565 2931 enim
2603 2874 2677 2930 ob
2706 2875 2824 2929 hac
2860 2873 3161 2944 probamur
3191 2871 3275 2926 vel
3303 2869 3441 2941 grati
3472 2886 3568 2926 su-

1966 2982 2093 3022 mus
2129 2968 2267 3022 Deo.
2298 2967 2421 3021 Non
2470 2963 2615 3019 enim
2663 2963 2708 3019 si
2762 2963 2912 3030 edas,
2943 2962 3154 3033 inquit,
3210 2961 3359 3017 istud
3406 2969 3460 3016 te
3515 2960 3569 3014 in

1964 3072 2201 3129 regnum
2224 3055 2496 3111 caelorum
2540 3052 2861 3109 introducit.
2888 3053 3127 3123 Carpens
3165 3059 3350 3107 autem
3397 3050 3568 3121 ipsos,

1967 3162 2068 3201 ceu
2093 3153 2381 3217 propterea
2408 3143 2650 3212 inflatos,
2678 3142 2878 3214 adjecit
2900 3150 2954 3197 et
2993 3150 3207 3213 potum.

2041 3256 2071 3287 ‹‹
2123 3233 2233 3291 Sed
2280 3233 2489 3306 justitia
2535 3241 2591 3289 et
2646 3248 2750 3305 pax
2812 3240 2868 3288 et
2912 3230 3171 3304 gaudium
3233 3230 3289 3285 in
3357 3220 3568 3301 Spiritu

1967 3334 2182 3382 sancto.
2216 3345 2246 3374 »
2265 3326 2330 3379 In
2352 3339 2587 3395 regnum
2606 3323 2710 3378 Dei
2739 3321 3043 3377 introducit
3064 3320 3297 3392 justitia,
3324 3320 3431 3375 hoc
3463 3328 3572 3374 est.

1972 3414 2146 3470 virtus
2164 3414 2448 3480 universa,
2474 3412 2752 3483 inculpata
2784 3411 2915 3479 vita,
2946 3419 3001 3466 et
3030 3426 3131 3482 pax
3155 3426 3282 3483 erga
3314 3409 3564 3476 fratrem,

1972 3519 2085 3559 non
2112 3502 2420 3571 contentio,
2453 3510 2511 3558 et
2537 3501 2794 3573 gaudium
2823 3517 2891 3556 ex
2939 3498 3255 3567 concordia,
3286 3515 3397 3553 non
3430 3514 3572 3553 moe-

1971 3610 2066 3651 ror
2104 3609 2171 3648 ex
2204 3592 2597 3664 increpatione.
2643 3591 2783 3663 Quia
2812 3606 2941 3645 vero
2968 3590 3229 3662 gaudium
3279 3597 3334 3643 et
3360 3605 3461 3660 pax
3492 3598 3569 3643 est

1971 3684 2140 3740 etiam
2191 3683 2250 3738 in
2286 3681 2446 3738 malis
2492 3681 2680 3747 rebus,
2739 3679 3032 3736 subintulit
3085 3696 3098 3733 :
3163 3700 3192 3728 «
3250 3678 3306 3733 in
3361 3678 3573 3749 Spiritu

1971 3781 2183 3829 sancto.
2208 3793 2237 3823 ››
2269 3776 2353 3828 De
2372 3770 2571 3844 gaudio
2597 3771 2750 3826 enim
2782 3778 2834 3825 et
2864 3785 2995 3840 pace
3026 3784 3149 3840 quae
3180 3776 3264 3823 est
3285 3767 3340 3822 in
3365 3767 3571 3838 Spiritu

1971 3871 2185 3929 sancto,
2228 3861 2427 3933 inquit,
2480 3861 2644 3916 verba
2676 3859 2765 3916 hic
2793 3859 2953 3915 facio.
3000 3859 3183 3913 Altius
3219 3857 3365 3913 hunc
3390 3856 3572 3911 locum

1975 3952 2373 4025 interpretatus
2402 3958 2487 4007 est
2512 3951 2671 4023 plane
2711 3965 2947 4022 magnus
2978 3948 3065 4004 ille
3098 3947 3533 4021 Chrysostomus
3554 3986 3569 4013 ,

1971 4056 2143 4115 quare
2199 4040 2452 4097 videlicet
2505 4039 2665 4095 divus
2708 4039 2913 4095 Paulus
2955 4037 3188 4110 justitiae
3239 4034 3566 4092 meminerit.

1972 4133 2040 4188 Ut
2065 4130 2217 4187 enim
2264 4138 2621 4195 monstraret,
2666 4128 2867 4201 inquit,
2916 4143 3046 4183 eum
3078 4126 3169 4198 qui
3199 4126 3352 4182 suilla
3406 4140 3576 4180 carne

1971 4237 2086 4278 non
2112 4220 2407 4285 abstineat,
2460 4234 2580 4276 esse
2614 4218 2883 4291 injurium
2933 4217 3194 4273 adversus
3236 4212 3461 4270 fratrem
3519 4214 3578 4268 in

1974 4311 2142 4368 rebus
2179 4310 2400 4383 salutis,
2439 4324 2609 4381 quam
2637 4307 2685 4363 ei
2732 4306 2984 4364 Christus
3012 4322 3109 4362 sua
3140 4313 3318 4360 morte
3347 4302 3576 4375 peperit.

1975 4404 2161 4473 Quare
2191 4416 2222 4456 e
2250 4400 2491 4467 diverso,
2522 4399 2613 4470 qui
2644 4405 2869 4470 propter
2922 4395 3151 4452 fratrem
3182 4394 3423 4450 abstinet
3447 4436 3463 4461 ,
3483 4394 3579 4465 ju-

269 4484 426 4584 μενός
474 4484 560 4568 διδ
603 4484 996 4586 τὸν-ἀδελφὸν,
1051 4501 1150 4575 τὴν
1201 4499 1538 4572 δικαιοσύνην
1597 4484 1859 4575 μέτεισίν,

1975 4490 2183 4547 stitiam
2213 4488 2330 4547 adit
2353 4498 2409 4546 et
2436 4489 2813 4561 persequitur,
2847 4502 2971 4558 quae
2994 4484 3375 4541 subministrat
3414 4491 3580 4538 aeter-

265 4596 388 4670 ἥτις
416 4596 654 4677 προξενεῖ
678 4596 774 4669 τὴν
803 4594 1098 4675 βασιλείαν.

358 4708 390 4746 α
415 4684 483 4746 ¢0
500 4688 602 4765 γὰρ
631 4688 684 4746 ἐν
713 4685 918 4750 τούτοις
961 4679 1224 4743 δουλεύων
1275 4681 1350 4761 τῷ
1392 4679 1647 4758 Χριστῷ,
1679 4676 1867 4755 εὐάρε-

271 4798 398 4843 στος
435 4778 511 4858 τῷ
551 4778 715 4856 Θεῷ,
749 4775 841 4835 καί
886 4771 1102 4851 δόκιμος
1131 4773 1239 4837 τοῖς
1269 4767 1583 4858 ἀνθρώποις,
1617 4788 1646 4824 n
1688 4765 1869 4827 Αἰνίτ-

270 4890 425 4925 τεται
481 4856 743 4941 ἰνταῦθα,
791 4863 874 4925 ὅτι
918 4862 1027 4922 ἀπὸ
1083 4857 1378 4929 κενοδοξίας
1435 4856 1701 4934 ἐπετίμων
1760 4862 1868 4922 τοῖς

272 4956 666 5035 ἀσθενεστέροις
693 4957 742 5015 οἰ
772 4951 1086 5032 τελειότεροι
1118 4972 1128 4983 ·
1160 4949 1254 5010 καί
1279 4971 1467 5030 φησιν,
1496 4947 1579 5007 ὅτι
1611 4948 1680 5008 Εἰ
1700 4944 1868 5013 θέλεις

272 5049 651 5123 θαυμασθῆναι
703 5046 808 5112 τοῖς
852 5041 1172 5123 ἀνθρώποις,
1220 5042 1280 5099 οὗ
1329 5045 1574 5098 τοσοῦτον
1626 5036 1734 5097 ἀπὸ
1774 5039 1871 5107 τ’ἤς

269 5135 634 5210 τελειότητος,
684 5133 806 5194 ὅσον
837 5132 943 5192 άπὸ
990 5135 1085 5203 τῆς
1139 5128 1349 5210 εἰρήνης
1397 5127 1489 5187 καὶ
1538 5129 1643 5185 τῶν
1695 5125 1868 5184 ἄλλων

274 5226 656 5306 θαυμασθήσῃ.
704 5223 797 5285 Ἐν
829 5222 1032 5291 τούτοις
1072 5220 1175 5299 γὰρ
1228 5219 1339 5279 ἔστι
1376 5218 1466 5276 καὶ
1525 5218 1602 5276 τῶ
1632 5217 1870 5306 ⁵Χριστῷ

278 5315 579 5397 βουλεύειν,
609 5305 713 5373 καὶ
764 5312 1066 5393 εὐαρεστεῖν
1118 5311 1196 5391 τῷ
1234 5309 1397 5387 Θεῷ,
1431 5308 1526 5366 οὐκ
1578 5307 1634 5364 ἐν
1683 5307 1760 5386 τῷ
1808 5305 1873 5364 τὰ

273 5404 486 5485 χοίρεια
523 5402 712 5485 ἐσθίειν
744 5401 1062 5484 ἀδιαφόρως.

367 5482 393 5546 ε
428 5492 562 5574 Ἄρα
591 5482 680 5553 οὖν
721 5492 788 5551 τὰ
829 5482 923 5563 τῆς
946 5482 1173 5569 εἰρήνης
1210 5487 1520 5564 διώκωμεν,
1565 5484 1657 5543 καὶ
1682 5482 1753 5574 τὰ
1784 5486 1879 5555 τῆς

276 5570 560 5660 οἷκοδομῆς
597 5587 691 5655 τῆς
716 5582 788 5650 εἰς
818 5578 1100 5652 ἀλλήλους.
1139 5603 1164 5630 ι
1190 5610 1272 5624 —
1295 5603 1316 5630 α
1344 5575 1433 5638 Τὰ
1456 5577 1551 5645 τῆς
1576 5570 1812 5660 εἰρήνης,
1844 5596 1874 5626 π

278 5661 432 5742 εἶπε,
481 5672 612 5753 πρὸς
650 5671 741 5732 τὸν
785 5670 1131 5749 ἀτελέστερον
1155 5686 1171 5704 θ
1224 5668 1421 5734 ἐκεῖνος
1466 5661 1571 5743 γὰρ
1626 5661 1692 5735 ἦν
1736 5666 1765 5722 ὁ
1803 5661 1880 5753 μὴ

278 5751 590 5844 εἰρηνεύων.
649 5784 679 5822 α
723 5760 813 5825 Τὰ
850 5763 945 5835 τῆς
997 5761 1279 5838 οἰκοδομῆς
1298 5801 1315 5832 ,
1358 5753 1490 5836 πρὸς
1545 5757 1634 5814 τὸν
1684 5751 1878 5812 τελειό-

1978 4596 2116 4638 num
2151 4594 2406 4653 regnum.

2048 4674 2224 4727 Vens.
2284 4674 2376 4725 18.
2407 4691 2433 4717 ιι
2462 4667 2568 4741 Qui
2621 4666 2773 4724 enim
2812 4665 2871 4721 in
2920 4663 3004 4720 bis
3057 4660 3285 4717 inservit
3325 4659 3580 4726 Christo,

1977 4763 2100 4817 Deo
2128 4760 2270 4816 bene
2297 4759 2494 4830 placet,
2522 4765 2577 4813 et
2621 4754 2937 4812 hominibus
2986 4752 3272 4825 probatur.
3310 4774 3336 4798 ιι
3376 4751 3500 4805 Ηοο
3530 4748 3585 4804 in

1977 4850 2097 4906 loco
2127 4848 2430 4917 subiunuit,
2480 4846 2631 4920 quod
2654 4846 2686 4901 ii
2731 4846 2830 4917 qui
2858 4842 3213 4916 perfectiores
3260 4848 3441 4908 erant,
3472 4839 3586 4895 im-

1976 4939 2283 4996 becilliores
2311 4955 2376 4995 ex
2402 4937 2551 4993 inani
2578 4936 2745 5010 gloria
2773 4933 3149 5006 increpabant,
3200 4931 3283 4999 Si,
3311 4929 3590 5001 inquiens,

1979 5028 2296 5087 hominibus
2340 5025 2691 5084 admirationi
2740 5040 2858 5080 esse
2897 5023 3078 5095 cupis,
3110 5037 3225 5078 non
3262 5029 3485 5076 tantum
3518 5017 3589 5072 ob

1981 5118 2395 5192 perfectionem,
2427 5124 2698 5189 quantum
2743 5115 2813 5170 ob
2844 5129 3034 5184 pacem
3064 5119 3117 5167 et
3145 5111 3218 5166 ob
3242 5110 3376 5165 alias
3402 5108 3583 5162 virtu-

1980 5217 2085 5277 tes,
2138 5207 2560 5264 admirationem
2610 5205 2681 5262 de
2728 5212 2779 5259 te
2826 5198 3144 5258 concitabis.
3197 5201 3260 5254 In
3304 5198 3389 5252 his
3438 5196 3591 5252 enim

1982 5298 2205 5356 Christo
2248 5298 2509 5354 inservire
2536 5296 2682 5359 licet,
2716 5298 2943 5363 Deoque
2972 5292 3212 5363 placere,
3240 5287 3336 5343 sed
3382 5302 3501 5341 non
3536 5286 3589 5340 in

1987 5389 2095 5447 hoc
2145 5389 2295 5466 quod
2337 5388 2562 5460 porcina
2596 5400 2761 5441 carne
2806 5377 3288 5438 indiscriminatim
3344 5376 3593 5431 vescaris.

2057 5487 2237 5541 Vens.
2271 5483 2353 5537 t9.
2393 5498 2421 5531 «
2453 5481 2643 5548 Itaque
2675 5490 2799 5547 quae
2841 5471 2991 5543 pacis
3027 5476 3153 5523 sunt
3204 5475 3503 5532 sectemur,
3535 5475 3590 5521 et

1991 5592 2113 5649 quae
2130 5573 2200 5630 ad
2211 5580 2464 5629 mutuam
2480 5564 2905 5625 aedificationem
2916 5603 2929 5615 .
2940 5583 3043 5610 »--
3060 5561 3226 5629 «Quae
3238 5557 3389 5628 pacis
3402 5564 3552 5621 sunt,
3566 5578 3595 5605 ››

1990 5646 2129 5723 dixit
2156 5664 2224 5721 ad
2272 5656 2738 5732 imperfectiorem
2768 5672 2781 5708 :
2810 5653 2856 5709 is
2897 5651 3047 5707 enim
3075 5664 3266 5723 pacem
3316 5646 3464 5703 haud
3505 5646 3600 5702 ha-

1987 5756 2170 5813 bebat.
2207 5777 2232 5802 κ
2287 5752 2430 5823 Quae
2457 5747 2530 5806 ad
2571 5743 3018 5811 aediﬁcationem,
3054 5761 3082 5796 ι)
3118 5737 3188 5796 ad
3216 5735 3603 5811 perfectiorem
