  <div class='ocr_page' id='page_1' title='image "/cluster/home/n/w/nwhite01/storage/ocr_20150623/124:no.2/coo.31924054870294/273.png"; bbox 0 0 4090 6414; ppageno 0'>
   <div class='ocr_carea' id='block_1_1' title="bbox 460 415 2746 484">
    <p class='ocr_par' dir='ltr' id='par_1_1' title="bbox 460 415 2746 484">
     <span class='ocr_line' id='line_1_1' title="bbox 460 415 2746 484; baseline -0.006 0"><span class='ocrx_word' id='word_1_1' title='bbox 460 433 556 484; x_wconf 78' lang='grc'><strong>531</strong></span> <span class='ocrx_word' id='word_1_2' title='bbox 1485 420 1998 478; x_wconf 78' lang='lat' dir='ltr'><strong>THEOPHYLACTI</strong></span> <span class='ocrx_word' id='word_1_3' title='bbox 2037 416 2394 473; x_wconf 77' lang='lat' dir='ltr'><strong>BULGARUE</strong></span> <span class='ocrx_word' id='word_1_4' title='bbox 2431 415 2746 471; x_wconf 79' lang='lat' dir='ltr'><strong>ARCHIEP.</strong></span> 
     </span>
    </p>
   </div>
   <div class='ocr_carea' id='block_1_2' title="bbox 3669 419 3775 472">
    <p class='ocr_par' dir='ltr' id='par_1_2' title="bbox 3669 419 3775 472">
     <span class='ocr_line' id='line_1_2' title="bbox 3669 419 3775 472; baseline -0.009 0"><span class='ocrx_word' id='word_1_5' title='bbox 3669 419 3775 472; x_wconf 76' lang='lat'><strong>532</strong></span> 
     </span>
    </p>
   </div>
   <div class='ocr_carea' id='block_1_3' title="bbox 458 538 2043 622">
    <p class='ocr_par' dir='ltr' id='par_1_3' title="bbox 458 547 2043 621">
     <span class='ocr_line' id='line_1_3' title="bbox 458 547 2043 621; baseline -0.006 -12"><span class='ocrx_word' id='word_1_6' title='bbox 458 554 667 621; x_wconf 88' lang='lat' dir='ltr'><strong>retulit,</strong></span> <span class='ocrx_word' id='word_1_7' title='bbox 711 568 780 607; x_wconf 88' lang='lat' dir='ltr'><strong>ne</strong></span> <span class='ocrx_word' id='word_1_8' title='bbox 807 549 1118 607; x_wconf 89' lang='lat' dir='ltr'><strong>destruetre</strong></span> <span class='ocrx_word' id='word_1_9' title='bbox 1171 547 1434 617; x_wconf 84' lang='lat' dir='ltr'><strong>fratrem,</strong></span> <span class='ocrx_word' id='word_1_10' title='bbox 1478 547 1772 604; x_wconf 83' lang='lat' dir='ltr'><strong>offendens</strong></span> <span class='ocrx_word' id='word_1_11' title='bbox 1826 547 2006 618; x_wconf 89' lang='lat' dir='ltr'><strong>ipsum</strong></span> <span class='ocrx_word' id='word_1_12' title='bbox 2041 564 2043 594; x_wconf 50' lang='grc' dir='ltr'><em>ὴ</em></span> 
     </span>
    </p>
   </div>
   <div class='ocr_carea' id='block_1_4' title="bbox 2152 538 3770 622">
    <p class='ocr_par' dir='ltr' id='par_1_4' title="bbox 2170 538 3770 622">
     <span class='ocr_line' id='line_1_4' title="bbox 2170 538 3770 622; baseline -0.001 -22"><span class='ocrx_word' id='word_1_13' title='bbox 2170 565 2343 622; x_wconf 81' lang='grc' dir='ltr'>τερον,</span> <span class='ocrx_word' id='word_1_14' title='bbox 2371 543 2441 608; x_wconf 83' lang='grc' dir='ltr'>ὡς</span> <span class='ocrx_word' id='word_1_15' title='bbox 2461 539 2524 600; x_wconf 76' lang='grc' dir='ltr'><strong>ἂν</strong></span> <span class='ocrx_word' id='word_1_16' title='bbox 2549 538 2625 618; x_wconf 82' lang='grc' dir='ltr'><strong>μὴ</strong></span> <span class='ocrx_word' id='word_1_17' title='bbox 2649 565 2717 599; x_wconf 89' lang='grc' dir='ltr'><strong>κα</strong></span> <span class='ocrx_word' id='word_1_18' title='bbox 2731 539 2933 620; x_wconf 76' lang='grc' dir='ltr'>ςαϐάλῃ</span> <span class='ocrx_word' id='word_1_19' title='bbox 2958 540 3007 579; x_wconf 75' lang='grc'><strong>⁴⁷</strong></span> <span class='ocrx_word' id='word_1_20' title='bbox 3031 539 3118 599; x_wconf 78' lang='grc' dir='ltr'><strong>τὸν</strong></span> <span class='ocrx_word' id='word_1_21' title='bbox 3136 539 3380 621; x_wconf 79' lang='grc' dir='ltr'>ἀδελφὸν,</span> <span class='ocrx_word' id='word_1_22' title='bbox 3400 541 3770 611; x_wconf 82' lang='grc' dir='ltr'>σκανδαλίζων</span> 
     </span>
    </p>
   </div>
   <div class='ocr_carea' id='block_1_5' title="bbox 458 637 2060 706">
    <p class='ocr_par' dir='ltr' id='par_1_5' title="bbox 458 637 2060 706">
     <span class='ocr_line' id='line_1_5' title="bbox 458 637 2060 706; baseline -0.006 -7"><span class='ocrx_word' id='word_1_23' title='bbox 458 644 574 699; x_wconf 89' lang='lat' dir='ltr'><strong>imo</strong></span> <span class='ocrx_word' id='word_1_24' title='bbox 603 639 927 698; x_wconf 90' lang='lat' dir='ltr'><strong>communia</strong></span> <span class='ocrx_word' id='word_1_25' title='bbox 950 639 1070 697; x_wconf 69' lang='lat' dir='ltr'><strong>haac</strong></span> <span class='ocrx_word' id='word_1_26' title='bbox 1101 638 1250 706; x_wconf 88' lang='lat' dir='ltr'><strong>fecit,</strong></span> <span class='ocrx_word' id='word_1_27' title='bbox 1277 639 1411 696; x_wconf 90' lang='lat' dir='ltr'><strong>dum</strong></span> <span class='ocrx_word' id='word_1_28' title='bbox 1437 639 1534 706; x_wconf 85' lang='lat' dir='ltr'><strong>ait,</strong></span> <span class='ocrx_word' id='word_1_29' title='bbox 1571 657 1601 690; x_wconf 77' lang='grc' dir='ltr'>ι(</span> <span class='ocrx_word' id='word_1_30' title='bbox 1629 645 1906 693; x_wconf 91' lang='lat' dir='ltr'><strong>mutuam.</strong></span> <span class='ocrx_word' id='word_1_31' title='bbox 1935 655 1962 688; x_wconf 86' lang='lat'><strong>»</strong></span> <span class='ocrx_word' id='word_1_32' title='bbox 1996 637 2060 690; x_wconf 88' lang='lat' dir='ltr'><strong>1n</strong></span> 
     </span>
    </p>
   </div>
   <div class='ocr_carea' id='block_1_6' title="bbox 419 724 2059 803">
    <p class='ocr_par' dir='ltr' id='par_1_6' title="bbox 419 724 2059 803">
     <span class='ocr_line' id='line_1_6' title="bbox 419 724 2059 803; baseline -0.004 -15"><span class='ocrx_word' id='word_1_33' title='bbox 419 731 423 735; x_wconf 83' lang='grc'><em>’</em></span> <span class='ocrx_word' id='word_1_34' title='bbox 457 734 562 788; x_wconf 94' lang='lat' dir='ltr'><strong>hoc</strong></span> <span class='ocrx_word' id='word_1_35' title='bbox 591 741 777 787; x_wconf 84' lang='lat' dir='ltr'><strong>autem</strong></span> <span class='ocrx_word' id='word_1_36' title='bbox 816 730 964 803; x_wconf 91' lang='lat' dir='ltr'><strong>quod</strong></span> <span class='ocrx_word' id='word_1_37' title='bbox 1007 731 1253 802; x_wconf 88' lang='lat' dir='ltr'><strong>primum</strong></span> <span class='ocrx_word' id='word_1_38' title='bbox 1296 728 1621 786; x_wconf 89' lang='lat' dir='ltr'><strong>meminerit</strong></span> <span class='ocrx_word' id='word_1_39' title='bbox 1660 728 1828 800; x_wconf 86' lang='lat' dir='ltr'><strong>pacis,</strong></span> <span class='ocrx_word' id='word_1_40' title='bbox 1860 724 2059 782; x_wconf 90' lang='lat' dir='ltr'><strong>deinde</strong></span> 
     </span>
    </p>
   </div>
   <div class='ocr_carea' id='block_1_7' title="bbox 457 813 2058 893">
    <p class='ocr_par' dir='ltr' id='par_1_7' title="bbox 457 813 2058 893">
     <span class='ocr_line' id='line_1_7' title="bbox 457 813 2058 893; baseline -0.006 -13"><span class='ocrx_word' id='word_1_41' title='bbox 457 821 862 888; x_wconf 80' lang='lat' dir='ltr'><strong>aediﬁcationis,</strong></span> <span class='ocrx_word' id='word_1_42' title='bbox 889 819 1145 885; x_wconf 84' lang='lat' dir='ltr'><strong>ostendit,</strong></span> <span class='ocrx_word' id='word_1_43' title='bbox 1175 819 1327 893; x_wconf 93' lang='lat' dir='ltr'><strong>quod</strong></span> <span class='ocrx_word' id='word_1_44' title='bbox 1350 819 1482 876; x_wconf 89' lang='lat' dir='ltr'><strong>citra</strong></span> <span class='ocrx_word' id='word_1_45' title='bbox 1512 833 1703 891; x_wconf 88' lang='lat' dir='ltr'><strong>pacem</strong></span> <span class='ocrx_word' id='word_1_46' title='bbox 1741 833 1855 873; x_wconf 93' lang='lat' dir='ltr'><strong>non</strong></span> <span class='ocrx_word' id='word_1_47' title='bbox 1883 815 1956 872; x_wconf 91' lang='lat' dir='ltr'><strong>sit</strong></span> <span class='ocrx_word' id='word_1_48' title='bbox 1982 813 2058 871; x_wconf 88' lang='lat' dir='ltr'><strong>fa-</strong></span> 
     </span>
    </p>
   </div>
   <div class='ocr_carea' id='block_1_8' title="bbox 457 910 905 968">
    <p class='ocr_par' dir='ltr' id='par_1_8' title="bbox 457 910 905 968">
     <span class='ocr_line' id='line_1_8' title="bbox 457 910 905 968; baseline -0.007 -1"><span class='ocrx_word' id='word_1_49' title='bbox 457 911 561 968; x_wconf 87' lang='lat' dir='ltr'><strong>cile</strong></span> <span class='ocrx_word' id='word_1_50' title='bbox 612 910 905 967; x_wconf 78' lang='lat' dir='ltr'><strong>aediﬁcare.</strong></span> 
     </span>
    </p>
   </div>
   <div class='ocr_carea' id='block_1_9' title="bbox 529 996 2058 1072">
    <p class='ocr_par' dir='ltr' id='par_1_9' title="bbox 529 996 2058 1072">
     <span class='ocr_line' id='line_1_9' title="bbox 529 996 2058 1072; baseline -0.005 -15"><span class='ocrx_word' id='word_1_51' title='bbox 529 1004 704 1057; x_wconf 76' lang='lat' dir='ltr'><strong>Vsus.</strong></span> <span class='ocrx_word' id='word_1_52' title='bbox 755 1004 843 1055; x_wconf 81' lang='lat'><strong>20.</strong></span> <span class='ocrx_word' id='word_1_53' title='bbox 882 1019 910 1051; x_wconf 91' lang='lat'>«</span> <span class='ocrx_word' id='word_1_54' title='bbox 938 999 1062 1055; x_wconf 90' lang='lat' dir='ltr'><strong>Noli</strong></span> <span class='ocrx_word' id='word_1_55' title='bbox 1109 1007 1334 1072; x_wconf 81' lang='lat' dir='ltr'><strong>propter</strong></span> <span class='ocrx_word' id='word_1_56' title='bbox 1374 1013 1559 1054; x_wconf 89' lang='lat' dir='ltr'><strong>escam</strong></span> <span class='ocrx_word' id='word_1_57' title='bbox 1596 996 1878 1053; x_wconf 86' lang='lat' dir='ltr'><strong>destruere</strong></span> <span class='ocrx_word' id='word_1_58' title='bbox 1918 1010 2058 1068; x_wconf 83' lang='lat' dir='ltr'><strong>Opus</strong></span> 
     </span>
    </p>
   </div>
   <div class='ocr_carea' id='block_1_10' title="bbox 455 1085 2058 1162">
    <p class='ocr_par' dir='ltr' id='par_1_10' title="bbox 455 1085 2058 1162">
     <span class='ocr_line' id='line_1_10' title="bbox 455 1085 2058 1162; baseline -0.004 -14"><span class='ocrx_word' id='word_1_59' title='bbox 455 1092 881 1162; x_wconf 81' lang='lat' dir='ltr'><strong>Dei.»—«Opus</strong></span> <span class='ocrx_word' id='word_1_60' title='bbox 894 1090 1019 1158; x_wconf 87' lang='lat' dir='ltr'><strong>Dei,</strong></span> <span class='ocrx_word' id='word_1_61' title='bbox 1039 1113 1062 1138; x_wconf 78' lang='grc' dir='ltr'>ι»</span> <span class='ocrx_word' id='word_1_62' title='bbox 1079 1089 1500 1145; x_wconf 84' lang='lat' dir='ltr'><strong>fratrissalutem</strong></span> <span class='ocrx_word' id='word_1_63' title='bbox 1513 1087 1780 1144; x_wconf 83' lang='lat' dir='ltr'><strong>nominat.</strong></span> <span class='ocrx_word' id='word_1_64' title='bbox 1795 1089 1877 1144; x_wconf 89' lang='lat' dir='ltr'><strong>Ne</strong></span> <span class='ocrx_word' id='word_1_65' title='bbox 1892 1085 2058 1160; x_wconf 81' lang='lat' dir='ltr'><strong>igitur</strong></span> 
     </span>
    </p>
   </div>
   <div class='ocr_carea' id='block_1_11' title="bbox 457 1175 2057 1252">
    <p class='ocr_par' dir='ltr' id='par_1_11' title="bbox 457 1175 2057 1252">
     <span class='ocr_line' id='line_1_11' title="bbox 457 1175 2057 1252; baseline -0.004 -14"><span class='ocrx_word' id='word_1_66' title='bbox 457 1197 584 1238; x_wconf 86' lang='lat' dir='ltr'><strong>eam</strong></span> <span class='ocrx_word' id='word_1_67' title='bbox 635 1180 900 1237; x_wconf 84' lang='lat' dir='ltr'><strong>dissolvas</strong></span> <span class='ocrx_word' id='word_1_68' title='bbox 922 1222 936 1249; x_wconf 97' lang='lat'><strong>,</strong></span> <span class='ocrx_word' id='word_1_69' title='bbox 987 1193 1155 1252; x_wconf 89' lang='lat' dir='ltr'><strong>quam</strong></span> <span class='ocrx_word' id='word_1_70' title='bbox 1204 1179 1456 1236; x_wconf 83' lang='lat' dir='ltr'><strong>Christus</strong></span> <span class='ocrx_word' id='word_1_71' title='bbox 1506 1178 1554 1234; x_wconf 92' lang='lat' dir='ltr'><strong>ei</strong></span> <span class='ocrx_word' id='word_1_72' title='bbox 1605 1177 1851 1251; x_wconf 84' lang='lat' dir='ltr'><strong>peperit;</strong></span> <span class='ocrx_word' id='word_1_73' title='bbox 1890 1175 2057 1249; x_wconf 87' lang='lat' dir='ltr'><strong>idque</strong></span> 
     </span>
    </p>
   </div>
   <div class='ocr_carea' id='block_1_12' title="bbox 458 1267 2054 1343">
    <p class='ocr_par' dir='ltr' id='par_1_12' title="bbox 458 1267 2054 1343">
     <span class='ocr_line' id='line_1_12' title="bbox 458 1267 2054 1343; baseline -0.003 -17"><span class='ocrx_word' id='word_1_74' title='bbox 458 1279 680 1343; x_wconf 88' lang='lat' dir='ltr'><strong>prepter</strong></span> <span class='ocrx_word' id='word_1_75' title='bbox 735 1270 944 1337; x_wconf 90' lang='lat' dir='ltr'><strong>cibum,</strong></span> <span class='ocrx_word' id='word_1_76' title='bbox 975 1269 1110 1325; x_wconf 93' lang='lat' dir='ltr'><strong>dum</strong></span> <span class='ocrx_word' id='word_1_77' title='bbox 1139 1285 1250 1325; x_wconf 91' lang='lat' dir='ltr'><strong>non</strong></span> <span class='ocrx_word' id='word_1_78' title='bbox 1280 1269 1361 1325; x_wconf 90' lang='lat' dir='ltr'><strong>vis</strong></span> <span class='ocrx_word' id='word_1_79' title='bbox 1406 1267 1660 1325; x_wconf 87' lang='lat' dir='ltr'><strong>videlicet</strong></span> <span class='ocrx_word' id='word_1_80' title='bbox 1705 1267 1981 1324; x_wconf 90' lang='lat' dir='ltr'><strong>abstinere</strong></span> <span class='ocrx_word' id='word_1_81' title='bbox 2023 1282 2054 1322; x_wconf 91' lang='lat' dir='ltr'><strong>a</strong></span> 
     </span>
    </p>
   </div>
   <div class='ocr_carea' id='block_1_13' title="bbox 458 1358 1300 1434">
    <p class='ocr_par' dir='ltr' id='par_1_13' title="bbox 458 1358 1300 1434">
     <span class='ocr_line' id='line_1_13' title="bbox 458 1358 1300 1434; baseline -0.005 -18"><span class='ocrx_word' id='word_1_82' title='bbox 458 1361 702 1434; x_wconf 88' lang='lat' dir='ltr'><strong>porcina,</strong></span> <span class='ocrx_word' id='word_1_83' title='bbox 733 1367 795 1416; x_wconf 89' lang='lat' dir='ltr'><strong>ut</strong></span> <span class='ocrx_word' id='word_1_84' title='bbox 818 1359 1050 1416; x_wconf 89' lang='lat' dir='ltr'><strong>luereris</strong></span> <span class='ocrx_word' id='word_1_85' title='bbox 1099 1358 1300 1430; x_wconf 89' lang='lat' dir='ltr'><strong>ipsum.</strong></span> 
     </span>
    </p>
   </div>
   <div class='ocr_carea' id='block_1_14' title="bbox 532 1537 2051 1614">
    <p class='ocr_par' dir='ltr' id='par_1_14' title="bbox 532 1537 2051 1614">
     <span class='ocr_line' id='line_1_14' title="bbox 532 1537 2051 1614; baseline -0.002 -18"><span class='ocrx_word' id='word_1_86' title='bbox 532 1562 560 1596; x_wconf 86' lang='lat'><strong>«</strong></span> <span class='ocrx_word' id='word_1_87' title='bbox 590 1541 790 1598; x_wconf 89' lang='lat' dir='ltr'><strong>Omnia</strong></span> <span class='ocrx_word' id='word_1_88' title='bbox 827 1541 1053 1614; x_wconf 89' lang='lat' dir='ltr'><strong>quidem</strong></span> <span class='ocrx_word' id='word_1_89' title='bbox 1079 1539 1306 1608; x_wconf 89' lang='lat' dir='ltr'><strong>munda,</strong></span> <span class='ocrx_word' id='word_1_90' title='bbox 1340 1539 1438 1596; x_wconf 90' lang='lat' dir='ltr'><strong>sed</strong></span> <span class='ocrx_word' id='word_1_91' title='bbox 1495 1539 1700 1596; x_wconf 89' lang='lat' dir='ltr'><strong>malum</strong></span> <span class='ocrx_word' id='word_1_92' title='bbox 1731 1546 1813 1594; x_wconf 89' lang='lat' dir='ltr'><strong>est</strong></span> <span class='ocrx_word' id='word_1_93' title='bbox 1840 1537 2051 1594; x_wconf 89' lang='lat' dir='ltr'><strong>homini</strong></span> 
     </span>
    </p>
   </div>
   <div class='ocr_carea' id='block_1_15' title="bbox 455 1628 2052 1704">
    <p class='ocr_par' dir='ltr' id='par_1_15' title="bbox 455 1628 2052 1704">
     <span class='ocr_line' id='line_1_15' title="bbox 455 1628 2052 1704; baseline -0.003 -17"><span class='ocrx_word' id='word_1_94' title='bbox 455 1632 549 1704; x_wconf 90' lang='lat' dir='ltr'><strong>qui</strong></span> <span class='ocrx_word' id='word_1_95' title='bbox 591 1647 686 1703; x_wconf 90' lang='lat' dir='ltr'><strong>per</strong></span> <span class='ocrx_word' id='word_1_96' title='bbox 711 1629 1103 1687; x_wconf 87' lang='lat' dir='ltr'><strong>offendiculum</strong></span> <span class='ocrx_word' id='word_1_97' title='bbox 1147 1628 1458 1686; x_wconf 89' lang='lat' dir='ltr'><strong>manducat.</strong></span> <span class='ocrx_word' id='word_1_98' title='bbox 1485 1651 1510 1678; x_wconf 75' lang='grc' dir='ltr'>ιο</span> <span class='ocrx_word' id='word_1_99' title='bbox 1556 1629 1665 1686; x_wconf 90' lang='lat' dir='ltr'><strong>Ubi</strong></span> <span class='ocrx_word' id='word_1_100' title='bbox 1697 1629 1934 1684; x_wconf 88' lang='lat' dir='ltr'><strong>multum</strong></span> <span class='ocrx_word' id='word_1_101' title='bbox 1963 1628 2052 1683; x_wconf 93' lang='lat' dir='ltr'><strong>in-</strong></span> 
     </span>
    </p>
   </div>
   <div class='ocr_carea' id='block_1_16' title="bbox 453 1715 2050 1792">
    <p class='ocr_par' dir='ltr' id='par_1_16' title="bbox 453 1715 2050 1792">
     <span class='ocr_line' id='line_1_16' title="bbox 453 1715 2050 1792; baseline -0.003 -15"><span class='ocrx_word' id='word_1_102' title='bbox 453 1717 1174 1792; x_wconf 88' lang='lat' dir='ltr'><strong>erepuissetperfectiorem,</strong></span> <span class='ocrx_word' id='word_1_103' title='bbox 1212 1717 1377 1790; x_wconf 67' lang='lat'><strong>104</strong></span> <span class='ocrx_word' id='word_1_104' title='bbox 1412 1718 1612 1774; x_wconf 86' lang='lat' dir='ltr'><strong>metuit</strong></span> <span class='ocrx_word' id='word_1_105' title='bbox 1655 1732 1724 1773; x_wconf 89' lang='lat' dir='ltr'><strong>ne</strong></span> <span class='ocrx_word' id='word_1_106' title='bbox 1763 1715 1947 1774; x_wconf 87' lang='lat' dir='ltr'><strong>forsan</strong></span> <span class='ocrx_word' id='word_1_107' title='bbox 1991 1717 2050 1773; x_wconf 93' lang='lat' dir='ltr'><strong>in</strong></span> 
     </span>
    </p>
   </div>
   <div class='ocr_carea' id='block_1_17' title="bbox 454 1806 2050 1881">
    <p class='ocr_par' dir='ltr' id='par_1_17' title="bbox 454 1806 2050 1881">
     <span class='ocr_line' id='line_1_17' title="bbox 454 1806 2050 1881; baseline -0.002 -16"><span class='ocrx_word' id='word_1_108' title='bbox 454 1824 619 1881; x_wconf 90' lang='lat' dir='ltr'><strong>prava</strong></span> <span class='ocrx_word' id='word_1_109' title='bbox 647 1825 742 1865; x_wconf 91' lang='lat' dir='ltr'><strong>sua</strong></span> <span class='ocrx_word' id='word_1_110' title='bbox 797 1808 1061 1880; x_wconf 91' lang='lat' dir='ltr'><strong>opinione</strong></span> <span class='ocrx_word' id='word_1_111' title='bbox 1114 1807 1369 1863; x_wconf 93' lang='lat' dir='ltr'><strong>inﬁrmus</strong></span> <span class='ocrx_word' id='word_1_112' title='bbox 1411 1806 1770 1864; x_wconf 90' lang='lat' dir='ltr'><strong>stabiliretur.</strong></span> <span class='ocrx_word' id='word_1_113' title='bbox 1800 1807 1887 1863; x_wconf 92' lang='lat' dir='ltr'><strong>Ob</strong></span> <span class='ocrx_word' id='word_1_114' title='bbox 1929 1821 2050 1862; x_wconf 90' lang='lat' dir='ltr'><strong>eam</strong></span> 
     </span>
    </p>
   </div>
   <div class='ocr_carea' id='block_1_18' title="bbox 2171 629 3772 708">
    <p class='ocr_par' dir='ltr' id='par_1_18' title="bbox 2171 629 3772 708">
     <span class='ocr_line' id='line_1_18' title="bbox 2171 629 3772 708; baseline 0.001 -19"><span class='ocrx_word' id='word_1_115' title='bbox 2171 630 2326 691; x_wconf 81' lang='grc' dir='ltr'>αὐτόν</span> <span class='ocrx_word' id='word_1_116' title='bbox 2359 653 2374 667; x_wconf 82' lang='grc'><em>’</em></span> <span class='ocrx_word' id='word_1_117' title='bbox 2425 634 2626 708; x_wconf 77' lang='grc' dir='ltr'>μᾶλλον</span> <span class='ocrx_word' id='word_1_118' title='bbox 2675 631 2731 690; x_wconf 76' lang='grc' dir='ltr'>δὲ</span> <span class='ocrx_word' id='word_1_119' title='bbox 2779 629 2930 690; x_wconf 84' lang='grc' dir='ltr'>κοινὰ</span> <span class='ocrx_word' id='word_1_120' title='bbox 2960 634 3128 688; x_wconf 84' lang='grc' dir='ltr'>ταῦτα</span> <span class='ocrx_word' id='word_1_121' title='bbox 3180 629 3507 704; x_wconf 87' lang='grc' dir='ltr'>πεποίηκεν,</span> <span class='ocrx_word' id='word_1_122' title='bbox 3557 630 3723 690; x_wconf 83' lang='grc' dir='ltr'>εἰπών</span> <span class='ocrx_word' id='word_1_123' title='bbox 3757 656 3772 670; x_wconf 76' lang='grc' dir='ltr'><strong>ο</strong></span> 
     </span>
    </p>
   </div>
   <div class='ocr_carea' id='block_1_19' title="bbox 2180 720 3771 801">
    <p class='ocr_par' dir='ltr' id='par_1_19' title="bbox 2180 720 3771 801">
     <span class='ocr_line' id='line_1_19' title="bbox 2180 720 3771 801; baseline 0.001 -22"><span class='ocrx_word' id='word_1_124' title='bbox 2180 743 2210 779; x_wconf 74' lang='grc' dir='ltr'>(ι</span> <span class='ocrx_word' id='word_1_125' title='bbox 2243 724 2359 793; x_wconf 77' lang='grc' dir='ltr'>Τῆς</span> <span class='ocrx_word' id='word_1_126' title='bbox 2390 723 2463 788; x_wconf 82' lang='grc' dir='ltr'>εἷς</span> <span class='ocrx_word' id='word_1_127' title='bbox 2497 721 2778 792; x_wconf 72' lang='grc' dir='ltr'>ἀλλήλους.</span> <span class='ocrx_word' id='word_1_128' title='bbox 2804 741 2833 778; x_wconf 72' lang='grc' dir='ltr'>ι)</span> <span class='ocrx_word' id='word_1_129' title='bbox 2880 721 3145 792; x_wconf 77' lang='grc' dir='ltr'>Μνησθεὶς</span> <span class='ocrx_word' id='word_1_130' title='bbox 3177 720 3233 778; x_wconf 81' lang='grc' dir='ltr'>δὲ</span> <span class='ocrx_word' id='word_1_131' title='bbox 3264 720 3528 801; x_wconf 80' lang='grc' dir='ltr'><strong>προτέρας</strong></span> <span class='ocrx_word' id='word_1_132' title='bbox 3570 726 3667 793; x_wconf 79' lang='grc' dir='ltr'><strong>τῆς</strong></span> <span class='ocrx_word' id='word_1_133' title='bbox 3700 724 3771 781; x_wconf 83' lang='grc' dir='ltr'><strong>εἷ-</strong></span> 
     </span>
    </p>
   </div>
   <div class='ocr_carea' id='block_1_20' title="bbox 2171 802 3768 893">
    <p class='ocr_par' dir='ltr' id='par_1_20' title="bbox 2171 802 3768 893">
     <span class='ocr_line' id='line_1_20' title="bbox 2171 802 3768 893; baseline -0.007 -24"><span class='ocrx_word' id='word_1_134' title='bbox 2171 810 2366 891; x_wconf 87' lang='grc' dir='ltr'>ρήνης,</span> <span class='ocrx_word' id='word_1_135' title='bbox 2399 802 2514 870; x_wconf 73' lang='grc' dir='ltr'>εἶτα</span> <span class='ocrx_word' id='word_1_136' title='bbox 2551 815 2644 883; x_wconf 82' lang='grc' dir='ltr'><strong>τῆς</strong></span> <span class='ocrx_word' id='word_1_137' title='bbox 2689 811 2971 888; x_wconf 79' lang='grc' dir='ltr'><strong>οἰκοδομῆς</strong></span> <span class='ocrx_word' id='word_1_138' title='bbox 2992 854 3009 885; x_wconf 86' lang='grc'><strong>,</strong></span> <span class='ocrx_word' id='word_1_139' title='bbox 3057 808 3278 888; x_wconf 84' lang='grc' dir='ltr'>ἔδειξεν,</span> <span class='ocrx_word' id='word_1_140' title='bbox 3309 808 3390 868; x_wconf 80' lang='grc' dir='ltr'>ὅτι</span> <span class='ocrx_word' id='word_1_141' title='bbox 3417 810 3582 891; x_wconf 80' lang='grc' dir='ltr'>χωρὶς</span> <span class='ocrx_word' id='word_1_142' title='bbox 3617 812 3768 893; x_wconf 78' lang='grc' dir='ltr'>εἰρή-</span> 
     </span>
    </p>
   </div>
   <div class='ocr_carea' id='block_1_21' title="bbox 2168 898 3046 977">
    <p class='ocr_par' dir='ltr' id='par_1_21' title="bbox 2168 898 3046 977">
     <span class='ocr_line' id='line_1_21' title="bbox 2168 898 3046 977; baseline 0.001 -18"><span class='ocrx_word' id='word_1_143' title='bbox 2168 924 2260 974; x_wconf 89' lang='grc' dir='ltr'><strong>νης</strong></span> <span class='ocrx_word' id='word_1_144' title='bbox 2287 903 2385 959; x_wconf 80' lang='grc' dir='ltr'>οὐκ</span> <span class='ocrx_word' id='word_1_145' title='bbox 2411 899 2624 961; x_wconf 82' lang='grc' dir='ltr'>εὔκολον</span> <span class='ocrx_word' id='word_1_146' title='bbox 2655 900 2951 977; x_wconf 79' lang='grc' dir='ltr'>οἰκοδομεῖν</span> <span class='ocrx_word' id='word_1_147' title='bbox 2973 898 3046 960; x_wconf 82' lang='grc'><strong>⁴⁸.</strong></span> 
     </span>
    </p>
   </div>
   <div class='ocr_carea' id='block_1_22' title="bbox 2257 989 3769 1071">
    <p class='ocr_par' dir='ltr' id='par_1_22' title="bbox 2257 989 3769 1071">
     <span class='ocr_line' id='line_1_22' title="bbox 2257 989 3769 1071; baseline 0.003 -23"><span class='ocrx_word' id='word_1_148' title='bbox 2257 1012 2286 1048; x_wconf 84' lang='lat' dir='ltr'><strong>a</strong></span> <span class='ocrx_word' id='word_1_149' title='bbox 2336 990 2427 1064; x_wconf 81' lang='grc' dir='ltr'><strong>Μὴ</strong></span> <span class='ocrx_word' id='word_1_150' title='bbox 2489 991 2665 1051; x_wconf 75' lang='grc' dir='ltr'>ἕνεκεν</span> <span class='ocrx_word' id='word_1_151' title='bbox 2730 989 3011 1070; x_wconf 84' lang='grc' dir='ltr'>βρώματος</span> <span class='ocrx_word' id='word_1_152' title='bbox 3068 991 3303 1050; x_wconf 85' lang='grc' dir='ltr'>κατάλυε</span> <span class='ocrx_word' id='word_1_153' title='bbox 3349 989 3412 1050; x_wconf 83' lang='grc' dir='ltr'>τὸ</span> <span class='ocrx_word' id='word_1_154' title='bbox 3468 989 3623 1071; x_wconf 80' lang='grc' dir='ltr'>ἔργον</span> <span class='ocrx_word' id='word_1_155' title='bbox 3677 999 3769 1052; x_wconf 88' lang='grc' dir='ltr'><strong>τοῦ</strong></span> 
     </span>
    </p>
   </div>
   <div class='ocr_carea' id='block_1_23' title="bbox 2165 1077 3767 1161">
    <p class='ocr_par' dir='ltr' id='par_1_23' title="bbox 2165 1077 3767 1161">
     <span class='ocr_line' id='line_1_23' title="bbox 2165 1077 3767 1161; baseline 0 -21"><span class='ocrx_word' id='word_1_156' title='bbox 2165 1079 2330 1140; x_wconf 84' lang='grc' dir='ltr'>Θεοῦ.</span> <span class='ocrx_word' id='word_1_157' title='bbox 2353 1104 2502 1139; x_wconf 73' lang='grc' dir='ltr'><strong>))-α</strong></span> <span class='ocrx_word' id='word_1_158' title='bbox 2525 1079 2724 1160; x_wconf 88' lang='grc' dir='ltr'>Ἔργον</span> <span class='ocrx_word' id='word_1_159' title='bbox 2754 1086 2845 1139; x_wconf 88' lang='grc' dir='ltr'><strong>τοῦ</strong></span> <span class='ocrx_word' id='word_1_160' title='bbox 2867 1083 3011 1142; x_wconf 89' lang='grc' dir='ltr'>Θεοῦ</span> <span class='ocrx_word' id='word_1_161' title='bbox 3038 1108 3057 1131; x_wconf 78' lang='grc' dir='ltr'><strong>ι</strong></span> <span class='ocrx_word' id='word_1_162' title='bbox 3081 1077 3174 1151; x_wconf 82' lang='grc' dir='ltr'><strong>τὴν</strong></span> <span class='ocrx_word' id='word_1_163' title='bbox 3203 1079 3473 1161; x_wconf 82' lang='grc' dir='ltr'><strong>σωτηρίαν</strong></span> <span class='ocrx_word' id='word_1_164' title='bbox 3496 1088 3587 1141; x_wconf 89' lang='grc' dir='ltr'><strong>τοῦ</strong></span> <span class='ocrx_word' id='word_1_165' title='bbox 3611 1084 3767 1141; x_wconf 81' lang='grc' dir='ltr'>ἀδελ-</span> 
     </span>
    </p>
   </div>
   <div class='ocr_carea' id='block_1_24' title="bbox 2168 1161 3766 1253">
    <p class='ocr_par' dir='ltr' id='par_1_24' title="bbox 2168 1161 3766 1253">
     <span class='ocr_line' id='line_1_24' title="bbox 2168 1161 3766 1253; baseline 0.003 -26"><span class='ocrx_word' id='word_1_166' title='bbox 2168 1173 2265 1249; x_wconf 92' lang='grc' dir='ltr'><strong>φοῦ</strong></span> <span class='ocrx_word' id='word_1_167' title='bbox 2295 1193 2444 1249; x_wconf 86' lang='grc' dir='ltr'>φησι.</span> <span class='ocrx_word' id='word_1_168' title='bbox 2482 1170 2575 1244; x_wconf 86' lang='grc' dir='ltr'><strong>Μὴ</strong></span> <span class='ocrx_word' id='word_1_169' title='bbox 2624 1161 2714 1229; x_wconf 69' lang='grc' dir='ltr'><strong>οὖν</strong></span> <span class='ocrx_word' id='word_1_170' title='bbox 2759 1170 2957 1243; x_wconf 89' lang='grc' dir='ltr'>ταύτην</span> <span class='ocrx_word' id='word_1_171' title='bbox 2991 1171 3224 1230; x_wconf 78' lang='grc' dir='ltr'><strong>κατάλυε</strong></span> <span class='ocrx_word' id='word_1_172' title='bbox 3245 1215 3262 1243; x_wconf 97' lang='grc'><strong>,</strong></span> <span class='ocrx_word' id='word_1_173' title='bbox 3294 1170 3361 1242; x_wconf 80' lang='grc' dir='ltr'>ἣν</span> <span class='ocrx_word' id='word_1_174' title='bbox 3392 1175 3420 1230; x_wconf 82' lang='grc' dir='ltr'>ὁ</span> <span class='ocrx_word' id='word_1_175' title='bbox 3448 1169 3586 1238; x_wconf 83' lang='grc' dir='ltr'>Θεὸς</span> <span class='ocrx_word' id='word_1_176' title='bbox 3620 1175 3766 1253; x_wconf 80' lang='grc' dir='ltr'>αὐτῷ</span> 
     </span>
    </p>
   </div>
   <div class='ocr_carea' id='block_1_25' title="bbox 2165 1259 3766 1339">
    <p class='ocr_par' dir='ltr' id='par_1_25' title="bbox 2165 1259 3766 1339">
     <span class='ocr_line' id='line_1_25' title="bbox 2165 1259 3766 1339; baseline 0.001 -23"><span class='ocrx_word' id='word_1_177' title='bbox 2165 1261 2613 1337; x_wconf 78' lang='grc' dir='ltr'><strong>περιεποιήσατο,</strong></span> <span class='ocrx_word' id='word_1_178' title='bbox 2660 1261 2754 1321; x_wconf 76' lang='grc' dir='ltr'>καὶ</span> <span class='ocrx_word' id='word_1_179' title='bbox 2799 1267 2968 1320; x_wconf 89' lang='grc' dir='ltr'>ταῦτα</span> <span class='ocrx_word' id='word_1_180' title='bbox 3011 1259 3186 1319; x_wconf 76' lang='grc' dir='ltr'>ἕνεκεν</span> <span class='ocrx_word' id='word_1_181' title='bbox 3222 1259 3521 1339; x_wconf 82' lang='grc' dir='ltr'><strong>βρωμάτων</strong></span> <span class='ocrx_word' id='word_1_182' title='bbox 3562 1262 3636 1335; x_wconf 75' lang='grc'><strong>⁴⁰,</strong></span> <span class='ocrx_word' id='word_1_183' title='bbox 3689 1265 3766 1339; x_wconf 79' lang='grc' dir='ltr'><strong>μὴ</strong></span> 
     </span>
    </p>
   </div>
   <div class='ocr_carea' id='block_1_26' title="bbox 2166 1349 3767 1431">
    <p class='ocr_par' dir='ltr' id='par_1_26' title="bbox 2166 1349 3767 1431">
     <span class='ocr_line' id='line_1_26' title="bbox 2166 1349 3767 1431; baseline 0.002 -25"><span class='ocrx_word' id='word_1_184' title='bbox 2166 1349 2484 1428; x_wconf 84' lang='grc' dir='ltr'>βουλόμενος</span> <span class='ocrx_word' id='word_1_185' title='bbox 2535 1351 2739 1425; x_wconf 81' lang='grc' dir='ltr'>δηλαδὴ</span> <span class='ocrx_word' id='word_1_186' title='bbox 2795 1349 3089 1431; x_wconf 76' lang='grc' dir='ltr'>ἀπέχεσθαι</span> <span class='ocrx_word' id='word_1_187' title='bbox 3135 1353 3226 1409; x_wconf 89' lang='grc' dir='ltr'><strong>τοῦ</strong></span> <span class='ocrx_word' id='word_1_188' title='bbox 3282 1349 3511 1429; x_wconf 81' lang='grc' dir='ltr'>χοιρείου</span> <span class='ocrx_word' id='word_1_189' title='bbox 3563 1351 3652 1410; x_wconf 82' lang='grc' dir='ltr'><strong>διὰ</strong></span> <span class='ocrx_word' id='word_1_190' title='bbox 3704 1351 3767 1412; x_wconf 83' lang='grc' dir='ltr'>τὸ</span> 
     </span>
    </p>
   </div>
   <div class='ocr_carea' id='block_1_27' title="bbox 2165 1439 2631 1518">
    <p class='ocr_par' dir='ltr' id='par_1_27' title="bbox 2165 1439 2631 1518">
     <span class='ocr_line' id='line_1_27' title="bbox 2165 1439 2631 1518; baseline 0.015 -23"><span class='ocrx_word' id='word_1_191' title='bbox 2165 1439 2421 1518; x_wconf 82' lang='grc' dir='ltr'>κερδῆσαι</span> <span class='ocrx_word' id='word_1_192' title='bbox 2454 1440 2631 1502; x_wconf 75' lang='grc' dir='ltr'>αὐτόν.</span> 
     </span>
    </p>
   </div>
   <div class='ocr_carea' id='block_1_28' title="bbox 2255 1527 3768 1610">
    <p class='ocr_par' dir='ltr' id='par_1_28' title="bbox 2255 1527 3768 1610">
     <span class='ocr_line' id='line_1_28' title="bbox 2255 1527 3768 1610; baseline -0.001 -20"><span class='ocrx_word' id='word_1_193' title='bbox 2255 1560 2277 1584; x_wconf 78' lang='grc' dir='ltr'>ι</span> <span class='ocrx_word' id='word_1_194' title='bbox 2311 1529 2500 1591; x_wconf 84' lang='grc' dir='ltr'>Πάντα</span> <span class='ocrx_word' id='word_1_195' title='bbox 2531 1529 2626 1608; x_wconf 83' lang='grc' dir='ltr'>μὲν</span> <span class='ocrx_word' id='word_1_196' title='bbox 2659 1530 2887 1609; x_wconf 81' lang='grc' dir='ltr'>καθαρὰ,</span> <span class='ocrx_word' id='word_1_197' title='bbox 2915 1527 3054 1588; x_wconf 77' lang='grc' dir='ltr'>ἀλλὰ</span> <span class='ocrx_word' id='word_1_198' title='bbox 3081 1527 3246 1589; x_wconf 79' lang='grc' dir='ltr'>κακὸν</span> <span class='ocrx_word' id='word_1_199' title='bbox 3274 1531 3351 1610; x_wconf 78' lang='grc' dir='ltr'><strong>τῷ</strong></span> <span class='ocrx_word' id='word_1_200' title='bbox 3381 1529 3466 1588; x_wconf 76' lang='grc' dir='ltr'><strong>διὰ</strong></span> <span class='ocrx_word' id='word_1_201' title='bbox 3493 1529 3768 1608; x_wconf 83' lang='grc' dir='ltr'>προσκόμ-</span> 
     </span>
    </p>
   </div>
   <div class='ocr_carea' id='block_1_29' title="bbox 2164 1617 3760 1702">
    <p class='ocr_par' dir='ltr' id='par_1_29' title="bbox 2164 1617 3760 1702">
     <span class='ocr_line' id='line_1_29' title="bbox 2164 1617 3760 1702; baseline -0.004 -19"><span class='ocrx_word' id='word_1_202' title='bbox 2164 1646 2329 1700; x_wconf 85' lang='grc' dir='ltr'>ματος</span> <span class='ocrx_word' id='word_1_203' title='bbox 2371 1621 2614 1681; x_wconf 80' lang='grc' dir='ltr'>ἐσθίοντι.</span> <span class='ocrx_word' id='word_1_204' title='bbox 2639 1647 2660 1671; x_wconf 74' lang='grc' dir='ltr'><strong>ι</strong></span> <span class='ocrx_word' id='word_1_205' title='bbox 2715 1620 2900 1680; x_wconf 78' lang='grc' dir='ltr'>Πολλὰ</span> <span class='ocrx_word' id='word_1_206' title='bbox 2944 1617 3266 1695; x_wconf 80' lang='grc' dir='ltr'>ἐπιτιμήσας</span> <span class='ocrx_word' id='word_1_207' title='bbox 3310 1621 3388 1702; x_wconf 79' lang='grc' dir='ltr'><strong>τῷ</strong></span> <span class='ocrx_word' id='word_1_208' title='bbox 3419 1618 3760 1700; x_wconf 79' lang='grc' dir='ltr'>τελειοτίρῳ,</span> 
     </span>
    </p>
   </div>
   <div class='ocr_carea' id='block_1_30' title="bbox 2163 1707 3765 1794">
    <p class='ocr_par' dir='ltr' id='par_1_30' title="bbox 2163 1707 3765 1794">
     <span class='ocr_line' id='line_1_30' title="bbox 2163 1707 3765 1794; baseline -0.003 -22"><span class='ocrx_word' id='word_1_209' title='bbox 2163 1710 2400 1794; x_wconf 80' lang='grc' dir='ltr'>ἐφοϐήθη</span> <span class='ocrx_word' id='word_1_210' title='bbox 2447 1711 2521 1788; x_wconf 88' lang='grc' dir='ltr'><strong>μή</strong></span> <span class='ocrx_word' id='word_1_211' title='bbox 2568 1731 2680 1776; x_wconf 91' lang='grc' dir='ltr'><strong>πως</strong></span> <span class='ocrx_word' id='word_1_212' title='bbox 2725 1712 2751 1766; x_wconf 85' lang='grc' dir='ltr'><strong>ὁ</strong></span> <span class='ocrx_word' id='word_1_213' title='bbox 2797 1707 3015 1780; x_wconf 77' lang='grc' dir='ltr'>ἀσθενὴς</span> <span class='ocrx_word' id='word_1_214' title='bbox 3060 1707 3331 1790; x_wconf 82' lang='grc' dir='ltr'>βεϐαιωθῇ</span> <span class='ocrx_word' id='word_1_215' title='bbox 3363 1711 3416 1767; x_wconf 83' lang='grc' dir='ltr'><strong>ἐν</strong></span> <span class='ocrx_word' id='word_1_216' title='bbox 3458 1713 3526 1790; x_wconf 80' lang='grc' dir='ltr'><strong>τῇ</strong></span> <span class='ocrx_word' id='word_1_217' title='bbox 3556 1719 3765 1790; x_wconf 81' lang='grc' dir='ltr'>πονηρᾷ</span> 
     </span>
    </p>
   </div>
   <div class='ocr_carea' id='block_1_31' title="bbox 2163 1798 3765 1882">
    <p class='ocr_par' dir='ltr' id='par_1_31' title="bbox 2163 1798 3765 1882">
     <span class='ocr_line' id='line_1_31' title="bbox 2163 1798 3765 1882; baseline -0.002 -21"><span class='ocrx_word' id='word_1_218' title='bbox 2163 1801 2447 1882; x_wconf 75' lang='grc' dir='ltr'>ὓπολήψει.</span> <span class='ocrx_word' id='word_1_219' title='bbox 2477 1799 2581 1861; x_wconf 78' lang='grc' dir='ltr'>Διὰ</span> <span class='ocrx_word' id='word_1_220' title='bbox 2609 1804 2768 1860; x_wconf 90' lang='grc' dir='ltr'>τοῦτο</span> <span class='ocrx_word' id='word_1_221' title='bbox 2796 1806 2919 1878; x_wconf 88' lang='grc' dir='ltr'>γοῦν</span> <span class='ocrx_word' id='word_1_222' title='bbox 2955 1799 3259 1876; x_wconf 85' lang='grc' dir='ltr'>δογματίζει</span> <span class='ocrx_word' id='word_1_223' title='bbox 3292 1798 3452 1858; x_wconf 91' lang='grc' dir='ltr'>πάλιν</span> <span class='ocrx_word' id='word_1_224' title='bbox 3479 1799 3572 1858; x_wconf 79' lang='grc' dir='ltr'><strong>καὶ</strong></span> <span class='ocrx_word' id='word_1_225' title='bbox 3599 1801 3765 1876; x_wconf 79' lang='grc' dir='ltr'>λέγει,</span> 
     </span>
    </p>
   </div>
   <div class='ocr_carea' id='block_1_32' title="bbox 452 1874 2043 1970">
    <p class='ocr_par' dir='ltr' id='par_1_32' title="bbox 452 1874 2043 1969">
     <span class='ocr_line' id='line_1_32' title="bbox 452 1874 2043 1969; baseline -0.001 -15"><span class='ocrx_word' id='word_1_226' title='bbox 452 1874 570 1954; x_wconf 72' lang='lat' dir='ltr'><strong>rem</strong></span> <span class='ocrx_word' id='word_1_227' title='bbox 595 1913 786 1954; x_wconf 90' lang='lat' dir='ltr'><strong>rursus</strong></span> <span class='ocrx_word' id='word_1_228' title='bbox 811 1874 1076 1969; x_wconf 81' lang='lat' dir='ltr'><strong>dogmata</strong></span> <span class='ocrx_word' id='word_1_229' title='bbox 1103 1895 1332 1969; x_wconf 81' lang='lat' dir='ltr'><strong>profert,</strong></span> <span class='ocrx_word' id='word_1_230' title='bbox 1373 1897 1652 1968; x_wconf 86' lang='lat' dir='ltr'><strong>inquiens:</strong></span> <span class='ocrx_word' id='word_1_231' title='bbox 1696 1896 1894 1953; x_wconf 89' lang='lat' dir='ltr'><strong>Omnia</strong></span> <span class='ocrx_word' id='word_1_232' title='bbox 1921 1897 2043 1969; x_wconf 90' lang='lat' dir='ltr'><strong>qui-</strong></span> 
     </span>
    </p>
   </div>
   <div class='ocr_carea' id='block_1_33' title="bbox 2152 1874 3765 1970">
    <p class='ocr_par' dir='ltr' id='par_1_33' title="bbox 2161 1888 3765 1970">
     <span class='ocr_line' id='line_1_33' title="bbox 2161 1888 3765 1970; baseline -0.002 -19"><span class='ocrx_word' id='word_1_233' title='bbox 2161 1891 2243 1952; x_wconf 74' lang='grc' dir='ltr'>ὄτι</span> <span class='ocrx_word' id='word_1_234' title='bbox 2285 1892 2462 1950; x_wconf 86' lang='grc' dir='ltr'>πάντα</span> <span class='ocrx_word' id='word_1_235' title='bbox 2506 1889 2751 1970; x_wconf 78' lang='grc' dir='ltr'>καθαρὰ,</span> <span class='ocrx_word' id='word_1_236' title='bbox 2803 1888 2943 1948; x_wconf 77' lang='grc' dir='ltr'>ἀλλὰ</span> <span class='ocrx_word' id='word_1_237' title='bbox 2985 1889 3148 1948; x_wconf 82' lang='grc' dir='ltr'>κακὸν</span> <span class='ocrx_word' id='word_1_238' title='bbox 3183 1891 3261 1970; x_wconf 81' lang='grc' dir='ltr'><strong>τῷ</strong></span> <span class='ocrx_word' id='word_1_239' title='bbox 3306 1889 3441 1966; x_wconf 82' lang='grc' dir='ltr'>μετὰ</span> <span class='ocrx_word' id='word_1_240' title='bbox 3471 1888 3765 1958; x_wconf 87' lang='grc' dir='ltr'>συνειδότος</span> 
     </span>
    </p>
   </div>
   <div class='ocr_carea' id='block_1_34' title="bbox 450 1985 2048 2057">
    <p class='ocr_par' dir='ltr' id='par_1_34' title="bbox 450 1985 2048 2057">
     <span class='ocr_line' id='line_1_34' title="bbox 450 1985 2048 2057; baseline -0.003 -13"><span class='ocrx_word' id='word_1_241' title='bbox 450 1987 579 2044; x_wconf 91' lang='lat' dir='ltr'><strong>dem</strong></span> <span class='ocrx_word' id='word_1_242' title='bbox 602 1987 816 2044; x_wconf 93' lang='lat' dir='ltr'><strong>munda</strong></span> <span class='ocrx_word' id='word_1_243' title='bbox 838 1995 998 2055; x_wconf 92' lang='lat' dir='ltr'><strong>sunt,</strong></span> <span class='ocrx_word' id='word_1_244' title='bbox 1023 1985 1120 2042; x_wconf 91' lang='lat' dir='ltr'><strong>sed</strong></span> <span class='ocrx_word' id='word_1_245' title='bbox 1140 1987 1356 2042; x_wconf 89' lang='lat' dir='ltr'><strong>malum</strong></span> <span class='ocrx_word' id='word_1_246' title='bbox 1385 1994 1469 2041; x_wconf 87' lang='lat' dir='ltr'><strong>est</strong></span> <span class='ocrx_word' id='word_1_247' title='bbox 1496 1986 1546 2041; x_wconf 92' lang='lat' dir='ltr'><strong>ei</strong></span> <span class='ocrx_word' id='word_1_248' title='bbox 1588 1985 1683 2057; x_wconf 92' lang='lat' dir='ltr'><strong>qui</strong></span> <span class='ocrx_word' id='word_1_249' title='bbox 1732 1985 1879 2042; x_wconf 88' lang='lat' dir='ltr'><strong>mala</strong></span> <span class='ocrx_word' id='word_1_250' title='bbox 1908 2001 2048 2042; x_wconf 90' lang='lat' dir='ltr'><strong>eon-</strong></span> 
     </span>
    </p>
   </div>
   <div class='ocr_carea' id='block_1_35' title="bbox 451 2073 2055 2147">
    <p class='ocr_par' dir='ltr' id='par_1_35' title="bbox 451 2073 2055 2147">
     <span class='ocr_line' id='line_1_35' title="bbox 451 2073 2055 2147; baseline -0.001 -15"><span class='ocrx_word' id='word_1_251' title='bbox 451 2077 676 2132; x_wconf 91' lang='lat' dir='ltr'><strong>scientia</strong></span> <span class='ocrx_word' id='word_1_252' title='bbox 720 2084 776 2132; x_wconf 91' lang='lat' dir='ltr'><strong>et</strong></span> <span class='ocrx_word' id='word_1_253' title='bbox 804 2074 1208 2132; x_wconf 89' lang='lat' dir='ltr'><strong>scandalizatus</strong></span> <span class='ocrx_word' id='word_1_254' title='bbox 1257 2074 1573 2131; x_wconf 90' lang='lat' dir='ltr'><strong>manducat.</strong></span> <span class='ocrx_word' id='word_1_255' title='bbox 1619 2073 1906 2147; x_wconf 88' lang='lat' dir='ltr'><strong>Siquidem</strong></span> <span class='ocrx_word' id='word_1_256' title='bbox 1954 2075 2055 2130; x_wconf 90' lang='lat' dir='ltr'><strong>im-</strong></span> 
     </span>
    </p>
   </div>
   <div class='ocr_carea' id='block_1_36' title="bbox 453 2162 2047 2238">
    <p class='ocr_par' dir='ltr' id='par_1_36' title="bbox 453 2162 2047 2238">
     <span class='ocr_line' id='line_1_36' title="bbox 453 2162 2047 2238; baseline -0.001 -16"><span class='ocrx_word' id='word_1_257' title='bbox 453 2166 730 2238; x_wconf 88' lang='lat' dir='ltr'><strong>perfectus</strong></span> <span class='ocrx_word' id='word_1_258' title='bbox 743 2165 1095 2221; x_wconf 91' lang='lat' dir='ltr'><strong>immundum</strong></span> <span class='ocrx_word' id='word_1_259' title='bbox 1121 2173 1384 2233; x_wconf 88' lang='lat' dir='ltr'><strong>reputans</strong></span> <span class='ocrx_word' id='word_1_260' title='bbox 1401 2165 1622 2221; x_wconf 89' lang='lat' dir='ltr'><strong>suillam</strong></span> <span class='ocrx_word' id='word_1_261' title='bbox 1645 2179 1890 2232; x_wconf 89' lang='lat' dir='ltr'><strong>carnem,</strong></span> <span class='ocrx_word' id='word_1_262' title='bbox 1913 2162 2047 2220; x_wconf 89' lang='lat' dir='ltr'><strong>dum</strong></span> 
     </span>
    </p>
   </div>
   <div class='ocr_carea' id='block_1_37' title="bbox 455 2253 2048 2327">
    <p class='ocr_par' dir='ltr' id='par_1_37' title="bbox 455 2253 2048 2327">
     <span class='ocr_line' id='line_1_37' title="bbox 455 2253 2048 2327; baseline -0.001 -16"><span class='ocrx_word' id='word_1_263' title='bbox 455 2263 681 2312; x_wconf 86' lang='lat' dir='ltr'><strong>coactus</strong></span> <span class='ocrx_word' id='word_1_264' title='bbox 726 2264 782 2311; x_wconf 93' lang='lat' dir='ltr'><strong>et</strong></span> <span class='ocrx_word' id='word_1_265' title='bbox 822 2255 1024 2311; x_wconf 90' lang='lat' dir='ltr'><strong>invitus</strong></span> <span class='ocrx_word' id='word_1_266' title='bbox 1068 2261 1281 2327; x_wconf 82' lang='lat' dir='ltr'><strong>gustat,</strong></span> <span class='ocrx_word' id='word_1_267' title='bbox 1335 2255 1514 2326; x_wconf 90' lang='lat' dir='ltr'><strong>magis</strong></span> <span class='ocrx_word' id='word_1_268' title='bbox 1559 2253 1798 2310; x_wconf 70' lang='lat' dir='ltr'><strong>laaditur.</strong></span> <span class='ocrx_word' id='word_1_269' title='bbox 1866 2255 2048 2325; x_wconf 88' lang='lat' dir='ltr'><strong>Quare</strong></span> 
     </span>
    </p>
   </div>
   <div class='ocr_carea' id='block_1_38' title="bbox 449 2343 2048 2417">
    <p class='ocr_par' dir='ltr' id='par_1_38' title="bbox 449 2343 2048 2417">
     <span class='ocr_line' id='line_1_38' title="bbox 449 2343 2048 2417; baseline -0.001 -17"><span class='ocrx_word' id='word_1_270' title='bbox 449 2353 667 2416; x_wconf 91' lang='lat' dir='ltr'><strong>oportet</strong></span> <span class='ocrx_word' id='word_1_271' title='bbox 693 2361 821 2401; x_wconf 89' lang='lat' dir='ltr'><strong>eum</strong></span> <span class='ocrx_word' id='word_1_272' title='bbox 844 2345 1086 2417; x_wconf 89' lang='lat' dir='ltr'><strong>primum</strong></span> <span class='ocrx_word' id='word_1_273' title='bbox 1107 2343 1205 2400; x_wconf 90' lang='lat' dir='ltr'><strong>abs</strong></span> <span class='ocrx_word' id='word_1_274' title='bbox 1226 2352 1281 2400; x_wconf 90' lang='lat' dir='ltr'><strong>te</strong></span> <span class='ocrx_word' id='word_1_275' title='bbox 1310 2343 1519 2400; x_wconf 90' lang='lat' dir='ltr'><strong>discere</strong></span> <span class='ocrx_word' id='word_1_276' title='bbox 1548 2343 1698 2414; x_wconf 92' lang='lat' dir='ltr'><strong>quod</strong></span> <span class='ocrx_word' id='word_1_277' title='bbox 1721 2343 1912 2399; x_wconf 86' lang='lat' dir='ltr'><strong>omnia</strong></span> <span class='ocrx_word' id='word_1_278' title='bbox 1937 2343 2048 2400; x_wconf 92' lang='lat' dir='ltr'><strong>sint</strong></span> 
     </span>
    </p>
   </div>
   <div class='ocr_carea' id='block_1_39' title="bbox 449 2434 674 2490">
    <p class='ocr_par' dir='ltr' id='par_1_39' title="bbox 449 2434 674 2490">
     <span class='ocr_line' id='line_1_39' title="bbox 449 2434 674 2490; baseline -0.009 0"><span class='ocrx_word' id='word_1_279' title='bbox 449 2434 674 2490; x_wconf 91' lang='lat' dir='ltr'><strong>munda.</strong></span> 
     </span>
    </p>
   </div>
   <div class='ocr_carea' id='block_1_40' title="bbox 518 2522 2043 2592">
    <p class='ocr_par' dir='ltr' id='par_1_40' title="bbox 518 2522 2043 2592">
     <span class='ocr_line' id='line_1_40' title="bbox 518 2522 2043 2592; baseline -0.001 -12"><span class='ocrx_word' id='word_1_280' title='bbox 518 2527 698 2580; x_wconf 78' lang='lat' dir='ltr'><strong>Vnas.</strong></span> <span class='ocrx_word' id='word_1_281' title='bbox 727 2529 817 2580; x_wconf 82' lang='lat'><strong>2|.</strong></span> <span class='ocrx_word' id='word_1_282' title='bbox 851 2545 878 2572; x_wconf 87' lang='grc'><strong>‹‹</strong></span> <span class='ocrx_word' id='word_1_283' title='bbox 906 2525 1127 2580; x_wconf 89' lang='lat' dir='ltr'><strong>Bonum</strong></span> <span class='ocrx_word' id='word_1_284' title='bbox 1158 2529 1244 2579; x_wconf 88' lang='lat' dir='ltr'><strong>est</strong></span> <span class='ocrx_word' id='word_1_285' title='bbox 1269 2537 1382 2579; x_wconf 91' lang='lat' dir='ltr'><strong>non</strong></span> <span class='ocrx_word' id='word_1_286' title='bbox 1429 2522 1760 2580; x_wconf 85' lang='lat' dir='ltr'><strong>manducare</strong></span> <span class='ocrx_word' id='word_1_287' title='bbox 1786 2538 2008 2579; x_wconf 90' lang='lat' dir='ltr'><strong>carnem</strong></span> <span class='ocrx_word' id='word_1_288' title='bbox 2028 2565 2043 2592; x_wconf 96' lang='lat'><strong>,</strong></span> 
     </span>
    </p>
   </div>
   <div class='ocr_carea' id='block_1_41' title="bbox 448 2611 2043 2685">
    <p class='ocr_par' dir='ltr' id='par_1_41' title="bbox 448 2611 2043 2685">
     <span class='ocr_line' id='line_1_41' title="bbox 448 2611 2043 2685; baseline -0.001 -15"><span class='ocrx_word' id='word_1_289' title='bbox 448 2623 504 2670; x_wconf 93' lang='lat' dir='ltr'><strong>et</strong></span> <span class='ocrx_word' id='word_1_290' title='bbox 530 2630 640 2669; x_wconf 87' lang='lat' dir='ltr'><strong>non</strong></span> <span class='ocrx_word' id='word_1_291' title='bbox 655 2613 847 2669; x_wconf 91' lang='lat' dir='ltr'><strong>bibere</strong></span> <span class='ocrx_word' id='word_1_292' title='bbox 879 2613 1086 2681; x_wconf 91' lang='lat' dir='ltr'><strong>vinum,</strong></span> <span class='ocrx_word' id='word_1_293' title='bbox 1108 2627 1285 2685; x_wconf 92' lang='lat' dir='ltr'><strong>neque</strong></span> <span class='ocrx_word' id='word_1_294' title='bbox 1304 2612 1361 2668; x_wconf 91' lang='lat' dir='ltr'><strong>in</strong></span> <span class='ocrx_word' id='word_1_295' title='bbox 1383 2627 1492 2684; x_wconf 91' lang='lat' dir='ltr'><strong>quo</strong></span> <span class='ocrx_word' id='word_1_296' title='bbox 1521 2611 1686 2668; x_wconf 81' lang='lat' dir='ltr'><strong>frater</strong></span> <span class='ocrx_word' id='word_1_297' title='bbox 1714 2619 1842 2668; x_wconf 90' lang='lat' dir='ltr'><strong>tuus</strong></span> <span class='ocrx_word' id='word_1_298' title='bbox 1864 2611 2043 2669; x_wconf 83' lang='lat' dir='ltr'><strong>offen-</strong></span> 
     </span>
    </p>
   </div>
   <div class='ocr_carea' id='block_1_42' title="bbox 447 2702 2040 2774">
    <p class='ocr_par' dir='ltr' id='par_1_42' title="bbox 447 2702 2040 2774">
     <span class='ocr_line' id='line_1_42' title="bbox 447 2702 2040 2774; baseline -0.001 -15"><span class='ocrx_word' id='word_1_299' title='bbox 447 2703 616 2771; x_wconf 90' lang='lat' dir='ltr'><strong>ditur,</strong></span> <span class='ocrx_word' id='word_1_300' title='bbox 667 2711 764 2758; x_wconf 93' lang='lat' dir='ltr'><strong>aut</strong></span> <span class='ocrx_word' id='word_1_301' title='bbox 804 2702 1091 2774; x_wconf 87' lang='lat' dir='ltr'><strong>impingit,</strong></span> <span class='ocrx_word' id='word_1_302' title='bbox 1119 2711 1215 2759; x_wconf 92' lang='lat' dir='ltr'><strong>aut</strong></span> <span class='ocrx_word' id='word_1_303' title='bbox 1251 2702 1582 2758; x_wconf 91' lang='lat' dir='ltr'><strong>inﬁrmatur.</strong></span> <span class='ocrx_word' id='word_1_304' title='bbox 1616 2726 1642 2752; x_wconf 76' lang='grc' dir='ltr'>ιο</span> <span class='ocrx_word' id='word_1_305' title='bbox 1683 2705 1792 2770; x_wconf 86' lang='lat' dir='ltr'><strong>Tu,</strong></span> <span class='ocrx_word' id='word_1_306' title='bbox 1840 2702 2040 2774; x_wconf 89' lang='lat' dir='ltr'><strong>inquit,</strong></span> 
     </span>
    </p>
   </div>
   <div class='ocr_carea' id='block_1_43' title="bbox 446 2791 2042 2866">
    <p class='ocr_par' dir='ltr' id='par_1_43' title="bbox 446 2791 2042 2866">
     <span class='ocr_line' id='line_1_43' title="bbox 446 2791 2042 2866; baseline 0.001 -18"><span class='ocrx_word' id='word_1_307' title='bbox 446 2793 620 2866; x_wconf 83' lang='lat' dir='ltr'><strong>adigis</strong></span> <span class='ocrx_word' id='word_1_308' title='bbox 643 2791 866 2848; x_wconf 84' lang='lat' dir='ltr'><strong>fratrem</strong></span> <span class='ocrx_word' id='word_1_309' title='bbox 892 2791 1052 2848; x_wconf 89' lang='lat' dir='ltr'><strong>edere</strong></span> <span class='ocrx_word' id='word_1_310' title='bbox 1074 2806 1200 2865; x_wconf 71' lang='lat' dir='ltr'><strong>quae</strong></span> <span class='ocrx_word' id='word_1_311' title='bbox 1226 2808 1343 2848; x_wconf 92' lang='lat' dir='ltr'><strong>non</strong></span> <span class='ocrx_word' id='word_1_312' title='bbox 1367 2791 1551 2849; x_wconf 89' lang='lat' dir='ltr'><strong>audet.</strong></span> <span class='ocrx_word' id='word_1_313' title='bbox 1579 2795 1695 2864; x_wconf 88' lang='lat' dir='ltr'><strong>Ego</strong></span> <span class='ocrx_word' id='word_1_314' title='bbox 1715 2800 1902 2848; x_wconf 89' lang='lat' dir='ltr'><strong>autem</strong></span> <span class='ocrx_word' id='word_1_315' title='bbox 1918 2792 2042 2849; x_wconf 90' lang='lat' dir='ltr'><strong>dico</strong></span> 
     </span>
    </p>
   </div>
   <div class='ocr_carea' id='block_1_44' title="bbox 447 2879 2036 2953">
    <p class='ocr_par' dir='ltr' id='par_1_44' title="bbox 447 2879 2036 2953">
     <span class='ocr_line' id='line_1_44' title="bbox 447 2879 2036 2953; baseline 0.001 -16"><span class='ocrx_word' id='word_1_316' title='bbox 447 2891 503 2938; x_wconf 91' lang='lat' dir='ltr'><strong>te</strong></span> <span class='ocrx_word' id='word_1_317' title='bbox 522 2883 795 2938; x_wconf 88' lang='lat' dir='ltr'><strong>abstinere</strong></span> <span class='ocrx_word' id='word_1_318' title='bbox 814 2891 1066 2953; x_wconf 87' lang='lat' dir='ltr'><strong>oportere</strong></span> <span class='ocrx_word' id='word_1_319' title='bbox 1089 2882 1158 2937; x_wconf 91' lang='lat' dir='ltr'><strong>ab</strong></span> <span class='ocrx_word' id='word_1_320' title='bbox 1177 2882 1326 2937; x_wconf 91' lang='lat' dir='ltr'><strong>omni</strong></span> <span class='ocrx_word' id='word_1_321' title='bbox 1343 2881 1492 2953; x_wconf 91' lang='lat' dir='ltr'><strong>quod</strong></span> <span class='ocrx_word' id='word_1_322' title='bbox 1522 2879 1754 2938; x_wconf 88' lang='lat' dir='ltr'><strong>offendit</strong></span> <span class='ocrx_word' id='word_1_323' title='bbox 1768 2879 1998 2938; x_wconf 88' lang='lat' dir='ltr'><strong>fratrem</strong></span> <span class='ocrx_word' id='word_1_324' title='bbox 2025 2901 2036 2938; x_wconf 91' lang='lat'><strong>:</strong></span> 
     </span>
    </p>
   </div>
   <div class='ocr_carea' id='block_1_45' title="bbox 447 2970 2039 3043">
    <p class='ocr_par' dir='ltr' id='par_1_45' title="bbox 447 2970 2039 3043">
     <span class='ocr_line' id='line_1_45' title="bbox 447 2970 2039 3043; baseline 0.001 -16"><span class='ocrx_word' id='word_1_325' title='bbox 447 2987 560 3028; x_wconf 93' lang='lat' dir='ltr'><strong>non</strong></span> <span class='ocrx_word' id='word_1_326' title='bbox 587 2972 712 3043; x_wconf 91' lang='lat' dir='ltr'><strong>quia</strong></span> <span class='ocrx_word' id='word_1_327' title='bbox 739 2971 950 3026; x_wconf 90' lang='lat' dir='ltr'><strong>malum</strong></span> <span class='ocrx_word' id='word_1_328' title='bbox 982 2971 1052 3026; x_wconf 91' lang='lat' dir='ltr'><strong>sit</strong></span> <span class='ocrx_word' id='word_1_329' title='bbox 1078 2971 1286 3036; x_wconf 92' lang='lat' dir='ltr'><strong>(omnia</strong></span> <span class='ocrx_word' id='word_1_330' title='bbox 1319 2971 1466 3027; x_wconf 90' lang='lat' dir='ltr'><strong>enim</strong></span> <span class='ocrx_word' id='word_1_331' title='bbox 1495 2970 1742 3042; x_wconf 90' lang='lat' dir='ltr'><strong>munda),</strong></span> <span class='ocrx_word' id='word_1_332' title='bbox 1779 2971 1874 3028; x_wconf 90' lang='lat' dir='ltr'><strong>sed</strong></span> <span class='ocrx_word' id='word_1_333' title='bbox 1910 2972 2039 3043; x_wconf 93' lang='lat' dir='ltr'><strong>quia</strong></span> 
     </span>
    </p>
   </div>
   <div class='ocr_carea' id='block_1_46' title="bbox 448 3059 2039 3134">
    <p class='ocr_par' dir='ltr' id='par_1_46' title="bbox 448 3059 2039 3134">
     <span class='ocr_line' id='line_1_46' title="bbox 448 3059 2039 3134; baseline 0 -17"><span class='ocrx_word' id='word_1_334' title='bbox 448 3059 698 3117; x_wconf 88' lang='lat' dir='ltr'><strong>offendit.</strong></span> <span class='ocrx_word' id='word_1_335' title='bbox 731 3061 871 3130; x_wconf 88' lang='lat' dir='ltr'><strong>Quia</strong></span> <span class='ocrx_word' id='word_1_336' title='bbox 896 3077 1024 3116; x_wconf 93' lang='lat' dir='ltr'><strong>vero</strong></span> <span class='ocrx_word' id='word_1_337' title='bbox 1049 3059 1187 3117; x_wconf 86' lang='lat' dir='ltr'><strong>dixit</strong></span> <span class='ocrx_word' id='word_1_338' title='bbox 1213 3076 1340 3116; x_wconf 92' lang='lat' dir='ltr'><strong>eum</strong></span> <span class='ocrx_word' id='word_1_339' title='bbox 1371 3079 1400 3114; x_wconf 74' lang='grc' dir='ltr'>(ι</span> <span class='ocrx_word' id='word_1_340' title='bbox 1430 3061 1759 3134; x_wconf 79' lang='lat' dir='ltr'><strong>impingere,</strong></span> <span class='ocrx_word' id='word_1_341' title='bbox 1788 3081 1816 3114; x_wconf 81' lang='grc'><strong>››</strong></span> <span class='ocrx_word' id='word_1_342' title='bbox 1851 3069 2039 3119; x_wconf 90' lang='lat' dir='ltr'><strong>osten-</strong></span> 
     </span>
    </p>
   </div>
   <div class='ocr_carea' id='block_1_47' title="bbox 445 3149 2034 3224">
    <p class='ocr_par' dir='ltr' id='par_1_47' title="bbox 445 3149 2034 3224">
     <span class='ocr_line' id='line_1_47' title="bbox 445 3149 2034 3224; baseline 0.002 -19"><span class='ocrx_word' id='word_1_343' title='bbox 445 3150 530 3206; x_wconf 93' lang='lat' dir='ltr'><strong>dit</strong></span> <span class='ocrx_word' id='word_1_344' title='bbox 557 3166 688 3206; x_wconf 90' lang='lat' dir='ltr'><strong>eum</strong></span> <span class='ocrx_word' id='word_1_345' title='bbox 724 3149 1139 3207; x_wconf 65' lang='lat' dir='ltr'><strong>ementientem:</strong></span> <span class='ocrx_word' id='word_1_346' title='bbox 1172 3149 1490 3222; x_wconf 87' lang='lat' dir='ltr'><strong>hujusmodi</strong></span> <span class='ocrx_word' id='word_1_347' title='bbox 1520 3151 1670 3206; x_wconf 92' lang='lat' dir='ltr'><strong>enim</strong></span> <span class='ocrx_word' id='word_1_348' title='bbox 1698 3150 2034 3224; x_wconf 86' lang='lat' dir='ltr'><strong>impingunt.</strong></span> 
     </span>
    </p>
   </div>
   <div class='ocr_carea' id='block_1_48' title="bbox 445 3239 2044 3309">
    <p class='ocr_par' dir='ltr' id='par_1_48' title="bbox 445 3239 2044 3309">
     <span class='ocr_line' id='line_1_48' title="bbox 445 3239 2044 3309; baseline 0.001 -13"><span class='ocrx_word' id='word_1_349' title='bbox 445 3239 766 3296; x_wconf 84' lang='lat' dir='ltr'><strong>Offenditur</strong></span> <span class='ocrx_word' id='word_1_350' title='bbox 812 3248 1019 3307; x_wconf 91' lang='lat' dir='ltr'><strong>autem,</strong></span> <span class='ocrx_word' id='word_1_351' title='bbox 1050 3249 1114 3296; x_wconf 91' lang='lat' dir='ltr'><strong>ut</strong></span> <span class='ocrx_word' id='word_1_352' title='bbox 1141 3240 1294 3296; x_wconf 90' lang='lat' dir='ltr'><strong>levis.</strong></span> <span class='ocrx_word' id='word_1_353' title='bbox 1324 3240 1586 3296; x_wconf 87' lang='lat' dir='ltr'><strong>Inﬁrmus</strong></span> <span class='ocrx_word' id='word_1_354' title='bbox 1620 3248 1706 3296; x_wconf 89' lang='lat' dir='ltr'><strong>est</strong></span> <span class='ocrx_word' id='word_1_355' title='bbox 1725 3249 1944 3309; x_wconf 89' lang='lat' dir='ltr'><strong>autem,</strong></span> <span class='ocrx_word' id='word_1_356' title='bbox 1979 3253 2044 3298; x_wconf 91' lang='lat' dir='ltr'><strong>ut</strong></span> 
     </span>
    </p>
   </div>
   <div class='ocr_carea' id='block_1_49' title="bbox 441 3327 2039 3402">
    <p class='ocr_par' dir='ltr' id='par_1_49' title="bbox 441 3327 2039 3402">
     <span class='ocr_line' id='line_1_49' title="bbox 441 3327 2039 3402; baseline 0.002 -18"><span class='ocrx_word' id='word_1_357' title='bbox 441 3329 535 3402; x_wconf 93' lang='lat' dir='ltr'><strong>qui</strong></span> <span class='ocrx_word' id='word_1_358' title='bbox 564 3327 782 3385; x_wconf 86' lang='lat' dir='ltr'><strong>modica</strong></span> <span class='ocrx_word' id='word_1_359' title='bbox 809 3329 882 3385; x_wconf 91' lang='lat' dir='ltr'><strong>sit</strong></span> <span class='ocrx_word' id='word_1_360' title='bbox 905 3329 1013 3386; x_wconf 91' lang='lat' dir='ltr'><strong>ﬁde</strong></span> <span class='ocrx_word' id='word_1_361' title='bbox 1057 3329 1321 3386; x_wconf 87' lang='lat' dir='ltr'><strong>imbutus.</strong></span> <span class='ocrx_word' id='word_1_362' title='bbox 1344 3331 1445 3386; x_wconf 90' lang='lat' dir='ltr'><strong>Per</strong></span> <span class='ocrx_word' id='word_1_363' title='bbox 1479 3329 1597 3386; x_wconf 64' lang='lat' dir='ltr'><strong>hinc</strong></span> <span class='ocrx_word' id='word_1_364' title='bbox 1640 3339 1825 3388; x_wconf 89' lang='lat' dir='ltr'><strong>autem</strong></span> <span class='ocrx_word' id='word_1_365' title='bbox 1854 3331 2039 3388; x_wconf 87' lang='lat' dir='ltr'><strong>omnia</strong></span> 
     </span>
    </p>
   </div>
   <div class='ocr_carea' id='block_1_50' title="bbox 441 3419 2038 3494">
    <p class='ocr_par' dir='ltr' id='par_1_50' title="bbox 441 3419 2038 3494">
     <span class='ocr_line' id='line_1_50' title="bbox 441 3419 2038 3494; baseline 0.001 -19"><span class='ocrx_word' id='word_1_366' title='bbox 441 3419 815 3491; x_wconf 88' lang='lat' dir='ltr'><strong>potentiorem</strong></span> <span class='ocrx_word' id='word_1_367' title='bbox 869 3419 1103 3476; x_wconf 90' lang='lat' dir='ltr'><strong>attrahit</strong></span> <span class='ocrx_word' id='word_1_368' title='bbox 1155 3419 1226 3476; x_wconf 90' lang='lat' dir='ltr'><strong>ad</strong></span> <span class='ocrx_word' id='word_1_369' title='bbox 1269 3420 1540 3478; x_wconf 79' lang='lat' dir='ltr'><strong>auxilium</strong></span> <span class='ocrx_word' id='word_1_370' title='bbox 1583 3420 1788 3491; x_wconf 89' lang='lat' dir='ltr'><strong>fratris,</strong></span> <span class='ocrx_word' id='word_1_371' title='bbox 1831 3429 1896 3479; x_wconf 89' lang='lat' dir='ltr'><strong>ut</strong></span> <span class='ocrx_word' id='word_1_372' title='bbox 1947 3422 2038 3494; x_wconf 91' lang='lat' dir='ltr'><strong>qui</strong></span> 
     </span>
    </p>
   </div>
   <div class='ocr_carea' id='block_1_51' title="bbox 444 3507 1105 3565">
    <p class='ocr_par' dir='ltr' id='par_1_51' title="bbox 444 3507 1105 3565">
     <span class='ocr_line' id='line_1_51' title="bbox 444 3507 1105 3565; baseline 0.002 -1"><span class='ocrx_word' id='word_1_373' title='bbox 444 3508 672 3564; x_wconf 91' lang='lat' dir='ltr'><strong>omnino</strong></span> <span class='ocrx_word' id='word_1_374' title='bbox 699 3509 770 3564; x_wconf 93' lang='lat' dir='ltr'><strong>sit</strong></span> <span class='ocrx_word' id='word_1_375' title='bbox 803 3507 1105 3565; x_wconf 86' lang='lat' dir='ltr'><strong>imbecillis.</strong></span> 
     </span>
    </p>
   </div>
   <div class='ocr_carea' id='block_1_52' title="bbox 511 3597 2040 3672">
    <p class='ocr_par' dir='ltr' id='par_1_52' title="bbox 511 3597 2040 3672">
     <span class='ocr_line' id='line_1_52' title="bbox 511 3597 2040 3672; baseline 0.001 -17"><span class='ocrx_word' id='word_1_376' title='bbox 511 3601 680 3655; x_wconf 78' lang='lat' dir='ltr'><strong>Vsus.</strong></span> <span class='ocrx_word' id='word_1_377' title='bbox 711 3603 798 3654; x_wconf 80' lang='lat'><strong>22.</strong></span> <span class='ocrx_word' id='word_1_378' title='bbox 835 3617 863 3651; x_wconf 77' lang='grc' dir='ltr'><strong>(ι</strong></span> <span class='ocrx_word' id='word_1_379' title='bbox 883 3601 969 3654; x_wconf 92' lang='lat' dir='ltr'><strong>Tu</strong></span> <span class='ocrx_word' id='word_1_380' title='bbox 993 3597 1162 3654; x_wconf 90' lang='lat' dir='ltr'><strong>ﬁdem</strong></span> <span class='ocrx_word' id='word_1_381' title='bbox 1185 3598 1352 3656; x_wconf 86' lang='lat' dir='ltr'><strong>habes</strong></span> <span class='ocrx_word' id='word_1_382' title='bbox 1378 3601 1406 3654; x_wconf 72' lang='grc' dir='ltr'><em>ἳ</em></span> <span class='ocrx_word' id='word_1_383' title='bbox 1433 3602 1610 3658; x_wconf 81' lang='lat' dir='ltr'><strong>Penes</strong></span> <span class='ocrx_word' id='word_1_384' title='bbox 1637 3600 1874 3672; x_wconf 89' lang='lat' dir='ltr'><strong>teipsum</strong></span> <span class='ocrx_word' id='word_1_385' title='bbox 1901 3600 2040 3657; x_wconf 91' lang='lat' dir='ltr'><strong>habe</strong></span> 
     </span>
    </p>
   </div>
   <div class='ocr_carea' id='block_1_53' title="bbox 440 3687 2040 3760">
    <p class='ocr_par' dir='ltr' id='par_1_53' title="bbox 440 3687 2040 3760">
     <span class='ocr_line' id='line_1_53' title="bbox 440 3687 2040 3760; baseline 0.002 -18"><span class='ocrx_word' id='word_1_386' title='bbox 440 3703 630 3743; x_wconf 91' lang='lat' dir='ltr'><strong>coram</strong></span> <span class='ocrx_word' id='word_1_387' title='bbox 661 3691 797 3743; x_wconf 91' lang='lat' dir='ltr'><strong>Deo.</strong></span> <span class='ocrx_word' id='word_1_388' title='bbox 842 3707 870 3740; x_wconf 85' lang='lat'><strong>»</strong></span> <span class='ocrx_word' id='word_1_389' title='bbox 900 3687 1004 3743; x_wconf 87' lang='lat' dir='ltr'><strong>Hic</strong></span> <span class='ocrx_word' id='word_1_390' title='bbox 1024 3687 1331 3744; x_wconf 90' lang='lat' dir='ltr'><strong>subindicat</strong></span> <span class='ocrx_word' id='word_1_391' title='bbox 1353 3688 1503 3760; x_wconf 91' lang='lat' dir='ltr'><strong>quod</strong></span> <span class='ocrx_word' id='word_1_392' title='bbox 1523 3690 1693 3746; x_wconf 87' lang='lat' dir='ltr'><strong>veluti</strong></span> <span class='ocrx_word' id='word_1_393' title='bbox 1715 3689 2040 3747; x_wconf 90' lang='lat' dir='ltr'><strong>ambitiosus</strong></span> 
     </span>
    </p>
   </div>
   <div class='ocr_carea' id='block_1_54' title="bbox 439 3777 2034 3854">
    <p class='ocr_par' dir='ltr' id='par_1_54' title="bbox 439 3777 2034 3854">
     <span class='ocr_line' id='line_1_54' title="bbox 439 3777 2034 3854; baseline 0.002 -21"><span class='ocrx_word' id='word_1_394' title='bbox 439 3777 730 3849; x_wconf 88' lang='lat' dir='ltr'><strong>perfectior</strong></span> <span class='ocrx_word' id='word_1_395' title='bbox 754 3777 1146 3850; x_wconf 87' lang='lat' dir='ltr'><strong>perfectionem</strong></span> <span class='ocrx_word' id='word_1_396' title='bbox 1166 3793 1328 3835; x_wconf 89' lang='lat' dir='ltr'><strong>suam</strong></span> <span class='ocrx_word' id='word_1_397' title='bbox 1351 3781 1682 3837; x_wconf 88' lang='lat' dir='ltr'><strong>ostentabat.</strong></span> <span class='ocrx_word' id='word_1_398' title='bbox 1704 3781 1801 3836; x_wconf 78' lang='lat' dir='ltr'><strong>Ait</strong></span> <span class='ocrx_word' id='word_1_399' title='bbox 1815 3781 2034 3854; x_wconf 88' lang='lat' dir='ltr'><strong>itaque:</strong></span> 
     </span>
    </p>
   </div>
   <div class='ocr_carea' id='block_1_55' title="bbox 445 3866 2034 3943">
    <p class='ocr_par' dir='ltr' id='par_1_55' title="bbox 445 3866 2034 3943">
     <span class='ocr_line' id='line_1_55' title="bbox 445 3866 2034 3943; baseline 0.003 -19"><span class='ocrx_word' id='word_1_400' title='bbox 445 3867 534 3924; x_wconf 89' lang='lat' dir='ltr'><strong>Vis</strong></span> <span class='ocrx_word' id='word_1_401' title='bbox 563 3866 697 3923; x_wconf 92' lang='lat' dir='ltr'><strong>mihi</strong></span> <span class='ocrx_word' id='word_1_402' title='bbox 727 3866 1018 3924; x_wconf 89' lang='lat' dir='ltr'><strong>ostendere</strong></span> <span class='ocrx_word' id='word_1_403' title='bbox 1048 3868 1200 3940; x_wconf 91' lang='lat' dir='ltr'><strong>quod</strong></span> <span class='ocrx_word' id='word_1_404' title='bbox 1230 3869 1288 3924; x_wconf 92' lang='lat' dir='ltr'><strong>in</strong></span> <span class='ocrx_word' id='word_1_405' title='bbox 1318 3867 1426 3926; x_wconf 92' lang='lat' dir='ltr'><strong>ﬁde</strong></span> <span class='ocrx_word' id='word_1_406' title='bbox 1475 3870 1621 3926; x_wconf 89' lang='lat' dir='ltr'><strong>circa</strong></span> <span class='ocrx_word' id='word_1_407' title='bbox 1665 3870 1820 3927; x_wconf 88' lang='lat' dir='ltr'><strong>cibos</strong></span> <span class='ocrx_word' id='word_1_408' title='bbox 1857 3871 2034 3943; x_wconf 88' lang='lat' dir='ltr'><strong>perfe-</strong></span> 
     </span>
    </p>
   </div>
   <div class='ocr_carea' id='block_1_56' title="bbox 439 3955 2039 4032">
    <p class='ocr_par' dir='ltr' id='par_1_56' title="bbox 439 3955 2039 4032">
     <span class='ocr_line' id='line_1_56' title="bbox 439 3955 2039 4032; baseline 0.004 -21"><span class='ocrx_word' id='word_1_409' title='bbox 439 3965 559 4012; x_wconf 89' lang='lat' dir='ltr'><strong>ctus</strong></span> <span class='ocrx_word' id='word_1_410' title='bbox 602 3973 683 4024; x_wconf 90' lang='lat' dir='ltr'><strong>es,</strong></span> <span class='ocrx_word' id='word_1_411' title='bbox 726 3955 956 4012; x_wconf 90' lang='lat' dir='ltr'><strong>credens</strong></span> <span class='ocrx_word' id='word_1_412' title='bbox 999 3957 1185 4013; x_wconf 90' lang='lat' dir='ltr'><strong>omnia</strong></span> <span class='ocrx_word' id='word_1_413' title='bbox 1231 3973 1349 4014; x_wconf 88' lang='lat' dir='ltr'><strong>esse</strong></span> <span class='ocrx_word' id='word_1_414' title='bbox 1386 3967 1441 4016; x_wconf 92' lang='lat' dir='ltr'><strong>et</strong></span> <span class='ocrx_word' id='word_1_415' title='bbox 1469 3959 1616 4016; x_wconf 88' lang='lat' dir='ltr'><strong>bona</strong></span> <span class='ocrx_word' id='word_1_416' title='bbox 1645 3969 1702 4017; x_wconf 91' lang='lat' dir='ltr'><strong>et</strong></span> <span class='ocrx_word' id='word_1_417' title='bbox 1731 3965 1914 4032; x_wconf 83' lang='lat' dir='ltr'><strong>pura?</strong></span> <span class='ocrx_word' id='word_1_418' title='bbox 1955 3965 2039 4018; x_wconf 84' lang='lat' dir='ltr'><strong>Ne</strong></span> 
     </span>
    </p>
   </div>
   <div class='ocr_carea' id='block_1_57' title="bbox 439 4046 2036 4124">
    <p class='ocr_par' dir='ltr' id='par_1_57' title="bbox 439 4046 2036 4124">
     <span class='ocr_line' id='line_1_57' title="bbox 439 4046 2036 4124; baseline 0.005 -24"><span class='ocrx_word' id='word_1_419' title='bbox 439 4046 575 4101; x_wconf 89' lang='lat' dir='ltr'><strong>mihi</strong></span> <span class='ocrx_word' id='word_1_420' title='bbox 631 4046 974 4114; x_wconf 88' lang='lat' dir='ltr'><strong>demonstra,</strong></span> <span class='ocrx_word' id='word_1_421' title='bbox 1023 4046 1121 4103; x_wconf 89' lang='lat' dir='ltr'><strong>sed</strong></span> <span class='ocrx_word' id='word_1_422' title='bbox 1159 4046 1365 4104; x_wconf 86' lang='lat' dir='ltr'><strong>sufﬁcit</strong></span> <span class='ocrx_word' id='word_1_423' title='bbox 1391 4049 1750 4119; x_wconf 88' lang='lat' dir='ltr'><strong>conscientia,</strong></span> <span class='ocrx_word' id='word_1_424' title='bbox 1783 4050 2036 4124; x_wconf 90' lang='lat' dir='ltr'><strong>adeoque</strong></span> 
     </span>
    </p>
   </div>
   <div class='ocr_carea' id='block_1_58' title="bbox 438 4135 1247 4193">
    <p class='ocr_par' dir='ltr' id='par_1_58' title="bbox 438 4135 1247 4193">
     <span class='ocr_line' id='line_1_58' title="bbox 438 4135 1247 4193; baseline 0.004 -4"><span class='ocrx_word' id='word_1_425' title='bbox 438 4137 588 4190; x_wconf 89' lang='lat' dir='ltr'><strong>Deus</strong></span> <span class='ocrx_word' id='word_1_426' title='bbox 615 4135 704 4190; x_wconf 90' lang='lat' dir='ltr'><strong>cui</strong></span> <span class='ocrx_word' id='word_1_427' title='bbox 741 4135 860 4191; x_wconf 66' lang='lat' dir='ltr'><strong>haec</strong></span> <span class='ocrx_word' id='word_1_428' title='bbox 882 4135 1247 4193; x_wconf 89' lang='lat' dir='ltr'><strong>demonstras.</strong></span> 
     </span>
    </p>
   </div>
   <div class='ocr_carea' id='block_1_59' title="bbox 515 4224 2034 4302">
    <p class='ocr_par' dir='ltr' id='par_1_59' title="bbox 515 4224 2034 4302">
     <span class='ocr_line' id='line_1_59' title="bbox 515 4224 2034 4302; baseline 0.003 -22"><span class='ocrx_word' id='word_1_429' title='bbox 515 4245 542 4272; x_wconf 78' lang='grc' dir='ltr'>α</span> <span class='ocrx_word' id='word_1_430' title='bbox 581 4226 786 4280; x_wconf 87' lang='lat' dir='ltr'><strong>Beatus</strong></span> <span class='ocrx_word' id='word_1_431' title='bbox 819 4224 911 4296; x_wconf 92' lang='lat' dir='ltr'><strong>qui</strong></span> <span class='ocrx_word' id='word_1_432' title='bbox 952 4240 1068 4282; x_wconf 92' lang='lat' dir='ltr'><strong>non</strong></span> <span class='ocrx_word' id='word_1_433' title='bbox 1099 4225 1310 4298; x_wconf 88' lang='lat' dir='ltr'><strong>judicat</strong></span> <span class='ocrx_word' id='word_1_434' title='bbox 1355 4225 1603 4300; x_wconf 89' lang='lat' dir='ltr'><strong>seipsum</strong></span> <span class='ocrx_word' id='word_1_435' title='bbox 1643 4228 1698 4284; x_wconf 93' lang='lat' dir='ltr'><strong>in</strong></span> <span class='ocrx_word' id='word_1_436' title='bbox 1732 4228 1838 4285; x_wconf 89' lang='lat' dir='ltr'><strong>hoc</strong></span> <span class='ocrx_word' id='word_1_437' title='bbox 1885 4229 2034 4302; x_wconf 91' lang='lat' dir='ltr'><strong>quod</strong></span> 
     </span>
    </p>
   </div>
   <div class='ocr_carea' id='block_1_60' title="bbox 441 4313 2034 4392">
    <p class='ocr_par' dir='ltr' id='par_1_60' title="bbox 441 4313 2034 4392">
     <span class='ocr_line' id='line_1_60' title="bbox 441 4313 2034 4392; baseline 0.004 -24"><span class='ocrx_word' id='word_1_438' title='bbox 441 4313 657 4385; x_wconf 87' lang='lat' dir='ltr'><strong>probat.</strong></span> <span class='ocrx_word' id='word_1_439' title='bbox 691 4336 716 4362; x_wconf 74' lang='grc' dir='ltr'>ι»</span> <span class='ocrx_word' id='word_1_440' title='bbox 742 4313 976 4370; x_wconf 88' lang='lat' dir='ltr'><strong>Etiamsi</strong></span> <span class='ocrx_word' id='word_1_441' title='bbox 999 4315 1169 4373; x_wconf 90' lang='lat' dir='ltr'><strong>homo</strong></span> <span class='ocrx_word' id='word_1_442' title='bbox 1187 4331 1301 4372; x_wconf 91' lang='lat' dir='ltr'><strong>non</strong></span> <span class='ocrx_word' id='word_1_443' title='bbox 1320 4317 1521 4387; x_wconf 86' lang='lat' dir='ltr'><strong>videat,</strong></span> <span class='ocrx_word' id='word_1_444' title='bbox 1546 4326 1662 4375; x_wconf 90' lang='lat' dir='ltr'><strong>tute</strong></span> <span class='ocrx_word' id='word_1_445' title='bbox 1694 4318 1898 4392; x_wconf 90' lang='lat' dir='ltr'><strong>tibiipsi</strong></span> <span class='ocrx_word' id='word_1_446' title='bbox 1919 4319 2034 4376; x_wconf 88' lang='lat' dir='ltr'><strong>suf-</strong></span> 
     </span>
    </p>
   </div>
   <div class='ocr_carea' id='block_1_61' title="bbox 434 4401 2034 4480">
    <p class='ocr_par' dir='ltr' id='par_1_61' title="bbox 434 4401 2034 4480">
     <span class='ocr_line' id='line_1_61' title="bbox 434 4401 2034 4480; baseline 0.006 -23"><span class='ocrx_word' id='word_1_447' title='bbox 434 4401 552 4459; x_wconf 89' lang='lat' dir='ltr'><strong>ﬁeis</strong></span> <span class='ocrx_word' id='word_1_448' title='bbox 584 4411 647 4458; x_wconf 89' lang='lat' dir='ltr'><strong>ut</strong></span> <span class='ocrx_word' id='word_1_449' title='bbox 686 4403 759 4459; x_wconf 90' lang='lat' dir='ltr'><strong>sis</strong></span> <span class='ocrx_word' id='word_1_450' title='bbox 789 4403 1009 4471; x_wconf 88' lang='lat' dir='ltr'><strong>beatus,</strong></span> <span class='ocrx_word' id='word_1_451' title='bbox 1036 4405 1081 4461; x_wconf 91' lang='lat' dir='ltr'><strong>si</strong></span> <span class='ocrx_word' id='word_1_452' title='bbox 1121 4421 1239 4462; x_wconf 88' lang='lat' dir='ltr'><strong>non</strong></span> <span class='ocrx_word' id='word_1_453' title='bbox 1266 4407 1604 4463; x_wconf 89' lang='lat' dir='ltr'><strong>condemnes</strong></span> <span class='ocrx_word' id='word_1_454' title='bbox 1641 4408 1908 4480; x_wconf 90' lang='lat' dir='ltr'><strong>teipsum,</strong></span> <span class='ocrx_word' id='word_1_455' title='bbox 1931 4425 2034 4465; x_wconf 89' lang='lat' dir='ltr'><strong>ne-</strong></span> 
     </span>
    </p>
   </div>
   <div class='ocr_carea' id='block_1_62' title="bbox 431 4493 2114 4586">
    <p class='ocr_par' dir='ltr' id='par_1_62' title="bbox 431 4493 2114 4586">
     <span class='ocr_line' id='line_1_62' title="bbox 431 4493 2114 4586; baseline 0.005 -39"><span class='ocrx_word' id='word_1_456' title='bbox 431 4507 540 4563; x_wconf 90' lang='lat' dir='ltr'><strong>que</strong></span> <span class='ocrx_word' id='word_1_457' title='bbox 568 4493 896 4549; x_wconf 88' lang='lat' dir='ltr'><strong>conscientia</strong></span> <span class='ocrx_word' id='word_1_458' title='bbox 932 4501 1026 4550; x_wconf 89' lang='lat' dir='ltr'><strong>tua</strong></span> <span class='ocrx_word' id='word_1_459' title='bbox 1053 4502 1108 4551; x_wconf 91' lang='lat' dir='ltr'><strong>te</strong></span> <span class='ocrx_word' id='word_1_460' title='bbox 1147 4495 1480 4553; x_wconf 90' lang='lat' dir='ltr'><strong>condemnet</strong></span> <span class='ocrx_word' id='word_1_461' title='bbox 1514 4496 1575 4553; x_wconf 91' lang='lat' dir='ltr'><strong>in</strong></span> <span class='ocrx_word' id='word_1_462' title='bbox 1604 4514 1663 4554; x_wconf 90' lang='lat' dir='ltr'><strong>re</strong></span> <span class='ocrx_word' id='word_1_463' title='bbox 1689 4513 1862 4570; x_wconf 90' lang='lat' dir='ltr'><strong>quam</strong></span> <span class='ocrx_word' id='word_1_464' title='bbox 1901 4514 2034 4571; x_wconf 92' lang='lat' dir='ltr'><strong>pro-</strong></span> <span class='ocrx_word' id='word_1_465' title='bbox 2063 4523 2114 4586; x_wconf 74' lang='grc' dir='ltr'><strong>Ι)</strong></span> 
     </span>
    </p>
   </div>
   <div class='ocr_carea' id='block_1_63' title="bbox 432 4581 2034 4660">
    <p class='ocr_par' dir='ltr' id='par_1_63' title="bbox 432 4581 2034 4660">
     <span class='ocr_line' id='line_1_63' title="bbox 432 4581 2034 4660; baseline 0.005 -22"><span class='ocrx_word' id='word_1_466' title='bbox 432 4581 596 4650; x_wconf 89' lang='lat' dir='ltr'><strong>basti,</strong></span> <span class='ocrx_word' id='word_1_467' title='bbox 654 4598 751 4638; x_wconf 91' lang='lat' dir='ltr'><strong>seu</strong></span> <span class='ocrx_word' id='word_1_468' title='bbox 802 4583 1031 4656; x_wconf 90' lang='lat' dir='ltr'><strong>elegisti.</strong></span> <span class='ocrx_word' id='word_1_469' title='bbox 1079 4586 1214 4641; x_wconf 69' lang='lat' dir='ltr'><strong>Haac</strong></span> <span class='ocrx_word' id='word_1_470' title='bbox 1254 4595 1442 4642; x_wconf 89' lang='lat' dir='ltr'><strong>autem</strong></span> <span class='ocrx_word' id='word_1_471' title='bbox 1497 4587 1570 4642; x_wconf 91' lang='lat' dir='ltr'><strong>de</strong></span> <span class='ocrx_word' id='word_1_472' title='bbox 1608 4587 1727 4644; x_wconf 91' lang='lat' dir='ltr'><strong>solo</strong></span> <span class='ocrx_word' id='word_1_473' title='bbox 1777 4590 2034 4660; x_wconf 67' lang='lat' dir='ltr'><strong>praesenti</strong></span> 
     </span>
    </p>
   </div>
   <div class='ocr_carea' id='block_1_64' title="bbox 435 4670 1464 4749">
    <p class='ocr_par' dir='ltr' id='par_1_64' title="bbox 435 4670 1464 4749">
     <span class='ocr_line' id='line_1_64' title="bbox 435 4670 1464 4749; baseline 0.006 -23"><span class='ocrx_word' id='word_1_474' title='bbox 435 4670 704 4743; x_wconf 89' lang='lat' dir='ltr'><strong>subjecto,</strong></span> <span class='ocrx_word' id='word_1_475' title='bbox 739 4671 874 4728; x_wconf 90' lang='lat' dir='ltr'><strong>cibis</strong></span> <span class='ocrx_word' id='word_1_476' title='bbox 912 4673 1140 4743; x_wconf 87' lang='lat' dir='ltr'><strong>scilicet,</strong></span> <span class='ocrx_word' id='word_1_477' title='bbox 1176 4675 1464 4749; x_wconf 89' lang='lat' dir='ltr'><strong>intelligas.</strong></span> 
     </span>
    </p>
   </div>
   <div class='ocr_carea' id='block_1_65' title="bbox 506 4762 2033 4834">
    <p class='ocr_par' dir='ltr' id='par_1_65' title="bbox 506 4762 2033 4834">
     <span class='ocr_line' id='line_1_65' title="bbox 506 4762 2033 4834; baseline 0.009 -22"><span class='ocrx_word' id='word_1_478' title='bbox 506 4762 686 4816; x_wconf 77' lang='lat' dir='ltr'><strong>Vsus.</strong></span> <span class='ocrx_word' id='word_1_479' title='bbox 723 4766 813 4816; x_wconf 76' lang='lat'><strong>23.</strong></span> <span class='ocrx_word' id='word_1_480' title='bbox 845 4779 876 4814; x_wconf 77' lang='grc' dir='ltr'>(ι</span> <span class='ocrx_word' id='word_1_481' title='bbox 906 4763 1016 4834; x_wconf 89' lang='lat' dir='ltr'><strong>Qui</strong></span> <span class='ocrx_word' id='word_1_482' title='bbox 1055 4771 1240 4820; x_wconf 91' lang='lat' dir='ltr'><strong>autem</strong></span> <span class='ocrx_word' id='word_1_483' title='bbox 1269 4763 1549 4833; x_wconf 88' lang='lat' dir='ltr'><strong>discernit,</strong></span> <span class='ocrx_word' id='word_1_484' title='bbox 1580 4766 1625 4822; x_wconf 91' lang='lat' dir='ltr'><strong>si</strong></span> <span class='ocrx_word' id='word_1_485' title='bbox 1658 4766 2033 4825; x_wconf 75' lang='lat' dir='ltr'><strong>manducare-</strong></span> 
     </span>
    </p>
   </div>
   <div class='ocr_carea' id='block_1_66' title="bbox 434 4849 2032 4932">
    <p class='ocr_par' dir='ltr' id='par_1_66' title="bbox 434 4849 2032 4932">
     <span class='ocr_line' id='line_1_66' title="bbox 434 4849 2032 4932; baseline 0.007 -28"><span class='ocrx_word' id='word_1_486' title='bbox 434 4849 529 4916; x_wconf 85' lang='lat' dir='ltr'><strong>rit,</strong></span> <span class='ocrx_word' id='word_1_487' title='bbox 560 4849 854 4906; x_wconf 86' lang='lat' dir='ltr'><strong>damnatus</strong></span> <span class='ocrx_word' id='word_1_488' title='bbox 881 4860 988 4920; x_wconf 90' lang='lat' dir='ltr'><strong>est,</strong></span> <span class='ocrx_word' id='word_1_489' title='bbox 1013 4853 1141 4924; x_wconf 87' lang='lat' dir='ltr'><strong>quia</strong></span> <span class='ocrx_word' id='word_1_490' title='bbox 1185 4870 1301 4910; x_wconf 92' lang='lat' dir='ltr'><strong>non</strong></span> <span class='ocrx_word' id='word_1_491' title='bbox 1341 4871 1407 4911; x_wconf 87' lang='lat' dir='ltr'><strong>ex</strong></span> <span class='ocrx_word' id='word_1_492' title='bbox 1435 4854 1560 4913; x_wconf 90' lang='lat' dir='ltr'><strong>ﬁde.</strong></span> <span class='ocrx_word' id='word_1_493' title='bbox 1594 4875 1621 4910; x_wconf 73' lang='lat' dir='ltr'><strong>io</strong></span> <span class='ocrx_word' id='word_1_494' title='bbox 1653 4857 1759 4930; x_wconf 89' lang='lat' dir='ltr'><strong>Qui</strong></span> <span class='ocrx_word' id='word_1_495' title='bbox 1781 4858 2032 4932; x_wconf 86' lang='lat' dir='ltr'><strong>ambigit,</strong></span> 
     </span>
    </p>
   </div>
   <div class='ocr_carea' id='block_1_67' title="bbox 434 4937 2036 5020">
    <p class='ocr_par' dir='ltr' id='par_1_67' title="bbox 434 4937 2036 5020">
     <span class='ocr_line' id='line_1_67' title="bbox 434 4937 2036 5020; baseline 0.007 -26"><span class='ocrx_word' id='word_1_496' title='bbox 434 4937 634 5010; x_wconf 89' lang='lat' dir='ltr'><strong>inquit,</strong></span> <span class='ocrx_word' id='word_1_497' title='bbox 671 4953 771 4994; x_wconf 92' lang='lat' dir='ltr'><strong>nec</strong></span> <span class='ocrx_word' id='word_1_498' title='bbox 805 4939 1814 5013; x_wconf 88' lang='lat' dir='ltr'><strong>conﬁdenteredit,condemnatusest.</strong></span> <span class='ocrx_word' id='word_1_499' title='bbox 1832 4949 2036 5020; x_wconf 91' lang='lat' dir='ltr'><strong>Quam-</strong></span> 
     </span>
    </p>
   </div>
   <div class='ocr_carea' id='block_1_68' title="bbox 432 5027 2030 5110">
    <p class='ocr_par' dir='ltr' id='par_1_68' title="bbox 432 5027 2030 5110">
     <span class='ocr_line' id='line_1_68' title="bbox 432 5027 2030 5110; baseline 0.006 -26"><span class='ocrx_word' id='word_1_500' title='bbox 432 5027 622 5084; x_wconf 92' lang='lat' dir='ltr'><strong>obrem</strong></span> <span class='ocrx_word' id='word_1_501' title='bbox 649 5033 672 5080; x_wconf 66' lang='grc' dir='ltr'><em>Ρ</em></span> <span class='ocrx_word' id='word_1_502' title='bbox 703 5031 829 5085; x_wconf 85' lang='lat' dir='ltr'><strong>Non</strong></span> <span class='ocrx_word' id='word_1_503' title='bbox 857 5030 980 5100; x_wconf 85' lang='lat' dir='ltr'><strong>quia</strong></span> <span class='ocrx_word' id='word_1_504' title='bbox 1027 5031 1350 5090; x_wconf 88' lang='lat' dir='ltr'><strong>immundus</strong></span> <span class='ocrx_word' id='word_1_505' title='bbox 1394 5043 1509 5090; x_wconf 92' lang='lat' dir='ltr'><strong>erat</strong></span> <span class='ocrx_word' id='word_1_506' title='bbox 1551 5035 1729 5104; x_wconf 91' lang='lat' dir='ltr'><strong>cibus,</strong></span> <span class='ocrx_word' id='word_1_507' title='bbox 1773 5037 1871 5093; x_wconf 89' lang='lat' dir='ltr'><strong>sed</strong></span> <span class='ocrx_word' id='word_1_508' title='bbox 1905 5037 2030 5110; x_wconf 89' lang='lat' dir='ltr'><strong>quia</strong></span> 
     </span>
    </p>
   </div>
   <div class='ocr_carea' id='block_1_69' title="bbox 428 5117 2028 5196">
    <p class='ocr_par' dir='ltr' id='par_1_69' title="bbox 428 5117 2028 5196">
     <span class='ocr_line' id='line_1_69' title="bbox 428 5117 2028 5196; baseline 0.008 -25"><span class='ocrx_word' id='word_1_509' title='bbox 428 5131 543 5172; x_wconf 93' lang='lat' dir='ltr'><strong>non</strong></span> <span class='ocrx_word' id='word_1_510' title='bbox 571 5117 809 5175; x_wconf 89' lang='lat' dir='ltr'><strong>credidit</strong></span> <span class='ocrx_word' id='word_1_511' title='bbox 830 5119 1103 5177; x_wconf 91' lang='lat' dir='ltr'><strong>mundum</strong></span> <span class='ocrx_word' id='word_1_512' title='bbox 1127 5137 1264 5187; x_wconf 89' lang='lat' dir='ltr'><strong>esse,</strong></span> <span class='ocrx_word' id='word_1_513' title='bbox 1295 5132 1466 5194; x_wconf 90' lang='lat' dir='ltr'><strong>atque</strong></span> <span class='ocrx_word' id='word_1_514' title='bbox 1488 5124 1671 5196; x_wconf 90' lang='lat' dir='ltr'><strong>attigit</strong></span> <span class='ocrx_word' id='word_1_515' title='bbox 1715 5141 1900 5183; x_wconf 89' lang='lat' dir='ltr'><strong>escam</strong></span> <span class='ocrx_word' id='word_1_516' title='bbox 1925 5143 2028 5184; x_wconf 91' lang='lat' dir='ltr'><strong>ceu</strong></span> 
     </span>
    </p>
   </div>
   <div class='ocr_carea' id='block_1_70' title="bbox 428 5205 794 5264">
    <p class='ocr_par' dir='ltr' id='par_1_70' title="bbox 428 5205 794 5264">
     <span class='ocr_line' id='line_1_70' title="bbox 428 5205 794 5264; baseline 0.003 -4"><span class='ocrx_word' id='word_1_517' title='bbox 428 5205 794 5264; x_wconf 89' lang='lat' dir='ltr'><strong>immundam.</strong></span> 
     </span>
    </p>
   </div>
   <div class='ocr_carea' id='block_1_71' title="bbox 504 5297 2029 5377">
    <p class='ocr_par' dir='ltr' id='par_1_71' title="bbox 504 5297 2029 5377">
     <span class='ocr_line' id='line_1_71' title="bbox 504 5297 2029 5377; baseline 0.009 -27"><span class='ocrx_word' id='word_1_518' title='bbox 504 5314 534 5349; x_wconf 72' lang='grc' dir='ltr'><strong>α</strong></span> <span class='ocrx_word' id='word_1_519' title='bbox 564 5297 738 5353; x_wconf 91' lang='lat' dir='ltr'><strong>Omne</strong></span> <span class='ocrx_word' id='word_1_520' title='bbox 767 5306 953 5355; x_wconf 91' lang='lat' dir='ltr'><strong>autem</strong></span> <span class='ocrx_word' id='word_1_521' title='bbox 985 5298 1137 5371; x_wconf 91' lang='lat' dir='ltr'><strong>quod</strong></span> <span class='ocrx_word' id='word_1_522' title='bbox 1182 5316 1294 5357; x_wconf 93' lang='lat' dir='ltr'><strong>non</strong></span> <span class='ocrx_word' id='word_1_523' title='bbox 1332 5309 1417 5357; x_wconf 87' lang='lat' dir='ltr'><strong>est</strong></span> <span class='ocrx_word' id='word_1_524' title='bbox 1452 5318 1519 5358; x_wconf 81' lang='lat' dir='ltr'><strong>ex</strong></span> <span class='ocrx_word' id='word_1_525' title='bbox 1572 5302 1708 5371; x_wconf 92' lang='lat' dir='ltr'><strong>ﬁde,</strong></span> <span class='ocrx_word' id='word_1_526' title='bbox 1738 5315 2029 5377; x_wconf 84' lang='lat' dir='ltr'><strong>peccatum</strong></span> 
     </span>
    </p>
   </div>
   <div class='ocr_carea' id='block_1_72' title="bbox 426 5387 2021 5466">
    <p class='ocr_par' dir='ltr' id='par_1_72' title="bbox 426 5387 2021 5466">
     <span class='ocr_line' id='line_1_72' title="bbox 426 5387 2021 5466; baseline 0.008 -27"><span class='ocrx_word' id='word_1_527' title='bbox 426 5392 582 5439; x_wconf 85' lang='lat' dir='ltr'><strong>est.»</strong></span> <span class='ocrx_word' id='word_1_528' title='bbox 609 5388 753 5441; x_wconf 91' lang='lat' dir='ltr'><strong>Cum</strong></span> <span class='ocrx_word' id='word_1_529' title='bbox 779 5387 926 5443; x_wconf 90' lang='lat' dir='ltr'><strong>enim</strong></span> <span class='ocrx_word' id='word_1_530' title='bbox 965 5404 1077 5444; x_wconf 92' lang='lat' dir='ltr'><strong>non</strong></span> <span class='ocrx_word' id='word_1_531' title='bbox 1113 5387 1282 5446; x_wconf 81' lang='lat' dir='ltr'><strong>fuerit</strong></span> <span class='ocrx_word' id='word_1_532' title='bbox 1316 5391 1582 5462; x_wconf 90' lang='lat' dir='ltr'><strong>conﬁsus,</strong></span> <span class='ocrx_word' id='word_1_533' title='bbox 1631 5410 1812 5466; x_wconf 91' lang='lat' dir='ltr'><strong>neque</strong></span> <span class='ocrx_word' id='word_1_534' title='bbox 1846 5397 2021 5454; x_wconf 86' lang='lat' dir='ltr'><strong>credi-</strong></span> 
     </span>
    </p>
   </div>
   <div class='ocr_carea' id='block_1_73' title="bbox 423 5471 2022 5556">
    <p class='ocr_par' dir='ltr' id='par_1_73' title="bbox 423 5471 2022 5556">
     <span class='ocr_line' id='line_1_73' title="bbox 423 5471 2022 5556; baseline 0.009 -28"><span class='ocrx_word' id='word_1_535' title='bbox 423 5471 565 5529; x_wconf 89' lang='lat' dir='ltr'><strong>derit</strong></span> <span class='ocrx_word' id='word_1_536' title='bbox 613 5490 811 5544; x_wconf 89' lang='lat' dir='ltr'><strong>purum</strong></span> <span class='ocrx_word' id='word_1_537' title='bbox 856 5492 975 5532; x_wconf 91' lang='lat' dir='ltr'><strong>esse</strong></span> <span class='ocrx_word' id='word_1_538' title='bbox 1002 5477 1215 5548; x_wconf 92' lang='lat' dir='ltr'><strong>cibum,</strong></span> <span class='ocrx_word' id='word_1_539' title='bbox 1270 5478 1365 5535; x_wconf 87' lang='lat' dir='ltr'><strong>sed</strong></span> <span class='ocrx_word' id='word_1_540' title='bbox 1403 5483 1636 5552; x_wconf 86' lang='lat' dir='ltr'><strong>gustarit</strong></span> <span class='ocrx_word' id='word_1_541' title='bbox 1679 5482 1862 5556; x_wconf 91' lang='lat' dir='ltr'><strong>ipsum</strong></span> <span class='ocrx_word' id='word_1_542' title='bbox 1892 5501 2022 5543; x_wconf 91' lang='lat' dir='ltr'><strong>cum</strong></span> 
     </span>
    </p>
   </div>
   <div class='ocr_carea' id='block_1_74' title="bbox 425 5565 1550 5642">
    <p class='ocr_par' dir='ltr' id='par_1_74' title="bbox 425 5565 1550 5642">
     <span class='ocr_line' id='line_1_74' title="bbox 425 5565 1550 5642; baseline 0.007 -27"><span class='ocrx_word' id='word_1_543' title='bbox 425 5576 590 5633; x_wconf 90' lang='lat' dir='ltr'><strong>prava</strong></span> <span class='ocrx_word' id='word_1_544' title='bbox 634 5565 983 5634; x_wconf 88' lang='lat' dir='ltr'><strong>conscientia,</strong></span> <span class='ocrx_word' id='word_1_545' title='bbox 1032 5567 1262 5624; x_wconf 90' lang='lat' dir='ltr'><strong>omnino</strong></span> <span class='ocrx_word' id='word_1_546' title='bbox 1292 5572 1550 5642; x_wconf 84' lang='lat' dir='ltr'><strong>peccavit.</strong></span> 
     </span>
    </p>
   </div>
   <div class='ocr_carea' id='block_1_75' title="bbox 2071 3202 2118 3266">
    <p class='ocr_par' dir='ltr' id='par_1_75' title="bbox 2071 3202 2118 3266">
     <span class='ocr_line' id='line_1_75' title="bbox 2071 3202 2118 3266; baseline 0 0"><span class='ocrx_word' id='word_1_547' title='bbox 2071 3202 2118 3266; x_wconf 91' lang='lat' dir='ltr'><strong><em>C</em></strong></span> 
     </span>
    </p>
   </div>
   <div class='ocr_carea' id='block_1_76' title="bbox 2158 1977 3760 2061">
    <p class='ocr_par' dir='ltr' id='par_1_76' title="bbox 2158 1977 3760 2061">
     <span class='ocr_line' id='line_1_76' title="bbox 2158 1977 3760 2061; baseline -0.002 -20"><span class='ocrx_word' id='word_1_548' title='bbox 2158 1985 2388 2061; x_wconf 90' lang='grc' dir='ltr'>πονηροῦ</span> <span class='ocrx_word' id='word_1_549' title='bbox 2424 1979 2647 2040; x_wconf 79' lang='grc' dir='ltr'>ἐσθίοντι</span> <span class='ocrx_word' id='word_1_550' title='bbox 2699 1977 2790 2038; x_wconf 79' lang='grc' dir='ltr'>καὶ</span> <span class='ocrx_word' id='word_1_551' title='bbox 2837 1979 3327 2060; x_wconf 84' lang='grc' dir='ltr'>σκανδαλιζομένῳ.</span> <span class='ocrx_word' id='word_1_552' title='bbox 3484 1978 3590 2060; x_wconf 79' lang='grc' dir='ltr'><strong>γὰρ</strong></span> <span class='ocrx_word' id='word_1_553' title='bbox 3637 1981 3760 2038; x_wconf 81' lang='grc' dir='ltr'>ἀτε-</span> 
     </span>
    </p>
   </div>
   <div class='ocr_carea' id='block_1_77' title="bbox 2155 2059 3758 2152">
    <p class='ocr_par' dir='ltr' id='par_1_77' title="bbox 2155 2059 3758 2152">
     <span class='ocr_line' id='line_1_77' title="bbox 2155 2059 3758 2152; baseline -0.002 -22"><span class='ocrx_word' id='word_1_554' title='bbox 2155 2059 2620 2152; x_wconf 31' lang='grc' dir='ltr'>λὴς,-ἆκάθαρτον</span> <span class='ocrx_word' id='word_1_555' title='bbox 2651 2072 2878 2147; x_wconf 82' lang='grc' dir='ltr'>νομίζων</span> <span class='ocrx_word' id='word_1_556' title='bbox 2926 2070 2984 2127; x_wconf 86' lang='grc' dir='ltr'>τὸ</span> <span class='ocrx_word' id='word_1_557' title='bbox 3029 2059 3297 2150; x_wconf 85' lang='grc' dir='ltr'>χοίρειον,</span> <span class='ocrx_word' id='word_1_558' title='bbox 3345 2059 3461 2128; x_wconf 73' lang='grc' dir='ltr'>εἶτα</span> <span class='ocrx_word' id='word_1_559' title='bbox 3495 2068 3758 2149; x_wconf 79' lang='grc' dir='ltr'>ἀπογεύε-</span> 
     </span>
    </p>
   </div>
   <div class='ocr_carea' id='block_1_78' title="bbox 2158 2158 3754 2240">
    <p class='ocr_par' dir='ltr' id='par_1_78' title="bbox 2158 2158 3754 2240">
     <span class='ocr_line' id='line_1_78' title="bbox 2158 2158 3754 2240; baseline 0 -20"><span class='ocrx_word' id='word_1_560' title='bbox 2158 2165 2280 2220; x_wconf 91' lang='grc' dir='ltr'>σθαι</span> <span class='ocrx_word' id='word_1_561' title='bbox 2355 2161 2540 2221; x_wconf 90' lang='grc' dir='ltr'>τούτου</span> <span class='ocrx_word' id='word_1_562' title='bbox 2610 2161 3070 2240; x_wconf 82' lang='grc' dir='ltr'>ἀναγκαζόμενος,</span> <span class='ocrx_word' id='word_1_563' title='bbox 3151 2158 3448 2238; x_wconf 85' lang='grc' dir='ltr'>βλάπτεται</span> <span class='ocrx_word' id='word_1_564' title='bbox 3524 2161 3754 2238; x_wconf 78' lang='grc' dir='ltr'>μᾶλλον.</span> 
     </span>
    </p>
   </div>
   <div class='ocr_carea' id='block_1_79' title="bbox 2155 2248 3758 2330">
    <p class='ocr_par' dir='ltr' id='par_1_79' title="bbox 2155 2248 3758 2330">
     <span class='ocr_line' id='line_1_79' title="bbox 2155 2248 3758 2330; baseline -0.004 -18"><span class='ocrx_word' id='word_1_565' title='bbox 2155 2249 2324 2312; x_wconf 60' lang='lat' dir='ltr'><strong>&quot;(lore</strong></span> <span class='ocrx_word' id='word_1_566' title='bbox 2367 2252 2445 2310; x_wconf 87' lang='grc' dir='ltr'>δεῖ</span> <span class='ocrx_word' id='word_1_567' title='bbox 2476 2250 2635 2310; x_wconf 80' lang='grc' dir='ltr'>αὐτὸν</span> <span class='ocrx_word' id='word_1_568' title='bbox 2683 2249 2937 2330; x_wconf 87' lang='grc' dir='ltr'>πρότερον</span> <span class='ocrx_word' id='word_1_569' title='bbox 2970 2255 3158 2326; x_wconf 83' lang='grc' dir='ltr'>μαθεῖν</span> <span class='ocrx_word' id='word_1_570' title='bbox 3193 2248 3343 2330; x_wconf 80' lang='grc' dir='ltr'>παρὰ</span> <span class='ocrx_word' id='word_1_571' title='bbox 3384 2252 3512 2324; x_wconf 87' lang='grc' dir='ltr'>σοῦ,</span> <span class='ocrx_word' id='word_1_572' title='bbox 3549 2249 3630 2309; x_wconf 78' lang='grc' dir='ltr'>ὅτι</span> <span class='ocrx_word' id='word_1_573' title='bbox 3659 2271 3758 2308; x_wconf 88' lang='grc' dir='ltr'>κα-</span> 
     </span>
    </p>
   </div>
   <div class='ocr_carea' id='block_1_80' title="bbox 2155 2339 2655 2423">
    <p class='ocr_par' dir='ltr' id='par_1_80' title="bbox 2155 2339 2655 2423">
     <span class='ocr_line' id='line_1_80' title="bbox 2155 2339 2655 2423; baseline -0.008 -21"><span class='ocrx_word' id='word_1_574' title='bbox 2155 2342 2291 2423; x_wconf 87' lang='grc' dir='ltr'>θαρά</span> <span class='ocrx_word' id='word_1_575' title='bbox 2320 2342 2428 2400; x_wconf 79' lang='grc' dir='ltr'>εἰσι</span> <span class='ocrx_word' id='word_1_576' title='bbox 2457 2339 2655 2400; x_wconf 89' lang='grc' dir='ltr'>πάντα.</span> 
     </span>
    </p>
   </div>
   <div class='ocr_carea' id='block_1_81' title="bbox 2253 2509 3753 2602">
    <p class='ocr_par' dir='ltr' id='par_1_81' title="bbox 2253 2509 3753 2602">
     <span class='ocr_line' id='line_1_81' title="bbox 2253 2509 3753 2602; baseline -0.003 -22"><span class='ocrx_word' id='word_1_577' title='bbox 2253 2549 2278 2574; x_wconf 70' lang='grc' dir='ltr'><strong>τι</strong></span> <span class='ocrx_word' id='word_1_578' title='bbox 2318 2519 2496 2580; x_wconf 78' lang='grc' dir='ltr'>Καλὸν</span> <span class='ocrx_word' id='word_1_579' title='bbox 2548 2521 2610 2580; x_wconf 83' lang='grc' dir='ltr'>τὸ</span> <span class='ocrx_word' id='word_1_580' title='bbox 2658 2519 2732 2598; x_wconf 85' lang='grc' dir='ltr'><strong>μὴ</strong></span> <span class='ocrx_word' id='word_1_581' title='bbox 2765 2528 2950 2602; x_wconf 81' lang='grc' dir='ltr'>φαγεῖν</span> <span class='ocrx_word' id='word_1_582' title='bbox 3001 2520 3163 2600; x_wconf 77' lang='grc' dir='ltr'>κρέα,</span> <span class='ocrx_word' id='word_1_583' title='bbox 3214 2519 3350 2596; x_wconf 84' lang='grc' dir='ltr'>μηδὲ</span> <span class='ocrx_word' id='word_1_584' title='bbox 3402 2522 3542 2578; x_wconf 87' lang='grc' dir='ltr'>πιεῖν</span> <span class='ocrx_word' id='word_1_585' title='bbox 3587 2509 3753 2596; x_wconf 80' lang='grc' dir='ltr'>οἶνον,</span> 
     </span>
    </p>
   </div>
   <div class='ocr_carea' id='block_1_82' title="bbox 2154 2602 3754 2694">
    <p class='ocr_par' dir='ltr' id='par_1_82' title="bbox 2154 2602 3754 2694">
     <span class='ocr_line' id='line_1_82' title="bbox 2154 2602 3754 2694; baseline -0.004 -21"><span class='ocrx_word' id='word_1_586' title='bbox 2154 2612 2291 2694; x_wconf 73' lang='grc' dir='ltr'>μηδὲ</span> <span class='ocrx_word' id='word_1_587' title='bbox 2316 2615 2368 2672; x_wconf 85' lang='grc' dir='ltr'><strong>ἐν</strong></span> <span class='ocrx_word' id='word_1_588' title='bbox 2397 2602 2442 2692; x_wconf 74' lang='grc' dir='ltr'>ᾧ</span> <span class='ocrx_word' id='word_1_589' title='bbox 2475 2610 2694 2691; x_wconf 79' lang='grc' dir='ltr'>ἀδελφός</span> <span class='ocrx_word' id='word_1_590' title='bbox 2725 2633 2818 2670; x_wconf 93' lang='grc' dir='ltr'><strong>σου</strong></span> <span class='ocrx_word' id='word_1_591' title='bbox 2848 2609 3255 2679; x_wconf 81' lang='grc' dir='ltr'>σκανδαλίζεται</span> <span class='ocrx_word' id='word_1_592' title='bbox 3274 2658 3289 2683; x_wconf 87' lang='grc'><strong>,</strong></span> <span class='ocrx_word' id='word_1_593' title='bbox 3316 2609 3352 2681; x_wconf 80' lang='grc' dir='ltr'>ἢ</span> <span class='ocrx_word' id='word_1_594' title='bbox 3383 2609 3710 2689; x_wconf 80' lang='grc' dir='ltr'>προσκόπτει</span> <span class='ocrx_word' id='word_1_595' title='bbox 3735 2653 3754 2684; x_wconf 88' lang='grc'><strong>,</strong></span> 
     </span>
    </p>
   </div>
   <div class='ocr_carea' id='block_1_83' title="bbox 2150 2699 3753 2780">
    <p class='ocr_par' dir='ltr' id='par_1_83' title="bbox 2150 2699 3753 2780">
     <span class='ocr_line' id='line_1_83' title="bbox 2150 2699 3753 2780; baseline -0.006 -16"><span class='ocrx_word' id='word_1_596' title='bbox 2150 2703 2185 2776; x_wconf 83' lang='grc' dir='ltr'>ἢ</span> <span class='ocrx_word' id='word_1_597' title='bbox 2215 2708 2444 2764; x_wconf 79' lang='grc' dir='ltr'>ἀσθενεῖ.</span> <span class='ocrx_word' id='word_1_598' title='bbox 2499 2723 2527 2757; x_wconf 77' lang='grc' dir='ltr'>ι)</span> <span class='ocrx_word' id='word_1_599' title='bbox 2549 2700 2625 2761; x_wconf 82' lang='grc' dir='ltr'>Σὺ</span> <span class='ocrx_word' id='word_1_600' title='bbox 2659 2699 2754 2777; x_wconf 85' lang='grc' dir='ltr'>μὲν</span> <span class='ocrx_word' id='word_1_601' title='bbox 2775 2744 2790 2772; x_wconf 92' lang='grc'><strong>,</strong></span> <span class='ocrx_word' id='word_1_602' title='bbox 2823 2699 3016 2780; x_wconf 73' lang='grc' dir='ltr'>φησὶν,</span> <span class='ocrx_word' id='word_1_603' title='bbox 3049 2699 3366 2776; x_wconf 76' lang='grc' dir='ltr'>ἀναγκάζεις</span> <span class='ocrx_word' id='word_1_604' title='bbox 3398 2703 3485 2757; x_wconf 88' lang='grc' dir='ltr'>τὸν</span> <span class='ocrx_word' id='word_1_605' title='bbox 3523 2699 3753 2778; x_wconf 84' lang='grc' dir='ltr'>ἀδελφὸν</span> 
     </span>
    </p>
   </div>
   <div class='ocr_carea' id='block_1_84' title="bbox 2151 2786 3750 2871">
    <p class='ocr_par' dir='ltr' id='par_1_84' title="bbox 2151 2786 3750 2871">
     <span class='ocr_line' id='line_1_84' title="bbox 2151 2786 3750 2871; baseline -0.006 -16"><span class='ocrx_word' id='word_1_606' title='bbox 2151 2793 2338 2855; x_wconf 87' lang='grc' dir='ltr'>ἐσθίειν</span> <span class='ocrx_word' id='word_1_607' title='bbox 2371 2791 2404 2848; x_wconf 76' lang='grc' dir='ltr'>ἃ</span> <span class='ocrx_word' id='word_1_608' title='bbox 2449 2792 2508 2850; x_wconf 83' lang='grc' dir='ltr'>οὗ</span> <span class='ocrx_word' id='word_1_609' title='bbox 2539 2791 2721 2871; x_wconf 81' lang='grc' dir='ltr'>θαῤῥεῖ</span> <span class='ocrx_word' id='word_1_610' title='bbox 2760 2813 2774 2826; x_wconf 75' lang='grc' dir='ltr'><strong><em>ο</em></strong></span> <span class='ocrx_word' id='word_1_611' title='bbox 2819 2788 2923 2868; x_wconf 83' lang='grc' dir='ltr'><strong>ἐγὼ</strong></span> <span class='ocrx_word' id='word_1_612' title='bbox 2963 2789 3016 2848; x_wconf 83' lang='grc' dir='ltr'>δὲ</span> <span class='ocrx_word' id='word_1_613' title='bbox 3060 2788 3151 2848; x_wconf 82' lang='grc' dir='ltr'><strong>καὶ</strong></span> <span class='ocrx_word' id='word_1_614' title='bbox 3201 2786 3258 2847; x_wconf 78' lang='grc' dir='ltr'>σὲ</span> <span class='ocrx_word' id='word_1_615' title='bbox 3315 2789 3422 2847; x_wconf 86' lang='grc' dir='ltr'>δεῖν</span> <span class='ocrx_word' id='word_1_616' title='bbox 3471 2813 3613 2870; x_wconf 90' lang='grc' dir='ltr'>φημι</span> <span class='ocrx_word' id='word_1_617' title='bbox 3645 2790 3750 2846; x_wconf 78' lang='grc' dir='ltr'>ἀπ-</span> 
     </span>
    </p>
   </div>
   <div class='ocr_carea' id='block_1_85' title="bbox 2149 2877 3751 2962">
    <p class='ocr_par' dir='ltr' id='par_1_85' title="bbox 2149 2877 3751 2962">
     <span class='ocr_line' id='line_1_85' title="bbox 2149 2877 3751 2962; baseline -0.004 -20"><span class='ocrx_word' id='word_1_618' title='bbox 2149 2881 2364 2962; x_wconf 77' lang='grc' dir='ltr'>έχεσθαι</span> <span class='ocrx_word' id='word_1_619' title='bbox 2391 2881 2584 2947; x_wconf 84' lang='grc' dir='ltr'>παντὸς</span> <span class='ocrx_word' id='word_1_620' title='bbox 2613 2885 2704 2938; x_wconf 91' lang='grc' dir='ltr'><strong>τοῦ</strong></span> <span class='ocrx_word' id='word_1_621' title='bbox 2741 2878 3177 2947; x_wconf 87' lang='grc' dir='ltr'>σκανδαλίζοντος</span> <span class='ocrx_word' id='word_1_622' title='bbox 3215 2877 3304 2936; x_wconf 81' lang='grc' dir='ltr'><strong>τὸν</strong></span> <span class='ocrx_word' id='word_1_623' title='bbox 3343 2877 3568 2957; x_wconf 78' lang='grc' dir='ltr'>ἀδελφόν</span> <span class='ocrx_word' id='word_1_624' title='bbox 3605 2902 3618 2916; x_wconf 76' lang='grc' dir='ltr'><strong>ο</strong></span> <span class='ocrx_word' id='word_1_625' title='bbox 3649 2881 3751 2956; x_wconf 83' lang='grc' dir='ltr'>οὐχ</span> 
     </span>
    </p>
   </div>
   <div class='ocr_carea' id='block_1_86' title="bbox 2150 2965 3753 3048">
    <p class='ocr_par' dir='ltr' id='par_1_86' title="bbox 2150 2965 3753 3048">
     <span class='ocr_line' id='line_1_86' title="bbox 2150 2965 3753 3048; baseline -0.004 -18"><span class='ocrx_word' id='word_1_626' title='bbox 2150 2973 2230 3032; x_wconf 78' lang='grc' dir='ltr'><strong>ὅτι</strong></span> <span class='ocrx_word' id='word_1_627' title='bbox 2267 2970 2431 3031; x_wconf 87' lang='grc' dir='ltr'>κακόν</span> <span class='ocrx_word' id='word_1_628' title='bbox 2470 2972 2584 3028; x_wconf 85' lang='grc' dir='ltr'>ἐστι</span> <span class='ocrx_word' id='word_1_629' title='bbox 2631 2968 2848 3048; x_wconf 81' lang='grc' dir='ltr'>(πάντα</span> <span class='ocrx_word' id='word_1_630' title='bbox 2876 2969 2977 3048; x_wconf 82' lang='grc' dir='ltr'><strong>γὰρ</strong></span> <span class='ocrx_word' id='word_1_631' title='bbox 3008 2966 3277 3047; x_wconf 83' lang='grc' dir='ltr'>καθαρὰ),</span> <span class='ocrx_word' id='word_1_632' title='bbox 3313 2968 3433 3026; x_wconf 81' lang='grc' dir='ltr'>ἀλλ’</span> <span class='ocrx_word' id='word_1_633' title='bbox 3465 2965 3546 3026; x_wconf 77' lang='grc' dir='ltr'><strong>ὅτι</strong></span> <span class='ocrx_word' id='word_1_634' title='bbox 3577 2990 3753 3028; x_wconf 87' lang='grc' dir='ltr'>σκαν-</span> 
     </span>
    </p>
   </div>
   <div class='ocr_carea' id='block_1_87' title="bbox 2150 3055 3746 3136">
    <p class='ocr_par' dir='ltr' id='par_1_87' title="bbox 2150 3055 3746 3136">
     <span class='ocr_line' id='line_1_87' title="bbox 2150 3055 3746 3136; baseline -0.007 -13"><span class='ocrx_word' id='word_1_635' title='bbox 2150 3062 2369 3131; x_wconf 85' lang='grc' dir='ltr'>δαλίζει.</span> <span class='ocrx_word' id='word_1_636' title='bbox 2409 3059 2592 3120; x_wconf 78' lang='grc' dir='ltr'>Εἰπὼν</span> <span class='ocrx_word' id='word_1_637' title='bbox 2622 3058 2712 3134; x_wconf 83' lang='grc' dir='ltr'>δὲ,</span> <span class='ocrx_word' id='word_1_638' title='bbox 2735 3057 2816 3116; x_wconf 79' lang='grc' dir='ltr'>ὅτι</span> <span class='ocrx_word' id='word_1_639' title='bbox 2845 3083 2868 3108; x_wconf 73' lang='grc' dir='ltr'><strong>α</strong></span> <span class='ocrx_word' id='word_1_640' title='bbox 2909 3056 3280 3136; x_wconf 89' lang='grc' dir='ltr'>Προσκόπτει,</span> <span class='ocrx_word' id='word_1_641' title='bbox 3314 3083 3338 3110; x_wconf 69' lang='grc' dir='ltr'><strong>υ</strong></span> <span class='ocrx_word' id='word_1_642' title='bbox 3367 3055 3557 3124; x_wconf 75' lang='grc' dir='ltr'>ἔδειξεν</span> <span class='ocrx_word' id='word_1_643' title='bbox 3589 3056 3746 3114; x_wconf 81' lang='grc' dir='ltr'>αὐτὸν</span> 
     </span>
    </p>
   </div>
   <div class='ocr_carea' id='block_1_88' title="bbox 2150 3145 3739 3234">
    <p class='ocr_par' dir='ltr' id='par_1_88' title="bbox 2150 3145 3739 3234">
     <span class='ocr_line' id='line_1_88' title="bbox 2150 3145 3739 3234; baseline -0.005 -22"><span class='ocrx_word' id='word_1_644' title='bbox 2150 3151 2520 3234; x_wconf 85' lang='grc' dir='ltr'>τυφλώττοντα</span> <span class='ocrx_word' id='word_1_645' title='bbox 2549 3169 2558 3179; x_wconf 92' lang='grc'><strong>·</strong></span> <span class='ocrx_word' id='word_1_646' title='bbox 2598 3149 2644 3208; x_wconf 78' lang='grc' dir='ltr'>οἱ</span> <span class='ocrx_word' id='word_1_647' title='bbox 2670 3147 2773 3228; x_wconf 81' lang='grc' dir='ltr'><strong>γὰρ</strong></span> <span class='ocrx_word' id='word_1_648' title='bbox 2802 3151 3031 3206; x_wconf 86' lang='grc' dir='ltr'>τοιοῦτοι</span> <span class='ocrx_word' id='word_1_649' title='bbox 3063 3145 3510 3228; x_wconf 76' lang='grc' dir='ltr'>προσκόπτουσιν.</span> <span class='ocrx_word' id='word_1_650' title='bbox 3559 3147 3739 3206; x_wconf 87' lang='grc' dir='ltr'>Σκαν-</span> 
     </span>
    </p>
   </div>
   <div class='ocr_carea' id='block_1_89' title="bbox 2153 3233 3746 3319">
    <p class='ocr_par' dir='ltr' id='par_1_89' title="bbox 2153 3233 3746 3319">
     <span class='ocr_line' id='line_1_89' title="bbox 2153 3233 3746 3319; baseline -0.005 -18"><span class='ocrx_word' id='word_1_651' title='bbox 2153 3233 2424 3310; x_wconf 86' lang='grc' dir='ltr'>δαλίζεται</span> <span class='ocrx_word' id='word_1_652' title='bbox 2452 3237 2507 3298; x_wconf 75' lang='grc' dir='ltr'>δὲ</span> <span class='ocrx_word' id='word_1_653' title='bbox 2551 3241 2622 3304; x_wconf 82' lang='grc' dir='ltr'>ὥς</span> <span class='ocrx_word' id='word_1_654' title='bbox 2665 3242 2856 3319; x_wconf 90' lang='grc' dir='ltr'>κοῦφος</span> <span class='ocrx_word' id='word_1_655' title='bbox 2888 3260 2900 3272; x_wconf 90' lang='grc'>·</span> <span class='ocrx_word' id='word_1_656' title='bbox 2949 3236 3161 3295; x_wconf 78' lang='grc' dir='ltr'>ἀσθενεῖ</span> <span class='ocrx_word' id='word_1_657' title='bbox 3190 3235 3246 3295; x_wconf 77' lang='grc' dir='ltr'>δὲ</span> <span class='ocrx_word' id='word_1_658' title='bbox 3274 3239 3347 3305; x_wconf 79' lang='grc' dir='ltr'>ὡς</span> <span class='ocrx_word' id='word_1_659' title='bbox 3392 3233 3746 3313; x_wconf 83' lang='grc' dir='ltr'>ὀλιγόπιστος.</span> 
     </span>
    </p>
   </div>
   <div class='ocr_carea' id='block_1_90' title="bbox 2154 3325 3748 3408">
    <p class='ocr_par' dir='ltr' id='par_1_90' title="bbox 2154 3325 3748 3408">
     <span class='ocr_line' id='line_1_90' title="bbox 2154 3325 3748 3408; baseline -0.005 -16"><span class='ocrx_word' id='word_1_660' title='bbox 2154 3331 2257 3393; x_wconf 81' lang='grc' dir='ltr'>Διὰ</span> <span class='ocrx_word' id='word_1_661' title='bbox 2303 3327 2502 3389; x_wconf 91' lang='grc' dir='ltr'>τούτων</span> <span class='ocrx_word' id='word_1_662' title='bbox 2535 3329 2591 3387; x_wconf 86' lang='grc' dir='ltr'>δὲ</span> <span class='ocrx_word' id='word_1_663' title='bbox 2635 3325 2851 3386; x_wconf 84' lang='grc' dir='ltr'>πάντων</span> <span class='ocrx_word' id='word_1_664' title='bbox 2899 3325 3181 3408; x_wconf 78' lang='grc' dir='ltr'>ἐφέλκεται</span> <span class='ocrx_word' id='word_1_665' title='bbox 3237 3326 3326 3386; x_wconf 83' lang='grc' dir='ltr'><strong>τὸν</strong></span> <span class='ocrx_word' id='word_1_666' title='bbox 3385 3326 3748 3406; x_wconf 86' lang='grc' dir='ltr'>δυνατώτερον</span> 
     </span>
    </p>
   </div>
   <div class='ocr_carea' id='block_1_91' title="bbox 2154 3414 3673 3503">
    <p class='ocr_par' dir='ltr' id='par_1_91' title="bbox 2154 3414 3673 3503">
     <span class='ocr_line' id='line_1_91' title="bbox 2154 3414 3673 3503; baseline -0.003 -23"><span class='ocrx_word' id='word_1_667' title='bbox 2154 3421 2284 3503; x_wconf 83' lang='grc' dir='ltr'>πρὸς</span> <span class='ocrx_word' id='word_1_668' title='bbox 2310 3417 2556 3499; x_wconf 87' lang='grc' dir='ltr'>βοήθειαν</span> <span class='ocrx_word' id='word_1_669' title='bbox 2578 3422 2672 3476; x_wconf 91' lang='grc' dir='ltr'><strong>τοῦ</strong></span> <span class='ocrx_word' id='word_1_670' title='bbox 2701 3418 2958 3498; x_wconf 82' lang='grc' dir='ltr'>ἀδελφοῦ,</span> <span class='ocrx_word' id='word_1_671' title='bbox 2993 3419 3065 3484; x_wconf 82' lang='grc' dir='ltr'>ὡς</span> <span class='ocrx_word' id='word_1_672' title='bbox 3084 3414 3152 3474; x_wconf 83' lang='grc' dir='ltr'><strong>τὰ</strong></span> <span class='ocrx_word' id='word_1_673' title='bbox 3186 3415 3362 3477; x_wconf 86' lang='grc' dir='ltr'>πάντα</span> <span class='ocrx_word' id='word_1_674' title='bbox 3397 3417 3673 3484; x_wconf 76' lang='grc' dir='ltr'>ἀσθενοῦς.</span> 
     </span>
    </p>
   </div>
   <div class='ocr_carea' id='block_1_92' title="bbox 2236 3598 3747 3685">
    <p class='ocr_par' dir='ltr' id='par_1_92' title="bbox 2236 3598 3747 3685">
     <span class='ocr_line' id='line_1_92' title="bbox 2236 3598 3747 3685; baseline 0 -23"><span class='ocrx_word' id='word_1_675' title='bbox 2236 3630 2266 3662; x_wconf 75' lang='grc' dir='ltr'><strong>α</strong></span> <span class='ocrx_word' id='word_1_676' title='bbox 2303 3603 2382 3666; x_wconf 78' lang='grc' dir='ltr'><strong>Σὺ</strong></span> <span class='ocrx_word' id='word_1_677' title='bbox 2425 3604 2604 3664; x_wconf 90' lang='grc' dir='ltr'>πίστιν</span> <span class='ocrx_word' id='word_1_678' title='bbox 2630 3602 2807 3685; x_wconf 79' lang='grc' dir='ltr'>ἔχεις;</span> <span class='ocrx_word' id='word_1_679' title='bbox 2842 3601 3000 3663; x_wconf 74' lang='grc' dir='ltr'>Κατὰ</span> <span class='ocrx_word' id='word_1_680' title='bbox 3027 3599 3249 3661; x_wconf 81' lang='grc' dir='ltr'>σεαυτὸν</span> <span class='ocrx_word' id='word_1_681' title='bbox 3279 3600 3371 3680; x_wconf 83' lang='grc' dir='ltr'><strong>ἔχε</strong></span> <span class='ocrx_word' id='word_1_682' title='bbox 3401 3598 3624 3659; x_wconf 83' lang='grc' dir='ltr'>ἐνώπιον</span> <span class='ocrx_word' id='word_1_683' title='bbox 3654 3609 3747 3662; x_wconf 90' lang='grc' dir='ltr'><strong>τοῦ</strong></span> 
     </span>
    </p>
   </div>
   <div class='ocr_carea' id='block_1_93' title="bbox 2149 3690 3749 3763">
    <p class='ocr_par' dir='ltr' id='par_1_93' title="bbox 2149 3690 3749 3763">
     <span class='ocr_line' id='line_1_93' title="bbox 2149 3690 3749 3763; baseline -0.005 -5"><span class='ocrx_word' id='word_1_684' title='bbox 2149 3698 2318 3758; x_wconf 85' lang='grc' dir='ltr'>Θεοῦ.</span> <span class='ocrx_word' id='word_1_685' title='bbox 2351 3717 2382 3755; x_wconf 74' lang='grc' dir='ltr'>ι)</span> <span class='ocrx_word' id='word_1_686' title='bbox 2436 3695 2699 3755; x_wconf 88' lang='grc' dir='ltr'>Ἐνταῦθα</span> <span class='ocrx_word' id='word_1_687' title='bbox 2733 3692 3131 3763; x_wconf 79' lang='grc' dir='ltr'>ὓπαινίττεται,</span> <span class='ocrx_word' id='word_1_688' title='bbox 3173 3690 3253 3750; x_wconf 75' lang='grc' dir='ltr'><strong>ὅτι</strong></span> <span class='ocrx_word' id='word_1_689' title='bbox 3292 3690 3385 3750; x_wconf 80' lang='grc' dir='ltr'>καὶ</span> <span class='ocrx_word' id='word_1_690' title='bbox 3413 3692 3485 3758; x_wconf 80' lang='grc' dir='ltr'>ὥς</span> <span class='ocrx_word' id='word_1_691' title='bbox 3527 3690 3749 3752; x_wconf 84' lang='grc' dir='ltr'>κενόδο-</span> 
     </span>
    </p>
   </div>
   <div class='ocr_carea' id='block_1_94' title="bbox 2151 3780 3746 3863">
    <p class='ocr_par' dir='ltr' id='par_1_94' title="bbox 2151 3780 3746 3863">
     <span class='ocr_line' id='line_1_94' title="bbox 2151 3780 3746 3863; baseline -0.005 -18"><span class='ocrx_word' id='word_1_692' title='bbox 2151 3784 2232 3854; x_wconf 81' lang='grc' dir='ltr'>ξος</span> <span class='ocrx_word' id='word_1_693' title='bbox 2260 3791 2288 3846; x_wconf 80' lang='grc' dir='ltr'><strong>ὃ</strong></span> <span class='ocrx_word' id='word_1_694' title='bbox 2331 3784 2649 3863; x_wconf 86' lang='grc' dir='ltr'>τελειότερος</span> <span class='ocrx_word' id='word_1_695' title='bbox 2699 3781 2998 3842; x_wconf 79' lang='grc' dir='ltr'>ἐπεδείκνυε</span> <span class='ocrx_word' id='word_1_696' title='bbox 3028 3782 3081 3821; x_wconf 76' lang='grc' dir='ltr'><strong>⁵ο</strong></span> <span class='ocrx_word' id='word_1_697' title='bbox 3110 3780 3206 3851; x_wconf 82' lang='grc' dir='ltr'><strong>τὴν</strong></span> <span class='ocrx_word' id='word_1_698' title='bbox 3247 3782 3436 3839; x_wconf 72' lang='grc' dir='ltr'>ἑαυτοῦ</span> <span class='ocrx_word' id='word_1_699' title='bbox 3468 3780 3513 3818; x_wconf 74' lang='grc'><strong>⁵⁸</strong></span> <span class='ocrx_word' id='word_1_700' title='bbox 3549 3781 3746 3842; x_wconf 87' lang='grc' dir='ltr'>τελειό-</span> 
     </span>
    </p>
   </div>
   <div class='ocr_carea' id='block_1_95' title="bbox 2149 3865 3746 3950">
    <p class='ocr_par' dir='ltr' id='par_1_95' title="bbox 2149 3865 3746 3950">
     <span class='ocr_line' id='line_1_95' title="bbox 2149 3865 3746 3950; baseline -0.001 -17"><span class='ocrx_word' id='word_1_701' title='bbox 2149 3899 2301 3947; x_wconf 84' lang='grc' dir='ltr'>τητα.</span> <span class='ocrx_word' id='word_1_702' title='bbox 2329 3873 2510 3946; x_wconf 78' lang='grc' dir='ltr'>Φησὶν</span> <span class='ocrx_word' id='word_1_703' title='bbox 2543 3865 2633 3932; x_wconf 67' lang='grc' dir='ltr'><strong>οὖν</strong></span> <span class='ocrx_word' id='word_1_704' title='bbox 2663 3894 2674 3907; x_wconf 92' lang='grc'><strong>·</strong></span> <span class='ocrx_word' id='word_1_705' title='bbox 2727 3871 2921 3938; x_wconf 79' lang='grc' dir='ltr'>Θέλεις</span> <span class='ocrx_word' id='word_1_706' title='bbox 2951 3895 3042 3948; x_wconf 91' lang='grc' dir='ltr'><strong>μοι</strong></span> <span class='ocrx_word' id='word_1_707' title='bbox 3073 3869 3236 3950; x_wconf 73' lang='grc' dir='ltr'>δεῖξαι</span> <span class='ocrx_word' id='word_1_708' title='bbox 3285 3867 3367 3927; x_wconf 81' lang='grc' dir='ltr'><strong>δτι</strong></span> <span class='ocrx_word' id='word_1_709' title='bbox 3414 3872 3466 3928; x_wconf 86' lang='grc' dir='ltr'><strong>ἐν</strong></span> <span class='ocrx_word' id='word_1_710' title='bbox 3513 3872 3580 3948; x_wconf 82' lang='grc' dir='ltr'><strong>τῇ</strong></span> <span class='ocrx_word' id='word_1_711' title='bbox 3625 3871 3746 3950; x_wconf 73' lang='grc' dir='ltr'>περὶ</span> 
     </span>
    </p>
   </div>
   <div class='ocr_carea' id='block_1_96' title="bbox 2148 3948 3744 4044">
    <p class='ocr_par' dir='ltr' id='par_1_96' title="bbox 2148 3948 3744 4044">
     <span class='ocr_line' id='line_1_96' title="bbox 2148 3948 3744 4044; baseline -0.002 -22"><span class='ocrx_word' id='word_1_712' title='bbox 2148 3966 2252 4022; x_wconf 80' lang='grc' dir='ltr'><strong>τῶν</strong></span> <span class='ocrx_word' id='word_1_713' title='bbox 2308 3961 2608 4044; x_wconf 82' lang='grc' dir='ltr'>βρωμάτων</span> <span class='ocrx_word' id='word_1_714' title='bbox 2659 3961 2839 4020; x_wconf 89' lang='grc' dir='ltr'>πίστει</span> <span class='ocrx_word' id='word_1_715' title='bbox 2885 3959 3084 4026; x_wconf 77' lang='grc' dir='ltr'>τέλειος</span> <span class='ocrx_word' id='word_1_716' title='bbox 3133 3948 3212 4032; x_wconf 78' lang='grc' dir='ltr'><strong>εἶ,</strong></span> <span class='ocrx_word' id='word_1_717' title='bbox 3255 3959 3522 4017; x_wconf 83' lang='grc' dir='ltr'>πιστεύων</span> <span class='ocrx_word' id='word_1_718' title='bbox 3567 3960 3744 4019; x_wconf 88' lang='grc' dir='ltr'>πάντα</span> 
     </span>
    </p>
   </div>
   <div class='ocr_carea' id='block_1_97' title="bbox 2147 4042 3742 4129">
    <p class='ocr_par' dir='ltr' id='par_1_97' title="bbox 2147 4042 3742 4129">
     <span class='ocr_line' id='line_1_97' title="bbox 2147 4042 3742 4129; baseline -0.003 -19"><span class='ocrx_word' id='word_1_719' title='bbox 2147 4042 2282 4110; x_wconf 75' lang='grc' dir='ltr'>εἶναι</span> <span class='ocrx_word' id='word_1_720' title='bbox 2310 4042 2455 4111; x_wconf 77' lang='grc' dir='ltr'>καλὰ</span> <span class='ocrx_word' id='word_1_721' title='bbox 2489 4050 2582 4110; x_wconf 73' lang='grc' dir='ltr'>καὶ</span> <span class='ocrx_word' id='word_1_722' title='bbox 2627 4049 2876 4129; x_wconf 72' lang='grc' dir='ltr'>καθαράς</span> <span class='ocrx_word' id='word_1_723' title='bbox 2912 4047 3016 4129; x_wconf 61' lang='grc' dir='ltr'><strong>ΜὴΔ</strong></span> <span class='ocrx_word' id='word_1_724' title='bbox 3053 4047 3172 4126; x_wconf 71' lang='grc' dir='ltr'>ἐμοὶ</span> <span class='ocrx_word' id='word_1_725' title='bbox 3211 4047 3448 4118; x_wconf 85' lang='grc' dir='ltr'>δείκνυε,</span> <span class='ocrx_word' id='word_1_726' title='bbox 3476 4048 3615 4106; x_wconf 78' lang='grc' dir='ltr'>ἀλλὰ</span> <span class='ocrx_word' id='word_1_727' title='bbox 3647 4049 3742 4129; x_wconf 83' lang='grc' dir='ltr'><strong>ἆρ-</strong></span> 
     </span>
    </p>
   </div>
   <div class='ocr_carea' id='block_1_98' title="bbox 2146 4127 3538 4219">
    <p class='ocr_par' dir='ltr' id='par_1_98' title="bbox 2146 4127 3538 4219">
     <span class='ocr_line' id='line_1_98' title="bbox 2146 4127 3538 4219; baseline -0.006 -19"><span class='ocrx_word' id='word_1_728' title='bbox 2146 4140 2312 4219; x_wconf 34' lang='grc' dir='ltr'>κεῖιτὸ</span> <span class='ocrx_word' id='word_1_729' title='bbox 2341 4137 2600 4211; x_wconf 84' lang='grc' dir='ltr'>συνειδὸς,</span> <span class='ocrx_word' id='word_1_730' title='bbox 2628 4137 2720 4196; x_wconf 75' lang='grc' dir='ltr'>καὶ</span> <span class='ocrx_word' id='word_1_731' title='bbox 2749 4127 2783 4196; x_wconf 29' lang='grc' dir='ltr'><strong>ὁ.</strong></span> <span class='ocrx_word' id='word_1_732' title='bbox 2800 4137 2938 4205; x_wconf 83' lang='grc' dir='ltr'>Θεὸς</span> <span class='ocrx_word' id='word_1_733' title='bbox 2978 4127 3022 4217; x_wconf 72' lang='grc' dir='ltr'>ᾧ</span> <span class='ocrx_word' id='word_1_734' title='bbox 3052 4139 3226 4195; x_wconf 89' lang='grc' dir='ltr'>ταῦτα</span> <span class='ocrx_word' id='word_1_735' title='bbox 3267 4132 3538 4219; x_wconf 74' lang='grc' dir='ltr'>δεικνύεις.</span> 
     </span>
    </p>
   </div>
   <div class='ocr_carea' id='block_1_99' title="bbox 2233 4217 3735 4310">
    <p class='ocr_par' dir='ltr' id='par_1_99' title="bbox 2233 4217 3735 4310">
     <span class='ocr_line' id='line_1_99' title="bbox 2233 4217 3735 4310; baseline 0 -24"><span class='ocrx_word' id='word_1_736' title='bbox 2233 4217 2261 4286; x_wconf 60' lang='grc' dir='ltr'>ἀ</span> <span class='ocrx_word' id='word_1_737' title='bbox 2297 4228 2577 4310; x_wconf 88' lang='grc' dir='ltr'>Μακάριος</span> <span class='ocrx_word' id='word_1_738' title='bbox 2599 4230 2628 4286; x_wconf 81' lang='grc' dir='ltr'>ὁ</span> <span class='ocrx_word' id='word_1_739' title='bbox 2669 4227 2744 4306; x_wconf 81' lang='grc' dir='ltr'><strong>μὴ</strong></span> <span class='ocrx_word' id='word_1_740' title='bbox 2787 4227 2979 4308; x_wconf 90' lang='grc' dir='ltr'>κρίνων</span> <span class='ocrx_word' id='word_1_741' title='bbox 3009 4224 3194 4286; x_wconf 75' lang='grc' dir='ltr'>ἑαυτὸν</span> <span class='ocrx_word' id='word_1_742' title='bbox 3225 4228 3276 4285; x_wconf 88' lang='grc' dir='ltr'><strong>ἐν</strong></span> <span class='ocrx_word' id='word_1_743' title='bbox 3302 4217 3344 4308; x_wconf 80' lang='grc' dir='ltr'>ᾧ</span> <span class='ocrx_word' id='word_1_744' title='bbox 3374 4225 3667 4303; x_wconf 85' lang='grc' dir='ltr'>δοκιμάζει.</span> <span class='ocrx_word' id='word_1_745' title='bbox 3710 4255 3735 4280; x_wconf 79' lang='grc' dir='ltr'><strong>ιι</strong></span> 
     </span>
    </p>
   </div>
   <div class='ocr_carea' id='block_1_100' title="bbox 2147 4316 3743 4400">
    <p class='ocr_par' dir='ltr' id='par_1_100' title="bbox 2147 4316 3743 4400">
     <span class='ocr_line' id='line_1_100' title="bbox 2147 4316 3743 4400; baseline -0.001 -23"><span class='ocrx_word' id='word_1_746' title='bbox 2147 4317 2265 4400; x_wconf 63' lang='grc' dir='ltr'>Ιςᾶν</span> <span class='ocrx_word' id='word_1_747' title='bbox 2311 4319 2586 4400; x_wconf 80' lang='grc' dir='ltr'>ἄνθρωπος</span> <span class='ocrx_word' id='word_1_748' title='bbox 2634 4317 2710 4395; x_wconf 83' lang='grc' dir='ltr'><strong>μὴ</strong></span> <span class='ocrx_word' id='word_1_749' title='bbox 2741 4317 2862 4398; x_wconf 81' lang='grc' dir='ltr'>ἴδῃ,</span> <span class='ocrx_word' id='word_1_750' title='bbox 2898 4316 3053 4384; x_wconf 82' lang='grc' dir='ltr'>αὐτὸς</span> <span class='ocrx_word' id='word_1_751' title='bbox 3100 4318 3312 4396; x_wconf 83' lang='grc' dir='ltr'>σεαυτῷ</span> <span class='ocrx_word' id='word_1_752' title='bbox 3355 4317 3534 4397; x_wconf 84' lang='grc' dir='ltr'>ἀρκεῖς</span> <span class='ocrx_word' id='word_1_753' title='bbox 3573 4317 3646 4384; x_wconf 75' lang='grc' dir='ltr'>εἰς</span> <span class='ocrx_word' id='word_1_754' title='bbox 3682 4318 3743 4377; x_wconf 83' lang='grc' dir='ltr'>τὸ</span> 
     </span>
    </p>
   </div>
   <div class='ocr_carea' id='block_1_101' title="bbox 2145 4399 3742 4488">
    <p class='ocr_par' dir='ltr' id='par_1_101' title="bbox 2145 4399 3742 4488">
     <span class='ocr_line' id='line_1_101' title="bbox 2145 4399 3742 4488; baseline -0.001 -21"><span class='ocrx_word' id='word_1_755' title='bbox 2145 4399 2278 4467; x_wconf 76' lang='grc' dir='ltr'>εἶναι</span> <span class='ocrx_word' id='word_1_756' title='bbox 2324 4399 2629 4488; x_wconf 80' lang='grc' dir='ltr'>μακάριος,</span> <span class='ocrx_word' id='word_1_757' title='bbox 2681 4407 2770 4468; x_wconf 85' lang='grc' dir='ltr'><strong>ἐὰν</strong></span> <span class='ocrx_word' id='word_1_758' title='bbox 2823 4408 2897 4484; x_wconf 89' lang='grc' dir='ltr'><strong>μὴ</strong></span> <span class='ocrx_word' id='word_1_759' title='bbox 2932 4406 3154 4467; x_wconf 84' lang='grc' dir='ltr'>σεαυτὸν</span> <span class='ocrx_word' id='word_1_760' title='bbox 3199 4405 3562 4486; x_wconf 84' lang='grc' dir='ltr'>κατακρίνῃς,</span> <span class='ocrx_word' id='word_1_761' title='bbox 3605 4406 3742 4488; x_wconf 83' lang='grc' dir='ltr'>μηδὲ</span> 
     </span>
    </p>
   </div>
   <div class='ocr_carea' id='block_1_102' title="bbox 2143 4486 3741 4578">
    <p class='ocr_par' dir='ltr' id='par_1_102' title="bbox 2143 4486 3741 4578">
     <span class='ocr_line' id='line_1_102' title="bbox 2143 4486 3741 4578; baseline -0.002 -21"><span class='ocrx_word' id='word_1_762' title='bbox 2143 4497 2204 4557; x_wconf 82' lang='grc' dir='ltr'>τὸ</span> <span class='ocrx_word' id='word_1_763' title='bbox 2250 4497 2482 4566; x_wconf 84' lang='grc' dir='ltr'>συνειδός</span> <span class='ocrx_word' id='word_1_764' title='bbox 2533 4521 2627 4558; x_wconf 92' lang='grc' dir='ltr'><strong>σου</strong></span> <span class='ocrx_word' id='word_1_765' title='bbox 2677 4496 3056 4577; x_wconf 83' lang='grc' dir='ltr'>καταγινώσκῃ</span> <span class='ocrx_word' id='word_1_766' title='bbox 3105 4519 3201 4559; x_wconf 88' lang='grc' dir='ltr'><strong>σου</strong></span> <span class='ocrx_word' id='word_1_767' title='bbox 3255 4498 3308 4555; x_wconf 78' lang='grc' dir='ltr'><strong>ἐν</strong></span> <span class='ocrx_word' id='word_1_768' title='bbox 3363 4498 3645 4578; x_wconf 83' lang='grc' dir='ltr'>πράγματι</span> <span class='ocrx_word' id='word_1_769' title='bbox 3695 4486 3741 4576; x_wconf 73' lang='grc' dir='ltr'>ᾧ</span> 
     </span>
    </p>
   </div>
   <div class='ocr_carea' id='block_1_103' title="bbox 2143 4584 3741 4666">
    <p class='ocr_par' dir='ltr' id='par_1_103' title="bbox 2143 4584 3741 4666">
     <span class='ocr_line' id='line_1_103' title="bbox 2143 4584 3741 4666; baseline -0.001 -20"><span class='ocrx_word' id='word_1_770' title='bbox 2143 4588 2499 4665; x_wconf 79' lang='grc' dir='ltr'>ἐδοκίμασας,</span> <span class='ocrx_word' id='word_1_771' title='bbox 2545 4589 2664 4661; x_wconf 82' lang='grc' dir='ltr'>ἤτοι</span> <span class='ocrx_word' id='word_1_772' title='bbox 2711 4587 2948 4657; x_wconf 80' lang='grc' dir='ltr'>ἐξελέξω.</span> <span class='ocrx_word' id='word_1_773' title='bbox 2980 4590 3171 4648; x_wconf 89' lang='grc' dir='ltr'>Ταῦτα</span> <span class='ocrx_word' id='word_1_774' title='bbox 3223 4584 3277 4646; x_wconf 75' lang='grc' dir='ltr'>δὲ</span> <span class='ocrx_word' id='word_1_775' title='bbox 3325 4588 3432 4648; x_wconf 85' lang='grc' dir='ltr'>νόει</span> <span class='ocrx_word' id='word_1_776' title='bbox 3481 4587 3604 4666; x_wconf 73' lang='grc' dir='ltr'>περὶ</span> <span class='ocrx_word' id='word_1_777' title='bbox 3647 4590 3741 4659; x_wconf 78' lang='grc' dir='ltr'><strong>τῆς</strong></span> 
     </span>
    </p>
   </div>
   <div class='ocr_carea' id='block_1_104' title="bbox 2143 4676 3738 4757">
    <p class='ocr_par' dir='ltr' id='par_1_104' title="bbox 2143 4676 3738 4757">
     <span class='ocr_line' id='line_1_104' title="bbox 2143 4676 3738 4757; baseline 0.001 -23"><span class='ocrx_word' id='word_1_778' title='bbox 2143 4678 2494 4756; x_wconf 80' lang='grc' dir='ltr'>προκειμένης</span> <span class='ocrx_word' id='word_1_779' title='bbox 2541 4677 2836 4746; x_wconf 74' lang='grc' dir='ltr'>ὑποθέσεως</span> <span class='ocrx_word' id='word_1_780' title='bbox 2884 4677 3080 4754; x_wconf 90' lang='grc' dir='ltr'>μόνης,</span> <span class='ocrx_word' id='word_1_781' title='bbox 3128 4681 3222 4750; x_wconf 81' lang='grc' dir='ltr'><strong>τῆς</strong></span> <span class='ocrx_word' id='word_1_782' title='bbox 3265 4679 3370 4734; x_wconf 81' lang='grc' dir='ltr'><strong>τῶν</strong></span> <span class='ocrx_word' id='word_1_783' title='bbox 3420 4676 3738 4757; x_wconf 84' lang='grc' dir='ltr'>βρωμάτων.</span> 
     </span>
    </p>
   </div>
   <div class='ocr_carea' id='block_1_105' title="bbox 2230 4765 3734 4848">
    <p class='ocr_par' dir='ltr' id='par_1_105' title="bbox 2230 4765 3734 4848">
     <span class='ocr_line' id='line_1_105' title="bbox 2230 4765 3734 4848; baseline -0.002 -22"><span class='ocrx_word' id='word_1_784' title='bbox 2230 4789 2260 4826; x_wconf 79' lang='grc' dir='ltr'><strong>α</strong></span> <span class='ocrx_word' id='word_1_785' title='bbox 2286 4766 2357 4828; x_wconf 67' lang='lat' dir='ltr'><strong>c0</strong></span> <span class='ocrx_word' id='word_1_786' title='bbox 2396 4766 2453 4826; x_wconf 84' lang='grc' dir='ltr'>δὲ</span> <span class='ocrx_word' id='word_1_787' title='bbox 2484 4767 2910 4846; x_wconf 79' lang='grc' dir='ltr'>διακρινόμενος,</span> <span class='ocrx_word' id='word_1_788' title='bbox 2957 4766 3048 4826; x_wconf 81' lang='grc' dir='ltr'><strong>ἐὰν</strong></span> <span class='ocrx_word' id='word_1_789' title='bbox 3097 4767 3266 4848; x_wconf 86' lang='grc' dir='ltr'>φάγῃ,</span> <span class='ocrx_word' id='word_1_790' title='bbox 3312 4765 3734 4846; x_wconf 82' lang='grc' dir='ltr'>κατακέκριται,</span> 
     </span>
    </p>
   </div>
   <div class='ocr_carea' id='block_1_106' title="bbox 2141 4853 3738 4935">
    <p class='ocr_par' dir='ltr' id='par_1_106' title="bbox 2141 4853 3738 4935">
     <span class='ocr_line' id='line_1_106' title="bbox 2141 4853 3738 4935; baseline 0.001 -23"><span class='ocrx_word' id='word_1_791' title='bbox 2141 4853 2223 4914; x_wconf 79' lang='grc' dir='ltr'><strong>ὅτι</strong></span> <span class='ocrx_word' id='word_1_792' title='bbox 2252 4859 2348 4916; x_wconf 82' lang='grc' dir='ltr'><strong>οὐκ</strong></span> <span class='ocrx_word' id='word_1_793' title='bbox 2391 4859 2452 4915; x_wconf 89' lang='grc' dir='ltr'><strong>ἐκ</strong></span> <span class='ocrx_word' id='word_1_794' title='bbox 2499 4857 2751 4924; x_wconf 90' lang='grc' dir='ltr'>πίστεως.</span> <span class='ocrx_word' id='word_1_795' title='bbox 2795 4883 2820 4909; x_wconf 70' lang='grc' dir='ltr'><strong><em>ι</em></strong></span> <span class='ocrx_word' id='word_1_796' title='bbox 2873 4855 2942 4917; x_wconf 86' lang='grc' dir='ltr'>Ὁ</span> <span class='ocrx_word' id='word_1_797' title='bbox 2995 4858 3051 4914; x_wconf 87' lang='grc' dir='ltr'>δὲ</span> <span class='ocrx_word' id='word_1_798' title='bbox 3099 4856 3390 4928; x_wconf 83' lang='grc' dir='ltr'>διστάζων,</span> <span class='ocrx_word' id='word_1_799' title='bbox 3435 4855 3598 4935; x_wconf 77' lang='grc' dir='ltr'>φησὶ,</span> <span class='ocrx_word' id='word_1_800' title='bbox 3645 4855 3738 4916; x_wconf 78' lang='grc' dir='ltr'><strong>καὶ</strong></span> 
     </span>
    </p>
   </div>
   <div class='ocr_carea' id='block_1_107' title="bbox 2142 4942 3735 5026">
    <p class='ocr_par' dir='ltr' id='par_1_107' title="bbox 2142 4942 3735 5026">
     <span class='ocr_line' id='line_1_107' title="bbox 2142 4942 3735 5026; baseline 0 -22"><span class='ocrx_word' id='word_1_801' title='bbox 2142 4942 2218 5020; x_wconf 85' lang='grc' dir='ltr'><strong>μὴ</strong></span> <span class='ocrx_word' id='word_1_802' title='bbox 2252 4945 2578 5012; x_wconf 88' lang='grc' dir='ltr'>πεποιθότως</span> <span class='ocrx_word' id='word_1_803' title='bbox 2618 4945 2839 5015; x_wconf 79' lang='grc' dir='ltr'>ἐσθίων,</span> <span class='ocrx_word' id='word_1_804' title='bbox 2892 4945 3293 5024; x_wconf 87' lang='grc' dir='ltr'>κατακέκριται.</span> <span class='ocrx_word' id='word_1_805' title='bbox 3343 4943 3447 5006; x_wconf 82' lang='grc' dir='ltr'>Διὰ</span> <span class='ocrx_word' id='word_1_806' title='bbox 3487 4945 3576 5019; x_wconf 83' lang='grc' dir='ltr'>τί;</span> <span class='ocrx_word' id='word_1_807' title='bbox 3608 4948 3735 5026; x_wconf 77' lang='grc' dir='ltr'><strong>Οὐχ</strong></span> 
     </span>
    </p>
   </div>
   <div class='ocr_carea' id='block_1_108' title="bbox 2138 5026 3732 5114">
    <p class='ocr_par' dir='ltr' id='par_1_108' title="bbox 2138 5026 3732 5114">
     <span class='ocr_line' id='line_1_108' title="bbox 2138 5026 3732 5114; baseline 0.003 -24"><span class='ocrx_word' id='word_1_808' title='bbox 2138 5033 2220 5090; x_wconf 79' lang='grc' dir='ltr'>ὅτι</span> <span class='ocrx_word' id='word_1_809' title='bbox 2251 5034 2547 5114; x_wconf 82' lang='grc' dir='ltr'>ἀκάθαρτον</span> <span class='ocrx_word' id='word_1_810' title='bbox 2581 5026 2642 5106; x_wconf 76' lang='grc' dir='ltr'><strong>ἧν</strong></span> <span class='ocrx_word' id='word_1_811' title='bbox 2667 5033 2728 5093; x_wconf 83' lang='grc' dir='ltr'>τὸ</span> <span class='ocrx_word' id='word_1_812' title='bbox 2761 5037 2953 5114; x_wconf 82' lang='grc' dir='ltr'>βρῶμα</span> <span class='ocrx_word' id='word_1_813' title='bbox 2972 5081 2988 5107; x_wconf 84' lang='grc'><strong>,</strong></span> <span class='ocrx_word' id='word_1_814' title='bbox 3013 5033 3131 5092; x_wconf 82' lang='grc' dir='ltr'>ἀλλ’</span> <span class='ocrx_word' id='word_1_815' title='bbox 3155 5034 3239 5095; x_wconf 74' lang='grc' dir='ltr'><strong>ὅτι</strong></span> <span class='ocrx_word' id='word_1_816' title='bbox 3265 5037 3362 5094; x_wconf 82' lang='grc' dir='ltr'>οὐκ</span> <span class='ocrx_word' id='word_1_817' title='bbox 3384 5034 3696 5095; x_wconf 86' lang='grc' dir='ltr'>ἐπίστευσεν</span> <span class='ocrx_word' id='word_1_818' title='bbox 3715 5079 3732 5107; x_wconf 92' lang='grc'><strong>,</strong></span> 
     </span>
    </p>
   </div>
   <div class='ocr_carea' id='block_1_109' title="bbox 2137 5122 3734 5206">
    <p class='ocr_par' dir='ltr' id='par_1_109' title="bbox 2137 5122 3734 5206">
     <span class='ocr_line' id='line_1_109' title="bbox 2137 5122 3734 5206; baseline 0.002 -25"><span class='ocrx_word' id='word_1_819' title='bbox 2137 5123 2219 5181; x_wconf 77' lang='grc' dir='ltr'>ὅτι</span> <span class='ocrx_word' id='word_1_820' title='bbox 2266 5122 2495 5204; x_wconf 89' lang='grc' dir='ltr'>καθαρόν</span> <span class='ocrx_word' id='word_1_821' title='bbox 2545 5125 2724 5197; x_wconf 87' lang='grc' dir='ltr'>ἐστιν,</span> <span class='ocrx_word' id='word_1_822' title='bbox 2774 5125 2895 5182; x_wconf 84' lang='grc' dir='ltr'>ἀλλ’</span> <span class='ocrx_word' id='word_1_823' title='bbox 2937 5123 3116 5205; x_wconf 80' lang='grc' dir='ltr'>ἥψατο</span> <span class='ocrx_word' id='word_1_824' title='bbox 3162 5129 3255 5184; x_wconf 86' lang='grc' dir='ltr'><strong>τοῦ</strong></span> <span class='ocrx_word' id='word_1_825' title='bbox 3296 5124 3616 5206; x_wconf 85' lang='grc' dir='ltr'>βρώματος,</span> <span class='ocrx_word' id='word_1_826' title='bbox 3661 5128 3734 5192; x_wconf 80' lang='grc' dir='ltr'>ὣς</span> 
     </span>
    </p>
   </div>
   <div class='ocr_carea' id='block_1_110' title="bbox 2139 5211 2634 5290">
    <p class='ocr_par' dir='ltr' id='par_1_110' title="bbox 2139 5211 2634 5290">
     <span class='ocr_line' id='line_1_110' title="bbox 2139 5211 2634 5290; baseline 0.004 -21"><span class='ocrx_word' id='word_1_827' title='bbox 2139 5211 2459 5290; x_wconf 81' lang='grc' dir='ltr'>ἀκαθάρτου.</span> <span class='ocrx_word' id='word_1_828' title='bbox 2629 5221 2634 5225; x_wconf 53' lang='grc'><em>⁴</em></span> 
     </span>
    </p>
   </div>
   <div class='ocr_carea' id='block_1_111' title="bbox 2219 5299 3730 5382">
    <p class='ocr_par' dir='ltr' id='par_1_111' title="bbox 2219 5299 3730 5382">
     <span class='ocr_line' id='line_1_111' title="bbox 2219 5299 3730 5382; baseline 0.001 -21"><span class='ocrx_word' id='word_1_829' title='bbox 2219 5327 2242 5352; x_wconf 72' lang='grc' dir='ltr'>κ</span> <span class='ocrx_word' id='word_1_830' title='bbox 2273 5304 2391 5361; x_wconf 83' lang='grc' dir='ltr'><strong>Πᾶν</strong></span> <span class='ocrx_word' id='word_1_831' title='bbox 2423 5299 2479 5360; x_wconf 82' lang='grc' dir='ltr'>δὲ</span> <span class='ocrx_word' id='word_1_832' title='bbox 2505 5299 2533 5360; x_wconf 85' lang='grc' dir='ltr'>ὃ</span> <span class='ocrx_word' id='word_1_833' title='bbox 2555 5303 2651 5361; x_wconf 84' lang='grc' dir='ltr'>οὐκ</span> <span class='ocrx_word' id='word_1_834' title='bbox 2678 5303 2738 5361; x_wconf 87' lang='grc' dir='ltr'><strong>ἐκ</strong></span> <span class='ocrx_word' id='word_1_835' title='bbox 2762 5301 3016 5376; x_wconf 86' lang='grc' dir='ltr'>πίστεως,</span> <span class='ocrx_word' id='word_1_836' title='bbox 3045 5303 3285 5382; x_wconf 79' lang='grc' dir='ltr'>ἁμαρτία</span> <span class='ocrx_word' id='word_1_837' title='bbox 3316 5304 3479 5366; x_wconf 80' lang='grc' dir='ltr'>ἐστίν.</span> <span class='ocrx_word' id='word_1_838' title='bbox 3511 5331 3534 5357; x_wconf 76' lang='grc' dir='ltr'><strong>ιι</strong></span> <span class='ocrx_word' id='word_1_839' title='bbox 3554 5303 3730 5366; x_wconf 87' lang='grc' dir='ltr'>Ὅταν</span> 
     </span>
    </p>
   </div>
   <div class='ocr_carea' id='block_1_112' title="bbox 2135 5390 3730 5476">
    <p class='ocr_par' dir='ltr' id='par_1_112' title="bbox 2135 5390 3730 5476">
     <span class='ocr_line' id='line_1_112' title="bbox 2135 5390 3730 5476; baseline 0.004 -26"><span class='ocrx_word' id='word_1_840' title='bbox 2135 5390 2344 5470; x_wconf 80' lang='grc' dir='ltr'>γὰρμὴ</span> <span class='ocrx_word' id='word_1_841' title='bbox 2393 5391 2672 5472; x_wconf 71' lang='grc' dir='ltr'>θαρρήσῃ,</span> <span class='ocrx_word' id='word_1_842' title='bbox 2719 5391 2853 5469; x_wconf 81' lang='grc' dir='ltr'>μηδὲ</span> <span class='ocrx_word' id='word_1_843' title='bbox 2901 5395 3159 5475; x_wconf 82' lang='grc' dir='ltr'>πιστεύσῃ</span> <span class='ocrx_word' id='word_1_844' title='bbox 3208 5393 3290 5454; x_wconf 76' lang='grc' dir='ltr'>ὅτι</span> <span class='ocrx_word' id='word_1_845' title='bbox 3331 5395 3563 5476; x_wconf 87' lang='grc' dir='ltr'>καθαρόν</span> <span class='ocrx_word' id='word_1_846' title='bbox 3617 5397 3730 5457; x_wconf 79' lang='grc' dir='ltr'>ἐστι</span> 
     </span>
    </p>
   </div>
   <div class='ocr_carea' id='block_1_113' title="bbox 2136 5481 3727 5568">
    <p class='ocr_par' dir='ltr' id='par_1_113' title="bbox 2136 5481 3727 5568">
     <span class='ocr_line' id='line_1_113' title="bbox 2136 5481 3727 5568; baseline 0.004 -28"><span class='ocrx_word' id='word_1_847' title='bbox 2136 5484 2358 5560; x_wconf 83' lang='grc' dir='ltr'>βρῶμα,</span> <span class='ocrx_word' id='word_1_848' title='bbox 2387 5483 2524 5542; x_wconf 82' lang='grc' dir='ltr'>ἀλλὰ</span> <span class='ocrx_word' id='word_1_849' title='bbox 2553 5481 2812 5561; x_wconf 83' lang='grc' dir='ltr'>γεύσηται</span> <span class='ocrx_word' id='word_1_850' title='bbox 2840 5484 3000 5546; x_wconf 80' lang='grc' dir='ltr'>αὐτοῦ</span> <span class='ocrx_word' id='word_1_851' title='bbox 3041 5485 3178 5565; x_wconf 84' lang='grc' dir='ltr'>μετὰ</span> <span class='ocrx_word' id='word_1_852' title='bbox 3218 5491 3454 5568; x_wconf 85' lang='grc' dir='ltr'>πονηροῦ</span> <span class='ocrx_word' id='word_1_853' title='bbox 3487 5487 3727 5546; x_wconf 82' lang='grc' dir='ltr'>συνειδό-</span> 
     </span>
    </p>
   </div>
   <div class='ocr_carea' id='block_1_114' title="bbox 2133 5569 2786 5654">
    <p class='ocr_par' dir='ltr' id='par_1_114' title="bbox 2133 5569 2786 5654">
     <span class='ocr_line' id='line_1_114' title="bbox 2133 5569 2786 5654; baseline 0.009 -26"><span class='ocrx_word' id='word_1_854' title='bbox 2133 5592 2218 5654; x_wconf 85' lang='grc' dir='ltr'><strong>τος</strong></span> <span class='ocrx_word' id='word_1_855' title='bbox 2235 5616 2252 5647; x_wconf 83' lang='grc'><strong>,</strong></span> <span class='ocrx_word' id='word_1_856' title='bbox 2282 5570 2495 5640; x_wconf 87' lang='grc' dir='ltr'>πάντως</span> <span class='ocrx_word' id='word_1_857' title='bbox 2525 5569 2786 5654; x_wconf 75' lang='grc' dir='ltr'>ἥμαρτεν.</span> 
     </span>
    </p>
   </div>
   <div class='ocr_carea' id='block_1_115' title="bbox 1816 5649 2360 5711">
    <p class='ocr_par' dir='ltr' id='par_1_115' title="bbox 1816 5649 2360 5711">
     <span class='ocr_line' id='line_1_115' title="bbox 1816 5649 2360 5711; baseline 0.013 -7"><span class='ocrx_word' id='word_1_858' title='bbox 1816 5651 2015 5706; x_wconf 86' lang='lat' dir='ltr'><strong>Variae</strong></span> <span class='ocrx_word' id='word_1_859' title='bbox 2057 5649 2360 5711; x_wconf 84' lang='lat' dir='ltr'><strong>lectiones.</strong></span> 
     </span>
    </p>
   </div>
   <div class='ocr_carea' id='block_1_116' title="bbox 493 5721 2914 5808">
    <p class='ocr_par' dir='ltr' id='par_1_116' title="bbox 493 5721 2914 5808">
     <span class='ocr_line' id='line_1_116' title="bbox 493 5721 2914 5808; baseline 0.012 -37"><span class='ocrx_word' id='word_1_860' title='bbox 493 5721 536 5754; x_wconf 72' lang='grc'><strong>⁸⁷</strong></span> <span class='ocrx_word' id='word_1_861' title='bbox 579 5723 801 5795; x_wconf 82' lang='grc' dir='ltr'>καταλύῃ</span> <span class='ocrx_word' id='word_1_862' title='bbox 827 5742 880 5782; x_wconf 91' lang='grc' dir='ltr'><strong>ο.</strong></span> <span class='ocrx_word' id='word_1_863' title='bbox 956 5727 1003 5766; x_wconf 78' lang='grc'><strong>⁸⁸</strong></span> <span class='ocrx_word' id='word_1_864' title='bbox 1032 5728 1088 5782; x_wconf 77' lang='grc' dir='ltr'>τὸ</span> <span class='ocrx_word' id='word_1_865' title='bbox 1117 5728 1403 5802; x_wconf 77' lang='grc' dir='ltr'>οἰκοδομεῖν</span> <span class='ocrx_word' id='word_1_866' title='bbox 1437 5749 1510 5789; x_wconf 90' lang='lat' dir='ltr'><strong>m.</strong></span> <span class='ocrx_word' id='word_1_867' title='bbox 1588 5733 1633 5768; x_wconf 75' lang='lat'>&quot;</span> <span class='ocrx_word' id='word_1_868' title='bbox 1663 5736 1925 5808; x_wconf 85' lang='grc' dir='ltr'>βρώματος</span> <span class='ocrx_word' id='word_1_869' title='bbox 1951 5753 2028 5794; x_wconf 92' lang='lat' dir='ltr'><strong>m.</strong></span> <span class='ocrx_word' id='word_1_870' title='bbox 2102 5737 2150 5774; x_wconf 82' lang='grc'><strong>⁵⁰</strong></span> <span class='ocrx_word' id='word_1_871' title='bbox 2169 5739 2454 5798; x_wconf 71' lang='grc' dir='ltr'>ὑπεδείκνυε</span> <span class='ocrx_word' id='word_1_872' title='bbox 2482 5759 2538 5800; x_wconf 92' lang='lat'><strong>0.</strong></span> <span class='ocrx_word' id='word_1_873' title='bbox 2613 5743 2656 5779; x_wconf 82' lang='grc'>⁸¹</span> <span class='ocrx_word' id='word_1_874' title='bbox 2687 5742 2839 5800; x_wconf 79' lang='grc' dir='ltr'><strong>αὗτοῦ</strong></span> <span class='ocrx_word' id='word_1_875' title='bbox 2859 5759 2914 5802; x_wconf 91' lang='grc' dir='ltr'><strong>ο.</strong></span> 
     </span>
    </p>
   </div>
  </div>
