  <div class='ocr_page' id='page_1' title='image "/cluster/home/n/w/nwhite01/storage/ocr_20150623/124:no.2/coo.31924054870294/274.png"; bbox 0 0 4090 6418; ppageno 0'>
   <div class='ocr_carea' id='block_1_1' title="bbox 311 449 425 504">
    <p class='ocr_par' dir='ltr' id='par_1_1' title="bbox 311 449 425 504">
     <span class='ocr_line' id='line_1_1' title="bbox 311 449 425 504; baseline -0.009 0"><span class='ocrx_word' id='word_1_1' title='bbox 311 449 425 504; x_wconf 76' lang='lat'><strong>533</strong></span> 
     </span>
    </p>
   </div>
   <div class='ocr_carea' id='block_1_2' title="bbox 1243 446 2755 510">
    <p class='ocr_par' dir='ltr' id='par_1_2' title="bbox 1243 446 2755 510">
     <span class='ocr_line' id='line_1_2' title="bbox 1243 446 2755 510; baseline 0.005 -9"><span class='ocrx_word' id='word_1_2' title='bbox 1243 446 1602 503; x_wconf 83' lang='lat' dir='ltr'><strong>EXPOSITIO</strong></span> <span class='ocrx_word' id='word_1_3' title='bbox 1639 446 1706 503; x_wconf 88' lang='lat' dir='ltr'><strong>IN</strong></span> <span class='ocrx_word' id='word_1_4' title='bbox 1743 448 1954 505; x_wconf 88' lang='lat' dir='ltr'><strong>EPIST.</strong></span> <span class='ocrx_word' id='word_1_5' title='bbox 1994 450 2086 505; x_wconf 81' lang='lat' dir='ltr'><strong>AD</strong></span> <span class='ocrx_word' id='word_1_6' title='bbox 2127 452 2291 508; x_wconf 79' lang='lat' dir='ltr'><strong>ROM.</strong></span> <span class='ocrx_word' id='word_1_7' title='bbox 2332 483 2401 493; x_wconf 89' lang='lat'><strong><em>—</em></strong></span> <span class='ocrx_word' id='word_1_8' title='bbox 2442 454 2590 509; x_wconf 87' lang='lat' dir='ltr'><strong>CAP.</strong></span> <span class='ocrx_word' id='word_1_9' title='bbox 2633 455 2755 510; x_wconf 84' lang='lat' dir='ltr'><strong>XV.</strong></span> 
     </span>
    </p>
   </div>
   <div class='ocr_carea' id='block_1_3' title="bbox 3530 456 3639 510">
    <p class='ocr_par' dir='ltr' id='par_1_3' title="bbox 3530 456 3639 510">
     <span class='ocr_line' id='line_1_3' title="bbox 3530 456 3639 510; baseline -0.009 0"><span class='ocrx_word' id='word_1_10' title='bbox 3530 456 3639 510; x_wconf 80' lang='grc'><strong>534</strong></span> 
     </span>
    </p>
   </div>
   <div class='ocr_carea' id='block_1_4' title="bbox 411 570 1921 653">
    <p class='ocr_par' dir='ltr' id='par_1_4' title="bbox 411 570 1921 653">
     <span class='ocr_line' id='line_1_4' title="bbox 411 570 1921 653; baseline 0.005 -26"><span class='ocrx_word' id='word_1_11' title='bbox 411 600 437 625; x_wconf 80' lang='grc' dir='ltr'>ι</span> <span class='ocrx_word' id='word_1_12' title='bbox 475 573 570 652; x_wconf 82' lang='grc' dir='ltr'>Τῷ</span> <span class='ocrx_word' id='word_1_13' title='bbox 598 570 653 629; x_wconf 82' lang='grc' dir='ltr'>δὲ</span> <span class='ocrx_word' id='word_1_14' title='bbox 697 570 974 652; x_wconf 78' lang='grc' dir='ltr'>δυναμένῳ</span> <span class='ocrx_word' id='word_1_15' title='bbox 1007 573 1147 649; x_wconf 73' lang='grc' dir='ltr'>ὑμᾶς</span> <span class='ocrx_word' id='word_1_16' title='bbox 1177 572 1419 653; x_wconf 80' lang='grc' dir='ltr'><strong>στηρίξαι</strong></span> <span class='ocrx_word' id='word_1_17' title='bbox 1472 572 1611 633; x_wconf 79' lang='grc' dir='ltr'>κατὰ</span> <span class='ocrx_word' id='word_1_18' title='bbox 1653 573 1713 632; x_wconf 83' lang='grc' dir='ltr'><strong>τὸ</strong></span> <span class='ocrx_word' id='word_1_19' title='bbox 1748 576 1921 653; x_wconf 82' lang='grc' dir='ltr'>Εὔαγ-</span> 
     </span>
    </p>
   </div>
   <div class='ocr_carea' id='block_1_5' title="bbox 2024 570 3632 653">
    <p class='ocr_par' dir='ltr' id='par_1_5' title="bbox 2107 580 3632 652">
     <span class='ocr_line' id='line_1_5' title="bbox 2107 580 3632 652; baseline 0.001 -18"><span class='ocrx_word' id='word_1_20' title='bbox 2107 580 2284 636; x_wconf 71' lang='grc' dir='ltr'>νειιε.</span> <span class='ocrx_word' id='word_1_21' title='bbox 2311 584 2497 637; x_wconf 81' lang='lat'><strong>24-26.</strong></span> <span class='ocrx_word' id='word_1_22' title='bbox 2531 582 2660 650; x_wconf 66' lang='grc' dir='ltr'><strong>«ξΕὶ</strong></span> <span class='ocrx_word' id='word_1_23' title='bbox 2687 589 2871 636; x_wconf 89' lang='lat' dir='ltr'><strong>autem</strong></span> <span class='ocrx_word' id='word_1_24' title='bbox 2911 582 3007 652; x_wconf 88' lang='lat' dir='ltr'><strong>qui</strong></span> <span class='ocrx_word' id='word_1_25' title='bbox 3037 587 3214 652; x_wconf 83' lang='lat' dir='ltr'><strong>potest</strong></span> <span class='ocrx_word' id='word_1_26' title='bbox 3251 597 3348 637; x_wconf 87' lang='lat' dir='ltr'><strong>vos</strong></span> <span class='ocrx_word' id='word_1_27' title='bbox 3387 580 3632 638; x_wconf 89' lang='lat' dir='ltr'><strong>stabilire</strong></span> 
     </span>
    </p>
   </div>
   <div class='ocr_carea' id='block_1_6' title="bbox 312 660 1922 743">
    <p class='ocr_par' dir='ltr' id='par_1_6' title="bbox 312 660 1922 743">
     <span class='ocr_line' id='line_1_6' title="bbox 312 660 1922 743; baseline 0.001 -22"><span class='ocrx_word' id='word_1_28' title='bbox 312 661 501 739; x_wconf 82' lang='grc' dir='ltr'>γέλιόν</span> <span class='ocrx_word' id='word_1_29' title='bbox 535 684 671 736; x_wconf 83' lang='grc' dir='ltr'>μου,</span> <span class='ocrx_word' id='word_1_30' title='bbox 702 660 795 719; x_wconf 80' lang='grc' dir='ltr'><strong>καὶ</strong></span> <span class='ocrx_word' id='word_1_31' title='bbox 844 661 904 720; x_wconf 86' lang='grc' dir='ltr'>τὸ</span> <span class='ocrx_word' id='word_1_32' title='bbox 946 662 1196 742; x_wconf 85' lang='grc' dir='ltr'>κήρυγμα</span> <span class='ocrx_word' id='word_1_33' title='bbox 1241 662 1424 735; x_wconf 83' lang='grc' dir='ltr'>Ἰησοῦ</span> <span class='ocrx_word' id='word_1_34' title='bbox 1469 665 1732 743; x_wconf 76' lang='grc' dir='ltr'><strong>Χριστοῦ,</strong></span> <span class='ocrx_word' id='word_1_35' title='bbox 1782 664 1922 723; x_wconf 79' lang='grc' dir='ltr'>κατὰ</span> 
     </span>
    </p>
   </div>
   <div class='ocr_carea' id='block_1_7' title="bbox 316 750 1917 834">
    <p class='ocr_par' dir='ltr' id='par_1_7' title="bbox 316 750 1917 834">
     <span class='ocr_line' id='line_1_7' title="bbox 316 750 1917 834; baseline 0.001 -25"><span class='ocrx_word' id='word_1_36' title='bbox 316 751 665 833; x_wconf 75' lang='grc' dir='ltr'><strong>ἀποκάλυψιν</strong></span> <span class='ocrx_word' id='word_1_37' title='bbox 738 750 1033 830; x_wconf 80' lang='grc' dir='ltr'><strong>μυστηρίου</strong></span> <span class='ocrx_word' id='word_1_38' title='bbox 1083 752 1295 833; x_wconf 82' lang='grc' dir='ltr'><strong>χρόνοις</strong></span> <span class='ocrx_word' id='word_1_39' title='bbox 1347 752 1574 820; x_wconf 78' lang='grc' dir='ltr'>αἰωνίοις</span> <span class='ocrx_word' id='word_1_40' title='bbox 1624 755 1917 834; x_wconf 86' lang='grc' dir='ltr'>σεσιγημέ-</span> 
     </span>
    </p>
   </div>
   <div class='ocr_carea' id='block_1_8' title="bbox 312 838 1919 923">
    <p class='ocr_par' dir='ltr' id='par_1_8' title="bbox 312 838 1919 923">
     <span class='ocr_line' id='line_1_8' title="bbox 312 838 1919 923; baseline 0.001 -22"><span class='ocrx_word' id='word_1_41' title='bbox 312 864 446 914; x_wconf 78' lang='grc' dir='ltr'>νου,</span> <span class='ocrx_word' id='word_1_42' title='bbox 503 838 890 921; x_wconf 71' lang='grc' dir='ltr'><strong>φανερωθέντος</strong></span> <span class='ocrx_word' id='word_1_43' title='bbox 949 840 1007 900; x_wconf 82' lang='grc' dir='ltr'>δὲ</span> <span class='ocrx_word' id='word_1_44' title='bbox 1063 847 1153 900; x_wconf 90' lang='grc' dir='ltr'><strong>νῦν</strong></span> <span class='ocrx_word' id='word_1_45' title='bbox 1232 842 1319 902; x_wconf 87' lang='grc' dir='ltr'><strong>διά</strong></span> <span class='ocrx_word' id='word_1_46' title='bbox 1390 866 1449 902; x_wconf 87' lang='grc' dir='ltr'><strong>τε</strong></span> <span class='ocrx_word' id='word_1_47' title='bbox 1527 845 1757 923; x_wconf 87' lang='grc' dir='ltr'>Γραφῷν</span> <span class='ocrx_word' id='word_1_48' title='bbox 1828 842 1919 903; x_wconf 80' lang='grc' dir='ltr'><strong>καὶ</strong></span> 
     </span>
    </p>
   </div>
   <div class='ocr_carea' id='block_1_9' title="bbox 314 930 1923 1011">
    <p class='ocr_par' dir='ltr' id='par_1_9' title="bbox 314 930 1923 1011">
     <span class='ocr_line' id='line_1_9' title="bbox 314 930 1923 1011; baseline 0.002 -22"><span class='ocrx_word' id='word_1_49' title='bbox 314 934 611 1011; x_wconf 74' lang='grc' dir='ltr'>προφητῶν</span> <span class='ocrx_word' id='word_1_50' title='bbox 641 930 694 970; x_wconf 71' lang='grc'><strong>⁵³</strong></span> <span class='ocrx_word' id='word_1_51' title='bbox 714 977 730 997; x_wconf 83' lang='grc'><strong>,</strong></span> <span class='ocrx_word' id='word_1_52' title='bbox 766 933 885 990; x_wconf 86' lang='grc' dir='ltr'>κατ’</span> <span class='ocrx_word' id='word_1_53' title='bbox 932 930 1193 1011; x_wconf 77' lang='grc' dir='ltr'>ἐπιταγὴν</span> <span class='ocrx_word' id='word_1_54' title='bbox 1235 938 1326 992; x_wconf 87' lang='grc' dir='ltr'><strong>τοῦ</strong></span> <span class='ocrx_word' id='word_1_55' title='bbox 1370 932 1585 991; x_wconf 79' lang='grc' dir='ltr'>αἰωνίου</span> <span class='ocrx_word' id='word_1_56' title='bbox 1633 935 1807 1007; x_wconf 86' lang='grc' dir='ltr'>Θεοῦ,</span> <span class='ocrx_word' id='word_1_57' title='bbox 1850 936 1923 1000; x_wconf 85' lang='grc' dir='ltr'>εἷς</span> 
     </span>
    </p>
   </div>
   <div class='ocr_carea' id='block_1_10' title="bbox 317 1018 1921 1101">
    <p class='ocr_par' dir='ltr' id='par_1_10' title="bbox 317 1018 1921 1101">
     <span class='ocr_line' id='line_1_10' title="bbox 317 1018 1921 1101; baseline 0.001 -21"><span class='ocrx_word' id='word_1_58' title='bbox 317 1020 571 1091; x_wconf 73' lang='grc' dir='ltr'>ὑπακοὴν</span> <span class='ocrx_word' id='word_1_59' title='bbox 611 1018 864 1091; x_wconf 87' lang='grc' dir='ltr'>πίστεως,</span> <span class='ocrx_word' id='word_1_60' title='bbox 917 1022 990 1087; x_wconf 82' lang='grc' dir='ltr'>εἷς</span> <span class='ocrx_word' id='word_1_61' title='bbox 1040 1021 1217 1080; x_wconf 88' lang='grc' dir='ltr'>πάντα</span> <span class='ocrx_word' id='word_1_62' title='bbox 1245 1020 1312 1080; x_wconf 77' lang='grc' dir='ltr'><strong>τὰ</strong></span> <span class='ocrx_word' id='word_1_63' title='bbox 1358 1022 1481 1094; x_wconf 85' lang='grc' dir='ltr'>ἔθνη</span> <span class='ocrx_word' id='word_1_64' title='bbox 1520 1022 1921 1101; x_wconf 79' lang='grc' dir='ltr'>γνωρισθέντος,</span> 
     </span>
    </p>
   </div>
   <div class='ocr_carea' id='block_1_11' title="bbox 316 1102 1923 1193">
    <p class='ocr_par' dir='ltr' id='par_1_11' title="bbox 316 1102 1923 1193">
     <span class='ocr_line' id='line_1_11' title="bbox 316 1102 1923 1193; baseline 0.002 -25"><span class='ocrx_word' id='word_1_65' title='bbox 316 1110 477 1188; x_wconf 81' lang='grc' dir='ltr'>μόνῳ</span> <span class='ocrx_word' id='word_1_66' title='bbox 503 1113 651 1191; x_wconf 86' lang='grc' dir='ltr'>σοφῷ</span> <span class='ocrx_word' id='word_1_67' title='bbox 692 1111 851 1189; x_wconf 88' lang='grc' dir='ltr'>Θεῷ,</span> <span class='ocrx_word' id='word_1_68' title='bbox 887 1110 972 1167; x_wconf 84' lang='grc' dir='ltr'><strong>διὰ</strong></span> <span class='ocrx_word' id='word_1_69' title='bbox 1007 1108 1191 1183; x_wconf 81' lang='grc' dir='ltr'>Ἰησοῦ</span> <span class='ocrx_word' id='word_1_70' title='bbox 1249 1113 1515 1191; x_wconf 86' lang='grc' dir='ltr'>Χριστοῦ,</span> <span class='ocrx_word' id='word_1_71' title='bbox 1545 1102 1588 1193; x_wconf 77' lang='grc' dir='ltr'>ᾧ</span> <span class='ocrx_word' id='word_1_72' title='bbox 1618 1118 1652 1184; x_wconf 89' lang='grc' dir='ltr'><strong>ἡ</strong></span> <span class='ocrx_word' id='word_1_73' title='bbox 1689 1112 1813 1180; x_wconf 83' lang='grc' dir='ltr'>δόξα</span> <span class='ocrx_word' id='word_1_74' title='bbox 1849 1116 1923 1181; x_wconf 84' lang='grc' dir='ltr'><strong>εἰς</strong></span> 
     </span>
    </p>
   </div>
   <div class='ocr_carea' id='block_1_12' title="bbox 316 1198 1922 1280">
    <p class='ocr_par' dir='ltr' id='par_1_12' title="bbox 316 1198 1922 1280">
     <span class='ocr_line' id='line_1_12' title="bbox 316 1198 1922 1280; baseline 0.001 -21"><span class='ocrx_word' id='word_1_75' title='bbox 316 1198 445 1266; x_wconf 75' lang='grc' dir='ltr'>τοὺς</span> <span class='ocrx_word' id='word_1_76' title='bbox 476 1201 687 1267; x_wconf 81' lang='grc' dir='ltr'>αἰῶνας.</span> <span class='ocrx_word' id='word_1_77' title='bbox 724 1198 914 1277; x_wconf 78' lang='grc' dir='ltr'>Ἀμήν.</span> <span class='ocrx_word' id='word_1_78' title='bbox 946 1220 976 1257; x_wconf 77' lang='grc' dir='ltr'>ι)</span> <span class='ocrx_word' id='word_1_79' title='bbox 1034 1200 1191 1260; x_wconf 80' lang='grc' dir='ltr'>Μετὰ</span> <span class='ocrx_word' id='word_1_80' title='bbox 1235 1200 1332 1272; x_wconf 79' lang='grc' dir='ltr'><strong>τὴν</strong></span> <span class='ocrx_word' id='word_1_81' title='bbox 1389 1204 1703 1280; x_wconf 86' lang='grc' dir='ltr'>παραίνεσιν</span> <span class='ocrx_word' id='word_1_82' title='bbox 1743 1200 1922 1261; x_wconf 82' lang='grc' dir='ltr'>εἴωθεν</span> 
     </span>
    </p>
   </div>
   <div class='ocr_carea' id='block_1_13' title="bbox 320 1287 1924 1370">
    <p class='ocr_par' dir='ltr' id='par_1_13' title="bbox 320 1287 1924 1370">
     <span class='ocr_line' id='line_1_13' title="bbox 320 1287 1924 1370; baseline 0.003 -22"><span class='ocrx_word' id='word_1_83' title='bbox 320 1290 411 1349; x_wconf 80' lang='grc' dir='ltr'>ἀεὶ</span> <span class='ocrx_word' id='word_1_84' title='bbox 436 1287 687 1370; x_wconf 80' lang='grc' dir='ltr'>εὔχεσθαι</span> <span class='ocrx_word' id='word_1_85' title='bbox 713 1312 727 1327; x_wconf 88' lang='grc'><strong>·</strong></span> <span class='ocrx_word' id='word_1_86' title='bbox 762 1287 792 1348; x_wconf 84' lang='grc' dir='ltr'>ὃ</span> <span class='ocrx_word' id='word_1_87' title='bbox 820 1292 915 1348; x_wconf 83' lang='grc' dir='ltr'>καὶ</span> <span class='ocrx_word' id='word_1_88' title='bbox 961 1291 1185 1350; x_wconf 76' lang='grc' dir='ltr'>ἐνταῦθα</span> <span class='ocrx_word' id='word_1_89' title='bbox 1213 1294 1384 1364; x_wconf 86' lang='grc' dir='ltr'>ποιεῖ,</span> <span class='ocrx_word' id='word_1_90' title='bbox 1417 1290 1551 1370; x_wconf 78' lang='grc' dir='ltr'>ὑπὲρ</span> <span class='ocrx_word' id='word_1_91' title='bbox 1589 1294 1694 1349; x_wconf 86' lang='grc' dir='ltr'><strong>τῷν</strong></span> <span class='ocrx_word' id='word_1_92' title='bbox 1740 1293 1924 1353; x_wconf 86' lang='grc' dir='ltr'>ἀτελε-</span> 
     </span>
    </p>
   </div>
   <div class='ocr_carea' id='block_1_14' title="bbox 320 1379 1920 1461">
    <p class='ocr_par' dir='ltr' id='par_1_14' title="bbox 320 1379 1920 1461">
     <span class='ocr_line' id='line_1_14' title="bbox 320 1379 1920 1461; baseline 0.001 -22"><span class='ocrx_word' id='word_1_93' title='bbox 320 1380 531 1459; x_wconf 75' lang='grc' dir='ltr'>στέρων</span> <span class='ocrx_word' id='word_1_94' title='bbox 580 1379 865 1459; x_wconf 78' lang='grc' dir='ltr'>εὐχόμενος</span> <span class='ocrx_word' id='word_1_95' title='bbox 897 1398 912 1411; x_wconf 83' lang='grc'><strong>’</strong></span> <span class='ocrx_word' id='word_1_96' title='bbox 967 1380 1057 1438; x_wconf 79' lang='grc' dir='ltr'>καὶ</span> <span class='ocrx_word' id='word_1_97' title='bbox 1096 1380 1157 1439; x_wconf 82' lang='grc' dir='ltr'>οὐ</span> <span class='ocrx_word' id='word_1_98' title='bbox 1204 1381 1363 1458; x_wconf 90' lang='grc' dir='ltr'>μόνον</span> <span class='ocrx_word' id='word_1_99' title='bbox 1410 1380 1553 1461; x_wconf 83' lang='grc' dir='ltr'>λόγῳ</span> <span class='ocrx_word' id='word_1_100' title='bbox 1610 1381 1878 1440; x_wconf 84' lang='grc' dir='ltr'>παιδεύων</span> <span class='ocrx_word' id='word_1_101' title='bbox 1902 1430 1920 1457; x_wconf 82' lang='lat'><strong>,</strong></span> 
     </span>
    </p>
   </div>
   <div class='ocr_carea' id='block_1_15' title="bbox 323 1468 1924 1550">
    <p class='ocr_par' dir='ltr' id='par_1_15' title="bbox 323 1468 1924 1550">
     <span class='ocr_line' id='line_1_15' title="bbox 323 1468 1924 1550; baseline 0.002 -23"><span class='ocrx_word' id='word_1_102' title='bbox 323 1468 471 1528; x_wconf 75' lang='grc' dir='ltr'>ἀλλὰ</span> <span class='ocrx_word' id='word_1_103' title='bbox 500 1468 591 1528; x_wconf 75' lang='grc' dir='ltr'><strong>καὶ</strong></span> <span class='ocrx_word' id='word_1_104' title='bbox 620 1468 714 1542; x_wconf 82' lang='grc' dir='ltr'><strong>τὴν</strong></span> <span class='ocrx_word' id='word_1_105' title='bbox 745 1470 891 1549; x_wconf 84' lang='grc' dir='ltr'>παρὰ</span> <span class='ocrx_word' id='word_1_106' title='bbox 937 1470 1081 1530; x_wconf 87' lang='grc' dir='ltr'>Θεοῦ</span> <span class='ocrx_word' id='word_1_107' title='bbox 1109 1469 1426 1550; x_wconf 80' lang='grc' dir='ltr'>συμμαχίαν</span> <span class='ocrx_word' id='word_1_108' title='bbox 1468 1470 1717 1550; x_wconf 79' lang='grc' dir='ltr'>εἰσάγων.</span> <span class='ocrx_word' id='word_1_109' title='bbox 1753 1469 1823 1531; x_wconf 84' lang='grc' dir='ltr'><strong>Ἦ</strong></span> <span class='ocrx_word' id='word_1_110' title='bbox 1870 1472 1924 1531; x_wconf 83' lang='grc' dir='ltr'>δὲ</span> 
     </span>
    </p>
   </div>
   <div class='ocr_carea' id='block_1_16' title="bbox 325 1557 1924 1643">
    <p class='ocr_par' dir='ltr' id='par_1_16' title="bbox 325 1557 1924 1643">
     <span class='ocr_line' id='line_1_16' title="bbox 325 1557 1924 1643; baseline 0.003 -27"><span class='ocrx_word' id='word_1_111' title='bbox 325 1558 614 1617; x_wconf 71' lang='grc' dir='ltr'>ἀκολουθία</span> <span class='ocrx_word' id='word_1_112' title='bbox 640 1561 735 1630; x_wconf 86' lang='grc' dir='ltr'><strong>τῆς</strong></span> <span class='ocrx_word' id='word_1_113' title='bbox 756 1557 1081 1635; x_wconf 84' lang='grc' dir='ltr'>συντάξεως,</span> <span class='ocrx_word' id='word_1_114' title='bbox 1108 1559 1286 1618; x_wconf 80' lang='grc' dir='ltr'>τοιάδε</span> <span class='ocrx_word' id='word_1_115' title='bbox 1310 1580 1321 1592; x_wconf 87' lang='grc'><strong>·</strong></span> <span class='ocrx_word' id='word_1_116' title='bbox 1361 1582 1390 1618; x_wconf 82' lang='grc' dir='ltr'><strong>ιι</strong></span> <span class='ocrx_word' id='word_1_117' title='bbox 1421 1562 1518 1640; x_wconf 88' lang='grc' dir='ltr'>Τῷ</span> <span class='ocrx_word' id='word_1_118' title='bbox 1547 1560 1602 1619; x_wconf 85' lang='grc' dir='ltr'>δὲ</span> <span class='ocrx_word' id='word_1_119' title='bbox 1646 1561 1924 1643; x_wconf 81' lang='grc' dir='ltr'>δυναμένῳ</span> 
     </span>
    </p>
   </div>
   <div class='ocr_carea' id='block_1_17' title="bbox 324 1646 1926 1727">
    <p class='ocr_par' dir='ltr' id='par_1_17' title="bbox 324 1646 1926 1727">
     <span class='ocr_line' id='line_1_17' title="bbox 324 1646 1926 1727; baseline 0.002 -21"><span class='ocrx_word' id='word_1_120' title='bbox 324 1652 471 1725; x_wconf 75' lang='grc' dir='ltr'>ὑμᾶς</span> <span class='ocrx_word' id='word_1_121' title='bbox 510 1646 752 1727; x_wconf 85' lang='grc' dir='ltr'>στηρίξαι</span> <span class='ocrx_word' id='word_1_122' title='bbox 803 1647 890 1707; x_wconf 78' lang='grc' dir='ltr'><strong>διὰ</strong></span> <span class='ocrx_word' id='word_1_123' title='bbox 920 1646 1094 1721; x_wconf 86' lang='grc' dir='ltr'>Ἰησοῦ</span> <span class='ocrx_word' id='word_1_124' title='bbox 1149 1651 1416 1727; x_wconf 83' lang='grc' dir='ltr'>Χριστοῦ,</span> <span class='ocrx_word' id='word_1_125' title='bbox 1445 1652 1479 1721; x_wconf 85' lang='grc' dir='ltr'>ἡ</span> <span class='ocrx_word' id='word_1_126' title='bbox 1523 1647 1647 1718; x_wconf 81' lang='grc' dir='ltr'>δόξα</span> <span class='ocrx_word' id='word_1_127' title='bbox 1690 1650 1763 1717; x_wconf 81' lang='grc' dir='ltr'><strong>εἰς</strong></span> <span class='ocrx_word' id='word_1_128' title='bbox 1809 1650 1926 1718; x_wconf 81' lang='grc' dir='ltr'>τοὺς</span> 
     </span>
    </p>
   </div>
   <div class='ocr_carea' id='block_1_18' title="bbox 326 1729 1927 1820">
    <p class='ocr_par' dir='ltr' id='par_1_18' title="bbox 326 1729 1927 1820">
     <span class='ocr_line' id='line_1_18' title="bbox 326 1729 1927 1820; baseline 0.002 -25"><span class='ocrx_word' id='word_1_129' title='bbox 326 1739 550 1805; x_wconf 77' lang='grc' dir='ltr'>αἰῶνας.</span> <span class='ocrx_word' id='word_1_130' title='bbox 581 1735 771 1814; x_wconf 78' lang='grc' dir='ltr'>Ἀμήν.</span> <span class='ocrx_word' id='word_1_131' title='bbox 810 1760 837 1794; x_wconf 70' lang='grc' dir='ltr'><strong>ι</strong></span> <span class='ocrx_word' id='word_1_132' title='bbox 871 1736 950 1798; x_wconf 83' lang='grc' dir='ltr'>Τὸ</span> <span class='ocrx_word' id='word_1_133' title='bbox 991 1736 1123 1818; x_wconf 80' lang='grc' dir='ltr'>γὰρ,</span> <span class='ocrx_word' id='word_1_134' title='bbox 1169 1729 1242 1817; x_wconf 76' lang='grc' dir='ltr'><strong>ᾧ,</strong></span> <span class='ocrx_word' id='word_1_135' title='bbox 1286 1738 1509 1819; x_wconf 81' lang='grc' dir='ltr'>ἄρθρον,</span> <span class='ocrx_word' id='word_1_136' title='bbox 1561 1742 1621 1799; x_wconf 83' lang='grc' dir='ltr'>ἐκ</span> <span class='ocrx_word' id='word_1_137' title='bbox 1668 1746 1927 1820; x_wconf 85' lang='grc' dir='ltr'>περισσοῦ</span> 
     </span>
    </p>
   </div>
   <div class='ocr_carea' id='block_1_19' title="bbox 324 1826 1926 1908">
    <p class='ocr_par' dir='ltr' id='par_1_19' title="bbox 324 1826 1926 1908">
     <span class='ocr_line' id='line_1_19' title="bbox 324 1826 1926 1908; baseline 0.002 -22"><span class='ocrx_word' id='word_1_138' title='bbox 324 1835 504 1886; x_wconf 85' lang='grc' dir='ltr'>κεῖται</span> <span class='ocrx_word' id='word_1_139' title='bbox 526 1872 543 1900; x_wconf 92' lang='grc'><strong>,</strong></span> <span class='ocrx_word' id='word_1_140' title='bbox 591 1828 677 1887; x_wconf 77' lang='grc' dir='ltr'><strong>διὰ</strong></span> <span class='ocrx_word' id='word_1_141' title='bbox 721 1827 781 1887; x_wconf 86' lang='grc' dir='ltr'>τὸ</span> <span class='ocrx_word' id='word_1_142' title='bbox 827 1829 1030 1887; x_wconf 85' lang='grc' dir='ltr'>δεῖσθαι</span> <span class='ocrx_word' id='word_1_143' title='bbox 1070 1828 1160 1887; x_wconf 84' lang='grc' dir='ltr'><strong>τὸν</strong></span> <span class='ocrx_word' id='word_1_144' title='bbox 1201 1826 1357 1908; x_wconf 90' lang='grc' dir='ltr'>λόγον</span> <span class='ocrx_word' id='word_1_145' title='bbox 1404 1827 1791 1908; x_wconf 82' lang='grc' dir='ltr'>ἐπαναλήψεως</span> <span class='ocrx_word' id='word_1_146' title='bbox 1819 1854 1926 1889; x_wconf 86' lang='grc' dir='ltr'>πα-</span> 
     </span>
    </p>
   </div>
   <div class='ocr_carea' id='block_1_20' title="bbox 2031 668 3629 742">
    <p class='ocr_par' dir='ltr' id='par_1_20' title="bbox 2031 668 3629 742">
     <span class='ocr_line' id='line_1_20' title="bbox 2031 668 3629 742; baseline 0 -17"><span class='ocrx_word' id='word_1_147' title='bbox 2031 668 2334 725; x_wconf 84' lang='lat' dir='ltr'><strong>secundum</strong></span> <span class='ocrx_word' id='word_1_148' title='bbox 2402 671 2755 742; x_wconf 86' lang='lat' dir='ltr'><strong>Evangelium</strong></span> <span class='ocrx_word' id='word_1_149' title='bbox 2825 686 3015 727; x_wconf 91' lang='lat' dir='ltr'><strong>meum</strong></span> <span class='ocrx_word' id='word_1_150' title='bbox 3068 678 3123 726; x_wconf 91' lang='lat' dir='ltr'><strong>et</strong></span> <span class='ocrx_word' id='word_1_151' title='bbox 3176 670 3629 742; x_wconf 65' lang='lat' dir='ltr'><strong>praedicationem</strong></span> 
     </span>
    </p>
   </div>
   <div class='ocr_carea' id='block_1_21' title="bbox 2029 758 3631 833">
    <p class='ocr_par' dir='ltr' id='par_1_21' title="bbox 2029 758 3631 833">
     <span class='ocr_line' id='line_1_21' title="bbox 2029 758 3631 833; baseline 0.001 -20"><span class='ocrx_word' id='word_1_152' title='bbox 2029 759 2161 813; x_wconf 86' lang='lat' dir='ltr'><strong>Jesu</strong></span> <span class='ocrx_word' id='word_1_153' title='bbox 2184 758 2411 827; x_wconf 79' lang='lat' dir='ltr'><strong>Christi,</strong></span> <span class='ocrx_word' id='word_1_154' title='bbox 2442 760 2594 833; x_wconf 83' lang='lat' dir='ltr'><strong>juxta</strong></span> <span class='ocrx_word' id='word_1_155' title='bbox 2636 761 3024 817; x_wconf 88' lang='lat' dir='ltr'><strong>revelationem</strong></span> <span class='ocrx_word' id='word_1_156' title='bbox 3054 760 3330 831; x_wconf 87' lang='lat' dir='ltr'><strong>mysterii,</strong></span> <span class='ocrx_word' id='word_1_157' title='bbox 3359 761 3631 832; x_wconf 81' lang='lat' dir='ltr'><strong>tempori-</strong></span> 
     </span>
    </p>
   </div>
   <div class='ocr_carea' id='block_1_22' title="bbox 2031 846 3625 920">
    <p class='ocr_par' dir='ltr' id='par_1_22' title="bbox 2031 846 3625 920">
     <span class='ocr_line' id='line_1_22' title="bbox 2031 846 3625 920; baseline 0.001 -17"><span class='ocrx_word' id='word_1_158' title='bbox 2031 846 2135 903; x_wconf 87' lang='lat' dir='ltr'><strong>bus</strong></span> <span class='ocrx_word' id='word_1_159' title='bbox 2166 849 2387 906; x_wconf 69' lang='lat' dir='ltr'><strong>aeternis</strong></span> <span class='ocrx_word' id='word_1_160' title='bbox 2420 850 2576 906; x_wconf 90' lang='lat' dir='ltr'><strong>taciti</strong></span> <span class='ocrx_word' id='word_1_161' title='bbox 2632 868 2644 906; x_wconf 95' lang='lat'>:</span> <span class='ocrx_word' id='word_1_162' title='bbox 2700 850 3036 907; x_wconf 86' lang='lat' dir='ltr'><strong>manifestati</strong></span> <span class='ocrx_word' id='word_1_163' title='bbox 3089 858 3277 906; x_wconf 90' lang='lat' dir='ltr'><strong>autem</strong></span> <span class='ocrx_word' id='word_1_164' title='bbox 3329 866 3479 905; x_wconf 87' lang='lat' dir='ltr'><strong>nunc</strong></span> <span class='ocrx_word' id='word_1_165' title='bbox 3530 867 3625 920; x_wconf 90' lang='lat' dir='ltr'><strong>per</strong></span> 
     </span>
    </p>
   </div>
   <div class='ocr_carea' id='block_1_23' title="bbox 2030 938 3627 1011">
    <p class='ocr_par' dir='ltr' id='par_1_23' title="bbox 2030 938 3627 1011">
     <span class='ocr_line' id='line_1_23' title="bbox 2030 938 3627 1011; baseline 0 -18"><span class='ocrx_word' id='word_1_166' title='bbox 2030 938 2343 1011; x_wconf 90' lang='lat' dir='ltr'><strong>Scripturas</strong></span> <span class='ocrx_word' id='word_1_167' title='bbox 2392 948 2448 996; x_wconf 90' lang='lat' dir='ltr'><strong>et</strong></span> <span class='ocrx_word' id='word_1_168' title='bbox 2499 940 2811 1011; x_wconf 89' lang='lat' dir='ltr'><strong>pr0phetas,</strong></span> <span class='ocrx_word' id='word_1_169' title='bbox 2854 940 3010 1011; x_wconf 84' lang='lat' dir='ltr'><strong>juxta</strong></span> <span class='ocrx_word' id='word_1_170' title='bbox 3060 938 3389 995; x_wconf 89' lang='lat' dir='ltr'><strong>mandatum</strong></span> <span class='ocrx_word' id='word_1_171' title='bbox 3433 939 3627 995; x_wconf 58' lang='grc' dir='ltr'>εἰει·Πί</span> 
     </span>
    </p>
   </div>
   <div class='ocr_carea' id='block_1_24' title="bbox 2030 1027 3630 1102">
    <p class='ocr_par' dir='ltr' id='par_1_24' title="bbox 2030 1027 3630 1102">
     <span class='ocr_line' id='line_1_24' title="bbox 2030 1027 3630 1102; baseline -0.001 -18"><span class='ocrx_word' id='word_1_172' title='bbox 2030 1028 2155 1095; x_wconf 93' lang='lat' dir='ltr'><strong>Dei,</strong></span> <span class='ocrx_word' id='word_1_173' title='bbox 2176 1028 2243 1085; x_wconf 90' lang='lat' dir='ltr'><strong>ad</strong></span> <span class='ocrx_word' id='word_1_174' title='bbox 2266 1028 2637 1086; x_wconf 84' lang='lat' dir='ltr'><strong>obedientiam</strong></span> <span class='ocrx_word' id='word_1_175' title='bbox 2658 1029 2782 1085; x_wconf 90' lang='lat' dir='ltr'><strong>ﬁdei</strong></span> <span class='ocrx_word' id='word_1_176' title='bbox 2814 1029 2870 1085; x_wconf 92' lang='lat' dir='ltr'><strong>in</strong></span> <span class='ocrx_word' id='word_1_177' title='bbox 2889 1045 3082 1085; x_wconf 88' lang='lat' dir='ltr'><strong>omnes</strong></span> <span class='ocrx_word' id='word_1_178' title='bbox 3112 1038 3302 1102; x_wconf 78' lang='lat' dir='ltr'><strong>gentes</strong></span> <span class='ocrx_word' id='word_1_179' title='bbox 3332 1027 3585 1100; x_wconf 80' lang='lat' dir='ltr'><strong>patefacti</strong></span> <span class='ocrx_word' id='word_1_180' title='bbox 3618 1046 3630 1083; x_wconf 93' lang='lat'>:</span> 
     </span>
    </p>
   </div>
   <div class='ocr_carea' id='block_1_25' title="bbox 2034 1118 3631 1192">
    <p class='ocr_par' dir='ltr' id='par_1_25' title="bbox 2034 1118 3631 1192">
     <span class='ocr_line' id='line_1_25' title="bbox 2034 1118 3631 1192; baseline 0 -20"><span class='ocrx_word' id='word_1_181' title='bbox 2034 1118 2138 1173; x_wconf 89' lang='lat' dir='ltr'><strong>soli</strong></span> <span class='ocrx_word' id='word_1_182' title='bbox 2164 1118 2391 1189; x_wconf 85' lang='lat' dir='ltr'><strong>sapienti</strong></span> <span class='ocrx_word' id='word_1_183' title='bbox 2422 1122 2539 1175; x_wconf 89' lang='lat' dir='ltr'><strong>Deo</strong></span> <span class='ocrx_word' id='word_1_184' title='bbox 2574 1135 2672 1191; x_wconf 91' lang='lat' dir='ltr'><strong>per</strong></span> <span class='ocrx_word' id='word_1_185' title='bbox 2698 1121 2888 1175; x_wconf 91' lang='lat' dir='ltr'><strong>Jesum</strong></span> <span class='ocrx_word' id='word_1_186' title='bbox 2918 1118 3223 1187; x_wconf 86' lang='lat' dir='ltr'><strong>Christum,</strong></span> <span class='ocrx_word' id='word_1_187' title='bbox 3252 1118 3340 1175; x_wconf 94' lang='lat' dir='ltr'><strong>cui</strong></span> <span class='ocrx_word' id='word_1_188' title='bbox 3370 1118 3541 1192; x_wconf 83' lang='lat' dir='ltr'><strong>gloria</strong></span> <span class='ocrx_word' id='word_1_189' title='bbox 3575 1119 3631 1172; x_wconf 89' lang='lat' dir='ltr'><strong>in</strong></span> 
     </span>
    </p>
   </div>
   <div class='ocr_carea' id='block_1_26' title="bbox 2032 1207 3633 1264">
    <p class='ocr_par' dir='ltr' id='par_1_26' title="bbox 2032 1207 3633 1264">
     <span class='ocr_line' id='line_1_26' title="bbox 2032 1207 3633 1264; baseline 0 -3"><span class='ocrx_word' id='word_1_190' title='bbox 2032 1207 2256 1263; x_wconf 61' lang='lat' dir='ltr'><strong>saecula.</strong></span> <span class='ocrx_word' id='word_1_191' title='bbox 2310 1210 2514 1264; x_wconf 80' lang='lat' dir='ltr'><strong>Amen.</strong></span> <span class='ocrx_word' id='word_1_192' title='bbox 2568 1228 2597 1261; x_wconf 86' lang='lat'><strong>»</strong></span> <span class='ocrx_word' id='word_1_193' title='bbox 2659 1211 2788 1264; x_wconf 89' lang='lat' dir='ltr'><strong>Post</strong></span> <span class='ocrx_word' id='word_1_194' title='bbox 2844 1207 3293 1264; x_wconf 86' lang='lat' dir='ltr'><strong>adhortationem</strong></span> <span class='ocrx_word' id='word_1_195' title='bbox 3346 1208 3633 1263; x_wconf 86' lang='lat' dir='ltr'><strong>consuevit</strong></span> 
     </span>
    </p>
   </div>
   <div class='ocr_carea' id='block_1_27' title="bbox 2033 1294 3630 1369">
    <p class='ocr_par' dir='ltr' id='par_1_27' title="bbox 2033 1294 3630 1369">
     <span class='ocr_line' id='line_1_27' title="bbox 2033 1294 3630 1369; baseline 0 -19"><span class='ocrx_word' id='word_1_196' title='bbox 2033 1310 2249 1368; x_wconf 86' lang='lat' dir='ltr'><strong>semper</strong></span> <span class='ocrx_word' id='word_1_197' title='bbox 2274 1304 2463 1353; x_wconf 86' lang='lat' dir='ltr'><strong>votum</strong></span> <span class='ocrx_word' id='word_1_198' title='bbox 2513 1305 2570 1352; x_wconf 91' lang='lat' dir='ltr'><strong>et</strong></span> <span class='ocrx_word' id='word_1_199' title='bbox 2596 1298 2967 1369; x_wconf 86' lang='lat' dir='ltr'><strong>precationem</strong></span> <span class='ocrx_word' id='word_1_200' title='bbox 2993 1294 3198 1352; x_wconf 85' lang='lat' dir='ltr'><strong>addere</strong></span> <span class='ocrx_word' id='word_1_201' title='bbox 3229 1314 3243 1351; x_wconf 90' lang='lat'>:</span> <span class='ocrx_word' id='word_1_202' title='bbox 3276 1298 3420 1367; x_wconf 91' lang='lat' dir='ltr'><strong>quod</strong></span> <span class='ocrx_word' id='word_1_203' title='bbox 3454 1304 3510 1351; x_wconf 91' lang='lat' dir='ltr'><strong>et</strong></span> <span class='ocrx_word' id='word_1_204' title='bbox 3539 1296 3630 1350; x_wconf 87' lang='lat' dir='ltr'><strong>hic</strong></span> 
     </span>
    </p>
   </div>
   <div class='ocr_carea' id='block_1_28' title="bbox 2033 1382 3631 1458">
    <p class='ocr_par' dir='ltr' id='par_1_28' title="bbox 2033 1382 3631 1458">
     <span class='ocr_line' id='line_1_28' title="bbox 2033 1382 3631 1458; baseline 0 -18"><span class='ocrx_word' id='word_1_205' title='bbox 2033 1382 2186 1452; x_wconf 88' lang='lat' dir='ltr'><strong>facit,</strong></span> <span class='ocrx_word' id='word_1_206' title='bbox 2215 1402 2314 1457; x_wconf 91' lang='lat' dir='ltr'><strong>pro</strong></span> <span class='ocrx_word' id='word_1_207' title='bbox 2342 1384 2840 1458; x_wconf 82' lang='lat' dir='ltr'><strong>imperfectioribus</strong></span> <span class='ocrx_word' id='word_1_208' title='bbox 2866 1386 3171 1458; x_wconf 87' lang='lat' dir='ltr'><strong>deprecans</strong></span> <span class='ocrx_word' id='word_1_209' title='bbox 3204 1403 3217 1441; x_wconf 92' lang='lat'><strong>:</strong></span> <span class='ocrx_word' id='word_1_210' title='bbox 3247 1401 3347 1441; x_wconf 92' lang='lat' dir='ltr'><strong>nec</strong></span> <span class='ocrx_word' id='word_1_211' title='bbox 3373 1401 3631 1441; x_wconf 89' lang='lat' dir='ltr'><strong>sermone</strong></span> 
     </span>
    </p>
   </div>
   <div class='ocr_carea' id='block_1_29' title="bbox 2034 1475 3632 1548">
    <p class='ocr_par' dir='ltr' id='par_1_29' title="bbox 2034 1475 3632 1548">
     <span class='ocr_line' id='line_1_29' title="bbox 2034 1475 3632 1548; baseline -0.001 -18"><span class='ocrx_word' id='word_1_212' title='bbox 2034 1483 2251 1532; x_wconf 90' lang='lat' dir='ltr'><strong>tantum</strong></span> <span class='ocrx_word' id='word_1_213' title='bbox 2279 1475 2554 1544; x_wconf 84' lang='lat' dir='ltr'><strong>erudiens,</strong></span> <span class='ocrx_word' id='word_1_214' title='bbox 2588 1476 2751 1548; x_wconf 80' lang='lat'><strong>105</strong></span> <span class='ocrx_word' id='word_1_215' title='bbox 2782 1492 2977 1533; x_wconf 87' lang='lat' dir='ltr'><strong>verum</strong></span> <span class='ocrx_word' id='word_1_216' title='bbox 3006 1476 3168 1532; x_wconf 90' lang='lat' dir='ltr'><strong>etiam</strong></span> <span class='ocrx_word' id='word_1_217' title='bbox 3199 1475 3453 1531; x_wconf 88' lang='lat' dir='ltr'><strong>divinum</strong></span> <span class='ocrx_word' id='word_1_218' title='bbox 3485 1476 3632 1530; x_wconf 83' lang='lat' dir='ltr'><strong>auxi-</strong></span> 
     </span>
    </p>
   </div>
   <div class='ocr_carea' id='block_1_30' title="bbox 2036 1564 3639 1623">
    <p class='ocr_par' dir='ltr' id='par_1_30' title="bbox 2036 1564 3639 1623">
     <span class='ocr_line' id='line_1_30' title="bbox 2036 1564 3639 1623; baseline 0 -5"><span class='ocrx_word' id='word_1_219' title='bbox 2036 1564 2169 1619; x_wconf 92' lang='lat' dir='ltr'><strong>lium</strong></span> <span class='ocrx_word' id='word_1_220' title='bbox 2197 1564 2494 1622; x_wconf 89' lang='lat' dir='ltr'><strong>adducens.</strong></span> <span class='ocrx_word' id='word_1_221' title='bbox 2525 1566 2967 1623; x_wconf 90' lang='lat' dir='ltr'><strong>Constructionis</strong></span> <span class='ocrx_word' id='word_1_222' title='bbox 2993 1573 3178 1621; x_wconf 91' lang='lat' dir='ltr'><strong>autem</strong></span> <span class='ocrx_word' id='word_1_223' title='bbox 3206 1564 3527 1621; x_wconf 86' lang='lat' dir='ltr'><strong>consecutio</strong></span> <span class='ocrx_word' id='word_1_224' title='bbox 3554 1573 3639 1620; x_wconf 91' lang='lat' dir='ltr'><strong>est</strong></span> 
     </span>
    </p>
   </div>
   <div class='ocr_carea' id='block_1_31' title="bbox 2036 1652 3629 1727">
    <p class='ocr_par' dir='ltr' id='par_1_31' title="bbox 2036 1652 3629 1727">
     <span class='ocr_line' id='line_1_31' title="bbox 2036 1652 3629 1727; baseline 0.002 -19"><span class='ocrx_word' id='word_1_225' title='bbox 2036 1652 2353 1724; x_wconf 76' lang='lat' dir='ltr'><strong>huiusmodi</strong></span> <span class='ocrx_word' id='word_1_226' title='bbox 2382 1674 2395 1710; x_wconf 89' lang='lat'><strong>:</strong></span> <span class='ocrx_word' id='word_1_227' title='bbox 2426 1658 2501 1711; x_wconf 90' lang='lat' dir='ltr'><strong>Et</strong></span> <span class='ocrx_word' id='word_1_228' title='bbox 2533 1656 2627 1727; x_wconf 89' lang='lat' dir='ltr'><strong>qui</strong></span> <span class='ocrx_word' id='word_1_229' title='bbox 2682 1664 2860 1726; x_wconf 85' lang='lat' dir='ltr'><strong>potest</strong></span> <span class='ocrx_word' id='word_1_230' title='bbox 2908 1670 3007 1710; x_wconf 84' lang='lat' dir='ltr'><strong>vos</strong></span> <span class='ocrx_word' id='word_1_231' title='bbox 3054 1654 3248 1711; x_wconf 87' lang='lat' dir='ltr'><strong>fulcire</strong></span> <span class='ocrx_word' id='word_1_232' title='bbox 3303 1670 3399 1726; x_wconf 92' lang='lat' dir='ltr'><strong>per</strong></span> <span class='ocrx_word' id='word_1_233' title='bbox 3434 1656 3629 1711; x_wconf 88' lang='lat' dir='ltr'><strong>Jesum</strong></span> 
     </span>
    </p>
   </div>
   <div class='ocr_carea' id='block_1_32' title="bbox 2033 1740 3631 1817">
    <p class='ocr_par' dir='ltr' id='par_1_32' title="bbox 2033 1740 3631 1817">
     <span class='ocr_line' id='line_1_32' title="bbox 2033 1740 3631 1817; baseline 0 -18"><span class='ocrx_word' id='word_1_234' title='bbox 2033 1743 2337 1810; x_wconf 85' lang='lat' dir='ltr'><strong>Christum,</strong></span> <span class='ocrx_word' id='word_1_235' title='bbox 2366 1745 2440 1800; x_wconf 86' lang='lat' dir='ltr'><strong>sit</strong></span> <span class='ocrx_word' id='word_1_236' title='bbox 2468 1745 2643 1817; x_wconf 84' lang='lat' dir='ltr'><strong>gloria</strong></span> <span class='ocrx_word' id='word_1_237' title='bbox 2672 1745 2726 1800; x_wconf 91' lang='lat' dir='ltr'><strong>in</strong></span> <span class='ocrx_word' id='word_1_238' title='bbox 2754 1746 2976 1801; x_wconf 68' lang='lat' dir='ltr'><strong>saecula.</strong></span> <span class='ocrx_word' id='word_1_239' title='bbox 3015 1746 3215 1800; x_wconf 82' lang='lat' dir='ltr'><strong>Amen.</strong></span> <span class='ocrx_word' id='word_1_240' title='bbox 3250 1746 3415 1811; x_wconf 85' lang='lat' dir='ltr'><strong>Nam,</strong></span> <span class='ocrx_word' id='word_1_241' title='bbox 3445 1740 3512 1817; x_wconf 80' lang='grc' dir='ltr'><strong>ᾧ,</strong></span> <span class='ocrx_word' id='word_1_242' title='bbox 3543 1760 3631 1799; x_wconf 89' lang='lat' dir='ltr'><strong>ar-</strong></span> 
     </span>
    </p>
   </div>
   <div class='ocr_carea' id='block_1_33' title="bbox 2036 1832 3627 1905">
    <p class='ocr_par' dir='ltr' id='par_1_33' title="bbox 2036 1832 3627 1905">
     <span class='ocr_line' id='line_1_33' title="bbox 2036 1832 3627 1905; baseline -0.001 -17"><span class='ocrx_word' id='word_1_243' title='bbox 2036 1832 2253 1902; x_wconf 83' lang='lat' dir='ltr'><strong>ticulus,</strong></span> <span class='ocrx_word' id='word_1_244' title='bbox 2281 1833 2335 1890; x_wconf 92' lang='lat' dir='ltr'><strong>id</strong></span> <span class='ocrx_word' id='word_1_245' title='bbox 2376 1843 2480 1902; x_wconf 90' lang='lat' dir='ltr'><strong>est,</strong></span> <span class='ocrx_word' id='word_1_246' title='bbox 2528 1838 2636 1903; x_wconf 77' lang='lat' dir='ltr'><strong>cui,</strong></span> <span class='ocrx_word' id='word_1_247' title='bbox 2687 1834 2978 1900; x_wconf 89' lang='lat' dir='ltr'><strong>redundat,</strong></span> <span class='ocrx_word' id='word_1_248' title='bbox 3032 1842 3353 1905; x_wconf 92' lang='lat' dir='ltr'><strong>assumptus</strong></span> <span class='ocrx_word' id='word_1_249' title='bbox 3400 1833 3627 1903; x_wconf 86' lang='lat' dir='ltr'><strong>scilicet,</strong></span> 
     </span>
    </p>
   </div>
   <div class='ocr_carea' id='block_1_34' title="bbox 326 1916 1921 1999">
    <p class='ocr_par' dir='ltr' id='par_1_34' title="bbox 326 1916 1921 1999">
     <span class='ocr_line' id='line_1_34' title="bbox 326 1916 1921 1999; baseline 0.003 -24"><span class='ocrx_word' id='word_1_250' title='bbox 326 1916 617 1997; x_wconf 76' lang='grc' dir='ltr'>ραληφθέν.</span> <span class='ocrx_word' id='word_1_251' title='bbox 674 1921 773 1998; x_wconf 87' lang='grc' dir='ltr'>Τῷ</span> <span class='ocrx_word' id='word_1_252' title='bbox 828 1918 1107 1999; x_wconf 82' lang='grc' dir='ltr'>δυναμένῳ</span> <span class='ocrx_word' id='word_1_253' title='bbox 1156 1924 1293 1993; x_wconf 79' lang='grc' dir='ltr'>ὑμᾶς</span> <span class='ocrx_word' id='word_1_254' title='bbox 1350 1917 1470 1987; x_wconf 81' lang='grc' dir='ltr'>τοὺς</span> <span class='ocrx_word' id='word_1_255' title='bbox 1519 1921 1723 1988; x_wconf 85' lang='grc' dir='ltr'>ἀτελεῖς</span> <span class='ocrx_word' id='word_1_256' title='bbox 1748 1965 1762 1991; x_wconf 89' lang='grc'><strong>,</strong></span> <span class='ocrx_word' id='word_1_257' title='bbox 1807 1919 1921 1989; x_wconf 78' lang='grc' dir='ltr'>τοὺς</span> 
     </span>
    </p>
   </div>
   <div class='ocr_carea' id='block_1_35' title="bbox 2024 1916 3629 1999">
    <p class='ocr_par' dir='ltr' id='par_1_35' title="bbox 2037 1923 3629 1996">
     <span class='ocr_line' id='line_1_35' title="bbox 2037 1923 3629 1996; baseline -0.001 -17"><span class='ocrx_word' id='word_1_258' title='bbox 2037 1939 2102 1979; x_wconf 92' lang='lat' dir='ltr'><strong>eo</strong></span> <span class='ocrx_word' id='word_1_259' title='bbox 2128 1923 2279 1994; x_wconf 91' lang='lat' dir='ltr'><strong>quod</strong></span> <span class='ocrx_word' id='word_1_260' title='bbox 2308 1939 2490 1980; x_wconf 88' lang='lat' dir='ltr'><strong>sermo</strong></span> <span class='ocrx_word' id='word_1_261' title='bbox 2518 1924 2901 1996; x_wconf 87' lang='lat' dir='ltr'><strong>repetitionem</strong></span> <span class='ocrx_word' id='word_1_262' title='bbox 2946 1924 3274 1995; x_wconf 86' lang='lat' dir='ltr'><strong>postulabat.</strong></span> <span class='ocrx_word' id='word_1_263' title='bbox 3308 1923 3369 1979; x_wconf 89' lang='lat' dir='ltr'><strong>Ei</strong></span> <span class='ocrx_word' id='word_1_264' title='bbox 3405 1923 3497 1994; x_wconf 93' lang='lat' dir='ltr'><strong>qui</strong></span> <span class='ocrx_word' id='word_1_265' title='bbox 3534 1938 3629 1993; x_wconf 89' lang='lat' dir='ltr'><strong>po-</strong></span> 
     </span>
    </p>
   </div>
   <div class='ocr_carea' id='block_1_36' title="bbox 324 2005 1926 2088">
    <p class='ocr_par' dir='ltr' id='par_1_36' title="bbox 324 2005 1926 2088">
     <span class='ocr_line' id='line_1_36' title="bbox 324 2005 1926 2088; baseline 0.004 -24"><span class='ocrx_word' id='word_1_266' title='bbox 324 2005 713 2084; x_wconf 82' lang='grc' dir='ltr'>σαλευομένους</span> <span class='ocrx_word' id='word_1_267' title='bbox 746 2006 987 2087; x_wconf 78' lang='grc' dir='ltr'>στηρίξαι</span> <span class='ocrx_word' id='word_1_268' title='bbox 1016 2030 1028 2043; x_wconf 86' lang='grc'><strong>·</strong></span> <span class='ocrx_word' id='word_1_269' title='bbox 1066 2011 1216 2080; x_wconf 85' lang='grc' dir='ltr'>πῷς;</span> <span class='ocrx_word' id='word_1_270' title='bbox 1252 2029 1280 2065; x_wconf 77' lang='grc' dir='ltr'>ι(</span> <span class='ocrx_word' id='word_1_271' title='bbox 1314 2007 1473 2068; x_wconf 76' lang='grc' dir='ltr'>Κατὰ</span> <span class='ocrx_word' id='word_1_272' title='bbox 1503 2008 1564 2069; x_wconf 83' lang='grc' dir='ltr'>τὸ</span> <span class='ocrx_word' id='word_1_273' title='bbox 1594 2008 1926 2088; x_wconf 80' lang='grc' dir='ltr'>Εὗαγγέλιόν</span> 
     </span>
    </p>
   </div>
   <div class='ocr_carea' id='block_1_37' title="bbox 324 2093 1932 2179">
    <p class='ocr_par' dir='ltr' id='par_1_37' title="bbox 324 2093 1932 2179">
     <span class='ocr_line' id='line_1_37' title="bbox 324 2093 1932 2179; baseline 0.002 -24"><span class='ocrx_word' id='word_1_274' title='bbox 324 2118 451 2173; x_wconf 82' lang='grc' dir='ltr'>μου,</span> <span class='ocrx_word' id='word_1_275' title='bbox 471 2099 692 2159; x_wconf 73' lang='grc' dir='ltr'>υτουτέσ</span> <span class='ocrx_word' id='word_1_276' title='bbox 703 2121 800 2167; x_wconf 76' lang='grc' dir='ltr'>τιν,</span> <span class='ocrx_word' id='word_1_277' title='bbox 814 2093 938 2160; x_wconf 83' lang='grc' dir='ltr'>Ἵνα</span> <span class='ocrx_word' id='word_1_278' title='bbox 955 2098 1220 2179; x_wconf 81' lang='grc' dir='ltr'>κατέχητε</span> <span class='ocrx_word' id='word_1_279' title='bbox 1241 2096 1275 2155; x_wconf 82' lang='grc' dir='ltr'>ἃ</span> <span class='ocrx_word' id='word_1_280' title='bbox 1297 2098 1552 2159; x_wconf 84' lang='grc' dir='ltr'>διδάσκω.</span> <span class='ocrx_word' id='word_1_281' title='bbox 1581 2098 1663 2159; x_wconf 84' lang='grc' dir='ltr'>Τὸ</span> <span class='ocrx_word' id='word_1_282' title='bbox 1683 2099 1738 2158; x_wconf 82' lang='grc' dir='ltr'>δὲ</span> <span class='ocrx_word' id='word_1_283' title='bbox 1760 2102 1932 2177; x_wconf 78' lang='grc' dir='ltr'>Εὐαγ-</span> 
     </span>
    </p>
   </div>
   <div class='ocr_carea' id='block_1_38' title="bbox 321 2186 1918 2268">
    <p class='ocr_par' dir='ltr' id='par_1_38' title="bbox 321 2186 1918 2268">
     <span class='ocr_line' id='line_1_38' title="bbox 321 2186 1918 2268; baseline 0.003 -22"><span class='ocrx_word' id='word_1_284' title='bbox 321 2186 501 2266; x_wconf 78' lang='grc' dir='ltr'>γέλιόν</span> <span class='ocrx_word' id='word_1_285' title='bbox 525 2211 661 2264; x_wconf 89' lang='grc' dir='ltr'>μου,</span> <span class='ocrx_word' id='word_1_286' title='bbox 689 2188 785 2248; x_wconf 75' lang='grc' dir='ltr'><strong>καὶ</strong></span> <span class='ocrx_word' id='word_1_287' title='bbox 826 2192 918 2249; x_wconf 90' lang='grc' dir='ltr'><strong>τοῦ</strong></span> <span class='ocrx_word' id='word_1_288' title='bbox 969 2191 1203 2267; x_wconf 89' lang='grc' dir='ltr'>Χριστοῦ</span> <span class='ocrx_word' id='word_1_289' title='bbox 1240 2188 1301 2248; x_wconf 86' lang='grc' dir='ltr'><strong>τὸ</strong></span> <span class='ocrx_word' id='word_1_290' title='bbox 1347 2188 1636 2268; x_wconf 84' lang='grc' dir='ltr'>κήρυγμα,</span> <span class='ocrx_word' id='word_1_291' title='bbox 1678 2188 1734 2248; x_wconf 81' lang='grc' dir='ltr'>ἕν</span> <span class='ocrx_word' id='word_1_292' title='bbox 1765 2192 1918 2251; x_wconf 83' lang='grc' dir='ltr'>εἰσιν.</span> 
     </span>
    </p>
   </div>
   <div class='ocr_carea' id='block_1_39' title="bbox 320 2276 1918 2358">
    <p class='ocr_par' dir='ltr' id='par_1_39' title="bbox 320 2276 1918 2358">
     <span class='ocr_line' id='line_1_39' title="bbox 320 2276 1918 2358; baseline 0.001 -22"><span class='ocrx_word' id='word_1_293' title='bbox 320 2278 450 2357; x_wconf 79' lang='grc' dir='ltr'><strong>Οὐχ</strong></span> <span class='ocrx_word' id='word_1_294' title='bbox 475 2276 711 2358; x_wconf 79' lang='grc' dir='ltr'>ἡμέτερα</span> <span class='ocrx_word' id='word_1_295' title='bbox 739 2278 843 2358; x_wconf 73' lang='grc' dir='ltr'><strong>γὰρ</strong></span> <span class='ocrx_word' id='word_1_296' title='bbox 868 2278 935 2337; x_wconf 77' lang='grc' dir='ltr'><strong>τὰ</strong></span> <span class='ocrx_word' id='word_1_297' title='bbox 958 2278 1201 2355; x_wconf 86' lang='grc' dir='ltr'>δόγματα</span> <span class='ocrx_word' id='word_1_298' title='bbox 1217 2323 1232 2350; x_wconf 92' lang='grc'><strong>,</strong></span> <span class='ocrx_word' id='word_1_299' title='bbox 1254 2276 1394 2338; x_wconf 76' lang='grc' dir='ltr'>ἀλλὰ</span> <span class='ocrx_word' id='word_1_300' title='bbox 1420 2278 1556 2338; x_wconf 77' lang='grc' dir='ltr'>ἐκείν</span> <span class='ocrx_word' id='word_1_301' title='bbox 1573 2303 1633 2339; x_wconf 85' lang='grc' dir='ltr'><strong>ου</strong></span> <span class='ocrx_word' id='word_1_302' title='bbox 1664 2282 1712 2339; x_wconf 73' lang='grc' dir='ltr'>οἱ</span> <span class='ocrx_word' id='word_1_303' title='bbox 1741 2279 1918 2357; x_wconf 90' lang='grc' dir='ltr'>νόμοι.</span> 
     </span>
    </p>
   </div>
   <div class='ocr_carea' id='block_1_40' title="bbox 336 2366 1926 2449">
    <p class='ocr_par' dir='ltr' id='par_1_40' title="bbox 336 2366 1926 2449">
     <span class='ocr_line' id='line_1_40' title="bbox 336 2366 1926 2449; baseline 0.003 -27"><span class='ocrx_word' id='word_1_304' title='bbox 336 2388 364 2422; x_wconf 85' lang='grc' dir='ltr'>(ι</span> <span class='ocrx_word' id='word_1_305' title='bbox 411 2366 569 2427; x_wconf 83' lang='grc' dir='ltr'>Κατὰ</span> <span class='ocrx_word' id='word_1_306' title='bbox 610 2366 949 2447; x_wconf 78' lang='grc' dir='ltr'>ἀποκάλυψιν</span> <span class='ocrx_word' id='word_1_307' title='bbox 989 2368 1305 2449; x_wconf 87' lang='grc' dir='ltr'>μυστηρίου.</span> <span class='ocrx_word' id='word_1_308' title='bbox 1358 2392 1388 2423; x_wconf 75' lang='grc' dir='ltr'><strong>ιι</strong></span> <span class='ocrx_word' id='word_1_309' title='bbox 1442 2369 1721 2447; x_wconf 82' lang='grc' dir='ltr'>Μεγίστης</span> <span class='ocrx_word' id='word_1_310' title='bbox 1767 2373 1926 2446; x_wconf 82' lang='grc' dir='ltr'>τιμῆς</span> 
     </span>
    </p>
   </div>
   <div class='ocr_carea' id='block_1_41' title="bbox 324 2456 1922 2537">
    <p class='ocr_par' dir='ltr' id='par_1_41' title="bbox 324 2456 1922 2537">
     <span class='ocr_line' id='line_1_41' title="bbox 324 2456 1922 2537; baseline 0.002 -24"><span class='ocrx_word' id='word_1_311' title='bbox 324 2464 585 2533; x_wconf 83' lang='grc' dir='ltr'>σημεῖον,</span> <span class='ocrx_word' id='word_1_312' title='bbox 639 2456 701 2516; x_wconf 86' lang='grc' dir='ltr'><strong>τὸ</strong></span> <span class='ocrx_word' id='word_1_313' title='bbox 752 2457 1062 2537; x_wconf 89' lang='grc' dir='ltr'>μυστηρίων</span> <span class='ocrx_word' id='word_1_314' title='bbox 1113 2462 1256 2534; x_wconf 86' lang='grc' dir='ltr'>ἡμᾶς</span> <span class='ocrx_word' id='word_1_315' title='bbox 1312 2456 1556 2535; x_wconf 80' lang='grc' dir='ltr'>γενέσθαι</span> <span class='ocrx_word' id='word_1_316' title='bbox 1612 2457 1922 2531; x_wconf 82' lang='grc' dir='ltr'>κοινωνοὺς,</span> 
     </span>
    </p>
   </div>
   <div class='ocr_carea' id='block_1_42' title="bbox 322 2545 1924 2627">
    <p class='ocr_par' dir='ltr' id='par_1_42' title="bbox 322 2545 1924 2627">
     <span class='ocr_line' id='line_1_42' title="bbox 322 2545 1924 2627; baseline 0.001 -23"><span class='ocrx_word' id='word_1_317' title='bbox 322 2545 640 2625; x_wconf 79' lang='grc' dir='ltr'>πράγματος</span> <span class='ocrx_word' id='word_1_318' title='bbox 689 2546 860 2606; x_wconf 88' lang='grc' dir='ltr'>πάλαι</span> <span class='ocrx_word' id='word_1_319' title='bbox 914 2547 1012 2624; x_wconf 84' lang='grc' dir='ltr'>μὲν</span> <span class='ocrx_word' id='word_1_320' title='bbox 1063 2547 1503 2626; x_wconf 81' lang='grc' dir='ltr'>προωρισμένου,</span> <span class='ocrx_word' id='word_1_321' title='bbox 1556 2549 1805 2627; x_wconf 83' lang='grc' dir='ltr'>φανέντος</span> <span class='ocrx_word' id='word_1_322' title='bbox 1866 2546 1924 2606; x_wconf 82' lang='grc' dir='ltr'>δὲ</span> 
     </span>
    </p>
   </div>
   <div class='ocr_carea' id='block_1_43' title="bbox 321 2633 1923 2717">
    <p class='ocr_par' dir='ltr' id='par_1_43' title="bbox 321 2633 1923 2717">
     <span class='ocr_line' id='line_1_43' title="bbox 321 2633 1923 2717; baseline 0.002 -24"><span class='ocrx_word' id='word_1_323' title='bbox 321 2639 414 2693; x_wconf 87' lang='grc' dir='ltr'><strong>νῦν</strong></span> <span class='ocrx_word' id='word_1_324' title='bbox 446 2634 533 2693; x_wconf 78' lang='grc' dir='ltr'><strong>διὰ</strong></span> <span class='ocrx_word' id='word_1_325' title='bbox 562 2638 906 2717; x_wconf 70' lang='grc' dir='ltr'>προφητικῶν</span> <span class='ocrx_word' id='word_1_326' title='bbox 946 2638 1201 2717; x_wconf 84' lang='grc' dir='ltr'>Γραφῷν.</span> <span class='ocrx_word' id='word_1_327' title='bbox 1236 2633 1414 2696; x_wconf 60' lang='grc' dir='ltr'>σΩστε</span> <span class='ocrx_word' id='word_1_328' title='bbox 1458 2635 1511 2695; x_wconf 89' lang='grc' dir='ltr'><strong>τί</strong></span> <span class='ocrx_word' id='word_1_329' title='bbox 1559 2638 1699 2717; x_wconf 80' lang='grc' dir='ltr'>φοϐῇ</span> <span class='ocrx_word' id='word_1_330' title='bbox 1749 2636 1852 2711; x_wconf 83' lang='grc' dir='ltr'><strong>σὺ,</strong></span> <span class='ocrx_word' id='word_1_331' title='bbox 1894 2641 1923 2696; x_wconf 84' lang='grc' dir='ltr'>ὁ</span> 
     </span>
    </p>
   </div>
   <div class='ocr_carea' id='block_1_44' title="bbox 324 2723 1919 2808">
    <p class='ocr_par' dir='ltr' id='par_1_44' title="bbox 324 2723 1919 2808">
     <span class='ocr_line' id='line_1_44' title="bbox 324 2723 1919 2808; baseline 0.003 -26"><span class='ocrx_word' id='word_1_332' title='bbox 324 2723 550 2796; x_wconf 79' lang='grc' dir='ltr'>ἀσθενὴς</span> <span class='ocrx_word' id='word_1_333' title='bbox 570 2770 587 2798; x_wconf 91' lang='grc'><strong>,</strong></span> <span class='ocrx_word' id='word_1_334' title='bbox 618 2728 693 2800; x_wconf 79' lang='grc' dir='ltr'><strong>μὴ</strong></span> <span class='ocrx_word' id='word_1_335' title='bbox 726 2728 962 2805; x_wconf 77' lang='grc' dir='ltr'>ἀποστῇς</span> <span class='ocrx_word' id='word_1_336' title='bbox 1002 2732 1092 2785; x_wconf 90' lang='grc' dir='ltr'><strong>τοῦ</strong></span> <span class='ocrx_word' id='word_1_337' title='bbox 1120 2725 1284 2803; x_wconf 90' lang='grc' dir='ltr'>νόμου</span> <span class='ocrx_word' id='word_1_338' title='bbox 1326 2724 1516 2785; x_wconf 86' lang='grc' dir='ltr'>ἐσθίων</span> <span class='ocrx_word' id='word_1_339' title='bbox 1550 2725 1618 2784; x_wconf 78' lang='grc' dir='ltr'><strong>τὰ</strong></span> <span class='ocrx_word' id='word_1_340' title='bbox 1662 2726 1868 2808; x_wconf 89' lang='grc' dir='ltr'>χοίρεια</span> <span class='ocrx_word' id='word_1_341' title='bbox 1902 2746 1919 2801; x_wconf 88' lang='lat'><strong>;</strong></span> 
     </span>
    </p>
   </div>
   <div class='ocr_carea' id='block_1_45' title="bbox 323 2813 1922 2896">
    <p class='ocr_par' dir='ltr' id='par_1_45' title="bbox 323 2813 1922 2896">
     <span class='ocr_line' id='line_1_45' title="bbox 323 2813 1922 2896; baseline 0.001 -22"><span class='ocrx_word' id='word_1_342' title='bbox 323 2813 464 2874; x_wconf 77' lang='grc' dir='ltr'>Ἰδοὺ</span> <span class='ocrx_word' id='word_1_343' title='bbox 490 2813 592 2895; x_wconf 81' lang='grc' dir='ltr'><strong>γὰρ</strong></span> <span class='ocrx_word' id='word_1_344' title='bbox 630 2817 685 2873; x_wconf 78' lang='grc' dir='ltr'>αἱ</span> <span class='ocrx_word' id='word_1_345' title='bbox 712 2818 756 2876; x_wconf 91' lang='grc' dir='ltr'><strong>Γ</strong></span> <span class='ocrx_word' id='word_1_346' title='bbox 759 2814 921 2896; x_wconf 76' lang='grc' dir='ltr'>ραφαὶ</span> <span class='ocrx_word' id='word_1_347' title='bbox 954 2824 1128 2873; x_wconf 79' lang='grc' dir='ltr'>πᾶσαι</span> <span class='ocrx_word' id='word_1_348' title='bbox 1164 2822 1318 2874; x_wconf 91' lang='grc' dir='ltr'>τοῦτο</span> <span class='ocrx_word' id='word_1_349' title='bbox 1366 2813 1427 2873; x_wconf 80' lang='grc' dir='ltr'>τὸ</span> <span class='ocrx_word' id='word_1_350' title='bbox 1473 2816 1770 2895; x_wconf 82' lang='grc' dir='ltr'>μυστήριον</span> <span class='ocrx_word' id='word_1_351' title='bbox 1814 2840 1922 2889; x_wconf 87' lang='grc' dir='ltr'>κη-</span> 
     </span>
    </p>
   </div>
   <div class='ocr_carea' id='block_1_46' title="bbox 325 2903 1917 2986">
    <p class='ocr_par' dir='ltr' id='par_1_46' title="bbox 325 2903 1917 2986">
     <span class='ocr_line' id='line_1_46' title="bbox 325 2903 1917 2986; baseline 0.003 -24"><span class='ocrx_word' id='word_1_352' title='bbox 325 2903 603 2983; x_wconf 89' lang='grc' dir='ltr'>ρύττουσι,</span> <span class='ocrx_word' id='word_1_353' title='bbox 632 2905 692 2964; x_wconf 80' lang='grc' dir='ltr'>τὸ</span> <span class='ocrx_word' id='word_1_354' title='bbox 721 2903 818 2977; x_wconf 77' lang='grc' dir='ltr'><strong>τὴν</strong></span> <span class='ocrx_word' id='word_1_355' title='bbox 850 2905 1163 2985; x_wconf 78' lang='grc' dir='ltr'>ἀδιαφορίαν</span> <span class='ocrx_word' id='word_1_356' title='bbox 1205 2908 1311 2963; x_wconf 86' lang='grc' dir='ltr'><strong>τῷν</strong></span> <span class='ocrx_word' id='word_1_357' title='bbox 1353 2906 1652 2986; x_wconf 85' lang='grc' dir='ltr'>βρωμάτων</span> <span class='ocrx_word' id='word_1_358' title='bbox 1683 2905 1917 2985; x_wconf 82' lang='grc' dir='ltr'>εἰσάγον.</span> 
     </span>
    </p>
   </div>
   <div class='ocr_carea' id='block_1_47' title="bbox 322 2992 1917 3072">
    <p class='ocr_par' dir='ltr' id='par_1_47' title="bbox 322 2992 1917 3072">
     <span class='ocr_line' id='line_1_47' title="bbox 322 2992 1917 3072; baseline 0.001 -17"><span class='ocrx_word' id='word_1_359' title='bbox 322 2992 487 3055; x_wconf 79' lang='grc' dir='ltr'>Ἀλλὰ</span> <span class='ocrx_word' id='word_1_360' title='bbox 514 2993 607 3053; x_wconf 83' lang='grc' dir='ltr'><strong>καὶ</strong></span> <span class='ocrx_word' id='word_1_361' title='bbox 649 3016 678 3053; x_wconf 83' lang='grc' dir='ltr'>(ι</span> <span class='ocrx_word' id='word_1_362' title='bbox 699 2996 817 3054; x_wconf 87' lang='grc' dir='ltr'>κατ’</span> <span class='ocrx_word' id='word_1_363' title='bbox 861 2993 1119 3072; x_wconf 76' lang='grc' dir='ltr'>ἐπιταγὴν</span> <span class='ocrx_word' id='word_1_364' title='bbox 1152 3000 1241 3054; x_wconf 92' lang='grc' dir='ltr'><strong>τοῦ</strong></span> <span class='ocrx_word' id='word_1_365' title='bbox 1270 2996 1484 3055; x_wconf 76' lang='grc' dir='ltr'>αἰωνίου</span> <span class='ocrx_word' id='word_1_366' title='bbox 1520 2998 1666 3056; x_wconf 87' lang='grc' dir='ltr'>Θεοῦ</span> <span class='ocrx_word' id='word_1_367' title='bbox 1692 3023 1715 3049; x_wconf 80' lang='grc' dir='ltr'>ιο</span> <span class='ocrx_word' id='word_1_368' title='bbox 1749 2999 1917 3057; x_wconf 73' lang='grc' dir='ltr'>ἔστιν.</span> 
     </span>
    </p>
   </div>
   <div class='ocr_carea' id='block_1_48' title="bbox 322 3083 1917 3164">
    <p class='ocr_par' dir='ltr' id='par_1_48' title="bbox 322 3083 1917 3164">
     <span class='ocr_line' id='line_1_48' title="bbox 322 3083 1917 3164; baseline 0.001 -20"><span class='ocrx_word' id='word_1_369' title='bbox 322 3085 538 3144; x_wconf 75' lang='grc' dir='ltr'>Οὐκοῦν</span> <span class='ocrx_word' id='word_1_370' title='bbox 585 3085 645 3143; x_wconf 79' lang='grc' dir='ltr'>οὖ</span> <span class='ocrx_word' id='word_1_371' title='bbox 677 3084 758 3143; x_wconf 83' lang='grc' dir='ltr'><strong>δεῖ</strong></span> <span class='ocrx_word' id='word_1_372' title='bbox 795 3086 922 3164; x_wconf 86' lang='grc' dir='ltr'>Θεῷ</span> <span class='ocrx_word' id='word_1_373' title='bbox 975 3084 1409 3156; x_wconf 81' lang='grc' dir='ltr'>ἀντιτάττεσθαι,</span> <span class='ocrx_word' id='word_1_374' title='bbox 1455 3083 1595 3143; x_wconf 83' lang='grc' dir='ltr'>ἀλλὰ</span> <span class='ocrx_word' id='word_1_375' title='bbox 1644 3085 1917 3145; x_wconf 82' lang='grc' dir='ltr'>πιστεύειν</span> 
     </span>
    </p>
   </div>
   <div class='ocr_carea' id='block_1_49' title="bbox 322 3173 1915 3257">
    <p class='ocr_par' dir='ltr' id='par_1_49' title="bbox 322 3173 1915 3257">
     <span class='ocr_line' id='line_1_49' title="bbox 322 3173 1915 3257; baseline 0.002 -26"><span class='ocrx_word' id='word_1_376' title='bbox 322 3174 414 3231; x_wconf 75' lang='grc' dir='ltr'>καὶ</span> <span class='ocrx_word' id='word_1_377' title='bbox 462 3174 766 3236; x_wconf 75' lang='grc' dir='ltr'>ὑπακούειν.</span> <span class='ocrx_word' id='word_1_378' title='bbox 816 3173 1094 3245; x_wconf 80' lang='grc' dir='ltr'>Ὑπακοῆς</span> <span class='ocrx_word' id='word_1_379' title='bbox 1140 3173 1243 3257; x_wconf 83' lang='grc' dir='ltr'><strong>γὰρ</strong></span> <span class='ocrx_word' id='word_1_380' title='bbox 1296 3179 1329 3246; x_wconf 77' lang='grc' dir='ltr'>ἡ</span> <span class='ocrx_word' id='word_1_381' title='bbox 1378 3175 1554 3242; x_wconf 88' lang='grc' dir='ltr'>πίστις</span> <span class='ocrx_word' id='word_1_382' title='bbox 1599 3177 1800 3250; x_wconf 86' lang='grc' dir='ltr'>δεῖται,</span> <span class='ocrx_word' id='word_1_383' title='bbox 1854 3178 1915 3235; x_wconf 83' lang='grc' dir='ltr'>οὐ</span> 
     </span>
    </p>
   </div>
   <div class='ocr_carea' id='block_1_50' title="bbox 324 3262 1921 3343">
    <p class='ocr_par' dir='ltr' id='par_1_50' title="bbox 324 3262 1921 3343">
     <span class='ocr_line' id='line_1_50' title="bbox 324 3262 1921 3343; baseline 0.001 -21"><span class='ocrx_word' id='word_1_384' title='bbox 324 3262 847 3343; x_wconf 78' lang='grc' dir='ltr'>φιλοπραγμοσύνης.</span> <span class='ocrx_word' id='word_1_385' title='bbox 906 3263 1069 3323; x_wconf 80' lang='grc' dir='ltr'>Ἀλλὰ</span> <span class='ocrx_word' id='word_1_386' title='bbox 1112 3264 1205 3323; x_wconf 83' lang='grc' dir='ltr'>καὶ</span> <span class='ocrx_word' id='word_1_387' title='bbox 1260 3264 1438 3322; x_wconf 88' lang='grc' dir='ltr'>πάντα</span> <span class='ocrx_word' id='word_1_388' title='bbox 1492 3263 1561 3321; x_wconf 82' lang='grc' dir='ltr'><strong>τὰ</strong></span> <span class='ocrx_word' id='word_1_389' title='bbox 1608 3263 1732 3337; x_wconf 80' lang='grc' dir='ltr'>ἔθνη</span> <span class='ocrx_word' id='word_1_390' title='bbox 1780 3264 1921 3324; x_wconf 79' lang='grc' dir='ltr'>οὕτω</span> 
     </span>
    </p>
   </div>
   <div class='ocr_carea' id='block_1_51' title="bbox 322 3343 1920 3435">
    <p class='ocr_par' dir='ltr' id='par_1_51' title="bbox 322 3343 1920 3435">
     <span class='ocr_line' id='line_1_51' title="bbox 322 3343 1920 3435; baseline 0.001 -23"><span class='ocrx_word' id='word_1_391' title='bbox 322 3352 580 3412; x_wconf 76' lang='grc' dir='ltr'>πιστεύει·</span> <span class='ocrx_word' id='word_1_392' title='bbox 625 3362 761 3413; x_wconf 78' lang='grc' dir='ltr'>πᾶσι</span> <span class='ocrx_word' id='word_1_393' title='bbox 789 3354 891 3435; x_wconf 81' lang='grc' dir='ltr'><strong>γὰρ</strong></span> <span class='ocrx_word' id='word_1_394' title='bbox 918 3352 1230 3434; x_wconf 80' lang='grc' dir='ltr'>ἐγνωρίσθη.</span> <span class='ocrx_word' id='word_1_395' title='bbox 1263 3355 1391 3421; x_wconf 88' lang='grc' dir='ltr'><strong>Πῷς</strong></span> <span class='ocrx_word' id='word_1_396' title='bbox 1414 3343 1505 3413; x_wconf 72' lang='grc' dir='ltr'><strong>οῦν</strong></span> <span class='ocrx_word' id='word_1_397' title='bbox 1532 3352 1687 3435; x_wconf 61' lang='grc' dir='ltr'>αὐτος</span> <span class='ocrx_word' id='word_1_398' title='bbox 1729 3352 1810 3414; x_wconf 76' lang='grc' dir='ltr'>ἔτι</span> <span class='ocrx_word' id='word_1_399' title='bbox 1842 3358 1920 3435; x_wconf 90' lang='grc' dir='ltr'><strong>τῷ</strong></span> 
     </span>
    </p>
   </div>
   <div class='ocr_carea' id='block_1_52' title="bbox 322 3433 1923 3525">
    <p class='ocr_par' dir='ltr' id='par_1_52' title="bbox 322 3433 1923 3525">
     <span class='ocr_line' id='line_1_52' title="bbox 322 3433 1923 3525; baseline 0 -24"><span class='ocrx_word' id='word_1_400' title='bbox 322 3442 473 3523; x_wconf 75' lang='grc' dir='ltr'>νόμῳ</span> <span class='ocrx_word' id='word_1_401' title='bbox 492 3443 789 3520; x_wconf 72' lang='grc' dir='ltr'>δουλεύεις;</span> <span class='ocrx_word' id='word_1_402' title='bbox 820 3470 844 3497; x_wconf 71' lang='grc' dir='ltr'>κ</span> <span class='ocrx_word' id='word_1_403' title='bbox 869 3433 1137 3525; x_wconf 17' lang='grc' dir='ltr'>Μόνῳνδὲ</span> <span class='ocrx_word' id='word_1_404' title='bbox 1168 3446 1314 3525; x_wconf 87' lang='grc' dir='ltr'>σοφῷ</span> <span class='ocrx_word' id='word_1_405' title='bbox 1345 3446 1472 3524; x_wconf 86' lang='grc' dir='ltr'><strong>Θεῷ</strong></span> <span class='ocrx_word' id='word_1_406' title='bbox 1497 3488 1516 3521; x_wconf 87' lang='grc'><strong>,</strong></span> <span class='ocrx_word' id='word_1_407' title='bbox 1546 3465 1574 3500; x_wconf 72' lang='grc' dir='ltr'>ι)</span> <span class='ocrx_word' id='word_1_408' title='bbox 1618 3433 1734 3502; x_wconf 71' lang='grc' dir='ltr'>εἷπε</span> <span class='ocrx_word' id='word_1_409' title='bbox 1756 3488 1772 3516; x_wconf 95' lang='grc'><strong>,</strong></span> <span class='ocrx_word' id='word_1_410' title='bbox 1794 3433 1923 3523; x_wconf 76' lang='grc' dir='ltr'>πρὸς</span> 
     </span>
    </p>
   </div>
   <div class='ocr_carea' id='block_1_53' title="bbox 323 3531 1923 3612">
    <p class='ocr_par' dir='ltr' id='par_1_53' title="bbox 323 3531 1923 3612">
     <span class='ocr_line' id='line_1_53' title="bbox 323 3531 1923 3612; baseline 0.001 -23"><span class='ocrx_word' id='word_1_411' title='bbox 323 3532 726 3605; x_wconf 81' lang='grc' dir='ltr'>ἀντιδιαστολὴν</span> <span class='ocrx_word' id='word_1_412' title='bbox 780 3531 1017 3612; x_wconf 80' lang='grc' dir='ltr'>ἀγγέλων</span> <span class='ocrx_word' id='word_1_413' title='bbox 1083 3531 1176 3591; x_wconf 77' lang='grc' dir='ltr'><strong>καὶ</strong></span> <span class='ocrx_word' id='word_1_414' title='bbox 1237 3536 1394 3609; x_wconf 82' lang='grc' dir='ltr'>ἡμῶν</span> <span class='ocrx_word' id='word_1_415' title='bbox 1419 3577 1435 3607; x_wconf 91' lang='grc'><strong>,</strong></span> <span class='ocrx_word' id='word_1_416' title='bbox 1488 3534 1549 3592; x_wconf 83' lang='grc' dir='ltr'>οὗ</span> <span class='ocrx_word' id='word_1_417' title='bbox 1608 3537 1699 3592; x_wconf 89' lang='grc' dir='ltr'><strong>τοῦ</strong></span> <span class='ocrx_word' id='word_1_418' title='bbox 1758 3535 1884 3595; x_wconf 79' lang='grc' dir='ltr'>Υἱοῦ</span> <span class='ocrx_word' id='word_1_419' title='bbox 1906 3578 1923 3606; x_wconf 95' lang='grc'><strong>,</strong></span> 
     </span>
    </p>
   </div>
   <div class='ocr_carea' id='block_1_54' title="bbox 321 3619 1913 3703">
    <p class='ocr_par' dir='ltr' id='par_1_54' title="bbox 321 3619 1913 3703">
     <span class='ocr_line' id='line_1_54' title="bbox 321 3619 1913 3703; baseline 0.001 -25"><span class='ocrx_word' id='word_1_420' title='bbox 321 3619 521 3699; x_wconf 74' lang='grc' dir='ltr'>ἄπαγε.</span> <span class='ocrx_word' id='word_1_421' title='bbox 556 3621 654 3703; x_wconf 16' lang='grc' dir='ltr'><strong>,Ὁ</strong></span> <span class='ocrx_word' id='word_1_422' title='bbox 706 3623 808 3701; x_wconf 81' lang='grc' dir='ltr'><strong>γὰρ</strong></span> <span class='ocrx_word' id='word_1_423' title='bbox 854 3621 980 3689; x_wconf 76' lang='grc' dir='ltr'>Υἱός</span> <span class='ocrx_word' id='word_1_424' title='bbox 1034 3623 1176 3680; x_wconf 82' lang='grc' dir='ltr'>ἐστιν</span> <span class='ocrx_word' id='word_1_425' title='bbox 1230 3627 1265 3694; x_wconf 83' lang='grc' dir='ltr'>ἡ</span> <span class='ocrx_word' id='word_1_426' title='bbox 1326 3620 1484 3703; x_wconf 89' lang='grc' dir='ltr'>σοφία</span> <span class='ocrx_word' id='word_1_427' title='bbox 1533 3628 1625 3682; x_wconf 85' lang='grc' dir='ltr'><strong>τοῦ</strong></span> <span class='ocrx_word' id='word_1_428' title='bbox 1680 3622 1913 3701; x_wconf 86' lang='grc' dir='ltr'>Πατρός.</span> 
     </span>
    </p>
   </div>
   <div class='ocr_carea' id='block_1_55' title="bbox 326 3702 1921 3793">
    <p class='ocr_par' dir='ltr' id='par_1_55' title="bbox 326 3702 1921 3793">
     <span class='ocr_line' id='line_1_55' title="bbox 326 3702 1921 3793; baseline -0.001 -22"><span class='ocrx_word' id='word_1_429' title='bbox 326 3712 487 3791; x_wconf 80' lang='grc' dir='ltr'>Αὐτῷ</span> <span class='ocrx_word' id='word_1_430' title='bbox 518 3702 606 3770; x_wconf 70' lang='grc' dir='ltr'><strong>οὖν</strong></span> <span class='ocrx_word' id='word_1_431' title='bbox 636 3716 688 3793; x_wconf 35' lang='grc' dir='ltr'><strong>ἡῌ</strong></span> <span class='ocrx_word' id='word_1_432' title='bbox 703 3711 827 3781; x_wconf 80' lang='grc' dir='ltr'>δόξα</span> <span class='ocrx_word' id='word_1_433' title='bbox 848 3757 865 3788; x_wconf 85' lang='grc'><strong>,</strong></span> <span class='ocrx_word' id='word_1_434' title='bbox 898 3715 975 3793; x_wconf 87' lang='grc' dir='ltr'><strong>τῷ</strong></span> <span class='ocrx_word' id='word_1_435' title='bbox 1006 3710 1373 3792; x_wconf 80' lang='grc' dir='ltr'>φανερώσαντι</span> <span class='ocrx_word' id='word_1_436' title='bbox 1405 3702 1466 3771; x_wconf 84' lang='grc' dir='ltr'><strong>τὸ</strong></span> <span class='ocrx_word' id='word_1_437' title='bbox 1507 3710 1829 3791; x_wconf 79' lang='grc' dir='ltr'>μυστήριον,</span> <span class='ocrx_word' id='word_1_438' title='bbox 1861 3715 1921 3770; x_wconf 84' lang='grc' dir='ltr'>οὗ</span> 
     </span>
    </p>
   </div>
   <div class='ocr_carea' id='block_1_56' title="bbox 323 3791 1921 3882">
    <p class='ocr_par' dir='ltr' id='par_1_56' title="bbox 323 3791 1921 3882">
     <span class='ocr_line' id='line_1_56' title="bbox 323 3791 1921 3882; baseline 0.002 -25"><span class='ocrx_word' id='word_1_439' title='bbox 323 3802 398 3878; x_wconf 87' lang='grc' dir='ltr'><strong>τῷ</strong></span> <span class='ocrx_word' id='word_1_440' title='bbox 425 3801 599 3880; x_wconf 87' lang='grc' dir='ltr'>νόμῳ,</span> <span class='ocrx_word' id='word_1_441' title='bbox 648 3791 694 3881; x_wconf 74' lang='grc' dir='ltr'>ᾧ</span> <span class='ocrx_word' id='word_1_442' title='bbox 726 3791 1090 3881; x_wconf 86' lang='grc' dir='ltr'>προσεδρεύεις</span> <span class='ocrx_word' id='word_1_443' title='bbox 1135 3791 1210 3860; x_wconf 78' lang='grc' dir='ltr'>ἔτι</span> <span class='ocrx_word' id='word_1_444' title='bbox 1250 3800 1313 3861; x_wconf 81' lang='grc' dir='ltr'><strong>σὺ</strong></span> <span class='ocrx_word' id='word_1_445' title='bbox 1358 3800 1825 3882; x_wconf 80' lang='grc' dir='ltr'>παρατηρούμενος</span> <span class='ocrx_word' id='word_1_446' title='bbox 1854 3802 1921 3860; x_wconf 76' lang='grc' dir='ltr'>τὰ</span> 
     </span>
    </p>
   </div>
   <div class='ocr_carea' id='block_1_57' title="bbox 326 3889 1921 3969">
    <p class='ocr_par' dir='ltr' id='par_1_57' title="bbox 326 3889 1921 3969">
     <span class='ocr_line' id='line_1_57' title="bbox 326 3889 1921 3969; baseline 0.001 -22"><span class='ocrx_word' id='word_1_447' title='bbox 326 3889 613 3969; x_wconf 81' lang='grc' dir='ltr'>βρώματα.</span> <span class='ocrx_word' id='word_1_448' title='bbox 666 3889 749 3951; x_wconf 80' lang='grc' dir='ltr'><strong>Τὸ</strong></span> <span class='ocrx_word' id='word_1_449' title='bbox 781 3889 833 3949; x_wconf 82' lang='grc' dir='ltr'>δὲ</span> <span class='ocrx_word' id='word_1_450' title='bbox 856 3936 873 3968; x_wconf 84' lang='grc'><strong>,</strong></span> <span class='ocrx_word' id='word_1_451' title='bbox 908 3919 932 3943; x_wconf 82' lang='grc' dir='ltr'><strong>ιι</strong></span> <span class='ocrx_word' id='word_1_452' title='bbox 959 3890 1062 3950; x_wconf 78' lang='grc' dir='ltr'>Διὰ</span> <span class='ocrx_word' id='word_1_453' title='bbox 1095 3890 1279 3962; x_wconf 86' lang='grc' dir='ltr'>Ἰησοῦ</span> <span class='ocrx_word' id='word_1_454' title='bbox 1310 3893 1583 3969; x_wconf 82' lang='grc' dir='ltr'>Χριστοῦ,</span> <span class='ocrx_word' id='word_1_455' title='bbox 1635 3919 1661 3944; x_wconf 73' lang='grc' dir='ltr'><strong>υ</strong></span> <span class='ocrx_word' id='word_1_456' title='bbox 1698 3889 1921 3950; x_wconf 86' lang='grc' dir='ltr'>δύναται</span> 
     </span>
    </p>
   </div>
   <div class='ocr_carea' id='block_1_58' title="bbox 324 3978 1919 4061">
    <p class='ocr_par' dir='ltr' id='par_1_58' title="bbox 324 3978 1919 4061">
     <span class='ocr_line' id='line_1_58' title="bbox 324 3978 1919 4061; baseline 0.004 -27"><span class='ocrx_word' id='word_1_457' title='bbox 324 3978 458 4053; x_wconf 81' lang='grc' dir='ltr'>μὲν,</span> <span class='ocrx_word' id='word_1_458' title='bbox 488 3982 560 4048; x_wconf 84' lang='grc' dir='ltr'><strong>ὡς</strong></span> <span class='ocrx_word' id='word_1_459' title='bbox 588 3980 840 4061; x_wconf 80' lang='grc' dir='ltr'>ἀνωτέρω</span> <span class='ocrx_word' id='word_1_460' title='bbox 869 3980 1114 4060; x_wconf 74' lang='grc' dir='ltr'>εἴρηται,</span> <span class='ocrx_word' id='word_1_461' title='bbox 1146 3983 1508 4060; x_wconf 76' lang='grc' dir='ltr'>συνταχθῆναι</span> <span class='ocrx_word' id='word_1_462' title='bbox 1532 4004 1544 4017; x_wconf 88' lang='grc'>·</span> <span class='ocrx_word' id='word_1_463' title='bbox 1578 4004 1609 4036; x_wconf 74' lang='grc' dir='ltr'><strong>α</strong></span> <span class='ocrx_word' id='word_1_464' title='bbox 1629 3983 1681 4042; x_wconf 83' lang='grc' dir='ltr'><em>Τ</em></span> <span class='ocrx_word' id='word_1_465' title='bbox 1682 3982 1727 4061; x_wconf 79' lang='grc' dir='ltr'><em>ᾧ</em></span> <span class='ocrx_word' id='word_1_466' title='bbox 1761 3981 1919 4040; x_wconf 88' lang='grc' dir='ltr'>δυνα-</span> 
     </span>
    </p>
   </div>
   <div class='ocr_carea' id='block_1_59' title="bbox 322 4066 1919 4150">
    <p class='ocr_par' dir='ltr' id='par_1_59' title="bbox 322 4066 1919 4150">
     <span class='ocr_line' id='line_1_59' title="bbox 322 4066 1919 4150; baseline 0.001 -24"><span class='ocrx_word' id='word_1_467' title='bbox 322 4066 470 4148; x_wconf 78' lang='grc' dir='ltr'>μένῳ</span> <span class='ocrx_word' id='word_1_468' title='bbox 499 4071 636 4145; x_wconf 77' lang='grc' dir='ltr'>ὗμᾶς</span> <span class='ocrx_word' id='word_1_469' title='bbox 680 4069 964 4150; x_wconf 79' lang='grc' dir='ltr'>στηρίξαι,</span> <span class='ocrx_word' id='word_1_470' title='bbox 998 4069 1086 4129; x_wconf 84' lang='grc' dir='ltr'><strong>διὰ</strong></span> <span class='ocrx_word' id='word_1_471' title='bbox 1125 4069 1302 4143; x_wconf 90' lang='grc' dir='ltr'>Ἰησοῦ</span> <span class='ocrx_word' id='word_1_472' title='bbox 1332 4072 1566 4148; x_wconf 84' lang='grc' dir='ltr'>Χριστοῦ</span> <span class='ocrx_word' id='word_1_473' title='bbox 1592 4094 1605 4108; x_wconf 86' lang='grc'>·</span> <span class='ocrx_word' id='word_1_474' title='bbox 1637 4098 1662 4123; x_wconf 74' lang='grc' dir='ltr'>ι)</span> <span class='ocrx_word' id='word_1_475' title='bbox 1700 4069 1919 4130; x_wconf 89' lang='grc' dir='ltr'>δύναται</span> 
     </span>
    </p>
   </div>
   <div class='ocr_carea' id='block_1_60' title="bbox 320 4156 1919 4240">
    <p class='ocr_par' dir='ltr' id='par_1_60' title="bbox 320 4156 1919 4240">
     <span class='ocr_line' id='line_1_60' title="bbox 320 4156 1919 4240; baseline 0.002 -26"><span class='ocrx_word' id='word_1_476' title='bbox 320 4156 416 4215; x_wconf 81' lang='grc' dir='ltr'><strong>καὶ</strong></span> <span class='ocrx_word' id='word_1_477' title='bbox 448 4156 586 4217; x_wconf 79' lang='grc' dir='ltr'>οὕτω</span> <span class='ocrx_word' id='word_1_478' title='bbox 618 4162 923 4239; x_wconf 83' lang='grc' dir='ltr'>ληφθῆναι·</span> <span class='ocrx_word' id='word_1_479' title='bbox 976 4161 1070 4226; x_wconf 75' lang='grc' dir='ltr'>Εἷς</span> <span class='ocrx_word' id='word_1_480' title='bbox 1098 4159 1276 4219; x_wconf 85' lang='grc' dir='ltr'>πάντα</span> <span class='ocrx_word' id='word_1_481' title='bbox 1320 4158 1384 4217; x_wconf 82' lang='grc' dir='ltr'><strong>τὰ</strong></span> <span class='ocrx_word' id='word_1_482' title='bbox 1429 4158 1551 4232; x_wconf 86' lang='grc' dir='ltr'>ἔθνη</span> <span class='ocrx_word' id='word_1_483' title='bbox 1599 4158 1919 4240; x_wconf 83' lang='grc' dir='ltr'>γνωρισθέν-</span> 
     </span>
    </p>
   </div>
   <div class='ocr_carea' id='block_1_61' title="bbox 321 4246 1916 4329">
    <p class='ocr_par' dir='ltr' id='par_1_61' title="bbox 321 4246 1916 4329">
     <span class='ocr_line' id='line_1_61' title="bbox 321 4246 1916 4329; baseline 0.003 -25"><span class='ocrx_word' id='word_1_484' title='bbox 321 4269 412 4313; x_wconf 90' lang='grc' dir='ltr'><strong>τος</strong></span> <span class='ocrx_word' id='word_1_485' title='bbox 440 4247 526 4306; x_wconf 80' lang='grc' dir='ltr'><strong>διὰ</strong></span> <span class='ocrx_word' id='word_1_486' title='bbox 556 4250 743 4320; x_wconf 86' lang='grc' dir='ltr'>Ἰησοῦ</span> <span class='ocrx_word' id='word_1_487' title='bbox 778 4250 1034 4328; x_wconf 87' lang='grc' dir='ltr'>Χριστοῦ.</span> <span class='ocrx_word' id='word_1_488' title='bbox 1087 4248 1254 4315; x_wconf 76' lang='grc' dir='ltr'>Αὐτὸς</span> <span class='ocrx_word' id='word_1_489' title='bbox 1284 4246 1390 4328; x_wconf 80' lang='grc' dir='ltr'><strong>γὰρ</strong></span> <span class='ocrx_word' id='word_1_490' title='bbox 1428 4248 1679 4329; x_wconf 80' lang='grc' dir='ltr'>ἐγνώρισε</span> <span class='ocrx_word' id='word_1_491' title='bbox 1710 4248 1774 4309; x_wconf 84' lang='grc' dir='ltr'>τὸ</span> <span class='ocrx_word' id='word_1_492' title='bbox 1801 4273 1916 4324; x_wconf 88' lang='grc' dir='ltr'>μυ-</span> 
     </span>
    </p>
   </div>
   <div class='ocr_carea' id='block_1_62' title="bbox 322 4335 1917 4415">
    <p class='ocr_par' dir='ltr' id='par_1_62' title="bbox 322 4335 1917 4415">
     <span class='ocr_line' id='line_1_62' title="bbox 322 4335 1917 4415; baseline 0.002 -22"><span class='ocrx_word' id='word_1_493' title='bbox 322 4336 537 4415; x_wconf 79' lang='grc' dir='ltr'>στήριον</span> <span class='ocrx_word' id='word_1_494' title='bbox 596 4348 705 4404; x_wconf 84' lang='grc' dir='ltr'>τοῖς</span> <span class='ocrx_word' id='word_1_495' title='bbox 761 4337 992 4413; x_wconf 80' lang='grc' dir='ltr'>ἔθνεσιν,</span> <span class='ocrx_word' id='word_1_496' title='bbox 1045 4341 1074 4397; x_wconf 81' lang='grc' dir='ltr'><strong>ὃ</strong></span> <span class='ocrx_word' id='word_1_497' title='bbox 1125 4335 1245 4405; x_wconf 81' lang='grc' dir='ltr'>τοὺς</span> <span class='ocrx_word' id='word_1_498' title='bbox 1307 4336 1551 4414; x_wconf 81' lang='grc' dir='ltr'>μαθητὰς</span> <span class='ocrx_word' id='word_1_499' title='bbox 1597 4337 1917 4404; x_wconf 80' lang='grc' dir='ltr'>ἀποστείλας</span> 
     </span>
    </p>
   </div>
   <div class='ocr_carea' id='block_1_63' title="bbox 321 4426 1328 4504">
    <p class='ocr_par' dir='ltr' id='par_1_63' title="bbox 321 4426 1328 4504">
     <span class='ocr_line' id='line_1_63' title="bbox 321 4426 1328 4504; baseline 0.005 -20"><span class='ocrx_word' id='word_1_500' title='bbox 321 4427 397 4492; x_wconf 79' lang='grc' dir='ltr'>εἰς</span> <span class='ocrx_word' id='word_1_501' title='bbox 425 4426 484 4485; x_wconf 77' lang='grc' dir='ltr'>τὸ</span> <span class='ocrx_word' id='word_1_502' title='bbox 512 4432 846 4504; x_wconf 86' lang='grc' dir='ltr'>μαθητεῦσαι</span> <span class='ocrx_word' id='word_1_503' title='bbox 880 4427 1056 4487; x_wconf 90' lang='grc' dir='ltr'>πάντα</span> <span class='ocrx_word' id='word_1_504' title='bbox 1088 4426 1157 4486; x_wconf 81' lang='grc' dir='ltr'><strong>τὰ</strong></span> <span class='ocrx_word' id='word_1_505' title='bbox 1182 4427 1328 4500; x_wconf 81' lang='grc' dir='ltr'>ἔθνη.</span> 
     </span>
    </p>
   </div>
   <div class='ocr_carea' id='block_1_64' title="bbox 906 4668 1356 4731">
    <p class='ocr_par' dir='ltr' id='par_1_64' title="bbox 906 4668 1356 4731">
     <span class='ocr_line' id='line_1_64' title="bbox 906 4668 1356 4731; baseline -0.002 -2"><span class='ocrx_word' id='word_1_506' title='bbox 906 4668 1197 4731; x_wconf 84' lang='grc' dir='ltr'><strong>ΚΕΦΑΛ.</strong></span> <span class='ocrx_word' id='word_1_507' title='bbox 1245 4668 1356 4729; x_wconf 85' lang='lat' dir='ltr'><strong>lE’.</strong></span> 
     </span>
    </p>
   </div>
   <div class='ocr_carea' id='block_1_65' title="bbox 414 4800 1919 4882">
    <p class='ocr_par' dir='ltr' id='par_1_65' title="bbox 414 4800 1919 4882">
     <span class='ocr_line' id='line_1_65' title="bbox 414 4800 1919 4882; baseline 0.001 -24"><span class='ocrx_word' id='word_1_508' title='bbox 414 4821 444 4857; x_wconf 81' lang='grc' dir='ltr'><strong>ιι</strong></span> <span class='ocrx_word' id='word_1_509' title='bbox 483 4800 805 4882; x_wconf 85' lang='grc' dir='ltr'>Ὀφείλομεν</span> <span class='ocrx_word' id='word_1_510' title='bbox 837 4801 891 4861; x_wconf 74' lang='grc' dir='ltr'>δὲ</span> <span class='ocrx_word' id='word_1_511' title='bbox 930 4804 1086 4881; x_wconf 85' lang='grc' dir='ltr'>ἡμεῖς</span> <span class='ocrx_word' id='word_1_512' title='bbox 1124 4805 1174 4862; x_wconf 78' lang='grc' dir='ltr'>οἱ</span> <span class='ocrx_word' id='word_1_513' title='bbox 1217 4802 1429 4862; x_wconf 81' lang='grc' dir='ltr'>δυνατοὶ</span> <span class='ocrx_word' id='word_1_514' title='bbox 1460 4801 1527 4862; x_wconf 80' lang='grc' dir='ltr'><strong>τὰ</strong></span> <span class='ocrx_word' id='word_1_515' title='bbox 1574 4800 1919 4877; x_wconf 78' lang='grc' dir='ltr'>ἀσθενήματα</span> 
     </span>
    </p>
   </div>
   <div class='ocr_carea' id='block_1_66' title="bbox 319 4890 1918 4972">
    <p class='ocr_par' dir='ltr' id='par_1_66' title="bbox 319 4890 1918 4972">
     <span class='ocr_line' id='line_1_66' title="bbox 319 4890 1918 4972; baseline -0.001 -23"><span class='ocrx_word' id='word_1_516' title='bbox 319 4895 430 4949; x_wconf 77' lang='grc' dir='ltr'><strong>τῶν</strong></span> <span class='ocrx_word' id='word_1_517' title='bbox 461 4890 734 4951; x_wconf 81' lang='grc' dir='ltr'>ἀδυνάτων</span> <span class='ocrx_word' id='word_1_518' title='bbox 770 4891 1075 4972; x_wconf 79' lang='grc' dir='ltr'>βαστάζειν.</span> <span class='ocrx_word' id='word_1_519' title='bbox 1116 4919 1141 4945; x_wconf 73' lang='grc' dir='ltr'>ι»</span> <span class='ocrx_word' id='word_1_520' title='bbox 1189 4892 1346 4953; x_wconf 78' lang='grc' dir='ltr'>Μετὰ</span> <span class='ocrx_word' id='word_1_521' title='bbox 1396 4890 1494 4962; x_wconf 82' lang='grc' dir='ltr'><strong>τὴν</strong></span> <span class='ocrx_word' id='word_1_522' title='bbox 1543 4890 1703 4971; x_wconf 75' lang='grc' dir='ltr'>εὐχὴν</span> <span class='ocrx_word' id='word_1_523' title='bbox 1753 4891 1918 4951; x_wconf 82' lang='grc' dir='ltr'>πάλιν</span> 
     </span>
    </p>
   </div>
   <div class='ocr_carea' id='block_1_67' title="bbox 319 4978 1921 5060">
    <p class='ocr_par' dir='ltr' id='par_1_67' title="bbox 319 4978 1921 5060">
     <span class='ocr_line' id='line_1_67' title="bbox 319 4978 1921 5060; baseline 0.001 -23"><span class='ocrx_word' id='word_1_524' title='bbox 319 4984 604 5058; x_wconf 87' lang='grc' dir='ltr'>παραινεῖ,</span> <span class='ocrx_word' id='word_1_525' title='bbox 642 4980 735 5041; x_wconf 76' lang='grc' dir='ltr'>καὶ</span> <span class='ocrx_word' id='word_1_526' title='bbox 785 4980 1182 5059; x_wconf 77' lang='grc' dir='ltr'>ἐκμειλίσσεται</span> <span class='ocrx_word' id='word_1_527' title='bbox 1226 4978 1347 5048; x_wconf 81' lang='grc' dir='ltr'>τοὺς</span> <span class='ocrx_word' id='word_1_528' title='bbox 1396 4978 1752 5060; x_wconf 84' lang='grc' dir='ltr'>τελειοτέρους</span> <span class='ocrx_word' id='word_1_529' title='bbox 1773 5026 1789 5052; x_wconf 89' lang='grc'><strong>,</strong></span> <span class='ocrx_word' id='word_1_530' title='bbox 1828 4978 1921 5039; x_wconf 77' lang='grc' dir='ltr'>καὶ</span> 
     </span>
    </p>
   </div>
   <div class='ocr_carea' id='block_1_68' title="bbox 318 5069 1919 5151">
    <p class='ocr_par' dir='ltr' id='par_1_68' title="bbox 318 5069 1919 5151">
     <span class='ocr_line' id='line_1_68' title="bbox 318 5069 1919 5151; baseline 0.001 -24"><span class='ocrx_word' id='word_1_531' title='bbox 318 5072 397 5151; x_wconf 74' lang='grc' dir='ltr'><strong>τῷ</strong></span> <span class='ocrx_word' id='word_1_532' title='bbox 428 5073 544 5146; x_wconf 87' lang='grc' dir='ltr'>μεθ’</span> <span class='ocrx_word' id='word_1_533' title='bbox 587 5072 779 5130; x_wconf 74' lang='grc' dir='ltr'>ἑαυτοῦ</span> <span class='ocrx_word' id='word_1_534' title='bbox 825 5071 1012 5148; x_wconf 79' lang='grc' dir='ltr'>τάξαι,</span> <span class='ocrx_word' id='word_1_535' title='bbox 1044 5070 1134 5129; x_wconf 82' lang='grc' dir='ltr'><strong>καὶ</strong></span> <span class='ocrx_word' id='word_1_536' title='bbox 1181 5073 1258 5151; x_wconf 90' lang='grc' dir='ltr'><strong>τῷ</strong></span> <span class='ocrx_word' id='word_1_537' title='bbox 1303 5069 1552 5137; x_wconf 82' lang='grc' dir='ltr'>δυνατοὺς</span> <span class='ocrx_word' id='word_1_538' title='bbox 1581 5071 1767 5127; x_wconf 81' lang='grc' dir='ltr'>εἰπεῖν.</span> <span class='ocrx_word' id='word_1_539' title='bbox 1799 5072 1919 5130; x_wconf 81' lang='grc' dir='ltr'><strong>Οὐκ</strong></span> 
     </span>
    </p>
   </div>
   <div class='ocr_carea' id='block_1_69' title="bbox 319 5149 1919 5236">
    <p class='ocr_par' dir='ltr' id='par_1_69' title="bbox 319 5149 1919 5236">
     <span class='ocr_line' id='line_1_69' title="bbox 319 5149 1919 5236; baseline -0.001 -19"><span class='ocrx_word' id='word_1_540' title='bbox 319 5149 439 5217; x_wconf 77' lang='grc' dir='ltr'>εἶπε</span> <span class='ocrx_word' id='word_1_541' title='bbox 467 5158 523 5217; x_wconf 76' lang='grc' dir='ltr'>δὲ</span> <span class='ocrx_word' id='word_1_542' title='bbox 553 5159 771 5231; x_wconf 73' lang='grc' dir='ltr'>ἁπλῶς,</span> <span class='ocrx_word' id='word_1_543' title='bbox 816 5158 955 5227; x_wconf 75' lang='grc' dir='ltr'>Τοὺς</span> <span class='ocrx_word' id='word_1_544' title='bbox 985 5149 1252 5236; x_wconf 72' lang='grc' dir='ltr'>ἀσθενεῖς,</span> <span class='ocrx_word' id='word_1_545' title='bbox 1285 5160 1426 5218; x_wconf 80' lang='grc' dir='ltr'>ἀλλὰ</span> <span class='ocrx_word' id='word_1_546' title='bbox 1444 5204 1463 5232; x_wconf 89' lang='grc'><strong>,</strong></span> <span class='ocrx_word' id='word_1_547' title='bbox 1502 5180 1533 5216; x_wconf 82' lang='grc' dir='ltr'>(ι</span> <span class='ocrx_word' id='word_1_548' title='bbox 1560 5159 1649 5219; x_wconf 79' lang='grc' dir='ltr'><strong>Τὰ</strong></span> <span class='ocrx_word' id='word_1_549' title='bbox 1681 5158 1919 5229; x_wconf 80' lang='grc' dir='ltr'>ἀσθενή-</span> 
     </span>
    </p>
   </div>
   <div class='ocr_carea' id='block_1_70' title="bbox 320 5247 1922 5327">
    <p class='ocr_par' dir='ltr' id='par_1_70' title="bbox 320 5247 1922 5327">
     <span class='ocr_line' id='line_1_70' title="bbox 320 5247 1922 5327; baseline 0.002 -22"><span class='ocrx_word' id='word_1_550' title='bbox 320 5271 469 5325; x_wconf 84' lang='grc' dir='ltr'>ματα</span> <span class='ocrx_word' id='word_1_551' title='bbox 516 5251 621 5308; x_wconf 81' lang='grc' dir='ltr'><strong>τῷν</strong></span> <span class='ocrx_word' id='word_1_552' title='bbox 663 5250 968 5327; x_wconf 81' lang='grc' dir='ltr'>ἀδυνάτων,</span> <span class='ocrx_word' id='word_1_553' title='bbox 1018 5271 1049 5308; x_wconf 76' lang='lat' dir='ltr'><strong>n</strong></span> <span class='ocrx_word' id='word_1_554' title='bbox 1089 5247 1362 5317; x_wconf 82' lang='grc' dir='ltr'>διπλώσας</span> <span class='ocrx_word' id='word_1_555' title='bbox 1392 5249 1489 5322; x_wconf 78' lang='grc' dir='ltr'><strong>τὴν</strong></span> <span class='ocrx_word' id='word_1_556' title='bbox 1536 5247 1676 5316; x_wconf 78' lang='grc' dir='ltr'>λέξιν</span> <span class='ocrx_word' id='word_1_557' title='bbox 1708 5248 1785 5325; x_wconf 77' lang='grc'><strong>⁵³,</strong></span> <span class='ocrx_word' id='word_1_558' title='bbox 1831 5247 1922 5309; x_wconf 79' lang='grc' dir='ltr'><strong>ἵνα</strong></span> 
     </span>
    </p>
   </div>
   <div class='ocr_carea' id='block_1_71' title="bbox 319 5336 1231 5422">
    <p class='ocr_par' dir='ltr' id='par_1_71' title="bbox 319 5336 1231 5422">
     <span class='ocr_line' id='line_1_71' title="bbox 319 5336 1231 5422; baseline 0.004 -28"><span class='ocrx_word' id='word_1_559' title='bbox 319 5336 454 5417; x_wconf 79' lang='grc' dir='ltr'>πρὸς</span> <span class='ocrx_word' id='word_1_560' title='bbox 480 5339 650 5397; x_wconf 83' lang='grc' dir='ltr'>πλείω</span> <span class='ocrx_word' id='word_1_561' title='bbox 676 5339 823 5399; x_wconf 79' lang='grc' dir='ltr'>ἔλεον</span> <span class='ocrx_word' id='word_1_562' title='bbox 855 5338 1231 5422; x_wconf 80' lang='grc' dir='ltr'>ἐφελκύσηται.</span> 
     </span>
    </p>
   </div>
   <div class='ocr_carea' id='block_1_72' title="bbox 431 5518 1917 5603">
    <p class='ocr_par' dir='ltr' id='par_1_72' title="bbox 431 5518 1917 5603">
     <span class='ocr_line' id='line_1_72' title="bbox 431 5518 1917 5603; baseline -0.003 -22"><span class='ocrx_word' id='word_1_563' title='bbox 431 5546 450 5567; x_wconf 87' lang='grc'><strong>·</strong></span> <span class='ocrx_word' id='word_1_564' title='bbox 482 5519 595 5578; x_wconf 75' lang='grc' dir='ltr'><strong>Καὶ</strong></span> <span class='ocrx_word' id='word_1_565' title='bbox 625 5519 704 5598; x_wconf 75' lang='grc' dir='ltr'><strong>μὴ</strong></span> <span class='ocrx_word' id='word_1_566' title='bbox 733 5524 936 5586; x_wconf 81' lang='grc' dir='ltr'>ἑαυτοῖς</span> <span class='ocrx_word' id='word_1_567' title='bbox 965 5520 1224 5603; x_wconf 84' lang='grc' dir='ltr'>ἀρέσκειν.</span> <span class='ocrx_word' id='word_1_568' title='bbox 1246 5547 1270 5573; x_wconf 67' lang='grc' dir='ltr'><strong>ν</strong></span> <span class='ocrx_word' id='word_1_569' title='bbox 1302 5519 1479 5579; x_wconf 76' lang='grc' dir='ltr'>Εἰπὼν</span> <span class='ocrx_word' id='word_1_570' title='bbox 1496 5564 1512 5594; x_wconf 93' lang='grc'><strong>,</strong></span> <span class='ocrx_word' id='word_1_571' title='bbox 1540 5518 1617 5577; x_wconf 81' lang='grc' dir='ltr'><strong>ὅτι</strong></span> <span class='ocrx_word' id='word_1_572' title='bbox 1643 5519 1917 5599; x_wconf 80' lang='grc' dir='ltr'>ὀφείλομεν</span> 
     </span>
    </p>
   </div>
   <div class='ocr_carea' id='block_1_73' title="bbox 2036 2012 3625 2086">
    <p class='ocr_par' dir='ltr' id='par_1_73' title="bbox 2036 2012 3625 2086">
     <span class='ocr_line' id='line_1_73' title="bbox 2036 2012 3625 2086; baseline 0 -18"><span class='ocrx_word' id='word_1_573' title='bbox 2036 2021 2142 2069; x_wconf 90' lang='lat' dir='ltr'><strong>test</strong></span> <span class='ocrx_word' id='word_1_574' title='bbox 2174 2029 2269 2069; x_wconf 90' lang='lat' dir='ltr'><strong>vos</strong></span> <span class='ocrx_word' id='word_1_575' title='bbox 2314 2012 2669 2086; x_wconf 86' lang='lat' dir='ltr'><strong>imperfectos</strong></span> <span class='ocrx_word' id='word_1_576' title='bbox 2713 2023 2770 2070; x_wconf 91' lang='lat' dir='ltr'><strong>et</strong></span> <span class='ocrx_word' id='word_1_577' title='bbox 2823 2029 3123 2069; x_wconf 87' lang='lat' dir='ltr'><strong>concussos</strong></span> <span class='ocrx_word' id='word_1_578' title='bbox 3163 2012 3403 2069; x_wconf 90' lang='lat' dir='ltr'><strong>stabilire</strong></span> <span class='ocrx_word' id='word_1_579' title='bbox 3440 2032 3453 2067; x_wconf 90' lang='lat'>:</span> <span class='ocrx_word' id='word_1_580' title='bbox 3484 2028 3625 2084; x_wconf 92' lang='lat' dir='ltr'><strong>quo-</strong></span> 
     </span>
    </p>
   </div>
   <div class='ocr_carea' id='block_1_74' title="bbox 2031 2102 3629 2176">
    <p class='ocr_par' dir='ltr' id='par_1_74' title="bbox 2031 2102 3629 2176">
     <span class='ocr_line' id='line_1_74' title="bbox 2031 2102 3629 2176; baseline -0.001 -18"><span class='ocrx_word' id='word_1_581' title='bbox 2031 2102 2235 2159; x_wconf 78' lang='lat' dir='ltr'><strong>modo?</strong></span> <span class='ocrx_word' id='word_1_582' title='bbox 2273 2104 2588 2160; x_wconf 88' lang='lat' dir='ltr'><strong>Secundum</strong></span> <span class='ocrx_word' id='word_1_583' title='bbox 2630 2103 2986 2176; x_wconf 86' lang='lat' dir='ltr'><strong>Evangelium</strong></span> <span class='ocrx_word' id='word_1_584' title='bbox 3027 2119 3241 2170; x_wconf 86' lang='lat' dir='ltr'><strong>meum,</strong></span> <span class='ocrx_word' id='word_1_585' title='bbox 3275 2102 3379 2157; x_wconf 91' lang='lat' dir='ltr'><strong>hoc</strong></span> <span class='ocrx_word' id='word_1_586' title='bbox 3430 2110 3534 2168; x_wconf 91' lang='lat' dir='ltr'><strong>est,</strong></span> <span class='ocrx_word' id='word_1_587' title='bbox 3566 2111 3629 2157; x_wconf 91' lang='lat' dir='ltr'><strong>ut</strong></span> 
     </span>
    </p>
   </div>
   <div class='ocr_carea' id='block_1_75' title="bbox 2027 2192 3628 2265">
    <p class='ocr_par' dir='ltr' id='par_1_75' title="bbox 2027 2192 3628 2265">
     <span class='ocr_line' id='line_1_75' title="bbox 2027 2192 3628 2265; baseline -0.001 -18"><span class='ocrx_word' id='word_1_588' title='bbox 2027 2192 2358 2249; x_wconf 89' lang='lat' dir='ltr'><strong>contineatis</strong></span> <span class='ocrx_word' id='word_1_589' title='bbox 2383 2209 2445 2249; x_wconf 93' lang='lat' dir='ltr'><strong>ea</strong></span> <span class='ocrx_word' id='word_1_590' title='bbox 2466 2209 2595 2265; x_wconf 71' lang='lat' dir='ltr'><strong>quae</strong></span> <span class='ocrx_word' id='word_1_591' title='bbox 2614 2193 2806 2250; x_wconf 91' lang='lat' dir='ltr'><strong>doceo.</strong></span> <span class='ocrx_word' id='word_1_592' title='bbox 2834 2192 3175 2264; x_wconf 83' lang='lat' dir='ltr'><strong>Evangeliun</strong></span> <span class='ocrx_word' id='word_1_593' title='bbox 3202 2201 3392 2248; x_wconf 85' lang='lat' dir='ltr'><strong>autem</strong></span> <span class='ocrx_word' id='word_1_594' title='bbox 3414 2207 3628 2260; x_wconf 90' lang='lat' dir='ltr'><strong>meum,</strong></span> 
     </span>
    </p>
   </div>
   <div class='ocr_carea' id='block_1_76' title="bbox 2030 2280 3625 2353">
    <p class='ocr_par' dir='ltr' id='par_1_76' title="bbox 2030 2280 3625 2353">
     <span class='ocr_line' id='line_1_76' title="bbox 2030 2280 3625 2353; baseline -0.001 -17"><span class='ocrx_word' id='word_1_595' title='bbox 2030 2290 2086 2337; x_wconf 91' lang='lat' dir='ltr'><strong>et</strong></span> <span class='ocrx_word' id='word_1_596' title='bbox 2111 2280 2316 2338; x_wconf 87' lang='lat' dir='ltr'><strong>Christi</strong></span> <span class='ocrx_word' id='word_1_597' title='bbox 2349 2281 2688 2353; x_wconf 58' lang='lat' dir='ltr'><strong>pradieatio,</strong></span> <span class='ocrx_word' id='word_1_598' title='bbox 2718 2298 2893 2338; x_wconf 92' lang='lat' dir='ltr'><strong>unum</strong></span> <span class='ocrx_word' id='word_1_599' title='bbox 2924 2290 3076 2339; x_wconf 91' lang='lat' dir='ltr'><strong>sunt.</strong></span> <span class='ocrx_word' id='word_1_600' title='bbox 3112 2282 3238 2337; x_wconf 88' lang='lat' dir='ltr'><strong>Non</strong></span> <span class='ocrx_word' id='word_1_601' title='bbox 3260 2290 3448 2336; x_wconf 87' lang='lat' dir='ltr'><strong>nostra</strong></span> <span class='ocrx_word' id='word_1_602' title='bbox 3478 2282 3625 2336; x_wconf 90' lang='lat' dir='ltr'><strong>enim</strong></span> 
     </span>
    </p>
   </div>
   <div class='ocr_carea' id='block_1_77' title="bbox 2026 2369 3634 2443">
    <p class='ocr_par' dir='ltr' id='par_1_77' title="bbox 2026 2369 3634 2443">
     <span class='ocr_line' id='line_1_77' title="bbox 2026 2369 3634 2443; baseline -0.001 -16"><span class='ocrx_word' id='word_1_603' title='bbox 2026 2370 2308 2442; x_wconf 86' lang='lat' dir='ltr'><strong>dogmata,</strong></span> <span class='ocrx_word' id='word_1_604' title='bbox 2333 2371 2430 2428; x_wconf 91' lang='lat' dir='ltr'><strong>sed</strong></span> <span class='ocrx_word' id='word_1_605' title='bbox 2458 2372 2603 2428; x_wconf 91' lang='lat' dir='ltr'><strong>illius</strong></span> <span class='ocrx_word' id='word_1_606' title='bbox 2646 2372 2791 2443; x_wconf 85' lang='lat' dir='ltr'><strong>leges</strong></span> <span class='ocrx_word' id='word_1_607' title='bbox 2825 2379 2973 2427; x_wconf 90' lang='lat' dir='ltr'><strong>sunt.</strong></span> <span class='ocrx_word' id='word_1_608' title='bbox 3008 2394 3034 2419; x_wconf 75' lang='grc' dir='ltr'><strong>α</strong></span> <span class='ocrx_word' id='word_1_609' title='bbox 3065 2369 3383 2427; x_wconf 93' lang='lat' dir='ltr'><strong>Secundum</strong></span> <span class='ocrx_word' id='word_1_610' title='bbox 3424 2369 3634 2426; x_wconf 87' lang='lat' dir='ltr'><strong>revela-</strong></span> 
     </span>
    </p>
   </div>
   <div class='ocr_carea' id='block_1_78' title="bbox 2026 2459 3626 2533">
    <p class='ocr_par' dir='ltr' id='par_1_78' title="bbox 2026 2459 3626 2533">
     <span class='ocr_line' id='line_1_78' title="bbox 2026 2459 3626 2533; baseline -0.001 -17"><span class='ocrx_word' id='word_1_611' title='bbox 2026 2460 2242 2517; x_wconf 92' lang='lat' dir='ltr'><strong>tionem</strong></span> <span class='ocrx_word' id='word_1_612' title='bbox 2300 2461 2567 2533; x_wconf 89' lang='lat' dir='ltr'><strong>mysterii.</strong></span> <span class='ocrx_word' id='word_1_613' title='bbox 2622 2483 2646 2510; x_wconf 69' lang='grc' dir='ltr'>υ</span> <span class='ocrx_word' id='word_1_614' title='bbox 2698 2460 2929 2517; x_wconf 81' lang='lat' dir='ltr'><strong>Maximi</strong></span> <span class='ocrx_word' id='word_1_615' title='bbox 2968 2459 3197 2516; x_wconf 90' lang='lat' dir='ltr'><strong>honoris</strong></span> <span class='ocrx_word' id='word_1_616' title='bbox 3232 2469 3626 2531; x_wconf 87' lang='lat' dir='ltr'><strong>argumentum</strong></span> 
     </span>
    </p>
   </div>
   <div class='ocr_carea' id='block_1_79' title="bbox 2030 2549 3627 2622">
    <p class='ocr_par' dir='ltr' id='par_1_79' title="bbox 2030 2549 3627 2622">
     <span class='ocr_line' id='line_1_79' title="bbox 2030 2549 3627 2622; baseline -0.002 -15"><span class='ocrx_word' id='word_1_617' title='bbox 2030 2558 2135 2619; x_wconf 86' lang='lat' dir='ltr'><strong>est,</strong></span> <span class='ocrx_word' id='word_1_618' title='bbox 2173 2566 2273 2606; x_wconf 90' lang='lat' dir='ltr'><strong>nos</strong></span> <span class='ocrx_word' id='word_1_619' title='bbox 2317 2566 2436 2606; x_wconf 87' lang='lat' dir='ltr'><strong>esse</strong></span> <span class='ocrx_word' id='word_1_620' title='bbox 2478 2550 2874 2622; x_wconf 85' lang='lat' dir='ltr'><strong>mysteriorum</strong></span> <span class='ocrx_word' id='word_1_621' title='bbox 2920 2549 3230 2621; x_wconf 89' lang='lat' dir='ltr'><strong>participes,</strong></span> <span class='ocrx_word' id='word_1_622' title='bbox 3299 2565 3501 2620; x_wconf 90' lang='lat' dir='ltr'><strong>nempe</strong></span> <span class='ocrx_word' id='word_1_623' title='bbox 3550 2549 3627 2605; x_wconf 88' lang='lat' dir='ltr'><strong>rei</strong></span> 
     </span>
    </p>
   </div>
   <div class='ocr_carea' id='block_1_80' title="bbox 2030 2638 3631 2712">
    <p class='ocr_par' dir='ltr' id='par_1_80' title="bbox 2030 2638 3631 2712">
     <span class='ocr_line' id='line_1_80' title="bbox 2030 2638 3631 2712; baseline -0.001 -17"><span class='ocrx_word' id='word_1_624' title='bbox 2030 2639 2165 2695; x_wconf 91' lang='lat' dir='ltr'><strong>olim</strong></span> <span class='ocrx_word' id='word_1_625' title='bbox 2190 2639 2571 2712; x_wconf 66' lang='lat' dir='ltr'><strong>praedeﬁnitae,</strong></span> <span class='ocrx_word' id='word_1_626' title='bbox 2598 2639 2967 2696; x_wconf 69' lang='lat' dir='ltr'><strong>manifestam</strong></span> <span class='ocrx_word' id='word_1_627' title='bbox 2990 2647 3179 2695; x_wconf 89' lang='lat' dir='ltr'><strong>autem</strong></span> <span class='ocrx_word' id='word_1_628' title='bbox 3199 2654 3349 2694; x_wconf 92' lang='lat' dir='ltr'><strong>nunc</strong></span> <span class='ocrx_word' id='word_1_629' title='bbox 3370 2653 3466 2709; x_wconf 91' lang='lat' dir='ltr'><strong>per</strong></span> <span class='ocrx_word' id='word_1_630' title='bbox 3490 2638 3631 2695; x_wconf 92' lang='lat' dir='ltr'><strong>Seri-</strong></span> 
     </span>
    </p>
   </div>
   <div class='ocr_carea' id='block_1_81' title="bbox 2032 2727 3626 2801">
    <p class='ocr_par' dir='ltr' id='par_1_81' title="bbox 2032 2727 3626 2801">
     <span class='ocr_line' id='line_1_81' title="bbox 2032 2727 3626 2801; baseline -0.001 -16"><span class='ocrx_word' id='word_1_631' title='bbox 2032 2738 2219 2801; x_wconf 88' lang='lat' dir='ltr'><strong>pturas</strong></span> <span class='ocrx_word' id='word_1_632' title='bbox 2248 2728 2615 2800; x_wconf 86' lang='lat' dir='ltr'><strong>propheticas.</strong></span> <span class='ocrx_word' id='word_1_633' title='bbox 2638 2731 2825 2800; x_wconf 86' lang='lat' dir='ltr'><strong>Itaque</strong></span> <span class='ocrx_word' id='word_1_634' title='bbox 2856 2727 2993 2799; x_wconf 90' lang='lat' dir='ltr'><strong>quid</strong></span> <span class='ocrx_word' id='word_1_635' title='bbox 3022 2728 3185 2784; x_wconf 91' lang='lat' dir='ltr'><strong>times</strong></span> <span class='ocrx_word' id='word_1_636' title='bbox 3206 2737 3289 2796; x_wconf 90' lang='lat' dir='ltr'><strong>tu,</strong></span> <span class='ocrx_word' id='word_1_637' title='bbox 3317 2727 3626 2796; x_wconf 87' lang='lat' dir='ltr'><strong>imbecillis,</strong></span> 
     </span>
    </p>
   </div>
   <div class='ocr_carea' id='block_1_82' title="bbox 2028 2816 3628 2891">
    <p class='ocr_par' dir='ltr' id='par_1_82' title="bbox 2028 2816 3628 2891">
     <span class='ocr_line' id='line_1_82' title="bbox 2028 2816 3628 2891; baseline 0 -18"><span class='ocrx_word' id='word_1_638' title='bbox 2028 2834 2151 2874; x_wconf 90' lang='lat' dir='ltr'><strong>nea</strong></span> <span class='ocrx_word' id='word_1_639' title='bbox 2187 2820 2305 2891; x_wconf 83' lang='lat' dir='ltr'><strong>lege</strong></span> <span class='ocrx_word' id='word_1_640' title='bbox 2348 2817 2571 2875; x_wconf 89' lang='lat' dir='ltr'><strong>deﬁcias</strong></span> <span class='ocrx_word' id='word_1_641' title='bbox 2602 2833 2793 2874; x_wconf 91' lang='lat' dir='ltr'><strong>carnes</strong></span> <span class='ocrx_word' id='word_1_642' title='bbox 2834 2818 3083 2889; x_wconf 87' lang='lat' dir='ltr'><strong>porcinas</strong></span> <span class='ocrx_word' id='word_1_643' title='bbox 3112 2817 3316 2874; x_wconf 83' lang='lat' dir='ltr'><strong>edens?</strong></span> <span class='ocrx_word' id='word_1_644' title='bbox 3354 2819 3441 2873; x_wconf 83' lang='lat' dir='ltr'><strong>En</strong></span> <span class='ocrx_word' id='word_1_645' title='bbox 3480 2816 3628 2873; x_wconf 91' lang='lat' dir='ltr'><strong>enim</strong></span> 
     </span>
    </p>
   </div>
   <div class='ocr_carea' id='block_1_83' title="bbox 2029 2907 3625 2981">
    <p class='ocr_par' dir='ltr' id='par_1_83' title="bbox 2029 2907 3625 2981">
     <span class='ocr_line' id='line_1_83' title="bbox 2029 2907 3625 2981; baseline -0.002 -16"><span class='ocrx_word' id='word_1_646' title='bbox 2029 2908 2277 2965; x_wconf 88' lang='lat' dir='ltr'><strong>universa</strong></span> <span class='ocrx_word' id='word_1_647' title='bbox 2305 2909 2582 2980; x_wconf 88' lang='lat' dir='ltr'><strong>Scriptura</strong></span> <span class='ocrx_word' id='word_1_648' title='bbox 2614 2907 2938 2981; x_wconf 81' lang='lat' dir='ltr'><strong>mysterium</strong></span> <span class='ocrx_word' id='word_1_649' title='bbox 2979 2907 3087 2963; x_wconf 90' lang='lat' dir='ltr'><strong>hoc</strong></span> <span class='ocrx_word' id='word_1_650' title='bbox 3135 2907 3426 2980; x_wconf 65' lang='lat' dir='ltr'><strong>praedicat,</strong></span> <span class='ocrx_word' id='word_1_651' title='bbox 3468 2907 3625 2978; x_wconf 91' lang='lat' dir='ltr'><strong>quod</strong></span> 
     </span>
    </p>
   </div>
   <div class='ocr_carea' id='block_1_84' title="bbox 2022 2996 3627 3067">
    <p class='ocr_par' dir='ltr' id='par_1_84' title="bbox 2022 2996 3627 3067">
     <span class='ocr_line' id='line_1_84' title="bbox 2022 2996 3627 3067; baseline -0.001 -14"><span class='ocrx_word' id='word_1_652' title='bbox 2022 2997 2435 3055; x_wconf 82' lang='lat' dir='ltr'><strong>indifferentem</strong></span> <span class='ocrx_word' id='word_1_653' title='bbox 2458 2998 2711 3055; x_wconf 89' lang='lat' dir='ltr'><strong>ciborum</strong></span> <span class='ocrx_word' id='word_1_654' title='bbox 2734 3013 2898 3053; x_wconf 91' lang='lat' dir='ltr'><strong>usum</strong></span> <span class='ocrx_word' id='word_1_655' title='bbox 2926 2996 3248 3054; x_wconf 83' lang='lat' dir='ltr'><strong>introducit.</strong></span> <span class='ocrx_word' id='word_1_656' title='bbox 3276 2996 3598 3067; x_wconf 88' lang='lat' dir='ltr'><strong>Quinetiam</strong></span> <span class='ocrx_word' id='word_1_657' title='bbox 3614 3039 3627 3064; x_wconf 92' lang='lat'><strong>,</strong></span> 
     </span>
    </p>
   </div>
   <div class='ocr_carea' id='block_1_85' title="bbox 2032 3085 3623 3159">
    <p class='ocr_par' dir='ltr' id='par_1_85' title="bbox 2032 3085 3623 3159">
     <span class='ocr_line' id='line_1_85' title="bbox 2032 3085 3623 3159; baseline -0.001 -15"><span class='ocrx_word' id='word_1_658' title='bbox 2032 3109 2060 3138; x_wconf 83' lang='lat'><strong><em>«</em></strong></span> <span class='ocrx_word' id='word_1_659' title='bbox 2086 3088 2394 3144; x_wconf 90' lang='lat' dir='ltr'><strong>secundum</strong></span> <span class='ocrx_word' id='word_1_660' title='bbox 2416 3087 2742 3144; x_wconf 89' lang='lat' dir='ltr'><strong>mandatum</strong></span> <span class='ocrx_word' id='word_1_661' title='bbox 2768 3087 2964 3145; x_wconf 71' lang='lat' dir='ltr'><strong>aeterni</strong></span> <span class='ocrx_word' id='word_1_662' title='bbox 2998 3087 3101 3142; x_wconf 89' lang='lat' dir='ltr'><strong>Dei</strong></span> <span class='ocrx_word' id='word_1_663' title='bbox 3132 3106 3160 3140; x_wconf 87' lang='lat'><strong>»</strong></span> <span class='ocrx_word' id='word_1_664' title='bbox 3193 3085 3297 3143; x_wconf 92' lang='lat' dir='ltr'><strong>hoc</strong></span> <span class='ocrx_word' id='word_1_665' title='bbox 3325 3085 3623 3159; x_wconf 90' lang='lat' dir='ltr'><strong>continget.</strong></span> 
     </span>
    </p>
   </div>
   <div class='ocr_carea' id='block_1_86' title="bbox 2025 3175 3625 3248">
    <p class='ocr_par' dir='ltr' id='par_1_86' title="bbox 2025 3175 3625 3248">
     <span class='ocr_line' id='line_1_86' title="bbox 2025 3175 3625 3248; baseline -0.003 -13"><span class='ocrx_word' id='word_1_666' title='bbox 2025 3179 2207 3248; x_wconf 88' lang='lat' dir='ltr'><strong>Quare</strong></span> <span class='ocrx_word' id='word_1_667' title='bbox 2222 3187 2276 3234; x_wconf 89' lang='lat' dir='ltr'><strong>te</strong></span> <span class='ocrx_word' id='word_1_668' title='bbox 2292 3193 2405 3233; x_wconf 89' lang='lat' dir='ltr'><strong>non</strong></span> <span class='ocrx_word' id='word_1_669' title='bbox 2423 3185 2645 3248; x_wconf 82' lang='lat' dir='ltr'><strong>Oportet</strong></span> <span class='ocrx_word' id='word_1_670' title='bbox 2662 3176 2822 3233; x_wconf 86' lang='lat' dir='ltr'><strong>reniti</strong></span> <span class='ocrx_word' id='word_1_671' title='bbox 2840 3180 2976 3246; x_wconf 90' lang='lat' dir='ltr'><strong>Deo,</strong></span> <span class='ocrx_word' id='word_1_672' title='bbox 2993 3176 3085 3233; x_wconf 87' lang='lat' dir='ltr'><strong>sed</strong></span> <span class='ocrx_word' id='word_1_673' title='bbox 3102 3175 3326 3233; x_wconf 87' lang='lat' dir='ltr'><strong>credere</strong></span> <span class='ocrx_word' id='word_1_674' title='bbox 3340 3184 3395 3231; x_wconf 88' lang='lat' dir='ltr'><strong>et</strong></span> <span class='ocrx_word' id='word_1_675' title='bbox 3412 3191 3625 3231; x_wconf 91' lang='lat' dir='ltr'><strong>morem</strong></span> 
     </span>
    </p>
   </div>
   <div class='ocr_carea' id='block_1_87' title="bbox 1950 3246 3623 3339">
    <p class='ocr_par' dir='ltr' id='par_1_87' title="bbox 1950 3246 3623 3339">
     <span class='ocr_line' id='line_1_87' title="bbox 1950 3246 3623 3339; baseline -0.004 -14"><span class='ocrx_word' id='word_1_676' title='bbox 1950 3246 1995 3311; x_wconf 66' lang='grc' dir='ltr'><strong>(ἶ</strong></span> <span class='ocrx_word' id='word_1_677' title='bbox 2027 3246 2235 3339; x_wconf 78' lang='lat' dir='ltr'><strong>gerere.</strong></span> <span class='ocrx_word' id='word_1_678' title='bbox 2282 3246 2479 3324; x_wconf 20' lang='lat' dir='ltr'><strong>Fides:</strong></span> <span class='ocrx_word' id='word_1_679' title='bbox 2505 3267 2653 3323; x_wconf 90' lang='lat' dir='ltr'><strong>enim</strong></span> <span class='ocrx_word' id='word_1_680' title='bbox 2701 3266 3017 3324; x_wconf 91' lang='lat' dir='ltr'><strong>obedientia</strong></span> <span class='ocrx_word' id='word_1_681' title='bbox 3058 3282 3199 3337; x_wconf 89' lang='lat' dir='ltr'><strong>opus</strong></span> <span class='ocrx_word' id='word_1_682' title='bbox 3260 3265 3450 3334; x_wconf 88' lang='lat' dir='ltr'><strong>habet,</strong></span> <span class='ocrx_word' id='word_1_683' title='bbox 3510 3281 3623 3321; x_wconf 88' lang='lat' dir='ltr'><strong>non</strong></span> 
     </span>
    </p>
   </div>
   <div class='ocr_carea' id='block_1_88' title="bbox 2029 3354 3626 3429">
    <p class='ocr_par' dir='ltr' id='par_1_88' title="bbox 2029 3354 3626 3429">
     <span class='ocr_line' id='line_1_88' title="bbox 2029 3354 3626 3429; baseline -0.003 -15"><span class='ocrx_word' id='word_1_684' title='bbox 2029 3357 2365 3414; x_wconf 88' lang='lat' dir='ltr'><strong>curiositate.</strong></span> <span class='ocrx_word' id='word_1_685' title='bbox 2410 3359 2687 3413; x_wconf 66' lang='lat' dir='ltr'><strong>Prazterea</strong></span> <span class='ocrx_word' id='word_1_686' title='bbox 2737 3376 2765 3409; x_wconf 75' lang='grc' dir='ltr'><strong>α</strong></span> <span class='ocrx_word' id='word_1_687' title='bbox 2832 3372 3029 3413; x_wconf 92' lang='lat' dir='ltr'><strong>omnes</strong></span> <span class='ocrx_word' id='word_1_688' title='bbox 3074 3365 3265 3429; x_wconf 87' lang='lat' dir='ltr'><strong>gentes</strong></span> <span class='ocrx_word' id='word_1_689' title='bbox 3315 3378 3342 3405; x_wconf 75' lang='grc' dir='ltr'>ι»</span> <span class='ocrx_word' id='word_1_690' title='bbox 3389 3354 3465 3412; x_wconf 92' lang='lat' dir='ltr'><strong>ita</strong></span> <span class='ocrx_word' id='word_1_691' title='bbox 3512 3371 3626 3411; x_wconf 86' lang='lat' dir='ltr'><strong>ere-</strong></span> 
     </span>
    </p>
   </div>
   <div class='ocr_carea' id='block_1_89' title="bbox 2020 3444 3617 3517">
    <p class='ocr_par' dir='ltr' id='par_1_89' title="bbox 2020 3444 3617 3517">
     <span class='ocr_line' id='line_1_89' title="bbox 2020 3444 3617 3517; baseline -0.002 -14"><span class='ocrx_word' id='word_1_692' title='bbox 2020 3446 2163 3504; x_wconf 91' lang='lat' dir='ltr'><strong>dunt</strong></span> <span class='ocrx_word' id='word_1_693' title='bbox 2193 3465 2207 3502; x_wconf 89' lang='lat'><strong>:</strong></span> <span class='ocrx_word' id='word_1_694' title='bbox 2237 3447 2494 3503; x_wconf 89' lang='lat' dir='ltr'><strong>omnibus</strong></span> <span class='ocrx_word' id='word_1_695' title='bbox 2520 3445 2671 3502; x_wconf 93' lang='lat' dir='ltr'><strong>enim</strong></span> <span class='ocrx_word' id='word_1_696' title='bbox 2699 3446 2961 3502; x_wconf 90' lang='lat' dir='ltr'><strong>innotuit.</strong></span> <span class='ocrx_word' id='word_1_697' title='bbox 2991 3444 3287 3515; x_wconf 88' lang='lat' dir='ltr'><strong>Quomodo</strong></span> <span class='ocrx_word' id='word_1_698' title='bbox 3316 3444 3480 3517; x_wconf 85' lang='lat' dir='ltr'><strong>igitur</strong></span> <span class='ocrx_word' id='word_1_699' title='bbox 3505 3445 3617 3517; x_wconf 90' lang='lat' dir='ltr'><strong>ipse</strong></span> 
     </span>
    </p>
   </div>
   <div class='ocr_carea' id='block_1_90' title="bbox 2024 3534 3617 3609">
    <p class='ocr_par' dir='ltr' id='par_1_90' title="bbox 2024 3534 3617 3609">
     <span class='ocr_line' id='line_1_90' title="bbox 2024 3534 3617 3609; baseline -0.004 -18"><span class='ocrx_word' id='word_1_700' title='bbox 2024 3536 2132 3609; x_wconf 89' lang='lat' dir='ltr'><strong>legi</strong></span> <span class='ocrx_word' id='word_1_701' title='bbox 2180 3535 2361 3593; x_wconf 89' lang='lat' dir='ltr'><strong>adhuc</strong></span> <span class='ocrx_word' id='word_1_702' title='bbox 2409 3537 2686 3591; x_wconf 80' lang='lat' dir='ltr'><strong>inservis?</strong></span> <span class='ocrx_word' id='word_1_703' title='bbox 2726 3535 2893 3591; x_wconf 83' lang='lat' dir='ltr'><strong>«Soli</strong></span> <span class='ocrx_word' id='word_1_704' title='bbox 2922 3543 3113 3590; x_wconf 90' lang='lat' dir='ltr'><strong>autem</strong></span> <span class='ocrx_word' id='word_1_705' title='bbox 3151 3534 3386 3606; x_wconf 89' lang='lat' dir='ltr'><strong>sapienti</strong></span> <span class='ocrx_word' id='word_1_706' title='bbox 3415 3537 3556 3600; x_wconf 87' lang='lat' dir='ltr'><strong>Deo,</strong></span> <span class='ocrx_word' id='word_1_707' title='bbox 3590 3554 3617 3584; x_wconf 81' lang='lat'><strong>»</strong></span> 
     </span>
    </p>
   </div>
   <div class='ocr_carea' id='block_1_91' title="bbox 2021 3623 3625 3698">
    <p class='ocr_par' dir='ltr' id='par_1_91' title="bbox 2021 3623 3625 3698">
     <span class='ocr_line' id='line_1_91' title="bbox 2021 3623 3625 3698; baseline -0.002 -17"><span class='ocrx_word' id='word_1_708' title='bbox 2021 3626 2181 3698; x_wconf 83' lang='lat' dir='ltr'><strong>dixit,</strong></span> <span class='ocrx_word' id='word_1_709' title='bbox 2229 3624 2302 3681; x_wconf 90' lang='lat' dir='ltr'><strong>ad</strong></span> <span class='ocrx_word' id='word_1_710' title='bbox 2349 3626 2672 3697; x_wconf 86' lang='lat' dir='ltr'><strong>angelorum</strong></span> <span class='ocrx_word' id='word_1_711' title='bbox 2737 3624 3022 3696; x_wconf 89' lang='lat' dir='ltr'><strong>nostrique</strong></span> <span class='ocrx_word' id='word_1_712' title='bbox 3064 3623 3458 3691; x_wconf 79' lang='lat' dir='ltr'><strong>differentiam,</strong></span> <span class='ocrx_word' id='word_1_713' title='bbox 3509 3640 3625 3679; x_wconf 86' lang='lat' dir='ltr'><strong>non</strong></span> 
     </span>
    </p>
   </div>
   <div class='ocr_carea' id='block_1_92' title="bbox 2026 3712 3621 3784">
    <p class='ocr_par' dir='ltr' id='par_1_92' title="bbox 2026 3712 3621 3784">
     <span class='ocr_line' id='line_1_92' title="bbox 2026 3712 3621 3784; baseline -0.002 -14"><span class='ocrx_word' id='word_1_714' title='bbox 2026 3715 2143 3771; x_wconf 91' lang='lat' dir='ltr'><strong>Filii</strong></span> <span class='ocrx_word' id='word_1_715' title='bbox 2181 3734 2196 3771; x_wconf 90' lang='lat'><strong>:</strong></span> <span class='ocrx_word' id='word_1_716' title='bbox 2238 3714 2404 3771; x_wconf 91' lang='lat' dir='ltr'><strong>absit!</strong></span> <span class='ocrx_word' id='word_1_717' title='bbox 2439 3714 2609 3771; x_wconf 90' lang='lat' dir='ltr'><strong>Filius</strong></span> <span class='ocrx_word' id='word_1_718' title='bbox 2648 3713 2796 3770; x_wconf 91' lang='lat' dir='ltr'><strong>enim</strong></span> <span class='ocrx_word' id='word_1_719' title='bbox 2840 3721 2925 3770; x_wconf 90' lang='lat' dir='ltr'><strong>est</strong></span> <span class='ocrx_word' id='word_1_720' title='bbox 2950 3713 3216 3784; x_wconf 87' lang='lat' dir='ltr'><strong>sapientia</strong></span> <span class='ocrx_word' id='word_1_721' title='bbox 3243 3712 3451 3768; x_wconf 89' lang='lat' dir='ltr'><strong>Patris.</strong></span> <span class='ocrx_word' id='word_1_722' title='bbox 3510 3714 3621 3783; x_wconf 86' lang='lat' dir='ltr'><strong>Ipsi</strong></span> 
     </span>
    </p>
   </div>
   <div class='ocr_carea' id='block_1_93' title="bbox 2026 3800 3606 3876">
    <p class='ocr_par' dir='ltr' id='par_1_93' title="bbox 2026 3800 3606 3876">
     <span class='ocr_line' id='line_1_93' title="bbox 2026 3800 3606 3876; baseline -0.003 -16"><span class='ocrx_word' id='word_1_723' title='bbox 2026 3804 2216 3876; x_wconf 90' lang='lat' dir='ltr'><strong>itaque</strong></span> <span class='ocrx_word' id='word_1_724' title='bbox 2244 3805 2318 3860; x_wconf 91' lang='lat' dir='ltr'><strong>sit</strong></span> <span class='ocrx_word' id='word_1_725' title='bbox 2349 3803 2663 3876; x_wconf 89' lang='lat' dir='ltr'><strong>gloiria,qui</strong></span> <span class='ocrx_word' id='word_1_726' title='bbox 2686 3801 3059 3859; x_wconf 87' lang='lat' dir='ltr'><strong>manifestavit</strong></span> <span class='ocrx_word' id='word_1_727' title='bbox 3098 3800 3421 3872; x_wconf 89' lang='lat' dir='ltr'><strong>mysterium</strong></span> <span class='ocrx_word' id='word_1_728' title='bbox 3448 3801 3554 3857; x_wconf 90' lang='lat' dir='ltr'><strong>hoc</strong></span> <span class='ocrx_word' id='word_1_729' title='bbox 3596 3822 3606 3856; x_wconf 95' lang='lat'>:</span> 
     </span>
    </p>
   </div>
   <div class='ocr_carea' id='block_1_94' title="bbox 2022 3889 3608 3965">
    <p class='ocr_par' dir='ltr' id='par_1_94' title="bbox 2022 3889 3608 3965">
     <span class='ocr_line' id='line_1_94' title="bbox 2022 3889 3608 3965; baseline -0.003 -15"><span class='ocrx_word' id='word_1_730' title='bbox 2022 3910 2139 3950; x_wconf 90' lang='lat' dir='ltr'><strong>non</strong></span> <span class='ocrx_word' id='word_1_731' title='bbox 2174 3894 2297 3965; x_wconf 88' lang='lat' dir='ltr'><strong>legi,</strong></span> <span class='ocrx_word' id='word_1_732' title='bbox 2328 3894 2415 3949; x_wconf 91' lang='lat' dir='ltr'><strong>cui</strong></span> <span class='ocrx_word' id='word_1_733' title='bbox 2450 3903 2510 3949; x_wconf 90' lang='lat' dir='ltr'><strong>tu</strong></span> <span class='ocrx_word' id='word_1_734' title='bbox 2536 3893 2715 3948; x_wconf 87' lang='lat' dir='ltr'><strong>adhuc</strong></span> <span class='ocrx_word' id='word_1_735' title='bbox 2748 3891 2956 3947; x_wconf 89' lang='lat' dir='ltr'><strong>assides</strong></span> <span class='ocrx_word' id='word_1_736' title='bbox 2990 3900 3046 3946; x_wconf 90' lang='lat' dir='ltr'><strong>et</strong></span> <span class='ocrx_word' id='word_1_737' title='bbox 3074 3889 3424 3957; x_wconf 60' lang='lat' dir='ltr'><strong>adhaerescis,</strong></span> <span class='ocrx_word' id='word_1_738' title='bbox 3455 3890 3608 3946; x_wconf 85' lang='lat' dir='ltr'><strong>cibo-</strong></span> 
     </span>
    </p>
   </div>
   <div class='ocr_carea' id='block_1_95' title="bbox 2019 3980 3622 4051">
    <p class='ocr_par' dir='ltr' id='par_1_95' title="bbox 2019 3980 3622 4051">
     <span class='ocr_line' id='line_1_95' title="bbox 2019 3980 3622 4051; baseline -0.003 -11"><span class='ocrx_word' id='word_1_739' title='bbox 2019 3999 2150 4040; x_wconf 89' lang='lat' dir='ltr'><strong>rum</strong></span> <span class='ocrx_word' id='word_1_740' title='bbox 2178 3982 2501 4040; x_wconf 88' lang='lat' dir='ltr'><strong>discrimina</strong></span> <span class='ocrx_word' id='word_1_741' title='bbox 2547 3983 2862 4039; x_wconf 86' lang='lat' dir='ltr'><strong>observans.</strong></span> <span class='ocrx_word' id='word_1_742' title='bbox 2896 3980 3064 4051; x_wconf 91' lang='lat' dir='ltr'><strong>Quod</strong></span> <span class='ocrx_word' id='word_1_743' title='bbox 3107 3980 3206 4049; x_wconf 88' lang='lat' dir='ltr'><strong>ait,</strong></span> <span class='ocrx_word' id='word_1_744' title='bbox 3249 4002 3274 4029; x_wconf 73' lang='grc' dir='ltr'><strong>α</strong></span> <span class='ocrx_word' id='word_1_745' title='bbox 3302 3996 3401 4051; x_wconf 90' lang='lat' dir='ltr'><strong>per</strong></span> <span class='ocrx_word' id='word_1_746' title='bbox 3431 3983 3622 4035; x_wconf 87' lang='lat' dir='ltr'><strong>Jesum</strong></span> 
     </span>
    </p>
   </div>
   <div class='ocr_carea' id='block_1_96' title="bbox 2017 4069 3608 4145">
    <p class='ocr_par' dir='ltr' id='par_1_96' title="bbox 2017 4069 3608 4145">
     <span class='ocr_line' id='line_1_96' title="bbox 2017 4069 3608 4145; baseline -0.004 -14"><span class='ocrx_word' id='word_1_747' title='bbox 2017 4073 2298 4131; x_wconf 85' lang='lat' dir='ltr'><strong>Christum</strong></span> <span class='ocrx_word' id='word_1_748' title='bbox 2322 4096 2345 4121; x_wconf 76' lang='grc' dir='ltr'><strong>ιι</strong></span> <span class='ocrx_word' id='word_1_749' title='bbox 2371 4080 2571 4145; x_wconf 87' lang='lat' dir='ltr'><strong>potest,</strong></span> <span class='ocrx_word' id='word_1_750' title='bbox 2604 4081 2666 4127; x_wconf 89' lang='lat' dir='ltr'><strong>ut</strong></span> <span class='ocrx_word' id='word_1_751' title='bbox 2689 4087 2852 4142; x_wconf 90' lang='lat' dir='ltr'><strong>supra</strong></span> <span class='ocrx_word' id='word_1_752' title='bbox 2877 4070 3084 4126; x_wconf 91' lang='lat' dir='ltr'><strong>dictum</strong></span> <span class='ocrx_word' id='word_1_753' title='bbox 3109 4078 3213 4134; x_wconf 90' lang='lat' dir='ltr'><strong>est,</strong></span> <span class='ocrx_word' id='word_1_754' title='bbox 3244 4069 3319 4125; x_wconf 90' lang='lat' dir='ltr'><strong>ita</strong></span> <span class='ocrx_word' id='word_1_755' title='bbox 3343 4070 3608 4126; x_wconf 88' lang='lat' dir='ltr'><strong>construi:</strong></span> 
     </span>
    </p>
   </div>
   <div class='ocr_carea' id='block_1_97' title="bbox 2022 4158 3629 4236">
    <p class='ocr_par' dir='ltr' id='par_1_97' title="bbox 2022 4158 3629 4236">
     <span class='ocr_line' id='line_1_97' title="bbox 2022 4158 3629 4236; baseline -0.004 -17"><span class='ocrx_word' id='word_1_756' title='bbox 2022 4163 2085 4219; x_wconf 89' lang='lat' dir='ltr'><strong>Ei</strong></span> <span class='ocrx_word' id='word_1_757' title='bbox 2106 4162 2202 4236; x_wconf 91' lang='lat' dir='ltr'><strong>qui</strong></span> <span class='ocrx_word' id='word_1_758' title='bbox 2226 4170 2407 4234; x_wconf 87' lang='lat' dir='ltr'><strong>potest</strong></span> <span class='ocrx_word' id='word_1_759' title='bbox 2426 4177 2526 4219; x_wconf 85' lang='lat' dir='ltr'><strong>vos</strong></span> <span class='ocrx_word' id='word_1_760' title='bbox 2543 4159 2737 4217; x_wconf 88' lang='lat' dir='ltr'><strong>fulcire</strong></span> <span class='ocrx_word' id='word_1_761' title='bbox 2765 4175 2859 4231; x_wconf 90' lang='lat' dir='ltr'><strong>per</strong></span> <span class='ocrx_word' id='word_1_762' title='bbox 2883 4162 3081 4215; x_wconf 90' lang='lat' dir='ltr'><strong>Jesum</strong></span> <span class='ocrx_word' id='word_1_763' title='bbox 3102 4158 3407 4227; x_wconf 85' lang='lat' dir='ltr'><strong>Christum;</strong></span> <span class='ocrx_word' id='word_1_764' title='bbox 3438 4167 3629 4231; x_wconf 91' lang='lat' dir='ltr'><strong>potest</strong></span> 
     </span>
    </p>
   </div>
   <div class='ocr_carea' id='block_1_98' title="bbox 2021 4246 3623 4324">
    <p class='ocr_par' dir='ltr' id='par_1_98' title="bbox 2021 4246 3623 4324">
     <span class='ocr_line' id='line_1_98' title="bbox 2021 4246 3623 4324; baseline -0.002 -16"><span class='ocrx_word' id='word_1_765' title='bbox 2021 4261 2078 4308; x_wconf 93' lang='lat' dir='ltr'><strong>et</strong></span> <span class='ocrx_word' id='word_1_766' title='bbox 2127 4253 2203 4308; x_wconf 87' lang='lat' dir='ltr'><strong>ita</strong></span> <span class='ocrx_word' id='word_1_767' title='bbox 2227 4250 2396 4324; x_wconf 91' lang='lat' dir='ltr'><strong>accipi</strong></span> <span class='ocrx_word' id='word_1_768' title='bbox 2430 4268 2441 4302; x_wconf 91' lang='lat'>:</span> <span class='ocrx_word' id='word_1_769' title='bbox 2472 4250 2527 4307; x_wconf 89' lang='lat' dir='ltr'><strong>in</strong></span> <span class='ocrx_word' id='word_1_770' title='bbox 2554 4264 2750 4306; x_wconf 90' lang='lat' dir='ltr'><strong>omnes</strong></span> <span class='ocrx_word' id='word_1_771' title='bbox 2791 4256 2982 4321; x_wconf 86' lang='lat' dir='ltr'><strong>gentes</strong></span> <span class='ocrx_word' id='word_1_772' title='bbox 3013 4246 3273 4320; x_wconf 81' lang='lat' dir='ltr'><strong>patefacti</strong></span> <span class='ocrx_word' id='word_1_773' title='bbox 3302 4263 3401 4320; x_wconf 90' lang='lat' dir='ltr'><strong>per</strong></span> <span class='ocrx_word' id='word_1_774' title='bbox 3428 4249 3623 4305; x_wconf 80' lang='lat' dir='ltr'><strong>Jesum</strong></span> 
     </span>
    </p>
   </div>
   <div class='ocr_carea' id='block_1_99' title="bbox 2020 4337 3619 4412">
    <p class='ocr_par' dir='ltr' id='par_1_99' title="bbox 2020 4337 3619 4412">
     <span class='ocr_line' id='line_1_99' title="bbox 2020 4337 3619 4412; baseline -0.004 -13"><span class='ocrx_word' id='word_1_775' title='bbox 2020 4341 2321 4399; x_wconf 90' lang='lat' dir='ltr'><strong>Christum.</strong></span> <span class='ocrx_word' id='word_1_776' title='bbox 2358 4344 2483 4412; x_wconf 91' lang='lat' dir='ltr'><strong>Ipse</strong></span> <span class='ocrx_word' id='word_1_777' title='bbox 2538 4354 2779 4411; x_wconf 90' lang='lat' dir='ltr'><strong>namque</strong></span> <span class='ocrx_word' id='word_1_778' title='bbox 2826 4337 3081 4410; x_wconf 89' lang='lat' dir='ltr'><strong>gentibus</strong></span> <span class='ocrx_word' id='word_1_779' title='bbox 3122 4337 3449 4411; x_wconf 88' lang='lat' dir='ltr'><strong>mysterium</strong></span> <span class='ocrx_word' id='word_1_780' title='bbox 3465 4346 3619 4409; x_wconf 87' lang='lat' dir='ltr'><strong>pate-</strong></span> 
     </span>
    </p>
   </div>
   <div class='ocr_carea' id='block_1_100' title="bbox 1943 4427 3628 4509">
    <p class='ocr_par' dir='ltr' id='par_1_100' title="bbox 1943 4427 3628 4509">
     <span class='ocr_line' id='line_1_100' title="bbox 1943 4427 3628 4509; baseline -0.003 -19"><span class='ocrx_word' id='word_1_781' title='bbox 1943 4446 1994 4509; x_wconf 83' lang='lat' dir='ltr'><strong>D</strong></span> <span class='ocrx_word' id='word_1_782' title='bbox 2023 4432 2171 4503; x_wconf 88' lang='lat' dir='ltr'><strong>fecit,</strong></span> <span class='ocrx_word' id='word_1_783' title='bbox 2199 4432 2291 4505; x_wconf 88' lang='lat' dir='ltr'><strong>qui</strong></span> <span class='ocrx_word' id='word_1_784' title='bbox 2342 4430 2643 4504; x_wconf 85' lang='lat' dir='ltr'><strong>discipulos</strong></span> <span class='ocrx_word' id='word_1_785' title='bbox 2682 4429 2952 4501; x_wconf 86' lang='lat' dir='ltr'><strong>ablegavit</strong></span> <span class='ocrx_word' id='word_1_786' title='bbox 2977 4427 3401 4501; x_wconf 86' lang='lat' dir='ltr'><strong>amandavitque</strong></span> <span class='ocrx_word' id='word_1_787' title='bbox 3439 4433 3501 4484; x_wconf 89' lang='lat' dir='ltr'><strong>ut</strong></span> <span class='ocrx_word' id='word_1_788' title='bbox 3525 4427 3628 4485; x_wconf 91' lang='lat' dir='ltr'><strong>do-</strong></span> 
     </span>
    </p>
   </div>
   <div class='ocr_carea' id='block_1_101' title="bbox 2026 4527 2676 4594">
    <p class='ocr_par' dir='ltr' id='par_1_101' title="bbox 2026 4527 2676 4594">
     <span class='ocr_line' id='line_1_101' title="bbox 2026 4527 2676 4594; baseline -0.006 -15"><span class='ocrx_word' id='word_1_789' title='bbox 2026 4529 2216 4579; x_wconf 88' lang='lat' dir='ltr'><strong>cerent</strong></span> <span class='ocrx_word' id='word_1_790' title='bbox 2239 4536 2437 4579; x_wconf 88' lang='lat' dir='ltr'><strong>omnes</strong></span> <span class='ocrx_word' id='word_1_791' title='bbox 2462 4527 2676 4594; x_wconf 83' lang='lat' dir='ltr'><strong>gentes.</strong></span> 
     </span>
    </p>
   </div>
   <div class='ocr_carea' id='block_1_102' title="bbox 2619 4676 3018 4734">
    <p class='ocr_par' dir='ltr' id='par_1_102' title="bbox 2619 4676 3018 4734">
     <span class='ocr_line' id='line_1_102' title="bbox 2619 4676 3018 4734; baseline -0.01 0"><span class='ocrx_word' id='word_1_792' title='bbox 2619 4677 2861 4734; x_wconf 78' lang='lat' dir='ltr'>CAPUT</span> <span class='ocrx_word' id='word_1_793' title='bbox 2889 4676 3018 4732; x_wconf 82' lang='lat' dir='ltr'><strong>XV.</strong></span> 
     </span>
    </p>
   </div>
   <div class='ocr_carea' id='block_1_103' title="bbox 2100 4799 3625 4873">
    <p class='ocr_par' dir='ltr' id='par_1_103' title="bbox 2100 4799 3625 4873">
     <span class='ocr_line' id='line_1_103' title="bbox 2100 4799 3625 4873; baseline -0.003 -13"><span class='ocrx_word' id='word_1_794' title='bbox 2100 4809 2281 4863; x_wconf 69' lang='lat' dir='ltr'><strong>Vnus.</strong></span> <span class='ocrx_word' id='word_1_795' title='bbox 2315 4811 2367 4861; x_wconf 83' lang='lat'><strong>1.</strong></span> <span class='ocrx_word' id='word_1_796' title='bbox 2400 4822 2428 4857; x_wconf 81' lang='grc'><strong>«</strong></span> <span class='ocrx_word' id='word_1_797' title='bbox 2456 4803 2740 4860; x_wconf 88' lang='lat' dir='ltr'><strong>Debemus</strong></span> <span class='ocrx_word' id='word_1_798' title='bbox 2770 4810 2957 4858; x_wconf 92' lang='lat' dir='ltr'><strong>autem</strong></span> <span class='ocrx_word' id='word_1_799' title='bbox 2986 4815 3089 4858; x_wconf 90' lang='lat' dir='ltr'><strong>nos</strong></span> <span class='ocrx_word' id='word_1_800' title='bbox 3113 4799 3210 4873; x_wconf 91' lang='lat' dir='ltr'><strong>qui</strong></span> <span class='ocrx_word' id='word_1_801' title='bbox 3234 4805 3490 4872; x_wconf 90' lang='lat' dir='ltr'><strong>potentes</strong></span> <span class='ocrx_word' id='word_1_802' title='bbox 3527 4814 3625 4856; x_wconf 88' lang='lat' dir='ltr'><strong>su-</strong></span> 
     </span>
    </p>
   </div>
   <div class='ocr_carea' id='block_1_104' title="bbox 2030 4889 3630 4965">
    <p class='ocr_par' dir='ltr' id='par_1_104' title="bbox 2030 4889 3630 4965">
     <span class='ocr_line' id='line_1_104' title="bbox 2030 4889 3630 4965; baseline -0.004 -13"><span class='ocrx_word' id='word_1_803' title='bbox 2030 4911 2175 4964; x_wconf 90' lang='lat' dir='ltr'><strong>mus,</strong></span> <span class='ocrx_word' id='word_1_804' title='bbox 2206 4893 2548 4950; x_wconf 86' lang='lat' dir='ltr'><strong>inﬁrmitates</strong></span> <span class='ocrx_word' id='word_1_805' title='bbox 2570 4892 2967 4965; x_wconf 89' lang='lat' dir='ltr'><strong>impotentium</strong></span> <span class='ocrx_word' id='word_1_806' title='bbox 2987 4889 3281 4947; x_wconf 88' lang='lat' dir='ltr'><strong>sustinere.</strong></span> <span class='ocrx_word' id='word_1_807' title='bbox 3310 4910 3338 4941; x_wconf 74' lang='grc' dir='ltr'>ι)</span> <span class='ocrx_word' id='word_1_808' title='bbox 3374 4892 3509 4946; x_wconf 85' lang='lat' dir='ltr'><strong>Post</strong></span> <span class='ocrx_word' id='word_1_809' title='bbox 3530 4905 3630 4945; x_wconf 82' lang='lat' dir='ltr'><strong>vo-</strong></span> 
     </span>
    </p>
   </div>
   <div class='ocr_carea' id='block_1_105' title="bbox 2027 4978 3628 5050">
    <p class='ocr_par' dir='ltr' id='par_1_105' title="bbox 2027 4978 3628 5050">
     <span class='ocr_line' id='line_1_105' title="bbox 2027 4978 3628 5050; baseline -0.006 -8"><span class='ocrx_word' id='word_1_810' title='bbox 2027 4994 2151 5042; x_wconf 91' lang='lat' dir='ltr'><strong>tum</strong></span> <span class='ocrx_word' id='word_1_811' title='bbox 2179 5000 2277 5042; x_wconf 85' lang='lat' dir='ltr'><strong>seu</strong></span> <span class='ocrx_word' id='word_1_812' title='bbox 2306 4984 2614 5040; x_wconf 86' lang='lat' dir='ltr'><strong>orationem</strong></span> <span class='ocrx_word' id='word_1_813' title='bbox 2655 4998 2847 5039; x_wconf 88' lang='lat' dir='ltr'><strong>rursus</strong></span> <span class='ocrx_word' id='word_1_814' title='bbox 2877 4982 3206 5038; x_wconf 88' lang='lat' dir='ltr'><strong>adhortatur</strong></span> <span class='ocrx_word' id='word_1_815' title='bbox 3249 4978 3628 5050; x_wconf 86' lang='lat' dir='ltr'><strong>perfectiores—</strong></span> 
     </span>
    </p>
   </div>
   <div class='ocr_carea' id='block_1_106' title="bbox 2028 5069 3631 5149">
    <p class='ocr_par' dir='ltr' id='par_1_106' title="bbox 2028 5069 3631 5149">
     <span class='ocr_line' id='line_1_106' title="bbox 2028 5069 3631 5149; baseline -0.004 -18"><span class='ocrx_word' id='word_1_816' title='bbox 2028 5090 2135 5149; x_wconf 93' lang='lat' dir='ltr'><strong>que</strong></span> <span class='ocrx_word' id='word_1_817' title='bbox 2158 5073 2453 5142; x_wconf 90' lang='lat' dir='ltr'><strong>demulcet,</strong></span> <span class='ocrx_word' id='word_1_818' title='bbox 2481 5081 2604 5128; x_wconf 88' lang='lat' dir='ltr'><strong>tum</strong></span> <span class='ocrx_word' id='word_1_819' title='bbox 2628 5071 2778 5144; x_wconf 92' lang='lat' dir='ltr'><strong>quod</strong></span> <span class='ocrx_word' id='word_1_820' title='bbox 2803 5086 2899 5127; x_wconf 90' lang='lat' dir='ltr'><strong>eos</strong></span> <span class='ocrx_word' id='word_1_821' title='bbox 2926 5070 3030 5127; x_wconf 90' lang='lat' dir='ltr'><strong>sibi</strong></span> <span class='ocrx_word' id='word_1_822' title='bbox 3068 5069 3344 5141; x_wconf 70' lang='lat' dir='ltr'><strong>adaequat,</strong></span> <span class='ocrx_word' id='word_1_823' title='bbox 3374 5082 3631 5124; x_wconf 82' lang='lat' dir='ltr'><strong>secumve</strong></span> 
     </span>
    </p>
   </div>
   <div class='ocr_carea' id='block_1_107' title="bbox 2030 5156 3625 5237">
    <p class='ocr_par' dir='ltr' id='par_1_107' title="bbox 2030 5156 3625 5237">
     <span class='ocr_line' id='line_1_107' title="bbox 2030 5156 3625 5237; baseline -0.008 -15"><span class='ocrx_word' id='word_1_824' title='bbox 2030 5172 2270 5237; x_wconf 87' lang='lat' dir='ltr'><strong>reputat,</strong></span> <span class='ocrx_word' id='word_1_825' title='bbox 2322 5171 2444 5220; x_wconf 89' lang='lat' dir='ltr'><strong>tum</strong></span> <span class='ocrx_word' id='word_1_826' title='bbox 2483 5160 2633 5234; x_wconf 90' lang='lat' dir='ltr'><strong>quod</strong></span> <span class='ocrx_word' id='word_1_827' title='bbox 2687 5168 2955 5231; x_wconf 88' lang='lat' dir='ltr'><strong>potentes,</strong></span> <span class='ocrx_word' id='word_1_828' title='bbox 3011 5174 3112 5215; x_wconf 89' lang='lat' dir='ltr'><strong>seu</strong></span> <span class='ocrx_word' id='word_1_829' title='bbox 3156 5156 3327 5213; x_wconf 83' lang='lat' dir='ltr'><strong>fortes</strong></span> <span class='ocrx_word' id='word_1_830' title='bbox 3370 5156 3625 5227; x_wconf 90' lang='lat' dir='ltr'><strong>appellat.</strong></span> 
     </span>
    </p>
   </div>
   <div class='ocr_carea' id='block_1_108' title="bbox 2030 5245 3629 5323">
    <p class='ocr_par' dir='ltr' id='par_1_108' title="bbox 2030 5245 3629 5323">
     <span class='ocr_line' id='line_1_108' title="bbox 2030 5245 3629 5323; baseline -0.006 -13"><span class='ocrx_word' id='word_1_831' title='bbox 2030 5257 2155 5311; x_wconf 85' lang='lat' dir='ltr'><strong>Non</strong></span> <span class='ocrx_word' id='word_1_832' title='bbox 2175 5253 2319 5309; x_wconf 83' lang='lat' dir='ltr'><strong>dixit</strong></span> <span class='ocrx_word' id='word_1_833' title='bbox 2354 5260 2538 5309; x_wconf 90' lang='lat' dir='ltr'><strong>autem</strong></span> <span class='ocrx_word' id='word_1_834' title='bbox 2584 5250 2929 5323; x_wconf 87' lang='lat' dir='ltr'><strong>simpliciter,</strong></span> <span class='ocrx_word' id='word_1_835' title='bbox 2951 5248 3225 5313; x_wconf 88' lang='lat' dir='ltr'><strong>inﬁrmos,</strong></span> <span class='ocrx_word' id='word_1_836' title='bbox 3255 5245 3374 5311; x_wconf 89' lang='lat' dir='ltr'><strong>sed,</strong></span> <span class='ocrx_word' id='word_1_837' title='bbox 3400 5264 3429 5297; x_wconf 77' lang='grc' dir='ltr'>ι(</span> <span class='ocrx_word' id='word_1_838' title='bbox 3468 5245 3629 5301; x_wconf 85' lang='lat' dir='ltr'><strong>inﬁr-</strong></span> 
     </span>
    </p>
   </div>
   <div class='ocr_carea' id='block_1_109' title="bbox 2032 5334 3631 5414">
    <p class='ocr_par' dir='ltr' id='par_1_109' title="bbox 2032 5334 3631 5414">
     <span class='ocr_line' id='line_1_109' title="bbox 2032 5334 3631 5414; baseline -0.006 -14"><span class='ocrx_word' id='word_1_839' title='bbox 2032 5344 2251 5400; x_wconf 89' lang='lat' dir='ltr'><strong>mitates</strong></span> <span class='ocrx_word' id='word_1_840' title='bbox 2294 5341 2709 5414; x_wconf 89' lang='lat' dir='ltr'><strong>impotentium,</strong></span> <span class='ocrx_word' id='word_1_841' title='bbox 2756 5362 2784 5387; x_wconf 69' lang='grc' dir='ltr'><strong>ιι</strong></span> <span class='ocrx_word' id='word_1_842' title='bbox 2827 5339 3095 5411; x_wconf 88' lang='lat' dir='ltr'><strong>duplicata</strong></span> <span class='ocrx_word' id='word_1_843' title='bbox 3154 5335 3415 5402; x_wconf 89' lang='lat' dir='ltr'><strong>dictione,</strong></span> <span class='ocrx_word' id='word_1_844' title='bbox 3460 5342 3524 5390; x_wconf 91' lang='lat' dir='ltr'><strong>ut</strong></span> <span class='ocrx_word' id='word_1_845' title='bbox 3561 5334 3631 5390; x_wconf 88' lang='lat' dir='ltr'><strong>ad</strong></span> 
     </span>
    </p>
   </div>
   <div class='ocr_carea' id='block_1_110' title="bbox 2030 5426 3207 5506">
    <p class='ocr_par' dir='ltr' id='par_1_110' title="bbox 2030 5426 3207 5506">
     <span class='ocr_line' id='line_1_110' title="bbox 2030 5426 3207 5506; baseline -0.008 -16"><span class='ocrx_word' id='word_1_846' title='bbox 2030 5434 2303 5506; x_wconf 90' lang='lat' dir='ltr'><strong>majorem</strong></span> <span class='ocrx_word' id='word_1_847' title='bbox 2327 5430 2763 5488; x_wconf 89' lang='lat' dir='ltr'><strong>misericordiam</strong></span> <span class='ocrx_word' id='word_1_848' title='bbox 2788 5444 2883 5484; x_wconf 91' lang='lat' dir='ltr'><strong>eos</strong></span> <span class='ocrx_word' id='word_1_849' title='bbox 2912 5426 3207 5499; x_wconf 90' lang='lat' dir='ltr'><strong>pertrahat.</strong></span> 
     </span>
    </p>
   </div>
   <div class='ocr_carea' id='block_1_111' title="bbox 2149 5512 3635 5593">
    <p class='ocr_par' dir='ltr' id='par_1_111' title="bbox 2149 5512 3635 5593">
     <span class='ocr_line' id='line_1_111' title="bbox 2149 5512 3635 5593; baseline -0.006 -15"><span class='ocrx_word' id='word_1_850' title='bbox 2149 5526 2222 5578; x_wconf 90' lang='lat' dir='ltr'><strong>Et</strong></span> <span class='ocrx_word' id='word_1_851' title='bbox 2250 5537 2363 5579; x_wconf 95' lang='lat' dir='ltr'><strong>non</strong></span> <span class='ocrx_word' id='word_1_852' title='bbox 2383 5519 2678 5593; x_wconf 85' lang='lat' dir='ltr'><strong>nobisipsis</strong></span> <span class='ocrx_word' id='word_1_853' title='bbox 2704 5519 2933 5591; x_wconf 86' lang='lat' dir='ltr'><strong>placere.</strong></span> <span class='ocrx_word' id='word_1_854' title='bbox 2964 5541 2989 5566; x_wconf 77' lang='grc' dir='ltr'><strong>ιι</strong></span> <span class='ocrx_word' id='word_1_855' title='bbox 3038 5515 3208 5572; x_wconf 90' lang='lat' dir='ltr'><strong>Simul</strong></span> <span class='ocrx_word' id='word_1_856' title='bbox 3259 5522 3425 5586; x_wconf 88' lang='lat' dir='ltr'><strong>atque</strong></span> <span class='ocrx_word' id='word_1_857' title='bbox 3467 5512 3635 5569; x_wconf 80' lang='lat' dir='ltr'><strong>dixis-</strong></span> 
     </span>
    </p>
   </div>
   <div class='ocr_carea' id='block_1_112' title="bbox 1724 5677 2250 5741">
    <p class='ocr_par' dir='ltr' id='par_1_112' title="bbox 1724 5677 2250 5741">
     <span class='ocr_line' id='line_1_112' title="bbox 1724 5677 2250 5741; baseline -0.013 0"><span class='ocrx_word' id='word_1_858' title='bbox 1724 5680 1912 5741; x_wconf 84' lang='lat' dir='ltr'><strong>Variae</strong></span> <span class='ocrx_word' id='word_1_859' title='bbox 1954 5677 2250 5737; x_wconf 74' lang='lat' dir='ltr'><strong>lectiones.</strong></span> 
     </span>
    </p>
   </div>
   <div class='ocr_carea' id='block_1_113' title="bbox 393 5777 1629 5857">
    <p class='ocr_par' dir='ltr' id='par_1_113' title="bbox 393 5777 1629 5857">
     <span class='ocr_line' id='line_1_113' title="bbox 393 5777 1629 5857; baseline -0.004 -18"><span class='ocrx_word' id='word_1_860' title='bbox 393 5784 435 5819; x_wconf 80' lang='grc'><strong><em>⁸³</em></strong></span> <span class='ocrx_word' id='word_1_861' title='bbox 476 5786 795 5857; x_wconf 79' lang='grc' dir='ltr'>προφητικῶν</span> <span class='ocrx_word' id='word_1_862' title='bbox 824 5797 878 5840; x_wconf 90' lang='lat'><strong>0.</strong></span> <span class='ocrx_word' id='word_1_863' title='bbox 952 5781 998 5817; x_wconf 79' lang='grc'>⁸³</span> <span class='ocrx_word' id='word_1_864' title='bbox 1019 5781 1206 5843; x_wconf 84' lang='grc' dir='ltr'>διπλῶς</span> <span class='ocrx_word' id='word_1_865' title='bbox 1229 5777 1380 5846; x_wconf 72' lang='grc' dir='ltr'>αὐτὴν</span> <span class='ocrx_word' id='word_1_866' title='bbox 1408 5779 1546 5852; x_wconf 79' lang='grc' dir='ltr'>λέγει</span> <span class='ocrx_word' id='word_1_867' title='bbox 1575 5795 1629 5836; x_wconf 91' lang='lat'><strong>0.</strong></span> 
     </span>
    </p>
   </div>
  </div>
