4090 6432
390 476 494 528 535

1415 461 1927 516 THEOPHYLACTI
1965 460 2321 516 BULGARLE
2356 457 2668 514 ARCHIEP.

3597 455 3699 509 536

387 605 469 653 set
497 604 748 667 oportere
777 608 880 649 nos
914 591 1209 656 sustinere,
1243 589 1339 659 qui
1366 586 1472 642 hoc
1498 586 1616 641 ﬁeri
1630 586 1824 658 possit,
1856 585 1988 642 edo-

2108 585 2427 666 βαστάζειν,
2471 582 2708 643 διδάσκει
2738 582 2850 648 πῶς
2879 579 2941 640 ἂν
2977 578 3197 658 γένηται
3238 583 3393 638 τοῦτο
3421 601 3435 614 '
3477 578 3558 637 ὅτι
3605 577 3696 638 ἐὰν

388 695 519 743 cet:
562 685 857 750 nimirum,
901 679 946 736 si
974 695 1086 735 non
1117 694 1179 734 ea
1209 685 1426 734 tantum
1459 691 1585 750 qua
1626 683 1816 732 nostra
1861 683 1990 732 sunt

391 789 726 849 quaeramus.

465 869 638 922 VEBS.
678 866 735 917 2.
778 883 802 910 α
846 859 1242 932 Unusquisque
1290 865 1536 914 vestrum
1577 855 1827 927 proximo
1867 853 1982 927 pla-

393 963 514 1012 ceat
566 955 620 1009 in
672 953 903 1019 bonum,
930 949 999 1006 ad
1023 947 1464 1005 aediﬁcationem.
1512 969 1537 995 ιι
1581 945 1640 1001 Id
1680 953 1786 1013 est,
1834 943 1987 1017 quod

393 1042 648 1117 proximo
702 1041 898 1112 placet,
961 1036 1092 1092 illud
1146 1035 1322 1104 faciat,
1377 1033 1743 1106 inserviatque
1806 1031 1987 1101 fratri,

391 1133 486 1190 sed
517 1131 589 1188 ad
616 1131 843 1186 bonum.
877 1129 956 1182 Ne
997 1142 1125 1183 vero
1152 1125 1297 1182 dicat
1323 1124 1417 1198 qui
1446 1123 1549 1180 sibi
1594 1122 1869 1195 perfectus
1904 1123 1986 1178 vi-

391 1221 571 1287 detur,
613 1222 696 1274 En
740 1226 796 1273 et
835 1231 937 1288 ego
981 1214 1051 1272 ad
1091 1215 1301 1271 bonum
1333 1214 1532 1279 traho;
1573 1211 1810 1285 adjecit:
1861 1233 1887 1260 α
1921 1209 1989 1268 ad

395 1308 838 1366 aediﬁcationem.
861 1328 886 1354 ιι
907 1305 1073 1376 106
1091 1307 1249 1360 Nunc
1268 1302 1418 1358 enim
1435 1301 1587 1374 quod
1599 1300 1754 1368 facis,
1772 1299 1986 1357 etiamsi

395 1400 602 1456 bonum
630 1405 736 1466 est,
762 1404 1007 1453 attamen
1036 1401 1302 1466 quatenus
1325 1407 1438 1448 non
1463 1392 1526 1447 lit
1561 1399 1893 1464 opportune,
1921 1388 1986 1444 ad

395 1487 817 1545 dissolutionem
827 1482 1366 1553 destructionemque
1381 1488 1484 1538 est.
1501 1482 1825 1552 Importuna
1838 1478 1988 1534 enim

393 1576 690 1648 increpatio
714 1575 857 1632 haud
878 1573 1131 1630 aadiﬁcat.

468 1670 646 1724 Vsns.
678 1672 728 1722 3.
764 1684 792 1717 α
820 1664 1039 1720 Etenim
1065 1660 1320 1719 Christus
1345 1676 1458 1717 non
1497 1661 1601 1717 sibi
1639 1659 1860 1732 placuit,
1891 1655 1989 1714 sed

395 1757 534 1813 sicut
562 1757 829 1828 scriptum
869 1761 994 1810 est!
1055 1772 1068 1808 :
1116 1751 1456 1824 Improperia
1491 1750 1991 1823 improperantium

395 1847 491 1902 tibi
531 1845 854 1902 ceciderunt
891 1858 1056 1916 super
1091 1857 1206 1898 me.
1237 1861 1267 1893 ι)
1317 1841 1606 1898 Christum
1637 1841 1696 1897 in
1735 1838 1986 1896 medium

393 1936 722 2008 producens,
748 1934 1064 2005 exemplum
1105 1947 1234 1988 eum
1271 1930 1434 1987 nobis
1470 1931 1677 1988 statuit.
1711 1929 1990 1986 Potuisset

394 2026 542 2081 enim
571 2026 684 2097 ipse
724 2023 1091 2080 convitiorum
1115 2029 1170 2077 et
1196 2020 1624 2093 opprobriorum
1651 2035 1845 2092 expers
1872 2033 1991 2076 esse

395 2130 579 2186 neque
623 2112 732 2184 pati
763 2127 886 2185 quae
924 2111 1086 2179 tulit,
1137 2110 1181 2166 si
1211 2109 1476 2166 voluisset
1504 2109 1709 2180 sibiipsi
1752 2109 1986 2180 placere,

393 2204 501 2259 hoc
538 2211 643 2270 est,
685 2202 834 2274 quod
873 2217 1036 2257 suum
1079 2207 1215 2269 erat,
1253 2213 1500 2271 quaerere
1532 2217 1545 2254 :
1593 2214 1788 2255 verum
1812 2197 1993 2254 noluit

394 2293 520 2360 hoc,
560 2290 659 2348 sed
703 2291 853 2347 enim
891 2303 1117 2346 crucem
1163 2295 1220 2345 et
1265 2288 1621 2344 afﬂictionem
1664 2287 1987 2360 suscipiens,

394 2383 598 2437 malam
626 2379 772 2452 apud
797 2381 1087 2452 plerosque
1111 2377 1579 2434 existimationem
1602 2377 1881 2444 sustinuit,
1909 2378 1988 2433 in-

395 2471 589 2526 ﬁrmus
630 2483 749 2525 esse
771 2467 1070 2541 judicatus,
1095 2475 1169 2535 et,
1198 2465 1364 2522 veluti
1396 2465 1668 2538 impostor
1695 2474 1752 2522 et
1779 2466 1990 2522 malefio

389 2575 512 2616 cus.
555 2581 581 2607 ι
608 2558 762 2614 Alios
808 2581 830 2605 α
867 2557 1036 2624 enim,
1062 2555 1344 2629 inquiunt,
1383 2577 1409 2604 υ
1442 2555 1694 2624 servavit,
1743 2557 1988 2628 seipsum

392 2663 608 2704 servare
629 2663 741 2704 non
768 2654 950 2718 potest
970 2659 1017 2701 ι.
1067 2669 1091 2696 η
1124 2643 1466 2717 Improperia
1493 2645 1675 2717 itaque
1708 2644 1988 2719 imprope-

393 2737 635 2794 rantium
672 2735 770 2791 tibi
801 2735 950 2792 Patri
997 2735 1056 2790 in
1094 2735 1282 2791 Veteri
1337 2737 1716 2803 Testamento,
1777 2736 1990 2794 cecide-

395 2834 527 2882 runt
553 2840 718 2898 super
740 2841 832 2881 me
858 2824 1060 2881 Filium
1095 2833 1283 2894 tuum,
1320 2839 1498 2896 neque
1526 2824 1833 2898 quidquam
1859 2829 1991 2884 novi

396 2914 650 2988 contigit.

465 3005 649 3061 Vens.
681 3008 733 3058 4.
791 3021 818 3055 «
863 3005 1216 3076 Qumcnnque
1255 3008 1440 3058 autem
1487 3003 1801 3076 praescripta
1837 3013 1988 3075 sunt,

393 3094 462 3150 ad
491 3101 741 3150 nostram
774 3092 1085 3148 doctrinam
1133 3092 1449 3164 praescripta
1497 3101 1644 3160 sunt,
1675 3103 1740 3150 ut
1773 3111 1870 3166 per
1896 3112 1993 3168 pa-

2018 1893 2067 1956 B

2099 675 2175 754 μὴ
2205 673 2274 734 τὰ
2303 677 2504 734 ἑαυτῶν
2538 672 2696 752 μόνον
2739 673 3010 750 ζητῶμεν.

2187 877 2216 914 (ι
2259 854 2532 920 ’Ἕκαστος
2578 853 2730 928 ὑμῶν
2774 853 2852 930 τῷ
2901 848 3127 926 πλῃσίον
3181 847 3454 930 ἀρεσκέτω
3508 852 3580 916 εἰς
3635 848 3696 908 τὸ

2097 944 2323 1026 ἀγαθὸν,
2361 942 2492 1021 πρὸς
2541 937 2847 1017 οἰκοδομήν.
2883 941 2939 1015 nl
2967 937 3260 999 Τουτέστιν
3283 982 3299 1010 ,
3353 935 3431 998 ⁸0
3480 937 3696 1026 ἀρέσκει

2095 1025 2173 1114 τῷ
2232 1031 2456 1104 πλησίον
2481 1077 2496 1104 ,
2564 1031 2734 1088 ἐκεῖνο
2787 1027 3036 1098 ποιείτω,
3118 1027 3214 1086 καὶ
3275 1025 3569 1087 δουλευέτω
3619 1030 3697 1107 τῷ

2097 1123 2340 1203 ἀδελφῷ,
2372 1121 2496 1181 ἀλλ’
2525 1121 2598 1186 εἷς
2640 1117 2702 1178 τὸ
2728 1117 2947 1196 ἀγαθόν.
2980 1116 3104 1177 Ἵνα
3154 1116 3208 1176 δὲ
3253 1117 3328 1196 μὴ
3370 1115 3502 1198 λέγῃ
3548 1120 3576 1175 ὁ
3604 1116 3696 1175 τέ-

2095 1216 2232 1280 λειος
2263 1235 2277 1248 ·
2324 1209 2462 1272 Ἰδοὺ
2511 1207 2602 1268 καὶ
2633 1207 2740 1285 ἐγὼ
2789 1209 2860 1273 εἷς
2910 1207 2972 1267 τὸ
3031 1207 3226 1288 ἀγαθὸν
3275 1205 3417 1266 ἕλκω
3451 1229 3465 1244 ·
3526 1229 3698 1286 προσ-

2099 1303 2254 1374 έθηκε
2288 1325 2301 1338 ·
2339 1321 2366 1357 (ι
2397 1297 2541 1380 Πρὸς
2570 1296 2874 1374 οἰκοδομήν.
2895 1317 2925 1354 ›)
2964 1301 3076 1358 Νῦν
3109 1296 3204 1375 μὲν
3237 1295 3392 1378 γὰρδ
3425 1299 3618 1369 ποιεῖς,
3652 1299 3696 1355 εἰ

2097 1391 2189 1451 καὶ
2221 1391 2416 1470 ἀγαθόν
2451 1391 2626 1460 ἐστιν,
2670 1387 2814 1462 ὅμως
2855 1386 2986 1446 καθὸ
3029 1388 3122 1446 οὐκ
3155 1385 3412 1465 εὐκαίρως
3457 1385 3694 1464 γίνεται,

2097 1483 2170 1549 εἷς
2201 1477 2494 1541 κατάλυσίν
2536 1479 2702 1536 ἐστιν.
2743 1474 2816 1538 Ἦ
2857 1477 2960 1556 γὰρ
3007 1475 3229 1555 ἄκαιρος
3282 1474 3559 1548 ἐπίπληξις
3605 1477 3699 1534 οὐκ

2097 1569 2388 1646 οἰκοδομεῖ.

2185 1686 2210 1712 α
2245 1657 2358 1721 Καὶ
2379 1656 2480 1737 γὰρ
2511 1659 2538 1716 ὃ
2568 1654 2799 1736 Χριστὸς
2835 1655 2936 1734 οὔχ
2966 1655 3139 1736 ἑαυτῷ
3165 1653 3388 1733 ἤρεσεν,
3409 1651 3561 1712 ’ἀλλὰ
3591 1677 3700 1712 κα-

2099 1747 2202 1816 θὼς
2252 1747 2547 1827 γέγραπται
2582 1768 2594 1780 ⁸
2639 1749 2712 1806 Οἱ
2762 1742 3056 1820 ὀνειδισμοὶ
3099 1747 3203 1803 τῶν
3248 1743 3605 1813 ὀνειδιζόντων
3636 1765 3695 1802 σε

2099 1838 2356 1898 ἐπέπεσον
2386 1838 2470 1895 ἐπ’
2502 1836 2615 1914 ἐμέ.
2647 1862 2672 1888 ι»
2719 1833 2828 1895 Τὸν
2861 1833 3094 1913 Χριστὸν
3122 1835 3192 1901 εἰς
3215 1834 3272 1893 τὸ
3305 1832 3469 1910 μέσον
3513 1833 3656 1910 ἄγων
3679 1877 3695 1905 ,

2099 1929 2396 2004 ὑπόδειγμα
2434 1930 2618 1986 τοῦτον
2665 1925 2879 1983 δίδωσιν
2916 1929 3069 1998 ἡμῖν.
3116 1921 3278 1994 Ἐξῆν
3307 1922 3410 2003 γὰρ
3442 1923 3589 2002 αὖτῷ
3621 1921 3698 2000 μὴ

2098 2019 2484 2093 ὄνειδισθῆναι,
2535 2013 2670 2092 μηδὲ
2716 2020 2903 2074 παθεῖν
2957 2013 2992 2072 ἃ
3040 2012 3260 2086 ἔπαθεν,
3313 2013 3364 2071 εἴ
3407 2035 3467 2092 γε
3515 2011 3700 2084 ἤθελεν

2099 2108 2272 2188 ἑαυτῷ
2321 2105 2565 2185 ἀρέσκειν
2587 2148 2604 2175 ,
2667 2101 2935 2176 τουτέστι,
2976 2101 3037 2162 τὸ
3089 2105 3279 2162 ἑαυτοῦ
3319 2101 3490 2174 ζητεῖν
3524 2124 3538 2138 ⁸
3575 2102 3698 2160 ἀλλ’

2099 2198 2196 2254 οὐκ
2244 2195 2534 2269 ἠθέλησεν,
2588 2193 2728 2253 ἀλλὰ
2769 2191 3194 2270 καταδεξάμενος
3233 2195 3419 2250 παθεῖν
3459 2189 3698 2268 πονηρὰν

2098 2284 2247 2365 παρὰ
2272 2288 2379 2351 τοῖς
2419 2285 2634 2350 πολλοῖς
2679 2283 2804 2364 ἔσχε
2847 2281 3001 2352 δόξαν
3020 2327 3038 2354 ,
3089 2279 3313 2354 ἀσθενὴς
3366 2271 3502 2340 εἶναι
3541 2302 3701 2356 νομι-

2099 2373 2270 2449 σθεὶς,
2315 2372 2402 2432 καὶ
2457 2378 2526 2439 ὡς
2579 2371 2778 2438 πλάνος
2832 2371 2922 2430 καὶ
2972 2374 3287 2451 κακοῦργος.
3353 2391 3382 2426 «
3409 2366 3630 2436 Ἄλλους
3667 2393 3698 2425 ι

2099 2464 2232 2544 γὰρ,
2262 2461 2454 2542 φασὶν,
2490 2460 2764 2544 «υέσωσεν,
2795 2461 2982 2519 ἑαυτὸν
3010 2462 3068 2518 οὗ
3098 2459 3320 2520 δύναται
3341 2463 3538 2518 σῶσαι.
3575 2486 3598 2512 ι
3626 2459 3698 2520 Οἱ

2098 2541 2388 2631 ὄνειδισμοὶ
2420 2575 2447 2609 ιο
2485 2541 2575 2610 οῦν
2600 2579 2623 2604 α
2656 2553 2764 2609 τῶν
2796 2549 3153 2620 ὀνειδιζόντων
3199 2551 3258 2609 σὲ
3299 2576 3323 2602 υ
3355 2549 3444 2608 τὸν
3480 2547 3701 2628 Πατέρα

2097 2645 2151 2702 ἐν
2275 2644 2521 2723 Παλαιᾷ,
2541 2669 2565 2695 ιι
2591 2641 2852 2700 ἐπέπεσον
2885 2642 2969 2698 ἐπ’
2998 2638 3094 2717 ἐμὲ
3121 2666 3146 2693 ι
3172 2641 3264 2700 τὸν
3293 2638 3425 2700 Υἳόν
3454 2661 3581 2718 σου,
3609 2637 3703 2697 καὶ

2099 2731 2246 2792 οὐδὲν
2277 2731 2458 2792 καινὸν
2490 2730 2714 2804 συνέϐη.

2191 3025 2218 3061 (ι
2243 3003 2395 3065 Ὅσα
2422 3003 2476 3062 δὲ
2507 3001 2820 3083 προεγράφη
2843 3045 2860 3074 ,
2908 3005 2980 3069 εἷς
3009 3000 3107 3074 τὴν
3141 2999 3410 3078 ἡμετέραν
3437 3000 3702 3059 διδασκα-

2096 3092 2214 3152 λίαν
2246 3092 2559 3176 προεγράφη
2593 3115 2606 3129 ·
2635 3091 2724 3151 ἵνα
2751 3090 2840 3150 διὰ
2872 3095 2967 3163 τῆς
2999 3093 3274 3168 ὖπομονῆς
3295 3135 3310 3166 ,
3339 3089 3429 3148 καὶ
3463 3093 3559 3162 τῆς
3589 3112 3696 3147 πα-

395 3184 647 3240 tientiam
678 3191 736 3238 et
782 3182 1222 3239 consolationem
1265 3182 1674 3254 Scripturarum
1712 3200 1867 3257 spem
1905 3187 1994 3245 ba-

2108 3184 2413 3260 ρακλήσεως
2441 3185 2547 3241 τῶν
2573 3184 2824 3263 Γραφῶν,
2854 3179 2950 3251 τὴν
2970 3181 3161 3240 ἐλπίδα
3182 3180 3413 3260 ἔχωμεν.
3443 3206 3466 3229 ι·
3492 3181 3704 3252 Ταῦτα,

396 3274 639 3330 beamus.
689 3296 714 3322 υ
746 3275 904 3342 Haec,
936 3272 1134 3345 inquit,
1176 3271 1495 3345 praescripta
1533 3282 1665 3330 sunt
1709 3283 1773 3331 ut
1812 3277 2002 3336 imite-

395 3379 540 3420 mur.
574 3363 714 3419 Hinc
735 3371 926 3418 autem
949 3373 1008 3418 et
1037 3363 1107 3419 ad
1130 3363 1501 3418 tentationum
1527 3363 1874 3422 tolerantiam
1905 3384 2002 3425 eos

393 3452 736 3519 adhortatur,
767 3451 1018 3524 inquiens
1069 3469 1084 3507 :
1133 3452 1200 3506 Ut
1246 3451 1548 3523 Scripturis
1574 3451 1806 3524 ﬁrmati,
1837 3458 2004 3514 susti-

393 3557 646 3609 neamus,
692 3549 747 3596 et
788 3541 1120 3596 sustinentes
1157 3540 1612 3598 demonstremus
1660 3543 1715 3599 in
1763 3545 2005 3620 nobisip-

395 3631 468 3686 sis
492 3646 650 3701 spem
696 3645 922 3687 omnem
965 3629 1246 3686 viventem
1294 3639 1350 3687 et
1391 3631 1667 3688 stabilem.
1714 3635 1824 3704 Qui
1852 3637 2002 3692 enim

391 3720 622 3776 sustinet
648 3727 704 3775 et
749 3719 966 3789 tolerat,
1013 3719 1351 3776 futurorum
1379 3719 1661 3778 bonorum
1708 3739 1868 3796 spem
1900 3726 2004 3783 ha-

393 3809 520 3865 bere
564 3809 798 3875 videtur,
824 3807 1057 3882 perinde
1103 3825 1171 3866 ac
1230 3808 1544 3866 tolerantiae
1595 3826 1796 3884 expers
1829 3830 1860 3871 a
1911 3831 2007 3888 spe

396 3899 619 3955 excidit.

467 3989 649 4045 Vnns.
681 3992 732 4042 5.
773 4005 801 4040 «
834 3990 985 4044 Deus
1035 3994 1225 4042 autem
1273 3986 1551 4058 patientiae
1589 3996 1647 4045 et
1703 3989 1886 4048 solatii
1911 3992 2005 4049 det

394 4076 552 4132 vobis
581 4075 730 4132 idem
759 4092 951 4148 sapere
982 4076 1130 4132 inter
1157 4091 1253 4132 vos
1274 4085 1471 4134 mutuo
1503 4077 1812 4136 secundum
1845 4081 2006 4139 Chri-

400 4172 551 4221 stum
578 4165 792 4221 Jesum.
847 4187 873 4214 ι
929 4167 1292 4222 Demonstrat
1335 4166 1485 4238 quod
1532 4183 1662 4224 cum
1715 4169 2007 4242 Scripturis

395 4257 545 4308 Deus
572 4253 736 4309 simul
765 4254 1015 4326 impertit
1067 4255 1384 4326 patientiam
1433 4264 1490 4312 et
1534 4257 2000 4316 consolationem.

397 4343 543 4397 Hinc
571 4341 726 4399 illum
755 4351 916 4399 vocat
949 4366 973 4393 α
1022 4347 1205 4400 Deum
1252 4344 1528 4417 patientiae
1560 4353 1616 4402 et
1661 4347 2001 4406 consolatio-

396 4432 505 4501 nis,
549 4451 578 4485 »
611 4441 672 4489 ut
713 4434 806 4504 qui
847 4433 1005 4490 dator
1047 4435 1118 4490 sit
1155 4433 1357 4490 harum
1404 4442 1459 4490 et
1499 4444 1709 4492 auctor.
1761 4440 2002 4512 Exoptat

2109 3271 2282 3350 φησὶ,
2327 3273 2676 3352 προεγράφη,
2707 3268 2796 3328 ἵνα
2844 3268 3161 3347 μιμώμεθα.
3211 3269 3482 3330 Ἐνταῦθα
3527 3268 3705 3328 δὲκαὶ

2111 3363 2182 3428 εἰς
2244 3359 2514 3435 ὕπομονὴν
2583 3362 2899 3442 πειρασμῶν
2957 3357 3144 3426 αὖτοὺς
3215 3359 3555 3438 παρακαλεῖ,
3614 3357 3707 3417 καί

2110 3472 2288 3532 φησιν’
2326 3445 2448 3510 Ἵνα
2497 3449 2598 3508 ὑπὸ
2654 3452 2759 3508 τῶν
2822 3451 3048 3531 Γραφῶν
3103 3447 3443 3530 νευρούμενοι
3505 3446 3706 3524 ὑπομέ-

2110 3563 2319 3617 νωμεν,
2364 3540 2455 3599 καὶ
2509 3537 2855 3618 ὑπομένοντες
2902 3537 3220 3616 δεικνύωμεν
3269 3539 3322 3597 ἐν
3369 3537 3574 3605 ἑαυτοῖς
3601 3545 3707 3594 πᾶ-

2112 3653 2211 3689 σαν
2252 3627 2350 3699 τὴν
2381 3629 2568 3690 ἐλπίδα
2607 3631 2782 3698 ζῶσαν
2812 3629 2904 3688 καὶ
2953 3629 3198 3708 βεϐαίαν.
3241 3626 3312 3688 ⁸0
3353 3626 3455 3707 γὰρ
3499 3626 3706 3704 ὑπομέ-

2112 3743 2248 3792 νων,
2278 3721 2474 3787 ἕκεῖνος
2502 3719 2645 3779 δοκεί
2671 3719 2859 3778 ὶλπίδα
2893 3717 3034 3798 ἔχειν
3079 3721 3184 3777 τῶν
3228 3717 3528 3794 μελλόντων
3564 3718 3705 3796 ἄγα-

2111 3811 2216 3867 θῶν
2248 3832 2262 3847 ο
2312 3807 2496 3889 ὥσπερ
2525 3812 2553 3868 ὃ
2584 3807 2982 3886 ἀνυπομόνητος
3041 3813 3134 3881 τῆς
3183 3807 3392 3873 ἐλπίδος
3434 3804 3709 3866 ἐκπέπτω-

2111 3921 2200 3957 κεν
2209 3942 2223 3956 .

2200 4013 2225 4040 α
2260 3987 2330 4048 Ὁ
2362 3987 2416 4045 δὲ
2457 3985 2592 4054 Θεὸς
2626 3989 2721 4057 τῆς
2761 3987 3030 4059 ὑπομονῆς
3056 3983 3106 4021 ⁵⁸
3138 3983 3228 4044 καὶ
3285 3987 3381 4054 τῆς
3425 3982 3708 4065 παρακλή-

2115 4099 2246 4144 σεως
2308 4075 2418 4158 δῴη
2451 4078 2578 4152 ὑμῖν
2623 4073 2683 4133 τὸ
2734 4073 2863 4133 αὐτὸ
2899 4076 3107 4153 φρονεῖν
3157 4075 3211 4132 ἐν
3263 4071 3511 4143 ἀλλήλοις
3567 4072 3706 4132 κατὰ

2114 4163 2347 4244 Χριστὸν
2391 4164 2616 4238 Ἰησοῦν.
2645 4190 2671 4217 ι›
2718 4162 2996 4224 Δείκνυσιν
3015 4209 3032 4240 ,
3060 4161 3142 4221 ὅτι
3173 4162 3312 4238 μετὰ
3342 4164 3447 4219 τῶν
3477 4164 3707 4239 Γραφῶν

2114 4258 2142 4314 ὃ
2171 4253 2309 4321 Θεὸς
2355 4253 2540 4312 δίδωσι
2588 4251 2686 4325 τὴν
2734 4251 3006 4329 ὑπομονὴν
3053 4250 3147 4311 καὶ
3193 4250 3292 4324 τὴν
3341 4249 3705 4332 παράκλησιν.

2113 4342 2210 4405 Διὸ
2241 4341 2332 4401 καὶ
2361 4343 2500 4404 Θεὸν
2531 4342 2685 4402 αὐτὸν
2716 4343 2986 4417 ὑπομονῆς
3025 4341 3116 4400 καὶ
3163 4341 3549 4421 παρακλήσεως
3594 4341 3708 4398 ὀνο-

2115 4432 2304 4513 μάζει,
2352 4433 2424 4500 ὡς
2477 4433 2672 4513 δοτῆρα
2721 4431 2920 4492 τούτων
2969 4431 3061 4491 καὶ
3133 4431 3318 4493 αἴτιον.
3380 4429 3708 4511 Ἐπεύχεται

396 4529 580 4577 autem
624 4522 694 4577 ab
733 4523 852 4595 ipso
901 4522 1043 4591 dari,
1089 4532 1152 4580 ut
1185 4523 1334 4580 idem
1396 4523 1545 4581 inter
1609 4541 1669 4583 se
1738 4528 1994 4586 sentiant.

2110 4512 2200 4583 οὖν
2230 4520 2358 4602 παρ’
2414 4522 2577 4581 αὐτοῦ
2630 4523 2846 4592 δοθῆναι
2893 4520 2950 4580 τὸ
2998 4521 3126 4581 αὐτὸ
3175 4529 3380 4611 φρονεῖν
3435 4521 3488 4578 ἓν
3540 4518 3708 4591 ἀλλή-

393 4613 516 4668 Hoc
536 4612 687 4668 enim
707 4628 984 4685 germanae
1003 4612 1288 4670 charitatis
1313 4621 1396 4670 est
1411 4614 1748 4686 symbolum,
1774 4618 1994 4689 perinde

2105 4615 2236 4679 λοις.
2280 4615 2454 4673 Τοῦτο
2481 4611 2582 4691 γὰρ
2630 4610 2841 4689 ἀγάπης
2887 4613 3144 4684 ἀληθοῦς,
3192 4608 3220 4669 ὃ
3255 4609 3378 4690 περὶ
3409 4612 3598 4669 ἑαυτοῦ
3629 4632 3707 4675 τις

395 4701 710 4772 quempiam
733 4701 800 4758 de
825 4702 1077 4773 proximo
1107 4717 1206 4759 suo
1234 4703 1458 4770 sentire,
1491 4718 1556 4759 ac
1586 4703 1655 4760 de
1672 4707 1992 4779 semetipso.

396 4789 538 4859 Quia
579 4806 706 4845 vero
751 4791 984 4847 charitas
1011 4792 1182 4848 etiam
1225 4799 1310 4848 est
1337 4791 1647 4849 secundum
1694 4795 1991 4866 mundum,

396 4878 652 4948 apposuit
687 4901 713 4927 α
753 4879 1058 4936 secundum
1093 4880 1376 4937 Christum
1420 4883 1613 4937 Jesum
1648 4900 1662 4937 :
1696 4905 1722 4932 ι)
1756 4882 1863 4942 hoc
1888 4895 1991 4954 est,

393 4975 458 5022 ut
503 4967 594 5023 illa
633 4967 884 5025 sentiatis
925 4977 983 5024 et
1009 4969 1276 5042 cogitetis,
1318 4984 1443 5042 quae
1483 4969 1737 5041 placeant
1775 4973 1994 5032 Christo

395 5057 547 5113 Jesu.

467 5150 642 5203 Vnus.
695 5153 748 5203 6.
799 5169 825 5197 σι
867 5150 950 5206 Ut
992 5147 1324 5206 unanimiter
1366 5163 1478 5204 uno
1543 5164 1640 5206 ore
1679 5152 1996 5225 gloriﬁcetis

397 5239 599 5304 Deum,
646 5246 702 5292 et
742 5238 966 5294 Patrem
1020 5239 1247 5295 Domini
1294 5237 1468 5295 nostri
1511 5239 1642 5296 Jesu
1691 5242 1911 5300 Christi.
1966 5267 1993 5293 ιι

395 5325 539 5396 Quid
590 5326 726 5382 lucri
755 5335 840 5383 est
867 5343 932 5384 ex
979 5329 1273 5386 concordia
1306 5339 1362 5386 et
1403 5333 1649 5390 unanimi
1687 5333 1998 5390 sententia?

395 5413 722 5472 Glorificare
743 5431 859 5472 non
902 5419 1087 5475 solum
1115 5435 1228 5476 uno
1273 5435 1387 5492 ore,
1442 5437 1636 5479 verum
1682 5423 1846 5480 etiam
1889 5439 1996 5480 una

482 5548 662 5603 IPsal.
689 5564 909 5617 vam,
944 5557 1029 5608 10.
1124 5556 1367 5611 zMatth.
1403 5571 1606 5624 xxvii,
1638 5563 1728 5613 42.

2103 4709 2308 4782 φρονεῖ,
2336 4705 2492 4760 τοῦτο
2535 4700 2778 4782 καὶπερὶ
2817 4707 2909 4760 τοῦ
2945 4699 3175 4771 πλησίον
3207 4706 3437 4780 φρονεῖν.
3475 4696 3704 4770 Ἐπειδή

2102 4793 2242 4851 ἔστιν
2302 4791 2488 4870 ἀγάπη
2553 4789 2694 4850 κατὰ
2750 4789 2988 4867 κόσμον,
3053 4788 3352 4866 προσέθηκε
3397 4805 3412 4822 ⁶
3479 4814 3502 4838 σι
3567 4786 3707 4846 κατὰ

2101 4879 2334 4960 Χριστὸν
2363 4878 2570 4952 Ἰησοῦν
2595 4903 2608 4916 ·
2636 4902 2667 4936 ι)
2705 4876 2974 4938 τουτέστιν
2991 4922 3008 4952 ,
3032 4876 3154 4939 Ἵνα
3184 4881 3362 4936 ἐκεῖνα
3391 4880 3643 4956 φρονῆτε,
3669 4875 3705 4935 ἃ

2103 4969 2316 5049 ἀρέσκει
2339 4973 2418 5050 τῷ
2453 4970 2675 5048 Χριστῷ
2704 4966 2906 5040 Ἰησοῦ.

2192 5170 2222 5207 α
2248 5147 2373 5209 Ἵνα
2427 5146 2766 5225 ὁμοθυμαδὸν
2811 5148 2868 5206 ἐν
2921 5145 2995 5206 ἑνὶ
3043 5145 3272 5224 στόματι
3310 5144 3562 5220 δοξάζητε
3615 5149 3706 5208 τὸν

2103 5237 2280 5318 Θεὸν,
2327 5237 2418 5296 καὶ
2471 5238 2692 5318 Πατέρα
2739 5241 2831 5297 τοῦ
2886 5234 3084 5317 Κυρίου
3141 5240 3295 5313 ἡμῶν
3343 5235 3523 5310 Ἰησοῦ
3572 5239 3704 5318 Χρι-

2107 5332 2253 5388 στοῦ.
2298 5355 2320 5379 ι
2351 5326 2421 5388 Τί
2447 5326 2509 5386 τὸ
2541 5326 2721 5408 κέρδος
2749 5330 2842 5385 τοῦ
2873 5327 2940 5386 τὰ
2971 5324 3105 5385 αὐτὰ
3147 5329 3388 5407 φρονεῖν;
3430 5327 3512 5388 Τὸ
3547 5325 3705 5395 δοξά-

2107 5419 2214 5485 ζειν
2257 5419 2317 5476 οὔ
2361 5415 2518 5495 μόνον
2562 5418 2616 5476 ἐν
2658 5415 2734 5476 ἑνὶ
2779 5416 3033 5496 στόματι,
3086 5416 3226 5476 ἀλλὰ
3268 5415 3361 5476 καὶ
3409 5425 3508 5498 μιᾷ
3556 5419 3704 5499 ψυχῇ

1791 5657 1980 5716 Variae
2023 5657 2319 5720 lectiones.

473 5734 515 5767 ⁵⁸
544 5734 738 5806 εἰρήνης
763 5752 815 5792 ο,
