4090 6420
309 440 429 493 537

1220 430 1574 487 EXPOSITIO
1613 429 1679 485 IN
1718 426 1928 485 EPIST.
1964 426 2057 481 AD
2095 426 2259 483 ROM.
2304 458 2370 466 —
2410 428 2560 484 CAP.
2602 430 2713 485 XV.

3535 432 3641 487 538

311 566 330 643 (
356 568 523 623 τοῦτο
554 561 652 645 γὰρ
686 564 840 635 δηλοῖ
868 560 945 645 τὸ,
976 587 1000 614 α
1023 558 1402 637 Ὁμοθυμαδὸν
1426 557 1484 635 ι)
1514 555 1600 617 τὸν
1631 554 1788 617 Θεόν.
1815 552 1917 614 Ἐν

2044 554 2230 610 anima
2269 552 2397 625 (hoc
2443 554 2595 611 enim
2639 555 2844 613 indicat
2881 558 3231 627 unanimiter)
3280 562 3483 617 Deum.
3534 561 3640 618 Hic

310 660 495 713 ταῦθα
528 654 607 712 δεῖ
629 643 635 645 ν
656 651 830 721 στίξαι
850 696 864 719 ,
894 643 1008 710 εἶτα
1037 652 1130 709 ἀπ’
1164 648 1329 722 ἄλλης
1359 650 1530 729 ἀρχῆς
1584 649 1884 723 ἀναγνῶναι
1907 664 1920 679 ⁸

312 772 344 796 ⁴ιι
382 747 494 805 Καὶ
518 743 739 822 Πατέρα
772 748 862 802 τοῦ
888 740 1083 821 Κυρίου
1113 742 1266 816 ἡμῶν
1297 737 1479 811 Ἰησοῦ
1510 738 1772 816 Χριστοῦ.
1806 764 1830 788 ν
1862 736 1924 797 Εἰ

311 833 382 892 δὲ
404 833 495 891 καὶ
520 830 808 910 ἡνωμένως
836 833 1098 910 ἀναγνῷς,
1130 826 1269 887 ὥστε
1295 834 1385 888 τοῦ
1414 830 1574 887 αὐτοῦ
1609 828 1844 906 Χριστοῦ
1869 828 1923 865 ⁵⁵

311 922 417 980 καὶ
472 923 612 982 Θεὸν
675 911 811 980 εἶναι
866 920 958 979 καὶ
1019 918 1272 999 Πατέρα,
1326 917 1444 978 οὐδὲ
1496 922 1652 976 τοῦτο
1703 915 1921 978 ἄτοπον.

311 1012 467 1079 Θεὸς
510 1010 604 1089 μὲν
646 1012 749 1093 γὰρ
781 1015 872 1070 τοῦ
916 1009 1151 1090 Χριστοῦ
1177 1055 1193 1083 ,
1252 1005 1394 1067 κατὰ
1434 1007 1496 1067 τὸ
1548 1005 1874 1086 ἀνθρώπινον
1910 1031 1923 1044 ·

314 1100 527 1182 Πατὴρ
559 1100 612 1160 δὲ
636 1146 651 1175 ,
671 1100 811 1161 κατὰ
838 1100 934 1171 τὴν
958 1098 1202 1170 θεότητα.

410 1218 435 1244 «ι
472 1190 569 1250 Διὸ
597 1189 1076 1271 προσλαμϐάνεσθε
1113 1188 1373 1261 ἀλλήλους
1391 1234 1406 1261 ,
1435 1185 1611 1255 καθὼς
1633 1185 1725 1245 καὶ
1746 1190 1773 1245 ὁ
1792 1188 1925 1268 Χρι⁸

310 1282 443 1349 στὸς
474 1279 835 1360 προσελάϐετο
859 1284 1031 1358 ἡμᾶς,
1066 1280 1137 1346 εἷς
1166 1277 1318 1347 δόξαν
1344 1279 1513 1339 Θεοῦ.
1556 1304 1581 1329 η
1628 1276 1804 1337 Πάλιν
1831 1281 1926 1349 τῆς

310 1370 584 1451 προτέρας
618 1370 979 1448 παραινέσεως
1013 1368 1172 1451 [καὶ]
1202 1367 1417 1448 ἔχεται,
1456 1366 1548 1427 καὶ
1579 1366 1925 1447 παράδειγμα

308 1460 523 1539 εἰσάγει
555 1459 645 1519 τὸν
699 1462 965 1543 Χριστὸν,
1013 1457 1156 1518 ὥστε
1203 1456 1730 1537 προσλαμϐάνεσθαι
1783 1462 1928 1534 ἡμᾶς

313 1550 624 1621 ἀλλήλους·
680 1552 752 1618 εἰς
803 1548 957 1618 δόξαν
999 1550 1102 1630 γὰρ
1153 1550 1294 1609 Θεοῦ
1349 1549 1402 1586 ⁵⁸
1454 1550 1567 1606 ἐστι
1618 1551 1799 1609 τοῦτο.
1847 1548 1927 1607 Τὸ

310 1638 425 1719 γὰρ
473 1642 707 1712 ἡνῶσθαι
759 1644 898 1718 ἡμᾶς
945 1638 1179 1716 μάλιστα
1234 1636 1435 1707 δοξάζει
1486 1636 1573 1697 τὸν
1628 1635 1789 1697 Θεόν.
1833 1636 1926 1697 Ἐν

308 1729 492 1809 τούτῳ
518 1729 652 1811 γὰρ,
701 1728 830 1811 φησὶ
851 1777 867 1803 ,
899 1727 1189 1808 γνώσονται
1225 1727 1458 1800 πάντες,
1493 1725 1575 1786 ὅτι
1614 1724 1680 1785 σύ
1714 1750 1781 1802 με
1817 1728 1926 1787 άπ-

2033 663 2172 722 opus
2199 655 2284 704 est
2329 646 2706 714 distinctione,
2751 647 2951 705 deinde
2986 649 3055 704 ab
3105 650 3211 704 alio
3254 650 3409 707 initio
3458 651 3639 725 legen-

2030 737 2187 803 dum,
2224 762 2249 787 ι
2302 745 2359 795 et
2411 740 2632 794 Patrem
2684 738 2909 794 Domini
2955 739 3126 795 nostri
3174 742 3307 795 Jesu
3351 740 3570 797 Christi.
3612 765 3638 791 ι.

2031 828 2128 885 Sin
2166 836 2223 885 et
2252 828 2593 902 conjunctim
2626 829 2792 901 legas,
2842 838 2904 885 ut
2945 829 3115 902 ipsius
3144 830 3343 886 Christi
3386 838 3440 885 et
3488 834 3640 887 Deus

2032 919 2105 978 sit
2140 928 2194 976 et
2242 922 2402 975 Pater
2429 935 2608 990 neque
2638 919 2787 976 istud
2812 920 2917 976 erit
2939 920 3262 978 absurdum.
3299 925 3446 977 Deus
3474 936 3639 976 nam-

2033 1025 2140 1082 que
2165 1009 2370 1069 Christi
2395 1021 2477 1070 est
2492 1011 2795 1069 secundum
2816 1010 3244 1076 humanitatem,
3266 1014 3423 1068 Pater
3441 1015 3637 1084 ,‘autem

2035 1103 2340 1159 secundum
2368 1101 2735 1159 divinitatem.

2107 1197 2287 1251 Vsus.
2319 1199 2373 1248 7.
2416 1216 2440 1242 α
2478 1195 2709 1265 Propter
2747 1191 2895 1264 quod
2950 1191 3209 1263 suscipite
3258 1207 3355 1248 vos
3406 1190 3639 1248 invicem

2042 1285 2208 1356 106
2242 1284 2382 1341 sicut
2418 1292 2476 1340 et
2528 1284 2778 1340 Christus
2828 1281 3065 1355 suscepit
3110 1298 3231 1351 nos,
3281 1281 3351 1337 ad
3400 1282 3637 1355 gloriam

2038 1375 2160 1430 Dei.
2196 1398 2217 1423 υ
2245 1374 2495 1431 Priorem
2519 1373 2967 1431 adhortationem
2986 1372 3200 1443 repetit,
3233 1380 3289 1428 et
3314 1372 3633 1444 exemplum

2036 1464 2235 1521 Christi
2264 1464 2494 1533 inducit,
2522 1474 2583 1520 ut
2610 1464 2977 1536 suscipiamus
2997 1478 3099 1518 nos
3134 1470 3331 1519 mutuo
3362 1481 3375 1518 :
3406 1462 3458 1519 id
3482 1478 3636 1519 nam-

2036 1571 2141 1627 que
2156 1554 2225 1610 ad
2253 1555 2485 1626 gloriam
2514 1555 2619 1611 Dei
2640 1553 2808 1609 cedit.
2844 1556 3044 1611 Nostra
3066 1553 3214 1608 enim
3240 1553 3370 1608 unio
3398 1553 3637 1608 maxime

2036 1644 2308 1718 gloriﬁcat
2354 1647 2549 1700 Deum.
2604 1647 2667 1700 In
2712 1644 2820 1701 hoc
2866 1641 3015 1700 enim
3056 1650 3391 1715 cognoscent
3446 1657 3637 1698 omnes

2035 1734 2183 1806 quod
2208 1743 2267 1791 tu
2305 1750 2396 1791 me
2422 1734 2639 1803 misisti,
2689 1735 2736 1789 si
2792 1733 2995 1790 fuerint
3040 1750 3215 1789 unum
3238 1743 3263 1774 ε
3298 1750 3311 1786 :
3365 1731 3636 1805 quemad-

308 1807 604 1893 ἔστειλας,
632 1807 723 1878 ἐὰν
764 1807 978 1877 ὧσινίὲν
1009 1842 1020 1855 ο
1048 1818 1231 1895 ὥσπερ
1272 1816 1332 1875 τὸ
1382 1816 1704 1897 διεσχίσθαι,
1755 1818 1917 1896 βλασ-

2037 1824 2290 1893 modum,
2319 1824 2361 1881 si
2390 1824 2754 1881 dissensiones
2795 1824 3061 1892 oriantur,
3109 1823 3163 1877 in
3191 1838 3354 1879 causa
3383 1831 3513 1878 sunt
3540 1838 3639 1877 cur

308 1915 609 1991 φημεῖσθαι
660 1910 816 1969 αὐτὸν
874 1917 1037 1971 ποιεῖ.
1129 1906 1481 1988 Χριστιανοὺς
1537 1905 1641 1987 γὰρ
1700 1910 1927 1988 ὁρῶντες

311 2002 369 2057 οἷ
409 1996 676 2073 Ἕλληνες
717 1998 1222 2073 διαστασιάζοντας,
1272 2001 1365 2070 τῆς
1418 1995 1647 2064 πίστεως
1696 2021 1927 2077 κατηγο-

319 2113 495 2171 ρουσι.

406 2207 429 2230 ι
464 2179 620 2256 Λέγω
664 2178 719 2238 δὲ
766 2180 1002 2259 Χριστὸν
1058 2178 1267 2251 Ἰησοῦν
1312 2176 1557 2237 διάκονον
1610 2179 1925 2259 γεγενῆσθαι

312 2274 611 2349 περιτομῆς
670 2269 803 2349 ὑπὲρ
854 2268 1101 2341 ἀληθείας
1148 2271 1322 2341 Θεοῦ,
1385 2269 1458 2335 εἷς
1512 2266 1570 2325 τὸ
1629 2267 1925 2346 βεϐαιῶσαι

312 2360 412 2427 τὰς
466 2359 782 2438 ἐπαγγελίας
837 2361 941 2417 τῶν
973 2359 1239 2440 πατέριον.
1293 2381 1323 2417 ))
1380 2360 1489 2418 Τοῦ
1540 2359 1698 2415 αὐτοῦ
1750 2380 1922 2438 κεφα-

310 2448 473 2507 λαίου
498 2448 707 2528 ἔχεται,
744 2448 948 2515 δεικνὺς
968 2494 984 2522 ,
1032 2447 1112 2506 ὅτι
1143 2450 1243 2529 οὐχ
1283 2451 1455 2529 ἑαυτῷ
1484 2446 1674 2527 ἤρεσεν
1723 2450 1751 2506 ὁ
1782 2450 1917 2528 Χρι-

312 2538 440 2604 στὸς
461 2584 480 2611 ,
513 2537 627 2597 ἀλλ’
682 2536 816 2617 ὑπὲρ
867 2541 1017 2615 ἡμῶν
1068 2539 1239 2597 πάντα
1284 2535 1637 2611 κατεδέξατο,
1675 2535 1765 2595 καὶ
1805 2536 1922 2595 πεί-

310 2633 419 2687 θων
468 2626 589 2695 τοὺς
635 2627 865 2695 ἐθνικοὺς
921 2626 998 2704 μὴ
1045 2626 1463 2707 κατεπαίρεσθαι
1511 2629 1615 2685 τῶν
1671 2625 1724 2695 ἐξ
1775 2624 1918 2686 Ἰου-

312 2715 481 2777 δαίων
520 2716 950 2779 πιστευσάντων.
1001 2719 1075 2778 Οἱ
1114 2717 1211 2795 μὲν
1256 2717 1359 2798 γὰρ
1406 2717 1652 2777 Ἰουδαῖοι
1702 2716 1789 2774 διὰ
1821 2714 1917 2789 τὴν

309 2808 447 2886 πρὸς
489 2806 610 2875 τοὺς
641 2806 876 2887 πατέρας
924 2807 1245 2886 ἐπαγγελίαν
1290 2806 1568 2878 ἐσώθησαν
1602 2830 1614 2843 ·
1647 2808 1695 2865 οἱ
1747 2804 1803 2864 δὲ
1848 2809 1908 2866 ἐ·-

310 2896 485 2955 θνικοὶ
506 2895 639 2977 ἐλέῳ
674 2896 820 2979 μόνῳ
849 2895 941 2956 καὶ
972 2896 1369 2979 φιλανθρωπίᾳ.
1417 2894 1495 2957 ⁸0
1525 2896 1578 2956 δὲ
1608 2894 1782 2974 λέγει,
1812 2918 1917 2955 τοι·

308 2986 464 3045 οῦτόν
518 2976 660 3044 ἐστιν
688 3010 701 3023 ·
748 2976 1082 3065 Ἐπαγγελία
1130 2976 1195 3058 ἦν
1227 2976 1359 3067 πρὸς
1386 2985 1472 3044 τὸν
1516 2983 1762 3066 Ἀϐραὰμ
1780 3031 1796 3060 ,
1830 2982 1917 3043 ἵνα

2034 1915 2081 1971 ei
2110 1914 2490 1971 maledicatur.
2540 1917 2680 1971 Nam
2719 1913 2898 1971 Graeci
2941 1913 3437 1969 animadvertentes
3469 1912 3636 1968 Chri-

2034 2005 2245 2062 stianos
2262 2005 2407 2062 inter
2429 2021 2487 2061 se
2515 2004 2827 2075 dissentire,
2858 2003 3025 2059 ﬁdem
3066 2010 3344 2059 accusant.

2104 2188 2282 2243 Vnus.
2316 2192 2373 2243 8.
2429 2186 2622 2242 «Dico
2671 2193 2857 2242 autem
2899 2183 3176 2242 Christum
3226 2185 3423 2240 Jesum
3462 2180 3635 2237 mini-

2030 2285 2207 2333 strum
2247 2275 2414 2333 fuisse
2460 2274 2897 2331 circumcisionis
2948 2282 3175 2347 propter
3204 2273 3485 2329 veritatem
3517 2272 3633 2339 Dei,

2032 2365 2099 2423 ad
2138 2364 2545 2423 conﬁrmandas
2565 2364 2956 2438 promissiones
2984 2372 3222 2435 patrum.
3255 2383 3283 2416 »
3322 2362 3510 2419 Eidem
3540 2378 3633 2417 ca-

2030 2456 2125 2528 piti
2156 2455 2422 2523 adhaeret,
2452 2462 2901 2511 commonstrans
2927 2453 3080 2525 quod
3135 2453 3387 2509 Christus
3422 2452 3633 2524 sibiipsi

2028 2562 2141 2601 non
2195 2544 2477 2618 placuerit,
2528 2552 2791 2601 cmterum
2839 2544 3025 2599 omnia
3078 2543 3254 2599 nostri
3318 2558 3483 2599 causa
3548 2557 3633 2597 as-

2027 2634 2323 2708 sumpserit
2354 2653 2367 2690 :
2423 2645 2479 2691 et
2508 2633 2846 2707 persuadens
2890 2633 3164 2707 gentibus,
3196 2649 3264 2688 ne
3309 2631 3631 2688 attollantur

2029 2725 2323 2783 adversum
2375 2741 2471 2782 eos
2527 2725 2619 2799 qui
2660 2741 2726 2781 ex
2774 2724 2982 2782 Iudaeis
3031 2722 3397 2780 crediderunt.
3445 2721 3631 2778 Judaei

2027 2818 2175 2881 enim
2205 2817 2276 2873 ob
2325 2815 2750 2888 promissionem
2788 2815 3033 2887 patribus
3071 2812 3277 2870 factam
3324 2812 3455 2869 salvi
3498 2811 3628 2868 facti

2028 2915 2158 2963 sunt
2202 2926 2214 2961 :
2274 2914 2465 2980 gentes
2514 2913 2702 2963 autem
2757 2906 2871 2962 sola
2934 2902 3327 2972 misericordia,
3381 2901 3629 2975 adeoque

2028 2998 2333 3055 clementia.
2362 2996 2524 3068 Quod
2553 3013 2680 3052 vero
2701 2996 2797 3069 ait,
2826 3004 2911 3053 est
2939 2994 3259 3068 hujusmodi
3285 3016 3296 3050 :
3326 2993 3630 3050 Promissio

310 3075 373 3134 τὸ
405 3075 621 3155 σπέρμα
654 3078 815 3135 αὐτοῦ
857 3074 1236 3156 κληρονομήσῃ
1272 3077 1345 3143 εἷς
1389 3075 1477 3135 τὸν
1508 3074 1709 3154 κόσμον
1738 3099 1752 3114 ο
1799 3076 1917 3133 ἀλλ’

2027 3095 2144 3143 erat
2180 3087 2249 3144 ad
2292 3086 2692 3153 Abrahamum,
2725 3084 2871 3158 quod
2899 3100 3091 3141 semen
3126 3084 3243 3157 ejus
3267 3081 3539 3139 mundum
3570 3081 3628 3137 in

312 3165 555 3247 ἐγένοντο
595 3166 867 3234 κολάσεως
899 3168 1178 3226 ὑπεύθυνοι
1207 3166 1401 3234 πάντες
1443 3167 1491 3225 οἳ
1539 3165 1591 3234 ἐξ
1640 3165 1913 3246 Ἀϐραὰμ,

314 3256 409 3314 ἅτε
438 3254 857 3335 παραϐαίνοντες
901 3254 990 3316 τὸν
1039 3256 1231 3335 νόμον,
1265 3256 1356 3315 καὶ
1399 3255 1486 3315 διὰ
1518 3261 1671 3315 τοῦτο
1712 3254 1915 3324 ἀνάξιοι

312 3352 408 3419 τῆς
443 3347 791 3426 ἐπαγγελίας.
836 3337 1039 3408 Ἦλθεν
1088 3339 1178 3406 οὖν
1231 3351 1259 3407 ὅ
1295 3346 1555 3427 Χριστὸς,
1602 3347 1694 3405 καὶ
1740 3344 1915 3417 ἐπλή-

314 3459 455 3517 ρωσε
476 3435 565 3495 τὸν
591 3434 782 3514 νόμον,
818 3436 885 3495 τά
917 3460 971 3495 τε
1015 3435 1155 3496 ἄλλα
1201 3434 1656 3515 καταδεξάμενος,
1689 3434 1779 3495 καὶ
1817 3434 1912 3506 τὴν

310 3524 628 3605 περιτομήν.
672 3525 976 3607 Πληρώσας
1007 3517 1097 3586 οὖν
1128 3525 1218 3585 τὸν
1263 3526 1460 3603 νόμον,
1508 3527 1600 3585 καὶ
1641 3549 1909 3607 περιτμη-

312 3618 417 3680 θεὶς
434 3663 453 3688 ,
480 3616 572 3675 καὶ
603 3615 820 3697 σπέρμα
845 3615 1094 3696 Ἀϐραὰμ
1135 3615 1412 3696 γενόμενος
1434 3663 1451 3690 ,
1495 3616 1653 3675 ἔλυσε
1681 3615 1777 3689 τὴν
1816 3625 1913 3678 τοῦ

315 3707 460 3766 Θεοῦ
506 3704 698 3787 ὀργὴν,
746 3706 838 3765 καὶ
890 3706 1143 3777 εποίησεν
1186 3713 1330 3786 ἡμᾶς
1373 3705 1700 3777 ἐπιτηδείους
1750 3709 1823 3774 εἷς
1852 3710 1913 3769 τὸ

312 3796 563 3865 δέξασθαι
605 3795 700 3865 τὰς
730 3798 1073 3876 ἐπαγγελίας.
1127 3798 1230 3857 Διὰ
1276 3804 1432 3858 τοῦτο
1487 3788 1577 3858 οὖν
1633 3797 1913 3867 ἀνεδέξατο

310 3884 410 3956 τὴν
458 3886 782 3965 περιτομὴν,
838 3888 926 3943 ἵνα
958 3887 1172 3958 ἀληθεῖς
1220 3886 1421 3964 ποιήσῃ
1472 3888 1569 3954 τὰς
1629 3891 1721 3946 τοῦ
1769 3888 1911 3948 Θεοῦ

310 3974 662 4055 ἐπαγγελίας,
692 3979 795 4056 οὐχ
821 3972 910 4035 ἵνα
942 3976 1116 4057 στήσῃ
1148 3976 1238 4036 τὸν
1279 3977 1462 4055 νόμον.
1510 3975 1584 4038 Τί
1621 3976 1794 4036 τοίνυν
1814 4024 1830 4052 ,
1867 3968 1912 4039 ὦ

312 4064 404 4144 [
436 4063 492 4147 ὁ]
519 4063 822 4135 Ἰουδαΐζων
842 4112 860 4140 ,
884 4064 1038 4148 ἐξέχῃ
1069 4072 1161 4127 τοῦ
1184 4065 1384 4146 νόμου,
1410 4068 1481 4127 δι’
1508 4066 1565 4127 ὃν
1595 4066 1913 4138 ἐκινδύνευες

309 4158 417 4213 τῶν
452 4157 777 4234 ἐπαγγελιῶν
804 4154 855 4195 ⁵⁷
886 4157 1162 4233 ἐκπεσεῖν;

398 4356 431 4393 α
457 4334 544 4397 Τὰ
574 4332 629 4394 δὲ
656 4334 776 4410 ἔθνη
817 4335 949 4416 ὑπὲρ
980 4334 1153 4404 ἐλέους
1196 4334 1414 4416 δοξάσαι
1457 4336 1545 4395 τὸν
1576 4337 1735 4398 Θεόν.
1773 4362 1799 4398 n
1837 4344 1909 4404 Oi

2021 3177 2402 3234 hereditatem
2423 3184 2569 3233 esset
2587 3184 2940 3249 accepturum
2965 3194 2977 3231 :
3002 3174 3150 3248 atqui
3172 3188 3366 3230 omnes
3386 3171 3627 3228 Abrahae

2021 3267 2226 3339 posteri
2260 3266 2483 3323 obnoxii
2530 3265 2659 3323 facti
2713 3273 2843 3323 sunt
2888 3280 3068 3338 poena;
3097 3273 3152 3321 et
3198 3263 3396 3335 culpa,
3432 3270 3499 3317 ut
3526 3262 3626 3335 qui

2018 3358 2131 3413 sint
2178 3357 2477 3431 trangressi
2522 3359 2722 3429 legem,
2785 3372 2850 3412 ac
2898 3364 3185 3428 propterea
3236 3353 3447 3426 indigni
3496 3352 3626 3409 facti

2019 3446 2413 3519 promissione.
2441 3446 2605 3502 Venit
2644 3446 2827 3518 itaque
2861 3445 3133 3511 Christus,
3166 3452 3222 3501 et
3250 3442 3499 3516 implevit
3544 3443 3622 3498 le-

2018 3552 2166 3609 gem,
2214 3552 2341 3592 eum
2380 3536 2507 3606 alia,
2564 3544 2681 3592 tum
2745 3535 3227 3591 circumcisionem
3295 3532 3620 3604 suscipiens.

2017 3629 2225 3699 Legem
2255 3626 2420 3698 igitur
2449 3625 2615 3681 simul
2654 3642 2717 3681 ac
2749 3625 3048 3697 implesset,
3084 3631 3336 3695 essetque
3382 3623 3622 3679 circum-

2019 3716 2188 3785 cisus,
2228 3725 2283 3773 et
2316 3732 2510 3774 semen
2540 3714 2840 3772 Abrahami
2872 3712 3067 3782 factus,
3114 3712 3219 3769 Dei
3249 3713 3389 3768 iram
3434 3712 3628 3768 dissol-

2017 3806 2117 3873 vit,
2145 3822 2354 3877 nosque
2397 3805 2624 3861 idoneos
2651 3803 2886 3861 reddidit
2930 3802 3002 3859 ad
3045 3801 3444 3875 promissiones
3482 3799 3619 3856 reci-

2019 3895 2271 3971 piendas.
2303 3898 2441 3951 Eam
2471 3895 2621 3951 enim
2640 3895 2712 3951 ob
2733 3910 2851 3951 rem
2876 3895 3089 3964 accepit
3115 3889 3624 3958 circumcisionem,

2018 3995 2084 4043 nt
2127 3986 2527 4060 promissiones
2571 3985 2674 4042 Dei
2704 4000 2856 4041 veras
2887 3982 3148 4052 efﬁceret,
3178 3998 3290 4038 non
3335 3990 3399 4037 ut
3442 3980 3619 4052 legem

2017 4084 2300 4133 statueret.
2332 4074 2482 4148 Quid
2524 4076 2708 4149 igitur,
2760 4090 2793 4131 o
2835 4073 3050 4142 Iudaee,
3085 4072 3189 4147 legi
3237 4071 3506 4140 adhaeres,
3551 4071 3621 4128 ab

2017 4182 2192 4241 eaque
2231 4167 2458 4240 pendes,
2489 4181 2595 4239 qua
2623 4182 2689 4223 eo
2736 4163 2959 4238 periculi
2993 4162 3262 4221 adductus
3290 4178 3371 4234 es,
3411 4170 3473 4217 ut
3496 4178 3623 4235 pro-

2015 4257 2374 4314 missionibus
2403 4255 2717 4313 excideres?

2092 4351 2272 4405 Vsns.
2315 4354 2369 4404 9.
2408 4348 2616 4403 Gentes
2648 4354 2837 4402 autem
2870 4359 3036 4417 super
3055 4342 3433 4401 misericordia
3455 4342 3620 4415 glori-

309 4424 406 4502 μὲν
540 4424 812 4485 Ἰουδαίων
858 4415 958 4484 κᾶν
1007 4426 1329 4506 ἐπαγγελίας
1360 4415 1539 4506 εἶχον,
1588 4428 1634 4485 εἰ
1679 4428 1771 4487 καὶ
1809 4432 1906 4489 ἀν-

2027 4438 2252 4495 ﬁcarent
2288 4441 2489 4494 Deum.
2553 4460 2577 4486 τι
2620 4435 2799 4493 Judazi
2839 4415 2974 4493 sane
3003 4434 3401 4507 promissiones
3449 4431 3617 4489 habe-

308 4514 444 4579 άξιοι
467 4505 603 4588 ἦσαν
631 4539 645 4553 ο
677 4514 742 4575 σὺ
777 4514 866 4589 δὲ,
891 4518 918 4574 ὁ
947 4517 1172 4589 ἐθνικὸς,
1204 4516 1310 4575 ἀπὸ
1348 4505 1749 4596 φιλανθρωπίας
1777 4519 1905 4579 ἐσώ-

308 4611 403 4675 θης
446 4604 630 4681 μόνης.
677 4606 773 4666 Διὸ
808 4605 901 4664 καὶ
949 4604 1091 4674 ἄξιος
1124 4606 1186 4664 ἂν
1235 4605 1347 4678 εἴης
1392 4606 1631 4682 μάλιστα
1672 4606 1905 4678 δοξάζειν

306 4694 396 4752 τὸν
440 4694 597 4755 Θεόν.
630 4693 770 4764 Δόξα
801 4694 857 4755 δὲ
882 4696 1058 4767 Θεοῦ,
1094 4693 1154 4753 τὸ
1177 4698 1413 4768 ἡνῶσθαι
1447 4698 1586 4774 ὑμᾶς
1616 4697 1899 4773 ἀλλήλοις,

306 4783 367 4842 τὸ
408 4785 684 4863 βαστάζειν
717 4808 777 4845 σε
805 4785 926 4855 τοὺς
957 4787 1214 4853 ἀσθενεῖς.

399 4987 428 5023 (ι
478 4964 667 5034 Καθὼς
699 4965 1001 5046 γέγραπται
1050 4989 1065 5004 ’
1106 4964 1208 5027 Διὰ
1240 4972 1394 5025 τοῦτο
1436 4966 1903 5047 ἐξομολογήσομαί

2020 4528 2178 4598 bant,
2230 4527 2449 4585 etiamsi
2501 4525 2708 4599 indigni
2757 4533 2940 4582 essent
2973 4543 2986 4580 :
3028 4533 3089 4579 tu
3118 4540 3248 4581 vero
3278 4523 3371 4593 qui
3401 4538 3466 4577 ex
3492 4538 3623 4593 gen-

2015 4618 2163 4674 tibus
2188 4633 2269 4687 es,
2313 4634 2379 4673 ex
2408 4617 2522 4673 sola
2570 4615 2860 4672 clementia
2906 4621 3154 4672 servatus
3200 4628 3274 4669 es.
3309 4614 3489 4682 Quare
3518 4626 3621 4682 par

2015 4716 2101 4765 est
2129 4716 2191 4764 ut
2212 4715 2273 4763 tu
2296 4707 2549 4763 maxime
2569 4704 2840 4778 gloriﬁces
2864 4707 3063 4759 Deum.
3097 4701 3200 4757 Dei
3231 4708 3418 4757 autem
3447 4697 3618 4771 gloria

2014 4807 2121 4867 est,
2149 4797 2297 4870 quod
2334 4813 2433 4853 vos
2462 4795 2598 4852 uniti
2628 4795 2755 4852 estis
2794 4803 3014 4858 mutuo,
3041 4790 3189 4866 quod
3236 4798 3297 4848 tu
3343 4790 3618 4848 sustineas

2016 4888 2290 4946 inﬁrmos.

2082 4982 2262 5036 Vsns.
2314 4982 2471 5035 9-12.
2508 4976 2665 5032 Sicut
2681 4976 2952 5048 scriptum
2974 4981 3059 5030 est
3077 4992 3105 5035 ι,
3130 4992 3143 5029 :
3162 4975 3461 5045 Propterea
3482 4986 3617 5028 con-

305 5078 391 5115 σοι
418 5056 472 5113 ἐν
510 5054 684 5115 ἔθνεσι
706 5105 723 5133 ,
754 5055 847 5115 καὶ
878 5059 955 5136 τῷ
983 5056 1206 5133 ὀνόματί
1253 5080 1347 5116 σου
1379 5058 1556 5139 ψαλῶ.
1596 5059 1702 5118 Καὶ
1741 5057 1899 5117 πάλιν

2027 5069 2210 5127 itebor
2238 5066 2337 5125 tibi
2368 5067 2422 5123 in
2471 5065 2727 5139 gentibus
2756 5073 2813 5121 et
2856 5064 3071 5122 nomini
3115 5072 3211 5121 tuo
3240 5060 3494 5119 cantabo.
3544 5063 3618 5116 Et

305 5144 467 5224 λέγει’
497 5146 845 5228 Εὐφράνθητε
864 5192 881 5223 ,
906 5143 1057 5221 ἔθνη,
1084 5146 1222 5223 μετᾶ
1251 5152 1341 5207 τοῦ
1366 5149 1497 5207 λαοῦ
1526 5148 1708 5209 αὐτοῦ.
1741 5176 1765 5202 ι
1792 5149 1900 5210 Καὶ

2014 5161 2218 5216 iterum
2248 5156 2382 5215 dicit
2405 5191 2431 5223 ε
2462 5175 2475 5214 :
2508 5156 2831 5226 Letamini,
2862 5163 3073 5228 gentes,
3106 5169 3235 5209 cum
3276 5152 3432 5225 plebe
3464 5150 3597 5223 ejus.

303 5234 466 5294 πάλιν
500 5254 518 5271 ⁶
567 5239 780 5297 Αἰνεῖτε
828 5235 918 5296 τὸν
966 5236 1202 5319 Κύριον,
1250 5238 1427 5297 πάντα
1477 5234 1546 5295 τὰ
1586 5238 1710 5313 ἔθνη
1746 5258 1759 5272 ⁸
1808 5239 1899 5300 καὶ

2027 5258 2065 5306 ιι
2099 5264 2291 5307 rursus
2322 5260 2351 5302 d
2402 5269 2413 5305 :
2445 5247 2695 5304 Laudate
2724 5246 3050 5311 Dominum,
3097 5257 3291 5300 omnes
3336 5248 3531 5313 gentes
3560 5247 3613 5295 et

305 5324 621 5386 ἐπαινέσατε
679 5324 875 5405 αὐτὸν,
934 5325 1125 5393 πάντες
1182 5328 1231 5385 οἱ
1286 5325 1408 5386 λαοί
1469 5354 1491 5378 ιι

1571 5328 1680 5388 Καὶ
1739 5331 1899 5392 πάλιν
2007 5339 2359 5413 magniﬁcate
2388 5354 2540 5408 eum,
2598 5352 2792 5395 omnes
2839 5334 3039 5409 populi.
3082 5336 3155 5390 Et
3199 5347 3391 5388 rursus
3442 5329 3610 5386 Isaias

304 5412 528 5483 Ἡσαΐας
585 5415 727 5494 λέγει
761 5439 775 5454 ο
818 5414 1018 5477 Ἔσται
1064 5421 1100 5490 ἡ
1130 5416 1250 5498 ῥίζα
1301 5422 1392 5477 τοῦ
1443 5416 1683 5493 Ἰεσσαὶ,
1734 5422 1826 5482 καὶ
1873 5426 1900 5481 ὁ

2027 5412 2181 5488 licit°
2230 5430 2397 5487 :Erit
2445 5427 2599 5486 radix
2649 5429 2822 5495 Jesse,
2877 5433 2934 5482 et
2974 5424 3067 5496 qui
3121 5428 3372 5494 exsurget
3419 5434 3612 5491 regere

369 5550 548 5607 'Joan
599 5564 762 5619 xvn;
792 5556 878 5607 28.
951 5552 978 5588 ³
1006 5550 1150 5609 Psal.
1181 5566 1337 5616 xvu,
1370 5560 1458 5611 49.
1536 5557 1560 5586 ο
1592 5558 1750 5612 Deut.
1784 5572 1915 5615 xxx

2027 5564 2115 5614 43.
2190 5546 2219 5591 ά
2258 5557 2401 5613 Psal.
2436 5570 2601 5622 cxvr,
2638 5561 2689 5610 1.
2767 5562 2789 5588 °
2818 5554 2924 5610 Isa.
2954 5553 3162 5619 11,10.

1692 5664 1873 5723 Variae
1918 5666 2213 5726 lectiones.

372 5774 417 5810 ⁵⁸
443 5777 527 5831 τὸν
553 5776 707 5832 αὐτὸν
736 5776 945 5847 Χριστὸν
974 5793 1028 5833 o.
1105 5777 1151 5813 ⁸⁸
1179 5779 1258 5832 ὅτι
1284 5776 1348 5841 εἰς
1376 5779 1477 5842 δόΕ.
1509 5779 1637 5834 Θεοῦ
1663 5797 1719 5837 o.
1798 5780 1842 5816 ⁵⁷
1872 5781 2157 5854 ἅγγελικῶν
2188 5799 2239 5838 0.
