4090 6416
448 427 550 481 539

1466 429 1980 487 THEOPHYLACTI
2019 432 2376 490 BULGARLE
2414 437 2728 494 ARCHIEP.

3650 452 3754 506 540

452 558 664 622 gentes,
711 549 769 606 in
793 564 924 607 eum
952 559 1142 623 gentes
1168 552 1490 624 sperabunt.
1521 578 1548 602 υ
1582 558 1718 612 Haec
1746 557 1934 613 omnia
1958 566 2042 614 te-

2160 561 2508 640 ἀνιστάμενος
2557 564 2740 645 ἄρχειν
2774 569 2878 626 τῶν
2931 570 3128 641 ἐθνῶν,
3179 571 3265 629 ἐπ’
3312 573 3458 654 αὐτῷ
3507 573 3631 648 ἔθνη
3670 581 3754 637 ἐλ-

445 639 705 697 stimonia
733 640 980 713 protulit,
1007 651 1066 697 ut
1088 641 1406 700 ostenderet
1430 653 1619 717 gentes
1639 655 1896 717 oportere
1912 649 2054 704 uniri

441 729 667 798 Iudaeis,
717 737 883 805 atque
926 729 1071 786 idem
1122 731 1324 789 sentire
1379 753 1390 788 :
1456 742 1510 790 et
1555 734 1780 792 Iudaeos
1827 737 2046 808 quidem

443 819 786 891 comprimit,
834 835 904 876 ne
947 820 1268 878 attollantur
1311 822 1573 880 adversus
1627 834 1814 897 gentes
1873 843 2048 884 :nam

447 909 732 981 prophetae
791 925 984 966 omnes
1028 927 1118 968 eas
1172 911 1442 970 vocabant
1479 930 1742 970 :rursum
1793 917 2046 989 gentibus

443 997 739 1071 persuadet
765 1014 837 1055 ne
867 999 1059 1057 cristas
1088 1002 1300 1075 erigant
1327 1019 1453 1059 cum
1480 1004 1723 1061 ostendit
1749 1020 1842 1062 eas
1869 1007 2047 1063 multo

446 1089 599 1160 plura
613 1087 813 1145 debere
827 1091 963 1161 Deo,
977 1092 1179 1164 quippe
1194 1107 1320 1165 quae
1336 1109 1609 1166 majorem
1623 1095 1859 1166 gratiam
1883 1099 2048 1169 108

450 1177 778 1250 acceperint.
810 1181 953 1236 Nam
988 1195 1114 1237 cum
1168 1197 1281 1237 non
1323 1183 1558 1254 populus
1591 1193 1793 1254 essent,
1844 1189 2047 1259 populo

445 1267 582 1324 aniti
605 1276 754 1324 sunt.
783 1268 950 1342 Quod
974 1285 1106 1326 vero
1131 1271 1227 1340 ait,
1257 1294 1285 1322 α
1316 1272 1633 1329 Conﬁtebor
1662 1274 1759 1331 tibi
1790 1275 1844 1330 in
1870 1276 2048 1348 genti-

443 1356 568 1426 bus,
626 1381 648 1405 -
699 1374 761 1414 ex
793 1373 1026 1430 persona
1056 1359 1484 1418 Christidictum
1527 1373 1631 1431 est,
1676 1351 1775 1436 pro
1801 1381 1866 1420 eo
1897 1366 2045 1437 quod

451 1455 561 1514 est,
595 1448 918 1504 Praedicabo
946 1457 998 1505 te
1043 1451 1102 1505 in
1144 1453 1417 1522 gentibus,
1449 1469 1482 1509 o
1520 1455 1698 1510 Pater.
1732 1459 1826 1522 At,
1869 1478 1894 1503 ιι
1928 1455 2046 1512 Erit

444 1536 599 1592 radix
643 1539 815 1606 Jesse,
860 1563 886 1588 υ
919 1539 1292 1611 accipiendum
1327 1551 1410 1596 est
1442 1557 1560 1613 pro,
1591 1559 1654 1598 ex
1686 1543 1865 1600 radice
1892 1545 2046 1601 Jesse

444 1626 797 1698 germinabit,
845 1629 941 1700 qui
983 1639 1236 1702 exsurget
1291 1629 1566 1688 dominari
1616 1633 1894 1704 gentibus,
1937 1632 2046 1691 hoc

443 1724 527 1771 est
555 1716 825 1774 Christus.

508 1898 680 1953 Vsas.
733 1901 820 1952 13.
881 1916 908 1949 «
948 1901 1101 1955 Deus
1136 1907 1322 1956 autem
1351 1901 1464 1973 spei
1506 1902 1718 1973 repleat
1764 1918 1861 1960 vos
1889 1906 2040 1960 omni
2074 1889 2120 1952 Β

438 1985 634 2056 gaudio
661 1995 717 2043 et
745 2003 875 2059 pace
904 1989 962 2044 in
991 1988 1288 2057 credendo,
1322 1999 1384 2046 ut
1423 1991 1716 2048 abundetis
1745 1993 1801 2048 in
1837 2008 1953 2066 spe,
1983 1993 2042 2050 in

439 2075 642 2132 virtute
689 2077 930 2148 Spiritus
975 2078 1172 2134 sancti.
1224 2102 1247 2126 υ
1301 2082 1542 2151 Exoptat
1594 2081 1749 2153 ipsis,
1794 2091 1856 2137 ut
1885 2085 2040 2139 omni

439 2163 623 2221 laetitia
654 2165 965 2237 repleantur
1009 2167 1186 2224 Judaei
1219 2186 1230 2223 :
1275 2184 1404 2224 nam
1442 2169 1716 2242 objurgati
1745 2171 2042 2230 contrista-

440 2254 679 2310 ban'tur:
729 2271 794 2311 ac
831 2265 894 2312 ut
933 2273 1066 2328 pace
1113 2257 1436 2314 imbuantur
1463 2259 1750 2316 credentes
1771 2276 1836 2316 ex
1861 2263 2040 2333 genti-

441 2343 543 2400 bus
590 2361 602 2399 :
652 2344 689 2400 ii
735 2361 972 2418 namque
1014 2347 1341 2404 videbantur
1388 2363 1506 2404 esse
1573 2348 1773 2406 infensi
1831 2350 1898 2408 iis
1948 2353 2042 2423 qui

437 2433 552 2506 lege
582 2433 764 2490 adhuc
791 2435 1138 2503 tenebantur,
1171 2437 1251 2492 vel
1297 2438 1478 2508 potius
1520 2447 1580 2494 ut
1617 2439 1834 2512 utrique
1888 2449 2038 2497 utro-

438 2539 544 2596 que
566 2523 900 2596 repleantur,
949 2525 1155 2597 gaudio
1203 2526 1411 2583 scilicet
1450 2536 1505 2583 et
1544 2544 1694 2600 pace.
1722 2527 1889 2586 Unde
1912 2546 2040 2586 vero

444 2612 596 2669 istud
657 2613 796 2670 ﬁat?
842 2613 1150 2671 Credendo.
1194 2615 1358 2673 Fides
1386 2624 1574 2673 autem
1623 2617 1692 2675 ad
1721 2618 1854 2690 quid
1881 2619 2044 2676 nobis

435 2702 695 2774 prodest?
739 2705 820 2760 Ut
861 2705 1226 2762 exuberemus
1269 2707 1329 2761 in
1377 2721 1491 2778 spe.
1543 2707 1696 2778 Quid
1733 2707 1882 2764 enim
1928 2709 2040 2766 ﬁde

435 2791 796 2864 apprehendit
844 2793 1030 2850 futura
1091 2794 1262 2864 bona,
1311 2797 1595 2868 praesentia
1647 2813 1761 2853 non
1809 2799 2040 2855 moleste

433 2879 642 2951 ferens,
676 2881 764 2938 hic
791 2898 922 2939 sane
962 2899 1058 2955 spe
1109 2883 1372 2950 abundat,
1419 2885 1683 2943 nimirum
1733 2902 1858 2958 quae
1906 2903 2038 2944 ven-

437 2978 559 3026 tura
601 2981 730 3028 sunt
769 2982 1108 3044 exspectans,
1139 2974 1440 3047 omniaque
1490 2977 1827 3048 temporaria
1894 2979 2034 3033 mala

441 3075 496 3122 et
521 3065 755 3122 adversa
787 3065 1078 3124 sufferens.
1121 3069 1332 3140 Ecquid
1373 3085 1536 3140 porro
1567 3085 1691 3142 spes
1714 3071 1873 3128 nobis
1910 3088 2036 3128 con-

2161 659 2364 715 πιοῦσι.
2405 681 2428 706 υ
2483 655 2698 722 Ταύτας
2737 657 2918 725 πάσας
2949 658 3044 726 τὰς
3095 662 3392 740 μαρτυρίας
3441 667 3753 745 παρήγαγε,

2158 741 2389 816 δεικνὺς,
2455 742 2538 802 ὅτι
2613 747 2690 803 δεῖ
2742 749 2980 818 ἡνῶσθαι
3035 746 3155 817 τοὺς
3202 749 3255 819 ἐξ
3318 755 3477 812 ἐθνῶν
3527 741 3642 824 ’τοῖς
3679 741 3754 826 -ἐξ

2159 829 2455 907 Ἰουδαίων,
2512 834 2605 893 καὶ
2653 835 2713 894 τὸ
2768 835 2896 895 αὐτὸ
2945 842 3151 917 φρονεῖν
3195 861 3212 877 θ
3258 840 3350 900 καὶ
3392 841 3514 910 τοὺς
3560 842 3655 923 μὲν
3702 847 3754 914 ἐξ

2159 917 2430 982 Ἰουδαίων
2481 925 2893 998 καταστέλλων,
2946 924 3032 985 ἵνα
3087 927 3162 1005 μή
3223 917 3570 1010 ὶπαίρωνταί
3614 937 3754 995 κατὰ

2155 1015 2259 1070 τῶν
2308 1011 2361 1081 ἐξ
2424 1016 2586 1074 ἐθνῶν
2626 1038 2637 1051 ο
2694 1017 2741 1073 οἱ
2793 1015 2896 1096 γὰρ
2951 1023 3224 1097 προρῆται
3291 1021 3484 1088 πάντες
3542 1023 3753 1092 τούτους

2156 1099 2379 1160 ἐκάλουν
2410 1125 2424 1139 ο
2471 1102 2592 1170 τοὺς
2621 1102 2674 1162 δὲ
2728 1103 2781 1172 ἐξ
2831 1107 2991 1166 ἐθνῶν
3025 1107 3188 1167 πάλιν
3232 1111 3429 1170 πείθων
3460 1117 3752 1175 συνεστάλ-

2156 1196 2275 1264 θαι,
2308 1195 2382 1272 τῷ
2413 1191 2577 1262 δεῖξαι
2620 1193 2842 1254 πλείονα
2891 1198 3204 1276 ὀφείλοντας
3250 1203 3326 1280 τῷ
3356 1203 3513 1282 Θεῷ,
3548 1207 3620 1271 ὡς
3665 1205 3754 1264 καὶ

2155 1280 2373 1340 πλείονα
2404 1281 2666 1351 λαϐόντας
2709 1285 2894 1365 χάριν.
2939 1283 3134 1355 Ὀντες
3161 1286 3266 1369 γὰρ
3296 1292 3356 1349 οὖ
3402 1280 3528 1359 λαὸς
3549 1337 3566 1370 ,
3606 1295 3753 1368 ἡνώ-

2153 1374 2320 1443 θησαν
2343 1376 2419 1453 τῷ
2458 1375 2596 1454 λαῷ.
2649 1374 2731 1435 Τὸ
2757 1375 2840 1448 δὲ,
2881 1404 2905 1428 ι
2952 1375 3456 1458 Ἐξομολογήσομαί
3497 1405 3580 1441 σοι
3615 1385 3676 1448 ,ἐν
3704 1385 3754 1444 ἔ-

2155 1464 2324 1520 θνεσιν
2343 1508 2358 1533 ,
2383 1491 2408 1514 ι
2427 1465 2486 1521 ἐκ
2511 1462 2801 1548 προσώπου
2829 1470 2924 1524 τοῦ
2951 1468 3189 1547 Χριστοῦ
3222 1468 3454 1548 εἴρηται,
3484 1471 3600 1531 ἀντὶ
3632 1479 3749 1546 τοῦ,

2157 1549 2391 1631 Κηρύξω
2435 1552 2486 1591 ⁵⁸
2507 1575 2587 1626 σε,
2607 1543 2652 1612 ῶ
2690 1554 2890 1636 Πάτερ,
2923 1561 2975 1617 ἓν
3007 1543 3115 1625 τοῖς
3144 1543 3339 1621 ἔθνεσι.
3373 1559 3454 1620 Τὸ
3483 1560 3570 1637 δὲ,
3598 1589 3622 1616 α
3653 1543 3756 1624 Ἐν-

2153 1664 2276 1730 σται
2304 1645 2338 1714 ἡ
2368 1642 2485 1724 ῥίζα
2516 1647 2610 1702 τοῦ
2645 1643 2880 1716 Ἰεσσαὶ,
2913 1672 2939 1700 ι
2973 1647 3093 1706 ἀντὶ
3117 1653 3246 1718 τοῦ,
3277 1649 3338 1708 ἐκ
3366 1654 3458 1722 τῆς
3487 1650 3632 1730 ῥίζης
3658 1659 3750 1712 τοῦ

2162 1729 2362 1790 Ἰεσσαὶ
2397 1733 2746 1812 βλαστήσειὸ
2793 1735 3140 1812 ἀνιστάμενος
3186 1737 3375 1818 ἄρχειν
3425 1729 3524 1799 τῶν
3558 1744 3754 1816 ἐθνῶν,

2160 1820 2428 1881 τουτέστιν
2461 1827 2488 1883 ὁ
2520 1825 2766 1902 Χριστός.

2240 1932 2272 1965 α
2305 1909 2372 1972 Ὁ
2402 1911 2456 1970 δὲ
2487 1914 2623 1980 Θεὸς
2668 1916 2762 1985 τῆς
2796 1913 3006 1982 ἐλπίδος
3054 1915 3341 1995 πληρώσαι
3393 1921 3532 1996 ὑμᾶς
3575 1919 3754 1992 πάσης

2150 2009 2327 2081 χαρᾶς
2374 2002 2467 2060 καὶ
2513 2002 2752 2083 εἰρήνης,
2781 2006 2835 2063 ἐν
2865 2007 2942 2084 τῷ
2986 2004 3289 2083 πιστεύειν,
3337 2010 3410 2076 εἰς
3447 2008 3507 2068 τὸ
3550 2031 3751 2090 περισ-

2153 2089 2326 2150 σεύειν
2382 2093 2521 2168 ὑμᾶς
2565 2094 2620 2151 ἐν
2802 2093 3006 2168 ἐλπίδι,
3051 2097 3106 2154 ἐν
3152 2096 3374 2175 δυνάμει
3440 2089 3754 2176 Πνεύματος

2153 2179 2326 2257 ἁγίου.
2363 2208 2388 2234 υ
2424 2181 2658 2262 Εὔχεται
2676 2184 2869 2269 αὐτοῖς
2891 2181 2981 2242 ἵνα
3014 2188 3339 2264 πληρωθῶσι
3373 2188 3551 2259 πάσης
3577 2199 3749 2269 χαρᾶς

2149 2271 2196 2328 οἱ
2231 2270 2282 2338 ἐξ
2314 2270 2582 2330 Ἰουδαίων
2609 2263 2794 2352 (οὗτοι
2824 2273 2933 2352 γὰρ
2959 2263 3195 2357 ᾖθύμουν
3237 2263 3747 2357 επιπληττόμενοι)⁶

2151 2358 2242 2448 καὶ
2277 2360 2518 2442 εἰρήνης,
2547 2365 2595 2420 οῖ
2625 2362 2677 2431 ἐξ
2714 2366 2897 2422 ἐθνῶν·
2939 2353 3084 2422 οὗτοι
3124 2363 3224 2444 γὰρ
3261 2367 3474 2426 ἐδόκουν
3505 2353 3754 2448 ἀπεχθῶς

2149 2447 2290 2528 ἔχειν
2322 2451 2452 2530 πρὸς
2491 2451 2611 2519 τοὺς
2645 2451 2721 2511 ἔτι
2751 2457 2844 2511 τοῦ
2879 2452 3044 2529 νόμου
3075 2455 3459 2533 ἀντεχομένους
3496 2457 3566 2496 ⁵9⁸
3599 2447 3746 2536 μᾶλ-

2150 2541 2239 2598 λον
2283 2539 2337 2598 δὲ
2379 2542 2667 2623 ἀμφότεροι
2703 2541 3041 2622 ἀμφοτέρων.
3093 2546 3221 2612 Πῶς
3260 2547 3306 2604 δ’
3358 2544 3420 2604 ἂν
3452 2551 3606 2606 τοῦτο
3652 2547 3750 2627 γέ-

2148 2650 2322 2704 νοιτο;
2360 2629 2456 2690 Ἐν
2479 2634 2554 2711 τῷ
2581 2631 2872 2693 πιστεύειν.
2909 2630 2978 2692 Ἦ
3011 2631 3064 2690 δὲ
3099 2635 3276 2702 πίστις
3303 2639 3405 2694 ποῦ
3431 2636 3732 2706 συμϐαλεῖ-

2148 2743 2237 2778 ται
2265 2724 2420 2798 ἡμῖν;
2461 2723 2549 2788 Εἷς
2596 2720 2656 2779 τὸ
2697 2721 3027 2800 περισσεύειν
3061 2724 3115 2780 ἐν
3163 2729 3228 2802 τῇ
3284 2725 3484 2787 ἐλπίδι.
3518 2725 3590 2788 εΟ
3636 2729 3740 2806 γὰρ

2148 2809 2408 2871 πιστεύων
2454 2817 2559 2876 τοῖς
2585 2809 2888 2898 ῌμέλλουσι,
2939 2809 3140 2889 καὶμὴ
3191 2813 3321 2892 πρὸς
3377 2813 3444 2873 τὰ
3492 2816 3737 2898 παρόντα

2147 2899 2528 2979 δυσχεραίνων,
2556 2891 2706 2967 οὗτος
2747 2898 3051 2978 περισσεύει
3077 2905 3130 2960 ἐν
3265 2904 3440 2962 ἐλπίδι
3459 2949 3476 2977 ,
3510 2891 3747 2980 ιέλπίζων

2147 2987 2215 3046 τὰ
2267 2989 2562 3065 μέλλοντα,
2616 2991 2706 3048 καὶ
2743 2989 2917 3048 πάντα
2977 2990 3253 3067 ὑπομένων
3317 2991 3381 3050 τὰ
3440 2993 3748 3075 πρόσκαιρα

2147 3078 2313 3138 δεινά.
2363 3079 2476 3136 Ποῦ
2527 3077 2580 3136 δὲ
2634 3083 2668 3149 ἡ
2707 3079 2855 3145 ἐλπὶς
2891 3084 3021 3154 ἡμῖν
3073 3079 3468 3155 συμϐαλεῖται;
3537 3085 3628 3150 Εἰς
3685 3085 3745 3142 τὸ

441 3153 588 3211 fert?
626 3157 705 3214 Ut
732 3156 1082 3215 obtineamus
1128 3158 1390 3214 virtutem
1429 3159 1686 3232 Spiritu,
1717 3175 1844 3232 quae
1885 3177 2038 3234 spem

2155 3165 2456 3251 κτήσασθαι
2504 3167 2602 3241 τὴν
2638 3167 2861 3246 δύναμιν
2906 3153 3000 3227 τοῦ
3045 3153 3201 3248 ἁγίου
3236 3169 3555 3249 Πνεύματος
3591 3193 3604 3206 ⁸
3635 3172 3749 3244 ἥτις

431 3258 681 3307 nostram
697 3248 986 3308 fortiorem
1003 3253 1482 3326 potentioremque
1516 3253 1739 3312 efﬁciet.
1756 3257 1879 3327 Ipsa
1895 3258 2046 3312 enim

437 3359 563 3417 spes
601 3344 833 3417 Spiritus
880 3347 1184 3418 potentiam
1207 3355 1262 3404 et
1284 3348 1549 3404 virtutem
1591 3349 1751 3407 nobis
1775 3349 2050 3418 conciliat,

433 3447 489 3495 et
511 3448 710 3497 contra
738 3457 768 3496 a
798 3441 1005 3512 Spiritu
1033 3450 1226 3499 sancto
1269 3442 1324 3498 in
1361 3443 1523 3500 nobis
1556 3441 1756 3502 fortior
1779 3443 2048 3514 redditur,

508 3626 688 3681 Vnns.
715 3629 804 3682 14.
833 3647 859 3675 α
890 3627 1221 3683 Persuasum
1248 3636 1436 3685 autem
1462 3627 1666 3698 habeo,
1689 3628 1890 3688 fratres
1909 3631 2054 3693 mei,

430 3722 485 3768 et
513 3713 630 3784 ipse
658 3729 762 3785 ego
805 3713 874 3772 de
917 3717 1098 3787 vobis,
1128 3716 1276 3788 quod
1327 3725 1383 3773 et
1412 3718 1514 3790 ipsi
1545 3718 1686 3790 pleni
1714 3720 1848 3776 estis
1879 3720 2048 3776 boni-

435 3810 572 3873 tate,
603 3803 796 3875 repleti
848 3806 1002 3861 omni
1048 3806 1300 3875 scientia,
1333 3815 1396 3862 ut
1420 3808 1510 3879 qui
1543 3808 1759 3880 possitis
1800 3817 1857 3865 et
1908 3809 2048 3866 alios

431 3891 749 3949 admonere.
788 3918 814 3942 ιο
875 3895 1020 3966 Quia
1077 3911 1222 3968 saepe
1272 3897 1554 3967 asperiore
1603 3913 1862 3955 sermone
1914 3913 2048 3954 usus

361 4034 375 4043 .
431 3991 533 4052 est,
589 3981 845 4055 deinceps
887 3984 1105 4056 mitigat
1135 3985 1413 4042 eumdem.
1467 3989 1580 4042 Nec
1625 3987 1786 4056 dixit,
1830 3987 2045 4055 audivi,

428 4069 548 4137 sed,
585 4094 610 4118 «ι
665 4087 994 4142 persuasum
1037 4073 1237 4145 habeo,
1275 4096 1298 4122 ιο
1355 4073 1460 4130 hoc
1509 4085 1612 4143 est,
1662 4076 1872 4131 certior
1917 4091 2041 4132 sum

429 4156 605 4215 factus
635 4183 660 4208 κ
694 4168 748 4216 et
777 4161 894 4231 ipse
917 4177 1041 4234 ego,
1073 4184 1099 4210 ιι
1133 4163 1231 4233 qui
1283 4178 1380 4217 vos
1417 4163 1728 4236 objurgavi,
1759 4165 1853 4236 qui
1883 4179 2042 4220 accu-

432 4247 577 4317 savi;
613 4271 638 4296 ιι
669 4247 821 4319 quod
851 4249 997 4320 pleni
1039 4249 1171 4306 etis
1223 4252 1499 4320 bonitate,
1553 4275 1578 4303 ν
1632 4253 1690 4310 id
1718 4262 1822 4322 est,
1858 4262 2045 4311 mente

430 4336 672 4395 fraterna
720 4339 983 4398 charitate
1034 4341 1398 4398 inﬂammata.
1448 4343 1546 4400 Vel
1588 4345 1903 4400 universam
1932 4344 2042 4401 vir-

433 4435 613 4485 tutem
644 4430 949 4486 bonitatem
993 4432 1251 4504 appellat.
1282 4434 1399 4489 Nec
1427 4434 1527 4501 ait,
1559 4433 1772 4490 habetis
1826 4434 2038 4490 bonita—

2163 3248 2230 3315 αὖ
2275 3256 2373 3328 τὴν
2423 3257 2612 3316 ἐλπίδα
2662 3262 2820 3336 ἡμῶν
2874 3258 3243 3341 δυνατωτέραν
3300 3248 3582 3338 ἐργάσεται
3646 3265 3754 3322 Καὶ

2162 3346 2399 3426 προξενεῖ
2439 3346 2541 3427 γὰρ
2594 3351 2724 3425 ἡμῖν
2777 3347 2875 3418 τὴν
2926 3347 3148 3426 δύναμιν
3203 3353 3301 3408 τοῦ
3354 3350 3665 3428 Πνεύματος
3720 3361 3751 3425 ἡ

2163 3435 2329 3504 ἐλπίς·
2387 3437 2476 3496 καὶ
2510 3437 2671 3496 πάλιν
2707 3436 2808 3497 ὑπὸ
2851 3442 2946 3497 τοῦ
2995 3437 3147 3517 ἁγίου
3180 3439 3494 3518 Πνεύματος
3524 3444 3578 3501 ἐν
3626 3447 3756 3521 ἡμῖν

2163 3527 2514 3608 κραταιοτέρα
2543 3528 2767 3607 γίνεται.

2254 3637 2281 3674 (ι
2311 3616 2621 3695 Πέπεισμαι
2647 3617 2732 3690 δὲ,
2764 3617 2982 3697 ἀδελφοί
3014 3642 3116 3695 μου
3137 3665 3153 3692 ,
3189 3619 3280 3679 καὶ
3311 3619 3466 3687 αὐτὸς
3499 3620 3604 3700 ἐγὼ
3632 3623 3754 3702 περὶ

2160 3708 2340 3784 ὑμῶν,
2391 3707 2472 3766 ὅτι
2501 3706 2592 3766 καὶ
2651 3707 2800 3767 αὐτοὶ
2849 3707 3036 3785 μεστοί
3069 3713 3187 3768 ἐστε
3222 3709 3604 3789 ἀγαθωσύνης,
3659 3735 3753 3770 πε-

2159 3796 2501 3877 πληρωμένοι
2529 3795 2702 3870 πάσης
2732 3797 3003 3876 γνώσεως,
3036 3798 3322 3877 δυνάμενοι
3360 3800 3451 3858 καὶ
3491 3799 3680 3868 ἄλλους
3702 3801 3754 3839 ⁶⁰

2158 3892 2436 3946 νουθετεῖν.
2489 3912 2520 3944 ι
2557 3885 2781 3958 Ἐπειδὴ
2810 3889 3090 3969 πολλαχοῦ
3121 3888 3568 3970 τραχύτερονίτὸν
3599 3890 3753 3969 λόγον

2156 3975 2407 4049 ἐποίησε,
2479 3975 2763 4056 θεραπεύει
2828 3976 3030 4036 λοιπόν.
3116 3969 3225 4039 Καὶ
3287 3980 3383 4037 οὐκ
3439 3969 3616 4052 εἶπεν,
3672 3979 3759 4037 ὅτι

2155 4063 2429 4134 Ἤκουσα,
2461 4067 2597 4124 ἀλλὰ
2625 4113 2640 4139 ,
2681 4090 2710 4122 α
2738 4067 3081 4143 Πέπεισμαι,
3116 4095 3138 4120 ι
3171 4067 3445 4144 τουτέστι,
3489 4069 3756 4144 πεπληρο-

2154 4155 2394 4236 φόρημαι
2426 4156 2518 4214 καὶ
2549 4154 2704 4223 αὐτὸς
2745 4154 2851 4235 ἐγὼ
2892 4161 2919 4215 ὁ
2951 4157 3214 4234 ἐπιτιμῶν
3250 4159 3397 4234 ὑμῖν,
3427 4160 3455 4215 ὁ
3483 4159 3720 4234 ἐγκαλῶν
3739 4207 3752 4230 ,

2161 4269 2188 4302 α
2225 4244 2305 4303 ὅτι
2334 4245 2518 4321 μεστοί
2550 4247 2670 4304 ἔστε
2723 4244 3106 4326 ἀγαθωσύνης,
3133 4268 3163 4304 )›
3204 4246 3508 4322 τουτέστιν,
3551 4250 3752 4326 ἀγαθῆς

2151 4332 2367 4412 γνώμης
2397 4335 2490 4393 καὶ
2545 4333 2870 4415 φιλαδέλφου
3015 4334 3109 4394 καὶ
3148 4335 3440 4417 ὁλόκληρον
3481 4335 3576 4409 τὴν
3622 4339 3748 4416 ἀρε-

2148 4421 2244 4494 τὴν
2289 4423 2632 4502 ἀγαθωσύνην
2685 4425 2856 4483 καλεῖ.
2906 4424 3017 4483 Καὶ
3046 4426 3144 4483 οὐκ
3197 4415 3379 4499 εἶπεν,
3431 4427 3511 4484 ὅτι
3542 4415 3748 4506 Ἔχετε

431 4525 568 4585 tem,
601 4519 718 4585 sed,
774 4542 799 4568 ι
842 4520 985 4592 pleni
1030 4503 1186 4577 estis.
1231 4545 1256 4571 ι»
1298 4525 1376 4577 At
1403 4521 1550 4578 enim
1581 4522 1705 4594 quia
1738 4521 1879 4579 nihil
1909 4539 2037 4595 pro-

2152 4513 2493 4592 ἀγαθωσύνην
2515 4558 2531 4586 ,
2564 4514 2704 4587 ἀλλ’,
2735 4515 2814 4574 ὅτι
2851 4537 2879 4571 α
2910 4513 3115 4574 Μεστοί
3144 4518 3285 4577 ἐστε.
3319 4538 3350 4574 ο
3391 4516 3549 4577 Ἐπεὶ
3579 4503 3751 4575 δέόὖο

428 4605 555 4664 dest
589 4608 789 4665 habere
819 4609 1041 4680 quidem
1077 4610 1405 4679 bonitatem,
1431 4627 1536 4667 nec
1561 4612 1786 4668 interim
1813 4613 2036 4670 novisse

432 4695 528 4768 qui
565 4696 698 4753 istac
747 4697 820 4753 sit
861 4698 1156 4767 utendum,
1205 4715 1330 4755 eam
1377 4699 1450 4756 ob
1505 4700 1776 4757 rationem
1836 4700 2037 4773 adjecit

436 4809 462 4835 α
500 4787 658 4842 omni
699 4787 1045 4858 cognitione;
1076 4788 1278 4860 quippe
1319 4789 1413 4861 qui
1443 4790 1661 4861 pOSsitis
1685 4798 1742 4846 et
1769 4789 1906 4848 alios
1942 4792 2038 4848 ad-

433 4890 694 4942 monere;
727 4899 752 4924 ι
784 4891 896 4932 non
927 4877 1108 4932 solum
1140 4877 1365 4948 quidem
1385 4878 1492 4952 ipsi
1521 4878 1752 4948 discere,
1795 4880 1892 4937 sed
1932 4897 2035 4953 po-

431 4964 543 5020 tius
567 4963 706 5021 alios
733 4964 1145 5022 etiam-docere.

503 5056 681 5112 Vsns.
716 5060 805 5110 15.
856 5078 882 5103 σι
915 5055 1224 5112 Audentius
1250 5066 1436 5114 autem
1490 5059 1686 5131 scripsi
1723 5060 1898 5129 vobis,
1925 5059 2033 5117 fta.

429 5150 562 5210 tres,
611 5160 679 5201 ex
752 5153 933 5218 parte,
1003 5145 1172 5202 veluti
1231 5147 1737 5207 commonefaciens
1807 5165 1926 5207 vos.
2004 5175 2032 5201 ιι

428 5234 656 5290 Summa
685 5233 951 5307 dignitate
975 5236 1258 5308 conspicui
1285 5246 1446 5293 erant
1474 5240 1739 5307 Romani,
1766 5256 1829 5295 ac
1857 5241 2034 5298 multo

431 5321 576 5379 fastu
606 5325 918 5396 turgebant.
951 5327 1089 5382 Eam
1118 5326 1190 5382 ob
1220 5341 1341 5383 rem
1380 5343 1476 5384 eos
1522 5327 1656 5384 lenit
1699 5338 1755 5385 et
1797 5329 2032 5402 mitigat,

426 5409 563 5466 dum
593 5413 689 5479 ait,
724 5438 748 5463 α
782 5422 967 5471 Ausus
997 5413 1097 5471 fui.
1138 5440 1162 5464 υ
1195 5419 1341 5473 Nam
1369 5433 1465 5489 per
1490 5415 1597 5474 hoc
1618 5417 1849 5475 verbum
1879 5419 2034 5476 valde

429 5502 665 5556 conterit
695 5518 808 5558 eos.
845 5507 1036 5577 Neque
1071 5521 1136 5562 eo
1182 5514 1479 5562 contentus
1519 5515 1622 5577 est,
1674 5507 1768 5564 scd
1793 5507 2026 5578 addidit,

2147 4602 2232 4661 δὲν
2274 4601 2459 4684 ὄφελος
2505 4603 2648 4683 ἔχειν
2704 4607 2800 4683 μὲν
2853 4602 3230 4684 ἀγαθωσύνην,
3280 4605 3358 4682 μὴ
3414 4606 3610 4665 εἰδέναι
3653 4604 3748 4681 δὲ,

2146 4697 2259 4760 πῶς
2315 4694 2394 4752 δεῖ
2448 4697 2682 4774 χρῆσθαι
2739 4693 2945 4773 ταύτῃ,
3016 4695 3106 4754 διὰ
3157 4699 3314 4754 τοῦτο
3371 4695 3672 4775 προσέθηκε
3735 4719 3748 4732 ο

2145 4809 2170 4835 ε
2197 4781 2389 4856 Πάσης
2413 4782 2656 4861 γνώσεως
2678 4827 2694 4856 ,
2728 4783 3008 4859 δυνάμενοι
3043 4783 3135 4842 καὶ
3167 4784 3358 4852 ἄλλους
3386 4789 3646 4843 νουθετεῖν
3668 4810 3682 4824 ο
3711 4807 3740 4843 ι)

2145 4873 2266 4950 οὐχὶ
2297 4873 2455 4950 μόνον
2497 4872 2810 4950 μανθάνειν,
2837 4870 2976 4930 ἀλλὰ
3009 4875 3214 4950 μᾶλλον
3245 4873 3338 4932 καὶ
3369 4875 3665 4937 διδάσκειν.

2228 5076 2260 5114 a
2293 5053 2704 5134 Τολμηρότερον
2755 5052 2810 5113 δὲ
2860 5053 3071 5135 ἔγραψα
3115 5057 3276 5132 ὑμῖν,
3327 5055 3582 5134 ἀδελφοὶ,
3641 5057 3749 5115 ἀπὸ

2144 5144 2359 5224 μέρους,
2405 5145 2476 5211 ὣς
2523 5143 3017 5220 ἐπαναμιμνήσκων
3064 5147 3222 5224 ὑμᾶς.
3267 5167 3295 5202 ι
3334 5143 3427 5205 Ἐν
3478 5143 3745 5223 ἀξιώματι

2141 5223 2278 5307 ἦσαν
2307 5235 2356 5292 οἱ
2385 5231 2690 5308 Ῥωμαῖοι,
2725 5235 2816 5292 καὶ
2860 5234 3063 5305 πολλὴν
3109 5223 3251 5315 εἶχον
3294 5234 3598 5316 φλεγμονήν
3624 5259 3638 5272 ·
3665 5236 3746 5294 διὸ

2143 5322 2421 5403 θεραπεύει
2454 5321 2639 5389 αὐτοὺς
2685 5325 2738 5382 ἐν
2768 5326 2844 5404 τῷ
2886 5323 3058 5401 λέγειν
3097 5347 3111 5362 ’
3148 5323 3482 5399 Ἐτόλμησα.
3519 5352 3544 5377 ι
3590 5324 3746 5386 Πάνυ

2143 5413 2246 5493 γὰρ
2295 5415 2542 5494 κατακλᾷ
2572 5409 2786 5482 τούτους
2832 5410 2921 5472 διὰ
2959 5415 3146 5474 τούτου
3191 5419 3281 5474 τοῦ
3330 5415 3588 5496 ῥήματος.
3635 5412 3745 5474 Καὶ

2143 5502 2261 5561 οὐδὲ
2291 5501 2459 5585 τούτῳ
2499 5505 2772 5584 ἀρκεῖται,
2809 5501 2948 5563 ἀλλᾶ
2991 5503 3320 5588 προσέθηκεν
3351 5527 3364 5541 ·
3420 5527 3448 5561 a
3486 5503 3612 5564 Ἀπὸ
3640 5502 3742 5581 μέ-

1822 5625 2009 5683 Varize
2055 5628 2357 5692 lectiones.

502 5750 546 5783 ⁵⁸
576 5749 896 5823 ἀνακηρύττω
926 5769 980 5810 ο.
1059 5753 1102 5788 ⁵⁸
1131 5753 1449 5827 ἐξεχομένους
1473 5773 1527 5814 0.
1608 5757 1651 5791 ⁸ο
1683 5756 1939 5825 ἀλλήλους
1969 5777 2048 5817 In.
