4090 6430
340 417 447 472 Si!

1255 413 1609 471 EXPOSITIO
1650 415 1714 471 ΙΝ
1755 416 1959 473 EPIST.
2003 418 2095 474 AD
2135 419 2299 475 ROM.
2344 452 2411 461 —
2448 423 2599 480 CAP.
2644 426 2756 482 XV.

3555 434 3659 487 542

340 562 564 633 ρους-’.1)
614 541 923 633 τουτέστιν,
973 539 1180 621 ἠρέμα,
1213 540 1325 633 καὶ
1355 539 1449 633 διὰ
1501 540 1748 633 βραχέων
1785 566 1797 579 ·
1850 543 1939 602 καὶ

2058 564 2088 599 ί(
2117 547 2197 601 Ex
2241 554 2417 619 parte,
2470 571 2495 597 α
2528 550 2648 633 hoc
2694 559 2779 609 est
2806 553 3036 625 placide,
3066 564 3121 610 et
3149 556 3340 627 paucis
3379 575 3391 611 :
3441 572 3505 613 ac
3544 572 3660 613 non

336 630 563 710 οὖχηὩς
606 630 907 701 διδάσκων,
961 633 1107 708 ἀλλ’,
1142 659 1165 683 κ
1208 630 1306 697 Ὡς
1345 630 1840 709 ἐπαναμιμνήσκων
1864 680 1880 712 ,
1911 654 1940 691 ο

340 719 586 780 τουτέστι
619 720 806 801 μικρόν
834 744 883 777 τι
914 720 1359 797 ἀναμιμνήσκων.

423 838 451 864 ιι
474 811 576 871 Διὰ
598 809 694 881 τὴν
722 808 877 890 χάριν
906 809 999 847 ⁶⁰¹’
1024 810 1120 883 τὴν
1147 808 1387 870 δοθεῖσάν
1422 833 1512 887 μοι
1535 809 1639 870 ὑπὸ
1665 815 1757 871 τοῦ
1784 812 1949 886 Θεοῦ,

338 904 414 966 εἷς
471 900 533 958 τὸ
586 890 719 959 εἶναί
771 923 837 977 με
887 900 1187 982 λειτουργὸν
1243 899 1420 973 Ἰησοῦ
1472 904 1715 980 Χριστοῦ
1761 905 1833 968 εἷς
1862 901 1945 977 ξτὰ

341 988 501 1063 ἔθνη,
546 991 918 1069 ἱερουργοῦντα
958 988 1019 1048 τὸ
1058 990 1386 1069 Εὗαγγέλιον
1432 992 1528 1049 τοῦ
1562 991 1729 1051 Θεοῦ.
1769 1019 1791 1043 ι
1824 993 1943 1050 Τα-

341 1078 649 1159 πεινότερον
677 1077 765 1136 τὸν
792 1078 947 1155 λόγον
986 1082 1154 1138 ποιῶν
1178 1126 1193 1151 ,
1228 1079 1403 1159 λέγει,
1446 1077 1528 1137 ὅτι
1568 1082 1688 1140 Οὐκ
1730 1082 1948 1161 ἐμαυτῷ

341 1168 569 1247 ἥρπασα
620 1165 716 1239 τὴν
770 1168 968 1245 τιμὴν,
1021 1171 1139 1229 ἀλλ’
1191 1174 1218 1229 ὁ
1249 1168 1385 1237 Θεὸς
1440 1174 1597 1228 τοῦτο
1656 1169 1902 1239 ἐπέταξεν
1928 1218 1944 1242 ,

346 1258 607 1340 ἀφορίσας
670 1281 738 1333 με
791 1259 863 1325 εἰς
895 1264 1049 1318 τοῦτο
1074 1282 1088 1296 ο
1136 1260 1238 1340 οὐχ
1286 1261 1357 1327 ὥς
1401 1258 1574 1335 ἄξιον,
1627 1259 1766 1320 ἀλλὰ
1806 1260 1945 1319 κατὰ

342 1348 521 1427 χάριν.
552 1347 643 1414 Εἰς
692 1347 745 1405 τί
788 1347 845 1407 δὲ
872 1347 1023 1422 ἐδόθη
1056 1373 1147 1427 μοι
1177 1356 1210 1424 ἡ
1257 1348 1450 1429 χάρις;
1491 1350 1581 1415 Εἰς
1620 1349 1680 1408 τὸ
1712 1340 1845 1409 εἷναί
1879 1375 1945 1429 με

342 1437 647 1517 λειτουργὸν
696 1436 788 1497 καὶ
837 1438 981 1518 ἱερέα
1037 1443 1129 1498 τοῦ
1179 1438 1539 1519 Εὖκγγελίου.
1630 1438 1725 1514 Μὴ
1772 1440 1946 1499 τοίνυν

345 1552 439 1605 μοι
492 1527 804 1608 μέμφεσθε,
852 1527 942 1587 ἐὰν
992 1528 1116 1605 ὑμῖν
1151 1532 1322 1607 ὁμιλῶ
1356 1552 1370 1566 ·
1419 1528 1554 1602 αὕτη
1588 1529 1691 1611 γάρ
1740 1552 1829 1607 μοι
1869 1531 1946 1588 ἱε-

349 1616 600 1697 ρωσύνη,
635 1616 696 1675 τὸ
733 1618 1114 1697 καταγγέλλειν
1159 1618 1221 1678 τὸ
1270 1616 1618 1697 Εὖαγγέλιον.
1657 1617 1948 1700 Μάχαιραν

346 1706 462 1787 ἔχω
494 1707 582 1766 τὸν
612 1705 766 1785 λόγον
790 1728 804 1744 '
857 1707 1011 1766 θυσία
1058 1707 1175 1767 ἐστὲ
1223 1708 1393 1785 ὑμεῖς.
1454 1707 1554 1776 Τίς
1605 1707 1651 1767 δ’
1690 1707 1755 1767 ἂν
1801 1708 1946 1787 μέμ-

350 1800 507 1878 ψοιτο
547 1798 621 1877 τῷ
649 1798 782 1877 ἱερεῖ
809 1796 906 1869 τὴν
945 1796 1218 1879 μάχαιραν
1265 1797 1517 1877 ἐπάγοντι
1550 1807 1657 1867 τοῖς
1696 1797 1828 1879 πρὸς
1857 1804 1951 1857 θυ-

351 1886 478 1946 σίαν
509 1886 890 1968 ἂφωρισμένοις
908 1911 924 1961 ;

438 2091 469 2123 ι
504 2066 623 2126 Ἵνα
666 2066 883 2147 γένηται
932 2073 965 2141 ἡ
998 2067 1277 2150 προσφορὰ
1320 2072 1427 2129 τῶν
1476 2071 1637 2129 ἐθνῶν
1667 2068 1954 2150 εὐπρόσδε-

347 2181 508 2229 κτος,
544 2157 845 2236 ἡγιασμένη
896 2160 948 2218 ἔν
995 2158 1274 2236 Πνεύματι
1319 2158 1471 2240 ἁγίῳ.
1496 2189 1518 2212 ο
1572 2160 1697 2240 Οὖχ
1726 2158 1812 2218 ἵνα
1847 2161 1954 2239 ἐγὼ

348 2246 609 2321 δοξασθῶ,
632 2247 716 2306 διὰ
746 2254 898 2309 τοῦτο
919 2248 1012 2308 καὶ
1036 2252 1158 2325 ὑμῖν
1181 2248 1407 2331 ἔγραψα·
1432 2251 1549 2307 ἀλλ’
1572 2247 1658 2307 ἵνα
1684 2249 1777 2308 καὶ
1806 2252 1954 2328 ὑμεῖς

346 2336 488 2413 μετὰ
511 2339 614 2395 τῶν
641 2336 817 2397 ἄλλων
839 2338 1048 2419 [ἐθνῶν]
1087 2343 1293 2411 σωθῆτε
1317 2384 1332 2411 ,
1372 2338 1463 2398 καὶ
1487 2338 1625 2397 οὕτω
1661 2337 1884 2418 γένηται
1915 2345 1949 2413 ἡ

346 2426 625 2508 προσφορὰ
676 2430 781 2485 τῶν
831 2429 991 2487 ἐθνῶν
1043 2428 1346 2510 ὁλοκλήρως
1408 2427 1823 2509 εὐπρόσδεκτος,
1883 2433 1954 2498 ὡς

344 2516 566 2576 πάντων
614 2518 1126 2599 καρποφορουμένων
1170 2519 1247 2599 τῷ
1278 2521 1427 2598 Θεῷ.
1462 2546 1483 2570 ι
1516 2516 1853 2598 Ἦγιασμένη
1896 2523 1949 2579 ἐν

350 2605 632 2684 Πνεύματι
671 2606 844 2689 ἁγίῳ,
882 2630 912 2665 ι)
946 2606 1215 2668 τουτέστιν
1236 2654 1251 2681 ,
1290 2611 1341 2667 ἐν
1390 2606 1633 2688 πολιτείᾳ
1665 2608 1949 2691 [καθαρᾷ]

346 2701 701 2777 πνευματικῇ.
718 2699 800 2757 Οὔ
822 2697 926 2779 γὰρ
951 2697 1127 2762 πίστις
1151 2697 1284 2774 μόνη
1301 2698 1530 2775 ἁγιάζει,
1558 2698 1800 2757 ἀλλὰκαὶ
1822 2698 1947 2777 βίος.

350 2784 746 2856 Πιστεύσαντες
779 2786 874 2864 μὲν
903 2786 1007 2867 γὰρ
1057 2787 1148 2845 καὶ
1202 2789 1616 2862 βαπτισθέντες,
1670 2787 1948 2865 λαμϐάνο-

347 2900 448 2953 μεν
502 2877 563 2936 τὸ
593 2878 824 2954 Πνεῦμα
882 2901 895 2915 ·
953 2876 1070 2937 ἀλλ’
1126 2877 1217 2936 ἐὰν
1270 2876 1344 2956 μὴ
1397 2876 1487 2936 καὶ
1540 2877 1654 2957 βίον
1699 2877 1947 2959 ἔχωμεν,

346 2965 633 3025 σϐέννυται
681 2972 717 3040 ἡ
769 2967 924 3047 χάρις
953 2971 1050 3026 τοῦ
1096 2965 1433 3045 Πνεύματος.
1475 2967 1845 3028 Καταστέλλει
1895 2970 1950 3028 δὲ

344 3055 415 3115 τὰ
446 3056 764 3137 φρονήματα
807 3060 911 3116 τῶν
961 3054 1282 3133 Ῥωμαίων,
1331 3055 1594 3135 ὥστεμὴ
1645 3057 1949 3127 ἀπαξιῶσαι

344 3143 665 3205 διδάσκαλον
700 3144 842 3227 ἔχειν
876 3146 965 3207 τὸν
996 3146 1173 3205 πάντα
1213 3146 1281 3205 τὰ
1330 3145 1449 3219 ἔθνη
1496 3146 1837 3227 προσάγοντα
1871 3151 1949 3231 τῷ

345 3237 496 3297 Θεῶ.

437 3298 663 3406 θἚχω
721 3316 811 3384 οὖν
869 3323 1136 3405 καύχησιν
1188 3327 1242 3385 ἐν
1294 3328 1512 3407 Χριστῷ
1574 3325 1753 3408 Ἰησοῦ
1816 3327 1947 3408 πρὸς

344 3414 505 3477 Θεόν.
539 3437 566 3472 ι
600 3413 951 3482 Ταπεινώσας
984 3414 1168 3475 ἑαυτὸν
1200 3415 1403 3498 σφόδρα
1426 3462 1444 3495 ,
1487 3421 1575 3474 νῦν
1608 3407 1757 3484 αὖθις
1796 3416 1950 3475 ἐπαί-

348 3529 430 3583 ρει
465 3504 554 3562 τὸν
602 3503 791 3585 λόγον,
820 3501 959 3563 ὥστε
993 3504 1068 3581 μὴ
1109 3504 1567 3587 εὐκαταφρόνητος
1606 3504 1752 3574 δόξαι
1788 3524 1802 3539 ·
1856 3504 1947 3565 καί

343 3618 505 3675 φησιν
523 3641 540 3667 ,
567 3592 649 3653 ὅτι
677 3620 702 3648 α
726 3592 887 3674 Ἕχω
914 3594 1180 3675 καύχησιν
1198 3640 1213 3667 ,
1250 3622 1268 3647 ι
1304 3595 1399 3653 οὐκ
1444 3596 1495 3653 ἐν
1534 3597 1750 3675 ἐμαυτῷ
1773 3641 1791 3673 ,
1829 3594 1946 3654 οὐδὲ

347 3686 401 3743 ἓν
526 3683 629 3764 ἐμῇ
684 3685 927 3763 σπουδῇ,
977 3683 1095 3743 ἀλλ’
1125 3686 1178 3741 ἓν
1321 3690 1411 3742 τοῦ
1454 3687 1693 3765 Χριστοῦ
1736 3684 1940 3764 χάριτι.

346 3774 466 3831 Ποῦ
510 3771 565 3831 δὲ
612 3776 941 3853 καυχῶμαι;
991 3776 1083 3841 Εἷς
1130 3773 1197 3833 τὰ
1246 3773 1376 3856 πρὸς
1423 3774 1561 3835 Θεόν
1594 3797 1608 3810 ’
1649 3772 1946 3848 τουτέστιν,

344 3862 443 3919 οὐκ
474 3863 547 3931 εἷς
566 3861 634 3921 τὰ
656 3862 919 3943 τυχόντα,
947 3865 1065 3923 ἀλλ’
1100 3865 1172 3931 εἷς
1204 3863 1267 3923 τὰ
1299 3864 1663 3937 πνευματικά.

441 4153 470 4187 ιι
493 4132 575 4191 Οὔ
603 4130 707 4212 γὰρ
726 4130 984 4208 τολμήσω
1014 4157 1065 4191 τι
1108 4134 1344 4206 λαλῆσαι
1374 4122 1448 4193 ὧν
1484 4136 1541 4193 οὗ
1574 4135 1620 4173 ⁶¹
1659 4133 1946 4215 κατειργά-

343 4245 481 4281 σατο
530 4221 753 4301 Χριστὸς
816 4221 881 4280 δι’
946 4224 1109 4298 ἐμοῦ,
1166 4224 1237 4289 εἷς
1293 4223 1533 4294 ὑπακοὴν
1585 4226 1744 4283 ἐθνῶν
1804 4224 1947 4306 λόγῳ

342 4310 439 4371 καὶ
468 4309 620 4391 ἔργῳ.
652 4310 751 4372 Ἐν
784 4312 1004 4390 δυνάμει
1056 4311 1295 4391 σημείων
1330 4312 1421 4371 καὶ
1453 4314 1686 4393 τεράτων
1706 4359 1721 4386 ,
1768 4317 1821 4373 ἐν
1852 4315 1944 4372 δυ-

340 4400 505 4477 νάμει
549 4399 863 4477 Πνεύματος
911 4406 1074 4464 Θεοῦ.
1103 4428 1128 4455 ι
1177 4401 1399 4473 Ἐπειδὴ
1445 4392 1623 4477 εἶπεν,
1676 4402 1757 4461 ὅτι
1789 4407 1945 4464 Λειτ-

2062 636 2225 693 veluti
2246 636 2474 704 docens,
2505 630 2624 709 sed,
2682 665 2708 691 α
2742 643 2906 701 veluti
2938 645 3462 721 commonefaciam,
3497 670 3521 694 υ
3553 646 3657 702 hoc

2060 732 2166 795 est,
2197 728 2466 799 paulatim
2507 731 2562 787 in
2590 734 2920 789 memoriam
2949 750 3229 791 revocans.

2130 819 2311 877 Vens.
2348 826 2435 888 15,
2472 825 2559 878 16.
2607 846 2633 871 α
2662 824 2895 895 Propter
2919 825 3157 896 gratiam
3202 840 3328 897 qua;
3366 825 3504 882 mihi
3533 825 3660 883 data

2057 916 2142 965 est
2170 924 2199 964 a
2233 910 2398 982 109
2427 913 2567 967 Deo.
2596 914 2676 969 Ut
2703 928 2883 969 essem
2899 930 3002 986 ego
3026 914 3279 970 minister
3300 916 3428 971 Jesu
3450 915 3657 972 Christi

2057 997 2201 1054 inter
2222 1007 2441 1071 gentes,
2482 1002 2830 1059 sanctiﬁcans
2860 1004 3216 1075 Evangelium
3249 1004 3369 1060 Dei.
3405 1028 3429 1053 υ
3462 1005 3663 1060 Humi-

2057 1088 2255 1145 liorem
2278 1089 2738 1148 modestioremve
2761 1108 3075 1150 sermonem
3100 1110 3263 1151 suum
3288 1093 3513 1163 faciens,
3537 1096 3661 1149 Non

2057 1178 2191 1234 mihi
2222 1179 2356 1251 ipse,
2383 1180 2584 1253 inquit,
2629 1180 2901 1239 honorem
2929 1184 3107 1256 rapui,
3139 1183 3233 1240 sed
3257 1186 3409 1240 Deus
3437 1183 3542 1240 hoc
3573 1184 3655 1239 in.

2051 1269 2238 1341 junxit
2277 1268 2432 1339 mihi,
2483 1271 2552 1328 ad
2602 1270 2710 1329 hoc
2756 1272 2940 1345 ipsum
2982 1289 3074 1330 me
3124 1272 3466 1347 segreganda
3500 1292 3512 1328 :
3548 1290 3661 1329 non

2056 1359 2207 1431 quod
2250 1359 2456 1433 dignus
2483 1376 2684 1430 essem,
2730 1362 2828 1419 sed
2872 1362 3175 1421 secundum
3214 1364 3449 1436 gratiam
3479 1379 3656 1419 suam.

2057 1450 2336 1519 Quorsum
2366 1466 2493 1508 vero
2514 1451 2647 1508 mihi
2672 1452 2845 1524 gratia
2873 1453 3072 1509 collata
3098 1456 3214 1509 est?
3240 1454 3319 1510 Ut
3347 1468 3523 1509 essem
3555 1452 3658 1509 mi-

2055 1540 2224 1596 nister
2265 1556 2329 1597 ac
2376 1539 2634 1598 sacerdos
2667 1544 2962 1615 Evangelii.
3020 1546 3102 1600 Ne
3155 1543 3319 1615 igitur
3356 1558 3661 1614 conquera-

2058 1629 2220 1699 mini,
2250 1630 2296 1687 si
2333 1629 2401 1687 ad
2433 1647 2531 1687 vos
2571 1646 2883 1688 sermonem
2912 1632 3173 1705 dirigam.
3224 1634 3348 1689 Hoc
3395 1633 3546 1689 enim
3577 1642 3660 1689 est

2058 1719 2459 1789 sacerdotium,
2488 1736 2678 1777 meum
2708 1722 3002 1792 praedicare
3046 1722 3423 1794 Evangelium.
3456 1721 3663 1779 Culte]-

2065 1809 2182 1865 lum
2230 1808 2406 1866 habeo
2452 1826 2793 1879 sermonem,
2839 1811 3060 1868 victima
3096 1811 3226 1867 estis
3263 1827 3387 1867 vos.
3413 1812 3545 1881 Quis
3572 1828 3661 1867 au-

2071 1908 2184 1957 tem
2210 1900 2548 1957 accusaverit
2574 1900 2914 1958 sacerdotem
2955 1901 3237 1957 cultellum
3269 1900 3659 1958 admoventem

2066 1988 2137 2046 δ’]
2166 1989 2443 2046 victimam
2470 1990 2804 2047 destinatis?
3222 2020 3249 2056 ι

2139 2102 2165 2128 α
2211 2080 2291 2136 Ut
2317 2079 2412 2135 ﬁat
2450 2078 2656 2137 oblatio
2710 2081 2963 2153 gentium
3008 2089 3252 2153 accepta,
3308 2078 3664 2136 sancitiﬁcata

2063 2169 2119 2226 in
2164 2169 2372 2242 Spiritu
2419 2178 2630 2226 sancto.
2670 2197 2691 2217 ι
2728 2173 2855 2226 Non
2885 2178 2945 2225 ut
2969 2185 3093 2242 ego,
3126 2169 3324 2242 inquit,
3359 2167 3659 2240 gloriﬁcer,

2063 2257 2187 2315 ideo
2217 2259 2371 2316 vobis
2395 2260 2615 2333 scripsi,
2638 2258 2735 2316 sed
2765 2268 2825 2315 ut
2848 2268 2902 2316 et
2938 2275 3035 2315 vos
3064 2276 3192 2316 cum
3221 2259 3339 2316 aliis
3369 2258 3659 2314 servemini

2062 2356 2225 2421 atque
2254 2348 2325 2405 ita
2361 2349 2457 2406 ﬁat
2507 2350 2713 2406 oblatio
2741 2350 2991 2420 gentium
3022 2365 3243 2420 prorsus
3285 2348 3659 2420 acceptabilis,

2061 2438 2321 2495 omnibus
2348 2441 2468 2495 Deo
2494 2438 2974 2495 fructiﬁcantibus.
3013 2463 3038 2487 α
3074 2438 3425 2495 Sanctiﬁcata
3454 2439 3510 2493 in
3534 2437 3662 2509 Spi-
3727 2444 3735 2451 '

2060 2528 2171 2583 ritu
2187 2536 2400 2597 sancto,
2422 2551 2446 2577 ιο
2501 2527 2608 2585 hoc
2642 2537 2744 2597 est,
2773 2528 3040 2600 spirituali
3063 2528 3194 2584 vita.
3225 2530 3350 2583 Non
3372 2527 3521 2583 enim
3543 2526 3660 2583 sola

2063 2616 2200 2674 ﬁdes
2236 2618 2562 2685 sanctiﬁcat,
2598 2617 2699 2675 sed
2728 2626 2785 2674 et
2820 2618 2927 2674 vita
2960 2636 2973 2673 :
3019 2618 3185 2674 simul
3211 2634 3276 2674 ac
3305 2618 3455 2672 enim
3480 2615 3657 2672 credi-

2060 2707 2242 2765 dimus
2282 2716 2337 2765 et
2368 2707 2627 2781 baptizati
2657 2722 2874 2776 sumus,
2896 2708 3196 2779 accipimus
3236 2706 3517 2779 Spiritum.
3546 2709 3619 2761 Et
3645 2737 3663 2747 -

2064 2798 2213 2854 enim
2247 2798 2347 2853 nisi
2382 2797 2490 2853 vita
2520 2798 2835 2867 accesserit,
2882 2796 3056 2870 gratia
3085 2796 3317 2869 Spiritus
3354 2795 3658 2868 exstingui-

2061 2895 2166 2944 tur.
2202 2886 2407 2961 Dejicit
2434 2896 2617 2965 autem
2653 2887 3016 2959 cogitationes
3054 2895 3109 2943 et
3138 2886 3436 2943 elationem
3458 2888 3661 2941 Roma-

2061 2994 2283 3047 norum,
2337 2994 2406 3033 ne
2460 2977 2709 3035 videlicet
2765 2977 3132 3050 dedignentur
3192 2993 3321 3033 eum
3369 2975 3658 3033 admittere

2061 3067 2345 3125 doctorem
2382 3066 2477 3140 qui
2506 3082 2704 3125 omnes
2730 3075 2922 3141 gentes
2951 3069 3070 3124 Deo
3103 3066 3362 3124 adducat.

2131 3326 2311 3382 Vens.
2356 3330 2439 3381 l7.
2475 3346 2500 3373 α
2543 3324 2735 3382 Habeo
2759 3324 2924 3398 igitur
2946 3323 3329 3399 gloriationem
3353 3323 3406 3379 in
3437 3323 3661 3383 Christo

2058 3416 2212 3483 Jesu,
2250 3415 2305 3470 in
2346 3414 2412 3470 iis
2457 3431 2582 3487 quae
2620 3415 2689 3471 ad
2726 3417 2906 3472 Deum
2948 3415 3203 3471 attinent.
3262 3438 3286 3462 ι
3337 3414 3449 3471 Ubi
3491 3416 3660 3472 vehe-

2059 3512 2281 3561 menter
2324 3520 2446 3560 sese
2514 3504 2875 3574 humiliasset,
2918 3504 3039 3577 jam
3095 3519 3286 3560 rursus
3333 3520 3650 3563 sermonem

2062 3594 2286 3663 attollit,
2334 3609 2406 3649 ne
2471 3602 2826 3667 contemptus
2880 3595 3044 3667 plane
3081 3593 3349 3661 videatur,
3382 3594 3661 3667 inquiens,

2062 3708 2085 3732 α
2130 3683 2525 3740 Gloriationem
2557 3684 2767 3751 habeo,
2812 3706 2837 3733 ν
2870 3699 2986 3740 non
3016 3684 3071 3738 in
3102 3683 3342 3754 meipso,
3382 3699 3558 3755 neque
3599 3685 3658 3740 in

2058 3788 2183 3830 meo
2207 3781 2429 3841 conatu,
2459 3772 2558 3829 sed
2586 3774 2641 3829 iu
2669 3773 2846 3846 gratia
2884 3774 3018 3829 Jesu
3048 3772 3272 3829 Christi.
3317 3772 3424 3827 Sed
3454 3773 3660 3844 quibus

2058 3863 2112 3919 in
2143 3863 2307 3920 rebus
2336 3863 2579 3936 glorior?
2614 3887 2639 3912 α
2674 3867 2738 3921 In
2777 3863 2841 3919 iis
2868 3878 2991 3935 qua:
3018 3862 3085 3918 ad
3114 3866 3294 3917 Deum
3325 3862 3559 3917 attinent
3586 3878 3599 3915 :
3633 3886 3656 3910 η

2058 3953 2167 4010 hoc
2192 3961 2296 4021 est,
2333 3969 2447 4010 non
2494 3954 2550 4009 in
2578 3954 2743 4010 rebus
2785 3953 3122 4026 vulgaribus,
3172 3951 3269 4008 sed
3294 3952 3351 4006 in
3397 3950 3658 4023 spiritua-

2060 4043 2220 4101 libus.

2130 4138 2312 4192 Vnns.
2340 4141 2425 4203 18,
2462 4139 2543 4191 l9.
2576 4158 2602 4183 ‹‹
2629 4136 2757 4191 Non
2774 4134 2923 4190 enim
2955 4132 3132 4190 audeo
3152 4131 3301 4205 loqui
3332 4130 3539 4205 aliquid
3562 4147 3655 4187 eo-

2059 4241 2185 4282 rum
2214 4240 2338 4298 quaa
2364 4240 2481 4282 non
2526 4224 2711 4281 effecit
2752 4223 3001 4281 Christus
3044 4238 3142 4295 per
3169 4238 3260 4279 me
3290 4222 3360 4279 ad
3390 4221 3655 4279 obedien-

2058 4317 2196 4373 tiam
2224 4317 2469 4389 gentium
2501 4315 2667 4371 verbo
2723 4323 2777 4371 et
2810 4330 2995 4388 opere.
3028 4317 3094 4370 In
3132 4314 3339 4370 virtute
3368 4314 3662 4387 signorum

2060 4415 2117 4464 et
2173 4406 2571 4479 prodigiorum,
2632 4406 2688 4462 in
2739 4404 2943 4461 virtute
2980 4403 3212 4477 Spiritus
3258 4404 3381 4461 Dei.
3442 4428 3468 4452 ι»
3521 4405 3659 4460 Cum

340 4490 528 4571 ουργός
576 4492 685 4567 εἶμι
736 4496 825 4549 τοῦ
874 4491 1202 4570 Εὗαγγελίου
1264 4494 1335 4558 εἷς
1412 4490 1588 4550 πάντα
1657 4491 1726 4552 τὰ
1788 4492 1946 4566 ἔθνη,

2059 4496 2308 4564 dixisset,
2345 4496 2590 4552 Minister
2630 4510 2752 4552 sum
2783 4494 3061 4567 Evangelii
3100 4492 3170 4550 ad
3217 4506 3413 4549 omnes
3442 4500 3658 4564 gentes,

343 4579 538 4661 φησὶν,
573 4578 654 4638 ὅτι
688 4581 770 4641 Οὔ
802 4580 1094 4656 κομπάζω,
1126 4580 1245 4640 οὐδὲ
1290 4580 1673 4658 ἐλαζονεύομαί
1699 4606 1750 4640 τι
1788 4581 1841 4621 ⁶²
1873 4574 1945 4641 ῶν

343 4670 442 4726 οὐκ
491 4668 720 4742 ἐποίησα
748 4693 761 4707 ·
796 4673 1000 4747 μᾶλλον
1055 4672 1109 4729 δὲ
1152 4671 1246 4729 οὐκ
1298 4670 1403 4749 ἐγὼ
1456 4672 1901 4753 κατειργασάμην
1926 4717 1942 4745 ,

344 4759 469 4816 ἀλλ’
498 4762 528 4818 ὁ
560 4760 789 4839 Χριστὸς
834 4761 1260 4841 κατειργάσατο,
1304 4760 1421 4837 ἐμοὶ
1474 4760 1687 4843 ὀργάνῳ
1736 4761 1948 4843 χρησά-

344 4870 520 4925 μενος.
552 4848 678 4908 Εἴτε
709 4848 810 4929 γὰρ
849 4848 1145 4931 φθέγγομαί
1192 4874 1243 4909 τι
1294 4850 1463 4927 λέγων
1499 4852 1587 4909 καὶ
1640 4852 1943 4932 φιλοσοφῶν

340 4937 467 5016 περὶ
511 4941 617 4997 τῶν
664 4938 956 5019 οὐρανίων,
1003 4939 1107 4998 εἴτε
1133 4938 1184 4976 ⁸³
1238 4939 1527 5019 ἐργάζομαι
1585 4940 1730 5001 θείαν
1782 4942 1941 4999 πολι-

342 5025 495 5085 τείαν
532 5028 727 5105 μετιὼν
756 5027 828 5097 ⁸⁸,
859 5029 894 5101 ἢ
944 5028 1035 5088 καὶ
1069 5028 1322 5108 θαύματα
1365 5032 1570 5108 τελῶν,
1621 5031 1801 5090 πάντα
1852 5036 1941 5089 τοῦ

341 5118 578 5197 Χριστοῦ
608 5118 682 5157 ⁸⁵·
734 5118 985 5199 Διαφέρει
1016 5117 1071 5178 δὲ
1126 5127 1346 5196 σημεῖον
1394 5120 1485 5178 καὶ
1538 5118 1732 5197 τέρας,
1779 5121 1856 5201 τῷ
1893 5119 1947 5177 τὸ

343 5205 444 5284 μὲν
474 5210 694 5284 σημεῖον
728 5211 782 5267 ἐν
812 5217 919 5277 τοῖς
964 5208 1294 5290 κατὰᾼᾼφύσιν
1340 5209 1627 5287 λέγεσθαι,
1662 5232 1947 5290 καινοπρε-

342 5298 459 5363 πῶς
502 5297 683 5372 μέντοι
710 5296 1005 5375 γινομένοις
1041 5287 1181 5379 (οἷον
1225 5298 1313 5357 ἐπὶ
1344 5303 1468 5372 τοῦ,
1520 5298 1580 5357 τὸ
1625 5297 1721 5369 τὴν
1758 5287 1947 5358 πενθε-

342 5384 443 5466 ρὰν
476 5388 687 5467 Πέτρου
732 5386 1091 5469 πυρέττουσαν
1143 5386 1335 5454 εὐθέως
1382 5390 1619 5459 ἰαθῆναι.
1672 5390 1942 5448 Ἐνταῦθα

340 5474 447 5555 γὰρ
478 5476 536 5535 τὸ
566 5476 654 5535 τὸν
703 5477 929 5558 πυρετὸν
976 5476 1392 5557 θεραπεύεσθαι,
1442 5475 1582 5536 κατὰ
1641 5476 1793 5558 φύσιν
1845 5477 1939 5557 μέν

2057 4586 2268 4659 adjicit,
2324 4588 2451 4642 Non
2489 4601 2615 4643 sum
2659 4600 2923 4658 arrogans
2953 4625 2969 4653 ,
3017 4598 3118 4640 nec
3157 4589 3482 4654 arroganter
3507 4580 3660 4653 jacto

2057 4675 2361 4749 quidquam
2395 4692 2588 4733 eorum
2630 4690 2753 4748 qum
2780 4691 2892 4731 non
2924 4673 3022 4730 feci
3058 4692 3071 4729 :
3112 4673 3226 4729 imo
3252 4687 3366 4727 non
3396 4686 3501 4743 ego
3529 4669 3659 4739 feci,

2055 4766 2151 4823 sed
2199 4765 2447 4823 Christus
2495 4764 2701 4833 effecit,
2754 4781 2845 4821 me
2906 4765 3247 4820 intrumento
3330 4776 3483 4819 usus.
3533 4760 3657 4817 Sive

2053 4855 2205 4913 enim
2252 4855 2556 4929 quidquam
2586 4856 2801 4929 loquar,
2835 4854 2904 4911 de
2931 4853 3247 4912 caelestibus
3271 4851 3547 4909 disserens
3593 4867 3659 4907 ac

2052 4945 2467 5018 philosophans,
2499 4946 2613 5003 sive
2648 4961 2868 5018 operer,
2906 4944 3147 5001 divinam
3178 4942 3658 5000 conversationem

2054 5050 2336 5102 exercens,
2364 5036 2479 5092 sive
2508 5035 2775 5092 miracula
2794 5034 3109 5108 perﬁciens,
3135 5032 3319 5091 omnia
3352 5039 3485 5089 sunt
3511 5028 3665 5086 Chri-

2055 5126 2145 5182 sti.
2180 5125 2459 5182 Differunt
2487 5134 2675 5183 autem
2719 5125 2942 5199 signum
2980 5132 3036 5181 et
3066 5122 3404 5197 prodigium.
3431 5120 3659 5193 Signum

2057 5216 2209 5273 enim
2236 5216 2435 5274 dicitur
2461 5216 2533 5273 de
2578 5216 2647 5273 iis
2685 5230 2809 5289 quae
2857 5214 3160 5272 secundum
3209 5218 3466 5267 naturam
3497 5208 3663 5279 ﬁunt,

2057 5305 2224 5363 modo
2253 5314 2443 5363 tamen
2489 5304 2773 5373 inusitato,
2832 5312 2894 5361 ut
2941 5302 3001 5358 in
3033 5301 3179 5359 Petri
3224 5314 3384 5356 socro
3431 5296 3661 5355 febrici-

2057 5403 2205 5451 tante
2250 5403 2472 5467 repente
2516 5402 2728 5451 sanata.
2774 5394 2878 5450 Hic
2921 5391 3075 5447 enim
3118 5388 3321 5445 febrim
3359 5387 3537 5444 curari
3573 5402 3660 5443 se-

2053 5484 2300 5542 cundum
2328 5492 2585 5541 naturam
2632 5492 2746 5553 est,
2786 5491 2907 5541 tum
2935 5496 3064 5538 vero
3111 5495 3254 5539 nova
3299 5477 3541 5555 quadam
3573 5492 3661 5532 ra-

1740 5632 1936 5690 Varia:
1980 5632 2277 5691 lectiones.

415 5771 459 5806 ⁶⁰
485 5777 575 5827 τοῦ
605 5772 753 5827 Θεοῦ.
828 5771 866 5805 ⁸¹
905 5772 935 5824 ὃ
967 5769 1035 5843 μὴ
1067 5788 1123 5829 0.
1203 5771 1246 5805 ⁸³
1279 5778 1375 5828 τῶν
1408 5788 1461 5829 0.
1540 5771 1584 5807 ⁸³
1616 5771 1660 5826 εἶ
1689 5773 1773 5827 καὶ
1802 5791 1855 5831 0.
1933 5774 1975 5808 “
2007 5773 2263 5846 μετελθὼν
2288 5788 2366 5829 n1.
2445 5771 2489 5807 ⁸³
2518 5777 2590 5845 τῷ
2614 5772 2813 5844 Χριστῷ
2835 5785 2893 5830 ο.
