4090 6414
393 411 496 464 543

1420 402 1936 459 THEOPHYLACTI
1974 402 2330 458 BULGARIA‘I
2368 403 2683 460 ARCHIEP.

3597 402 3704 458 544

393 534 542 591 tione
590 532 849 606 contigit,
904 546 1107 604 nempe
1155 529 1293 588 adeo
1359 530 1609 587 celeriter
1656 528 1988 605 simulatque

2110 530 2224 589 ἐστι
2255 552 2268 567 ⁸
2313 529 2432 590 τότε
2483 531 2538 590 δὲ
2587 533 2955 612 καινοπρεπῶς
3003 529 3208 608 ἐγένετο
3241 551 3256 567 ·
3303 526 3442 587 οὕτω
3470 529 3576 608 γὰρ
3605 551 3700 586 τα-

391 624 689 697 attigisset.
722 621 1044 694 Prodigium
1085 637 1216 678 vero
1241 629 1326 678 est
1367 621 1423 677 in
1453 620 1532 679 eis
1561 636 1684 694 quae
1707 638 1825 680 non
1856 639 1987 686 sunt

389 713 690 770 secundum
738 722 1014 777 naturam,
1059 711 1223 768 veluti
1271 726 1399 767 cum
1445 711 1492 768 is
1519 713 1664 786 quia
1693 716 1985 775 nativitate

391 820 569 861 caecus
596 810 711 858 erat
745 809 1035 858 sanaretur
1055 793 1075 832 ¹
1112 843 1127 856 .
1166 803 1332 872 110
1359 800 1497 871 Quia
1527 819 1656 860 vero
1683 803 1826 862 haud
1858 823 1987 866 raro

389 894 548 966 signa
583 900 638 948 et
669 891 918 964 prodigia
947 907 1046 963 per
1073 890 1356 947 daemones
1385 891 1555 947 etiam
1582 893 1736 958 ﬁant,
1762 895 1983 969 adjecit,

394 1007 420 1032 σι
446 983 505 1038 in
535 981 734 1038 virtute
777 981 1003 1053 spiritus
1050 981 1173 1036 Dei.
1227 1003 1251 1028 ιο
1288 981 1432 1036 Hinc
1460 981 1628 1038 etiam
1675 985 1988 1044 ostenditur

389 1071 627 1144 dignitas
654 1071 914 1143 Spiritus,
949 1079 1013 1127 ut
1036 1069 1129 1143 qui
1151 1077 1304 1126 tanta
1329 1071 1525 1142 possit.

465 1184 490 1209 α
530 1164 613 1217 Ita
648 1167 714 1216 ut
761 1160 829 1216 ab
878 1159 1182 1215 Jerusalem
1225 1167 1280 1215 et
1330 1175 1426 1232 per
1477 1161 1772 1220 circuitum
1813 1181 1987 1238 usque

388 1249 461 1306 ad
486 1250 766 1322 Illyricum
819 1249 1158 1321 impleverim
1182 1249 1529 1323 Evangelium
1555 1252 1774 1310 Christi.
1805 1277 1832 1304 ι
1866 1256 1987 1324 Vis,

390 1339 587 1412 inquit,
615 1339 1147 1396 demonstrationem
1179 1339 1421 1411 accipere
1449 1356 1645 1397 eorum
1675 1359 1799 1414 quae
1825 1343 1989 1402 dico?

392 1433 532 1485 Ecce
559 1429 954 1500 discipulorum
983 1445 1232 1486 meorum
1271 1429 1683 1488 multitudinem
1714 1451 1727 1488 :
1760 1433 1828 1488 ab
1853 1435 1989 1489 Hie-

386 1519 679 1592 rosolymis
707 1518 856 1574 enim
888 1535 1063 1590 usque
1089 1517 1159 1574 ad
1202 1519 1502 1591 Illyricum,
1559 1537 1683 1592 qua:
1729 1531 1860 1578 sunt
1889 1541 1984 1579 ex-

390 1616 584 1664 tremae
621 1615 802 1679 partes
849 1607 968 1681 ejus
1010 1622 1133 1679 quae
1173 1623 1322 1662 nunc
1363 1609 1619 1681 Bulgaria
1649 1612 1986 1671 nominatur.

392 1701 515 1754 Non
542 1705 725 1754 autem
772 1696 931 1765 dixit,
977 1696 1286 1770 praedicavi,
1324 1696 1422 1753 sed
1472 1722 1497 1746 α
1543 1698 1763 1772 implevi
1807 1703 1984 1758 Evan-

389 1787 610 1858 gelium,
645 1810 670 1834 ι
701 1795 762 1842 ut
790 1786 1050 1843 ostendat
1067 1786 1214 1859 quod
1233 1803 1420 1843 sermo
1447 1788 1564 1860 ejus
1589 1805 1699 1845 non
1733 1789 1985 1848 inefﬁcax

2103 620 2241 699 χέως
2272 619 2386 703 ἅμα
2517 621 2626 703 ἁφῇ
2652 621 2668 701 )
2692 645 2705 658 ·
2765 620 2824 680 τὸ
2873 618 2928 679 δὲ
2973 619 3158 699 τέρας,
3193 622 3245 680 ἐν
3277 627 3385 685 τοῖς
3439 617 3513 694 μὴ
3565 617 3705 676 κατὰ

2099 709 2252 791 φύσιν
2283 735 2296 748 ο
2331 701 2438 769 οἶον
2471 711 2531 770 τὸ
2567 701 2654 770 τὸν
2696 715 2756 770 ἐκ
2795 713 3010 790 γενετῆς
3041 708 3235 790 τυφλὸν
3267 711 3500 778 ἰαθῆναι.
3536 706 3702 768 Ἐπεὶ

2102 798 2156 858 δὲ
2203 809 2401 877 σημεῖα
2435 802 2527 860 καὶ
2572 801 2771 880 τέρατα
2817 799 3051 878 γίνονται
3097 798 3355 864 πολλάκις
3403 796 3494 855 καὶ
3547 798 3698 874 ἐνερο

2102 889 2220 971 γεία
2269 891 2562 965 δαιμόνων,
2613 891 2940 969 προσέθηκεν
2965 913 2978 926 ·
3047 890 3196 950 «Ἐν
3249 886 3472 961 δυνάμει
3518 887 3695 945 Πνεύ-

2101 1004 2262 1056 ματος
2290 983 2451 1041 Θεοῦ.
2489 1009 2512 1034 ι
2566 980 2846 1041 Δείκνυται
2897 977 2952 1038 δὲ
2999 980 3089 1038 καὶ
3119 983 3212 1038 τοῦ
3261 975 3584 1056 Πνεύματος
3633 975 3695 1034 τὸ

2101 1069 2310 1146 ἀξίωμα
2343 1071 2574 1129 ἐντεῦθεν
2593 1115 2610 1143 ,
2645 1071 2694 1128 εἴ
2719 1093 2779 1148 γε
2808 1073 3046 1128 τοσαῦτα
3077 1068 3322 1128 δύναται.

2188 1181 2218 1218 α
2263 1155 2438 1219 ⁰Ωστε
2487 1183 2554 1238 με
2602 1158 2707 1218 ἀπὸ
2750 1158 3112 1240 Ἰερουσαλὴμ
3163 1156 3255 1218 καὶ
3304 1155 3486 1238 κύκλῳ
3538 1154 3702 1236 μέχρι

2097 1253 2188 1309 τοῦ
2235 1249 2533 1330 Ἰλλυρικοῦ
2591 1247 3004 1328 πεπληρωκέναι
3063 1247 3125 1306 τὸ
3199 1246 3528 1330 Εὐαγγέλέον
3602 1251 3699 1304 τοῦ

2095 1343 2363 1418 Χριστοῦ.
2388 1326 2420 1391 ⁷ιο
2445 1339 2662 1411 Θέλεις,
2696 1326 2880 1420 φησὶν,
2911 1336 3175 1406 ἀπόδειξιν
3209 1336 3393 1395 λαϐεῖν
3424 1326 3496 1395 ὧν
3519 1335 3701 1413 λέγω;

2098 1428 2198 1489 Ἰδὲ
2227 1432 2332 1488 τῶν
2367 1433 2618 1507 μαθητῶν
2672 1451 2773 1501 μου
2816 1428 2874 1486 τὸ
2917 1430 3144 1499 πλῆθος·
3189 1426 3296 1485 ἀπὸ
3346 1423 3449 1504 γὰρ
3501 1424 3701 1505 Ἱερου-

2097 1517 2283 1594 σαλὴμ
2330 1519 2492 1598 μέχρι
2518 1524 2612 1577 τοῦ
2644 1516 2944 1596 Ἰλλυρικοῦ
2971 1540 2985 1555 ο
3029 1515 3062 1574 ὅ
3106 1517 3217 1598 ἐστι
3255 1515 3324 1574 τὰ
3352 1513 3562 1594 ἔσχατα
3603 1517 3701 1584 τῆς

2094 1613 2186 1666 νῦν
2212 1597 2604 1685 ὀνομαζομένης
2633 1606 2987 1685 Βουλγαρίας.
3015 1607 3136 1667 Οὔκ
3156 1597 3271 1664 εἷπε
3302 1602 3375 1678 δὲ,
3408 1602 3700 1682 Ἐκήρυξα,

2099 1696 2242 1772 ἀλλ’,
2281 1695 2428 1779 [ὅτι]
2458 1726 2482 1751 ιι
2515 1697 2843 1776 Ἐπλήρωσα
2874 1697 2935 1754 τὸ
2966 1695 3318 1775 Εὖαγγέλιον·
3351 1721 3375 1747 ι
3405 1691 3663 1775 ἵναξδείξῃ
3687 1737 3703 1764 ,

2099 1784 2181 1844 ὅτι
2227 1788 2322 1845 οὐκ
2382 1787 2721 1868 ἀνενέργητος
2773 1785 2980 1864 ἐγένετο
3031 1787 3190 1844 αὐτοῦ
3249 1787 3278 1842 ὁ
3332 1783 3519 1861 λόγος,
3580 1783 3702 1841 ἀλλ’

392 1874 577 1943 fuerit,
622 1875 720 1932 sed
767 1875 1057 1948 perfectus.
1107 1879 1190 1933 Ne
1233 1892 1387 1945 vero,
1436 1894 1566 1935 cum
1615 1879 1794 1949 audis,
1860 1899 1889 1933 α
1918 1881 1987 1937 ab

2103 1874 2314 1947 ἐντελής
2339 1876 2412 1936 ⁵⁸.
2445 1873 2570 1936 Ἵνα
2602 1875 2657 1934 δὲ
2691 1874 2766 1951 μὴ
2800 1873 3030 1942 ἀκούσας
3055 1917 3072 1946 ,
3117 1901 3138 1926 σι
3178 1871 3310 1934 Ἀπὸ
3341 1870 3704 1952 Ἰερουσαλὴμ

389 1966 690 2022 Jerusalem
732 1981 908 2038 usque
951 1964 1024 2022 ad
1075 1965 1378 2039 Illyricum,
1431 1991 1457 2017 ι»
1509 1968 1794 2025 existimes
1841 1970 1990 2043 quod

391 2063 538 2110 recta
580 2071 675 2126 per
725 2054 1006 2127 publicam
1036 2055 1190 2111 viam
1233 2056 1305 2110 sit
1354 2055 1659 2128 profectus,
1710 2081 1738 2108 σι
1775 2061 1846 2114 Et
1894 2076 1994 2131 per

389 2145 703 2212 circuitum,
744 2167 772 2194 ν
815 2145 1026 2216 inquit,
1055 2144 1163 2201 hoc
1191 2153 1298 2213 est,
1333 2153 1388 2200 et
1419 2162 1544 2218 quae
1573 2147 1641 2204 ad
1670 2148 1988 2219 aquilonem

391 2242 447 2290 et
476 2233 548 2290 ad
573 2242 830 2290 austrum
873 2242 1002 2290 sunt
1031 2242 1242 2306 gentes,
1279 2233 1636 2306 praedicando
1676 2237 1987 2308 pertransii.

462 2326 646 2380 Vens.
699 2329 790 2378 20.
842 2347 867 2371 ‹‹
914 2323 1005 2379 Sic
1035 2339 1161 2379 vero
1191 2323 1445 2380 annitens
1477 2325 1774 2396 praedicare
1818 2328 1994 2382 Evan-

386 2411 611 2484 gelium,
637 2428 750 2468 non
780 2412 873 2467 ubi
905 2413 1229 2469 nominatus
1257 2422 1399 2469 esset
1423 2413 1700 2482 Christus,
1732 2431 1802 2472 ne
1829 2432 1995 2488 super

385 2502 621 2558 alienum
653 2501 1074 2558 fundamentum
1103 2501 1457 2560 aediﬁcarem.
1500 2526 1524 2552 ››
1556 2506 1680 2560 Non
1711 2506 1895 2562 solum
1915 2514 1996 2562 tot

386 2591 658 2664 tantisque
699 2590 997 2665 prmdicavi
1041 2592 1414 2664 Evangelium,
1460 2592 1676 2666 illisque
1724 2595 1993 2666 persuasi,

389 2697 582 2738 verum
610 2697 791 2754 neque
821 2680 892 2737 ad
912 2681 1170 2738 homines
1191 2683 1279 2754 qui
1302 2681 1532 2738 omnino
1562 2683 1763 2740 Christi
1790 2700 1996 2741 nomen

389 2771 688 2833 audierant,
719 2770 826 2827 abii
861 2788 875 2826 :
923 2779 1146 2827 tantum
1180 2771 1356 2840 abest,
1385 2780 1448 2828 ut
1494 2789 1585 2829 me
1641 2773 1880 2830 aliorum
1906 2774 1995 2831 di-

391 2860 614 2933 scipulis
648 2861 729 2917 vel
773 2859 1042 2932 ingeram,
1076 2861 1159 2918 vel
1209 2861 1399 2934 gloriae
1441 2878 1609 2919 causa
1660 2862 1766 2920 hoc
1810 2879 1995 2936 agam.

2103 1963 2230 2044 ἄχρι
2258 1970 2349 2024 τοῦ
2380 1963 2680 2045 Ἰλλυρικοῦ
2699 2009 2716 2041 ,
2743 1991 2765 2016 υ
2799 1961 3023 2044 νομίσῃς
3043 1961 3123 2022 ὅτι
3148 1965 3270 2022 κατ’
3293 1961 3413 2022 εὖθὺ
3444 1962 3538 2033 τὴν
3561 1963 3699 2019 λεω-

2103 2053 2260 2134 φόρον
2281 2054 2512 2134 ἤρχετο,
2545 2052 2738 2134 φησὶν,
2768 2053 2850 2113 ὅτι
2874 2074 2906 2112 α
2941 2053 3048 2113 Καὶ
3075 2052 3254 2132 κύκλῳ
3287 2075 3301 2090 ο
3339 2075 3366 2109 ν
3399 2049 3696 2122 τουτέστιν,

2103 2142 2182 2202 ὅτι
2219 2142 2328 2204 Καὶ
2373 2143 2440 2204 τὰ
2467 2145 2598 2224 πρὸς
2633 2145 2832 2225 βοῤῥᾶν
2863 2143 2957 2201 καὶ
2988 2141 3118 2223 πρὸς
3155 2141 3302 2201 νότον
3339 2141 3460 2212 ἔθνη
3492 2141 3702 2212 διῆλθον

2103 2235 2178 2312 τῷ
2203 2232 2366 2313 λόγῳ.

2184 2349 2208 2376 α
2263 2323 2426 2382 Οὕτω
2487 2321 2541 2382 δὲ
2592 2320 3030 2404 φιλοτιμούμενον
3087 2321 3550 2398 εὐαγγελίζεσθαι,
3605 2320 3706 2398 οὔχ

2103 2410 2236 2471 ὅπου
2268 2412 2554 2486 ὠνομάσθη
2596 2410 2845 2490 Χριστὸς,
2876 2409 2962 2470 ἵνα
2994 2410 3069 2488 μὴ
3105 2408 3186 2469 ἐπ’
3224 2409 3499 2490 ἀλλότριον
3543 2407 3702 2485 θεμέ-

2103 2505 2214 2561 λιον
2248 2503 2534 2581 οἰκοδομῶ.
2578 2531 2600 2554 ιι
2638 2503 2719 2562 Οὔ
2771 2502 2927 2580 μόνον
2975 2499 3243 2566 τοσούτοις
3274 2499 3704 2579 εὐηγγελισάμην

2105 2592 2198 2650 καὶ
2222 2591 2464 2665 τέπεισα,
2519 2593 2638 2651 ἀλλ’
2669 2590 2790 2651 οὐδὲ
2837 2591 2964 2670 πρὸς
3016 2588 3322 2671 ἀνθρώπους
3374 2587 3706 2656 ἀκούσαντας

2105 2681 2240 2748 ὅλως
2285 2681 2456 2760 ὄνομα
2491 2684 2726 2762 Χριστοῦ
2759 2683 2997 2752 ἀπῆλθον
3045 2703 3059 2717 ο
3099 2685 3344 2740 τοσοῦτον
3375 2679 3566 2760 ἀπέχω
3614 2683 3705 2738 τοῦ

2107 2771 2439 2853 ἐπιῤῥίπτειν
2492 2771 2722 2848 ἐμαυτὸν
2789 2770 2967 2829 ἄλλων
3030 2775 3296 2846 μαθηταῖς
3321 2813 3338 2842 ,
3410 2769 3503 2827 καὶ
3556 2767 3708 2841 δόξης

2107 2858 2283 2920 ἕνεκεν
2314 2867 2470 2920 τοῦτο
2521 2867 2715 2920 ποιεῖν.
2762 2860 2971 2919 Οὖκοῦν
3016 2856 3133 2917 οὐδὲ
3178 2858 3302 2934 ὖμῖν
3334 2858 3544 2939 ἔγραψα
3569 2902 3584 2928 ,
3637 2860 3708 2924 ὡς

389 2951 634 3008 Proinde
676 2965 853 3022 neque
899 2949 1089 3021 scripsi
1139 2951 1298 3006 vobis
1339 2967 1442 3008 ceu
1486 2952 1720 3026 gloriam
1769 2969 1799 3009 a
1841 2952 1990 3010 vobis

2109 2953 2203 3020 τῆς
2231 2952 2358 3029 παρ’
2393 2953 2542 3026 ὓμῶν
2575 2948 2726 3020 δόξης
2767 2951 2930 3027 ἐρῶν,
2976 2946 3095 3005 ἀλλ’
3123 2948 3198 3014 ὣς
3229 2947 3498 3007 διακονίαν
3543 2948 3702 3016 πλη·-

389 3048 654 3112 expetens
678 3079 695 3108 ,
747 3049 1010 3096 caterum
1039 3048 1304 3112 tanquam
1337 3041 1708 3098 ministerium
1748 3041 2001 3115 implens.

2114 3042 2235 3118 ρῶν.
2287 3039 2590 3119 Ἁλλότριον
2643 3038 2698 3097 δὲ
2753 3037 2994 3115 θεμέλιον
3041 3035 3139 3108 τὴν
3196 3037 3546 3119 διδασκαλίαν
3600 3037 3706 3094 τῶν

387 3130 648 3186 Alienum
681 3137 867 3186 autem
917 3129 1338 3186 fundamentum
1382 3132 1762 3203 apostolorum
1796 3131 1990 3188 doctri-

2111 3129 2426 3190 ἀποστόλων
2472 3118 2633 3208 φησίν
2663 3150 2677 3165 ο
2727 3129 2828 3206 οὐχ
2854 3127 2935 3185 ὅτι
2979 3126 3245 3207 ἀλλότριοι
3281 3118 3452 3197 ἦσαν,
3498 3121 3604 3183 οὐδ’
3625 3122 3710 3182 ὅτι

389 3236 518 3276 nam
546 3228 704 3277 vocat
735 3238 749 3276 :
772 3235 883 3277 non
915 3219 1067 3294 quod
1093 3220 1254 3276 alieni
1290 3217 1496 3277 fuerint
1515 3231 1612 3278 aut
1635 3221 1738 3278 alia
1761 3237 1791 3278 a
1817 3222 1991 3279 Paulo

387 3308 822 3382 praedicaverint,
867 3308 962 3366 sed
1007 3309 1275 3366 mercedis
1311 3311 1544 3368 ratione.
1587 3313 1800 3368 Merees
1845 3311 1990 3367 enim

387 3415 583 3456 eorum
610 3398 705 3472 qui
747 3399 892 3470 apud
940 3399 1064 3456 illos
1109 3398 1514 3470 laboraverant,
1559 3401 1732 3458 aliena
1767 3409 1902 3471 erat,
1939 3409 1994 3458 et

387 3505 502 3545 non
522 3488 592 3545 ad
619 3488 856 3545 Paulum
884 3489 1184 3561 pertinens.

459 3581 634 3635 Vnns.
667 3584 757 3634 21.
791 3601 816 3628 α
850 3577 960 3635 Sed
991 3578 1466 3654 quemadmodum
1512 3580 1776 3654 scriptum
1805 3588 1890 3638 est
1917 3582 1944 3622 ⁸
1977 3599 1991 3638 :

389 3667 604 3742 Quibus
643 3683 752 3724 non
800 3668 1194 3725 annuntiatum
1238 3677 1323 3725 est
1352 3667 1420 3726 de
1462 3685 1548 3732 eo,
1599 3671 1864 3728 videbunt
1896 3688 1910 3727 :
1941 3682 1996 3729 et

389 3759 484 3830 qui
541 3775 653 3816 non
696 3759 1026 3828 audierunt,
1069 3759 1390 3832 intelligent.
1448 3783 1472 3808 ιο
1497 3761 1851 3835 Prophetiam
1905 3761 1994 3819 hic

381 3849 670 3920 impletam
690 3848 960 3906 ostendit.
990 3852 1192 3922 Ingens
1212 3859 1400 3907 autem
1430 3849 1584 3908 labor
1604 3859 1688 3908 est
1715 3860 1770 3908 et
1791 3850 1987 3917 sudor,

386 3954 515 3994 cum
548 3940 674 4011 quis
728 3938 999 3996 indociles
1040 3939 1261 3997 erudire
1307 3941 1442 3997 velit
1491 3960 1504 3996 :
1543 3943 1612 3999 ad
1662 3941 1814 4015 quod
1856 3959 1990 4000 sane

387 4029 590 4084 Paulus
615 4028 957 4085 accurrebat.

454 4119 639 4174 Vnus.
661 4122 752 4172 22.
780 4139 806 4165 ιι
839 4119 1074 4187 Propter
1093 4117 1244 4190 quod
1271 4117 1615 4188 impediebar
1632 4133 1776 4191 saepe
1803 4119 1993 4176 venire

387 4205 457 4262 ad
486 4221 601 4262 vos.
649 4229 676 4254 ι
706 4207 769 4261 In
812 4205 1055 4278 epistola:
1093 4205 1258 4279 hujus
1289 4206 1574 4279 principio,
1621 4231 1646 4258 ιι
1682 4209 1995 4266 Prohibitus

388 4312 534 4365 sum,
568 4321 592 4346 ιο
635 4297 832 4371 inquit,
865 4319 892 4346 α
921 4297 1206 4355 hactenus.
1245 4320 1270 4346 ι
1300 4296 1406 4354 Hic
1443 4307 1633 4356 autem
1665 4307 1721 4356 et
1765 4315 1994 4356 causam

386 4403 486 4443 cur
527 4387 598 4444 sit
644 4387 971 4460 prohibitus,
1013 4387 1193 4444 reddit
1236 4406 1249 4443 :
1298 4387 1461 4458 Quia,
1498 4389 1704 4462 inquit,
1731 4404 1995 4463 quoquo-

2102 3216 2242 3276 ἄλλα
2296 3217 2581 3298 ἐκήρυττον
2603 3264 2621 3296 ,
2666 3216 2802 3276 ἀλλὰ
2835 3214 2974 3274 κατὰ
3019 3215 3108 3275 τὸν
3153 3221 3247 3276 τοῦ
3287 3219 3476 3293 μισθοῦ
3522 3212 3700 3292 λόγον.

2102 3304 2167 3367 Ὁ
2202 3307 2306 3388 γὰρ
2349 3307 2533 3386 μισθὸς
2573 3309 2676 3365 τῶν
2730 3304 3114 3383 πεπονημένων
3160 3305 3387 3372 ἐκείνοις
3432 3302 3707 3385 ἀλλότριος

2101 3388 2166 3471 ἦν
2189 3443 2205 3472 ,
2236 3397 2330 3458 καὶ
2374 3397 2434 3456 οὔ
2465 3396 2730 3478 διαφέρων
2762 3397 2984 3477 Παύλῳ.

2190 3592 2220 3630 α
2249 3569 2410 3631 Ἄλλᾶ
2453 3567 2627 3636 καθὼς
2655 3568 2961 3650 γέγραπται
2989 3591 3002 3604 °
3032 3559 3133 3638 Οἷς
3161 3571 3257 3629 οὐκ
3285 3568 3555 3649 ἀνηγγέλη
3587 3566 3708 3647 περὶ

2103 3663 2300 3733 αὐτοῦ,
2325 3659 2548 3740 ὄψονται
2575 3683 2590 3698 ο
2633 3661 2726 3720 καὶ
2773 3658 2824 3718 οἳ
2869 3660 2964 3718 οὐκ
2999 3658 3300 3733 ἀκηκόασι,
3341 3659 3702 3731 συνήσουσι.»

2105 3751 2444 3832 Προφητείαν
2479 3753 2704 3810 ἐνταῦθα
2741 3748 2970 3809 δείκνυσι
3000 3749 3438 3829 πεπληρωμένην
3464 3772 3476 3786 ο
3510 3747 3707 3808 πλείων

2103 3841 2158 3900 δὲ
2193 3839 2403 3906 πάντως
2450 3842 2478 3898 ὁ
2520 3838 2674 3907 πόνος
2703 3837 2794 3898 καὶ
2835 3841 2862 3897 ὁ
2905 3837 3100 3920 ἱδρὼς,
3132 3836 3259 3898 ὅταν
3299 3863 3377 3904 τις
3407 3837 3527 3904 τοὺς
3567 3839 3708 3915 ἀμα-

2103 3929 2386 3996 θεστάτους
2431 3929 2698 3988 διδάσκειν
2737 3927 2929 4002 ἕληται
2954 3918 2974 3963 ⁸-
3008 3918 3053 4010 ᾧ
3099 3927 3164 4000 δὴ
3209 3926 3302 3986 καὶ
3349 3929 3562 3994 Παῦλος
3609 3929 3708 3986 ἐπ-

2105 4018 2292 4079 έτοενε
2335 4015 2406 4078 ⁸⁷.

2169 4042 2366 4168 ράχᾌιὸ
2393 4063 2486 4167 καὶ
2535 4106 2894 4184 ἐνεκοπτόμην
2928 4107 2996 4167 τὰ
3033 4104 3208 4165 πολλὰ
3252 4109 3344 4164 τοῦ
3383 4107 3550 4165 ἐλθεῖν
3581 4105 3709 4183 πρὸς

2102 4201 2262 4276 ῧμᾶς.
2291 4219 2320 4254 n
2374 4196 2692 4276 Ἀρχόμενος
2743 4197 2840 4273 μὲν
2868 4200 2963 4269 τῆς
3010 4197 3336 4265 Ἐπιστολῆς
3359 4241 3376 4273 ,
3418 4185 3562 4254 εἶπεν
3585 4241 3602 4272 ,
3630 4193 3709 4252 ὅτι

2114 4311 2144 4347 (ι
2176 4285 2490 4360 Ἐκωλύθην
2523 4289 2649 4368 ἄχρι
2679 4292 2770 4347 τοῦ
2815 4287 2970 4368 δεῦρο
3009 4306 3022 4320 ⁸
3065 4313 3089 4340 ι
3143 4287 3373 4344 ἐνταῦθα
3409 4284 3463 4343 δὲ
3496 4283 3588 4343 καὶ
3610 4283 3706 4355 τὴν

2106 4377 2281 4437 αἰτίαν
2313 4377 2490 4450 τίθησι
2514 4424 2530 4451 ,
2580 4379 2646 4436 δι’
2679 4376 2746 4449 ἣν
2777 4376 3112 4448 κεκώλυται,
3144 4375 3225 4434 ὅτι
3257 4377 3361 4436 Διὰ
3400 4374 3461 4433 τὸ
3493 4375 3698 4433 πάντα·

389 4492 612 4534 versum
647 4477 1148 4535 circumc‘ursaham
1201 4477 1550 4551 praedicando
1579 4479 1831 4548 verbum,
1864 4479 1990 4537 ideo

2103 4473 2198 4547 χοῦ
2230 4467 2562 4549 περιτρέχειν
2593 4467 2646 4506 ⁸⁸
2679 4465 2954 4547 κηρύττων
2979 4511 2996 4541 ,
3029 4465 3116 4526 διὰ
3149 4471 3306 4526 τοῦτο
3336 4464 3705 4544 ἐνεκοπτόμην

389 4582 535 4640 saepe
564 4567 906 4641 impediebar
947 4585 960 4624 :
1005 4569 1110 4624 hoc
1137 4577 1240 4637 est,
1264 4584 1583 4641 quanquam
1611 4584 1993 4642 saepenumero

388 4655 648 4727 conabar,
691 4666 747 4714 et
788 4665 1124 4730 expeterem,
1153 4673 1369 4730 semper
1411 4666 1603 4714 tamen
1640 4659 1993 4731 impediebar.

461 4748 643 4802 νεεδ.
688 4751 782 4814 23,
827 4753 915 4802 24.
953 4771 978 4798 α
1016 4747 1179 4802 Nunc
1210 4761 1338 4802 vero
1375 4747 1603 4804 ulterius
1649 4749 1836 4804 locum
1882 4765 1998 4804 non

388 4833 596 4890 habens
623 4835 680 4890 in
705 4834 792 4891 his
820 4836 1159 4906 regionibus,
1190 4836 1545 4908 cupiditatem
1572 4845 1762 4894 autem
1791 4837 1995 4894 habens

385 4922 639 4980 veniendi
677 4923 746 4979 ad
793 4939 896 4981 vos
917 4925 1037 4997 jam
1066 4923 1194 4982 inde
1231 4941 1263 4981 a
1312 4926 1500 4983 multis
1528 4926 1688 4983 annis
1716 4945 1729 4982 :
1763 4935 1824 4983 ut
1853 4927 1901 4982 si
1935 4927 1990 4983 in

382 5011 710 5083 Hispaniam
753 5011 1090 5084 proﬁciscar,
1121 5012 1336 5069 veniam
1365 5012 1435 5070 ad
1460 5030 1558 5071 vos
1589 5033 1602 5070 :
1635 5030 1798 5087 spero
1843 5015 1990 5072 enim

386 5101 534 5174 quod
563 5102 880 5174 prazteriens
931 5101 1148 5160 videam
1177 5119 1296 5172 vos,
1328 5111 1385 5159 et
1412 5121 1442 5160 a
1473 5103 1627 5160 vobis
1653 5103 1897 5161 deducar
1917 5104 1988 5160 il-

384 5193 493 5261 luc,
536 5192 580 5249 si
626 5192 784 5249 vobis
831 5191 1080 5265 primum
1125 5209 1192 5250 ex
1242 5201 1392 5266 parte
1433 5192 1589 5251 fuero
1636 5195 1901 5266 expletus.
1959 5217 1984 5242 ιι

381 5278 755 5351 Impediebar,
786 5281 988 5354 inquit,
1020 5297 1087 5338 eo
1112 5281 1262 5354 quod
1291 5281 1594 5354 praedicare
1619 5282 1838 5339 vellem.
1865 5283 1990 5337 Jam

386 5385 513 5426 vero
553 5386 681 5427 cum
710 5370 837 5427 nihil
868 5372 1016 5428 ultra
1043 5371 1180 5426 mihi
1213 5371 1268 5426 in
1293 5372 1429 5428 locis
1459 5371 1606 5428 hisce
1633 5379 1801 5429 restat
1827 5387 1996 5444 agen-

456 5496 476 5536 ¹
501 5505 664 5562 Joan.
702 5521 763 5575 v,
793 5513 845 5562 7.
936 5508 1090 5562 Slsa.
1124 5521 1237 5579 LII,
1275 5510 1360 5562 15.

2100 4555 2168 4616 τὰ
2200 4556 2375 4616 πολλά
2400 4579 2414 4594 ·
2447 4557 2718 4628 τουτέστι,
2769 4555 3027 4625 πολλάκις
3081 4559 3364 4637 ἐπιχειρῶν
3406 4554 3500 4614 καὶ
3534 4556 3710 4614 ἐπιθυ-

2107 4650 2257 4725 μῶν,
2291 4645 2434 4724 ὅμως
2463 4645 2823 4724 ἐνεκοπτόμην
2856 4646 2958 4707 ἀεί.

2199 4757 2226 4792 (ι
2272 4736 2403 4796 Νυνὶ
2451 4734 2506 4794 δὲ
2551 4735 2746 4814 μηκέτι
2797 4735 2955 4796 τόπον
3011 4734 3150 4814 ἔχων
3203 4737 3254 4794 ἐν
3313 4737 3423 4800 τοῖς
3482 4733 3710 4810 κλίμασι

2107 4824 2346 4898 τούτοις,
2407 4826 2685 4886 ἐπιποθίαν
2749 4825 2804 4886 δὲ
2855 4825 2995 4904 ἔχων
3025 4830 3116 4884 τοῦ
3175 4825 3343 4883 ἐλθεῖν
3388 4821 3518 4903 πρὸς
3568 4825 3710 4899 ὑμᾶς

2101 4914 2208 4974 ἀπὸ
2230 4917 2443 4974 πολλῶν
2477 4917 2606 4975 ἐτῶν
2638 4938 2652 4953 ο
2683 4918 2753 4983 ὥς
2783 4914 2875 4973 ἐὰν
2909 4913 3223 4992 πορεύωμαι
3261 4916 3336 4979 εἷς
3372 4911 3472 4983 τὴν
3503 4912 3700 4972 Ἱσπα-

2099 5005 2248 5079 νίαν,
2295 5003 2582 5082 ἐλεύσομαι
2611 5004 2744 5084 πρὸς
2793 5006 2931 5082 ὑμᾶς
2959 5027 2973 5041 ο
3019 5003 3216 5072 ἐλπίζω
3245 5001 3347 5082 γὰρ
3387 5001 3704 5083 διαπορευό-

2100 5118 2251 5172 μενος
2298 5096 2590 5154 θεάσασθαι
2640 5098 2777 5172 ὑμᾶς
2799 5139 2815 5172 ,
2847 5097 2938 5154 καὶ
2972 5093 3055 5174 ὕφ’
3103 5096 3252 5169 ὑμῶν
3284 5097 3707 5172 προπεμφθῆναι

2097 5187 2236 5256 ἐκεῖ,
2291 5182 2378 5244 ἐὰν
2435 5187 2583 5261 ὑμῶν
2631 5187 2840 5263 πρῶτον
2897 5184 3005 5244 ἀπὸ
3060 5184 3251 5263 μέρους
3303 5184 3625 5260 ἐμπλησθῶ.
3667 5205 3695 5240 ι)

2102 5273 2538 5353 Ἐνεκοπτόμην,
2593 5276 2754 5356 φησὶ,
2805 5273 2891 5335 διὰ
2941 5273 3002 5334 τὸ
3055 5274 3223 5334 θέλειν
3279 5297 3345 5352 με
3391 5273 3698 5354 κηρύσσειν.

2105 5363 2240 5424 Νυνὶ
2284 5363 2340 5424 δὲ
2387 5365 2571 5436 ἐπειδὴ
2603 5364 2781 5424 οὐκέτι
2817 5365 2965 5445 ἔργον
3002 5363 3118 5425 ἔστι
3150 5387 3241 5443 μοι
3284 5365 3338 5423 ἐν
3380 5371 3486 5433 τοῖς
3522 5362 3702 5430 τόποις

1791 5587 1983 5646 Variae
2027 5589 2332 5649 lectiones.

453 5729 497 5762 ⁶⁶
527 5728 637 5781 ἀλλ’
667 5728 868 5803 ἐνεργὴς
895 5730 980 5783 καὶ
1009 5729 1207 5796 ἐντελὴς
1236 5747 1306 5786 m.
1389 5729 1430 5764 ⁵⁷
1461 5727 1517 5783 οὗ
1537 5729 1597 5798 δὴ
1627 5731 1709 5785 καὶ
1750 5731 1943 5792 [Ιαῦλος
1971 5730 2174 5802 ἐπέτυχε
2205 5747 2257 5787 0.
2335 5731 2378 5764 ⁸⁸
2407 5751 2614 5802 παρατρ.
2659 5750 2700 5784 ι.
