4090 6440
403 464 513 525 545

1315 467 1667 529 EXPOSITIO
1709 473 1773 527 IN
1813 469 2024 529 EPIST.
2061 469 2154 528 AD
2198 467 2361 526 ROM.
2398 500 2469 511 —
2510 468 2658 525 CAP.
2702 464 2812 524 XV.

3628 468 3730 522 5‘16

399 598 641 671 τούτοις,
695 598 784 656 διὰ
830 602 987 658 τοῦτο
1033 598 1124 657 καὶ
1172 597 1399 681 γράφωγ
1428 603 1588 677 ὑμῖν,
1638 599 1728 659 καὶ
1775 599 2002 680 ἔρχομαι

2126 596 2281 666 dum,
2311 597 2469 666 ιιι
2496 604 2720 668 pr0pter
2761 594 2867 650 hoc
2910 594 3089 666 ipsum
3125 602 3181 649 et
3212 593 3393 650 scribo
3421 593 3491 651 ad
3532 609 3650 663 vos,
3674 603 3730 650 et

398 689 535 769 πρὸς
589 691 728 765 ὑμᾶς
749 735 768 767 ,
816 688 934 769 οὐχὶ
964 690 1031 746 δι’
1058 690 1190 747 ἄλλο
1232 680 1318 763 τι,
1360 680 1467 748 οἷον
1498 688 1585 748 διὰ
1615 687 1766 762 δόξης
1804 688 1999 768 ἔρωτα.

398 768 578 851 Εἶτα,
604 776 694 836 ἵνα
726 778 804 857 μὴ
851 768 1068 837 εἴπωσιν
1109 780 1253 859 αὖτῷ
1274 823 1291 851 ,
1321 777 1402 838 ὅτι
1443 778 1548 839 Διὰ
1578 779 1637 838 τὸ
1668 778 1744 857 μὴ
1779 780 1919 860 ἔχειν
1944 802 2003 839 σε

398 868 590 927 αὐτόθι
615 866 764 948 ἔργον
786 914 804 942 ,
835 871 907 935 ὡς
939 870 992 927 ἐν
1024 867 1275 949 παρέργῳ
1315 872 1443 948 ποιῇ
1494 872 1636 946 ἡμᾶς
1663 893 1677 907 ο
1730 869 2003 951 ἐπιφέρει,

398 957 488 1015 ὅτι
516 956 840 1019 Ἐπιποθίαν
889 958 997 1038 ἔχω
1040 957 1143 1039 πρὸ
1189 961 1401 1018 πολλῶν
1450 961 1579 1017 ἐτῶν
1610 982 1625 997 ο
1677 959 1774 1032 τὴν
1817 962 2003 1019 ἐπιθυ-

406 1046 541 1124 μίαν
591 1047 792 1121 ταύτην
833 1046 1049 1107 σπεύδω
1084 1049 1392 1129 πληρῶσαι.
1443 1046 1563 1110 Ἵνα
1616 1051 1673 1108 δὲ
1722 1046 1796 1126 μὴ
1841 1049 2004 1129 πάλιν

404 1140 713 1217 φυσηθῶσιν
728 1184 746 1212 ,
802 1139 873 1204 ὣς
920 1127 1289 1205 ἐπιποθοῦντος
1314 1138 1367 1186 ⁸9
1416 1135 1605 1206 αὖτοὺς
1650 1137 1837 1199 τούτου
1852 1187 1867 1211 ,
1919 1127 2004 1197 οἶα

405 1224 477 1298 δὴ
510 1225 719 1301 μείζους
758 1229 863 1285 τῶν
895 1224 1073 1285 ἄλλων
1116 1226 1194 1301 7°,
1251 1226 1439 1306 ἐπάγει
1472 1250 1487 1264 ·
1544 1249 1575 1287 α
1622 1226 1725 1296 ⁶Ως
1778 1227 1867 1287 ἐὰν
1900 1251 2006 1288 πο-

410 1315 657 1395 ρεύωμαι
688 1319 761 1384 εἷς
785 1317 831 1355 ⁷⁸
873 1314 970 1387 τὴν
996 1315 1297 1387 Ἱσπανίαν,
1318 1315 1609 1394 ἐλεύσομαι
1636 1318 1765 1398 πρὸς
1796 1321 1953 1396 ὑμᾶς,
1985 1345 2009 1370 ν

402 1401 530 1466 Ἵνα
580 1405 635 1464 δὲ
687 1406 763 1483 μὴ
812 1408 1004 1465 εἴπωσι
1052 1407 1215 1465 πάλιν
1271 1430 1284 1443 ο
1332 1405 1494 1469 Ὁδοῦ
1549 1406 1816 1488 πάρεργον
1877 1412 2004 1489 ποιῇ

404 1498 587 1569 ἡμᾶς,
645 1494 884 1574 ἐπήγαγε
913 1519 926 1533 ·
996 1519 1025 1552 α
1080 1495 1189 1556 Καὶ
1243 1496 1328 1578 ὑφ’
1385 1500 1533 1573 ὑμῶν
1590 1502 2007 1579 προπεμφθῆναι

400 1588 554 1643 ἐκεῖ·
582 1606 612 1643 n
669 1585 971 1660 τουτέστιν,
1019 1583 1211 1662 Ὑμεῖς
1258 1585 1412 1644 αὐτοὶ
1460 1585 1660 1653 ἰδόντες
1705 1586 1802 1657 τὴν
1836 1588 2005 1667 ἀνάγ-

404 1698 509 1744 κην
538 1673 592 1709 ⁷²
637 1674 1060 1754 κατεπείγουσάν
1104 1699 1170 1753 με
1210 1676 1339 1755 πρὸς
1387 1675 1448 1735 τὸ
1497 1674 1588 1734 καὶ
1638 1675 1853 1745 ἐκείνοις
1883 1678 2003 1735 ἐπι-

402 1765 677 1841 δημῆσαι,
729 1764 1064 1846 προπέμψειν
1116 1765 1339 1841 μέλλετέ
1386 1790 1472 1842 με.
1521 1763 1697 1826 Ὥστε
1726 1767 1784 1825 οὗ
1829 1790 2003 1825 κατα-

402 1856 609 1934 φρονῶν
635 1856 784 1929 ὑμῶν
804 1898 819 1925 ,
851 1856 972 1913 ἀλλ’
1006 1856 1341 1933 ἀναγκαίως,
1374 1858 1513 1931 ὑμᾶς
1534 1899 1550 1927 ,
1578 1855 1999 1934 παρελεύσομαι.

402 1942 569 2003 Ἐπεὶ
598 1942 653 2001 δὲ
683 1942 760 2001 ἔτι
784 1949 940 2003 τοῦτο
968 1944 1018 1982 ⁷³
1049 1944 1233 2004 ἐλύπει
1258 1942 1419 2003 πλέον
1440 1990 1456 2018 ,
1485 1943 1765 2024 θεραπεύει
1795 1945 1925 2004 αὐτὸ
1952 1948 2001 1985 ⁷⁴
2038 1918 2085 1980 Β

403 2030 581 2111 λέγων
615 2056 627 2069 ·
662 2054 693 2091 (ι
720 2030 855 2092 Ἐὰν
899 2035 1049 2110 ὑμῶν
1087 2037 1297 2114 πρῶτον
1332 2033 1438 2094 ἀπὸ
1475 2032 1664 2114 μέρους
1692 2036 2008 2111 ἐμπλησθῶ.

399 2121 655 2181 Δείκνυσι
701 2121 807 2204 γὰρ
872 2122 1059 2182 ἑαυτὸν
1120 2125 1322 2204 ἐρῶντα
1381 2127 1476 2195 τῆς
1520 2122 1732 2203 ἀγάπης
1796 2125 2007 2201 αὐτῶν,

398 2211 497 2269 καὶ
527 2211 769 2293 σφοδρῶς
782 2202 809 2249 -ο
842 2212 923 2271 διὸ
962 2212 1077 2271 οὐδὲ
1104 2202 1248 2286 εἶπε,
1275 2202 1577 2290 Θεάσωμαι
1596 2260 1613 2287 ,
1649 2215 1788 2288 ἀλλ’,
1821 2241 1846 2267 α
1870 2213 2006 2292 Ἐμ-

400 2301 665 2376 πλῃσθῶ,
718 2322 750 2359 n
814 2299 882 2360 τὰ
946 2304 1053 2385 τῶν
1109 2301 1305 2381 γονέων
1379 2300 1704 2381 μιμούμενος
1764 2302 2002 2385 ῥήματα.

408 2416 436 2441 ι
471 2388 598 2448 Ἀπὸ
626 2389 817 2471 μέρους
852 2415 882 2447 ι
908 2389 985 2465 δὲ,
1014 2381 1130 2450 εἷπε
1163 2416 1176 2429 ·
1205 2392 1477 2453 τουτέστιν
1495 2435 1512 2464 ,
1541 2392 1732 2459 Οὐδείς
1766 2381 1834 2467 με
1868 2392 2005 2473 χρό-

394 2502 489 2547 νος
546 2482 822 2558 ἐμπλῆσαι
877 2480 1125 2556 δύναται,
1177 2483 1295 2541 οὐδὲ
1349 2482 1643 2564 ἐμποιῆσαί
1701 2506 1793 2559 μοι
1851 2486 2004 2564 κόρον

396 2571 496 2640 τῆς
538 2570 750 2647 ὁμιλίας
795 2573 967 2649 ὑμῶν.
1000 2568 1300 2651 Ἀγαπητὸν
1343 2561 1433 2631 οὖν
1486 2594 1611 2650 μοι,
1658 2570 1748 2631 ἐὰν
1779 2561 2007 2654 μερικῶς

402 2661 555 2735 ὑμῶν
588 2661 888 2735 ἐμπλησθῶ
899 2707 913 2721 .

483 2776 507 2802 ε
539 2750 677 2810 Νυνὶ
707 2746 761 2808 δὲ
785 2749 1083 2831 πορεύομαι
1112 2751 1184 2817 εἷς
1213 2749 1592 2831 Ἰερουσαλὴμ,
1619 2752 1875 2812 διακονῶν
1899 2756 2008 2821 τοῖς

397 2837 589 2919 ἇγίοις.
626 2840 939 2913 Εὖδόκησαν
980 2841 1081 2922 γὰρ
1112 2840 1423 2901 Μακεδονία
1463 2839 1553 2899 καὶ
1584 2839 1772 2921 Ἀχαΐα
1815 2866 2007 2902 κοινω-

393 2926 516 2986 νίαν
552 2928 669 2988 τινὰ
697 2930 1024 3002 ποιήσασθαι
1055 2934 1128 2999 εἷς
1146 2929 1266 2999 τοὺς
1292 2928 1538 3012 πτωχοὺς
1565 2934 1671 2989 τῶν
1702 2930 1868 3011 ἁγίων
1900 2934 2006 2992 τῶν

394 3021 452 3076 ἐν
494 3016 876 3098 Ἰερουσαλήμ.
910 3044 941 3076 in
991 3018 1296 3100 Ὑπέσχετο
1334 3018 1587 3100 ἀνωτέρω
1634 3019 1766 3099 πρὸς
1817 3020 2008 3089 αὐτοὺς

396 3109 637 3167 διελθεῖν·
685 3109 802 3168 ἐπεὶ
848 3108 902 3168 δὲ
949 3108 1171 3185 ἔμελλεν
1222 3108 1591 3189 ἐμϐραδῦναι,
1632 3106 1721 3168 ἵνα
1775 3110 1850 3188 μὴ
1882 3109 2004 3192 δόξῃ

396 3197 677 3276 χλευάζειν
719 3197 937 3271 αὐτοὺς,
977 3197 1123 3279 λέγει
1151 3199 1242 3258 καὶ
1267 3198 1362 3271 τὴν
1398 3199 1574 3257 αἰτίαν
1598 3200 1666 3257 δι’
1696 3199 1761 3270 ἣν
1798 3200 2004 3280 ἐμϐρα-

394 3285 576 3357 δύνει,
606 3287 701 3347 καί
729 3312 924 3369 φησιν,
956 3287 1038 3347 ὅτι
1072 3312 1103 3344 α
1143 3287 1455 3370 Πορεύομαι
1496 3291 1567 3358 εἷς
1603 3288 1995 3370 Ἰερουσαλὴμ,

394 3378 654 3436 διακονῶν
709 3368 816 3445 τοῖς
863 3378 1048 3458 ἁγίοις.
1102 3400 1131 3437 ))
1186 3368 1306 3439 Οίῦκ
1357 3368 1536 3451 εἶπεν,
1596 3368 1998 3456 Ἐλεημοσύνας

396 3467 742 3545 ἀποκομίζων
765 3517 780 3545 ,
845 3468 1021 3543 ἀλλὰ,
1079 3491 1109 3527 (ι
1140 3471 1415 3529 Διακονῶν
1456 3486 1470 3499 ⁸
1510 3492 1539 3526 »
1603 3465 1693 3526 ἵνα
1740 3469 1996 3547 μάθωμεν

396 3555 580 3627 ἡλίκον
613 3558 704 3616 καὶ
749 3557 836 3639 ὕφ’
888 3550 950 3617 οὗ
996 3558 1273 3637 γινόμενον
1320 3557 1381 3616 τὸ
1423 3557 1731 3637 γινόμενον,
1778 3559 1869 3617 καὶ
1914 3558 1996 3619 ὅτι

396 3646 557 3723 μέγα.
584 3647 687 3707 Διὰ
710 3646 765 3706 δὲ
787 3646 971 3708 τούτου
995 3647 1353 3729 προτρέπεται
1376 3647 1468 3707 καὶ
1485 3646 1603 3715 τοὺς
1624 3647 1925 3725 Ῥωμαίους
1943 3650 1995 3687 ⁷⁵

397 3737 470 3804 εἷς
502 3737 889 3812 ἐλεημοσύνην.
921 3739 1107 3819 Λέγων
1136 3740 1273 3818 γὰρ,
1297 3736 1379 3796 δτι
1405 3764 1428 3789 α
1462 3736 1778 3811 Εὖδόκησαν
1806 3742 1997 3798 Μακε-

400 3824 548 3884 δονία
578 3827 669 3885 καὶ
709 3824 937 3908 Ἀχαΐα,
975 3851 1003 3885 ι
1049 3830 1139 3887 καὶ
1171 3829 1235 3887 τὰ
1266 3826 1413 3901 ἑξῆς,
1447 3829 1603 3900 ζῆλον
1633 3830 1807 3894 αὐτοῖς
1851 3830 1995 3886 ἐντί-

393 3919 546 3986 θησιν
578 3920 650 3982 εἰς
678 3916 738 3975 τὸ
771 3917 1112 3995 μιμήσασθαι
1141 3916 1374 3984 τούτους.
1408 3918 1487 3978 Τὸ
1532 3916 1623 3991 δὲ,
1680 3940 1709 3975 α
1758 3917 1996 3989 Εὖδόκη-

396 4027 529 4078 σαν,
561 4007 678 4065 ἀντὶ
704 4012 794 4064 τοῦ
816 4052 832 4080 ,
863 4007 1164 4080 ἠθέλησαν,
1192 4010 1390 4085 ἀγαθὸν
1425 4005 1674 4089 ἔκριναν,
1703 4006 1763 4065 τὸ
1793 4009 1997 4066 στεῖλαι

392 4095 667 4155 κοινωνίαν
716 4096 858 4155 τινά.
913 4100 1206 4178 Πανταχοῦ
1261 4096 1317 4156 δὲ
1365 4096 1644 4157 κοινωνίαν
1692 4098 1846 4155 καλεί
1899 4096 1995 4167 τὴν

399 4185 793 4262 ἐλεημοσύνην,
870 4190 940 4254 ὡς
1012 4191 1187 4247 κοινοῦ
1260 4191 1351 4245 τοῦ
1418 4185 1634 4267 κέρδους
1690 4186 1835 4254 ὄντος
1903 4186 1995 4245 καὶ

394 4278 500 4355 τῶν
531 4276 583 4314 ⁷⁶
614 4275 891 4351 διδόντων,
920 4277 1012 4336 καὶ
1043 4279 1147 4335 τῶν
1177 4274 1581 4355 λαμϐανόντων.
1622 4305 1649 4329 ιο
1685 4274 1824 4337 Τινὰ
1848 4297 1877 4334 n
1917 4276 1992 4351 δὲ,

395 4353 539 4424 εἶπεν
561 4411 579 4442 ,
607 4365 725 4424 ἀντὶ
756 4370 880 4440 τοῦ,
911 4363 1107 4447 μικρὰν
1127 4411 1144 4443 ,
1176 4353 1263 4425 ἵνα
1292 4365 1368 4443 μὴ
1399 4365 1524 4445 δόξῃ
1564 4375 1671 4434 τοῖς
1701 4365 1994 4442 Ῥωμαίοις

394 4455 691 4529 ὀνειδίζειν,
739 4459 810 4524 ὡς
849 4458 1120 4536 φειδωλοῖς
1165 4456 1258 4515 καὶ
1310 4456 1700 4529 ἀκοινωνήτοις.
1763 4478 1793 4514 (ί
1830 4458 1995 4517 Πτω-

392 4544 522 4623 χοὺς
549 4545 605 4603 δὲ
648 4547 754 4604 τῶν
794 4546 995 4626 ἁγίων,
1029 4567 1059 4604 n
1095 4547 1365 4620 τουτέστι,
1399 4549 1504 4606 τῶν
1543 4549 1771 4606 πιστῶν.
1812 4542 1991 4605 ⁸Ωστε

2115 688 2232 743 viso
2284 702 2414 755 vos;
2450 702 2565 741 non
2605 684 2836 757 alicujus
2875 684 3013 741 alius
3063 683 3143 740 rei
3190 684 3383 756 gratia,
3429 685 3596 740 veluti
3652 684 3725 739 ob

2111 777 2302 850 gloria
2329 775 2704 849 cupiditatem.
2739 773 2969 840 Deinde,
3002 790 3069 829 ne
3097 774 3285 830 dicant
3314 773 3389 843 ei,
3412 775 3552 845 Quia
3578 777 3636 831 in
3665 774 3731 835 iis

2110 865 2430 938 regionibus
2458 865 2591 921 nihil
2640 873 2762 921 erat
2789 864 2887 921 tibi
2940 864 3177 937 negotii,
3206 879 3309 920 nos
3365 864 3545 921 obiter
3571 867 3727 936 visis,

2111 955 2316 1013 infert:
2345 954 2704 1012 Desiderium
2738 953 2906 1011 habui
2940 961 3070 1010 ante
3092 955 3303 1010 multos
3326 969 3504 1010 annos
3536 973 3550 1010 :
3584 955 3728 1013 desi-

2110 1045 2329 1103 derium
2357 1045 2461 1102 hoc
2490 1044 2719 1117 implere
2753 1043 2978 1100 festino.
3019 1046 3103 1101 Ne
3132 1059 3260 1099 vero
3297 1060 3490 1101 rursus
3530 1044 3727 1101 inﬂen-

2110 1144 2221 1202 tur,
2253 1134 2403 1208 quod
2429 1135 2479 1191 is
2504 1150 2701 1191 eorum
2730 1133 3005 1192 desiderio
3040 1142 3345 1203 teneretur,
3379 1135 3535 1207 quasi
3560 1144 3729 1192 cate-

2110 1226 2184 1281 ris
2213 1225 2472 1282 omnibus
2509 1224 2825 1297 superiores
2850 1232 3051 1291 essent,
3094 1223 3318 1280 subdit:
3350 1246 3379 1275 α
3407 1227 3489 1282 Ut
3525 1225 3571 1282 si
3601 1242 3728 1298 pro-

2112 1314 2329 1372 ﬁciscar
2377 1315 2434 1371 in
2485 1315 2835 1385 Hispaniam,
2887 1314 3104 1370 veniam
3147 1313 3217 1371 ad
3258 1331 3377 1371 vos.
3420 1334 3449 1368 »
3490 1316 3569 1371 Ne
3600 1332 3729 1373 vero

2111 1404 2311 1461 iterum
2335 1404 2550 1473 dicant,
2580 1405 2800 1461 Itineris
2847 1404 3074 1461 auctarii
3106 1405 3228 1461 loco
3285 1419 3397 1461 nos
3435 1404 3602 1475 facis;
3629 1406 3729 1462 ad-

2110 1493 2292 1551 didit:
2321 1519 2345 1544 α
2398 1503 2505 1551 eta
2540 1494 2695 1551 vobis
2736 1493 2982 1551 deducar
3029 1494 3201 1550 illuc:
3238 1514 3267 1544 »
3316 1494 3421 1550 hoc
3464 1504 3568 1563 est,
3632 1512 3729 1553 vos

2113 1584 2213 1657 ipsi
2264 1583 2563 1657 conspicati
2603 1584 2988 1640 necessitatem
3027 1592 3317 1655 urgentem
3348 1600 3439 1640 me
3493 1585 3563 1642 ad
3606 1584 3727 1643 illos

2114 1674 2403 1746 proﬁcisci,
2447 1673 2737 1731 deducturi
2793 1672 2923 1730 estis
2952 1688 3064 1728 me.
3100 1674 3286 1745 Quare
3332 1690 3446 1730 non
3498 1690 3564 1730 ex
3598 1691 3732 1731 con-

2113 1772 2348 1836 temptu,
2378 1763 2475 1820 sed
2505 1764 2818 1819 necessario
2850 1763 3119 1819 transiero
3155 1780 3273 1818 vos.
3305 1765 3587 1836 Quoniam
3632 1782 3730 1820 au-

2113 1861 2231 1909 tem
2276 1853 2425 1909 istud
2463 1869 2557 1910 eos
2608 1852 2789 1909 adhuc
2828 1853 2999 1923 magis
3051 1853 3319 1925 angebat,
3374 1864 3530 1909 sanat
3559 1853 3727 1924 illud,

2118 1942 2414 2015 inquiens:
2443 1966 2467 1992 ιι
2501 1942 2558 1999 Si
2589 1942 2745 1998 vobis
2774 1942 3016 2014 primum
3056 1958 3124 1997 ex
3163 1950 3320 2013 parte
3348 1940 3507 1998 fuero
3538 1944 3727 2015 exple-

2117 2041 2226 2090 tus.
2253 2056 2280 2083 ιο
2319 2032 2539 2089 lndicat
2564 2041 2747 2089 autem
2787 2048 2844 2088 se
2890 2031 3221 2088 charitatem
3266 2032 3486 2089 illorum
3509 2048 3727 2101 amare,

2117 2123 2283 2196 idque
2309 2123 2657 2180 vehementer
2689 2140 2702 2179 :
2735 2122 2970 2194 ideoque
3009 2137 3125 2179 non
3155 2121 3315 2189 dixit,
3347 2122 3575 2191 videro;
3607 2122 3725 2192 sed,

2123 2236 2148 2261 α
2190 2214 2437 2285 expletus
2466 2211 2651 2277 fuero;
2694 2236 2719 2262 ι
2755 2218 3049 2284 parentum
3075 2211 3243 2268 verba
3273 2211 3543 2269 imitatus.
3580 2236 3603 2261 α
3646 2215 3727 2268 Ex

2120 2311 2297 2375 parte,
2339 2325 2365 2352 ιο
2388 2311 2576 2359 autem
2609 2301 2775 2371 dixit;
2821 2301 2929 2357 hoc
2960 2309 3071 2371 est,
3106 2301 3323 2358 nullum
3375 2317 3464 2358 me
3507 2310 3727 2374 tempus

2118 2393 2356 2464 explere,
2422 2400 2522 2449 aut
2592 2401 2789 2449 vestra
2862 2391 3142 2448 societatis
3212 2393 3518 2448 satietatem
3588 2392 3725 2448 mihi

2116 2497 2307 2538 creare
2375 2490 2579 2554 potest.
2626 2482 2679 2537 Si
2737 2481 2923 2554 itaque
2956 2496 3023 2537 ex
3061 2489 3215 2553 parte
3272 2480 3429 2539 vobis
3473 2482 3728 2554 expletus

2115 2568 2295 2640 fuero,
2326 2579 2634 2629 contentus
2666 2587 2785 2628 ero.

2188 2757 2370 2812 Vens.
2411 2759 2503 2824 25,
2527 2758 2614 2810 26.
2647 2778 2671 2803 α
2705 2755 2861 2810 Nunc
2895 2762 3079 2810 autem
3118 2754 3440 2827 proﬁciscor
3468 2756 3726 2814 Hieroso-

2118 2843 2263 2916 lyma
2288 2887 2308 2913 ,
2348 2842 2666 2900 ministrans
2712 2844 2932 2900 sanctis.
2979 2844 3188 2901 Placuit
3214 2845 3365 2901 enim
3392 2845 3730 2905 Macedonia

2117 2942 2173 2989 et
2196 2932 2424 2991 Achaia
2482 2934 3044 2991 communicationem
3086 2933 3387 3006 quamdam
3425 2933 3605 2991 facere
3670 2937 3726 2992 in

2118 3038 2383 3095 pauperes
2429 3032 2647 3080 sanctos
2687 3024 2783 3095 qui
2833 3031 2961 3080 sunt
2998 3025 3053 3081 in
3093 3024 3428 3081 Jerusalem.
3476 3048 3500 3075 η
3549 3026 3724 3098 Supra

2117 3113 2477 3184 pollicebatur
2504 3129 2564 3170 se
2605 3113 2675 3170 ad
2704 3113 2852 3186 ipsos
2893 3123 3328 3187 perventurum:
3365 3122 3422 3171 at
3464 3116 3726 3187 quoniam

2114 3210 2472 3260 cunctaturus
2510 3212 2647 3273 erat,
2674 3220 2746 3261 ne
2767 3204 3044 3261 videretur
3084 3220 3179 3262 eos
3209 3204 3456 3273 irridere,
3496 3221 3721 3262 causam

2107 3308 2284 3349 mora
2308 3309 2425 3351 sua
2466 3294 2711 3367 exponit.
2747 3318 2770 3343 σι
2806 3294 3155 3362 Proﬁciscor,
3184 3294 3512 3367 «inquiens,
3546 3314 3575 3347 ιι
3600 3296 3735 3353 Hie-

2103 3383 2400 3457 rosolyma,
2447 3384 2769 3441 ministrans
2794 3385 3018 3442 sanctis.
3051 3407 3080 3435 »
3110 3387 3239 3441 Non
3267 3383 3443 3454 dixit,
3488 3386 3728 3442 eleemo-

2104 3488 2300 3545 synam
2336 3489 2555 3531 mecum
2603 3482 2915 3547 asportans,
2946 3475 3080 3544 sed,
3133 3498 3158 3524 α
3200 3475 3520 3531 ministrans
3549 3494 3564 3532 :
3592 3499 3617 3523 ιο
3669 3484 3732 3532 ut

2105 3560 2382 3619 discamus
2416 3572 2680 3636 quantum
2719 3565 2807 3632 sit,
2864 3572 2919 3620 et
2946 3580 2976 3619 a
3021 3580 3131 3637 quo
3180 3563 3299 3634 ﬁat,
3334 3564 3480 3638 quod
3517 3563 3727 3621 factum

2103 3660 2208 3724 est,
2261 3660 2319 3708 et
2362 3668 2529 3725 quam
2567 3653 2822 3710 arduum.
2877 3656 2980 3710 Per
3027 3654 3134 3710 hoc
3186 3662 3373 3711 autem
3434 3657 3726 3711 Romanos

2103 3741 2275 3798 etiam
2330 3741 2403 3798 ad
2436 3743 2845 3816 eleemosynam
2895 3743 3167 3800 hortatur.
3228 3746 3369 3801 Cum
3417 3745 3563 3800 enim
3607 3745 3687 3799 ait

2107 3853 2132 3879 σι
2150 3830 2368 3888 Placuit
2378 3832 2718 3890 Macedonia
2736 3841 2792 3888 et
2806 3833 3033 3890 Achaia
3048 3875 3063 3903 ,
3076 3852 3106 3886 ››
3135 3842 3265 3903 etc.,
3291 3823 3727 3890 amulatiouem’

2103 3921 2183 3977 eis
2214 3921 2361 3977 indit
2394 3922 2463 3978 ad
2490 3922 2627 3979 istos
2654 3922 2982 3980 imitandos.
3024 3925 3223 3993 Porro,
3260 3946 3286 3972 ει
3322 3922 3576 3995 placuit»
3624 3924 3725 3992 eis,

2103 4026 2225 4083 pro,
2255 4012 2561 4079 voluerunt,
2597 4012 2805 4069 bonum
2836 4022 3168 4070 censuerunt
3193 4013 3415 4069 mittere
3466 4027 3726 4069 commu-

2102 4100 2435 4157 nicationem
2483 4101 2754 4175 aliquam.
2798 4103 3018 4175 Ubique
3071 4111 3261 4159 autem
3313 4103 3725 4177 eleemosynam

2102 4191 2665 4248 communicationem
2710 4202 2890 4262 vocat,
2938 4193 3094 4266 quasi
3159 4194 3374 4250 lucrum
3429 4208 3727 4249 commune

2102 4289 2246 4339 esset
2272 4298 2401 4339 cum
2422 4281 2675 4340 dantium
2699 4292 2821 4341 tum
2846 4284 3257 4358 accipientium.
3295 4307 3321 4333 α
3353 4284 3666 4358 Quamdam
3697 4307 3722 4333 ιι

2100 4380 2289 4428 autem
2334 4371 2493 4444 dixit,
2549 4390 2648 4446 pro
2691 4375 2985 4446 exiguam:
3047 4391 3117 4432 ne
3161 4373 3415 4431 videatur
3460 4373 3728 4432 Romanis

2104 4460 2343 4534 objicere
2379 4461 2528 4535 quod
2596 4471 2653 4520 et
2710 4464 2855 4536 parci
2901 4464 3014 4521 sint
3062 4473 3121 4521 et
3168 4464 3478 4520 illiberales.
3526 4466 3725 4529 Porro,

2108 4572 2135 4600 «
2178 4567 2445 4623 pauperes
2483 4562 2704 4610 sanctos
2736 4577 2761 4603 ιι
2796 4553 2953 4623 dixit,
2985 4554 3090 4611 hoc
3132 4561 3237 4623 est,
3263 4552 3475 4609 ﬁdeles.
3532 4555 3614 4609 Ita
3664 4562 3728 4610 ut

392 4600 521 4623 κ⁷“¹
555 4600 602 4603 ’⁷
662 4600 744 4604 ’⁷⁷⁷
797 4600 995 4626 ’”Ι’”“ἳ
1029 4600 1051 4604 Ἶ
1107 4600 1365 4620 ⁷⁷⁷⁷⁷⁷⁷⁷)
1412 4600 1497 4606 ’⁷-’
1550 4600 1770 4606 ”’“”⁷”
1842 4600 1989 4605 ..⁷⁷⁷

392 4636 593 4702 διπλῶς
620 4634 671 4670 ⁷⁷
704 4634 838 4705 ἄξιοι
860 4636 1146 4711 ἐλεεῖσθαι,
1182 4633 1269 4694 διὰ
1306 4634 1401 4708 τὴν
1437 4636 1621 4696 πενίαν
1656 4633 1748 4694 καὶ
1784 4633 1870 4693 διὰ
1895 4634 1990 4707 τὴν

2179 4600 2444 4623 ιη-*ινν-*σ
2483 4600 2703 4610 “’“““”“”ν“’
2738 4600 2756 4603 “
2797 4600 2953 4623 ’⁵⁵⁸“”)
2985 4600 3089 4611 ⁸⁸νν
3135 4600 3237 4623 νυνι
3265 4600 3475 4609 —“""'"
3532 4600 3614 4609 ’ἡ
3667 4600 3723 4610 “’““

2112 4639 2312 4711 duplici
2367 4641 2581 4698 ratione
2636 4642 2997 4699 miseratione
3056 4642 3202 4716 digni
3257 4641 3399 4707 sint,
3477 4640 3723 4713 primum

396 4723 614 4803 ἀρετήν.

488 4835 517 4871 α
554 4814 873 4887 Εὖδόκησαν
902 4815 1039 4895 γὰρ,
1071 4815 1161 4874 καὶ
1211 4814 1478 4898 ὀφειλέται
1526 4817 1702 4873 αὐτῶν
1739 4816 1871 4873 εἰσιν
1904 4837 1917 4851 ·
1950 4817 1995 4874 εἰ

392 4902 498 4983 γὰρ
557 4906 611 4962 ἐν
662 4912 771 4970 τοῖς
826 4908 1202 4982 πνευματικοῖς
1260 4908 1432 4964 αὐτῶν
1510 4904 1867 4975 ἐκοινώνησαν
1926 4903 1994 4962 τὰ

391 4993 517 5065 ἔθνη
544 5036 560 5063 ,
602 4993 872 5075 ὀφείλουσι
910 4992 1003 5052 καὶ
1057 4995 1111 5052 ἐν
1146 4995 1253 5061 τοῖς
1296 5004 1571 5074 σαρκικοῖς
1618 4997 1996 5073 λειτουργῆσαι

390 5083 589 5148 αὐτοῖς.
631 5104 659 5141 n
708 5082 914 5157 Οὐδὲν,
937 5082 1106 5164 φησὶ,
1144 5083 1324 5143 καινὸν
1350 5129 1366 5160 ,
1402 5084 1447 5142 εἰ
1477 5083 1771 5156 εὖδόκησαν
1806 5105 1995 5141 κοινω-

389 5176 554 5244 ν’ἤσαι
598 5182 705 5241 τοῖς
752 5171 922 5249 ἁγίοις
954 5197 969 5210 ·
1018 5172 1287 5253 ὀφειλέται
1329 5173 1432 5254 γὰρ
1478 5175 1650 5231 αὐτῶν
1705 5174 1828 5232 εἶσι.
1885 5171 1995 5232 Καὶ

388 5264 531 5335 πῶς,
566 5261 668 5323 Ἐκ
720 5265 824 5320 τῶν
870 5262 1144 5322 Ἰουδαίων
1186 5254 1249 5336 ἧν
1307 5266 1334 5321 ὁ
1381 5262 1643 5342 Χριστὸς,
1692 5263 1763 5320 δι’
1814 5260 1999 5329 αὐτοὺς

388 5342 582 5425 ἦλθεν,
614 5354 810 5411 ἐκεῖθεν
843 5353 891 5411 οἳ
932 5352 1221 5411 ἀπόστολοι
1240 5398 1256 5426 ,
1284 5353 1332 5412 οἳ
1375 5356 1677 5433 προφῆται,
1714 5351 1895 5410 πάντα
1927 5350 1995 5409 τὰ

391 5439 586 5518 ἀγαθά.
639 5441 856 5500 Τούτων
906 5433 996 5502 οἷν
1046 5440 1301 5502 ἁπάντων
1353 5441 1764 5515 ἐκοινώνησενὴ
1815 5442 1994 5500 οἰκου-

391 5529 549 5607 μένη.
584 5530 920 5612 Ὀφιίλουσιν
967 5522 1029 5592 οὗ

967 5530 1058 5592 οὖν
1104 5530 1267 5592 πάλιν
1308 5532 1633 5609 μεταδοῦναι
1672 5530 1848 5597 αὐτοῖς
1890 5532 1993 5588 τῶν

2107 4730 2468 4801 paupertatis,
2500 4730 2700 4789 deinde
2737 4748 2866 4790 vero
2905 4733 3123 4789 virtutis
3148 4731 3394 4788 nomine.

2175 4822 2352 4877 Vens.
2405 4826 2497 4877 27.
2536 4840 2564 4874 «
2592 4821 2807 4878 Placuit
2834 4821 2982 4877 enim
3011 4821 3125 4891 eis,
3157 4829 3213 4879 et
3265 4819 3545 4878 debitores
3597 4828 3728 4876 sunt

2106 4910 2348 4966 illorum.
2377 4913 2520 4968 Nam
2553 4912 2598 4968 si
2636 4912 3005 4985 spiritualium
3044 4927 3242 4969 eorum
3267 4911 3558 4985 participes
3599 4910 3727 4968 facti

2104 5008 2234 5056 sunt
2250 5000 2505 5072 gentiles,
2527 5001 2736 5059 debent
2750 5003 2867 5059 etin
2880 5002 3190 5059 carnalibus
3206 5002 3515 5059 ministrare
3536 5002 3635 5057 eis.
3694 5024 3719 5051 ιι

2104 5089 2251 5147 Nihil
2285 5107 2515 5161 novum,
2546 5091 2741 5165 inquit,
2786 5093 2831 5150 si
2859 5092 3061 5150 sanctis
3088 5092 3501 5149 communicare
3527 5092 3719 5147 volue-

2106 5192 2234 5236 runt
2286 5199 2300 5237 :
2347 5181 2623 5238 debitores
2672 5182 2821 5238 enim
2855 5182 3081 5239 illorum
3133 5189 3283 5238 sunt.
3337 5183 3520 5251 Ecqua
3577 5180 3720 5237 istuc

2104 5270 2358 5328 ratione?
2409 5274 2488 5327 Ex
2535 5270 2742 5329 Judais
2787 5280 2908 5329 erat
2956 5270 3223 5338 Christus,
3296 5278 3521 5342 pr0pter
3572 5269 3722 5342 ipsos

2107 5369 2358 5429 venerat;
2382 5361 2450 5418 ab
2479 5361 2587 5419 illis
2636 5363 2801 5419 etiam
2828 5361 3062 5433 apostoli
3111 5369 3167 5417 et
3201 5359 3507 5431 propheta,
3541 5359 3707 5416 adeo-

2103 5466 2209 5524 que
2243 5452 2405 5522 112
2435 5451 2626 5509 omnia
2651 5452 2813 5509 bona.
2866 5455 3083 5509 Horum
3124 5451 3293 5524 igitur
3316 5452 3568 5507 omnium
3601 5466 3723 5523 par-

2104 5540 2274 5613 ticeps
2300 5540 2476 5599 factus
2520 5550 2605 5599 est
2654 5541 2946 5599 universus
2975 5549 3249 5599 terrarum
3304 5541 3475 5600 orbis.
3502 5541 3726 5599 Debent

1788 5620 1981 5679 Varia
2023 5620 2334 5682 lectiones.

468 5717 513 5754 ⁶¹
541 5717 900 5792 ἔπιθυμοῦντος
924 5735 976 5777 0.
1049 5718 1096 5754 7°
1118 5724 1218 5775 τῶν
1240 5719 1415 5774 ἄλλων
1444 5718 1569 5774 ἰδεῖν
1598 5736 1680 5778 m.
1757 5718 1798 5754 ’τί
1825 5718 1943 5791 πρὸς
1973 5735 2027 5777 0.

401 5816 458 5859 ο.
534 5800 579 5836 ⁷⁸
606 5798 784 5868 κοινὴν
813 5798 964 5858 οὖσαν
998 5802 1084 5856 καὶ
1111 5807 1210 5856 τῶν
1237 5818 1291 5859 0.
1368 5801 1412 5836 ’⁷⁷
1443 5801 1596 5876 διπλῇ
1622 5818 1675 5859 0.

2106 5719 2149 5754 ’⁷³
2169 5720 2369 5795 ἀγάπην
2396 5737 2450 5779 ο.
2528 5720 2576 5755 ⁷⁸
2594 5720 2795 5786 τούτους
2824 5738 2880 5781 0.
2957 5721 3003 5758 ⁷⁵
3032 5721 3207 5786 αὖτούς
3237 5739 3292 5780 0.
3368 5721 3412 5756 ’⁷⁸
3468 5721 3725 5793 Ἐϐραίους
