4090 6458
360 470 465 525 547

1380 462 1894 520 THEOPHYLACTI
1934 460 2292 519 BULGARUE
2329 461 2648 519 ARCHIEP.

3572 457 3678 514 548

358 597 545 669 itaque
600 603 788 668 gentes
851 592 1087 650 carnalia
1135 607 1234 648 sua
1281 591 1426 648 bona
1489 591 1568 646 eis
1643 589 1959 663 impertiri:

2088 593 2349 671 rapxmﬁiv
2380 591 2592 667 ἀγαθῶν
2624 589 2672 647 οἱ
2698 585 2751 657 ἐξ
2791 587 2953 646 ἐθνῶν
2982 609 2994 623 ⁸
3032 583 3170 643 ὥστε
3217 583 3308 644 καὶ
3354 585 3524 662 ὑμεῖς.
3561 585 3680 644 Οὐκ

360 685 592 758 proinde
637 692 694 740 et
742 699 859 740 vos.
903 685 1025 740 Non
1071 690 1261 739 autem
1306 680 1464 750 dixit,
1522 680 1962 750 communicare,

361 774 482 844 sed,
517 797 545 825 ι
582 774 910 830 ministrare.
947 796 972 819 η
1022 774 1087 828 In
1138 771 1335 828 ordine
1377 771 1524 828 enim
1579 770 1963 827 ministrorum

363 880 459 923 eos
501 863 815 921 collocavit.
859 865 975 920 Nec
1017 862 1179 930 dixit,
1223 863 1279 918 in
1331 860 1643 944 carnalibus
1683 860 1813 917 suis.
1847 861 1967 933 Spi-

363 955 577 1012 ritualia
620 953 768 1010 enim
808 952 1135 1010 Iudaeorum
1163 968 1279 1008 esse
1311 959 1547 1008 testatus
1574 958 1690 1020 est;
1725 949 1964 1006 carnalia

362 1060 466 1101 nec
497 1043 746 1117 gentium
774 1041 1025 1115 quidem.
1056 1041 1312 1100 Pecuniae
1335 1055 1574 1114 namque
1605 1049 1664 1096 et
1686 1038 1974 1096 facultates

363 1133 620 1191 omnibus
644 1140 779 1190 sunt
821 1146 1170 1202 communes,
1210 1147 1316 1189 nec
1351 1129 1421 1188 ad
1451 1145 1799 1203 possessores
1851 1137 1977 1186 tan-

364 1231 488 1280 tum
517 1222 812 1295 pertinent.

435 1315 609 1370 Vnus.
641 1317 733 1368 28.
769 1336 796 1362 ι
842 1313 966 1369 Ηοο
993 1311 1163 1385 igitur
1204 1310 1299 1368 ubi
1340 1310 1648 1383 perfecero,
1683 1318 1848 1383 atque
1875 1309 1974 1367 ob-

365 1403 646 1476 signavero
675 1401 780 1458 illis
807 1401 1052 1458 fructum
1093 1400 1262 1458 hunc.
1287 1423 1316 1450 ι»
1348 1400 1411 1457 Id
1437 1408 1542 1469 est,
1584 1400 1753 1457 simul
1784 1416 1848 1457 ac
1872 1415 1975 1456 ceu

366 1493 420 1548 in
467 1492 612 1565 regia
650 1491 1028 1564 promptuaria
1071 1491 1407 1563 deposuero,
1438 1489 1604 1546 veluti
1652 1490 1708 1546 in
1738 1489 1888 1563 asylo
1922 1497 1978 1544 et

374 1583 496 1638 loco
537 1588 695 1638 tuto:
729 1579 1051 1652 hujusmodi
1085 1580 1233 1637 enim
1266 1587 1393 1636 sunt
1434 1594 1557 1653 quae
1599 1579 1977 1653 obsignantur.

373 1694 398 1719 σι
434 1673 695 1728 Fructum
729 1693 754 1720 ιι
811 1679 1000 1727 autem
1038 1669 1295 1742 appellat,
1363 1668 1655 1726 ostendens
1711 1685 1806 1741 per
1853 1669 1981 1739 hoc,

371 1775 470 1817 eos
500 1760 593 1834 qui
639 1758 778 1815 dant
802 1759 984 1832 potius
1003 1759 1219 1816 lucrari.
1330 1834 1335 1838 .

441 1873 466 1898 α
520 1849 839 1906 Proﬁciscar
881 1863 976 1921 per
1023 1864 1120 1905 vos
1164 1849 1222 1904 in
1275 1847 1608 1920 Hispaniam.
1667 1871 1694 1898 υ
1760 1850 1976 1904 Rursus

2075 670 2188 738 εἶπε
2238 680 2328 753 δὲ,
2361 680 2742 753 Κοινωνῆσαι,
2777 677 2918 736 ἀλλὰ
2940 720 2956 749 ,
3013 696 3044 732 (ι
3077 677 3507 754 Λειτουργῆσαιμο
3557 694 3588 730 ι)
3628 674 3682 732 ἓν

2072 769 2217 839 τάξει
2249 772 2353 850 γὰρ
2382 767 2642 828 διακόνων
2687 752 2875 834 αὐτοὺς
2907 764 3255 841 κατέστησεν.
3274 752 3414 824 -Οὐκ
3440 752 3558 822 εἷπε
3587 761 3676 836 δὲ,

2075 859 2172 920 Ἐν
2209 867 2317 928 τοῖς
2364 868 2644 937 σαρκικοῖς
2673 858 2874 937 αὐτῶν.
2909 856 2997 916 Τὰ
3041 853 3140 932 μὲν
3185 853 3288 933 γὰρ
3333 851 3676 929 πνευματικὰ

2077 954 2180 1011 τῶν
2213 935 2486 1010 Ἰουδαίων
2541 937 2684 1006 εἶπεν
2735 935 2871 1005 εἶναι
2897 969 2909 981 ·
2963 943 3031 1003 τὰ
3085 943 3140 1002 δὲ
3191 941 3458 1022 σαρκικὰ,
3504 941 3683 1002 οὐκέτι

2078 1043 2183 1098 τῶν
2226 1040 2467 1098 ἐθνικῶν.
2509 1037 2595 1099 Τὰ
2641 1035 2746 1117 γὰρ
2793 1033 3053 1117 χρήματα
3105 1031 3259 1092 κοινὰ
3299 1032 3516 1093 πάντων
3538 1078 3556 1108 ,
3592 1030 3682 1090 καὶ

2080 1129 2141 1188 οὐ
2170 1132 2276 1188 τῶν
2309 1127 2538 1210 ἐχόντων
2573 1125 2752 1204 μόνον.

2167 1335 2191 1362 α
2215 1310 2392 1370 Τοῦτο
2416 1296 2504 1367 οὐν
2533 1303 2881 1378 ἐπιτελέσας,
2913 1303 3004 1364 καὶ
3034 1300 3466 1384 σφραγισάμενος
3506 1303 3682 1368 αὐτοῖς

2084 1397 2173 1458 τὸν
2226 1398 2429 1476 καρπὸν
2475 1401 2684 1458 τοῦτον.
2722 1420 2752 1451 ι)
2809 1394 3127 1467 Τουτέστιν,
3180 1394 3251 1460 ὡς
3305 1394 3379 1458 εἰς
3427 1391 3684 1471 βασιλικὰ

2086 1495 2280 1566 ταμεῖα
2325 1486 2679 1564 ἀποθέμενος,
2729 1489 2798 1552 ὥς
2842 1487 2896 1544 ἐν
2946 1483 3129 1564 ἀσύλῳ
3169 1480 3264 1542 καὶ
3309 1484 3541 1561 ἀσφαλεί
3577 1503 3690 1561 χω-

2089 1578 2184 1660 ρίῳ
2211 1601 2224 1615 ·
2250 1582 2474 1660 τοιαῦτα
2511 1573 2616 1656 γὰρ
2647 1575 2714 1635 τὰ
2751 1573 3169 1656 σφραγιζόμενα.
3207 1598 3232 1625 «ι
3258 1572 3366 1632 Τὸν
3400 1571 3606 1650 καρπὸν
3633 1594 3684 1660 eo

2091 1656 2176 1739 δὲ,
2229 1656 2377 1741 εἶπε,
2418 1665 2620 1733 δεικνὺς
2663 1666 2852 1732 αὐτοὺς
2905 1666 3109 1742 μᾶλλον
3156 1660 3512 1744 κερδάνοντας
3569 1658 3688 1727 τοὺς

2094 1756 2353 1824 διδόντας.

2185 1869 2216 1906 ιι
2244 1845 2634 1925 Ἀπελεύσομαι
2678 1845 2731 1884 ⁷⁸
2762 1845 2834 1904 δι’
2879 1845 3027 1920 ὑμῶν
3057 1844 3130 1910 εἷς
3175 1840 3271 1914 τὴν
3307 1839 3607 1903 Ἱσπανίαν,
3662 1861 3688 1896 n

366 1939 652 2009 Hispania
691 1939 1037 1995 mentionem
1092 1935 1252 2008 facit,
1312 1938 1550 1994 innuens
1604 1938 1972 1995 necessariam

2100 1937 2273 1996 Πάλιν
2325 1936 2593 2016 μέμνηται
2637 1939 2731 2008 τῆς
2768 1931 3071 2006 Ἱσπανίας,
3117 1930 3352 2004 δεικνὺς,
3401 1929 3483 1990 ὅτι
3523 1933 3693 2008 ἀναγ-

369 2028 475 2084 sibi
512 2043 578 2084 eo
622 2026 790 2084 fuisse
837 2025 1248 2100 profectionem
1267 2069 1283 2096 ,
1336 2027 1596 2101 quodque
1649 2043 1762 2084 non
1816 2027 1980 2084 veluti

370 2117 519 2189 ipsos
559 2116 865 2190 despiciens
908 2119 1157 2174 Romam
1199 2125 1510 2189 praetereat.

440 2210 628 2264 Vens.
651 2212 741 2263 29.
799 2229 826 2257 σι
865 2207 988 2264 Scio
1017 2214 1203 2264 autem
1222 2207 1374 2279 quod
1417 2206 1643 2264 veniens
1680 2205 1750 2264 ad
1768 2222 1891 2273 vos,
1929 2207 1985 2262 in

2092 2025 2219 2085 καίοι
2253 2029 2397 2108 αὐτῷ
2443 2031 2479 2100 ἡ
2530 2027 2700 2085 ἐκεῖσε
2749 2024 2891 2097 ὁδὸς,
2921 2022 3012 2081 καὶ
3050 2022 3130 2080 ὅτι
3159 2023 3262 2102 οὐχ
3299 2023 3368 2088 ὣς
3417 2042 3689 2102 καταφρο-

2090 2120 2193 2175 νῶν
2224 2119 2396 2175 αὐτῶν
2425 2115 2760 2196 παρέρχεται
2790 2113 2886 2186 τὴν
2912 2112 3159 2190 Ῥώμην.

2183 2229 2212 2265 (ι
2241 2197 2381 2267 Οἶδα
2406 2205 2462 2265 δὲ
2487 2204 2568 2265 ὅτι
2600 2205 2886 2286 ἐρχόμενος
2919 2202 3050 2284 πρὸς
3074 2205 3241 2281 ὖμᾶς,
3274 2203 3327 2260 ἓν
3361 2199 3688 2281 πληρώματι

369 2295 708 2368 plenitudine
718 2296 1120 2354 benedictionis
1136 2297 1421 2368 Evangelii
1465 2297 1671 2354 Christi
1693 2296 1932 2354 veniam.
1951 2315 1981 2349 ι)

2088 2294 2326 2375 εὐλογίας
2358 2301 2448 2356 τοῦ
2493 2293 2822 2375 Εὐαγγελίου
2861 2297 2956 2352 τοῦ
3006 2294 3242 2372 Χριστοῦ
3289 2289 3606 2368 ἐλεύσομαι.
3657 2309 3687 2346 ι)

372 2387 496 2442 Hoc
543 2394 646 2454 est,
703 2386 902 2444 videbo
951 2402 1048 2443 vos
1118 2387 1382 2443 omnibus
1438 2387 1782 2459 Evangelicis
1827 2386 1990 2444 bonis

374 2475 654 2546 probatos.
677 2475 1084 2533 Plenitudinem
1105 2491 1350 2549 namque
1373 2476 1769 2534 benedictionis
1807 2479 1987 2534 Evan-

375 2567 524 2639 gelii,
553 2565 742 2622 omnia
776 2565 921 2622 bona
941 2565 1326 2624 benedictione
1349 2565 1540 2639 digna,
1572 2566 1680 2624 hoc
1708 2565 1986 2636 est,|aude

375 2671 499 2728 quae
539 2663 623 2711 est
651 2671 717 2712 ex
766 2655 1093 2728 Evangelio,
1138 2656 1392 2728 appellat.
1445 2660 1608 2713 Potes
1658 2664 1844 2714 autem
1891 2671 2011 2728 perv

376 2744 826 2801 benedictionem
850 2744 1161 2817 intelligere
1191 2745 1628 2818 eleemosynam,
1654 2755 1716 2802 ut
1754 2746 1828 2803 sit
1861 2761 1988 2802 sen-

377 2833 595 2890 tentia:
651 2835 931 2889 lnveniam
978 2848 1078 2890 vos
1126 2833 1398 2906 perfectos
1443 2835 1498 2891 in
1539 2836 1892 2908 eleemosyna
1937 2845 1992 2893 et

379 2923 748 2980 humanitate.
781 2924 916 2980 Hac
946 2938 1075 2980 vero
1112 2922 1247 2980 dicit
1270 2939 1664 2998 praeoccupans
1705 2927 1876 2998 ipsos,
1931 2934 1994 2982 ut

379 3029 441 3069 ea
498 3013 747 3069 encomia
816 3012 1060 3081 reveriti,
1116 3011 1248 3070 dent
1297 3028 1555 3087 Operam,
1612 3023 1676 3072 ut
1717 3015 1859 3072 tales
1917 3017 1995 3072 vi-

381 3101 634 3158 deantur.

2090 2387 2408 2459 Τουτέστιν,
2437 2381 2683 2465 Ὅψομαι
2711 2388 2854 2463 ὑμᾶς
2876 2387 2926 2442 ἐν
2954 2391 3116 2442 πᾶσιν
3149 2383 3552 2458 εὐδοκιμοῦντας
3581 2379 3689 2446 τοῖς

2095 2478 2308 2554 ἀγαθοῖς
2337 2476 2387 2526 79
2416 2474 2556 2535 κατὰ
2601 2475 2661 2535 τὸ
2696 2473 3040 2552 Εὐαγγέλιον.
3063 2472 3361 2552 ’Πλήρωμα
3401 2470 3504 2550 γὰρ
3536 2471 3690 2530 εὐλο-

2094 2565 2308 2646 γίαςτοῦ
2325 2564 2656 2646 Εὐαγγελίου
2687 2563 2842 2623 καλεῖ
2862 2561 3038 2623 πάντα
3065 2561 3130 2621 τὰ
3154 2561 3327 2636 ἀγαθὰ
3359 2560 3425 2619 τὰ
3453 2559 3574 2630 ἄξια
3598 2562 3691 2630 τῆς

2096 2655 2368 2734 εὐλογίας,
2417 2653 2686 2725 τουτέστι,
2718 2658 2811 2713 τοῦ
2854 2651 3070 2713 ἐπαίνου
3100 2655 3194 2710 τοῦ
3240 2652 3379 2710 κατὰ
3421 2650 3483 2709 τὸ
3518 2651 3696 2727 Εὐαγ-

2097 2745 2290 2824 γέλιον·
2320 2745 2542 2805 δύνασαι
2571 2743 2627 2804 δὲ
2654 2742 2895 2822 εὐλογίαν
2938 2739 3035 2814 τὴν
3078 2740 3442 2817 ἐλεημοσύνην
3475 2741 3696 2814 νοῆσαι,

2097 2835 2182 2893 ἵνα
2321 2839 2348 2894 ὁ
2380 2835 2534 2913 λόγος
2569 2835 2752 2913 αὐτῷ,
2799 2830 2879 2892 ὅτι
2932 2830 3162 2912 Εὓρήσω
3203 2833 3341 2908 ὑμᾶς
3383 2828 3612 2894 τελείους
3645 2830 3696 2887 ἐν

2100 2923 2425 3004 ἐλεημοσύνη
2457 2924 2546 2983 καὶ
2589 2920 2985 3005 φιλανθρωπία.
3038 2923 3226 2981 Ταῦτα
3276 2919 3330 2978 δὲ
3375 2918 3518 2996 λέγει
3567 2940 3697 2997 προ-

2100 3014 2533 3092 καταλαμϐάνων
2578 3011 2799 3086 αὐτοὺς,
2833 3009 2921 3070 ἵνα
2961 3008 3288 3076 αἰδεσθέντες
3319 3007 3386 3068 τὰ
3419 3005 3658 3086 ἐγκώμια
3679 3049 3696 3075 ,

2099 3104 2440 3165 σπουδάσωσι
2469 3109 2696 3164 τοιοῦτοι
2726 3104 2967 3184 ὀφθῆναι.

446 3192 630 3247 Vnus.
671 3195 760 3247 80.
810 3213 834 3239 α
891 3190 1138 3248 Obsecro
1185 3199 1378 3248 autem
1431 3209 1550 3263 vos,
1599 3191 1830 3263 fratres,
1888 3211 1981 3267 per

2183 3215 2213 3253 ιι
2239 3196 2551 3273 Παρακαλῶ
2579 3193 2632 3252 δὲ
2676 3183 2813 3268 ὑμᾶς
2833 3235 2848 3264 ,
2882 3187 3137 3270 ἀδελφοὶ,
3171 3186 3258 3246 διὰ
3283 3185 3336 3222 ⁸⁰
3365 3191 3457 3245 τοῦ
3493 3183 3695 3264 Κυρίου

380 3281 682 3338 Dominum
730 3287 985 3336 nostrum
1039 3283 1229 3338 Jesum
1272 3281 1556 3340 Christum
1598 3292 1655 3341 et
1700 3300 1798 3356 per
1841 3284 1981 3342 dile-

2093 3287 2247 3362 ἡμῶν
2273 3284 2456 3358 Ἰησοῦ
2488 3287 2742 3366 Χριστοῦ,
2768 3279 2861 3340 καὶ
2896 3279 2984 3338 διὰ
3021 3283 3115 3351 τῆς
3141 3277 3354 3370 ἀγάπης
3389 3279 3483 3336 τοῦ
3515 3273 3692 3370 [Iv-aii.-

377 3370 617 3426 etionem
654 3370 912 3446 Spiritus.
946 3393 972 3420 ι»
1007 3374 1296 3443 Nusquam
1325 3373 1570 3445 seipsum
1609 3373 1720 3432 ﬁde
1751 3374 1978 3449 dignum

2092 3398 2279 3451 ματος.
2310 3398 2338 3432 ιι
2376 3363 2633 3451 Οὐδαμοῦ
2679 3370 2982 3441 ἀξιόπιστον
3031 3368 3217 3429 ἑαυτὸν
3263 3371 3512 3446 ἡγεῖται,
3557 3363 3698 3424 ἀλλὰ

382 3467 557 3531 putat,
578 3457 674 3516 sed
699 3458 1036 3516 mediatores
1055 3461 1309 3529 assumit,
1336 3462 1561 3534 perinde
1587 3480 1652 3519 ac
1672 3464 1979 3522 etiamnum

2092 3462 2309 3542 μεσίτας
2354 3461 2775 3545 παραλαμϐάνει
2802 3479 2815 3494 ’
2859 3459 3043 3541 ὥσπερ
3071 3459 3135 3532 δὴ
3175 3456 3266 3517 καὶ
3295 3461 3389 3516 νῦν
3434 3455 3522 3516 τὸν
3551 3456 3695 3545 Χρι-

379 3548 664 3605 Christum
704 3557 764 3605 et
793 3549 1078 3622 Spiritum.
1126 3552 1294 3623 Atqui
1340 3553 1513 3610 Patris
1543 3570 1658 3611 non
1704 3555 1974 3626 meminit,

2089 3554 2211 3613 στὸν
2242 3554 2334 3614 καὶ
2360 3553 2420 3614 τὸ
2441 3543 2702 3632 Πνεῦμα.
2745 3554 2856 3613 Τοῦ
2903 3549 3083 3628 μέντοι
3132 3547 3347 3628 Πατρὸς
3384 3548 3443 3606 οὐ
3491 3543 3700 3623 μέμνη-

381 3646 442 3693 ut
487 3637 667 3696 discas
706 3639 856 3710 quod
890 3655 1072 3711 neque
1115 3640 1340 3712 quando
1369 3643 1548 3699 Patris
1601 3644 1771 3701 solius
1820 3660 1980 3702 men-

2088 3669 2205 3719 ται,
2253 3643 2340 3703 ἵνα
2395 3644 2606 3724 μάθῃς,
2658 3641 2739 3701 ὅτι
2785 3644 2894 3701 οὐδ’
2944 3639 3070 3698 ὅταν
3120 3643 3217 3698 τοῦ
3275 3635 3485 3715 Πατρὸς
3539 3633 3700 3710 μόνου

385 3728 597 3784 tionem
620 3726 829 3798 fecerit,
861 3729 1068 3789 Filium
1091 3736 1147 3786 et
1182 3731 1451 3803 Spiritum
1493 3733 1721 3807 rejiciat.
1771 3757 1796 3783 ει
1830 3735 1981 3792 Dile-

2091 3735 2360 3813 μέμνηται
2380 3733 2457 3807 ⁸⁸,
2504 3732 2593 3792 τὸν
2627 3731 2755 3793 Υῖὸν
2794 3732 2886 3790 καὶ
2924 3731 2984 3789 τὸ
3035 3725 3488 3813 Πνεῦμαμάθετεῖ.
3529 3749 3554 3778 ι
3587 3725 3703 3813 Τῆς

379 3818 624 3874 ctionem
650 3842 672 3866 ι
707 3835 873 3891 porro
903 3842 928 3869 α
954 3819 1210 3892 Spiritus,
1248 3844 1272 3870 η
1301 3821 1454 3878 dixit.
1493 3806 1981 3894 Quemadmodum

2091 3806 2303 3903 ἀγάπης
2339 3850 2362 3875 υ
2402 3806 2458 3882 δὲ
2515 3850 2540 3878 α
2593 3826 2684 3881 τοῦ
2742 3819 3096 3898 Πνεύματος,
3150 3806 3194 3876 »Ἴ
3237 3806 3377 3878 εἷπε.
3443 3811 3701 3903 Καθάπερ

381 3907 531 3964 enim
568 3911 733 3966 Pater
760 3919 817 3966 et
866 3908 1033 3966 Filius
1061 3909 1300 3968 dilexere
1339 3912 1637 3984 mundum,
1664 3914 1742 3972 sic
1769 3923 1828 3971 et
1862 3914 1981 3987 Spi-

2090 3900 2194 3994 γᾶρ
2222 3917 2250 3971 δ
2279 3912 2468 3992 Πατὴρ
2492 3913 2584 3972 καὶ
2609 3915 2636 3971 ὁ
2681 3910 2806 3978 Υἱὸς
2849 3910 3137 3990 ἠγάπησαν
3169 3906 3257 3967 τὸν
3288 3905 3490 3982 κόσμον
3511 3947 3530 3980 ,
3563 3900 3702 3962 οὕτω

386 3998 546 4054 ritus.

2095 4004 2187 4062 καὶ
2215 4003 2275 4062 τὸ
2308 4005 2538 4081 Πνεῦμα
2553 4047 2568 4063 .

460 4110 487 4136 «ι
504 4089 587 4144 Ut
598 4086 868 4158 adiuvetis
882 4103 969 4144 me
985 4089 1043 4144 in
1065 4089 1410 4147 orationibus
1422 4107 1522 4164 pro
1537 4108 1628 4149 me
1645 4093 1715 4150 ad
1733 4097 1928 4152 Deum.
1954 4119 1979 4145 υ

2183 4115 2214 4152 α
2265 4079 2716 4173 Συναγωνίσασθέ
2766 4113 2855 4168 μοι
2923 4091 2977 4147 ἐν
3019 4087 3136 4154 ταῖς
3189 4082 3513 4166 προσευχαῖς
3568 4079 3703 4173 ύπὲρ

387 4176 633 4232 Maxima
673 4175 847 4231 animi
875 4176 1117 4249 dejectio
1167 4188 1221 4235 et
1249 4195 1470 4237 summa
1519 4191 1604 4239 est
1651 4182 1981 4256 humiliatio,

2095 4183 2223 4258 ἐμοῦ
2276 4167 2542 4264 πρὸςπὸν
2591 4167 2776 4242 Θεόνξ
2815 4208 2836 4232 »
2898 4175 3142 4257 Μεγίστη
3201 4167 3695 4253 ταπεινοφροσύνῃ,

385 4264 535 4336 quod
557 4264 633 4320 ait
658 4264 904 4335 indigere
933 4281 992 4323 se
1030 4266 1229 4324 borum
1255 4270 1593 4340 precatione.

2096 4274 2178 4331 δτι
2208 4269 2349 4350 λέγει
2375 4275 2469 4344 τῆς
2501 4273 2702 4330 τούτων
2743 4270 2947 4328 δεῖσθαι
2979 4267 3163 4347 εὐχῆς.

459 4356 636 4411 Vens.
671 4359 758 4409 31.
799 4376 824 4402 ‹ι
857 4356 936 4411 Ut
963 4355 1164 4412 liberer
1191 4357 1261 4414 ab
1288 4357 1602 4416 inﬁdelibus
1629 4361 1722 4435 qui
1767 4373 1896 4419 sunt
1929 4365 1981 4421 in

2187 4383 2217 4418 (ι
2257 4348 2378 4421 Ἵνα
2431 4365 2606 4441 ῥυσθῶ
2657 4359 2763 4419 ἀπὸ
2809 4361 2911 4417 τῶν
2965 4352 3320 4414 ἀπειθούντων
3361 4351 3413 4408 ἐν
3571 4348 3704 4410 Ἰουο

384 4443 595 4500 Iudaea.
631 4466 659 4492 ιο
693 4447 819 4500 Non
848 4443 1008 4511 dixit,
1048 4454 1112 4502 ut
1139 4462 1267 4504 eum
1311 4448 1415 4504 illis
1444 4449 1746 4519 conflicter,
1779 4460 1836 4510 et
1871 4454 1981 4510 vin-

2097 4449 2243 4531 δαίᾳ.
2284 4476 2312 4506 ιο
2351 4453 2470 4511 Οὐκ
2501 4442 2646 4509 εἶπεν
2665 4496 2682 4524 ,
2711 4447 2832 4510 Ἵνα
2871 4447 3174 4524 συμπλακῶ
3200 4491 3216 4518 ,
3256 4442 3347 4500 καὶ
3378 4438 3580 4511 νικήσω
3611 4440 3707 4497 αὐ-

387 4549 512 4589 cam
554 4549 669 4603 eos,
701 4532 820 4605 sed,
866 4556 892 4583 ι
925 4543 987 4591 ut
1033 4535 1255 4605 liberer,
1298 4558 1326 4588 ››
1374 4538 1622 4596 divinam
1663 4541 1842 4616 legem
1878 4544 1981 4600 im-

2097 4539 2243 4614 τοὺς,
2281 4538 2455 4614 ἀλλὰ,
2499 4561 2526 4597 ι(
2554 4537 2688 4614 ³Ἵνα
2735 4540 2912 4619 ῥυσθῶ
2935 4581 2952 4610 ,
2985 4556 3016 4595 n
3055 4540 3192 4594 θεῖον
3245 4531 3406 4608 νόμον
3451 4531 3704 4610 πληρῶν,

389 4623 564 4695 plens,
619 4638 744 4695 quae
771 4638 933 4680 orare
979 4624 1136 4697 jubet
1176 4642 1248 4682 ne
1288 4627 1348 4683 in
1377 4629 1740 4689 tentationem
1786 4633 1981 4692 incida-

2097 4629 2186 4689 τὸν
2246 4630 2685 4707 διακελευόμενον
2737 4627 2988 4708 εὔχεσθαι
3038 4622 3114 4704 μὴ
3157 4626 3410 4701 ἐμπεσεῖν
3468 4622 3540 4686 εἷς
3583 4641 3707 4725 1m:-

390 4727 532 4767 mus.
580 4715 852 4770 Praeterea
897 4714 1137 4772 ostendit
1173 4715 1320 4788 quod
1361 4717 1434 4774 sit
1459 4721 1827 4779 necessarium
1878 4725 1981 4780 mi-

2103 4719 2326 4799 ρασμόν.
2362 4718 2508 4796 Ἅμα
2557 4717 2613 4777 δὲ
2661 4717 2753 4778 καὶ
2800 4707 3117 4789 δείκνυσιν,
3171 4712 3252 4773 ὅτι
3307 4709 3622 4799 ἀναγκαῖον.
3646 4707 3707 4766 τὸ

389 4801 629 4857 nistrare
664 4801 775 4858 illis
801 4802 896 4876 qui
921 4803 985 4859 in
1008 4803 1194 4862 medio
1221 4814 1307 4863 tot
1350 4807 1762 4869 incredulorum
1789 4811 1981 4887 degant

2099 4810 2415 4881 διακονῆσαι
2467 4813 2574 4875 τοῖς
2623 4810 2676 4867 ἐν
2739 4805 2887 4886 μέσῳ
2944 4801 3209 4864 τοσούτων
3268 4801 3499 4887 ἀπειθῶν
3562 4788 3707 4856 οὐσιν

390 4896 442 4957 (a
469 4889 669 4962 quibus
703 4900 760 4947 et
779 4891 895 4964 ipse
924 4891 1141 4950 liberari
1177 4903 1444 4969 exoptat),
1485 4898 1553 4955 de
1589 4903 1790 4974 quibus
1825 4886 1981 4961 etiam

2106 4891 2212 4978 (ὧν
2243 4900 2334 4958 καὶ
2366 4899 2520 4966 αὐτὸς
2551 4901 2807 4980 ρυσθῆναι
2849 4893 3064 4975 εὔχεται
3086 4896 3131 4970 ),
3165 4891 3256 4950 καὶ
3300 4886 3519 4970 προσέτι
3564 4888 3707 4968 λιμῷ

393 4980 700 5053 periculum
739 4982 832 5051 sit,
864 4999 937 5039 ne
963 4982 1112 5040 fame
1139 4995 1381 5057 pereant.
2104 4989 2441 5049 ἀπόλλυσθαι
2471 4985 2836 5048 κινδυνεύουσι
2859 4983 2912 5020 ⁸²

2104 4989 2441 5049 ἀπόλλυσθαι
2471 4985 2836 5048 κινδυνεύουσι
2859 4985 2936 5046 ⁸².

468 5093 493 5120 ‹‹
527 5072 717 5144 thue
744 5071 1122 5131 ministerium
1164 5091 1353 5134 meum
1381 5093 1509 5152 erga
1554 5081 1864 5141 Jerusalem
1901 5099 1981 5141 ac-

2191 5101 2221 5137 (ι
2254 5078 2365 5140 Καὶ
2391 5077 2480 5137 ἵνα
2512 5081 2543 5149 ἡ
2575 5075 2820 5138 διακονία
2870 5096 2973 5153 μου
3017 5076 3050 5145 ἡ
3101 5073 3174 5139 εἷς
3213 5064 3575 5149 Ἰερουσαλὴμ
3617 5067 3708 5125 εὐ-

394 5159 664 5233 ceptabile
694 5162 789 5218 ﬁat
831 5163 1056 5220 sanctis.
1091 5189 1116 5214 »
1145 5167 1267 5224 Hoc
1299 5175 1404 5237 est,
1431 5179 1494 5225 ut
1525 5171 1686 5242 113
1717 5189 1845 5229 cum
1881 5173 1988 5230 διδ.

2100 5167 2416 5248 πρόσδεκτος
2463 5167 2681 5247 γένηται
2729 5168 2836 5231 τοῖς
2892 5163 3080 5241 ἁγίοις.
3156 5185 3182 5217 »
3253 5157 3572 5248 Τουτέστιν,
3622 5153 3709 5214 ἵνα

393 5252 589 5309 critate
612 5253 882 5325 accipiant
916 5271 1043 5327 qua:
1085 5256 1162 5312 eis
1206 5256 1427 5316 dantur.
1461 5259 1610 5316 Hinc
1645 5270 1834 5320 autem
1863 5279 1981 5335 per-

2102 5246 2238 5335 μετὰ
2282 5246 2576 5339 προθυμίας
2632 5253 2994 5324 ἀποδέξωνται
3046 5251 3114 5310 τὰ
3166 5251 3437 5328 διδόμενα.
3488 5246 3710 5339 Ἐντεῦ-

393 5339 641 5412 spicuum
664 5351 769 5408 est,
810 5344 957 5416 quod
991 5343 1124 5401 dare
1153 5349 1586 5420 eleemosynam,
1618 5365 1733 5406 non
1758 5350 1981 5409 sufﬁciat

2101 5353 2184 5405 θεν
2217 5346 2272 5406 δὲ
2301 5335 2485 5423 δῆλον,
2537 5349 2618 5408 ὅτι
2648 5348 2742 5405 οὐκ
2791 5345 2946 5424 ἀρκεῖ
2985 5343 3044 5402 τὸ
3095 5343 3271 5401 δοῦναι
3305 5335 3712 5416 ἐλεημοσύνην,

398 5437 459 5486 ut
487 5439 706 5504 accepta
740 5433 831 5489 sit.
864 5433 1099 5504 Quando
1128 5436 1274 5492 enim
1331 5439 1674 5496 necesssario
1721 5441 1981 5514 quispiam

2103 5441 2173 5504 ὡς
2203 5437 2263 5498 τὸ
2292 5439 2569 5519 δεχθῆναι.
2604 5436 2781 5497 ’Όταν
2820 5437 2924 5516 γὰρ
2977 5431 3113 5514 μετὰ
3147 5430 3384 5510 ἀνάγκης
3435 5449 3513 5493 τις
3562 5448 3709 5506 παρ-

469 5562 499 5601 ’·
528 5569 731 5626 Matth.
761 5585 848 5630 γι.
880 5579 965 5630 43.

833 5614 848 5640 ,
880 5614 965 5630 τυ.

1785 5653 1970 5714 Varia:
2014 5657 2311 5718 lectiones.

472 5763 518 5802 ⁷⁸
565 5766 894 5842 ἐπελεύσομαι
924 5784 998 5825 m.
1077 5768 1121 5804 ⁷⁰
1155 5773 1259 5836 τοῖς
1286 5772 1496 5848 ἀγαθοῖς
1523 5781 1629 5841 τοῖς
1655 5793 1735 5833 m.
1813 5778 1858 5811 8°
1886 5784 1972 5849 τῆς
2000 5780 2212 5856 ἀγάπης,
2294 5782 2338 5820 εί
2371 5784 2570 5858 μνησθῇ
2601 5799 2654 5841 ο,
2733 5782 2777 5817 ⁸²
2799 5781 3141 5838 κινδυνεύσασι
3166 5793 3225 5841 ο,
