4090 6426
301 402 419 457 549

1207 397 1560 457 EXPOSITIO
1596 399 1665 456 ΙΝ
1703 398 1910 457 EPIST.
1953 401 2044 457 AD
2082 401 2251 458 ROM.
2299 432 2361 441 —
2388 400 2541 457 CAP.
2583 399 2721 457 XVI.

3517 406 3624 463 550

304 528 411 607 ἔχῃ
436 571 453 599 ,
487 526 611 587 ὅταν
644 525 695 595 ἐξ
726 526 964 599 ἀδικίας,
1007 524 1134 585 ὅταν
1175 526 1303 606 πρὸς
1346 527 1644 595 κενοδοξίαν
1667 575 1683 604 ,
1728 528 1904 587 πάντα

2040 527 2260 590 exhibet,
2291 526 2513 600 quando
2543 544 2606 583 ex
2653 527 2873 601 injuria,
2911 529 3131 601 quando
3177 531 3245 587 ad
3288 533 3623 589 ostentatio-

300 616 549 697 οἴχεται,
576 618 668 677 καὶ
698 621 727 675 ὁ
756 620 817 677 ἐκ
844 617 1039 677 τούτων
1072 617 1275 699 καρπὸς
1301 616 1633 699 ἀφανίζεται.

395 792 570 858 «Ἵνα
625 796 680 854 ἕν
728 803 876 876 χαρᾷ
926 797 1061 853 ἔλθω
1112 794 1244 876 πρὸς
1288 798 1429 873 ὑμᾶς
1478 795 1564 854 διὰ
1613 794 1910 873 θελήματος

302 887 478 945 Θεοῦ.
512 907 543 943 n
602 884 706 947 Διὰ
759 889 946 955 τοῦτο,
996 886 1153 967 φησὶ,
1214 889 1472 966 ῥυσθῆναι
1512 884 1770 967 εὔχομαι,
1820 884 1909 945 ἵνα

298 975 521 1055 ταχέως
564 978 704 1052 ὑμᾶς
742 976 838 1035 ἴδω
858 1018 875 1047 ,
907 974 997 1033 καὶ
1032 976 1148 1053 μεθ’
1181 977 1411 1048 ἡδονῆς,
1464 975 1734 1054 μηδεμίαν
1765 977 1904 1034 ἐκεῖ·

302 1072 392 1125 θεν
425 1064 801 1147 ἐπισυρόμενος
829 1064 1084 1140 ἀθυμίαν.

398 1265 431 1301 ι
460 1243 567 1305 Καὶ
592 1243 1089 1323 συναναπαύσωμαι
1120 1243 1263 1321 ὓμῖν.
1305 1266 1333 1301 ι
1368 1243 1488 1304 Οὐκ
1520 1233 1681 1314 sine;
1700 1243 1911 1313 Διδάξω

303 1337 482 1411 ὑμᾶς,
529 1334 621 1393 καὶ
663 1333 998 1414 κατηχήσω,
1032 1332 1211 1405 ἀλλὰ,
1267 1355 1298 1391 α
1356 1334 1866 1412 Συναναπαύσωμαι
1893 1358 1907 1372 ·

300 1422 614 1497 τουτέστιν,
642 1422 830 1501 Ὑμεῖς
862 1423 981 1501 ἐμοὶ
1030 1422 1116 1481 διὰ
1162 1421 1259 1495 τὴν
1311 1422 1697 1496 διδασκαλίαν,
1758 1423 1910 1502 κάγὼ

302 1518 433 1586 ὓμῖν
464 1512 551 1571 διὰ
586 1513 683 1584 τὴν
726 1517 823 1585 τῆς
855 1514 1084 1579 πίστεως
1137 1513 1397 1573 ἐπίδοσιν.
1454 1512 1702 1572 Δείκνυσι
1737 1513 1790 1571 δὲ
1821 1512 1907 1571 διὰ

304 1608 401 1674 τῆς
431 1602 619 1671 λέξεως
654 1602 889 1677 ταύτης,
936 1603 1017 1661 ὅτι
1053 1605 1261 1679 ἀγῶνας
1308 1601 1519 1682 ἔχοντες
1550 1603 1641 1660 καὶ
1684 1603 1905 1672 πόνους,

305 1692 399 1751 καὶ
430 1692 585 1758 αὐτὸς
614 1691 705 1750 καὶ
743 1693 894 1752 αὐτοὶ
924 1691 1211 1772 χρῄζουσιν
1243 1692 1614 1759 ἀναπαύσεως.

2022 634 2169 687 nem,
2220 626 2418 674 cuncta
2459 626 2709 691 pereunt,
2762 626 2927 691 atque
2954 618 3158 676 horum
3197 622 3447 678 omnium
3498 621 3619 678 fru-

2017 717 2138 764 ctus
2182 708 2474 765 evanescit.

2088 798 2262 853 Vsns.
2316 802 2404 853 32.
2442 821 2466 845 α
2498 799 2579 854 Ut
2617 813 2750 853 cum
2799 799 2998 871 gaudio
3032 799 3244 855 veniam
3289 799 3356 857 ad
3395 815 3491 856 vos
3531 817 3625 872 per

2020 886 2355 943 voluntatem
2386 887 2493 942 Dei.
2526 909 2550 935 ιο
2572 888 2890 960 Propterea,
2921 889 3120 961 inquit,
3145 889 3360 946 liberari
3381 899 3533 963 opto,
3562 899 3624 946 ut

2015 977 2127 1033 cito
2182 992 2280 1033 vos
2308 975 2549 1047 videam,
2598 986 2655 1033 et
2701 993 2827 1034 cum
2872 978 3185 1051 voluptate,
3234 979 3441 1036 nullam
3498 980 3624 1037 inde

2018 1067 2297 1124 tristitiam
2340 1065 2691 1123 contrahens.

2091 1273 2115 1299 α
2158 1250 2232 1307 Et
2248 1248 2537 1322 refrigerer
2558 1249 2868 1306 vobiscum.
2904 1272 2931 1300 ιο
2959 1252 3085 1307 Non
3112 1250 3278 1322 dixit,
3301 1259 3362 1309 ut
3390 1266 3487 1309 vos
3516 1251 3625 1309 do-

2016 1356 2173 1396 ceam
2193 1348 2361 1412 atque
2380 1339 2689 1410 instituam,
2713 1339 2831 1407 sed,
2860 1364 2885 1389 α
2911 1339 3202 1415 refrigerer
3230 1342 3516 1399 vobiscum
3548 1360 3560 1397 :
3593 1366 3617 1391 υ

2020 1429 2124 1486 hoc
2170 1437 2275 1497 est,
2324 1437 2385 1485 ut
2432 1445 2529 1485 vos
2557 1428 2781 1501 quidem
2829 1430 2886 1485 in
2924 1446 3016 1486 me
3041 1432 3366 1487 recreemini
3402 1448 3496 1504 per
3521 1432 3625 1488 do-

2018 1518 2275 1585 ctrinam,
2307 1533 2370 1573 ac
2400 1533 2502 1590 ego
2532 1518 2587 1573 in
2610 1518 2769 1574 vobis
2817 1528 3043 1592 propter
3070 1520 3193 1577 ﬁdei
3220 1530 3418 1578 vestrae
3448 1522 3625 1578 incre-

2015 1616 2289 1663 mentum.
2316 1610 2594 1663 Monstrat
2629 1615 2815 1663 autem
2844 1623 2943 1679 per
2961 1607 3267 1667 dictionem
3290 1610 3451 1679 hanc,
3476 1612 3625 1683 quod

2015 1697 2416 1754 certaminibus
2445 1713 2509 1752 ac
2538 1695 2818 1752 laboribus
2843 1696 3066 1766 defessi,
3083 1713 3215 1755 cum
3236 1700 3352 1771 ipse
3381 1709 3501 1755 tum
3550 1701 3628 1757 illi

2016 1784 2414 1844 refocillatione
2444 1786 2753 1857 indigeant.

395 1898 429 1931 α
462 1873 533 1935 Ὁ
580 1872 636 1933 δὲ
687 1872 826 1941 Θεὸς
872 1876 968 1945 ἧς
1017 1872 1226 1953 εἰρήνης
1272 1871 1408 1949 μετὰ
1464 1871 1676 1932 πάντων
1730 1875 1899 1951 ὖμῶν.

2078 1878 2259 1934 Vens.
2298 1881 2383 1933 33.
2417 1899 2443 1925 α
2478 1880 2632 1932 Deus
2677 1882 2864 1932 autem
2910 1877 3061 1949 pacis
3096 1877 3170 1932 sit
3204 1893 3332 1934 cum
3363 1878 3627 1935 omnibus

306 1965 501 2043 Ἀμήν.
532 1986 561 2022 n
601 1967 778 2026 Τοῦτο
800 1968 1079 2044 πανταχοῦ
1111 1962 1225 2030 ἔθος
1255 1964 1430 2044 αὐτῷ,
1462 1960 1621 2044 εὐχὴν
1646 1968 1911 2022 ποιεῖσθαι

307 2056 405 2114 καὶ
531 2054 846 2135 παραινέσει
875 2053 1242 2134 προστιθέναι.

881 2199 1176 2260 ΚΕΦΑΛ.
1220 2196 1353 2274 1c;'.

405 2373 436 2409 ιι
465 2351 765 2427 Συνίστημι
811 2349 867 2410 δὲ
911 2353 1036 2428 ὑμῖν
1080 2348 1294 2421 Φοίϐην
1336 2347 1433 2422 τὴν
1471 2347 1703 2431 ἀδελφὴν
1735 2350 1912 2426 ὑμῶν,

308 2441 556 2501 διάκονον
602 2432 766 2501 οὖσαν
795 2445 890 2513 τ’ἤς
918 2438 1250 2512 Ἐκχλησίας
1288 2442 1383 2512 τῆς
1426 2441 1478 2498 ἕν
1528 2441 1843 2519 Κεγχρεαῖς.
1879 2460 1910 2496 ι

311 2531 541 2603 Ἐπειδὴ
575 2531 709 2603 αὕτη
743 2521 807 2603 ἦν
848 2528 1229 2607 διακομίζουσα
1273 2529 1369 2601 τὴν
1402 2528 1756 2601 Ἐπιστολὴν,
1788 2551 1914 2587 συν-

311 2629 441 2701 ιστᾷ
469 2623 632 2694 αὐτὴν
664 2624 863 2687 αὐτοῖς.
921 2617 1180 2698 Σεμνύνει
1222 2619 1277 2678 δὲ
1308 2618 1506 2691 ταύτην
1527 2665 1543 2691 ,
1587 2619 1678 2677 καὶ
1709 2616 1791 2676 διὰ
1820 2621 1912 2677 τοῦ

310 2709 533 2789 πρώτης
586 2714 917 2788 μνησθῆναι,
957 2708 1049 2768 καὶ
1096 2708 1185 2768 διὰ
1219 2715 1312 2768 τοῦ
1360 2708 1596 2789 ἀδελφῇν
1645 2708 1909 2784 ὀνομάσαι

313 2787 544 2881 (δμέγα
583 2800 844 2881 ἀξίωμα),
873 2800 966 2859 καὶ
992 2798 1080 2859 διὰ
1103 2804 1198 2858 τοῦ
1227 2798 1467 2859 διάκονον
1498 2787 1658 2865 οὖσαν
1692 2796 1885 2866 δεῖξαι.

403 3090 438 3127 α
483 3064 606 3131 Ἵνα
656 3068 823 3142 αὐτὴν
868 3068 1225 3150 προσδέξησθε
1277 3070 1330 3128 ἐν
1375 3066 1560 3149 Κυρίῳ
1608 3066 1760 3136 ἀξίως
1812 3070 1916 3126 τῶν

314 3158 501 3239 ἆγίων.
536 3188 557 3211 υ
586 3162 638 3220 Τ
639 3140 875 3219 ουτέστιν
894 3140 924 3234 ,1
938 3159 1042 3221 Διὰ
1070 3140 1160 3218 τόν
1203 3158 1398 3241 Κύριον
1427 3140 1692 3235 τίμῆσητε
1722 3156 1909 3229 αὐτήν.
1945 3140 1989 3205 C

314 3249 385 3310 Ὀ
411 3249 517 3329 γὰρ
541 3250 628 3309 διὰ
654 3249 745 3308 τὸν
782 3252 978 3331 Κύριον
1009 3248 1289 3331 δεχόμενος
1328 3247 1420 3307 καὶ
1462 3247 1550 3306 τὸν
1598 3246 1786 3327 μικρὸν
1822 3270 1914 3326 με-

316 3338 497 3418 γάλως
523 3348 673 3420 τιμᾷο
718 3338 809 3399 ἐὰν
835 3329 890 3399 δὲ
922 3340 1014 3399 καὶ
1062 3329 1189 3419 ἁγία
1230 3329 1299 3419 ᾖ,
1329 3339 1508 3416 πολλῷ
1560 3337 1764 3414 μᾶλλον
1787 3360 1802 3375 ·
1835 3337 1915 3396 διὸ

315 3429 644 3510 προσέθηκεν
669 3453 681 3466 ·
710 3456 733 3483 α
760 3428 942 3498 Ἄξίως
969 3431 1076 3489 τῶν
1103 3428 1300 3510 ἁγίων,
1330 3449 1361 3487 ι)
1397 3426 1691 3497 τουτέστιν,
1735 3430 1807 3496 ὡς
1836 3429 1915 3487 δεῖ

313 3518 438 3587 τοὺς
466 3518 643 3598 ἁγίους
680 3518 1053 3600 ὑποδέχεσθαι.

412 3721 441 3756 α
468 3698 578 3760 Καὶ
630 3704 941 3781 παραστῆτε
973 3702 1140 3779 αὐτῇ,
1176 3701 1229 3758 ἐν
1261 3689 1305 3780 ᾧ
1340 3696 1405 3757 ἂν
1443 3700 1591 3775 ὓμῶν
1635 3698 1915 3777 πράγματι

317 3791 514 3873 χρῄζῃ.
547 3813 575 3847 ›)
613 3789 937 3869 Τουτέστιν,
962 3788 1084 3851 Ἵνα
1113 3788 1184 3847 τὰ
1210 3787 1344 3873 παρ’
1373 3791 1524 3864 ὓμῶν
1552 3788 1914 3867 εἷσενέγκητε,

316 3868 415 3943 καὶ
456 3868 611 3961 χεῖρα
649 3879 885 3962 ὀρέξητε.
923 3868 1007 3940 Οὔ
1039 3878 1143 3961 γὰρ
1190 3868 1371 3954 εἶπεν,
1399 3877 1524 3939 Ἵνα
1573 3876 1916 3952 ἀπαλλάξητε

321 3970 511 4043 αὖτήν.

413 4084 443 4120 (ι
473 4062 582 4121 Καὶ
609 4060 714 4140 γὰρ
759 4058 894 4133 αὕτη
939 4057 1229 4141 προστάτις
1269 4058 1482 4141 πολλιῖξν
1534 4055 1757 4138 ἐγενήθη
1775 4104 1792 4134 ,
1828 4056 1919 4116 καὶ

2021 1965 2195 2022 vobis.
2228 1970 2427 2023 Amen.
2475 1989 2501 2017 ι»
2546 1965 2773 2039 Ubique
2814 1967 3155 2023 consuetudo
3202 1975 3287 2024 est
3335 1969 3629 2040 Apostolo,

2024 2054 2397 2127 precationem
2429 2053 2805 2111 adhortationi
2832 2069 3127 2127 apponere.

2609 2211 2854 2269 CAPUT
2884 2211 3043 2268 XVI.

2094 2367 2273 2422 Vsus.
2310 2370 2360 2420 1.
2393 2387 2418 2413 α
2448 2363 2798 2422 Commendo
2828 2374 3018 2420 autem
3042 2363 3199 2420 vobis
3227 2364 3460 2421 Phaaben
3481 2380 3634 2422 soro-

2022 2470 2140 2511 rem
2178 2463 2448 2523 nostram,
2491 2470 2616 2527 qua:
2646 2463 2728 2509 est
2763 2453 2817 2509 in
2870 2454 3177 2511 ministerio
3207 2456 3468 2513 Ecclesiae
3506 2471 3633 2529 quae

2022 2554 2108 2601 est
2133 2545 2189 2600 in
2210 2543 2495 2603 Cenchris.
2526 2562 2556 2595 ιι
2578 2542 2717 2613 Quia
2746 2542 2865 2601 haec
2879 2552 3137 2601 matrona
3159 2544 3464 2616 Epistolam
3491 2546 3633 2603 hanc

2020 2631 2304 2699 afferebat,
2318 2631 2442 2688 ideo
2459 2648 2579 2687 eam
2599 2631 2960 2689 commendat
2974 2634 3124 2705 ipsis.
3145 2636 3420 2691 Peculiari
3443 2646 3630 2693 autem

2024 2721 2167 2777 hanc
2195 2722 2408 2777 honore
2435 2720 2609 2777 afﬁcit
2625 2762 2643 2791 ,
2664 2729 2720 2776 et
2749 2721 2897 2793 quod
2927 2722 3108 2793 primo
3140 2722 3262 2779 loco
3293 2725 3633 2780 mentionem

2025 2808 2147 2881 ejus
2188 2807 2339 2880 facit,
2375 2817 2436 2866 et
2465 2826 2560 2882 per
2600 2809 2703 2866 hoc
2749 2810 2897 2883 quod
2927 2827 3178 2868 sororem
3226 2813 3464 2884 appellat
3493 2818 3636 2884 (quae

2026 2898 2214 2972 ingens
2242 2914 2377 2955 sane
2404 2908 2488 2956 est
2515 2899 2810 2973 dignitas),
2855 2908 2909 2956 et
2948 2917 3046 2973 per
3073 2900 3180 2958 hoc
3207 2901 3355 2973 quod
3392 2900 3638 2958 ostendit

2025 3006 2152 3048 eam
2214 2990 2530 3047 ministram
2572 2990 2770 3048 fuisse.

2097 3084 2272 3140 Vnus.
2312 3087 2365 3137 2.
2403 3105 2428 3131 ει
2458 3084 2536 3139 Ut
2559 3082 2735 3155 ipsam
2768 3082 3047 3156 accipiatis
3095 3082 3153 3139 in
3180 3081 3428 3138 Domino
3471 3083 3635 3155 digne

2023 3173 2246 3231 sanctis.
2310 3196 2337 3223 ν
2395 3174 2522 3230 Hoc
2567 3181 2683 3245 est,
2726 3183 2790 3231 ut
2827 3182 3054 3246 propter
3108 3173 3419 3230 Dominum
3463 3173 3638 3246 ipsam

2022 3262 2323 3320 bonoretis.
2355 3263 2463 3333 Qui
2512 3263 2666 3320 enim
2696 3265 3015 3336 quempiam
3046 3263 3300 3336 quamvis
3344 3263 3630 3335 exiguum,

2024 3361 2246 3426 propter
2265 3352 2572 3408 Dominum
2600 3353 2854 3424 suscipit,
2879 3353 3085 3425 ingenti
3111 3351 3320 3408 honore
3340 3352 3630 3425 dignatur:

2022 3443 2109 3497 sin
2138 3458 2266 3499 vero
2306 3450 2361 3499 et
2397 3450 2589 3498 sancta
2638 3441 2836 3511 fuerit,
2882 3442 3061 3498 multo
3100 3443 3295 3515 magis.
3333 3444 3636 3514 Propterea

2022 3532 2242 3604 adiecit,
2297 3554 2320 3578 α
2362 3531 2526 3603 digne
2570 3532 2801 3603 sanctis,
2848 3555 2873 3582 υ
2920 3531 2974 3588 id
3017 3539 3120 3600 est,
3162 3531 3638 3603 quemadmodum

2023 3620 2278 3679 convenit
2302 3631 2521 3678 sanctos
2549 3622 2845 3694 suscipere.

2101 3736 2127 3761 α
2176 3714 2248 3769 Et
2300 3712 2571 3769 assistatis
2620 3713 2667 3769 ei
2704 3714 2760 3768 in
2810 3728 3141 3785 quocunque
3196 3714 3417 3785 negotio
3472 3712 3641 3769 vestri

2026 3803 2339 3876 indiguerit.
2371 3826 2397 3853 ν
2432 3806 2553 3861 Hoc
2580 3812 2683 3873 est,
2701 3812 2761 3859 ut
2790 3811 2967 3861 vestra
2995 3803 3043 3859 ei
3073 3800 3345 3870 offeratis,
3375 3818 3640 3858 manum-

2026 3910 2133 3968 que
2174 3893 2223 3952 ei
2261 3894 2570 3967 porrigetis.
2614 3897 2736 3951 Non
2766 3894 2921 3950 enim
2948 3893 3108 3963 dixit,
3140 3902 3201 3950 ut
3228 3892 3530 3950 dimittatis
3557 3891 3640 3963 ip-

2029 4000 2177 4041 sam.

2105 4099 2129 4124 ‹‹
2166 4074 2383 4131 Etenim
2412 4073 2530 4145 ipsa
2560 4073 2737 4130 astitit
2760 4072 2949 4129 multis
2972 4080 3028 4129 et
3058 4071 3195 4128 mihi
3216 4071 3340 4144 ipsi.
3377 4093 3403 4121 ι
3428 4069 3638 4142 Impri-

321 4155 457 4229 ἰμοῧ
504 4137 739 4211 αὐτοῦ-»
797 4137 1065 4237 Ἐπῄνέσε
1121 4150 1369 4229 πρῶτον,
1419 4137 1538 4207 εἶτα
1578 4137 1785 4207 τέθεικε
1824 4147 1916 4221 τὴν

2040 4167 2138 4222 mis
2167 4164 2573 4222 commendavit
2617 4165 2798 4237 ipsam
2816 4205 2830 4233 ,
2861 4162 3059 4221 deinde
3087 4162 3529 4219 exhortationem
3557 4159 3643 4214 in-

320 4240 664 4320 παράκλησιν
698 4240 867 4318 μέσην
900 4229 922 4275 ’ν
944 4229 1057 4299 εἶτα
1090 4240 1251 4300 πάλιν
1296 4237 1363 4297 τὰ
1412 4236 1654 4327 ἐγκώμια
1675 4282 1692 4307 ,
1739 4238 1916 4297 ἑκατέ-

2040 4255 2317 4327 terposuit,
2349 4272 2414 4311 ac
2447 4229 2825 4311 denuo-addit.
2855 4253 3144 4322 encomia;
3193 4251 3641 4308 exhortationem

323 4336 455 4411 ρωθι
510 4331 746 4412 σφίγγων
791 4328 885 4401 τὴν
940 4330 1097 4417 πρὸς
1123 4328 1185 4388 τὸ
1237 4331 1460 4405 τιμῆσαι
1499 4325 1665 4399 αὐτὴν
1698 4345 1916 4417 προτρο-

2040 4325 2193 4400 suam
2219 4361 2324 4417 qua
2347 4350 2541 4400 monet
2568 4358 2681 4413 eos,
2716 4350 2776 4399 ut
2790 4341 3070 4399 honorem
3089 4340 3452 4411 illideferant,
3474 4339 3646 4397 utrin-

321 4421 454 4493 πήν.
490 4420 566 4483 ⁸³.
603 4444 632 4478 (ί
657 4419 958 4500 Προστάτις
992 4446 1018 4473 ι
1047 4416 1170 4499 γὰρ,
1198 4417 1366 4499 φησὶ,
1401 4444 1425 4472 α
1456 4418 1667 4506 πολλῶν
1697 4415 1916 4496 ἐγένετοἔ

2040 4448 2143 4506 que
2167 4415 2416 4505 cingens.
2444 4456 2469 4482 α
2492 4431 2687 4488 Astitit
2707 4455 2732 4481 ι
2750 4431 2924 4500 enim,
2948 4430 3148 4503 inquit,
3174 4454 3199 4479 α
3236 4430 3447 4496 multis,
3479 4453 3505 4478 ι»
3526 4428 3644 4484 imo

321 4510 420 4569 καὶ
443 4512 574 4590 ἰμοΰ
606 4511 769 4569 αὐτοῦ
792 4556 808 4585 ,
856 4536 881 4562 ιο
910 4512 1003 4569 τοῦ
1043 4506 1273 4589 κήρυκος
1314 4510 1408 4581 τῆς
1453 4504 1796 4586 οἰκουμένης,
1836 4512 1926 4567 τοῦ

322 4606 559 4661 τοσαῦτα
601 4599 879 4667 παθόντος.

416 4717 441 4742 ι
476 4689 813 4750 Ἀσπάσασθε
868 4688 1204 4771 Πρίσκιλλαν
1244 4686 1335 4747 καὶ
1383 4686 1608 4747 Ἀκύλαν
1654 4684 1772 4754 τοὺς
1802 4709 1927 4745 συν-

2042 4548 2065 4572 ‹‹
2105 4530 2163 4579 et
2205 4521 2344 4579 mihi
2366 4522 2495 4596 ipsi,
2528 4546 2554 4571 ιο
2586 4521 2761 4579 totius
2789 4520 2942 4578 orbis
2970 4519 3235 4594 praeconi,
3272 4527 3355 4575 tot
3380 4524 3644 4589 tantaque

2040 4630 2224 4688 passo.

2107 4707 2288 4761 Vnus.
2312 4709 2364 4761 3.
2394 4726 2420 4753 α
2449 4702 2698 4760 Salutate
2740 4700 3049 4758 Priscillam
3081 4707 3136 4756 et
3169 4697 3460 4772 Aquilam,
3489 4696 3646 4769 adju-

322 4778 508 4860 εργούς
560 4805 661 4857 μου
719 4782 772 4838 ἐν
822 4780 1041 4860 Χριστῷ
1084 4778 1282 4850 Ἰησοῦ.
1317 4799 1347 4835 »
1408 4774 1761 4855 Συνήργησάν
1811 4799 1916 4853 μοιἸ

2040 4801 2188 4850 tores
2217 4807 2372 4848 meos
2399 4790 2455 4846 in
2497 4790 2713 4847 Christo
2764 4790 2916 4845 Iesu.
2952 4811 2977 4836 ιο
3010 4785 3169 4855 Mihi,
3220 4786 3422 4858 inquit,
3450 4800 3647 4857 coope—

321 4868 514 4951 φησὶν,
548 4871 600 4928 ἐν
644 4872 722 4950 τῷ
763 4868 906 4950 λόγῳ
942 4868 1034 4928 καὶ
1162 4868 1484 4948 διδασκαλία
1516 4867 1588 4941 ⁸⁴,
1620 4865 1712 4925 καὶ
1751 4867 1925 4925 πόνων

2037 4882 2143 4937 rati
2190 4889 2319 4937 sunt
2362 4880 2422 4937 in
2468 4880 2634 4936 verbo
2679 4885 2737 4935 et
2770 4876 2829 4932 in
2879 4875 3150 4945 doctrina,
3198 4875 3567 4949 laborumque
3595 4882 3649 4931 et

321 4958 425 5019 καὶ
469 4956 720 5018 κινδύνων
766 4957 1008 5037 ἐγένοντο
1054 4957 1315 5018 κοινωνοί.
1361 4958 1519 5025 Τινὲς
1548 4955 1603 5014 δὲ
1652 4954 1916 5035 συνεργοὺς

2040 4970 2400 5043 periculorum
2429 4968 2557 5026 facti
2584 4976 2713 5025 sunt
2736 4966 3046 5040 participes.
3077 4965 3339 5023 Nonnulli
3383 4980 3649 5038 coopera-

322 5048 543 5117 τούτους
570 5052 641 5117 ὣς
669 5047 1016 5122 σκηνοποιοὺς
1046 5048 1138 5107 καὶ
1169 5046 1360 5115 αὐτοὺς
1390 5047 1543 5114 ὄντας
1570 5046 1818 5117 ἐνόησαν.

415 5250 443 5283 α
478 5224 687 5295 Οἴτινες
717 5226 850 5309 ὑπὲρ
879 5230 975 5299 τῆς
1004 5230 1181 5310 ψυχῆς
1212 5250 1315 5304 μου
1343 5225 1432 5286 τὸν
1476 5228 1684 5310 ἑαυτῶν
1724 5225 1927 5307 τράχη-

322 5322 421 5377 λον
456 5316 751 5389 ὓπέθηκαν.
787 5306 834 5369 ι·-
860 5306 1141 5398 Μάρτυρες
1185 5316 1574 5396 ἀπηρτισμένοι
1625 5306 1767 5375 οἷτοι
1798 5340 1811 5353 σ
1841 5315 1930 5376 καὶ

322 5409 435 5489 γὰρ
466 5407 554 5489 ἐπὶ
582 5408 830 5488 Νέρωνος
860 5406 1038 5489 μυρίοι
1071 5408 1117 5466 οἳ
1150 5405 1401 5469 κίνδυνοι.

414 5524 439 5550 ι
465 5487 565 5566 Οἷς
595 5500 692 5557 οὐκ
721 5496 826 5575 ἐγὼ
860 5487 1014 5574 μόνος
1063 5499 1365 5577 εὐχαριστῶ
1387 5541 1403 5569 ,
1449 5494 1587 5554 ἀλλὰ
1632 5495 1724 5555 καὶ
1761 5503 1935 5555 πᾶσαι

322 5589 386 5646 αἱ
438 5585 764 5661 Ἐκκλησίαι
799 5592 904 5647 τῶν
954 5588 1144 5648 ἐθνῶν.
1199 5612 1223 5639 ι
1270 5585 1538 5646 Ἐνταῦθα
1594 5585 1691 5659 τὴν
1738 5584 1936 5666 φιλοξε-

2039 5058 2156 5116 rios
2200 5060 2335 5117 istos
2380 5060 2793 5127 intellexerunt,
2832 5065 3099 5131 tanquam
3135 5056 3237 5130 ipsi
3266 5054 3648 5112 tabernaculo-

2042 5166 2168 5207 rum
2196 5157 2437 5207 textores
2476 5157 2681 5207 essent.

2119 5233 2162 5301 1
2176 5230 2283 5304 14
2294 5234 2473 5289 Vens.
2494 5239 2552 5289 4.
2583 5254 2609 5281 σι
2624 5229 2728 5301 Qui
2752 5244 2858 5302 pro
2872 5228 3060 5286 anima
3084 5242 3209 5284 mea
3223 5240 3383 5282 suam
3401 5225 3652 5299 ipsorum

2042 5321 2313 5377 cervicem
2332 5328 2762 5394 supposuerunt.
2801 5344 2827 5368 ι»
2843 5320 2919 5375 Hi
2932 5324 3090 5374 erant
3105 5314 3332 5389 perfecti
3353 5322 3647 5388 martyres.

2042 5414 2188 5469 Nam
2217 5411 2318 5469 sub
2338 5415 2558 5469 Nerone
2580 5410 2870 5466 innumera
2893 5406 3134 5481 pericula
3158 5404 3543 5463 imminebant.

2121 5523 2148 5554 ‹‹
2177 5502 2387 5574 Quibus
2417 5518 2527 5558 non
2559 5516 2657 5575 ego
2684 5500 2836 5557 solus
2862 5498 3063 5573 gratias
3101 5514 3225 5569 ago,
3253 5512 3445 5553 verum
3486 5495 3655 5552 etiam

2045 5607 2238 5649 omnes
2278 5592 2541 5650 Ecclesia:
2586 5589 2853 5663 gentium.
2900 5612 2925 5640 ν
2981 5584 3426 5660 Hospitalitatem
3458 5600 3653 5641 eorum

1737 5676 1930 5734 Variae
1972 5676 2281 5734 lectiones.

411 5755 456 5792 ⁸³
482 5757 739 5831 προκοπήν
788 5770 846 5815 ο.
926 5756 973 5797 ⁸⁸
1002 5761 1089 5826 τῆς
1114 5757 1437 5822 διδασκαλίας
1463 5774 1517 5815 ο.
