4090 6430
458 422 553 477 551
1472 412 1986 473 THEOPHYLACTI
2029 409 2387 471 BULGARIE
2425 408 2739 471 ARCHIEP.
3663 407 3767 464 552

453 548 539 605 hic
558 547 868 605 adumbrat.
904 546 985 603 Ne
1015 544 1165 602 enim
1197 561 1291 617 per
1320 544 1693 601 adulationem
1732 544 1848 601 haec
1866 543 2051 600 dicere

2164 541 2277 600 νίαν
2320 544 2491 601 αὐτῶν
2524 538 2834 599 αἰνίττεται.
2878 535 3003 596 Ἵνα
3032 535 3134 615 γὰρ
3178 534 3253 611 μὴ
3288 533 3411 615 δόξῃ
3460 534 3766 593 κολακεύων

451 638 717 706 videatur,
749 635 1009 709 producit
1048 636 1217 693 etiam
1245 634 1384 691 alios
1432 634 1640 691 multos
1680 641 1870 690 testes.

2158 631 2331 710 λέγειν
2355 675 2371 704 ,
2406 632 2636 713 παράγει
2667 626 2989 713 καὶῌᾶλλους
3018 625 3244 692 πολλοὺς
3278 626 3575 704 μάρτυρας.

524 728 704 784 Vnus.
728 708 783 783 5.
819 750 843 775 κ
875 729 943 783 Et
984 725 1282 782 Ecclesiam
1334 739 1457 796 quae
1489 732 1573 780 est
1598 724 1657 779 in
1690 722 1860 780 domo
1902 723 2053 794 ipso-

2249 744 2279 780 α
2314 720 2425 782 Καὶ
2466 708 2577 793 τὴν
2595 719 2713 779 κατ’
2737 708 2878 778 οἶκον
2908 719 3078 777 αὐτῶν
3112 716 3461 796 Ἐκκλησίαν.
3502 737 3531 772 ))
3578 714 3767 782 Οὕτως

450 834 595 874 rum.
634 840 655 868 ιο
699 817 771 872 Hi
809 816 948 873 adeo
978 814 1193 888 probati
1240 794 1489 881 fuerunt,
1529 821 1590 868 ut
1640 820 1818 869 totam
1857 827 2051 868 eorum

2160 800 2296 883 ἦσαν
2344 802 2485 871 οὗτοι
2530 808 2827 886 εὐδόκιμοι,
2873 807 3011 867 ὥστε
3057 808 3146 867 τὸν
3199 794 3343 865 οἶκον
3377 806 3550 864 αὐτῶν
3586 804 3764 864 πάντα

453 907 721 963 familiam
757 906 940 963 ﬁdeles
994 903 1245 961 fecerint.
1288 906 1470 959 Hosce
1528 902 1674 958 enim
1747 900 2051 957 Ecclesiam

2161 904 2381 972 ποιῆσαι
2417 899 2638 966 πιστούς
2667 922 2680 935 ·
2734 896 2948 964 τούτους
3005 895 3110 976 γὰρ
3164 896 3497 968 Ἐκκλησίαν
3550 893 3766 972 ὠνόμα-

449 996 773 1053 nominavit.
806 995 952 1065 Quin
996 994 1163 1051 etiam
1210 999 1433 1065 propter
1461 990 1906 1064 hospitalitatem
1930 989 2052 1047 haec

2160 1012 2248 1048 σεν
2284 1014 2296 1027 ·
2326 988 2468 1048 ἀλλὰ
2498 988 2589 1048 καὶ
2620 986 2707 1047 διὰ
2753 986 2815 1046 τὸ
2858 984 3146 1067 φιλόξενον.
3179 982 3352 1045 Ἔνθα
3384 987 3487 1065 γὰρ
3516 984 3766 1044 εὐλάϐεια

448 1086 602 1145 dicit.
636 1086 748 1144 Ubi
773 1086 918 1143 enim
970 1084 1147 1140 multa
1178 1083 1351 1155 pietas
1402 1089 1485 1138 est
1513 1089 1568 1137 et
1595 1082 1797 1149 virtus,
1849 1079 2053 1137 domus

2159 1076 2333 1151 πολλὴ
2360 1077 2452 1138 καὶ
2475 1078 2675 1159 ἀρετὴ,
2696 1065 2997 1148 Ἐκκλησία
3026 1080 3053 1136 ὃ
3074 1065 3213 1144 οἶκος
3239 1076 3431 1142 ἐκεῖνος
3451 1074 3525 1134 ⁸⁵.
3558 1072 3767 1133 Ἀκουέ-

451 1176 543 1233 illa
588 1176 828 1233 Ecclesia
858 1175 1080 1231 dicitur.
1132 1172 1375 1229 Audiant
1426 1171 1606 1244 itaque
1648 1170 1706 1239 ii,
1740 1170 1832 1244 qui
1860 1170 2054 1227 matri-

2158 1191 2332 1227 τωσαν
2366 1172 2415 1228 οἱ
2448 1172 2500 1229 ἐν
2530 1168 2723 1249 γάμῳ,
2757 1164 2838 1226 ὅτι
2868 1169 2928 1226 οὐ
2963 1166 3297 1247 βλάπτονται
3326 1166 3389 1225 ἐκ
3414 1163 3602 1225 τούτου
3639 1162 3768 1244 πρὸς

452 1267 641 1323 monio
689 1266 1019 1339 junguntur,
1053 1261 1203 1337 quod
1236 1262 1303 1319 iis
1344 1260 1416 1318 ad
1446 1261 1706 1317 virtutem
1741 1259 1890 1317 istud
1935 1276 2051 1316 non
2159 1257 2377 1338 ἀρετήν.

451 1365 534 1415 est
576 1356 997 1428 impedimento.

527 1471 553 1495 α
585 1446 825 1503 Salutate
873 1446 1197 1515 Epaanetum
1238 1441 1499 1499 dilectum
1546 1456 1769 1507 meum,
1820 1440 1916 1512 qui
1972 1446 2054 1495 est

2259 1467 2287 1503 (ι
2340 1439 2678 1501 Ἀσπάσασθε
2761 1436 3079 1500 Ἐπαινετὸν
3139 1438 3159 1515 [
3206 1435 3370 1517 vulg.
3405 1434 3762 1514 Ἐπαίνετον]

450 1536 707 1608 primitiae
766 1533 989 1590 Achaiae
1035 1534 1095 1588 in
1144 1531 1387 1589 Christo.
1426 1554 1451 1580 ιο
1484 1532 1749 1603 Magnum
1796 1545 1926 1585 sane
1971 1537 2054 1585 est

2159 1539 2249 1597 τὸν
2302 1529 2580 1610 ἀγαπητόν
2634 1554 2735 1608 μου
2762 1551 2776 1565 ·
2825 1528 2879 1596 ὅς
2920 1530 3062 1610 ἐστιν
3116 1526 3338 1607 ἀπαρχὴ
3388 1532 3485 1599 τῆς
3544 1524 3764 1607 Ἀχαΐας

449 1626 621 1682 Paulo
664 1624 927 1681 dilectum
970 1638 1111 1692 esse,
1166 1622 1258 1695 qui
1299 1637 1426 1677 cum
1451 1620 1682 1693 judicio,
1729 1629 1781 1675 et
1826 1636 1936 1674 non
1981 1618 2051 1675 ad

2162 1630 2237 1695 si;
2266 1608 2525 1703 Χριστόν.
2561 1648 2584 1673 ι
2620 1619 2779 1696 Μέγα
2814 1618 2875 1677 τὸ
2902 1608 3036 1677 εἶναι
3066 1616 3289 1678 Παύλου
3330 1615 3637 1695 ἀγαπητὸν,
3671 1620 3762 1674 τοῦ

448 1716 680 1787 gratiam
703 1730 889 1771 amare
921 1714 1099 1769 novit.
1127 1711 1405 1768 Primitias
1432 1718 1624 1766 autem
1655 1710 1835 1781 ipsum
1855 1708 2048 1781 appel-

2161 1715 2300 1793 μετὰ
2336 1710 2590 1791 κρίσεως,
2625 1708 2719 1767 καὶ
2770 1710 2828 1767 οὗ
2879 1708 3008 1787 πρὸς
3054 1706 3254 1787 χάριν,
3315 1706 3485 1787 φιλεῖν
3542 1703 3758 1769 εἰδότος.

450 1805 547 1872 lat,
587 1805 667 1859 vel
696 1802 844 1875 quod
872 1801 1083 1873 primus
1111 1799 1365 1871 credidit,
1399 1798 1729 1871 principium
1764 1805 1822 1854 et
1848 1798 2053 1870 ingres-

2164 1802 2439 1883 Ἀπαρχὴν
2474 1797 2528 1858 δὲ
2564 1797 2717 1856 αὐτὸν
2769 1797 2947 1875 λέγει,
2979 1796 3013 1868 ἢ
3047 1796 3126 1854 ὅτι
3172 1798 3379 1875 πρῶτος
3425 1796 3762 1866 ἐπίστευσεν,

450 1866 545 1948 sus
570 1866 748 1948 factus
790 1866 1060 1947 ad-ﬁdem
1085 1866 1359 1946 universae
1382 1866 1552 1961 genti,
1575 1866 1667 1943 vel
1699 1885 1847 1959 quod
1874 1866 2050 1959 majo-

2163 1894 2307 1974 ἀρχὴ
2356 1892 2445 1950 καὶ
2493 1887 2690 1954 εἴσοδος
2721 1892 2791 1954 εἷς
2831 1886 2926 1959 τὴν
2978 1885 3159 1945 πίστιν
3211 1884 3486 1961 γενόμενος
3533 1885 3641 1966 ὅλῳ
3688 1887 3762 1974 153

448 1998 567 2037 rem
600 1997 713 2054 pra:
759 1982 974 2038 caeteris
1022 1980 1285 2052 pietatem
1331 1984 1881 2034 commonstraverat.
1913 1978 2049 2031 Pro-

2158 1944 2333 2043 ξέν’ζίό
2824 1944 3106 2037 εύλάϐειαν
3158 1944 3493 2035 ἐπεδείκνυτο
3526 1999 3537 2012 ·
3585 1946 3665 2035 διὸ
3690 1944 3763 2033 εί-

447 2079 630 2143 pterea
667 2069 838 2138 dixit,
894 2093 921 2119 α
956 2068 1052 2142 qui
1087 2077 1171 2124 est
1216 2067 1470 2139 primitiae
1500 2066 1557 2122 in
1602 2065 1851 2133 Christo,
1886 2087 1910 2114 υ
1942 2063 2050 2121 hoc
2156 2097 2282 2147 πεν,
2339 2094 2366 2129 (ι
2408 2068 2517 2137 ⁸⁷ος
2546 2070 2685 2127 ἐστιν
2736 2065 2957 2148 ἀπαρχὴ
3014 2068 3085 2133 εἷς
3132 2063 3368 2143 Χριστόν
3397 2088 3411 2102 ·
3455 2065 3758 2138 τουτέστιν,

446 2166 550 2225 est,
576 2174 692 2214 non
715 2158 775 2214 in
809 2157 1101 2216 mundanis
1124 2156 1310 2225 rebus,
1332 2155 1428 2213 sed
1454 2156 1511 2211 iu
1542 2155 1609 2211 iis
1638 2170 1762 2228 qua;
1784 2154 1855 2211 ad
1896 2153 2048 2212 Chri-

2157 2167 2250 2223 οὐκ
2289 2164 2341 2221 ἐν
2371 2164 2478 2227 τοῖς
2526 2165 2802 2237 κοσμικοῖς
2843 2155 3198 2237 πράγμασιν,
3233 2155 3353 2214 ἀλλ’
3389 2158 3442 2214 iv
3476 2157 3585 2224 τοῖς
3621 2153 3761 2213 κατὰ

448 2258 597 2306 stum
624 2256 890 2321 spectant.

796 2256 890 2305 tut.
1830 2333 1835 2334 γ
1881 2333 1889 2334 7
2156 2252 2411 2334 Χριστόν.

520 2341 701 2395 Vens.
724 2343 777 2394 6.
815 2361 839 2387 «ι
872 2336 1118 2393 Salutate
1142 2336 1375 2392 Mariam
1406 2350 1531 2408 qua:
1560 2334 1801 2390 multum
1825 2333 2044 2390 labora-

2218 2333 2268 2398 α
2300 2338 2639 2402 Ἀσπάσασθε
2682 2335 2947 2417 Μαριὰμ,
2980 2336 3100 2409 ἥτις
3149 2335 3325 2396 πολλὰ
3368 2334 3655 2397 ἐκοπίασεν
3681 2335 3757 2400 εἷς

450 2427 527 2482 vit
557 2443 686 2500 erga
718 2444 844 2484 nos.
886 2451 915 2490 ρ
962 2430 1013 2481 A
1060 2425 1340 2483 laboribus
1370 2442 1509 2499 quos
1537 2440 1636 2497 pro
1666 2425 1894 2480 veritate
1922 2438 2044 2496 per-

2151 2436 2315 2509 ἡμᾶς.
2349 2456 2380 2487 ι
2441 2428 2569 2489 Ἀπὸ
2600 2431 2703 2486 τῶν
2744 2426 2878 2506 ὑπὲρ
2926 2429 3021 2497 τῆς
3070 2426 3321 2499 ἀληθείας
3374 2425 3613 2507 ἱδρώτων
3664 2424 3763 2496 τὴν

445 2518 591 2586 tulit,
617 2517 903 2573 mulierem
935 2524 1111 2573 ornat.
1144 2517 1269 2571 Non
1288 2522 1503 2570 tantum
1524 2514 1694 2581 enim,
1720 2513 1919 2585 inquit,
1945 2528 2044 2585 pro

2154 2528 2384 2599 γυναῖκα
2416 2515 2762 2585 καλλωπίζει.
2810 2515 2892 2575 Οὗ
2925 2515 3085 2591 μόνον
3118 2513 3253 2597 γὰρ,
3295 2515 3454 2598 φησὶν
3478 2560 3495 2590 ,
3534 2518 3604 2582 είς
3635 2517 3763 2573 ἑαυ-

445 2611 617 2682 seipsa
656 2609 943 2675 laboravit,
992 2607 1247 2663 excubias
1289 2622 1475 2678 agens,
1525 2606 1791 2677 humique
1811 2605 2039 2676 jacens:

2152 2611 2250 2685 τὴν
2297 2608 2620 2684 ἐκοπίασεν,
2657 2609 2999 2687 ἀγρυπνοῦσα
3048 2605 3140 2663 καὶ
3174 2612 3519 2686 χαμευνοῦσα
3552 2623 3566 2637 ·
3618 2602 3759 2663 ἀλλὰ

445 2714 633 2755 verum
677 2700 867 2765 etiam,
899 2696 1047 2768 quod
1092 2696 1271 2768 majus
1300 2704 1406 2763 est,
1439 2711 1540 2767 pro
1571 2694 1733 2750 nobis
1761 2692 2045 2765 apostolo-

2155 2700 2216 2759 τὸ
2265 2702 2477 2777 μεῖζον,
2506 2697 2599 2757 καὶ
2630 2698 2702 2766 εἷς
2745 2700 2888 2772 ἡμᾶς
2917 2695 3231 2755 ἀποστόλων
3278 2698 3562 2775 πληροῦσα
3591 2692 3760 2761 τάξιν.

444 2803 570 2843 rum
593 2786 913 2857 adimplevit
942 2784 1211 2841 ofﬁcium.
1241 2784 1348 2853 Qui
1379 2799 1511 2855 ergo
1541 2782 1673 2839 dicit
1700 2781 2002 2853 Apostolus
2029 2797 2041 2835 :

2160 2793 2289 2856 Πῶς
2331 2780 2422 2848 οῦν
2458 2810 2657 2868 φησιν,
2692 2785 2774 2845 ὅτι
2814 2812 2837 2838 ι
2890 2788 2935 2846 Γ
2938 2785 3117 2845 υναικὶ
3160 2786 3426 2845 διδάσκειν
3479 2787 3575 2844 οὐκ
3627 2786 3750 2843 ἄπι-

448 2902 473 2927 .
508 2876 724 2933 Mulieri
744 2877 943 2932 docere
959 2892 1071 2931 non
1094 2874 1390 2947 permittol
1431 2878 1497 2932 Ρ»
1522 2880 1568 2929 A
1594 2872 1759 2928 verbo
1781 2872 2049 2928 doctrinae

2159 2877 2417 2957 τρέπων
2452 2882 2533 2939 Οὐ
2575 2881 2666 2936 τοῦ
2719 2874 2877 2954 λόγου
2928 2879 3023 2947 τῆς
3067 2876 3413 2943 διδασκαλίας
3447 2872 3611 2946 αὐτὴν
3658 2897 3764 2932 κω-

453 2924 473 2927 -
508 2924 724 2933 ..-ωηη
748 2924 1071 2932 ---νη-π.
1094 2924 1352 2947 τ-------
1432 2924 1445 2932 ,
1522 2924 1568 2929 --
1606 2924 1751 2928 .-__-
1786 2924 2044 2928 _-_--_m_

443 2984 570 3025 eam
602 2981 717 3021 non
758 2974 925 3033 arcet,
974 2964 1071 3019 sed
1121 2980 1151 3019 a
1182 2962 1480 3035 praesulatu
1529 2961 1587 3017 in
1628 2970 1908 3018 conventu
1936 2970 1992 3017 et
2018 2976 2051 3015 a

2170 2924 2185 2936 .
2227 2924 2416 2952 -..νη-
2456 2924 2532 2939 ν-
2586 2924 2665 2936 η-
2722 2924 2780 2935 ..ν
2820 2924 2875 2934 --
2939 2924 3022 2947 -..τ
3070 2924 3413 2943 -.-..-.........,
3448 2924 3605 2946 ..-..,-
3658 2924 3735 2932 .-π

2161 2924 2308 3043 λῦει,
2359 2966 2497 3027 ἀλλὰ
2542 2971 2633 3039 τῆς
2680 2967 2732 3025 ἓν
2771 2924 2847 3045 τιῷ
2900 2964 3049 3046 μέσῳ
3083 2966 3402 3046 προεδρίας,
3455 2963 3674 3023 καὶτοῦ
3710 2963 3767 3020 ἐν

443 3065 714 3131 suggesto.
738 3055 1013 3110 Privatam
1041 3053 1189 3110 enim
1213 3051 1619 3108 institutionem
1648 3050 1804 3107 valde
1835 3050 2046 3121 probat.

2166 3058 2373 3138 βήματι
2402 3054 2587 3137 θρόνου
2610 3079 2623 3094 ·
2644 3054 2740 3127 τὴν
2760 3054 2865 3134 γὰρ
2894 3054 3002 3136 ἰδίᾳ
3036 3054 3317 3134 γινομένην
3338 3053 3687 3113 διδασκαλίαν
3710 3052 3764 3090 ⁸⁸

444 3150 604 3203 Hanc
646 3145 800 3203 enim
830 3145 899 3201 ad
928 3144 1203 3200 rationem
1228 3152 1286 3200 et
1316 3142 1583 3199 maritum
1610 3157 1775 3197 suum
1804 3156 1963 3210 uxor,
1996 3148 2053 3197 et

2160 3148 2253 3207 καὶ
2285 3146 2490 3229 σφόδρα
2525 3146 2755 3226 δέχεται.
2800 3143 2961 3205 Οὕτω
2990 3142 3094 3223 γὰρ
3132 3142 3219 3201 καὶ
3267 3143 3398 3222 γυνὴ
3430 3141 3519 3201 τὸν
3570 3143 3762 3201 οἰκεῖον

446 3238 648 3294 liberos
688 3236 871 3305 docet,
900 3234 982 3291 sic
1005 3234 1187 3290 Prisca
1225 3232 1424 3306 Apollo
1455 3233 1708 3289 instituit.
1743 3233 1870 3288 Non
1915 3229 2053 3287 dixit

2161 3237 2328 3318 ἄνδρα
2376 3236 2469 3296 καὶ
2517 3235 2585 3295 τὰ
2640 3236 2798 3294 τέκνα
2854 3234 3126 3318 διδάσκει,
3183 3233 3273 3292 καὶ
3320 3237 3355 3305 ἡ
3408 3231 3625 3312 Πρίσκα
3673 3230 3764 3290 τὸν

445 3336 657 3393 autem,
690 3325 864 3381 multa
881 3322 1098 3393 docuit,
1119 3322 1238 3393 sed,
1266 3347 1291 3372 ι
1316 3322 1591 3379 laboravit
1613 3342 1626 3378 :
1669 3345 1693 3371 υ
1715 3330 1777 3377 ut
1795 3320 2051 3377 ostendat

2163 3314 2408 3387 Ἀπολλὼ
2431 3326 2761 3405 κατήχησιν.
2791 3326 2913 3385 Οὐκ
2933 3314 3048 3383 εἶπε
3078 3322 3162 3397 δὲ,
3186 3322 3267 3381 ὅτι
3295 3322 3482 3384 Πολλὰ
3507 3320 3762 3395 ἕδίδαξεν,

440 3415 589 3489 quod
617 3424 673 3472 et
700 3430 795 3488 per
824 3413 1084 3485 pecunias
1110 3428 1240 3469 suas
1282 3418 1340 3468 et
1368 3412 1502 3467 alias
1535 3409 1902 3468 ministrabat.

2159 3416 2297 3491 ἀλλ’,
2334 3439 2361 3474 «
2399 3414 2721 3475 Ἐκοπίασεν
2755 3438 2769 3451 ο
2799 3438 2827 3471 ν
2859 3412 2946 3471 ἵνα
2976 3412 3150 3493 δείξῃ,
3182 3412 3263 3472 ὅτι
3296 3414 3392 3474 καὶ
3424 3412 3513 3472 διὰ
3538 3411 3760 3492 χρημά-

2160 3530 2266 3565 των
2299 3504 2561 3580 διηκόνει,
2592 3504 2684 3565 καὶ
2712 3506 2782 3563 δι’
2814 3503 2991 3563 ἄλλων
3021 3505 3253 3585 τρόπων.

517 3602 695 3656 Vnus.
723 3604 776 3653 7.
805 3596 1096 3653 «Salutate
1115 3593 1503 3651 Andronicum
1521 3591 2047 3663 etJuniam,eogna-

2266 3620 2293 3655 α
2347 3596 2689 3655 Ἀσπάσασθε
2745 3593 3071 3673 Ἀνδρόνικον
3146 3595 3238 3652 καὶ
3315 3592 3572 3666 Ἰουνίαν,
3644 3589 3768 3657 τοὺς

443 3698 531 3746 tos
558 3703 712 3745 meos
738 3696 792 3742 et
834 3685 1189 3756 concaptivos
1218 3698 1394 3751 meos,
1427 3682 1521 3755 qui
1569 3690 1701 3739 sunt
1744 3680 1954 3738 nobiles
1991 3678 2049 3734 in

2159 3686 2427 3766 συγγενεῖς
2488 3708 2624 3763 μου,
2682 3683 2774 3743 καὶ
2838 3682 3313 3763 συναιχμαλώτους
3377 3705 3479 3759 μου
3512 3700 3523 3715 ·
3575 3679 3766 3748 οἵτινές

441 3777 722 3851 apostolis,
748 3777 838 3848 qui
872 3784 928 3832 et
959 3783 1083 3832 ante
1112 3789 1201 3830 me
1226 3772 1452 3829 fuerunt
1480 3772 1537 3828 in
1566 3772 1803 3829 Christo.
1840 3794 1866 3819 ι
1889 3767 2049 3839 Quod

2156 3780 2285 3837 εἰσιν
2319 3776 2576 3853 ἐπίσημοι
2628 3779 2681 3833 ἐν
2711 3781 2820 3841 τοῖς
2867 3773 3217 3845 ἀποστόλοις,
3268 3771 3318 3830 οἳ
3346 3769 3584 3853 καὶᾼπρὸ
3634 3772 3765 3847 ἐμοῦ

438 3850 658 3940 cognati
670 3867 779 3922 sint
796 3866 985 3934 Paulo,
1018 3881 1132 3920 non
1149 3872 1366 3919 tantum
1394 3870 1481 3919 est
1516 3861 2048 3932 encomium,quan-

2155 3864 2433 3945 γεγόνασιν
2466 3850 2518 3922 ἐν
2568 3866 2811 3943 Χριστῷ.
2846 3891 2869 3915 ιι
2915 3865 2998 3923 Οὐ
3042 3861 3104 3920 τὸ
3135 3869 3403 3939 συγγενεῖς
3436 3850 3571 3919 εἶναι
3606 3859 3766 3920 Παύ-

439 3969 561 4013 tum
603 3965 686 4013 est
711 3956 860 4029 quod
905 3956 1020 4011 sint
1044 3953 1378 4026 concaptivi.
1420 3953 1640 4008 Etenim
1671 3950 1921 4024 graviora
1945 3965 2042 4005 ca-

2155 3957 2282 4027 λου,
2336 3960 2582 4014 τοσοῦτον
2646 3952 2943 4031 ἐγκώμιον,
2986 3952 3110 4012 ὅσον
3162 3950 3223 4009 τὸ
3270 3948 3764 4030 συναιχμαλώτους.

440 4048 603 4120 ptivis
621 4047 984 4119 patiebantur,
1013 4045 1147 4101 dum
1178 4051 1471 4117 agerentur
1486 4042 1615 4098 hinc
1637 4041 1763 4097 inde
1781 4049 1837 4097 et
1868 4047 2043 4095 vasta-

2160 4043 2269 4105 Καὶ
2302 4044 2406 4125 γὰρ
2458 4042 2813 4123 χαλεπώτερα
2845 4040 3084 4121 ἔπασχον
3140 4037 3509 4120 αἰχμαλώτων
3532 4084 3548 4111 ,
3601 4041 3767 4125 ἐλαυ-

441 4118 658 4195 rentur.
721 4140 896 4193 Porro
963 4150 1229 4207 magnum
1276 4142 1362 4190 est
1407 4132 1558 4204 quod
1622 4130 1851 4204 apostoli
1915 4129 2044 4198 sint,

2155 4118 2397 4211 νόμενοι,
2446 4118 2822 4213 πορθούμενοι.
2878 4118 3089 4213 Καὶν-τὸ
3134 4118 3461 4197 ἀποστόλους
3495 4127 3551 4187 δὲ
3583 4118 3717 4187 εἶναι
3743 4175 3763 4207 ,

439 4227 753 4301 prmsertim
782 4240 913 4282 cum
940 4225 1100 4281 Junia
1129 4224 1201 4280 sit
1242 4224 1456 4280 mulier.
1488 4223 1666 4279 Multo
1696 4236 1830 4277 vero
1869 4219 2047 4291 majus

2157 4223 2327 4302 μέγα·
2382 4210 2478 4281 καὶ
2524 4210 2692 4282 ταῦτα
2743 4230 2975 4300 γυναῖκα
3025 4210 3187 4279 οὖσαν
3240 4218 3336 4291 τὴν
3386 4218 3614 4280 Ἰουνίαν
3649 4236 3663 4250 ⁶
3702 4217 3765 4278 τὸ

442 4325 526 4373 est
575 4316 724 4388 quod
776 4314 1010 4387 insignes
1056 4314 1188 4371 sint.
1259 4317 1435 4369 Porro
1495 4311 1564 4367 ab
1614 4310 1870 4384 operibus
1933 4308 2049 4366 suis

2159 4312 2214 4372 δὲ
2264 4312 2601 4390 ἐπισήμους,
2654 4312 2840 4391 πολλῷ
2868 4311 2921 4349 ⁸⁷
2955 4312 3180 4385 μᾶλλον.
3229 4308 3528 4386 Ἐπίσημοι
3566 4308 3621 4366 δὲ
3653 4307 3767 4388 ἐγέ-

438 4406 677 4478 insignes
704 4412 834 4461 sunt
859 4403 1006 4460 facti.
1042 4407 1166 4459 Non
1196 4401 1597 4459 verecundatur
1626 4408 1817 4456 autem
1846 4399 2049 4455 Paulus

2156 4425 2307 4462 νοντο
2336 4402 2443 4460 ἀπὸ
2469 4406 2570 4460 τῶν
2596 4401 2790 4481 ἔργων.
2826 4402 2946 4461 οὐκ
2977 4398 3364 4481 ἐπαισχύνεται
3396 4399 3452 4458 δὲ
3483 4402 3511 4457 ὁ
3544 4399 3762 4467 Παῦλος

439 4495 622 4552 dicere
658 4512 721 4551 ac
754 4493 940 4564 fateri,
981 4492 1088 4566 Qui
1120 4501 1250 4549 ante
1298 4506 1390 4547 me
1421 4488 1770 4546 crediderunt
1808 4487 2043 4557 Christo,

2155 4490 2350 4569 λέγων,
2379 4491 2462 4552 ὅτι
2509 4492 2624 4570 Πρὸ
2671 4495 2802 4566 ἐμοῦ
2842 4489 3163 4549 ἐπίστευσαν
3206 4491 3281 4570 τῷ
3314 4490 3570 4569 Χριστῷ,
3614 4489 3766 4547 ἐπαι-

438 4584 839 4642 commendans
861 4600 956 4641 eos
976 4582 1127 4657 quod
1145 4581 1283 4639 adeo
1301 4578 1646 4654 praesilierint
1673 4582 1837 4650 atque
1856 4578 2048 4651 praeri-

2156 4584 2259 4641 νῶν
2307 4580 2528 4655 αὐτοὺς,
2580 4578 2661 4638 ὅτι
2720 4578 3103 4661 προεπήδησαν
3154 4578 3248 4638 καὶ
3300 4578 3660 4661 προήρπασαν
3701 4576 3766 4637 τὸ

445 4674 660 4747 puerint
685 4672 921 4730 bonum.

765 4689 921 4730 num.
2162 4673 2380 4747 ἀγαθόν.

514 4767 697 4820 Vens.
731 4769 786 4819 8.
819 4786 845 4811 α
877 4762 1123 4819 Salutate
1172 4759 1450 4833 Ampliam
1491 4758 1751 4816 dilectum
1782 4772 1968 4813 meum
1993 4758 2049 4812 in

2269 4787 2293 4813 ι
2344 4759 2686 4820 Ἀσπάσασθε
2743 4758 3006 4836 Ἀμπλίαν
3072 4758 3162 4818 τὸν
3222 4757 3498 4837 ἀγαπητόν
3552 4781 3653 4835 μου
3709 4758 3765 4817 ἔν

448 4853 609 4924 115
638 4853 903 4909 Domino.
930 4876 956 4901 υ
979 4852 1033 4909 Si
1054 4867 1225 4924 arege
1262 4850 1414 4923 diligi
1435 4866 1698 4922 magnum
1714 4858 1816 4918 est,
1841 4859 2050 4922 quanto

2165 4849 2367 4931 Κυρίῳ.
2404 4876 2428 4902 ι
2480 4852 2544 4910 Ei
2597 4849 2659 4908 τὸ
2702 4848 2850 4929 παρὰ
2902 4846 3163 4927 βασιλέως
3212 4849 3525 4925 ἀγαπᾶσθαι
3580 4846 3762 4926 μέγα,

441 4944 758 5016 praeclarius
813 4952 892 4999 est
961 4959 994 4999 a
1022 4944 1214 5014 Paulo,
1255 4940 1347 5014 qui
1410 4950 1636 5013 propter
1683 4941 1943 4997 virtutem
1989 4958 2052 4997 ac

2161 4945 2312 5017 πόσῳ
2360 4941 2564 5015 μᾶλλον
2613 4939 2673 4997 τὸ
2709 4939 2858 5020 παρᾶ
2910 4937 3159 5012 Παύλου,
3199 4942 3289 4996 τοῦ
3335 4934 3401 4995 δι⁹
3442 4936 3635 5016 ἀρετὴν
3671 4939 3763 4995 καὶ

440 5033 747 5091 secundum
785 5035 969 5089 Deum
1020 5032 1199 5104 diligit
1224 5037 1247 5089 Ρ

1237 5038 1247 5066 ι
2160 5028 2303 5089 κατὰ
2338 5030 2479 5090 Θεὸν
2508 5032 2852 5110 ἀγαπῶντος;

510 5127 683 5183 Vens.
715 5131 769 5180 9.
810 5148 834 5172 «ι
884 5125 953 5179 Et
979 5123 1273 5179 Urbanum
1320 5120 1636 5194 adjutorem
1690 5130 1945 5177 nostrum
1994 5122 2046 5177 iu

2243 5146 2264 5171 ιι
2301 5118 2411 5179 Καὶ
2449 5118 2727 5198 Οὐρϐανὸν
2768 5118 2853 5177 τὸν
2890 5116 3139 5196 συνεργὸν
3180 5119 3335 5194 ἡμῶν
3368 5118 3421 5174 ἐν
3465 5117 3709 5196 Χριστῷ.
3736 5143 3763 5167 ι.

439 5215 678 5272 Christo.
717 5239 741 5265 ιι
775 5214 954 5287 Major
982 5214 1099 5269 haec
1123 5212 1244 5269 laus
1282 5221 1366 5268 est
1404 5211 1604 5284 priore,
1662 5210 1774 5267 imo
1804 5211 1923 5268 haec
1965 5220 2046 5267 est

2158 5212 2335 5269 Τοῦτο
2380 5213 2555 5286 μεῖζον
2606 5209 2808 5269 ἐκείνου
2851 5207 2911 5266 τὸ
2962 5206 3225 5287 ἐγκώμιον
3260 5230 3273 5244 ·
3324 5207 3531 5285 μᾶλλον
3570 5206 3623 5265 δὲ
3667 5204 3762 5264 καὶ

437 5321 598 5361 causa
618 5305 763 5361 illius
784 5313 840 5361 et
867 5303 1374 5377 comprehensoria.
1407 5303 1549 5359 Nam
1570 5301 1675 5375 qui
1704 5309 1788 5358 est
1803 5300 2045 5374 adjutor,

2157 5298 2324 5358 αἴτιον
2372 5305 2530 5358 τοῦτο
2579 5300 2780 5358 ἐκείνου
2832 5296 2927 5357 καὶ
2970 5296 3327 5377 περιεκτικόν.
3376 5294 3446 5357 Ὁ
3489 5294 3592 5376 γὰρ
3638 5318 3762 5354 συν-

441 5402 526 5451 est
553 5397 725 5453 etiam
753 5396 1004 5453 dilectus.

2156 5388 2305 5469 εργὸς
2324 5434 2340 5461 ,
2374 5391 2466 5448 καὶ⁵
2498 5389 2792 5469 ἀγαπητός.

536 5513 597 5567 ¹Ι
625 5514 750 5569 Cor.
782 5529 915 5580 xw,
947 5518 1036 5571 35.

1853 5620 2036 5683 Variae
2082 5628 2361 5687 lectiones
2378 5674 2391 5689 .

515 5719 558 5756 ⁸⁸
584 5719 743 5775 αὖτῶν
773 5737 827 5778 0.
902 5720 947 5758 ⁸⁸
975 5725 1276 5778 διδάσκαλον
1303 5741 1355 5781 ο.
1435 5722 1482 5761 ⁸⁷
1511 5724 1650 5797 πόσῳ
1679 5740 1733 5781 ο.
