4090 6478
425 447 528 502 555

1453 443 1969 501 THEOPHYLAL'TI
2009 443 2366 499 BULGARIAS
2407 442 2721 496 ARCHIEP.

3627 440 3730 494 556

423 568 704 626 immerito
745 568 1078 626 nominatim
1131 568 1471 626 mentionem
1525 569 1748 626 illorum
1792 567 2013 637 faciens,

2129 567 2297 644 μαστὶ
2349 568 2521 627 αὐτῶν
2595 563 2974 644 μεμνημένος,
3047 563 3324 635 συνίστησι
3379 561 3569 631 αὐτοὺς
3643 562 3730 622 διὰ

420 656 778 715 commendat
801 673 895 715 eos
920 673 1015 730 per
1047 657 1270 714 litteras.

496 750 669 806 Vnus.
702 753 788 806 17.
823 771 848 796 «
871 749 1030 822 Rogo
1061 756 1247 806 autem
1266 762 1385 814 vos,
1421 747 1638 815 fratres,
1669 755 1732 804 ut
1763 746 2018 805 observe-

419 841 493 896 tis
539 854 635 896 eos
661 838 751 912 qui
781 838 1152 896 dissensiones
1203 847 1260 896 et
1295 837 1646 903 offendicula.
1691 848 1890 912 praeter
1930 839 2022 896 do-

418 928 655 986 ctrinam
672 944 842 1002 quam
859 943 962 986 vos
980 927 1270 998 didicistis,
1294 927 1524 986 faciunt.
1548 954 1572 979 ν
1603 933 1813 986 Rursus
1827 929 2020 987 admo-

418 1025 533 1088 net,
585 1034 699 1076 non
768 1017 931 1075 veluti
1001 1019 1306 1084 consultor,
1361 1018 1458 1076 sed
1513 1017 1771 1091 supplicis
1821 1019 2013 1091 instar,

418 1122 744 1181 summaque
787 1123 916 1164 cum
959 1107 1281 1164 reverentia.
1332 1109 1552 1166 Fratres
1581 1109 1732 1166 enim
1762 1109 2015 1183 appellat.

418 1196 868 1255 Fraudulentiam
895 1205 1082 1254 autem
1106 1197 1564 1255 calumniantium
1609 1198 2018 1269 demonstrans,

417 1289 515 1357 ait,
541 1287 849 1354 observate,
880 1285 989 1344 hoc
1015 1295 1121 1356 est,
1152 1286 1406 1360 inquirite
1445 1288 1500 1344 in
1524 1303 1619 1344 eos
1641 1303 1861 1346 summa
1888 1304 2018 1346 cum

416 1375 719 1450 diligentia.
752 1375 1002 1433 Primum
1049 1383 1235 1432 autem
1281 1374 1642 1434 dissensiones
1668 1384 1818 1446 sunt,
1867 1377 2022 1435 dein-

417 1466 486 1525 de
526 1465 800 1524 scandala.
856 1466 1140 1539 Tantisper
1193 1465 1342 1523 enim
1372 1465 1507 1522 dum
1547 1482 1750 1538 corpus
1800 1465 2017 1522 unitum

417 1555 605 1626 fuerit,
656 1572 771 1614 non
824 1564 1055 1629 possunt
1088 1554 1324 1627 irrepere
1350 1553 1601 1612 scandala
1635 1575 1648 1612 :
1695 1557 1797 1612 ista
1834 1564 2018 1612 autem

415 1654 546 1704 sunt
587 1643 824 1704 hereses
855 1663 868 1700 :
911 1659 1068 1713 nam,
1104 1665 1126 1695 ε
1163 1651 1364 1717 preter
1400 1642 1711 1701 doctrinam
1740 1666 1767 1692 ιι
1820 1643 2019 1717 inquit,

418 1756 444 1782 α
473 1748 647 1808 quam
677 1749 773 1789 vos
797 1733 1082 1790 didicistis.
1116 1755 1142 1782 ι»
1164 1733 1292 1789 Non
1316 1730 1472 1804 dixit,
1497 1748 1668 1806 quam
1697 1733 2009 1802 docuimus,

412 1788 1110 1894 sedset—quam‘didicistis
1142 1837 1156 1875 ε
1193 1788 1734 1878 »ίεοιθνειέιέιὶείίὲοέ
1758 1788 2011 1878 assa;
2045 1788 2092 1851 Β

411 1918 610 1980 strans,
634 1911 756 1984 jam
781 1926 1071 1984 persuasos
1098 1927 1216 1968 esse
1239 1919 1404 1986 atque
1448 1911 1714 1985 recepisse
1731 1953 1746 1979 ,
1778 1911 2013 1986 ideoque

413 2017 736 2076 permanere
778 2001 978 2060 debere
1028 2003 1087 2058 in
1128 2002 1193 2058 iis
1224 2017 1351 2076 quas
1386 2011 1734 2076 acceperunt.
1775 2003 2014 2061 Dissidia

413 2092 583 2166 igitur
627 2100 684 2149 et
716 2090 976 2150 scandala
1021 2106 1122 2148 seu
1147 2090 1406 2162 haereses,
1435 2092 1504 2149 ab
1541 2093 1614 2150 iis
1639 2093 1730 2165 qui
1757 2091 2014 2166 dogmata

411 2190 618 2255 praeter
643 2181 1003 2256 apostolicam
1050 2180 1452 2238 institutionem
1489 2180 1734 2252 tradunt,
1765 2181 2013 2240 introdu-

412 2280 636 2329 cuntur.

484 2363 662 2421 Vnus.
701 2368 787 2427 t7,
827 2367 908 2419 18.
954 2384 978 2411 α
1013 2362 1299 2418 Declinate
1344 2361 1412 2418 ab
1456 2362 1588 2434 ipsis
1633 2382 1648 2416 :
1693 2362 2014 2436 hujusmodi

411 2452 559 2508 enim
581 2451 827 2508 Domino
856 2459 1046 2509 nostro
1076 2453 1209 2508 Jesu
1233 2451 1454 2508 Christo
1477 2468 1592 2509 non
1622 2453 1888 2521 serviunt,
1919 2453 2014 2510 sed

410 2557 510 2598 suo
529 2540 773 2613 ipsorum
798 2541 993 2597 ventri.
1030 2563 1054 2589 ι
1089 2540 1339 2610 Resilite,
1361 2541 1560 2613 inquit,
1592 2539 1661 2596 ab
1684 2541 1836 2612 ipsis.
1870 2543 2009 2597 Nam

406 2631 449 2686 si
486 2629 606 2688 hac
633 2645 699 2686 ex
741 2630 1046 2704 ignorantia
1095 2631 1178 2686 vel
1231 2645 1416 2686 errore
1459 2629 1721 2697 facerent,
1757 2646 1855 2701 par
1896 2641 2016 2688 erat

407 2718 744 2777 emendare:
775 2721 1039 2793 quoniam
1069 2735 1201 2777 vero
1247 2720 1484 2777 scienter
1532 2728 1784 2792 peccant,
1829 2718 2012 2794 fugite.

405 2808 630 2866 Judmos
660 2817 847 2866 autem
877 2809 1155 2882 intelligit,
1202 2825 1340 2881 quos
1384 2809 1628 2866 maxime
1665 2825 1766 2866 ceu
1790 2810 2015 2882 gulosos

408 2914 634 2972 carpere
675 2899 853 2956 solet:
893 2899 1214 2955 universum
1254 2899 1401 2955 enim
1448 2914 1643 2956 eorum
1707 2915 1882 2972 genus
1930 2907 2014 2956 est

405 2987 743 3062 hujusmodi.
776 2990 982 3046 Omnes
1033 3004 1198 3060 porro
1229 2990 1467 3045 haereses
1497 2988 1629 3044 hinc
1677 2997 2007 3057 nascuntur,

403 3078 667 3134 nimirum
692 3076 844 3150 quod
863 3092 1056 3133 eorum
1077 3085 1328 3133 auctores
1351 3075 1642 3133 affectibus
1657 3076 1770 3133 suis
1797 3085 1852 3133 et
1874 3093 2008 3133 ven-

407 3170 477 3227 tri
504 3170 824 3226 inserviant.
857 3171 1052 3226 Nonne
1079 3168 1249 3241 igitur
1276 3177 1330 3224 te
1360 3168 1546 3242 pudet,
1577 3185 1706 3225 cum
1729 3170 1809 3226 sis
1849 3167 2010 3226 Chri-

406 3261 477 3316 sti
504 3259 690 3331 frater,
722 3260 927 3316 ventris
954 3274 1141 3316 servos
1168 3257 1265 3315 tibi
1293 3257 1600 3315 adsciscere
1620 3259 1677 3315 in
1698 3257 1954 3315 doctores
1983 3261 2007 3315 Ρ

407 3349 648 3408 Observa
687 3349 796 3422 hic,
844 3348 992 3422 quod
1020 3349 1114 3421 qui
1145 3349 1320 3405 ventri
1351 3347 1599 3419 inservit,
1630 3347 1854 3406 Christo
1897 3364 2012 3405 non

405 3438 646 3497 inservit.

478 3553 504 3580 κ
539 3531 609 3586 Et
665 3545 762 3602 per
803 3528 988 3586 dulces
1026 3543 1308 3586 sermones
1335 3536 1391 3584 et
1414 3527 1824 3586 benedictiones
1851 3527 2012 3585 sedu-

404 3627 540 3676 cunt
583 3618 750 3677 corda
778 3619 1180 3676 innocentium.
1216 3642 1240 3666 υ
1289 3617 1643 3688 Insidiantur,
1672 3617 1866 3690 inquit,
1912 3633 2010 3690 per

403 3709 763 3766 adulationes.
796 3711 938 3765 Nam
964 3708 1310 3780 χρηστολογία
1338 3717 1394 3764 et
1420 3707 1624 3781 εὐλογία
1668 3707 1772 3764 hoc
1798 3706 2007 3780 signifi-

400 3808 562 3869 cant;
592 3799 886 3867 nimirum,
910 3814 1040 3854 cum
1063 3797 1225 3854 verba
1255 3797 1557 3855 amicitiam
1582 3806 1816 3864 sonent;
1851 3813 2007 3853 mens

400 3906 532 3948 vero
589 3888 782 3947 fraude
809 3887 1072 3945 abundet.
1105 3891 1230 3946 Non
1274 3896 1456 3962 autem
1507 3887 1645 3944 dixit
1675 3929 1688 3942 .
1712 3886 2009 3960 Decipiunt

402 3995 519 4050 vos,
551 3979 651 4037 sed
683 4000 696 4036 :
733 4001 759 4030 ι
786 3976 962 4036 Corda
987 3977 1394 4050 innocentium,
1413 4001 1441 4028 ι
1472 3977 1578 4034 hoc
1607 3985 1691 4034 est
1710 3976 2007 4050 simplicio-

402 4083 548 4126 rum.

470 4159 652 4214 Vnus.
688 4159 771 4211 19.
808 4177 834 4205 α
864 4155 1057 4210 Vestra
1089 4155 1238 4210 enim
1270 4153 1576 4211 obedientia
1603 4155 1662 4210 in
1689 4153 1843 4210 omni
1885 4153 2008 4212 loco

403 4246 678 4318 divulgata
722 4251 827 4300 est.
860 4243 1090 4300 Gaudeo
1138 4243 1303 4316 igitur
1343 4245 1397 4300 in
1424 4243 1604 4301 vobis.
1636 4263 1665 4298 »
1698 4243 2006 4315 Simplicio-

403 4351 514 4402 res,
544 4333 746 4408 inquit,
777 4334 1045 4402 inescant,
1066 4348 1182 4390 non
1209 4342 1392 4390 autem
1428 4349 1546 4391 vos.
1585 4354 1614 4386 ‹‹
1639 4335 1834 4391 Vestra
1863 4333 2009 4390 enim

2131 655 2487 737 γραμμάτων.

2209 775 2232 800 ι
2267 748 2583 826 Παρακαλῶ
2629 745 2683 806 δὲ
2716 747 2890 823 ὑμᾶς,
2939 742 3188 824 ἀδελφοὶ,
3233 750 3448 803 σκοπεῖν
3488 740 3607 807 τοὺς
3636 743 3731 810 τὰς

2129 835 2470 917 διχοστασίας
2501 837 2593 896 καὶ
2625 835 2691 895 τὰ
2730 834 3006 894 σκάνδαλα
3026 877 3042 908 ,
3077 833 3224 912 παρᾶ
3277 831 3373 906 τὴν
3408 830 3634 912 διδαχὴν
3662 831 3729 904 ἣν

2130 931 2278 1002 ὑμεῖς
2323 926 2580 1003 ἐμάθετε,
2638 929 2939 992 ποιοῦντας.
3001 952 3025 976 υ
3077 921 3253 984 Πάλιν
3296 925 3583 1004 παραινεῖ,
3636 920 3730 980 καὶ

2130 1018 2230 1097 οὐχ
2258 1019 2331 1085 ὥς
2363 1015 2694 1092 σύμϐουλος,
2739 1016 2860 1073 ἀλλ’
2884 1015 2953 1080 ὡς
2993 1011 3201 1086 ίκέτης,
3233 1011 3325 1071 καὶ
3352 1011 3488 1090 μετὰ
3528 1014 3730 1083 πολλῆς

2128 1110 2286 1184 τιμῆς
2307 1130 2320 1144 ·
2352 1105 2608 1186 ἀδελφοὺς
2637 1105 2763 1186 γὰρ.Δ
2784 1106 2960 1164 καλεῖ.
3005 1101 3084 1164 Τὸ
3114 1104 3324 1183 δολερὸν
3355 1103 3409 1161 δὲ
3453 1105 3561 1160 τῶν
3592 1103 3728 1174 ἕπη-

2131 1195 2420 1278 ρεαζόντων
2451 1194 2682 1267 δεικνὺς,
2713 1183 2864 1268 εἶπε,
2913 1195 3178 1254 Σκοπεῖτε
3201 1236 3217 1265 ,
3265 1191 3538 1264 τουτέστι,
3581 1213 3732 1270 περι-

2129 1287 2409 1368 εργάζεσθε
2461 1283 2654 1368 αὐτοὺς
2709 1282 2846 1361 μετὰ
2911 1281 3210 1364 ἀκριϐείας.
3272 1285 3494 1361 Πρῶτον
3556 1278 3611 1341 δὲ
3673 1283 3729 1338 αἱ

2129 1364 2500 1456 διχοστασίαι,
2535 1364 2652 1436 εἶτα
2678 1372 2747 1434 τὰ
2772 1372 3066 1435 σκάνδαλα.
3112 1369 3261 1440 "Em;
3300 1373 3405 1454 γὰρ
3452 1371 3729 1447 ἡνωμένον

2130 1455 2193 1536 ἦν
2221 1465 2278 1524 τὸ
2325 1467 2518 1544 σῶμα,
2571 1465 2666 1524 οὔκ
2692 1462 2804 1543 ἔχει
2855 1462 3056 1522 εἴσοδον
3102 1461 3171 1521 τὰ
3220 1457 3494 1521 σκάνδαλα
3521 1485 3534 1497 ·
3585 1459 3727 1539 αἱρέ-

2129 1577 2236 1622 σεις
2289 1554 2343 1615 δὲ
2390 1559 2584 1614 ταῦτα.
2625 1582 2649 1608 ιι
2685 1553 2852 1632 Παρὰ
2902 1551 3000 1625 τὴν
3028 1551 3266 1633 διδαχὴν
3301 1581 3322 1602 ιι
3377 1551 3500 1632 γὰρ,
3532 1550 3726 1630 φησὶν,

2130 1673 2152 1696 ι
2189 1645 2255 1718 ἣν
2285 1647 2434 1722 ὑμεῖς
2481 1644 2726 1723 ἐμάθετε.
2765 1631 2795 1694 »ί
2836 1644 2954 1703 Οὔκ
3005 1631 3149 1702 εἶπεν
3166 1631 3327 1716 θΗν
3372 1631 3726 1717 ὶδιδάξαμεν,

2129 1734 2249 1795 ἀλλ’
2276 1763 2298 1788 ι
2327 1732 2436 1796 Ἢν
2466 1735 2688 1811 ἐμάθετε
2705 1777 2722 1808 ,
2759 1759 2782 1784 ι
2807 1732 3344 1813 προκαταλαμϐάνων
3373 1729 3568 1798 αὐτοὺς
3587 1773 3604 1804 ,
3631 1729 3726 1789 καὶ

2127 1823 2328 1892 δεικνὺς
2400 1823 2504 1899 ἤδη
2579 1821 3002 1900 πεπεισμένους,
3064 1824 3158 1883 καὶ
3227 1820 3724 1899 καταδεξαμένους,

2123 1914 2214 1972 καὶ
2252 1912 2340 1973 διὰ
2358 1917 2512 1974 τοῦτο
2558 1912 2862 1996 ὀφείλοντας
2912 1913 3159 1991 ἐμμένειν
3205 1903 3280 1982 οἷς
3333 1912 3437 1986 ἤδη
3487 1909 3724 1990 παρέλα-

2125 2001 2240 2065 ϐον.
2279 2003 2388 2066 Καὶ
2421 2005 2473 2062 αἱ
2505 2001 2840 2084 διχοστασίαι
2889 2002 3064 2062 τοίνυν
3089 2049 3102 2075 ,
3151 2003 3244 2062 καὶ
3287 2001 3354 2060 τὰ
3405 2000 3677 2060 σκάνδαλα
3702 2046 3720 2074 ,

2121 2091 2280 2172 ἤγουν
2330 2095 2385 2152 αἰ
2446 2093 2698 2174 αἱρέσεις,
2751 2094 2811 2152 ἐκ
2853 2095 2960 2152 τῶν
3022 2094 3168 2173 παρὰ
3227 2093 3317 2166 τὴν
3358 2089 3724 2163 άποστολικὴν

2124 2183 2346 2266 διδαχὴν
2373 2183 2793 2263 δογματιζόντων
2823 2182 3145 2261 εἰσάγονται.

2202 2385 2226 2408 ιι
2259 2355 2576 2417 Ἐκκλίνατε
2618 2354 2709 2414 ἀπ’
2739 2357 2930 2416 αὐτῶν.
2968 2357 3036 2414 Oi
3069 2356 3170 2435 γὰρ
3202 2361 3429 2414 τοιοῦτοι
3481 2355 3556 2431 τῷ
3608 2355 3720 2414 Κυ-

2125 2447 2219 2528 ρίῳ
2247 2449 2404 2523 ἡμῶν
2447 2443 2626 2520 Ἰησοῦ
2666 2446 2888 2525 Χριστῷ
2935 2445 2994 2503 οὗ
3043 2443 3416 2518 δουλεύουσιν,
3468 2443 3609 2504 ἀλλὰ

2125 2539 2324 2595 ἑαυτῶν
2374 2533 2574 2615 κοιλίᾳ.
2620 2563 2644 2586 ι·
2697 2534 3035 2606 Ἀποπηδᾶτε
3059 2583 3072 2603 ,
3126 2533 3321 2613 φησὶν,
3375 2534 3472 2595 ἀπ’
3523 2535 3720 2596 αὐτῶν.

2127 2627 2191 2685 Εἰ
2223 2623 2318 2703 μὲν
2367 2624 2471 2704 γὰρ
2518 2623 2570 2693 ἐξ
2618 2624 2857 2704 ἀγνοίας,
2906 2623 2941 2695 ἢ
2996 2621 3200 2698 πλάνης
3242 2628 3414 2684 ταῦτα
3469 2623 3716 2701 έποίουν,

2124 2713 2228 2774 ἔδει
2263 2716 2499 2795 διορθοῦν
2521 2737 2535 2751 ο
2584 2713 2699 2772 ἐπεὶ
2731 2713 2784 2772 δὲ
2817 2712 3009 2780 εἰδότες
3039 2713 3426 2794 ἁμαρτάνουσι,
3457 2714 3713 2795 φεύγετε.

2123 2803 2263 2872 Τοὺς
2298 2803 2350 2873 ἐξ
2374 2802 2648 2864 Ἰουδαίων
2694 2802 2747 2861 δὲ
2796 2803 3123 2880 αἰνίττεται,
3172 2802 3259 2872 οὓς
3299 2803 3535 2882 μάλιστα
3567 2802 3718 2863 εἴωθε

2122 2892 2428 2953 διαϐάλλειν
2475 2897 2546 2961 ὡς
2591 2893 3021 2974 γαστριμάργους
3067 2917 3080 2931 ·
3138 2891 3260 2953 ὅλον
3311 2893 3415 2973 γὰρ
3464 2894 3526 2953 τὸ
3574 2893 3725 2972 γένος

2123 2990 2378 3044 τοιοῦτον.
2459 2984 2644 3044 Πᾶσαι
2701 2983 2754 3042 δὲ
2815 2985 2870 3041 αἰ
2917 2982 3148 3066 αἱρέσεις
3196 2987 3267 3066 ἐκέ
3306 2990 3398 3042 τοῦ
3455 2982 3720 3043 δουλεύειν

2117 3074 2309 3132 πάθεσι
2338 3073 2428 3132 καὶ
2461 3072 2654 3153 γαστρί
2679 3071 2754 3134 ⁸⁹.
2799 3073 2920 3133 Οὐκ
2947 3063 3179 3154 αἰσχύνῃ
3207 3063 3298 3132 οὖν
3328 3071 3721 3141 κοιλιοδούλους

2115 3161 2462 3231 διδασκάλους
2520 3161 2864 3239 ποιούμενος,
2934 3166 2962 3220 ὁ
3008 3173 3099 3222 τοῦ
3159 3163 3395 3241 Χριστοῦ
3447 3160 3712 3244 άδελφός;

2120 3253 2434 3330 Σημείωσαι
2465 3252 2542 3324 δὲ,
2572 3251 2652 3312 ὅτι
2677 3254 2705 3310 ὁ
2735 3251 2994 3312 δουλεύων
3025 3251 3236 3333 γαστρὶ,
3267 3252 3490 3334 Χριστῷ
3517 3253 3576 3310 οὗ
3605 3253 3724 3311 δου-

2118 3342 2277 3404 λεύει.

2205 3546 2232 3580 ε
2272 3521 2378 3583 Καὶ
2419 3519 2507 3580 διὰ
2546 3526 2640 3593 τῆς
2685 3518 3075 3603 χρηστολογίας
3117 3520 3210 3579 καὶ
3256 3521 3497 3599 εὐλογίας
3525 3520 3728 3590 ἐξαπα-

2115 3615 2248 3671 τῶσι
2303 3609 2398 3678 τὰς
2447 3611 2668 3691 καρδίας
2717 3613 2821 3669 τῶν
2872 3609 3108 3672 ἀκάκων.
3160 3633 3189 3668 ι
3242 3608 3725 3686 Ἐπιϐουλεύουσι,

2116 3703 2279 3781 φησι,
2311 3701 2398 3759 διὰ
2439 3698 2721 3766 κολακείας
2751 3722 2766 3736 ·
2797 3704 2952 3760 τοῦτο
2987 3698 3090 3780 γὰρ
3127 3703 3161 3772 ἡ
3217 3699 3579 3781 χρηστολογία
3622 3703 3718 3760 καὶ

2115 3780 2149 3864 ἡ
2198 3790 2443 3869 εὐλογία,
2475 3790 2604 3850 ὅταν
2645 3789 2711 3851 τὰ
2745 3789 2840 3868 μὲν
2873 3789 3088 3871 ῥήματα
3117 3790 3293 3871 φιλίας
3332 3780 3404 3871 ᾗ,
3458 3795 3490 3863 ἡ
3527 3789 3583 3849 δὲ
3609 3791 3728 3850 διά·

2114 3903 2230 3939 νοια
2262 3881 2418 3940 δόλου
2462 3879 2718 3960 γέμουσα.
2773 3869 2890 3939 Οὔκ
2938 3869 3051 3939 εἷπε
3104 3869 3158 3939 δὲ
3181 3925 3197 3956 ,
3223 3869 3400 3960 ⁴Υμᾶς
3445 3879 3728 3949 ἐξαπατῶ-

2116 3993 2231 4046 σιν,
2278 3969 2448 4048 ma,
2506 3991 2535 4028 ((
2560 3969 2674 4037 Τὰς
2718 3968 2940 4051 καρδίας
2981 3972 3085 4029 τῶν
3130 3970 3387 4044 ἀκάκων,
3424 3999 3444 4023 υ
3477 3969 3726 4030 τουτέστι

2115 4061 2220 4119 τῶν
2248 4056 2624 4138 ἁπλουστέρων
2635 4105 2646 4117 .

2221 4175 2246 4204 ιι
2309 4148 2395 4232 ἩΔ
2431 4148 2535 4229 γὰρ
2584 4151 2732 4225 ὑμῶν
2803 4147 3013 4221 ὑπακοὴ
3079 4149 3152 4218 εἰς
3204 4149 3406 4217 πάντας
3472 4149 3716 4232 ἀφίκετο.

2115 4237 2307 4318 Χαίρω
2336 4229 2425 4297 οὖν
2455 4238 2516 4297 τὸ
2544 4239 2626 4318 ἐφ’
2661 4241 2808 4315 ὑμῖν.
2837 4263 2862 4290 υ
2901 4235 3042 4304 Τοὺς
3085 4237 3477 4318 ἁπλουστέρους
3497 4229 3676 4320 ,νφησὶ
3699 4283 3722 4313 ,

2114 4327 2449 4403 δελεάζουσι,
2481 4326 2574 4386 καὶ
2604 4328 2706 4408 οὐχ
2737 4329 2899 4404 ὑμᾶς.
2936 4354 2961 4380 ι
2996 4326 3066 4389 ⁶Η
3107 4326 3210 4407 γὰρ
3239 4331 3391 4406 ὑμῶν
3431 4327 3664 4401 ὑπακοὴ,
3696 4355 3726 4382 υ

402 4423 739 4494 obedientia,
760 4448 786 4474 av
805 4423 911 4481 hoc
926 4431 1007 4480 est
1028 4424 1071 4495 ι
1086 4423 1190 4495 17
1207 4423 1507 4496 persuasio,
1520 4439 1645 4496 quae
1657 4433 1740 4480 est
1752 4439 1815 4479 ex
1828 4425 1999 4481 multa

2122 4417 2380 4479 τουτέστιν
2432 4421 2466 4490 ἡ
2502 4415 2704 4490 πειθὼ,
2738 4416 2854 4490 ἥτις
2903 4416 3010 4476 ἀπὸ
3059 4420 3261 4490 πολλῆς
3298 4419 3599 4498 πραότητος
3629 4417 3723 4498 γί-

403 4514 844 4583 mansuetudine,
897 4538 922 4562 α
954 4513 1024 4570 ad
1064 4529 1260 4570 omnes
1285 4513 1551 4586 pervenit.
1579 4537 1604 4563 ιο
1653 4516 1766 4570 Nec
1793 4529 1895 4586 ego
1923 4529 2011 4571 so-

401 4607 486 4662 lus
515 4603 644 4661 fidei
670 4604 800 4661 huic
845 4613 1042 4660 vestrae
1092 4603 1474 4660 testimonium
1501 4604 1788 4677 perhibeo,
1818 4619 2010 4661 verum

400 4695 570 4750 etiam
619 4693 908 4751 universus
946 4693 1116 4749 orbis.
1151 4717 1177 4742 α
1212 4693 1441 4750 Gaudeo
1469 4693 1639 4765 igitur
1678 4695 1734 4750 in
1762 4694 1942 4763 vobis,
1978 4719 2004 4744 υ

404 4790 467 4838 ut
493 4782 589 4854 qui
616 4796 728 4837 non
752 4782 870 4839 sitis
894 4781 1124 4854 decepti.
1407 4795 1411 4799 '

477 4894 503 4921 ιι
534 4871 676 4926 Volo
695 4879 882 4927 autem
895 4887 990 4928 vos
1009 4871 1286 4942 sapientes
1299 4871 1526 4945 quidem
1548 4887 1667 4930 esse
1684 4872 1753 4930 ad
1773 4873 2000 4939 bonum,

399 4961 678 5038 simplices
707 4976 836 5018 vero
861 4961 930 5018 ad
956 4962 1186 5018 malum.
1219 4985 1244 5011 ν
1276 4963 1461 5019 Innuit
1486 4961 1635 5034 quod
1665 4963 1748 5020 vel
1777 4978 1845 5019 ex
1876 4963 2005 5035 ipsis

398 5051 647 5110 nonnulli
687 5050 901 5125 decepti
955 5051 1172 5108 fuerint.
1231 5051 1422 5109 Palam
1469 5061 1658 5108 autem
1718 5051 1808 5108 hic
1857 5052 2004 5109 idem

395 5158 524 5200 cum
551 5143 796 5200 Domino
821 5143 1068 5216 praecipit
1096 5160 1110 5199 :
1143 5165 1168 5192 ι
1193 5143 1236 5215 j.
1266 5145 1458 5199 Estote
1478 5141 1775 5216 prudentes
1802 5150 1866 5199 ut
1891 5158 2005 5199 ser-

400 5240 608 5304 pentes,
661 5240 717 5290 et
768 5231 1044 5305 simplices
1086 5232 1236 5289 velut
1260 5231 1554 5289 columbae.
1591 5254 1617 5281 ιο
1669 5232 1799 5288 Vult
1855 5232 2006 5288 enim

397 5324 668 5396 sapientes
694 5321 923 5397 quidem
953 5338 1052 5380 seu
1090 5322 1347 5395 providos
1371 5337 1488 5379 esse
1525 5321 1594 5380 ad
1627 5323 1858 5393 bonum,
1899 5322 2008 5378 hoc

399 5419 504 5482 est,
554 5411 625 5470 ad
650 5412 939 5487 propriam
987 5411 1222 5469 salutem
1250 5418 1308 5469 et
1356 5411 1847 5470 commoditatem:
1875 5409 2006 5469 sim-

482 5573 722 5630 iMatth.
762 5589 826 5640 Χ,
857 5580 940 5631 16.

2119 4530 2302 4582 νεται,
2361 4534 2386 4560 α
2443 4509 2516 4574 εἷς
2560 4506 2764 4574 πάντας
2816 4507 3056 4585 ἀφίκετο.
3092 4533 3117 4560 ι
3166 4507 3274 4568 Καὶ
3328 4509 3423 4568 οὔκ
3473 4507 3578 4587 ἐγὼ
3621 4509 3729 4585 μόκ

2120 4619 2204 4665 νος
2250 4601 2520 4679 μαρτυρίιῖξΔ
2564 4595 2768 4678 ταύτῃ,
2817 4595 2956 4657 ἀλλὰ
3002 4597 3094 4656 καὶ
3139 4600 3174 4668 ἡ
3210 4597 3493 4675 οἰκουμένη
3537 4605 3716 4658 πᾶσα.

2124 4708 2155 4744 ιι
2213 4676 2402 4767 Χαίρω
2435 4676 2550 4745 ὀὖν
2603 4687 2665 4747 τὸ
2708 4676 2794 4767 ἐφ’
2855 4685 3016 4763 ὑμῖν,
3064 4708 3094 4744 ι)
3149 4689 3257 4756 τοῖς
3311 4687 3387 4765 μὴ
3448 4685 3724 4758 ἐξαπατη-

2117 4781 2269 4837 θεῖσι.

2201 4889 2230 4936 ᾳ
2263 4863 2426 4925 Θέλω
2475 4868 2613 4942 ὑμᾶς
2667 4863 2858 4946 σοφοὺς
2909 4862 3005 4942 μὲν
3055 4855 3192 4925 εἶναι
3242 4867 3316 4934 εἰς
3374 4864 3433 4924 τὸ
3484 4867 3678 4945 ἀγαθὸν
3705 4916 3722 4938 ,

2115 4954 2392 5036 ἀκεραίους
2439 4953 2496 5012 δὲ
2540 4955 2613 5022 εἰς
2643 4955 2704 5014 τὸ
2735 4953 2923 5015 κακόν.
2949 4976 2979 5011 s
3031 4955 3366 5028 Αἰνίττεται,
3399 4952 3478 5014 ὅτι
3521 4957 3610 5014 καὶ
3656 4955 3715 5025 ἐξ

2115 5034 2290 5102 αὐτῶν
2325 5034 2464 5117 ἦσάν
2518 5067 2652 5112 τινες
2700 5041 3063 5121 ἀπατώμενοι.
3113 5041 3384 5124 Ἄντικρυς
3431 5043 3486 5103 δὲ
3532 5046 3592 5105 τὸ
3621 5051 3722 5106 τοῦ

2119 5133 2317 5211 Κυρίου
2347 5133 2519 5216 φησί·
2566 5157 2597 5190 ιι
2646 5132 2864 5194 Γίνεσθε
2906 5133 3152 5216 φρόνιμοι
3191 5137 3263 5202 ὥς
3305 5136 3353 5192 οἱ
3398 5133 3573 5215 ὄφεις,
3623 5136 3722 5195 καὶ

2115 5223 2356 5303 ἀκέραιοι
2404 5225 2476 5291 ὣς
2505 5225 2560 5284 αἱ
2586 5224 2922 5306 περιστεραί.
2960 5245 2990 5282 ι
3032 5223 3297 5283 Βούλεται
3326 5223 3431 5304 γὰρ
3465 5246 3494 5282 ε
3525 5223 3723 5306 σοφοὺς

2117 5246 2356 5303 ακεραιοι
2404 5246 2476 5291 ως
2505 5246 2560 5284 αι
2586 5246 2804 5304 περιστε
2843 5246 2922 5284 αι.
2960 5246 2990 5282 ι
3033 5246 3297 5283 bonum
3326 5246 3431 5304 γαρ
3465 5246 3494 5282 ε
3525 5246 3719 5306 σοφους

2117 5313 2232 5389 μὲν,
2255 5341 2278 5366 ι
2307 5313 2712 5396 ἤτοιφρονίμους
2732 5339 2758 5367 α
2791 5246 2928 5372 εἰναι
2953 5315 3028 5380 εἰς
3057 5311 3117 5372 τὸ
3144 5311 3340 5393 ἀγαθὸν
3358 5359 3374 5389 ,
3402 5340 3424 5367 ι
3444 5315 3719 5375 τουτέστιν

2117 5405 2189 5470 εἰς
2231 5402 2326 5474 τὴν
2357 5402 2556 5463 οἰκείαν
2587 5403 2854 5484 σωτηρίαν
2885 5403 2978 5463 καὶ
3025 5401 3288 5484 ὠφέλειαν
3311 5428 3324 5441 ·
3373 5431 3396 5456 ιι
3434 5403 3721 5484 ἀκεραίους

1808 5653 2002 5728 Variae
2040 5656 2336 5730 lectiones.

470 5742 512 5777 ⁸ο
542 5743 685 5814 σαρκί
712 5758 764 5800 0.
