4090 6494
316 493 420 546 557

1224 492 1576 549 EXPOSITIO
1616 494 1681 549 IN
1723 493 1936 549 EPIST.
1980 495 2070 550 AD
2111 494 2270 550 ROM.
2312 524 2376 534 —
2420 494 2567 550 CAP.
2614 496 2744 550 XVI.

3528 499 3632 551 558

316 615 377 675 δὲ
410 618 482 683 εἰς
509 615 570 675 τὸ
613 617 806 690 κακὸν,
835 640 864 674 ››
923 618 1222 692 τουτέστιν,
1267 621 1337 685 εἰς
1383 617 1443 678 τὸ
1493 618 1567 696 μὴ
1618 622 1919 679 κακοποιεῖν

2059 618 2206 676 ilices
2229 626 2418 676 autem
2445 619 2518 675 ad
2562 619 2799 688 malum,
2844 619 2950 676 hoc
2991 627 3102 690 est,
3136 621 3207 679 ad
3235 640 3346 681 non
3375 621 3517 678 male
3549 623 3632 679 fa-

321 705 550 788 ἐτέρους.
586 705 658 768 Ὅ
687 706 788 788 γὰρ
816 707 1059 788 ἀκέραιος
1088 709 1274 770 οὐδένα
1309 708 1555 788 βλάπτει.

415 819 443 854 ιι
473 795 539 856 Ὁ
571 795 625 855 δὲ
655 797 791 865 Θεὸς
836 801 931 869 τῆς
982 796 1189 880 εἰρήνης
1237 798 1508 880 συντρίψει
1550 797 1637 858 τὸν
1671 801 1919 860 Σατανᾶν

319 887 430 946 ὑπὸ
469 887 586 955 τοὺς
615 887 782 955 πόδας
810 891 960 966 ὑμῶν
1008 891 1062 948 ἐν
1103 886 1276 969 τάχει.
1307 913 1338 946 ν
1395 888 1625 962 Ἐπειδὴ
1669 880 1807 960 ἦσαν
1837 891 1920 948 δι-

321 977 650 1057 χοστασίαι,
681 976 772 1038 τὸν
819 983 912 1049 τῆς
943 977 1154 1057 εἰρήνης
1195 980 1392 1058 δοτῆρα
1433 979 1800 1053 ἐπικαλεῖται,
1833 977 1922 1037 ἵνα

321 1066 511 1148 παύσῃ
546 1068 614 1128 τὰ
655 1067 952 1130 σκάνδαλα.
988 1071 1071 1129 Οὖ
1108 1069 1250 1146 λέγει
1297 1069 1384 1145 δὲ,
1433 1068 1756 1146 Ὑποτάξει,
1803 1071 1922 1128 ἀλλ’

321 1156 354 1216 8
385 1158 569 1237 πολλῷ
617 1161 792 1236 μεῖζον
839 1150 942 1235 ἧν,
993 1180 1024 1216 (ι
1063 1158 1384 1240 Συντρίψει·
1429 1183 1457 1219 ι)
1521 1159 1613 1218 καὶ
1658 1158 1925 1234 ἐκείνους,

323 1248 390 1306 οὗ
420 1246 606 1325 μόνους
639 1246 757 1316 τοὺς
807 1247 1298 1330 σκανδαλουργοὺς,
1343 1247 1481 1308 ἀλλὰ
1513 1249 1604 1308 καὶ
1646 1247 1803 1308 αὐτὸν
1835 1248 1926 1308 τὸν

327 1342 734 1417 στρατηγοῦντα
778 1339 980 1398 αὐτῶν.
1035 1341 1448 1420 Παραμυθεῖται
1499 1337 1553 1397 δὲ
1601 1338 1790 1406 αὐτοὺς
1838 1340 1928 1398 καὶ

327 1425 441 1486 ἀπὸ
469 1433 560 1489 τοῦ
584 1427 775 1508 χρόνου
804 1453 819 1466 ·
845 1428 1084 1508 ἐπήγαγε
1113 1427 1216 1512 γὰρ
1235 1475 1252 1505 ,
1301 1457 1326 1482 κ
1363 1427 1460 1490 Ἐν
1491 1429 1644 1510 τάχει
1674 1453 1704 1487 »
1739 1429 1818 1490 Τὸ
1847 1428 1926 1507 δὲ,

327 1546 355 1570 ι
391 1517 706 1599 Συντρίψει,
732 1546 755 1572 ι
783 1517 900 1578 ἔστι
930 1518 1020 1578 καὶ
1056 1517 1214 1598 εὐχὴ,
1248 1519 1339 1578 καὶ
1365 1518 1688 1600 προφητεία.
1722 1521 1815 1586 Εἰς
1841 1518 1930 1579 τὸν

328 1606 597 1688 μέλλοντα
624 1607 729 1689 γὰρ
754 1609 1060 1688 ἐγκέκλιται
1089 1607 1161 1668 ⁹⁰.

420 1721 451 1757 α
478 1695 550 1759 Ἦ
574 1698 729 1780 χάρις
756 1703 848 1758 τοῦ
883 1697 1084 1780 Κυρίου
1132 1701 1294 1776 ἡμῶν
1321 1696 1502 1772 Ἰησοῦ
1537 1701 1772 1778 Χριστοῦ
1819 1698 1934 1776 μεθ’

329 1790 506 1868 ὑμῶν.
546 1815 570 1842 ι
630 1788 954 1865 Ἀνᾶμνησεν
1012 1787 1202 1856 αὖτοὺς
1240 1788 1331 1848 καὶ
1387 1791 1482 1860 τῆς
1539 1788 1785 1868 χάριτος,
1846 1786 1932 1845 ἵνα

330 1876 426 1958 ἀφ’
465 1867 540 1937 ὧν
576 1876 680 1951 ἤδη
709 1877 941 1952 ἔλαϐον,
985 1878 1375 1959 προθυμότεροι
1413 1877 1541 1958 πρὸς
1564 1867 1630 1936 τὸί
1649 1885 1934 1939 πιστεῦσαι

2024 708 2282 767 ciendum
2309 709 2456 766 aliis.
2490 709 2734 781 Simplex
2762 710 2911 767 enim
2933 711 3143 770 nemini
3173 723 3356 772 nocet.

2098 803 2281 857 Vens.
2322 805 2412 857 20.
2450 823 2475 850 α
2507 803 2659 857 Deus
2693 809 2882 858 autem
2913 802 3062 876 pacis
3098 811 3348 862 conteret
3374 806 3632 862 Satanam

2024 893 2130 948 sub
2155 890 2384 964 pedibus
2411 891 2604 948 vestris
2636 891 2914 950 velociter.
2965 917 2990 942 ι»
3024 895 3162 966 Quia
3190 894 3416 952 dissidia
3441 903 3626 961 erant,

2021 970 2150 1038 ideo
2173 981 2321 1054 pacis
2349 979 2598 1038 datorem
2634 982 2874 1052 invocat,
2905 990 2968 1040 ut
3009 984 3263 1042 scandala
3297 995 3632 1059 compescat.

2028 1073 2153 1128 Non
2184 1079 2369 1128 autem
2413 1070 2565 1140 dicit,
2590 1073 2860 1144 Subjiciet
2889 1092 2903 1129 ε
2949 1074 3046 1130 sed
3075 1075 3224 1148 quod
3251 1077 3428 1132 multo
3473 1076 3635 1133 vehe-

2033 1159 2274 1218 mentius
2301 1167 2402 1228 est,
2440 1183 2465 1210 α
2495 1161 2760 1217 Conteret
2791 1179 2803 1216 :
2840 1183 2863 1210 ι»
2903 1169 2958 1218 et
2984 1178 3097 1218 non
3125 1163 3308 1220 solum
3335 1163 3456 1221 illos
3481 1180 3639 1221 scan-

2030 1249 2285 1306 dalorum
2296 1257 2566 1318 auctores,
2585 1267 2777 1307 verum
2793 1252 2961 1308 etiam
2972 1252 3154 1324 ipsum
3183 1253 3400 1311 illorum
3414 1253 3635 1311 ducem.

2037 1339 2366 1396 Consolatur
2394 1355 2560 1412 porro
2589 1339 2714 1396 illos
2739 1357 2768 1396 a
2797 1347 3065 1414 tempore,
3105 1365 3129 1391 ‹‹
3164 1343 3454 1412 Velociter,
3500 1367 3524 1392 υ
3551 1345 3635 1401 in-

2037 1431 2248 1502 quiens.
2275 1436 2345 1487 At
2373 1453 2398 1479 «
2433 1431 2718 1500 Conteret,
2751 1455 2774 1480 »
2801 1439 2856 1488 ct
2885 1440 3075 1490 votum
3101 1442 3183 1490 est
3212 1441 3267 1490 et
3296 1433 3584 1507 prophetia
3624 1453 3635 1490 :

2039 1528 2120 1576 est
2148 1519 2294 1577 enim
2328 1519 2500 1579 futuri
2528 1521 2812 1595 temporis.

2117 1723 2143 1749 α
2176 1701 2369 1759 Gratia
2399 1702 2632 1759 Domini
2668 1703 2844 1759 nostri
2871 1705 3009 1760 Jesu
3038 1703 3241 1760 Christi
3275 1704 3576 1762 vobiscum.
3611 1731 3635 1756 ω

2043 1790 2290 1848 Gratiam
2336 1790 2534 1849 Christi
2584 1793 2651 1850 ad
2694 1791 3021 1849 memoriam
3062 1792 3150 1849 hic
3196 1793 3303 1849 illis
3345 1795 3636 1852 revocavit.

2044 1889 2105 1937 ut
2145 1881 2212 1938 ab
2260 1880 2346 1937 his
2374 1897 2498 1955 quae
2544 1883 2659 1956 jam
2683 1881 3040 1954 accepissent,
3087 1883 3376 1940 alacriores
3404 1885 3640 1942 reddan-

330 1967 424 2026 καὶ
464 1965 589 2047 περὶ
635 1971 740 2027 τῶν
773 1968 1074 2046 μελλόντων
1119 1967 1387 2046 γίνωνται.
1440 1970 1511 2027 Εἰ
1561 1967 1664 2046 γὰρ
1717 1968 1932 2048 ἐχθροὺς

2059 1986 2128 2026 ω·
2157 1970 2226 2028 ad
2254 1971 2590 2028 credendum
2617 1971 2826 2029 futura.
2861 1973 2915 2028 Si
2942 1972 3119 2043 enim,
3149 1990 3276 2030 cum
3317 1975 3524 2030 inimici
3553 1990 3641 2032 es-

327 2058 488 2126 ὄντας
518 2056 717 2131 ἔσωσε,
770 2062 952 2139 πολλῷ
1001 2060 1203 2137 μᾶλλον
1234 2063 1322 2118 νῦν
1371 2058 1642 2139 συντρίψει
1680 2057 1769 2116 τὸν
1820 2061 1933 2118 Σα-

329 2156 518 2208 τανᾶν.
560 2143 711 2229 Ὅρα
759 2148 843 2219 δὲ,
888 2146 970 2207 ὅτι
1012 2147 1132 2209 οὔτε
1181 2147 1313 2229 ἔργα
1359 2147 1520 2228 χωρὶς
1568 2148 1764 2228 εὐχῆς,
1815 2147 1934 2208 οὔτε

331 2237 500 2319 εὖχὴν
543 2238 706 2320 χωρὶς
753 2237 922 2318 ἔργων
971 2240 1167 2312 τίθησι.
1218 2237 1375 2300 Μετὰ
1406 2238 1508 2318 γὰρ
1549 2237 1607 2296 τὸ
1661 2241 1934 2320 μαρτυρῆ-

333 2351 430 2387 σαι
485 2331 662 2396 αὐτοῖς
713 2327 808 2399 τὴν
864 2329 1141 2403 ὑπακοὴν,
1195 2328 1316 2388 τότε
1365 2327 1632 2402 ἐπηύξατο
1661 2351 1674 2364 ο
1737 2327 1936 2394 δεικνὺς

334 2423 478 2495 ὖμᾶς
510 2416 598 2495 l
645 2423 745 2494 ἡμ.
776 2421 794 2495 ]
838 2419 896 2477 οὐ
942 2417 1100 2496 μόνον
1142 2417 1346 2495 πάλαι,
1380 2418 1519 2478 ἀλλὰ
1552 2416 1642 2477 καὶ
1669 2422 1793 2490 νῦν,
1837 2416 1935 2476 κᾶν

334 2507 548 2587 δόκιμοι
576 2497 721 2586 ὦμεν
741 2553 757 2582 ,
782 2511 878 2580 τῆς
906 2513 997 2568 τοῦ
1021 2513 1164 2571 Θεοῦ
1187 2507 1466 2583 δεομένους
1489 2506 1729 2589 χάριτος.

426 2628 450 2651 ιι
479 2597 803 2668 Ἀσπάζεται
824 2601 963 2676 ὑμᾶς
985 2598 1248 2676 Τιμόθεος
1269 2601 1296 2656 6
1327 2597 1572 2676 συνεργός
1603 2621 1727 2673 μου.
1757 2627 1778 2648 υ
1809 2600 1939 2658 Συν-

335 2689 494 2768 ήργει
527 2685 629 2768 γὰρ
672 2690 815 2767 αὐτῷ
865 2690 917 2747 ἐν
947 2690 1025 2767 τῷ
1073 2687 1408 2770 Εὖαγγελίῳ.
1457 2686 1618 2766 Μέγα
1663 2687 1717 2746 δὲ
1769 2687 1939 2766 ἐγκώ⁴

340 2801 464 2856 μιον
488 2778 550 2837 τὸ
576 2777 644 2838 τὰ
675 2777 812 2837 αὐτὰ
853 2778 1059 2860 Παύλῳ
1094 2780 1346 2858 ἐνεργεῖν.

436 2890 463 2926 ιι
495 2867 604 2929 Καὶ
635 2867 889 2941 Λούκιος,
932 2867 1025 2926 καὶ
1069 2867 1295 2949 Ἰάσων,
1344 2868 1434 2927 καὶ
1480 2867 1862 2949 Σωσίπατρος,
1893 2871 1940 2926 οἱ

340 2958 609 3037 συγγενεῖς
644 2981 769 3037 μου.
824 2982 852 3016 ε
890 2956 960 3018 Ὃ
1001 2956 1192 3018 Ἰάσων
1238 2948 1385 3022 οὗτος
1435 2959 1486 3016 ἐν
1519 2961 1635 3025 ταῖς
1675 2948 1939 3038 Πράξεσιν

341 3048 684 3124 ἀνυμνεῖται,
727 3049 798 3115 ὡς
845 3045 1192 3127 ἀνδρειότατα
1245 3047 1609 3113 κινδυνεύσας.
1662 3046 1942 3126 Συγγενεῖς

342 3140 440 3211 δὲ,
467 3139 526 3197 οὗ
557 3137 715 3217 μόνον
745 3138 886 3197 κατὰ
916 3137 1090 3219 σάρκα
1116 3182 1132 3212 ,
1176 3137 1324 3219 ἀλλὰ.
1363 3138 1545 3218 πολλῷ
1577 3139 1781 3216 μᾶλλον
1825 3135 1943 3197 κατ’

2042 2069 2186 2129 sent,
2212 2062 2442 2118 servavit
2469 2077 2585 2131 eos,
2625 2063 2803 2120 multo
2834 2063 3008 2136 magis
3041 2079 3191 2120 nunc
3219 2067 3476 2121 Satanam
3514 2081 3645 2122 con-

2045 2158 2200 2208 teret.
2246 2152 2383 2210 Vide
2409 2161 2592 2209 autem
2622 2153 2770 2226 quod
2810 2168 2990 2225 neque
3017 2169 3183 2226 opera
3223 2155 3341 2211 sine
3366 2155 3640 2221 oratione,

2045 2256 2223 2314 neque
2247 2241 2556 2298 orationem
2597 2241 2715 2298 sine
2763 2242 3020 2315 Operibus
3066 2243 3242 2315 ponit.
3307 2244 3447 2301 Cum
3499 2245 3646 2301 enim

2047 2330 2418 2389 obedientiam
2438 2333 2516 2388 eis
2535 2333 2723 2390 adesse
2748 2341 2975 2389 testatus
2999 2342 3162 2403 esset,
3193 2333 3392 2407 adjecit
3413 2344 3605 2393 votum
3628 2353 3641 2391 :

2044 2420 2398 2478 subindicans
2425 2437 2528 2480 nos
2549 2438 2663 2479 non
2682 2421 2864 2479 solum
2889 2422 3044 2490 olim,
3074 2439 3270 2480 verum
3308 2425 3469 2480 etiam
3501 2442 3648 2480 nunc

2049 2510 2150 2566 etsi
2179 2510 2394 2582 probati
2426 2511 2622 2578 simus,
2643 2510 2901 2590 indigere
2929 2514 3028 2568 Dei
3059 2513 3251 2585 gratia.

2117 2602 2296 2658 Vnus.
2319 2608 2410 2658 21.
2438 2625 2464 2651 σι
2491 2603 2700 2659 Salutat
2725 2619 2819 2659 vos
2842 2603 3164 2660 Timotheus
3180 2603 3398 2676 adjutor
3418 2621 3592 2662 meus.
3622 2630 3644 2653 υ

2048 2691 2462 2764 Cooperabatur
2490 2692 2637 2748 enim
2663 2693 2762 2764 ipsi
2793 2693 2849 2748 in
2871 2695 3189 2766 Evangelio.
3232 2697 3428 2768 ingens
3467 2705 3650 2751 autem

2052 2781 2364 2838 cncomium
2407 2790 2490 2839 est
2513 2781 2708 2838 eadem
2746 2798 2874 2838 cum
2909 2785 3080 2838 Paulo
3110 2785 3343 2856 operari.

2125 2895 2151 2921 α
2184 2873 2258 2926 Et
2275 2872 2500 2941 Lucius,
2527 2880 2582 2928 et
2599 2874 2788 2941 Jason,
2812 2881 2870 2929 et
2892 2873 3189 2945 Sosipater,
3220 2875 3438 2946 cognati
3461 2875 3588 2930 mei.
3627 2901 3648 2923 υ

2046 2963 2216 3017 Iason
2245 2961 2345 3017 iste
2383 2961 2438 3016 in
2476 2963 2856 3033 apostolorum
2884 2963 3039 3020 Actis
3077 2963 3402 3032 celebratur,
3452 2972 3516 3020 ut
3565 2967 3653 3036 qui

2045 3049 2346 3108 fortissime
2375 3059 2622 3108 extrema
2651 3053 2820 3109 etiam
2852 3053 3089 3126 pericula
3131 3053 3385 3110 subierit.
3421 3054 3654 3126 Cognati

2049 3147 2258 3210 autem,
2279 3157 2391 3196 non
2412 3141 2592 3197 solum
2617 3141 2919 3199 secundum
2956 3159 3199 3212 carnem,
3250 3158 3469 3211 verum,
3507 3144 3656 3216 quod

343 3226 636 3290 εὐσέϐειαν.
673 3228 742 3290 Εἰ
787 3227 860 3304 μὴ
890 3217 999 3307 γὰρ⁷
1043 3232 1268 3288 τοιοῦτοι
1305 3217 1477 3306 ἦσαν,
1520 3217 1617 3286 οὐκ
1663 3226 1725 3287 ἂν
1767 3229 1940 3288 αὐτῶν

2059 3231 2229 3287 multo
2253 3230 2435 3304 majus
2463 3239 2566 3299 est,
2587 3230 2894 3288 secundum
2923 3233 3204 3304 pietatem.
3236 3232 3303 3289 Ni
3347 3232 3494 3289 enim
3523 3234 3661 3288 tales

344 3317 608 3396 ἐμνήσθη.

437 3431 467 3464 ε
495 3406 825 3487 Ἀσπάζομαι
871 3411 1011 3484 ὑμᾶς
1063 3405 1169 3486 ἐγὼ
1214 3407 1471 3488 Τέρτιος,
1525 3411 1553 3466 6
1597 3407 1809 3488 γράψας
1849 3405 1948 3479 τὴν

347 3497 703 3572 Ἐπιστολήν.
741 3519 773 3557 )
806 3497 996 3576 Μέγα,
1045 3498 1108 3558 τὸ
1155 3495 1469 3578 ὑπογραφέα
1512 3487 1649 3557 εἶναι
1697 3487 1941 3557 Παύλου.

346 3589 527 3648 Τοῦτο
559 3587 613 3647 δὲ
660 3587 882 3669 γράφει,
938 3589 1039 3667 οὐχ
1079 3584 1167 3646 ἵνα
1210 3586 1395 3645 ἑαυτὸν
1443 3585 1757 3668 ἐγκωμιάσῃ
1781 3631 1797 3660 ,
1830 3583 1949 3643 ἀλλ’

347 3677 442 3734 ἵνα
489 3677 650 3736 πλέον
700 3678 954 3756 ἆγαπηθῇ
1005 3675 1094 3736 ὕπ’
1126 3676 1332 3753 αὐτῶν,
1378 3681 1450 3744 ὼς
1497 3675 1817 3749 διακονήσας
1844 3675 1952 3744 τοῖς

349 3766 485 3846 πρὸς
518 3764 704 3834 αὐτοὺς
727 3765 1062 3847 γράμμασιν.

450 3967 478 4003 ιι
506 3945 828 4016 Ἀσπάζεται
871 3947 1011 4023 ὑμᾶς
1058 3942 1247 4018 Γάϊος,
1279 3949 1308 4003 ὁ
1352 3941 1494 4011 Ξένος
1547 3967 1675 4022 μου,
1721 3943 1810 4001 καὶ
1861 3947 1955 4014 τῆς

354 4034 688 4108 Ἐκκλησίας
733 4034 883 4108 ὅλης.
924 4058 953 4093 »
1009 4035 1301 4096 Τουτέστιν
1333 4032 1377 4069 ⁹⁴
1431 4037 1458 4091 6
1504 4031 1643 4102 ξένος
1676 4057 1796 4109 μου.
1850 4033 1956 4092 Καὶ

353 4123 525 4192 πολὺς
552 4127 580 4183 6
617 4123 860 4198 ἔπαινος,
902 4122 983 4183 ὅτι
1015 4133 1197 4183 πᾶσαν
1236 4120 1332 4195 τὴν
1361 4122 1690 4196 Ἐκκλησίαν
1729 4121 1917 4191 ἐξένιζε
1938 4167 1954 4194 ,

351 4213 455 4273 καὶ
481 4215 706 4276 Παῦλον
738 4213 898 4274 αὐτόν
926 4237 940 4252 ·
988 4212 1040 4282 ὃς
1071 4215 1168 4273 οὐκ
1209 4213 1272 4273 ἂν
1317 4215 1448 4292 παρ’
1499 4215 1644 4292 αὐτῷ
1694 4211 1958 4286 ἐξενίσθη,

358 4294 885 4384 amammm

451 4507 480 4542 ε
518 4481 838 4552 Ἀσπάζεται
865 4485 1008 4561 ὑμᾶς
1032 4481 1336 4563 Ἔραστος,
1373 4483 1400 4540 6
1430 4481 1701 4559 οἰκονόμος
1734 4485 1826 4554 τῆς
1865 4481 1964 4540 πό-

2053 3319 2304 3391 fuissent,
2333 3321 2541 3377 nullam
2582 3336 2774 3378 eorum
2819 3321 3038 3379 fecisset
3065 3323 3432 3380 mentionem.

2123 3413 2301 3468 Vsus.
2338 3417 2424 3467 22.
2487 3434 2511 3459 α
2557 3411 2746 3468 Saluto
2778 3428 2875 3468 vos
2911 3429 3010 3485 ego
3038 3413 3290 3480 Tertius,
3335 3413 3425 3485 qui
3469 3414 3655 3486 scripsi

2057 3500 2347 3573 epistolam
2376 3499 2537 3556 hanc.
2572 3524 2598 3550 ι»
2627 3502 2892 3574 Magnum
2915 3517 3049 3558 sane
3076 3511 3180 3570 est,
3204 3502 3312 3559 divi
3336 3503 3489 3559 Pauli
3519 3520 3669 3559 ama-

2055 3603 2324 3646 nuensem
2362 3603 2498 3645 esse.
2533 3589 2654 3646 Hoc
2682 3597 2867 3645 autem
2919 3591 3128 3657 scribit,
3175 3606 3287 3646 non
3328 3599 3391 3646 ut
3413 3590 3663 3663 seipsum

2057 3676 2432 3747 commendet,
2465 3687 2730 3736 caeterum
2759 3687 2822 3736 ut
2869 3679 3064 3752 majori
3108 3679 3401 3735 dilectione
3436 3681 3504 3735 ab
3535 3682 3669 3752 ipsis

2055 3767 2342 3835 afﬁciatur,
2373 3776 2433 3824 ut
2456 3769 2547 3841 qui
2574 3783 2801 3840 operam
2828 3783 2984 3825 suam
3015 3768 3343 3840 impenderit
3372 3768 3566 3824 litteris
3595 3772 3664 3825 ad

2062 3858 2210 3931 ipsos
2236 3854 2563 3914 scribendis.

2133 3950 2311 4006 Vitas.
2345 3952 2434 4003 23.
2473 3971 2498 3998 α
2542 3948 2756 4005 Salutat
2797 3963 2895 4004 vos
2923 3947 3092 4005 Gaius
3129 3947 3328 4019 hospes
3365 3961 3556 4016 meus,
3606 3962 3670 4002 ac

2063 4037 2232 4094 totius
2251 4037 2527 4095 Ecclesiae.
2559 4061 2586 4088 ν
2614 4038 2738 4094 Hoc
2765 4046 2869 4106 est,
2911 4038 3008 4111 qui
3037 4052 3130 4094 me
3167 4036 3407 4108 hospitio
3437 4035 3666 4108 excepit.

2068 4127 2372 4184 Plurimum
2421 4143 2587 4201 porro
2623 4127 2801 4184 laudis
2838 4135 2943 4195 est,
2973 4126 3126 4200 quod
3161 4135 3337 4183 totam
3367 4127 3667 4183 Ecclesiam

2068 4217 2308 4290 hospitio
2337 4218 2631 4291 exceperit,
2656 4217 2902 4291 adeoque
2931 4217 3116 4289 ipsum
3141 4218 3405 4286 Paulum;
3431 4218 3528 4290 qui
3559 4234 3670 4275 non

2071 4306 2219 4380 apud
2267 4307 2421 4364 illum
2466 4308 2793 4377 divertisset,
2843 4308 2943 4364 nisi
2981 4323 3110 4365 eum
3161 4306 3388 4381 dignum
3427 4307 3673 4364 invenis-

2072 4406 2154 4453 set
2168 4437 2178 4448 .

2153 4488 2319 4559 118
2351 4510 2375 4536 α
2408 4489 2625 4545 Salutat
2651 4504 2748 4545 vos
2786 4490 3031 4556 Erastus,
3057 4502 3383 4544 oeconomus
3412 4486 3582 4556 urbis,
3625 4495 3680 4542 et

358 4577 525 4648 λεως,
553 4572 645 4633 καὶ
677 4555 950 4654 Κούαρτος
979 4577 1007 4632 ὁ
1047 4555 1289 4652 ἀδελφός.
1323 4555 1354 4628 φ
1399 4555 1688 4632 Τουτέστιν
1719 4574 1748 4630 6
1776 4594 1940 4647 προνο

2074 4555 2318 4646 Quartus
2343 4575 2530 4633 frater.
2565 4601 2591 4626 ι)
2623 4580 2745 4634 Hoc
2773 4585 2876 4645 est,
2909 4555 3234 4648 prospector
3257 4585 3312 4631 et
3341 4575 3678 4648 gubernator

361 4663 499 4737 ητὴι
523 4708 539 4736 ,
581 4667 612 4724 6
667 4662 935 4736 διοικητὴς
976 4666 1072 4736 τῆς
1106 4663 1309 4730 πόλεως
1357 4662 1610 4742 Κορίνθου
1635 4685 1647 4697 ·
1700 4659 1788 4719 ἵνα
1828 4663 1966 4743 γνῷς

361 4753 452 4815 ὅτι
495 4754 554 4812 οὖ
598 4752 857 4827 πλοῦτος,
903 4754 1002 4812 οὔκ
1048 4751 1256 4831 ἀξίωμα
1313 4750 1508 4812 κωλύει
1550 4750 1668 4812 τινὰ
1709 4751 1836 4834 πρὸς
1871 4751 1966 4809 πί-

363 4866 487 4904 στιν
517 4841 845 4916 ἢπολιτείαν
875 4841 1057 4925 ὀρθήν.

461 4957 493 4989 ιι
538 4931 609 4995 Ἦ
663 4932 824 5015 χάρις
873 4940 966 4992 τοῦ
1027 4931 1226 5014 Κυρίου
1290 4935 1446 5011 ἡμῶν
1507 4931 1688 5005 Ἰησοῦ
1739 4933 1976 5013 Χριστοῦ

364 5023 511 5105 μετὰ
555 5023 770 5084 πάντων
817 5027 982 5100 ὑμῶν.
1039 5023 1226 5101 Ἀμήν.
1281 5047 1310 5081 ))
1385 5022 1494 5083 Καὶ
1549 5021 1639 5082 τὸν
1698 5021 1974 5101 θεμέλιον,

365 5114 495 5189 ἤτοι
539 5112 637 5186 τὴν
685 5111 858 5192 ἀρχὴν
906 5118 1000 5185 τῆς
1048 5112 1410 5187 Ἐπιστολῆς,
1452 5113 1689 5172 ἐντεῦθεν
1736 5111 1976 5173 κατεϐά-

365 5209 529 5281 λετο,
563 5201 724 5262 εἰπών
749 5225 763 5239 ·
801 5222 830 5260 ιι
850 5200 1021 5282 Χάρις
1049 5204 1172 5280 ὑμῖν
1199 5202 1292 5262 καὶ
1315 5201 1495 5284 εἰρήνη
1519 5226 1533 5240 ο
1557 5225 1585 5260 ››
1623 5201 1717 5263 καὶ
1745 5202 1833 5263 τὸν
1859 5200 1978 5279 δρο-

370 5317 474 5378 φον
501 5299 625 5370 νῦν,
649 5291 768 5366 ἤτοι
799 5291 861 5351 τὸ
899 5291 1078 5366 τέλος,
1107 5295 1167 5353 ἐκ
1199 5291 1396 5366 ταύτης
1427 5291 1724 5364 ἐπιτίθησιν
1749 5337 1767 5370 ,
1803 5293 1976 5351 ἐπευ-

371 5382 605 5466 χόμενος
659 5381 759 5455 τὴν
809 5379 968 5462 χάριν
1013 5389 1106 5442 τοῦ
1154 5385 1296 5444 Θεοῦ
1356 5380 1440 5441 ἀεὶ
1508 5385 1682 5450 αὐτοῖς
1735 5381 1983 5462 παρεῖναι

375 5482 536 5534 πᾶσι.
575 5474 749 5533 Τοῦτο
788 5471 891 5552 γὰρ
948 5472 1304 5547 διδασκάλου,
1363 5470 1424 5531 τὸ
1470 5471 1546 5548 μὴ
1596 5470 1753 5549 μόνον
1805 5470 1982 5552 λόγῳ,

380 5560 559 5686 ἀλλιδιΔ
578 5561 670 5622 καὶ
715 5561 849 5641 εὐχῇ
883 5560 1106 5643 ὠφελεῖν
1136 5560 1254 5629 τοὺς
1287 5561 1547 5638 μαθητάς.
1594 5561 1692 5622 Διὸ
1723 5559 1816 5621 καὶ
1859 5559 1986 5619 ἔλε-

519 5653 646 5709 Λει.
678 5665 770 5721 v1,
793 5658 850 5705 4.

2074 4666 2225 4723 urbis
2250 4666 2503 4724 Corinthi
2530 4684 2543 4723 :
2571 4675 2631 4724 ut
2644 4665 3069 4730 animadvertas,
3101 4681 3283 4739 neque
3311 4679 3463 4736 opes,
3493 4681 3679 4736 neque

2076 4754 2394 4829 dignitatem
2429 4756 2746 4830 quempiam
2779 4771 2966 4813 arcere
3004 4771 3033 4810 a
3074 4754 3179 4812 ﬁde
3206 4757 3342 4812 vela
3371 4763 3520 4811 recta
3552 4759 3676 4810 vita.

2153 4941 2337 4995 Vsns.
2388 4941 2479 4993 24.
2526 4958 2554 4986 ιι
2601 4935 2794 4994 Gratia
2838 4935 3066 4992 Domini
3095 4935 3269 4991 nostri
3305 4938 3436 4992 Jesu
3488 4935 3685 4991 Christi

2080 5045 2211 5086 cum
2253 5027 2510 5084 omnibus
2544 5026 2720 5083 vobis.
2765 5029 2969 5083 Amen.
3016 5050 3041 5074 ν
3083 5024 3528 5082 Fundamentum
3573 5025 3686 5079 sive

2084 5117 2416 5191 principium
2439 5115 2700 5190 Epistolas
2722 5115 2851 5173 inde
2870 5131 3029 5173 orsus
3051 5123 3155 5184 est,
3183 5115 3452 5187 inquiens.
3493 5137 3518 5161 ιι
3553 5116 3690 5170 Gra-

2086 5208 2165 5265 tia
2195 5206 2352 5264 vobis
2397 5214 2453 5264 et
2479 5223 2584 5281 pax
2615 5224 2628 5262 :
2661 5226 2689 5261 »
2724 5212 2892 5280 atque
2920 5206 3226 5262 etiamnum
3282 5201 3557 5274 fastigium
3593 5218 3688 5258 seu

2088 5298 2256 5354 ﬁnem
2275 5313 2345 5354 ex
2367 5297 2480 5370 ipsa
2500 5295 2770 5369 imponit,
2795 5295 3024 5369 gratiam
3049 5293 3148 5350 Dei
3176 5292 3384 5349 cunctis
3399 5307 3690 5364 nunquam

2090 5404 2204 5444 non
2279 5387 2470 5444 adesse
2521 5400 2898 5457 comprecans.
2963 5386 3085 5440 Hoc
3125 5382 3272 5438 enim
3321 5379 3569 5438 ofﬁcium
3612 5389 3694 5436 est

2093 5478 2476 5550 praeceptoris,
2502 5491 2616 5532 non
2643 5475 2810 5532 verbo
2833 5474 3039 5542 solum,
3070 5487 3260 5529 verum
3283 5471 3450 5528 etiam
3488 5471 3694 5526 oratio-

2095 5583 2167 5624 ne
2213 5566 2472 5640 prodesse
2519 5565 2814 5638 discipulis.
2842 5566 3138 5638 Propterea
3175 5561 3433 5621 dicebant
3463 5579 3476 5616 :
3520 5579 3552 5613 ιι
3583 5561 3701 5617 Nos

1798 5723 1987 5782 Variae
2029 5723 2334 5781 lectiones.

493 5813 886 5889 θοέγκέκλεισται
917 5829 972 5872 o.
1050 5816 1093 5850 ³⁸
1124 5813 1207 5871 ἴσ.
1239 5813 1505 5885 ξενοόόχος
1533 5830 1586 5869 o.
