  <div class='ocr_page' id='page_1' title='image "/cluster/home/n/w/nwhite01/storage/ocr_20150623/124:no.2/coo.31924054870294/287.png"; bbox 0 0 4090 6430; ppageno 0'>
   <div class='ocr_carea' id='block_1_1' title="bbox 447 450 551 505">
    <p class='ocr_par' dir='ltr' id='par_1_1' title="bbox 447 450 551 505">
     <span class='ocr_line' id='line_1_1' title="bbox 447 450 551 505; baseline 0.01 -1"><span class='ocrx_word' id='word_1_1' title='bbox 447 450 551 505; x_wconf 78' lang='lat'><strong>559</strong></span> 
     </span>
    </p>
   </div>
   <div class='ocr_carea' id='block_1_2' title="bbox 1459 440 2729 502">
    <p class='ocr_par' dir='ltr' id='par_1_2' title="bbox 1459 440 2729 502">
     <span class='ocr_line' id='line_1_2' title="bbox 1459 440 2729 502; baseline -0.006 1"><span class='ocrx_word' id='word_1_2' title='bbox 1459 445 1984 502; x_wconf 79' lang='lat' dir='ltr'><strong>THEOPHYLACTI</strong></span> <span class='ocrx_word' id='word_1_3' title='bbox 2021 441 2381 500; x_wconf 71' lang='lat' dir='ltr'><strong>BULGARIE</strong></span> <span class='ocrx_word' id='word_1_4' title='bbox 2418 440 2729 498; x_wconf 78' lang='lat' dir='ltr'><strong>ARCHIEP.</strong></span> 
     </span>
    </p>
   </div>
   <div class='ocr_carea' id='block_1_3' title="bbox 3651 436 3756 492">
    <p class='ocr_par' dir='ltr' id='par_1_3' title="bbox 3651 436 3756 492">
     <span class='ocr_line' id='line_1_3' title="bbox 3651 436 3756 492; baseline 0 0"><span class='ocrx_word' id='word_1_5' title='bbox 3651 436 3756 492; x_wconf 67' lang='lat'><strong>560</strong></span> 
     </span>
    </p>
   </div>
   <div class='ocr_carea' id='block_1_4' title="bbox 447 558 2070 646">
    <p class='ocr_par' dir='ltr' id='par_1_4' title="bbox 447 569 2070 637">
     <span class='ocr_line' id='line_1_4' title="bbox 447 569 2070 637; baseline 0 -9"><span class='ocrx_word' id='word_1_6' title='bbox 447 581 633 630; x_wconf 87' lang='lat' dir='ltr'><strong>autem</strong></span> <span class='ocrx_word' id='word_1_7' title='bbox 679 571 932 629; x_wconf 85' lang='lat' dir='ltr'><strong>oratione</strong></span> <span class='ocrx_word' id='word_1_8' title='bbox 960 577 1018 628; x_wconf 87' lang='lat' dir='ltr'><strong>et</strong></span> <span class='ocrx_word' id='word_1_9' title='bbox 1065 569 1366 628; x_wconf 85' lang='lat' dir='ltr'><strong>miniterio</strong></span> <span class='ocrx_word' id='word_1_10' title='bbox 1404 570 1558 628; x_wconf 85' lang='lat' dir='ltr'><strong>verbi</strong></span> <span class='ocrx_word' id='word_1_11' title='bbox 1620 571 1884 628; x_wconf 78' lang='lat' dir='ltr'><strong>instantes</strong></span> <span class='ocrx_word' id='word_1_12' title='bbox 1927 569 2070 637; x_wconf 74' lang='grc' dir='ltr'><strong>θινὶ-⁴</strong></span> 
     </span>
    </p>
   </div>
   <div class='ocr_carea' id='block_1_5' title="bbox 2137 558 3757 646">
    <p class='ocr_par' dir='ltr' id='par_1_5' title="bbox 2149 558 3757 646">
     <span class='ocr_line' id='line_1_5' title="bbox 2149 558 3757 646; baseline -0.006 -18"><span class='ocrx_word' id='word_1_13' title='bbox 2149 591 2240 646; x_wconf 85' lang='grc' dir='ltr'><strong>γον</strong></span> <span class='ocrx_word' id='word_1_14' title='bbox 2271 590 2285 606; x_wconf 83' lang='grc'><strong>·</strong></span> <span class='ocrx_word' id='word_1_15' title='bbox 2320 591 2350 624; x_wconf 79' lang='grc' dir='ltr'><strong>α</strong></span> <span class='ocrx_word' id='word_1_16' title='bbox 2383 565 2581 643; x_wconf 87' lang='grc' dir='ltr'>Ἦμεῖς</span> <span class='ocrx_word' id='word_1_17' title='bbox 2611 565 2664 624; x_wconf 76' lang='grc' dir='ltr'>δὲ</span> <span class='ocrx_word' id='word_1_18' title='bbox 2819 565 3091 643; x_wconf 76' lang='grc' dir='ltr'>προσευχῇ</span> <span class='ocrx_word' id='word_1_19' title='bbox 3113 606 3130 641; x_wconf 84' lang='grc'><strong><em>,</em></strong></span> <span class='ocrx_word' id='word_1_20' title='bbox 3157 559 3251 620; x_wconf 79' lang='grc' dir='ltr'>καὶ</span> <span class='ocrx_word' id='word_1_21' title='bbox 3389 558 3630 641; x_wconf 74' lang='grc' dir='ltr'><strong>διακονίᾳ</strong></span> <span class='ocrx_word' id='word_1_22' title='bbox 3663 564 3757 620; x_wconf 87' lang='grc' dir='ltr'><strong>τοῦ</strong></span> 
     </span>
    </p>
   </div>
   <div class='ocr_carea' id='block_1_6' title="bbox 443 647 2070 740">
    <p class='ocr_par' dir='ltr' id='par_1_6' title="bbox 443 659 2038 736">
     <span class='ocr_line' id='line_1_6' title="bbox 443 659 2038 736; baseline -0.002 -17"><span class='ocrx_word' id='word_1_23' title='bbox 443 679 588 719; x_wconf 89' lang='lat' dir='ltr'><strong>mus.</strong></span> <span class='ocrx_word' id='word_1_24' title='bbox 619 685 646 712; x_wconf 71' lang='grc' dir='ltr'><strong>ιι</strong></span> <span class='ocrx_word' id='word_1_25' title='bbox 697 665 809 719; x_wconf 88' lang='lat' dir='ltr'><strong>Ista</strong></span> <span class='ocrx_word' id='word_1_26' title='bbox 855 678 960 719; x_wconf 86' lang='lat' dir='ltr'><strong>nos</strong></span> <span class='ocrx_word' id='word_1_27' title='bbox 1007 659 1296 730; x_wconf 84' lang='lat' dir='ltr'><strong>custodiat,</strong></span> <span class='ocrx_word' id='word_1_28' title='bbox 1338 660 1432 736; x_wconf 86' lang='lat' dir='ltr'><strong>qui</strong></span> <span class='ocrx_word' id='word_1_29' title='bbox 1487 677 1602 718; x_wconf 89' lang='lat' dir='ltr'><strong>non</strong></span> <span class='ocrx_word' id='word_1_30' title='bbox 1651 676 1936 734; x_wconf 84' lang='lat' dir='ltr'><strong>speramus</strong></span> <span class='ocrx_word' id='word_1_31' title='bbox 1973 675 2038 717; x_wconf 85' lang='lat' dir='ltr'><strong>ex</strong></span> 
     </span>
    </p>
   </div>
   <div class='ocr_carea' id='block_1_7' title="bbox 2137 647 3760 740">
    <p class='ocr_par' dir='ltr' id='par_1_7' title="bbox 2148 647 3760 740">
     <span class='ocr_line' id='line_1_7' title="bbox 2148 647 3760 740; baseline -0.006 -22"><span class='ocrx_word' id='word_1_32' title='bbox 2148 657 2306 738; x_wconf 86' lang='grc' dir='ltr'>λόγου</span> <span class='ocrx_word' id='word_1_33' title='bbox 2337 654 2892 740; x_wconf 84' lang='grc' dir='ltr'>προσκαρτερήσωμεν</span> <span class='ocrx_word' id='word_1_34' title='bbox 2919 652 3312 732; x_wconf 47' lang='lat' dir='ltr'><strong>[vulg-crop.”</strong></span> <span class='ocrx_word' id='word_1_35' title='bbox 3409 673 3436 707; x_wconf 67' lang='grc' dir='ltr'><strong><em>ι</em></strong></span> <span class='ocrx_word' id='word_1_36' title='bbox 3479 647 3630 722; x_wconf 75' lang='grc' dir='ltr'>Αὕτη</span> <span class='ocrx_word' id='word_1_37' title='bbox 3667 650 3760 710; x_wconf 79' lang='grc' dir='ltr'>καὶ</span> 
     </span>
    </p>
   </div>
   <div class='ocr_carea' id='block_1_8' title="bbox 441 740 2070 828">
    <p class='ocr_par' dir='ltr' id='par_1_8' title="bbox 441 751 2040 825">
     <span class='ocr_line' id='line_1_8' title="bbox 441 751 2040 825; baseline -0.002 -16"><span class='ocrx_word' id='word_1_38' title='bbox 441 752 700 825; x_wconf 88' lang='lat' dir='ltr'><strong>operibus</strong></span> <span class='ocrx_word' id='word_1_39' title='bbox 750 751 946 810; x_wconf 80' lang='lat' dir='ltr'><strong>salutis</strong></span> <span class='ocrx_word' id='word_1_40' title='bbox 991 752 1174 810; x_wconf 85' lang='lat' dir='ltr'><strong>locum</strong></span> <span class='ocrx_word' id='word_1_41' title='bbox 1217 752 1489 819; x_wconf 85' lang='lat' dir='ltr'><strong>invenire,</strong></span> <span class='ocrx_word' id='word_1_42' title='bbox 1519 760 1783 809; x_wconf 64' lang='lat' dir='ltr'><strong>caeterum</strong></span> <span class='ocrx_word' id='word_1_43' title='bbox 1817 765 2040 824; x_wconf 86' lang='lat' dir='ltr'><strong>prorsus</strong></span> 
     </span>
    </p>
   </div>
   <div class='ocr_carea' id='block_1_9' title="bbox 2137 740 3756 828">
    <p class='ocr_par' dir='ltr' id='par_1_9' title="bbox 2150 740 3756 828">
     <span class='ocr_line' id='line_1_9' title="bbox 2150 740 3756 828; baseline -0.005 -22"><span class='ocrx_word' id='word_1_44' title='bbox 2150 753 2294 820; x_wconf 77' lang='grc' dir='ltr'>ἡμᾶς</span> <span class='ocrx_word' id='word_1_45' title='bbox 2341 745 2627 828; x_wconf 76' lang='grc' dir='ltr'><strong>φυλάττει,</strong></span> <span class='ocrx_word' id='word_1_46' title='bbox 2690 743 2812 810; x_wconf 74' lang='grc' dir='ltr'>τοὺς</span> <span class='ocrx_word' id='word_1_47' title='bbox 2854 742 2930 820; x_wconf 80' lang='grc' dir='ltr'><strong>μὴ</strong></span> <span class='ocrx_word' id='word_1_48' title='bbox 2971 740 3024 810; x_wconf 76' lang='grc' dir='ltr'>ἐξ</span> <span class='ocrx_word' id='word_1_49' title='bbox 3069 741 3237 823; x_wconf 71' lang='grc' dir='ltr'>ἔργων</span> <span class='ocrx_word' id='word_1_50' title='bbox 3282 741 3594 809; x_wconf 77' lang='grc' dir='ltr'><strong>ἐλπίζοντας</strong></span> <span class='ocrx_word' id='word_1_51' title='bbox 3619 740 3756 808; x_wconf 79' lang='grc' dir='ltr'>ὅλως</span> 
     </span>
    </p>
   </div>
   <div class='ocr_carea' id='block_1_10' title="bbox 441 840 2040 916">
    <p class='ocr_par' dir='ltr' id='par_1_10' title="bbox 441 840 2040 916">
     <span class='ocr_line' id='line_1_10' title="bbox 441 840 2040 916; baseline -0.001 -18"><span class='ocrx_word' id='word_1_52' title='bbox 441 843 497 898; x_wconf 90' lang='lat' dir='ltr'><strong>in</strong></span> <span class='ocrx_word' id='word_1_53' title='bbox 533 842 778 900; x_wconf 83' lang='lat' dir='ltr'><strong>divinam</strong></span> <span class='ocrx_word' id='word_1_54' title='bbox 806 843 1042 916; x_wconf 76' lang='lat' dir='ltr'><strong>gratiam</strong></span> <span class='ocrx_word' id='word_1_55' title='bbox 1065 851 1120 899; x_wconf 86' lang='lat' dir='ltr'><strong>et</strong></span> <span class='ocrx_word' id='word_1_56' title='bbox 1155 841 1596 900; x_wconf 85' lang='lat' dir='ltr'><strong>misericordiam</strong></span> <span class='ocrx_word' id='word_1_57' title='bbox 1629 840 1890 898; x_wconf 77' lang='lat' dir='ltr'><strong>ﬁduciam</strong></span> <span class='ocrx_word' id='word_1_58' title='bbox 1929 840 2040 897; x_wconf 88' lang='lat' dir='ltr'><strong>col-</strong></span> 
     </span>
    </p>
   </div>
   <div class='ocr_carea' id='block_1_11' title="bbox 2151 828 3751 916">
    <p class='ocr_par' dir='ltr' id='par_1_11' title="bbox 2151 828 3751 916">
     <span class='ocr_line' id='line_1_11' title="bbox 2151 828 3751 916; baseline -0.005 -20"><span class='ocrx_word' id='word_1_59' title='bbox 2151 835 2416 916; x_wconf 81' lang='grc' dir='ltr'><strong>σωτηρίας</strong></span> <span class='ocrx_word' id='word_1_60' title='bbox 2454 837 2614 897; x_wconf 85' lang='grc' dir='ltr'>τόπον</span> <span class='ocrx_word' id='word_1_61' title='bbox 2645 836 2847 913; x_wconf 74' lang='grc' dir='ltr'>εὑρεῖν,</span> <span class='ocrx_word' id='word_1_62' title='bbox 2897 830 3034 891; x_wconf 76' lang='grc' dir='ltr'>ἀλλὰ</span> <span class='ocrx_word' id='word_1_63' title='bbox 3087 830 3147 889; x_wconf 78' lang='grc' dir='ltr'><strong>τὸ</strong></span> <span class='ocrx_word' id='word_1_64' title='bbox 3179 840 3286 891; x_wconf 73' lang='grc' dir='ltr'>πᾶν</span> <span class='ocrx_word' id='word_1_65' title='bbox 3420 828 3537 910; x_wconf 83' lang='grc' dir='ltr'>θείᾳ</span> <span class='ocrx_word' id='word_1_66' title='bbox 3569 829 3751 911; x_wconf 82' lang='grc' dir='ltr'>χάριτι</span> 
     </span>
    </p>
   </div>
   <div class='ocr_carea' id='block_1_12' title="bbox 443 918 2070 1018">
    <p class='ocr_par' dir='ltr' id='par_1_12' title="bbox 443 931 2038 1018">
     <span class='ocr_line' id='line_1_12' title="bbox 443 931 2038 1018; baseline 0 -31"><span class='ocrx_word' id='word_1_67' title='bbox 443 931 710 1002; x_wconf 86' lang='lat' dir='ltr'><strong>locamus,</strong></span> <span class='ocrx_word' id='word_1_68' title='bbox 758 941 814 989; x_wconf 85' lang='lat' dir='ltr'><strong>et</strong></span> <span class='ocrx_word' id='word_1_69' title='bbox 852 948 947 1005; x_wconf 90' lang='lat' dir='ltr'><strong>per</strong></span> <span class='ocrx_word' id='word_1_70' title='bbox 991 934 1167 1006; x_wconf 88' lang='lat' dir='ltr'><strong>ipsam</strong></span> <span class='ocrx_word' id='word_1_71' title='bbox 1199 935 1416 990; x_wconf 67' lang='lat' dir='ltr'><strong>Satanae</strong></span> <span class='ocrx_word' id='word_1_72' title='bbox 1476 931 1680 1005; x_wconf 84' lang='lat' dir='ltr'><strong>laqueis</strong></span> <span class='ocrx_word' id='word_1_73' title='bbox 1731 932 2038 1018; x_wconf 67' lang='lat' dir='ltr'><strong>superipres</strong></span> 
     </span>
    </p>
   </div>
   <div class='ocr_carea' id='block_1_13' title="bbox 2137 918 3760 1018">
    <p class='ocr_par' dir='ltr' id='par_1_13' title="bbox 2147 918 3760 1018">
     <span class='ocr_line' id='line_1_13' title="bbox 2147 918 3760 1018; baseline -0.005 -32"><span class='ocrx_word' id='word_1_74' title='bbox 2147 926 2241 986; x_wconf 84' lang='grc' dir='ltr'>καὶ</span> <span class='ocrx_word' id='word_1_75' title='bbox 2280 929 2357 1005; x_wconf 79' lang='grc' dir='ltr'><strong>τῷ</strong></span> <span class='ocrx_word' id='word_1_76' title='bbox 2412 925 2546 987; x_wconf 74' lang='grc' dir='ltr'>ἐλέει</span> <span class='ocrx_word' id='word_1_77' title='bbox 2581 923 2959 993; x_wconf 72' lang='grc' dir='ltr'>ἐπελπίζοντας</span> <span class='ocrx_word' id='word_1_78' title='bbox 2982 941 2996 956; x_wconf 86' lang='grc'>⁶</span> <span class='ocrx_word' id='word_1_79' title='bbox 3051 919 3245 1018; x_wconf 31' lang='grc' dir='ltr'>καῖλδϋ</span> <span class='ocrx_word' id='word_1_80' title='bbox 3297 923 3460 991; x_wconf 82' lang='grc' dir='ltr'>αὐτῆς</span> <span class='ocrx_word' id='word_1_81' title='bbox 3509 918 3760 1018; x_wconf 51' lang='grc' dir='ltr'>ἐνώτεροι</span> 
     </span>
    </p>
   </div>
   <div class='ocr_carea' id='block_1_14' title="bbox 441 1016 2038 1096">
    <p class='ocr_par' dir='ltr' id='par_1_14' title="bbox 441 1016 2038 1096">
     <span class='ocr_line' id='line_1_14' title="bbox 441 1016 2038 1096; baseline 0.001 -18"><span class='ocrx_word' id='word_1_82' title='bbox 441 1022 760 1092; x_wconf 85' lang='lat' dir='ltr'><strong>evadamus,</strong></span> <span class='ocrx_word' id='word_1_83' title='bbox 786 1023 1039 1080; x_wconf 79' lang='lat' dir='ltr'><strong>contritis</strong></span> <span class='ocrx_word' id='word_1_84' title='bbox 1057 1023 1137 1080; x_wconf 90' lang='lat' dir='ltr'><strong>eis</strong></span> <span class='ocrx_word' id='word_1_85' title='bbox 1165 1023 1268 1080; x_wconf 88' lang='lat' dir='ltr'><strong>sub</strong></span> <span class='ocrx_word' id='word_1_86' title='bbox 1309 1021 1540 1096; x_wconf 87' lang='lat' dir='ltr'><strong>pedibus</strong></span> <span class='ocrx_word' id='word_1_87' title='bbox 1566 1021 1768 1078; x_wconf 89' lang='lat' dir='ltr'><strong>nostris</strong></span> <span class='ocrx_word' id='word_1_88' title='bbox 1792 1021 1851 1078; x_wconf 88' lang='lat' dir='ltr'><strong>in</strong></span> <span class='ocrx_word' id='word_1_89' title='bbox 1880 1016 2038 1079; x_wconf 79' lang='lat' dir='ltr'><strong>Chri-</strong></span> 
     </span>
    </p>
   </div>
   <div class='ocr_carea' id='block_1_15' title="bbox 445 1112 2041 1186">
    <p class='ocr_par' dir='ltr' id='par_1_15' title="bbox 445 1112 2041 1186">
     <span class='ocr_line' id='line_1_15' title="bbox 445 1112 2041 1186; baseline 0.001 -18"><span class='ocrx_word' id='word_1_90' title='bbox 445 1123 530 1169; x_wconf 88' lang='lat' dir='ltr'><strong>sto</strong></span> <span class='ocrx_word' id='word_1_91' title='bbox 551 1114 584 1169; x_wconf 90' lang='lat' dir='ltr'><strong>J</strong></span> <span class='ocrx_word' id='word_1_92' title='bbox 587 1130 682 1171; x_wconf 91' lang='lat' dir='ltr'><strong>esu</strong></span> <span class='ocrx_word' id='word_1_93' title='bbox 700 1114 944 1172; x_wconf 91' lang='lat' dir='ltr'><strong>Domino</strong></span> <span class='ocrx_word' id='word_1_94' title='bbox 963 1125 1154 1172; x_wconf 88' lang='lat' dir='ltr'><strong>nostro</strong></span> <span class='ocrx_word' id='word_1_95' title='bbox 1178 1133 1192 1170; x_wconf 91' lang='lat'><strong>:</strong></span> <span class='ocrx_word' id='word_1_96' title='bbox 1218 1113 1307 1171; x_wconf 90' lang='lat' dir='ltr'><strong>cui</strong></span> <span class='ocrx_word' id='word_1_97' title='bbox 1328 1113 1498 1186; x_wconf 80' lang='lat' dir='ltr'><strong>gloria</strong></span> <span class='ocrx_word' id='word_1_98' title='bbox 1518 1112 1573 1168; x_wconf 88' lang='lat' dir='ltr'><strong>in</strong></span> <span class='ocrx_word' id='word_1_99' title='bbox 1593 1113 1810 1170; x_wconf 64' lang='lat' dir='ltr'><strong>sacula.</strong></span> <span class='ocrx_word' id='word_1_100' title='bbox 1840 1116 2041 1171; x_wconf 80' lang='lat' dir='ltr'><strong>Amen.</strong></span> 
     </span>
    </p>
   </div>
   <div class='ocr_carea' id='block_1_16' title="bbox 2149 1007 3751 1095">
    <p class='ocr_par' dir='ltr' id='par_1_16' title="bbox 2149 1007 3751 1095">
     <span class='ocr_line' id='line_1_16' title="bbox 2149 1007 3751 1095; baseline -0.004 -21"><span class='ocrx_word' id='word_1_101' title='bbox 2149 1015 2432 1095; x_wconf 82' lang='grc' dir='ltr'>γενοίμεθα</span> <span class='ocrx_word' id='word_1_102' title='bbox 2475 1017 2581 1074; x_wconf 78' lang='grc' dir='ltr'><strong>τῶν</strong></span> <span class='ocrx_word' id='word_1_103' title='bbox 2619 1019 2714 1074; x_wconf 90' lang='grc' dir='ltr'><strong>τοῦ</strong></span> <span class='ocrx_word' id='word_1_104' title='bbox 2746 1016 2969 1074; x_wconf 74' lang='grc' dir='ltr'>Σατανᾶ</span> <span class='ocrx_word' id='word_1_105' title='bbox 3006 1012 3286 1088; x_wconf 81' lang='grc' dir='ltr'>παγίδων,</span> <span class='ocrx_word' id='word_1_106' title='bbox 3323 1007 3751 1088; x_wconf 71' lang='grc' dir='ltr'>συντριϐομένων</span> 
     </span>
    </p>
   </div>
   <div class='ocr_carea' id='block_1_17' title="bbox 2153 1097 3759 1182">
    <p class='ocr_par' dir='ltr' id='par_1_17' title="bbox 2153 1097 3759 1182">
     <span class='ocr_line' id='line_1_17' title="bbox 2153 1097 3759 1182; baseline -0.006 -17"><span class='ocrx_word' id='word_1_107' title='bbox 2153 1106 2255 1165; x_wconf 79' lang='grc' dir='ltr'><strong>ὕπὸ</strong></span> <span class='ocrx_word' id='word_1_108' title='bbox 2303 1105 2418 1171; x_wconf 64' lang='grc' dir='ltr'>τοὺς</span> <span class='ocrx_word' id='word_1_109' title='bbox 2468 1105 2634 1171; x_wconf 83' lang='grc' dir='ltr'>πόδας</span> <span class='ocrx_word' id='word_1_110' title='bbox 2676 1108 2830 1182; x_wconf 80' lang='grc' dir='ltr'>ἡμῶν</span> <span class='ocrx_word' id='word_1_111' title='bbox 2877 1105 2930 1162; x_wconf 80' lang='grc' dir='ltr'><strong>ἐν</strong></span> <span class='ocrx_word' id='word_1_112' title='bbox 2973 1103 3192 1182; x_wconf 76' lang='grc' dir='ltr'>Χριστῷ</span> <span class='ocrx_word' id='word_1_113' title='bbox 3238 1099 3416 1173; x_wconf 88' lang='grc' dir='ltr'>Ἰησοῦ</span> <span class='ocrx_word' id='word_1_114' title='bbox 3463 1102 3542 1181; x_wconf 79' lang='grc' dir='ltr'><strong>τῷ</strong></span> <span class='ocrx_word' id='word_1_115' title='bbox 3575 1097 3759 1181; x_wconf 75' lang='grc' dir='ltr'>Κυρίῳ</span> 
     </span>
    </p>
   </div>
   <div class='ocr_carea' id='block_1_18' title="bbox 2150 1185 3362 1276">
    <p class='ocr_par' dir='ltr' id='par_1_18' title="bbox 2150 1185 3362 1276">
     <span class='ocr_line' id='line_1_18' title="bbox 2150 1185 3362 1276; baseline -0.003 -22"><span class='ocrx_word' id='word_1_116' title='bbox 2150 1198 2304 1272; x_wconf 81' lang='grc' dir='ltr'>ἡμῶν</span> <span class='ocrx_word' id='word_1_117' title='bbox 2338 1215 2352 1230; x_wconf 82' lang='grc'><strong><em>⁸</em></strong></span> <span class='ocrx_word' id='word_1_118' title='bbox 2382 1185 2427 1276; x_wconf 74' lang='grc' dir='ltr'>ᾧ</span> <span class='ocrx_word' id='word_1_119' title='bbox 2515 1193 2640 1263; x_wconf 79' lang='grc' dir='ltr'>δόξα</span> <span class='ocrx_word' id='word_1_120' title='bbox 2675 1195 2748 1261; x_wconf 85' lang='grc' dir='ltr'>εἷς</span> <span class='ocrx_word' id='word_1_121' title='bbox 2775 1191 2895 1259; x_wconf 76' lang='grc' dir='ltr'>τοὺς</span> <span class='ocrx_word' id='word_1_122' title='bbox 2927 1193 3143 1260; x_wconf 79' lang='grc' dir='ltr'>αἰῶνας.</span> <span class='ocrx_word' id='word_1_123' title='bbox 3172 1189 3362 1267; x_wconf 81' lang='grc' dir='ltr'>Ἀμήν.</span> 
     </span>
    </p>
   </div>
   <div class='ocr_carea' id='block_1_19' title="bbox 442 1334 3738 1372">
    <p class='ocr_par' dir='ltr' id='par_1_19' title="bbox 442 1334 3738 1372">
     <span class='ocr_line' id='line_1_19' title="bbox 442 1334 3738 1372; baseline -0.003 -2"><span class='ocrx_word' id='word_1_124' title='bbox 442 1334 3738 1372; x_wconf 55' lang='lat' dir='ltr'><em>W</em></span> 
     </span>
    </p>
   </div>
   <div class='ocr_carea' id='block_1_20' title="bbox 1311 1491 2885 1651">
    <p class='ocr_par' dir='ltr' id='par_1_20' title="bbox 1311 1491 2885 1651">
     <span class='ocr_line' id='line_1_20' title="bbox 1311 1491 2885 1651; baseline -0.003 -1"><span class='ocrx_word' id='word_1_125' title='bbox 1311 1491 2885 1651; x_wconf 81' lang='grc' dir='ltr'><strong>ΘΕΟΦΥΛΑΚΤΟΥ</strong></span> 
     </span>
    </p>
   </div>
   <div class='ocr_carea' id='block_1_21' title="bbox 1157 1773 3040 1856">
    <p class='ocr_par' dir='ltr' id='par_1_21' title="bbox 1157 1773 3040 1856">
     <span class='ocr_line' id='line_1_21' title="bbox 1157 1773 3040 1856; baseline -0.003 0"><span class='ocrx_word' id='word_1_126' title='bbox 1157 1775 2198 1856; x_wconf 87' lang='grc' dir='ltr'>ΑΡΧΙΕΠΙΣΚΟΠΟΥ</span> <span class='ocrx_word' id='word_1_127' title='bbox 2274 1775 2825 1856; x_wconf 87' lang='grc' dir='ltr'><strong>ΒΟΥΛΓΑΡ</strong></span> <span class='ocrx_word' id='word_1_128' title='bbox 2850 1773 3040 1852; x_wconf 89' lang='grc' dir='ltr'><strong>ΙΑΣ</strong></span> 
     </span>
    </p>
   </div>
   <div class='ocr_carea' id='block_1_22' title="bbox 2039 1942 2167 1991">
    <p class='ocr_par' dir='ltr' id='par_1_22' title="bbox 2039 1942 2167 1991">
     <span class='ocr_line' id='line_1_22' title="bbox 2039 1942 2167 1991; baseline 0 0"><span class='ocrx_word' id='word_1_129' title='bbox 2039 1942 2167 1991; x_wconf 81' lang='grc' dir='ltr'><strong>ΤΗΣ</strong></span> 
     </span>
    </p>
   </div>
   <div class='ocr_carea' id='block_1_23' title="bbox 1250 2108 2948 2242">
    <p class='ocr_par' dir='ltr' id='par_1_23' title="bbox 1250 2108 2948 2242">
     <span class='ocr_line' id='line_1_23' title="bbox 1250 2108 2948 2242; baseline -0.002 -2"><span class='ocrx_word' id='word_1_130' title='bbox 1250 2115 1578 2242; x_wconf 92' lang='grc' dir='ltr'><strong>ΤΟΥ</strong></span> <span class='ocrx_word' id='word_1_131' title='bbox 1672 2108 2170 2240; x_wconf 86' lang='grc' dir='ltr'>ΑΓΙΟΥ</span> <span class='ocrx_word' id='word_1_132' title='bbox 2262 2111 2948 2239; x_wconf 83' lang='grc' dir='ltr'>ΠΑΥΑΟΥ</span> 
     </span>
    </p>
   </div>
   <div class='ocr_carea' id='block_1_24' title="bbox 954 2359 3247 2444">
    <p class='ocr_par' dir='ltr' id='par_1_24' title="bbox 954 2359 3247 2444">
     <span class='ocr_line' id='line_1_24' title="bbox 954 2359 3247 2444; baseline -0.003 -1"><span class='ocrx_word' id='word_1_133' title='bbox 954 2363 1247 2444; x_wconf 86' lang='grc' dir='ltr'>ΠΡΟΣ</span> <span class='ocrx_word' id='word_1_134' title='bbox 1318 2362 2022 2444; x_wconf 78' lang='grc' dir='ltr'><strong>ΚΟΡΙΝΘΙΟΥΣ</strong></span> <span class='ocrx_word' id='word_1_135' title='bbox 2081 2359 2540 2442; x_wconf 88' lang='grc' dir='ltr'><strong>ΠΡΩΤΗΣ</strong></span> <span class='ocrx_word' id='word_1_136' title='bbox 2608 2359 3247 2440; x_wconf 85' lang='grc' dir='ltr'>ΕΠΙΣΤΟΛΗΣ</span> 
     </span>
    </p>
   </div>
   <div class='ocr_carea' id='block_1_25' title="bbox 1648 2543 2529 2681">
    <p class='ocr_par' dir='ltr' id='par_1_25' title="bbox 1648 2543 2529 2681">
     <span class='ocr_line' id='line_1_25' title="bbox 1648 2543 2529 2681; baseline 0.001 -1"><span class='ocrx_word' id='word_1_137' title='bbox 1648 2543 2529 2681; x_wconf 85' lang='grc' dir='ltr'><strong>ΕΞΗΓΙ-ΙΣΙΣ.</strong></span> 
     </span>
    </p>
   </div>
   <div class='ocr_carea' id='block_1_26' title="bbox 1352 2983 2860 3146">
    <p class='ocr_par' dir='ltr' id='par_1_26' title="bbox 1352 2983 2860 3146">
     <span class='ocr_line' id='line_1_26' title="bbox 1352 2983 2860 3146; baseline -0.003 -4"><span class='ocrx_word' id='word_1_138' title='bbox 1352 2983 2860 3146; x_wconf 84' lang='lat' dir='ltr'><strong>THEOPHYLACTI</strong></span> 
     </span>
    </p>
   </div>
   <div class='ocr_carea' id='block_1_27' title="bbox 1592 3252 2592 3312">
    <p class='ocr_par' dir='ltr' id='par_1_27' title="bbox 1592 3252 2592 3312">
     <span class='ocr_line' id='line_1_27' title="bbox 1592 3252 2592 3312; baseline -0.001 -5"><span class='ocrx_word' id='word_1_139' title='bbox 1592 3255 1991 3312; x_wconf 77' lang='lat' dir='ltr'><strong>BULGARl/E</strong></span> <span class='ocrx_word' id='word_1_140' title='bbox 2028 3252 2592 3311; x_wconf 81' lang='lat' dir='ltr'><strong>ARCHIEPISCOPI</strong></span> 
     </span>
    </p>
   </div>
   <div class='ocr_carea' id='block_1_28' title="bbox 619 3419 3563 3517">
    <p class='ocr_par' dir='ltr' id='par_1_28' title="bbox 619 3419 3563 3517">
     <span class='ocr_line' id='line_1_28' title="bbox 619 3419 3563 3517; baseline -0.002 -1"><span class='ocrx_word' id='word_1_141' title='bbox 619 3425 1244 3517; x_wconf 69' lang='lat' dir='ltr'><strong>EPISTOLAE</strong></span> <span class='ocrx_word' id='word_1_142' title='bbox 1319 3426 1735 3517; x_wconf 67' lang='grc' dir='ltr'>ΡΡιΙΜέΕ</span> <span class='ocrx_word' id='word_1_143' title='bbox 1809 3425 2074 3517; x_wconf 91' lang='lat' dir='ltr'><strong>DIVI</strong></span> <span class='ocrx_word' id='word_1_144' title='bbox 2151 3423 2502 3515; x_wconf 85' lang='lat' dir='ltr'><strong>PAULI</strong></span> <span class='ocrx_word' id='word_1_145' title='bbox 2585 3423 2739 3514; x_wconf 83' lang='lat' dir='ltr'><strong>AD</strong></span> <span class='ocrx_word' id='word_1_146' title='bbox 2819 3419 3563 3514; x_wconf 79' lang='lat' dir='ltr'><strong>CORINTHIOS</strong></span> 
     </span>
    </p>
   </div>
   <div class='ocr_carea' id='block_1_29' title="bbox 1675 3573 2496 3683">
    <p class='ocr_par' dir='ltr' id='par_1_29' title="bbox 1675 3573 2496 3683">
     <span class='ocr_line' id='line_1_29' title="bbox 1675 3573 2496 3683; baseline -0.002 -3"><span class='ocrx_word' id='word_1_147' title='bbox 1675 3573 2496 3683; x_wconf 89' lang='lat' dir='ltr'><strong>EXPOSITIO.</strong></span> 
     </span>
    </p>
   </div>
   <div class='ocr_carea' id='block_1_30' title="bbox 533 3917 1919 3990">
    <p class='ocr_par' dir='ltr' id='par_1_30' title="bbox 533 3917 1919 3990">
     <span class='ocr_line' id='line_1_30' title="bbox 533 3917 1919 3990; baseline -0.004 -13"><span class='ocrx_word' id='word_1_148' title='bbox 533 3918 698 3990; x_wconf 77' lang='lat'><strong>119</strong></span> <span class='ocrx_word' id='word_1_149' title='bbox 725 3917 1249 3976; x_wconf 83' lang='lat' dir='ltr'><strong>ARGUMENTUM</strong></span> <span class='ocrx_word' id='word_1_150' title='bbox 1279 3918 1522 3975; x_wconf 72' lang='grc' dir='ltr'><strong>ΡΒΙΜΔΞ</strong></span> <span class='ocrx_word' id='word_1_151' title='bbox 1557 3917 1919 3974; x_wconf 71' lang='lat' dir='ltr'><strong>EPISTOLE</strong></span> 
     </span>
    </p>
   </div>
   <div class='ocr_carea' id='block_1_31' title="bbox 934 4007 1514 4066">
    <p class='ocr_par' dir='ltr' id='par_1_31' title="bbox 934 4007 1514 4066">
     <span class='ocr_line' id='line_1_31' title="bbox 934 4007 1514 4066; baseline -0.003 -2"><span class='ocrx_word' id='word_1_152' title='bbox 934 4009 1035 4064; x_wconf 85' lang='lat' dir='ltr'><strong>AD</strong></span> <span class='ocrx_word' id='word_1_153' title='bbox 1073 4007 1514 4066; x_wconf 85' lang='lat' dir='ltr'><strong>CORINTHIOS.</strong></span> 
     </span>
    </p>
   </div>
   <div class='ocr_carea' id='block_1_32' title="bbox 502 4141 2026 4212">
    <p class='ocr_par' dir='ltr' id='par_1_32' title="bbox 502 4141 2026 4212">
     <span class='ocr_line' id='line_1_32' title="bbox 502 4141 2026 4212; baseline -0.001 -16"><span class='ocrx_word' id='word_1_154' title='bbox 502 4141 789 4196; x_wconf 79' lang='lat' dir='ltr'><strong>Corinthus</strong></span> <span class='ocrx_word' id='word_1_155' title='bbox 831 4157 994 4212; x_wconf 87' lang='lat' dir='ltr'><strong>opum</strong></span> <span class='ocrx_word' id='word_1_156' title='bbox 1032 4143 1391 4196; x_wconf 62' lang='lat' dir='ltr'><strong>exuberantia</strong></span> <span class='ocrx_word' id='word_1_157' title='bbox 1434 4146 1485 4197; x_wconf 91' lang='lat' dir='ltr'><strong>et</strong></span> <span class='ocrx_word' id='word_1_158' title='bbox 1524 4143 1798 4211; x_wconf 73' lang='lat' dir='ltr'><strong>sapientia</strong></span> <span class='ocrx_word' id='word_1_159' title='bbox 1837 4157 2026 4212; x_wconf 84' lang='lat' dir='ltr'><strong>super-</strong></span> 
     </span>
    </p>
   </div>
   <div class='ocr_carea' id='block_1_33' title="bbox 432 4229 2027 4301">
    <p class='ocr_par' dir='ltr' id='par_1_33' title="bbox 432 4229 2027 4301">
     <span class='ocr_line' id='line_1_33' title="bbox 432 4229 2027 4301; baseline 0 -16"><span class='ocrx_word' id='word_1_160' title='bbox 432 4232 604 4292; x_wconf 88' lang='lat' dir='ltr'><strong>biens,</strong></span> <span class='ocrx_word' id='word_1_161' title='bbox 651 4229 881 4284; x_wconf 73' lang='lat' dir='ltr'><strong>credidit</strong></span> <span class='ocrx_word' id='word_1_162' title='bbox 926 4230 1142 4300; x_wconf 80' lang='lat' dir='ltr'><strong>quidem</strong></span> <span class='ocrx_word' id='word_1_163' title='bbox 1186 4229 1439 4294; x_wconf 76' lang='lat' dir='ltr'><strong>Christo,</strong></span> <span class='ocrx_word' id='word_1_164' title='bbox 1484 4245 1671 4285; x_wconf 85' lang='lat' dir='ltr'><strong>verum</strong></span> <span class='ocrx_word' id='word_1_165' title='bbox 1704 4235 1828 4301; x_wconf 83' lang='lat' dir='ltr'><strong>post</strong></span> <span class='ocrx_word' id='word_1_166' title='bbox 1863 4229 2027 4300; x_wconf 81' lang='lat' dir='ltr'><strong>ﬁdem</strong></span> 
     </span>
    </p>
   </div>
   <div class='ocr_carea' id='block_1_34' title="bbox 432 4319 2026 4390">
    <p class='ocr_par' dir='ltr' id='par_1_34' title="bbox 432 4319 2026 4390">
     <span class='ocr_line' id='line_1_34' title="bbox 432 4319 2026 4390; baseline 0.001 -15"><span class='ocrx_word' id='word_1_167' title='bbox 432 4323 707 4390; x_wconf 82' lang='lat' dir='ltr'><strong>acceptam</strong></span> <span class='ocrx_word' id='word_1_168' title='bbox 735 4319 1156 4390; x_wconf 74' lang='lat' dir='ltr'><strong>periclitabatur</strong></span> <span class='ocrx_word' id='word_1_169' title='bbox 1193 4335 1258 4375; x_wconf 91' lang='lat' dir='ltr'><strong>ne</strong></span> <span class='ocrx_word' id='word_1_170' title='bbox 1294 4335 1330 4374; x_wconf 90' lang='lat' dir='ltr'><strong>a</strong></span> <span class='ocrx_word' id='word_1_171' title='bbox 1371 4319 1585 4376; x_wconf 80' lang='lat' dir='ltr'><strong>Christo</strong></span> <span class='ocrx_word' id='word_1_172' title='bbox 1625 4319 1913 4388; x_wconf 69' lang='lat' dir='ltr'><strong>excideret,</strong></span> <span class='ocrx_word' id='word_1_173' title='bbox 1952 4321 2026 4376; x_wconf 86' lang='lat' dir='ltr'><strong>si-</strong></span> 
     </span>
    </p>
   </div>
   <div class='ocr_carea' id='block_1_35' title="bbox 429 4409 2026 4481">
    <p class='ocr_par' dir='ltr' id='par_1_35' title="bbox 429 4409 2026 4481">
     <span class='ocr_line' id='line_1_35' title="bbox 429 4409 2026 4481; baseline 0.001 -17"><span class='ocrx_word' id='word_1_174' title='bbox 429 4409 653 4481; x_wconf 80' lang='lat' dir='ltr'><strong>quidem</strong></span> <span class='ocrx_word' id='word_1_175' title='bbox 680 4409 927 4479; x_wconf 84' lang='lat' dir='ltr'><strong>opulenti</strong></span> <span class='ocrx_word' id='word_1_176' title='bbox 937 4412 1197 4481; x_wconf 83' lang='lat' dir='ltr'><strong>proprias</strong></span> <span class='ocrx_word' id='word_1_177' title='bbox 1217 4409 1409 4466; x_wconf 86' lang='lat' dir='ltr'><strong>classes</strong></span> <span class='ocrx_word' id='word_1_178' title='bbox 1433 4415 1486 4466; x_wconf 86' lang='lat' dir='ltr'><strong>et</strong></span> <span class='ocrx_word' id='word_1_179' title='bbox 1506 4411 1726 4467; x_wconf 81' lang='lat' dir='ltr'><strong>ordines</strong></span> <span class='ocrx_word' id='word_1_180' title='bbox 1753 4411 2026 4479; x_wconf 81' lang='lat' dir='ltr'><strong>fecerant,</strong></span> 
     </span>
    </p>
   </div>
   <div class='ocr_carea' id='block_1_36' title="bbox 431 4501 2029 4572">
    <p class='ocr_par' dir='ltr' id='par_1_36' title="bbox 431 4501 2029 4572">
     <span class='ocr_line' id='line_1_36' title="bbox 431 4501 2029 4572; baseline 0 -18"><span class='ocrx_word' id='word_1_181' title='bbox 431 4502 694 4571; x_wconf 84' lang='lat' dir='ltr'><strong>sapientes</strong></span> <span class='ocrx_word' id='word_1_182' title='bbox 730 4502 861 4556; x_wconf 90' lang='lat' dir='ltr'><strong>item</strong></span> <span class='ocrx_word' id='word_1_183' title='bbox 896 4501 1155 4572; x_wconf 81' lang='lat' dir='ltr'><strong>proprias</strong></span> <span class='ocrx_word' id='word_1_184' title='bbox 1193 4519 1211 4552; x_wconf 85' lang='lat'><em>:</em></span> <span class='ocrx_word' id='word_1_185' title='bbox 1260 4501 1472 4570; x_wconf 83' lang='lat' dir='ltr'><strong>sibique</strong></span> <span class='ocrx_word' id='word_1_186' title='bbox 1505 4501 1616 4571; x_wconf 85' lang='lat' dir='ltr'><strong>ipsi</strong></span> <span class='ocrx_word' id='word_1_187' title='bbox 1661 4501 1899 4556; x_wconf 90' lang='lat' dir='ltr'><strong>doctores</strong></span> <span class='ocrx_word' id='word_1_188' title='bbox 1927 4501 2029 4556; x_wconf 87' lang='lat' dir='ltr'><strong>eli-</strong></span> 
     </span>
    </p>
   </div>
   <div class='ocr_carea' id='block_1_37' title="bbox 431 4589 2028 4662">
    <p class='ocr_par' dir='ltr' id='par_1_37' title="bbox 431 4589 2028 4662">
     <span class='ocr_line' id='line_1_37' title="bbox 431 4589 2028 4662; baseline 0.001 -18"><span class='ocrx_word' id='word_1_189' title='bbox 431 4594 641 4659; x_wconf 87' lang='lat' dir='ltr'><strong>gentes,</strong></span> <span class='ocrx_word' id='word_1_190' title='bbox 678 4589 867 4645; x_wconf 85' lang='lat' dir='ltr'><strong>divum</strong></span> <span class='ocrx_word' id='word_1_191' title='bbox 915 4592 1144 4646; x_wconf 86' lang='lat' dir='ltr'><strong>Paulum</strong></span> <span class='ocrx_word' id='word_1_192' title='bbox 1197 4607 1290 4646; x_wconf 90' lang='lat' dir='ltr'><strong>ceu</strong></span> <span class='ocrx_word' id='word_1_193' title='bbox 1344 4606 1640 4662; x_wconf 82' lang='lat' dir='ltr'><strong>pauperem</strong></span> <span class='ocrx_word' id='word_1_194' title='bbox 1677 4595 1728 4646; x_wconf 91' lang='lat' dir='ltr'><strong>et</strong></span> <span class='ocrx_word' id='word_1_195' title='bbox 1757 4591 2028 4662; x_wconf 84' lang='lat' dir='ltr'><strong>plebeium</strong></span> 
     </span>
    </p>
   </div>
   <div class='ocr_carea' id='block_1_38' title="bbox 429 4672 2032 4744">
    <p class='ocr_par' dir='ltr' id='par_1_38' title="bbox 429 4672 2032 4744">
     <span class='ocr_line' id='line_1_38' title="bbox 429 4672 2032 4744; baseline 0.002 -19"><span class='ocrx_word' id='word_1_196' title='bbox 429 4672 928 4727; x_wconf 58' lang='lat' dir='ltr'><strong>columniabanturs</strong></span> <span class='ocrx_word' id='word_1_197' title='bbox 964 4673 1247 4736; x_wconf 75' lang='lat' dir='ltr'><strong>Prwterea,</strong></span> <span class='ocrx_word' id='word_1_198' title='bbox 1329 4673 1600 4744; x_wconf 84' lang='lat' dir='ltr'><strong>quispiam</strong></span> <span class='ocrx_word' id='word_1_199' title='bbox 1663 4675 1807 4728; x_wconf 86' lang='lat' dir='ltr'><strong>inter</strong></span> <span class='ocrx_word' id='word_1_200' title='bbox 1883 4674 2032 4742; x_wconf 87' lang='lat' dir='ltr'><strong>ipsos</strong></span> 
     </span>
    </p>
   </div>
   <div class='ocr_carea' id='block_1_39' title="bbox 433 4761 2027 4819">
    <p class='ocr_par' dir='ltr' id='par_1_39' title="bbox 433 4761 2027 4819">
     <span class='ocr_line' id='line_1_39' title="bbox 433 4761 2027 4819; baseline 0.003 -5"><span class='ocrx_word' id='word_1_201' title='bbox 433 4775 552 4814; x_wconf 84' lang='lat' dir='ltr'><strong>cum</strong></span> <span class='ocrx_word' id='word_1_202' title='bbox 578 4775 814 4816; x_wconf 80' lang='lat' dir='ltr'><strong>nouerca</strong></span> <span class='ocrx_word' id='word_1_203' title='bbox 862 4777 964 4816; x_wconf 88' lang='lat' dir='ltr'><strong>sua</strong></span> <span class='ocrx_word' id='word_1_204' title='bbox 1005 4777 1121 4816; x_wconf 87' lang='lat' dir='ltr'><strong>rem</strong></span> <span class='ocrx_word' id='word_1_205' title='bbox 1157 4761 1442 4817; x_wconf 84' lang='lat' dir='ltr'><strong>habuerat.</strong></span> <span class='ocrx_word' id='word_1_206' title='bbox 1462 4764 1615 4817; x_wconf 82' lang='lat' dir='ltr'><strong>Tum</strong></span> <span class='ocrx_word' id='word_1_207' title='bbox 1651 4763 1812 4819; x_wconf 85' lang='lat' dir='ltr'><strong>idolis</strong></span> <span class='ocrx_word' id='word_1_208' title='bbox 1838 4765 2027 4819; x_wconf 90' lang='lat' dir='ltr'><strong>immo-</strong></span> 
     </span>
    </p>
   </div>
   <div class='ocr_carea' id='block_1_40' title="bbox 434 4849 2029 4922">
    <p class='ocr_par' dir='ltr' id='par_1_40' title="bbox 434 4849 2029 4922">
     <span class='ocr_line' id='line_1_40' title="bbox 434 4849 2029 4922; baseline 0.003 -18"><span class='ocrx_word' id='word_1_209' title='bbox 434 4851 549 4905; x_wconf 89' lang='lat' dir='ltr'><strong>lata</strong></span> <span class='ocrx_word' id='word_1_210' title='bbox 579 4849 828 4904; x_wconf 85' lang='lat' dir='ltr'><strong>nonnulli</strong></span> <span class='ocrx_word' id='word_1_211' title='bbox 871 4849 1099 4906; x_wconf 87' lang='lat' dir='ltr'><strong>edebant</strong></span> <span class='ocrx_word' id='word_1_212' title='bbox 1135 4866 1256 4922; x_wconf 80' lang='lat' dir='ltr'><strong>prce</strong></span> <span class='ocrx_word' id='word_1_213' title='bbox 1301 4851 1610 4920; x_wconf 86' lang='lat' dir='ltr'><strong>gulositate,</strong></span> <span class='ocrx_word' id='word_1_214' title='bbox 1651 4856 1702 4907; x_wconf 90' lang='lat' dir='ltr'><strong>et</strong></span> <span class='ocrx_word' id='word_1_215' title='bbox 1741 4855 1800 4907; x_wconf 89' lang='lat' dir='ltr'><strong>in</strong></span> <span class='ocrx_word' id='word_1_216' title='bbox 1839 4853 2029 4908; x_wconf 82' lang='lat' dir='ltr'><strong>litibus</strong></span> 
     </span>
    </p>
   </div>
   <div class='ocr_carea' id='block_1_41' title="bbox 426 4938 2029 5013">
    <p class='ocr_par' dir='ltr' id='par_1_41' title="bbox 426 4938 2029 5013">
     <span class='ocr_line' id='line_1_41' title="bbox 426 4938 2029 5013; baseline 0.002 -19"><span class='ocrx_word' id='word_1_217' title='bbox 426 4940 761 5011; x_wconf 80' lang='lat' dir='ltr'><strong>pecuniariis</strong></span> <span class='ocrx_word' id='word_1_218' title='bbox 806 4938 962 5012; x_wconf 83' lang='lat' dir='ltr'><strong>apud</strong></span> <span class='ocrx_word' id='word_1_219' title='bbox 1008 4938 1235 5004; x_wconf 75' lang='lat' dir='ltr'><strong>Graecos,</strong></span> <span class='ocrx_word' id='word_1_220' title='bbox 1267 4941 1362 4995; x_wconf 88' lang='lat' dir='ltr'><strong>hoc</strong></span> <span class='ocrx_word' id='word_1_221' title='bbox 1395 4945 1502 5006; x_wconf 86' lang='lat' dir='ltr'><strong>est,</strong></span> <span class='ocrx_word' id='word_1_222' title='bbox 1543 4941 1785 5011; x_wconf 79' lang='lat' dir='ltr'><strong>inﬁdeles</strong></span> <span class='ocrx_word' id='word_1_223' title='bbox 1817 4942 2029 5013; x_wconf 85' lang='lat' dir='ltr'><strong>judices</strong></span> 
     </span>
    </p>
   </div>
   <div class='ocr_carea' id='block_1_42' title="bbox 421 5027 2029 5099">
    <p class='ocr_par' dir='ltr' id='par_1_42' title="bbox 421 5027 2029 5099">
     <span class='ocr_line' id='line_1_42' title="bbox 421 5027 2029 5099; baseline 0.001 -15"><span class='ocrx_word' id='word_1_224' title='bbox 421 5030 843 5099; x_wconf 79' lang='lat' dir='ltr'><strong>judicabantur.</strong></span> <span class='ocrx_word' id='word_1_225' title='bbox 886 5027 1103 5084; x_wconf 87' lang='lat' dir='ltr'><strong>Comam</strong></span> <span class='ocrx_word' id='word_1_226' title='bbox 1154 5031 1284 5085; x_wconf 85' lang='lat' dir='ltr'><strong>item</strong></span> <span class='ocrx_word' id='word_1_227' title='bbox 1329 5031 1445 5085; x_wconf 81' lang='lat' dir='ltr'><strong>viri</strong></span> <span class='ocrx_word' id='word_1_228' title='bbox 1494 5031 1830 5099; x_wconf 82' lang='lat' dir='ltr'><strong>nutriebant,</strong></span> <span class='ocrx_word' id='word_1_229' title='bbox 1877 5036 1927 5086; x_wconf 89' lang='lat' dir='ltr'><strong>et</strong></span> <span class='ocrx_word' id='word_1_230' title='bbox 1970 5034 2029 5086; x_wconf 86' lang='lat' dir='ltr'><strong>in</strong></span> 
     </span>
    </p>
   </div>
   <div class='ocr_carea' id='block_1_43' title="bbox 437 5119 2026 5192">
    <p class='ocr_par' dir='ltr' id='par_1_43' title="bbox 437 5119 2026 5192">
     <span class='ocr_line' id='line_1_43' title="bbox 437 5119 2026 5192; baseline 0.001 -17"><span class='ocrx_word' id='word_1_231' title='bbox 437 5121 692 5176; x_wconf 73' lang='lat' dir='ltr'><strong>Ecclesiis</strong></span> <span class='ocrx_word' id='word_1_232' title='bbox 743 5119 1176 5183; x_wconf 84' lang='lat' dir='ltr'><strong>manducabant,</strong></span> <span class='ocrx_word' id='word_1_233' title='bbox 1219 5119 1592 5190; x_wconf 87' lang='lat' dir='ltr'><strong>indigentibus</strong></span> <span class='ocrx_word' id='word_1_234' title='bbox 1637 5121 1781 5176; x_wconf 86' lang='lat' dir='ltr'><strong>nihil</strong></span> <span class='ocrx_word' id='word_1_235' title='bbox 1826 5124 2026 5192; x_wconf 88' lang='lat' dir='ltr'><strong>imper-</strong></span> 
     </span>
    </p>
   </div>
   <div class='ocr_carea' id='block_1_44' title="bbox 2071 3911 3754 3985">
    <p class='ocr_par' dir='ltr' id='par_1_44' title="bbox 2071 3911 3754 3985">
     <span class='ocr_line' id='line_1_44' title="bbox 2071 3911 3754 3985; baseline 0 -11"><span class='ocrx_word' id='word_1_236' title='bbox 2071 3923 2118 3985; x_wconf 86' lang='lat' dir='ltr'><strong>B</strong></span> <span class='ocrx_word' id='word_1_237' title='bbox 2146 3912 2546 3974; x_wconf 86' lang='grc' dir='ltr'><strong>ΥΠΟΘΕΣΙΣ</strong></span> <span class='ocrx_word' id='word_1_238' title='bbox 2591 3912 2752 3972; x_wconf 86' lang='grc' dir='ltr'><strong>ΤΗΣ</strong></span> <span class='ocrx_word' id='word_1_239' title='bbox 2789 3912 3002 3972; x_wconf 87' lang='grc' dir='ltr'><strong>ΠΡΟΣ</strong></span> <span class='ocrx_word' id='word_1_240' title='bbox 3038 3911 3511 3972; x_wconf 83' lang='grc' dir='ltr'><strong>ΚΟΡΙΝΘΙΟΥΣ</strong></span> <span class='ocrx_word' id='word_1_241' title='bbox 3559 3913 3754 3974; x_wconf 83' lang='grc' dir='ltr'>ΠΡΩ-</span> 
     </span>
    </p>
   </div>
   <div class='ocr_carea' id='block_1_45' title="bbox 2606 3999 3284 4060">
    <p class='ocr_par' dir='ltr' id='par_1_45' title="bbox 2606 3999 3284 4060">
     <span class='ocr_line' id='line_1_45' title="bbox 2606 3999 3284 4060; baseline 0.001 -1"><span class='ocrx_word' id='word_1_242' title='bbox 2606 4001 2766 4060; x_wconf 84' lang='grc' dir='ltr'><strong>ΤΗΣ</strong></span> <span class='ocrx_word' id='word_1_243' title='bbox 2811 3999 3284 4060; x_wconf 82' lang='grc' dir='ltr'><strong>ΕΠΙΣΤΟΛΗΣ.</strong></span> 
     </span>
    </p>
   </div>
   <div class='ocr_carea' id='block_1_46' title="bbox 2226 4132 3738 4215">
    <p class='ocr_par' dir='ltr' id='par_1_46' title="bbox 2226 4132 3738 4215">
     <span class='ocr_line' id='line_1_46' title="bbox 2226 4132 3738 4215; baseline 0 -21"><span class='ocrx_word' id='word_1_244' title='bbox 2226 4157 2256 4193; x_wconf 75' lang='grc' dir='ltr'><strong>α</strong></span> <span class='ocrx_word' id='word_1_245' title='bbox 2284 4132 2356 4194; x_wconf 85' lang='grc' dir='ltr'><strong><em>Ἥ</em></strong></span> <span class='ocrx_word' id='word_1_246' title='bbox 2395 4132 2647 4214; x_wconf 85' lang='grc' dir='ltr'>Κόρινθος</span> <span class='ocrx_word' id='word_1_247' title='bbox 2690 4134 2876 4214; x_wconf 81' lang='grc' dir='ltr'>πολλῷ</span> <span class='ocrx_word' id='word_1_248' title='bbox 2901 4134 3120 4215; x_wconf 84' lang='grc' dir='ltr'>πλούτῳ</span> <span class='ocrx_word' id='word_1_249' title='bbox 3158 4132 3252 4192; x_wconf 80' lang='grc' dir='ltr'><strong>καὶ</strong></span> <span class='ocrx_word' id='word_1_250' title='bbox 3283 4132 3442 4214; x_wconf 76' lang='grc' dir='ltr'>σοφίᾳ</span> <span class='ocrx_word' id='word_1_251' title='bbox 3475 4136 3701 4210; x_wconf 79' lang='grc' dir='ltr'>κομῶσα</span> <span class='ocrx_word' id='word_1_252' title='bbox 3721 4180 3738 4207; x_wconf 82' lang='grc'><strong><em>,</em></strong></span> 
     </span>
    </p>
   </div>
   <div class='ocr_carea' id='block_1_47' title="bbox 2139 4220 3744 4304">
    <p class='ocr_par' dir='ltr' id='par_1_47' title="bbox 2139 4220 3744 4304">
     <span class='ocr_line' id='line_1_47' title="bbox 2139 4220 3744 4304; baseline 0.001 -24"><span class='ocrx_word' id='word_1_253' title='bbox 2139 4221 2415 4283; x_wconf 83' lang='grc' dir='ltr'>ἐπίστευσε</span> <span class='ocrx_word' id='word_1_254' title='bbox 2461 4220 2556 4298; x_wconf 83' lang='grc' dir='ltr'>μὲν</span> <span class='ocrx_word' id='word_1_255' title='bbox 2605 4225 2680 4304; x_wconf 85' lang='grc' dir='ltr'><strong>τῷ</strong></span> <span class='ocrx_word' id='word_1_256' title='bbox 2736 4223 2988 4304; x_wconf 80' lang='grc' dir='ltr'>Χριστῷ,</span> <span class='ocrx_word' id='word_1_257' title='bbox 3038 4221 3179 4295; x_wconf 87' lang='grc' dir='ltr'>πλὴν</span> <span class='ocrx_word' id='word_1_258' title='bbox 3233 4222 3370 4302; x_wconf 82' lang='grc' dir='ltr'>μετὰ</span> <span class='ocrx_word' id='word_1_259' title='bbox 3422 4223 3482 4282; x_wconf 79' lang='grc' dir='ltr'><strong>τὸ</strong></span> <span class='ocrx_word' id='word_1_260' title='bbox 3523 4227 3744 4284; x_wconf 78' lang='grc' dir='ltr'>πιστεῦο</span> 
     </span>
    </p>
   </div>
   <div class='ocr_carea' id='block_1_48' title="bbox 2139 4309 3746 4396">
    <p class='ocr_par' dir='ltr' id='par_1_48' title="bbox 2139 4309 3746 4396">
     <span class='ocr_line' id='line_1_48' title="bbox 2139 4309 3746 4396; baseline 0 -24"><span class='ocrx_word' id='word_1_261' title='bbox 2139 4335 2230 4372; x_wconf 91' lang='grc' dir='ltr'><strong>σαι</strong></span> <span class='ocrx_word' id='word_1_262' title='bbox 2312 4309 2604 4372; x_wconf 78' lang='grc' dir='ltr'>ἐκινδύνευε</span> <span class='ocrx_word' id='word_1_263' title='bbox 2689 4314 2925 4394; x_wconf 78' lang='grc' dir='ltr'>Χριστοῦ</span> <span class='ocrx_word' id='word_1_264' title='bbox 2998 4315 3264 4372; x_wconf 79' lang='grc' dir='ltr'>ἐκπεσεῖν.</span> <span class='ocrx_word' id='word_1_265' title='bbox 3352 4311 3430 4374; x_wconf 76' lang='grc' dir='ltr'><strong>Οἵ</strong></span> <span class='ocrx_word' id='word_1_266' title='bbox 3508 4336 3569 4372; x_wconf 86' lang='grc' dir='ltr'><strong>τε</strong></span> <span class='ocrx_word' id='word_1_267' title='bbox 3642 4313 3746 4396; x_wconf 84' lang='grc' dir='ltr'><strong>γὰρ</strong></span> 
     </span>
    </p>
   </div>
   <div class='ocr_carea' id='block_1_49' title="bbox 2137 4400 3741 4483">
    <p class='ocr_par' dir='ltr' id='par_1_49' title="bbox 2137 4400 3741 4483">
     <span class='ocr_line' id='line_1_49' title="bbox 2137 4400 3741 4483; baseline 0.002 -22"><span class='ocrx_word' id='word_1_268' title='bbox 2137 4400 2382 4463; x_wconf 78' lang='grc' dir='ltr'>πλούσιοι</span> <span class='ocrx_word' id='word_1_269' title='bbox 2433 4403 2573 4470; x_wconf 80' lang='grc' dir='ltr'>ἰδίας</span> <span class='ocrx_word' id='word_1_270' title='bbox 2624 4403 2924 4483; x_wconf 76' lang='grc' dir='ltr'>συμμορίας</span> <span class='ocrx_word' id='word_1_271' title='bbox 2979 4403 3336 4481; x_wconf 81' lang='grc' dir='ltr'>ἐποιήσαντο,</span> <span class='ocrx_word' id='word_1_272' title='bbox 3390 4403 3484 4464; x_wconf 79' lang='grc' dir='ltr'>καὶ</span> <span class='ocrx_word' id='word_1_273' title='bbox 3542 4405 3591 4464; x_wconf 74' lang='grc' dir='ltr'>οἱ</span> <span class='ocrx_word' id='word_1_274' title='bbox 3644 4427 3741 4464; x_wconf 84' lang='grc' dir='ltr'>σο-</span> 
     </span>
    </p>
   </div>
   <div class='ocr_carea' id='block_1_50' title="bbox 2139 4483 3742 4576">
    <p class='ocr_par' dir='ltr' id='par_1_50' title="bbox 2139 4483 3742 4576">
     <span class='ocr_line' id='line_1_50' title="bbox 2139 4483 3742 4576; baseline 0.001 -23"><span class='ocrx_word' id='word_1_275' title='bbox 2139 4492 2225 4574; x_wconf 74' lang='grc' dir='ltr'>φοὶ</span> <span class='ocrx_word' id='word_1_276' title='bbox 2272 4483 2340 4552; x_wconf 68' lang='grc' dir='ltr'><strong>αὖ</strong></span> <span class='ocrx_word' id='word_1_277' title='bbox 2391 4493 2524 4562; x_wconf 81' lang='grc' dir='ltr'>ἰδίας</span> <span class='ocrx_word' id='word_1_278' title='bbox 2584 4514 2597 4528; x_wconf 90' lang='grc'><strong>·</strong></span> <span class='ocrx_word' id='word_1_279' title='bbox 2669 4493 2760 4554; x_wconf 82' lang='grc' dir='ltr'><strong>καὶ</strong></span> <span class='ocrx_word' id='word_1_280' title='bbox 2822 4494 3171 4561; x_wconf 81' lang='grc' dir='ltr'>διδασκάλους</span> <span class='ocrx_word' id='word_1_281' title='bbox 3229 4497 3433 4561; x_wconf 75' lang='grc' dir='ltr'>ἑαυτοῖς</span> <span class='ocrx_word' id='word_1_282' title='bbox 3498 4515 3742 4576; x_wconf 83' lang='grc' dir='ltr'>χειροτο-</span> 
     </span>
    </p>
   </div>
   <div class='ocr_carea' id='block_1_51' title="bbox 2140 4581 3744 4656">
    <p class='ocr_par' dir='ltr' id='par_1_51' title="bbox 2140 4581 3744 4656">
     <span class='ocr_line' id='line_1_51' title="bbox 2140 4581 3744 4656; baseline -0.001 -14"><span class='ocrx_word' id='word_1_283' title='bbox 2140 4584 2394 4656; x_wconf 82' lang='grc' dir='ltr'>νήσαντες</span> <span class='ocrx_word' id='word_1_284' title='bbox 2416 4627 2432 4656; x_wconf 92' lang='grc'><strong><em>,</em></strong></span> <span class='ocrx_word' id='word_1_285' title='bbox 2507 4581 2595 4642; x_wconf 79' lang='grc' dir='ltr'><strong>τὸν</strong></span> <span class='ocrx_word' id='word_1_286' title='bbox 2655 4585 2876 4645; x_wconf 88' lang='grc' dir='ltr'>Παῦλον</span> <span class='ocrx_word' id='word_1_287' title='bbox 2961 4586 3033 4652; x_wconf 82' lang='grc' dir='ltr'>ὡς</span> <span class='ocrx_word' id='word_1_288' title='bbox 3098 4582 3305 4654; x_wconf 82' lang='grc' dir='ltr'>πένητα</span> <span class='ocrx_word' id='word_1_289' title='bbox 3375 4582 3468 4645; x_wconf 78' lang='grc' dir='ltr'>καὶ</span> <span class='ocrx_word' id='word_1_290' title='bbox 3527 4582 3744 4655; x_wconf 82' lang='grc' dir='ltr'>ἰδιώτην</span> 
     </span>
    </p>
   </div>
   <div class='ocr_carea' id='block_1_52' title="bbox 2139 4671 3746 4755">
    <p class='ocr_par' dir='ltr' id='par_1_52' title="bbox 2139 4671 3746 4755">
     <span class='ocr_line' id='line_1_52' title="bbox 2139 4671 3746 4755; baseline -0.001 -23"><span class='ocrx_word' id='word_1_291' title='bbox 2139 4671 2434 4733; x_wconf 78' lang='grc' dir='ltr'>διέϐαλλον.</span> <span class='ocrx_word' id='word_1_292' title='bbox 2515 4671 2679 4733; x_wconf 76' lang='grc' dir='ltr'>Ἀλλὰ</span> <span class='ocrx_word' id='word_1_293' title='bbox 2748 4673 2840 4732; x_wconf 89' lang='grc' dir='ltr'><strong>καί</strong></span> <span class='ocrx_word' id='word_1_294' title='bbox 2896 4697 2974 4741; x_wconf 90' lang='grc' dir='ltr'><strong>τις</strong></span> <span class='ocrx_word' id='word_1_295' title='bbox 3033 4675 3087 4732; x_wconf 83' lang='grc' dir='ltr'><strong>ἐν</strong></span> <span class='ocrx_word' id='word_1_296' title='bbox 3140 4675 3318 4740; x_wconf 82' lang='grc' dir='ltr'>αὐτοῖς</span> <span class='ocrx_word' id='word_1_297' title='bbox 3372 4677 3440 4754; x_wconf 85' lang='grc' dir='ltr'><strong>τῇ</strong></span> <span class='ocrx_word' id='word_1_298' title='bbox 3506 4681 3746 4755; x_wconf 71' lang='grc' dir='ltr'>μητρυιᾷ</span> 
     </span>
    </p>
   </div>
   <div class='ocr_carea' id='block_1_53' title="bbox 2140 4761 3734 4842">
    <p class='ocr_par' dir='ltr' id='par_1_53' title="bbox 2140 4761 3734 4842">
     <span class='ocr_line' id='line_1_53' title="bbox 2140 4761 3734 4842; baseline -0.001 -21"><span class='ocrx_word' id='word_1_299' title='bbox 2140 4762 2299 4842; x_wconf 80' lang='grc' dir='ltr'>ἐμίγη</span> <span class='ocrx_word' id='word_1_300' title='bbox 2333 4785 2346 4800; x_wconf 72' lang='grc' dir='ltr'><strong>ο</strong></span> <span class='ocrx_word' id='word_1_301' title='bbox 2397 4761 2489 4822; x_wconf 80' lang='grc' dir='ltr'><strong>καὶ</strong></span> <span class='ocrx_word' id='word_1_302' title='bbox 2534 4761 2602 4821; x_wconf 78' lang='grc' dir='ltr'>τὰ</span> <span class='ocrx_word' id='word_1_303' title='bbox 2655 4761 2978 4823; x_wconf 76' lang='grc' dir='ltr'>εἰδωλόθυτά</span> <span class='ocrx_word' id='word_1_304' title='bbox 3032 4785 3169 4831; x_wconf 89' lang='grc' dir='ltr'>τινες</span> <span class='ocrx_word' id='word_1_305' title='bbox 3214 4761 3426 4835; x_wconf 83' lang='grc' dir='ltr'>ἤσθιον,</span> <span class='ocrx_word' id='word_1_306' title='bbox 3486 4761 3595 4822; x_wconf 78' lang='grc' dir='ltr'>ἀπὸ</span> <span class='ocrx_word' id='word_1_307' title='bbox 3629 4786 3734 4842; x_wconf 90' lang='grc' dir='ltr'>γα-</span> 
     </span>
    </p>
   </div>
   <div class='ocr_carea' id='block_1_54' title="bbox 2141 4849 3742 4932">
    <p class='ocr_par' dir='ltr' id='par_1_54' title="bbox 2141 4849 3742 4932">
     <span class='ocr_line' id='line_1_54' title="bbox 2141 4849 3742 4932; baseline 0 -22"><span class='ocrx_word' id='word_1_308' title='bbox 2141 4851 2492 4932; x_wconf 81' lang='grc' dir='ltr'>στριμαργίας</span> <span class='ocrx_word' id='word_1_309' title='bbox 2549 4874 2563 4888; x_wconf 83' lang='grc'><strong>·</strong></span> <span class='ocrx_word' id='word_1_310' title='bbox 2620 4850 2710 4911; x_wconf 76' lang='grc' dir='ltr'><strong>καὶ</strong></span> <span class='ocrx_word' id='word_1_311' title='bbox 2763 4854 2816 4910; x_wconf 79' lang='grc' dir='ltr'><strong>ἐν</strong></span> <span class='ocrx_word' id='word_1_312' title='bbox 2870 4855 2985 4918; x_wconf 88' lang='grc' dir='ltr'>ταῖς</span> <span class='ocrx_word' id='word_1_313' title='bbox 3037 4851 3171 4930; x_wconf 77' lang='grc' dir='ltr'>ὑπὲρ</span> <span class='ocrx_word' id='word_1_314' title='bbox 3231 4849 3530 4931; x_wconf 85' lang='grc' dir='ltr'>χρημάτων</span> <span class='ocrx_word' id='word_1_315' title='bbox 3581 4852 3742 4932; x_wconf 79' lang='grc' dir='ltr'>φιλο-</span> 
     </span>
    </p>
   </div>
   <div class='ocr_carea' id='block_1_55' title="bbox 2138 4938 3738 5021">
    <p class='ocr_par' dir='ltr' id='par_1_55' title="bbox 2138 4938 3738 5021">
     <span class='ocr_line' id='line_1_55' title="bbox 2138 4938 3738 5021; baseline 0.001 -23"><span class='ocrx_word' id='word_1_316' title='bbox 2138 4941 2358 5007; x_wconf 87' lang='grc' dir='ltr'>νεικίαις</span> <span class='ocrx_word' id='word_1_317' title='bbox 2423 4938 2573 5019; x_wconf 79' lang='grc' dir='ltr'>παρὰ</span> <span class='ocrx_word' id='word_1_318' title='bbox 2647 4949 2756 5008; x_wconf 90' lang='grc' dir='ltr'>τοῖς</span> <span class='ocrx_word' id='word_1_319' title='bbox 2804 4940 3044 5014; x_wconf 86' lang='grc' dir='ltr'>Ἕλλησι</span> <span class='ocrx_word' id='word_1_320' title='bbox 3106 4942 3384 5009; x_wconf 86' lang='grc' dir='ltr'>δικασταῖς</span> <span class='ocrx_word' id='word_1_321' title='bbox 3448 4941 3738 5021; x_wconf 85' lang='grc' dir='ltr'>ἐκρίνοντο.</span> 
     </span>
    </p>
   </div>
   <div class='ocr_carea' id='block_1_56' title="bbox 2145 5028 3742 5112">
    <p class='ocr_par' dir='ltr' id='par_1_56' title="bbox 2145 5028 3742 5112">
     <span class='ocr_line' id='line_1_56' title="bbox 2145 5028 3742 5112; baseline 0 -22"><span class='ocrx_word' id='word_1_322' title='bbox 2145 5029 2253 5090; x_wconf 79' lang='grc' dir='ltr'>Καὶ</span> <span class='ocrx_word' id='word_1_323' title='bbox 2316 5029 2412 5098; x_wconf 83' lang='grc' dir='ltr'><strong>τὰς</strong></span> <span class='ocrx_word' id='word_1_324' title='bbox 2477 5028 2653 5107; x_wconf 81' lang='grc' dir='ltr'>κόμας</span> <span class='ocrx_word' id='word_1_325' title='bbox 2708 5030 2921 5112; x_wconf 83' lang='grc' dir='ltr'>ἔτρεφον</span> <span class='ocrx_word' id='word_1_326' title='bbox 2981 5031 3029 5088; x_wconf 77' lang='grc' dir='ltr'>οἱ</span> <span class='ocrx_word' id='word_1_327' title='bbox 3090 5028 3309 5109; x_wconf 78' lang='grc' dir='ltr'>ἄνδρες,</span> <span class='ocrx_word' id='word_1_328' title='bbox 3367 5029 3459 5089; x_wconf 76' lang='grc' dir='ltr'><strong>καὶ</strong></span> <span class='ocrx_word' id='word_1_329' title='bbox 3518 5032 3570 5090; x_wconf 78' lang='grc' dir='ltr'><strong>ἐν</strong></span> <span class='ocrx_word' id='word_1_330' title='bbox 3625 5038 3742 5098; x_wconf 87' lang='grc' dir='ltr'>ταῖς</span> 
     </span>
    </p>
   </div>
   <div class='ocr_carea' id='block_1_57' title="bbox 2143 5117 3740 5198">
    <p class='ocr_par' dir='ltr' id='par_1_57' title="bbox 2143 5117 3740 5198">
     <span class='ocr_line' id='line_1_57' title="bbox 2143 5117 3740 5198; baseline 0 -20"><span class='ocrx_word' id='word_1_331' title='bbox 2143 5117 2447 5193; x_wconf 77' lang='grc' dir='ltr'>ἐκκλησίαις</span> <span class='ocrx_word' id='word_1_332' title='bbox 2529 5118 2710 5192; x_wconf 80' lang='grc' dir='ltr'>ἤσθιον</span> <span class='ocrx_word' id='word_1_333' title='bbox 2737 5165 2753 5195; x_wconf 88' lang='grc'><strong><em>,</em></strong></span> <span class='ocrx_word' id='word_1_334' title='bbox 2843 5118 2917 5198; x_wconf 77' lang='grc' dir='ltr'><strong>μὴ</strong></span> <span class='ocrx_word' id='word_1_335' title='bbox 3004 5119 3374 5197; x_wconf 86' lang='grc' dir='ltr'>μεταδιδόντες</span> <span class='ocrx_word' id='word_1_336' title='bbox 3442 5121 3553 5188; x_wconf 87' lang='grc' dir='ltr'>τοῖς</span> <span class='ocrx_word' id='word_1_337' title='bbox 3627 5120 3740 5179; x_wconf 82' lang='grc' dir='ltr'>δεο·</span> 
     </span>
    </p>
   </div>
   <div class='ocr_carea' id='block_1_58' title="bbox 433 5199 2070 5290">
    <p class='ocr_par' dir='ltr' id='par_1_58' title="bbox 433 5210 2070 5285">
     <span class='ocr_line' id='line_1_58' title="bbox 433 5210 2070 5285; baseline 0.001 -21"><span class='ocrx_word' id='word_1_338' title='bbox 433 5213 637 5266; x_wconf 88' lang='lat' dir='ltr'><strong>tientes.</strong></span> <span class='ocrx_word' id='word_1_339' title='bbox 673 5210 1070 5268; x_wconf 83' lang='lat' dir='ltr'><strong>Charismatum</strong></span> <span class='ocrx_word' id='word_1_340' title='bbox 1115 5214 1340 5285; x_wconf 82' lang='lat' dir='ltr'><strong>insuper</strong></span> <span class='ocrx_word' id='word_1_341' title='bbox 1380 5227 1474 5267; x_wconf 89' lang='lat' dir='ltr'><strong>seu</strong></span> <span class='ocrx_word' id='word_1_342' title='bbox 1519 5211 1777 5267; x_wconf 82' lang='lat' dir='ltr'><strong>donorum</strong></span> <span class='ocrx_word' id='word_1_343' title='bbox 1806 5213 2026 5266; x_wconf 86' lang='lat' dir='ltr'><strong>nomine</strong></span> <span class='ocrx_word' id='word_1_344' title='bbox 2065 5218 2070 5251; x_wconf 61' lang='grc'><strong><em>4</em></strong></span> 
     </span>
    </p>
   </div>
   <div class='ocr_carea' id='block_1_59' title="bbox 2137 5199 3738 5290">
    <p class='ocr_par' dir='ltr' id='par_1_59' title="bbox 2145 5207 3738 5290">
     <span class='ocr_line' id='line_1_59' title="bbox 2145 5207 3738 5290; baseline 0.005 -26"><span class='ocrx_word' id='word_1_345' title='bbox 2145 5207 2336 5286; x_wconf 77' lang='grc' dir='ltr'>μένοις.</span> <span class='ocrx_word' id='word_1_346' title='bbox 2402 5208 2510 5268; x_wconf 77' lang='grc' dir='ltr'><strong>Καὶ</strong></span> <span class='ocrx_word' id='word_1_347' title='bbox 2567 5207 2654 5268; x_wconf 75' lang='grc' dir='ltr'>ἐπὶ</span> <span class='ocrx_word' id='word_1_348' title='bbox 2732 5217 2841 5276; x_wconf 87' lang='grc' dir='ltr'>τοῖς</span> <span class='ocrx_word' id='word_1_349' title='bbox 2899 5208 3204 5290; x_wconf 88' lang='grc' dir='ltr'>χαρίσμασι</span> <span class='ocrx_word' id='word_1_350' title='bbox 3277 5211 3333 5271; x_wconf 87' lang='grc' dir='ltr'>δὲ</span> <span class='ocrx_word' id='word_1_351' title='bbox 3392 5209 3532 5290; x_wconf 75' lang='grc' dir='ltr'>μέγα</span> <span class='ocrx_word' id='word_1_352' title='bbox 3584 5209 3738 5289; x_wconf 77' lang='grc' dir='ltr'>ἐφρό-</span> 
     </span>
    </p>
   </div>
   <div class='ocr_carea' id='block_1_60' title="bbox 431 5302 2029 5372">
    <p class='ocr_par' dir='ltr' id='par_1_60' title="bbox 431 5302 2029 5372">
     <span class='ocr_line' id='line_1_60' title="bbox 431 5302 2029 5372; baseline 0.001 -16"><span class='ocrx_word' id='word_1_353' title='bbox 431 5303 772 5370; x_wconf 87' lang='lat' dir='ltr'><strong>inﬂabantur</strong></span> <span class='ocrx_word' id='word_1_354' title='bbox 818 5320 832 5355; x_wconf 90' lang='lat'><strong>:</strong></span> <span class='ocrx_word' id='word_1_355' title='bbox 896 5317 992 5358; x_wconf 91' lang='lat' dir='ltr'><strong>nec</strong></span> <span class='ocrx_word' id='word_1_356' title='bbox 1051 5318 1160 5358; x_wconf 87' lang='lat' dir='ltr'><strong>non</strong></span> <span class='ocrx_word' id='word_1_357' title='bbox 1217 5305 1627 5358; x_wconf 81' lang='lat' dir='ltr'><strong>resurrectionis</strong></span> <span class='ocrx_word' id='word_1_358' title='bbox 1679 5305 1820 5357; x_wconf 88' lang='lat' dir='ltr'><strong>ratio</strong></span> <span class='ocrx_word' id='word_1_359' title='bbox 1879 5302 2029 5372; x_wconf 83' lang='lat' dir='ltr'><strong>apud</strong></span> 
     </span>
    </p>
   </div>
   <div class='ocr_carea' id='block_1_61' title="bbox 433 5390 2029 5461">
    <p class='ocr_par' dir='ltr' id='par_1_61' title="bbox 433 5390 2029 5461">
     <span class='ocr_line' id='line_1_61' title="bbox 433 5390 2029 5461; baseline 0.001 -17"><span class='ocrx_word' id='word_1_360' title='bbox 433 5394 575 5461; x_wconf 84' lang='lat' dir='ltr'><strong>ipsos</strong></span> <span class='ocrx_word' id='word_1_361' title='bbox 593 5391 952 5447; x_wconf 87' lang='lat' dir='ltr'><strong>claudicabat.</strong></span> <span class='ocrx_word' id='word_1_362' title='bbox 988 5393 1142 5448; x_wconf 87' lang='lat' dir='ltr'><strong>Hunc</strong></span> <span class='ocrx_word' id='word_1_363' title='bbox 1162 5407 1287 5447; x_wconf 80' lang='lat' dir='ltr'><strong>vero</strong></span> <span class='ocrx_word' id='word_1_364' title='bbox 1316 5390 1391 5446; x_wconf 91' lang='lat' dir='ltr'><strong>ad</strong></span> <span class='ocrx_word' id='word_1_365' title='bbox 1407 5391 1625 5446; x_wconf 88' lang='lat' dir='ltr'><strong>modum</strong></span> <span class='ocrx_word' id='word_1_366' title='bbox 1662 5391 1727 5446; x_wconf 90' lang='lat' dir='ltr'><strong>ob</strong></span> <span class='ocrx_word' id='word_1_367' title='bbox 1747 5395 2029 5447; x_wconf 65' lang='lat' dir='ltr'><strong>externam</strong></span> 
     </span>
    </p>
   </div>
   <div class='ocr_carea' id='block_1_62' title="bbox 428 5481 2025 5552">
    <p class='ocr_par' dir='ltr' id='par_1_62' title="bbox 428 5481 2025 5552">
     <span class='ocr_line' id='line_1_62' title="bbox 428 5481 2025 5552; baseline 0 -16"><span class='ocrx_word' id='word_1_368' title='bbox 428 5495 582 5537; x_wconf 90' lang='lat' dir='ltr'><strong>suam</strong></span> <span class='ocrx_word' id='word_1_369' title='bbox 611 5484 940 5551; x_wconf 85' lang='lat' dir='ltr'><strong>sapientiam</strong></span> <span class='ocrx_word' id='word_1_370' title='bbox 966 5481 1256 5538; x_wconf 86' lang='lat' dir='ltr'><strong>nutabant.</strong></span> <span class='ocrx_word' id='word_1_371' title='bbox 1288 5483 1404 5538; x_wconf 87' lang='lat' dir='ltr'><strong>Ista</strong></span> <span class='ocrx_word' id='word_1_372' title='bbox 1423 5483 1564 5537; x_wconf 90' lang='lat' dir='ltr'><strong>enim</strong></span> <span class='ocrx_word' id='word_1_373' title='bbox 1592 5483 1682 5546; x_wconf 86' lang='lat' dir='ltr'><strong>iis,</strong></span> <span class='ocrx_word' id='word_1_374' title='bbox 1703 5484 1802 5552; x_wconf 88' lang='lat' dir='ltr'><strong>qui</strong></span> <span class='ocrx_word' id='word_1_375' title='bbox 1827 5486 1939 5538; x_wconf 88' lang='lat' dir='ltr'><strong>tota</strong></span> <span class='ocrx_word' id='word_1_376' title='bbox 1956 5483 2025 5536; x_wconf 90' lang='lat' dir='ltr'><strong>ab</strong></span> 
     </span>
    </p>
   </div>
   <div class='ocr_carea' id='block_1_63' title="bbox 431 5571 2028 5643">
    <p class='ocr_par' dir='ltr' id='par_1_63' title="bbox 431 5571 2028 5643">
     <span class='ocr_line' id='line_1_63' title="bbox 431 5571 2028 5643; baseline 0.001 -17"><span class='ocrx_word' id='word_1_377' title='bbox 431 5586 494 5626; x_wconf 91' lang='lat' dir='ltr'><strong>ea</strong></span> <span class='ocrx_word' id='word_1_378' title='bbox 539 5571 798 5641; x_wconf 83' lang='lat' dir='ltr'><strong>pendent,</strong></span> <span class='ocrx_word' id='word_1_379' title='bbox 840 5573 994 5643; x_wconf 86' lang='lat' dir='ltr'><strong>eique</strong></span> <span class='ocrx_word' id='word_1_380' title='bbox 1023 5574 1207 5627; x_wconf 88' lang='lat' dir='ltr'><strong>omnia</strong></span> <span class='ocrx_word' id='word_1_381' title='bbox 1242 5573 1608 5640; x_wconf 84' lang='lat' dir='ltr'><strong>committunt,</strong></span> <span class='ocrx_word' id='word_1_382' title='bbox 1646 5574 1888 5628; x_wconf 88' lang='lat' dir='ltr'><strong>omnium</strong></span> <span class='ocrx_word' id='word_1_383' title='bbox 1915 5587 2028 5628; x_wconf 85' lang='lat' dir='ltr'><strong>ma-</strong></span> 
     </span>
    </p>
   </div>
   <div class='ocr_carea' id='block_1_64' title="bbox 433 5661 2029 5734">
    <p class='ocr_par' dir='ltr' id='par_1_64' title="bbox 433 5661 2029 5734">
     <span class='ocr_line' id='line_1_64' title="bbox 433 5661 2029 5734; baseline 0.004 -19"><span class='ocrx_word' id='word_1_384' title='bbox 433 5661 608 5716; x_wconf 88' lang='lat' dir='ltr'><strong>lorum</strong></span> <span class='ocrx_word' id='word_1_385' title='bbox 643 5665 816 5716; x_wconf 86' lang='lat' dir='ltr'><strong>mater</strong></span> <span class='ocrx_word' id='word_1_386' title='bbox 840 5667 936 5718; x_wconf 89' lang='lat' dir='ltr'><strong>est.</strong></span> <span class='ocrx_word' id='word_1_387' title='bbox 975 5662 1142 5734; x_wconf 72' lang='lat'><strong>120</strong></span> <span class='ocrx_word' id='word_1_388' title='bbox 1178 5662 1378 5720; x_wconf 86' lang='lat' dir='ltr'><strong>Scribit</strong></span> <span class='ocrx_word' id='word_1_389' title='bbox 1409 5664 1595 5734; x_wconf 85' lang='lat' dir='ltr'><strong>itaque</strong></span> <span class='ocrx_word' id='word_1_390' title='bbox 1622 5662 2029 5721; x_wconf 83' lang='lat' dir='ltr'><strong>divus&#39;Paulus</strong></span> 
     </span>
    </p>
   </div>
   <div class='ocr_carea' id='block_1_65' title="bbox 430 5751 2025 5824">
    <p class='ocr_par' dir='ltr' id='par_1_65' title="bbox 430 5751 2025 5824">
     <span class='ocr_line' id='line_1_65' title="bbox 430 5751 2025 5824; baseline 0.004 -19"><span class='ocrx_word' id='word_1_391' title='bbox 430 5751 584 5816; x_wconf 83' lang='lat' dir='ltr'><strong>urbi,</strong></span> <span class='ocrx_word' id='word_1_392' title='bbox 612 5751 722 5806; x_wconf 77' lang='lat' dir='ltr'><strong>haec</strong></span> <span class='ocrx_word' id='word_1_393' title='bbox 757 5752 940 5806; x_wconf 89' lang='lat' dir='ltr'><strong>omnia</strong></span> <span class='ocrx_word' id='word_1_394' title='bbox 957 5753 1247 5824; x_wconf 73' lang='lat' dir='ltr'><strong>corrigens.</strong></span> <span class='ocrx_word' id='word_1_395' title='bbox 1283 5755 1423 5823; x_wconf 84' lang='lat' dir='ltr'><strong>Quia</strong></span> <span class='ocrx_word' id='word_1_396' title='bbox 1460 5768 1584 5809; x_wconf 79' lang='lat' dir='ltr'><strong>vero</strong></span> <span class='ocrx_word' id='word_1_397' title='bbox 1614 5756 1821 5812; x_wconf 69' lang='lat' dir='ltr'><strong>caeteris</strong></span> <span class='ocrx_word' id='word_1_398' title='bbox 1855 5757 2025 5811; x_wconf 89' lang='lat' dir='ltr'><strong>omni-</strong></span> 
     </span>
    </p>
   </div>
   <div class='ocr_carea' id='block_1_66' title="bbox 2136 5297 3736 5380">
    <p class='ocr_par' dir='ltr' id='par_1_66' title="bbox 2136 5297 3736 5380">
     <span class='ocr_line' id='line_1_66' title="bbox 2136 5297 3736 5380; baseline 0.001 -23"><span class='ocrx_word' id='word_1_399' title='bbox 2136 5321 2256 5358; x_wconf 84' lang='lat' dir='ltr'><strong>vouv</strong></span> <span class='ocrx_word' id='word_1_400' title='bbox 2311 5322 2324 5336; x_wconf 83' lang='lat'><strong>-</strong></span> <span class='ocrx_word' id='word_1_401' title='bbox 2391 5297 2484 5357; x_wconf 73' lang='grc' dir='ltr'>καὶ</span> <span class='ocrx_word' id='word_1_402' title='bbox 2556 5300 2585 5358; x_wconf 83' lang='grc' dir='ltr'>ὁ</span> <span class='ocrx_word' id='word_1_403' title='bbox 2653 5299 2777 5378; x_wconf 77' lang='grc' dir='ltr'>περὶ</span> <span class='ocrx_word' id='word_1_404' title='bbox 2857 5299 3203 5369; x_wconf 80' lang='grc' dir='ltr'>ἀναστάσεως</span> <span class='ocrx_word' id='word_1_405' title='bbox 3279 5301 3435 5380; x_wconf 88' lang='grc' dir='ltr'>λόγος</span> <span class='ocrx_word' id='word_1_406' title='bbox 3504 5298 3736 5380; x_wconf 81' lang='grc' dir='ltr'>ἐχώλευε</span> 
     </span>
    </p>
   </div>
   <div class='ocr_carea' id='block_1_67' title="bbox 2134 5389 3738 5472">
    <p class='ocr_par' dir='ltr' id='par_1_67' title="bbox 2134 5389 3738 5472">
     <span class='ocr_line' id='line_1_67' title="bbox 2134 5389 3738 5472; baseline -0.001 -24"><span class='ocrx_word' id='word_1_407' title='bbox 2134 5391 2264 5468; x_wconf 86' lang='grc' dir='ltr'>παρ’</span> <span class='ocrx_word' id='word_1_408' title='bbox 2344 5389 2543 5457; x_wconf 76' lang='grc' dir='ltr'>αὐτοῖς.</span> <span class='ocrx_word' id='word_1_409' title='bbox 2629 5392 2819 5450; x_wconf 88' lang='grc' dir='ltr'>Ταῦτα</span> <span class='ocrx_word' id='word_1_410' title='bbox 2917 5391 2971 5449; x_wconf 86' lang='grc' dir='ltr'>δὲ</span> <span class='ocrx_word' id='word_1_411' title='bbox 3060 5391 3388 5472; x_wconf 75' lang='grc' dir='ltr'>ἐσφάλλοντο</span> <span class='ocrx_word' id='word_1_412' title='bbox 3469 5389 3576 5448; x_wconf 76' lang='grc' dir='ltr'><strong>ἀπὸ</strong></span> <span class='ocrx_word' id='word_1_413' title='bbox 3645 5391 3738 5462; x_wconf 76' lang='grc' dir='ltr'><strong>τῆς</strong></span> 
     </span>
    </p>
   </div>
   <div class='ocr_carea' id='block_1_68' title="bbox 2136 5477 3740 5562">
    <p class='ocr_par' dir='ltr' id='par_1_68' title="bbox 2136 5477 3740 5562">
     <span class='ocr_line' id='line_1_68' title="bbox 2136 5477 3740 5562; baseline -0.001 -25"><span class='ocrx_word' id='word_1_414' title='bbox 2136 5477 2321 5546; x_wconf 78' lang='grc' dir='ltr'>ἔξωθεν</span> <span class='ocrx_word' id='word_1_415' title='bbox 2384 5479 2590 5561; x_wconf 75' lang='grc' dir='ltr'>σοφίας.</span> <span class='ocrx_word' id='word_1_416' title='bbox 2645 5478 2797 5554; x_wconf 76' lang='grc' dir='ltr'>Αὕτη</span> <span class='ocrx_word' id='word_1_417' title='bbox 2868 5478 2970 5562; x_wconf 78' lang='grc' dir='ltr'><strong>γὰρ</strong></span> <span class='ocrx_word' id='word_1_418' title='bbox 3032 5489 3139 5548; x_wconf 88' lang='grc' dir='ltr'>τοῖς</span> <span class='ocrx_word' id='word_1_419' title='bbox 3199 5480 3377 5540; x_wconf 84' lang='grc' dir='ltr'>πάντα</span> <span class='ocrx_word' id='word_1_420' title='bbox 3435 5480 3573 5557; x_wconf 77' lang='grc' dir='ltr'>αὐτῇ</span> <span class='ocrx_word' id='word_1_421' title='bbox 3644 5500 3740 5536; x_wconf 88' lang='grc' dir='ltr'><strong>πι-</strong></span> 
     </span>
    </p>
   </div>
   <div class='ocr_carea' id='block_1_69' title="bbox 2139 5566 3739 5652">
    <p class='ocr_par' dir='ltr' id='par_1_69' title="bbox 2139 5566 3739 5652">
     <span class='ocr_line' id='line_1_69' title="bbox 2139 5566 3739 5652; baseline -0.001 -25"><span class='ocrx_word' id='word_1_422' title='bbox 2139 5568 2382 5630; x_wconf 80' lang='grc' dir='ltr'>στεύουσι</span> <span class='ocrx_word' id='word_1_423' title='bbox 2452 5571 2557 5629; x_wconf 80' lang='grc' dir='ltr'><strong>τῶν</strong></span> <span class='ocrx_word' id='word_1_424' title='bbox 2667 5571 2847 5629; x_wconf 81' lang='grc' dir='ltr'>κακῶν</span> <span class='ocrx_word' id='word_1_425' title='bbox 2943 5569 3160 5630; x_wconf 85' lang='grc' dir='ltr'>πάντων</span> <span class='ocrx_word' id='word_1_426' title='bbox 3248 5570 3452 5652; x_wconf 80' lang='grc' dir='ltr'>μήτηρ.</span> <span class='ocrx_word' id='word_1_427' title='bbox 3532 5566 3739 5650; x_wconf 72' lang='grc' dir='ltr'>Γράφει</span> 
     </span>
    </p>
   </div>
   <div class='ocr_carea' id='block_1_70' title="bbox 2137 5658 3739 5742">
    <p class='ocr_par' dir='ltr' id='par_1_70' title="bbox 2137 5658 3739 5742">
     <span class='ocr_line' id='line_1_70' title="bbox 2137 5658 3739 5742; baseline -0.002 -24"><span class='ocrx_word' id='word_1_428' title='bbox 2137 5658 2309 5720; x_wconf 86' lang='grc' dir='ltr'>τοίνυν</span> <span class='ocrx_word' id='word_1_429' title='bbox 2371 5662 2400 5719; x_wconf 81' lang='grc' dir='ltr'>ὁ</span> <span class='ocrx_word' id='word_1_430' title='bbox 2457 5661 2674 5730; x_wconf 85' lang='grc' dir='ltr'>Παῦλος</span> <span class='ocrx_word' id='word_1_431' title='bbox 2739 5663 2806 5742; x_wconf 80' lang='grc' dir='ltr'><strong>τῇ</strong></span> <span class='ocrx_word' id='word_1_432' title='bbox 2869 5660 3060 5736; x_wconf 87' lang='grc' dir='ltr'>πόλει,</span> <span class='ocrx_word' id='word_1_433' title='bbox 3105 5661 3284 5720; x_wconf 85' lang='grc' dir='ltr'>πάντα</span> <span class='ocrx_word' id='word_1_434' title='bbox 3355 5662 3529 5742; x_wconf 65' lang='grc' dir='ltr'>ταῦτα</span> <span class='ocrx_word' id='word_1_435' title='bbox 3599 5658 3739 5740; x_wconf 88' lang='grc' dir='ltr'>διορ-</span> 
     </span>
    </p>
   </div>
   <div class='ocr_carea' id='block_1_71' title="bbox 2137 5739 3738 5832">
    <p class='ocr_par' dir='ltr' id='par_1_71' title="bbox 2137 5739 3738 5832">
     <span class='ocr_line' id='line_1_71' title="bbox 2137 5739 3738 5832; baseline -0.001 -22"><span class='ocrx_word' id='word_1_436' title='bbox 2137 5747 2403 5828; x_wconf 78' lang='grc' dir='ltr'>θούμενος.</span> <span class='ocrx_word' id='word_1_437' title='bbox 2479 5748 2640 5813; x_wconf 73' lang='grc' dir='ltr'><strong>Ἐπεὶ</strong></span> <span class='ocrx_word' id='word_1_438' title='bbox 2717 5739 2790 5812; x_wconf 17' lang='grc' dir='ltr'><strong>δὲ*</strong></span> <span class='ocrx_word' id='word_1_439' title='bbox 2845 5753 3022 5832; x_wconf 82' lang='grc' dir='ltr'>μεῖζον</span> <span class='ocrx_word' id='word_1_440' title='bbox 3079 5750 3293 5812; x_wconf 82' lang='grc' dir='ltr'>πάντων</span> <span class='ocrx_word' id='word_1_441' title='bbox 3350 5739 3450 5825; x_wconf 71' lang='grc' dir='ltr'>ἦν,</span> <span class='ocrx_word' id='word_1_442' title='bbox 3503 5748 3563 5810; x_wconf 75' lang='grc' dir='ltr'><strong>τὸ</strong></span> <span class='ocrx_word' id='word_1_443' title='bbox 3614 5739 3738 5830; x_wconf 78' lang='grc' dir='ltr'>σχί-</span> 
     </span>
    </p>
   </div>
  </div>
