4090 6428
338 427 446 483 561
1155 426 1503 485 EXPOSITIO
1543 428 1610 485 IN
1649 427 1859 486 EPIST.
1899 428 1941 485 Ι.
1979 428 2074 486 AD
2111 427 2270 486 COR.
2311 455 2382 469 —-
2418 427 2903 488 ARGUMENTUM.
3555 435 3656 490 562

338 539 530 629 σματα
583 541 722 611 εἶναι
770 555 823 614 ἐν
870 551 1202 633 Ἐκκλησία,
1265 557 1423 614 τοῦτο
1478 551 1535 613 δὲ
1585 552 1692 614 ἀπὸ
1754 555 1946 636 ὑψηλο-

2063 553 2161 611 bus
2204 555 2384 626 majus
2439 559 2584 620 erat,
2625 554 2982 613 dissensiones
3017 561 3068 614 et
3112 563 3279 615 sectas
3321 575 3431 616 esse
3466 561 3526 616 in
3561 563 3660 618 Ec-

336 639 607 723 φροσύνης
688 641 922 702 ἐτίκτετο
1011 665 1024 680 ·
1103 641 1202 715 τὴν
1280 643 1718 726 ὕψηλοφροσύνην
1798 641 1949 725 πρώ-

335 755 440 805 την
483 733 694 812 ἀναιρεῖ
730 730 785 769 ’³
818 755 832 770 ο
877 732 930 792 ἐν
974 731 1146 812 ταύτῃ
1187 733 1240 772 ⁰³
1290 732 1394 813 γὰρ
1437 733 1740 816 ὑψηλότερα
1801 734 1949 795 διδά-

337 844 494 881 σκειν
536 819 725 902 ᾤοντο.
765 821 860 882 Διὸ
885 821 976 881 καὶ
1012 820 1176 890 οὕτως
1207 821 1457 904 ἄρχεται.

2056 646 2237 714 clesia,
2266 645 2347 702 ha:
2370 661 2492 702 vero
2518 662 2587 702 eo:
2622 647 2778 714 fastu
2816 663 2999 703 eorum
3030 651 3411 718 nascebantur,
3448 652 3658 718 fastum

2055 737 2225 792 istum
2245 739 2410 808 atque
2432 736 2566 793 adeo
2583 741 2960 808 arrogantiam
2982 741 3222 810 primum
3241 756 3268 795 e
3289 740 3463 796 medio
3496 742 3654 797 tollit.

2058 829 2149 882 Ex
2194 841 2258 880 ea
2312 828 2474 895 enim,
2525 830 2850 898 arrogantia
2893 829 3032 893 dico,
3084 830 3286 884 altiora
3325 844 3436 885 sese
3475 831 3660 886 docere

2059 915 2493 972 arbitrabantur
2536 935 2555 970 :
2583 933 2702 973 eam
2734 918 2803 974 ob
2855 919 2984 988 remf
3009 923 3060 974 et
3105 919 3242 975 hanc
3284 920 3360 975 ad
3384 921 3660 976 rationem

2058 1012 2282 1065 initium
2308 1011 2478 1067 ducit.

1090 1323 1442 1386 EIUSDEM
1483 1325 1884 1386 EPISTOLIE
1927 1326 2471 1390 ARGUMENTUM
2519 1327 2918 1390 ALTERUM.

1673 1459 1748 1508 Ex
1781 1457 1952 1510 codice
1975 1458 2331 1511 Arundeliano.

331 1610 625 1678 ⁶Υπόθεσις
713 1615 808 1683 τῆς
881 1609 1011 1690 πρὸς

1045 1701 1263 1772 στολῆς.

480 1824 557 1889 Ἦ
628 1817 884 1905 Κόρινθος
954 1822 1067 1884 ἔστι
1132 1823 1229 1903 μὲν
1287 1823 1441 1894 πόλις
1492 1827 1589 1898 τῆς
1646 1823 1909 1895 Ἑλλάδος
1941 1851 1955 1865 ο

341 1917 520 1996 ἐκόμα
572 1913 628 1975 δὲ
673 1917 966 1988 τηνικαῦτα
1003 1913 1250 1996 πλούτῳ,
1293 1914 1386 1974 καὶ
1438 1914 1596 1997 σοφίᾳ
1615 1960 1631 1988 ,
1678 1914 1770 1976 καὶ
1814 1919 1952 1977 πολ-

346 2008 460 2075 λοῖς
530 2005 710 2072 ἄλλοις
801 2002 1227 2085 προτερήμασιν.
1361 2005 1459 2067 Ἐν
1532 2004 1702 2086 ταύτῃ
1779 2006 1952 2067 πολλὰ

1096 1608 1404 1688 Κορινθίους
1499 1609 1719 1692 πρώτης
1791 1609 1947 1672 Ἐπι-
1980 1616 2027 1678 Β

2167 1621 2566 1691 Argumentum
2590 1623 2852 1695 Epistolce
2875 1625 3076 1693 prima:
3103 1622 3178 1678 ad
3214 1621 3538 1680 Corinthios.
3655 1654 3661 1669 ι

2135 1819 2422 1876 Corinthus
2467 1823 2546 1875 est
2585 1820 2715 1875 urbs
2761 1819 2982 1878 Graeciae
3025 1838 3042 1874 :
3077 1836 3198 1891 quae
3237 1823 3362 1876 tunc
3406 1823 3664 1892 temporis

2058 1909 2280 1980 opibus,
2329 1910 2629 1980 sapientia,
2667 1911 2970 1980 multisque
3010 1910 3136 1966 aliis
3166 1910 3359 1981 quibus
3401 1913 3657 1980 eminuit,

2061 2000 2422 2070 superbiebat.
2472 2002 2539 2055 In
2583 2001 2693 2056 ista
2722 2001 2922 2057 Paulus
2965 1999 3140 2056 multa
3179 2015 3377 2071 passus
3417 2004 3514 2057 est.
3562 2003 3664 2057 Hic

340 2097 606 2159 πέπονθεν
654 2097 684 2154 ὃ
729 2095 972 2168 Παῦλος.
1021 2093 1118 2156 Ἐν
1173 2093 1350 2176 ταύτῃ
1411 2094 1515 2173 γὰρ
1577 2097 1719 2175 αὐτῷ
1775 2095 1946 2178 φανεὶς

2063 2092 2208 2144 enim
2251 2090 2562 2161 comparuit
2615 2087 2710 2144 illi
2742 2088 3008 2154 Christus,
3040 2112 3064 2137 α
3097 2091 3225 2146 Noli
3268 2094 3458 2158 tacere,
3507 2113 3532 2139 υ
3576 2093 3660 2146 in-

339 2193 371 2249 ὃ
401 2185 635 2268 Χριστὸς
658 2231 676 2260 ,
723 2207 752 2244 α
785 2183 879 2257 Μὴ
909 2184 1170 2266 σιγήσῃς,
1213 2207 1244 2243 ι)
1282 2184 1476 2267 φησὶν,
1515 2206 1542 2242 ε
1586 2184 1724 2244 ἀλλὰ
1767 2186 1949 2259 λάλει,

344 2277 482 2338 διότι
539 2273 668 2344 λαός
717 2297 808 2354 μοι
858 2272 1022 2342 πολύς
1073 2277 1216 2335 ἐστιν
1255 2277 1306 2335 iv
1357 2279 1424 2354 τῇ
1469 2274 1622 2334 πόλει
1670 2276 1860 2357 ταύτῃ.
1911 2299 1941 2335 ι)

341 2368 465 2440 Τὴν
517 2371 640 2446 γοῦν
702 2363 842 2425 οὕτω
907 2364 1148 2444 μεγάλην
1215 2365 1307 2424 καὶ
1376 2365 1794 2446 πολυάνθρωπον
1851 2365 1951 2426 πό-

341 2461 430 2517 λιν
489 2455 615 2517 ἰδιὶν
671 2459 701 2514 ὁ
752 2453 998 2522 διάϐολος
1052 2459 1148 2529 τῆς
1201 2455 1452 2529 ἀληθείας
1514 2455 1946 2534 ἐπειλημμένην,

343 2550 540 2628 διαιρεῖ
593 2545 713 2614 τοὺς
771 2543 1078 2624 ἀνθρώπους
1132 2568 1146 2582 ·
1201 2544 1296 2605 καὶ
1365 2547 1414 2604 οἱ
1494 2543 1591 2623 μὲν
1642 2547 1947 2628 αὐτοχειρο-

337 2639 554 2711 τόνητοι
619 2633 930 2695 διδάσκαλοι
997 2633 1248 2714 γεγόνασι
1311 2656 1325 2670 ·
1398 2640 1489 2694 τοῦ
1566 2633 1621 2694 δὲ
1709 2637 1948 2709 πλήθους

341 2731 394 2788 οἱ
465 2726 562 2805 μὲν
632 2723 834 2792 τούτοις
903 2723 1158 2805 ἐφοίτων,
1238 2715 1328 2784 οἶα
1415 2724 1730 2808 σοφωτέροις
1751 2772 1768 2797 ,
1855 2725 1947 2786 καὶ

341 2816 506 2878 πλέον
589 2839 641 2875 τι
725 2819 815 2874 τοῦ
901 2811 1124 2874 Παύλου
1201 2815 1470 2874 διδάσκειν
1557 2814 1865 2894 δυναμένοις
1931 2841 1944 2854 ·

2062 2181 2276 2250 quiens,
2326 2199 2352 2230 (ι
2387 2180 2485 2234 sed
2522 2180 2754 2250 loquere,
2811 2181 3073 2250 quoniam
3119 2180 3356 2250 populus
3402 2184 3481 2236 est
3521 2182 3668 2236 mihi

2059 2270 2262 2324 multus
2293 2271 2352 2324 in
2387 2270 2486 2323 hac
2509 2271 2735 2325 civitate
2755 2270 2804 2322 ι’.
2837 2292 2863 2318 ι
2895 2269 3148 2325 Diabolus
3176 2271 3366 2339 itaque
3391 2271 3664 2326 civitatem

2060 2362 2169 2414 tam
2200 2374 2459 2428 magnam
2485 2364 2537 2414 et
2562 2360 2903 2429 frequentem
2931 2361 3138 2424 incolis,
3163 2361 3447 2416 veritatem
3474 2375 3663 2431 appre-

2057 2449 2303 2504 hendisse
2331 2450 2685 2519 conspicatus,
2706 2449 2986 2504 dividebat
3018 2450 3292 2519 homines,
3331 2453 3498 2519 atque
3520 2453 3664 2506 inter

2053 2554 2138 2595 eos
2163 2540 2268 2594 alii
2293 2538 2514 2609 quidem
2540 2553 2640 2593 suo
2666 2540 2908 2609 ipsorum
2931 2540 3215 2609 suffragio
3245 2539 3484 2596 doctores
3506 2541 3662 2596 electi

2052 2633 2179 2684 sunt
2223 2647 2240 2680 :
2271 2645 2298 2684 e
2321 2629 2674 2685 multitudine
2701 2645 2844 2692 vero,
2874 2631 2977 2684 alii
3000 2630 3092 2684 hos
3133 2633 3398 2700 tanquam
3441 2633 3661 2701 sapien-

2057 2720 2218 2775 tiores
2243 2720 2380 2774 et'in
2416 2719 2642 2774 docendi
2668 2735 2893 2775 munere
2920 2719 3090 2776 Paulo
3133 2721 3480 2790 aliquantum
3512 2737 3661 2791 prce-

2054 2811 2344 2865 stantiores
2380 2809 2764 2875 sectabantur;
2796 2810 2898 2864 alii
2941 2825 3064 2865 vero
3091 2808 3235 2876 illos,
3286 2825 3379 2864 ceu
3413 2809 3662 2873 ditiores,

339 2912 392 2970 οἱ
463 2906 518 2968 δὲ
584 2903 832 2979 ἐκείνοις,
910 2903 1004 2963 ἅτε
1083 2902 1537 2986 πλουσιωτέροις,
1601 2907 1693 2964 καὶ
1766 2907 1944 2985 μεῖζον

2056 2903 2108 2956 et
2134 2901 2231 2970 qui
2255 2902 2311 2954 in
2328 2899 2678 2970 gubernando
2701 2899 2830 2970 plus
2852 2900 2962 2956 illis
2991 2901 3205 2968 efﬁcere
3221 2904 3459 2970 possent.
3481 2899 3666 2971 Atque

342 2997 558 3061 ἐκείνων
629 2993 937 3072 δυναμένοις
1002 2995 1076 3064 εἰς
1153 2995 1503 3076 προστασίαν.
1599 2995 1709 3056 Καὶ
1777 2995 1941 3064 οὕτως

341 3083 902 3171 ἆντιφιλοτιμοέμενοι
1016 3085 1216 3146 διεῖπον
1329 3084 1426 3158 τὴν
1541 3085 1878 3160 Ἐκκλησίαν
1933 3110 1944 3122 ·

339 3177 453 3240 ⁶Εν
477 3164 490 3171 τ
521 3175 618 3256 μὲν
648 3164 656 3166 ἡ
689 3164 780 3235 οὖν
845 3179 1004 3236 τοῦτο
1063 3175 1323 3257 χαλεπόν.
1402 3171 1627 3258 Ἕτερον
1697 3175 1752 3236 δὲ
1774 3219 1792 3249 ,
1870 3176 1949 3236 ὅτι

345 3264 731 3349 συγγενόμινός
823 3288 902 3334 τις
1107 3268 1300 3326 ἑαυτοῦ
1372 3274 1645 3348 μητρυιᾷ,
1718 3268 1778 3325 οὗ
1851 3265 1950 3344 μό-

342 3383 434 3420 νον
519 3359 615 3418 οὔκ
701 3353 999 3434 ἐπετιμήθη
1085 3354 1235 3438 παρὰ
1317 3358 1422 3414 τῶν
1509 3355 1721 3434 ἄλλων,
1808 3354 1948 3415 ἀλλὰ

340 3449 439 3510 καὶ
521 3445 840 3528 ὤχλαγὼγει
857 3492 874 3520 ,
950 3445 1043 3507 καὶ
1127 3449 1359 3528 ἐφυσᾶτο
1431 3446 1522 3504 ἐπὶ
1579 3451 1646 3527 τῇ
1713 3443 1813 3515 ἔξω
1858 3469 1947 3506 σο·

341 3539 466 3622 φίᾳ.
554 3535 664 3598 Καὶ
714 3534 850 3596 ἄλλο
897 3534 955 3594 δὲ
1005 3535 1171 3596 πάλιν
1197 3581 1214 3614 ,
1265 3534 1346 3596 ὅτι
1393 3539 1500 3596 τῶν
1540 3537 1694 3608 δῆθεν
1747 3537 1948 3595 τελειο-

340 3627 515 3709 τίρων
591 3625 729 3694 τινὲς
799 3625 904 3686 ἀπὸ
983 3625 1410 3708 γαστριμαργίας
1485 3625 1666 3700 ἤσθιον
1738 3626 1947 3686 εἴδωλό-

343 3724 480 3778 θυτα
503 3762 521 3791 ,
573 3715 666 3776 καὶ
719 3719 773 3776 ἐν
822 3723 932 3783 τοῖς
983 3717 1142 3796 ἱεροῖς
1193 3716 1676 3794 κατακλινόμενοι,
1721 3714 1951 3782 πολλοὺς

345 3809 639 3870 ἔϐλαπτον.
712 3805 825 3868 Καὶ
892 3806 1044 3866 ἄλλοι
1107 3805 1163 3865 δὲ
1222 3805 1522 3886 μαχόμενοι
1591 3806 1722 3886 πρὸς
1786 3804 1952 3878 ἀλλή-

343 3901 473 3967 λους
521 3895 653 3978 ὑπὲρ
695 3896 1028 3978 χρημάτων,
1075 3895 1225 3977 παρὰ
1277 3903 1386 3964 τοῖς
1435 3895 1534 3966 ἔξω
1570 3901 1665 3969 τῆς
1714 3894 1952 3968 Ἐκκλη-

343 3991 469 4056 σίας
542 3985 869 4057 ἐδικάζοντο.

345 4077 606 4145 ἐσθίοντες
676 4078 730 4136 ἐν
800 4085 918 4144 ταῖς
979 4076 1318 4150 ἐκκλησίαις,
1395 4080 1503 4145 τοῖς
1565 4076 1830 4151 δεομένοις
1894 4079 1952 4135 οὗ

345 4166 714 4246 μετεδίδοσαν.
803 4163 988 4226 Ἄλλοι
1049 4166 1103 4226 δὲ
1170 4165 1306 4245 μέγα
1367 4171 1675 4248 φρονοῦντες
1733 4167 1787 4224 έν
1843 4165 1949 4234 τοῖς

342 4258 651 4340 χαρίσμασι
674 4301 693 4336 ,
745 4254 878 4339 πρὸς
943 4255 1206 4327 ἀλλήλους
1277 4255 1656 4328 ἐζηλοτύπουν.
1764 4254 1870 4316 Καὶ
1922 4258 1951 4313 b

335 4346 463 4428 περὶ
539 4351 634 4420 τῆς
719 4346 1060 4414 ἀναστάσεως
1171 4345 1226 4406 δὲ
1300 4346 1452 4424 λόγος
1535 4343 1799 4427 ἐχώλευεν
1883 4346 1936 4404 ἐν

336 4438 535 4504 αὐτοῖς.
629 4435 738 4498 Καὶ
822 4438 1056 4515 κομῆται
1141 4433 1196 4495 δὲ
1276 4434 1465 4495 πολλοὶ
1545 4436 1677 4513 παρ’
1761 4435 1936 4503 αὐτοῖς

337 4527 633 4607 περιῄεσαν
751 4523 929 4607 κατὰ,
1006 4523 1122 4594 τοὺς
1257 4523 1501 4592 κυνικοὺς
1611 4523 1947 4606 φιλοσόφους.

334 4605 625 4702 Ἔγραψσν
697 4616 794 4697 μὲν
869 4605 960 4675 οὖν
1031 4617 1120 4676 διὰ
1183 4618 1436 4698 Στεφανᾶ
1498 4615 1589 4674 καὶ
1676 4605 1954 4695 Φουρτου-

337 4707 503 4767 νάτου
565 4705 658 4767 καὶ
731 4705 988 4787 Ἀχαϊκοῦ
1076 4703 1206 4787 πρὸς
1285 4707 1374 4764 τὸν
1443 4703 1758 4765 Ἀπόστολον
1830 4705 1951 4786 περὶ

336 4797 516 4876 γάμου
625 4796 719 4857 καὶ
829 4794 1116 4876 παρθενίας
1138 4841 1155 4870 ,
1265 4795 1442 4855 τᾶλλα
1524 4792 1940 4877 παραλιπόντες.

337 4885 676 4968 Ἀντιγράφει
747 4883 803 4946 δὲ
876 4885 1063 4945 λοιπὸν
1152 4885 1345 4959 αὐτὸς,
1380 4887 1475 4968 --οὗ
1566 4883 1725 4962 μόνον
1815 4885 1948 4965 ὑπὲρ

335 4969 420 5038 ὗν
472 4964 746 5060 ἔγραψαν,
805 4975 944 5037 ἀλλὰ
1009 4974 1098 5036 καὶ
1168 4975 1301 5057 ὑπὲρ
1371 4964 1446 5035 ὧν
1513 4977 1608 5035 οὔκ
1647 4964 1944 5060 ἔγραψαν,

336 5067 520 5129 πάντα
577 5056 720 5146 μετὰ
791 5064 1068 5147 ἀκριϐείας
1137 5056 1342 5144 μαθών.
1392 5065 1552 5127 Ἐπεὶ
1616 5056 1706 5147 οὖν
1771 5056 1948 5143 μεῖζον

333 5156 556 5218 πάντων
581 5145 706 5218 τῶν
751 5145 931 5216 αλλ...
990 5147 1089 5233 ἧν,
1158 5156 1219 5217 τὸ
1263 5155 1542 5238 σχίσματα
1602 5145 1739 5216 εἶναι
1780 5157 1833 5216 ἐν
1878 5160 1946 5234 τῇ

334 5246 677 5330 Ἐκκλησία,
747 5251 906 5307 τοῦτο
1009 5248 1066 5306 δὲ
1151 5245 1259 5308 ἀπὸ
1329 5247 1765 5330 ὑψηλοφροσύνης
1841 5245 1946 5304 ἐτί-

333 5359 496 5398 κτετο
540 5358 555 5372 ⁸
646 5335 746 5410 τὴν
817 5336 1259 5419 ὑψηλοφροσῶην
1332 5335 1555 5419 πρώτην
1623 5341 1867 5416 καθαιρεῖ
1917 5357 1931 5373 ο

335 5426 444 5491 Διὸ
489 5423 582 5486 καὶ
610 5425 779 5495 οὕτως
804 5425 1052 5508 ἄρχεται.

418 5583 443 5614 ³
469 5581 596 5638 Act.
622 5593 822 5652 nm,
851 5585 906 5638 9.

2051 2991 2134 3046 ita
2170 2991 2312 3045 inter
2351 3005 2407 3045 se
2441 2989 2672 3046 invicem
2709 2989 3106 3057 contendentes,
3147 2990 3440 3045 Ecclesium
3485 2991 3664 3046 admi-

2054 3078 2388 3135 nistrabant.
2430 3081 2610 3150 Atque
2652 3079 2800 3135 istud
2841 3095 2968 3135 sane
3018 3095 3046 3134 e
3088 3079 3249 3135 malis
3310 3095 3479 3135 unum
3523 3085 3663 3136 erat.

2057 3168 2312 3226 Alterum
2337 3185 2480 3234 vero,
2513 3169 2657 3241 quod
2703 3169 2933 3240 quidam
2968 3185 3090 3224 cum
3131 3184 3358 3224 noverca
3406 3185 3508 3225 sua
3543 3187 3664 3226 con-

2052 3275 2287 3328 gressus,
2331 3275 2440 3314 non
2477 3260 2649 3315 solum
2682 3260 2752 3314 ab
2792 3259 2906 3315 illis
2954 3275 3064 3314 non
3137 3259 3661 3331 reprehendebatur,

2054 3365 2240 3405 verum
2272 3350 2439 3405 etiam
2473 3349 2885 3405 multitudinem
2932 3348 3252 3417 concitabat,
3286 3353 3451 3420 atque
3478 3351 3544 3405 ob
3579 3366 3668 3406 ea;-

2057 3443 2268 3496 ternam
2299 3441 2624 3510 sapientiam
2651 3440 2823 3494 elatus
2844 3444 2974 3494 erat.
3020 3439 3196 3494 Aliud
3226 3454 3420 3496 rursus
3460 3440 3665 3496 malum

2055 3533 2192 3593 erat,
2229 3529 2371 3599 quod
2392 3530 2746 3598 perfectiores
2785 3527 3017 3599 quidam
3039 3545 3102 3584 ea
3121 3545 3240 3600 quae
3275 3530 3435 3585 idolis
3464 3531 3658 3588 immo-

2058 3621 2314 3675 labantur
2340 3635 2458 3689 prai
2487 3619 2775 3689 gulositate
2818 3619 3182 3682 comedebant,
3239 3634 3306 3673 ac
3354 3623 3412 3675 in
3451 3622 3668 3692 templis

2057 3710 2446 3766 discumbentes
2463 3707 2663 3764 multos
2681 3705 3059 3780 offendebant.
3081 3711 3370 3773 Prwterea,
3395 3711 3499 3764 alii
3517 3713 3666 3767 inter

2058 3815 2114 3856 se
2149 3799 2216 3854 de
2239 3799 2482 3869 pecuniis
2519 3797 2907 3859 contendentes,
2949 3797 3102 3868 apud
3122 3796 3336 3867 judices
3376 3802 3538 3854 extra
3566 3803 3664 3856 Ec-

2062 3889 2278 3945 clesiam
2318 3889 2630 3944 constitutos
2663 3886 2975 3958 litigabunt.
3009 3889 3192 3954 Porro,
3244 3887 3349 3942 alii
3388 3889 3448 3941 in
3490 3890 3668 3945 Eccle-

987 3985 1097 4048 Καὶ
1163 3976 1340 4070 ἕτεροι
1407 3985 1462 4045 δὲ
1530 3989 1653 4046 καθ’
1735 3984 1946 4053 ἑαυτοὺς

2061 3981 2159 4034 siis
2195 3978 2348 4049 apud
2373 3979 2570 4048 seipsos
2613 3976 2940 4033 comedentes
2976 3977 3358 4047 indigentibus
3404 3993 3512 4033 non
3550 3979 3663 4034 lar-

2061 4069 2366 4139 giebantur.
2400 4068 2522 4122 Alii
2543 4071 2725 4122 autem
2751 4068 3034 4136 magnifice
3060 4067 3129 4122 de
3157 4067 3315 4124 donis
3343 4070 3629 4125 sentientes
3649 4112 3665 4134 ,

2063 4159 2175 4214 sibi
2227 4161 2454 4214 invicem
2505 4158 2926 4213 aemulabantur.
2983 4156 3189 4212 Adhaec
3259 4162 3667 4216 resurrectionis

1980 4216 2028 4280 D
2057 4250 2311 4306 doctrina
2336 4248 2486 4319 apud
2510 4248 2631 4304 illos
2659 4247 3019 4302 claudicabat.
3051 4247 3216 4303 Multi
3254 4249 3420 4304 etiam
3459 4265 3666 4307 comam

2059 4341 2380 4407 nutrientes,
2401 4340 2708 4408 cynicorum
2740 4353 2886 4393 more
2913 4337 3285 4393 circumibant.
3321 4340 3668 4410 Scripserunt

2057 4432 2248 4502 itaque
2281 4429 2356 4484 ad
2381 4428 2702 4500 Apostolum
2723 4443 2820 4498 per
2846 4428 3187 4498 Stephanum
3216 4431 3269 4484 et
3305 4431 3666 4486 Fortunatam

2059 4524 2112 4576 et
2134 4519 2437 4576 Achaicum
2465 4518 2758 4589 denuptiis
2787 4522 2838 4574 et
2870 4517 2942 4572 de
2972 4518 3245 4586 calibatu,
3285 4523 3480 4574 caetera
3498 4524 3663 4577 omit-

2060 4615 2246 4668 tentes.
2301 4609 2540 4665 Tandem
2575 4613 2754 4664 autem
2797 4609 2912 4678 ipse
2937 4607 3205 4670 rescribit,
3245 4622 3349 4663 non
3376 4606 3444 4664 de
3465 4610 3536 4664 iis
3577 4625 3660 4666 so-

2060 4701 2174 4756 lum
2209 4715 2332 4771 quae
2369 4698 2468 4755 illi
2501 4699 2847 4770 scripserant,
2887 4697 2982 4752 sed
3023 4699 3188 4752 etiam
3227 4697 3294 4752 de
3321 4698 3519 4768 quibus
3555 4715 3664 4756 non

2056 4792 2404 4862 scripserant,
2444 4792 2508 4843 ut
2529 4789 2628 4859 qui
2649 4789 2835 4842 omnia
2862 4791 3113 4843 accurate
3137 4788 3500 4845 intellexerat.
3526 4788 3663 4857 Quo~

2056 4883 2208 4937 niam
2233 4895 2358 4936 vero
2389 4880 2595 4935 caeteris
2622 4877 2867 4934 omnibus
2910 4879 3142 4951 gravius
3167 4883 3287 4935 e-rat
3330 4879 3476 4951 quod
3515 4881 3658 4935 schi-

2053 4975 2230 5029 smata
2255 4971 2318 5025 in
2350 4969 2585 5027 Ecclesia
2608 4969 2912 5040 gliscerent,
2946 4967 3104 5024 istud
3129 4975 3311 5025 autem
3355 4985 3382 5025 e
3409 4971 3663 5041 superbia

2053 5061 2351 5122 oriebatur.
2382 5059 2690 5130 superbiam
2717 5060 2988 5131 imprimis
3031 5059 3307 5129 deprimit.
3346 5059 3480 5114 Inde
3519 5062 3661 5116 enim

2054 5137 2222 5209 altius
2248 5150 2528 5223 quiddam
2555 5165 2611 5206 se
2632 5150 2820 5207 docere
2841 5149 3230 5221 opinabantur.
3267 5151 3492 5218 Propter
3520 5150 3662 5206 hunc

2051 5245 2112 5299 in
2132 5241 2354 5300 modum
2391 5240 2634 5298 orditur.

1998 5335 2055 5393 ἐκ
2116 5332 2314 5406 ταύτης
2393 5331 2499 5412 γὰρ
2577 5329 2670 5391 καὶ
2739 5328 3063 5410 ὑψηλότερον
3138 5326 3408 5387 διδάσκειν
3469 5327 3656 5412 ᾤοντο.

1734 5658 1927 5718 Varia
1970 5658 2276 5719 lectiones.

417 5776 464 5813 ⁸³
491 5778 726 5851 καθαιρεῖ
745 5791 821 5834 m.
898 5775 946 5813 ⁸⁸
970 5774 1050 5834 is.
1082 5775 1138 5832 ἔκ
1165 5775 1342 5840 ταύτης
1374 5791 1430 5833 o.
