4090 6418
413 395 516 450 563

1434 394 1948 452 THEOPHYLACTI
1988 396 2346 453 BULGARUE
2386 397 2704 454 ARCHIEP.

3617 407 3721 464 564

929 681 2027 802 THEOPHYLACTI
2114 684 3206 803 COMMENTARIUS

1411 879 1485 940 IN
1535 879 1961 944 EPISTOLAM
2009 881 2031 943 Ι
2081 881 2186 943 AD
2234 880 2716 945 CORINTHIOS.

821 1190 979 1260 121
1013 1189 1255 1246 CAPUT
1282 1188 1608 1244 PRIMUM.

485 1328 661 1382 Vens.
727 1332 774 1379 ι.
835 1347 860 1372 ει
931 1323 1135 1380 Paulus
1190 1332 1419 1382 vocatus
1468 1323 1834 1395 apostolus.»
1868 1325 2007 1381 Ecce

414 1415 747 1485 prommium
814 1413 1108 1471 confestim
1172 1415 1460 1486 increpans
1511 1415 1767 1470 doctores
1814 1413 2002 1472 falsos.

409 1508 647 1560 Vocatus
696 1519 840 1571 sum,
886 1503 1084 1576 inquit,
1113 1519 1225 1559 non
1256 1504 1368 1576 ipse
1397 1503 1596 1572 inveni,
1655 1520 1830 1576 neque
1878 1520 2004 1577 pro-

409 1594 524 1665 pria
567 1593 834 1666 sapientia
875 1592 1234 1665 apprehendi.
1267 1597 1339 1649 Et
1385 1594 1591 1649 missus
1634 1609 1762 1650 sum
1792 1610 1822 1650 a
1851 1594 2005 1651 Chri-

407 1689 513 1750 sto,
546 1692 734 1740 etnon
763 1699 887 1738 sum
917 1683 1137 1754 proprio
1166 1680 1436 1756 suffragio
1469 1683 1704 1752 electus,
1734 1683 2006 1756 quemad-

411 1771 636 1828 modum
663 1772 919 1829 doctores
950 1771 1129 1828 vestri.

482 1885 506 1910 α
555 1863 687 1918 Jesu
711 1860 931 1918 Christi.
983 1885 1006 1909 ››
1051 1861 1301 1918 Christus
1339 1870 1422 1917 est
1458 1860 1652 1917 doctor
1687 1877 1752 1918 ac
1797 1877 2008 1934 praece-

411 1959 533 2022 ptor
581 1971 597 2006 :
655 1950 943 2023 quomodo
995 1951 1164 2023 igitur
1216 1967 1314 2007 vos
1367 1951 1522 2006 vobis
1574 1952 1710 2022 ipsis
1758 1950 2008 2008 homines

405 2040 659 2098 doctores
693 2041 1035 2097 accensetis?

481 2154 507 2179 ‹ι
539 2133 645 2188 Per
671 2130 1011 2186 voluntatem
1051 2129 1177 2187 Dei.
1214 2153 1238 2179 ιο
1286 2131 1411 2187 Non
1438 2130 1567 2202 quia
1611 2145 1715 2185 nos
1742 2127 2011 2188 fuerimus

405 2219 577 2292 digni,
608 2220 703 2277 sed
736 2220 864 2293 quia
903 2219 1093 2291 voluit,
1131 2219 1254 2277 ideo
1283 2235 1388 2276 nos
1424 2218 1659 2276 servavit
1695 2228 1751 2276 et
1775 2221 2008 2277 vocavit.

410 2313 601 2381 Itaque
641 2309 943 2365 etiamnum
975 2310 1091 2365 vult
1143 2325 1232 2365 me
1281 2309 1590 2380 apostolum
1635 2317 1692 2365 et
1719 2308 2006 2366 doctorem

407 2407 653 2456 vestrum
701 2415 836 2456 esse.
906 2401 978 2455 Et
1027 2414 1197 2472 quare
1248 2414 1347 2455 vos
1394 2399 1530 2456 alios
1575 2399 1737 2456 vultis
1804 2399 2007 2456 habere

2043 1191 2092 1251 A

2494 1185 2953 1246 ΚΙΞΦΑΛᾹΙΟΝ
3007 1187 3349 1248 ΠΡΩΤΟΝ.

2205 1319 2478 1385 «Παῦλος
2525 1317 2717 1391 κλητὸς
2773 1319 3088 1387 ἀπόστολος.
3131 1344 3158 1379 )›
3224 1318 3374 1402 θορα
3436 1323 3716 1404 προοίμιον

2113 1405 2258 1475 εὐθὺς
2297 1408 2699 1484 καθαπτόμενον
2739 1413 2842 1469 τῶν
2890 1411 3416 1491 ψευδοδιδασκάλων.
3508 1414 3712 1486 Ἐκλή-

2115 1500 2243 1570 θην,
2273 1496 2462 1576 φησὶν,
2512 1499 2609 1557 οὐκ
2638 1497 2687 1534 ⁹⁴
2731 1498 2884 1568 αὐτὸς
2939 1490 3124 1579 εὗρον,
3166 1501 3283 1559 οὐδὲ
3339 1501 3510 1583 οἰκείᾳ
3551 1504 3712 1585 σοφίᾳ

2114 1585 2410 1646 κατέλαϐον
2442 1587 2517 1648 9⁵.
2575 1587 2683 1649 Καὶ
2737 1588 3046 1663 ἀπεστάλην
3093 1588 3242 1672 παρὰ
3300 1597 3392 1650 τοῦ
3440 1594 3712 1672 Χριστοῦ,

2115 1675 2206 1734 καὶ
2231 1677 2327 1736 οὔκ
2357 1676 2468 1755 εἰμὶ
2510 1677 3036 1759 αὖτοχειροτόνητος,
3089 1683 3158 1748 ὡς
3197 1683 3243 1740 οἱ
3289 1683 3338 1740 ἐν
3389 1683 3512 1760 ὑμῖν
3565 1685 3707 1742 διδά-

2117 1789 2352 1834 σκοντες.

2207 1879 2236 1913 (ι
2267 1855 2442 1929 Ἰησοῦ
2487 1861 2746 1936 Χριστοῦ.
2778 1880 2808 1916 ι)
2850 1857 2915 1919 Ὁ
2949 1860 3176 1940 Χριστὸς
3209 1861 3528 1930 διδάσκαλος
3559 1887 3572 1900 ⁸
3607 1867 3719 1932 πῶς

2118 1935 2206 2003 οὖν
2251 1949 2396 2023 ὑμεῖς
2455 1935 2802 2016 διδασκάλους
2867 1935 3069 2018 ἑαυτοῖς
3135 1950 3442 2031 ἀνθρώπους
3497 1954 3717 2035 ἐπιγρά·

2119 2041 2274 2116 φεσθε
2291 2059 2308 2109 ;

2204 2148 2232 2182 α
2269 2125 2372 2186 Διὰ
2422 2125 2717 2202 θελήματος
2774 2129 2938 2189 Θεοῦ.
2980 2152 3007 2185 ι
3061 2129 3144 2189 Οὖ
3195 2129 3328 2189 διότι
3358 2130 3510 2208 ἡμεῖς
3576 2121 3716 2211 ἦμεν

2121 2213 2290 2288 ἄξιοι,
2344 2215 2480 2275 ἀλλὰ
2551 2217 2682 2276 διότι
2727 2217 3017 2291 ἠθέλησεν,
3068 2220 3236 2277 ἔσωσε
3295 2219 3386 2278 καὶ
3435 2219 3708 2285 ἐκάλεσεν.

2116 2301 2288 2364 "ﬂore
2320 2305 2410 2364 καὶ
2441 2309 2528 2366 νῦν
2577 2305 2669 2383 ἐμὲ
2717 2305 2856 2366 θέλει
2890 2306 3184 2368 ἀπόστολον
3217 2311 3366 2386 ὑμῶν
3413 2300 3548 2369 εἶναι
3580 2335 3594 2348 ·
3626 2313 3718 2372 καὶ

2118 2397 2230 2461 πῶς
2259 2394 2310 2434 ⁹⁶
2340 2396 2489 2473 ὑμεῖς
2533 2395 2721 2464 ἄλλους
2773 2399 2950 2457 θέλετε
2986 2399 3376 2474 διδασκάλουςς
3429 2391 3532 2480 ἆρα
3571 2402 3718 2461 ἀντί-

406 2489 700 2546 doctores?
729 2492 874 2546 Num
905 2492 1025 2545 Deo
1055 2488 1357 2544 resistitis?
1386 2491 1528 2545 Nota
1561 2496 1756 2546 autem
1780 2505 2001 2563 praepo-

2118 2483 2223 2543 θεοί
2256 2487 2410 2559 ἐστε;
2446 2487 2760 2562 Σημείωσαι
2809 2485 2985 2563 δὲτὴν
3008 2535 3023 2562 ,
3065 2517 3084 2539 ι
3113 2487 3198 2548 διὰ
3219 2534 3235 2564 ,
3265 2511 3294 2546 υ
3335 2489 3420 2550 ἐπὶ
3467 2496 3558 2551 τοῦ
3605 2495 3718 2554 Πα-

405 2579 687 2647 sitionem,
727 2602 750 2628 υ
784 2594 902 2651 per,
934 2602 959 2628 ιι
984 2579 1130 2634 Patri
1157 2579 1482 2650 appositam.

480 2671 594 2725 «Et
627 2667 925 2726 Sosthenes
948 2665 1144 2725 frater.
1170 2689 1196 2716 υ
1228 2669 1334 2724 Per
1353 2668 1624 2742 insignem
1651 2668 2004 2738 modestiam,

401 2757 609 2831 sibiipsi
652 2758 939 2815 hominem
981 2773 1040 2814 se
1089 2758 1256 2830 longe
1303 2757 1630 2815 inferiorem
1691 2759 2004 2832 coujungit,

412 2847 578 2922 idque
607 2846 681 2904 ad
725 2846 1109 2904 verecundiam
1139 2845 1525 2904 fastuosorum
1562 2847 2008 2918 Corinthiorum,

407 2939 500 3009 qui
529 2937 811 2995 neminem
839 2953 953 2993 non
983 2938 1444 3008 aspernabantur.

478 3029 654 3084 Vrsas.
688 3033 741 3084 2.
776 3050 801 3076 ‹‹
831 3027 1084 3083 Ecclesiae
1105 3026 1230 3093 Dei,
1259 3042 1382 3098 quae
1417 3034 1500 3082 est
1527 3026 1801 3084 Corinthi.
1825 3048 1851 3076 υ
1883 3028 2008 3084 Non

291 3188 300 3198 ‘
404 3117 566 3190 hujus
595 3117 676 3174 vel
707 3117 881 3186 illius,
913 3115 1044 3184 sed,
1079 3140 1102 3164 α
1135 3117 1255 3173 Dei.
1295 3139 1321 3165 ιο
1349 3115 1522 3189 Ecqui
1558 3115 1726 3189 igitur
1753 3115 2008 3176 homines

403 3206 617 3264 habetis
665 3205 968 3279 praesides?
1003 3206 1168 3279 Quod
1214 3207 1259 3263 si
1301 3206 1548 3262 Ecclesia
1589 3206 1742 3274 estis,
1774 3206 2005 3262 omnino

405 3313 504 3354 vos
531 3297 716 3354 unitos
744 3312 863 3353 esse
902 3304 1140 3369 oportet.
1179 3298 1322 3353 Nam
1347 3295 1601 3354 Ecclesiae
1629 3312 1835 3354 nomen
1872 3313 2002 3354 con-

391 3387 696 3458 junctionis
720 3395 773 3442 et
799 3385 1218 3444 coadunationis
1247 3394 1332 3443 est
1380 3385 1792 3443 declarativum.

480 3500 504 3524 «
531 3475 894 3533 Sanctiﬁcatis
920 3477 974 3532 in
1003 3475 1218 3534 Christo
1247 3478 1406 3532 Jesu.
1452 3502 1473 3523 -
1518 3478 1646 3533 Non
1675 3476 1729 3532 in
1774 3475 2002 3533 homine

403 3566 688 3639 quopiam,
718 3565 813 3622 sed
858 3565 913 3621 in
942 3565 1162 3624 Christo
1205 3565 1533 3624 sanctiﬁcati
1558 3565 1689 3623 estis
1723 3584 1737 3623 :
1779 3582 1876 3639 per
1903 3565 1998 3622 ba-

403 3658 603 3729 ptisma
633 3656 901 3724 videlicet,
927 3672 1041 3713 non
1070 3673 1167 3730 per
1194 3656 1523 3730 sapientiam
1551 3664 1647 3713 aut
1675 3671 1831 3729 opes,
1864 3673 1996 3729 pro-

405 3759 526 3818 pter
552 3761 688 3820 quas
716 3744 1028 3804 efferimini.

479 3860 503 3886 α
554 3837 774 3894 Vocatis
801 3836 1086 3893 sanctis.»
1135 3837 1231 3893 Vel
1278 3836 1458 3908 ipsum
1509 3835 1754 3905 credere,
1804 3835 1999 3910 inquit,

403 3943 515 3984 non
553 3935 638 3984 est
683 3934 950 3990 vestrum,
999 3924 1098 3982 sed
1145 3944 1175 3982 a
1222 3928 1333 3983 Deo
1381 3926 1555 3983 vocati
1612 3925 1896 3984 obediistis
1946 3935 2002 3984 et

399 4016 734 4074 credidistis.
765 4015 1002 4073 Proinde
1030 4023 1085 4071 et
1130 4015 1265 4072 ﬁdes
1309 4016 1639 4088 principium
1679 4033 1710 4072 a
1753 4018 1867 4074 Deo
1907 4015 2000 4074 ha-

403 4105 516 4163 bet.
545 4105 661 4162 Nisi
689 4105 839 4162 enim
883 4106 972 4161 ille
1013 4112 1283 4173 vocasset,
1325 4121 1422 4161 vos
1470 4114 1617 4162 certe
1659 4122 1771 4163 non
1821 4106 1998 4164 credi-

403 4195 638 4253 dissetis.

480 4309 505 4336 ι
529 4286 671 4342 Cum
691 4284 952 4342 omnibus
975 4285 1068 4358 qui
1089 4285 1347 4342 invocant
1364 4300 1569 4343 nomen
1584 4286 1808 4344 Domini
1828 4287 2000 4344 nostri

401 4379 532 4433 Jesu
577 4374 799 4433 Christi.
839 4399 862 4424 ν
897 4377 1019 4432 Non
1061 4375 1214 4442 solis,
1261 4375 1459 4450 inquit,
1501 4375 1658 4435 vobis
1704 4375 2002 4434 Corinthiis

402 4467 574 4538 gratia
593 4465 665 4522 sit
694 4472 748 4522 et
773 4481 898 4538 pax,
932 4481 1124 4522 verum
1145 4466 1312 4522 etiam
1342 4465 1608 4524 omnibus
1625 4468 1718 4540 qui
1745 4467 2002 4524 invocant

401 4573 608 4615 nomen
629 4555 847 4627 Christi,
881 4573 993 4613 non
1020 4555 1186 4629 hujus
1219 4555 1296 4612 vel
1331 4556 1495 4614 illius.

477 4763 500 4786 «
534 4741 598 4794 1n
646 4738 800 4795 omni
826 4737 968 4808 loco,
1021 4746 1215 4795 nostro
1244 4747 1300 4796 et
1327 4737 1600 4812 ipsorum.
1660 4761 1684 4787 ιο
1727 4736 2000 4796 Fidelium

400 4828 577 4885 ubivis
624 4827 871 4901 gentium
896 4828 1180 4901 agentium
1209 4828 1497 4898 meminit,
1525 4828 1603 4885 uti
1631 4827 2000 4897 demonstret,

401 4920 549 4992 quod
598 4934 706 4973 una
763 4917 998 4974 Ecclesia
1049 4919 1156 4975 sint
1185 4934 1376 4975 omnes
1421 4917 1635 4987 ﬁdeles,
1689 4918 2002 4993 ubicunque

2115 2573 2236 2654 τρὸς
2264 2574 2532 2650 κειμένην.

2203 2688 2230 2722 α
2258 2664 2368 2726 Καὶ
2419 2666 2699 2738 Σωσθένης
2746 2669 2773 2725 ὁ
2821 2666 3059 2748 ἀδελφός.
3102 2693 3131 2723 ι)
3185 2667 3341 2728 Κατὰ
3396 2693 3715 2753 μετριοφρο-

2120 2753 2281 2827 σύνην
2316 2755 2571 2814 συνάπτει
2607 2759 2777 2837 ἑαυτῷ
2823 2756 2875 2794 97
2923 2755 3010 2816 τὸν
3050 2759 3236 2837 πολλῷ
3285 2758 3542 2820 ἐλάττονα
3580 2785 3592 2797 ·
3626 2766 3716 2822 καὶ

2120 2850 2274 2904 τοῦτο
2301 2843 2430 2924 πρὸς
2481 2844 2742 2926 ἐντροπὴν
2789 2848 2894 2904 τῶν
2946 2847 3327 2929 ὑψηλοφρόνων
3378 2850 3669 2931 Κορινθίων
3696 2897 3712 2927 ,

2118 2937 2224 2992 τῶν
2257 2936 2460 3003 πάντας
2499 2933 2898 3016 ὑπερορώντων.

2209 3044 2236 3080 (ι
2385 3022 2680 3105 Ἐκκλησία
2713 3030 2804 3084 τοῦ
2834 3027 2975 3085 Θεοῦ
2996 3071 3010 3099 ,
3045 3030 3109 3105 τῇ
3137 3025 3268 3107 οὔσῃ
3293 3030 3345 3088 ἐν
3380 3028 3642 3112 Κορίνθῳ.
3684 3054 3712 3089 ι)

2117 3113 2198 3172 Οὐ
2229 3119 2318 3172 τοῦ
2351 3113 2543 3186 δεῖνος,
2643 3121 2732 3173 τοῦ
2757 3115 2921 3182 δεῖνος
2940 3163 2955 3193 ,
2989 3117 3128 3175 ἀλλὰ
3163 3146 3186 3168 α
3219 3122 3310 3176 τοῦ
3342 3121 3507 3181 Θεοῦ.
3538 3147 3562 3174 ι
3590 3123 3715 3190 Πῶς

2116 3193 2203 3262 οὖν
2247 3201 2548 3283 ἀνθρώπους
2589 3203 2738 3285 ἔχετε
2772 3205 3110 3286 προστάτας,
3149 3209 3214 3269 Εἰ
3257 3208 3310 3267 δὲ
3339 3209 3429 3268 καὶ
3472 3209 3710 3286 Ἐκκλη-

2115 3291 2204 3351 σία
2258 3294 2413 3366 ἐστὲ,
2471 3295 2681 3362 πάντως
2730 3300 2966 3368 ἡνῶσθαι
3014 3297 3270 3378 ὀφείλετε.
3328 3299 3406 3360 Τὸ
3463 3299 3565 3382 γὰρ
3621 3306 3713 3376 τῆς

2118 3382 2444 3455 Ἐκκλησίας
2475 3383 2640 3462 ὄνομα
2671 3385 2912 3454 ἓνώσεώς
2937 3389 3078 3447 ἐστιν
3111 3389 3447 3450 ἐνδεικτικόν.

2204 3495 2230 3529 ι(
2265 3471 2645 3552 Ἥγιασμένοις
2691 3478 2744 3535 ἐν
2798 3480 3018 3560 Χριστῷ
3052 3478 3249 3553 Ἰησοῦ.
3300 3504 3326 3537 ››
3363 3482 3480 3540 Οὐκ
3533 3483 3585 3541 ἐν
3617 3485 3709 3541 ἄνα

2112 3561 2337 3644 θρώπων
2388 3565 2524 3640 τινὶ,
2577 3566 2699 3626 ἀλλ’
2748 3569 2798 3626 ἐν
2841 3569 3060 3650 Χριστῷ
3101 3570 3392 3647 ἡγιάσθητε
3421 3595 3433 3608 ·
3490 3571 3577 3631 διὰ
3621 3577 3714 3631 τοῦ

2116 3653 2487 3743 βαπτίσματος
2535 3656 2773 3743 δηλαδὴ,
2813 3658 2932 3739 οὐχὶ
2986 3658 3071 3718 διὰ
3124 3665 3216 3733 τῆς
3266 3660 3482 3743 σοφίας,
3534 3660 3568 3735 ἢ
3616 3665 3713 3721 τοῦ

2113 3741 2376 3816 πλούτου,
2411 3747 2492 3826 ἐφ’
2532 3739 2606 3812 οἷς
2639 3747 2941 3828 ἐπαίρεσθε.

2195 3861 2217 3884 α
2257 3835 2486 3907 Κλητοῖς
2517 3835 2703 3914 ἁγίοις.
2741 3863 2762 3888 ι
2799 3837 2905 3896 Καὶ
2938 3835 3100 3914 αὐτὸ,
3126 3839 3291 3918 φησὶ,
3320 3835 3378 3897 τὸ
3407 3848 3712 3914 πιστεῦσαι,

2111 3923 2209 4004 οὐχ
2267 3923 2558 4002 ὑμέτερον,
2618 3927 2734 3985 ἀλλ’
2796 3925 2896 3984 ὑπὸ
2972 3927 3114 3986 Θεοῦ
3179 3927 3482 4003 κληθέντες,
3549 3930 3716 4000 οὕτως

2110 4012 2448 4086 ὑπηκούσατε
2517 4014 2606 4071 καὶ
2656 4013 3024 4075 ἐπιστεύσατε.
3080 4013 3258 4076 ⁰Ωστε
3311 4017 3402 4076 καὶ
3454 4023 3488 4090 ἡ
3540 4020 3714 4089 πίστις

2110 4101 2204 4174 τὴν
2235 4102 2409 4182 ἀρχὴν
2446 4102 2553 4161 ἀπὸ
2609 4108 2699 4162 τοῦ
2751 4108 2892 4166 Θεοῦ
2942 4103 3072 4184 ἔχει.
3127 4107 3194 4166 Εἰ
3234 4105 3310 4182 μὴ
3362 4105 3467 4188 γὰρ
3520 4109 3713 4178 ἐκεῖνος

2110 4190 2392 4271 ἐκάλεσεν,
2426 4193 2521 4250 οὐκ
2561 4189 2625 4250 ἂν
2658 4195 2810 4270 ὑμεῖς
2843 4193 3193 4253 ἐπιστεύσατε
3227 4195 3301 4255 9⁸.

2197 4305 2223 4338 α
2259 4281 2366 4342 Σὺν
2437 4291 2572 4342 πᾶσι
2627 4291 2736 4351 τοῖς
2781 4283 3222 4362 ἐπικαλουμένοις
3282 4286 3342 4346 τὸ
3391 4286 3557 4364 ὄνομα
3618 4295 3710 4351 τοῦ

2113 4371 2311 4448 Κυρίου
2367 4375 2520 4452 ἡμῶν
2573 4370 2751 4447 Ἰησοῦ
2801 4375 3062 4453 Χριστοῦ.
3107 4400 3135 4431 ι)
3175 4374 3271 4449 Μὴ
3324 4377 3502 4453 μόνοις
3551 4382 3709 4458 ὑμῖν,

2111 4461 2274 4541 φησὶ,
2304 4465 2412 4531 τοῖς
2467 4461 2758 4542 Κορινθίοις
2803 4464 2958 4545 χάρις
3016 4465 3107 4524 καὶ
3169 4467 3352 4545 εἰρήνη
3397 4466 3516 4542 εἴη,
3569 4469 3706 4529 ἀλλὰ

2109 4550 2200 4610 καὶ
2232 4579 2256 4605 α
2282 4561 2415 4612 πᾶσι
2440 4553 2545 4621 τοῖς
2565 4554 3002 4631 ἐπικαλουμένοις
3031 4554 3090 4614 τὸ
3107 4555 3275 4636 ὄνομα
3297 4562 3388 4618 τοῦ
3413 4560 3669 4639 Χριστοῦ,
3689 4589 3712 4614 υ

2111 4643 2167 4700 οὐ
2205 4647 2294 4700 τοῦ
2329 4642 2551 4716 δεῖνοςῆ
2578 4649 2666 4705 τοῦ
2701 4647 2881 4712 δεῖνος.
3463 4641 3465 4645 ’

2201 4755 2228 4791 α
2259 4732 2356 4794 Ἐν
2388 4733 2550 4792 παντὶ
2580 4733 2727 4816 τόπῳ
2754 4738 2909 4811 ἡμῶν
2952 4757 3010 4792 τε
3041 4733 3132 4793 καὶ
3181 4736 3378 4796 αὐτῶν.
3421 4736 3457 4795 ”›)
3501 4741 3626 4799 Τῶν
3659 4743 3712 4798 ἐν

2111 4822 2270 4882 παντὶ
2316 4823 2461 4904 τόπῳ
2507 4827 2710 4887 πιστῶν
2743 4821 3051 4902 μέμνηται,
3099 4822 3189 4884 ἵνα
3243 4824 3383 4904 δείξῃ
3411 4872 3428 4901 ,
3485 4826 3565 4888 ὅτι
3609 4829 3710 4904 μία

2109 4911 2410 4986 Ἐκκλησία
2465 4913 2566 4985 εἶσὶ
2617 4912 2812 4980 πάντες
2855 4916 2903 4973 οἱ
2945 4914 3153 4986 πιστοὶ,
3205 4911 3336 4974 ὅπου
3385 4915 3430 4974 δ’
3471 4917 3533 4976 ἂν
3587 4907 3708 4980 ὦσι.

406 4970 549 4992 τη-
604 4970 706 4973 πή
766 4970 998 4974 -η-τ-ν-
1049 4970 1154 4975 ----
1421 4970 1635 4987 --η-τἾ
1694 4970 1999 4993 “mw—rw

402 5010 567 5066 etiam
613 5006 834 5065 fuerint.
903 5008 1010 5080 Qui
1079 5017 1267 5065 autem
1318 5023 1414 5064 vos
1461 5024 1631 5065 uuam
1703 5008 2002 5066 incolentes

2116 5003 2223 5063 Καὶ
2254 4970 2364 5069 mai;
2418 4982 2564 5078 ὑμεῖς
2593 5005 2666 5082 -ἐν
2717 5012 2815 5086 μιᾷ
2861 5002 3014 5064 πόλει
3079 4970 3223 5072 ὄντες
3274 5005 3563 5086 διῄρησθε;
3612 5009 3712 5068 Ἐκ

402 5099 619 5167 urbem,
657 5098 820 5155 divisi
846 5098 1018 5156 estis?
1064 5101 1293 5164 lterum,
1342 5121 1369 5147 «
1401 5106 1678 5166 nostrum,
1713 5120 1741 5148 ι
1785 5097 1996 5171 adjecit.

403 5191 541 5247 Cum
573 5189 718 5247 enim
739 5189 988 5256 dixisset,
1023 5212 1050 5237 οι
1084 5189 1319 5246 Domini
1348 5192 1524 5245 nostri
1548 5190 1678 5245 Jesu
1717 5187 1939 5259 Christi,
1975 5212 1999 5238 ι

399 5277 716 5352 interposito
767 5279 825 5336 in
865 5279 1133 5348 medium,
1191 5280 1354 5350 122
1400 5301 1426 5328 ι
1476 5278 1533 5334 in
1597 5278 1750 5334 omni
1795 5279 1938 5348 loco,
1973 5302 1996 5327 η

2113 5091 2356 5172 δευτέρου
2415 5091 2468 5150 δὲ
2524 5093 2818 5173 προσέθηκε
2855 5094 2941 5166 τὸ,
2980 5117 3008 5148 (ι
3041 5091 3258 5172 Ἣμῶν.
3297 5118 3324 5153 υ
3364 5096 3544 5157 Εἰπὼν
3580 5098 3705 5179 γὰρ,

2115 5204 2144 5239 ι(
2199 5183 2307 5242 Τοῦ
2357 5181 2557 5262 Κυρίου
2598 5187 2754 5260 ἡμῶν
2810 5182 2990 5258 Ἰησοῦ
3045 5186 3350 5266 Χριστοῦ,»
3402 5189 3493 5248 καὶ
3546 5187 3710 5268 μέσον

2111 5272 2388 5352 παρενθεὶς
2415 5271 2512 5346 τὸ,
2559 5296 2588 5329 α
2613 5272 2706 5334 Ἐν
2738 5273 2897 5333 παντὶ
2927 5273 3105 5356 τόπῳ,
3144 5300 3167 5328 ι
3217 5277 3377 5336 πάλιν
3412 5278 3710 5340 ἐπανέλαϐε

1845 5387 2028 5448 Varia:
2072 5390 2375 5450 lectiones.

473 5485 516 5519 9‘
594 5487 762 5556 φησὶν,
815 5487 948 5539 τοῦτ’
997 5485 1131 5539 ἔστιν
1189 5485 1272 5539 οὐκ
1300 5501 1376 5541 m.
1454 5485 1498 5520 ’δ
1537 5485 1830 5540 κατέϐαλον.
1886 5485 2033 5540 Ἀλλὰ
2080 5487 2324 5559 πῳθητὴς
2374 5491 2443 5542 ὢν
2493 5492 2750 5561 πρότερον,
2807 5487 2918 5543 εἶτα
2971 5489 3209 5559 ἐκλήθην.
3267 5493 3376 5556 Πῶς
3431 5489 3518 5547 οὖν
3571 5493 3711 5565 ὑμεῖς

402 5563 867 5637 αὖτοχειροτόνητοι
902 5566 1193 5620 ’διδάσκαλοι
1235 5583 1312 5624 m.
1358 5567 1720 5639 Apprehendi
1750 5587 1768 5620 :
1817 5572 1886 5624 Et
1935 5569 2002 5624 de

2114 5575 2238 5625 tctor
2286 5587 2406 5626 cum
2442 5572 2598 5642 prius
2638 5586 2836 5636 essem,
2891 5577 3078 5643 postea
3119 5577 3334 5630 vocatus
3373 5590 3512 5630 sum.
3566 5563 3708 5642 Quo-

401 5647 555 5702 modo
585 5649 776 5717 itaque
815 5663 906 5703 υος
948 5648 1187 5703 doctores
1233 5651 1360 5705 estis
1400 5652 1623 5719 propr-io
1665 5651 1987 5705 auctoritate

2114 5653 2359 5707 nstitutt'?
2434 5651 2478 5684 9⁸
2529 5652 2614 5704 καὶ
2647 5650 2978 5709 διδάσκαλον.
3022 5653 3117 5706 Καὶ
3141 5659 3243 5717 πῶς
3286 5670 3360 5710 m.
3439 5655 3483 5689 9⁷
3534 5653 3707 5709 ἑαυτὸν

403 5726 643 5780 Σωσθὲνιι
680 5744 707 5784 0
806 5727 849 5760 θ’
872 5727 1180 5794 ὓπηκούσατε
1212 5746 1264 5785 0.
