4090 6424
337 432 449 488 585

1256 418 1609 477 EXPOSITIO
1653 418 1715 473 IN
1758 415 1967 473 EPIST.
2009 413 2029 470 l
2068 412 2161 470 AD
2202 410 2359 468 COR.
2408 440 2472 450 —-
2514 410 2667 465 CAP.
2710 410 2774 465 X.

3554 406 3657 462 566

336 558 437 618 καὶ
467 546 581 617 εἶπε
614 579 627 592 ·
661 582 685 607 α
722 553 827 614 Καὶ
856 552 1012 629 ἡμῶν
1047 546 1247 628 Κυρίου
1273 545 1367 607 καὶ
1387 548 1560 605 αὐτῶν
1592 567 1606 582 ’
1634 570 1655 597 ν
1682 541 1770 603 ἵνα
1798 540 1938 622 δείξῃ

2060 553 2274 596 rursum
2302 535 2522 608 repetiit
2550 550 2613 592 ac
2653 533 2813 602 dixit,
2844 532 3021 590 nostri
3052 532 3279 589 Domini
3305 539 3363 589 et
3391 532 3656 605 ipsorum,

338 647 518 707 κοινὸν
567 644 847 717 Δεσπότην
898 640 1043 701 ὄντα.
1105 636 1262 705 Τινὲς
1330 634 1385 696 δὲ
1437 634 1603 704 οὕτως
1646 636 1719 703 ὣς
1768 641 1939 694 κεῖται

338 741 551 798 νοοῦσιν
578 759 593 774 ο
645 760 673 791 ε
705 733 798 795 Ἐν
848 730 1010 791 παντὶ
1050 728 1199 810 τόπῳ
1227 729 1382 807 ἡμῶν
1412 750 1471 786 τε
1515 725 1608 786 καὶ
1656 726 1830 785 αὐτῶν
1858 746 1872 761 ’
1901 741 1932 778 n

337 826 614 888 τουτέστιν
640 871 658 899 ,
700 812 862 904 Ἐνῷ
892 822 984 881 καὶ
1010 823 1165 897 ἡμεῖς
1193 822 1355 897 ἐσμεν
1384 817 1476 877 καὶ
1494 818 1713 877 Δἐκεῖνοι.

433 1033 463 1066 α
495 1008 663 1089 Χάρις
691 1010 812 1082 ὑμῖν
843 1003 936 1064 καὶ
961 1002 1143 1085 εἰρήνη
1188 1000 1297 1061 ἀπὸ
1330 1001 1473 1061 Θεοῦ
1519 997 1734 1076 Πατρὸς
1765 999 1941 1089 ἡμῶν,

340 1099 439 1160 καὶ
486 1086 664 1173 Ἰησοῦ
721 1095 975 1177 Χριστοῦ.
1018 1116 1046 1152 ι
1096 1091 1226 1153 Ἀπὸ
1273 1092 1418 1152 Θεοῦ
1463 1094 1499 1163 ἡ
1548 1089 1704 1170 χάρις
1763 1086 1854 1146 καὶ
1905 1092 1939 1159 ἡ

340 1190 549 1269 εἰρήνη.
584 1186 693 1249 Καὶ
739 1185 1032 1264 πρότερον,
1085 1181 1174 1242 ὅτε
1204 1179 1335 1261 πρὸς
1372 1178 1529 1239 αὐτὸν
1563 1178 1943 1269 ἐκπεπολεμω-

341 1267 497 1358 μένοι
542 1279 717 1354 ὄντες,
770 1275 857 1335 διὰ
902 1278 996 1344 τῆς
1042 1271 1258 1354 χάριτος
1309 1271 1471 1330 αὐτοῦ
1521 1267 1940 1350 εἰρηνεύσαμεν,

338 1370 437 1430 καὶ
467 1369 550 1429 ἀεὶ
594 1366 647 1428 δὲ
696 1364 926 1447 εὔχομαι
954 1368 1122 1423 ταῦτα
1169 1365 1294 1440 ὑμῖν
1335 1359 1443 1419 ἀπὸ
1466 1360 1609 1420 Θεοῦ
1649 1366 1937 1439 παρεῖναι,

340 1460 435 1519 ἵνα
467 1459 602 1539 μήτε
654 1462 747 1529 τῆς
775 1454 993 1536 χάριτος
1046 1454 1204 1512 αὐτοῦ
1247 1449 1510 1525 ἐκπέσητε
1533 1449 1584 1486 ⁹⁹
1609 1495 1625 1523 ,
1670 1450 1808 1526 μήτε
1849 1450 1943 1518 τῆς

340 1551 590 1629 εἰρήνης,
657 1551 727 1614 ὣς
775 1542 1233 1613 διαστασιάζοντες
1287 1539 1418 1622 πρὸς
1477 1539 1757 1629 ἀλλήλους.
1817 1538 1944 1605 Πῶς

340 1626 439 1700 οῦν
505 1637 795 1719 ἀνθρώποις
847 1631 1063 1700 ἑαυτοὺς
1112 1631 1473 1711 προσνέμετε,
1525 1629 1616 1688 καὶ
1666 1626 1764 1700 τὴν
1811 1630 1939 1706 παρ’

338 1730 562 1795 ἐκείνοις
594 1718 749 1809 χάριν
781 1727 871 1783 καὶ
903 1721 1248 1803 εὐαρέστησιν
1290 1725 1493 1794 ζητεῖτε
1517 1765 1532 1792 ,
1576 1722 1647 1787 ὡς
1686 1718 1941 1778 διδασκά-

340 1824 457 1887 λοις
472 1840 489 1892 ;

431 1910 452 1991 [
500 1933 530 1964 α
589 1906 759 1987 Χάρις
796 1908 920 1982 ὑμῖν
976 1901 1069 1962 καὶ
1118 1900 1313 1991 εἰρήνηΔ
1355 1900 1462 1958 ἀπὸ
1506 1899 1670 1991 Θεοῦ
1710 1897 1941 1991 ,Πατρὸς

338 1986 525 2078 ﬁrst-33v.
560 2019 589 2055 υ
646 1994 971 2075 Ἐπεύχεται
1018 1993 1194 2058 αὐτοῖς
1240 1989 1398 2073 χάριν
1420 2037 1435 2064 ,
1480 1987 1642 2068 ἤγουν
1674 1986 1937 2048 οἰκείοισιν

340 2075 441 2149 καὶ
472 2085 746 2162 εὖμένειαν
780 2085 888 2144 ἀπὸ
918 2087 1011 2143 τοῦ
1047 2084 1225 2154 Θεοῦ,
1262 2078 1525 2160 διασύρων
1566 2080 1800 2138 ἐντεῦθεν
1848 2075 1943 2149 τὴν

341 2180 458 2239 ἀπὸ
484 2181 589 2236 τῶν
624 2170 1110 2256 έτεροδιδασκάλων
1136 2167 1416 2248 γινομένην
1457 2169 1636 2237 αὐτοῖς
1667 2192 1681 2206 ο
1718 2167 1807 2226 ναὶ
1837 2167 1946 2245 μὴν

340 2268 441 2328 καὶ
481 2266 691 2348 εἰρήνην
718 2255 1170 2333 διαστασιάζουσι
1217 2258 1347 2340 πρός
1387 2282 1444 2318 τε
1476 2255 1662 2326 αὖτοὺς
1691 2258 1784 2317 καὶ
1817 2258 1947 2339 πρὸς

340 2358 438 2418 τὸν
470 2347 629 2419 Θεόν.
663 2353 883 2434 Πατέρα
918 2352 973 2415 δὲ
1002 2354 1155 2428 ἡμῶν
1197 2350 1285 2410 τὸν
1315 2350 1454 2412 Θεὸν
1482 2347 1907 2429 προσηγόρευσεν
1927 2393 1945 2425 ,

340 2453 420 2516 ὣς
447 2444 859 2524 υίοθετουμένων
902 2445 1044 2523 αὐτῷ
1073 2441 1161 2502 διὰ
1192 2445 1281 2500 τοῦ
1326 2442 1547 2519 λουτροῦ
1597 2441 1691 2509 τῆς
1740 2438 1948 2517 παλιγ-

381 2562 607 2605 ενεσιας.

340 2567 607 2619 γενεσιας.

440 2650 470 2687 α
499 2629 608 2689 Καὶ
641 2624 840 2704 κυρίου
883 2624 1061 2696 Ἰησοῦ
1102 2624 1359 2702 Χριστοῦ.
1396 2640 1424 2676 ι
1472 2617 1538 2680 Ἃ
1587 2616 1690 2698 γὰρ
1732 2616 1946 2677 δίδωσιν

338 2726 369 2781 ὁ
405 2717 625 2799 Πατὴρ,
654 2720 823 2776 ταῦτα
852 2713 945 2774 καὶ
970 2717 998 2772 ὁ
1018 2712 1161 2779 Υἱός.
1193 2713 1364 2772 Τοῦτο
1404 2708 1506 2791 γὰρ
1524 2707 1826 2799 ,δηλωτικὸν
1855 2713 1948 2780 τῆς

344 2814 401 2868 ἰν
434 2804 747 2889 ἀμφοτέροις
774 2803 1036 2877 ἰσότητος.
1072 2801 1220 2865 Cod.
1258 2798 1594 2889 Arundelz]

437 2877 483 2954 ε’
503 2877 845 2977 έῦχάριστῶ,
872 2915 902 2951 ι)
932 2890 1301 2974 Εὗχαρίστους
1329 2894 1474 2967 ἡμᾶς
1510 2877 1643 2949 εἶναι
1676 2884 1948 2959 παιδεύει,

341 2987 444 3048 καὶ
476 2990 529 3047 ἐν
561 2976 711 3066 πάσῃ
751 2985 848 3063 μὲν
885 2982 1223 3062 Ἐπιστολῇ,
1268 2977 1634 3061 εὖκαιρότερον
1674 2976 1730 3036 δὲ
1761 2982 1851 3039 νῦν

344 3076 669 3160 εὐχαριστίᾳ
711 3074 994 3156 κέχρηται.
1028 3070 1100 3134 Ἦ
1140 3070 1245 3151 γὰρ
1265 3067 1589 3160 εὐχαριστία
1639 3066 1727 3160 επὶ
1766 3066 1950 3160 χάριτι

339 3156 553 3248 γίνεται
581 3190 596 3205 ·
695 3165 749 3225 δὲ
780 3164 939 3245 χάρις
965 3164 1062 3224 οὐκ
1102 3159 1320 3243 ὀφειλὴ,
1350 3159 1469 3219 οὐδὲ
1502 3156 1731 3236 ἀμοιϐή.
1775 3159 1949 3219 Τοῦτο

339 3260 401 3318 δὲ
429 3257 525 3328 τὴν
550 3256 773 3339 ἔπαρσιν
797 3257 901 3313 τῶν
928 3252 1218 3334 Κορινθίων
1243 3255 1510 3330 καθαιρεῖ.

436 3465 461 3489 ι
498 3439 593 3518 Τῷ
620 3438 747 3517 Θεῷ
777 3459 899 3513 μου.
930 3456 958 3489 u
1006 3431 1132 3493 Ἀπὸ
1165 3432 1367 3504 πολλῆς
1404 3429 1614 3509 ἀγάπης
1654 3428 1741 3488 τὸν
1774 3426 1942 3488 κοινὸν

344 3528 563 3588 πάντων
601 3526 741 3588 Θεὸν
773 3526 1127 3585 ἰδιοποιεῖται.

438 3642 466 3674 ι
504 3616 744 3679 Πάντοτε
778 3613 901 3696 περὶ
940 3616 1119 3691 ὑμῶν,
1152 3610 1241 3673 ἐπὶ
1374 3608 1558 3691 χάριτι
1588 3613 1683 3668 τοῦ
1712 3610 1874 3696 Θεοῦ,
1913 3634 1938 3658 ν

348 3705 607 3771 Παιδεύει
659 3704 746 3764 διὰ
797 3694 986 3763 τούτου
1048 3701 1166 3769 τοὺς
1227 3699 1530 3781 Κορινθίους
1576 3697 1666 3758 καὶ
1725 3694 1945 3770 αὖτοὺς,

350 3797 438 3858 ἀεὶ
473 3795 664 3857 εἰδέναι
706 3793 864 3875 χάριν
888 3796 963 3874 τῷ
994 3794 1155 3870 Θεῷ,
1189 3790 1280 3850 καὶ
1324 3789 1401 3868 μὴ
1433 3791 1540 3856 τοῖς
1570 3786 1779 3856 οἰκείοις
1806 3809 1947 3845 κατ-

343 3887 680 3969 ορθώμασιν.
717 3911 740 3936 σι
774 3884 902 3946 Ἐπὶ
1038 3882 1221 3964 χάριτι
1248 3880 1353 3961 γὰρ
1380 3887 1473 3941 τοῦ
1501 3881 1677 3953 Θεοῦ,
1711 3905 1736 3933 α
1763 3876 1943 3959 φησὶν,

346 3980 446 4041 οὐκ
474 3975 562 4038 ἐπὶ
598 3975 703 4044 τοῖς
732 3973 1001 4055 ὑμετέροις
1028 3973 1195 4053 ἔργοις
1225 3974 1544 4052 εὐχαριστῶ.

441 4091 470 4123 σι
621 4064 829 4145 δοθείσῃ
858 4064 980 4140 ὑμῖν
1013 4066 1065 4125 ἐν
1093 4063 1314 4143 Χριστῷ
1361 4059 1565 4132 Ἰησοῦ.
1584 4148 1589 4149 γ
1607 4086 1632 4113 ν
1662 4056 1948 4149 Τουτέστι,

347 4156 443 4218 διὰ
471 4158 708 4236 Χριστοῦ
742 4154 924 4228 Ἰησοῦ
945 4200 962 4231 ,
1004 4156 1062 4213 οὖ
1113 4151 1201 4212 διὰ
1241 4154 1333 4211 τοῦ
1368 4151 1531 4220 δεῖνος
1568 4148 1719 4223 ἢτοῦ
1761 4148 1942 4215 δεῖνος.

346 4247 528 4309 Ὥστε
554 4246 607 4305 τί
636 4243 932 4324 ἀνθρώποις
965 4241 1296 4323 προσέχετες

446 4358 477 4395 α
503 4334 635 4396 Ὀτι
689 4337 742 4395 ἐν
775 4333 936 4393 παντῖ⁵
992 4330 1369 4403 ἐπλουτίσθητε
1430 4333 1482 4389 ἐν
1543 4330 1707 4407 αὐτῷ.
1741 4350 1769 4385 ι)
1831 4329 1883 4388 Τ
1886 4327 1946 4404 ὸ,

358 4450 392 4486 α
427 4425 520 4489 Ἐν
551 4426 723 4507 αὐτῷ,
749 4446 781 4507 n
817 4423 979 4483 πάλιν
1023 4420 1141 4481 ἀντὶ
1178 4424 1302 4493 τοῦ,
1336 4421 1402 4479 δι’
1427 4422 1610 4481 αὐτοῦ.
1651 4416 1833 4480 Ὅταν
1860 4407 1950 4507 οῦν

349 4516 449 4577 καὶ
483 4505 706 4583 πλοῦτος
744 4506 814 4594 ᾗ,
854 4514 943 4572 καὶ
973 4513 1113 4574 Θεοῦ
1146 4513 1371 4576 πλοῦτος
1390 4556 1405 4586 ,
1434 4509 1524 4568 καὶ
1555 4512 1608 4569 ἐν
1636 4507 1817 4582 παντὶ,
1856 4505 1951 4567 καὶ

2052 636 2117 686 ut
2145 633 2549 685 commonstret
2586 638 2944 683 communem
2986 638 3107 681 esse
3157 622 3485 680 Dominum.
3519 624 3661 679 Sunt

2050 717 2146 791 qui
2178 717 2366 785 verba,
2415 716 2496 774 uti
2532 716 2741 790 jacent,
2772 714 3102 789 intelligunt,
3151 732 3178 767 α
3224 712 3281 769 in
3333 712 3487 769 omni
3534 713 3658 770 loco

2052 816 2242 865 nostro
2283 813 2338 864 et
2380 807 2648 880 ipsorum,
2684 829 2709 854 ιι
2764 805 2870 862 hoc
2897 813 2999 873 est,
3032 802 3087 860 in
3121 819 3232 877 quo
3260 810 3313 860 et
3353 817 3458 859 nos
3501 810 3557 859 et
3584 803 3659 859 illi

2050 912 2262 953 sumus.

2122 990 2293 1045 Vns.
2319 992 2368 1043 8.
2396 1003 2426 1039 α
2446 985 2638 1045 Gratia
2653 985 2829 1054 vobis,
2851 990 2909 1042 et
2933 1002 3037 1057 pax
3058 1000 3088 1040 a
3109 987 3231 1041 Deo
3252 986 3414 1040 Patre
3437 991 3653 1050 nostro,

2047 1085 2103 1134 et
2131 1077 2371 1134 Domino
2393 1078 2524 1135 Jesu
2552 1075 2793 1133 Christo.
2819 1095 2849 1129 »
2887 1078 2936 1131 Α
2979 1078 3095 1132 Deo
3126 1074 3300 1149 gratia
3331 1082 3388 1131 et
3413 1088 3519 1145 pax
3548 1080 3652 1129 est.

2056 1166 2237 1224 Etiam
2284 1167 2458 1240 prius,
2508 1181 2640 1223 cum
2694 1166 2912 1223 inimici
2959 1179 3226 1233 essemus,
3280 1179 3377 1236 per
3419 1161 3659 1236 gratiam

2050 1256 2223 1328 ipsius
2261 1271 2455 1329 pacem
2502 1254 2688 1328 adepti
2745 1270 2957 1311 sumus.
3003 1256 3273 1325 Perpetuo
3319 1260 3507 1309 autem
3536 1250 3658 1309 haec

2054 1346 2204 1402 vobis
2244 1345 2502 1403 divinitus
2528 1344 2722 1402 adesse
2750 1352 2903 1417 opto,
2936 1352 2998 1400 ut
3024 1359 3208 1416 neque
3261 1358 3293 1399 a
3338 1340 3510 1415 gratia
3543 1340 3661 1413 ejus

2052 1434 2334 1504 excidatis,
2375 1451 2553 1509 neque
2601 1452 2631 1492 a
2682 1451 2836 1508 pace,
2866 1443 3128 1507 tanquam
3159 1433 3302 1489 inter
3339 1446 3437 1489 vos
3464 1438 3659 1487 mutuo

2050 1524 2399 1583 dissidentes.
2440 1525 2611 1599 Ecqui
2661 1525 2832 1599 igitur
2877 1523 3195 1581 hominibus
3226 1537 3323 1579 vos
3351 1518 3659 1595 applicatis,

2050 1630 2177 1671 cum
2223 1615 2475 1689 gratiam,
2532 1623 2654 1671 tum
2697 1614 3135 1672 benevolentiam
3181 1610 3326 1685 apud
3371 1611 3518 1682 illos,
3555 1625 3656 1667 ceu

2053 1704 2334 1775 doctores,
2363 1705 2713 1763 ambientes?

2125 1889 2308 1944 Vens.
2337 1892 2389 1942 3.
2426 1908 2454 1936 «
2489 1885 2676 1945 Gratia
2707 1885 2864 1942 vobis
2890 1892 2945 1941 et
2970 1899 3078 1958 pax
3116 1900 3147 1941 a
3195 1888 3316 1941 Deo
3346 1886 3511 1941 Patre
3548 1900 3658 1941 no-

2049 1984 2181 2033 stro.
2231 1997 2258 2029 »
2292 1976 2564 2046 Gratiam,
2612 1974 2666 2031 id
2701 1983 2806 2041 est,
2847 1974 3352 2031 reconciliationem
3399 1982 3455 2031 et
3488 1974 3657 2031 bene—

2050 2066 2351 2125 volentiam
2397 2066 2465 2123 iis
2519 2081 2551 2122 a
2601 2069 2716 2123 Deo
2766 2072 3174 2137 comprecatur,
3219 2064 3479 2120 vellicans
3527 2062 3656 2120 inde

2052 2155 2230 2225 illam,
2261 2171 2387 2228 qum
2428 2155 2563 2228 ipsis
2593 2155 2663 2212 ab
2710 2154 2778 2211 iis
2816 2154 2907 2227 qui
2943 2154 3156 2211 diversa
3185 2152 3484 2221 docebant,
3517 2168 3655 2209 con-

2050 2247 2180 2303 ﬂata
2200 2255 2336 2303 erat.
2363 2245 2505 2318 Quin
2525 2246 2697 2303 etiam
2717 2242 3104 2301 dissidentibus
3128 2259 3342 2315 pacem,
3363 2258 3491 2299 cum
3515 2242 3660 2299 inter

2053 2354 2136 2405 se,
2169 2346 2286 2393 tum
2315 2334 2461 2408 apud
2490 2339 2688 2392 Deum.
2721 2337 2905 2391 Deum
2935 2343 3122 2390 autem
3152 2337 3377 2391 Patrem
3405 2341 3655 2390 nostrum

2056 2425 2292 2496 vocavit,
2352 2425 2511 2482 nobis
2551 2424 2630 2481 illi
2674 2440 2769 2497 per
2814 2424 3090 2480 lavacrum
3142 2423 3573 2496 regenerationis
3602 2423 3658 2479 in

2054 2517 2295 2573 filiorum
2324 2530 2623 2572 numerum
2640 2513 2894 2571 adscitis.

2130 2631 2153 2655 α
2181 2608 2250 2664 Et
2279 2604 2521 2663 Domino
2544 2606 2680 2661 Jesu
2709 2603 3001 2661 Christo.»
3029 2606 3173 2659 Nam
3203 2618 3326 2676 qum
3350 2604 3511 2660 Pater
3538 2601 3658 2672 dat,

2056 2695 2258 2755 eadem
2307 2704 2361 2753 et
2405 2694 2598 2754 Filius.
2628 2695 2750 2751 Hoc
2782 2693 2929 2750 enim
2970 2693 3027 2749 in
3056 2702 3294 2765 utroque
3332 2692 3660 2767 asqualitatis

2056 2797 2139 2845 est
2162 2785 2453 2844 indicium.

2129 2882 2314 2937 Vens.
2343 2883 2397 2935 4.
2442 2897 2470 2929 ιι
2498 2877 2725 2934 Gratias
2744 2890 2869 2949 ago.
2906 2894 2935 2927 »
2969 2874 3173 2931 Gratos
3198 2888 3302 2931 nos
3329 2888 3451 2930 esse
3479 2872 3661 2940 docet,

2056 2968 2222 3042 idque
2246 2969 2304 3025 in
2328 2967 2481 3024 omni
2512 2982 2735 3039 prorsus
2762 2964 2992 3039 epistola
3022 2982 3038 3021 :
3070 2965 3440 3037 opportunius
3471 2972 3659 3021 autem

2056 3076 2206 3116 nunc
2242 3058 2539 3130 gratiarum
2576 3057 2789 3112 actione
2814 3071 2946 3111 usus
2993 3062 3095 3110 est.
3146 3054 3469 3112 Gratiarum
3503 3054 3653 3110 enim

2055 3149 2199 3206 actio
2250 3156 2475 3222 propter
2513 3146 2751 3220 gratiam
2783 3144 2847 3201 fit
2903 3162 2915 3201 :
2972 3144 3148 3218 gratia
3189 3152 3374 3201 autem
3423 3159 3534 3200 non
3579 3153 3664 3200 est

1975 3271 2020 3334 C
2052 3239 2318 3334 debitum,
2347 3252 2524 3334 neque
2550 3234 2953 3334 compensatio.
2987 3235 3172 3307 Atque
3200 3233 3308 3292 hoc
3334 3232 3656 3290 Corinthio-

2056 3345 2180 3386 rum
2213 3327 2421 3387 fastum
2449 3326 2735 3398 deprimit.

2131 3444 2159 3475 «
2192 3427 2309 3480 Deo
2329 3438 2475 3480 meo.
2510 3440 2539 3475 ι)
2576 3422 2652 3476 Ex
2682 3420 2950 3476 immensa
2981 3417 3295 3487 dilectione,
3330 3421 3507 3475 Deum
3536 3435 3666 3475 om-

2052 3512 2214 3571 nibus
2238 3526 2612 3579 eommunem,
2644 3510 2927 3583 proprium
2956 3508 3061 3565 sibi
3086 3508 3351 3565 vindicat.

2130 3606 2407 3674 «Semper
2437 3618 2534 3674 pro
2578 3600 2755 3664 vobis,
2800 3613 2963 3671 super
3004 3598 3184 3672 gratia
3227 3597 3346 3655 Dei.
3394 3616 3422 3651 η
3466 3597 3663 3654 Erudit

2055 3712 2150 3771 per
2172 3697 2277 3754 hoc
2300 3696 2449 3769 ipsos
2477 3692 2813 3760 Corinthios,
2844 3695 2959 3749 Deo
2985 3692 3187 3766 gratias
3214 3706 3436 3763 semper
3477 3706 3664 3766 agere,

2056 3796 2111 3844 et
2131 3802 2243 3844 non
2264 3785 2501 3860 propriis
2524 3782 2800 3857 operibus.
2836 3785 2979 3839 Nam
3006 3800 3034 3835 ι(
3062 3783 3235 3854 Super
3262 3780 3441 3855 gratia
3470 3780 3597 3849 Dei,
3631 3801 3658 3833 »

2056 3877 2249 3951 inquit,
2281 3892 2394 3934 non
2422 3875 2495 3932 ob
2520 3882 2697 3933 vestra
2735 3888 2922 3946 opera,
2958 3889 2985 3925 ct
3026 3871 3239 3946 gratias
3267 3885 3388 3943 ago.
3420 3889 3448 3922 »

2134 4078 2163 4112 ι(
2210 4059 2345 4131 Quae
2383 4058 2505 4115 data
2533 4063 2616 4114 est
2641 4055 2798 4113 vobis
2839 4056 2900 4112 in
2929 4054 3153 4113 Christo
3173 4056 3327 4118 Jesu,
3365 4075 3388 4101 ιι
3422 4052 3527 4109 hoc
3558 4062 3662 4121 est,

2058 4165 2153 4223 per
2177 4148 2456 4205 Christum
2484 4148 2696 4214 Jesum,
2724 4162 2836 4202 non
2868 4160 2963 4219 per
2991 4144 3140 4201 hunc
3169 4144 3251 4201 vel
3279 4143 3451 4200 alium
3470 4159 3664 4218 quem-

2059 4240 2231 4312 piam.
2277 4236 2423 4313 Quid
2448 4252 2580 4311 ergo
2610 4234 2932 4292 hominibus
2958 4241 3203 4291 mentem
3231 4232 3537 4292 adhibetis?

2133 4332 2317 4387 Vens.
2363 4332 2415 4384 5.
2462 4347 2489 4380 ι(
2517 4326 2660 4399 Quia
2702 4325 2762 4382 in
2789 4324 3054 4382 omnibus
3079 4323 3273 4380 divites
3302 4321 3427 4380 facti
3455 4323 3583 4381 estis
3610 4325 3667 4379 in

2064 4418 2175 4475 illo.
2214 4442 2238 4469 υ
2270 4449 2342 4459 -
2372 4436 2401 4471 ‹‹
2426 4419 2488 4473 In
2508 4417 2621 4483 illo,
2650 4436 2680 4469 ››
2715 4430 2937 4472 rursum
2968 4413 3195 4487 ponitur
3217 4429 3337 4483 pro,
3368 4428 3466 4486 per
3488 4413 3661 4470 illum.

2060 4512 2203 4567 Cum
2234 4508 2399 4581 igitur
2428 4523 2559 4580 opes
2590 4506 2745 4564 vobis
2782 4505 2982 4574 adsint,
3012 4519 3073 4559 ac
3105 4503 3205 4560 Dei
3236 4516 3387 4574 opes,
3415 4502 3579 4575 idque
3609 4503 3670 4559 in

351 4604 425 4666 δι’
449 4608 608 4665 αὐτοῦ
655 4592 763 4664 τοῦ
793 4607 1124 4681 Μονογενοῦς
1144 4647 1160 4680 ,
1192 4603 1305 4668 πῶς
1348 4601 1760 4680 ἀχαριστοῦντες
1799 4599 1945 4675 ὑμεῖς

2062 4599 2216 4657 omni
2244 4613 2323 4669 re,
2353 4606 2409 4656 et
2433 4602 2531 4672 per
2551 4597 2896 4670 unigenitum
2919 4594 3020 4651 Dei
3041 4592 3264 4657 Filium;
3296 4606 3427 4665 qua,
3459 4605 3671 4664 quaso,

349 4694 660 4774 ἀνθρώπους
700 4697 904 4760 ἑαυτοῖς
933 4692 1283 4758 διδασκάλους
1314 4688 1708 4771 ἐπιγράφεσθετ,

453 4898 483 4931 (ι
512 4873 610 4937 Ἐν
637 4872 797 4935 παντὶ
838 4871 981 4955 λόγῳ
1024 4872 1116 4931 καὶ
1156 4870 1304 4949 πάσῃ
1352 4869 1567 4948 γνώσει.
1607 4888 1636 4926 ι)
1672 4866 1838 4931 Ἐστι
1867 4867 1958 4927 καὶ

350 4964 513 5044 λόγος
554 4965 716 5046 χωρὶς
758 4963 1002 5044 γνώσεως
1034 4986 1047 4999 ·
1074 4960 1256 5042 ὥσπερ
1284 4959 1413 5021 ὅταν
1462 4982 1540 5027 τις
1578 4957 1711 5038 λέγῃ
1752 4957 1957 5037 μάταια

347 5054 525 5139 χωρὶς
554 5054 836 5132 νοημάτων
865 5076 878 5090 ·
907 5051 1023 5112 ἔστι
1060 5050 1153 5111 καὶ
1180 5052 1373 5128 γνῶσις
1400 5048 1565 5139 χωρὶς
1607 5048 1800 5127 λόγου,
1829 5047 1957 5139 όταν

346 5137 435 5213 τις
466 5148 559 5226 νοῇ
609 5144 707 5223 μὲν
745 5142 926 5226 ὑψηλὰ
968 5144 1012 5222 ⁸,
1060 5140 1214 5221 λόγον
1265 5139 1319 5200 δὲ
1369 5142 1464 5200 οὐκ
1495 5138 1595 5220 ἔχῃ
1642 5137 1874 5219 ἑρμηνέα
1904 5138 1954 5200 ³.

351 5236 550 5314 ’Υμεῖς
594 5234 650 5295 δὲ
698 5232 791 5295 καὶ
819 5232 972 5314 λόγον
1026 5231 1177 5313 ἔχετε
1218 5230 1310 5290 καὶ
1349 5233 1545 5311 γνῶσιν
1598 5230 1782 5310 θείαν,
1819 5227 1959 5290 ὥστε

347 5328 453 5389 καὶ
480 5334 618 5387 νοεῖν
648 5322 741 5385 καὶ
765 5324 935 5403 λέγειν
965 5320 1236 5383 δύνασθαι.

448 5535 473 5560 ιι
518 5504 717 5573 Καθὼς
740 5503 803 5565 τὸ
845 5502 1128 5585 μαρτύριον
1156 5508 1247 5562 τοῦ
1287 5502 1522 5583 Χριστοῦ
1551 5497 1844 5570 ἐϐεϐαιώθη
1894 5501 1946 5557 ἐν

2064 4697 2248 4763 fronte
2286 4704 2385 4746 vos
2425 4687 2644 4762 ingrati,
2700 4686 2954 4743 homines
2998 4680 3285 4753 vobisipsis
3336 4682 3392 4738 in
3417 4680 3672 4739 doctores

2064 4780 2209 4839 ascis
2236 4777 2362 4836 citis
2388 4782 2413 4836 Ρ

2146 4894 2171 4920 α
2202 4873 2267 4927 In
2296 4867 2454 4925 omni
2494 4882 2751 4924 sermone.
2778 4874 2831 4923 et
2857 4865 3005 4922 omni
3038 4864 3379 4941 cognitione.
3414 4885 3441 4914 »
3487 4863 3674 4921 Potest

2069 4975 2192 5018 esse
2231 4974 2416 5017 sermo
2456 4958 2574 5015 sine
2604 4957 2933 5031 cognitione,
2972 4963 3033 5012 ut
3056 4956 3103 5012 si
3132 4955 3258 5030 quis
3304 4970 3437 5011 vana
3467 4953 3674 5026 absque

2069 5051 2350 5108 intellectu
2387 5046 2607 5105 effutiat
2665 5065 2679 5104 :
2737 5055 2821 5104 est
2873 5054 2925 5104 et
2956 5045 3197 5121 cognitio
3238 5045 3355 5102 sine
3394 5054 3669 5106 serrnonc,

2066 5149 2134 5200 ut
2159 5141 2204 5197 si
2246 5140 2369 5214 quis
2402 5137 2659 5196 sublimia
2705 5136 2992 5210 intelligat,
3025 5135 3192 5192 verbo
3237 5142 3419 5191 autem
3447 5132 3528 5189 vel
3558 5148 3668 5188 ser-

2066 5245 2249 5289 mone
2270 5245 2387 5286 non
2426 5227 2598 5303 possit
2642 5228 2932 5301 explicare.
2981 5227 3094 5283 Vos
3139 5232 3324 5282 autem
3349 5229 3403 5279 et
3436 5220 3670 5280 verbum

2067 5318 2307 5390 habetis,
2337 5327 2392 5376 et
2421 5320 2628 5377 notiam
2659 5318 2924 5384 divinam,
2957 5323 3017 5372 ut
3054 5322 3109 5372 et
3137 5313 3436 5386 intelligere
3462 5318 3517 5368 et
3547 5328 3668 5385 pro-

2069 5415 2222 5489 loqui
2261 5415 2503 5487 possitis.

2139 5481 2313 5562 iisns.
2363 5507 2417 5561 ο.
2455 5524 2482 5558 ι(
2518 5502 2830 5561 Secundum
2867 5498 3015 5574 quod
3057 5492 3441 5557 testimOnium
3473 5481 3675 5553 Christi

1796 5655 1930 5714 Vari
1938 5662 1985 5714 ae?
2028 5655 2336 5714 lectiones.

433 5763 479 5798 θ’
509 5761 803 5834 ἐστερήθητε
837 5774 896 5819 0.
975 5759 991 5794 ί
1016 5757 1213 5832 ὕψηλῶς
1237 5774 1294 5814 o.
1368 5756 1389 5790 ²
1418 5755 1675 5828 ἑρμηνείας
1703 5770 1758 5811 o.
