4090 6448
373 411 479 486 567

1395 405 1910 464 THEOPHYLACTI
1949 408 2312 466 BULGARLE
2350 409 2666 467 ARCHIEP.

3575 419 3679 476 568

369 532 760 592 conﬁrmatum
784 540 868 590 est
888 531 946 588 in
970 531 1146 589 vobis.
1175 552 1202 586 »
1237 560 1308 575 -
1333 554 1359 583 ι
1388 531 1700 590 Secundum
1736 532 1908 606 quod,
1937 553 1967 588 »

2089 538 2225 613 ὑμῖν.
2260 562 2283 590 υ
2308 535 2419 611 Τὸ,
2442 563 2467 591 α
2501 536 2728 613 Καθὼς,
2749 565 2774 590 ιι
2795 536 2913 597 ἀντὶ
2938 544 3029 621 τοῦ
3050 537 3115 598 δι’
3135 529 3228 601 ὧν.
3255 537 3359 601 Διὰ
3385 544 3474 600 τοῦ
3497 538 3678 621 λόγου,

373 637 457 686 est
474 644 595 700 pro,
630 643 728 701 per
754 643 898 699 quae.
929 630 1036 684 Per
1063 626 1314 696 verbum,
1343 627 1545 699 inquit,
1580 635 1637 684 et
1659 628 1972 698 scientiam,

369 719 424 775 in
452 717 649 791 quibus
690 717 850 774 ditati
880 718 1033 786 estis,
1071 717 1374 774 stabilitum
1419 727 1503 774 est
1537 717 1595 773 in
1634 717 1791 775 vobis
1818 718 1973 774 testi-

369 807 648 877 monium,
678 806 734 863 id
782 815 884 875 est,
916 805 1229 880 prmdicatio
1267 807 1493 864 Christi.
1536 808 1660 863 Non
1685 807 1837 864 enim
1879 822 1976 879 per

369 905 652 954 externam
698 897 1017 969 sapientiam
1059 897 1348 968 accepistis
1378 895 1849 968 praedicationem,
1879 895 1976 953 sed

373 1002 470 1058 per
506 987 666 1058 signa
694 993 858 1058 atque
889 985 1057 1052 dona,
1100 985 1301 1058 quibus
1331 983 1527 1042 donati
1555 985 1708 1041 estis.

444 1077 627 1132 Vsns.
658 1079 712 1130 7.
751 1097 776 1124 α
800 1077 882 1131 Ita
905 1082 969 1130 ut
995 1075 1148 1131 vobis
1171 1074 1306 1130 nihil
1337 1075 1478 1131 desit
1500 1073 1555 1130 in
1589 1073 1701 1130 ullo
1729 1072 1899 1131 dono.
1946 1097 1972 1124 ιι

369 1165 425 1223 Si
455 1166 512 1221 in
537 1164 697 1221 donis
724 1163 862 1244 nihil
900 1164 1005 1221 illis
1040 1163 1244 1233 deerat,
1291 1163 1574 1237 quomodo
1611 1165 1673 1220 in
1709 1178 1976 1236 procursu

372 1255 620 1312 carnales
667 1269 764 1311 eos
808 1257 1009 1310 vocat?
1061 1253 1366 1310 Dicendum
1417 1254 1603 1328 itaque
1656 1262 1760 1324 est,
1823 1251 1975 1327 quod

372 1361 550 1418 neque
588 1359 784 1400 omnes
820 1342 1026 1401 fuerint
1053 1344 1382 1416 spirituales,
1412 1360 1592 1416 neque
1631 1359 1825 1401 omnes
1852 1359 1974 1400 car-

371 1435 544 1492 nales.
577 1436 760 1505 Quare
794 1449 918 1508 quae
963 1450 1112 1491 nunc
1158 1434 1312 1503 dicit,
1353 1434 1424 1492 ad
1453 1434 1759 1507 spirituales
1797 1433 1929 1490 dicit
1958 1453 1974 1501 ;

374 1525 468 1582 illa
503 1541 657 1594 vero,
697 1525 768 1582 ad
791 1525 1058 1581 carnales.
1101 1526 1264 1597 123
1317 1525 1417 1582 Vel
1475 1525 1628 1598 quod
1679 1523 1973 1581 verisimile

372 1623 493 1672 erat
542 1631 637 1672 eos
698 1615 757 1670 in
814 1614 1078 1687 principio
1134 1614 1311 1671 omnis
1361 1615 1577 1686 generis
1641 1613 1975 1670 charismata

369 1712 712 1772 consecutos,
741 1703 1000 1776 deinceps
1031 1711 1218 1760 autem
1259 1702 1332 1761 ad
1368 1703 1680 1762 socordiam
1706 1702 1974 1776 relapsos,

371 1793 677 1852 secundum
707 1809 930 1850 carnem
958 1794 1176 1850 vixisse.

441 1885 638 1959 [Vens
662 1890 716 1940 7.
751 1906 776 1933 α
806 1887 887 1942 ita
916 1892 978 1939 ut
1001 1884 1161 1942 nobis
1186 1882 1322 1940 nihil
1346 1883 1492 1942 desit
1519 1885 1576 1940 in
1599 1883 1712 1942 ullo
1741 1882 1912 1940 dono.
1943 1907 1968 1932 ιο

368 1975 645 2054 Quaeritur
677 1973 821 2031 unde
849 1974 1048 2046 evenit,
1082 1983 1146 2031 ut
1173 1975 1370 2047 quibus
1398 1983 1485 2031 tot
1501 1973 1811 2047 spirituales
1838 1988 1976 2046 prat-

368 2063 694 2122 eminentias
741 2071 1030 2121 attestatus
1061 2071 1166 2133 est,
1207 2072 1264 2120 et
1314 2080 1454 2136 quos
1495 2064 1660 2120 tantis
1689 2063 1978 2136 praeconiis

368 2154 582 2220 extulit,
609 2154 736 2211 illos
757 2153 878 2227 jam
906 2153 963 2210 in
1024 2153 1285 2210 orationis
1313 2169 1581 2227 procursu
1607 2153 1874 2225 increpet,
1919 2161 1976 2209 et

365 2243 666 2300 carnalium
715 2243 938 2299 nomine
1008 2242 1240 2300 incuset.
1299 2242 1422 2300 Dici
1481 2251 1679 2315 potest,
1719 2241 1869 2315 quod
1917 2242 1976 2298 in

368 2333 638 2406 principio
679 2332 926 2405 quidem,
979 2349 1110 2389 cum
1161 2332 1228 2390 ad
1257 2331 1423 2389 {idem
1473 2333 1716 2405 primum
1744 2331 1975 2389 accede-

368 2423 522 2492 bant,
554 2421 874 2495 hujusmodi
923 2421 1168 2494 fuerunt,
1197 2422 1361 2479 donis
1407 2423 1670 2479 omnibus
1705 2421 1974 2490 instructi,

368 2511 698 2584 laudemque
738 2512 1116 2568 merebantur.
1161 2514 1357 2569 Postea
1402 2527 1530 2569 vero
1583 2511 1834 2568 animum
1881 2509 1976 2567 de-

370 2601 672 2671 mittentes,
744 2602 953 2676 seipsos
992 2601 1409 2675 reprehensioni
1462 2601 1735 2660 obnoxios
1788 2600 1977 2659 reddi-

367 2690 518 2748 dere.
567 2691 668 2748 Vel
716 2691 875 2748 aliter
930 2709 943 2747 :
994 2693 1183 2764 Neque
1213 2691 1492 2757 encomia,
1543 2706 1722 2764 neque
1749 2705 1978 2747 accusa-

366 2782 545 2839 tiones
585 2796 740 2854 aaque
780 2781 1009 2838 omnino
1038 2781 1095 2837 in
1122 2797 1336 2852 omnes,
1361 2781 1458 2839 sed
1487 2797 1584 2854 pro
1634 2779 1980 2853 singulorum

369 2871 581 2928 meritis
618 2887 748 2928 cum
776 2871 885 2941 hae,
914 2880 1036 2928 tum
1083 2871 1172 2928 illa
1199 2871 1642 2929 intendebantur.
1688 2870 1800 2926 Alii
1829 2870 1976 2927 enim

369 2977 436 3017 ex
489 2960 596 3017 illis
643 2959 823 3017 adhuc
887 2959 1197 3032 diligentes,
1253 2961 1341 3018 alii
1405 2961 1746 3034 negligentes
1800 2965 1973 3016 erant.

369 3049 476 3107 Sed
503 3057 557 3106 et
585 3049 747 3106 tertia
787 3049 928 3105 ratio
975 3049 1241 3123 assignari
1268 3056 1473 3122 potest,
1517 3048 1778 3106 nimirum
1823 3047 1973 3120 quod

367 3139 620 3197 eucomia
681 3155 777 3212 per
824 3139 1360 3197 administrationem
1410 3137 1713 3212 quamdam
1761 3138 1966 3195 inserta

371 3239 520 3298 sunt,
552 3229 810 3302 viamque
837 3229 1077 3286 sermoni
1104 3237 1462 3301 praestruunt.
1491 3231 1634 3286 Nam
1662 3228 1759 3302 qui
1788 3229 1976 3285 statim

369 3320 428 3376 in
463 3319 689 3377 exordio
741 3321 973 3376 molesta
1017 3319 1248 3393 profert,
1294 3318 1612 3376 auditorum
1659 3333 1818 3374 aures
1859 3332 1976 3375 ser-

370 3409 522 3466 moni
573 3425 674 3467 suo
723 3409 970 3466 occlusit.
1026 3409 1327 3468 Auditores
1354 3409 1504 3466 enim
1546 3409 1593 3465 si
1620 3407 1833 3465 honore
1868 3407 1977 3464 sint

371 3501 628 3572 aequales,
657 3500 739 3556 ira
771 3523 785 3568 ;
817 3499 860 3557 si
900 3497 1210 3570 inferiores,
1249 3515 1492 3557 maerore
1530 3496 1893 3567 afﬁicientur;
1925 3505 1980 3553 et

371 3590 451 3647 sic
507 3589 786 3646 incassum
816 3588 981 3646 verba
1010 3587 1188 3646 faciet.

446 3698 474 3733 «
521 3679 978 3751 Exspectantibus
1046 3678 1436 3737 revelationem
1518 3677 1750 3735 Domini
1799 3678 1978 3735 nostri

371 3773 498 3828 .lesu
528 3769 759 3828 Christi.
804 3794 828 3820 ιο
869 3770 970 3827 Hic
996 3777 1270 3842 perterret
1302 3785 1418 3838 eos,
1449 3767 1677 3826 secundi
1707 3766 1979 3824 adventus

371 3860 575 3919 Christi
613 3861 955 3920 mentionem
999 3861 1220 3919 faciens.
1271 3863 1418 3918 Nam
1459 3859 1502 3916 si
1551 3857 1802 3918 Christus
1826 3873 1978 3914 reve-

371 3953 569 4008 landus
615 3959 720 4020 est,
767 3950 1050 4024 quomodo
1111 3968 1210 4008 vos
1260 3950 1393 4007 alios
1443 3949 1698 4023 praesides
1742 3956 1797 4005 et
1841 3962 1980 4022 pm-

374 4049 624 4114 ceptores
672 4040 941 4098 habetis?
968 4041 1160 4098 Iunuit
1204 4047 1392 4097 autem
1445 4039 1670 4112 pariter,
1721 4035 1873 4112 quod
1912 4035 1982 4094 ad

372 4138 597 4203 accepta
625 4129 958 4187 charismata
1001 4146 1098 4188 seu
1127 4129 1306 4199 dona,
1338 4129 1457 4186 aliis
1492 4129 1656 4186 etiam
1683 4126 1983 4186 virtutibus

373 4219 675 4292 indigeant.
702 4223 762 4275 In
792 4219 883 4276 illa
907 4220 1060 4277 enim
1088 4219 1178 4277 die
1219 4220 1364 4278 dona
1387 4219 1667 4276 neminem
1685 4216 1981 4292 juvabunt,

373 4310 474 4366 nisi
508 4317 564 4366 et
600 4308 767 4366 vitam
808 4307 1060 4367 habuerit
1103 4309 1394 4368 virtutibus
1429 4318 1706 4367 ornatam.
1748 4306 1984 4363 Revela-

1999 1803 2049 1867 B

2083 624 2250 705 φησὶ,
2291 626 2384 686 καὶ
2431 631 2526 698 τῆς
2564 627 2833 707 γνώσεως,
2877 631 2930 689 ἐν
2965 618 3041 696 οἷς
3089 627 3502 704 ἐπλουτίσθητε,
3552 618 3678 693 ἐνδε-

2084 714 2292 788 ϐαιώθη
2334 719 2387 776 ἐν
2434 719 2558 794 ὑμῖν
2605 716 2665 777 τὸ
2701 716 2986 800 μαρτύριον
3012 763 3028 790 ,
3062 720 3302 779 τουτέστι
3333 719 3394 780 τὸ
3424 720 3678 801 κήρυγμα

2082 810 2176 864 τοῦ
2202 808 2460 886 Χριστοῦ.
2497 809 2580 868 Οὖ
2613 806 2717 888 γὰρ
2750 806 2837 866 διὰ
2868 812 2962 882 τῆς
3002 808 3189 877 ἔξωθεν
3220 809 3407 892 σοφίας
3437 809 3680 881 ἐδέξασθε

2083 896 2143 955 τὸ
2172 896 2421 984 κήρυγμα
2443 943 2459 971 ,
2513 896 2654 956 ἀλλὰ
2687 897 2773 957 διὰ
2816 895 2922 959 τῶν
2972 897 3208 978 σημείων
3247 899 3339 959 καὶ
3378 905 3484 961 τῶν
3513 924 3678 984 χαρι-

2084 985 2338 1064 σμάτων,
2369 978 2442 1047 ὧν
2479 985 2761 1060 ἠξιώθητε.

2168 1100 2199 1132 α
2230 1071 2406 1137 Ὥστε
2456 1080 2594 1156 ὑμᾶς
2643 1075 2718 1154 μὴ
2772 1080 3105 1160 ὖστερεῖσθαι
3165 1080 3219 1138 ἐν
3275 1079 3463 1164 μηδενὶ
3513 1083 3681 1164 χαρί-

2085 1189 2274 1279 σματι.
2309 1191 2340 1223 n
2398 1169 2466 1228 Εἰ
2523 1169 2784 1281 άνελλιπῆ
2843 1159 2915 1228 τὰί
2961 1169 3277 1249 χαρίσματα
3332 1159 3680 1281 Jpv,"1éag

2679 1259 2696 1280 ,
2873 1257 2933 1281 υ
3096 1256 3167 1281 η,
3505 1261 3522 1281 .
3593 1270 3614 1281 -

2082 1255 2280 1337 προῖὼν
2312 1256 2595 1338 σαρκικοὺς
2640 1256 2824 1325 αὐτοὺς
2873 1257 3048 1338 λέγει;
3096 1256 3288 1320 Ἔστιν
3339 1255 3428 1320 οὖν
3477 1261 3678 1340 εἷπεῖν,

2083 1348 2161 1407 ὅτι
2192 1345 2310 1408 οὔτε
2337 1348 2530 1417 πάντες
2558 1340 2694 1422 ἦσαν
2737 1349 3120 1426 πνευματικοὶ,
3163 1349 3284 1410 οὔτε
3321 1351 3516 1420 πάντες
3544 1376 3678 1432 σαρ-

2084 1436 2223 1497 κικοί
2249 1462 2262 1476 ο
2299 1437 2379 1498 διὸ
2408 1437 2442 1496 ἃ
2491 1437 2588 1518 μὲν
2619 1445 2708 1500 νῦν
2743 1438 2929 1519 λέγει,
2966 1438 3099 1520 πρὸς
3142 1439 3261 1509 τοὺς
3288 1442 3680 1519 πνευματικοὺς

2083 1527 2263 1606 λέγει’
2299 1531 2474 1589 ἐκεῖνα
2505 1527 2560 1589 δὲ
2591 1529 2723 1609 πρὸς
2763 1528 2884 1596 τοὺς
2917 1529 3221 1610 σαρκικούς.
3255 1528 3333 1594 Ἥ
3379 1532 3460 1592 ὅτι
3505 1534 3597 1593 καὶ
3625 1535 3677 1594 ἐν

2084 1620 2228 1700 ἀρχῇ
2268 1619 2403 1687 εἰκὸς
2445 1612 2510 1693 ἧν
2557 1619 2747 1689 αὐτοὺς
2794 1620 3010 1680 πάντων
3053 1622 3322 1702 ἐπιτυχεῖν
3363 1627 3468 1683 τῶν
3515 1646 3676 1705 χαρι-

2084 1707 2305 1788 σμάτων
2324 1752 2340 1783 ,
2375 1708 2593 1792 ὕστερον
2619 1709 2672 1770 δὲ
2699 1713 3004 1792 ρᾳθυμῆσαι
3022 1756 3040 1788 ,
3072 1712 3162 1770 καὶ
3188 1711 3326 1772 κατὰ
3361 1712 3535 1794 σάρκα
3563 1717 3677 1795 ζῇν.

2166 1892 2246 1970 [α
2278 1891 2454 1953 Ὥστε
2501 1893 2640 1969 ὓμᾶς
2691 1888 2767 1968 μὴ
2816 1893 3254 1975 ὕστερεῖσθαιμέν
3305 1892 3493 1970 μηδενί
3523 1891 3680 1975 χαρί-

2086 2005 2276 2059 σματι.
2310 2009 2335 2034 ι
2374 1985 2630 2055 Ζητεῖται
2670 1983 2926 2056 ἐνταῦθα,
2949 1971 3086 2050 πῶς
3131 1971 3206 2050 οἷς
3239 1988 3474 2044 τοσαῦτα

2087 2071 2290 2149 ματικὰ
2368 2071 2750 2152 προτερήματα
2801 2071 3306 2152 προσεμαρτύρησε,
3364 2072 3456 2133 καὶ
3518 2072 3680 2140 οὕτως

2087 2161 2348 2242 ἐπῄνεσε,
2399 2161 2601 2230 τούτοις
2653 2164 2874 2241 ἐπιτιμᾷ
2923 2160 3308 2245 παρακατιὼν,
3357 2162 3448 2222 καὶ
3491 2186 3677 2245 σαρκι⁹

2087 2252 2206 2320 κοὺς
2255 2255 2435 2313 καλῶν
2489 2253 2725 2330 ἐγκαλεῖ.
2778 2249 2968 2312 Ἔστιν
3008 2241 3106 2312 γοῦν
3161 2255 3326 2313 εἰπεῖν
3352 2297 3368 2325 ,
3421 2253 3501 2313 ὅτι
3532 2241 3680 2334 παρὰ

2089 2341 2185 2419 μὲν
2231 2342 2329 2415 τὴν
2366 2341 2538 2422 ἀρχὴν
2567 2342 2656 2402 ὅτε
2687 2341 3003 2403 ἐπίστευσαν
3023 2389 3041 2420 ,
3074 2349 3302 2405 τοιοῦτοι
3343 2334 3503 2418 ἦσαν,
3547 2352 3684 2404 πᾶσι

2085 2435 2353 2510 κομῶντες
2382 2432 2716 2514 χαρίσμασι,
2748 2432 2841 2492 καὶ
2872 2431 3166 2503 ἀξιέπαινοι
3196 2433 3462 2513 γεγονότες
3490 2459 3502 2472 ·
3528 2433 3681 2494 ὅστε·-

2089 2544 2174 2602 ρον
2220 2523 2274 2583 δὲ
2324 2523 2756 2606 ῥᾳθυμήσαντες,
2809 2524 3064 2606 μέμψεως
3098 2523 3268 2593 ἀξίους
3320 2523 3536 2594 ἑαυτοὺς
3582 2548 3680 2584 πε-

2087 2613 2397 2687 ποιήκασιν.
2437 2610 2514 2674 Ἦ
2549 2613 2641 2674 καὶ
2668 2613 2842 2682 ἄλλως
2875 2637 2888 2652 ·
2918 2615 3002 2675 Οὐ
3038 2613 3168 2697 πρὸς
3200 2615 3431 2688 πάντας,
3467 2614 3588 2675 οὔτε
3615 2614 3682 2674 τὰ

2088 2703 2366 2782 ἐγκώμια,
2407 2702 2528 2764 οὔτε
2564 2702 2633 2762 τὰ
2680 2703 3138 2786 κατηγορήματα,
3196 2704 3333 2765 ἀλλὰ
3386 2705 3515 2786 πρὸς
3566 2704 3684 2773 τοὺς

2090 2793 2263 2863 ἀξίους
2291 2795 2381 2853 καὶ
2412 2799 2583 2853 ταῦτα
2615 2795 2858 2856 κάκεῖνα.
2895 2784 2898 2785 ν
2943 2784 3125 2855 ⁶Ἦσαν
3156 2793 3259 2876 γὰρ
3294 2784 3468 2856 αὐτῶν
3499 2800 3549 2856 οἱ
3585 2795 3682 2874 μὲν

2087 2888 2168 2942 ἔτι
2209 2883 2620 2958 σπουδάζοντες,
2654 2886 2700 2944 οἱ
2747 2882 2802 2944 δὲ
2835 2885 3252 2967 ῥαθυμήσαντες.
3304 2880 3468 2947 Ἐστι
3510 2885 3685 2946 δὲκαὶ

2089 2973 2262 3056 τρίτον
2304 2975 2505 3047 εἰπεῖν,
2545 2973 2631 3035 ὅτι
2668 2977 3010 3054 οἰκονομικῶς
3040 2976 3087 3034 οἳ
3131 2973 3342 3036 ἔπαινοι
3387 2975 3684 3054 ἔγκεινται,

2083 3065 2552 3146 προοδοποιοῦντες
2580 3068 2657 3145 τῷ
2705 3065 2866 3146 λόγῳ.
2919 3063 2990 3126 Ὀ
3031 3063 3134 3144 γὰρ
3177 3067 3238 3124 ἐκ
3267 3066 3558 3146 προοιμίων
3591 3067 3683 3126 εὖ-

2103 3155 2229 3223 θέως
2276 3154 2500 3237 φορτικὰ
2553 3153 2906 3236 φθεγξάμενος
2956 3155 3238 3237 ἀπέκλεισε
3289 3157 3366 3237 τῷ
3391 3155 3555 3237 Δλόγῳ
3589 3156 3684 3228 τὴν

2091 3233 2407 3319 ἀκοήνίἊν
2454 3269 2510 3305 τε
2539 3233 2642 3326 γὰρ
2666 3233 2669 3234 ν
2697 3246 2942 3324 ὁμότιμοι
2995 3233 3125 3305 ὦσιν
3163 3248 3212 3305 οἱ
3257 3233 3564 3321 ἀκούοντες,
3593 3250 3682 3328 ὀρ-

2087 3335 2432 3417 γισθήσονται
2458 3357 2471 3371 ·
2523 3336 2586 3396 ἄν
2643 3359 2700 3395 τε
2757 3335 3041 3410 ἐλάττους,
3093 3335 3492 3410 λυπηθήσονται
3514 3384 3529 3414 ,
3595 3336 3685 3396 καὶ

2090 3426 2267 3505 μάτην
2296 3427 2424 3508 ἐρεῖ.
2462 3427 2614 3488 Cod.
2655 3427 2990 3505 Arundel.]

2175 3696 2206 3730 α
2263 3670 2745 3756 Ἀπεκδεχομένους
2793 3671 2890 3745 τὴν
2933 3671 3271 3754 ἀποκάλυψιν
3339 3676 3431 3734 τοῦ
3487 3674 3686 3756 Κυρίου

2091 3768 2242 3843 ἡμῶν
2295 3763 2471 3838 Ἰησοῦ
2526 3765 2785 3843 Χριστοῦ.
2848 3786 2876 3822 ι)
2927 3761 3192 3822 Ἐνταῦθα
3249 3762 3402 3846 φοϐεῖ
3459 3763 3680 3837 αὐτοὺς,

2092 3853 2407 3934 ἀναμνήσας
2439 3859 2532 3927 τῆς
2560 3852 2801 3934 δευτέρας
2843 3852 3136 3933 παρουσίας
3176 3857 3266 3912 τοῦ
3319 3855 3582 3936 Χριστοῦ.
3621 3857 3688 3915 Εἰ

2091 3945 2195 4026 γὰρ
2234 3948 2263 4004 ὁ
2303 3943 2534 4026 Χριστὸς
2579 3945 2763 4022 μέλλει
2817 3941 3321 4022 ἀποκαλύπτεσθαι,
3373 3945 3481 4010 πῶς
3535 3948 3684 4024 ὑμεῖς

2094 4033 2285 4104 ἄλλους
2324 4032 2626 4116 προστάτας
2673 4030 2852 4113 (xtra;
2903 4030 3152 4093 Δείκνυσι
3196 4030 3289 4108 δὲ,
3339 4033 3431 4091 καὶ
3475 4031 3556 4092 ὅτι
3607 4036 3690 4094 δεῖ

2093 4125 2232 4204 μετὰ
2279 4127 2384 4184 τῶν
2432 4120 2788 4206 χαρισμάτων
2840 4121 3056 4194 καὶτῆς
3097 4120 3265 4194 ἄλλης
3318 4123 3532 4203 ἀρετῆς.
3587 4121 3686 4185 Ἐν

2091 4215 2193 4295 γὰρ
2316 4213 2494 4296 ἡμέρα
2524 4213 2698 4293 ἐκείνῃ
2735 4210 2804 4272 τὰ
2831 4209 3147 4294 χαρίσματα
3182 4209 3369 4271 οὐδένα
3397 4212 3420 4250 ³
3451 4214 3682 4295 ὠφελεῖ,

2093 4308 2139 4365 εἰ
2168 4304 2246 4384 μὴ
2275 4304 2367 4365 καὶ
2412 4303 2524 4384 βίον
2557 4303 2798 4384 ἐνάρετον
2835 4301 2966 4383 ἔχοι.
3003 4301 3364 4385 Ἀποκάλυψιν
3394 4301 3448 4364 δὲ
3481 4302 3645 4364 εἰπὼν
3666 4349 3682 4376 ,

374 4399 589 4456 tionem
636 4411 801 4472 porro
831 4397 1040 4472 dicens,
1066 4399 1289 4472 indicat,
1333 4399 1483 4473 quod
1505 4400 1814 4456 etiamnum
1839 4395 1977 4454 adsit

2094 4398 2245 4498 δηλοῖ
2270 4393 2352 4455 ὅτι
2400 4393 2493 4456 καὶ
2510 4399 2623 4498 ’νῦν
2652 4391 2880 4475 πάρεστι
2925 4391 3020 4472 μὲν
3043 4439 3058 4468 ,
3088 4392 3378 4475 κρύπτεται
3427 4391 3483 4454 δέ
3515 4416 3529 4432 ⁶
3568 4393 3689 4457 τότε

375 4487 622 4562 quidem,
654 4489 868 4547 abditus
892 4497 1076 4546 tamen
1113 4490 1203 4561 sit,
1234 4499 1357 4547 tum
1391 4499 1583 4548 autem
1626 4485 1975 4546 revelabitur.

444 4583 625 4638 Vsus.
656 4585 710 4637 8.
749 4602 774 4628 «ι
803 4579 906 4652 Qui
935 4589 991 4637 et
1013 4581 1364 4638 conﬁrmabit
1400 4596 1496 4638 vos
1523 4595 1698 4653 usque
1729 4577 1784 4634 in
1811 4577 1978 4633 ﬁnem

371 4669 488 4726 sine
529 4670 767 4727 crimine
795 4671 854 4726 in
890 4669 976 4728 die
1001 4671 1227 4728 Domini
1269 4672 1446 4729 nostri
1495 4672 1626 4728 Jcsu
1664 4667 1889 4727 Christi.
1950 4691 1976 4716 ιο

373 4761 518 4817 Cum
553 4760 708 4825 dicit,
742 4784 766 4810 α
814 4760 1198 4832 Conﬁrmabit,
1233 4784 1260 4811 ι
1302 4761 1546 4824 ostendit
1575 4776 1672 4818 eos
1723 4757 1980 4816 nonnihil

375 4866 698 4919 concussos,
752 4858 807 4908 et
846 4867 974 4908 cum
1011 4852 1086 4909 ait
1119 4872 1132 4908 :
1171 4876 1196 4902 «ι
1224 4854 1353 4910 Sine
1381 4853 1630 4923 crimine,
1659 4875 1683 4901 υ
1715 4848 1986 4924 signiﬁcat

375 4957 470 4998 eos
491 4940 610 5014 jam
650 4940 970 4998 criminibus
1001 4943 1288 5001 obnoxios.
1320 4943 1411 5000 Ad
1444 4943 1585 5012 haec,
1616 4958 1750 5000 cum
1779 4938 1984 5013 saepius

377 5030 469 5088 hic
512 5030 762 5088 meminit
801 5031 1028 5089 Domini
1074 5035 1248 5091 nostri
1275 5037 1406 5092 Jesu
1454 5033 1676 5103 Christi,
1709 5045 1878 5105 quam
1926 5029 1983 5085 in

375 5121 483 5178 ulla
511 5120 619 5178 alia
649 5120 913 5196 Epistola,
948 5131 1169 5182 revocat
1196 5123 1491 5182 Corinthiis
1531 5122 1605 5182 ad
1634 5119 1991 5205 memoriam,

375 5226 472 5283 per
517 5226 682 5283 quem
721 5212 920 5269 servati
969 5221 1119 5282 sunt,
1159 5221 1216 5271 et
1242 5215 1403 5289 cujus
1443 5213 1672 5272 nomine
1701 5216 1988 5268 vocentur.

373 5303 518 5358 Nam
553 5301 846 5360 Christiani
889 5319 920 5360 a
966 5302 1204 5376 Christo,
1261 5321 1376 5362 non
1424 5304 1496 5362 ab
1557 5303 1664 5362 alio
1725 5298 1990 5374 quopiam

375 5390 622 5449 humano
651 5393 899 5452 nomine.

2092 4483 2146 4547 δὲ
2174 4484 2700 4569 ἀποκαλυφθήσεται.

2181 4600 2210 4637 ‹‹
2234 4577 2338 4647 ⁸ος
2369 4576 2462 4638 καὶ
2498 4575 2785 4657 βεϐαιώσει
2813 4579 2951 4654 ὕμᾶς
2994 4573 3091 4643 ἕως
3119 4573 3302 4643 τέλους
3339 4573 3690 4655 ἀνεγκλήτους

2091 4671 2143 4729 ἐν
2177 4672 2244 4752 τῇ
2295 4669 2472 4750 ἡμέρᾳ
2520 4671 2610 4729 τοῦ
2658 4665 2851 4749 Κυρίου
2907 4666 3062 4742 ἡμῶν
3119 4663 3300 4738 Ἰησοῦ
3357 4667 3677 4745 Χριστοῦ.»

2094 4759 2188 4822 Ἐν
2219 4759 2314 4838 μὲν
2346 4762 2424 4841 τῷ
2459 4759 2624 4818 εἰπεῖν
2644 4802 2661 4832 ,
2695 4779 2726 4816 n
2763 4755 3065 4818 Βεϐαιώσει
3085 4801 3102 4835 ,
3127 4776 3158 4814 ι)
3204 4753 3468 4815 δείκνυσιν
3499 4754 3690 4825 αὐτοὺς

2093 4849 2476 4928 σαλευομένους
2497 4873 2510 4886 ·
2551 4850 2604 4908 ἐν
2641 4846 2696 4907 δὲ
2745 4850 2820 4928 τῷ
2863 4848 3029 4906 εἰπεῖν
3049 4891 3064 4920 ,
3123 4866 3153 4904 ιι
3205 4842 3618 4922 Ἇνεγκλήτους,
3648 4868 3679 4906 n

2093 4941 2350 5002 δείκνυσιν
2384 4937 2574 5006 αὖτοὺς
2620 4936 2922 5018 ἐγκλήμασι
2964 4939 3053 4994 νῦν
3097 4934 3497 5013 ὑποκειμένους.
3545 4937 3690 4998 Πολ-

2091 5031 2243 5102 λάκις
2292 5029 2348 5089 δέ
2376 5031 2491 5089 ἐστι
2539 5025 2878 5108 μεμνημένος
2929 5027 3152 5086 ἐνταῦθα
3201 5029 3297 5086 τοῦ
3339 5024 3540 5106 Κυρίου
3571 5024 3685 5100 ’1η-

2104 5126 2196 5182 σοῦ
2228 5123 2462 5202 Χριστοῦ
2485 5164 2503 5198 ,
2527 5117 2619 5178 καὶ
2649 5116 2830 5185 ὁσάκις
2859 5117 2911 5176 ἐν
2956 5116 3176 5197 οὐδεμιᾷ
3201 5115 3339 5196 ἄλλῃ
3371 5115 3687 5198 Ἐπιστολῇ.

2100 5209 2272 5273 νΩστε
2306 5209 2392 5271 διὰ
2439 5209 2624 5271 τούτου
2671 5205 3069 5288 ὑπομιμνήσκει
3102 5206 3220 5275 τοὺς
3268 5207 3574 5288 Κορινθίους
3605 5209 3692 5268 διὰ

2099 5302 2239 5369 τίνος
2269 5301 2575 5381 ἐσώθησαν,
2619 5298 2712 5361 καὶ
2752 5299 2889 5370 τίνος
2932 5298 3155 5378 ὀνόματι
3203 5299 3508 5362 καλοῦνται.
3552 5299 3684 5380 Χρι-

2100 5404 2301 5454 στιανοὶ
2330 5392 2432 5474 γὰρ
2458 5389 2563 5451 ἀπὸ
2591 5394 2856 5475 Χριστοῦ,
2900 5389 2992 5450 καὶ
3021 5392 3117 5452 οὐκ
3164 5391 3259 5449 ἀπ’
3287 5388 3453 5450 ἄλλου
3482 5390 3691 5470 ἀνθρω-

2091 5483 2242 5542 πίνου
2275 5483 2548 5563 ὀνόματος.

1801 5644 1995 5706 Variae
2037 5645 2339 5708 lectiones.

450 5732 471 5765 ⁹
510 5730 648 5785 οὐδὲν
679 5749 731 5790 o.
