4090 6420
298 375 414 431 569

1222 381 1577 439 EXPOSITIO
1616 384 1682 440 IN
1720 385 1928 442 EPIST.
1972 388 1991 442 1
2029 388 2121 444 ΑΒ
2160 388 2318 446 COR.
2358 421 2426 431 ——
2464 390 2614 448 CAP.
2656 392 2699 447 Ι.

3516 393 3619 449 570

391 500 468 580 [ε
498 499 602 569 ⁸ος
654 502 748 562 καὶ
797 503 1082 584 βεϐαιώσει
1128 508 1269 585 ὑμᾶς
1316 507 1415 590 ἕως
1466 508 1664 578 τέλους.
1709 535 1741 567 io
1784 511 1900 578 Τὸ.

2084 517 2264 573 Vens.
2318 522 2370 572 8.
2424 539 2450 565 α
2493 518 2601 588 Qui
2646 525 2701 574 et
2725 515 3079 574 conﬁrmabit
3105 531 3205 574 vos
3232 530 3407 590 usque
3433 515 3505 575 ad
3550 516 3618 574 ﬁ-

311 590 706 684 dBeSaqbou,
741 621 768 646 ιι
817 594 959 654 δοκεῖ
1007 594 1103 674 μὲν
1133 599 1294 679 εὐχῆς
1340 589 1477 658 εἶναι
1508 623 1522 637 ·
1554 600 1795 684 ἐμφαίνει
1846 602 1901 662 δὲ

303 680 500 771 πλέον,
529 682 609 742 ὅτι
652 684 1019 759 ἐσαλεύθησαν
1067 686 1158 748 καὶ
1194 680 1768 771 παρεκινήθησανάπὸ
1814 699 1904 753 τοῦ

301 768 515 834 δέοντος
524 818 537 833 .

392 884 425 919 α
482 859 859 952 ᾏνεγκλήτους
903 867 956 925 ἐν
1118 867 1295 951 ἡμέρα
1344 876 1435 929 τοῦ
1492 871 1691 952 Κυρίου
1746 877 1901 952 ἡμῶν

303 949 490 1022 Ἰησοῦ
516 950 799 1032 ΞΧριστοῦ.
841 975 872 1012 ι)
938 949 1317 1038 Ἀνεκγλήτους
1373 949 1797 1039 ἐὕρισκομένους
1853 965 1905 1022 ἐν

302 1043 370 1134 τῇ
432 1039 759 1134 ἡμέρᾳ-τῆς
809 1044 1051 1125 κρίσεως.
1117 1047 1339 1120 Ταύτην
1387 1048 1491 1129 γὰρ
1539 1051 1747 1134 ἡμέραν
1807 1058 1902 1113 τοῦ

304 1132 546 1210 Χριστοῦ
591 1130 759 1212 λέγει,
798 1135 871 1203 ὥς
915 1141 1209 1209 τηνικαῦτα
1260 1143 1356 1213 τῆς
1396 1140 1550 1212 δόξης
1600 1130 1764 1204 αὖτοῦ
1810 1168 1904 1209 τε·

300 1221 565 1302 λεὼτιρον
594 1224 938 1302 φαινομένης.
978 1230 1089 1288 Καὶ
1130 1227 1226 1305 τὸ,
1275 1256 1299 1282 α
1330 1228 1708 1307 Ἀνεγκλήτους
1760 1262 1785 1286 ιι
1817 1232 1907 1309 δὲ,

302 1311 715 1404 καθαπτομένου
772 1314 977 1392 μᾶλλόν
1034 1318 1199 1379 ἔστιν.
1259 1319 1630 1381 Ἐνδείκνυται
1677 1322 1783 1404 γὰρ
1825 1324 1907 1386 δ’τι

302 1400 623 1494 ἐγκλήματα
672 1402 875 1483 ἔχουσι.
932 1405 1135 1467 Σκόπει
1166 1408 1257 1483 δὲ,
1307 1414 1420 1479 πῶς
1449 1400 1697 1494 συνεχῶς
1725 1400 1907 1483 αὐτοῖς

300 1490 362 1549 τὸ
420 1490 592 1581 δνομα
643 1498 738 1552 τοῦ
789 1496 1025 1574 Χριστοῦ
1078 1498 1372 1581 προφέρει,
1437 1501 1529 1560 καὶ
1572 1490 1664 1563 διὰ
1716 1503 1904 1564 τούτου

234 1614 241 1619 -
301 1580 499 1659 σχεδὸν
555 1580 615 1640 τὸ
655 1581 774 1644 ὅλον
828 1584 1090 1668 ἐξυφαίνει
1150 1588 1464 1669 προοίμιον,
1524 1592 1909 1671 μηχανώμενος

302 1673 610 1765 ἀποστῆσαι
653 1676 763 1765 τῶν
811 1678 1348 1757 ψευδοδιδασκάλων,
1395 1683 1467 1748 εἰς
1506 1680 1593 1750 οὓς
1623 1683 1905 1765 κατεμερί-

300 1763 548 1840 σθησαν,
580 1762 672 1821 καὶ
726 1767 801 1831 εἰς
852 1766 951 1839 τὴν
981 1772 1077 1826 τοῦ
1101 1770 1336 1849 Χριστοῦ
1383 1771 1733 1832 διδασκαλίαν
1779 1762 1906 1834 συν-

300 1859 528 1930 αγαγεῖν
562 1854 710 1915 Cod.
766 1856 1101 1939 Arundel.)

389 1964 424 1995 α
458 1941 660 2009 Πιστὸς
705 1945 734 2001 ὁ
762 1944 934 2018 Θεὸς,
984 1948 1050 2006 δι’
1092 1938 1151 2006 οὗ
1195 1948 1454 2025 ἐκλήθητε
1501 1952 1576 2020 εἷς
1625 1955 1905 2013 κοινωνίαν

302 2035 401 2090 τοῦ
428 2032 561 2122 Υίοῦ
586 2033 749 2092 αὐτοῦ
776 2034 955 2108 Ἰησοῦ
1000 2038 1237 2117 Χριστοῦ
1290 2045 1382 2101 τοῦ
1425 2040 1624 2122 Κυρίου
1663 2047 1840 2117 ἡμῶν.
1869 2066 1898 2102 ))

300 2119 634 2200 Τωτέστιν,
682 2122 885 2198 ἀληθὴς
932 2130 960 2186 ὂ
1007 2127 1169 2196 Θεός.
1204 2130 1271 2189 Εἰ
1301 2128 1356 2188 δὲ
1400 2119 1640 2209 ἀληθὴς,
1681 2132 1906 2194 ἐκάλεσε

301 2209 359 2269 δὲ
410 2213 557 2288 ἡμᾶς
597 2212 671 2281 εἰς
710 2214 987 2274 κοινωνίαν
1024 2222 1117 2275 τοῦ
1168 2220 1296 2279 Υἱοῦ
1347 2222 1540 2293 αὐτοῦ,
1587 2224 1861 2283 τουτέστιν
1884 2271 1902 2299 ,

298 2300 443 2393 ὥστε
475 2302 792 2393 συνδοξάσαι
817 2308 963 2383 ἡμᾶς
992 2311 1069 2389 τῷ
1094 2309 1213 2390 Υίῷ
1238 2310 1292 2367 ἐν
1329 2314 1395 2392 τῇ
1424 2310 1675 2393 βασιλείᾳ
1706 2316 1867 2373 αὐτοῦ
1891 2335 1905 2350 ο

300 2389 606 2473 πρόδηλον,
652 2390 732 2451 ὅτι
781 2396 1055 2477 πληρώσει
1102 2396 1137 2456 ἃ
1186 2389 1559 2479 ἐπηγγείλατο.
1606 2389 1906 2476 Ἐκλήθητε

306 2482 361 2539 δὲ
382 2526 399 2555 ,
428 2482 623 2562 φησὶν,
674 2486 771 2543 οὐκ
816 2484 968 2544 αὐτοὶ
1014 2484 1215 2546 οἴκοθεν
1257 2490 1611 2570 προσήλθετε.
1663 2494 1785 2560 Πῶς
1814 2485 1904 2553 οὖν

302 2572 725 2660 ὑψηλοφρονεῖτε
770 2576 843 2642 ὡς
892 2574 982 2634 ἐπὶ
1032 2576 1244 2645 οἰκείοις
1309 2578 1521 2660 ἔργοις;
1588 2582 1904 2659 Σημείωσαι

302 2659 360 2719 δὲ
392 2661 620 2720 ἐνταῦθα
650 2663 971 2745 σαφέστερον
1014 2664 1114 2745 τὸ,
1158 2689 1186 2725 α
1218 2666 1301 2729 Δι’
1330 2659 1423 2743 οἶ,
1453 2690 1483 2728 ι)
1508 2659 1611 2729 ἐπὶ
1642 2676 1734 2730 τοῦ
1778 2675 1902 2734 Πα·

300 2748 429 2830 τρὸς
453 2750 717 2828 κείμενον.

396 2862 428 2899 ι
451 2843 770 2921 Παρακαλῶ
795 2840 874 2918 ἰδὲ
903 2847 1072 2922 ὑμᾶς,
1112 2846 1359 2928 ἀδελφοὶ,
1402 2848 1489 2909 διὰ
1516 2854 1608 2909 τοῦ
1647 2851 1905 2929 ὀνόματος

296 2936 397 2990 τοῦ
434 2931 632 3011 Κυρίου
662 2936 816 3009 ἡμῶν
866 2933 1046 3005 Ἰησοῦ
1084 2939 1341 3019 Χριστοῦ.
1381 2962 1412 2999 α
1445 2937 1672 3014 Ἐπειδὴ
1718 2941 1905 3020 μέλλει

295 3023 650 3102 διαλεχθῆναι
695 3025 868 3092 αὐτοῖς
915 3027 1387 3110 πληκτικώτερον,
1435 3031 1758 3110 προλαϐὼν,
1799 3056 1907 3092 πα·-

300 3114 558 3193 ρακαλεῖν
605 3135 736 3194 φησι
765 3114 788 3153 ⁴
838 3115 864 3153 ⁵
895 3116 982 3175 διὰ
1013 3122 1103 3177 τοῦ
1136 3120 1374 3198 Χριστοῦ
1405 3143 1418 3157 ·
1449 3121 1759 3197 τουτέστιν,
1786 3124 1905 3183 Οὖκ

1943 1820 1991 1883 Β

2012 621 2159 662 nem.
2202 629 2226 655 ιο
2258 637 2329 649 -
2362 629 2389 657 α
2438 606 2823 676 Confirmabit,
2854 626 2883 660 »
2915 606 3133 664 videtur
3163 606 3388 680 quidem
3426 615 3619 666 votum

2012 711 2134 753 esse
2189 714 2203 752 :
2246 704 2305 754 at
2344 713 2472 755 vero
2513 699 2635 770 plus
2682 698 2929 768 denotat,
2967 696 3255 768 nimirum,
3303 696 3455 771 quod
3484 714 3619 755 con-

2012 791 2157 849 cussi
2188 800 2367 861 erant,
2399 801 2453 849 et
2504 792 2759 850 indecore
2801 792 3204 850 exorbitabant.

2086 904 2111 929 «
2135 882 2263 938 Sine
2287 882 2517 939 crimine
2538 884 2597 939 in
2619 882 2707 940 die
2740 882 2966 939 Domini
2986 882 3165 939 nostri
3194 885 3323 938 Jesu
3352 880 3615 939 Christi.»

2014 972 2526 1044 Irreprehensibiles
2559 981 2806 1047 repertos
2832 974 2887 1029 in
2928 972 3016 1031 die
3045 972 3258 1046 judicii.
3288 973 3447 1029 Hanc
3469 972 3619 1030 enim

2012 1061 2217 1120 Christi
2249 1062 2400 1120 diem
2434 1072 2615 1134 vocat,
2651 1079 2717 1121 eo
2762 1062 2917 1138 quod
2942 1071 3067 1120 tum
3104 1062 3271 1136 ipsius
3298 1061 3469 1137 gloria
3494 1063 3615 1135 ple-

2013 1152 2139 1209 nius
2169 1152 2633 1212 manifestabitur.
2667 1159 2842 1228 Atque
2865 1153 3001 1212 illud
3032 1172 3045 1210 :
3085 1176 3110 1204 α
3143 1153 3261 1211 sine
3297 1152 3550 1221 crimine,
3584 1177 3610 1201 ιο

2015 1243 2195 1312 potius
2219 1244 2550 1316 increpantis
2586 1251 2687 1302 est.
2728 1243 2980 1302 Ostendit
3003 1243 3151 1302 enim
3184 1243 3333 1318 quod
3359 1243 3614 1300 crimini-

2015 1332 2117 1390 bus
2157 1334 2387 1392 obnoxii
2412 1343 2559 1393 sunt.
2594 1334 2736 1393 Vide
2766 1344 2952 1392 autem
2981 1338 3159 1408 quam!
3184 1333 3378 1392 crebro
3410 1332 3616 1391 Christi

2012 1439 2217 1481 nomen
2248 1424 2348 1482 illis
2376 1424 2562 1496 offert,
2591 1433 2647 1483 et
2674 1442 2743 1482 ex
2768 1424 2873 1482 hoc
2897 1433 3081 1483 totum
3114 1424 3227 1483 fere
3272 1423 3614 1498 prooemium

2012 1507 2274 1576 contexit,
2326 1524 2356 1563 a
2386 1506 2537 1565 falsis
2575 1506 2912 1577 doctoribus,
2944 1523 3185 1581 quorum
3232 1506 3472 1580 partium
3502 1514 3619 1563 stu-

2013 1594 2107 1653 dio
2147 1594 2307 1653 divisi
2354 1605 2532 1665 erant,
2572 1598 2847 1656 abducere
2892 1606 3163 1672 satagens,
3207 1605 3263 1654 et
3302 1596 3372 1655 ad
3415 1594 3622 1654 doctri-

2016 1702 2148 1743 nam
2178 1685 2376 1745 Christi
2407 1702 2622 1761 cogere.

2090 1945 2268 2000 Vsns.
2323 1949 2379 1999 9.
2413 1964 2437 1992 α
2474 1942 2680 2000 Fidelis
2723 1945 2898 2009 Deus,
2942 1958 3038 2015 per
3077 1958 3241 2015 quem
3281 1942 3464 2000 vocati
3492 1942 3622 2000 estis

2018 2033 2074 2088 in
2110 2033 2429 2089 societatem
2485 2032 2603 2089 Filii
2642 2033 2814 2107 ipsius
2858 2034 2989 2089 Jesu
3023 2032 3232 2091 Christi
3253 2032 3481 2090 Domini
3515 2049 3619 2091 no-

2015 2124 2135 2180 stri.
2188 2147 2213 2173 »
2280 2126 2399 2180 Hoc
2441 2131 2545 2192 est,
2580 2139 2741 2180 verus
2765 2126 2935 2180 Deus.
2969 2122 3133 2194 Quod
3169 2122 3211 2178 si
3237 2139 3422 2193 verus,
3449 2140 3618 2181 voca-

2016 2215 2199 2286 vitque
2224 2229 2327 2270 nos
2351 2215 2403 2269 in
2438 2214 2758 2271 societatem
2789 2213 2915 2270 Filii
2952 2213 3054 2281 sui,
3086 2212 3191 2269 hoc
3217 2221 3322 2284 est,
3364 2222 3427 2270 ut
3453 2214 3616 2271 simul

2015 2320 2119 2362 nos
2161 2303 2428 2378 gloriﬁcet
2464 2320 2592 2361 cum
2623 2303 2765 2360 Filio
2794 2303 2851 2359 in
2878 2319 3050 2376 regno
3085 2320 3216 2370 suo;
3264 2304 3617 2376 perspicuum

2016 2403 2099 2451 est
2125 2394 2274 2467 quod
2295 2394 2548 2466 implebit
2573 2408 2703 2466 quae
2732 2393 3006 2465 promisit.
3030 2395 3226 2461 Porro,
3257 2393 3435 2450 vocati
3461 2394 3616 2462 estis,

2017 2485 2212 2557 inquit,
2244 2501 2357 2541 non
2388 2500 2484 2541 vos
2503 2483 2606 2557 ipsi
2649 2491 2806 2540 motu
2840 2483 3063 2557 proprio
3113 2484 3437 2541 accessistis.
3469 2487 3617 2557 Quo-

2016 2574 2190 2632 modo
2241 2575 2410 2647 igitur
2448 2572 2745 2648 superbitis
2781 2589 2882 2630 ceu
2916 2573 2984 2631 de
3036 2573 3279 2647 propriis
3315 2574 3619 2647 operibus?

2014 2665 2252 2723 Observa
2295 2665 2386 2723 hic
2418 2682 2433 2721 :
2482 2688 2508 2714 α
2542 2668 2649 2722 Per
2687 2680 2876 2738 quem,
2919 2687 2943 2712 ιι
2980 2663 3328 2722 manifestius
3353 2664 3420 2722 de
3456 2669 3618 2724 Patre

2011 2757 2243 2816 dictum.

2084 2849 2271 2904 Vsus.
2312 2852 2397 2903 ιο.
2435 2870 2460 2895 ι
2495 2845 2739 2903 Obsecro
2760 2855 2948 2902 autem
2986 2861 3105 2917 vos,
3146 2845 3359 2917 fratres,
3390 2862 3489 2919 per
3516 2861 3614 2903 no-

2014 2953 2143 2993 men
2181 2937 2406 2993 Domini
2435 2936 2608 2993 nostri
2656 2939 2787 2993 Jesu
2817 2935 3043 2993 Christi.
3090 2961 3115 2987 n
3150 2938 3290 3008 Quia
3329 2937 3434 2994 illis
3462 2953 3618 2995 acer-

2013 3025 2169 3084 biora
2196 3027 2482 3084 locuturus
2510 3035 2612 3095 est,
2654 3035 3026 3097 antevertens,
3073 3027 3363 3084 obsecrare
3410 3043 3469 3085 se
3496 3027 3620 3084 illos

2013 3116 2145 3174 dicit
2194 3133 2291 3190 per
2341 3132 2546 3174 nomen
2574 3116 2776 3181 Christ,
2831 3117 2888 3174 id
2922 3117 3043 3185 esti,
3094 3133 3198 3191 ego
3250 3117 3321 3175 ad
3355 3116 3617 3174 obsecra-

299 3190 415 3280 ἒγὼ
442 3203 589 3283 ἀρκῶ
618 3190 709 3280 lsi:
752 3204 1121 3281 παράκλησιν,
1171 3190 1310 3268 άλλὰ
1352 3209 1412 3270 τὸ
1449 3209 1616 3288 ὄνομα
1646 3190 1755 3271 τοῦ.
1789 3215 1902 3273 Κυ-

2013 3208 2226 3265 tionem
2255 3223 2369 3263 non
2400 3205 2639 3275 sufficio,
2692 3206 2789 3264 sed
2822 3224 3026 3265 nomen
3059 3190 3293 3265 Domini
3337 3207 3501 3265 simul
3537 3224 3623 3265 as-

300 3291 419 3371 ρίου
461 3293 1018 3382 συμπαραλαμϐάνοι),
1080 3298 1169 3378 ἀφ’
1209 3290 1270 3358 οὗ
1320 3300 1563 3361 καλεῖσθε
1614 3300 1710 3379 μὲν
1771 3304 1907 3382 Χρι-

298 3381 511 3441 στιανοί
540 3406 554 3420 ·
584 3382 896 3463 ὑϐρίσαντες
936 3384 991 3445 δὲ
1024 3391 1182 3448 τοῦτο
1207 3431 1223 3461 ,
1269 3388 1361 3447 ἀπ’
1394 3390 1689 3470 ἀνθρώπων
1720 3381 1904 3453 καλεῖ-

299 3478 430 3532 σθαι
459 3470 685 3534 εἵλεσθε.
719 3478 893 3535 Τοῦτο
922 3475 1095 3536 τοίνυν
1128 3479 1501 3551 δυσωπησάτω
1532 3484 1698 3558 ὑμᾶς.

393 3588 424 3619 α
447 3560 568 3625 Ἵνα
614 3563 675 3623 τὸ
706 3565 836 3625 αὐτὸ
876 3565 1070 3645 λέγητε
1113 3567 1339 3642 πάντες,
1378 3569 1469 3629 καὶ
1505 3570 1580 3649 μὴ
1694 3574 1747 3632 ἐν
1779 3575 1902 3649 ὑμῖν

298 3652 604 3733 σχίσματα.
629 3677 663 3744 »ν
700 3654 772 3717 Τί
794 3657 936 3716 ἐστιν
968 3654 998 3716 ὃ
1027 3662 1360 3739 παρακαλῶ,
1384 3655 1547 3737 Ἵνα,
1579 3661 1731 3744 φησὶ,
1762 3685 1903 3740 συμ-

298 3743 559 3825 φωνῆτεθ
588 3743 780 3812 πάντες
804 3791 821 3822 ,
866 3746 958 3805 καὶ
997 3745 1074 3825 μὴ
1116 3748 1392 3829 σχίζησθε.
1441 3750 1523 3811 Τὸ
1570 3743 1673 3831 γὰρ
1713 3752 1904 3831 σχιζό-

300 3856 461 3910 μενον
491 3834 635 3894 δοκεῖ
667 3833 762 3910 μὲν
804 3836 921 3895 ἀντὶ
968 3836 1082 3905 ἑνὸς
1125 3838 1303 3899 πολλὰ
1354 3839 1630 3918 γίνεσθαι,
1685 3839 1805 3900 οὔτε
1848 3841 1900 3901 δὲ

299 3922 480 3983 πολλὰ
511 3924 536 3962 ⁷
588 3926 794 4004 ἐγένετο
840 3924 926 4002 (τί
973 3925 1076 4006 γὰρ
1109 3926 1295 4010 ὄφελος
1343 3932 1448 3988 τῶν
1496 3932 1709 3990 πολλῶν
1755 3933 1903 3991 κολο-

301 4013 416 4073 ϐῶν
441 4014 518 4094 ;),
569 4014 663 4074 καὶ
697 4014 756 4074 τὸ
802 4013 861 4075 ἓν
901 4016 1176 4078 ἀπώλεσεν
1198 4019 1242 4080 ⁸.
1298 4018 1763 4103 Ἐμφατικώτατα
1813 4012 1902 4082 οὖν

300 4104 585 4194 σχίσματα
628 4105 849 4166 ἐκάλεσε
891 4104 959 4164 τὰ
991 4107 1119 4188 παρ’
1154 4110 1332 4179 αὐτοῖς
1360 4108 1637 4189 γινόμενα.
1667 4110 1902 4194 Ἐμφαί-

296 4218 380 4256 νει
421 4192 526 4275 γὰρ
578 4194 666 4255 διὰ
718 4198 811 4269 ἧς
865 4194 1054 4266 λέξεως
1097 4197 1332 4275 ταύτης,
1386 4198 1529 4269 ὅπως
1582 4192 1904 4270 ἀθλίωςνδι-

298 4286 391 4343 in
398 4306 527 4346 ιντο.

387 4397 420 4430 α
448 4365 590 4436 ’Ἦτι
631 4373 688 4434 δὲ
734 4376 1149 4456 κατηρτισμένοι
1178 4377 1232 4435 ἐν
1262 4380 1340 4459 τῷ
1382 4380 1524 4459 αὐτῷ
1556 4374 1673 4459 νοῒ,
1713 4379 1805 4440 καὶ
1848 4382 1902 4439 ἐν

2009 3312 2196 3367 sumo,
2239 3313 2269 3353 a
2316 3312 2426 3369 quo
2458 3296 2732 3352 vocamini
2764 3296 2988 3369 quidem
3016 3295 3313 3354 Christiani
3362 3316 3374 3352 :
3418 3306 3478 3353 at
3525 3312 3623 3354 vos

2009 3386 2157 3443 istud
2217 3386 2414 3457 injuria
2474 3383 2796 3453 afﬁcientes,
2860 3385 3132 3443 maluistis
3180 3386 3250 3443 ab
3298 3385 3619 3444 hominibus

2007 3476 2212 3534 vocari.
2256 3478 2379 3532 Hoc
2404 3475 2573 3549 igitur
2601 3491 2698 3531 vos
2721 3474 3031 3533 obtestetur

2086 3589 2111 3614 α
2143 3568 2226 3624 Ut
2253 3563 2405 3621 idem
2451 3564 2645 3621 dicatis
2692 3579 2909 3633 omnes,
2951 3572 3006 3621 et
3033 3580 3145 3622 non
3185 3566 3297 3623 sint
3323 3564 3470 3624 inter
3517 3582 3615 3625 vos

2010 3656 2329 3715 schismata.
2376 3678 2402 3703 ι»
2453 3654 2600 3726 Quid
2645 3663 2728 3712 est
2753 3654 2900 3729 quod
2941 3655 3222 3713 obtestor?
3262 3658 3344 3713 Ut
3382 3672 3616 3714 consen-

2010 3748 2186 3817 tiatis,
2218 3746 2415 3819 inquit,
2460 3762 2678 3816 omnes,
2720 3754 2776 3803 et
2816 3762 2930 3801 non
2988 3744 3400 3803 discindamini.
3450 3746 3615 3817 Quod

2011 3841 2159 3897 enim
2206 3838 2491 3907 scinditur,
2545 3837 2761 3894 videtur
2803 3853 2901 3910 pro
2947 3853 3059 3894 uno
3100 3836 3274 3892 multa
3313 3836 3455 3904 ﬁeri,
3486 3853 3615 3894 cum

2011 3929 2182 3986 multa
2223 3927 2654 4001 haudquaquam
2704 3927 2798 3997 sit,
2856 3932 3005 4000 (qua;
3052 3926 3200 3982 enim
3245 3925 3618 3984 commoditas

2012 4022 2314 4079 multorum
2351 4019 2733 4088 mutilorum?)
2764 4028 2819 4076 et
2838 4026 3047 4075 tamem
3076 4034 3252 4074 unum
3283 4033 3400 4077 esse
3429 4019 3607 4077 desiit.

2008 4110 2521 4184 Signiﬁcantissime
2596 4110 2764 4183 igitur
2831 4109 3131 4166 schismata
3205 4108 3496 4183 appellavit
3554 4126 3618 4168 ea

2011 4218 2136 4278 quae
2164 4200 2314 4275 apud
2337 4201 2489 4275 ipsos
2512 4200 2669 4257 ﬁunt.
2704 4199 2923 4256 Indicat
2946 4199 3099 4257 enim
3130 4216 3225 4272 per
3249 4200 3355 4257 hoc
3385 4201 3619 4258 verbum

2010 4309 2181 4368 quam
2210 4292 2409 4349 misere
2437 4306 2632 4348 eorum
2662 4305 2752 4347 res
2796 4288 3115 4347 habuerint.

2087 4408 2111 4434 σ
2145 4382 2273 4441 Sitis
2292 4390 2483 4439 autem
2505 4380 2775 4452 compecti
2798 4379 2852 4437 in
2880 4379 3073 4438 eadem
3096 4388 3307 4451 mente,
3342 4389 3399 4438 et
3425 4381 3620 4439 cadem

295 4467 367 4545 mf
400 4465 548 4556 emisi
564 4463 778 4545 γνώμῃ.
819 4491 841 4519 ι
872 4464 1099 4556 Ἐπειδὴ
1133 4458 1383 4549 ἀνωτέρω
1425 4458 1571 4528 εἶπεν
1594 4515 1610 4543 ,
1642 4497 1666 4521 α
1691 4467 1812 4531 Ἵνα
1842 4468 1901 4529 τὸ

2013 4474 2304 4533 sententia.
2340 4496 2366 4525 ιο
2415 4473 2555 4544 Quia
2589 4488 2754 4543 supra
2784 4470 3019 4539 dixerat,
3067 4470 3231 4544 124
3282 4495 3304 4519 α
3359 4473 3440 4528 Ut
3469 4471 3617 4529 idem

296 4552 431 4641 {Oro
490 4554 714 4633 λέγητε,
778 4580 801 4607 ι
854 4554 944 4616 ἵνα
1001 4555 1076 4633 μὴ
1131 4557 1418 4634 νομίσωσιν
1472 4558 1598 4640 ἄχρι
1640 4560 1898 4641 ῥημάτων

293 4632 433 4703 εἶναι
470 4632 569 4713 τὴν
598 4642 845 4715 ὁμόνοιαν
862 4691 879 4723 ,
917 4646 1106 4726 ἐπάγει
1129 4690 1146 4719 ,
1182 4632 1265 4705 δτι
1289 4648 1380 4707 καὶ
1407 4695 1424 4723 ,
1461 4676 1483 4699 σι
1508 4632 1615 4708 ’Ἕν
1748 4650 1896 4729 αὐτῷ

294 4730 379 4791 νοΐ
403 4756 416 4769 ·
453 4752 484 4792 υ
514 4731 819 4806 τουτέστιν,
866 4732 991 4796 Ἵνα
1037 4735 1227 4796 καὶτὰ
1257 4737 1393 4797 αὐτὰ
1437 4742 1685 4822 φρονῆτε.
1740 4737 1897 4798 Ἐπεὶ

294 4822 353 4882 δὲ
390 4822 575 4883 πολλοὶ
610 4825 667 4883 ἐν
699 4826 836 4905 τῷδε
864 4824 962 4906 μὲν
1011 4829 1091 4909 τῷ
1134 4826 1415 4908 πράγματι
1458 4832 1854 4911 συμφρονοῦσιν
1876 4873 1892 4903 ,

294 4915 351 4974 ἐν
383 4914 517 4995 τῷδε
538 4913 594 4975 δὲ
622 4912 683 4974 οὗ
710 4937 725 4951 ο
756 4914 844 4975 διὰ
873 4922 1028 4977 τοῦτο
1076 4918 1378 4998 προσέθηκε
1417 4918 1510 4993 τὸ,
1553 4946 1578 4973 ‹‹
1618 4922 1895 4999 Κατηρτι-

293 5002 523 5081 σμένοι,
555 5031 577 5056 ι
623 5002 864 5065 τουτέστι
909 5005 1135 5079 τέλειοι,
1168 5009 1222 5068 ἐν
1254 5017 1393 5069 πᾶσι
1421 5008 1733 5090 πράγμασιν
1765 5013 1897 5086 ὁμο-

293 5096 554 5163 νοοῦντες.
607 5093 769 5157 Ἐπεὶ
817 5094 873 5155 δὲ
935 5095 1122 5158 πολλοὶ
1187 5097 1328 5157 κατὰ
1382 5098 1479 5177 μὲν
1532 5097 1599 5158 τὰ
1650 5098 1899 5175 νοήματα

294 5183 531 5257 ἥνωνται
552 5230 569 5259 ,
602 5185 746 5245 κατὰ
791 5185 848 5246 δὲ
895 5185 992 5262 τὴν
1020 5186 1240 5268 γνώμην
1271 5187 1567 5249 διίστανται
1607 5188 1765 5267 (ὅταν
1799 5188 1905 5269 γὰρ

295 5274 400 5347 τὴν
430 5275 594 5349 αὐτὴν
626 5274 807 5337 πίστιν
837 5275 1078 5358 ἔχωμεν,
1126 5277 1202 5357 μὴ
1242 5278 1636 5357 συναπτώμεθα
1667 5278 1723 5339 δὲ
1763 5277 1903 5338 κατὰ

297 5365 399 5437 τὴν
441 5365 689 5445 ἀγάπην,
737 5365 804 5427 τὰ
847 5367 942 5446 μὲν
990 5367 1127 5428 αὐτὰ
1175 5375 1431 5446 νοοῦμεν,
1488 5370 1805 5447 διιστάμεθα
1847 5369 1902 5428 δὲ

294 5455 440 5515 κατὰ
474 5456 572 5529 τὴν
596 5455 878 5539 γνώμην
904 5458 989 5519 διὰ
1014 5463 1170 5518 τοῦτο
1198 5460 1379 5539 εἰπὼν,
1411 5489 1436 5515 α
1462 5463 1557 5543 Τῷ
1581 5462 1724 5542 αὐτῷ
1743 5453 1849 5538 νοῒ,
1877 5486 1903 5512 ν

2005 4565 2242 4632 dicatis;
2294 4587 2321 4614 ιο
2364 4578 2435 4619 ne
2478 4561 2793 4619 existiment
2820 4561 2961 4617 hanc
3001 4560 3357 4617 concordiam
3387 4560 3447 4615 in
3489 4576 3617 4616 ver-

2007 4657 2088 4714 bis
2116 4662 2335 4713 tantum
2354 4661 2627 4720 constare,
2654 4650 2839 4709 subdit
2867 4669 2881 4707 :
2907 4674 2931 4701 ιο
2966 4650 3177 4707 Eadem
3211 4658 3419 4720 mente,
3453 4672 3479 4699 ιι
3506 4649 3614 4707 hoc

2006 4755 2109 4817 est,
2154 4754 2216 4803 ut
2243 4744 2436 4801 eadem
2483 4742 2748 4799 sentiatis.
2805 4742 3080 4813 Quoniam
3128 4748 3317 4797 autem
3363 4739 3613 4814 plerique

2007 4836 2065 4893 in
2099 4852 2160 4893 re
2188 4850 2296 4892 una
2324 4833 2696 4895 consentiunt,
2723 4834 2780 4888 in
2830 4832 3002 4888 altera
3033 4846 3164 4887 vero
3201 4829 3449 4899 minime,
3481 4847 3610 4904 pro-

2008 4934 2193 5000 pterea
2223 4922 2450 4993 addidit,
2479 4945 2506 4972 ι
2555 4922 2865 4994 Compacti,
2911 4944 2938 4971 ν
2971 4922 3080 4979 hoc
3116 4928 3223 4990 est,
3259 4919 3510 4995 perfecti,
3556 4921 3615 4977 in

2009 5015 2274 5075 omnibus
2319 5013 2484 5071 rebus
2546 5010 2701 5069 idem
2757 5012 3076 5069 sentientes.
3142 5013 3417 5084 Quoniam
3488 5026 3617 5069 vero

2012 5107 2171 5164 multi
2214 5103 2546 5179 cogitatione
2590 5102 2819 5176 quidem
2865 5111 2920 5160 et
2965 5102 3248 5159 intellectu
3293 5101 3432 5158 uniti
3466 5110 3617 5173 sunt,

2014 5195 2285 5254 sententia
2336 5209 2469 5251 vero
2528 5192 2800 5250 dissident
2837 5192 2990 5266 (nam
3036 5206 3164 5249 cum
3208 5191 3462 5249 eamdem
3489 5191 3619 5265 qui-

2014 5286 2142 5345 dem
2188 5285 2357 5343 ﬁdem
2393 5283 2716 5353 habeamus,
2772 5298 2884 5340 non
2927 5281 3255 5356 copulemur
3290 5288 3480 5339 autem
3523 5297 3621 5356 per

2012 5376 2366 5446 charitatem,
2395 5374 2585 5434 eadem
2609 5373 2833 5448 quidem
2854 5372 3240 5447 intelligimus,
3266 5371 3624 5431 dissentimus

2012 5474 2204 5525 tamen
2256 5464 2569 5534 sententia)
2618 5482 2633 5521 :
2692 5463 2819 5522 ideo
2864 5478 2996 5521 cum
3031 5461 3282 5532 dixisset,
3325 5486 3353 5513 ι
3417 5461 3621 5521 Eadem

1712 5568 1906 5631 Variae
1948 5567 2265 5629 lectiones.

376 5670 395 5702 ⁸
443 5672 722 5743 παρακαλῶ
772 5688 847 5731 m.
925 5675 947 5710 ⁸
1001 5675 1287 5748 παρακαλεῖ
1327 5677 1411 5731 καί
1480 5696 1600 5749 φησι
1654 5694 1705 5734 o.
1791 5677 1813 5711 ⁶
1863 5679 2149 5748 σωφρονῆτε
2197 5691 2253 5734 0.
2326 5670 2347 5709 ⁷
2400 5674 2447 5729 εἰ
2494 5672 2547 5729 δὲ
2597 5672 2681 5728 καὶ
2731 5671 2852 5729 πολ.
2900 5674 2985 5732 οἳ
3060 5671 3082 5707 ⁸
3133 5670 3192 5727 τὸ
3241 5672 3295 5728 ιν
3344 5668 3478 5726 εἶναι
3528 5669 3621 5727 ἄπ-

291 5752 489 5809 ώλυσεν
520 5770 578 5811 o.
