4090 6426
441 420 534 477 571
1448 421 1966 479 THEOPHYLACTI
2004 423 2362 479 BULGARLE
2401 422 2716 481 ARCHIEP.

3641 429 3743 484 U72

433 552 639 616 mente,
687 569 714 596 »
746 545 1022 620 apposuit,
1061 569 1086 596 α
1126 549 1199 604 Et
1228 545 1421 604 eadem
1445 548 1709 606 sententia
1749 568 1761 604 :
1798 571 1822 598 ι
1854 556 1918 605 ut
1945 565 2034 605 ne-

2149 549 2478 632 προσέθηκε,
2509 577 2532 604 α
2560 549 2673 614 Καὶ
2699 552 2752 612 ἔν
2880 551 3014 632 αὐτῇ
3043 549 3230 632 γνώμῃ
3268 574 3282 591 ο
3313 547 3400 610 ἵνα
3427 551 3566 631 μήτε
3602 551 3743 613 κατὰ

430 652 538 713 que
568 636 878 694 secundum
906 635 1092 706 ﬁdem,
1145 653 1321 710 neque
1360 638 1669 697 secundum
1699 641 2032 699 sententiam

433 727 767 786 dissideant.

504 821 687 877 Vsus.
727 823 809 875 ιι.
842 841 866 867 κ
908 817 1285 892 Signiﬁcatum
1315 827 1400 877 est
1426 818 1572 876 enim
1596 818 1734 877 mihi
1765 819 1834 879 de
1861 821 2035 893 vobis,

434 909 655 977 fratres,
685 908 752 965 ab
792 907 878 966 his
921 909 1015 982 qui
1047 917 1179 966 sunt
1210 909 1426 967 Chloes.
1459 931 1485 959 ιο
1520 913 1604 968 Ne
1638 909 1851 968 inﬁcias
1887 921 2034 982 eant,

432 1007 603 1056 testes
631 996 888 1072 producit
909 1000 940 1070 [ε
985 1006 1060 1068 et,
1090 1015 1160 1056 ne
1209 998 1461 1056 videatur
1501 1000 1616 1072 ipse
1645 999 1872 1074 ﬁngere,
1903 1002 2039 1059 istos

430 1089 767 1146 nominatim
800 1097 1072 1158 recenset,
1107 1088 1303 1147 Chloes
1324 1089 1579 1147 videlicet
1602 1089 1888 1148 familiam.
1912 1091 2040 1149 Fuit

431 1188 618 1235 autem
665 1177 936 1235 Corinthii
979 1176 1192 1236 familia
1239 1195 1363 1251 quae
1392 1179 1787 1238 nominabatur
1813 1181 2032 1238 Chloes.

430 1271 650 1326 Fratres
700 1277 885 1326 autem
931 1267 1118 1327 adhuc
1161 1285 1257 1326 eos
1302 1269 1557 1343 appellat.
1614 1269 1848 1328 Etiamsi
1891 1272 2037 1328 enim

432 1367 714 1430 peccatum
777 1373 974 1416 eorum
1059 1357 1418 1417 manifestum
1464 1368 1627 1429 esset,
1673 1360 1808 1417 nihil
1853 1370 2037 1418 tamen

432 1446 690 1520 prohibet
733 1447 1032 1522 quominus
1083 1447 1281 1505 fratres
1341 1450 1592 1522 appellet.
1661 1453 1788 1507 Non
1850 1458 2036 1508 autem

430 1537 568 1594 dixit
615 1537 878 1595 verbatim
925 1539 1154 1611 quinam
1211 1538 1433 1610 iuerint,
1472 1541 1562 1614 qui
1621 1539 1729 1599 hoc
1765 1540 2039 1615 signiﬁca-

431 1629 562 1700 rint,
593 1629 692 1687 sed
726 1638 906 1688 totam
925 1629 1162 1687 domum
1193 1630 1393 1702 posuit,
1425 1647 1498 1688 ne
1525 1630 1628 1688 hos
1653 1631 1758 1688 illis
1787 1629 2039 1690 infensos

428 1719 649 1777 reddat.

502 1832 526 1857 α
568 1811 726 1883 Quod
753 1809 1148 1868 contentiones
1179 1810 1290 1866 sint
1318 1809 1460 1868 inter
1507 1826 1621 1868 vos.
1665 1834 1690 1862 ιο
1722 1811 2030 1868 Denuntia-

426 1907 583 1957 turus
635 1915 889 1972 quaenam
933 1899 1002 1957 ab
1048 1900 1422 1958 indicantibus
1466 1901 1759 1970 audiverit,
1804 1909 2032 1959 conten-

425 1989 602 2047 tiones
625 1989 783 2060 dixit,
811 1989 1050 2048 dictione
1079 2006 1211 2048 usus
1241 1991 1483 2049 mitiore.
1519 1991 1752 2062 Quando
1781 2007 1910 2050 vero
1953 1991 2034 2048 in-

428 2079 641 2152 propria
689 2096 924 2153 persona
970 2081 1233 2154 loquitur,
1265 2080 1570 2138 schismata
1605 2081 1859 2154 appellat,
1884 2081 2031 2155 quod

427 2169 604 2227 multo
627 2170 786 2244 peius
809 2179 893 2227 est
937 2171 1315 2228 contentione.

497 2262 670 2319 Vnus.
716 2265 802 2317 12.
855 2278 883 2314 α
915 2260 1054 2319 Dico
1095 2269 1277 2318 autem
1327 2260 1454 2330 hoc,
1505 2261 1652 2334 quod
1684 2261 1922 2335 quilibet
1950 2275 2036 2317 ve-

426 2358 604 2406 strum
625 2350 742 2429 ait:
770 2353 886 2423 Ego
903 2348 1130 2424 quidem
1149 2366 1275 2408 sum
1298 2349 1472 2419 Pauli,
1489 2365 1591 2424 ego
1610 2367 1742 2408 vero
1759 2350 1976 2424 Apollo.
2005 2374 2030 2401 ν

427 2442 551 2496 Non
591 2455 732 2497 unus
761 2448 818 2497 et
851 2440 994 2497 alter
1037 2439 1141 2497 ista
1182 2439 1340 2509 dicit,
1369 2439 1465 2497 sed
1494 2440 1726 2514 quilibet
1767 2449 2032 2499 vestrum.

426 2529 522 2586 Isti
569 2537 756 2586 autem
810 2546 924 2586 non
978 2529 1054 2586 ita
1085 2528 1360 2598 dicebant,
1418 2529 1516 2587 sed
1573 2529 1661 2588 ille
1715 2546 2036 2590 sermonem

425 2635 588 2676 suum
636 2619 712 2675 ita
750 2617 984 2692 efﬁngit,
1036 2626 1098 2675 ut
1132 2619 1408 2690 ostendat,
1457 2620 1608 2694 quod
1656 2620 1701 2677 si
1739 2618 1925 2679 dicere
1979 2637 2039 2679 se

427 2709 580 2766 Pauli
609 2718 663 2765 et
686 2709 886 2782 Cepha
931 2707 1232 2783 discipulos
1261 2710 1419 2782 culpa
1468 2726 1584 2767 non
1633 2718 1812 2780 vacet,
1860 2711 2039 2769 multo

428 2797 603 2871 magis
631 2798 677 2854 si
714 2797 969 2855 aliorum.

500 2912 524 2937 α
563 2891 681 2962 Ego
719 2896 903 2945 autem
933 2887 1152 2961 Cephze.
1185 2912 1212 2941 »
1247 2892 1374 2947 Non
1399 2898 1462 2946 ut
1489 2890 1727 2963 seipsum
1761 2891 2037 2965 praferat,

429 2981 653 3036 Petrum
698 2976 1060 3050 posteriorem
1103 2980 1305 3052 posuit,
1336 2980 1431 3036 sed
1461 2980 1615 3037 illum
1647 2980 1827 3053 potius
1858 2981 2037 3038 hono-

426 3083 578 3137 rans,
626 3067 853 3140 perinde
880 3084 946 3126 ac
979 3067 1265 3126 Christum
1296 3069 1416 3142 jam
1451 3070 1755 3143 posteriore
1793 3070 1912 3127 loco
1940 3087 2035 3144 po-

2063 1726 2112 1788 Β

2147 639 2244 754 ξήν
2303 639 2518 715 πίστιν,
2585 639 2721 718 μήτε
2773 640 2910 700 κατὰ
2974 639 3070 714 τὴν
3126 641 3346 720 γνώμην
3407 641 3740 717 διεστηκότες

2144 753 2294 793 ωσιν.

2235 842 2266 879 α
2295 819 2578 896 Ἐδηλώθη
2609 820 2711 903 γάρ
2737 844 2826 896 μοι
2857 819 2978 901 περὶ
3008 821 3187 898 ὑμῶν,
3222 819 3440 903 ἀδελφοί
3469 845 3605 899 μου,
3638 822 3744 883 ὑπὸ

2147 913 2251 970 τῶν
2284 908 2485 983 Χλόης,
2521 939 2545 963 υ
2579 908 2701 971 Ἵνα
2742 910 2817 989 μὴ
2863 910 3230 991 ἇρνήσωνται,
3281 909 3551 991 μάρτυρας
3594 913 3744 991 παρέ

2147 999 2265 1078 άγει
2306 1025 2319 1038 ·
2372 1001 2464 1059 καὶ
2507 999 2596 1060 ἵνα
2647 998 2723 1078 μὴ
2773 999 2894 1080 δόξῃ
2940 1000 3094 1068 αὐτὸς
3139 1001 3422 1074 πλάττειν,
3483 1002 3741 1079 ὀνομαστὶ

2147 1088 2337 1158 αὐτοὺς
2389 1089 2562 1169 λέγει,
2615 1089 2732 1158 τοὺς
2775 1097 2871 1164 τῆς
2914 1090 3115 1162 Χλόης.
3153 1091 3317 1151 Οἰκία
3349 1090 3405 1150 δὲ
3437 1081 3502 1164 ἦν
3537 1092 3590 1150 ἐν
3630 1092 3742 1152 Κο-

2149 1179 2302 1261 ρίνθῳ
2331 1181 2496 1250 οὕτως
2535 1179 2969 1258 ἐπονομαζομένη
2997 1179 3198 1252 Χλόης.
3233 1177 3512 1264 ᾎδελφοὺς
3552 1180 3608 1240 δὲ
3637 1181 3744 1239 αὔ-

2145 1260 2283 1337 τοὺςί
2311 1269 2389 1329 ἔτι
2437 1270 2683 1348 ὀνομάζει
2710 1293 2722 1307 °
2756 1269 2856 1330 κᾶν
2905 1269 3008 1350 γὰρ
3043 1271 3199 1342 δῆλον
3294 1270 3354 1330 τὸ
3400 1260 3734 1350 ἇμάρτημα,

2145 1359 2293 1418 οὐδὲν
2323 1359 2538 1443 κωλύει-ν
2565 1361 2816 1442 ἀδελφοὺς
2865 1349 3047 1420 καλεῖν
3093 1359 3194 1423 ἔτι.
3224 1349 3360 1421 Ὀὔκ
3403 1349 3531 1419 εἷπε
3551 1357 3607 1418 δὲ
3641 1363 3742 1443 ῥη-

2143 1451 2278 1522 τῶς,
2330 1448 2465 1518 τίνες
2508 1441 2649 1524 ἦσαν
2707 1452 2754 1509 οἱ
2807 1449 3043 1518 εἰπόντες
3065 1495 3080 1523 ,
3129 1451 3246 1508 ἀλλ’
3297 1449 3588 1529 ὁλόκληρον
3640 1441 3740 1523 τὴν

2145 1538 2315 1597 οἰκίαν
2371 1539 2631 1613 τέθεικεν,
2689 1538 2778 1598 ἵνα
2827 1539 2902 1618 μὴ
2955 1538 3307 1618 ἐκπολεμώσῃ
3370 1538 3561 1606 αὖτοὺς
3614 1539 3746 1620 πρὸς

2145 1629 2394 1696 ἐκείνους.

2223 1829 2254 1866 αι
2289 1807 2415 1871 Ὅτι
2444 1811 2609 1892 ἔριδες
2662 1812 2716 1871 ἐν
2750 1813 2873 1892 ὑμῖν
2915 1816 3038 1874 εἶσι.
3076 1835 3108 1872 ι
3138 1812 3226 1875 Τὰ
3251 1811 3396 1892 παρὰ
3425 1813 3528 1871 τῶν
3562 1812 3738 1886 δηλω-

2143 1899 2346 1961 σάντων
2396 1901 2782 1981 ἀπαγγέλλων,
2845 1901 3022 1984 ἔριδας
3074 1892 3224 1978 εἷπε,
3279 1901 3552 1983 πραοτέρᾳ
3602 1901 3742 1973 λέξει

2141 1988 2500 2070 χρησάμενος.
2551 1991 2726 2054 ⁸Οταν
2776 1989 2830 2052 δὲ
2861 1992 2969 2053 ἀπὸ
3017 1997 3108 2052 τοῦ
3162 1993 3355 2052 οἰκείου
3395 1991 3525 2073 λέγῃ
3571 2015 3741 2073 προσ-

2143 2081 2325 2161 ώπου,
2376 2083 2650 2166 σχίσματα
2701 2082 2835 2142 αὐτὰ
2887 2084 3070 2156 καλεῖ,
3115 2081 3143 2142 ὃ
3192 2083 3376 2164 πολλῷ
3414 2090 3594 2163 χεῖρον
3647 2086 3744 2154 τῆς

2143 2174 2333 2244 ἔριδος.

2175 2201 2448 2344 ριῑοχέγω
2479 2261 2533 2322 δὲ
2577 2267 2763 2332 τοῦτο,
2803 2262 2886 2320 ὅτι
2927 2260 3146 2328 ἕκαστος
3197 2263 3344 2339 ὑμῶν
3373 2259 3554 2340 λέγει’
3587 2259 3741 2339 Ἐγὼ

2147 2355 2241 2433 μέν
2288 2359 2399 2434 εἶμι
2429 2350 2676 2426 Παύλου,
2705 2350 2809 2430 ἐγὼ
2839 2349 2895 2410 δὲ
2925 2349 3188 2412 Ἀπολλώ.
3210 2373 3240 2410 n
3270 2352 3354 2411 Οὔ
3383 2350 3542 2432 μέρος
3571 2355 3746 2411 ταῦτα

2145 2447 2321 2526 λέγει,
2377 2443 2493 2505 ἀλλ’
2543 2441 2765 2511 ἕκαστος
2824 2443 2994 2517 ὑμῶν.
3057 2443 3177 2502 Οὔκ
3229 2440 3409 2521 ἔλεγον
3473 2439 3527 2499 δὲ
3579 2439 3748 2508 οὕτως

2147 2540 2366 2611 ἐκεῖνοι,
2399 2531 2518 2595 ἀλλ’
2565 2532 2722 2602 αὐτὸς
2757 2532 2894 2593 οὕτω
2943 2531 3266 2614 σχηματίζει
3306 2530 3396 2591 τὸν
3426 2528 3582 2610 λόγον
3605 2576 3623 2610 ,
3657 2529 3746 2590 ἵνα

2147 2625 2326 2702 δείξῃ,
2372 2625 2451 2684 ὅτι
2504 2623 2548 2681 εἰ
2596 2622 2657 2682 τὸ
2707 2621 2879 2701 λέγειν
2932 2622 3029 2700 μὲν
3077 2622 3264 2688 αὖτοὺς
3303 2621 3327 2657 ⁸
3377 2619 3602 2682 Παύλου
3654 2620 3749 2681 καὶ

2150 2721 2312 2796 Κηφᾶ
2350 2713 2636 2772 ὓπεύθυνον
2659 2757 2674 2788 ,
2711 2715 2894 2793 πολλῷ
2925 2714 3130 2792 μᾶλλον
3164 2711 3223 2769 τὸ
3260 2712 3477 2792 ἑτέρων.

2239 2919 2268 2954 ί(
2297 2895 2442 2975 Ἐγὼ
2493 2894 2548 2956 δὲ
2598 2897 2780 2973 Κηφᾶ.
2825 2915 2852 2951 ι)
2897 2893 3016 2954 Οὔκ
3052 2890 3284 2972 ἐπαίρων
3331 2891 3515 2950 ἑαυτὸν
3547 2889 3747 2952 τέθεικε

2151 2985 2360 3069 Πέτρον
2412 2984 2659 3066 ὕστερον,
2728 2981 2846 3040 ἀλλ’
2898 2985 3095 3043 ἐκεῖνον
3157 2984 3433 3063 προτιμῶν
3494 2982 3698 3059 μᾶλλον
3721 3028 3743 3061 ,

2143 3075 2324 3156 ὥσπερ
2376 3073 2442 3148 δὴ
2488 3072 2580 3134 καὶ
2635 3073 2724 3132 τὸν
2773 3071 3006 3153 Χριστὸν
3061 3069 3279 3151 ὕστερον
3327 3069 3580 3132 τέθεικεν.
3648 3070 3742 3131 Ἐν

428 3157 558 3214 suit.
589 3159 655 3215 In
700 3157 866 3215 rebus
923 3161 1072 3214 enim
1120 3155 1268 3215 factu
1315 3159 1558 3233 indignis
1617 3159 1865 3232 primum
1917 3176 2030 3219 suae

2145 3155 2430 3248 πράγμασι
2483 3165 2586 3244 γὰρ
2641 3164 2734 3221 οὐκ
2792 3161 2952 3230 ἀξίοις
3004 3163 3286 3241 γενέσθαι,
3348 3160 3558 3240 πρώτου
3616 3165 3741 3221 ἐπε-

429 3247 603 3321 ipsius
630 3263 882 3321 personae
921 3247 1194 3304 meminit.

503 3361 526 3386 α
585 3340 707 3411 Ego
756 3347 945 3394 autem
1002 3336 1220 3395 Christi.
1283 3361 1306 3385 ιι
1351 3341 1476 3396 Non
1524 3338 1632 3396 hoc
1660 3339 2030 3412 reprehendit,

427 3425 578 3501 quod
604 3427 826 3485 dicant:
864 3451 888 3476 ιι
923 3430 1041 3502 Ego
1087 3444 1212 3485 sum
1260 3427 1501 3486 Christi:
1528 3450 1555 3483 »
1589 3427 1690 3486 sed
1728 3429 1876 3504 quod
1921 3447 2032 3488 non

428 3532 623 3575 omnes
651 3517 755 3574 hoc
797 3517 998 3575 dicant.
1031 3521 1153 3576 Imo
1194 3535 1224 3575 a
1255 3519 1441 3591 seipse
1470 3519 1654 3593 potius
1685 3519 1793 3577 hoc
1827 3520 2032 3593 posuit,

428 3607 614 3665 volens
651 3608 726 3664 ita
755 3611 1155 3666 accusationem
1205 3610 1510 3683 graviorem
1564 3611 1900 3668 constituere
1943 3619 2032 3667 at-

428 3713 536 3770 que
574 3699 886 3766 ostendere,
935 3697 1222 3756 Christum
1253 3700 1310 3756 in
1355 3707 1563 3772 partem
1603 3715 1772 3757 unam
1804 3701 2020 3771 datum,

427 3788 530 3844 etsi
562 3787 640 3844 illi
681 3787 789 3845 hoc
831 3804 944 3844 non
987 3787 1283 3846 faciebant.

493 3880 673 3937 Vsus.
711 3883 798 3934 12.
847 3901 874 3928 α
917 3877 1052 3935 Dico
1099 3888 1288 3936 autem
1335 3878 1461 3948 hoc,
1489 3879 1635 3953 quod
1677 3880 1905 3952 quilibet
1943 3895 2034 3936 ve-

424 3977 605 4025 strum
631 3969 738 4025 ait:
771 3971 888 4042 Ego
914 3967 1141 4040 quidem
1168 3984 1292 4026 sum
1322 3968 1493 4038 Pauli,
1526 3983 1628 4042 ego
1651 3985 1779 4026 vero
1800 3969 1997 4043 Apollo
2017 4009 2032 4037 ,

427 4073 528 4128 ego
558 4065 741 4114 autem
766 4056 988 4128 Cephea,
1017 4073 1118 4130 ego
1147 4068 1335 4116 autem
1365 4057 1588 4114 Christi.
1617 4081 1642 4107 ι»
1672 4057 1813 4114 illud
1852 4059 2032 4129 ipsum

429 4146 814 4202 contentiones
840 4161 999 4214 voco,
1039 4147 1187 4218 quod
1212 4146 1448 4218 quilibet
1483 4155 1729 4204 vestrum
1763 4146 2036 4220 privatum

2140 3255 2351 3334 μνήσθη
2383 3259 2476 3315 τοῦ
2517 3253 2710 3313 οἰκείου
2736 3251 3047 3332 προσώπου.

2229 3367 2259 3405 (ι
2287 3343 2436 3424 Ἐγὼ
2471 3345 2526 3405 δὲ
2557 3344 2810 3425 Χριστοῦ.
2837 3364 2866 3402 ι)
2910 3343 2993 3404 Οὖ
3016 3346 3169 3403 τοῦτο
3203 3341 3447 3422 ἐγκαλεῖ,
3482 3339 3616 3400 διότι
3651 3339 3746 3401 λέ-

2139 3457 2317 3515 γουσιν
2345 3457 2358 3472 ο
2402 3432 2603 3513 «Ἐγὼ
2646 3432 2702 3493 δὲ
2733 3435 2966 3513 Χριστοῦ
2990 3456 3004 3470 ·
3039 3456 3070 3488 ιι
3120 3432 3256 3490 ἀλλὰ
3288 3431 3420 3490 διότι
3456 3432 3513 3490 οὗ
3550 3430 3744 3499 πάντες

2139 3531 2291 3585 τοῦτο
2331 3523 2567 3604 λέγουσι.
2614 3524 2836 3584 Μᾶλλον
2869 3521 2924 3582 δὲ
2964 3521 3057 3582 καὶ
3096 3523 3191 3604 ἀφ’
3224 3525 3413 3582 ἑαυτοῦ
3445 3525 3604 3581 τοῦτο
3653 3522 3744 3581 τέ-

2141 3621 2317 3690 θεικε,
2359 3613 2678 3695 βουλόμενος
2722 3615 2783 3674 τὸ
2814 3614 3061 3694 ἔγκλημα
3105 3612 3395 3692 βαρύτερον
3427 3634 3740 3672 κατασκευ-
3777 3683 3790 3692 _

2141 3705 2308 3784 άσαι,
2355 3705 2446 3765 καὶ
2479 3703 2643 3773 δεῖξαι
2687 3703 2777 3764 καὶ
2806 3703 2894 3762 τὸν
2937 3702 3174 3783 Χριστὸν
3224 3700 3442 3762 δοθέντα
3483 3703 3555 3768 εἷς
3584 3701 3743 3782 μέρος

2141 3795 2195 3856 ἒν
2213 3841 2229 3871 ,
2259 3794 2418 3856 εἶκαὶ
2450 3795 2525 3873 μὴ
2555 3797 2710 3853 τοῦτο
2747 3792 2956 3854 ἐποίουν
2985 3795 3194 3852 ἐκεῖνοι.

2224 3883 2249 3967 [
2276 3907 2306 3944 (ι
2341 3881 2496 3964 Λέγω
2520 3883 2574 3942 δὲ
2597 3886 2785 3959 τοῦτο,
2821 3879 2900 3940 ὅτι
2933 3881 3153 3948 ἕκαστος
3185 3883 3332 3967 ύμῶν
3361 3879 3502 3955 λέγει
3537 3903 3551 3918 ·
3587 3879 3740 3960 Ἐγὼ

2145 3965 2245 4048 μέν
2293 3974 2401 4049 εἶμι
2456 3971 2710 4042 Παύλου,
2747 3968 2852 4049 ἐγὼ
2894 3970 2950 4030 δὲ
2996 3965 3276 4042 Ἀπολλὼ,
3311 3967 3418 4043 ἐγὼ
3461 3968 3515 4028 δὲ
3549 3972 3744 4052 Κηφᾶ,

2146 4061 2249 4141 ἐγὼ
2275 4061 2330 4120 δὲ
2361 4063 2623 4139 Χριστοῦ.
2656 4079 2687 4115 n
2726 4059 2883 4137 Λέγω
2912 4057 2968 4116 δὲ
2995 4056 3170 4138 ἔριδας
3202 4062 3375 4129 τοῦτο,
3407 4056 3488 4115 ὅτι
3521 4058 3742 4127 ἕκαστος

2143 4153 2294 4226 ὑμῶν
2341 4147 2471 4209 ἴδιον
2526 4147 2834 4228 ἐπιφημίζει
2893 4145 3211 4206 διδάσκαλον
3261 4149 3456 4228 ἑαυτῷ.
3516 4148 3600 4206 Οὐ
3653 4146 3742 4206 τὸν

426 4235 527 4292 sibi
563 4242 955 4308 prmeeptorem
1001 4237 1264 4310 assignat.
1301 4237 1425 4292 Non
1466 4246 1652 4293 autem
1701 4236 1935 4292 Paulum
1983 4245 2034 4293 et

2150 4242 2363 4300 Παῦλον
2396 4236 2450 4298 δὲ
2480 4237 2572 4298 καὶ
2615 4235 2706 4296 τὸν
2737 4236 2978 4298 Ἀπολλὼ
3007 4235 3098 4296 καὶ
3137 4235 3227 4296 τὸν
3272 4239 3468 4318 Κηφᾶν
3503 4234 3740 4318 ἐπέγρα-

429 4324 630 4396 Apollo
662 4332 719 4382 et
745 4323 986 4398 Cepham
1028 4324 1134 4382 sibi
1179 4325 1551 4394 ascribebant,
1585 4325 1681 4382 sed
1713 4325 1849 4382 alios
1893 4341 2031 4398 quos

2145 4352 2232 4409 pov
2273 4331 2504 4403 ἑαυτοῖς,
2547 4328 2668 4386 ἀλλ’
2699 4325 2904 4409 ἑτέρους
2951 4325 3036 4394 οὓς
3066 4326 3444 4401 ἀπεσιώπησε,
3494 4325 3743 4408 καθάπερ

429 4414 649 4471 silentio
690 4415 954 4488 praeterit,
995 4415 1100 4472 sub
1130 4415 1251 4473 istis
1274 4417 1657 4488 apostolorum
1683 4415 2025 4480 nominibus,

2145 4418 2245 4478 τισὶ
2281 4417 2669 4501 προσωπείοις,
2698 4425 2809 4487 τοῖς
2847 4416 3072 4496 ὀνόμασι
3115 4415 3322 4486 τούτοις
3365 4419 3468 4476 τῶν
3500 4415 3739 4477 ἀποστό-

433 4509 594 4566 veluti
637 4509 884 4584 personis
911 4509 1260 4585 quibusdam,
1310 4509 1459 4582 ipsos
1500 4510 1771 4580 ocultans,
1819 4525 1946 4567 cum
1976 4518 2034 4567 ut

2147 4513 2251 4570 λων
2303 4507 2655 4588 ὓποκρύπτων
2707 4505 2931 4586 αὐτοὺς,
2976 4505 3061 4566 ἵνα
3104 4531 3163 4567 τε
3207 4505 3586 4589 ἄνεχθέστερον
3617 4506 3742 4586 [ίσ.

426 4616 740 4658 sermonem
779 4616 945 4658 suum
980 4600 1163 4658 minus
1210 4600 1509 4658 molestum
1537 4599 1750 4672 reddat,
1802 4609 1920 4658 tum
1969 4611 2031 4659 ut

2145 4598 2638 4682 ἂνεπαχθέστερον]
2671 4599 2758 4659 τὸν
2789 4597 2942 4679 λόγον
2987 4596 3187 4679 ποιήσῃ
3206 4643 3223 4674 ,
3253 4597 3346 4658 καὶ
3394 4595 3480 4658 ἵνα
3527 4595 3709 4676 διδάξῃ
3729 4642 3746 4671 ,

428 4691 623 4748 doceat
651 4690 803 4763 quod
832 4691 877 4747 si
917 4706 1041 4748 vere
1069 4691 1346 4763 apostolos
1382 4699 1436 4747 et
1469 4692 1722 4749 doctores
1758 4690 1860 4748 sibi
1889 4692 2034 4749 asci-

2145 4689 2226 4750 8τι
2257 4691 2302 4750 εἶ
2343 4689 2462 4758 τοὺς
2510 4691 2721 4763 ἀληθῶς
2753 4688 3080 4755 ἀποστόλους
3124 4688 3218 4748 καὶ
3267 4689 3619 4756 διδασκάλους
3649 4688 3744 4747 οὐκ

429 4795 577 4838 scere
604 4795 720 4837 non
751 4781 960 4848 liceret,
1000 4781 1179 4838 multo
1209 4781 1394 4839 minus
1417 4780 1560 4839 illos.
1585 4783 1820 4839 Nomina
1850 4791 2034 4839 autem

2146 4781 2309 4860 ἐχρῆν
2347 4777 2683 4861 ἐπιφημίζειν
2729 4782 2977 4852 ἑαυτοῖς,
3028 4780 3212 4858 πολλῷ
3245 4778 3448 4856 μᾶλλον
3496 4777 3744 4844 ἐκείνους.

431 4870 682 4943 ipsorum
724 4885 823 4944 per
865 4870 1092 4928 auxesin
1129 4870 1377 4944 protulit,
1408 4871 1607 4946 Apollo
1645 4872 1869 4946 quidem
1911 4873 2031 4942 sibi,

431 4960 676 5034 Cepham
701 4975 828 5017 vero
873 4961 1072 5033 Apollo
1097 4959 1412 5033 praeferens.
1455 4963 1624 5035 Atqui
1647 4963 1783 5019 alios
1810 4962 2032 5036 quidem

432 5051 692 5120 aliorum,
723 5050 857 5108 alios
894 5066 1025 5106 vero
1073 5051 1274 5109 Christi
1310 5052 1536 5108 nomine
1571 5051 1748 5109 dictos
1793 5053 1895 5109 rite
1952 5053 2033 5108 in-

431 5149 636 5214 crepat.
681 5141 823 5213 Quid
848 5141 920 5198 ita
947 5146 971 5200 ?
1001 5143 1120 5199 Hos
1148 5141 1376 5214 quidem
1417 5158 1528 5198 non
1557 5142 1908 5217 perstringit;
1941 5142 2038 5202 sed

429 5238 618 5289 tamen
660 5237 716 5288 et
752 5231 902 5306 ipsos
931 5232 1133 5305 posuit,
1159 5231 1325 5290 veluti
1364 5232 1691 5306 particulam
1729 5239 1786 5292 et
1823 5233 2036 5306 portio-

437 5335 568 5378 nem
625 5321 842 5381 Christo
871 5322 1144 5380 relictam.

506 5505 686 5562 Vsns.
738 5513 821 5562 13.
871 5530 895 5556 α
956 5506 1176 5564 Divisus
1219 5515 1303 5565 est
1331 5506 1627 5565 Christus?
1679 5507 2034 5566 Dissecuistis

2147 4869 2306 4931 Κατὰ
2351 4866 2569 4938 αὔξησιν
2617 4865 2672 4926 δὲ
2703 4868 2976 4949 προήγαγε
3011 4865 3080 4926 τὰ
3119 4866 3354 4944 ὀνόματα
3376 4911 3392 4940 ,
3427 4868 3616 4927 ἑαυτοῦ
3647 4866 3744 4945 μὲν

2145 4960 2234 5026 τὸν
2267 4958 2509 5019 Ἀπολλὼ
2546 4958 2755 5037 προθεὶς
2778 5003 2794 5036 ,
2837 4963 2931 5017 τοῦ
2989 4955 3231 5016 Ἀπολλὼ
3281 4954 3336 5015 δὲ
3385 4955 3471 5015 τὸν
3528 4959 3742 5040 Κηφᾶν.

2147 5049 2312 5112 Ἀλλὰ
2360 5056 2470 5115 τοῖς
2522 5046 2617 5126 μὲν
2673 5047 2779 5107 ἀπὸ
2821 5050 2926 5107 τῶν
2976 5046 3154 5108 ἄλλων
3195 5047 3745 5128 προσαγορευομένοις

2148 5141 2326 5208 καλῶς
2375 5139 2626 5220 ἐπιτιμᾷ,
2679 5146 2786 5206 τοῖς
2840 5137 2894 5198 δὲ
2950 5136 3058 5198 ἀπὸ
3102 5143 3194 5198 τοῦ
3225 5139 3493 5220 Χριστοῦ,
3523 5138 3613 5198 διὰ
3660 5137 3747 5212 τίς

2149 5230 2373 5297 Τούτοις
2416 5227 2514 5308 μὲν
2560 5219 2649 5288 οὖν
2681 5231 2776 5289 οὐκ
2823 5231 3083 5310 ἐπιτιμᾷ,
3123 5219 3322 5289 τέθεικε
3378 5229 3431 5289 δὲ
3465 5228 3610 5307 ὅμως
3657 5226 3748 5287 καὶ

2143 5318 2332 5389 αὐτοὺς
2358 5365 2374 5398 ,
2407 5321 2477 5388 ὣς
2509 5318 2666 5402 μέρος
2695 5318 2790 5379 καὶ
2821 5323 3011 5398 τμῆμα
3045 5320 3355 5400 ὑπολειφθὲν
3388 5323 3465 5400 τῷ
3496 5319 3741 5400 Χριστῷ.

2148 5411 2292 5473 Cod.
2331 5409 2657 5489 Arundel.]

2230 5526 2254 5553 α
2307 5499 2648 5583 Μεμέρισται
2696 5504 2724 5560 ὁ
2781 5499 3041 5583 Χριστός
3097 5521 3126 5559 ι)
3173 5499 3513 5577 Κατετέμετε
3557 5496 3609 5534 ⁴⁰
3660 5496 3748 5557 τὸν

1847 5661 2039 5720 Variae
2082 5662 2383 5722 lectiones.

519 5756 538 5792 ο
569 5754 768 5818 ἑαυτοὺς
800 5773 872 5812 m.
953 5757 994 5789 ¹⁰
1023 5760 1350 5831 κατατέμνετε
1379 5775 1456 5814 m.
