4090 6420
282 432 393 487 573

1199 426 1550 484 EXPOSITIO
1590 426 1655 481 IN
1697 424 1898 481 EPIST.
1940 424 1979 480 l.
2019 424 2112 480 AD
2152 422 2310 480 COR.
2350 453 2422 464 —
2458 425 2610 482 CAP.
2654 427 2695 482 l.

3500 430 3603 487 574

282 555 558 636 Χριστόν;
607 554 829 617 διείλετε
860 554 904 593 ⁴⁴
955 555 1116 614 αὐτοῦ
1152 555 1214 616 16
1246 557 1437 631 σῶμας
1480 553 1671 629 Θυμοῦ
1704 549 1757 612 δὲ
1788 549 1881 629 γέ-

1996 549 2271 607 Christum
2298 554 2323 608 P
2366 548 2624 608 divisistis
2650 552 2771 625 ejus
2792 567 2995 625 corpus
3024 554 3048 609 Ρ
3081 553 3474 628 ludignationis
3497 571 3597 614 au-

285 670 383 725 μει
411 650 441 705 6
462 646 634 726 λόγος.
675 645 831 716 Τινὲς
853 645 909 706 δέ
937 645 1030 718 τὸ,
1071 667 1101 704 α
1137 644 1472 723 Μεμέρισται
1504 646 1531 701 6
1558 640 1814 724 Χριστός;
1855 665 1884 696 π

283 736 456 805 οὕτως
510 736 733 809 ἐνόησαν
781 760 795 773 ·
852 734 1208 817 Διεμερίσατο
1269 735 1375 802 τοῖς
1428 731 1720 814 ἀνθρώποις
1790 731 1887 804 τὴν

284 826 627 901 Ἐκκλησίαν
653 872 667 900 ,
702 826 795 886 καὶ
844 826 1032 907 μοῖραν
1076 823 1177 899 τὴν
1222 824 1317 903 μὲν
1348 822 1503 893 αὐτὸς
1550 822 1741 897 ἔλαϐε,
1789 820 1886 894 τὴν

285 916 341 975 δὲ
376 914 595 985 ἐκείνοις
630 916 793 976 ἔδωκε
813 941 829 991 ;

370 1034 396 1059 α
432 1005 532 1077 Μὴ
566 1006 781 1075 Παῦλος
826 1004 1135 1085 ἐσταυρώθη
1184 1004 1315 1086 ὓπὶρ
1364 1006 1542 1082 ὖμῶν;
1588 1024 1618 1063 n
1661 1002 1890 1085 Ἀναιρεῖ

286 1096 347 1155 τὸ
392 1099 522 1176 παρ’
572 1098 751 1163 αὖτοῖς
797 1097 1070 1175 γινόμενον
1126 1094 1356 1168 ἄτοπον,
1407 1095 1497 1153 καὶ
1549 1098 1643 1153 τοῦ
1691 1094 1884 1154 οἰκείου

282 1185 547 1262 ὀνόματος
575 1185 850 1264 μέμνηται
876 1231 892 1263 ,
919 1184 1006 1245 ἵνα
1043 1185 1119 1264 μὴ
1159 1183 1282 1265 δόξῃ
1323 1184 1469 1265 ,κατὰ
1502 1184 1685 1265 φθόνον
1718 1186 1885 1243 ἄλλο-

282 1275 446 1354 τρίων
480 1275 755 1353 ὀνομάτων
790 1280 1111 1353 μεμνῆσθαι.
1150 1264 1267 1336 Οὐκ
1301 1264 1418 1334 εἷπε
1464 1264 1521 1333 δὲ
1542 1320 1555 1345 ,
1604 1273 1699 1346 Μὴ
1730 1276 1885 1335 Παῦ-

281 1369 372 1433 λος
405 1365 638 1426 ἔπλασεν
664 1368 799 1443 ὑμᾶς
818 1412 834 1443 ,
869 1363 904 1436 ἢ
935 1364 1180 1438 ἐποίησεν
1205 1388 1225 1439 ;
1269 1366 1387 1424 ἀλλ’
1417 1363 1446 1423 ὃ
1486 1365 1668 1444 πολλῷ
1698 1363 1883 1436 πλέον,

282 1453 383 1523 τὴν
414 1454 615 1535 ἄφατον
642 1456 803 1514 αὗτοῦ
833 1455 885 1493 ⁴²
916 1454 1317 1537 φιλανθρωπίαν
1349 1456 1561 1537 δηλῶν-.
1596 1453 1683 1512 τὸν
1714 1478 1872 1513 σταυ-

283 1545 374 1620 ρὸν
435 1534 507 1612 εἷς
556 1543 617 1603 16
672 1544 834 1623 μέσον
882 1534 1133 1625 παράγει.
1200 1544 1312 1605 Καὶ
1356 1545 1452 1605 οὐκ
1509 1534 1659 1619 εἷπε,
1713 1542 1808 1616 Μὴ
1858 1549 1886 1603 6

284 1636 507 1704 Παῦλος
552 1635 841 1710 ἄπέθανεν;
884 1634 1030 1711 ἄλλ’,
1087 1657 1115 1695 (ι
1154 1634 1543 1717 Ἐσταυρώθη;
1594 1658 1622 1693 a
1655 1632 1754 1707 τὴν
1793 1636 1882 1694 δο-

278 1728 483 1784 κοῦσαν
508 1724 729 1803 ἀτιμίαν
762 1729 853 1785 τοῦ
883 1725 1108 1786 θανάτου
1136 1725 1409 1786 δεικνύων.

361 1814 441 1898 [α
473 1816 816 1898 Μεμέρισται
846 1819 875 1875 6
902 1815 1169 1897 Χριστόςς
1206 1842 1229 1869 ι›
1261 1813 1601 1891 Κατετέμετε
1631 1813 1721 1873 τὸν
1749 1816 1881 1896 Χρι-

277 1906 441 1979 στόν;
467 1904 687 1966 διείλετε
732 1909 891 1966 αὐτοῦ
933 1905 994 1966 16
1036 1909 1230 1981 σῶμα;
1259 1904 1617 1987 Μιρισθέντος
1656 1904 1760 1986 γὰρ
1789 1910 1881 1964 τοῦ
1912 1935 1959 1997 Β

278 1996 531 2073 σώματος
564 1996 767 2072 αὐτοῦ,
800 1995 937 2076 ὅπερ
986 1994 1125 2055 ἐστὶν
1184 1998 1217 2067 ἡ
1266 1995 1568 2067 Ἐκκλησία
1592 2044 1604 2067 ,
1659 1995 1883 2076 μεμέρι-

277 2108 407 2144 σται
445 2085 660 2153 πάντως
709 2086 879 2153 αὐτός.
931 2088 1123 2163 Θυμοῦ
1168 2085 1225 2147 δὲ
1266 2084 1417 2164 γέμει
1449 2089 1476 2145 6
1520 2086 1692 2165 λόγος.
1729 2084 1887 2153 Τινὲς

278 2174 333 2233 δὲ
377 2173 474 2249 16,
531 2196 559 2232 (ι
608 2173 944 2255 Μεμέρισται
974 2179 1003 2235 6
1044 2174 1313 2258 Χριστός;
1345 2198 1375 2234 ))
1414 2174 1577 2242 οὕτως
1628 2175 1882 2249 ἐνόησαν,

278 2264 402 2323 ἀντὶ
451 2269 579 2341 τοῦ,
625 2264 982 2346 Διεμερίσατο
1029 2265 1125 2338 τὴν
1158 2266 1489 2338 Ἐκκλησίαν
1542 2274 1648 2334 τοῖς
1694 2267 1885 2347 ἐπιφη-

276 2354 587 2432 μιζομένοις
620 2354 995 2430 διδασκάλοις,
1027 2355 1119 2415 καὶ
1147 2356 1339 2436 μερίδα
1370 2358 1500 2432 μίαν
1536 2353 1721 2415 λαϐὼν
1742 2402 1759 2434 ,
1792 2357 1885 2423 τὰς

275 2446 447 2511 ἃλας
482 2443 795 2527 ἄφῄρηταις
829 2444 1017 2513 Οὕτως
1047 2445 1362 2517 ἐπιπλήξας,
1390 2445 1670 2525 ἐργάζεται
1699 2446 1882 2506 λοιπὸν

274 2533 375 2606 τὴν
414 2534 685 2616 ἀναίρεσιν
720 2540 817 2594 τοῦ
849 2535 977 2618 παρ’
1007 2538 1185 2605 αὐτοῖς
1212 2536 1489 2615 γινομένου
1524 2535 1742 2595 ἀτόπου.

366 2739 399 2775 α
431 2714 527 2788 Μὴ
554 2718 771 2784 Παῦλος
818 2715 1127 2799 ἐσταυρώθη
1179 2717 1314 2798 ὓπὲρ
1347 2719 1535 2793 ὑμῶνς
1585 2746 1610 2773 υ
1638 2715 1763 2779 Ἵνα
1804 2715 1881 2795 μὴ

274 2806 402 2887 δόξῃ
435 2807 542 2865 ἀπὸ
570 2806 760 2888 φθόνου
805 2810 1096 2889 ἐπιτιμᾷν,
1144 2810 1241 2889 ἐπὶ,
1284 2813 1375 2868 τοῦ
1413 2808 1578 2869 Ἰδίου
1624 2807 1883 2887 ὀνόματος

272 2897 370 2967 τὴν
405 2895 674 2977 ἀναίρεσιν
726 2905 974 2959 ποιεῖται.
1010 2888 1145 2959 Οὐκ
1196 2888 1309 2958 εἷπε
1363 2896 1420 2960 δὲ
1448 2942 1462 2970 ,
1521 2898 1615 2970 Μὴ
1667 2901 1881 2966 Παῦλος

274 2986 517 3045 ἶπλασεν
558 2985 802 3063 ὖμᾶς;ἣ
849 2986 1017 3061 ἄλλην
1045 2989 1297 3059 τοιαύτην
1348 2989 1683 3067 εὐεργεσίαν,
1742 2988 1882 3048 ἀλλὰ

274 3076 361 3135 τὸν
407 3077 634 3158 σταυρὸν
688 3075 888 3156 ἤγαγεν
918 3080 991 3145 εἰς
1034 3078 1229 3155 μέσον,
1262 3077 1316 3144 ὅς
1359 3080 1471 3137 ἐστι
1514 3078 1707 3153 μείζων
1738 3077 1880 3137 πάν-

274 3189 381 3224 των
428 3164 694 3248 ᾄπόδειξις
737 3171 832 3240 τῆς
880 3166 1005 3246 περὶ
1036 3171 1179 3245 ἡμᾶς
1208 3166 1423 3242 ἀγάπης
1476 3173 1567 3227 τοῦ
1616 3170 1872 3248 Χριστοῦ.

269 3257 392 3315 Οὔκ
426 3244 575 3324 εἶπε,
614 3254 709 3328 Μὴ
756 3244 971 3325 Παῦλος
1022 3244 1319 3335 ἀπέθανεν;
1367 3256 1539 3331 ἀλλὰ,
1583 3281 1609 3315 (ι
1646 3244 1877 3319 Ἔσταυο

274 3344 463 3451 ρώθη;
492 3370 525 3403 ι
564 3344 678 3422 ἅμα
709 3345 802 3407 καὶ
832 3346 895 3407 16
924 3336 1063 3415 εἶδος
1093 3351 1187 3407 τοῦ
1231 3346 1458 3407 θανάτου
1490 3349 1651 3407 αὐτοῦ
1682 3349 1878 3421 δηλῶν.
1914 3385 1961 3451 C

278 3435 437 3497 Cod.
476 3437 765 3500 Arundel.
796 3440 814 3515 ]

366 3548 397 3582 ιι
426 3521 503 3585 Ἢ
538 3527 611 3593 εἷς
637 3528 698 3587 τὸ
724 3527 890 3605 ὄνομα
937 3525 1159 3588 Παύλου
1207 3526 1597 3602 ἐϐαπτίσθητε;
1625 3554 1652 3585 >›
1698 3525 1873 3588 Ἐϐά-

272 3638 445 3673 πτισα
476 3614 573 3689 μὲν
614 3618 703 3676 καὶ
736 3615 841 3695 ἐγὼ
861 3662 878 3690 ,
924 3618 1089 3698 φησὶ,
1123 3616 1348 3683 πολλοὺς
1368 3663 1383 3692 ,
1430 3620 1546 3677 ἀλλ’
1594 3621 1663 3686 εἷς
1694 3618 1754 3677 τὸ
1785 3622 1875 3676 τοῦ

261 3703 514 3783 ’Χριστοῦ
562 3705 755 3783 ὄνομα.
798 3710 974 3769 Τοῦτο
1024 3707 1079 3766 δὲ
1129 3708 1306 3787 λέγει,
1350 3708 1531 3779 ἐπειδὴ
1580 3710 1671 3768 καὶ
1724 3712 1877 3767 τοῦτο

272 3794 443 3854 αἴτιον
475 3795 677 3874 ἐγίνετο
708 3796 1008 3879 σχίσματος
1030 3842 1047 3871 ,
1096 3796 1157 3857 16
1200 3800 1308 3859 ἀπὸ
1354 3802 1459 3857 τῶν
1498 3799 1873 3878 βαπτισοὶντων

270 3886 577 3947 καλεῖσθαι.
635 3889 718 3948 Οὖ
779 3893 929 3948 τοῦτο
978 3887 1032 3945 δὲ
1072 3888 1342 3962 ζητεῖται,
1378 3888 1456 3955 τίς
1503 3892 1530 3947 6
1567 3887 1872 3969 βαπτίσας,

271 3975 395 4033 ἀλλ’
443 3976 514 4042 εἰς
562 3974 701 4044 τίνος
752 3978 921 4053 ὄνομα
976 3976 1220 4056 βαπτίζει
1268 4000 1284 4015 ο
1322 3981 1516 4046 ἐκεῖνος
1545 3980 1648 4060 γὰρ
1687 3977 1876 4060 ἀφίησι

266 4062 334 4122 τὰ
362 4064 738 4145 ἁμαρτήματα
760 4110 778 4139 ,
813 4069 913 4147 οὐχ
942 4070 969 4125 6
1003 4066 1295 4147 βαπτίζων.

351 4278 378 4302 ι
417 4252 734 4331 Εὐχαριστῶ
766 4254 841 4327 τῷ
870 4257 1031 4334 Θεῷ,
1064 4251 1146 4311 ὅτι
1175 4250 1366 4311 οὐδένα
1397 4252 1549 4330 ὑμῶν
1576 4250 1872 4331 ἐϐάπτισα,

267 4344 314 4400 ti
345 4340 427 4419 μὴ
470 4339 707 4421 Κρίσπον
736 4340 828 4399 καὶ
861 4342 1047 4403 Γάϊον.
1079 4370 1103 4395 ν
1133 4340 1206 4403 Τί
1234 4341 1373 4419 μέγα
1404 4342 1640 4423 φρονεῖτε
1658 4387 1673 4415 ,
1696 4344 1874 4423 φησὶν,

268 4430 359 4491 ἐπὶ
394 4435 471 4512 τῷ
508 4429 766 4510 βαπτίσαι
790 4477 807 4508 ,
844 4430 979 4491 ὅπου
1023 4456 1083 4511 γε
1133 4430 1240 4511 ἐγὼ
1286 4432 1588 4512 εὐχαριστῶ
1634 4434 1871 4509 μᾶλλον,

265 4522 350 4580 ὅτι
395 4526 551 4581 τοῦτο
582 4523 679 4581 οὐκ
727 4520 954 4595 ἐποίησα
980 4553 992 4594 ;
1029 4525 1217 4584 Ταῦτα
1262 4521 1319 4580 δέ
1360 4521 1504 4600 λέγει
1524 4568 1540 4600 ,
1569 4524 1626 4580 οὗ
1654 4522 1749 4594 τὴν
1781 4528 1873 4582 τοῦ

270 4610 646 4687 βαπτίσματος
699 4609 922 4689 δύναμιν
977 4615 1284 4691 καθαιρῶν,
1335 4612 1475 4671 ἀλλὰ
1520 4610 1617 4683 τὴν
1660 4613 1873 4672 ἐκείνων

274 4700 588 4769 ἀλαζονείαν
606 4748 621 4774 ,
644 4700 712 4773 ἢν
739 4692 879 4781 εἶχον
909 4702 998 4763 ἐπὶ
1019 4701 1214 4783 τούτῳ.
1246 4702 1327 4762 T6
1349 4700 1445 4777 μὲν
1466 4702 1570 4783 γὰρ
1596 4700 1877 4781 βάπτισμα

271 4790 421 4867 μέγα
438 4836 453 4861 ,
484 4790 544 4849 16
579 4790 630 4849 δὲ
672 4790 945 4871 βαπτίζειν
976 4794 1035 4851 οὐ
1067 4791 1226 4871 μέγα.

360 4994 393 5025 ι
424 4966 547 5031 Ἵνα
581 4971 658 5049 μή
688 4995 766 5040 τις
795 4971 956 5053 εἴπῃ,
1006 4970 1086 5031 ὅτι
1142 4974 1215 5039 εἷς
1263 4972 1324 5034 16
1373 4973 1499 5050 ἐμὸν
1550 4970 1722 5051 ὄνομα
1753 4972 1881 5034 ἐϐά-

266 5083 466 5123 πτισα.
508 5089 532 5113 ιι
576 5063 703 5143 Οὗχ
733 5062 814 5123 ὅτι
850 5062 971 5145 περὶ
1020 5062 1235 5123 ἐκείνων
1267 5068 1423 5123 τοῦτο
1448 5062 1661 5141 ἔλεγον,
1701 5062 1838 5123 ἀλλὰ
1860 5112 1876 5142 ,

268 5152 503 5213 Δέδοικα
525 5194 544 5227 ,
568 5153 741 5233 φησὶ,
778 5152 856 5229 μὴ
893 5156 965 5221 εἷς
993 5157 1149 5214 τοῦτο
1193 5153 1370 5233 προϐῇ
1402 5158 1436 5225 ἡ
1466 5153 1637 5220 νόσος.
1674 5157 1743 5216 Εἰ
1775 5155 1879 5236 γὰρ

266 5244 481 5302 ἀτελῶν
564 5245 859 5323 ἀνθρώπων
944 5244 1306 5325 βαπτιζόντων
1368 5243 1574 5324 αἵρεσις
1637 5244 1878 5325 γέγονεν,

265 5332 400 5400 ἴσως
446 5331 510 5392 ἂν
550 5334 685 5412 ἐμοῦ
726 5339 819 5393 τοῦ
871 5333 1100 5416 κήρυκος
1153 5334 1498 5414 βαπτίζοντος
1518 5377 1536 5407 ,
1584 5334 1722 5403 εἰκός
1768 5337 1883 5396 ἐστι

262 5422 529 5493 συστῆναί
582 5447 767 5498 τινας,
830 5422 922 5483 καὶ
967 5423 1030 5483 16
1090 5423 1372 5504 βάπτισμα
1433 5422 1551 5502 ἐμοὶ
1621 5426 1882 5506 ἐπιφημί-

272 5516 406 5582 ζειν.

1908 4570 1959 4633 D

1994 646 2107 696 tem
2130 641 2293 713 plena
2321 648 2406 698 est
2432 642 2634 698 oratio.
2671 643 2814 700 Sunt
2838 643 2957 717 qui,
2997 667 3023 693 α
3081 643 3302 702 Divisus
3329 652 3414 704 est
3436 645 3601 703 Chri-

1995 735 2155 788 stus?
2204 731 2281 787 sic
2329 730 2720 789 intellexerunt
2765 750 2782 788 :
2824 733 3072 791 Partitus
3130 742 3283 791 estne
3341 734 3597 793 Christus

1995 819 2143 893 apud
2171 819 2429 877 homines
2455 822 2782 889 Ecclesiam,
2800 831 2857 878 et
2884 838 3057 880 uuam
3087 832 3301 896 partem
3322 824 3441 897 ipse
3486 825 3594 883 sibi

1996 908 2287 982 acceperit,
2326 910 2554 967 alteram
2583 926 2711 967 vero
2741 911 2847 969 illis
2868 911 3084 970 dederit
3114 916 3137 968 Ρ

2066 998 2234 1072 425
2270 1024 2293 1051 ι
2326 1001 2474 1057 Num
2514 1001 2714 1059 Paulus
2755 1001 3048 1060 cruciﬁxus
3072 1010 3157 1061 est
3184 1019 3285 1076 pro
3325 1002 3524 1062 vobis?
3570 1028 3597 1055 ι

1994 1089 2410 1147 Absurditatem
2457 1090 2601 1147 tollit
2629 1106 2795 1163 quam
2833 1091 2874 1148 ii
2903 1089 3269 1161 admiserant,
3303 1109 3368 1151 ac
3398 1094 3602 1168 proprii

1992 1180 2235 1236 nominis
2262 1180 2543 1250 meminit,
2571 1197 2641 1237 ne
2662 1181 2920 1239 videatur
2960 1199 3025 1239 ex
3056 1182 3265 1240 invidia
3292 1184 3603 1242 alienorum

1992 1269 2280 1326 nominum
2293 1270 2635 1327 mentionem
2648 1268 2856 1328 fecisse.
2883 1274 3010 1328 Non
3040 1272 3180 1328 dixit
3196 1278 3381 1329 autem
3406 1291 3421 1330 :
3445 1276 3602 1331 Nun-

1993 1358 2121 1430 quid
2142 1360 2341 1417 Paulus
2367 1360 2525 1417 ﬁnxit
2550 1376 2648 1418 seu
2669 1362 2875 1418 creavit
2901 1377 2997 1419 vos
3039 1361 3185 1421 ?sed
3215 1363 3362 1435 quod
3422 1364 3601 1421 multo

1993 1449 2175 1521 majus
2201 1458 2308 1519 est,
2340 1450 2780 1523 inexplicabilem
2804 1452 2925 1526 ejus
2943 1452 3290 1509 clementiam
3324 1452 3596 1523 indicans,

1992 1553 2213 1595 crucem
2240 1540 2298 1595 in
2320 1539 2566 1596 medium
2597 1539 2896 1613 depromit.
2923 1544 3046 1598 Nec
3093 1541 3232 1598 dixit
3266 1561 3277 1597 :
3314 1543 3597 1617 Numquid

1993 1628 2195 1685 Paulus
2236 1637 2496 1687 mortuus
2524 1633 2660 1689 est?
2693 1630 2792 1688 sed
2824 1652 2836 1689 :
2875 1654 2900 1681 σι
2932 1631 3235 1689 Cruciﬁxus
3287 1638 3310 1690 Ρ
3348 1656 3370 1680 υ
3405 1634 3603 1691 mortis

1991 1718 2402 1786 contumeliam,
2447 1727 2506 1776 ut
2534 1720 2964 1791 existimabatur,
3007 1720 3415 1780 demonstrans.

2063 1810 2243 1866 Vsns.
2281 1815 2367 1867 13.
2405 1827 2432 1861 «
2466 1810 2688 1867 Divisus
2720 1820 2803 1868 est
2831 1811 3086 1869 Christus
3118 1816 3143 1869 ἓ
3186 1833 3213 1865 ιι
3245 1814 3601 1871 Dissecuistis

1993 1897 2277 1955 Christum
2308 1902 2333 1955 ?
2359 1900 2571 1973 Corpus
2599 1902 2714 1973 ejus
2742 1900 3040 1960 divisistis?
3088 1902 3281 1960 Diviso
3303 1904 3454 1960 enim
3479 1919 3598 1961 eor-

1997 2004 2127 2061 pore
2152 1988 2292 2062 ejus,
2319 1989 2471 2062 quod
2495 1998 2577 2046 est
2604 1991 2850 2048 Ecclesia
2873 2035 2889 2062 ,
2920 1992 3034 2066 ipse
3060 1994 3290 2050 omnino
3318 1993 3595 2053 dividitur.

1995 2078 2395 2152 lndignationis
2416 2090 2605 2137 autem
2628 2081 2789 2155 plena
2819 2090 2904 2139 est
2921 2084 3122 2140 oratio.
3155 2083 3419 2141 Nonnulli
3445 2100 3596 2151 vero.

1997 2190 2023 2218 α
2055 2169 2277 2227 Divisus
2297 2178 2380 2227 est
2416 2171 2663 2228 Christus
2704 2178 2783 2229 Ρ»
2814 2173 2886 2230 ita
2914 2172 3305 2231 intellexerunt
3353 2193 3367 2231 :
3418 2175 3599 2232 Parti-

1994 2267 2152 2315 tusne
2198 2268 2284 2316 est
2335 2261 2639 2319 Ecclesiam
2682 2262 3004 2336 ascriptitiis
3060 2263 3206 2321 hisce
3258 2264 3597 2334 doctoribus,

1993 2348 2218 2423 ipseque
2261 2365 2430 2407 uuam
2470 2352 2884 2424 portiunculam
2929 2354 3222 2428 accipiens,
3254 2356 3469 2412 caeteris
3503 2371 3598 2413 or-

1992 2439 2154 2495 batus
2180 2448 2264 2497 est
2289 2446 2312 2497 ?
2337 2442 2635 2515 Postquam
2668 2442 2819 2514 ipsos
2845 2442 2991 2500 hunc
3020 2444 3077 2500 in
3128 2443 3355 2501 modum
3398 2461 3597 2518 percu-

1991 2529 2163 2597 lisset,
2192 2528 2448 2602 deinceps
2499 2531 2758 2589 admissa
2788 2531 2860 2589 ab
2888 2531 3002 2589 illis
3057 2532 3419 2592 absurditatis
3447 2550 3599 2593 amo-

1995 2617 2246 2676 litionem
2270 2619 2604 2693 aggreditur.

2060 2711 2209 2765 Num
2249 2711 2449 2767 Paulus
2494 2709 2792 2769 cruciﬁxus
2847 2719 2932 2770 est
2960 2727 3060 2785 pro
3089 2712 3295 2772 vobis?
3326 2736 3351 2763 »
3392 2715 3475 2771 Ne
3529 2730 3596 2771 ex

1987 2796 2188 2855 invidia
2237 2799 2529 2874 objurgare
2564 2800 2834 2873 videatur,
2855 2803 2959 2859 sub
2989 2803 3212 2875 proprio
3240 2818 3342 2859 suo
3368 2806 3598 2862 nomine

1989 2886 2387 2947 refutationem
2440 2899 2615 2963 parat.
2659 2894 2781 2948 Non
2822 2901 3006 2949 autem
3056 2892 3198 2948 dixit
3258 2912 3270 2949 :
3330 2895 3600 2953 Paulusne

1992 2978 2150 3035 ﬁnxit
2192 2994 2288 3035 vos
2335 2980 2362 3034 ?
2408 2981 2487 3037 vel
2533 2980 2687 3038 aliud
2748 2981 3059 3039 istiusmodi
3099 2982 3451 3053 beneﬁcium,
3500 2984 3600 3042 sed

1989 3084 2213 3125 erucem
2272 3069 2332 3125 in
2382 3070 2629 3128 medium
2657 3071 2926 3144 protulit,
2979 3088 3105 3145 quae
3151 3072 3352 3131 Christi
3404 3073 3462 3130 in
3494 3090 3598 3132 nos

1989 3157 2276 3217 charitatis
2314 3161 2572 3219 omnium
2596 3163 2842 3219 maxima
2865 3162 3274 3220 demonstratio
3327 3172 3430 3221 est.
3464 3165 3593 3222 Non

1989 3246 2130 3306 dixit
2183 3269 2196 3305 :
2246 3251 2394 3307 Num
2424 3251 2627 3307 Paulus
2676 3261 2939 3310 mortuus
2980 3260 3071 3311 est
3110 3251 3281 3322 ?sed,
3319 3276 3341 3301 ι
3403 3254 3596 3312 Cruci-

1989 3337 2130 3396 ﬁxus
2154 3343 2178 3397 ἓ
2206 3348 2403 3398 mortis
2422 3340 2543 3413 eius
2572 3342 2819 3415 speciem
2858 3342 3024 3400 simul
3061 3343 3335 3401 indicans.

2064 3546 2089 3573 ‹‹
2111 3524 2224 3579 Aut
2247 3522 2303 3579 in
2330 3523 2555 3579 nomine
2579 3523 2734 3580 Pauli
2751 3521 3014 3596 baptizati
3037 3522 3169 3581 estis
3186 3528 3212 3581 Ρ
3232 3547 3257 3574 ν
3284 3524 3590 3598 Baptizavi,

1988 3613 2184 3687 inquit,
2214 3620 2271 3669 et
2295 3628 2397 3685 ego
2439 3628 2551 3669 non
2589 3628 2814 3685 paucos,
2838 3611 2937 3671 sed
2984 3614 3041 3669 in
3070 3613 3278 3671 Christi
3326 3616 3583 3673 nomine.

1989 3704 2050 3761 Id
2080 3719 2209 3760 vero
2249 3703 2348 3769 ait,
2385 3701 2837 3776 quandoquidem
2885 3711 2942 3759 et
2977 3718 3042 3760 ea
3101 3701 3419 3762 sobismatis
3467 3714 3592 3763 erat

1988 3809 2173 3863 causa,
2213 3808 2417 3865 nempe
2455 3791 2604 3866 quod
2629 3808 2661 3849 a
2690 3792 3098 3865 baptizantibus
3114 3794 3591 3851 nomenclaturam

1987 3883 2086 3940 sibi
2115 3883 2476 3956 usurpabant.
2518 3882 2682 3956 Atqui
2710 3899 2825 3939 non
2852 3882 2958 3940 hoc
2993 3883 3278 3956 quaeritur,
3331 3883 3593 3957 quisnam

1985 3973 2150 4031 fuerit
2178 3974 2271 4048 qui
2335 3973 2671 4046 baptismate
2699 3973 2946 4041 tinxerit,
2997 3981 3265 4032 caterum
3312 3974 3371 4031 in
3422 3976 3590 4049 cujus

1988 4064 2215 4122 nomine
2251 4062 2510 4137 baptizet.
2541 4065 2595 4120 Is
2624 4063 2774 4120 enim
2812 4072 3035 4137 peccata
3062 4064 3314 4135 remittit,
3357 4080 3470 4122 non
3495 4065 3589 4138 qui

1989 4154 2255 4228 baptizet.

2056 4249 2237 4304 VRBS.
2299 4250 2384 4302 14.
2426 4266 2453 4295 ι
2504 4244 2724 4302 Gratias
2779 4259 2882 4318 ago
2932 4246 3072 4315 Deo,
3104 4245 3255 4318 quod
3302 4245 3592 4304 neminem

1988 4345 2233 4394 vestrum
2274 4335 2687 4409 baptizaverim,
2735 4334 2845 4391 nisi
2888 4334 3143 4409 Crispum
3193 4344 3250 4393 et
3291 4337 3513 4394 Gaium.
3562 4358 3592 4393 ιι

1986 4426 2153 4498 Quid,
2180 4426 2381 4499 inquit,
2414 4424 2768 4499 baptizatoris
2811 4425 3042 4483 nomine
3091 4424 3229 4483 adeo
3275 4428 3594 4500 superbitis,

1990 4534 2118 4575 eum
2177 4533 2279 4590 ego
2322 4517 2505 4590 potius
2549 4516 2755 4587 gratias
2784 4531 2967 4590 agam,
2999 4516 3146 4589 quod
3200 4516 3347 4574 istud
3382 4532 3597 4590 nequa-

1991 4624 2157 4681 quam
2185 4606 2459 4664 fecerim?
2499 4610 2636 4665 Haac
2661 4614 2847 4664 autem
2876 4607 2970 4675 ait,
3022 4606 3378 4679 baptismatis
3407 4614 3599 4664 aucto-

1987 4698 2208 4755 ritatem
2244 4696 2674 4771 haudquaquam
2715 4697 3073 4765 imminuens,
3113 4695 3212 4752 sed
3249 4696 3469 4754 illorum
3511 4712 3596 4755 os-

1989 4789 2358 4845 tentationem
2409 4803 2581 4860 quam
2619 4787 2814 4844 hacin
2853 4803 2913 4844 re
2960 4786 3259 4843 habebant.
3311 4786 3596 4861 Siquidem

1988 4878 2259 4952 baptisma
2299 4893 2390 4935 res
2418 4893 2620 4953 magna
2650 4886 2765 4946 est;
2811 4877 3090 4952 baptizare
3120 4886 3306 4936 autem
3336 4893 3454 4938 non
3477 4894 3601 4954 per-

1985 4968 2113 5028 inde
2141 4984 2431 5042 magnum.

2061 5063 2335 5117 Vnas.l5.
2372 5082 2396 5108 ιι
2429 5062 2512 5117 Ne
2542 5059 2664 5132 quis
2693 5059 2864 5129 dicat,
2913 5059 3060 5134 quod
3090 5059 3150 5117 in
3193 5077 3318 5117 meo
3367 5060 3597 5117 nomine

1988 5149 2405 5224 baptizaverim.
2443 5173 2469 5198 ιο
2514 5153 2641 5207 Non
2692 5149 2847 5224 quod
2895 5150 2965 5208 de
3008 5150 3115 5208 illis
3152 5150 3260 5207 hoc
3318 5149 3591 5220 dicebam,

1990 5242 2085 5299 sed
2111 5248 2321 5309 metuo,
2356 5239 2554 5315 inquit,
2601 5255 2670 5298 ne
2721 5256 2784 5298 eo
2819 5241 3210 5314 progrediatur
3228 5240 3475 5297 morbus.
3530 5240 3589 5299 Si

1990 5332 2138 5390 enim
2166 5330 2397 5389 inﬁrmis
2444 5330 2763 5389 hominibus
2807 5329 3221 5404 baptizantibus
3249 5338 3595 5388 emerserunt

1991 5420 2252 5492 haereses,
2282 5421 2469 5480 forsan
2490 5438 2579 5478 me
2605 5437 2856 5494 pracoue
2876 5430 2933 5478 et
2968 5420 3239 5493 Apostolo
3258 5420 3590 5494 baptizante,

1988 5511 2280 5571 verisimile
2306 5520 2453 5570 esset
2481 5522 2544 5570 ut
2571 5512 2744 5587 aliqui
2778 5511 3187 5585 conspirarent,
3236 5519 3292 5571 et
3320 5509 3592 5587 baptisma

1996 5602 2131 5660 mihi
2150 5603 2506 5661 ascriberent.

1674 5704 1857 5764 Variae
1902 5705 2200 5765 lectiones.

340 5785 379 5817 "
408 5786 622 5841 διείλετο
653 5798 730 5839 m.
822 5782 863 5817 ¹³
892 5786 978 5837 τοῦ
1002 5782 1211 5855 Χριστοῦ
1230 5798 1289 5842 0.
