  <div class='ocr_page' id='page_1' title='image "/cluster/home/n/w/nwhite01/storage/ocr_20150623/124:no.2/coo.31924054870294/295.png"; bbox 0 0 4090 6418; ppageno 0'>
   <div class='ocr_carea' id='block_1_1' title="bbox 447 407 549 464">
    <p class='ocr_par' dir='ltr' id='par_1_1' title="bbox 447 407 549 464">
     <span class='ocr_line' id='line_1_1' title="bbox 447 407 549 464; baseline 0.01 -1"><span class='ocrx_word' id='word_1_1' title='bbox 447 407 549 464; x_wconf 72' lang='grc'><strong>575</strong></span> 
     </span>
    </p>
   </div>
   <div class='ocr_carea' id='block_1_2' title="bbox 443 622 2049 697">
    <p class='ocr_par' dir='ltr' id='par_1_2' title="bbox 443 622 2049 697">
     <span class='ocr_line' id='line_1_2' title="bbox 443 622 2049 697; baseline 0.002 -18"><span class='ocrx_word' id='word_1_2' title='bbox 443 622 853 695; x_wconf 86' lang='lat' dir='ltr'><strong>baptizaverim.</strong></span> <span class='ocrx_word' id='word_1_3' title='bbox 895 644 920 671; x_wconf 73' lang='grc' dir='ltr'><strong>υ</strong></span> <span class='ocrx_word' id='word_1_4' title='bbox 970 623 1053 679; x_wconf 85' lang='lat' dir='ltr'><strong>Ne</strong></span> <span class='ocrx_word' id='word_1_5' title='bbox 1077 622 1222 696; x_wconf 85' lang='lat' dir='ltr'><strong>quis,</strong></span> <span class='ocrx_word' id='word_1_6' title='bbox 1264 622 1457 681; x_wconf 89' lang='lat' dir='ltr'><strong>multis</strong></span> <span class='ocrx_word' id='word_1_7' title='bbox 1486 640 1517 680; x_wconf 93' lang='lat' dir='ltr'><strong>a</strong></span> <span class='ocrx_word' id='word_1_8' title='bbox 1538 639 1628 680; x_wconf 91' lang='lat' dir='ltr'><strong>me</strong></span> <span class='ocrx_word' id='word_1_9' title='bbox 1650 624 1960 697; x_wconf 87' lang='lat' dir='ltr'><strong>baptizatis,</strong></span> <span class='ocrx_word' id='word_1_10' title='bbox 1990 633 2049 682; x_wconf 87' lang='lat' dir='ltr'><strong>et</strong></span> 
     </span>
    </p>
   </div>
   <div class='ocr_carea' id='block_1_3' title="bbox 443 712 2050 786">
    <p class='ocr_par' dir='ltr' id='par_1_3' title="bbox 443 712 2050 786">
     <span class='ocr_line' id='line_1_3' title="bbox 443 712 2050 786; baseline 0 -17"><span class='ocrx_word' id='word_1_11' title='bbox 443 713 503 769; x_wconf 92' lang='lat' dir='ltr'><strong>in</strong></span> <span class='ocrx_word' id='word_1_12' title='bbox 544 720 755 770; x_wconf 67' lang='lat' dir='ltr'><strong>castum</strong></span> <span class='ocrx_word' id='word_1_13' title='bbox 799 728 1064 786; x_wconf 78' lang='lat' dir='ltr'><strong>magnum</strong></span> <span class='ocrx_word' id='word_1_14' title='bbox 1113 712 1566 781; x_wconf 88' lang='lat' dir='ltr'><strong>coalescentibus,</strong></span> <span class='ocrx_word' id='word_1_15' title='bbox 1597 714 1740 771; x_wconf 80' lang='lat' dir='ltr'><strong>dicat</strong></span> <span class='ocrx_word' id='word_1_16' title='bbox 1786 730 1875 771; x_wconf 91' lang='lat' dir='ltr'><strong>me</strong></span> <span class='ocrx_word' id='word_1_17' title='bbox 1923 714 2050 771; x_wconf 93' lang='lat' dir='ltr'><strong>illos</strong></span> 
     </span>
    </p>
   </div>
   <div class='ocr_carea' id='block_1_4' title="bbox 452 802 2049 877">
    <p class='ocr_par' dir='ltr' id='par_1_4' title="bbox 452 802 2049 877">
     <span class='ocr_line' id='line_1_4' title="bbox 452 802 2049 877; baseline 0 -17"><span class='ocrx_word' id='word_1_18' title='bbox 452 803 512 860; x_wconf 89' lang='lat' dir='ltr'><strong>in</strong></span> <span class='ocrx_word' id='word_1_19' title='bbox 546 818 677 861; x_wconf 92' lang='lat' dir='ltr'><strong>meo</strong></span> <span class='ocrx_word' id='word_1_20' title='bbox 731 803 961 859; x_wconf 89' lang='lat' dir='ltr'><strong>nomine</strong></span> <span class='ocrx_word' id='word_1_21' title='bbox 997 802 1324 876; x_wconf 86' lang='lat' dir='ltr'><strong>baptizasse,</strong></span> <span class='ocrx_word' id='word_1_22' title='bbox 1368 820 1480 877; x_wconf 90' lang='lat' dir='ltr'><strong>quo</strong></span> <span class='ocrx_word' id='word_1_23' title='bbox 1526 803 1661 860; x_wconf 91' lang='lat' dir='ltr'><strong>illud</strong></span> <span class='ocrx_word' id='word_1_24' title='bbox 1696 804 1828 876; x_wconf 84' lang='lat' dir='ltr'><strong>ipsis</strong></span> <span class='ocrx_word' id='word_1_25' title='bbox 1888 805 2049 860; x_wconf 90' lang='lat' dir='ltr'><strong>attri-</strong></span> 
     </span>
    </p>
   </div>
   <div class='ocr_carea' id='block_1_5' title="bbox 450 892 2049 965">
    <p class='ocr_par' dir='ltr' id='par_1_5' title="bbox 450 892 2049 965">
     <span class='ocr_line' id='line_1_5' title="bbox 450 892 2049 965; baseline -0.001 -15"><span class='ocrx_word' id='word_1_26' title='bbox 450 893 729 961; x_wconf 89' lang='lat' dir='ltr'><strong>bueretur,</strong></span> <span class='ocrx_word' id='word_1_27' title='bbox 759 900 923 965; x_wconf 90' lang='lat' dir='ltr'><strong>atque</strong></span> <span class='ocrx_word' id='word_1_28' title='bbox 965 892 1039 949; x_wconf 90' lang='lat' dir='ltr'><strong>illi</strong></span> <span class='ocrx_word' id='word_1_29' title='bbox 1090 909 1121 949; x_wconf 92' lang='lat' dir='ltr'><strong>a</strong></span> <span class='ocrx_word' id='word_1_30' title='bbox 1165 909 1255 949; x_wconf 92' lang='lat' dir='ltr'><strong>me</strong></span> <span class='ocrx_word' id='word_1_31' title='bbox 1282 894 1527 951; x_wconf 90' lang='lat' dir='ltr'><strong>Pauliani</strong></span> <span class='ocrx_word' id='word_1_32' title='bbox 1579 903 2049 965; x_wconf 88' lang='lat' dir='ltr'><strong>nuncuparentur.</strong></span> 
     </span>
    </p>
   </div>
   <div class='ocr_carea' id='block_1_6' title="bbox 455 982 2051 1056">
    <p class='ocr_par' dir='ltr' id='par_1_6' title="bbox 455 982 2051 1056">
     <span class='ocr_line' id='line_1_6' title="bbox 455 982 2051 1056; baseline 0.001 -16"><span class='ocrx_word' id='word_1_33' title='bbox 455 983 588 1040; x_wconf 86' lang='lat' dir='ltr'><strong>Illos</strong></span> <span class='ocrx_word' id='word_1_34' title='bbox 636 991 823 1042; x_wconf 90' lang='lat' dir='ltr'><strong>autem</strong></span> <span class='ocrx_word' id='word_1_35' title='bbox 879 990 1064 1056; x_wconf 90' lang='lat' dir='ltr'><strong>aperte</strong></span> <span class='ocrx_word' id='word_1_36' title='bbox 1120 982 1454 1052; x_wconf 81' lang='lat' dir='ltr'><strong>insectatur,</strong></span> <span class='ocrx_word' id='word_1_37' title='bbox 1502 983 1597 1056; x_wconf 89' lang='lat' dir='ltr'><strong>qui</strong></span> <span class='ocrx_word' id='word_1_38' title='bbox 1640 982 1784 1039; x_wconf 91' lang='lat' dir='ltr'><strong>hanc</strong></span> <span class='ocrx_word' id='word_1_39' title='bbox 1829 984 1900 1041; x_wconf 84' lang='lat' dir='ltr'><strong>ob</strong></span> <span class='ocrx_word' id='word_1_40' title='bbox 1932 1000 2051 1041; x_wconf 91' lang='lat' dir='ltr'><strong>rem</strong></span> 
     </span>
    </p>
   </div>
   <div class='ocr_carea' id='block_1_7' title="bbox 456 1072 2052 1146">
    <p class='ocr_par' dir='ltr' id='par_1_7' title="bbox 456 1072 2052 1146">
     <span class='ocr_line' id='line_1_7' title="bbox 456 1072 2052 1146; baseline -0.001 -16"><span class='ocrx_word' id='word_1_41' title='bbox 456 1072 661 1131; x_wconf 85' lang='lat' dir='ltr'><strong>multos</strong></span> <span class='ocrx_word' id='word_1_42' title='bbox 697 1073 1076 1146; x_wconf 77' lang='lat' dir='ltr'><strong>baptizabant.</strong></span> <span class='ocrx_word' id='word_1_43' title='bbox 1106 1073 1202 1130; x_wconf 87' lang='lat' dir='ltr'><strong>Vel</strong></span> <span class='ocrx_word' id='word_1_44' title='bbox 1242 1074 1410 1130; x_wconf 87' lang='lat' dir='ltr'><strong>etiam</strong></span> <span class='ocrx_word' id='word_1_45' title='bbox 1446 1073 1605 1131; x_wconf 84' lang='lat' dir='ltr'><strong>aliter</strong></span> <span class='ocrx_word' id='word_1_46' title='bbox 1638 1090 1651 1130; x_wconf 90' lang='lat'><strong>:</strong></span> <span class='ocrx_word' id='word_1_47' title='bbox 1694 1076 1796 1143; x_wconf 90' lang='lat' dir='ltr'><strong>Ne,</strong></span> <span class='ocrx_word' id='word_1_48' title='bbox 1838 1074 1887 1130; x_wconf 89' lang='lat' dir='ltr'><strong>si</strong></span> <span class='ocrx_word' id='word_1_49' title='bbox 1917 1074 2052 1130; x_wconf 87' lang='lat' dir='ltr'><strong>mihi</strong></span> 
     </span>
    </p>
   </div>
   <div class='ocr_carea' id='block_1_8' title="bbox 454 1162 2051 1236">
    <p class='ocr_par' dir='ltr' id='par_1_8' title="bbox 454 1162 2051 1236">
     <span class='ocr_line' id='line_1_8' title="bbox 454 1162 2051 1236; baseline 0 -16"><span class='ocrx_word' id='word_1_50' title='bbox 454 1162 896 1221; x_wconf 67' lang='lat' dir='ltr'><strong>adhaerescerent</strong></span> <span class='ocrx_word' id='word_1_51' title='bbox 925 1203 942 1232; x_wconf 93' lang='lat'><strong>,</strong></span> <span class='ocrx_word' id='word_1_52' title='bbox 963 1170 1019 1220; x_wconf 91' lang='lat' dir='ltr'><strong>et</strong></span> <span class='ocrx_word' id='word_1_53' title='bbox 1037 1178 1161 1221; x_wconf 91' lang='lat' dir='ltr'><strong>meo</strong></span> <span class='ocrx_word' id='word_1_54' title='bbox 1186 1165 1417 1221; x_wconf 86' lang='lat' dir='ltr'><strong>nomine</strong></span> <span class='ocrx_word' id='word_1_55' title='bbox 1469 1172 1803 1221; x_wconf 79' lang='lat' dir='ltr'><strong>vocarentur</strong></span> <span class='ocrx_word' id='word_1_56' title='bbox 1831 1169 2051 1236; x_wconf 90' lang='lat' dir='ltr'><strong>(quem-</strong></span> 
     </span>
    </p>
   </div>
   <div class='ocr_carea' id='block_1_9' title="bbox 454 1252 2052 1327">
    <p class='ocr_par' dir='ltr' id='par_1_9' title="bbox 454 1252 2052 1327">
     <span class='ocr_line' id='line_1_9' title="bbox 454 1252 2052 1327; baseline 0 -18"><span class='ocrx_word' id='word_1_57' title='bbox 454 1252 758 1311; x_wconf 87' lang='lat' dir='ltr'><strong>admodum</strong></span> <span class='ocrx_word' id='word_1_58' title='bbox 803 1253 963 1311; x_wconf 90' lang='lat' dir='ltr'><strong>multi</strong></span> <span class='ocrx_word' id='word_1_59' title='bbox 1005 1253 1073 1309; x_wconf 92' lang='lat' dir='ltr'><strong>ab</strong></span> <span class='ocrx_word' id='word_1_60' title='bbox 1102 1253 1169 1310; x_wconf 89' lang='lat' dir='ltr'><strong>iis</strong></span> <span class='ocrx_word' id='word_1_61' title='bbox 1215 1254 1307 1327; x_wconf 86' lang='lat' dir='ltr'><strong>qui</strong></span> <span class='ocrx_word' id='word_1_62' title='bbox 1338 1255 1488 1326; x_wconf 88' lang='lat' dir='ltr'><strong>ipsos</strong></span> <span class='ocrx_word' id='word_1_63' title='bbox 1544 1254 1913 1327; x_wconf 87' lang='lat' dir='ltr'><strong>baptizarunt,</strong></span> <span class='ocrx_word' id='word_1_64' title='bbox 1957 1269 2052 1327; x_wconf 89' lang='lat' dir='ltr'><strong>ap-</strong></span> 
     </span>
    </p>
   </div>
   <div class='ocr_carea' id='block_1_10' title="bbox 455 1343 2053 1417">
    <p class='ocr_par' dir='ltr' id='par_1_10' title="bbox 455 1343 2053 1417">
     <span class='ocr_line' id='line_1_10' title="bbox 455 1343 2053 1417; baseline -0.001 -16"><span class='ocrx_word' id='word_1_65' title='bbox 455 1343 794 1417; x_wconf 91' lang='lat' dir='ltr'><strong>pellantur),</strong></span> <span class='ocrx_word' id='word_1_66' title='bbox 822 1343 968 1401; x_wconf 85' lang='lat' dir='ltr'><strong>dicat</strong></span> <span class='ocrx_word' id='word_1_67' title='bbox 1004 1343 1219 1417; x_wconf 86' lang='lat' dir='ltr'><strong>aliquis,</strong></span> <span class='ocrx_word' id='word_1_68' title='bbox 1268 1343 1417 1416; x_wconf 91' lang='lat' dir='ltr'><strong>quod</strong></span> <span class='ocrx_word' id='word_1_69' title='bbox 1450 1344 1506 1400; x_wconf 93' lang='lat' dir='ltr'><strong>in</strong></span> <span class='ocrx_word' id='word_1_70' title='bbox 1535 1360 1661 1401; x_wconf 91' lang='lat' dir='ltr'><strong>meo</strong></span> <span class='ocrx_word' id='word_1_71' title='bbox 1708 1344 1934 1402; x_wconf 89' lang='lat' dir='ltr'><strong>nomine</strong></span> <span class='ocrx_word' id='word_1_72' title='bbox 1959 1344 2053 1400; x_wconf 88' lang='lat' dir='ltr'><strong>ba-</strong></span> 
     </span>
    </p>
   </div>
   <div class='ocr_carea' id='block_1_11' title="bbox 459 1433 1633 1506">
    <p class='ocr_par' dir='ltr' id='par_1_11' title="bbox 459 1433 1633 1506">
     <span class='ocr_line' id='line_1_11' title="bbox 459 1433 1633 1506; baseline 0 -16"><span class='ocrx_word' id='word_1_73' title='bbox 459 1434 795 1506; x_wconf 86' lang='lat' dir='ltr'><strong>ptizaverim,</strong></span> <span class='ocrx_word' id='word_1_74' title='bbox 823 1433 1057 1506; x_wconf 86' lang='lat' dir='ltr'><strong>ideoque</strong></span> <span class='ocrx_word' id='word_1_75' title='bbox 1080 1433 1215 1491; x_wconf 91' lang='lat' dir='ltr'><strong>mihi</strong></span> <span class='ocrx_word' id='word_1_76' title='bbox 1246 1434 1633 1506; x_wconf 87' lang='lat' dir='ltr'><strong>astipulentur.</strong></span> 
     </span>
    </p>
   </div>
   <div class='ocr_carea' id='block_1_12' title="bbox 530 1523 2057 1596">
    <p class='ocr_par' dir='ltr' id='par_1_12' title="bbox 530 1523 2057 1596">
     <span class='ocr_line' id='line_1_12' title="bbox 530 1523 2057 1596; baseline -0.001 -16"><span class='ocrx_word' id='word_1_77' title='bbox 530 1547 556 1574; x_wconf 74' lang='grc' dir='ltr'><strong>ι</strong></span> <span class='ocrx_word' id='word_1_78' title='bbox 580 1524 655 1581; x_wconf 89' lang='lat' dir='ltr'><strong>lis</strong></span> <span class='ocrx_word' id='word_1_79' title='bbox 677 1532 861 1580; x_wconf 91' lang='lat' dir='ltr'><strong>autem</strong></span> <span class='ocrx_word' id='word_1_80' title='bbox 880 1523 971 1596; x_wconf 90' lang='lat' dir='ltr'><strong>qui</strong></span> <span class='ocrx_word' id='word_1_81' title='bbox 1000 1523 1132 1581; x_wconf 86' lang='lat' dir='ltr'><strong>salvi</strong></span> <span class='ocrx_word' id='word_1_82' title='bbox 1165 1524 1341 1591; x_wconf 87' lang='lat' dir='ltr'><strong>ﬁunt,</strong></span> <span class='ocrx_word' id='word_1_83' title='bbox 1392 1524 1447 1581; x_wconf 91' lang='lat' dir='ltr'><strong>id</strong></span> <span class='ocrx_word' id='word_1_84' title='bbox 1478 1533 1581 1592; x_wconf 88' lang='lat' dir='ltr'><strong>est,</strong></span> <span class='ocrx_word' id='word_1_85' title='bbox 1607 1523 1787 1592; x_wconf 90' lang='lat' dir='ltr'><strong>nobis,</strong></span> <span class='ocrx_word' id='word_1_86' title='bbox 1814 1523 2057 1596; x_wconf 87' lang='lat' dir='ltr'><strong>potentia</strong></span> 
     </span>
    </p>
   </div>
   <div class='ocr_carea' id='block_1_13' title="bbox 460 1612 2058 1686">
    <p class='ocr_par' dir='ltr' id='par_1_13' title="bbox 460 1612 2058 1686">
     <span class='ocr_line' id='line_1_13' title="bbox 460 1612 2058 1686; baseline -0.001 -15"><span class='ocrx_word' id='word_1_87' title='bbox 460 1613 564 1671; x_wconf 91' lang='lat' dir='ltr'><strong>Dei</strong></span> <span class='ocrx_word' id='word_1_88' title='bbox 590 1621 689 1671; x_wconf 86' lang='lat' dir='ltr'><strong>est.</strong></span> <span class='ocrx_word' id='word_1_89' title='bbox 722 1637 748 1664; x_wconf 74' lang='grc' dir='ltr'><strong>α</strong></span> <span class='ocrx_word' id='word_1_90' title='bbox 778 1612 950 1673; x_wconf 87' lang='lat' dir='ltr'><strong>Nobis</strong></span> <span class='ocrx_word' id='word_1_91' title='bbox 970 1653 988 1681; x_wconf 90' lang='lat'><strong>,</strong></span> <span class='ocrx_word' id='word_1_92' title='bbox 1016 1614 1219 1686; x_wconf 89' lang='lat' dir='ltr'><strong>inquit,</strong></span> <span class='ocrx_word' id='word_1_93' title='bbox 1246 1614 1300 1671; x_wconf 93' lang='lat' dir='ltr'><strong>id</strong></span> <span class='ocrx_word' id='word_1_94' title='bbox 1320 1621 1434 1683; x_wconf 89' lang='lat' dir='ltr'><strong>est,</strong></span> <span class='ocrx_word' id='word_1_95' title='bbox 1462 1637 1489 1664; x_wconf 74' lang='grc' dir='ltr'><strong>ι</strong></span> <span class='ocrx_word' id='word_1_96' title='bbox 1516 1613 1793 1682; x_wconf 83' lang='lat' dir='ltr'><strong>ﬁdelibus,</strong></span> <span class='ocrx_word' id='word_1_97' title='bbox 1828 1614 1920 1686; x_wconf 92' lang='lat' dir='ltr'><strong>qui</strong></span> <span class='ocrx_word' id='word_1_98' title='bbox 1948 1630 2058 1669; x_wconf 89' lang='lat' dir='ltr'><strong>non</strong></span> 
     </span>
    </p>
   </div>
   <div class='ocr_carea' id='block_1_14' title="bbox 460 1703 2059 1776">
    <p class='ocr_par' dir='ltr' id='par_1_14' title="bbox 460 1703 2059 1776">
     <span class='ocr_line' id='line_1_14' title="bbox 460 1703 2059 1776; baseline -0.001 -16"><span class='ocrx_word' id='word_1_99' title='bbox 460 1703 721 1776; x_wconf 90' lang='lat' dir='ltr'><strong>perimus,</strong></span> <span class='ocrx_word' id='word_1_100' title='bbox 753 1703 848 1760; x_wconf 89' lang='lat' dir='ltr'><strong>sed</strong></span> <span class='ocrx_word' id='word_1_101' title='bbox 898 1719 1204 1771; x_wconf 79' lang='lat' dir='ltr'><strong>servamur,</strong></span> <span class='ocrx_word' id='word_1_102' title='bbox 1244 1720 1382 1761; x_wconf 82' lang='lat' dir='ltr'><strong>crux</strong></span> <span class='ocrx_word' id='word_1_103' title='bbox 1409 1705 1717 1776; x_wconf 88' lang='lat' dir='ltr'><strong>potentiam</strong></span> <span class='ocrx_word' id='word_1_104' title='bbox 1747 1704 1847 1760; x_wconf 90' lang='lat' dir='ltr'><strong>Dei</strong></span> <span class='ocrx_word' id='word_1_105' title='bbox 1870 1711 2059 1761; x_wconf 82' lang='lat' dir='ltr'><strong>osten-</strong></span> 
     </span>
    </p>
   </div>
   <div class='ocr_carea' id='block_1_15' title="bbox 458 1792 2063 1868">
    <p class='ocr_par' dir='ltr' id='par_1_15' title="bbox 458 1792 2063 1868">
     <span class='ocr_line' id='line_1_15' title="bbox 458 1792 2063 1868; baseline -0.001 -17"><span class='ocrx_word' id='word_1_106' title='bbox 458 1793 560 1851; x_wconf 88' lang='lat' dir='ltr'><strong>dit.</strong></span> <span class='ocrx_word' id='word_1_107' title='bbox 592 1794 805 1851; x_wconf 67' lang='lat' dir='ltr'><strong>Divinas</strong></span> <span class='ocrx_word' id='word_1_108' title='bbox 832 1792 984 1850; x_wconf 92' lang='lat' dir='ltr'><strong>enim</strong></span> <span class='ocrx_word' id='word_1_109' title='bbox 1014 1792 1277 1866; x_wconf 67' lang='lat' dir='ltr'><strong>potentiae</strong></span> <span class='ocrx_word' id='word_1_110' title='bbox 1295 1794 1513 1868; x_wconf 78' lang='lat' dir='ltr'><strong>signum</strong></span> <span class='ocrx_word' id='word_1_111' title='bbox 1549 1802 1668 1864; x_wconf 90' lang='lat' dir='ltr'><strong>est,</strong></span> <span class='ocrx_word' id='word_1_112' title='bbox 1721 1793 1871 1865; x_wconf 91' lang='lat' dir='ltr'><strong>quod</strong></span> <span class='ocrx_word' id='word_1_113' title='bbox 1894 1793 1939 1850; x_wconf 91' lang='lat' dir='ltr'><strong>is</strong></span> <span class='ocrx_word' id='word_1_114' title='bbox 1966 1793 2063 1866; x_wconf 90' lang='lat' dir='ltr'><strong>qui</strong></span> 
     </span>
    </p>
   </div>
   <div class='ocr_carea' id='block_1_16' title="bbox 1465 406 2740 465">
    <p class='ocr_par' dir='ltr' id='par_1_16' title="bbox 1465 406 2740 465">
     <span class='ocr_line' id='line_1_16' title="bbox 1465 406 2740 465; baseline -0.002 -1"><span class='ocrx_word' id='word_1_115' title='bbox 1465 407 1984 465; x_wconf 81' lang='lat' dir='ltr'><strong>THEOPHYLACTI</strong></span> <span class='ocrx_word' id='word_1_116' title='bbox 2024 408 2383 465; x_wconf 75' lang='lat' dir='ltr'><strong>BULGARl/E</strong></span> <span class='ocrx_word' id='word_1_117' title='bbox 2422 406 2740 463; x_wconf 78' lang='lat' dir='ltr'><strong>ARCHIEP.</strong></span> 
     </span>
    </p>
   </div>
   <div class='ocr_carea' id='block_1_17' title="bbox 512 533 2128 607">
    <p class='ocr_par' dir='ltr' id='par_1_17' title="bbox 512 533 2128 607">
     <span class='ocr_line' id='line_1_17' title="bbox 512 533 2128 607; baseline 0.001 -17"><span class='ocrx_word' id='word_1_118' title='bbox 512 536 694 592; x_wconf 71' lang='lat' dir='ltr'><strong>Vsus.</strong></span> <span class='ocrx_word' id='word_1_119' title='bbox 751 538 836 590; x_wconf 80' lang='lat'><strong>15.</strong></span> <span class='ocrx_word' id='word_1_120' title='bbox 902 553 930 585; x_wconf 73' lang='grc' dir='ltr'><strong>α</strong></span> <span class='ocrx_word' id='word_1_121' title='bbox 958 535 1035 590; x_wconf 90' lang='lat' dir='ltr'><strong>Ne</strong></span> <span class='ocrx_word' id='word_1_122' title='bbox 1067 533 1187 607; x_wconf 88' lang='lat' dir='ltr'><strong>quis</strong></span> <span class='ocrx_word' id='word_1_123' title='bbox 1216 533 1386 605; x_wconf 87' lang='lat' dir='ltr'><strong>dicat,</strong></span> <span class='ocrx_word' id='word_1_124' title='bbox 1417 533 1642 607; x_wconf 89' lang='lat' dir='ltr'><strong>quodin</strong></span> <span class='ocrx_word' id='word_1_125' title='bbox 1670 551 1796 592; x_wconf 90' lang='lat' dir='ltr'><strong>meo</strong></span> <span class='ocrx_word' id='word_1_126' title='bbox 1819 534 2044 593; x_wconf 88' lang='lat' dir='ltr'><strong>nomine</strong></span> <span class='ocrx_word' id='word_1_127' title='bbox 2073 541 2128 606; x_wconf 75' lang='grc' dir='ltr'><strong>Α</strong></span> 
     </span>
    </p>
   </div>
   <div class='ocr_carea' id='block_1_18' title="bbox 3651 404 3754 459">
    <p class='ocr_par' dir='ltr' id='par_1_18' title="bbox 3651 404 3754 459">
     <span class='ocr_line' id='line_1_18' title="bbox 3651 404 3754 459; baseline -0.01 0"><span class='ocrx_word' id='word_1_128' title='bbox 3651 404 3754 459; x_wconf 77' lang='grc'><strong>576</strong></span> 
     </span>
    </p>
   </div>
   <div class='ocr_carea' id='block_1_19' title="bbox 2242 527 3757 615">
    <p class='ocr_par' dir='ltr' id='par_1_19' title="bbox 2242 527 3757 615">
     <span class='ocr_line' id='line_1_19' title="bbox 2242 527 3757 615; baseline -0.019 0"><span class='ocrx_word' id='word_1_129' title='bbox 2242 537 2311 615; x_wconf 56' lang='grc' dir='ltr'><strong>[ξ’</strong></span> <span class='ocrx_word' id='word_1_130' title='bbox 2340 532 2467 595; x_wconf 77' lang='grc' dir='ltr'><strong>Ἵνα</strong></span> <span class='ocrx_word' id='word_1_131' title='bbox 2516 531 2591 610; x_wconf 77' lang='grc' dir='ltr'>μή</span> <span class='ocrx_word' id='word_1_132' title='bbox 2635 556 2714 600; x_wconf 72' lang='grc' dir='ltr'><strong>τις</strong></span> <span class='ocrx_word' id='word_1_133' title='bbox 2756 532 2881 612; x_wconf 70' lang='grc' dir='ltr'>εἴπῃ</span> <span class='ocrx_word' id='word_1_134' title='bbox 2908 576 2922 602; x_wconf 74' lang='grc' dir='ltr'><strong>ν</strong></span> <span class='ocrx_word' id='word_1_135' title='bbox 2955 530 3038 590; x_wconf 77' lang='grc' dir='ltr'><strong>δτι</strong></span> <span class='ocrx_word' id='word_1_136' title='bbox 3068 532 3141 599; x_wconf 72' lang='grc' dir='ltr'>εἷς</span> <span class='ocrx_word' id='word_1_137' title='bbox 3170 529 3232 590; x_wconf 73' lang='grc' dir='ltr'><strong>τὸ</strong></span> <span class='ocrx_word' id='word_1_138' title='bbox 3267 528 3394 606; x_wconf 69' lang='grc' dir='ltr'>ἐμὸν</span> <span class='ocrx_word' id='word_1_139' title='bbox 3434 528 3602 602; x_wconf 80' lang='grc' dir='ltr'>ὄνομα</span> <span class='ocrx_word' id='word_1_140' title='bbox 3634 527 3757 589; x_wconf 79' lang='grc' dir='ltr'>ἐϐά-</span> 
     </span>
    </p>
   </div>
   <div class='ocr_carea' id='block_1_20' title="bbox 2158 620 3752 702">
    <p class='ocr_par' dir='ltr' id='par_1_20' title="bbox 2158 620 3752 702">
     <span class='ocr_line' id='line_1_20' title="bbox 2158 620 3752 702; baseline -0.006 -16"><span class='ocrx_word' id='word_1_141' title='bbox 2158 649 2348 687; x_wconf 90' lang='grc' dir='ltr'>πτισα.</span> <span class='ocrx_word' id='word_1_142' title='bbox 2379 648 2407 684; x_wconf 75' lang='grc' dir='ltr'>ι)</span> <span class='ocrx_word' id='word_1_143' title='bbox 2464 621 2585 684; x_wconf 82' lang='grc' dir='ltr'>Ἵνα</span> <span class='ocrx_word' id='word_1_144' title='bbox 2635 622 2711 701; x_wconf 82' lang='grc' dir='ltr'><strong>μὴ</strong></span> <span class='ocrx_word' id='word_1_145' title='bbox 2744 623 2956 683; x_wconf 83' lang='grc' dir='ltr'>πολλῶν</span> <span class='ocrx_word' id='word_1_146' title='bbox 3008 620 3407 702; x_wconf 77' lang='grc' dir='ltr'><strong>βαπτισθέντων</strong></span> <span class='ocrx_word' id='word_1_147' title='bbox 3454 622 3547 679; x_wconf 72' lang='grc' dir='ltr'>ὐπ’</span> <span class='ocrx_word' id='word_1_148' title='bbox 3588 620 3752 696; x_wconf 90' lang='grc' dir='ltr'>ἐμοῦ,</span> 
     </span>
    </p>
   </div>
   <div class='ocr_carea' id='block_1_21' title="bbox 2158 707 3759 791">
    <p class='ocr_par' dir='ltr' id='par_1_21' title="bbox 2158 707 3759 791">
     <span class='ocr_line' id='line_1_21' title="bbox 2158 707 3759 791; baseline -0.007 -14"><span class='ocrx_word' id='word_1_149' title='bbox 2158 717 2248 777; x_wconf 79' lang='grc' dir='ltr'><strong>καὶ</strong></span> <span class='ocrx_word' id='word_1_150' title='bbox 2300 720 2551 789; x_wconf 80' lang='grc' dir='ltr'><strong>σύστημα</strong></span> <span class='ocrx_word' id='word_1_151' title='bbox 2583 714 2723 791; x_wconf 88' lang='grc' dir='ltr'>μέγα</span> <span class='ocrx_word' id='word_1_152' title='bbox 2757 712 3160 789; x_wconf 78' lang='grc' dir='ltr'><strong>ποιησαμένων,</strong></span> <span class='ocrx_word' id='word_1_153' title='bbox 3192 709 3315 788; x_wconf 79' lang='grc' dir='ltr'>εἴπῃ</span> <span class='ocrx_word' id='word_1_154' title='bbox 3356 733 3433 776; x_wconf 91' lang='grc' dir='ltr'><strong>τις</strong></span> <span class='ocrx_word' id='word_1_155' title='bbox 3464 709 3546 769; x_wconf 81' lang='grc' dir='ltr'><strong>ὅτι</strong></span> <span class='ocrx_word' id='word_1_156' title='bbox 3585 707 3673 769; x_wconf 73' lang='grc' dir='ltr'><strong>διὰ</strong></span> <span class='ocrx_word' id='word_1_157' title='bbox 3698 707 3759 768; x_wconf 79' lang='grc' dir='ltr'>τὸ</span> 
     </span>
    </p>
   </div>
   <div class='ocr_carea' id='block_1_22' title="bbox 2160 797 3757 885">
    <p class='ocr_par' dir='ltr' id='par_1_22' title="bbox 2160 797 3757 885">
     <span class='ocr_line' id='line_1_22' title="bbox 2160 797 3757 885; baseline -0.006 -18"><span class='ocrx_word' id='word_1_158' title='bbox 2160 808 2288 885; x_wconf 79' lang='grc' dir='ltr'>ἐμὸν</span> <span class='ocrx_word' id='word_1_159' title='bbox 2317 805 2488 884; x_wconf 85' lang='grc' dir='ltr'>ὄνομα</span> <span class='ocrx_word' id='word_1_160' title='bbox 2524 802 2792 865; x_wconf 76' lang='grc' dir='ltr'>ἐϐάπτισα</span> <span class='ocrx_word' id='word_1_161' title='bbox 2823 801 3044 875; x_wconf 74' lang='grc' dir='ltr'>αὐτοὺς,</span> <span class='ocrx_word' id='word_1_162' title='bbox 3076 800 3163 860; x_wconf 75' lang='grc' dir='ltr'><strong>ἵνα</strong></span> <span class='ocrx_word' id='word_1_163' title='bbox 3213 799 3607 883; x_wconf 83' lang='grc' dir='ltr'>ἐπιφημίζηται</span> <span class='ocrx_word' id='word_1_164' title='bbox 3635 797 3757 859; x_wconf 85' lang='grc' dir='ltr'>τού-</span> 
     </span>
    </p>
   </div>
   <div class='ocr_carea' id='block_1_23' title="bbox 2160 889 3759 972">
    <p class='ocr_par' dir='ltr' id='par_1_23' title="bbox 2160 889 3759 972">
     <span class='ocr_line' id='line_1_23' title="bbox 2160 889 3759 972; baseline -0.006 -17"><span class='ocrx_word' id='word_1_165' title='bbox 2160 920 2293 971; x_wconf 83' lang='grc' dir='ltr'>τοις,</span> <span class='ocrx_word' id='word_1_166' title='bbox 2323 897 2414 955; x_wconf 79' lang='grc' dir='ltr'><strong>καὶ</strong></span> <span class='ocrx_word' id='word_1_167' title='bbox 2458 894 2554 953; x_wconf 79' lang='grc' dir='ltr'>ἀπ’</span> <span class='ocrx_word' id='word_1_168' title='bbox 2585 895 2714 971; x_wconf 84' lang='grc' dir='ltr'>ἐμοῦ</span> <span class='ocrx_word' id='word_1_169' title='bbox 2758 895 3029 953; x_wconf 81' lang='grc' dir='ltr'>καλῶνται</span> <span class='ocrx_word' id='word_1_170' title='bbox 3079 890 3403 953; x_wconf 87' lang='grc' dir='ltr'>Παυλιανοί.</span> <span class='ocrx_word' id='word_1_171' title='bbox 3457 889 3759 972; x_wconf 80' lang='grc' dir='ltr'>Ἐμφαντι-</span> 
     </span>
    </p>
   </div>
   <div class='ocr_carea' id='block_1_24' title="bbox 2161 979 3748 1064">
    <p class='ocr_par' dir='ltr' id='par_1_24' title="bbox 2161 979 3748 1064">
     <span class='ocr_line' id='line_1_24' title="bbox 2161 979 3748 1064; baseline -0.006 -18"><span class='ocrx_word' id='word_1_172' title='bbox 2161 990 2267 1054; x_wconf 81' lang='grc' dir='ltr'><strong>κῶς</strong></span> <span class='ocrx_word' id='word_1_173' title='bbox 2289 986 2345 1046; x_wconf 80' lang='grc' dir='ltr'>δὲ</span> <span class='ocrx_word' id='word_1_174' title='bbox 2376 985 2583 1064; x_wconf 77' lang='grc' dir='ltr'>διέσυρε</span> <span class='ocrx_word' id='word_1_175' title='bbox 2621 983 2739 1051; x_wconf 81' lang='grc' dir='ltr'>τοὺς</span> <span class='ocrx_word' id='word_1_176' title='bbox 2769 982 2858 1043; x_wconf 80' lang='grc' dir='ltr'><strong>διὰ</strong></span> <span class='ocrx_word' id='word_1_177' title='bbox 2907 988 3061 1043; x_wconf 92' lang='grc' dir='ltr'>τοῦτο</span> <span class='ocrx_word' id='word_1_178' title='bbox 3107 979 3337 1049; x_wconf 71' lang='grc' dir='ltr'>πολλοὺς</span> <span class='ocrx_word' id='word_1_179' title='bbox 3376 979 3748 1060; x_wconf 76' lang='grc' dir='ltr'>βαπτίζοντᾳς.</span> 
     </span>
    </p>
   </div>
   <div class='ocr_carea' id='block_1_25' title="bbox 2163 1070 3759 1154">
    <p class='ocr_par' dir='ltr' id='par_1_25' title="bbox 2163 1070 3759 1154">
     <span class='ocr_line' id='line_1_25' title="bbox 2163 1070 3759 1154; baseline -0.005 -17"><span class='ocrx_word' id='word_1_180' title='bbox 2163 1075 2239 1137; x_wconf 86' lang='grc' dir='ltr'><em>Ἢ</em></span> <span class='ocrx_word' id='word_1_181' title='bbox 2271 1076 2363 1136; x_wconf 75' lang='grc' dir='ltr'>καὶ</span> <span class='ocrx_word' id='word_1_182' title='bbox 2407 1075 2582 1142; x_wconf 82' lang='grc' dir='ltr'>ἄλλως</span> <span class='ocrx_word' id='word_1_183' title='bbox 2609 1099 2621 1112; x_wconf 90' lang='grc'>·</span> <span class='ocrx_word' id='word_1_184' title='bbox 2651 1070 2768 1136; x_wconf 83' lang='grc' dir='ltr'>Ἵνα</span> <span class='ocrx_word' id='word_1_185' title='bbox 2811 1072 2889 1151; x_wconf 75' lang='grc' dir='ltr'><strong>μὴ</strong></span> <span class='ocrx_word' id='word_1_186' title='bbox 2934 1071 3332 1154; x_wconf 82' lang='grc' dir='ltr'><strong>προσκειμένων</strong></span> <span class='ocrx_word' id='word_1_187' title='bbox 3382 1094 3511 1147; x_wconf 89' lang='grc' dir='ltr'>μοι,</span> <span class='ocrx_word' id='word_1_188' title='bbox 3545 1070 3637 1129; x_wconf 81' lang='grc' dir='ltr'>καὶ</span> <span class='ocrx_word' id='word_1_189' title='bbox 3664 1071 3759 1129; x_wconf 85' lang='grc' dir='ltr'><strong>ἀπ’</strong></span> 
     </span>
    </p>
   </div>
   <div class='ocr_carea' id='block_1_26' title="bbox 2162 1159 3761 1246">
    <p class='ocr_par' dir='ltr' id='par_1_26' title="bbox 2162 1159 3761 1246">
     <span class='ocr_line' id='line_1_26' title="bbox 2162 1159 3761 1246; baseline -0.007 -18"><span class='ocrx_word' id='word_1_190' title='bbox 2162 1171 2293 1246; x_wconf 88' lang='grc' dir='ltr'>ἐμοῦ</span> <span class='ocrx_word' id='word_1_191' title='bbox 2350 1163 2689 1242; x_wconf 79' lang='grc' dir='ltr'>καλουμένων</span> <span class='ocrx_word' id='word_1_192' title='bbox 2749 1164 2765 1244; x_wconf 96' lang='grc'>(</span> <span class='ocrx_word' id='word_1_193' title='bbox 2810 1162 2990 1245; x_wconf 76' lang='grc' dir='ltr'>ὥσπερ</span> <span class='ocrx_word' id='word_1_194' title='bbox 3057 1162 3164 1223; x_wconf 82' lang='grc' dir='ltr'><strong>ἀπὸ</strong></span> <span class='ocrx_word' id='word_1_195' title='bbox 3223 1165 3327 1222; x_wconf 81' lang='grc' dir='ltr'><strong>τῶν</strong></span> <span class='ocrx_word' id='word_1_196' title='bbox 3385 1159 3761 1240; x_wconf 87' lang='grc' dir='ltr'>βαπτισάντων</span> 
     </span>
    </p>
   </div>
   <div class='ocr_carea' id='block_1_27' title="bbox 2164 1248 3762 1335">
    <p class='ocr_par' dir='ltr' id='par_1_27' title="bbox 2164 1248 3762 1335">
     <span class='ocr_line' id='line_1_27' title="bbox 2164 1248 3762 1335; baseline -0.004 -19"><span class='ocrx_word' id='word_1_197' title='bbox 2164 1256 2349 1325; x_wconf 80' lang='grc' dir='ltr'>αὐτοὺς</span> <span class='ocrx_word' id='word_1_198' title='bbox 2375 1255 2615 1332; x_wconf 72' lang='grc' dir='ltr'>πολλοὶ),</span> <span class='ocrx_word' id='word_1_199' title='bbox 2642 1254 2767 1335; x_wconf 75' lang='grc' dir='ltr'>εἴπῃ</span> <span class='ocrx_word' id='word_1_200' title='bbox 2798 1278 2878 1322; x_wconf 85' lang='grc' dir='ltr'><strong>τις</strong></span> <span class='ocrx_word' id='word_1_201' title='bbox 2905 1253 2985 1313; x_wconf 78' lang='grc' dir='ltr'><strong>ὅτι</strong></span> <span class='ocrx_word' id='word_1_202' title='bbox 3020 1253 3091 1320; x_wconf 83' lang='grc' dir='ltr'>εἰς</span> <span class='ocrx_word' id='word_1_203' title='bbox 3134 1251 3194 1311; x_wconf 82' lang='grc' dir='ltr'><strong>τὸ</strong></span> <span class='ocrx_word' id='word_1_204' title='bbox 3243 1250 3369 1329; x_wconf 81' lang='grc' dir='ltr'>ἐμὸν</span> <span class='ocrx_word' id='word_1_205' title='bbox 3416 1248 3586 1327; x_wconf 82' lang='grc' dir='ltr'>ὄνομα</span> <span class='ocrx_word' id='word_1_206' title='bbox 3629 1248 3762 1310; x_wconf 77' lang='grc' dir='ltr'>ἐϐά-</span> 
     </span>
    </p>
   </div>
   <div class='ocr_carea' id='block_1_28' title="bbox 2164 1340 3522 1423">
    <p class='ocr_par' dir='ltr' id='par_1_28' title="bbox 2164 1340 3522 1423">
     <span class='ocr_line' id='line_1_28' title="bbox 2164 1340 3522 1423; baseline -0.006 -16"><span class='ocrx_word' id='word_1_207' title='bbox 2164 1370 2331 1407; x_wconf 93' lang='grc' dir='ltr'>πτισα</span> <span class='ocrx_word' id='word_1_208' title='bbox 2356 1344 2545 1413; x_wconf 71' lang='grc' dir='ltr'>αὐτοὺς</span> <span class='ocrx_word' id='word_1_209' title='bbox 2564 1391 2579 1420; x_wconf 93' lang='grc'><strong>,</strong></span> <span class='ocrx_word' id='word_1_210' title='bbox 2606 1344 2697 1405; x_wconf 77' lang='grc' dir='ltr'><strong>καὶ</strong></span> <span class='ocrx_word' id='word_1_211' title='bbox 2729 1343 2816 1405; x_wconf 77' lang='grc' dir='ltr'><strong>διὰ</strong></span> <span class='ocrx_word' id='word_1_212' title='bbox 2848 1342 3003 1404; x_wconf 91' lang='grc' dir='ltr'>τοῦτό</span> <span class='ocrx_word' id='word_1_213' title='bbox 3032 1366 3124 1421; x_wconf 90' lang='grc' dir='ltr'><strong>μοι</strong></span> <span class='ocrx_word' id='word_1_214' title='bbox 3152 1340 3522 1423; x_wconf 76' lang='grc' dir='ltr'>πρόσκεινται.</span> 
     </span>
    </p>
   </div>
   <div class='ocr_carea' id='block_1_29' title="bbox 2252 1522 3767 1606">
    <p class='ocr_par' dir='ltr' id='par_1_29' title="bbox 2252 1522 3767 1606">
     <span class='ocr_line' id='line_1_29' title="bbox 2252 1522 3767 1606; baseline -0.007 -20"><span class='ocrx_word' id='word_1_215' title='bbox 2252 1553 2284 1586; x_wconf 82' lang='grc' dir='ltr'><strong>α</strong></span> <span class='ocrx_word' id='word_1_216' title='bbox 2314 1529 2441 1597; x_wconf 82' lang='grc' dir='ltr'>Τοῖς</span> <span class='ocrx_word' id='word_1_217' title='bbox 2492 1528 2547 1588; x_wconf 82' lang='grc' dir='ltr'>δὲ</span> <span class='ocrx_word' id='word_1_218' title='bbox 2594 1526 2908 1606; x_wconf 81' lang='grc' dir='ltr'>σωζομένοις</span> <span class='ocrx_word' id='word_1_219' title='bbox 2936 1532 3066 1605; x_wconf 79' lang='grc' dir='ltr'>ἡμῖν</span> <span class='ocrx_word' id='word_1_220' title='bbox 3112 1522 3339 1603; x_wconf 88' lang='grc' dir='ltr'>δύναμις</span> <span class='ocrx_word' id='word_1_221' title='bbox 3366 1526 3512 1586; x_wconf 85' lang='grc' dir='ltr'>Θεοῦ</span> <span class='ocrx_word' id='word_1_222' title='bbox 3544 1524 3707 1585; x_wconf 91' lang='grc' dir='ltr'>ἐστιν.</span> <span class='ocrx_word' id='word_1_223' title='bbox 3743 1548 3767 1575; x_wconf 68' lang='grc' dir='ltr'><strong>υ</strong></span> 
     </span>
    </p>
   </div>
   <div class='ocr_carea' id='block_1_30' title="bbox 2168 1612 3768 1702">
    <p class='ocr_par' dir='ltr' id='par_1_30' title="bbox 2168 1612 3768 1702">
     <span class='ocr_line' id='line_1_30' title="bbox 2168 1612 3768 1702; baseline -0.006 -19"><span class='ocrx_word' id='word_1_224' title='bbox 2168 1619 2337 1699; x_wconf 73' lang='grc' dir='ltr'>⁶Ημῖν</span> <span class='ocrx_word' id='word_1_225' title='bbox 2355 1665 2371 1694; x_wconf 87' lang='grc'><strong>,</strong></span> <span class='ocrx_word' id='word_1_226' title='bbox 2404 1619 2533 1702; x_wconf 74' lang='grc' dir='ltr'>φησὶ</span> <span class='ocrx_word' id='word_1_227' title='bbox 2548 1665 2563 1694; x_wconf 91' lang='grc'><strong>,</strong></span> <span class='ocrx_word' id='word_1_228' title='bbox 2597 1620 2704 1687; x_wconf 85' lang='grc' dir='ltr'>τοῖς</span> <span class='ocrx_word' id='word_1_229' title='bbox 2728 1618 2934 1685; x_wconf 83' lang='grc' dir='ltr'>πιστοῖς</span> <span class='ocrx_word' id='word_1_230' title='bbox 2956 1662 2974 1693; x_wconf 83' lang='lat'><strong>,</strong></span> <span class='ocrx_word' id='word_1_231' title='bbox 3004 1623 3113 1684; x_wconf 92' lang='grc' dir='ltr'>τοῖς</span> <span class='ocrx_word' id='word_1_232' title='bbox 3135 1615 3211 1693; x_wconf 77' lang='grc' dir='ltr'><strong>μὴ</strong></span> <span class='ocrx_word' id='word_1_233' title='bbox 3235 1612 3595 1686; x_wconf 82' lang='grc' dir='ltr'>ἀπολωλόσιν,</span> <span class='ocrx_word' id='word_1_234' title='bbox 3627 1613 3768 1673; x_wconf 75' lang='grc' dir='ltr'>ἀλλὰ</span> 
     </span>
    </p>
   </div>
   <div class='ocr_carea' id='block_1_31' title="bbox 2171 1702 3765 1789">
    <p class='ocr_par' dir='ltr' id='par_1_31' title="bbox 2171 1702 3765 1789">
     <span class='ocr_line' id='line_1_31' title="bbox 2171 1702 3765 1789; baseline -0.006 -17"><span class='ocrx_word' id='word_1_235' title='bbox 2171 1710 2519 1789; x_wconf 80' lang='grc' dir='ltr'>σωζομένοις,</span> <span class='ocrx_word' id='word_1_236' title='bbox 2584 1707 2809 1786; x_wconf 88' lang='grc' dir='ltr'>δύναμιν</span> <span class='ocrx_word' id='word_1_237' title='bbox 2888 1710 3033 1770; x_wconf 80' lang='grc' dir='ltr'>Θεοῦ</span> <span class='ocrx_word' id='word_1_238' title='bbox 3109 1704 3360 1787; x_wconf 76' lang='grc' dir='ltr'>ἐμφαίνει</span> <span class='ocrx_word' id='word_1_239' title='bbox 3416 1707 3445 1762; x_wconf 82' lang='grc' dir='ltr'><strong>ὃ</strong></span> <span class='ocrx_word' id='word_1_240' title='bbox 3518 1702 3765 1783; x_wconf 85' lang='grc' dir='ltr'>σταυρός.</span> 
     </span>
    </p>
   </div>
   <div class='ocr_carea' id='block_1_32' title="bbox 2174 1794 3767 1880">
    <p class='ocr_par' dir='ltr' id='par_1_32' title="bbox 2174 1794 3767 1880">
     <span class='ocr_line' id='line_1_32' title="bbox 2174 1794 3767 1880; baseline -0.007 -18"><span class='ocrx_word' id='word_1_241' title='bbox 2174 1802 2462 1878; x_wconf 88' lang='grc' dir='ltr'>Δυνάμεως</span> <span class='ocrx_word' id='word_1_242' title='bbox 2517 1798 2620 1880; x_wconf 74' lang='grc' dir='ltr'><strong>γὰρ</strong></span> <span class='ocrx_word' id='word_1_243' title='bbox 2673 1798 2850 1877; x_wconf 80' lang='grc' dir='ltr'>θείας,</span> <span class='ocrx_word' id='word_1_244' title='bbox 2902 1798 2963 1859; x_wconf 80' lang='grc' dir='ltr'><strong>τὸ</strong></span> <span class='ocrx_word' id='word_1_245' title='bbox 3006 1796 3094 1856; x_wconf 79' lang='grc' dir='ltr'><strong>τὸν</strong></span> <span class='ocrx_word' id='word_1_246' title='bbox 3147 1798 3200 1855; x_wconf 89' lang='grc' dir='ltr'><strong>ἐν</strong></span> <span class='ocrx_word' id='word_1_247' title='bbox 3260 1796 3445 1863; x_wconf 80' lang='grc' dir='ltr'>δεινοῖς</span> <span class='ocrx_word' id='word_1_248' title='bbox 3485 1794 3767 1874; x_wconf 84' lang='grc' dir='ltr'>γενόμενον</span> 
     </span>
    </p>
   </div>
   <div class='ocr_carea' id='block_1_33' title="bbox 460 1882 2068 1973">
    <p class='ocr_par' dir='ltr' id='par_1_33' title="bbox 460 1882 2061 1957">
     <span class='ocr_line' id='line_1_33' title="bbox 460 1882 2061 1957; baseline 0 -17"><span class='ocrx_word' id='word_1_249' title='bbox 460 1899 549 1940; x_wconf 88' lang='lat' dir='ltr'><strong>res</strong></span> <span class='ocrx_word' id='word_1_250' title='bbox 566 1882 821 1940; x_wconf 86' lang='lat' dir='ltr'><strong>adversas</strong></span> <span class='ocrx_word' id='word_1_251' title='bbox 850 1883 1071 1954; x_wconf 88' lang='lat' dir='ltr'><strong>patitur,</strong></span> <span class='ocrx_word' id='word_1_252' title='bbox 1103 1882 1185 1939; x_wconf 88' lang='lat' dir='ltr'><strong>eis</strong></span> <span class='ocrx_word' id='word_1_253' title='bbox 1210 1885 1464 1956; x_wconf 86' lang='lat' dir='ltr'><strong>superior</strong></span> <span class='ocrx_word' id='word_1_254' title='bbox 1505 1883 1722 1941; x_wconf 83' lang='lat' dir='ltr'><strong>evadat.</strong></span> <span class='ocrx_word' id='word_1_255' title='bbox 1758 1887 1841 1940; x_wconf 78' lang='lat' dir='ltr'><strong>Ac</strong></span> <span class='ocrx_word' id='word_1_256' title='bbox 1866 1899 2061 1957; x_wconf 91' lang='lat' dir='ltr'><strong>quem-</strong></span> 
     </span>
    </p>
   </div>
   <div class='ocr_carea' id='block_1_34' title="bbox 2176 1882 3768 1973">
    <p class='ocr_par' dir='ltr' id='par_1_34' title="bbox 2176 1883 3768 1973">
     <span class='ocr_line' id='line_1_34' title="bbox 2176 1883 3768 1973; baseline -0.006 -22"><span class='ocrx_word' id='word_1_257' title='bbox 2176 1890 2421 1973; x_wconf 85' lang='grc' dir='ltr'>ἆνωτέρω</span> <span class='ocrx_word' id='word_1_258' title='bbox 2448 1892 2553 1949; x_wconf 83' lang='grc' dir='ltr'><strong>τῶν</strong></span> <span class='ocrx_word' id='word_1_259' title='bbox 2586 1891 2768 1949; x_wconf 80' lang='grc' dir='ltr'>δεινῶν</span> <span class='ocrx_word' id='word_1_260' title='bbox 2798 1887 3063 1968; x_wconf 87' lang='grc' dir='ltr'>γενέσθαι.</span> <span class='ocrx_word' id='word_1_261' title='bbox 3120 1885 3227 1947; x_wconf 76' lang='grc' dir='ltr'><strong>Καὶ</strong></span> <span class='ocrx_word' id='word_1_262' title='bbox 3262 1885 3504 1965; x_wconf 86' lang='grc' dir='ltr'>καθάπερ</span> <span class='ocrx_word' id='word_1_263' title='bbox 3544 1883 3631 1944; x_wconf 76' lang='grc' dir='ltr'>ἐπὶ</span> <span class='ocrx_word' id='word_1_264' title='bbox 3660 1885 3768 1973; x_wconf 78' lang='grc' dir='ltr'><strong>τῶν</strong></span> 
     </span>
    </p>
   </div>
   <div class='ocr_carea' id='block_1_35' title="bbox 459 1972 2064 2048">
    <p class='ocr_par' dir='ltr' id='par_1_35' title="bbox 459 1972 2064 2048">
     <span class='ocr_line' id='line_1_35' title="bbox 459 1972 2064 2048; baseline -0.001 -18"><span class='ocrx_word' id='word_1_265' title='bbox 459 1972 763 2030; x_wconf 90' lang='lat' dir='ltr'><strong>admodum</strong></span> <span class='ocrx_word' id='word_1_266' title='bbox 827 1973 883 2029; x_wconf 91' lang='lat' dir='ltr'><strong>in</strong></span> <span class='ocrx_word' id='word_1_267' title='bbox 935 1973 1114 2031; x_wconf 87' lang='lat' dir='ltr'><strong>tribus</strong></span> <span class='ocrx_word' id='word_1_268' title='bbox 1177 1973 1362 2046; x_wconf 90' lang='lat' dir='ltr'><strong>pueris</strong></span> <span class='ocrx_word' id='word_1_269' title='bbox 1438 1974 1616 2048; x_wconf 77' lang='lat' dir='ltr'><strong>magis</strong></span> <span class='ocrx_word' id='word_1_270' title='bbox 1675 1973 2064 2031; x_wconf 89' lang='lat' dir='ltr'><strong>admirandum</strong></span> 
     </span>
    </p>
   </div>
   <div class='ocr_carea' id='block_1_36' title="bbox 458 2062 2070 2136">
    <p class='ocr_par' dir='ltr' id='par_1_36' title="bbox 458 2062 2070 2136">
     <span class='ocr_line' id='line_1_36' title="bbox 458 2062 2070 2136; baseline 0 -16"><span class='ocrx_word' id='word_1_271' title='bbox 458 2073 595 2133; x_wconf 85' lang='lat' dir='ltr'><strong>erat,</strong></span> <span class='ocrx_word' id='word_1_272' title='bbox 634 2064 786 2136; x_wconf 89' lang='lat' dir='ltr'><strong>quod</strong></span> <span class='ocrx_word' id='word_1_273' title='bbox 816 2079 945 2119; x_wconf 91' lang='lat' dir='ltr'><strong>cum</strong></span> <span class='ocrx_word' id='word_1_274' title='bbox 986 2062 1344 2121; x_wconf 88' lang='lat' dir='ltr'><strong>infornacem</strong></span> <span class='ocrx_word' id='word_1_275' title='bbox 1383 2063 1731 2130; x_wconf 87' lang='lat' dir='ltr'><strong>incidissent,</strong></span> <span class='ocrx_word' id='word_1_276' title='bbox 1760 2080 1876 2120; x_wconf 91' lang='lat' dir='ltr'><strong>non</strong></span> <span class='ocrx_word' id='word_1_277' title='bbox 1919 2080 2070 2120; x_wconf 91' lang='lat' dir='ltr'><strong>com-</strong></span> 
     </span>
    </p>
   </div>
   <div class='ocr_carea' id='block_1_37' title="bbox 462 2152 2063 2226">
    <p class='ocr_par' dir='ltr' id='par_1_37' title="bbox 462 2152 2063 2226">
     <span class='ocr_line' id='line_1_37' title="bbox 462 2152 2063 2226; baseline 0.001 -17"><span class='ocrx_word' id='word_1_278' title='bbox 462 2153 610 2211; x_wconf 84' lang='lat' dir='ltr'><strong>busti</strong></span> <span class='ocrx_word' id='word_1_279' title='bbox 640 2161 821 2223; x_wconf 86' lang='lat' dir='ltr'><strong>erant,</strong></span> <span class='ocrx_word' id='word_1_280' title='bbox 848 2168 1017 2226; x_wconf 89' lang='lat' dir='ltr'><strong>quam</strong></span> <span class='ocrx_word' id='word_1_281' title='bbox 1047 2154 1092 2209; x_wconf 87' lang='lat' dir='ltr'><strong>si</strong></span> <span class='ocrx_word' id='word_1_282' title='bbox 1118 2152 1176 2208; x_wconf 91' lang='lat' dir='ltr'><strong>in</strong></span> <span class='ocrx_word' id='word_1_283' title='bbox 1216 2154 1502 2211; x_wconf 89' lang='lat' dir='ltr'><strong>caminum</strong></span> <span class='ocrx_word' id='word_1_284' title='bbox 1535 2170 1649 2211; x_wconf 92' lang='lat' dir='ltr'><strong>non</strong></span> <span class='ocrx_word' id='word_1_285' title='bbox 1692 2153 2018 2211; x_wconf 89' lang='lat' dir='ltr'><strong>incidissent</strong></span> <span class='ocrx_word' id='word_1_286' title='bbox 2050 2172 2063 2210; x_wconf 90' lang='lat'><strong>:</strong></span> 
     </span>
    </p>
   </div>
   <div class='ocr_carea' id='block_1_38' title="bbox 462 2242 2067 2316">
    <p class='ocr_par' dir='ltr' id='par_1_38' title="bbox 462 2242 2067 2316">
     <span class='ocr_line' id='line_1_38' title="bbox 462 2242 2067 2316; baseline -0.001 -16"><span class='ocrx_word' id='word_1_287' title='bbox 462 2251 636 2314; x_wconf 90' lang='lat' dir='ltr'><strong>atque</strong></span> <span class='ocrx_word' id='word_1_288' title='bbox 662 2243 743 2300; x_wconf 90' lang='lat' dir='ltr'><strong>uti</strong></span> <span class='ocrx_word' id='word_1_289' title='bbox 768 2242 824 2298; x_wconf 89' lang='lat' dir='ltr'><strong>in</strong></span> <span class='ocrx_word' id='word_1_290' title='bbox 875 2245 1014 2299; x_wconf 90' lang='lat' dir='ltr'><strong>Jona</strong></span> <span class='ocrx_word' id='word_1_291' title='bbox 1066 2243 1246 2315; x_wconf 88' lang='lat' dir='ltr'><strong>majus</strong></span> <span class='ocrx_word' id='word_1_292' title='bbox 1287 2254 1405 2300; x_wconf 89' lang='lat' dir='ltr'><strong>erat</strong></span> <span class='ocrx_word' id='word_1_293' title='bbox 1456 2243 1605 2316; x_wconf 90' lang='lat' dir='ltr'><strong>quod</strong></span> <span class='ocrx_word' id='word_1_294' title='bbox 1649 2259 1681 2298; x_wconf 92' lang='lat' dir='ltr'><strong>a</strong></span> <span class='ocrx_word' id='word_1_295' title='bbox 1722 2252 1845 2300; x_wconf 92' lang='lat' dir='ltr'><strong>ceto</strong></span> <span class='ocrx_word' id='word_1_296' title='bbox 1882 2243 2067 2300; x_wconf 89' lang='lat' dir='ltr'><strong>absor-</strong></span> 
     </span>
    </p>
   </div>
   <div class='ocr_carea' id='block_1_39' title="bbox 464 2333 2067 2407">
    <p class='ocr_par' dir='ltr' id='par_1_39' title="bbox 464 2333 2067 2407">
     <span class='ocr_line' id='line_1_39' title="bbox 464 2333 2067 2407; baseline 0 -18"><span class='ocrx_word' id='word_1_297' title='bbox 464 2342 588 2404; x_wconf 90' lang='lat' dir='ltr'><strong>ptus</strong></span> <span class='ocrx_word' id='word_1_298' title='bbox 637 2348 753 2390; x_wconf 90' lang='lat' dir='ltr'><strong>non</strong></span> <span class='ocrx_word' id='word_1_299' title='bbox 808 2341 1249 2402; x_wconf 87' lang='lat' dir='ltr'><strong>consumeretur,</strong></span> <span class='ocrx_word' id='word_1_300' title='bbox 1307 2349 1475 2407; x_wconf 89' lang='lat' dir='ltr'><strong>quam</strong></span> <span class='ocrx_word' id='word_1_301' title='bbox 1528 2333 1575 2391; x_wconf 90' lang='lat' dir='ltr'><strong>si</strong></span> <span class='ocrx_word' id='word_1_302' title='bbox 1604 2350 1719 2390; x_wconf 92' lang='lat' dir='ltr'><strong>non</strong></span> <span class='ocrx_word' id='word_1_303' title='bbox 1773 2333 2067 2405; x_wconf 87' lang='lat' dir='ltr'><strong>absorptus</strong></span> 
     </span>
    </p>
   </div>
   <div class='ocr_carea' id='block_1_40' title="bbox 464 2421 2065 2497">
    <p class='ocr_par' dir='ltr' id='par_1_40' title="bbox 464 2421 2065 2497">
     <span class='ocr_line' id='line_1_40' title="bbox 464 2421 2065 2497; baseline 0.001 -19"><span class='ocrx_word' id='word_1_304' title='bbox 464 2421 657 2479; x_wconf 83' lang='lat' dir='ltr'><strong>fuisset</strong></span> <span class='ocrx_word' id='word_1_305' title='bbox 706 2423 820 2479; x_wconf 91' lang='lat' dir='ltr'><strong>:ita</strong></span> <span class='ocrx_word' id='word_1_306' title='bbox 868 2438 1092 2496; x_wconf 89' lang='lat' dir='ltr'><strong>quoque</strong></span> <span class='ocrx_word' id='word_1_307' title='bbox 1121 2422 1177 2479; x_wconf 92' lang='lat' dir='ltr'><strong>in</strong></span> <span class='ocrx_word' id='word_1_308' title='bbox 1215 2422 1434 2481; x_wconf 87' lang='lat' dir='ltr'><strong>Christo</strong></span> <span class='ocrx_word' id='word_1_309' title='bbox 1479 2424 1640 2497; x_wconf 85' lang='lat' dir='ltr'><strong>longe</strong></span> <span class='ocrx_word' id='word_1_310' title='bbox 1670 2422 2065 2481; x_wconf 88' lang='lat' dir='ltr'><strong>admirabilius</strong></span> 
     </span>
    </p>
   </div>
   <div class='ocr_carea' id='block_1_41' title="bbox 459 2512 2062 2587">
    <p class='ocr_par' dir='ltr' id='par_1_41' title="bbox 459 2512 2062 2587">
     <span class='ocr_line' id='line_1_41' title="bbox 459 2512 2062 2587; baseline 0 -18"><span class='ocrx_word' id='word_1_311' title='bbox 459 2520 599 2581; x_wconf 91' lang='lat' dir='ltr'><strong>erat,</strong></span> <span class='ocrx_word' id='word_1_312' title='bbox 639 2520 699 2569; x_wconf 89' lang='lat' dir='ltr'><strong>ut</strong></span> <span class='ocrx_word' id='word_1_313' title='bbox 742 2512 789 2569; x_wconf 92' lang='lat' dir='ltr'><strong>is</strong></span> <span class='ocrx_word' id='word_1_314' title='bbox 844 2512 1133 2569; x_wconf 89' lang='lat' dir='ltr'><strong>moriendo</strong></span> <span class='ocrx_word' id='word_1_315' title='bbox 1172 2522 1417 2570; x_wconf 88' lang='lat' dir='ltr'><strong>mortem</strong></span> <span class='ocrx_word' id='word_1_316' title='bbox 1485 2513 1751 2580; x_wconf 83' lang='lat' dir='ltr'><strong>vinceret,</strong></span> <span class='ocrx_word' id='word_1_317' title='bbox 1805 2530 1975 2587; x_wconf 91' lang='lat' dir='ltr'><strong>quam</strong></span> <span class='ocrx_word' id='word_1_318' title='bbox 2015 2513 2062 2570; x_wconf 93' lang='lat' dir='ltr'><strong>si</strong></span> 
     </span>
    </p>
   </div>
   <div class='ocr_carea' id='block_1_42' title="bbox 463 2602 1211 2661">
    <p class='ocr_par' dir='ltr' id='par_1_42' title="bbox 463 2602 1211 2661">
     <span class='ocr_line' id='line_1_42' title="bbox 463 2602 1211 2661; baseline -0.003 -1"><span class='ocrx_word' id='word_1_319' title='bbox 463 2602 693 2660; x_wconf 91' lang='lat' dir='ltr'><strong>omnino</strong></span> <span class='ocrx_word' id='word_1_320' title='bbox 719 2619 834 2660; x_wconf 92' lang='lat' dir='ltr'><strong>non</strong></span> <span class='ocrx_word' id='word_1_321' title='bbox 876 2608 1211 2661; x_wconf 87' lang='lat' dir='ltr'><strong>moreretur.</strong></span> 
     </span>
    </p>
   </div>
   <div class='ocr_carea' id='block_1_43' title="bbox 531 2692 2069 2766">
    <p class='ocr_par' dir='ltr' id='par_1_43' title="bbox 531 2692 2069 2766">
     <span class='ocr_line' id='line_1_43' title="bbox 531 2692 2069 2766; baseline -0.001 -16"><span class='ocrx_word' id='word_1_322' title='bbox 531 2696 715 2752; x_wconf 70' lang='lat' dir='ltr'><strong>Vsus.</strong></span> <span class='ocrx_word' id='word_1_323' title='bbox 756 2700 838 2752; x_wconf 80' lang='grc'>16.</span> <span class='ocrx_word' id='word_1_324' title='bbox 875 2716 901 2741; x_wconf 76' lang='grc' dir='ltr'><strong>α</strong></span> <span class='ocrx_word' id='word_1_325' title='bbox 944 2693 1224 2766; x_wconf 87' lang='lat' dir='ltr'><strong>Baptizavi</strong></span> <span class='ocrx_word' id='word_1_326' title='bbox 1278 2702 1466 2750; x_wconf 91' lang='lat' dir='ltr'><strong>autem</strong></span> <span class='ocrx_word' id='word_1_327' title='bbox 1519 2703 1577 2751; x_wconf 92' lang='lat' dir='ltr'><strong>et</strong></span> <span class='ocrx_word' id='word_1_328' title='bbox 1632 2692 1923 2766; x_wconf 70' lang='lat' dir='ltr'><strong>Stephanm</strong></span> <span class='ocrx_word' id='word_1_329' title='bbox 1970 2692 2069 2749; x_wconf 89' lang='lat' dir='ltr'><strong>d0-</strong></span> 
     </span>
    </p>
   </div>
   <div class='ocr_carea' id='block_1_44' title="bbox 463 2782 2066 2857">
    <p class='ocr_par' dir='ltr' id='par_1_44' title="bbox 463 2782 2066 2857">
     <span class='ocr_line' id='line_1_44' title="bbox 463 2782 2066 2857; baseline -0.004 -16"><span class='ocrx_word' id='word_1_330' title='bbox 463 2799 644 2841; x_wconf 89' lang='lat' dir='ltr'><strong>mum.</strong></span> <span class='ocrx_word' id='word_1_331' title='bbox 686 2806 711 2833; x_wconf 77' lang='lat'><strong>-</strong></span> <span class='ocrx_word' id='word_1_332' title='bbox 736 2784 947 2840; x_wconf 86' lang='lat' dir='ltr'><strong>Omnes</strong></span> <span class='ocrx_word' id='word_1_333' title='bbox 986 2782 1255 2840; x_wconf 89' lang='lat' dir='ltr'><strong>nimirum</strong></span> <span class='ocrx_word' id='word_1_334' title='bbox 1280 2784 1335 2839; x_wconf 89' lang='lat' dir='ltr'><strong>in</strong></span> <span class='ocrx_word' id='word_1_335' title='bbox 1363 2784 1534 2841; x_wconf 93' lang='lat' dir='ltr'><strong>domo</strong></span> <span class='ocrx_word' id='word_1_336' title='bbox 1564 2784 1683 2857; x_wconf 89' lang='lat' dir='ltr'><strong>ejus</strong></span> <span class='ocrx_word' id='word_1_337' title='bbox 1716 2783 2066 2841; x_wconf 81' lang='lat' dir='ltr'><strong>exsistentes.</strong></span> 
     </span>
    </p>
   </div>
   <div class='ocr_carea' id='block_1_45' title="bbox 462 2872 2067 2945">
    <p class='ocr_par' dir='ltr' id='par_1_45' title="bbox 462 2872 2067 2945">
     <span class='ocr_line' id='line_1_45' title="bbox 462 2872 2067 2945; baseline -0.002 -14"><span class='ocrx_word' id='word_1_338' title='bbox 462 2876 703 2945; x_wconf 80' lang='lat' dir='ltr'><strong>Magnus</strong></span> <span class='ocrx_word' id='word_1_339' title='bbox 749 2872 899 2930; x_wconf 90' lang='lat' dir='ltr'><strong>enim</strong></span> <span class='ocrx_word' id='word_1_340' title='bbox 936 2872 1025 2929; x_wconf 91' lang='lat' dir='ltr'><strong>hic</strong></span> <span class='ocrx_word' id='word_1_341' title='bbox 1059 2873 1164 2929; x_wconf 85' lang='lat' dir='ltr'><strong>fuit</strong></span> <span class='ocrx_word' id='word_1_342' title='bbox 1207 2872 1477 2941; x_wconf 88' lang='lat' dir='ltr'><strong>Corinthi,</strong></span> <span class='ocrx_word' id='word_1_343' title='bbox 1509 2888 1729 2930; x_wconf 87' lang='lat' dir='ltr'><strong>necnon</strong></span> <span class='ocrx_word' id='word_1_344' title='bbox 1775 2872 2067 2929; x_wconf 88' lang='lat' dir='ltr'><strong>celeberri-</strong></span> 
     </span>
    </p>
   </div>
   <div class='ocr_carea' id='block_1_46' title="bbox 464 2978 609 3021">
    <p class='ocr_par' dir='ltr' id='par_1_46' title="bbox 464 2978 609 3021">
     <span class='ocr_line' id='line_1_46' title="bbox 464 2978 609 3021; baseline -0.007 -1"><span class='ocrx_word' id='word_1_345' title='bbox 464 2978 609 3021; x_wconf 78' lang='grc' dir='ltr'>ωυε.</span> 
     </span>
    </p>
   </div>
   <div class='ocr_carea' id='block_1_47' title="bbox 534 3051 2068 3126">
    <p class='ocr_par' dir='ltr' id='par_1_47' title="bbox 534 3051 2068 3126">
     <span class='ocr_line' id='line_1_47' title="bbox 534 3051 2068 3126; baseline -0.004 -14"><span class='ocrx_word' id='word_1_346' title='bbox 534 3078 560 3103; x_wconf 72' lang='grc' dir='ltr'>«ι</span> <span class='ocrx_word' id='word_1_347' title='bbox 590 3056 868 3113; x_wconf 65' lang='lat' dir='ltr'><strong>Caeterum</strong></span> <span class='ocrx_word' id='word_1_348' title='bbox 891 3053 1076 3109; x_wconf 90' lang='lat' dir='ltr'><strong>nescio</strong></span> <span class='ocrx_word' id='word_1_349' title='bbox 1105 3051 1150 3108; x_wconf 88' lang='lat' dir='ltr'><strong>si</strong></span> <span class='ocrx_word' id='word_1_350' title='bbox 1181 3068 1347 3126; x_wconf 92' lang='lat' dir='ltr'><strong>quem</strong></span> <span class='ocrx_word' id='word_1_351' title='bbox 1388 3052 1554 3109; x_wconf 91' lang='lat' dir='ltr'><strong>alium</strong></span> <span class='ocrx_word' id='word_1_352' title='bbox 1581 3052 1997 3126; x_wconf 87' lang='lat' dir='ltr'><strong>baptizaverim.</strong></span> <span class='ocrx_word' id='word_1_353' title='bbox 2044 3076 2068 3101; x_wconf 70' lang='grc' dir='ltr'><strong>η</strong></span> 
     </span>
    </p>
   </div>
   <div class='ocr_carea' id='block_1_48' title="bbox 478 3141 2071 3215">
    <p class='ocr_par' dir='ltr' id='par_1_48' title="bbox 478 3141 2071 3215">
     <span class='ocr_line' id='line_1_48' title="bbox 478 3141 2071 3215; baseline -0.002 -15"><span class='ocrx_word' id='word_1_354' title='bbox 478 3143 664 3214; x_wconf 80' lang='lat' dir='ltr'><strong>Adeo,</strong></span> <span class='ocrx_word' id='word_1_355' title='bbox 697 3142 897 3215; x_wconf 88' lang='lat' dir='ltr'><strong>inquit,</strong></span> <span class='ocrx_word' id='word_1_356' title='bbox 956 3158 1070 3199; x_wconf 90' lang='lat' dir='ltr'><strong>non</strong></span> <span class='ocrx_word' id='word_1_357' title='bbox 1122 3157 1247 3199; x_wconf 87' lang='lat' dir='ltr'><strong>sum</strong></span> <span class='ocrx_word' id='word_1_358' title='bbox 1300 3141 1562 3199; x_wconf 89' lang='lat' dir='ltr'><strong>sollicitus</strong></span> <span class='ocrx_word' id='word_1_359' title='bbox 1588 3142 1734 3199; x_wconf 89' lang='lat' dir='ltr'><strong>circa</strong></span> <span class='ocrx_word' id='word_1_360' title='bbox 1776 3142 2071 3214; x_wconf 90' lang='lat' dir='ltr'><strong>baptisma,</strong></span> 
     </span>
    </p>
   </div>
   <div class='ocr_carea' id='block_1_49' title="bbox 2174 1972 3770 2064">
    <p class='ocr_par' dir='ltr' id='par_1_49' title="bbox 2174 1972 3770 2064">
     <span class='ocr_line' id='line_1_49' title="bbox 2174 1972 3770 2064; baseline -0.005 -23"><span class='ocrx_word' id='word_1_361' title='bbox 2174 1985 2333 2064; x_wconf 83' lang='grc' dir='ltr'>τριῶν</span> <span class='ocrx_word' id='word_1_362' title='bbox 2366 1980 2572 2039; x_wconf 85' lang='grc' dir='ltr'>παίδων</span> <span class='ocrx_word' id='word_1_363' title='bbox 2598 2026 2615 2057; x_wconf 86' lang='grc'><strong>,</strong></span> <span class='ocrx_word' id='word_1_364' title='bbox 2658 1985 2750 2039; x_wconf 88' lang='grc' dir='ltr'><strong>τοῦ</strong></span> <span class='ocrx_word' id='word_1_365' title='bbox 2782 1978 2857 2057; x_wconf 81' lang='grc' dir='ltr'><strong>μὴ</strong></span> <span class='ocrx_word' id='word_1_366' title='bbox 2898 1980 3148 2056; x_wconf 77' lang='grc' dir='ltr'>ἐμπεσεῖν</span> <span class='ocrx_word' id='word_1_367' title='bbox 3188 1979 3263 2041; x_wconf 81' lang='grc' dir='ltr'>εἰς</span> <span class='ocrx_word' id='word_1_368' title='bbox 3302 1975 3398 2046; x_wconf 76' lang='grc' dir='ltr'><strong>τὴν</strong></span> <span class='ocrx_word' id='word_1_369' title='bbox 3430 1972 3770 2064; x_wconf 67' lang='grc' dir='ltr'>κάμινον,τξ›</span> 
     </span>
    </p>
   </div>
   <div class='ocr_carea' id='block_1_50' title="bbox 2176 2061 3772 2148">
    <p class='ocr_par' dir='ltr' id='par_1_50' title="bbox 2176 2061 3772 2148">
     <span class='ocr_line' id='line_1_50' title="bbox 2176 2061 3772 2148; baseline -0.007 -16"><span class='ocrx_word' id='word_1_370' title='bbox 2176 2061 2503 2148; x_wconf 78' lang='grc' dir='ltr'>ἐμπεσόντας</span> <span class='ocrx_word' id='word_1_371' title='bbox 2539 2068 2615 2147; x_wconf 83' lang='grc' dir='ltr'><strong>μὴ</strong></span> <span class='ocrx_word' id='word_1_372' title='bbox 2666 2074 2924 2142; x_wconf 78' lang='grc' dir='ltr'>καυθῆναι</span> <span class='ocrx_word' id='word_1_373' title='bbox 2981 2064 3415 2147; x_wconf 88' lang='grc' dir='ltr'>θαυμασιώτερον</span> <span class='ocrx_word' id='word_1_374' title='bbox 3466 2088 3479 2102; x_wconf 89' lang='grc'><strong>·</strong></span> <span class='ocrx_word' id='word_1_375' title='bbox 3532 2064 3623 2123; x_wconf 81' lang='grc' dir='ltr'>καὶ</span> <span class='ocrx_word' id='word_1_376' title='bbox 3682 2061 3772 2123; x_wconf 78' lang='grc' dir='ltr'>ἐπὶ</span> 
     </span>
    </p>
   </div>
   <div class='ocr_carea' id='block_1_51' title="bbox 2175 2152 3772 2238">
    <p class='ocr_par' dir='ltr' id='par_1_51' title="bbox 2175 2152 3772 2238">
     <span class='ocr_line' id='line_1_51' title="bbox 2175 2152 3772 2238; baseline -0.007 -16"><span class='ocrx_word' id='word_1_377' title='bbox 2175 2168 2265 2222; x_wconf 91' lang='grc' dir='ltr'><strong>τοῦ</strong></span> <span class='ocrx_word' id='word_1_378' title='bbox 2292 2164 2453 2222; x_wconf 75' lang='grc' dir='ltr'>Ἰωνᾶ</span> <span class='ocrx_word' id='word_1_379' title='bbox 2472 2208 2489 2237; x_wconf 87' lang='grc'><strong>,</strong></span> <span class='ocrx_word' id='word_1_380' title='bbox 2518 2166 2609 2220; x_wconf 87' lang='grc' dir='ltr'><strong>τοῦ</strong></span> <span class='ocrx_word' id='word_1_381' title='bbox 2641 2159 2716 2238; x_wconf 79' lang='grc' dir='ltr'><strong>μὴ</strong></span> <span class='ocrx_word' id='word_1_382' title='bbox 2765 2162 3135 2231; x_wconf 83' lang='grc' dir='ltr'>καταποθῆναι</span> <span class='ocrx_word' id='word_1_383' title='bbox 3179 2154 3284 2215; x_wconf 79' lang='grc' dir='ltr'><strong>ὑπὸ</strong></span> <span class='ocrx_word' id='word_1_384' title='bbox 3315 2160 3408 2215; x_wconf 91' lang='grc' dir='ltr'><strong>τοῦ</strong></span> <span class='ocrx_word' id='word_1_385' title='bbox 3433 2153 3625 2226; x_wconf 81' lang='grc' dir='ltr'>κήτους</span> <span class='ocrx_word' id='word_1_386' title='bbox 3648 2196 3665 2225; x_wconf 89' lang='grc'><strong>,</strong></span> <span class='ocrx_word' id='word_1_387' title='bbox 3710 2152 3772 2212; x_wconf 83' lang='grc' dir='ltr'><strong>τὸ</strong></span> 
     </span>
    </p>
   </div>
   <div class='ocr_carea' id='block_1_52' title="bbox 2177 2240 3773 2329">
    <p class='ocr_par' dir='ltr' id='par_1_52' title="bbox 2177 2240 3773 2329">
     <span class='ocr_line' id='line_1_52' title="bbox 2177 2240 3773 2329; baseline -0.006 -19"><span class='ocrx_word' id='word_1_388' title='bbox 2177 2252 2264 2311; x_wconf 81' lang='grc' dir='ltr'><strong>τὸν</strong></span> <span class='ocrx_word' id='word_1_389' title='bbox 2310 2251 2679 2311; x_wconf 81' lang='grc' dir='ltr'>καταποθέντα</span> <span class='ocrx_word' id='word_1_390' title='bbox 2727 2250 2802 2329; x_wconf 85' lang='grc' dir='ltr'><strong>μὴ</strong></span> <span class='ocrx_word' id='word_1_391' title='bbox 2849 2250 3224 2320; x_wconf 84' lang='grc' dir='ltr'>ἀναλωθῆναι,</span> <span class='ocrx_word' id='word_1_392' title='bbox 3258 2249 3435 2323; x_wconf 84' lang='grc' dir='ltr'>μεῖζον</span> <span class='ocrx_word' id='word_1_393' title='bbox 3461 2269 3473 2282; x_wconf 90' lang='grc'><strong>·</strong></span> <span class='ocrx_word' id='word_1_394' title='bbox 3514 2242 3651 2303; x_wconf 79' lang='grc' dir='ltr'>οὕτω</span> <span class='ocrx_word' id='word_1_395' title='bbox 3680 2240 3773 2302; x_wconf 79' lang='grc' dir='ltr'><strong>καὶ</strong></span> 
     </span>
    </p>
   </div>
   <div class='ocr_carea' id='block_1_53' title="bbox 2178 2333 3774 2422">
    <p class='ocr_par' dir='ltr' id='par_1_53' title="bbox 2178 2333 3774 2422">
     <span class='ocr_line' id='line_1_53' title="bbox 2178 2333 3774 2422; baseline -0.008 -19"><span class='ocrx_word' id='word_1_396' title='bbox 2178 2341 2264 2403; x_wconf 73' lang='grc' dir='ltr'><strong>ἐπὶ</strong></span> <span class='ocrx_word' id='word_1_397' title='bbox 2296 2347 2389 2402; x_wconf 85' lang='grc' dir='ltr'><strong>τοῦ</strong></span> <span class='ocrx_word' id='word_1_398' title='bbox 2420 2344 2656 2422; x_wconf 85' lang='grc' dir='ltr'>Χριστοῦ</span> <span class='ocrx_word' id='word_1_399' title='bbox 2675 2384 2691 2415; x_wconf 87' lang='grc'><strong>,</strong></span> <span class='ocrx_word' id='word_1_400' title='bbox 2723 2345 2815 2399; x_wconf 92' lang='grc' dir='ltr'><strong>τοῦ</strong></span> <span class='ocrx_word' id='word_1_401' title='bbox 2848 2339 2924 2417; x_wconf 84' lang='grc' dir='ltr'><strong>μὴ</strong></span> <span class='ocrx_word' id='word_1_402' title='bbox 2967 2340 3246 2399; x_wconf 79' lang='grc' dir='ltr'>ἀποθανεῖν</span> <span class='ocrx_word' id='word_1_403' title='bbox 3274 2383 3291 2412; x_wconf 89' lang='grc'><strong>,</strong></span> <span class='ocrx_word' id='word_1_404' title='bbox 3323 2336 3384 2396; x_wconf 80' lang='grc' dir='ltr'><strong>τὸ</strong></span> <span class='ocrx_word' id='word_1_405' title='bbox 3436 2333 3774 2395; x_wconf 83' lang='grc' dir='ltr'>ἀποθανόντα</span> 
     </span>
    </p>
   </div>
   <div class='ocr_carea' id='block_1_54' title="bbox 2176 2424 3771 2511">
    <p class='ocr_par' dir='ltr' id='par_1_54' title="bbox 2176 2424 3771 2511">
     <span class='ocr_line' id='line_1_54' title="bbox 2176 2424 3771 2511; baseline -0.005 -18"><span class='ocrx_word' id='word_1_406' title='bbox 2176 2438 2392 2507; x_wconf 88' lang='grc' dir='ltr'>νικῆσαι</span> <span class='ocrx_word' id='word_1_407' title='bbox 2442 2433 2528 2493; x_wconf 86' lang='grc' dir='ltr'><strong>τὸν</strong></span> <span class='ocrx_word' id='word_1_408' title='bbox 2572 2430 2797 2491; x_wconf 90' lang='grc' dir='ltr'>θάνατον</span> <span class='ocrx_word' id='word_1_409' title='bbox 2820 2474 2837 2504; x_wconf 87' lang='grc'><strong>,</strong></span> <span class='ocrx_word' id='word_1_410' title='bbox 2880 2430 3067 2511; x_wconf 83' lang='grc' dir='ltr'>πολλῷ</span> <span class='ocrx_word' id='word_1_411' title='bbox 3109 2427 3279 2502; x_wconf 83' lang='grc' dir='ltr'>δήπου</span> <span class='ocrx_word' id='word_1_412' title='bbox 3326 2424 3771 2507; x_wconf 81' lang='grc' dir='ltr'>παραδοξότερον.</span> 
     </span>
    </p>
   </div>
   <div class='ocr_carea' id='block_1_55' title="bbox 2182 2521 2691 2600">
    <p class='ocr_par' dir='ltr' id='par_1_55' title="bbox 2182 2521 2691 2600">
     <span class='ocr_line' id='line_1_55' title="bbox 2182 2521 2691 2600; baseline -0.01 -14"><span class='ocrx_word' id='word_1_413' title='bbox 2182 2525 2328 2586; x_wconf 85' lang='lat' dir='ltr'><strong>Cod.</strong></span> <span class='ocrx_word' id='word_1_414' title='bbox 2360 2521 2691 2600; x_wconf 80' lang='lat' dir='ltr'><strong>Amndel.]</strong></span> 
     </span>
    </p>
   </div>
   <div class='ocr_carea' id='block_1_56' title="bbox 2258 2598 3777 2690">
    <p class='ocr_par' dir='ltr' id='par_1_56' title="bbox 2258 2598 3777 2690">
     <span class='ocr_line' id='line_1_56' title="bbox 2258 2598 3777 2690; baseline -0.009 -15"><span class='ocrx_word' id='word_1_415' title='bbox 2258 2641 2283 2665; x_wconf 77' lang='grc' dir='ltr'><em>α</em></span> <span class='ocrx_word' id='word_1_416' title='bbox 2318 2612 2625 2674; x_wconf 83' lang='grc' dir='ltr'>Ἐϐάπτισα</span> <span class='ocrx_word' id='word_1_417' title='bbox 2658 2598 2713 2670; x_wconf 76' lang='grc' dir='ltr'>δὲ</span> <span class='ocrx_word' id='word_1_418' title='bbox 2742 2610 2832 2669; x_wconf 78' lang='grc' dir='ltr'>καὶ</span> <span class='ocrx_word' id='word_1_419' title='bbox 2861 2610 2950 2669; x_wconf 78' lang='grc' dir='ltr'><strong>τὸν</strong></span> <span class='ocrx_word' id='word_1_420' title='bbox 2995 2610 3243 2690; x_wconf 80' lang='grc' dir='ltr'>Στεφανᾶ</span> <span class='ocrx_word' id='word_1_421' title='bbox 3291 2598 3455 2669; x_wconf 74' lang='grc' dir='ltr'>οἶκον.</span> <span class='ocrx_word' id='word_1_422' title='bbox 3490 2604 3693 2690; x_wconf 32' lang='lat' dir='ltr'><strong>{Totae</strong></span> <span class='ocrx_word' id='word_1_423' title='bbox 3722 2606 3777 2663; x_wconf 87' lang='grc' dir='ltr'><strong>ἐν</strong></span> 
     </span>
    </p>
   </div>
   <div class='ocr_carea' id='block_1_57' title="bbox 2178 2685 3781 2785">
    <p class='ocr_par' dir='ltr' id='par_1_57' title="bbox 2178 2685 3781 2785">
     <span class='ocr_line' id='line_1_57' title="bbox 2178 2685 3781 2785; baseline -0.007 -22"><span class='ocrx_word' id='word_1_424' title='bbox 2178 2707 2254 2784; x_wconf 80' lang='grc' dir='ltr'><strong>τῷ</strong></span> <span class='ocrx_word' id='word_1_425' title='bbox 2285 2703 2416 2785; x_wconf 75' lang='grc' dir='ltr'>οἴκῳ</span> <span class='ocrx_word' id='word_1_426' title='bbox 2446 2706 2605 2762; x_wconf 86' lang='grc' dir='ltr'>αὐτοῦ</span> <span class='ocrx_word' id='word_1_427' title='bbox 2649 2699 2849 2768; x_wconf 82' lang='grc' dir='ltr'>πάντας</span> <span class='ocrx_word' id='word_1_428' title='bbox 2890 2685 3153 2771; x_wconf 73' lang='grc' dir='ltr'>δηλονότι.</span> <span class='ocrx_word' id='word_1_429' title='bbox 3190 2699 3375 2779; x_wconf 81' lang='grc' dir='ltr'>Μέγας</span> <span class='ocrx_word' id='word_1_430' title='bbox 3423 2696 3477 2757; x_wconf 81' lang='grc' dir='ltr'>δὲ</span> <span class='ocrx_word' id='word_1_431' title='bbox 3521 2688 3585 2769; x_wconf 72' lang='grc' dir='ltr'><strong>ἧν</strong></span> <span class='ocrx_word' id='word_1_432' title='bbox 3629 2685 3781 2763; x_wconf 72' lang='grc' dir='ltr'>οὗτος</span> 
     </span>
    </p>
   </div>
   <div class='ocr_carea' id='block_1_58' title="bbox 2179 2789 3103 2875">
    <p class='ocr_par' dir='ltr' id='par_1_58' title="bbox 2179 2789 3103 2875">
     <span class='ocr_line' id='line_1_58' title="bbox 2179 2789 3103 2875; baseline -0.004 -20"><span class='ocrx_word' id='word_1_433' title='bbox 2179 2797 2230 2855; x_wconf 88' lang='grc' dir='ltr'><strong>ἐν</strong></span> <span class='ocrx_word' id='word_1_434' title='bbox 2268 2793 2538 2875; x_wconf 85' lang='grc' dir='ltr'>Κορίνθῳ,</span> <span class='ocrx_word' id='word_1_435' title='bbox 2571 2790 2663 2853; x_wconf 73' lang='grc' dir='ltr'>καὶ</span> <span class='ocrx_word' id='word_1_436' title='bbox 2694 2789 3103 2869; x_wconf 85' lang='grc' dir='ltr'>ἐπισημότατος.</span> 
     </span>
    </p>
   </div>
   <div class='ocr_carea' id='block_1_59' title="bbox 2272 3033 3783 3107">
    <p class='ocr_par' dir='ltr' id='par_1_59' title="bbox 2272 3033 3783 3107">
     <span class='ocr_line' id='line_1_59' title="bbox 2272 3033 3783 3107; baseline -0.006 -2"><span class='ocrx_word' id='word_1_437' title='bbox 2272 3068 2301 3105; x_wconf 76' lang='grc' dir='ltr'>(ι</span> <span class='ocrx_word' id='word_1_438' title='bbox 2334 3045 2533 3107; x_wconf 82' lang='grc' dir='ltr'>Λοιπὸν</span> <span class='ocrx_word' id='word_1_439' title='bbox 2559 3046 2652 3103; x_wconf 88' lang='grc' dir='ltr'><strong>οὐκ</strong></span> <span class='ocrx_word' id='word_1_440' title='bbox 2676 3033 2793 3103; x_wconf 76' lang='grc' dir='ltr'>οἶδα</span> <span class='ocrx_word' id='word_1_441' title='bbox 2823 3041 2872 3100; x_wconf 78' lang='grc' dir='ltr'><strong>εἴ</strong></span> <span class='ocrx_word' id='word_1_442' title='bbox 2920 3065 3037 3101; x_wconf 91' lang='grc' dir='ltr'>τινα</span> <span class='ocrx_word' id='word_1_443' title='bbox 3071 3040 3232 3101; x_wconf 79' lang='grc' dir='ltr'>ἄλλον</span> <span class='ocrx_word' id='word_1_444' title='bbox 3265 3039 3554 3101; x_wconf 80' lang='grc' dir='ltr'>ἐϐάπτισα.</span> <span class='ocrx_word' id='word_1_445' title='bbox 3598 3059 3627 3097; x_wconf 85' lang='lat'><strong>»</strong></span> <span class='ocrx_word' id='word_1_446' title='bbox 3672 3040 3783 3100; x_wconf 83' lang='lat' dir='ltr'><strong>T0-</strong></span> 
     </span>
    </p>
   </div>
   <div class='ocr_carea' id='block_1_60' title="bbox 2184 3129 3780 3217">
    <p class='ocr_par' dir='ltr' id='par_1_60' title="bbox 2184 3129 3780 3217">
     <span class='ocr_line' id='line_1_60' title="bbox 2184 3129 3780 3217; baseline -0.006 -20"><span class='ocrx_word' id='word_1_447' title='bbox 2184 3144 2368 3197; x_wconf 89' lang='grc' dir='ltr'>σοῦτον</span> <span class='ocrx_word' id='word_1_448' title='bbox 2387 3182 2401 3209; x_wconf 96' lang='grc'><strong>,</strong></span> <span class='ocrx_word' id='word_1_449' title='bbox 2434 3135 2625 3217; x_wconf 76' lang='grc' dir='ltr'>φησὶν,</span> <span class='ocrx_word' id='word_1_450' title='bbox 2668 3137 2765 3195; x_wconf 88' lang='grc' dir='ltr'><strong>οὐκ</strong></span> <span class='ocrx_word' id='word_1_451' title='bbox 2795 3133 2911 3192; x_wconf 82' lang='grc' dir='ltr'>ἔστι</span> <span class='ocrx_word' id='word_1_452' title='bbox 2940 3157 3031 3211; x_wconf 90' lang='grc' dir='ltr'><strong>μοι</strong></span> <span class='ocrx_word' id='word_1_453' title='bbox 3071 3129 3531 3213; x_wconf 88' lang='grc' dir='ltr'>περισπούδαστον</span> <span class='ocrx_word' id='word_1_454' title='bbox 3577 3129 3639 3190; x_wconf 80' lang='grc' dir='ltr'><strong>τὸ</strong></span> <span class='ocrx_word' id='word_1_455' title='bbox 3669 3133 3780 3209; x_wconf 85' lang='grc' dir='ltr'>βα-</span> 
     </span>
    </p>
   </div>
   <div class='ocr_carea' id='block_1_61' title="bbox 463 3218 2068 3305">
    <p class='ocr_par' dir='ltr' id='par_1_61' title="bbox 463 3230 2057 3305">
     <span class='ocr_line' id='line_1_61' title="bbox 463 3230 2057 3305; baseline -0.001 -15"><span class='ocrx_word' id='word_1_456' title='bbox 463 3242 526 3290; x_wconf 92' lang='lat' dir='ltr'><strong>ut</strong></span> <span class='ocrx_word' id='word_1_457' title='bbox 544 3250 615 3291; x_wconf 90' lang='lat' dir='ltr'><strong>ne</strong></span> <span class='ocrx_word' id='word_1_458' title='bbox 648 3232 1006 3289; x_wconf 89' lang='lat' dir='ltr'><strong>meminerim</strong></span> <span class='ocrx_word' id='word_1_459' title='bbox 1036 3230 1266 3305; x_wconf 89' lang='lat' dir='ltr'><strong>quidem</strong></span> <span class='ocrx_word' id='word_1_460' title='bbox 1294 3248 1431 3288; x_wconf 90' lang='lat' dir='ltr'><strong>num</strong></span> <span class='ocrx_word' id='word_1_461' title='bbox 1452 3232 1624 3289; x_wconf 90' lang='lat' dir='ltr'><strong>alium</strong></span> <span class='ocrx_word' id='word_1_462' title='bbox 1652 3232 2057 3305; x_wconf 87' lang='lat' dir='ltr'><strong>baptizaverim.</strong></span> 
     </span>
    </p>
   </div>
   <div class='ocr_carea' id='block_1_62' title="bbox 2176 3218 3785 3305">
    <p class='ocr_par' dir='ltr' id='par_1_62' title="bbox 2176 3218 3785 3301">
     <span class='ocr_line' id='line_1_62' title="bbox 2176 3218 3785 3301; baseline -0.007 -13"><span class='ocrx_word' id='word_1_463' title='bbox 2176 3229 2412 3300; x_wconf 85' lang='grc' dir='ltr'>πτίζειν,</span> <span class='ocrx_word' id='word_1_464' title='bbox 2462 3226 2601 3286; x_wconf 81' lang='grc' dir='ltr'>ὥστε</span> <span class='ocrx_word' id='word_1_465' title='bbox 2659 3225 2775 3285; x_wconf 80' lang='grc' dir='ltr'>οὐδὲ</span> <span class='ocrx_word' id='word_1_466' title='bbox 2830 3223 3109 3301; x_wconf 85' lang='grc' dir='ltr'>μέμνημαι</span> <span class='ocrx_word' id='word_1_467' title='bbox 3172 3221 3220 3281; x_wconf 82' lang='grc' dir='ltr'><strong>εἴ</strong></span> <span class='ocrx_word' id='word_1_468' title='bbox 3265 3244 3382 3282; x_wconf 88' lang='grc' dir='ltr'>τινα</span> <span class='ocrx_word' id='word_1_469' title='bbox 3441 3220 3600 3280; x_wconf 81' lang='grc' dir='ltr'>ἄλλον</span> <span class='ocrx_word' id='word_1_470' title='bbox 3655 3218 3785 3278; x_wconf 77' lang='grc' dir='ltr'>ἐϐά-</span> 
     </span>
    </p>
   </div>
   <div class='ocr_carea' id='block_1_63' title="bbox 467 3320 1671 3395">
    <p class='ocr_par' dir='ltr' id='par_1_63' title="bbox 467 3320 1671 3395">
     <span class='ocr_line' id='line_1_63' title="bbox 467 3320 1671 3395; baseline -0.002 -15"><span class='ocrx_word' id='word_1_471' title='bbox 467 3325 581 3380; x_wconf 91' lang='lat' dir='ltr'><strong>Cur</strong></span> <span class='ocrx_word' id='word_1_472' title='bbox 605 3338 736 3395; x_wconf 82' lang='lat' dir='ltr'><strong>ergo</strong></span> <span class='ocrx_word' id='word_1_473' title='bbox 758 3339 857 3379; x_wconf 91' lang='lat' dir='ltr'><strong>vos</strong></span> <span class='ocrx_word' id='word_1_474' title='bbox 891 3322 1030 3379; x_wconf 90' lang='lat' dir='ltr'><strong>hanc</strong></span> <span class='ocrx_word' id='word_1_475' title='bbox 1064 3322 1137 3379; x_wconf 94' lang='lat' dir='ltr'><strong>ob</strong></span> <span class='ocrx_word' id='word_1_476' title='bbox 1172 3337 1289 3379; x_wconf 87' lang='lat' dir='ltr'><strong>rem</strong></span> <span class='ocrx_word' id='word_1_477' title='bbox 1320 3320 1671 3379; x_wconf 84' lang='lat' dir='ltr'><strong>efferimini?</strong></span> 
     </span>
    </p>
   </div>
   <div class='ocr_carea' id='block_1_64' title="bbox 537 3410 2068 3484">
    <p class='ocr_par' dir='ltr' id='par_1_64' title="bbox 537 3410 2068 3484">
     <span class='ocr_line' id='line_1_64' title="bbox 537 3410 2068 3484; baseline -0.001 -14"><span class='ocrx_word' id='word_1_478' title='bbox 537 3416 721 3470; x_wconf 77' lang='lat' dir='ltr'><strong>Vnns.</strong></span> <span class='ocrx_word' id='word_1_479' title='bbox 754 3420 839 3469; x_wconf 87' lang='grc'><strong>17.</strong></span> <span class='ocrx_word' id='word_1_480' title='bbox 874 3431 904 3466; x_wconf 78' lang='grc' dir='ltr'><strong>α</strong></span> <span class='ocrx_word' id='word_1_481' title='bbox 948 3415 1071 3468; x_wconf 91' lang='lat' dir='ltr'><strong>Non</strong></span> <span class='ocrx_word' id='word_1_482' title='bbox 1124 3411 1271 3469; x_wconf 85' lang='lat' dir='ltr'><strong>enim</strong></span> <span class='ocrx_word' id='word_1_483' title='bbox 1311 3412 1463 3469; x_wconf 89' lang='lat' dir='ltr'><strong>misit</strong></span> <span class='ocrx_word' id='word_1_484' title='bbox 1499 3428 1589 3468; x_wconf 92' lang='lat' dir='ltr'><strong>me</strong></span> <span class='ocrx_word' id='word_1_485' title='bbox 1615 3411 1863 3469; x_wconf 88' lang='lat' dir='ltr'><strong>Christus</strong></span> <span class='ocrx_word' id='word_1_486' title='bbox 1892 3410 2068 3484; x_wconf 90' lang='lat' dir='ltr'><strong>bapti-</strong></span> 
     </span>
    </p>
   </div>
   <div class='ocr_carea' id='block_1_65' title="bbox 469 3501 2066 3575">
    <p class='ocr_par' dir='ltr' id='par_1_65' title="bbox 469 3501 2066 3575">
     <span class='ocr_line' id='line_1_65' title="bbox 469 3501 2066 3575; baseline -0.001 -15"><span class='ocrx_word' id='word_1_487' title='bbox 469 3519 617 3571; x_wconf 87' lang='lat' dir='ltr'><strong>zare,</strong></span> <span class='ocrx_word' id='word_1_488' title='bbox 674 3501 770 3559; x_wconf 86' lang='lat' dir='ltr'><strong>sed</strong></span> <span class='ocrx_word' id='word_1_489' title='bbox 832 3502 1224 3575; x_wconf 82' lang='lat' dir='ltr'><strong>evangelizare.</strong></span> <span class='ocrx_word' id='word_1_490' title='bbox 1279 3525 1305 3550; x_wconf 70' lang='grc' dir='ltr'><strong>υ</strong></span> <span class='ocrx_word' id='word_1_491' title='bbox 1353 3505 1493 3559; x_wconf 84' lang='lat' dir='ltr'><strong>Nam</strong></span> <span class='ocrx_word' id='word_1_492' title='bbox 1544 3502 1873 3559; x_wconf 90' lang='lat' dir='ltr'><strong>laboriosius</strong></span> <span class='ocrx_word' id='word_1_493' title='bbox 1916 3511 2066 3570; x_wconf 87' lang='lat' dir='ltr'><strong>erat,</strong></span> 
     </span>
    </p>
   </div>
   <div class='ocr_carea' id='block_1_66' title="bbox 467 3590 2068 3667">
    <p class='ocr_par' dir='ltr' id='par_1_66' title="bbox 467 3590 2068 3667">
     <span class='ocr_line' id='line_1_66' title="bbox 467 3590 2068 3667; baseline -0.001 -18"><span class='ocrx_word' id='word_1_494' title='bbox 467 3602 629 3665; x_wconf 90' lang='lat' dir='ltr'><strong>atque</strong></span> <span class='ocrx_word' id='word_1_495' title='bbox 671 3591 858 3649; x_wconf 91' lang='lat' dir='ltr'><strong>animo</strong></span> <span class='ocrx_word' id='word_1_496' title='bbox 885 3590 1061 3649; x_wconf 88' lang='lat' dir='ltr'><strong>ferreo</strong></span> <span class='ocrx_word' id='word_1_497' title='bbox 1111 3592 1277 3665; x_wconf 88' lang='lat' dir='ltr'><strong>plane</strong></span> <span class='ocrx_word' id='word_1_498' title='bbox 1309 3593 1523 3667; x_wconf 78' lang='lat' dir='ltr'><strong>egebat,</strong></span> <span class='ocrx_word' id='word_1_499' title='bbox 1578 3592 1936 3666; x_wconf 78' lang='lat' dir='ltr'><strong>Evangelium</strong></span> <span class='ocrx_word' id='word_1_500' title='bbox 1966 3609 2068 3649; x_wconf 88' lang='lat' dir='ltr'><strong>an-</strong></span> 
     </span>
    </p>
   </div>
   <div class='ocr_carea' id='block_1_67' title="bbox 466 3681 2072 3756">
    <p class='ocr_par' dir='ltr' id='par_1_67' title="bbox 466 3681 2072 3756">
     <span class='ocr_line' id='line_1_67' title="bbox 466 3681 2072 3756; baseline -0.001 -16"><span class='ocrx_word' id='word_1_501' title='bbox 466 3684 743 3740; x_wconf 89' lang='lat' dir='ltr'><strong>nuntiare.</strong></span> <span class='ocrx_word' id='word_1_502' title='bbox 775 3681 1035 3739; x_wconf 86' lang='lat' dir='ltr'><strong>Hominis</strong></span> <span class='ocrx_word' id='word_1_503' title='bbox 1060 3682 1209 3739; x_wconf 92' lang='lat' dir='ltr'><strong>enim</strong></span> <span class='ocrx_word' id='word_1_504' title='bbox 1239 3682 1576 3739; x_wconf 88' lang='lat' dir='ltr'><strong>sententiam</strong></span> <span class='ocrx_word' id='word_1_505' title='bbox 1625 3691 1862 3750; x_wconf 90' lang='lat' dir='ltr'><strong>mutare,</strong></span> <span class='ocrx_word' id='word_1_506' title='bbox 1904 3691 2072 3756; x_wconf 89' lang='lat' dir='ltr'><strong>atque</strong></span> 
     </span>
    </p>
   </div>
   <div class='ocr_carea' id='block_1_68' title="bbox 466 3771 2073 3846">
    <p class='ocr_par' dir='ltr' id='par_1_68' title="bbox 466 3771 2073 3846">
     <span class='ocr_line' id='line_1_68' title="bbox 466 3771 2073 3846; baseline -0.001 -17"><span class='ocrx_word' id='word_1_507' title='bbox 466 3788 497 3829; x_wconf 92' lang='lat' dir='ltr'><strong>a</strong></span> <span class='ocrx_word' id='word_1_508' title='bbox 528 3772 768 3846; x_wconf 87' lang='lat' dir='ltr'><strong>paternis</strong></span> <span class='ocrx_word' id='word_1_509' title='bbox 804 3772 1187 3830; x_wconf 88' lang='lat' dir='ltr'><strong>traditionibus</strong></span> <span class='ocrx_word' id='word_1_510' title='bbox 1244 3771 1539 3839; x_wconf 87' lang='lat' dir='ltr'><strong>adducere,</strong></span> <span class='ocrx_word' id='word_1_511' title='bbox 1588 3772 1754 3845; x_wconf 88' lang='lat' dir='ltr'><strong>idque</strong></span> <span class='ocrx_word' id='word_1_512' title='bbox 1792 3773 1850 3829; x_wconf 92' lang='lat' dir='ltr'><strong>in</strong></span> <span class='ocrx_word' id='word_1_513' title='bbox 1877 3772 2073 3830; x_wconf 90' lang='lat' dir='ltr'><strong>mediis</strong></span> 
     </span>
    </p>
   </div>
   <div class='ocr_carea' id='block_1_69' title="bbox 467 3862 2070 3936">
    <p class='ocr_par' dir='ltr' id='par_1_69' title="bbox 467 3862 2070 3936">
     <span class='ocr_line' id='line_1_69' title="bbox 467 3862 2070 3936; baseline -0.001 -16"><span class='ocrx_word' id='word_1_514' title='bbox 467 3862 747 3936; x_wconf 88' lang='lat' dir='ltr'><strong>periculis,</strong></span> <span class='ocrx_word' id='word_1_515' title='bbox 791 3862 977 3936; x_wconf 79' lang='lat' dir='ltr'><strong>magni</strong></span> <span class='ocrx_word' id='word_1_516' title='bbox 1026 3862 1193 3918; x_wconf 91' lang='lat' dir='ltr'><strong>animi</strong></span> <span class='ocrx_word' id='word_1_517' title='bbox 1223 3870 1281 3919; x_wconf 91' lang='lat' dir='ltr'><strong>et</strong></span> <span class='ocrx_word' id='word_1_518' title='bbox 1324 3862 1535 3920; x_wconf 89' lang='lat' dir='ltr'><strong>strenui</strong></span> <span class='ocrx_word' id='word_1_519' title='bbox 1580 3878 1719 3934; x_wconf 89' lang='lat' dir='ltr'><strong>opus</strong></span> <span class='ocrx_word' id='word_1_520' title='bbox 1750 3870 1850 3919; x_wconf 83' lang='lat' dir='ltr'><strong>est.</strong></span> <span class='ocrx_word' id='word_1_521' title='bbox 1898 3869 2070 3920; x_wconf 82' lang='lat' dir='ltr'><strong>Assu-</strong></span> 
     </span>
    </p>
   </div>
   <div class='ocr_carea' id='block_1_70' title="bbox 469 3951 2071 4026">
    <p class='ocr_par' dir='ltr' id='par_1_70' title="bbox 469 3951 2071 4026">
     <span class='ocr_line' id='line_1_70' title="bbox 469 3951 2071 4026; baseline 0.001 -18"><span class='ocrx_word' id='word_1_522' title='bbox 469 3968 619 4009; x_wconf 90' lang='lat' dir='ltr'><strong>mere</strong></span> <span class='ocrx_word' id='word_1_523' title='bbox 668 3962 859 4011; x_wconf 90' lang='lat' dir='ltr'><strong>autem</strong></span> <span class='ocrx_word' id='word_1_524' title='bbox 898 3968 1229 4026; x_wconf 87' lang='lat' dir='ltr'><strong>persuasum</strong></span> <span class='ocrx_word' id='word_1_525' title='bbox 1276 3960 1333 4008; x_wconf 92' lang='lat' dir='ltr'><strong>et</strong></span> <span class='ocrx_word' id='word_1_526' title='bbox 1370 3951 1439 4008; x_wconf 92' lang='lat' dir='ltr'><strong>ad</strong></span> <span class='ocrx_word' id='word_1_527' title='bbox 1476 3952 1747 4024; x_wconf 88' lang='lat' dir='ltr'><strong>baptisma</strong></span> <span class='ocrx_word' id='word_1_528' title='bbox 1792 3960 2071 4024; x_wconf 88' lang='lat' dir='ltr'><strong>paratum,</strong></span> 
     </span>
    </p>
   </div>
   <div class='ocr_carea' id='block_1_71' title="bbox 468 4040 2071 4116">
    <p class='ocr_par' dir='ltr' id='par_1_71' title="bbox 468 4040 2071 4116">
     <span class='ocr_line' id='line_1_71' title="bbox 468 4040 2071 4116; baseline 0 -19"><span class='ocrx_word' id='word_1_529' title='bbox 468 4058 714 4116; x_wconf 90' lang='lat' dir='ltr'><strong>eumque</strong></span> <span class='ocrx_word' id='word_1_530' title='bbox 775 4042 1085 4113; x_wconf 89' lang='lat' dir='ltr'><strong>baptizare,</strong></span> <span class='ocrx_word' id='word_1_531' title='bbox 1160 4040 1457 4115; x_wconf 85' lang='lat' dir='ltr'><strong>cujuslibet</strong></span> <span class='ocrx_word' id='word_1_532' title='bbox 1508 4040 1675 4099; x_wconf 88' lang='lat' dir='ltr'><strong>fuerit</strong></span> <span class='ocrx_word' id='word_1_533' title='bbox 1702 4040 2071 4099; x_wconf 88' lang='lat' dir='ltr'><strong>sacerdotium</strong></span> 
     </span>
    </p>
   </div>
   <div class='ocr_carea' id='block_1_72' title="bbox 468 4130 2066 4204">
    <p class='ocr_par' dir='ltr' id='par_1_72' title="bbox 468 4130 2066 4204">
     <span class='ocr_line' id='line_1_72' title="bbox 468 4130 2066 4204; baseline 0.003 -17"><span class='ocrx_word' id='word_1_534' title='bbox 468 4132 745 4188; x_wconf 89' lang='lat' dir='ltr'><strong>habentis.</strong></span> <span class='ocrx_word' id='word_1_535' title='bbox 774 4131 936 4204; x_wconf 91' lang='lat' dir='ltr'><strong>Quod</strong></span> <span class='ocrx_word' id='word_1_536' title='bbox 960 4132 1008 4186; x_wconf 90' lang='lat' dir='ltr'><strong>si</strong></span> <span class='ocrx_word' id='word_1_537' title='bbox 1035 4130 1105 4186; x_wconf 90' lang='lat' dir='ltr'><strong>ad</strong></span> <span class='ocrx_word' id='word_1_538' title='bbox 1136 4130 1527 4203; x_wconf 88' lang='lat' dir='ltr'><strong>baptizandum</strong></span> <span class='ocrx_word' id='word_1_539' title='bbox 1550 4147 1665 4188; x_wconf 91' lang='lat' dir='ltr'><strong>non</strong></span> <span class='ocrx_word' id='word_1_540' title='bbox 1702 4140 1822 4188; x_wconf 90' lang='lat' dir='ltr'><strong>erat</strong></span> <span class='ocrx_word' id='word_1_541' title='bbox 1843 4134 2066 4193; x_wconf 88' lang='lat' dir='ltr'><strong>missus.</strong></span> 
     </span>
    </p>
   </div>
   <div class='ocr_carea' id='block_1_73' title="bbox 467 4220 2075 4295">
    <p class='ocr_par' dir='ltr' id='par_1_73' title="bbox 467 4220 2075 4295">
     <span class='ocr_line' id='line_1_73' title="bbox 467 4220 2075 4295; baseline 0 -17"><span class='ocrx_word' id='word_1_542' title='bbox 467 4220 749 4294; x_wconf 90' lang='lat' dir='ltr'><strong>quomodo</strong></span> <span class='ocrx_word' id='word_1_543' title='bbox 801 4220 1029 4276; x_wconf 91' lang='lat' dir='ltr'><strong>omnino</strong></span> <span class='ocrx_word' id='word_1_544' title='bbox 1065 4221 1383 4292; x_wconf 76' lang='lat' dir='ltr'><strong>baptizavit?</strong></span> <span class='ocrx_word' id='word_1_545' title='bbox 1413 4220 1501 4277; x_wconf 82' lang='lat' dir='ltr'><strong>Ad</strong></span> <span class='ocrx_word' id='word_1_546' title='bbox 1530 4220 1635 4277; x_wconf 91' lang='lat' dir='ltr'><strong>hoc</strong></span> <span class='ocrx_word' id='word_1_547' title='bbox 1677 4220 1904 4295; x_wconf 89' lang='lat' dir='ltr'><strong>quidem</strong></span> <span class='ocrx_word' id='word_1_548' title='bbox 1935 4237 2075 4294; x_wconf 72' lang='lat' dir='ltr'><strong>pra:-</strong></span> 
     </span>
    </p>
   </div>
   <div class='ocr_carea' id='block_1_74' title="bbox 468 4310 2071 4384">
    <p class='ocr_par' dir='ltr' id='par_1_74' title="bbox 468 4310 2071 4384">
     <span class='ocr_line' id='line_1_74' title="bbox 468 4310 2071 4384; baseline 0 -17"><span class='ocrx_word' id='word_1_549' title='bbox 468 4311 628 4384; x_wconf 89' lang='lat' dir='ltr'><strong>cipue</strong></span> <span class='ocrx_word' id='word_1_550' title='bbox 662 4327 776 4367; x_wconf 90' lang='lat' dir='ltr'><strong>non</strong></span> <span class='ocrx_word' id='word_1_551' title='bbox 791 4310 1110 4367; x_wconf 88' lang='lat' dir='ltr'><strong>mittebatur</strong></span> <span class='ocrx_word' id='word_1_552' title='bbox 1151 4330 1164 4366; x_wconf 92' lang='lat'>:</span> <span class='ocrx_word' id='word_1_553' title='bbox 1194 4321 1577 4368; x_wconf 87' lang='lat' dir='ltr'><strong>verumtamen</strong></span> <span class='ocrx_word' id='word_1_554' title='bbox 1599 4327 1714 4368; x_wconf 89' lang='lat' dir='ltr'><strong>non</strong></span> <span class='ocrx_word' id='word_1_555' title='bbox 1740 4310 2071 4384; x_wconf 86' lang='lat' dir='ltr'><strong>prohibeba-</strong></span> 
     </span>
    </p>
   </div>
   <div class='ocr_carea' id='block_1_75' title="bbox 471 4399 2073 4474">
    <p class='ocr_par' dir='ltr' id='par_1_75' title="bbox 471 4399 2073 4474">
     <span class='ocr_line' id='line_1_75' title="bbox 471 4399 2073 4474; baseline 0.001 -18"><span class='ocrx_word' id='word_1_556' title='bbox 471 4408 563 4457; x_wconf 92' lang='lat' dir='ltr'><strong>tur</strong></span> <span class='ocrx_word' id='word_1_557' title='bbox 617 4401 914 4473; x_wconf 87' lang='lat' dir='ltr'><strong>quominus</strong></span> <span class='ocrx_word' id='word_1_558' title='bbox 962 4399 1115 4457; x_wconf 90' lang='lat' dir='ltr'><strong>istud</strong></span> <span class='ocrx_word' id='word_1_559' title='bbox 1156 4399 1376 4457; x_wconf 84' lang='lat' dir='ltr'><strong>faceret.</strong></span> <span class='ocrx_word' id='word_1_560' title='bbox 1423 4400 1515 4458; x_wconf 79' lang='lat' dir='ltr'><strong>Ad</strong></span> <span class='ocrx_word' id='word_1_561' title='bbox 1545 4401 1681 4459; x_wconf 91' lang='lat' dir='ltr'><strong>illud</strong></span> <span class='ocrx_word' id='word_1_562' title='bbox 1726 4402 1877 4458; x_wconf 86' lang='lat' dir='ltr'><strong>enim</strong></span> <span class='ocrx_word' id='word_1_563' title='bbox 1925 4401 2073 4474; x_wconf 90' lang='lat' dir='ltr'><strong>quod</strong></span> 
     </span>
    </p>
   </div>
   <div class='ocr_carea' id='block_1_76' title="bbox 471 4489 2155 4570">
    <p class='ocr_par' dir='ltr' id='par_1_76' title="bbox 471 4489 2155 4570">
     <span class='ocr_line' id='line_1_76' title="bbox 471 4489 2155 4570; baseline -0.001 -22"><span class='ocrx_word' id='word_1_564' title='bbox 471 4490 652 4563; x_wconf 88' lang='lat' dir='ltr'><strong>majus</strong></span> <span class='ocrx_word' id='word_1_565' title='bbox 681 4499 800 4547; x_wconf 89' lang='lat' dir='ltr'><strong>erat</strong></span> <span class='ocrx_word' id='word_1_566' title='bbox 851 4489 1199 4559; x_wconf 87' lang='lat' dir='ltr'><strong>mittebatur,</strong></span> <span class='ocrx_word' id='word_1_567' title='bbox 1240 4500 1298 4547; x_wconf 93' lang='lat' dir='ltr'><strong>et</strong></span> <span class='ocrx_word' id='word_1_568' title='bbox 1324 4498 1511 4547; x_wconf 90' lang='lat' dir='ltr'><strong>tamen</strong></span> <span class='ocrx_word' id='word_1_569' title='bbox 1536 4507 1648 4547; x_wconf 91' lang='lat' dir='ltr'><strong>non</strong></span> <span class='ocrx_word' id='word_1_570' title='bbox 1676 4499 1793 4547; x_wconf 87' lang='lat' dir='ltr'><strong>erat</strong></span> <span class='ocrx_word' id='word_1_571' title='bbox 1830 4489 1880 4547; x_wconf 91' lang='lat' dir='ltr'><strong>ei</strong></span> <span class='ocrx_word' id='word_1_572' title='bbox 1924 4490 2071 4547; x_wconf 88' lang='lat' dir='ltr'><strong>inhi—</strong></span> <span class='ocrx_word' id='word_1_573' title='bbox 2106 4506 2155 4570; x_wconf 82' lang='grc' dir='ltr'><strong>ι)</strong></span> 
     </span>
    </p>
   </div>
   <div class='ocr_carea' id='block_1_77' title="bbox 468 4579 1713 4653">
    <p class='ocr_par' dir='ltr' id='par_1_77' title="bbox 468 4579 1713 4653">
     <span class='ocr_line' id='line_1_77' title="bbox 468 4579 1713 4653; baseline -0.002 -15"><span class='ocrx_word' id='word_1_574' title='bbox 468 4580 669 4651; x_wconf 89' lang='lat' dir='ltr'><strong>bitum,</strong></span> <span class='ocrx_word' id='word_1_575' title='bbox 711 4596 782 4638; x_wconf 92' lang='lat' dir='ltr'><strong>ne</strong></span> <span class='ocrx_word' id='word_1_576' title='bbox 810 4579 864 4637; x_wconf 91' lang='lat' dir='ltr'><strong>id</strong></span> <span class='ocrx_word' id='word_1_577' title='bbox 883 4596 957 4653; x_wconf 91' lang='lat' dir='ltr'><strong>qu</strong></span> <span class='ocrx_word' id='word_1_578' title='bbox 971 4579 1044 4637; x_wconf 92' lang='lat' dir='ltr'><strong>od</strong></span> <span class='ocrx_word' id='word_1_579' title='bbox 1074 4579 1261 4637; x_wconf 91' lang='lat' dir='ltr'><strong>minus</strong></span> <span class='ocrx_word' id='word_1_580' title='bbox 1286 4588 1452 4649; x_wconf 89' lang='lat' dir='ltr'><strong>esset,</strong></span> <span class='ocrx_word' id='word_1_581' title='bbox 1488 4580 1713 4639; x_wconf 81' lang='lat' dir='ltr'><strong>efﬁciat.</strong></span> 
     </span>
    </p>
   </div>
   <div class='ocr_carea' id='block_1_78' title="bbox 548 4670 2069 4742">
    <p class='ocr_par' dir='ltr' id='par_1_78' title="bbox 548 4670 2069 4742">
     <span class='ocr_line' id='line_1_78' title="bbox 548 4670 2069 4742; baseline 0.001 -16"><span class='ocrx_word' id='word_1_582' title='bbox 548 4670 713 4742; x_wconf 75' lang='lat'><strong>126</strong></span> <span class='ocrx_word' id='word_1_583' title='bbox 754 4694 781 4720; x_wconf 76' lang='grc' dir='ltr'><strong>ι</strong></span> <span class='ocrx_word' id='word_1_584' title='bbox 820 4672 947 4728; x_wconf 88' lang='lat' dir='ltr'><strong>Non</strong></span> <span class='ocrx_word' id='word_1_585' title='bbox 982 4670 1036 4726; x_wconf 90' lang='lat' dir='ltr'><strong>in</strong></span> <span class='ocrx_word' id='word_1_586' title='bbox 1061 4670 1326 4742; x_wconf 87' lang='lat' dir='ltr'><strong>sapientia</strong></span> <span class='ocrx_word' id='word_1_587' title='bbox 1369 4670 1539 4740; x_wconf 81' lang='lat' dir='ltr'><strong>verbi,</strong></span> <span class='ocrx_word' id='word_1_588' title='bbox 1586 4680 1649 4728; x_wconf 91' lang='lat' dir='ltr'><strong>ut</strong></span> <span class='ocrx_word' id='word_1_589' title='bbox 1671 4686 1787 4727; x_wconf 91' lang='lat' dir='ltr'><strong>non</strong></span> <span class='ocrx_word' id='word_1_590' title='bbox 1832 4686 2069 4728; x_wconf 80' lang='lat' dir='ltr'><strong>evacue—</strong></span> 
     </span>
    </p>
   </div>
   <div class='ocr_carea' id='block_1_79' title="bbox 470 4759 2071 4834">
    <p class='ocr_par' dir='ltr' id='par_1_79' title="bbox 470 4759 2071 4834">
     <span class='ocr_line' id='line_1_79' title="bbox 470 4759 2071 4834; baseline 0 -17"><span class='ocrx_word' id='word_1_591' title='bbox 470 4770 563 4817; x_wconf 85' lang='lat' dir='ltr'><strong>tur</strong></span> <span class='ocrx_word' id='word_1_592' title='bbox 594 4777 732 4817; x_wconf 87' lang='lat' dir='ltr'><strong>crux</strong></span> <span class='ocrx_word' id='word_1_593' title='bbox 762 4759 988 4817; x_wconf 86' lang='lat' dir='ltr'><strong>Christi.</strong></span> <span class='ocrx_word' id='word_1_594' title='bbox 1026 4783 1051 4809; x_wconf 75' lang='grc' dir='ltr'><strong>ι</strong></span> <span class='ocrx_word' id='word_1_595' title='bbox 1090 4760 1319 4817; x_wconf 88' lang='lat' dir='ltr'><strong>Sublato</strong></span> <span class='ocrx_word' id='word_1_596' title='bbox 1354 4776 1549 4818; x_wconf 89' lang='lat' dir='ltr'><strong>eorum</strong></span> <span class='ocrx_word' id='word_1_597' title='bbox 1580 4760 1728 4817; x_wconf 78' lang='lat' dir='ltr'><strong>fastu</strong></span> <span class='ocrx_word' id='word_1_598' title='bbox 1772 4760 1863 4833; x_wconf 89' lang='lat' dir='ltr'><strong>qui</strong></span> <span class='ocrx_word' id='word_1_599' title='bbox 1893 4761 2071 4834; x_wconf 85' lang='lat' dir='ltr'><strong>bapti-</strong></span> 
     </span>
    </p>
   </div>
   <div class='ocr_carea' id='block_1_80' title="bbox 470 4849 2075 4920">
    <p class='ocr_par' dir='ltr' id='par_1_80' title="bbox 470 4849 2075 4920">
     <span class='ocr_line' id='line_1_80' title="bbox 470 4849 2075 4920; baseline 0.001 -12"><span class='ocrx_word' id='word_1_600' title='bbox 470 4851 664 4908; x_wconf 87' lang='lat' dir='ltr'><strong>smatis</strong></span> <span class='ocrx_word' id='word_1_601' title='bbox 701 4849 928 4906; x_wconf 86' lang='lat' dir='ltr'><strong>nomine</strong></span> <span class='ocrx_word' id='word_1_602' title='bbox 941 4850 1134 4906; x_wconf 88' lang='lat' dir='ltr'><strong>cristas</strong></span> <span class='ocrx_word' id='word_1_603' title='bbox 1163 4859 1469 4920; x_wconf 78' lang='lat' dir='ltr'><strong>erexerant,</strong></span> <span class='ocrx_word' id='word_1_604' title='bbox 1499 4850 1567 4909; x_wconf 91' lang='lat' dir='ltr'><strong>ad</strong></span> <span class='ocrx_word' id='word_1_605' title='bbox 1602 4867 1697 4909; x_wconf 87' lang='lat' dir='ltr'><strong>eos</strong></span> <span class='ocrx_word' id='word_1_606' title='bbox 1720 4867 1867 4908; x_wconf 91' lang='lat' dir='ltr'><strong>nunc</strong></span> <span class='ocrx_word' id='word_1_607' title='bbox 1892 4860 2075 4909; x_wconf 83' lang='lat' dir='ltr'><strong>trans-</strong></span> 
     </span>
    </p>
   </div>
   <div class='ocr_carea' id='block_1_81' title="bbox 469 4939 2071 5013">
    <p class='ocr_par' dir='ltr' id='par_1_81' title="bbox 469 4939 2071 5013">
     <span class='ocr_line' id='line_1_81' title="bbox 469 4939 2071 5013; baseline -0.001 -15"><span class='ocrx_word' id='word_1_608' title='bbox 469 4942 532 5011; x_wconf 90' lang='lat' dir='ltr'><strong>it,</strong></span> <span class='ocrx_word' id='word_1_609' title='bbox 584 4939 676 5013; x_wconf 92' lang='lat' dir='ltr'><strong>qui</strong></span> <span class='ocrx_word' id='word_1_610' title='bbox 722 4947 947 4996; x_wconf 79' lang='lat' dir='ltr'><strong>externa</strong></span> <span class='ocrx_word' id='word_1_611' title='bbox 994 4941 1255 5012; x_wconf 79' lang='lat' dir='ltr'><strong>sapientia</strong></span> <span class='ocrx_word' id='word_1_612' title='bbox 1301 4939 1694 5009; x_wconf 83' lang='lat' dir='ltr'><strong>efferebantur,</strong></span> <span class='ocrx_word' id='word_1_613' title='bbox 1750 4940 2008 5013; x_wconf 90' lang='lat' dir='ltr'><strong>inquiens</strong></span> <span class='ocrx_word' id='word_1_614' title='bbox 2057 4960 2071 4997; x_wconf 89' lang='lat'><strong>:</strong></span> 
     </span>
    </p>
   </div>
   <div class='ocr_carea' id='block_1_82' title="bbox 467 5028 2072 5103">
    <p class='ocr_par' dir='ltr' id='par_1_82' title="bbox 467 5028 2072 5103">
     <span class='ocr_line' id='line_1_82' title="bbox 467 5028 2072 5103; baseline -0.001 -15"><span class='ocrx_word' id='word_1_615' title='bbox 467 5031 620 5089; x_wconf 89' lang='lat' dir='ltr'><strong>Misit</strong></span> <span class='ocrx_word' id='word_1_616' title='bbox 643 5044 732 5087; x_wconf 88' lang='lat' dir='ltr'><strong>me</strong></span> <span class='ocrx_word' id='word_1_617' title='bbox 754 5028 1109 5103; x_wconf 77' lang='lat' dir='ltr'><strong>Evangelium</strong></span> <span class='ocrx_word' id='word_1_618' title='bbox 1150 5030 1475 5103; x_wconf 68' lang='lat' dir='ltr'><strong>praedicare,</strong></span> <span class='ocrx_word' id='word_1_619' title='bbox 1502 5055 1526 5080; x_wconf 82' lang='grc' dir='ltr'>σι</span> <span class='ocrx_word' id='word_1_620' title='bbox 1567 5046 1682 5087; x_wconf 91' lang='lat' dir='ltr'><strong>non</strong></span> <span class='ocrx_word' id='word_1_621' title='bbox 1710 5029 1767 5086; x_wconf 90' lang='lat' dir='ltr'><strong>in</strong></span> <span class='ocrx_word' id='word_1_622' title='bbox 1802 5031 2072 5102; x_wconf 89' lang='lat' dir='ltr'><strong>sapientia</strong></span> 
     </span>
    </p>
   </div>
   <div class='ocr_carea' id='block_1_83' title="bbox 466 5120 2074 5195">
    <p class='ocr_par' dir='ltr' id='par_1_83' title="bbox 466 5120 2074 5195">
     <span class='ocr_line' id='line_1_83' title="bbox 466 5120 2074 5195; baseline 0 -17"><span class='ocrx_word' id='word_1_623' title='bbox 466 5121 639 5192; x_wconf 88' lang='lat' dir='ltr'><strong>verbi,</strong></span> <span class='ocrx_word' id='word_1_624' title='bbox 682 5144 709 5171; x_wconf 73' lang='lat' dir='ltr'><strong>vo</strong></span> <span class='ocrx_word' id='word_1_625' title='bbox 746 5120 853 5178; x_wconf 90' lang='lat' dir='ltr'><strong>hoc</strong></span> <span class='ocrx_word' id='word_1_626' title='bbox 888 5129 993 5190; x_wconf 87' lang='lat' dir='ltr'><strong>est,</strong></span> <span class='ocrx_word' id='word_1_627' title='bbox 1021 5120 1083 5177; x_wconf 92' lang='lat' dir='ltr'><strong>in</strong></span> <span class='ocrx_word' id='word_1_628' title='bbox 1122 5121 1458 5195; x_wconf 87' lang='lat' dir='ltr'><strong>eloquentia,</strong></span> <span class='ocrx_word' id='word_1_629' title='bbox 1516 5121 1902 5193; x_wconf 89' lang='lat' dir='ltr'><strong>sermonisque</strong></span> <span class='ocrx_word' id='word_1_630' title='bbox 1943 5137 2074 5178; x_wconf 90' lang='lat' dir='ltr'><strong>cum</strong></span> 
     </span>
    </p>
   </div>
   <div class='ocr_carea' id='block_1_84' title="bbox 464 5210 2076 5285">
    <p class='ocr_par' dir='ltr' id='par_1_84' title="bbox 464 5210 2076 5285">
     <span class='ocr_line' id='line_1_84' title="bbox 464 5210 2076 5285; baseline -0.001 -15"><span class='ocrx_word' id='word_1_631' title='bbox 464 5213 761 5285; x_wconf 77' lang='lat' dir='ltr'><strong>elegantia,</strong></span> <span class='ocrx_word' id='word_1_632' title='bbox 822 5218 946 5267; x_wconf 89' lang='lat' dir='ltr'><strong>tum</strong></span> <span class='ocrx_word' id='word_1_633' title='bbox 1008 5219 1324 5279; x_wconf 83' lang='lat' dir='ltr'><strong>venustate;</strong></span> <span class='ocrx_word' id='word_1_634' title='bbox 1379 5227 1449 5268; x_wconf 93' lang='lat' dir='ltr'><strong>ne</strong></span> <span class='ocrx_word' id='word_1_635' title='bbox 1490 5226 1694 5268; x_wconf 81' lang='lat' dir='ltr'><strong>noxam</strong></span> <span class='ocrx_word' id='word_1_636' title='bbox 1738 5210 1975 5283; x_wconf 89' lang='lat' dir='ltr'><strong>patiatur</strong></span> <span class='ocrx_word' id='word_1_637' title='bbox 2019 5219 2076 5268; x_wconf 92' lang='lat' dir='ltr'><strong>et</strong></span> 
     </span>
    </p>
   </div>
   <div class='ocr_carea' id='block_1_85' title="bbox 468 5299 2077 5374">
    <p class='ocr_par' dir='ltr' id='par_1_85' title="bbox 468 5299 2077 5374">
     <span class='ocr_line' id='line_1_85' title="bbox 468 5299 2077 5374; baseline 0 -15"><span class='ocrx_word' id='word_1_638' title='bbox 468 5301 923 5359; x_wconf 90' lang='lat' dir='ltr'><strong>imminutionem</strong></span> <span class='ocrx_word' id='word_1_639' title='bbox 952 5316 1110 5371; x_wconf 86' lang='lat' dir='ltr'><strong>crux,</strong></span> <span class='ocrx_word' id='word_1_640' title='bbox 1138 5302 1255 5359; x_wconf 86' lang='lat' dir='ltr'><strong>sive</strong></span> <span class='ocrx_word' id='word_1_641' title='bbox 1291 5299 1364 5359; x_wconf 88' lang='lat' dir='ltr'><strong>de</strong></span> <span class='ocrx_word' id='word_1_642' title='bbox 1382 5316 1544 5359; x_wconf 87' lang='lat' dir='ltr'><strong>cruce</strong></span> <span class='ocrx_word' id='word_1_643' title='bbox 1579 5300 1921 5374; x_wconf 61' lang='lat' dir='ltr'><strong>praedicatio.</strong></span> <span class='ocrx_word' id='word_1_644' title='bbox 1955 5304 2077 5359; x_wconf 83' lang='lat' dir='ltr'><strong>Hoc</strong></span> 
     </span>
    </p>
   </div>
   <div class='ocr_carea' id='block_1_86' title="bbox 2180 3306 3423 3393">
    <p class='ocr_par' dir='ltr' id='par_1_86' title="bbox 2180 3306 3423 3393">
     <span class='ocr_line' id='line_1_86' title="bbox 2180 3306 3423 3393; baseline -0.006 -15"><span class='ocrx_word' id='word_1_645' title='bbox 2180 3342 2346 3378; x_wconf 92' lang='grc' dir='ltr'>πτισα</span> <span class='ocrx_word' id='word_1_646' title='bbox 2378 3340 2391 3355; x_wconf 80' lang='grc'><strong>⁸</strong></span> <span class='ocrx_word' id='word_1_647' title='bbox 2418 3321 2529 3384; x_wconf 80' lang='grc' dir='ltr'><strong>πῶς</strong></span> <span class='ocrx_word' id='word_1_648' title='bbox 2560 3306 2647 3376; x_wconf 75' lang='grc' dir='ltr'><strong>οὐν</strong></span> <span class='ocrx_word' id='word_1_649' title='bbox 2688 3319 2838 3393; x_wconf 77' lang='grc' dir='ltr'>ὑμεῖς</span> <span class='ocrx_word' id='word_1_650' title='bbox 2870 3315 2958 3374; x_wconf 78' lang='grc' dir='ltr'>ἐπὶ</span> <span class='ocrx_word' id='word_1_651' title='bbox 2982 3313 3153 3393; x_wconf 85' lang='grc' dir='ltr'>τούτῳ</span> <span class='ocrx_word' id='word_1_652' title='bbox 3180 3312 3423 3391; x_wconf 81' lang='grc' dir='ltr'>αἴρεσθε;</span> 
     </span>
    </p>
   </div>
   <div class='ocr_carea' id='block_1_87' title="bbox 2269 3400 3781 3486">
    <p class='ocr_par' dir='ltr' id='par_1_87' title="bbox 2269 3400 3781 3486">
     <span class='ocr_line' id='line_1_87' title="bbox 2269 3400 3781 3486; baseline -0.007 -18"><span class='ocrx_word' id='word_1_653' title='bbox 2269 3431 2299 3467; x_wconf 80' lang='grc' dir='ltr'><strong>α</strong></span> <span class='ocrx_word' id='word_1_654' title='bbox 2341 3410 2422 3468; x_wconf 83' lang='grc' dir='ltr'>Οὐ</span> <span class='ocrx_word' id='word_1_655' title='bbox 2456 3406 2558 3486; x_wconf 78' lang='grc' dir='ltr'><strong>γὰρ</strong></span> <span class='ocrx_word' id='word_1_656' title='bbox 2606 3404 2886 3465; x_wconf 86' lang='grc' dir='ltr'>ἀπέστειλέ</span> <span class='ocrx_word' id='word_1_657' title='bbox 2925 3427 2991 3482; x_wconf 88' lang='grc' dir='ltr'><strong>με</strong></span> <span class='ocrx_word' id='word_1_658' title='bbox 3037 3402 3263 3483; x_wconf 81' lang='grc' dir='ltr'>Χριστὸς</span> <span class='ocrx_word' id='word_1_659' title='bbox 3316 3400 3625 3483; x_wconf 86' lang='grc' dir='ltr'>βαπτίζειν,</span> <span class='ocrx_word' id='word_1_660' title='bbox 3657 3401 3781 3459; x_wconf 85' lang='grc' dir='ltr'>ἀλλ’</span> 
     </span>
    </p>
   </div>
   <div class='ocr_carea' id='block_1_88' title="bbox 2180 3491 3787 3579">
    <p class='ocr_par' dir='ltr' id='par_1_88' title="bbox 2180 3491 3787 3579">
     <span class='ocr_line' id='line_1_88' title="bbox 2180 3491 3787 3579; baseline -0.006 -20"><span class='ocrx_word' id='word_1_661' title='bbox 2180 3498 2631 3579; x_wconf 85' lang='grc' dir='ltr'>εὐαγγελίζεσθαι.</span> <span class='ocrx_word' id='word_1_662' title='bbox 2670 3524 2692 3548; x_wconf 80' lang='grc' dir='ltr'><strong>ιι</strong></span> <span class='ocrx_word' id='word_1_663' title='bbox 2738 3496 2815 3557; x_wconf 88' lang='grc' dir='ltr'>Τὸ</span> <span class='ocrx_word' id='word_1_664' title='bbox 2866 3493 2969 3575; x_wconf 82' lang='grc' dir='ltr'><strong>γὰρ</strong></span> <span class='ocrx_word' id='word_1_665' title='bbox 3022 3493 3416 3579; x_wconf 59' lang='grc' dir='ltr'>ἐπιπονώτερον</span> <span class='ocrx_word' id='word_1_666' title='bbox 3424 3540 3441 3568; x_wconf 89' lang='grc'><strong>,</strong></span> <span class='ocrx_word' id='word_1_667' title='bbox 3488 3491 3577 3551; x_wconf 79' lang='grc' dir='ltr'>καὶ</span> <span class='ocrx_word' id='word_1_668' title='bbox 3606 3493 3787 3579; x_wconf 81' lang='grc' dir='ltr'>ψυχῆς</span> 
     </span>
    </p>
   </div>
   <div class='ocr_carea' id='block_1_89' title="bbox 2181 3573 3785 3669">
    <p class='ocr_par' dir='ltr' id='par_1_89' title="bbox 2181 3573 3785 3669">
     <span class='ocr_line' id='line_1_89' title="bbox 2181 3573 3785 3669; baseline -0.007 -20"><span class='ocrx_word' id='word_1_669' title='bbox 2181 3573 2401 3669; x_wconf 75' lang='grc' dir='ltr'>σιδηρᾶς</span> <span class='ocrx_word' id='word_1_670' title='bbox 2449 3588 2726 3665; x_wconf 87' lang='grc' dir='ltr'>δεόμενον,</span> <span class='ocrx_word' id='word_1_671' title='bbox 2784 3586 2843 3646; x_wconf 81' lang='grc' dir='ltr'>τὸ</span> <span class='ocrx_word' id='word_1_672' title='bbox 2879 3573 3329 3664; x_wconf 69' lang='grc' dir='ltr'>εὐαγγελίζεσθαι</span> <span class='ocrx_word' id='word_1_673' title='bbox 3381 3573 3471 3656; x_wconf 72' lang='grc' dir='ltr'><strong>ἦν.</strong></span> <span class='ocrx_word' id='word_1_674' title='bbox 3545 3580 3627 3642; x_wconf 83' lang='grc' dir='ltr'><strong>Τὸ</strong></span> <span class='ocrx_word' id='word_1_675' title='bbox 3677 3578 3785 3660; x_wconf 81' lang='grc' dir='ltr'><strong>γὰρ</strong></span> 
     </span>
    </p>
   </div>
   <div class='ocr_carea' id='block_1_90' title="bbox 2181 3675 3785 3758">
    <p class='ocr_par' dir='ltr' id='par_1_90' title="bbox 2181 3675 3785 3758">
     <span class='ocr_line' id='line_1_90' title="bbox 2181 3675 3785 3758; baseline -0.007 -19"><span class='ocrx_word' id='word_1_676' title='bbox 2181 3680 2502 3758; x_wconf 81' lang='grc' dir='ltr'>μεταπεῖσαι</span> <span class='ocrx_word' id='word_1_677' title='bbox 2574 3678 2883 3758; x_wconf 85' lang='grc' dir='ltr'>ἄνθρωπον,</span> <span class='ocrx_word' id='word_1_678' title='bbox 2949 3675 3042 3735; x_wconf 69' lang='grc' dir='ltr'>καὶ</span> <span class='ocrx_word' id='word_1_679' title='bbox 3107 3678 3446 3750; x_wconf 89' lang='grc' dir='ltr'>μεταστῆσαι</span> <span class='ocrx_word' id='word_1_680' title='bbox 3498 3675 3603 3732; x_wconf 82' lang='grc' dir='ltr'><strong>τῶν</strong></span> <span class='ocrx_word' id='word_1_681' title='bbox 3675 3694 3785 3728; x_wconf 77' lang='grc' dir='ltr'>πα-</span> 
     </span>
    </p>
   </div>
   <div class='ocr_carea' id='block_1_91' title="bbox 2180 3760 3786 3851">
    <p class='ocr_par' dir='ltr' id='par_1_91' title="bbox 2180 3760 3786 3851">
     <span class='ocr_line' id='line_1_91' title="bbox 2180 3760 3786 3851; baseline -0.006 -22"><span class='ocrx_word' id='word_1_682' title='bbox 2180 3769 2364 3851; x_wconf 80' lang='grc' dir='ltr'>τρῴων</span> <span class='ocrx_word' id='word_1_683' title='bbox 2438 3768 2749 3844; x_wconf 81' lang='grc' dir='ltr'>δογμάτων,</span> <span class='ocrx_word' id='word_1_684' title='bbox 2796 3766 2890 3827; x_wconf 80' lang='grc' dir='ltr'><strong>καὶ</strong></span> <span class='ocrx_word' id='word_1_685' title='bbox 2940 3771 3110 3825; x_wconf 91' lang='grc' dir='ltr'>ταῦτα</span> <span class='ocrx_word' id='word_1_686' title='bbox 3178 3767 3230 3823; x_wconf 87' lang='grc' dir='ltr'><strong>ἐν</strong></span> <span class='ocrx_word' id='word_1_687' title='bbox 3290 3763 3442 3844; x_wconf 85' lang='grc' dir='ltr'>μέσῳ</span> <span class='ocrx_word' id='word_1_688' title='bbox 3491 3760 3786 3834; x_wconf 83' lang='grc' dir='ltr'>κινδύνων,</span> 
     </span>
    </p>
   </div>
   <div class='ocr_carea' id='block_1_92' title="bbox 2182 3850 3783 3941">
    <p class='ocr_par' dir='ltr' id='par_1_92' title="bbox 2182 3850 3783 3941">
     <span class='ocr_line' id='line_1_92' title="bbox 2182 3850 3783 3941; baseline -0.008 -20"><span class='ocrx_word' id='word_1_689' title='bbox 2182 3850 2418 3941; x_wconf 79' lang='grc' dir='ltr'>μεγάλης</span> <span class='ocrx_word' id='word_1_690' title='bbox 2485 3862 2660 3940; x_wconf 84' lang='grc' dir='ltr'>ψυχῆς</span> <span class='ocrx_word' id='word_1_691' title='bbox 2716 3857 2807 3917; x_wconf 84' lang='grc' dir='ltr'>καὶ</span> <span class='ocrx_word' id='word_1_692' title='bbox 2865 3855 3132 3937; x_wconf 89' lang='grc' dir='ltr'>γενναίας.</span> <span class='ocrx_word' id='word_1_693' title='bbox 3197 3854 3279 3915; x_wconf 82' lang='grc' dir='ltr'><strong>Τὸ</strong></span> <span class='ocrx_word' id='word_1_694' title='bbox 3335 3854 3389 3912; x_wconf 85' lang='grc' dir='ltr'>δὲ</span> <span class='ocrx_word' id='word_1_695' title='bbox 3439 3850 3783 3941; x_wconf 79' lang='grc' dir='ltr'>παραλαϐεῖν</span> 
     </span>
    </p>
   </div>
   <div class='ocr_carea' id='block_1_93' title="bbox 2181 3939 3788 4028">
    <p class='ocr_par' dir='ltr' id='par_1_93' title="bbox 2181 3939 3788 4028">
     <span class='ocr_line' id='line_1_93' title="bbox 2181 3939 3788 4028; baseline -0.008 -18"><span class='ocrx_word' id='word_1_696' title='bbox 2181 3939 2390 4028; x_wconf 76' lang='grc' dir='ltr'>ἕτοιμον</span> <span class='ocrx_word' id='word_1_697' title='bbox 2440 3939 2533 4008; x_wconf 76' lang='grc' dir='ltr'>καὶ</span> <span class='ocrx_word' id='word_1_698' title='bbox 2607 3946 2896 4025; x_wconf 81' lang='grc' dir='ltr'>βαπτίσαι,</span> <span class='ocrx_word' id='word_1_699' title='bbox 2973 3945 3169 4011; x_wconf 90' lang='grc' dir='ltr'>πάντος</span> <span class='ocrx_word' id='word_1_700' title='bbox 3240 3941 3305 4001; x_wconf 79' lang='grc' dir='ltr'><strong>ἂν</strong></span> <span class='ocrx_word' id='word_1_701' title='bbox 3378 3941 3459 4015; x_wconf 77' lang='grc' dir='ltr'><strong>εἴη</strong></span> <span class='ocrx_word' id='word_1_702' title='bbox 3522 3948 3614 4001; x_wconf 92' lang='grc' dir='ltr'><strong>τοῦ</strong></span> <span class='ocrx_word' id='word_1_703' title='bbox 3687 3939 3788 4011; x_wconf 81' lang='grc' dir='ltr'><strong>τὴν</strong></span> 
     </span>
    </p>
   </div>
   <div class='ocr_carea' id='block_1_94' title="bbox 2182 4029 3785 4120">
    <p class='ocr_par' dir='ltr' id='par_1_94' title="bbox 2182 4029 3785 4120">
     <span class='ocr_line' id='line_1_94' title="bbox 2182 4029 3785 4120; baseline -0.008 -21"><span class='ocrx_word' id='word_1_704' title='bbox 2182 4039 2474 4120; x_wconf 72' lang='grc' dir='ltr'>ἱερωσύνην</span> <span class='ocrx_word' id='word_1_705' title='bbox 2506 4037 2737 4118; x_wconf 88' lang='grc' dir='ltr'>ἔχοντος.</span> <span class='ocrx_word' id='word_1_706' title='bbox 2786 4035 2892 4097; x_wconf 82' lang='grc' dir='ltr'>Καὶ</span> <span class='ocrx_word' id='word_1_707' title='bbox 2946 4036 2993 4093; x_wconf 81' lang='grc' dir='ltr'>εἰ</span> <span class='ocrx_word' id='word_1_708' title='bbox 3022 4036 3117 4093; x_wconf 87' lang='grc' dir='ltr'><strong>οὐκ</strong></span> <span class='ocrx_word' id='word_1_709' title='bbox 3158 4031 3439 4101; x_wconf 82' lang='grc' dir='ltr'>ἀπεστάλη</span> <span class='ocrx_word' id='word_1_710' title='bbox 3473 4029 3785 4110; x_wconf 86' lang='grc' dir='ltr'>βαπτίζειν,</span> 
     </span>
    </p>
   </div>
   <div class='ocr_carea' id='block_1_95' title="bbox 2183 4120 3788 4203">
    <p class='ocr_par' dir='ltr' id='par_1_95' title="bbox 2183 4120 3788 4203">
     <span class='ocr_line' id='line_1_95' title="bbox 2183 4120 3788 4203; baseline -0.007 -15"><span class='ocrx_word' id='word_1_711' title='bbox 2183 4134 2295 4198; x_wconf 79' lang='grc' dir='ltr'><strong>πῶς</strong></span> <span class='ocrx_word' id='word_1_712' title='bbox 2326 4128 2478 4203; x_wconf 35' lang='grc' dir='ltr'>,ὅλως</span> <span class='ocrx_word' id='word_1_713' title='bbox 2514 4126 2833 4198; x_wconf 78' lang='grc' dir='ltr'>ἐϐάπτισεν;</span> <span class='ocrx_word' id='word_1_714' title='bbox 2882 4127 3000 4185; x_wconf 87' lang='grc' dir='ltr'><strong>Οὐκ</strong></span> <span class='ocrx_word' id='word_1_715' title='bbox 3036 4121 3318 4194; x_wconf 84' lang='grc' dir='ltr'>ἀπεστάλη</span> <span class='ocrx_word' id='word_1_716' title='bbox 3371 4120 3467 4196; x_wconf 76' lang='grc' dir='ltr'>μὲν</span> <span class='ocrx_word' id='word_1_717' title='bbox 3510 4122 3583 4186; x_wconf 78' lang='grc' dir='ltr'><strong>εἰς</strong></span> <span class='ocrx_word' id='word_1_718' title='bbox 3626 4124 3788 4177; x_wconf 90' lang='grc' dir='ltr'>τοῦτο</span> 
     </span>
    </p>
   </div>
   <div class='ocr_carea' id='block_1_96' title="bbox 2185 4209 3786 4300">
    <p class='ocr_par' dir='ltr' id='par_1_96' title="bbox 2185 4209 3786 4300">
     <span class='ocr_line' id='line_1_96' title="bbox 2185 4209 3786 4300; baseline -0.009 -21"><span class='ocrx_word' id='word_1_719' title='bbox 2185 4216 2592 4300; x_wconf 81' lang='grc' dir='ltr'>προηγουμένως</span> <span class='ocrx_word' id='word_1_720' title='bbox 2651 4240 2664 4253; x_wconf 75' lang='grc' dir='ltr'><strong>ο</strong></span> <span class='ocrx_word' id='word_1_721' title='bbox 2731 4213 2872 4286; x_wconf 79' lang='grc' dir='ltr'>πλὴν</span> <span class='ocrx_word' id='word_1_722' title='bbox 2951 4213 3066 4272; x_wconf 83' lang='grc' dir='ltr'>ἀλλ’</span> <span class='ocrx_word' id='word_1_723' title='bbox 3141 4212 3237 4271; x_wconf 89' lang='grc' dir='ltr'><strong>οὐκ</strong></span> <span class='ocrx_word' id='word_1_724' title='bbox 3322 4209 3557 4282; x_wconf 82' lang='grc' dir='ltr'>ἐκωλύθη</span> <span class='ocrx_word' id='word_1_725' title='bbox 3608 4212 3786 4300; x_wconf 6' lang='grc' dir='ltr'>,τοῦτο</span> 
     </span>
    </p>
   </div>
   <div class='ocr_carea' id='block_1_97' title="bbox 2185 4298 3783 4387">
    <p class='ocr_par' dir='ltr' id='par_1_97' title="bbox 2185 4298 3783 4387">
     <span class='ocr_line' id='line_1_97' title="bbox 2185 4298 3783 4387; baseline -0.008 -19"><span class='ocrx_word' id='word_1_726' title='bbox 2185 4298 2374 4371; x_wconf 83' lang='grc' dir='ltr'>ποιεῖν.</span> <span class='ocrx_word' id='word_1_727' title='bbox 2415 4310 2508 4375; x_wconf 75' lang='grc' dir='ltr'>Εἰς</span> <span class='ocrx_word' id='word_1_728' title='bbox 2548 4306 2645 4385; x_wconf 70' lang='grc' dir='ltr'>μὲν</span> <span class='ocrx_word' id='word_1_729' title='bbox 2668 4304 2770 4387; x_wconf 76' lang='grc' dir='ltr'><strong>γὰρ</strong></span> <span class='ocrx_word' id='word_1_730' title='bbox 2799 4304 2859 4364; x_wconf 89' lang='grc' dir='ltr'>τὸ</span> <span class='ocrx_word' id='word_1_731' title='bbox 2905 4308 3080 4383; x_wconf 84' lang='grc' dir='ltr'>μεῖζον</span> <span class='ocrx_word' id='word_1_732' title='bbox 3116 4300 3431 4377; x_wconf 85' lang='grc' dir='ltr'>ἀπεστάλη,</span> <span class='ocrx_word' id='word_1_733' title='bbox 3464 4298 3652 4359; x_wconf 76' lang='grc' dir='ltr'>ἀπὸδὲ</span> <span class='ocrx_word' id='word_1_734' title='bbox 3682 4302 3783 4357; x_wconf 89' lang='grc' dir='ltr'><strong>τοῦ</strong></span> 
     </span>
    </p>
   </div>
   <div class='ocr_carea' id='block_1_98' title="bbox 2186 4392 3305 4478">
    <p class='ocr_par' dir='ltr' id='par_1_98' title="bbox 2186 4392 3305 4478">
     <span class='ocr_line' id='line_1_98' title="bbox 2186 4392 3305 4478; baseline -0.005 -20"><span class='ocrx_word' id='word_1_735' title='bbox 2186 4399 2277 4460; x_wconf 80' lang='grc' dir='ltr'>καὶ</span> <span class='ocrx_word' id='word_1_736' title='bbox 2305 4400 2366 4460; x_wconf 84' lang='grc' dir='ltr'>τὸ</span> <span class='ocrx_word' id='word_1_737' title='bbox 2406 4401 2628 4460; x_wconf 84' lang='grc' dir='ltr'>ἐλαττον</span> <span class='ocrx_word' id='word_1_738' title='bbox 2658 4396 2886 4478; x_wconf 85' lang='grc' dir='ltr'>ἐνεργεῖν</span> <span class='ocrx_word' id='word_1_739' title='bbox 2918 4397 3015 4456; x_wconf 87' lang='grc' dir='ltr'><strong>οὐκ</strong></span> <span class='ocrx_word' id='word_1_740' title='bbox 3044 4392 3305 4466; x_wconf 85' lang='grc' dir='ltr'>ἐκωλύθη.</span> 
     </span>
    </p>
   </div>
   <div class='ocr_carea' id='block_1_99' title="bbox 2273 4652 3787 4742">
    <p class='ocr_par' dir='ltr' id='par_1_99' title="bbox 2273 4652 3787 4742">
     <span class='ocr_line' id='line_1_99' title="bbox 2273 4652 3787 4742; baseline -0.006 -21"><span class='ocrx_word' id='word_1_741' title='bbox 2273 4684 2302 4721; x_wconf 77' lang='grc' dir='ltr'><strong>ιι</strong></span> <span class='ocrx_word' id='word_1_742' title='bbox 2331 4662 2452 4723; x_wconf 87' lang='grc' dir='ltr'><strong>Οὐκ</strong></span> <span class='ocrx_word' id='word_1_743' title='bbox 2495 4663 2549 4720; x_wconf 85' lang='grc' dir='ltr'><strong>ἐν</strong></span> <span class='ocrx_word' id='word_1_744' title='bbox 2594 4659 2751 4742; x_wconf 82' lang='grc' dir='ltr'>σοφίᾳ</span> <span class='ocrx_word' id='word_1_745' title='bbox 2784 4658 2976 4735; x_wconf 89' lang='grc' dir='ltr'>λόγου,</span> <span class='ocrx_word' id='word_1_746' title='bbox 3010 4658 3097 4715; x_wconf 71' lang='grc' dir='ltr'>ἵνα</span> <span class='ocrx_word' id='word_1_747' title='bbox 3136 4654 3212 4733; x_wconf 82' lang='grc' dir='ltr'><strong>μὴ</strong></span> <span class='ocrx_word' id='word_1_748' title='bbox 3260 4659 3461 4734; x_wconf 82' lang='grc' dir='ltr'>κενωθῇ</span> <span class='ocrx_word' id='word_1_749' title='bbox 3491 4656 3519 4712; x_wconf 79' lang='grc' dir='ltr'><strong>ὃ</strong></span> <span class='ocrx_word' id='word_1_750' title='bbox 3549 4652 3787 4733; x_wconf 84' lang='grc' dir='ltr'>’σταυρὸς</span> 
     </span>
    </p>
   </div>
   <div class='ocr_carea' id='block_1_100' title="bbox 2183 4741 3785 4829">
    <p class='ocr_par' dir='ltr' id='par_1_100' title="bbox 2183 4741 3785 4829">
     <span class='ocr_line' id='line_1_100' title="bbox 2183 4741 3785 4829; baseline -0.006 -18"><span class='ocrx_word' id='word_1_751' title='bbox 2183 4757 2273 4813; x_wconf 91' lang='grc' dir='ltr'><strong>τοῦ</strong></span> <span class='ocrx_word' id='word_1_752' title='bbox 2332 4754 2589 4829; x_wconf 83' lang='grc' dir='ltr'>Χριστοῦ.</span> <span class='ocrx_word' id='word_1_753' title='bbox 2623 4741 2679 4808; x_wconf 64' lang='grc'><strong>»⁷</strong></span> <span class='ocrx_word' id='word_1_754' title='bbox 2721 4748 2971 4808; x_wconf 85' lang='grc' dir='ltr'>Καθελὼν</span> <span class='ocrx_word' id='word_1_755' title='bbox 3030 4746 3125 4819; x_wconf 83' lang='grc' dir='ltr'><strong>τὴν</strong></span> <span class='ocrx_word' id='word_1_756' title='bbox 3182 4743 3345 4824; x_wconf 79' lang='grc' dir='ltr'>ὀφρὺν</span> <span class='ocrx_word' id='word_1_757' title='bbox 3402 4746 3511 4801; x_wconf 79' lang='grc' dir='ltr'><strong>τῶν</strong></span> <span class='ocrx_word' id='word_1_758' title='bbox 3568 4741 3657 4802; x_wconf 71' lang='grc' dir='ltr'>ἐπὶ</span> <span class='ocrx_word' id='word_1_759' title='bbox 3709 4746 3785 4821; x_wconf 80' lang='grc' dir='ltr'><strong>τῷ</strong></span> 
     </span>
    </p>
   </div>
   <div class='ocr_carea' id='block_1_101' title="bbox 2187 4832 3787 4922">
    <p class='ocr_par' dir='ltr' id='par_1_101' title="bbox 2187 4832 3787 4922">
     <span class='ocr_line' id='line_1_101' title="bbox 2187 4832 3787 4922; baseline -0.005 -23"><span class='ocrx_word' id='word_1_760' title='bbox 2187 4841 2460 4922; x_wconf 87' lang='grc' dir='ltr'>βαπτίζειν</span> <span class='ocrx_word' id='word_1_761' title='bbox 2502 4840 2641 4917; x_wconf 89' lang='grc' dir='ltr'>μέγα</span> <span class='ocrx_word' id='word_1_762' title='bbox 2683 4837 3050 4919; x_wconf 85' lang='grc' dir='ltr'>φρονούντων,</span> <span class='ocrx_word' id='word_1_763' title='bbox 3100 4832 3443 4910; x_wconf 80' lang='grc' dir='ltr'>μεταϐαίνειν</span> <span class='ocrx_word' id='word_1_764' title='bbox 3481 4832 3529 4871; x_wconf 75' lang='grc'><strong>⁸³</strong></span> <span class='ocrx_word' id='word_1_765' title='bbox 3558 4836 3649 4891; x_wconf 90' lang='grc' dir='ltr'><strong>νῦν</strong></span> <span class='ocrx_word' id='word_1_766' title='bbox 3693 4835 3787 4892; x_wconf 77' lang='grc' dir='ltr'><strong>καὶ</strong></span> 
     </span>
    </p>
   </div>
   <div class='ocr_carea' id='block_1_102' title="bbox 2183 4921 3790 5009">
    <p class='ocr_par' dir='ltr' id='par_1_102' title="bbox 2183 4921 3790 5009">
     <span class='ocr_line' id='line_1_102' title="bbox 2183 4921 3790 5009; baseline -0.007 -18"><span class='ocrx_word' id='word_1_767' title='bbox 2183 4921 2274 4991; x_wconf 83' lang='grc' dir='ltr'><strong>ἐπὶ</strong></span> <span class='ocrx_word' id='word_1_768' title='bbox 2324 4930 2443 4997; x_wconf 78' lang='grc' dir='ltr'>τοὺς</span> <span class='ocrx_word' id='word_1_769' title='bbox 2579 4928 2764 4997; x_wconf 80' lang='grc' dir='ltr'>ἔξωθεν</span> <span class='ocrx_word' id='word_1_770' title='bbox 2813 4925 2971 5008; x_wconf 78' lang='grc' dir='ltr'>σοφίᾳ</span> <span class='ocrx_word' id='word_1_771' title='bbox 3019 4923 3430 5003; x_wconf 85' lang='grc' dir='ltr'>ἐπαιρομένους,</span> <span class='ocrx_word' id='word_1_772' title='bbox 3468 4921 3562 4981; x_wconf 89' lang='grc' dir='ltr'><strong>καί</strong></span> <span class='ocrx_word' id='word_1_773' title='bbox 3592 4945 3790 5005; x_wconf 84' lang='grc' dir='ltr'>φησιν,</span> 
     </span>
    </p>
   </div>
   <div class='ocr_carea' id='block_1_103' title="bbox 2182 5010 3788 5095">
    <p class='ocr_par' dir='ltr' id='par_1_103' title="bbox 2182 5010 3788 5095">
     <span class='ocr_line' id='line_1_103' title="bbox 2182 5010 3788 5095; baseline -0.006 -14"><span class='ocrx_word' id='word_1_774' title='bbox 2182 5021 2263 5080; x_wconf 77' lang='grc' dir='ltr'>ὅτι</span> <span class='ocrx_word' id='word_1_775' title='bbox 2316 5017 2618 5081; x_wconf 86' lang='grc' dir='ltr'>Ἀπέστειλέ</span> <span class='ocrx_word' id='word_1_776' title='bbox 2669 5040 2737 5095; x_wconf 88' lang='grc' dir='ltr'><strong>με</strong></span> <span class='ocrx_word' id='word_1_777' title='bbox 2780 5014 3239 5095; x_wconf 84' lang='grc' dir='ltr'>εὐαγγελίζεσθαι,</span> <span class='ocrx_word' id='word_1_778' title='bbox 3307 5034 3334 5069; x_wconf 88' lang='grc' dir='ltr'>(ι</span> <span class='ocrx_word' id='word_1_779' title='bbox 3381 5014 3477 5072; x_wconf 88' lang='grc' dir='ltr'><strong>οὐκ</strong></span> <span class='ocrx_word' id='word_1_780' title='bbox 3525 5015 3577 5072; x_wconf 87' lang='grc' dir='ltr'><strong>ἐν</strong></span> <span class='ocrx_word' id='word_1_781' title='bbox 3628 5010 3788 5094; x_wconf 75' lang='grc' dir='ltr'>σοφίᾳ</span> 
     </span>
    </p>
   </div>
   <div class='ocr_carea' id='block_1_104' title="bbox 2183 5100 3787 5189">
    <p class='ocr_par' dir='ltr' id='par_1_104' title="bbox 2183 5100 3787 5189">
     <span class='ocr_line' id='line_1_104' title="bbox 2183 5100 3787 5189; baseline -0.007 -18"><span class='ocrx_word' id='word_1_782' title='bbox 2183 5111 2341 5189; x_wconf 90' lang='grc' dir='ltr'>λόγου</span> <span class='ocrx_word' id='word_1_783' title='bbox 2363 5155 2379 5185; x_wconf 92' lang='grc'><strong>,</strong></span> <span class='ocrx_word' id='word_1_784' title='bbox 2412 5137 2437 5163; x_wconf 74' lang='grc' dir='ltr'>ιο</span> <span class='ocrx_word' id='word_1_785' title='bbox 2464 5107 2755 5179; x_wconf 85' lang='grc' dir='ltr'>τουτέστιν,</span> <span class='ocrx_word' id='word_1_786' title='bbox 2788 5107 3083 5186; x_wconf 79' lang='grc' dir='ltr'>εὐγλωττίᾳ</span> <span class='ocrx_word' id='word_1_787' title='bbox 3106 5102 3197 5163; x_wconf 75' lang='grc' dir='ltr'>καὶ</span> <span class='ocrx_word' id='word_1_788' title='bbox 3226 5102 3562 5181; x_wconf 78' lang='grc' dir='ltr'>καλλιεπείᾳ,</span> <span class='ocrx_word' id='word_1_789' title='bbox 3589 5100 3679 5160; x_wconf 75' lang='grc' dir='ltr'>ἵνα</span> <span class='ocrx_word' id='word_1_790' title='bbox 3710 5102 3787 5180; x_wconf 81' lang='grc' dir='ltr'><strong>μὴ</strong></span> 
     </span>
    </p>
   </div>
   <div class='ocr_carea' id='block_1_105' title="bbox 2189 5191 3790 5282">
    <p class='ocr_par' dir='ltr' id='par_1_105' title="bbox 2189 5191 3790 5282">
     <span class='ocr_line' id='line_1_105' title="bbox 2189 5191 3790 5282; baseline -0.007 -22"><span class='ocrx_word' id='word_1_791' title='bbox 2189 5200 2400 5282; x_wconf 80' lang='grc' dir='ltr'>βλάϐην</span> <span class='ocrx_word' id='word_1_792' title='bbox 2445 5198 2537 5259; x_wconf 62' lang='grc' dir='ltr'>καὶ</span> <span class='ocrx_word' id='word_1_793' title='bbox 2591 5198 2881 5257; x_wconf 84' lang='grc' dir='ltr'>ἐλάττωσιν</span> <span class='ocrx_word' id='word_1_794' title='bbox 2933 5195 3092 5255; x_wconf 90' lang='grc' dir='ltr'>πάθοι</span> <span class='ocrx_word' id='word_1_795' title='bbox 3139 5200 3167 5254; x_wconf 81' lang='grc' dir='ltr'><em>ὃ</em></span> <span class='ocrx_word' id='word_1_796' title='bbox 3222 5192 3486 5275; x_wconf 82' lang='grc' dir='ltr'>σταυρὸς,</span> <span class='ocrx_word' id='word_1_797' title='bbox 3551 5191 3669 5264; x_wconf 83' lang='grc' dir='ltr'>ἤτοι</span> <span class='ocrx_word' id='word_1_798' title='bbox 3729 5191 3790 5250; x_wconf 84' lang='grc' dir='ltr'>τὸ</span> 
     </span>
    </p>
   </div>
   <div class='ocr_carea' id='block_1_106' title="bbox 2190 5282 3789 5370">
    <p class='ocr_par' dir='ltr' id='par_1_106' title="bbox 2190 5282 3789 5370">
     <span class='ocr_line' id='line_1_106' title="bbox 2190 5282 3789 5370; baseline -0.005 -21"><span class='ocrx_word' id='word_1_799' title='bbox 2190 5291 2307 5370; x_wconf 77' lang='grc' dir='ltr'>περὶ</span> <span class='ocrx_word' id='word_1_800' title='bbox 2362 5296 2453 5350; x_wconf 92' lang='grc' dir='ltr'><strong>τοῦ</strong></span> <span class='ocrx_word' id='word_1_801' title='bbox 2503 5292 2734 5368; x_wconf 75' lang='grc' dir='ltr'>σταυροῦ</span> <span class='ocrx_word' id='word_1_802' title='bbox 2783 5286 3064 5366; x_wconf 83' lang='grc' dir='ltr'>κήρυγμα.</span> <span class='ocrx_word' id='word_1_803' title='bbox 3113 5288 3283 5346; x_wconf 90' lang='grc' dir='ltr'>Τοῦτο</span> <span class='ocrx_word' id='word_1_804' title='bbox 3330 5283 3433 5365; x_wconf 80' lang='grc' dir='ltr'><strong>γὰρ</strong></span> <span class='ocrx_word' id='word_1_805' title='bbox 3475 5282 3568 5354; x_wconf 83' lang='grc' dir='ltr'><strong>τὸ,</strong></span> <span class='ocrx_word' id='word_1_806' title='bbox 3611 5304 3641 5341; x_wconf 76' lang='grc' dir='ltr'><strong>α</strong></span> <span class='ocrx_word' id='word_1_807' title='bbox 3672 5283 3789 5342; x_wconf 81' lang='grc' dir='ltr'><strong>Κε-</strong></span> 
     </span>
    </p>
   </div>
   <div class='ocr_carea' id='block_1_107' title="bbox 468 5373 2068 5464">
    <p class='ocr_par' dir='ltr' id='par_1_107' title="bbox 468 5373 2068 5464">
     <span class='ocr_line' id='line_1_107' title="bbox 468 5373 2068 5464; baseline -0.002 -16"><span class='ocrx_word' id='word_1_808' title='bbox 468 5394 618 5448; x_wconf 88' lang='lat' dir='ltr'><strong>enim</strong></span> <span class='ocrx_word' id='word_1_809' title='bbox 644 5398 730 5448; x_wconf 89' lang='lat' dir='ltr'><strong>est</strong></span> <span class='ocrx_word' id='word_1_810' title='bbox 755 5390 907 5464; x_wconf 93' lang='lat' dir='ltr'><strong>quod</strong></span> <span class='ocrx_word' id='word_1_811' title='bbox 928 5390 1053 5447; x_wconf 89' lang='lat' dir='ltr'><strong>ait:</strong></span> <span class='ocrx_word' id='word_1_812' title='bbox 1079 5408 1111 5444; x_wconf 78' lang='grc' dir='ltr'>«ι</span> <span class='ocrx_word' id='word_1_813' title='bbox 1133 5399 1452 5462; x_wconf 88' lang='lat' dir='ltr'><strong>evacuetur,</strong></span> <span class='ocrx_word' id='word_1_814' title='bbox 1485 5414 1512 5440; x_wconf 70' lang='grc' dir='ltr'>π</span> <span class='ocrx_word' id='word_1_815' title='bbox 1556 5373 1612 5449; x_wconf 89' lang='lat' dir='ltr'><strong>id</strong></span> <span class='ocrx_word' id='word_1_816' title='bbox 1634 5399 1741 5461; x_wconf 89' lang='lat' dir='ltr'><strong>est,</strong></span> <span class='ocrx_word' id='word_1_817' title='bbox 1793 5390 2008 5448; x_wconf 85' lang='lat' dir='ltr'><strong>inutilis</strong></span> <span class='ocrx_word' id='word_1_818' title='bbox 2029 5403 2068 5448; x_wconf 85' lang='lat' dir='ltr'><strong>e1</strong></span> 
     </span>
    </p>
   </div>
   <div class='ocr_carea' id='block_1_108' title="bbox 2176 5373 3791 5464">
    <p class='ocr_par' dir='ltr' id='par_1_108' title="bbox 2186 5373 3791 5464">
     <span class='ocr_line' id='line_1_108' title="bbox 2186 5373 3791 5464; baseline -0.006 -25"><span class='ocrx_word' id='word_1_819' title='bbox 2186 5385 2329 5461; x_wconf 80' lang='grc' dir='ltr'>νωθῇ</span> <span class='ocrx_word' id='word_1_820' title='bbox 2353 5430 2365 5453; x_wconf 82' lang='grc'><strong>,</strong></span> <span class='ocrx_word' id='word_1_821' title='bbox 2391 5402 2420 5437; x_wconf 73' lang='grc' dir='ltr'>ι)</span> <span class='ocrx_word' id='word_1_822' title='bbox 2478 5378 2772 5447; x_wconf 85' lang='grc' dir='ltr'>τουτέστιν,</span> <span class='ocrx_word' id='word_1_823' title='bbox 2814 5378 3082 5458; x_wconf 83' lang='grc' dir='ltr'>ἄχρηστος</span> <span class='ocrx_word' id='word_1_824' title='bbox 3127 5375 3219 5435; x_wconf 79' lang='grc' dir='ltr'><strong>καὶ</strong></span> <span class='ocrx_word' id='word_1_825' title='bbox 3271 5373 3418 5464; x_wconf 71' lang='grc' dir='ltr'>κενος</span> <span class='ocrx_word' id='word_1_826' title='bbox 3466 5375 3673 5464; x_wconf 60' lang='grc' dir='ltr'>εὑρεθῇ.</span> <span class='ocrx_word' id='word_1_827' title='bbox 3721 5373 3791 5464; x_wconf 66' lang='grc' dir='ltr'><strong>Εἰ</strong></span> 
     </span>
    </p>
   </div>
   <div class='ocr_carea' id='block_1_109' title="bbox 468 5480 2072 5555">
    <p class='ocr_par' dir='ltr' id='par_1_109' title="bbox 468 5480 2072 5555">
     <span class='ocr_line' id='line_1_109' title="bbox 468 5480 2072 5555; baseline 0.001 -17"><span class='ocrx_word' id='word_1_828' title='bbox 468 5481 647 5539; x_wconf 91' lang='lat' dir='ltr'><strong>inanis</strong></span> <span class='ocrx_word' id='word_1_829' title='bbox 670 5480 999 5538; x_wconf 89' lang='lat' dir='ltr'><strong>inveniatur.</strong></span> <span class='ocrx_word' id='word_1_830' title='bbox 1049 5481 1105 5538; x_wconf 91' lang='lat' dir='ltr'><strong>Si</strong></span> <span class='ocrx_word' id='word_1_831' title='bbox 1147 5482 1297 5539; x_wconf 89' lang='lat' dir='ltr'><strong>enim</strong></span> <span class='ocrx_word' id='word_1_832' title='bbox 1335 5482 1393 5539; x_wconf 88' lang='lat' dir='ltr'><strong>in</strong></span> <span class='ocrx_word' id='word_1_833' title='bbox 1431 5481 1707 5554; x_wconf 88' lang='lat' dir='ltr'><strong>sapientia</strong></span> <span class='ocrx_word' id='word_1_834' title='bbox 1755 5481 1911 5540; x_wconf 88' lang='lat' dir='ltr'><strong>verbi</strong></span> <span class='ocrx_word' id='word_1_835' title='bbox 1934 5497 2072 5555; x_wconf 85' lang='lat' dir='ltr'><strong>apo-</strong></span> 
     </span>
    </p>
   </div>
   <div class='ocr_carea' id='block_1_110' title="bbox 2190 5452 3779 5553">
    <p class='ocr_par' dir='ltr' id='par_1_110' title="bbox 2190 5452 3779 5553">
     <span class='ocr_line' id='line_1_110' title="bbox 2190 5452 3779 5553; baseline -0.007 -23"><span class='ocrx_word' id='word_1_836' title='bbox 2190 5452 2383 5551; x_wconf 19' lang='grc' dir='ltr'>γὰρ’νέν</span> <span class='ocrx_word' id='word_1_837' title='bbox 2413 5470 2574 5553; x_wconf 65' lang='grc' dir='ltr'>σοφίᾳ</span> <span class='ocrx_word' id='word_1_838' title='bbox 2619 5469 2776 5549; x_wconf 90' lang='grc' dir='ltr'>λόγου</span> <span class='ocrx_word' id='word_1_839' title='bbox 2806 5452 3179 5528; x_wconf 33' lang='grc' dir='ltr'>οἷνάπόστολοι</span> <span class='ocrx_word' id='word_1_840' title='bbox 3210 5462 3467 5544; x_wconf 82' lang='grc' dir='ltr'>ἐκήρυξαν</span> <span class='ocrx_word' id='word_1_841' title='bbox 3486 5510 3504 5541; x_wconf 87' lang='grc'><strong>,</strong></span> <span class='ocrx_word' id='word_1_842' title='bbox 3531 5452 3683 5553; x_wconf 61' lang='grc' dir='ltr'><strong>⁷εἶχον</strong></span> <span class='ocrx_word' id='word_1_843' title='bbox 3715 5461 3779 5520; x_wconf 83' lang='grc' dir='ltr'><strong>ἄν</strong></span> 
     </span>
    </p>
   </div>
   <div class='ocr_carea' id='block_1_111' title="bbox 466 5550 2068 5646">
    <p class='ocr_par' dir='ltr' id='par_1_111' title="bbox 466 5550 2068 5646">
     <span class='ocr_line' id='line_1_111' title="bbox 466 5550 2068 5646; baseline 0.001 -19"><span class='ocrx_word' id='word_1_844' title='bbox 466 5570 589 5629; x_wconf 86' lang='lat' dir='ltr'><strong>stoli</strong></span> <span class='ocrx_word' id='word_1_845' title='bbox 615 5570 1027 5645; x_wconf 65' lang='lat' dir='ltr'><strong>pradicassent,</strong></span> <span class='ocrx_word' id='word_1_846' title='bbox 1065 5571 1379 5645; x_wconf 83' lang='lat' dir='ltr'><strong>potuissent</strong></span> <span class='ocrx_word' id='word_1_847' title='bbox 1403 5550 1631 5646; x_wconf 76' lang='lat' dir='ltr'><strong>quidam</strong></span> <span class='ocrx_word' id='word_1_848' title='bbox 1682 5571 1888 5642; x_wconf 87' lang='lat' dir='ltr'><strong>dicere,</strong></span> <span class='ocrx_word' id='word_1_849' title='bbox 1929 5550 2068 5645; x_wconf 80' lang='lat' dir='ltr'><strong>quod</strong></span> 
     </span>
    </p>
   </div>
   <div class='ocr_carea' id='block_1_112' title="bbox 2176 5550 3791 5646">
    <p class='ocr_par' dir='ltr' id='par_1_112' title="bbox 2187 5550 3791 5642">
     <span class='ocr_line' id='line_1_112' title="bbox 2187 5550 3791 5642; baseline -0.009 -19"><span class='ocrx_word' id='word_1_850' title='bbox 2187 5550 2323 5630; x_wconf 86' lang='grc' dir='ltr'>τινες</span> <span class='ocrx_word' id='word_1_851' title='bbox 2375 5550 2583 5642; x_wconf 45' lang='grc' dir='ltr'>λέγειν’,</span> <span class='ocrx_word' id='word_1_852' title='bbox 2644 5558 2726 5619; x_wconf 75' lang='grc' dir='ltr'><strong>ὅτι</strong></span> <span class='ocrx_word' id='word_1_853' title='bbox 2776 5557 2864 5619; x_wconf 79' lang='grc' dir='ltr'><strong>διὰ</strong></span> <span class='ocrx_word' id='word_1_854' title='bbox 2919 5556 3016 5633; x_wconf 79' lang='grc' dir='ltr'><strong>τὴν</strong></span> <span class='ocrx_word' id='word_1_855' title='bbox 3076 5556 3406 5630; x_wconf 90' lang='grc' dir='ltr'>πιθανότητα</span> <span class='ocrx_word' id='word_1_856' title='bbox 3458 5555 3563 5613; x_wconf 80' lang='grc' dir='ltr'><strong>τῶν</strong></span> <span class='ocrx_word' id='word_1_857' title='bbox 3618 5550 3791 5631; x_wconf 82' lang='grc' dir='ltr'>λόγων</span> 
     </span>
    </p>
   </div>
   <div class='ocr_carea' id='block_1_113' title="bbox 1865 5662 2405 5725">
    <p class='ocr_par' dir='ltr' id='par_1_113' title="bbox 1865 5662 2405 5725">
     <span class='ocr_line' id='line_1_113' title="bbox 1865 5662 2405 5725; baseline 0.004 -4"><span class='ocrx_word' id='word_1_858' title='bbox 1865 5662 2055 5725; x_wconf 79' lang='lat' dir='ltr'><strong>Variae</strong></span> <span class='ocrx_word' id='word_1_859' title='bbox 2098 5664 2405 5724; x_wconf 88' lang='lat' dir='ltr'><strong>lectiones.</strong></span> 
     </span>
    </p>
   </div>
   <div class='ocr_carea' id='block_1_114' title="bbox 551 5758 993 5817">
    <p class='ocr_par' dir='ltr' id='par_1_114' title="bbox 551 5758 993 5817">
     <span class='ocr_line' id='line_1_114' title="bbox 551 5758 993 5817; baseline 0.016 -6"><span class='ocrx_word' id='word_1_860' title='bbox 551 5758 593 5792; x_wconf 73' lang='lat'><strong>‘3</strong></span> <span class='ocrx_word' id='word_1_861' title='bbox 620 5758 909 5814; x_wconf 73' lang='grc' dir='ltr'>καταϐαίνει</span> <span class='ocrx_word' id='word_1_862' title='bbox 938 5775 993 5817; x_wconf 90' lang='lat'><strong>0.</strong></span> 
     </span>
    </p>
   </div>
  </div>
