4090 6422
285 446 401 497 577

1215 443 1571 501 EXPOSITIO
1612 446 1678 500 IN
1717 445 1930 503 EPIST.
1972 448 1990 502 Ι
2030 449 2123 505 AD
2163 451 2321 507 COR.
2361 480 2433 492 -
2469 450 2620 506 CAP.
2666 452 2703 505 Ι.

3502 451 3607 506 578

285 567 543 642 ἔπεισαν,
589 568 709 649 οὐχὶ
762 566 990 650 διᾶᾲτὴν
1040 567 1270 644 δύναμιν
1323 574 1414 628 τοῦ
1451 570 1844 650 κηρυττομένου
1876 595 1889 610 θ

2023 575 2262 632 »τειὶοιιὶε
2324 574 2729 648 persuabilitate
2768 573 3188 647 persuasissent,
3236 581 3291 629 et
3342 589 3456 630 non
3498 574 3606 630 vir-

285 662 453 717 τοῦτο
480 657 535 717 δὲ
581 647 803 727 κένωσις
854 647 917 730 ἦν
948 658 1041 718 καὶ
1100 658 1279 739 βλάϐη
1336 664 1429 719 τοῦ
1470 647 1893 743 ἐσταυρωμνου.

350 754 412 808 ῦν
456 747 511 808 δὲ
550 749 603 807 ἕν
634 750 930 829 ἷδιωτισμῷ
959 746 1315 829 κηρύξαντες,
1360 749 1653 810 δεικνύουσι
1683 752 1779 826 τὴν
1806 758 1897 812 τοῦ

293 837 693 918 σταυρωθέντος
762 839 984 916 δύναμιν
1044 839 1106 898 τὸ
1180 849 1315 921 πᾶν,
1348 839 1730 921 ἐνεργήσασαν.
1788 842 1899 903 Καὶ

290 927 480 996 ἄλλως
518 928 575 988 δὲ
624 934 870 991 κενοῦται
922 934 952 991 ὁ
998 928 1242 1009 σταυρός·
1278 920 1387 990 οἷον
1416 920 1441 1008 ,ν
1485 930 1701 1013 Ἐρωτᾷ
1753 955 1818 1011 με
1873 936 1900 991 ὁ

287 1015 512 1102 11’ξζλλην
568 1018 694 1100 περί
744 1044 883 1088 τινος
930 1022 1034 1079 τῶν
1083 1024 1234 1080 θείων
1267 1020 1399 1101 ὑπὲρ
1455 1020 1755 1102 κατάληψιν
1800 1046 1815 1059 ο
1854 1025 1900 1082 εἰ

290 1096 390 1166 οὖν
439 1109 771 1189 ἐπιχειρήσω
817 1109 1192 1170 ἀποδεικνύναι
1237 1115 1409 1170 ταῦτα
1440 1112 1587 1193 αὐτῷ
1617 1109 1726 1169 ἀπὸ
1773 1113 1900 1172 συλ-

291 1198 573 1277 λογισμῶν
635 1201 727 1258 καὶ
779 1203 873 1272 τῆς
918 1199 1019 1269 ἔξω
1076 1199 1302 1281 σοφίας,
1354 1200 1633 1273 ἆσθενήσω
1678 1224 1692 1238 ·
1739 1200 1903 1269 οὐδεὶς

289 1284 405 1369 γὰρ
436 1288 586 1370 λόγος
614 1293 787 1348 ταῦτα
838 1293 1186 1372 παραστῆσαι
1233 1289 1493 1350 δύναται·
1525 1290 1616 1351 καὶ
1661 1289 1825 1358 οὕτως
1871 1296 1903 1364 ἡ

292 1378 409 1454 ὶμὴ
481 1378 727 1440 ἀσθένεια
792 1380 1089 1462 φανήσεται
1177 1386 1269 1440 τοῦ
1364 1386 1703 1461 κηρύγματος
1769 1372 1905 1440 εἶναι

294 1468 585 1543 ἀσθένεια,
631 1470 725 1531 καὶ
780 1472 965 1531 λοιπὸν
1015 1476 1257 1533 κενοῦται
1308 1474 1335 1528 ὃ
1386 1469 1640 1551 σταυρὸς,
1678 1470 1903 1549 μάταιόν

292 1581 352 1616 τι
380 1557 473 1618 καὶ
501 1558 649 1620 κενὸν
676 1560 1006 1642 φαινόμενος.

397 1853 427 1890 (ι
454 1830 524 1895 Ὁ
554 1833 707 1915 λόγος
743 1834 846 1916 γὰρ
890 1839 917 1896 ὁ
963 1845 1056 1899 τοῦ
1097 1844 1325 1919 σταυροῦ
1369 1849 1477 1908 τοῖς
1521 1840 1616 1914 μὲν
1667 1843 1904 1904 ἀπολλυ-

297 1920 486 2000 μένοις
527 1923 707 2005 μωρία
760 1926 922 1988 ἐστίν.
964 1950 993 1985 ι)
1052 1926 1281 2001 Ἐπειδὴ
1326 1919 1465 2002 ἦσάν
1509 1954 1644 1999 τινες
1686 1930 1903 1995 ἄπιστοι

297 2016 360 2101 ξν
396 2012 670 2096 Κορίνθῳ,
694 2014 1042 2096 χλευάζοντες
1079 2016 1171 2077 τὸν
1203 2018 1427 2099 σταυρὸν
1451 2068 1467 2099 ,
1500 2021 1591 2081 καὶ
1622 2020 1864 2101 λέγοντες
1889 2049 1903 2063 ·

296 2098 521 2171 Ὀντως
573 2106 751 2187 μωρία
797 2107 908 2194 in}
948 2108 1011 2168 τὸ
1046 2098 1350 2187 κηρύττειν
1379 2098 1517 2171 Θεὸν
1561 2098 1905 2194 ἐσταυρωμέ-

298 2215 412 2285 νον.
446 2196 516 2255 Εί
554 2196 659 2285 γὰρ
694 2195 844 2285 Θεὸς
865 2188 960 2271 ἦν,
994 2196 1194 2277 ἤμυνεν
1227 2199 1290 2258 ἂν
1321 2203 1498 2283 ἑαυτῷ
1528 2188 1908 2285 σταυρωμένῳο

301 2282 396 2363 [Ῑ.
427 2306 615 2363 -ρουμ,
642 2282 663 2367 ]
688 2311 701 2325 ο
732 2290 762 2346 ὁ
803 2284 858 2346 δὲ
888 2291 978 2347 τὸν
1009 2289 1233 2350 θάνατον
1268 2290 1344 2369 μὴ
1393 2290 1631 2364 δυνηθεὶς
1672 2282 1908 2355 ίᾶπώσα-

301 2380 473 2460 σθαι,
512 2377 623 2443 πῶς
664 2375 727 2434 ἂν
769 2378 828 2436 ἐκ
856 2382 1054 2460 νεκρῶν
1093 2381 1386 2454 ἀναστῆναι
1440 2382 1732 2456 δυνηθείης
1769 2385 1908 2451 εἰκὸς

300 2455 378 2536 ἦν
404 2462 527 2533 τοὺς
576 2465 794 2535 πιστοὺς
953 2455 1086 2550 παρ’
1124 2473 1325 2553 ἑαυτῶν
1374 2471 1532 2553 σοφίᾳ
1567 2455 1911 2532 ἀνθίστασθαι

301 2553 547 2631 τούτοις,
608 2556 1025 2636 θορυϐουμένους
1097 2562 1180 2639 ἐφ’
1231 2551 1307 2642 οἷς
1373 2551 1564 2621 ἐκεῖνοι
1637 2560 1911 2642 ἐϐλασφή-

307 2666 450 2720 μουν
507 2645 594 2705 τὸν
643 2648 892 2730 σταυρόν.
952 2649 1135 2723 Φησὶν
1198 2640 1287 2710 οῦν
1345 2656 1427 2712 ὅτι
1468 2650 1564 2723 Μὴ
1622 2640 1908 2723 ξενισθῆήτε.

302 2736 441 2803 Τοῖς
491 2734 595 2817 γὰρ
651 2738 1033 2818 ἀπολλυμένοις
1108 2738 1177 2799 τὰ
1236 2743 1308 2809 εἰς
1364 2742 1634 2823 σωτηρίαν
1697 2741 1911 2803 δοθέντα

305 2826 468 2905 παρὰ
526 2826 667 2887 Θεοῦ
716 2828 892 2910 μωρία
946 2831 1107 2892 δοκεῖ.
1188 2830 1358 2911 Λόγον
1418 2830 1473 2891 δὲ
1528 2836 1622 2892 τοῦ
1687 2837 1914 2914 σταυροῦ

306 2937 448 2997 φησι
492 2914 553 2975 τὸ
579 2916 828 2999 κήρυγμα
861 2925 953 2980 τοῦ
983 2925 1244 2999 σταυροῦ,
1275 2921 1394 2996 ἤτοι
1424 2927 1515 2983 τοῦ
1548 2922 1787 3004 Χριστοῦ
1821 2927 1913 2983 τοῦ

303 3005 737 3084 ἐσταυρωμένον.

401 3122 424 3147 α
459 3098 587 3164 Τοῖς
615 3095 669 3157 δὲ
702 3099 1015 3176 σωζομένοις
1062 3104 1193 3180 ἡμῖν
1239 3101 1460 3182 δύναμις
1492 3105 1637 3164 Θεοῦ
1679 3104 1840 3165 ἐστιν.
1874 3125 1902 3161 ι)
1948 3087 1995 3152 C

303 3184 485 3262 Ἦμῖν
504 3230 521 3257 ,
554 3188 715 3270 φησὶ,
757 3196 864 3256 τοῖς
897 3188 973 3267 μὴ
999 3190 1357 3266 ἀπολωλόσιν,
1391 3192 1530 3252 ἀλλὰ
1561 3191 1911 3270 σωζομένοις,

308 3275 542 3355 δύναμις
569 3278 713 3338 Θεοῦ
744 3302 758 3317 ·
803 3279 941 3339 ἀλλὰ
971 3279 1063 3340 καὶ
1096 3281 1285 3364 σοφίαν
1321 3281 1569 3364 ἐμφαίνει
1589 3288 1617 3343 ὁ
1648 3283 1868 3364 σταυρός
1900 3305 1913 3320 ⁸

310 3369 544 3444 δύναμιν
597 3367 728 3447 μὲν,
764 3367 843 3429 ὅτι
886 3370 1099 3453 θανάτῳ
1148 3370 1374 3433 θάνατον
1427 3371 1611 3433 ἔλυσεν
1664 3371 1715 3411 ⁴⁴
1750 3397 1762 3410 ·
1819 3397 1918 3433 πε-

310 3456 527 3545 ριουσία
559 3458 663 3537 γὰρ
699 3458 999 3535 δυνάμεως,
1050 3462 1109 3521 τὸ
1166 3462 1431 3522 πίπτοντα
1479 3471 1631 3545 νικᾷν
1667 3486 1679 3500 ·
1729 3464 1916 3544 σοφίαν

310 3548 375 3607 δὲ
395 3593 413 3625 ,
441 3544 522 3607 ὅτι
543 3546 717 3631 τούτῳ
746 3552 822 3631 τῷ
848 3551 1028 3634 τρόπῳ
1064 3552 1413 3621 ἀπολωλότας
1444 3544 1687 3615 διέσωσε.

410 3743 441 3779 α
485 3721 796 3802 Γέγραπται
839 3723 942 3804 γάρ
969 3743 983 3759 °
1036 3722 1244 3785 Ἇπολῶ
1289 3723 1387 3797 τὴν
1435 3724 1622 3809 σοφίαν
1674 3727 1780 3784 τῶν
1830 3750 1921 3789 σο-

308 3812 472 3891 φῶν,
512 3811 605 3870 καὶ
652 3810 750 3885 τὴν
786 3812 997 3873 σύνεσιν
1034 3815 1137 3872 τῶν
1170 3819 1401 3875 συνετῶν
1445 3813 1712 3889 ἀθετήσω.
1751 3837 1783 3874 n
1822 3820 1919 3879 Εἷ-

311 3900 439 3959 πῶν
512 3903 910 3982 ἀπολλυμένους
974 3902 1096 3972 τοὺς
1149 3904 1406 3973 ἀπίστους
1464 3906 1689 3985 σοφοὺς,
1751 3930 1919 3969 κατα·

311 3990 568 4061 σκευάζει
592 3996 748 4053 τοῦτο
774 3992 881 4053 ἀπὸ
906 3997 1003 4068 τῆς
1047 3996 1286 4077 Γραφῆς.
1321 3996 1538 4071 Ἐκείνη
1586 3997 1689 4078 γὰρ
1736 3987 1918 4073 εἶπεν,

311 4083 404 4139 ὅτι
455 4102 488 4140 α
528 4080 736 4144 Ἀπολῶ
765 4083 861 4156 τὴν
903 4085 1093 4166 σοφίαν
1142 4088 1249 4145 τῶν
1300 4089 1507 4167 σοφῶν,
1553 4110 1582 4146 ι)
1623 4091 1726 4146 τῶν
1766 4086 1865 4157 ἔξω
1904 4112 1918 4125 ·

312 4170 627 4246 τουτέστιν,
687 4171 962 4247 Ἀνόνητον
1024 4172 1189 4246 αὐτὴν
1264 4175 1525 4246 ἀποδείξω
1597 4176 1767 4259 (ὅπερ
1826 4182 1922 4238 οὐκ

313 4264 437 4322 ἔστι
472 4261 660 4343 σοφίας
689 4262 801 4344 ⁴⁵),
824 4265 917 4324 καὶ
952 4265 1048 4340 τὴν
1088 4263 1295 4327 σύνεσιν
1326 4269 1432 4326 τῶν
1474 4267 1770 4327 δοκούντων
1801 4291 1925 4328 συν-

315 4352 456 4413 ιέναι
484 4352 579 4414 καὶ
611 4353 747 4413 νοεῖν
796 4353 1062 4428 ἀθετήσω.

419 4547 447 4583 ιι
486 4527 604 4587 Ποῦ
652 4526 850 4608 σοφός;
878 4532 984 4587 ποῦ
1034 4530 1425 4609 γραμματεύς;
1475 4535 1576 4590 ποῦ
1624 4531 1923 4605 συζητητής
1953 4500 2002 4562 D

310 4621 418 4676 τοῦ
445 4618 632 4685 αἰῶνος
667 4615 903 4703 τούτου,
918 4618 1056 4698 Οὐχὶ
1082 4617 1355 4700 ἐμώρανεν
1383 4624 1412 4679 ὁ
1440 4620 1576 4685 Θεὸς
1606 4620 1703 4693 τὴν
1737 4621 1925 4703 σοφίαν

314 4712 417 4765 τοῦ
465 4705 706 4785 κόσμους
754 4728 784 4765 ι)
832 4698 972 4770 Εἷπε
1023 4707 1092 4767 τὰ
1133 4698 1229 4781 τῆς
1283 4712 1503 4792 Γραφῆς
1534 4734 1547 4749 ·
1594 4711 1781 4770 λοιπὸν
1814 4698 1923 4769 ὀὖν

310 4795 418 4856 καὶ
456 4794 551 4867 τὴν
580 4799 687 4858 ἀπὸ
732 4802 836 4858 τῶν
878 4798 1219 4880 πραγμάτων
1262 4799 1450 4880 ἐπάγει
1481 4801 1766 4871 ἀπόδειξιν.
1818 4800 1926 4861 Καὶ

311 4886 546 4965 ἐλέγχει
573 4884 850 4960 ’Έλληνας
882 4887 980 4967 μὲν
1002 4935 1020 4967 ,
1052 4889 1105 4947 ἕν
1137 4892 1214 4970 τῷ
1240 4893 1438 4964 εἰπεῖν,
1470 4913 1497 4949 α
1532 4893 1645 4951 Ποῦ
1683 4890 1866 4971 σοφός;
1891 4913 1921 4949 ›)

313 4979 606 5054 τουτέστι,
655 4978 941 5060 φιλόσοφος
969 5001 984 5017 ⁸
1033 4977 1325 5047 Ἰουδαίους
1370 4980 1470 5054 δὲ,
1512 4983 1565 5040 ἐν
1612 4986 1688 5064 τῷ
1732 4983 1928 5055 εἰπεῖν,

318 5091 356 5128 α
400 5070 521 5128 Ποῦ
563 5067 944 5149 γραμματεύς;
996 5088 1027 5127 n
1078 5069 1390 5145 Συζητητὰς
1438 5070 1490 5129 δὲ
1536 5071 1782 5149 ὠνόμασε
1812 5070 1931 5139 τοὺς

302 5163 602 5238 λογισμοῖς
676 5158 770 5218 καὶ
848 5158 1083 5243 ἐρεύναις
1144 5159 1211 5219 τὰ
1278 5160 1457 5220 πάντα
1529 5163 1926 5242 ἐπιτρέποντας.

301 5247 521 5314 Οὐδεὶς
557 5247 661 5329 γὰρ
694 5248 897 5309 τούτων
942 5248 1142 5311 ἔσωσεν
1173 5254 1314 5325 ἡμᾶς
1333 5296 1350 5326 ,
1381 5253 1499 5311 ἀλλ’
1532 5254 1580 5311 οἱ
1617 5253 1780 5319 ἁλιεῖς
1823 5250 1930 5312 ἀπὸ

299 5344 421 5412 τῆς
466 5339 673 5412 πλάνης
718 5338 1005 5409 ἐξείλοντο.
1053 5341 1135 5403 Τὸ
1182 5340 1273 5415 δὲ,
1328 5363 1357 5400 α
1384 5340 1697 5420 Ἐμώρανεν
1737 5346 1765 5402 ὁ
1793 5342 1930 5411 Θεὸς

301 5431 422 5505 τὴν
455 5427 645 5512 σοφίαν
673 5475 691 5509 ,
722 5458 750 5485 ιι
782 5431 899 5491 ἀντὶ
930 5436 1024 5491 τοῦ
1044 5476 1060 5508 ,
1103 5430 1448 5513 ἀνενίργητον
1503 5423 1666 5492 οὖσαν
1724 5430 1885 5501 ἔδειξε
1910 5482 1923 5506 ,

399 5605 423 5631 ⁸
449 5605 555 5661 lsa.
577 5615 759 5670 xx1v,
792 5607 876 5659 14.

2004 673 2121 723 tute
2170 664 2290 740 ejus
2327 665 2421 740 qui
2448 665 2871 740 praedicabatur.
2904 664 2969 721 1d
3016 678 3147 720 vero
3190 662 3245 719 in
3297 660 3611 720 frustratio-

2006 772 2139 813 nem
2168 763 2226 813 et
2275 755 2537 830 injuriam
2586 753 2841 812 cruciﬁxi
2889 754 3167 811 cessisset.
3221 753 3346 808 Jam
3376 767 3510 809 vero
3547 752 3607 809 in

2007 847 2349 920 simplicitate
2420 846 2697 904 sermonis
2756 844 3137 919 praedicantes,
3215 842 3459 900 cruciﬁxi
3514 857 3610 916 po-

2009 936 2238 993 tentiam
2285 936 2473 994 omnia
2528 936 2907 1009 perlicientem
2957 934 3273 992 ostendunt.
3333 934 3608 989 Praterea

2008 1042 2142 1084 crux
2187 1028 2347 1083 aliter
2388 1034 2704 1084 evacuatur.
2753 1024 3001 1097 Exempli
3028 1023 3202 1097 gratia
3257 1040 3271 1079 :
3307 1023 3612 1097 Interrogat

2010 1132 2101 1174 me
2133 1117 2383 1186 Graecus,
2414 1117 2528 1173 sive
2558 1115 2793 1189 gentilis,
2824 1115 2892 1173 de
2911 1114 3112 1173 divinis
3137 1112 3479 1187 quibusdam
3516 1127 3609 1169 re-

2011 1208 2115 1265 bus
2160 1207 2388 1265 humani
2419 1206 2622 1281 ingenii
2675 1214 2904 1280 captum
2952 1203 3357 1279 superantibus.
3398 1203 3509 1260 Hic
3558 1202 3606 1259 si

2011 1297 2269 1371 incipiam
2319 1314 2416 1371 per
2456 1297 2807 1371 syllogismos
2843 1304 2898 1353 et
2946 1304 3230 1353 externam
3276 1292 3610 1366 sapientiam

2010 1389 2113 1446 ista
2154 1387 2556 1456 demonstrare,
2598 1386 2847 1444 inﬁrmus
2876 1401 2970 1443 ero
3024 1404 3038 1443 :
3093 1384 3247 1442 nulla
3282 1383 3435 1441 enim
3468 1382 3609 1440 ratio

2015 1479 2116 1535 ista
2184 1479 2420 1552 probare
2476 1486 2658 1551 potest
2702 1498 2715 1534 :
2774 1477 2959 1550 sicque
3008 1492 3134 1533 mea
3171 1476 3272 1532 ista
3314 1473 3611 1531 inﬁrmitas

2014 1568 2418 1641 praedicationis
2452 1566 2744 1624 inﬁrmitas
2796 1566 3093 1635 videbitur,
3153 1573 3320 1639 atque
3357 1562 3611 1637 deinceps

2013 1674 2147 1715 crux
2210 1667 2528 1729 evacuatur,
2573 1657 2775 1731 quippe
2828 1671 2956 1730 qum
3001 1671 3207 1712 vanum
3256 1652 3520 1728 quiddam
3558 1661 3615 1711 et

2014 1748 2178 1805 inane
2202 1764 2321 1805 esse
2346 1748 2613 1805 videatur.

2088 1841 2264 1895 Vsus.
2294 1844 2379 1895 18.
2415 1860 2442 1887 α
2478 1838 2675 1895 Sermo
2700 1836 2850 1893 enim
2890 1835 3070 1892 crucis
3097 1833 3463 1908 pereuntibus
3491 1833 3612 1907 qui-

2018 1927 2147 1985 dem
2193 1927 2421 1985 stultitia
2473 1934 2575 1984 est.
2611 1950 2638 1977 »
2689 1926 2832 1997 Quia
2865 1924 3116 1982 nonnulli
3163 1930 3317 1980 erant
3360 1918 3615 1980 inﬁdeles

2015 2016 2160 2091 apud
2189 2017 2528 2086 Corinthios,
2568 2032 2792 2074 crucem
2821 2015 3224 2073 subsannantes
3253 2021 3311 2071 et
3344 2012 3613 2083 dicentes,

2017 2112 2231 2165 Revera
2282 2107 2514 2165 stultitia
2566 2117 2650 2165 est
2677 2105 2985 2179 pradicare
3028 2107 3215 2163 Deum
3255 2104 3611 2162 cruciﬁxum.

2021 2202 2161 2255 Nam
2192 2198 2237 2255 si
2267 2201 2416 2255 Deus
2440 2206 2606 2266 esset,
2650 2196 2982 2270 sibimetipsi
3014 2194 3283 2253 cruciﬁxo
3332 2193 3614 2268 suppetias

2021 2289 2224 2346 tulisse.
2268 2289 2373 2362 Qui
2416 2305 2549 2345 vero
2590 2296 2830 2345 mortem
2867 2286 3184 2359 propulsare
3213 2301 3326 2341 non
3372 2292 3611 2358 poterat,

2021 2377 2303 2452 quomodo
2337 2378 2429 2434 ille
2454 2395 2484 2434 a
2514 2378 2751 2434 mortuis
2785 2391 3075 2449 resurgere
3109 2374 3348 2448 potuerit
3370 2377 3394 2431 Ρ
3415 2374 3618 2431 Verisi-

2022 2469 2152 2525 mile
2196 2476 2311 2525 erat
2352 2467 2544 2526 ﬁdeles
2580 2483 2681 2542 pro
2718 2482 2819 2525 sua
2861 2465 3125 2540 sapientia
3172 2465 3277 2521 illis
3323 2464 3615 2532 obsistere,

2022 2558 2241 2632 indigne
2270 2568 2327 2615 et
2355 2557 2589 2632 graviter
2631 2556 2892 2626 ferentes,
2918 2570 3043 2629 qum
3081 2556 3158 2612 illi
3184 2556 3239 2611 in
3284 2569 3506 2611 crucem
3536 2553 3622 2628 ja-

2023 2656 2209 2705 cerent
2254 2648 2509 2705 convitia.
2544 2646 2639 2704 Ait
2686 2647 2850 2720 igitur
2884 2667 2898 2704 :
2935 2648 3017 2703 Ne
3053 2644 3426 2702 admiremini.
3476 2644 3620 2701 Nam

2024 2754 2147 2811 quae
2184 2753 2216 2794 a
2266 2741 2385 2795 Deo
2422 2738 2547 2795 data
2585 2746 2714 2795 sunt
2754 2738 2808 2793 in
2839 2736 3097 2805 salutem,
3136 2735 3236 2792 ista
3268 2733 3623 2807 pereuntibus

2024 2829 2255 2885 stultitia
2288 2827 2563 2885 videntur.
2617 2830 2942 2885 Sermonem
2981 2833 3169 2883 autem
3208 2824 3383 2882 crucis
3426 2824 3623 2898 praedi-

2024 2919 2297 2976 cationem
2317 2919 2499 2976 crucis
2529 2917 2679 2984 dicit,
2706 2916 2819 2974 sive
2857 2915 3061 2975 Christi
3099 2913 3369 2972 cruciﬁxi.

2100 3122 2127 3149 ι
2169 3100 2241 3156 Iis
2276 3107 2463 3156 autem
2494 3098 2588 3173 qui
2616 3097 2749 3155 salvi
2778 3098 2942 3164 ﬁunt,
2990 3096 3047 3154 id
3080 3103 3185 3170 est,
3215 3094 3397 3162 nobis,
3427 3105 3621 3169 poten-

2023 3189 2097 3246 tia
2130 3189 2229 3247 Dei
2255 3197 2359 3246 est.
2408 3209 2435 3243 »
2478 3189 2672 3257 Nobis,
2720 3188 2922 3261 inquit,
2948 3189 3044 3261 qui
3073 3204 3185 3246 non
3228 3186 3493 3261 perimus,
3524 3187 3624 3246 sed

2022 3295 2326 3349 servamur,
2354 3278 2599 3353 potentia
2638 3277 2740 3334 Dei
2783 3286 2884 3335 est.
2915 3281 3062 3352 Quin
3098 3282 3269 3339 etiam
3301 3278 3621 3354 sapientiam

2025 3370 2268 3427 declarat
2306 3385 2461 3426 crux.
2494 3367 2801 3425 Potentiam
2830 3383 2963 3427 sane
2996 3370 3051 3427 in
3088 3371 3224 3442 hoc,
3264 3369 3413 3445 quod
3441 3377 3623 3426 morte

2026 3468 2269 3516 mortem
2298 3458 2546 3515 dissolvit
2573 3478 2585 3514 :
2616 3473 2856 3516 summa:
2886 3458 3031 3516 enim
3068 3460 3330 3534 potentiae
3349 3468 3451 3530 est,
3492 3468 3551 3516 ut
3577 3460 3627 3515 is

2026 3550 2123 3623 qui
2142 3550 2309 3619 cadit,
2354 3548 2583 3606 victoria
2622 3549 2905 3622 potiatur:
2935 3551 3271 3623 sapientiam
3293 3566 3442 3619 vero,
3474 3549 3629 3624 quod

2027 3640 2134 3697 hoc
2160 3639 2331 3696 modo
2362 3654 2457 3695 eos
2485 3638 2579 3710 qui
2611 3638 2920 3711 perierant,
2969 3642 3336 3698 conservavit.

2100 3732 2280 3788 Vsus.
2325 3734 2411 3785 19.
2449 3751 2474 3778 α
2503 3729 2783 3802 Scriptum
2819 3737 2905 3786 est
2941 3731 3093 3787 enim
3137 3735 3162 3765 °
3193 3748 3209 3787 :
3259 3728 3497 3788 Perdam
3536 3745 3623 3787 sa-

2028 3821 2298 3894 pientiam
2351 3819 2700 3892 sapientium,
2741 3828 2800 3875 et
2864 3819 3220 3893 prudentiam
3269 3818 3629 3894 prudentium

2028 3910 2355 3983 reprobabo.
2391 3929 2419 3964 »
2488 3908 2629 3980 Quia
2652 3907 2971 3966 incredulos
3019 3911 3297 3985 sapientes
3332 3917 3630 3984 pereuntes

2031 4000 2263 4070 dixerat,
2299 3999 2596 4073 Scripturae
2622 3999 2943 4057 testimonio
2970 3999 3116 4058 istud
3165 4000 3476 4058 conﬁrmat.
3521 4001 3631 4057 Ista

2032 4091 2179 4147 enim
2214 4088 2351 4147 dicit
2392 4109 2407 4144 :
2461 4112 2488 4142 σι
2526 4088 2760 4147 Perdam
2798 4090 3145 4164 {sapientiam
3201 4090 3548 4165 sapientium,
3603 4113 3628 4139 ι

2030 4180 2294 4236 nimirum
2332 4178 2499 4253 hujus
2528 4179 2745 4248 mundi,
2794 4178 2902 4237 hoc
2941 4188 3043 4249 est,
3104 4181 3356 4238 inutilem
3385 4196 3503 4238 esse
3531 4180 3634 4238 de-

2034 4269 2392 4338 monstrabo(
2417 4268 2564 4343 quod
2594 4285 2707 4326 non
2726 4277 2811 4326 est
2847 4270 3126 4343 sapientiae
3154 4274 3199 4341 ),
3233 4272 3395 4343 127
3426 4280 3482 4328 et
3505 4287 3638 4344 pru-

2034 4360 2282 4418 dentiam
2309 4376 2505 4418 eorum
2533 4361 2629 4434 qui
2659 4375 2847 4434 sapere
2872 4370 2926 4418 et
2950 4361 3252 4435 intelligere
3296 4361 3401 4418 sibi
3437 4361 3637 4419 viden-

2033 4458 2127 4507 tur
2147 4450 2482 4523 reprobabo.

2107 4542 2289 4599 Vsus.
2319 4547 2408 4599 2o.
2449 4563 2475 4590 ι
2504 4540 2613 4599 Ubi
2652 4539 2908 4613 sapiens?
2934 4540 3029 4597 ubi
3062 4540 3271 4597 scriba?
3315 4539 3408 4596 ubi
3438 4539 3634 4611 dispu-

2036 4638 2185 4688 tator
2214 4631 2403 4688 szeculi
2437 4630 2606 4703 hujus
2633 4635 2657 4689 Ρ
2707 4632 2906 4686 Nonne
2954 4631 3182 4686 stultam
3215 4628 3342 4686 fecit
3368 4632 3520 4686 Deus
3548 4645 3641 4686 sa-

2037 4720 2300 4794 pientiam
2362 4719 2528 4792 hujus
2573 4719 2810 4776 mundi?
2861 4742 2888 4769 ν
2918 4719 3215 4792 Scripturae
3256 4719 3639 4776 testimonium

2038 4811 2268 4883 protulit
2298 4831 2311 4867 -.
2363 4809 2620 4882 deinceps
2664 4809 2851 4882 itaque
2872 4817 2926 4865 et
2963 4824 2993 4865 a
3022 4808 3189 4867 rebus
3238 4809 3372 4883 ipsis
3399 4809 3639 4867 demon-

2038 4900 2368 4957 strationem
2390 4898 2631 4956 adducit.
2664 4902 2747 4956 Ac
2797 4899 3024 4956 Gmcos
3067 4897 3293 4971 quidem
3332 4901 3641 4972 redarguit,

2039 5004 2168 5047 cum
2213 4990 2293 5046 ait
2338 5012 2349 5047 :
2387 5011 2411 5038 ‹‹
2444 4989 2553 5046 Ubi
2582 4989 2803 5061 sapiens
2838 4993 2862 5045 Ρ
2894 5011 2919 5039 ιι
2972 4990 3078 5046 hoc
3133 4997 3216 5045 est
3254 4988 3635 5063 philosophus;

2039 5079 2267 5138 Iudaeos
2306 5095 2459 5147 vero,
2489 5094 2619 5136 cum
2647 5078 2826 5152 inquit
2854 5098 2868 5133 :
2903 5097 2932 5131 «
2974 5078 3086 5137 Ubi
3116 5079 3340 5136 scriba?
3376 5103 3402 5129 ιο
3444 5080 3643 5152 Dispu-

2041 5178 2251 5228 tatores
2287 5177 2474 5227 autem
2502 5169 2813 5225 nominavit
2840 5183 2955 5236 eos,
3007 5169 3101 5241 qui
3128 5168 3644 5226 ratiocinationibus

2039 5268 2097 5317 et
2162 5258 2674 5333 investigationibus
2735 5266 2935 5315 cuncta
2985 5257 3256 5313 tribuunt.
3281 5260 3464 5316 Nemo
3492 5257 3644 5317 enim

2037 5351 2258 5408 illorum
2308 5350 2545 5407 servavit
2588 5364 2714 5418 nos,
2759 5347 2855 5405 sed
2884 5347 3183 5419 piscatores
3208 5363 3312 5404 nos
3336 5349 3410 5405 ab
3439 5363 3631 5407 errore

2037 5449 2376 5498 exemerunt.
2409 5438 2567 5497 Istud
2594 5453 2747 5508 vero,
2781 5460 2807 5486 α
2840 5440 2989 5495 Deus
3022 5437 3252 5496 stultam
3279 5436 3520 5497 reddidit
3561 5453 3644 5497 sa-

1730 5685 1926 5747 Variae
1971 5686 2275 5748 lectiones.

400 5778 443 5816 ⁸⁸
472 5776 635 5833 ὤλεσε
662 5789 745 5831 m.
820 5773 862 5807 ¹δ
887 5773 1034 5846 σοφία
1062 5790 1118 5832 0.
