4090 6424
485 426 588 479 579

484 547 767 620 pientiam,

482 637 694 702 stravit.
719 652 784 695 ac
829 638 1066 696 convicit
1095 654 1213 696 esse
1266 639 1511 710 stultam,
1545 648 1608 698 ut
1654 654 1778 714 qua!
1805 655 1920 696 non
1979 656 2076 714 po-

481 728 651 784 tuerit
677 727 919 785 invenire
972 744 1185 786 verum.

555 820 731 874 Vnus.
767 823 858 874 20.
913 841 938 868 ιι
972 819 1084 877 Ubi
1109 820 1368 892 sapiens?
1407 817 1500 876 ubi
1527 819 1747 878 scriba?
1777 819 1870 878 ubi
1895 819 2080 893 dispu-

483 913 630 964 tator
653 908 840 965 saeculi
867 907 1119 982 hujus?»
1150 908 1450 981 Scripturae
1477 911 1786 967 testimonia
1819 910 2076 982 protulit,

481 996 740 1071 deinceps
773 997 954 1071 itaque
1001 998 1540 1056 demonstrationem
1569 1017 1600 1056 a
1640 1000 1804 1057 rebus
1833 998 1969 1073 ipsis
1999 999 2079 1055 in-

475 1086 663 1156 ducit,
686 1087 942 1162 inquiens
968 1107 982 1145 :
1003 1088 1107 1145 Ubi
1125 1090 1449 1148 Graecorum
1467 1090 1708 1164 sapiens?
1737 1088 1833 1146 ubi
1858 1089 2080 1148 Iudaeo-

476 1192 604 1234 rum
656 1178 870 1236 scriba?
909 1178 1001 1235 ubi
1055 1178 1365 1252 disputator
1394 1179 1485 1253 qui
1523 1180 1864 1254 syllogismis
1887 1187 1944 1237 et
1970 1179 2078 1238 dis-

474 1266 821 1341 quisionibus
869 1268 1058 1326 omnia
1096 1269 1316 1327 tribuit?
1361 1269 1497 1338 Ubi,
1536 1270 1582 1327 si
1616 1286 1747 1328 cum
1785 1279 2078 1343 apparente

474 1357 880 1430 praedicationis
930 1359 1168 1416 stultitia
1215 1363 1646 1432 comparentur?
1687 1363 1960 1433 Respectu
2018 1359 2078 1414 il-

1483 423 1996 481 THEOPHYLACTI
2036 425 2394 482 BULGARLE
2431 423 2748 481 ARCHIEP.

824 571 850 597 υ
895 548 1094 621 accipit
1129 565 1248 621 pro,
1306 548 1644 607 inefﬁcacem
1687 564 1807 606 esse
1857 549 2078 607 demon-

2196 551 2288 610 καὶ
2345 549 2536 631 ἤλεγξε
2598 548 2820 631 μωρὰν,
2874 551 2943 617 ὣς
3011 547 3084 626 μὴ
3143 545 3445 629 ἰσχύσασαν
3500 548 3669 627 εὑρεῖν
3731 546 3792 606 τὸ

3685 422 3791 478 580

2191 641 2407 714 ἀληθές.

2270 825 2292 902 [
2327 846 2357 883 (ι
2383 826 2498 884 Ποῦ
2531 823 2720 903 σοφός;
2763 825 2866 881 ποῦ
2909 819 3261 903 γραμματεύς
3293 841 3306 877 :
3352 822 3454 877 ποῦ
3486 818 3790 891 συζητητὴς

2188 901 2287 971 τοῦθ
2308 915 2496 980 αἰῶνος
2526 901 2747 985 τούτους
2796 933 2824 968 »
2868 901 3005 970 Εἷπε
3044 908 3112 968 τὰ
3155 913 3250 981 τῆς
3298 911 3341 970 Γ
3346 911 3516 989 ραφῆς
3553 932 3566 946 ·
3595 907 3788 968 λοιπὸν

2188 991 2279 1061 οὖν
2311 1004 2402 1062 καὶ
2448 1000 2548 1074 τὴν
2579 1001 2686 1060 ἀπὸ
2727 1005 2831 1059 τῶν
2878 997 3213 1079 πραγμάτων
3249 997 3437 1076 ἐπάγει
3477 996 3744 1066 ἀπόδειξιν
3769 1047 3784 1074 ,

2188 1092 2279 1152 καί
2299 1115 2446 1174 φησι·
2474 1119 2495 1144 ι
2517 1093 2632 1152 Ποῦ
2659 1091 2816 1170 σοφὸς
2846 1119 2869 1141 ιι
2893 1087 3206 1160 Ἑλλήνωνε
3236 1116 3260 1141 ιι
3276 1091 3382 1146 ποῦ
3399 1085 3749 1166 γραμματεὺς
3766 1115 3788 1139 υ

2189 1180 2498 1255 Ἰουδαίωνς
2534 1208 2559 1236 ι
2594 1186 2697 1240 ποῦ
2739 1177 3038 1252 συζητητὴς
3059 1207 3078 1231 υ
3111 1178 3485 1256 συλλογισμοῖς
3511 1177 3604 1237 καὶ
3638 1176 3786 1256 ἐρεύ-

2186 1295 2299 1340 ναις
2329 1272 2393 1332 τὰ
2429 1271 2606 1332 πάντα
2660 1268 2960 1349 ἐπιτρέπων
2991 1292 3007 1342 ;
3043 1275 3144 1328 ποῦ
3191 1267 3323 1349 πρὸς
3377 1267 3474 1339 τὴν
3526 1267 3783 1326 δοκοῦσαν

2188 1363 2396 1445 μωρίαν
2448 1365 2541 1421 τοῦ
2589 1360 2966 1443 κηρύγματος;
3019 1362 3124 1418 ποῦ
3173 1357 3427 1438 φθάνουσι
3487 1355 3617 1438 πρὸς
3681 1359 3780 1417 αὖ·

473 1447 579 1504 lius
615 1463 782 1521 quem
811 1448 996 1507 locum
1043 1458 1321 1522 occupant
1359 1451 1769 1508 PTranscendit
1807 1450 1954 1506 enim
1979 1464 2074 1506 eos

2187 1452 2316 1528 :Iﬁv;
2362 1451 2634 1531 Ὑπερέϐη
2693 1452 2796 1532 γὰρ
2839 1447 2932 1510 καὶ
2984 1448 3253 1522 νενίκηκεν
3316 1447 3529 1516 αύτούς.
3580 1469 3609 1506 ι)
3669 1448 3785 1507 Τοῦ

477 1545 538 1594 et
562 1539 859 1611 superavit.
888 1558 918 1593 ι(
942 1539 1139 1597 Saeculi
1169 1539 1352 1612 hujus,
1409 1563 1432 1589 υ
1466 1540 1572 1598 hoc
1601 1549 1704 1612 est,
1735 1543 1796 1597 in
1842 1540 1949 1597 hoc
1973 1554 2072 1596 sae-

475 1627 603 1685 culo
629 1627 888 1686 existens.

551 1734 582 1770 α
627 1720 827 1774 Nonne
876 1718 1106 1775 stultam
1152 1718 1280 1776 facit
1331 1723 1484 1776 Deus
1540 1719 1867 1792 sapientiam
1915 1718 2076 1791 hujus

473 1806 712 1864 mundi?
760 1810 1013 1865 vNonne
1052 1810 1204 1864 Deus
1259 1809 1580 1882 sapientiam
1651 1808 1978 1879 Iudaeorum
2021 1815 2078 1864 et

2185 1544 2370 1611 αἰῶνος
2403 1567 2433 1598 ι(
2471 1543 2525 1600 δὲ
2556 1564 2585 1599 υ
2623 1539 2808 1600 τούτου
2827 1585 2841 1612 ,
2873 1561 2903 1597 ›)
2937 1537 3054 1598 ἀντὶ
3096 1540 3188 1598 τοῦ
3207 1583 3224 1612 ,
3251 1538 3304 1595 ἐν
3333 1540 3410 1618 τῷ
3438 1537 3586 1595 αἰῶνι
3612 1533 3784 1618 τούτῳ

2185 1631 2482 1712 γενόμενος.

2274 1744 2306 1781 α
2337 1723 2478 1802 Οὐχὶ
2511 1720 2781 1800 ἐμώρανεν
2811 1723 2839 1777 ὃ
2864 1718 3000 1785 Θεὸς
3024 1717 3120 1788 τὴν
3149 1721 3336 1798 σοφίαν
3355 1720 3446 1775 τοῦ
3476 1715 3718 1793 κόσμου;
3749 1737 3778 1774 ι)

2185 1811 2330 1893 Οὐχὶ
2375 1812 2719 1891 ἆνενέργητον
2769 1807 3040 1878 ἀπέδειξεν
3071 1810 3100 1866 ὁ
3130 1808 3268 1875 Θεὸς
3301 1805 3399 1876 τὴν
3434 1806 3624 1886 σοφίαν
3668 1808 3774 1864 τῶν

472 1897 822 1968 Graecorum,
855 1897 950 1971 qui
981 1913 1070 1954 res
1110 1898 1426 1955 mundanas
1471 1899 1784 1972 sapiebant,
1824 1895 2076 1954 inefﬁca-

2189 1904 2257 1963 τὰ
2285 1901 2521 1980 κοσμικὰ
2553 1899 2884 1981 φρονούντων
2916 1895 3190 1958 Ἰουδαίων
3229 1897 3321 1956 καὶ
3356 1893 3654 1968 Ἑλλήνων,
3685 1894 3779 1953 καὶ

473 2001 594 2043 cem
645 2001 764 2044 esse
819 1987 1081 2057 ostendit,
1134 2004 1197 2045 ac
1235 1989 1467 2045 stultam
1500 2004 1622 2046 esse
1653 1987 2072 2056 demonstravit,

473 2083 664 2149 utpote
681 2091 808 2149 quia
826 2077 1114 2134 veritatem
1130 2078 1375 2135 invenire
1399 2094 1510 2135 non
1533 2082 1790 2150 poterat?
1821 2079 1902 2134 ita
1926 2092 2074 2134 sane.

476 2167 614 2224 Nam
647 2181 744 2239 per
796 2167 1178 2225 concinatores
1235 2170 1330 2241 qui
1374 2169 1526 2225 stulti
1567 2167 1922 2238 videbantur,
1984 2183 2074 2223 ve-

473 2256 612 2312 ritas
643 2265 697 2314 et
741 2257 887 2315 salus
927 2257 1284 2326 edocebatur,
1327 2267 1382 2315 et
1425 2274 1536 2314 non
1579 2275 1674 2330 per
1713 2273 1808 2315 eos
1847 2256 1942 2331 qui
1984 2272 2074 2313 sa-

478 2346 693 2419 pientes
713 2346 1061 2406 videbantur.

549 2438 729 2495 Vnns.
761 2441 827 2494 21
866 2459 894 2489 ‹‹
942 2440 1082 2494 Nam
1110 2439 1237 2511 quia
1267 2438 1321 2494 in
1369 2437 1471 2494 Dei
1509 2437 1773 2510 sapientia
1816 2453 1930 2494 non
1988 2454 2076 2494 co-

475 2527 666 2600 gnovit
705 2527 949 2585 mundus
996 2531 1202 2594 Deum,
1229 2527 1434 2600 placuit
1481 2529 1602 2584 Deo
1636 2542 1732 2600 per
1778 2525 2072 2584 stultitiam

473 2617 962 2690 praedicationibus
999 2634 1218 2675 servare
1245 2618 1549 2675 credentes.
1582 2641 1606 2666 ιι
1637 2620 1872 2676 Causam
1892 2617 2073 2674 reddit

473 2722 642 2780 quare
665 2707 934 2780 sapientia
955 2708 1147 2766 mundi
1194 2708 1248 2764 in
1302 2707 1598 2764 stultitiam
1627 2723 1784 2764 versa
1796 2707 1884 2764 sit.
1917 2710 2074 2764 Post-

472 2811 704 2870 eaquam
732 2798 882 2855 enim
910 2797 966 2854 in
1004 2797 1292 2871 sapientia,
1340 2813 1464 2870 quae
1501 2813 1596 2869 per
1635 2805 1917 2854 creaturas
1959 2813 2078 2853 cer-

473 2887 626 2943 nitur
660 2887 677 2960 (
704 2888 911 2945 cmlum
951 2888 1098 2945 enim
1129 2896 1184 2944 et
1221 2896 1391 2957 terra,
1421 2886 1670 2960 adeoque
1717 2887 1897 2944 omnis
1925 2903 2074 2944 crea-

472 2984 596 3033 tura
646 2977 913 3050 prmdicat
948 2976 1364 3049 Conditorem),
1401 2993 1516 3033 non
1540 2976 1780 3033 novisset
1805 2977 2064 3042 mundus,

475 3067 582 3123 hoc
640 3075 746 3132 est,
797 3066 892 3140 qui
954 3066 1232 3124 mundana
1281 3066 1535 3139 sapiunt,
1567 3069 1797 3134 Deum(
1827 3081 1924 3138 per
1990 3082 2074 3122 sa-

2186 1990 2374 2072 ἤλεγξε
2431 1989 2654 2072 μωρὰν,
2713 1987 2787 2066 μὴ
2837 1987 3140 2068 ἰσχύσασαν
3208 1989 3377 2065 εὑρεῖν
3439 1985 3499 2044 τὸ
3552 1983 3780 2057 ἀληθέες

2189 2071 2344 2142 Πάνυ
2375 2079 2469 2161 μὲν
2517 2071 2628 2140 οὖν.
2665 2079 2770 2141 Διὰ
2812 2077 2918 2157 γὰρ
2949 2080 3064 2136 ’τῶν
3109 2074 3404 2136 δοκούντων
3457 2077 3650 2155 μωρῶν
3681 2097 3784 2146 κη-

2187 2171 2361 2252 ρύκων
2392 2175 2427 2244 ἡ
2467 2169 2690 2244 ἀλήθεια
2737 2167 2892 2240 καὶὴ
2943 2166 3184 2247 σωτηρία
3235 2164 3525 2245 ἐδιδάχθη,
3581 2163 3671 2223 καὶ
3725 2167 3784 2224 οὗ

2186 2263 2252 2320 δι’
2285 2261 2496 2322 ἐκείνων
2525 2263 2630 2321 τῶν
2674 2256 2969 2319 δοκούντων
3007 2259 3206 2339 σοφῶν.
3247 2253 3399 2317 Cod.
3448 2253 3784 2333 Arundel.]

2277 2455 2306 2492 (ί
2331 2429 2554 2504 Ἐπειδή
2596 2430 2700 2512 γὰρ
2741 2433 2794 2491 ἐν
2819 2434 2888 2511 τῇ
2935 2429 3094 2510 σοφίᾳ
3131 2432 3224 2489 τοῦ
3257 2431 3404 2490 Θεοῦ
3451 2430 3543 2488 οὐκ
3590 2430 3724 2506 ἔγνω
3761 2433 3790 2488 ὃ

2181 2523 2379 2601 κόσμος
2430 2521 2518 2581 διὰ
2555 2524 2650 2593 τῆς
2701 2520 2886 2602 σοφίας
2925 2519 3014 2580 τὸν
3047 2520 3187 2578 Θεὸν
3211 2566 3228 2592 ,
3275 2518 3561 2591 εὐδόκησεν
3592 2523 3621 2578 ὃ
3649 2519 3792 2585 Θεὸς

2184 2613 2270 2671 διὰ
2300 2617 2392 2684 τῆς
2421 2610 2625 2691 μωρίας
2651 2617 2744 2670 τοῦ
2771 2610 3110 2692 κηρύγματος
3141 2611 3316 2669 σῶσαι
3343 2606 3465 2676 τοὺς
3493 2608 3785 2670 πιστεύον-

2182 2725 2355 2770 τας.»
2395 2700 2554 2782 Λέγει
2610 2698 2707 2773 τὴν
2767 2701 2942 2759 αἰτίαν
3006 2701 3074 2758 δι’
3131 2699 3196 2772 ἣν
3249 2699 3536 2780 ἐμωράνθη
3598 2703 3631 2770 ἡ
3683 2698 3789 2768 ἔξω

2183 2793 2363 2874 σοφία.
2408 2789 2628 2862 Ἐπειδὴ
2665 2789 2769 2870 γὰρ
2823 2793 2874 2849 ἐν
2919 2793 2985 2869 τῇ
3039 2787 3125 2846 διὰ
3181 2791 3286 2847 τῶν
3317 2788 3630 2866 κτισμάτων
3665 2811 3791 2870 φαι-

2183 2881 2375 2962 νομένῃ
2410 2878 2567 2961 σοφίᾳ
2615 2880 2677 2958 (ὁ
2702 2878 2919 2960 οὐρανὸς
2963 2875 3067 2957 γὰρ
3107 2877 3198 2936 καὶ
3239 2883 3274 2950 ἡ
3308 2881 3411 2956 γ’ῆ,
3441 2876 3532 2936 καὶ
3557 2885 3709 2937 πᾶσα
3741 2883 3776 2951 ἡ

2182 2973 2349 3039 κτίσις
2375 2968 2624 3050 κηρύττει
2651 2967 2740 3028 τὸν
2769 2967 3144 3048 Δημιουργὸν)
3174 2969 3270 3026 οὔκ
3312 2967 3447 3044 ἔγνω
3479 2970 3505 3026 ὃ
3537 2966 3736 3046 κόσμος
3760 3014 3776 3040 ,

2181 3061 2452 3122 τουτέστιν
2483 3061 2532 3119 οἱ
2562 3057 2631 3118 τὰ
2673 3063 2765 3118 τοῦ
2819 3057 3021 3134 κόσμου
3070 3060 3417 3139 φρονοῦντες,
3458 3056 3548 3115 τὸν
3600 3057 3742 3120 Θεὸν
3767 3103 3783 3131 ,

475 3157 739 3230 pientiam
773 3157 1057 3226 videlicet,
1098 3172 1227 3230 qua
1277 3156 1335 3212 in
1364 3155 1676 3229 eloquentia
1716 3156 2066 3226 cernebatur,

2187 3151 2302 3228 (διὰ
2329 3155 2423 3224 τῆς
2451 3152 2504 3210 ἐν
2553 3147 2850 3229 εὖγλωττίᾳ
2876 3147 2928 3185 ⁴⁶
2973 3144 3337 3227 θεωρουμένης
3379 3145 3564 3228 σοφίας
3597 3149 3776 3221 ἐμπο-

476 3247 781 3321 impediti):
809 3248 988 3304 visum
1013 3256 1096 3304 est
1127 3249 1246 3303 Deo
1264 3263 1358 3320 per
1388 3245 1790 3319 praedicationis
1809 3246 2071 3319 simplici-

2172 3242 2431 3321 διζόμενοι
2475 3238 2746 3316 δηλαδὴ),
2788 3235 3072 3310 εὐδόκησεν
3115 3242 3142 3297 δ
3189 3238 3325 3303 Θεὸς
3372 3236 3460 3321 διὰ
3500 3240 3594 3307 τῆς
3624 3237 3771 3296 ἰδιω-

475 3316 644 3395 tatem
671 3339 818 3410 (quae
861 3336 1080 3394 videtur
1116 3316 1340 3410 quidem
1369 3316 1487 3393 esse
1510 3335 1766 3404 stultitia,
1819 3316 1939 3393 sed‘
1959 3352 2070 3392 non

2187 3316 2320 3400 τείας
2349 3335 2440 3391 τοῦ
2485 3327 2829 3408 κηρύγματος
2869 3325 3016 3408 (ἥτις
3058 3327 3200 3386 δοκεῖ
3254 3325 3349 3404 μὲν
3385 3316 3522 3410 εἶναι
3568 3325 3782 3410 μωρία,

476 3432 600 3496 est)
640 3442 856 3485 servare
898 3427 1201 3484 credentes.
1241 3427 1418 3485 Graeci
1450 3426 1618 3500 igitur
1647 3425 1936 3483 doctorem
1975 3425 2072 3483 ha-

474 3517 679 3574 bebant
700 3515 1022 3590 sapientiam
1049 3517 1174 3585 Dei,
1196 3532 1394 3590 nempe
1415 3516 1567 3572 illam
1591 3531 1714 3588 quae
1729 3515 1784 3571 in
1809 3515 2074 3572 creaturis

475 3607 744 3676 cernitur,
775 3606 874 3664 sed
899 3615 1086 3664 tamen
1111 3609 1295 3664 Deum
1322 3622 1434 3662 non
1455 3614 1820 3678 agnoverunt,
1852 3614 2076 3678 preptcr

475 3697 802 3770 sapientiam
827 3713 1002 3770 quam
1045 3697 1101 3754 in
1131 3697 1394 3755 orationis
1444 3703 1733 3754 venustate
1756 3696 2068 3769 ponebant;

475 3803 598 3862 quae
625 3804 741 3845 non
760 3796 844 3846 est
872 3786 1167 3861 sapientia.

545 3880 716 3936 Vnus.
741 3882 925 3944 22,23.
985 3900 1010 3927 α
1057 3877 1332 3948 Quoniam
1382 3883 1436 3933 et
1474 3875 1653 3933 Judaei
1678 3875 1828 3948 signa
1859 3883 2074 3948 petunt,

474 3979 530 4026 et
566 3969 741 4027 Graeci
765 3968 1096 4040 sapientiam
1133 3975 1393 4040 quaerunt
1423 3984 1436 4023 :
1462 3982 1566 4024 nos
1594 3974 1780 4022 autem
1811 3963 2076 4038 pradica-

473 4074 602 4116 mus
643 4058 925 4116 Christum
969 4058 1314 4115 cruciﬁxum.
1377 4081 1400 4105 ιο
1455 4056 1590 4112 Vult
1634 4063 2076 4112 commonstrare

476 4148 686 4205 Paulus
713 4146 992 4220 quomodo
1034 4164 1128 4220 per
1163 4145 1438 4204 contraria
1469 4149 1620 4203 Deus
1640 4145 1913 4202 contraria
1939 4160 2070 4217 ope-

477 4245 633 4295 ratus
659 4237 752 4307 sit,
774 4237 1064 4309 inquiens:
1095 4237 1151 4294 Si
1173 4235 1394 4311 quando
1415 4235 1604 4293 dixero
1642 4234 1859 4305 Iudaeo,
1883 4234 2078 4303 Crede,

479 4335 730 4385 actutum
753 4327 910 4399 signa
955 4327 1182 4400 inquirit
1205 4325 1276 4384 ad
1305 4325 1790 4383 conﬁrmationem
1818 4324 2082 4398 praedica-

2181 3427 2277 3485 οὐκ
2321 3420 2437 3480 ἔστι
2467 3418 2559 3497 δὲ)
2587 3421 2758 3478 σῶσαι
2789 3416 2908 3484 τοὺς
2950 3415 3318 3481 πιστεύοντας.
3358 3405 3521 3495 Εἶχον
3549 3404 3665 3492 μὲν
3691 3404 3783 3473 οὖν

2182 3511 2500 3573 διδάσκαλον
2531 3508 2579 3568 οἱ
2617 3503 2885 3580 Ἕλληνες
2910 3504 3006 3580 τὴν
3032 3505 3219 3586 σοφίαν
3252 3510 3344 3564 τοῦ
3383 3506 3524 3566 Θεοῦ
3547 3549 3563 3576 ,
3599 3505 3692 3575 τὴν
3732 3507 3789 3563 ἐν

2183 3610 2289 3670 τοῖς
2331 3599 2592 3676 κτίσμασι
2647 3595 2851 3670 δηλαδὴ
2912 3594 3275 3672 θεωρουμένην
3322 3619 3335 3632 ·
3385 3596 3480 3654 οὐκ
3534 3593 3778 3671 ἔγνωσαν

2185 3691 2238 3753 δὲ
2267 3691 2358 3751 τὸν
2387 3687 2556 3765 Θεὸν,
2602 3686 2692 3747 διὰ
2719 3691 2813 3762 τῆς
2843 3690 2896 3747 ἐν
2948 3685 3082 3755 λέξει
3115 3685 3300 3766 σοφίας
3326 3707 3339 3721 ο
3375 3683 3492 3757 ἥτις
3527 3684 3623 3743 οὐκ
3666 3681 3784 3742 ἔστι

2186 3780 2344 3864 σοφία
2380 3781 2426 3818 ¹⁷
2439 3828 2452 3840 .

2279 3894 2309 3930 (ι
2336 3866 2562 3940 Ἐπειδὴ
2595 3866 2688 3926 καὶ
2715 3863 2966 3926 Ἰουδαῖοι
2991 3866 3214 3940 σημεῖον
3247 3863 3489 3935 αἰτοῦσι,
3535 3863 3627 3921 καὶ
3649 3859 3792 3922 "E7:-

2183 3966 2336 4036 ληνες
2379 3957 2567 4039 σοφίαν
2617 3959 2864 4026 ζητοῦσιν
2894 3977 2907 3992 ·
2953 3957 3108 4029 ἡμεῖς
3149 3950 3204 4011 δὲ
3252 3948 3591 4028 κηρύσσομεν
3647 3951 3790 4028 Χρι-

2185 4052 2306 4111 στὸν
2358 4047 2788 4128 ἐσταυρωμένον.
2841 4065 2870 4100 n
2924 4043 3088 4103 Θέλει
3137 4039 3352 4105 δεῖξαιὸ
3389 4039 3634 4128 Παῦλος,
3681 4044 3798 4109 πῶς

2188 4139 2275 4201 διὰ
2319 4141 2425 4198 τῶν
2458 4126 2705 4196 ἐναντίων
2749 4132 2817 4191 τὰ
2850 4129 3064 4190 ἐναντία
3093 4133 3121 4187 ὁ
3151 4130 3288 4194 Θεὸς
3325 4126 3612 4204 εἰργάσατο
3635 4150 3647 4164 ·
3695 4130 3792 4188 καί

2193 4252 2383 4311 φησιν,
2413 4225 2493 4286 ὅτι
2519 4223 2696 4285 Ὅταν
2739 4221 2873 4282 εἴπω
2901 4222 2977 4302 τῷ
3022 4217 3297 4296 Ἰουδαίῳ,
3342 4215 3665 4295 Πίστευσον,
3697 4219 3798 4276 εὖ-

2194 4305 2280 4388 ὁὺς
2327 4323 2529 4394 σημεῖα
2579 4318 2724 4388 ζητεῖ
2779 4312 2908 4393 πρὸς
2954 4309 3209 4370 σύστασιν
3257 4311 3352 4367 τοῦ
3403 4305 3747 4386 κηρύγματος
3775 4331 3792 4347 ο

476 4419 660 4476 tionis.
694 4395 1329 4476 Nos'autem‘Christum
1361 4416 1725 4489 praedicamus
1746 4395 2066 4473 cruciﬁxum

2200 4415 2352 4489 ἡμεῖς
2381 4407 2438 4467 δὲ
2468 4405 2702 4488 Χριστὸν
2729 4400 3063 4482 κηρύσσομεν
3095 4396 3502 4489 ἐσταυρωμένον
3529 4419 3542 4432 ⁸
3561 4395 3703 4489 -ὅπερ
3735 4401 3796 4457 οὐ

479 4509 628 4585 quod
667 4526 780 4567 non
829 4508 1010 4567 solum
1045 4525 1159 4564 non
1191 4516 1275 4564 est
1325 4507 1612 4580 signorum
1669 4505 1954 4574 exhibitio,
1991 4520 2084 4561 ve-

477 4616 603 4658 rum
639 4599 810 4658 etiam
835 4598 1186 4664 inﬁrmitatis,
1220 4605 1492 4670 quantum
1521 4594 1752 4670 quidem
1787 4602 2020 4668 apparet
2070 4612 2084 4650 :

476 4699 723 4747 attamen
754 4705 852 4763 per
911 4688 1040 4759 hoc,
1095 4685 1246 4761 quod
1295 4694 1546 4760 respectu
1593 4685 1742 4742 illius
1797 4683 1948 4759 quod
1991 4683 2082 4741 ille

480 4781 644 4854 petit,
694 4779 982 4836 inﬁrmum
1028 4786 1082 4834 et
1135 4777 1479 4834 contrarium
1509 4775 1747 4844 videtnr,
1802 4775 1870 4832 ad
1914 4773 2080 4831 ﬁdem

481 4868 817 4943 perducitur.
879 4869 1021 4939 Quae
1073 4883 1160 4924 res
1222 4868 1503 4940 ingentem
1561 4882 1692 4922 sane
1746 4866 1850 4921 Dei
1889 4873 2084 4937 poten-

477 4960 615 5017 tiam
649 4956 909 5016 ostendit.
932 4961 1151 5014 Rursus
1185 4976 1198 5014 :
1227 4957 1406 5013 Graeci
1437 4956 1761 5028 sapientiam
1790 4954 2081 5026 inquirunt

481 5069 512 5108 a
540 5048 704 5107 nobis
733 5068 746 5105 :
775 5048 926 5121 atqui
974 5055 1029 5104 et
1081 5046 1188 5102 illis
1246 5061 1353 5103 nos
1407 5061 1629 5102 crucem
1693 5042 2078 5117 prasdicamus,

481 5138 636 5216 quod
672 5147 729 5198 et
757 5139 939 5212 ipsum
960 5181 976 5209 ,
1013 5145 1072 5194 ut
1116 5144 1363 5210 apparet,
1397 5135 1644 5194 stultitim
1682 5149 1801 5191 esse
1835 5132 2078 5203 videtur,

478 5233 661 5289 Deum
691 5244 893 5302 nempe
916 5227 1240 5285 cruciﬁxum
1263 5224 1565 5300 praedicare
1599 5225 1856 5282 :interim
1887 5231 2074 5279 tamen

404 5314 408 5316 ’
478 5322 552 5378 ita
603 5318 1024 5394 persuadeatur.
1077 5319 1278 5375 Nonne
1332 5316 1496 5390 igitur
1527 5314 1787 5372 maximae
1820 5312 1938 5370 haec
1979 5327 2075 5385 po-

488 5411 677 5468 tentia:
709 5416 1029 5484 argumenta
1053 5415 1205 5476 sunt,
1228 5422 1296 5464 ex
1316 5405 1628 5475 contrariis,
1658 5403 1845 5477 quoad
1868 5418 1929 5460 ea
1957 5416 2081 5474 qua:

485 5500 798 5572 inquirunt,
842 5497 1158 5572 persuaderi
1191 5501 1328 5554 eos?

561 5613 584 5640 α
619 5589 828 5647 Iudaeis
847 5587 1072 5661 quidem
1117 5583 1458 5655 scandalum,
1490 5583 1695 5642 Graecis
1740 5589 1929 5641 autem
1950 5579 2082 5638 stul-

2201 4486 2360 4578 μόνον
2405 4498 2500 4557 οὐκ
2531 4486 2651 4554 νέστι
2684 4490 2920 4570 σημείων
2968 4486 3244 4563 ἐπίδειξις,
3297 4487 3439 4578 ἀλλὰ
3491 4487 3600 4578 καὶ.
3629 4489 3790 4546 ἂσθεο

2195 4576 2367 4662 νείας,
2397 4584 2517 4646 ὅσον
2550 4583 2688 4644 κατὰ
2729 4583 2787 4642 τὸ
2824 4584 3138 4664 φαινόμενον
3162 4603 3175 4616 ·
3225 4577 3317 4637 καὶ
3342 4576 3484 4654 ὅμως
3516 4576 3684 4655 τούτῳ
3715 4579 3796 4656 τῷ

2197 4680 2434 4739 δοκοῦντι
2482 4681 2692 4736 ἀσθενεῖ
2749 4674 2840 4732 καὶ
2903 4672 3154 4752 ἐναντίῳ,
3203 4667 3322 4728 ὅσον
3375 4667 3504 4747 πρὸς
3547 4665 3574 4724 ὃ
3627 4666 3795 4744 αἰτεῖ,

2195 4769 2438 4848 ἐνάγεται
2488 4765 2582 4826 καὶ
2628 4762 2757 4845 πρὸς
2805 4761 2902 4833 τὴν
2948 4760 3128 4820 πίστιν
3160 4778 3175 4793 ⁸
3230 4761 3388 4848 τοῦτο
3446 4755 3500 4814 δὲ
3530 4754 3795 4848 λ-μεγάλην

2195 4843 2426 4918 δείκνυσι
2472 4855 2567 4928 τὴν
2619 4843 2711 4914 τοῦ
2761 4853 2906 4912 Θεοῦ
2957 4849 3203 4926 δύναμιν.
3254 4847 3428 4905 Πάλιν
3461 4868 3474 4883 ο
3525 4843 3798 4916 Ἕλληνες

2192 4945 2377 5028 σοφίαν
2411 4946 2716 5017 ἐπιζητοῦσι
2745 4943 2874 5028 παρ’
2903 4940 3056 5016 ἡμῶν
3079 4984 3096 5016 ,
3135 4936 3273 4996 ἀλλὰ
3319 4933 3584 5028 κάκείνοις
3633 4937 3792 5028 ἡμεῖς

2189 5021 2281 5094 τὸν
2333 5032 2558 5115 σταυρὸν
2591 5031 2642 5070 ⁸⁸
2690 5027 3031 5109 κηρύσσομεν
3066 5051 3081 5064 ·
3134 5026 3264 5105 ὅπερ
3315 5023 3456 5085 κατὰ
3508 5025 3568 5083 τὸ
3610 5021 3794 5105 parmi-

2191 5149 2347 5204 μενον
2375 5111 2696 5202 καὶ-μωρίας
2719 5111 2853 5180 εἶναι
2882 5119 3060 5190 δοκεῖ,
3101 5115 3239 5177 Θεὸν
3277 5113 3562 5196 κηρύσσειν
3598 5115 3797 5172 ἐσταυ-

2190 5203 2422 5296 ρωμένον
2456 5237 2471 5251 ·
2517 5210 2658 5272 ἀλλὰ
2705 5209 2798 5268 καὶ
2850 5205 2991 5268 οὕτω
3042 5205 3336 5268 πείθονται.
3394 5203 3533 5296 Ἂρα
3583 5204 3642 5262 οὗ
3696 5225 3795 5296 με·

2187 5291 2374 5384 γίστης
2421 5307 2593 5364 ταῦτα
2640 5298 2949 5378 δυνάμεως,
2981 5300 3044 5358 ἐκ
3088 5300 3193 5356 τῶν
3226 5294 3511 5369 ἐναντίων,
3557 5295 3630 5360 ὡς
3664 5291 3796 5371 πρὸς

2191 5395 2225 5454 ἃ
2254 5393 2404 5455 αὐτοὶ
2435 5394 2782 5468 ἐπιζητοῦσι,
2820 5386 3092 5448 πείθεσθαι
3119 5384 3345 5460 αὐτούς,

2281 5593 2311 5632 α
2339 5568 2617 5639 Ἰουδαίοις
2644 5567 2738 5645 μὲν
2765 5567 3061 5628 σκάνδαλον
3081 5611 3098 5641 ,
3129 5561 3369 5636 εἘλλησι
3401 5557 3457 5620 δὲ
3488 5555 3721 5639 μωρίαν.
3759 5579 3792 5612 ι

1876 5664 2063 5722 Variae
2106 5662 2413 5728 lectiones.

562 5761 604 5796 ¹⁶
632 5761 682 5815 ἐν
707 5765 768 5835 τῇ
797 5758 1074 5832 εὖγλωττίᾳ
1103 5777 1177 5816 m.
1260 5760 1298 5792 ¹“¹
1332 5757 1478 5828 σοφία
1503 5755 1630 5808 Θεοῦ
1662 5770 1739 5811 m.
1820 5755 1862 5788 ¹⁸
1893 5751 2102 5824 Χριστὸν
2134 5766 2189 5808 ο.
