4090 6424
294 428 397 479 581
1227 423 1584 480 EXPOSITIO
1628 424 1689 478 IN
1732 423 1942 479 EPIST.
1986 424 2003 479 l
2042 425 2133 480 AD
2174 423 2332 479 COR.
2371 451 2440 463 —
2479 423 2630 478 CAP.
2675 424 2715 477 l.
3507 428 3609 482 58‘2

290 550 573 623 Ἰουδαῖοι,
619 572 811 629 φησιν,
856 546 1038 629 ἔχουσι
1084 548 1379 609 σκάνδαλον
1423 547 1514 608 τὸν
1543 547 1894 628 ἐσταυρωμέ-

2019 548 2209 605 titiam.
2251 572 2276 596 α
2328 547 2556 616 Judaais,
2608 548 2812 620 inquit,
2865 547 3122 604 seandalo
3161 555 3245 606 est
3291 548 3606 607 cruciﬁxus.

290 662 383 698 νον
406 662 420 676 ·
478 637 871 718 προσπταίουσι
939 639 1042 720 γὰρ
1088 637 1259 720 τούτῳ
1280 682 1296 711 ,
1358 636 1599 718 λέγοντες
1627 661 1643 676 ·
1694 640 1822 707 Πῶς
1876 641 1906 698 6

2019 639 2334 712 lmpingunt
2376 636 2525 693 enim
2563 635 2828 694 adversus
2870 637 3075 711 ipsum,
3103 636 3351 694 dicentes
3385 655 3397 691 :
3431 640 3609 711 Ecqui

286 726 482 811 φαγὼν
522 727 614 787 καὶ
655 726 792 787 πιὼν
822 726 959 807 μετὰ
1004 731 1247 788 τελωνῶν
1292 727 1384 787 καὶ
1415 731 1652 811 πορνῶν,
1683 729 1777 788 καὶ
1810 731 1906 787 τί·

287 808 391 886 λος
434 816 571 897 μετὰ
610 820 824 898 λῃστῶν
873 817 1221 900 σταυρωθεὶς,
1268 808 1497 877 δύναται
1538 808 1674 878 εἶναι
1721 818 1896 894 Θεόςς

287 909 562 982 ἽΞλληνες
606 906 661 966 δὲ
716 908 1000 986 διαγελῶσι
1050 907 1108 967 τὸ
1168 908 1458 989 μυστήριον
1522 910 1593 976 ὡς
1638 907 1850 990 μωρίαν
1880 955 1896 985 ,

288 997 431 1057 διότι
481 997 660 1058 πίστει
709 997 845 1079 μόνῃ
908 998 1001 1057 καὶ
1062 999 1120 1057 οὗ
1175 987 1580 1077 συλλογισμοῖς,
1629 987 1703 1057 ὧν
1737 987 1899 1058 αὐτοὶ

288 1085 615 1168 ἐξήρτηνται
633 1132 649 1161 ,
702 1087 1185 1167 καταλαμϐάνεται
1214 1086 1273 1146 τὸ
1304 1087 1443 1148 Θεὸν
1492 1091 1865 1171 σταυρωθῆναι
1884 1131 1901 1163 ,

287 1177 388 1235 καὶ
414 1177 550 1236 διότι
578 1179 639 1236 οὗ
668 1176 987 1262 καλλιεπείᾳ
1026 1181 1334 1255 κοσμεῖται.

389 1379 419 1417 α
466 1358 659 1425 Αὖτοῖς
712 1356 766 1416 δὲ
805 1357 914 1425 τοῖς
948 1358 1194 1430 κλητοῖς,
1224 1355 1502 1425 Ἰουδαίοις
1543 1380 1601 1417 τε
1630 1357 1723 1417 καὶ
1761 1355 1900 1419 Ἕλ-

282 1449 456 1524 λησι,
513 1447 747 1527 Χριστὸν
791 1448 934 1507 Θεοῦ
984 1446 1251 1525 δύναμιν,
1304 1446 1397 1506 καὶ
1430 1448 1575 1509 Θεοῦ
1625 1446 1893 1529 σοφίαν.»

284 1540 347 1598 Τ
350 1540 427 1606 οῖς
453 1534 550 1615 μὲν
592 1536 835 1605 ἀπίστοις
876 1536 1188 1617 Ἰουδαίοις,
1222 1536 1391 1618 φησὶ,
1427 1538 1725 1598 σκάνδαλόν
1763 1539 1906 1597 ἐστιν

284 1631 319 1685 6
353 1626 587 1709 Χριστός
619 1650 633 1665 ·
678 1626 901 1695 καὶτοῖς
948 1626 1192 1693 ἀπίστοις
1232 1626 1473 1701 σΕλλησι
1514 1626 1690 1708 μωρία
1726 1628 1903 1700 δοκεῖ,

290 1717 433 1776 διότι
473 1714 507 1774 ἃ
558 1719 835 1791 ζητοῦσιν,
877 1719 931 1776 ἐν
980 1719 1126 1797 αὐτῷ
1174 1718 1275 1797 οὐχ
1328 1715 1662 1797 εὑρίσκουσι,
1706 1724 1906 1795 σημεῖα

290 1804 391 1864 καὶ
418 1805 628 1888 σοφίαν.
659 1807 784 1873 Τοῖς
812 1807 865 1865 δὲ
907 1807 1125 1879 κλητοῖς
1144 1805 1429 1875 Ἰουδαίοις
1449 1850 1467 1879 ,
1502 1807 1593 1865 καὶ
1624 1809 1729 1871 τοῖς
1770 1807 1902 1879 κλη-

2011 727 2058 783 is
2086 728 2185 801 qui
2209 726 2453 784 comedit
2486 726 2652 798 128
2674 734 2729 783 et
2751 725 2892 783 bibit
2919 742 3050 783 cum
3074 725 3381 799 publicanis
3418 734 3473 783 et
3500 742 3613 783 me-

2014 816 2333 887 retricibus,
2360 832 2425 874 ac
2462 816 2691 874 tandem
2736 833 2863 873 cum
2895 816 3253 890 praedonibus
3288 815 3609 886 cruciﬁxus,

2014 914 2194 980 potest
2225 922 2344 964 esse
2381 909 2572 964 Deus?
2602 907 2785 964 Graeci
2815 922 2943 963 vero
2987 906 3315 980 mysterium
3346 905 3453 962 hoc
3482 906 3607 961 irri-

2013 998 2143 1054 dent
2170 1013 2269 1054 ceu
2300 996 2616 1064 stultitiam,
2671 1012 2735 1053 eo
2775 996 2927 1070 quod
2966 996 3081 1053 sola
3110 996 3247 1067 ﬁde,
3294 1006 3348 1053 et
3376 1012 3490 1053 non
3528 1013 3614 1052 ra-

2015 1086 2458 1144 tiocinationibus
2505 1086 2660 1155 ullis,
2705 1101 2773 1143 ex
2816 1086 3017 1160 quibus
3057 1087 3160 1159 ipsi
3207 1085 3616 1160 dependebant,

2013 1177 2514 1249 comprehendatur
2539 1181 2718 1239 Deum
2739 1177 3060 1233 crucifixum
3087 1192 3229 1247 esse,
3255 1186 3309 1234 et
3336 1177 3463 1251 quia
3494 1192 3617 1233 ora-

2013 1267 2175 1323 tionis
2203 1265 2494 1340 splendore
2521 1282 2637 1323 non
2664 1276 2979 1323 exornetur.

2084 1358 2259 1414 Vens.
2314 1363 2405 1415 24.
2462 1378 2489 1409 «
2536 1357 2675 1429 Ipsis
2725 1364 2913 1414 autem
2954 1356 3165 1414 vocatis
3194 1356 3408 1414 Iudaeis
3455 1365 3617 1429 atque

2014 1446 2245 1516 Graecis,
2269 1446 2554 1504 Christum
2585 1447 2687 1503 Dei
2709 1448 2996 1517 virtutem,
3017 1455 3071 1504 et
3092 1448 3187 1503 Dei
3207 1446 3552 1520 sapientiam.
3588 1470 3614 1496 ι»

2013 1536 2348 1606 lnﬁdelibus,
2372 1538 2576 1610 inquit,
2591 1536 2797 1595 Iudaeis
2816 1537 3073 1595 Christus
3093 1545 3177 1595 est
3196 1535 3617 1600 offendiculum,

2014 1636 2068 1684 et
2097 1627 2415 1685 inﬁdelibus
2443 1627 2652 1686 Graecis
2680 1628 2908 1685 stultitia
2948 1627 3187 1695 videtur,
3227 1644 3293 1686 eo
3342 1627 3492 1701 quod
3525 1628 3616 1685 illa

2012 1736 2137 1795 qua:
2164 1726 2441 1794 quaerunt,
2471 1719 2630 1793 signa
2668 1719 2938 1775 nimirum
2965 1727 3021 1775 et
3050 1718 3405 1793 sapientiam,
3434 1721 3488 1775 in
3530 1719 3620 1776 illo

2016 1826 2133 1867 non
2177 1809 2484 1867 inveniant.
2548 1809 2779 1867 Vocatis
2826 1817 3011 1865 autem
3066 1807 3270 1865 Iudaeis
3311 1818 3367 1865 et
3412 1810 3622 1865 vocatis

291 1903 408 1962 τοῖς
426 1893 667 1967 Ἵζλλησι
686 1943 703 1972 ,
742 1894 1013 1969 τουτέστι,
1044 1904 1153 1964 τοῖς
1183 1896 1286 1954 ὑπὸ
1313 1897 1457 1957 Θεοῦ
1488 1898 1788 1968 κληθεῖσιν,
1822 1898 1896 1963 ὥς

2019 1899 2237 1966 Graecis,
2293 1899 2399 1956 hoc
2444 1906 2546 1966 est,
2592 1914 2624 1955 a
2671 1902 2791 1955 Deo
2836 1898 3064 1967 vocatis,
3116 1907 3375 1971 tanquam
3417 1897 3619 1970 dignis,

293 1984 495 2059 ἀξίοις,
548 1986 825 2067 ἀμφότερα
875 1989 904 2044 6
938 1985 1175 2067 Χριστὸς
1223 1986 1562 2067 εὓρίσκεται,
1625 1985 1659 2043 ἃ
1710 1986 1897 2044 ἐκεῖνος

293 2078 538 2147 ζητοῦσι.
581 2064 653 2135 Τί
692 2064 795 2157 γὰρ
838 2064 1041 2150 ζητεῖς,
1086 2064 1130 2134 ῶ
1176 2064 1436 2149 Ἰουδαῖε,
1470 2083 1705 2151 σημεῐα;
1764 2073 1899 2135 Ἰδοὺ

295 2168 325 2223 6
362 2164 593 2247 Χριστὸς
640 2163 862 2243 δύναμις
912 2167 1059 2226 Θεοῦ
1111 2169 1290 2247 ἐστιν,
1344 2165 1460 2238 ἥτις
1507 2168 1613 2223 τῶν
1662 2167 1899 2243 σημείων

293 2244 574 2327 ποιητική.
629 2254 739 2315 Καὶ
768 2253 830 2315 σὺ
861 2253 913 2314 τί
950 2254 1151 2336 λέγεις,
1204 2244 1249 2314 ὦ
1275 2251 1526 2333 Ἕλληνς
1573 2252 1760 2336 σοφίαν
1803 2258 1901 2328 ζη-

296 2347 442 2423 τεῖςς
477 2339 666 2425 Ἔχεις
708 2343 798 2404 τὸν
842 2345 1112 2427 Χριστὸν,
1143 2345 1332 2424 σοφίαν
1366 2345 1496 2405 ὄντα
1537 2348 1627 2403 τοῦ
1662 2342 1898 2424 Πατρός.

396 2431 576 2494 ιὍτι
621 2433 683 2495 τὸ
733 2434 912 2515 μωρὸν
961 2438 1053 2495 τοῦ
1100 2435 1242 2495 Θεοῦ
1300 2434 1601 2516 σοφώτερον
1652 2437 1756 2493 τῶν
1809 2437 1899 2493 ἀν-

298 2521 531 2604 Θρώπων
573 2524 689 2584 ἐστί
720 2547 735 2562 ο
766 2523 861 2584 καὶ
904 2523 964 2584 τὸ
1004 2524 1218 2593 ἀσθενὲς
1258 2531 1352 2585 τοῦ
1383 2528 1522 2585 Θεοῦ
1565 2522 1902 2605 ἰσχυρότερον

296 2617 410 2672 τῶν
448 2613 742 2695 ἀνθρώπων
774 2615 906 2675 ἐστί.
938 2635 969 2673 n
1000 2617 1111 2676 Τὸν
1141 2614 1368 2695 σταυρὸν
1409 2612 1652 2692 ὀνομάζει
1696 2613 1904 2695 μωρὸν,

297 2708 377 2771 ὣς
421 2702 562 2763 οῦτω
616 2705 869 2765 δοκοῦντα
912 2730 925 2743 ·
977 2703 1274 2787 σοφώτερον
1333 2705 1512 2784 μέντοι
1553 2708 1656 2763 τῶν
1705 2701 1903 2784 ἀνθρώ-

296 2818 417 2853 πων
461 2794 626 2854 ἔστίν.
673 2796 744 2855 Οἱ
797 2794 893 2872 μὲν
940 2794 1041 2876 γὰρ
1089 2796 1367 2878 φιλόσοφοι
1400 2793 1523 2874 περὶ
1574 2792 1759 2875 ψυχρὰ
1809 2793 1901 2852 καὶ

298 2883 537 2956 ἀνόνητα
598 2883 981 2966 ἧσχολήθησαν
1036 2908 1049 2921 ·
1104 2886 1133 2943 6
1193 2883 1249 2944 δὲ
1292 2884 1518 2965 σταυρὸς
1558 2884 1646 2943 τὸν
1703 2883 1904 2960 κόσμον

296 2974 493 3033 ἔσωσε.
526 2974 636 3034 Καὶ
677 2972 885 3040 ἀσθενὲς
927 2972 983 3033 δὲ
1024 2976 1207 3047 δοκεῖ,
1235 2977 1306 3042 ὣς
1340 2975 1391 3043 ἐξ
1441 2974 1712 3039 ἀσθενείας
1744 2997 1906 3033 σταυ-

302 3062 561 3145 ρωθέντος
610 3070 702 3124 τοῦ
748 3065 986 3145 Χριστοῦ
1041 3089 1054 3103 ο
1100 3063 1218 3125 ἀλλ’
1264 3067 1603 3146 ἰσχυρότερον
1657 3066 1763 3122 τῶν
1809 3065 1907 3121 ἄν-

2006 2000 2302 2063 ntrumque
2344 1990 2411 2045 ab
2442 1988 2549 2045 illis
2578 1989 2876 2063 quaesitum
2923 1989 3176 2045 Christus
3224 2004 3342 2045 esse
3409 1988 3619 2044 inveni-

2007 2090 2119 2139 tur.
2163 2080 2309 2152 Quid
2338 2080 2491 2135 enim
2536 2079 2689 2152 signa
2732 2079 2956 2151 quaeris,
2995 2095 3028 2135 ο
3055 2078 3280 2135 Iudaee?
3322 2081 3404 2135 En
3455 2078 3620 2137 Chri-

2011 2179 2128 2227 stus
2157 2169 2406 2242 potentia
2456 2168 2559 2226 Dei
2615 2178 2719 2239 est,
2774 2185 2898 2242 quae
2952 2170 3114 2243 signa
3164 2169 3354 2228 efﬁcit.
3409 2175 3480 2227 At
3530 2178 3614 2237 tn,

2012 2263 2230 2329 Gmce,
2261 2257 2397 2333 quid
2424 2259 2544 2316 ais?
2592 2259 2792 2332 quaeris
2822 2260 3189 2333 sapientiam?
3230 2259 3411 2317 Habes
3454 2258 3616 2317 Chri-

2012 2360 2164 2408 stum
2182 2349 2509 2423 sapientiam
2535 2351 2734 2406 Patris.

2085 2440 2269 2496 Vnns.
2302 2442 2391 2495 25.
2440 2461 2466 2488 α
2501 2438 2639 2509 Quia
2679 2436 2829 2512 quod
2858 2438 3088 2495 stultum
3118 2446 3201 2494 est
3230 2438 3356 2507 Dei,
3397 2439 3619 2510 sapien-

2014 2529 2126 2585 tius
2153 2537 2238 2585 est
2260 2528 2581 2586 hominibus
2611 2547 2623 2585 :
2660 2538 2716 2585 et
2744 2528 2894 2601 quod
2922 2527 3209 2584 inﬁrmum
3254 2537 3336 2584 est
3360 2528 3484 2596 Dei,
3512 2528 3620 2585 for-

2015 2620 2124 2675 tius
2174 2626 2254 2675 est
2291 2618 2631 2675 hominibus.
2692 2643 2717 2667 ››
2758 2619 2989 2675 Crucem
3048 2617 3279 2674 stultam
3334 2626 3512 2684 vocat,
3565 2626 3625 2671 ut

2014 2724 2139 2783 quas
2162 2709 2238 2766 sic
2266 2709 2514 2767 videatur
2547 2729 2560 2767 :
2593 2709 2895 2782 sapientius
2936 2717 3123 2765 tamen
3168 2708 3487 2765 hominibus
3517 2717 3618 2765 est.

2015 2801 2159 2855 Nam
2198 2798 2507 2871 philosophi
2565 2798 2780 2873 frigidis
2821 2806 2878 2855 et
2922 2797 3207 2855 inutilibus
3253 2798 3418 2854 rebus
3469 2799 3623 2854 incu-

2017 2887 2289 2956 buerunt;
2332 2904 2468 2945 crux
2494 2898 2680 2945 autem
2731 2887 3007 2945 mundum
3036 2888 3289 2944 servavit.
3349 2887 3628 2944 Imbecillc

2017 2995 2182 3051 porro
2222 2986 2467 3051 apparet,
2534 2987 2799 3051 tanquam
2832 2993 2900 3034 ex
2940 2978 3315 3035 imbecillitate
3358 2978 3623 3034 cruciﬁxo

2020 3069 2268 3138 Christo;
2297 3068 2393 3126 sed
2423 3067 2623 3125 fortius
2644 3077 2729 3125 est
2752 3067 3097 3135 hominibus,
3129 3084 3241 3124 non
3270 3068 3450 3124 solum
3491 3067 3615 3123 ideo

300 3134 533 3234 θρώπων
582 3154 761 3232 ἐστὶν,
808 3134 867 3213 ὸῦ
919 3154 1074 3234 μόνον
1125 3154 1228 3227 ὅτι,
1286 3134 1488 3235 μ’ύρίων
1519 3134 1907 3235 ἶπιχειρησάν-

2020 3158 2168 3234 quod
2188 3159 2494 3217 innumeris
2512 3160 2617 3216 hoc
2644 3174 2857 3216 nomen
2878 3160 3223 3231 exstinguere
3264 3158 3618 3225 conantibus,

297 3266 410 3301 των
442 3241 635 3303 σϐέσαι
672 3242 734 3302 τὸ
775 3242 944 3320 ὄνομα
976 3249 1166 3317 τοῦτο,
1211 3247 1354 3304 ἀνθεῖ
1401 3246 1604 3323 μᾶλλον
1636 3266 1649 3280 σ
1682 3241 1801 3302 ἀλλ’
1832 3242 1907 3302 ὅτι

2023 3248 2247 3306 ﬂoreret
2282 3248 2461 3322 magis
2516 3268 2528 3304 :
2572 3264 2763 3305 verum
2791 3248 2924 3321 quia
2979 3248 3151 3304 etiam
3180 3264 3278 3320 per
3329 3247 3487 3304 illum
3532 3248 3625 3319 qui

297 3332 398 3391 καὶ
440 3332 530 3391 διὰ
576 3338 671 3392 τοῦ
718 3335 991 3403 δοκοῦντος
1038 3336 1287 3402 ἀσθενοῦς
1335 3339 1364 3394 6
1411 3333 1628 3415 ἰσχυρὸς
1671 3330 1907 3399 διάϐολοι

2020 3337 2308 3395 imbecillis
2330 3338 2480 3395 visus
2519 3345 2622 3407 est,
2653 3335 2813 3395 fortis
2863 3338 3091 3394 Satanas
3122 3338 3320 3411 ligatus
3363 3344 3463 3393 est.
3515 3337 3621 3392 Po-

299 3422 473 3495 ἐδέθη.
511 3423 748 3483 Δύνασαι
799 3425 854 3483 δὲ
897 3423 988 3484 καὶ
1032 3422 1172 3484 οὕτω
1222 3428 1393 3483 ταῦτα
1435 3429 1659 3497 νοῆσαι,
1694 3421 1777 3482 ὅτι
1824 3423 1907 3481 ἐπὶ

2022 3428 2153 3483 teris
2197 3435 2386 3484 autem
2415 3426 2536 3484 hac
2576 3426 2657 3483 sic
2695 3426 2865 3483 etiam
2892 3426 3220 3498 intelligere,
3249 3425 3398 3498 quod
3428 3425 3481 3481 in
3510 3428 3626 3481 Deo

299 3516 450 3575 Θεοῦ
493 3511 554 3572 τὸ
585 3512 877 3594 ὁπέρσοφον
928 3513 1125 3594 ἄσοφον
1167 3514 1418 3593 λέγεται,
1467 3513 1497 3571 ὅ
1541 3514 1655 3572 ἐστι
1685 3512 1865 3593 μωρόν
1900 3535 1907 3549 ·

2020 3515 2172 3589 quod
2222 3516 2492 3573 immense
2520 3514 2739 3588 sapiens
2774 3523 2876 3583 est,
2923 3515 3192 3586 insipiens
3239 3514 3476 3580 dicatur,
3520 3515 3631 3571 hoc

299 3600 400 3660 καὶ
432 3602 744 3682 ἱπερσθενές
769 3649 784 3675 ,
833 3602 1046 3671 ἀσθενές
1080 3627 1093 3640 ·
1139 3602 1323 3685 ὥσπερ
1356 3602 1448 3663 καὶ
1498 3601 1558 3662 τὸ
1602 3600 1907 3683 ὕπέρφωτον

2020 3614 2106 3663 est
2131 3605 2363 3663 stultum
2394 3623 2408 3662 :
2441 3614 2499 3663 et
2522 3604 2673 3679 quod
2715 3620 2881 3677 supra
2906 3604 3137 3661 modum
3176 3606 3429 3673 ﬁrmum,
3470 3605 3631 3660 inﬁr—

303 3695 468 3752 αὐτοῦ
510 3692 723 3772 λέγεται
753 3693 940 3760 σκότος
986 3690 1081 3752 καὶ
1115 3693 1323 3775 γνόφος.

2019 3711 2198 3764 mum,
2252 3694 2480 3769 perinde
2528 3711 2593 3752 ac
2665 3694 2902 3752 eximius
2953 3693 3213 3766 splendor
3269 3702 3325 3750 et
3363 3694 3632 3751 excellens

2020 3786 2214 3842 iumen
2242 3786 2363 3858 ejus
2384 3785 2630 3842 tenehrm
2658 3792 2711 3841 et
2738 3784 2909 3857 caligo
2955 3784 3233 3841 dicuntur.

396 3894 425 3928 ε
460 3871 694 3933 Βλέπετε
723 3872 826 3952 γὰρ
856 3870 952 3945 τὴν
986 3876 1177 3945 κλῆσιν
1213 3876 1361 3947 ὑμῶν
1386 3922 1398 3945 ,
1455 3871 1712 3953 ἀδελφοὶ,
1746 3870 1827 3931 ὅτι
1857 3873 1907 3930 οὐ

2094 3879 2278 3933 Vnus.
2322 3880 2413 3932 26.
2466 3898 2490 3924 σι
2543 3874 2738 3931 Videte
2786 3874 2935 3930 enim
2977 3874 3321 3930 vocationem
3368 3882 3630 3941 vestram,

302 3961 501 4021 πολλοὶ
563 3962 711 4044 σοφοὶ
754 3961 891 4023 κατᾶ
952 3961 1127 4044 σάρκα
1146 4011 1161 4035 ,
1210 3964 1270 4023 οὗ
1319 3963 1505 4022 πολλοὶ
1558 3962 1811 4034 δυνατοὶ,
1856 3960 1907 4020 οὗ

2019 3963 2248 4036 fratres,
2305 3964 2460 4038 quod
2508 3980 2623 4020 non
2666 3963 2828 4020 multi
2858 3964 3134 4036 sapientes
3164 3962 3471 4021 secundum
3513 3980 3632 4021 car-

301 4050 500 4111 πολλοὶ
539 4052 785 4132 εὐγενεῖς.
828 4081 852 4105 ιι
886 4052 1327 4134 Ἐπισκέψασθε,
1364 4054 1494 4133 φησὶ
1514 4102 1532 4128 ,
1568 4052 1660 4112 καὶ
1708 4054 1911 4133 διερευ-

301 4140 507 4209 νήσατε
552 4139 671 4209 τοὺς
718 4143 1011 4216 κληθέντας
1051 4144 1122 4211 εἷς
1150 4142 1247 4216 τὴν
1292 4143 1505 4218 πίστιν,
1537 4142 1629 4202 καὶ
1662 4141 1915 4223 εὓρήσετε

302 4229 391 4289 ὅτε
436 4231 498 4290 οὖ
536 4232 727 4292 πολ)ιοῖ⁸
763 4233 915 4313 σοφοὶ
961 4231 1101 4292 κατὰ
1132 4233 1309 4313 σάρκα
1329 4278 1344 4307 ,
1377 4232 1658 4313 τουτέστι,
1690 4231 1831 4291 κατὰ
1857 4230 1919 4289 τὸ

305 4319 625 4402 φαινόμενον
651 4365 668 4395 ,
702 4312 849 4382 κατὰί
879 4323 968 4382 τὸν
1000 4312 1239 4405 παρόντα
1274 4323 1566 4405 βίον.μοὗκ
1594 4312 1711 4380 εἷπε
1737 4320 1811 4394 δὲ,
1836 4320 1919 4380 ὅτι

305 4401 505 4478 Οὐδεὶς
533 4411 719 4493 σοφὸς,
748 4412 866 4473 ἀλλ’
886 4456 904 4485 ,
946 4434 974 4472 α
1006 4401 1093 4472 Οὐ*
1120 4401 1331 4473 πολλοί.
1367 4435 1394 4469 ))
1424 4401 1607 4472 1'Huatv
1634 4412 1738 4491 γὰρ
1765 4409 1917 4491 σοφοὶ

304 4500 405 4559 καὶ
434 4502 489 4560 ἐν
615 4500 795 4562 πίστει
816 4548 832 4575 ,
862 4505 935 4571 ὣς
969 4505 999 4561 6
1035 4502 1449 4583 Ἀρεοπαγίτης,
1490 4504 1561 4568 ὡς
1594 4504 1623 4559 6
1666 4498 1918 4560 ἀνθύπα-

2020 4071 2174 4125 nem,
2206 4070 2319 4111 non
2340 4055 2497 4111 multi
2524 4061 2796 4128 potentes,
2822 4070 2935 4110 non
2970 4053 3130 4109 multi
3162 4053 3396 4111 nobiles.
3434 4078 3459 4103 ι»
3486 4057 3633 4111 Con-

2022 4143 2276 4213 siderate,
2315 4143 2512 4216 inquit,
2557 4152 2613 4199 et
2638 4143 2958 4199 scrutamini
3003 4151 3228 4199 vocatos
3256 4141 3326 4199 ad
3362 4142 3548 4212 ﬁdem,
3573 4152 3630 4199 et

2020 4233 2308 4291 invenietis
2341 4233 2491 4307 quod
2538 4248 2654 4290 non
2680 4233 2840 4288 multi
2868 4233 3144 4304 sapientes
3173 4234 3284 4289 sint
3321 4232 3627 4291 secundum

2019 4339 2263 4395 carnem,
2307 4322 2414 4381 hoc
2445 4332 2547 4391 est,
2599 4333 2662 4380 ut
2691 4332 2919 4397 apparet
2954 4324 3011 4379 in
3062 4322 3322 4396 speciem,
3378 4325 3434 4380 in
3485 4340 3632 4397 prae-

2020 4418 2164 4474 senti
2196 4418 2323 4474 vita.
2350 4420 2478 4474 Non
2498 4418 2635 4474 dixit
2659 4426 2846 4474 autem
2872 4417 3023 4489 quod
3052 4432 3218 4474 nemo
3247 4418 3486 4490 sapiens,
3511 4418 3632 4489 sed,

2028 4529 2055 4555 ι
2091 4522 2204 4564 non
2242 4506 2421 4563 multi.
2458 4528 2484 4558 »
2533 4510 2678 4564 Nam
2710 4506 2959 4563 nonnulli
3002 4506 3311 4579 sapientum
3350 4506 3420 4563 ad
3463 4506 3635 4565 ﬁdem

305 4612 425 4664 τος,
447 4590 538 4650 καὶ
559 4568 733 4671 ἕτεροι
761 4568 829 4663 δῆ
859 4568 939 4670 [
988 4591 1043 4650 δὲ
1060 4594 1080 4670 ]
1098 4568 1159 4652 ὀἳ
1203 4568 1290 4669 μὴ.
1309 4568 1565 4664 ὀνομαστὶ
1593 4594 1685 4649 νῦν
1716 4612 1907 4671 γνωρι-

2023 4605 2393 4664 accesserunt,
2440 4612 2678 4668 quorum
2722 4595 2792 4653 de
2840 4612 3075 4653 numero
3124 4604 3252 4652 sunt
3298 4597 3633 4668 Areopogita

306 4680 545 4758 ζόμενοι.
595 4680 709 4741 Καὶ
760 4680 971 4740 δυνατοὶ
1042 4680 1096 4740 δὲ
1148 4682 1241 4740 καὶ
1298 4681 1521 4760 εὐγενεῖς
1571 4680 1908 4742 ἐπίστευσαν.

306 4769 419 4831 Διὰ
440 4774 599 4830 τοῦτο
626 4760 716 4830 οὖν
757 4761 900 4830 εἶπεν
945 4771 1034 4830 ἐπὶ
1074 4771 1292 4831 πάντων
1316 4770 1409 4847 τὸ,
1448 4797 1475 4825 ι
1511 4771 1594 4832 Οὐ
1633 4768 1843 4830 πολλοί.
1880 4794 1910 4825 ι

303 4857 493 4920 Ὥστε
516 4860 592 4920 ἰδὲ
615 4859 712 4933 τὴν
737 4858 961 4937 δύναμιν
986 4868 1079 4922 τοῦ
1103 4862 1466 4942 κηρύγματος,
1489 4863 1605 4929 πῶς
1630 4858 1843 4926 ἰδιώτας
1868 4857 1920 4895 ⁴⁹

305 4948 456 5010 οὕτω
515 4950 654 5031 σοφὰ
718 4948 964 5030 δόγματα
1007 4949 1061 4989 ²⁰
1114 4949 1351 5027 ἐδίδαξε,
1396 4950 1490 5010 καὶ
1545 4948 1689 5019 ὅπως
1728 4953 1763 5023 ἡ
1819 4946 1922 5018 ἔξω

306 5038 475 5119 σοφία
500 5041 713 5122 ἀχρεῖόν
739 5061 790 5099 τι
822 5040 1111 5103 δείκνυται.

2025 4691 2080 4740 et
2108 4687 2401 4757 proconsul
2431 4694 2485 4741 et
2514 4685 2602 4742 alii
2626 4685 2693 4742 de
2721 4701 2960 4759 quorum
2986 4685 3306 4741 nominibus
3330 4700 3482 4741 nunc
3523 4701 3636 4744 non

2027 4782 2266 4832 constat.
2317 4775 2466 4849 Quin
2503 4775 2673 4832 etiam
2712 4784 2967 4849 potentes
3018 4773 3274 4849 quidam,
3337 4784 3393 4833 et
3440 4791 3637 4849 genere

2029 4865 2158 4923 clari
2181 4865 2549 4924 crediderunt.
2572 4868 2867 4938 Propterea
2896 4867 2967 4924 de
2987 4867 3250 4924 omnibus
3270 4866 3440 4925 dixit:
3470 4892 3493 4917 οι
3524 4886 3637 4926 non

2030 4956 2213 5013 multi.
2247 4980 2273 5006 ν
2304 4956 2542 5013 Proinde
2569 4957 2939 5014 animadverte
2959 4959 3269 5031 potentiam
3297 4966 3352 5015 et
3375 4960 3635 5016 virtutem

2034 5044 2459 5115 pradicationis,
2505 5047 2792 5118 quomodo
2820 5048 3020 5104 idiotas
3064 5055 3122 5104 et
3173 5046 3339 5105 rudes
3378 5047 3637 5121 dogmata

305 5137 434 5185 tam
483 5129 747 5204 sapientia
800 5127 1074 5198 docuerit,
1118 5139 1172 5189 et
1213 5146 1455 5205 quonam
1503 5128 1675 5188 modo
1744 5139 1981 5191 externa
2042 5136 2235 5193 mundi
2290 5134 2555 5208 sapientia
2609 5135 2804 5194 inutile
2883 5137 3145 5211 quiddam
3223 5152 3344 5194 esse
3406 5138 3639 5196 demon-

306 5225 645 5370 stresm’rmd
682 5309 751 5369 τὰ
793 5310 950 5393 μωρὰ
988 5317 1080 5372 τοῦ
1118 5310 1320 5389 κόσμου
1357 5308 1627 5381 ἐξελέξατο
1668 5313 1697 5369 6
1744 5309 1916 5385 Θεὸς,

306 5398 407 5457 ἴνα
461 5397 799 5481 καταισχύνῃ
842 5398 963 5468 τοὺς
1012 5400 1203 5482 σοφούς
1233 5425 1247 5440 ο
1302 5399 1394 5460 καὶ
1449 5399 1520 5459 τὰ
1577 5403 1773 5473 ἀσθενῆ
1828 5408 1922 5463 τοῦ

308 5489 525 5567 κόσμου
604 5487 876 5559 ἐξελέξατο
942 5492 972 5549 6
1041 5490 1211 5565 Θεὸς,
1294 5488 1384 5550 ἵνα
1445 5490 1778 5573 καταισχύνῃ
1852 5490 1922 5550 τὰ

2109 5317 2275 5389 129
2294 5319 2476 5375 Vnus.
2498 5322 2589 5373 27.
2617 5340 2642 5366 α
2672 5315 2779 5374 Sed
2807 5331 2932 5390 qua:
2953 5315 3123 5373 stulta
3151 5323 3282 5372 sunt
3314 5315 3507 5373 mundi
3528 5315 3637 5372 ele-

2031 5407 2114 5481 git
2138 5410 2318 5478 Deus,
2349 5416 2412 5465 ut
2440 5405 2755 5481 pudefaciat
2773 5407 3048 5481 sapientes
3077 5426 3089 5464 :
3117 5414 3172 5463 et
3200 5403 3424 5463 inﬁrma
3444 5404 3639 5463 mundi

2031 5496 2194 5571 elegit
2242 5499 2431 5567 Deus,
2486 5504 2549 5554 ut
2594 5493 2910 5570 pudefaciat
2966 5495 3147 5555 fortia.
3211 5519 3238 5548 ιι
3291 5495 3445 5554 istud
3486 5496 3637 5554 enim

1724 5658 1916 5720 Variae
1960 5660 2263 5721 lectiones.

390 5748 433 5785 ¹⁹
460 5747 661 5818 ἰδιώτης
690 5763 768 5806 m.
845 5748 888 5785 ³ο
914 5749 1196 5824 διδάγματα
1222 5766 1273 5807 ο.
