4090 6420
480 460 581 514 583

1504 447 2018 506 THEOPHYLAC’I‘I
2060 446 2424 504 BULGARIIE
2461 448 2778 507 ARCHIEP.

3684 457 3787 512 584

477 582 705 641 Graecos
744 578 985 636 maxime
1028 577 1216 651 pudet,
1251 592 1380 634 cum
1426 576 1486 633 in
1518 575 1637 632 foro
1684 574 1902 631 videant
1951 589 2069 630 me-

2181 576 2394 657 ἰσχυρά.
2443 599 2471 636 υ
2531 578 2704 638 Τοῦτο
2765 576 2868 658 γάρ
2924 579 3036 639 ἔστι
3098 577 3325 655 μεγίστη
3386 580 3619 661 αἰσχύνη
3678 584 3783 641 τῶν

477 671 772 729 chanicum
802 683 932 727 vera
961 667 1225 742 sapientia
1263 668 1412 741 ipsos
1464 665 1758 735 excedere,
1797 680 1861 721 ac
1892 663 2073 720 imbe-

473 758 653 817 cillem
692 757 941 832 adeoque
972 756 1447 831 contemptibilem
1482 755 1675 828 opibus
1706 762 1764 812 et
1800 760 2075 827 potestate

465 849 793 920 conspicuos
842 848 1148 905 humiliare.

538 1026 722 1083 Vnns.
770 1031 857 1081 28.
913 1046 939 1073 α
990 1026 1058 1080 Et
1100 1021 1360 1095 ignobilia
1405 1020 1597 1079 mundi
1652 1027 1707 1076 et
1750 1028 2074 1093 contempta

469 1116 627 1189 elegit
667 1119 837 1183 Deus,
870 1121 927 1172 et
960 1129 1022 1170 ea
1064 1128 1192 1187 quae
1241 1127 1358 1169 non
1385 1119 1535 1181 sunt,
1580 1119 1644 1167 ut
1683 1126 1746 1167 ea
1791 1126 1916 1183 qua
1946 1120 2075 1169 sunt

466 1204 699 1264 aboleat.
738 1225 769 1261 ν
814 1206 921 1276 Qui
977 1205 1113 1262 nihil
1164 1219 1284 1262 esse
1310 1210 1656 1276 repetantur,
1702 1218 1765 1260 ea
1797 1218 1922 1275 quae
1957 1220 2072 1260 non

465 1304 595 1353 sunt
620 1296 897 1362 nominat,
927 1296 1021 1368 qui
1070 1302 1255 1352 autem
1296 1292 1499 1367 aliquid
1536 1308 1655 1351 esse
1685 1292 1962 1363 videntur,
2005 1309 2071 1351 ea

462 1400 587 1459 quae
624 1394 771 1443 sunt.
802 1387 881 1443 Ut
918 1386 1083 1459 igitur
1119 1384 1223 1442 hos
1270 1386 1481 1442 otiosos
1525 1393 1582 1441 et
1622 1383 1850 1441 inutiles
1890 1390 2072 1441 osten-

462 1474 582 1545 dat,
610 1474 735 1532 ideo
781 1490 878 1532 eos
922 1476 1019 1549 qui
1063 1476 1194 1532 nihil
1247 1482 1407 1545 sunt,
1458 1474 1643 1547 elegit.
1700 1474 1895 1542 Porro,
1939 1489 2070 1530 cum

465 1565 643 1636 audis,
690 1589 717 1615 ι
751 1566 949 1640 Elegit,
1004 1589 1032 1617 ι
1078 1581 1195 1622 non
1234 1566 1313 1622 sic
1340 1564 1628 1638 intelligas,
1682 1564 1845 1638 quasi
1886 1579 2069 1636 operae

465 1656 701 1729 pretium
728 1655 971 1724 duxerit,
993 1664 1088 1713 aut
1106 1655 1459 1714 contenderit
1484 1663 1837 1727 contemptos
1867 1654 2070 1726 eligere

463 1761 527 1804 ac
562 1747 803 1805 celebres
849 1746 1119 1820 depellere
1163 1765 1176 1804 :
1226 1762 1419 1804 verum
1449 1746 1598 1821 quia,
1646 1762 1773 1802 cum
1824 1744 2069 1801 celebres

460 1845 517 1894 et
557 1837 798 1911 insignes
854 1838 953 1894 viri
1010 1838 1230 1911 propria
1272 1836 1547 1911 sapientia
1594 1836 2061 1905 intumescerent,

460 1925 691 2001 ideoque
767 1927 1056 2002 Evangelii
1122 1928 1351 1986 verbum
1409 1943 1526 1985 non
1577 1925 1938 1999 susciperent,
1996 1923 2067 1981 ad

462 2017 629 2091 hujus
682 2019 1087 2092 susceptionem
1148 2020 1270 2076 Deo
1323 2017 1502 2091 magis
1554 2015 1736 2075 idonei
1788 2015 1896 2073 visi
1942 2022 2070 2071 sunt

462 2108 501 2163 ii
526 2107 618 2181 qui
647 2108 717 2165 ab
755 2109 1067 2181 arrogantia
1096 2108 1254 2165 alieni
1284 2116 1459 2165 erant.

531 2201 715 2257 Vnus.
748 2205 838 2256 29.
866 2221 892 2249 ι
936 2201 1018 2257 Ut
1044 2215 1161 2256 non
1188 2199 1451 2273 glorietur
1479 2197 1665 2255 omnis
1710 2212 1838 2254 caro
1880 2210 2068 2253 coram

465 2290 607 2347 Deo.
641 2313 668 2340 ι
719 2291 1036 2363 Propterea,
1079 2289 1278 2363 inquit,
1308 2289 1427 2346 haec
1473 2291 1625 2345 Deus
1681 2286 1832 2358 fecit,
1866 2294 1929 2344 ut
1968 2285 2068 2342 de-

466 2379 728 2452 primeret
779 2380 981 2438 fastum
1023 2388 1078 2437 et
1127 2379 1502 2454 arrogantiam
1544 2392 1738 2435 eorum
1775 2378 1869 2451 qui
1905 2392 2069 2433 mun-

465 2469 607 2527 dana
653 2471 905 2545 sapiunt,
958 2470 1387 2544 persuadeatque
1453 2469 1641 2526 omnia
1686 2466 1794 2526 sibi
1842 2474 2067 2540 accepta

462 2560 765 2633 referenda,
794 2578 897 2619 nec
951 2577 1140 2618 coram
1187 2562 1307 2634 ipso
1359 2559 1726 2634 gloriandum.
1772 2556 2068 2633 Quomodo

467 2651 638 2725 igitur
683 2668 801 2723 vos,
859 2669 894 2709 o
930 2652 1227 2720 Corinthii,
1255 2650 1326 2709 ob
1382 2666 1506 2707 eam
1559 2665 1680 2707 rem
1730 2647 2068 2706 efferimini?

461 2743 707 2799 Observa
743 2751 931 2801 autem
971 2742 1120 2817 quod
1159 2741 1309 2799 haud
1348 2750 1560 2799 temere
1604 2740 1862 2809 diximus,
1917 2737 2070 2812 quod

464 2831 503 2887 ii
554 2832 649 2906 qui
705 2832 888 2907 rejecti
934 2841 1084 2903 sunt,
1138 2840 1362 2906 propter
1415 2830 1793 2904 arrogantiam
1854 2828 2071 2901 indigni

464 2920 595 2978 facti
632 2932 761 2979 sunt
787 2923 1173 2996 praedicatione
1200 2921 1507 2994 Evangelii.

546 3021 727 3077 Vnus.
773 3018 862 3072 30.
911 3036 937 3063 α
972 3016 1053 3070 Ex
1093 3013 1211 3086 ipso
1244 3020 1431 3069 autem
1468 3026 1565 3068 vos
1592 3010 1724 3067 estis
1756 3010 1814 3065 in
1852 3008 2072 3067 Christo

466 3113 618 3168 Iesu.
652 3132 679 3158 ιο
710 3105 878 3178 Quod
914 3105 1009 3174 ait,
1044 3127 1069 3156 ιι
1106 3105 1189 3159 Ex
1218 3103 1339 3175 ipso
1372 3125 1396 3151 ι
1427 3117 1543 3159 non
1592 3100 1664 3158 de
1712 3099 2073 3173 productione

2186 664 2500 741 Ἐλλήνων,
2536 667 2661 726 ὅταν
2706 667 2860 727 ἴδωσι
2910 666 3000 727 τὸν
3055 670 3143 727 ἐπὶ
3188 673 3282 741 τῆς
3312 672 3507 751 ἀγορᾶς
3537 671 3782 752 χειροτέ-

2185 779 2321 836 χνην
2364 756 2496 835 ὑπὲρ
2527 756 2717 824 αὐτοὺς
2762 759 3178 840 φιλοσοφοῦντα,
3221 760 3313 819 καὶ
3345 758 3435 820 τὸν
3467 762 3661 833 ἀσθενῆ
3694 760 3787 821 xui

2186 848 2647 929 εὐκαταφρόνητον
2690 846 2811 915 τοὺς
2851 849 2905 907 ἐν
2953 848 3237 931 δυναστείᾳ
3288 848 3381 909 xui
3428 850 3645 932 πλούτῳ
3677 873 3782 910 τα-

2187 960 2489 998 πεινουντα.

2274 1049 2304 1086 a
2348 1028 2456 1089 Kui
2494 1026 2560 1087 τὸι
2591 1028 2753 1105 ἀγενῆ
2790 1030 2882 1087 τοῦ
2911 1025 3115 1105 κόσμου
3158 1026 3249 1089 xui
3288 1027 3356 1090 τὰ
3400 1026 3783 1109 ἐξουθενημένα

2186 1114 2454 1187 ἐξελέξατο
2480 1123 2510 1178 ὃ
2543 1116 2716 1190 Θεὸς,
2743 1116 2833 1175 καὶ
2863 1117 2930 1176 τὰ
2965 1116 3041 1193 μὴ
3072 1116 3200 1177 ὄντα
3219 1164 3236 1192 ,
3267 1115 3356 1179 ἵνα
3381 1118 3449 1177 τὰ
3484 1118 3614 1179 ὄντα
3652 1144 3782 1180 κατ·

2183 1206 2415 1287 αργήσῃ.
2468 1229 2499 1266 ι)
2547 1205 2687 1275 Τοὺς
2721 1206 2887 1285 μηδὲν
2943 1196 3080 1269 εἶναι
3115 1208 3523 1289 λογιζομένους,
3560 1210 3783 1279 τούτους

2184 1295 2260 1373 μὴ
2295 1296 2419 1355 ὄντα
2450 1297 2695 1375 ὀνομάζει
2728 1322 2741 1334 ·
2781 1294 2909 1355 ὄντα
2945 1298 3031 1371 δὲ,
3061 1287 3199 1367 τοὺς.
3226 1287 3363 1357 εἷναί
3392 1323 3443 1359 τι
3470 1300 3777 1368 δοκοῦντας.

2181 1383 2299 1446 Ἵνα
2338 1378 2425 1446 οἷν
2471 1387 2684 1454 τούτους
2715 1385 2908 1467 ἀργοὺς
2960 1387 3052 1446 xui
3107 1388 3354 1469 ἀχρείους
3388 1388 3433 1424 ²¹
3488 1389 3780 1471 ἀποδείξῃ,

2182 1474 2367 1537 τούτου
2411 1478 2563 1536 ἕνεκα
2611 1475 2730 1543 τοὺς
2777 1475 2942 1554 μηδὲν
2980 1477 3141 1546 ’ὄντας
3206 1476 3494 1548 ἐξελέξατο.
3551 1478 3783 1539 Ἀκούων

2182 1566 2236 1626 δὲ
2272 1567 2365 1639 τὸ,
2430 1590 2459 1627 (ι
2506 1566 2815 1643 ἐξελέξατο,
2846 1593 2869 1619 η
2916 1566 2991 1646 μὴ
3027 1566 3220 1649 νοήσῃς
3267 1567 3463 1643 οὕτως,
3495 1569 3574 1629 ὅτι
3628 1568 3784 1651 ἔργον

2179 1656 2395 1727 ἐποίησε
2442 1655 2558 1725 τοὺς
2599 1655 2693 1733 μὲν
2751 1654 3223 1735 Ἐξουθενημένους
3282 1658 3502 1733 λαϐεῖν,
3553 1663 3672 1727 τοὺς
3721 1660 3777 1719 δὲ

2179 1747 2410 1817 ἐνδόξους
2444 1746 2763 1807 ἀπώσασθαι
2789 1767 2802 1782 ⁸
2857 1748 2976 1805 ἀλλ’
3033 1746 3112 1807 ὅτι
3165 1752 3270 1808 τῶν
3302 1748 3527 1818 ἐνδόξων
3574 1752 3777 1820 ἀλαζο-

2179 1837 2469 1917 νευομένων
2515 1837 2602 1897 ἐπὶ
2754 1834 2921 1917 οἰκείᾳ
2974 1837 3171 1920 σοφίᾳ,
3220 1840 3311 1898 καὶ
3351 1839 3439 1898 διὰ
3487 1843 3648 1899 τοῦτο
3698 1838 3776 1917 μὴ

2179 1926 2626 2010 παραδεχομένων
2684 1926 2743 1985 τὸ
2787 1924 3071 2007 κήρυγμα,
3111 1930 3159 1987 οῖ
3208 1928 3285 2006 μὴ
3342 1928 3594 1999 ἀλαζόνες
3642 1930 3777 2012 πρὸς

2175 2017 2275 2090 τὴν
2342 2018 2529 2078 τούτου
2589 2015 2904 2097 παραδοχὴν
2959 2017 3368 2102 ἐπιτηδειότεροι
3440 2017 3622 2088 ἔδοξαν
3699 2022 3777 2101 τῷ

2178 2111 2325 2171 Θεῶ.

2267 2221 2297 2258 α
2325 2198 2519 2266 "Omne
2559 2196 2635 2276 μὴ
2667 2194 3011 2278 καυχήσηται
3052 2206 3202 2257 πᾶσα
3246 2197 3377 2281 σὰρξ
3424 2197 3646 2260 ἐνώπιον
3681 2204 3780 2259 τοῦ

2177 2291 2338 2352 Θεοῦ.
2367 2316 2391 2341 ιι
2411 2287 2508 2349 Διὸ
2538 2292 2727 2365 τοῦτο,
2754 2287 2916 2368 φησὶ,
2947 2291 3116 2347 ταῦτα
3147 2287 3200 2327 ²²
3220 2287 3512 2363 πεποίηκεν
3542 2292 3570 2348 ὁ
3601 2288 3740 2357 Θεὸς
3758 2334 3775 2363 ,

2174 2379 2262 2439 ἵνα
2309 2378 2635 2458 καταστείλῃ
2684 2376 2773 2435 τὸν
2823 2380 2984 2458 τῦφον
3034 2377 3126 2438 καὶ
3176 2378 3274 2453 τὴν
3309 2379 3625 2449 ἀλαζονείαν
3673 2383 3779 2437 τῶν

2174 2470 2243 2530 τὰ
2272 2475 2364 2531 τοῦ
2414 2469 2616 2547 κόσμου
2649 2465 3007 2548 φρονούντων,
3050 2467 3143 2527 xui
3190 2468 3351 2551 πείσῃ
3395 2470 3570 2530 πάντα
3632 2471 3783 2551 αὐτῷ

2177 2560 2511 2633 ἀνατιθέναι,
2543 2558 2634 2619 xui
2689 2556 2764 2634 μὴ
2819 2562 3127 2637 καυχᾶσθαι
3157 2558 3380 2619 ἐνώπιον
3414 2562 3600 2621 αὐτοῦ.
3651 2562 3781 2628 Πῶς

2176 2646 2262 2711 οὖν
2295 2655 2472 2729 ὑμεῖς,
2511 2638 2556 2708 ὦ
2597 2646 2898 2727 Κορίνθιοι,
2932 2647 3021 2707 ἐπὶ
3061 2647 3232 2731 τούτῳ
3279 2650 3557 2729 ὶπαίρεσθε
3578 2670 3595 2725 ;
3628 2645 3780 2730 Ὅρα

2177 2740 2260 2814 δὲ,
2316 2740 2394 2800 ὅτι
2446 2742 2540 2799 οὐκ
2594 2734 2889 2803 ἀπεικότως
2950 2740 3078 2813 ἡμῖν
3121 2737 3363 2820 εἴρηται,
3422 2744 3492 2807 ὡς
3545 2738 3635 2799 διὰ
3686 2738 3784 2810 τὴν

2179 2830 2488 2900 ἀλαζονείαν
2573 2825 2773 2897 ἀνάξιοι
2840 2823 3081 2907 ἐγένοντο
3138 2836 3231 2889 τοῦ
3316 2828 3659 2911 κηρύγματος
3731 2831 3782 2889 οἱ

2180 2919 2535 2987 ἀπωσθέντες.

2269 3033 2301 3070 α
2335 3008 2431 3078 Ἐξ
2464 3011 2628 3068 αὐτοῦ
2677 3009 2733 3069 δὲ
2779 3014 2930 3089 ὑμεῖς
2977 3012 3097 3071 ἐστε
3142 3010 3195 3067 ἐν
3226 3006 3445 3091 Χριστῷ
3467 3008 3706 3091 ῌἸησοῦ.
3742 3029 3773 3067 ›)

2181 3100 2267 3161 Τὸ
2292 3146 2309 3174 ,
2349 3122 2379 3159 ί(
2407 3098 2503 3167 Ἐξ
2548 3100 2744 3173 αὐτοῦ,
2780 3127 2804 3154 ι
2848 3100 2923 3178 μὴ
2967 3099 3090 3180 περὶ
3130 3102 3227 3169 τῆς
3251 3089 3325 3167 εἰς
3351 3089 3580 3158 τὸεῖναι
3604 3121 3783 3180 παραέ

466 3200 537 3259 ad
565 3214 704 3269 esse,
754 3196 852 3255 sed
883 3194 956 3253 ad
1001 3195 1139 3251 bene
1176 3210 1298 3251 esse
1322 3191 1532 3250 dictum
1580 3190 1830 3264 accipies.
1872 3192 2070 3259 Porro,

2181 3196 2354 3273 γωγῆς
2405 3188 2601 3269 νοήσῃς
2648 3189 2926 3270 λέγεσθαι,
2980 3178 3121 3248 ἀλλὰ
3172 3190 3292 3270 περὶ
3341 3194 3435 3258 τῆς
3484 3191 3558 3257 εἰς
3605 3188 3667 3248 τὸ
3694 3178 3776 3247 εὖ

469 3289 622 3365 quod
668 3289 745 3345 ait
784 3296 869 3344 est
894 3284 1212 3360 hujusmodi
1243 3302 1257 3341 :
1304 3282 1422 3341 Filii
1450 3282 1549 3338 Dei
1574 3279 1707 3339 facti
1738 3281 1891 3349 estis,
1928 3288 1983 3337 et
2006 3296 2071 3337 ex

468 3383 589 3454 ipso
609 3380 762 3449 estis,
778 3377 875 3434 ﬁlii
894 3377 1014 3450 ejus
1032 3375 1155 3433 facti
1176 3375 1233 3431 in
1254 3373 1494 3443 Christo,
1516 3389 1639 3445 pro,
1654 3388 1751 3446 per
1768 3371 2067 3429 Christum.

471 3471 749 3543 Quoniam
816 3476 1003 3525 autem
1051 3465 1264 3524 dixerat
1326 3463 1476 3539 quod
1528 3461 1791 3536 ignobilia
1851 3461 2073 3534 elegerit

470 3566 644 3632 Deus,
676 3559 914 3617 ostendit
957 3557 1106 3631 quod
1135 3556 1388 3613 omnium
1416 3563 1549 3611 sunt
1576 3552 1927 3620 nobilissimi,
1971 3551 2067 3624 qui

470 3658 652 3711 Deum
678 3650 825 3708 nacti
846 3656 978 3707 sunt
1004 3649 1059 3705 in
1104 3648 1344 3704 Patrem.

541 3767 569 3793 σι
616 3745 721 3815 Qui
752 3742 929 3799 factus
956 3747 1039 3797 est
1095 3738 1258 3796 nobis
1300 3734 1567 3811 sapientia
1613 3750 1645 3791 a
1672 3736 1818 3802 Deo,
1852 3730 2068 3806 justitia

467 3842 523 3891 et
547 3831 910 3891 sanctiﬁcatio
947 3837 1004 3888 et
1048 3827 1376 3901 redemptio.
1425 3850 1451 3876 ι)
1502 3827 1627 3882 Ηοο
1656 3831 1761 3890 est,
1794 3822 2069 3894 sapientes

469 3940 572 3981 nos
596 3924 848 3997 etjustos
894 3928 951 3978 et
999 3928 1217 3977 sanctos
1259 3927 1316 3974 et
1341 3916 1542 3973 liberos
1579 3914 1730 3972 fecit.
1759 3915 1881 3971 Hoc
1917 3912 2069 3969 enim

468 4024 555 4073 est
600 4012 940 4085 redemptio,
1014 4024 1215 4081 nempe
1270 4006 1547 4065 revocatio
1617 4020 1683 4061 ex
1742 4002 2063 4075 captivitate.

469 4101 960 4177 Quemadmodum
1010 4108 1199 4156 autem
1241 4097 1508 4171 ignobiles
1567 4094 1796 4167 eligens,
1855 4091 2071 4148 nobiles

470 4202 527 4250 et
573 4193 753 4249 claros
803 4190 953 4260 fecit,
1006 4188 1152 4245 ﬁlios
1198 4187 1305 4244 Dei
1343 4186 1690 4243 constituens
1749 4203 1763 4239 :
1810 4182 1959 4239 hunc
2002 4180 2072 4237 ad

469 4283 705 4341 modum
730 4282 927 4339 stultos
953 4279 1229 4353 sapientes
1269 4276 1529 4345 reddidit,
1571 4274 1743 4332 factus
1780 4272 1945 4330 nobis
1985 4287 2071 4328 sa-

470 4373 692 4447 pientia.
717 4376 898 4445 Quare
924 4372 1092 4444 igitur
1117 4385 1229 4427 non
1260 4368 1401 4425 dixit
1429 4390 1442 4425 :
1476 4366 1764 4440 Sapientes
1788 4379 1892 4420 nos
1918 4361 2071 4429 fecit,

469 4464 567 4522 sed
595 4483 608 4520 :
642 4488 667 4513 ιι
702 4465 907 4520 Factus
936 4470 1017 4518 est
1060 4460 1217 4517 nobis
1246 4457 1561 4532 sapientia?
1606 4480 1630 4505 ι»
1661 4455 1811 4512 1)ουὶ
1852 4453 2073 4525 largita-

2181 3273 2315 3342 εἶναι
2339 3306 2351 3319 ·
2379 3279 2407 3339 ὃ
2442 3281 2495 3340 δὲ
2518 3278 2660 3358 λέγει
2690 3280 2925 3341 τοιοῦτόν
2950 3284 3081 3341 ἐστι’
3109 3277 3290 3339 Τέκνα
3324 3280 3469 3339 Θεοῦ
3501 3277 3740 3357 ἐγένεσθε
3759 3322 3777 3351 ,

2182 3373 2274 3433 καὶ
2313 3370 2365 3440 ἐξ
2404 3372 2563 3429 αὐτοῦ
2598 3371 2746 3443 ἐστε,
2778 3371 2879 3431 υἱοὶ
2912 3373 3075 3429 αὐτοῦ
3122 3371 3395 3449 γενόμενοι
3442 3369 3496 3427 ἐν
3526 3369 3787 3449 Χριστῷ,

2184 3462 2298 3522 ἀντὶ
2330 3467 2420 3521 τοῦ
2441 3507 2456 3531 ,
2482 3458 2569 3519 διὰ
2598 3460 2851 3540 Χριστοῦ.
2874 3459 3036 3521 Ἐπεὶ
3067 3458 3120 3518 δὲ
3142 3446 3287 3518 εἶπεν
3306 3502 3323 3529 ,
3348 3456 3429 3517 ὅτι
3459 3486 3478 3511 ι
3504 3446 3598 3519 Tu
3617 3446 3784 3537 ἀγενῆ

2185 3550 2484 3625 ἐξελᾶατο,
2512 3576 2537 3602 ιν
2572 3549 2834 3610 δείκνυσιν
2872 3549 2954 3609 ὅτι
2983 3548 3197 3610 πάντων
3231 3548 3361 3609 εἰσὶν
3388 3547 3739 3628 εὐγενέστεροι
3760 3590 3782 3622 ,

2183 3645 2232 3703 οἱ
2262 3638 2482 3722 Πατέρα
2514 3640 2653 3700 Θεὸν
2692 3639 3109 3713 πλουτήσαντες.

2269 3756 2297 3790 α
2329 3730 2433 3799 Ὃς
2463 3729 2684 3808 ἐγενήθη
2730 3734 2860 3807 ἡμῖν
2906 3729 3065 3811 σοφία
3115 3727 3222 3789 ἀπὸ
3253 3729 3394 3788 Θεοῦ
3417 3774 3433 3804 ,
3465 3724 3782 3798 δικαιοσύνη

2183 3847 2240 3883 τε
2263 3823 2355 3882 xui
2387 3819 2647 3900 ἁγιασμὸς
2668 3864 2686 3894 ,
2714 3820 2806 3879 xui
2838 3820 3225 3898 ἀπολύτρωσις.
3263 3845 3285 3871 ι
3317 3816 3612 3891 Τουτέστι,
3662 3818 3785 3877 Σο-

2184 3912 2310 3994 φοῖθς
2340 3916 2522 3989 ἡμᾶς,
2568 3909 2660 3968 καὶ
2705 3909 2978 3982 δικαίους,
3019 3908 3110 3969 xui
3159 3907 3372 3987 ἁγίους,
3422 3906 3514 3965 xui
3563 3906 3785 3967 ἐλευθέ-

2185 4026 2304 4084 ρους
2352 3999 2661 4080 εἰργάσατο.
2712 4001 2886 4060 Τοῦτο
2927 3997 3029 4079 γὰρ
3062 4003 3094 4069 ἡ
3145 3996 3511 4084 ἀπολύτρωσις
3535 4043 3561 4084 ,ᾇ
3603 4000 3637 4067 ἡ
3671 3995 3780 4053 ἀπὸ

2182 4082 2276 4166 τῆς
2312 4090 2688 4172 αἰχμαλωσίας
2719 4088 3105 4161 ἐπανάκλησις.
3150 4083 3374 4166 Ὥσπερ
3406 4086 3461 4144 δὲ
3494 4082 3611 4150 τοὺς
3643 4086 3775 4161 ἀγε-

2180 4191 2284 4249 νεῖς
2315 4178 2656 4257 ἐκλεξάμενος
2682 4225 2698 4258 ,
2747 4181 2975 4258 εὐγενεῖς
3004 4174 3253 4249 ἐποίησεν
3276 4219 3294 4253 ,
3328 4173 3468 4240 υἱοὺς
3508 4174 3649 4233 Θεοῦ
3680 4176 3775 4233 αὖ-

2183 4272 2300 4338 τοὺς
2329 4270 2541 4348 θέμενος
2563 4294 2575 4307 ·
2619 4269 2760 4329 οὕτω
2791 4267 2882 4328 καὶ
2912 4265 3032 4335 τοὺς
3065 4264 3271 4348 μωροὺς
3310 4262 3500 4346 σοφοὺς
3532 4260 3781 4337 ἐποίησε,

2183 4343 2415 4439 γενηθεὶς
2444 4363 2571 4437 ἡμῖν
2601 4358 2782 4440 σοφία.
2820 4360 2945 4424 Πῶς
2969 4348 3056 4416 οὖν
3098 4343 3194 4415 οὐκ
3223 4343 3409 4428 εἶπεν,
3442 4353 3524 4415 ὅτι
3555 4351 3785 4434 Ἐσόιρι-

2183 4475 2273 4511 σεν
2304 4455 2483 4528 ἡμᾶς,
2528 4448 2670 4527 ἀλλ’,
2713 4471 2742 4508 (ι
2790 4446 3055 4526 Ἐγενήθη
3091 4449 3222 4522 ἡμῖν
3256 4445 3450 4525 σοφία;
3494 4465 3524 4501 ι)
3560 4442 3639 4503 Τὸ
3675 4442 3781 4500 δα-

468 4562 583 4611 tem
612 4553 819 4611 scilicet
847 4549 1166 4619 ostendens,
1214 4531 1438 4623 perinde
1461 4564 1525 4605 ac
1553 4546 1597 4603 si
1628 4546 1794 4614 dicat,
1818 4543 2069 4616 Seipsum

2186 4545 2334 4624 ψιλὲς
2368 4541 2759 4617 ἐνδεικνύμενος
2805 4542 2899 4609 τῆς
2943 4538 3172 4617 δωρεᾶς,
3217 4534 3415 4594 ὡσανεὶ
3452 4531 3782 4624 ξλεγεν,8τι

468 4644 632 4702 nobis
679 4642 923 4701 tradidit.
991 4643 1132 4698 Cum
1202 4649 1390 4696 autem
1449 4636 1743 4711 magniﬁca
1806 4634 1876 4691 de
1930 4632 2075 4691 Filio

469 4734 719 4802 dixisset,
745 4732 995 4806 apponit,
1028 4754 1055 4782 ι
1112 4736 1158 4789 Α
1187 4731 1321 4799 Deo,
1355 4752 1382 4779 ι
1422 4743 1491 4785 ne
1542 4727 1850 4799 ingenitum
1891 4726 2073 4799 ipsum

469 4826 695 4898 cogites,
737 4822 836 4880 sed
879 4821 951 4879 ad
983 4837 1209 4878 causam
1259 4835 1530 4889 recurras,
1578 4834 1777 4892 nempe
1824 4820 2068 4876 Patrem.

470 4914 870 4970 Animadverte
907 4920 1091 4969 autem
1151 4909 1423 4967 ordinem.
1485 4908 1735 4965 Primum
1794 4909 2075 4981 sapientes

469 5003 620 5073 fecit,
658 5002 892 5060 liberans
933 5017 1029 5059 eos
1069 5000 1137 5056 ab
1184 5016 1388 5067 errore,
1433 4998 1644 5072 Deique
1694 4999 2073 5071 cognitionem

469 5096 675 5155 docens
703 5114 716 5151 :
739 5093 937 5151 deinde
956 5093 1159 5166 justos,
1186 5099 1535 5164 peccatorum
1554 5088 1878 5145 dimissione
1909 5090 2074 5161 130

469 5184 598 5244 data
652 5204 666 5240 :
734 5192 859 5258 post
905 5182 1270 5240 sanctiﬁcavit
1321 5197 1416 5254 per
1445 5179 1709 5252 Spiritum
1750 5187 2003 5235 sanctum
2056 5196 2069 5235 :

471 5284 636 5350 atque
662 5276 734 5333 ita
774 5272 1072 5348 perfectam
1102 5270 1483 5329 liberationem
1516 5269 1585 5326 ab
1627 5269 1888 5326 omnibus
1915 5268 2074 5326 malis

470 5367 628 5423 nobis
647 5365 895 5437 impertit
932 5371 990 5421 et
1018 5362 1290 5432 liberavit,
1320 5369 1383 5418 ut
1406 5360 1579 5433 ipsius
1628 5368 1847 5416 tantum
1875 5359 2072 5429 simus,

471 5455 627 5528 eique
656 5454 879 5512 addicti.

543 5548 727 5603 Vnus.
780 5550 869 5601 31.
897 5566 922 5593 σι
950 5545 1033 5601 Ut
1060 5538 1536 5615 quemadmodum
1575 5540 1840 5613 scriptum
1864 5546 1950 5597 est
1992 5540 2019 5575 ι’
2056 5555 2070 5595 :

547 5628 575 5671 ά
613 5641 819 5695 Jerem.
854 5653 943 5705 1x,
975 5642 1064 5693 33.

2187 4621 2415 4693 Ἑαυτὸν
2446 4634 2573 4707 ἡμῖν
2601 4630 2787 4689 ἔδωκε.
2827 4626 3054 4707 Μεγάλα
3085 4624 3138 4684 δὲ
3164 4625 3328 4683 εἰπὼν
3359 4621 3482 4705 περὶ
3506 4627 3600 4683 τοῦ
3632 4623 3784 4694 Υίοῦ,

2187 4721 2499 4803 προστίθησι
2522 4719 2621 4795 τὸ,
2659 4742 2689 4774 α
2723 4716 2850 4777 Ἀπὸ
2881 4721 2975 4776 τοῦ
3006 4718 3181 4789 Θεοῦ,
3218 4741 3243 4767 ν
3268 4712 3357 4772 ἵνα
3388 4713 3465 4790 μὴ
3494 4713 3781 4790 ἀγέννητον

2184 4798 2339 4872 αύτὸν
2372 4807 2681 4889 ὑπολάϐῃς,
2707 4810 2826 4867 ἀλλ’
2859 4806 2946 4866 ἐπὶ
2971 4805 3067 4879 τὴν
3105 4804 3278 4863 αἰτίαν
3312 4800 3657 4883 ἀναδράμῃς,
3691 4798 3784 4858 τὸν

2184 4899 2430 4980 Πατέρα.
2460 4899 2607 4979 Ὅρα
2641 4898 2695 4957 δὲ
2725 4897 2874 4966 τάξιν
2902 4895 2954 4934 2³
2986 4919 3001 4933 ”
3039 4896 3250 4974 πρῶτον
3287 4890 3480 4969 σοφοὺς
3503 4890 3778 4980 ἐποίησεν,

2184 4978 2493 5059 ἀπαλλάξας
2546 4978 2654 5061 τῆς
2701 4988 2943 5059 πλάνης,
3004 4984 3097 5044 xui
3148 4980 3466 5063 θεογνωσίαν
3523 4978 3781 5048 διδάξας·

2182 5083 2274 5141 xui
2305 5080 2423 5141 τότε
2453 5079 2713 5152 δικαίους,
2769 5080 2875 5137 τῶν
2919 5074 3198 5155 ἁμαρτιῶν
3241 5074 3339 5145 τὴν
3380 5070 3566 5152 ἄφεσιν
3600 5072 3777 5147 δωρη-

2183 5173 2410 5249 σάμενος
2436 5194 2450 5207 ο
2494 5160 2608 5228 εἶτα
2648 5168 2741 5228 xui
2772 5165 3001 5247 ἁγιάσας
3047 5163 3135 5223 διὰ
3179 5168 3270 5223 τοῦ
3318 5162 3470 5240 ἁγίου
3518 5159 3783 5238 Πνεύμα-

2181 5286 2269 5331 τος
2300 5284 2313 5299 ⁸
2344 5260 2437 5320 xui
2468 5259 2607 5320 οὕτω
2643 5257 2851 5319 τελείαν
2898 5255 3221 5333 ἀπαλλαγὴν
3257 5252 3473 5312 πάντων
3519 5254 3623 5309 τῶν
3670 5272 3774 5307 xu-

2181 5356 2289 5413 κῶν
2318 5350 2677 5432 χαρισάμενος
2704 5348 2796 5408 xui
2827 5343 3182 5425 ἐλευθερώσας
3203 5390 3217 5417 ,
3255 5339 3395 5401 ὥστε
3420 5341 3580 5400 αὐτοῦ
3615 5336 3782 5418 μόνου

2182 5432 2317 5502 εἶναι
2346 5446 2490 5517 ἡμᾶς
2508 5484 2522 5512 ,
2553 5439 2645 5499 xui
2677 5439 2820 5519 αὐτῷ
2847 5438 3186 5495 ἀνακεῖσθαι.

2273 5516 2449 5591 «Ἵνα
2479 5528 2651 5597 καθὼς
2689 5516 2989 5610 γέγραπται
3018 5549 3032 5563 ·
3076 5523 3146 5585 Ὀ
3188 5521 3579 5605 καυχώμενος,
3618 5518 3671 5577 ἐν
3702 5516 3780 5599 τῷ

1873 5708 2069 5769 Variae
2098 5707 2398 5767 lectiones.

545 5800 586 5836 ²¹
612 5799 894 5873 ἀχρήστους
919 5814 970 5856 0.
1048 5797 1093 5831 ²²
1122 5800 1277 5852 ταῦτα
1304 5795 1468 5852 πάντα
1496 5810 1575 5852 m.
1653 5794 1700 5829 ’³
1728 5793 1780 5849 δὲ
1807 5793 1897 5863 τὴν
1927 5796 2061 5860 τάξιν
2089 5811 2168 5853 m-
