4090 6448
367 521 479 574 585

1304 517 1659 576 EXPOSITIO
1698 521 1766 576 IN
1805 522 2022 578 EPIST.
2063 524 2155 579 AD
2196 523 2352 582 COR.
2395 555 2464 566 ———
2505 526 2653 582 CAP.
2702 530 2762 584 ll.

3580 539 3684 594 586

369 643 561 725 Κυρίῳ
603 642 918 724 καυχάσθω.
952 643 1210 730 »ΑΠοίντα
1257 651 1465 725 ταῦτα,
1515 648 1674 730 φησὶ,
1719 649 1929 729 γέγονεν
1953 695 1968 725 ,

2083 651 2191 722 Qui
2229 652 2512 721 gloriatur,
2542 653 2598 710 in
2628 653 2870 712 Domino
2912 655 3198 727 glorietur.
3233 680 3259 708 ι
3299 661 3501 717 Omnia
3539 660 3684 729 haec,

362 733 455 792 ἵνα
503 734 689 812 μηδεὶς
740 733 925 794 ἑαυτὸν
974 726 1109 794 εἷναί
1150 758 1202 792 τι
1230 734 1452 814 νομίζῃ,
1501 726 1637 815 μηδὲ
1684 726 1765 821 ἐφ’
1796 726 1974 822 ἑαυτῷ

365 834 675 906 καυχᾶται,
710 822 746 897 ἢ
797 827 879 886 ἐπ’
933 824 1080 906 ἄλλῳ
1133 823 1272 898 τινὶ,
1317 826 1453 912 an:
1477 828 1566 886 ἐπὶ
1609 831 1690 910 τῷ
1719 831 1847 912 Θεῷ
1896 834 1972 910 τῷ

367 921 603 977 τοσαῦτα
642 919 775 992 ἡμῖν
803 914 1179 998 χαρισαμένῳ.
1229 917 1356 982 Πῶς
1391 907 1482 976 οὖν
1513 907 1671 995 ὑμεῖς
1689 907 1974 1001 φυσιοῦσθε

367 1007 459 1066 καὶ
494 1006 578 1089 ἐφ’
619 1008 857 1082 ἑαυτοῖς,
890 1005 982 1066 καὶ
1009 1007 1097 1067 ἐπὶ
1122 1003 1414 1084 ἀνθρώποις
1447 1007 1820 1084 διδασκάλοις,

965 1212 1254 1274 ΚΕΦΑΛ.
1308 1212 1394 1276 Β’.

461 1353 491 1390 α
547 1329 712 1410 Κάγὼ
766 1330 929 1390 ἐλθὼν
972 1331 1101 1412 πρὸς
1144 1335 1282 1410 ὑμᾶς
1309 1379 1326 1410 ,
1381 1333 1640 1416 ἀδελφοὶ,
1683 1336 1781 1394 οὐκ
1810 1327 1971 1408 ἦλθον

368 1423 492 1482 καθ’
513 1421 777 1504 ὑπεροχὴν
809 1420 966 1500 λόγου
1075 1421 1126 1456 2‘
1161 1423 1386 1503 σοφίας,
1426 1426 1808 1505 καταγγέλλων
1847 1429 1970 1504 ὑμῖν

366 1510 432 1570 τὸ
463 1511 748 1592 μαρτύριον
782 1517 873 1570 τοῦ
907 1513 1070 1573 Θεοῦ.
1120 1541 1144 1564 ι
1184 1516 1267 1573 Οὐ
1305 1512 1498 1590 μόνον,
1536 1511 1696 1594 φησὶν
1719 1559 1735 1588 ,
1769 1517 1817 1574 οἱ
1864 1539 1968 1592 μα-

368 1601 530 1672 θηταὶ
577 1607 667 1660 τοῦ
716 1602 1043 1680 Εὖαγγελίου
1096 1603 1285 1685 ἄσοφοι
1332 1603 1653 1686 ἐξελέγησαν
1714 1607 1806 1665 καὶ
1848 1607 1971 1665 δυσ-

363 1702 568 1771 γενεῐς,
611 1692 750 1776 ἀλλὰ
796 1693 886 1752 καὶ
919 1691 1023 1772 ἐγὼ
1078 1694 1238 1762 αὐτὸς
1282 1698 1310 1754 6
1362 1694 1524 1776 κήρυξ
1585 1699 1674 1754 τοῦ
1727 1696 1972 1774 Εὐαγγε-

359 1781 480 1840 λίου
537 1784 631 1841 οὐκ
673 1773 834 1854 ἦλθον
882 1781 1059 1861 λόγοις
1108 1787 1631 1863 παρεσκευασμένοις
1673 1785 1778 1862 xui:
1811 1786 1970 1867 σοφίᾳ

361 1873 666 1952 ἀνθρωπίνῃ
699 1872 1075 1952 καταγγέλλων
1109 1875 1234 1950 ὑμῖν
1267 1877 1327 1934 τὸ
1358 1875 1648 1957 μαρτύριον
1678 1882 1770 1935 τοῦ
1801 1881 1966 1953 Θεοῦ,

361 1961 621 2034 τουτέστι,
671 1961 760 2020 τὸν
804 1962 1026 2022 θάνατον
1067 1969 1162 2023 τοῦ
1214 1966 1469 2044 Χριστοῦ,
1519 1964 1669 2047 ’Ὅρα
1719 1957 1808 2025 οὖν
1833 2014 1849 2040 ,
1890 1967 1968 2027 ὅτι
1998 1995 2044 2056 Β

360 2054 455 2110 καὶ
481 2055 508 2110 6
531 2051 695 2132 κήρυξ
737 2050 929 2134 ἄσοφος
964 2053 1054 2113 καὶ
1098 2053 1340 2129 ἰδιώτης,
1378 2054 1471 2116 καὶ
1499 2056 1560 2114 τὸ
1581 2056 1966 2136 κηρυττόμενον

359 2142 586 2209 θάνατος
629 2144 722 2202 καὶ
774 2144 996 2223 σταυρός
1030 2168 1042 2182 ι
1091 2144 1183 2204 καὶ
1233 2141 1376 2221 ὅμως
1419 2144 1650 2218 ἐνίκησε.
1688 2147 1966 2226 Πρόδηλον

359 2231 468 2312 ἄρα
499 2233 579 2292 ὅτι
628 2233 827 2314 ἄφατος
878 2234 1102 2312 δύναμίς
1131 2237 1273 2295 ἐστιν
1293 2284 1307 2310 ,
1360 2241 1392 2308 ἡ
1421 2242 1591 2294 ταῦτα
1626 2236 1792 2304 οὕτως
1821 2237 1964 2318 ἔχειν

357 2328 611 2385 ποιοῦσα.
655 2323 725 2384 Τί
777 2325 832 2383 δέ
848 2349 864 2399 ;
909 2328 954 2384 εἰ
994 2326 1085 2384 καὶ
1136 2324 1398 2398 ἠϐούλετο
1445 2330 1688 2399 Παῦλος,
1738 2327 1966 2400 ἠδύνατο

358 2416 532 2478 ἐλθεῖν
563 2415 614 2473 ἐν
669 2413 859 2497 σοφίᾳ;
907 2415 1079 2483 Αὐτὸς
1131 2417 1228 2494 μὲν
1283 2417 1380 2476 οὐκ
1422 2416 1654 2489 ἠδύνατο
1685 2441 1699 2454 ·
1750 2417 1966 2492 ἰδιώτης

359 2504 470 2584 γὰρ
504 2505 714 2575 ἀληθῶς
757 2497 819 2576 ἦν
842 2529 855 2542 ·
902 2509 929 2564 6
958 2504 1010 2564 δὲ
1052 2505 1281 2585 Χριστὸς
1311 2505 1573 2580 ἠδύνατο,
1611 2509 1639 2566 6
1671 2507 1834 2585 μείζω
1862 2531 1964 2588 χαι

364 2593 646 2672 ρισοίμενος
692 2595 833 2674 αὐτῷ
859 2641 875 2669 ,
934 2593 1052 2654 ἀλλ’
1097 2596 1155 2656 οὗ
1212 2596 1461 2678 συνέφερε
1503 2599 1582 2678 τῷ
1633 2596 1960 2677 κηρύγματι.

365 2682 636 2752 Μειζόνως
684 2683 787 2765 γὰρ
833 2683 1104 2753 δοξάζεται
1138 2686 1408 2766 Χριστὸς,
1446 2686 1533 2746 διὰ
1563 2691 1655 2759 τῆς
1705 2688 1965 2756 ἰδιωτείας

358 2777 453 2832 τοῦ
488 2773 708 2835 Παύλου
749 2777 905 2833 νικῶν
931 2820 946 2847 ,
1042 2777 1087 2834 εἰ
1121 2774 1205 2834 διὰ
1248 2775 1434 2857 σοφίας
1483 2775 1574 2835 καὶ
1604 2776 1762 2855 λόγου
1793 2779 1960 2838 ἐνίκα.

2084 742 2285 816 inquit,
2339 740 2484 800 facta
2539 752 2688 814 sunt,
2734 761 2807 802 ne
2867 745 3161 820 quisquam
3225 763 3284 806 se
3347 757 3503 822 putet
3563 765 3684 808 esse

2082 832 2316 906 aliquid,
2356 849 2534 908 neque
2563 834 2618 891 in
2647 835 2828 908 seipso
2859 836 3152 909 glorietur,
3197 839 3279 895 vel
3312 839 3369 895 in
3398 841 3507 897 alio
3539 857 3676 913 quo-

2083 923 2244 995 piam,
2277 922 2375 981 sed
2404 925 2462 981 in
2497 927 2616 982 Deo
2663 927 2755 998 qui
2785 935 2936 984 tanta
2962 927 3127 985 nobis
3159 928 3405 986 donavit.
3451 931 3557 1002 Qui
3585 931 3682 1004 igi-

2080 1021 2170 1070 tur
2216 1030 2314 1072 vos
2355 1024 2411 1072 et
2438 1025 2658 1088 propter
2703 1017 2870 1091 ipsos,
2928 1025 2982 1076 et
3024 1027 3252 1094 propter
3295 1019 3549 1079 homines
3589 1021 3688 1079 do-

2081 1113 2263 1162 ctores
2290 1104 2464 1163 inﬂati
2493 1107 2662 1164 estis?

2697 1231 2940 1288 CAPUT
2979 1235 3050 1288 11.

2145 1343 2327 1399 Vens.
2360 1345 2410 1396 1.
2443 1363 2469 1391 α
2507 1344 2576 1398 Et
2605 1357 2707 1415 ego
2731 1359 2859 1399 cum
2883 1345 3158 1401 venissem
3188 1344 3261 1402 ad
3290 1361 3410 1415 vos,
3452 1344 3682 1418 fratres,

2079 1445 2192 1487 non
2251 1431 2380 1486 veni
2442 1431 2500 1486 in
2552 1431 2885 1490 sublimitate
2951 1435 3224 1492 sermonis
3261 1443 3316 1492 et
3379 1437 3681 1508 sapientiae,

2078 1521 2408 1578 annuntians
2457 1521 2621 1579 vobis
2661 1523 3042 1581 testimonium
3075 1525 3196 1582 Dei.
3249 1549 3275 1575 ιο
3309 1529 3434 1583 Non
3478 1528 3684 1598 solum,

2078 1610 2276 1682 inquit,
2327 1609 2581 1682 discipuli
2640 1613 2922 1687 Evangelii
2969 1615 3282 1687 insipientes
3344 1625 3398 1672 et
3448 1618 3683 1675 obscuro

2077 1715 2276 1771 genere
2301 1700 2459 1757 electi
2484 1709 2632 1766 sunt,
2664 1718 2855 1758 verum
2901 1705 3068 1761 etiam
3107 1721 3207 1779 ego
3244 1708 3363 1779 ipse
3395 1708 3683 1782 Evangelii

2081 1805 2282 1862 praeco,
2343 1804 2456 1844 non
2504 1789 2626 1845 veni
2683 1791 2930 1848 oratione
2993 1801 3048 1848 et
3104 1793 3367 1865 sapientia
3440 1794 3683 1852 humana

2080 1881 2406 1947 instructus,
2446 1879 2778 1936 annuntians
2824 1883 2982 1938 vobis
3027 1883 3409 1940 testimonium
3453 1885 3576 1953 Dei,
3632 1886 3686 1942 id

2079 1979 2165 2026 est
2214 1977 2456 2025 mortem
2499 1970 2722 2028 Christi.
2779 1971 3176 2029 Animadverte
3245 1989 3373 2046 ergo
3424 1974 3578 2047 quod
3631 1983 3689 2030 et

2079 2077 2258 2132 praeco
2291 2061 2557 2133 insipiens
2595 2069 2678 2118 est
2717 2069 2772 2117 et
2817 2062 3073 2134 simplex,
3103 2071 3157 2119 et
3208 2063 3263 2120 id
3293 2064 3442 2136 quod
3481 2063 3685 2135 praedi-

2077 2159 2256 2220 catur,
2289 2161 2371 2208 est
2394 2168 2548 2209 mors
2595 2160 2650 2208 et
2677 2168 2810 2208 crux
2857 2170 2870 2206 :
2902 2161 3147 2209 attamen
3174 2154 3257 2209 vel
3287 2155 3366 2209 sic
3395 2155 3683 2211 victoriam

2075 2242 2330 2299 obtinuit.
2384 2241 2744 2315 Perspicuum
2796 2243 2982 2316 itaque
3026 2252 3107 2300 est
3172 2243 3339 2315 quod,
3387 2244 3560 2300 virtus
3630 2253 3687 2301 et

2076 2333 2324 2404 potentia
2363 2347 2486 2405 qua
2516 2332 2636 2390 haec
2666 2348 2785 2389 sese
2811 2334 2885 2388 ita
2908 2332 3107 2389 habere
3130 2332 3356 2402 efﬁciat,
3390 2334 3689 2391 inet‘l'abilis

2077 2432 2180 2480 est.
2243 2422 2385 2493 Quid
2451 2426 2684 2479 autem?
2731 2422 2985 2495 nunquid
3035 2424 3079 2479 si
3144 2424 3407 2480 voluisset
3461 2427 3688 2494 Paulus,

2077 2513 2317 2586 potuerit
2352 2513 2539 2569 venire
2582 2513 2642 2568 in
2707 2513 3021 2588 sapientia?
3083 2515 3203 2584 Ipse
3250 2529 3380 2569 sane
3431 2530 3545 2571 non
3589 2531 3692 2586 po-

2076 2604 2318 2673 tuisset;
2357 2618 2541 2660 revera
2583 2601 2730 2658 enim
2779 2603 3005 2675 simplex
3036 2601 3147 2658 sive
3197 2602 3346 2660 rudis
3398 2613 3538 2661 erat.
3580 2609 3687 2662 Po-

2074 2693 2270 2750 tuisset
2324 2702 2513 2749 tamen
2580 2693 2686 2748 hoc
2733 2691 2950 2748 efﬁcere
2993 2692 3266 2762 Christus,
3325 2694 3420 2766 qui
3479 2696 3690 2767 majora

2076 2784 2298 2856 largitus
2335 2791 2443 2851 est,
2483 2782 2586 2840 sed
2633 2798 2751 2838 non
2779 2780 3124 2838 conducebat
3175 2782 3452 2855 Evangelii
3483 2785 3691 2855 praedi-

360 2871 596 2929 cationi.
649 2872 828 2946 Major
867 2875 1016 2929 enim
1061 2874 1277 2930 Christo
1327 2874 1500 2946 gloria
1549 2891 1644 2946 per
1704 2875 1814 2932 divi
1861 2880 2020 2936 Pauli
2076 2875 2494 2950 simplicitatem
2566 2871 2821 2942 vincenti,
2870 2888 3042 2946 quam
3116 2872 3160 2929 si
3218 2888 3315 2945 per
3359 2875 3688 2947 sapientiam

358 2960 739 3034 orationisque
769 2962 1128 3034 splendorem
1158 2964 1447 3021 victoriam
1485 2963 1779 3021 retulisset.

453 3074 486 3111 (ι
514 3053 597 3112 Οὐ
628 3050 732 3132 γὰρ
779 3053 960 3134 ἔκρινα
1003 3059 1094 3113 τοῦ
1143 3054 1334 3113 εἰδέναι
1381 3077 1433 3114 τι
1483 3055 1534 3113 ἐν
1585 3060 1746 3134 ὓμῖν,
1800 3059 1847 3115 εἷ
1895 3056 1970 3130 μὴ

2152 3060 2326 3114 Vens.
2377 3061 2429 3110 2.
2504 3078 2529 3105 ε
2585 3056 2712 3110 Non
2764 3053 2914 3110 enim
2969 3051 3211 3126 judicavi
3262 3069 3352 3110 me
3389 3056 3690 3129 quidquam

354 3144 569 3216 Ἰησοῦν
615 3144 845 3224 Χριστὸν
868 3188 884 3217 ,
916 3143 1008 3202 καὶ
1051 3149 1234 3203 τοῦτον
1283 3144 1703 3224 ἐσταυρωμένον.
1736 3167 1766 3203 n
1806 3146 1914 3206 Καὶ
1943 3150 1970 3206 6

360 3233 626 3313 Χριστὸς,
671 3233 833 3315 φησὶ,
868 3239 1023 3294 τοῦτο
1073 3233 1264 3313 ἤθελε,
1308 3235 1368 3293 τὸ
1419 3234 1639 3308 ἰδιώτην
1684 3226 1818 3294 εἷναί
1863 3259 1928 3312 με
1956 3260 1968 3274 ·

359 3323 454 3382 καὶ
487 3323 590 3402 ἐγὼ
615 3323 670 3382 δὲ
698 3330 855 3383 τοῦτο
881 3323 1011 3384 αὐτὸ
1039 3322 1220 3404 ἔκρινα
1253 3325 1417 3383 καλὸν
1439 3371 1454 3395 ,
1487 3325 1547 3382 τὸ
1577 3323 1742 3401 μηδὲν
1769 3324 1967 3384 εἰδέναι

358 3418 469 3472 τῶν
502 3419 597 3486 τῆς
622 3411 720 3482 ἔξω
750 3413 935 3495 σοφίας
955 3460 971 3486 ,
1005 3414 1051 3474 εἰ
1085 3413 1160 3488 μὴ
1194 3413 1351 3492 μόνον
1379 3413 1460 3473 ὅτι
1493 3413 1702 3486 Ἰησοῦς
1734 3416 1970 3498 Χριστὸς

361 3501 676 3584 ἐσταυρώθη
698 3551 714 3576 ,
743 3504 834 3564 καὶ
859 3510 1041 3565 τοῦτον
1076 3502 1129 3539 ²⁵
1165 3503 1443 3584 κηρύττειν
1475 3506 1623 3582 ὑμῖν.

444 3712 469 3738 α
509 3683 616 3745 Καὶ
659 3682 766 3764 ἐγὼ
802 3685 856 3744 ἐν
883 3683 1123 3766 ἀσθενείᾳ
1152 3685 1240 3746 καὶ
1297 3688 1350 3744 ἐν
1381 3683 1530 3766 φόϐῳ
1569 3685 1659 3744 καὶ
1701 3688 1752 3745 ἐν
1785 3685 1966 3767 τρόμῳ

360 3776 550 3855 πολλῷ
594 3773 849 3854 ἐγενόμην
901 3774 1031 3856 πρὸς
1063 3778 1219 3852 ὑμᾶς.
1265 3801 1295 3832 ι)
1343 3777 1424 3835 Οὐ
1461 3773 1636 3852 μόνον,
1685 3774 1843 3856 φησὶν
1874 3777 1963 3834 εὗ-

358 3862 519 3936 τελὴς
548 3863 690 3924 κατὰ
722 3864 813 3924 τὸν
851 3865 1005 3944 λόγον
1037 3857 1197 3939 ἦλθον
1231 3869 1354 3944 ὑμῖν
1382 3913 1396 3938 ,
1433 3865 1571 3924 ἀλλὰ
1598 3865 1689 3924 καὶ
1725 3867 1778 3924 ἐν
1804 3867 1967 3924 ἀσθε-

358 3955 521 4035 νείᾳ,
568 3954 660 4013 καὶ
710 3953 887 4036 φόϐῳ,
940 3953 1032 4014 καὶ
1087 3954 1269 4036 τρόμῳ
1318 3956 1559 4034 διέτριψα
1611 3953 1750 4035 παρ’
1802 3955 1963 4033 ὑμῖν,

361 4044 641 4121 τουτέστι,
705 4044 1055 4121 διωκόμενος,
1116 4043 1208 4103 καὶ
1265 4043 1673 4125 πειραζόμενος,
1727 4044 1817 4103 καὶ
1866 4042 1964 4122 φό-

362 4137 478 4200 ϐοις
509 4133 561 4170 ²⁶
593 4134 794 4214 μυρίοις
829 4133 1173 4216 βαλλόμενος.
1216 4134 1502 4215 Ἒφοϐεἷτο
1539 4132 1643 4215 γὰρ
1688 4135 1779 4194 καὶ
1812 4133 1968 4202 αὐτὸς

359 4229 432 4292 ὡς
465 4224 736 4304 ἄνθρωπος
782 4223 901 4293 τοὺς
948 4224 1251 4304 κινδύνους,
1313 4226 1515 4303 μᾶλλον
1571 4224 1625 4283 δὲ
1668 4224 1761 4284 καὶ
1820 4222 1966 4303 ἔτρε-

359 4338 489 4390 μεν.
528 4311 694 4374 εὈθεν
723 4313 814 4374 καὶ
859 4312 1051 4390 μείζων
1095 4318 1236 4395 αὐτῷ
1275 4317 1302 4373 6
1332 4311 1578 4388 ἔπαινος,
1623 4313 1702 4372 ὅτι
1749 4317 1843 4384 τῆς
1874 4319 1968 4372 αὖ-

2083 3147 2220 3204 scire
2279 3148 2426 3203 inter
2479 3160 2597 3214 vos,
2656 3144 2764 3200 nisi
2815 3145 3008 3200 Iesum
3075 3143 3375 3214 Christum,
3432 3153 3488 3202 et
3541 3147 3692 3204 hunc

2081 3236 2431 3294 cruciﬁxum.
2514 3258 2540 3285 υ
2598 3234 2872 3303 Christus,
2931 3234 3134 3305 inquit,
3187 3234 3360 3290 voluit
3405 3243 3467 3290 ut
3512 3251 3690 3294 essem

2083 3328 2375 3400 imperitus
2446 3334 2503 3382 et
2551 3325 2785 3396 simplex
2838 3343 2851 3380 :
2911 3332 3075 3398 atque
3115 3325 3263 3382 istud
3317 3341 3418 3398 ego
3478 3327 3690 3384 bonum

2080 3433 2198 3473 esse
2218 3415 2488 3488 judicavi,
2520 3414 2670 3487 quod
2704 3413 2836 3470 nihil
2868 3423 3107 3471 externae
3132 3415 3418 3487 sapientia
3462 3418 3690 3490 scirem,

2082 3513 2450 3578 praeterquam
2479 3504 2586 3560 hoc
2611 3512 2849 3570 tantum,
2889 3504 3036 3576 quod
3072 3503 3317 3561 Christus
3358 3507 3522 3563 Jesus
3563 3523 3688 3564 cru-

2079 3596 2275 3652 ciﬁxus
2302 3604 2403 3665 est,
2437 3603 2493 3651 et
2521 3593 2671 3667 quod
2709 3609 2841 3650 cum
2879 3594 3034 3649 vobis
3076 3593 3455 3666 praedicarem.

2149 3689 2328 3744 Vens.
2364 3691 2416 3741 3.
2451 3707 2477 3734 «ι
2511 3689 2575 3739 Et
2605 3699 2707 3756 ego
2735 3684 2790 3739 in
2821 3683 3140 3740 inﬁrmitate
3167 3693 3222 3740 et
3246 3685 3448 3742 timore
3472 3702 3538 3744 ac
3568 3695 3678 3746 tre-

2078 3792 2236 3833 more
2264 3776 2340 3832 fui
2365 3773 2512 3847 apud
2529 3789 2641 3830 vos.
2667 3797 2692 3824 ι
2725 3775 2849 3830 Non
2875 3775 3078 3842 solum,
3103 3775 3307 3847 inquit,
3329 3784 3689 3848 contemptus

2079 3873 2352 3939 quantum
2399 3863 2471 3920 ad
2496 3863 2810 3920 orationem
2841 3863 3050 3929 attinet,
3081 3863 3153 3919 ad
3183 3879 3280 3919 vos
3301 3863 3422 3919 veni
3448 3887 3461 3933 ;
3512 3865 3609 3922 sed
3635 3875 3690 3922 et

2079 3957 2139 4012 in
2176 3953 2519 4020 inﬁrmitate,
2552 3953 2608 4008 in
2645 3952 2847 4008 timore
2895 3968 2958 4008 ac
2983 3960 3230 4008 tremore
3280 3969 3406 4008 sum
3433 3961 3684 4011 versatus

2075 4045 2224 4118 apud
2261 4060 2378 4112 vos,
2438 4044 2544 4100 hoc
2592 4051 2680 4100 est
2725 4042 3157 4115 persecutionem
3221 4059 3445 4114 passus,
3503 4051 3688 4101 tenta-

2078 4137 2215 4193 tioni
2244 4144 2411 4207 atque
2451 4133 2588 4190 adeo
2624 4132 2935 4190 innumeris
2978 4131 3372 4189 formidinibus
3416 4134 3687 4206 objectus.

2079 4232 2218 4284 Nam
2264 4233 2320 4282 et
2354 4226 2494 4296 ipse,
2535 4240 2644 4296 qua
2693 4223 2885 4291 homo,
2938 4223 3176 4294 pericula
3218 4224 3518 4294 metuebat,
3570 4225 3688 4283 imo

2079 4317 2260 4387 potius
2304 4314 2595 4371 tremebat.
2658 4312 2824 4370 Unde
2880 4319 2936 4369 et
2991 4313 3259 4386 majorem
3311 4322 3393 4370 est
3455 4314 3688 4388 adeptus

355 4409 457 4476 τῆς
501 4401 573 4461 ὢν
603 4408 732 4480 ἡμῖν
762 4401 968 4485 φύσεως
992 4449 1008 4479 ,
1059 4403 1293 4484 ὑπερέϐη
1329 4408 1396 4482 τῇ
1442 4402 1770 4483 προαιρέσει,
1807 4404 1968 4482 Λέγει

2080 4407 2316 4475 laudem,
2370 4404 2516 4478 quod
2563 4419 2695 4460 cum
2748 4403 2999 4475 ejusdem
3049 4411 3196 4459 esset
3252 4403 3542 4462 nobiscum
3588 4422 3688 4462 na-

361 4495 418 4552 δὲ
462 4498 633 4553 ταῦτα
652 4539 667 4567 ,
702 4494 905 4561 δεικνὺς
933 4494 1031 4566 τὴν
1073 4493 1296 4574 δύναμιν
1327 4498 1420 4552 τοῦ
1462 4495 1704 4572 Χριστοῦ
1723 4539 1738 4567 ,
1768 4493 1850 4554 ὅτι
1880 4517 1968 4552 το-

356 4584 565 4644 σούτων
613 4585 944 4663 κωλυμάτων
1002 4583 1201 4657 ὄντων,
1253 4582 1396 4659 ὅμως
1454 4581 1777 4664 ὓπερίσχυσε
1805 4606 1818 4620 ο
1877 4583 1968 4641 καὶ

358 4672 685 4734 καταϐαλὼν
715 4672 766 4709 ²⁷
797 4672 892 4746 τὴν
923 4673 1085 4754 ὀφρὺν
1134 4677 1239 4733 τῶν
1272 4671 1565 4753 Κορινθίων
1589 4719 1604 4748 ,
1655 4674 1743 4732 ἐπὶ
1774 4672 1968 4756 σοφίᾳ,

358 4766 455 4823 καὶ
482 4762 696 4845 πλούτῳ
717 4812 733 4838 ,
757 4764 847 4824 καὶ
877 4764 1100 4843 δυνάμει
1138 4762 1492 4826 πεποιθότων.

458 4966 490 5003 (ι
518 4943 634 5007 Καὶ
665 4948 692 5003 6
719 4947 872 5025 λόγος
921 4969 1023 5025 μου
1042 4991 1056 5018 ,
1087 4945 1176 5004 καὶ
1217 4946 1276 5006 τὸ
1322 4944 1574 5026 κήρυγμά
1613 4969 1748 5022 μου,
1792 4946 1889 5002 οὐκ
1917 4946 1972 5004 ἐν

360 5038 569 5101 πειθοῖς
602 5034 940 5116 ἀνθρωπίνης
972 5035 1162 5117 σοφίας
1210 5035 1416 5114 λόγοις,
1468 5033 1585 5093 ἀλλ’
1628 5036 1682 5092 ἐν
1713 5032 1974 5102 ἀποδείξει

361 5123 682 5202 Πνεύματος
709 5124 1118 5203 καὶδυνάμεως.
1155 5155 1177 5178 ιο
1209 5128 1330 5187 Οὐκ
1354 5117 1418 5199 ἦν
1437 5172 1454 5199 ,
1488 5124 1642 5205 φησὶ,
1671 5123 1731 5182 τὸ
1762 5123 1973 5202 κήρυγ-

355 5215 445 5293 μά
498 5239 598 5291 μου
647 5218 1028 5299 σεσοφισμένον
1234 5215 1332 5285 ἔξω
1401 5213 1715 5286 πιθανότητι
1767 5214 1858 5272 καὶ
1891 5214 1974 5270 εὖ·

352 5305 636 5386 γλωττίᾳ,
683 5309 802 5367 ἀλλ’
867 5311 918 5368 ἐν
954 5305 1225 5376 ἀποδείξει
1271 5305 1626 5383 Πνεύματος,
1668 5302 1974 5374 τουτέστιν,

353 5393 630 5464 ἀπόδειξιν
658 5395 782 5477 ἔχον
831 5395 885 5436 2⁸
926 5397 1055 5456 αὐτὸ
1108 5398 1169 5457 τὸ
1222 5399 1451 5472 Πνεῦμα
1496 5395 1557 5454 τὸ
1607 5393 1756 5472 ἅγιον
1787 5417 1798 5430 '
1831 5392 1972 5473 τάχα

357 5484 498 5564 μὲν,
548 5485 639 5544 καὶ
681 5484 810 5546 διότι
863 5488 1081 5569 ἆῤῥήτῳ
1131 5487 1234 5546 τινὶ
1285 5485 1466 5567 τρόπῳ
1518 5484 1698 5544 πίστιν
1753 5483 1976 5543 ἐνεποίει

355 5573 473 5642 τοῖς
520 5573 770 5636 ἀκούουσι
815 5577 901 5637 διὰ
951 5583 1041 5638 τοῦ
1085 5577 1173 5637 τὸν
1219 5576 1375 5658 λόγον
1413 5581 1684 5657 χαριτοῦνο
1722 5573 1867 5655 τάχα
1901 5571 1977 5650 δὲ,

360 5665 507 5726 διότι
537 5665 629 5726 καὶ
659 5670 860 5746 σημεῖα
904 5667 1142 5728 ἐπετέλει
1171 5668 1264 5729 καὶ
1309 5665 1528 5749 τέρατα.
1564 5663 1795 5746 Ἐπάγει
1828 5663 1932 5744 γάρ
1961 5686 1974 5699 ·

2077 4507 2234 4567 turae,
2296 4496 2572 4552 voluntate
2623 4503 2810 4550 tamen
2861 4501 2916 4550 et
2972 4493 3208 4549 consilio
3259 4495 3684 4566 exsuperaverit.

2081 4591 2214 4644 Haec
2241 4593 2428 4643 autem
2453 4583 2608 4652 dicit,
2646 4582 2846 4640 Christi
2887 4583 3199 4655 potentiam
3236 4582 3556 4648 ostendens,
3589 4585 3685 4656 qui

2077 4692 2205 4734 cum
2250 4684 2336 4733 tot
2371 4683 2633 4747 tantaque
2669 4681 2850 4730 essent
2898 4672 3340 4745 impedimenta,
3393 4672 3684 4744 praevaluit

2078 4776 2262 4823 tamen
2287 4783 2302 4822 :
2330 4780 2552 4822 necnon
2577 4762 3011 4831 Corinthiorum,
3044 4762 3103 4818 in
3129 4761 3410 4834 sapientia,
3437 4763 3683 4834 potentia

2078 4865 2134 4913 et
2158 4856 2354 4929 opibus
2380 4853 2798 4921 conﬁdentium,
2831 4851 3143 4924 superbiam
3172 4850 3451 4924 dejiciens.

2159 4947 2318 5018 131
2337 4947 2518 5002 Vens.
2533 4949 2589 5001 4.
2617 4967 2641 4993 α
2671 4947 2737 5000 Ει
2751 4958 2938 5000 sermo
2958 4950 3184 4999 meuset
3198 4942 3520 5015 praedicatio
3538 4957 3682 5011 mea,

2080 5053 2194 5092 non
2211 5037 2267 5091 in
2287 5033 2738 5107 persuasibilibus
2761 5032 3028 5090 humanae
3047 5032 3332 5105 sapientiae
3360 5031 3559 5101 verbis,
3588 5032 3686 5088 sed

2081 5127 2140 5181 in
2169 5123 2642 5182 demonstratione
2668 5121 2904 5194 Spiritus
2934 5130 2990 5178 et
3018 5120 3267 5178 virtutis.
3309 5143 3333 5169 τι
3369 5124 3494 5177 Non
3543 5128 3682 5190 erat,

2083 5215 2278 5287 inquit,
2322 5212 2642 5287 praedicatio
2687 5228 2817 5269 mea
2875 5219 3102 5268 externa
3144 5209 3598 5282 persuasibilitate
3631 5217 3688 5265 et

2084 5304 2334 5362 facundia
2375 5311 2585 5374 ornata,
2654 5302 2750 5359 sed
2802 5302 2860 5357 in
2905 5300 3384 5357 demonstratione
3433 5298 3688 5370 Spiritus,

2083 5395 2187 5453 hoc
2217 5403 2318 5465 est,
2351 5393 2883 5453 demonstrationem
2911 5390 3188 5447 habebam
3212 5390 3393 5461 ipsum
3424 5387 3686 5460 Spiritum

2082 5496 2378 5551 sanctum:
2422 5484 2614 5542 forsan
2655 5481 2804 5549 ideo,
2857 5480 2983 5554 quia
3035 5478 3400 5551 inexplicabili
3445 5477 3687 5551 quodam

2083 5577 2255 5633 modo
2288 5575 2452 5633 ﬁdem
2483 5573 2764 5647 ingerebat
2791 5569 3137 5628 auditoribus
3167 5585 3262 5642 per
3286 5576 3502 5641 gratum
3538 5566 3687 5623 verbi

2084 5667 2470 5734 ministerium,
2499 5665 2584 5722 vel
2615 5663 2744 5736 quia
2781 5661 2933 5735 signa
2955 5658 3277 5734 perﬁciebat
3322 5667 3377 5716 et
3418 5656 3686 5732 prodigia.

1771 5763 1970 5822 Variae
2015 5759 2316 5820 lectiones.

437 5867 484 5904 ²⁴
509 5869 593 5924 καὶ
614 5884 670 5927 0.
746 5867 792 5902 ²⁶
819 5875 968 5922 τοῦτο
994 5883 1050 5924 0.
1123 5866 1170 5901 ²⁶
1189 5868 1358 5928 πόνοις
1385 5881 1439 5924 0.
1517 5864 1559 5899 ²⁷
1590 5862 1834 5919 κατέϐαλε
1869 5877 1923 5920 0.

656 5960 891 6018 PATROL.
932 5960 1036 6017 Gn.
1079 5958 1290 6016 CXXIV.

2005 5858 2051 5894 ³⁸
2081 5857 2252 5930 ἔσχεν,
2285 5856 2390 5910 καὶ
2429 5853 2572 5925 εἶχον
2615 5868 2668 5910 0.

3337 5941 3402 5995 19
