4090 6420
453 484 555 538 587

449 611 620 670 Infert
648 613 817 679 enim,
871 635 896 661 α

446 703 687 759 Maxima
716 703 865 758 enim
905 701 974 758 ad
1003 701 1170 761 ﬁdem
1199 703 1600 761 demonstratio
1650 713 1768 762 erat
1794 711 2046 762 mortuos

445 793 631 850 videre
654 803 1023 866 resurgentes.
1084 794 1222 862 Quia
1251 811 1379 852 vero
1405 803 1461 852 et
1485 811 1515 851 a
1551 793 1896 852 daemonibus
1931 795 2040 852 vir-

446 891 592 940 tutes
636 882 779 940 ﬁunt
826 900 920 957 per
964 884 1354 956 imposturam,
1409 901 1538 942 cum
1593 885 1745 959 prius
1791 885 2039 955 dixisset,

452 996 478 1025 ‹‹
527 973 778 1046 Spiritus,
824 999 849 1024 ι»
909 975 1220 1045 subintulit,
1268 999 1292 1026 α
1353 975 1616 1045 Virtutis;
1671 1001 1696 1025 υ
1749 976 2044 1033 ostendens

445 1063 748 1135 spiritualia
766 1063 935 1122 fuisse
954 1081 1077 1138 quae
1105 1064 1246 1122 facta
1272 1073 1420 1122 sunt.
1454 1070 1614 1124 Potes
1639 1074 1828 1124 autem
1857 1090 1883 1116 ι
1916 1067 2043 1123 Vir-

445 1154 576 1210 tutis
635 1179 659 1204 »
717 1156 1040 1213 vocabulum
1093 1157 1249 1214 aliter
1325 1158 1594 1230 accipere.
1678 1159 1816 1215 Cum
1897 1157 2043 1214 enim

442 1243 688 1312 dixisset,
729 1248 853 1302 Non
886 1247 1005 1303 veni
1055 1247 1124 1305 ad
1152 1263 1247 1303 vos
1291 1248 1346 1303 in
1388 1248 1680 1320 sapientia,
1723 1247 1820 1305 sed
1865 1249 1920 1304 in
1964 1249 2042 1305 in-

443 1334 738 1406 ﬁrmitate;
777 1337 845 1394 ad
873 1338 1218 1410 sapientiam,
1261 1361 1284 1387 α
1319 1337 1374 1394 in
1399 1338 1874 1395 demonstratione
1915 1340 2042 1411 Spi-

442 1426 606 1495 ritus;
637 1449 663 1476 ι
699 1426 770 1483 ad
794 1426 900 1484 hoc
922 1436 1130 1499 autem,
1168 1447 1196 1482 ι(
1225 1429 1284 1485 in
1313 1429 1646 1499 inﬁrmitate,
1668 1452 1693 1478 ν
1728 1447 1756 1481 ι(
1777 1429 1989 1486 virtutis
2015 1453 2038 1478 ι»

441 1531 637 1573 vocem
687 1518 880 1574 retulit
951 1536 965 1574 :
1028 1517 1083 1575 id
1136 1525 1238 1583 est,
1306 1518 1524 1576 etiamsi
1597 1519 2038 1591 persecutionem

441 1607 632 1677 patiar,
683 1615 740 1663 et
775 1607 1089 1665 verberibus
1139 1607 1338 1678 credar,
1401 1617 1648 1666 attamen
1705 1607 1888 1666 adhuc
1938 1626 2035 1682 po-

441 1697 638 1753 tentior
679 1696 1108 1755 demonstrabar
1156 1720 1169 1756 :
1216 1698 1368 1772 quod
1421 1700 1601 1772 ipsum
1665 1708 1750 1757 est
1797 1701 2036 1756 maxima

435 1789 711 1846 sermonis
737 1788 1158 1846 demonstratio.

503 1880 683 1936 Vsus.
715 1885 767 1936 5.
803 1903 828 1928 «ι
875 1881 956 1937 Ut
995 1879 1129 1937 ﬁdes
1175 1888 1356 1937 vestra
1397 1896 1512 1937 non
1564 1880 1635 1937 sit
1675 1880 1729 1936 in
1769 1880 2033 1953 sapientia

1475 485 1990 543 THEOPHYLACTI
2032 484 2392 541 BULGARIE
2431 484 2743 540 ARCHIEP.

955 619 1011 668 et
1068 612 1302 684 virtutis,
1357 633 1386 668 »
1447 615 1505 671 id
1562 624 1667 684 est,
1735 614 2028 688 signorum

2163 633 2192 670 α
2222 611 2335 673 Καὶ
2366 611 2642 690 δυνάμεως
2663 657 2680 684 ,
2710 638 2734 664 ι
2767 609 3038 682 τουτέστι,
3077 611 3181 669 τῶν
3213 609 3473 687 σημείων.
3508 609 3760 688 Μεγίστη

3657 485 3760 540 588

2156 702 2260 783 γὰρ
2295 701 2556 771 ἀπόδειξις
2603 700 2734 783 πρὸς
2765 701 2942 760 πίστιν
3006 699 3067 760 τὸ
3112 697 3324 782 νεκροὺς
3361 702 3488 781 ὁρᾷν
3538 701 3761 759 ἀνιστα-

2158 795 2362 869 μένους.
2394 792 2553 855 Ἐπεὶ
2584 793 2637 852 δὲ
2680 791 2771 850 xui
2814 792 2918 851 ὑπὸ
2948 791 3212 868 δαιμόνων
3241 789 3478 868 γίνονται
3508 791 3758 866 δυνάμεις

2157 886 2477 958 ἀπατηλῶς,
2503 881 2758 963 πρότερον
2797 880 2960 941 εἰπὼν
2991 879 3096 954 τὸ,
3133 907 3159 934 α
3198 878 3516 957 Πνεύματος
3536 925 3553 956 ,
3585 905 3612 934 ι
3640 869 3756 940 εἶτα

2155 971 2394 1050 ἐπήγαγε
2424 972 2520 1047 τὸ,
2569 995 2599 1030 ιι
2646 972 2974 1050 Δυνάμεως,
3012 995 3038 1028 ιι
3089 969 3337 1031 δεικνύων
3377 968 3458 1028 ὅτι
3505 993 3752 1048 πνευμα-

2152 1063 2274 1121 τικὰ
2307 1054 2372 1134 ἦν
2403 1062 2467 1120 τὰ
2496 1061 2771 1141 γινόμενα.
2809 1062 3048 1122 Δόνασαι
3081 1061 3135 1120 δὲ
3178 1060 3274 1135 τὸ,
3314 1090 3338 1113 «ι
3376 1059 3685 1138 Δυνάμεως,
3719 1083 3749 1120 n

2153 1153 2244 1212 xui
2277 1152 2449 1222 ἄλλως
2477 1151 2743 1214 ἐκλαϐεῖν.
2783 1151 2942 1213 Ἐπεὶ
2975 1151 3078 1232 γὰρ
3108 1141 3274 1224 εἶπεν,
3323 1151 3405 1210 ὅτι
3447 1155 3567 1213 Οὐκ
3595 1141 3755 1225 ἦλθον

2153 1247 2206 1303 ἐν
2236 1241 2427 1326 σοφία,
2479 1243 2618 1303 ἀλλὰ
2648 1243 2740 1302 xui
2781 1245 2834 1303 ἐν
2879 1242 3123 1324 ἀσθενείᾳ
3149 1265 3162 1280 ο
3209 1242 3338 1322 πρὸς
3389 1238 3486 1320 μὲν
3517 1241 3614 1313 τὴν
3668 1264 3757 1302 σο·

2151 1332 2274 1413 φίαν
2314 1323 2440 1393 εἶπε
2484 1332 2572 1407 τὸ,
2629 1361 2654 1386 «ι
2691 1332 2783 1394 Ἐν
2828 1323 3111 1401 ἀποδείξει
3141 1331 3458 1410 Πνεύματος
3486 1355 3500 1370 ·
3546 1353 3577 1390 ι)
3623 1331 3755 1413 πρὸς

2150 1421 2204 1482 δὲ
2231 1423 2290 1482 τὸ
2309 1465 2327 1496 ,
2364 1444 2393 1481 ι(
2417 1422 2516 1484 Ἐν
2543 1422 2783 1504 ἀσθενείᾳ
2803 1469 2820 1502 ,
2848 1449 2870 1477 ι
2897 1421 2958 1482 τὸ
2976 1469 2996 1500 ,
3024 1450 3050 1476 κ
3073 1422 3362 1500 Δυνάμεως
3391 1445 3404 1460 ·
3438 1449 3462 1475 η
3489 1421 3751 1495 τουτέστι,

2150 1513 2342 1574 Καίτοι
2375 1513 2697 1594 διωκόμενος
2736 1514 2826 1574 xui
2868 1513 3214 1592 τυπτόμενος,
3262 1511 3407 1591 ὅμως
3453 1513 3754 1572 δυνατώτε-

2151 1627 2234 1683 ρος
2264 1603 2607 1684 ἐδεικνυόμην
2636 1627 2648 1642 ·
2675 1603 2704 1663 ὃ
2730 1603 2822 1664 xui
2857 1603 2985 1663 αὐτὸ
3026 1601 3254 1684 μεγίστη
3282 1607 3377 1663 τοῦ
3417 1603 3577 1682 λόγου
3614 1601 3751 1663 ἀπό-

2149 1692 2324 1762 δειξις.

2238 1896 2266 1933 (ι
2291 1870 2410 1934 Ἵνα
2455 1872 2693 1946 ἡπίστις
2741 1876 2888 1950 ὑμῶν
2919 1873 2995 1950 μὴ
3112 1875 3166 1933 ἕν
3209 1873 3370 1955 σοφία
3416 1872 3746 1955 ἀνθρώπων,

433 1967 744 2036 hominum,
801 1968 901 2026 sed
941 1969 995 2026 in
1047 1970 1251 2027 virtute
1301 1971 1427 2041 Dei,
1468 1994 1494 2020 «
1549 1971 1880 2045 Sapientiam
1927 1970 2028 2028 ho-

2146 1965 2262 2022 ἀλλ’
2295 1967 2347 2023 ἐν
2379 1964 2599 2043 δυνάμει
2643 1966 2806 2025 Θεοῦ.
2848 1991 2872 2018 υ
2901 1963 3104 2072 Σοφίαγ
3141 1963 3433 2072 ἀνθρῶπων
3462 1963 3749 2072 τῂνέιθα-

431 2060 668 2128 minum,
711 2060 1080 2133 eloquentiam
1137 2068 1319 2130 vocat,
1366 2070 1422 2118 et
1464 2061 1581 2118 vim
1611 2060 1981 2134 persuadendi
2016 2079 2029 2117 :

429 2149 728 2221 potentiam
773 2159 960 2208 autem
993 2151 1112 2222 Dei,
1151 2159 1215 2208 ut
1243 2167 1411 2225 supra
1441 2151 1884 2208 demonstratum
1928 2160 2032 2220 est,

431 2239 790 2297 imbecillium
838 2250 895 2298 et
940 2240 1274 2300 afﬂictorum
1313 2241 1794 2312 confortationem,
1848 2241 2035 2315 signo-

430 2345 665 2403 rumque
708 2346 803 2387 seu
857 2332 1247 2388 miraculorum
1298 2331 1852 2402 demonstrationem,
1909 2347 2032 2405 quae

427 2435 559 2477 sane
583 2420 749 2478 ﬁdem
793 2422 972 2491 vobis,
1005 2439 1037 2480 ο
1065 2421 1366 2492 Corinthii,
1410 2423 1770 2480 conciliarunt
1810 2431 1864 2478 et
1893 2438 2031 2480 con-

429 2509 722 2567 ﬁrmarunt
764 2527 876 2568 non
909 2512 1168 2569 humanae
1197 2511 1416 2570 dicendi
1450 2513 1726 2570 facultatis
1770 2511 2032 2587 splendor

426 2609 482 2657 et
510 2600 790 2670 facundia,
820 2611 1087 2660 caeterum
1128 2603 1300 2660 virtus
1327 2610 1381 2659 et
1411 2604 1655 2675 potentia
1684 2603 1810 2661 Dei.

496 2693 676 2748 Vnus.
706 2697 760 2748 6.
793 2716 818 2742 ι
841 2693 1178 2765 Sapientiam
1202 2701 1392 2750 autem
1422 2693 1702 2766 loquimur
1742 2693 1884 2750 inter
1913 2708 2032 2766 per-

428 2781 627 2847 fectos;
679 2781 1001 2855 sapientiam
1055 2791 1241 2840 autem
1291 2799 1406 2840 non
1460 2784 1644 2841 saeculi
1697 2782 1884 2856 hujus,
1937 2793 2032 2840 aut

426 2871 742 2944 principum
799 2873 982 2929 saeculi
1039 2873 1204 2945 hujus
1260 2873 1351 2946 qui
1405 2873 1715 2930 abolentur.
1769 2895 1795 2922 »
1848 2873 2035 2930 Stulti-

425 2961 562 3016 tiam
619 2961 840 3034 quidem
872 2979 1032 3034 supra
1069 2963 1377 3019 nominavit
1419 2962 1890 3036 praedicationem,
1917 2979 2041 3036 per-

423 3051 546 3108 inde
587 3067 651 3108 ac
693 3053 873 3110 Graeci
924 3054 1074 3109 illam
1128 3053 1485 3126 appellabant.
1521 3055 1816 3125 Postquam
1849 3061 2037 3110 autem

421 3158 451 3196 a
499 3141 662 3198 rebus
723 3143 857 3214 ipsis
906 3142 1314 3201 demontrasset
1341 3159 1461 3199 eam
1519 3159 1706 3200 veram
1761 3159 1879 3200 esse
1945 3160 2029 3200 sa-

424 3232 711 3303 pientiam,
740 3232 907 3289 audet
926 3233 1188 3306 deinceps
1202 3233 1528 3306 sapientiam
1559 3234 1731 3290 etiam
1755 3234 2026 3308 appellare

421 3320 870 3393 praedicationem
915 3322 986 3380 de
1042 3324 1286 3392 Christo,
1341 3323 1590 3398 adeoque
1632 3325 1872 3381 salutem
1928 3341 2026 3400 per
2061 3349 2105 3414 ρ

419 3417 700 3474 Christum
727 3417 1047 3476 cruciﬁxum
1093 3428 1326 3492 partam.
1355 3419 1613 3477 Maxima:
1641 3420 1790 3476 enim
1819 3419 2026 3493 sapien-

419 3507 531 3576 tiae,
573 3516 813 3565 mortem
841 3517 1020 3566 morte
1064 3509 1264 3567 delere.
1298 3513 1470 3566 Porro
1523 3510 1712 3567 ﬁdeles
1756 3509 2025 3580 perfectos

418 3610 594 3659 vocat.
636 3603 706 3658 Hi
738 3603 886 3660 enim
927 3602 1150 3677 perfecti
1189 3605 1458 3678 suntqui,
1503 3605 1737 3662 terrenis
1763 3605 2024 3662 omnibus

419 3692 762 3765 posthabitis,
814 3693 884 3750 ad
933 3694 1172 3751 coelestia
1234 3694 1548 3752 subvolant.
1594 3696 1791 3753 Surculi
1835 3704 2023 3753 autem

419 3782 582 3856 hujus
625 3783 951 3856 sapientiam
1015 3785 1275 3841 nominat
1311 3793 1597 3842 externam
1641 3785 1788 3842 illam
1831 3795 2024 3858 utpote

417 3875 806 3946 temporariam
853 3891 917 3930 ac
986 3875 1393 3946 transitoriam,
1462 3883 1517 3933 et
1560 3892 1683 3949 quae
1724 3891 1852 3932 cum
1917 3876 2023 3933 hoc

415 3966 618 4020 saeculo
657 3965 991 4022 dissolvatur
1046 3985 1062 4020 :
1095 3973 1152 4020 et
1179 3964 1453 4038 principes
1484 3966 1647 4038 hujus
1686 3966 1870 4023 saeculi
1905 3981 2021 4023 non

416 4054 700 4111 daemones
747 4055 1008 4128 appellat,
1038 4063 1098 4111 ut
1149 4055 1378 4127 quidam
1425 4055 1740 4124 voluerunt,
1791 4056 1890 4113 sed
1927 4072 2021 4113 sa-

418 4145 624 4215 pientes
654 4153 711 4200 et
748 4145 1060 4201 orationum
1098 4145 1398 4218 scriptores
1441 4154 1499 4200 et
1549 4145 1794 4203 rhetores
1837 4147 1928 4219 qui
1969 4155 2022 4203 et

418 4233 601 4306 pepuli
639 4233 892 4290 ductores
943 4243 1100 4291 erant
1146 4243 1200 4291 et
1238 4235 1526 4308 principes.
1579 4236 1718 4292 Cum
1749 4245 1936 4293 autem
1965 4245 2021 4293 et

418 4324 522 4396 ipsi
550 4323 872 4396 temporarii
903 4325 1034 4393 sint,
1078 4324 1264 4380 smculi
1311 4324 1477 4398 hujus
1505 4325 1756 4398 appellat,
1800 4335 1856 4382 et
1883 4327 2015 4383 abo-

417 4413 563 4484 litos,
595 4413 700 4471 hoc
725 4423 809 4471 est
835 4420 1134 4484 cessantes,
1165 4423 1223 4471 et
1267 4430 1380 4472 non
1411 4416 1468 4471 in
1506 4417 1703 4473 saecula
1735 4415 2013 4474 durantes.

487 4508 660 4562 Vnus.
684 4511 738 4561 7.
760 4530 784 4554 «ι
803 4506 908 4563 Sed
927 4505 1205 4578 loquimur
1224 4506 1550 4578 sapientiam
1565 4507 1661 4563 Dei
1676 4507 1730 4562 in
1751 4508 2015 4582 mysterio

415 4611 538 4670 qua:
579 4596 896 4654 abscondita
927 4605 1027 4652 est.
1061 4621 1084 4648 ο
1133 4597 1464 4672 Mysterium
1515 4607 1674 4655 vocat
1702 4598 1770 4654 de
1800 4597 2017 4655 Christo

415 4686 880 4758 praedicationem.
912 4689 1054 4743 Nam
1117 4687 1280 4758 132
1310 4687 1533 4744 etiamsi
1577 4688 1893 4760 praedicatio
1923 4689 2013 4759 sit,

412 4783 658 4832 attamen
709 4777 876 4832 etiam
935 4777 1260 4850 mysterium
1331 4787 1433 4846 est,
1499 4786 1772 4852 quatenus
1836 4793 2015 4851 neque

412 4865 586 4938 angeli
633 4874 910 4923 noverunt
952 4867 1138 4939 ipsum
1181 4868 1507 4940 priusquam
1557 4869 1732 4939 ﬁeret,
1779 4877 1834 4926 et
1882 4886 2014 4942 qua-

411 4964 569 5012 tenus
635 4955 783 5012 aliud
847 4956 1112 5028 videntes,
1158 4957 1301 5014 aliud
1356 4958 1734 5032 intelligimus.
1786 4961 2016 5016 Intueor

408 5048 561 5104 enim
597 5062 819 5104 crucem
866 5063 932 5104 ac
974 5048 1305 5120 passionem,
1344 5057 1400 5105 et
1429 5050 1686 5107 virtutem
1720 5057 1882 5122 atque
1913 5066 2009 5122 po-

407 5137 635 5194 tentiam
699 5137 962 5212 intelligo,
1047 5154 1266 5196 servum
1338 5138 1528 5208 audio,
1593 5149 1648 5197 et
1703 5141 2010 5197 Dominum

405 5227 596 5284 adoro.
633 5228 833 5285 Abdita
879 5236 963 5286 est
997 5237 1182 5285 autem
1217 5229 1480 5302 sapientia
1521 5228 1660 5299 haec,
1701 5228 2012 5290 inﬁdelibus

404 5317 630 5390 quidem
700 5320 954 5389 omnino,
1011 5319 1262 5376 ﬁdelibus
1328 5329 1520 5378 autem
1573 5335 1686 5378 non
1754 5320 2006 5380 omnino.

405 5405 668 5465 Videmus
696 5409 851 5466 enim
875 5425 1024 5466 nunc
1051 5426 1146 5482 per
1170 5411 1479 5482 speculum.

477 5520 504 5548 α
559 5499 743 5569 Quam
793 5499 1203 5573 praedestinavit
1271 5504 1426 5560 Deus
1502 5509 1628 5559 ante
1681 5502 1879 5562 saecula
1951 5503 2008 5561 in

399 5576 630 5649 gloriam
673 5588 946 5638 nostram.
1008 5606 1033 5631 ιο
1083 5583 1164 5640 Ut
1192 5583 1300 5640 Dei
1342 5583 1679 5642 charitatem
1731 5601 1858 5659 erga
1904 5600 2007 5642 nos

399 5668 673 5738 ostendat,
706 5670 865 5740 dixit,
903 5694 927 5720 ‹‹
957 5672 1389 5730 Praedestinavit.
1425 5699 1450 5725 ι»
1480 5675 1626 5733 Nam
1655 5675 1732 5732 illi
1759 5675 2004 5733 maxima

2145 2053 2338 2126 νότητα
2371 2054 2546 2129 καλεῖ,
2576 2055 2667 2114 xui
2697 2055 2793 2126 τὴν
2833 2053 3160 2134 εὖγλωττίαν
3189 2078 3202 2092 ο
3230 2054 3454 2133 δύναμιν
3481 2051 3537 2113 δὲ
3566 2053 3708 2114 Θεοῦ
3729 2101 3745 2128 ,

2141 2147 2209 2212 ὡς
2258 2143 2508 2225 ἀνωτέρω
2557 2144 2928 2205 ἀποδέδεικται
2972 2144 3050 2218 29,
3097 2143 3193 2217 τήν
3250 2167 3306 2204 τε
3347 2148 3452 2204 τῶν
3515 2147 3749 2204 ἀσθενῶν

2142 2233 2233 2293 xui
2260 2233 2596 2312 διωκομένων
2631 2233 2932 2314 ἐνίσχυσιν,
2963 2233 3054 2294 xui
3094 2233 3190 2307 τὴν
3223 2237 3329 2293 τῶν
3357 2233 3599 2313 σημείων
3631 2234 3719 2292 ἐπί
3729 2266 3748 2280 ο

2143 2323 2330 2398 δειξιν,
2354 2323 2388 2382 ἃ
2417 2323 2480 2397 δὴ
2512 2324 2608 2399 τὴν
2641 2324 2820 2385 πίστιν
2851 2327 3031 2403 ὑμῶν,
3062 2314 3106 2384 £5
3144 2324 3451 2406 Κορίνθιοι,
3486 2325 3746 2396 συνέστη·

2142 2437 2230 2472 σεν
2261 2439 2273 2451 ·
2305 2415 2404 2495 οὐχ
2431 2420 2465 2490 ἡ
2507 2415 2794 2490 πιθανότης
2819 2414 2911 2475 xui
2937 2419 2969 2488 ἡ
3003 2413 3327 2496 εὖγλωττία,
3363 2415 3486 2476 ἀλλ’
3517 2419 3552 2488 ἡ
3585 2412 3743 2473 δόνα-

2145 2528 2230 2582 μις
2260 2509 2353 2565 τοῦ
2388 2505 2554 2566 Θεοῦ.

2232 2709 2260 2744 (ι
2290 2685 2494 2767 Σοφίαν
2527 2683 2582 2745 δὲ
2621 2686 2886 2763 λαλοῦμεν
2928 2688 2979 2745 ἐν
3017 2695 3123 2755 τοῖς
3164 2685 3383 2754 τελείοις
3409 2710 3423 2723 ·
3464 2685 3656 2768 σοφίαν
3689 2686 3746 2747 δὲ

2141 2775 2259 2834 οὐδὲ
2316 2781 2409 2836 τοῦ
2468 2777 2656 2844 αἰῶνος
2709 2775 2931 2851 τούτου,
2988 2777 3105 2836 οὐδὲ
3167 2779 3272 2836 τῶν
3321 2776 3599 2860 ἀρχόντων
3653 2781 3746 2837 τοῦ

2148 2867 2334 2934 αἰῶνος
2387 2865 2575 2926 τούτου
2625 2870 2732 2926 τῶν
2775 2867 3239 2948 καταργουμένων.
3279 2889 3309 2925 ››
3372 2866 3598 2950 Μωρίαν
3651 2865 3748 2946 μὲν

2147 2955 2422 3034 ὠνόμασεν
2490 2954 2740 3036 ἀνωτέρω
2790 2956 2850 3017 τὸ
2902 2958 3191 3039 κήρυγμα,
3242 2955 3381 3016 καθὰ
3434 2956 3497 3030 δὴ
3559 2955 3651 3015 xui
3698 2958 3746 3016 οἱ

2145 3047 2410 3122 Ἵζλληνες
2463 3047 2593 3108 αῧτὸ
2640 3048 2914 3126 ὠνόμαζον
2946 3073 2960 3087 ·
3009 3049 3190 3122 ἐπειδὴ
3249 3048 3303 3108 δὲ
3361 3047 3599 3118 ἀπέδειξε
3657 3047 3744 3108 διὰ

2147 3141 2252 3197 τῶν
2281 3140 2648 3219 πραγμάτων,
2712 3137 2792 3198 ὅτι
2843 3145 2876 3213 ἡ
2932 3139 3132 3213 ἀληθὴς
3179 3139 3338 3220 σοφία
3385 3137 3542 3197 τοῦτό
3594 3141 3742 3211 ἐστι,

2137 3227 2320 3288 λοιπὸν
2371 3233 2554 3312 θαῤῥεῑ
2605 3229 2697 3288 xui
2751 3229 2940 3310 σοφίαν
2980 3229 3259 3305 ὀνομάζειν
3293 3225 3343 3266 ³ο
3383 3228 3442 3288 τὸ
3485 3227 3745 3310 κήρυγμα

2135 3317 2194 3376 τὸ
2223 3319 2346 3400 περὶ
2385 3321 2619 3400 Χριστοῦ
2641 3366 2658 3393 ,
2693 3321 2786 3379 xui
2826 3319 2887 3378 τὸ
2919 3318 3005 3378 διὰ
3039 3325 3271 3400 σταυροῦ
3317 3321 3552 3392 σωθῆναι
3579 3345 3592 3358 ο
3637 3343 3745 3397 με-

2127 3407 2320 3487 γίστης
2373 3408 2478 3490 γὰρ
2523 3409 2708 3492 σοφίας
2751 3409 2810 3469 τὸ
2859 3410 2944 3468 διὰ
2993 3408 3220 3469 θανάτου
3267 3413 3607 3492 καταργῆσαι
3651 3408 3744 3469 τὸν

2135 3499 2386 3560 θάνατον.
2440 3489 2688 3568 Τελείους
2731 3499 2786 3560 δὲ
2817 3501 2960 3577 λέγει
3006 3499 3124 3568 τοὺς
3167 3500 3386 3568 πιστούς
3415 3489 3431 3538 λ
3463 3489 3606 3559 οὗτοι
3637 3499 3740 3581 γὰρ

2133 3589 2359 3664 τέλειοι,
2409 3591 2456 3648 οἱ
2487 3590 2705 3650 πάντων
2747 3589 3077 3672 ὑπεριδόντες
3100 3635 3116 3663 ,
3169 3589 3258 3649 xui
3289 3589 3418 3672 πρὸς
3457 3589 3548 3649 τὸν
3581 3589 3743 3671 οὖρα-

2135 3679 2219 3740 νὸν
2268 3681 2616 3748 ἀναπτάντες.
2678 3681 2882 3749 Αἰῶνος
2931 3679 2984 3740 δὲ
3032 3679 3219 3741 τούτου
3265 3679 3451 3763 σοφίαν
3493 3680 3742 3759 ὀνομάζει

2132 3771 2228 3846 τὴν
2279 3769 2378 3840 ἔξω
2401 3815 2416 3845 ,
2455 3774 2525 3839 ὥς
2577 3771 2900 3853 πρόσκαιρον
2923 3819 2940 3851 ,
2993 3770 3083 3830 xui
3111 3773 3186 3852 τῷ
3218 3773 3368 3831 αἰῶνι
3399 3769 3568 3852 τούτῳ
3610 3793 3741 3851 συγ-

2132 3861 2554 3939 καταλυομένην.
2609 3858 2902 3942 Ἄρχοντας
2955 3863 3009 3922 δὲ
3051 3867 3143 3922 τοῦ
3188 3863 3375 3927 αἰῶνος
3425 3860 3649 3940 τούτου,
3678 3862 3740 3921 οὔ

2133 3950 2420 4029 δαίμονας,
2453 3950 2524 4018 ὥς
2553 3973 2688 4018 τινες
2725 3951 2986 4030 ἐνόησαν,
3039 3949 3180 4010 ἀλλὰ
3208 3950 3329 4017 τοὺς
3368 3950 3589 4030 σοφοὺς,
3641 3950 3734 4010 xui

2132 4040 2522 4124 λογογράφους,
2577 4044 2669 4101 xui
2721 4039 2976 4123 ῥήτορας,
3023 4040 3074 4101 οἳ
3120 4039 3210 4101 xui
3255 4040 3568 4119 δημαγωγοὶ
3624 4039 3740 4120 έγί-

2132 4154 2280 4192 νοντο
2327 4132 2420 4190 xui
2465 4131 2737 4212 ἄρχοντες.
2791 4130 2894 4199 Ὠς
2931 4130 3286 4212 προσκαίρους
3332 4128 3387 4188 δὲ
3443 4129 3601 4196 ὄντας
3643 4130 3736 4189 xui

2133 4221 2352 4296 αὐτοὺς,
2385 4225 2478 4281 τοῦ
2522 4223 2709 4289 αἰῶνος
2737 4220 2926 4282 τούτου
2971 4220 3258 4300 ὀνομάζει,
3307 4219 3397 4280 xui
3439 4241 3735 4301 καταργου-

2133 4312 2339 4392 μένους,
2374 4311 2658 4388 τουτέστι,
2697 4311 3064 4391 παυομένους,
3107 4310 3198 4372 καὶ
3241 4311 3336 4371 οὐκ
3367 4308 3731 4379 αίωνίζοντας.

2211 4521 2235 4548 α
2269 4493 2429 4554 Ἀλλὰ
2479 4498 2743 4574 λαλοῦμεν
2793 4497 2936 4556 Θεοῦ
2989 4494 3175 4575 σοφίαν
3210 4495 3264 4552 ἐν
3309 4490 3589 4573 μυστηρίῳ
3631 4489 3728 4564 τὴν

2131 4585 2637 4667 ἀποκεκρυμμένην.
2677 4607 2709 4644 ι)
2755 4583 3067 4665 Μυστήριον
3110 4585 3264 4643 καλεῖ
3313 4582 3377 4643 τὸ
3405 4579 3545 4642 κατὰ
3593 4581 3734 4662 Χρι-

2047 4656 2098 4720 Ῑ)
2131 4674 2254 4734 στὸν
2279 4656 2533 4756 κήρυγμα
2565 4656 2583 4713 ο.
2613 4677 2659 4735 εἰ
2683 4675 2787 4756 γὰρ
2835 4675 2926 4734 xui
2959 4656 3222 4756 ’κήρυγμά
3265 4675 3436 4745 ἐστιν,
3469 4670 3609 4732 ἀλλὰ
3639 4656 3734 4730 καὶ

2128 4765 2418 4848 μυστήριόν
2491 4766 2634 4842 ἐστι,
2693 4765 2825 4826 καθὸ
2879 4763 2998 4824 οὔτε
3065 4764 3279 4842 ἄγγελοι
3345 4761 3544 4842 ᾔδεσαν
3601 4760 3734 4821 αὖτὸ

2124 4856 2248 4936 πρὶν
2301 4855 2576 4936 γενέσθαι,
2627 4855 2717 4915 xui
2772 4855 2903 4915 καθὸ
2930 4853 2976 4893 ³⁴
3042 4853 3174 4912 ἄλλο
3227 4852 3548 4932 βλέποντες,
3598 4850 3731 4912 ἄλλο

2123 4951 2362 5021 νοοῦμεν.
2410 4946 2605 5006 Βλέπω
2649 4944 2752 5027 γὰρ
2799 4943 3026 5026 σταυρὸν
3087 4942 3180 5003 xui
3231 4945 3429 5017 πάθος,
3481 4939 3574 5000 xui
3623 4943 3730 5001 νοῶ

2124 5035 2346 5115 δύναμιν
2381 5060 2396 5075 ο
2451 5037 2636 5096 δοῦλον
2687 5034 2900 5110 ἀκούω,
2945 5033 3038 5094 καὶ
3086 5032 3366 5107 Δεσπότην
3421 5032 3727 5114 προσκυνῶ.

2124 5125 2546 5208 Ἀποκρῦπτεται
2578 5125 2630 5164 ⁸²
2665 5126 2720 5186 δὲ
2765 5125 2902 5200 αὕτη
2933 5132 2967 5201 ἡ
2999 5123 3158 5206 σοφία
3200 5125 3310 5192 τοῖς
3340 5123 3437 5201 μὲν
3481 5120 3727 5190 ἀπίστοις

2121 5215 2297 5293 πάντη
2324 5242 2336 5256 ·
2385 5227 2492 5287 τοῖς
2547 5215 2602 5277 δὲ
2648 5225 2885 5297 πιστοῖς,
2933 5218 2992 5277 οὐ
3039 5215 3242 5289 πάντη.
3286 5213 3566 5292 Βλέπομεν
3619 5211 3724 5293 γὰρ

2121 5306 2240 5388 ἄρτι
2275 5313 2324 5369 ἔν
2361 5309 2625 5392 ἐσόπτρῳ.

2203 5512 2233 5548 ιι
2269 5488 2378 5550 Ἢν
2407 5489 2704 5571 προώρισεν
2733 5490 2762 5548 ὁ
2799 5485 2938 5556 Θεὸς
2965 5486 3072 5568 πρὸ
3116 5487 3222 5545 τῶν
3235 5483 3484 5571 ῌαίώνων
3527 5485 3600 5552 εἷς
3632 5479 3720 5571 δό-

2119 5581 2212 5650 ξαν
2241 5582 2422 5659 ἡμῶν.
2450 5564 2480 5638 ί)
2535 5564 2652 5654 Τὸ,
2693 5603 2723 5636 ιι
2756 5564 3102 5660 Προώρισεν,
3145 5597 3176 5636 ιδ
3214 5564 3396 5650 εἶπεν,
3444 5570 3534 5633 ἴνα
3577 5570 3720 5652 δείξῃ

2114 5669 2211 5744 τὴν
2262 5672 2382 5752 περὶ
2420 5673 2564 5751 ἡμᾶς
2609 5669 2825 5750 ἀγάπην
2874 5671 2968 5728 τοῦ
2998 5669 3166 5730 Θεοῦ.
3221 5665 3333 5728 Καὶ
3377 5663 3482 5746 γὰρ
3530 5664 3722 5723 ἐκεῖνοι

1800 5759 2000 5821 Variae
2043 5763 2343 5825 lectiones.

467 5837 512 5871 ‘3’
538 5837 830 5893 ἀποδέδοται
856 5857 908 5897 0.
990 5843 1034 5875 ³⁰
1055 5842 1294 5916 ὀνομάζει
1323 5861 1375 5902 0.
1454 5847 1492 5882 ³³
1520 5849 1683 5910 καθὼς
1716 5865 1770 5906 ο.
1848 5849 1892 5883 3’
1921 5849 2286 5926 ἀποκέκρυπται
2317 5868 2364 5910 ο.
