4090 6442
310 541 416 596 589

1231 539 1586 598 EXPOSITIO
1626 544 1692 598 IN
1734 544 1940 606 EPIST.
1981 548 2004 604 Ι
2042 549 2133 604 AD
2171 545 2329 603 COR.
2362 573 2433 586 —
2471 545 2621 600 CAP.
2666 545 2729 599 ll.

3519 544 3626 598 590

307 665 579 755 μάλιστα..
597 665 814 748 ἀγαπᾷν
850 670 996 746 ἡμᾶς
1037 666 1374 746 νομίζονται,
1416 668 1638 751 ὅσοιπερ
1690 669 1754 730 ἂν
1804 674 1910 755 πρὸ

2041 690 2122 731 tos
2163 671 2454 730 dilectione
2511 667 2768 742 prosequi
2796 667 3200 737 existimantur,
3234 667 3325 739 qui
3347 666 3466 740 jam
3488 666 3624 723 olim

305 757 510 840 πρλλοῦ
539 743 1157 838 ὦσι-παρεσκευασμένοι
1190 759 1482 840 εὐεργετεῖν
1507 743 1674 836 ἡμὰς.
1719 743 1908 833 Οὕτως

305 836 400 905 οὖν
427 845 519 905 xui
547 851 576 907 6
605 836 760 915 Sabe
789 847 892 930 πρὸ
943 836 1048 908 τῶν
1097 836 1300 908 αἰώνων
1325 836 1612 932 νπροώρισε
1661 851 1757 926 τὴν
1818 853 1905 913 διὰ

307 941 539 1017 σταυροῦ
588 936 888 1018 σωτηρίαν,
918 938 1035 1011 ἥτις
1067 939 1206 1000 ἐστὶν
1243 944 1277 1012 ἡ
1318 940 1545 1017 μεγίστη
1590 941 1770 1024 σοφία.
1811 946 1905 1012 Εἰς

304 1026 462 1095 δόξαν
491 1025 547 1086 δὲ
575 1029 761 1105 ἡμῶν,
791 1028 922 1089 καθὸ
951 1030 1232 1099 κοινωνοὺς
1262 1035 1405 1109 ἡμᾶς
1437 1032 1633 1104 ταύτης
1664 1032 1904 1107 ἐποίησε.

309 1116 452 1186 Δόξα
480 1115 584 1198 γὰρ
609 1117 660 1157 ³³
688 1117 876 1179 δούλου
917 1120 977 1180 τὸ
1021 1124 1345 1194 κοινωνῆσαι
1373 1125 1450 1203 τῷ
1492 1122 1739 1204 Δεσπότῃ
1773 1128 1909 1185 ἀπο·

310 1207 512 1289 κρύφον
541 1208 839 1290 μυστηρίου
852 1259 863 1269 .

399 1324 424 1352 α
477 1295 586 1359 ⁴Ἢν
624 1299 792 1368 οὐδεὶς
841 1303 946 1360 τῶν
997 1300 1272 1382 ἀρχόντων
1335 1307 1428 1362 τοῦ
1478 1304 1666 1372 αἰῶνος
1723 1303 1909 1365 τούτου

307 1388 558 1468 ἔγνωκεν.
611 1410 644 1448 ι)
673 1387 966 1471 Ἀρχοντας
1012 1396 1102 1450 νῦν
1155 1391 1298 1471 λέγει
1329 1392 1381 1431 ³⁸
1411 1391 1499 1452 τὸν
1549 1393 1786 1454 Πιλάτον
1819 1395 1911 1454 xui

310 1479 402 1539 τὸν
432 1477 700 1560 Ἡρώδην.
739 1482 806 1541 Εἰ
846 1479 901 1539 δὲ
932 1480 1022 1540 xui
1069 1479 1191 1550 τοὺς
1220 1483 1481 1564 ἀρχιερεῖς
1519 1482 1611 1542 καὶ
1655 1507 1911 1566 γραμμα-

305 1578 416 1638 τεῖς
447 1568 635 1645 εἴποις,
667 1571 762 1630 οὐκ
786 1569 1164 1653 ἂνεᾶμοίρτοις.
1194 1599 1216 1626 α
1241 1574 1351 1634 Τοῦ
1374 1575 1562 1642 αἰῶνος
1581 1571 1637 1633 δὲ
1668 1574 1868 1650 τούτου,
1889 1603 1913 1629 υ

309 1659 399 1720 διὰ
445 1660 506 1720 τὸ
549 1659 876 1742 πρόσκαιρον
926 1664 1020 1734 τῆς
1069 1664 1242 1743 ἀρχῆς
1293 1665 1500 1739 αὐτῶν,
1551 1669 1624 1732 ὡς
1665 1666 1914 1748 ἀνωτέρω

312 1751 637 1825 δεδήλωται.

399 1865 427 1899 α
464 1845 532 1904 Εἰ
561 1841 666 1924 γὰρ
695 1843 929 1922 ἔγνωσαν
951 1890 968 1918 ,
998 1843 1106 1902 ὀὐκ
1153 1841 1217 1902 ἂν
1245 1841 1337 1904 τὸν
1392 1844 1586 1926 Κύριον
1628 1848 1722 1918 τῆς
1767 1845 1916 1919 δόξης

314 1931 683 2010 ἐσταύρωσαν.
723 1960 749 1986 ν
785 1933 853 1992 Εἰ
902 1932 1140 2012 ἔγνωσαν
1171 1933 1224 1972 ³⁵
1249 1933 1346 2007 τὴν
1388 1935 1878 2017 ἀποκεκρυμμένην
1899 1983 1917 2016 ,

2018 773 2143 820 ante
2195 763 2368 820 multa
2423 768 2675 832 tempora
2740 757 2915 832 parati
2964 755 3190 814 fuerunt
3247 755 3409 814 nobis
3457 757 3626 814 bene-

2019 855 2217 912 facere.
2251 853 2408 908 Hanc
2445 850 2514 908 ad
2557 848 2832 907 rationem
2861 851 3012 906 Deus
3040 855 3165 904 ante
3203 846 3402 905 saecula
3431 847 3623 904 statuit

2017 960 2080 1002 ac
2130 942 2368 1002 decrevit
2414 941 2653 999 salutem
2701 956 2797 1013 per
2840 955 3063 998 crucem
3092 954 3218 1013 quae
3257 946 3344 996 est
3387 937 3626 995 maxima

2017 1033 2301 1109 sapientia.
2337 1035 2400 1089 In
2431 1033 2659 1106 gloriam
2697 1047 2826 1088 vero
2864 1039 3134 1101 nostram,
3160 1030 3316 1100 dixit,
3355 1038 3626 1103 quatenus

2018 1141 2120 1183 nos
2167 1124 2356 1198 gloriae
2415 1123 2706 1196 participes
2747 1120 2899 1179 fecit.
2941 1121 3132 1180 Gloria
3169 1121 3319 1179 enim
3348 1120 3489 1178 servi
3515 1130 3622 1192 est,

2019 1215 2340 1289 participem
2384 1229 2502 1272 esse
2530 1213 2743 1271 domini
2789 1213 2844 1269 in
2883 1211 3074 1269 abdito
3122 1213 3406 1286 mysterio.

2091 1309 2272 1364 Vnus.
2313 1312 2369 1362 8.
2419 1324 2448 1359 ‹‹
2478 1305 2660 1375 Quam
2691 1319 2857 1360 nemo
2897 1303 3207 1376 principum
3239 1301 3403 1376 hujus
3445 1301 3630 1361 saeculi

2020 1397 2292 1469 cognovit.
2337 1419 2364 1445 ν»
2388 1395 2672 1468 Principes
2700 1411 2851 1451 nunc
2876 1393 3010 1451 dicit
3054 1393 3338 1451 Herodem
3379 1402 3434 1451 et
3480 1393 3629 1450 Pila-

2021 1495 2162 1544 tum.
2213 1486 2270 1545 Si
2313 1503 2442 1544 vero
2493 1495 2549 1544 et
2589 1484 2883 1558 pontiﬁces
2930 1494 2986 1542 et
3022 1483 3243 1542 Scribas
3285 1483 3460 1552 dicas,
3514 1500 3626 1540 non

2023 1577 2326 1636 admodum
2377 1577 2603 1634 errabis.
2654 1575 2850 1633 Saeculi
2899 1583 3084 1634 autem
3138 1574 3322 1649 hujus,
3366 1575 3438 1633 ob
3485 1583 3627 1632 tem-

2023 1668 2303 1742 porarium
2332 1683 2526 1726 eorum
2552 1667 2876 1742 imperium.

2099 1873 2126 1901 «
2178 1851 2234 1909 Si
2273 1850 2427 1908 enim
2469 1849 2874 1924 cognovissent,
2917 1847 3223 1905 Dominum
3278 1847 3470 1920 glorias
3514 1863 3630 1905 non

2031 1941 2454 2000 cruciﬁxissent.
2506 1963 2534 1992 ι)
2589 1941 2642 1998 Si
2688 1938 3029 1997 reconditam
3081 1944 3164 2006 (ut
3202 1954 3371 2010 supra
3422 1937 3631 1994 dictum

314 2025 388 2092 ὣς
433 2022 964 2113 εἴρηταικσοςρίαν,
1028 2025 1118 2084 xui
1171 2023 1237 2084 τὰ
1287 2028 1380 2098 τῆς
1429 2025 1572 2094 θείας
1620 2027 1920 2104 οἰκονομίας

2041 2032 2133 2103 est)
2179 2032 2502 2106 sapientiam
2542 2040 2599 2089 et
2627 2031 2827 2088 divinae
2863 2029 3347 2087 administrationis
3371 2028 3637 2101 mysteria

317 2103 590 2196 μυστήρια
622 2138 634 2152 ·
665 2103 910 2192 οἶον,’τὰ
956 2113 1096 2175 κατὰ
1130 2114 1229 2188 τὴν
1272 2119 1364 2175 τοῦ
1394 2116 1536 2176 Θεοῦ
1579 2103 1921 2198 ἐνανθρῶπη-

315 2227 400 2263 σιν
423 2253 437 2275 ,
470 2204 610 2265 κατὰ
653 2203 743 2264 τὸν
770 2203 1034 2287 σταυρὸν,
1065 2204 1131 2266 τὰ
1178 2206 1320 2266 κατὰ
1359 2205 1457 2281 τὴν
1494 2209 1684 2279 κλῆσιν
1724 2206 1818 2266 xui
1847 2209 1922 2267 οἰ-

314 2295 535 2355 κείωσιν
577 2300 683 2356 τῶν
733 2298 932 2372 ἐθνῶν,
987 2295 1056 2354 τὰ
1099 2294 1242 2356 κατὰ
1290 2296 1384 2368 τὴν
1431 2295 1782 2378 ἀναγέννησιν
1831 2299 1922 2358 xui

316 2386 619 2460 υἱοθεσίαν,
671 2387 764 2445 xui
813 2385 1169 2468 κληρονομίαν
1217 2391 1312 2460 τῆς
1367 2388 1641 2469 βασιλείας
1685 2392 1789 2448 τῶν
1838 2390 1925 2448 οὗ·

321 2479 528 2556 ρανῶν,
565 2475 656 2536 καὶ
705 2475 923 2549 ἁπλῶς,
975 2474 1075 2535 ὅσα
1127 2477 1214 2537 διὰ
1262 2483 1355 2538 τοῦ
1406 2477 1561 2558 ἁγίου
1611 2478 1925 2556 Πνεύματος

318 2566 671 2647 ἀπεκαλύφθη
697 2567 805 2634 τοῖς
836 2566 1167 2634 ἀποστόλοις.
1204 2567 1366 2628 Ἀλλὰ
1407 2568 1499 2628 xui
1542 2571 1591 2628 oi
1621 2569 1884 2650 ἀρχιερεῖς
1905 2615 1922 2645 ,

319 2659 366 2716 εί
397 2657 597 2737 ᾔδεσαν
639 2657 720 2716 ὅτι
762 2661 796 2729 ἡ
847 2655 998 2725 πόλις
1047 2660 1220 2717 αὐτῶν
1273 2658 1586 2734 ἁλώσεται,
1638 2659 1728 2718 xui
1761 2657 1926 2735 ξαύτοὶ

321 2747 753 2827 ἀπαχθήσονται,
780 2749 876 2806 οὖκ
909 2747 970 2806 ἂν
989 2748 1357 2828 ἐσταύρωσαν.
1387 2777 1410 2803 ιι
1429 2747 1622 2832 Κύριον
1644 2746 1697 2807 δὲ
1725 2748 1877 2824 δόξης
1903 2778 1925 2802 υ

321 2841 550 2897 ἐνταῦθα
602 2837 850 2915 ὠνόμασε
901 2837 988 2898 τὸν
1039 2838 1276 2919 Χριστόν
1329 2863 1342 2877 ο
1398 2840 1530 2898 διότι
1587 2837 1688 2920 γὰρ
1748 2839 1927 2910 ἀδοξία

324 2927 495 2988 ἐδόκει
533 2931 561 2987 6
591 2926 815 3008 σταυρὸς
840 2973 856 3005 ,
890 2926 1154 2988 δείκνυσιν
1193 2927 1273 2987 ὅτι
1319 2929 1464 2989 οὐδὲν
1497 2931 1569 2997 εἷς
1601 2928 1754 2998 δόξαν
1797 2953 1932 3010 παρ⁴

323 3017 538 3092 εϐλοίϐη
573 3019 634 3078 εκ
664 3023 756 3077 τοῦ
789 3022 1046 3100 σταυροῦ,
1091 3018 1230 3078 ἀλλὰ
1263 3022 1468 3098 μᾶλλον
1497 3019 1592 3079 xui
1632 3019 1888 3094 ἐδοξάσθη
1913 3067 1927 3093 ,

321 3112 395 3175 ὡς
449 3110 508 3168 ἐκ
547 3107 733 3169 τούτου
783 3111 987 3186 μᾶλλον
1034 3109 1214 3190 φανεὶς
1265 3108 1658 3191 φιλάνθρωπος.
1719 3111 1929 3170 Οὐκοῦν

323 3201 374 3258 εἰ
403 3197 484 3276 μὴ
515 3198 786 3279 ἔγνωσαν,
837 3196 944 3258 ἔδει
993 3200 1170 3268 αὐτοῖς
1201 3201 1460 3281 ἀφεθῆναι
1498 3199 1556 3259 τὸ
1587 3199 1928 3282 ἁμάρτημα;

325 3289 476 3360 Nui,
543 3289 587 3348 εἰ
661 3287 798 3368 μετὰ
850 3293 1020 3348 ταῦτα
1099 3291 1401 3370 προσῆλθον
1470 3289 1930 3368 μετανοήσαντες,

2029 2123 2442 2198 cognovissent;
2485 2122 2576 2178 illa
2623 2122 2915 2192 nimirum,
2962 2136 3085 2194 quae
3129 2121 3274 2177 circa
3322 2119 3416 2176 Dei
3453 2120 3636 2176 incar-

2030 2215 2344 2284 nationem,
2386 2229 2509 2286 qum
2552 2213 2695 2270 circa
2737 2229 2986 2282 crucem;
3037 2228 3163 2287 quae
3207 2211 3350 2268 circa
3387 2209 3634 2284 gentium

2030 2305 2382 2362 vocationem
2425 2313 2481 2361 et
2519 2303 3062 2377 appropriationem;
3095 2318 3216 2376 quae
3246 2303 3388 2359 circa
3417 2316 3634 2375 regene-

2031 2395 2325 2465 rationem,
2357 2402 2410 2451 et
2430 2394 2784 2467 adoptionem
2810 2395 3068 2468 regnique
3093 2393 3331 2450 scelestis
3353 2391 3642 2449 haeredita-

2033 2494 2170 2555 tem,
2193 2493 2270 2554 et,
2287 2493 2349 2542 ut
2367 2501 2478 2542 uno
2494 2485 2662 2542 verbo
2677 2485 2876 2556 dicam,
2898 2499 3240 2558 quaecunque
3257 2499 3352 2556 per
3373 2483 3638 2556 Spiritum

2034 2584 2287 2633 sanctum
2307 2575 2571 2648 apostolis
2592 2576 2825 2632 revelata
2846 2583 2991 2632 sunt.
3019 2574 3168 2649 Quin
3193 2573 3362 2630 etiam
3391 2574 3438 2630 si
3467 2574 3640 2644 ponti-

2035 2665 2168 2722 ﬁces
2190 2664 2386 2722 urbem
2417 2681 2576 2722 suam
2600 2664 2949 2734 diruendam,
2969 2680 3136 2738 seque
3165 2662 3518 2720 abducendos
3544 2680 3638 2720 co-

2036 2755 2364 2829 gnovissent,
2401 2755 2556 2812 illum
2599 2772 2714 2812 non
2754 2755 3171 2813 cruciﬁxissent.
3209 2754 3416 2812 Gloria:
3453 2761 3639 2811 autem

2039 2847 2343 2904 Dominum
2374 2845 2464 2903 hic
2515 2845 2652 2903 dixit
2678 2846 2980 2903 Christum.
3011 2847 3153 2917 Quia
3183 2846 3332 2903 enim
3378 2862 3510 2903 crux
3542 2862 3643 2918 pro

2039 2937 2262 2996 infamia
2309 2937 2640 3007 ducebatur,
2692 2936 2935 2994 ostendit
2985 2937 3130 3010 quod
3161 2935 3298 2992 nihil
3338 2936 3418 2992 illi
3452 2936 3644 3010 gloriae

2039 3027 2378 3085 diminutum
2409 3035 2492 3084 est
2533 3043 2630 3101 per
2671 3043 2912 3092 crucem,
2956 3028 3086 3100 quin
3128 3027 3308 3099 potius
3336 3027 3484 3100 quod
3513 3025 3644 3083 inde

2039 3117 2373 3190 gloriﬁcatus
2415 3125 2519 3186 est,
2572 3119 2775 3192 quippe
2807 3117 2898 3191 qui
2940 3133 3004 3174 ex
3034 3117 3139 3174 hoc
3168 3117 3427 3174 humanae
3457 3117 3649 3173 salutis

2039 3208 2336 3266 studiosior
2390 3209 2665 3282 apparuit.
2724 3208 2779 3264 Si
2845 3209 3029 3280 itaque
3093 3223 3212 3264 non
3265 3207 3644 3280 cognoverint,

2038 3313 2225 3356 nonne
2254 3307 2542 3373 peccatum
2587 3298 2664 3355 eis
2701 3297 2910 3355 dimitti
2953 3299 3240 3371 oportuit?
3293 3297 3560 3368 Omnino,
3601 3297 3645 3353 si

322 3379 520 3460 ἀφείθη
563 3377 628 3438 ἂν
674 3379 880 3452 αὐτοῖς,
928 3378 1112 3462 ὥσπερ
1165 3382 1256 3440 xui
1290 3386 1367 3462 τῷ
1416 3381 1653 3463 Παύλῳ,
1699 3380 1791 3441 xui
1822 3389 1927 3452 τοῖς

2041 3397 2228 3462 postea
2272 3390 2655 3463 resipiscentes
2701 3387 2772 3446 ad
2823 3388 3105 3446 Christum
3151 3387 3527 3457 accessissent,
3567 3388 3644 3444 di-

325 3471 513 3539 ἄλλοις
544 3471 652 3538 τοῖς
681 3467 735 3538 ἐξ
766 3467 1064 3551 Ἐϐραίων.

420 3588 445 3613 οι
482 3559 648 3621 Ἀλλὰ
699 3558 877 3631 καθὼς
927 3559 1254 3641 γέγραπται.
1301 3589 1326 3614 ιι
1358 3561 1546 3622 Λείπει
1582 3561 1642 3621 τὸ
1698 3561 1881 3643 γέγονε
1915 3583 1927 3599 ·

323 3652 606 3732 πολλαχοῦ
649 3649 755 3732 γὰρ
798 3653 827 3709 6
872 3650 1189 3721 Ἀπόστολος
1217 3654 1294 3734 τῷ
1329 3654 1648 3735 ἐλλειπτικῷ
1691 3653 1936 3734 σχήματι

327 3740 619 3823 κέχρηται.

422 3821 554 3893 ιιἋ
584 3834 613 3891 6
647 3830 849 3912 [υυῖθ.
883 3851 1001 3894 om.
1038 3832 1102 3912 6]
1135 3832 1406 3914 ὀφθαλμὸς
1431 3833 1524 3892 οὐκ
1555 3821 1690 3906 εἶδε,
1726 3832 1821 3892 xui
1846 3822 1933 3901 οῦς

326 3925 427 3984 οὔκ
458 3921 656 3994 ἤκουσε
676 3966 694 3996 ,
734 3923 824 3982 xui
845 3921 933 3982 ἐπὶ
959 3921 1183 4003 καρδίαν
1217 3921 1497 4003 ἀνθρώπου
1532 3924 1630 3982 οὐκ
1675 3921 1866 3999 ἀνέϐη,
1900 3922 1935 3983 ἂ

325 4010 624 4090 ἡτοίμασεν
657 4015 686 4071 6
714 4011 851 4081 Θεὸς
871 4012 982 4080 τοῖς
1011 4014 1294 4093 ἀγαπῶσιν
1318 4011 1497 4076 αὐτόν.
1534 4035 1562 4070 a
1601 4011 1674 4075 Τί
1699 4012 1754 4073 δὲ
1783 4012 1932 4084 ἡτοί-

331 4127 508 4184 μασεν
552 4108 581 4164 6
622 4103 760 4170 Θεὸς
787 4110 894 4170 τοῖς
941 4104 1223 4182 ἀγαπῶσιν
1269 4103 1456 4178 αὖτόν;
1501 4102 1618 4176 Τὴν
1661 4108 1751 4164 τοῦ
1805 4105 1938 4185 Χρι-

330 4198 465 4254 στοῦ
494 4195 716 4274 γνῶσιν,
761 4192 851 4253 xui
890 4192 986 4264 τὴν
1033 4197 1125 4264 τῆς
1161 4193 1614 4275 ἐνανθρωπήσεως
1645 4193 1935 4275 σωτηρίαν.

331 4273 531 4344 Ταῦτα
565 4284 670 4364 γὰρ
695 4281 814 4343 οὔτε
837 4283 1108 4365 ὀφθαλμὸς
1137 4273 1465 4364 ἀνθρώπινος
1497 4273 1658 4358 εἶδεν,
1690 4273 1811 4344 οὔτε
1854 4275 1940 4354 οῦς

332 4372 668 4456 ἀνθρώπινον
729 4375 887 4455 [οὐκ]
925 4373 1175 4448 ἤκουσεν,
1223 4373 1342 4434 οὔτε
1394 4373 1588 4454 καρδία
1631 4376 1939 4456 ἀνθρωπίνη

330 4463 640 4544 ἐλογίσατο.
679 4466 751 4526 Οἳ
779 4464 884 4546 γὰρ
921 4469 1192 4546 προφῆται
1235 4467 1330 4524 οὖκ
1361 4463 1706 4547 ἀνθρωπίνοις
1752 4467 1949 4548 ὀφθαλο

335 4563 462 4635 μοῖς
505 4553 760 4629 ἔϐλεπον,
800 4554 919 4615 οὖδὲ
974 4553 1320 4636 ἀνθρωπίνοις
1361 4555 1492 4614 ὠσὶν
1551 4554 1784 4636 ἤκουον,
1822 4557 1940 4617 οὐδὲ

2043 3479 2355 3536 mitteretur
2409 3479 2494 3548 iis,
2544 3477 2773 3551 perinde
2810 3494 2873 3534 ac
2915 3479 3083 3536 Paulo
3113 3479 3340 3552 aliisque
3379 3478 3646 3534 Hebraeis.

2112 3572 2288 3626 Vsus.
2329 3573 2384 3624 9.
2432 3589 2461 3619 ιι
2511 3567 2620 3626 Sed
2667 3567 3142 3640 quemadmodum
3171 3569 3439 3641 scriptum
3467 3577 3567 3625 est.
3620 3590 3646 3617 ι»

2041 3662 2233 3727 Deest,
2269 3657 2478 3715 factum
2509 3665 2612 3715 est.
2657 3659 2803 3713 Nam
2849 3657 3146 3730 Apostolus
3182 3657 3372 3714 multis
3417 3658 3476 3715 in
3516 3657 3652 3715 locis

2044 3748 2300 3822 ellipseos
2322 3746 2494 3821 ﬁgura
2532 3762 2668 3804 usus
2692 3754 2794 3804 est.

2123 3858 2150 3892 ‹‹
2186 3839 2324 3910 Qum
2353 3837 2543 3894 oculus
2590 3853 2703 3893 non
2751 3836 2906 3906 vidit,
2954 3844 3009 3893 et
3047 3836 3197 3894 auris
3241 3852 3356 3894 non
3413 3835 3642 3903 audivit,

2043 3937 2099 3986 et
2119 3928 2174 3984 in
2197 3945 2295 3986 cor
2324 3927 2564 3986 hominis
2586 3943 2705 3985 non
2731 3925 3124 3995 ascenderunt,
3162 3943 3288 4000 qua
3311 3927 3647 4000 praeparavit

2047 4023 2196 4075 Deus
2243 4018 2600 4093 diligentibus
2642 4033 2702 4075 se
2746 4027 2784 4074 °.
2832 4041 2859 4068 ι
2892 4017 3035 4088 Quid
3073 4025 3261 4074 autem
3317 4017 3650 4090 praeparavit

2044 4113 2196 4166 Deus
2214 4107 2567 4184 diligentibus
2589 4111 2684 4166 se?
2704 4108 2905 4166 Christi
2932 4108 3308 4181 cognitionem
3328 4123 3393 4165 ac
3416 4107 3651 4165 salutem

2045 4217 2142 4275 per
2160 4201 2618 4259 incarnationem.
2644 4201 2777 4258 Haec
2797 4200 2946 4257 enim
2967 4215 3147 4272 neque
3168 4199 3446 4258 humanus
3460 4199 3655 4257 oculus

2048 4291 2201 4361 vidit,
2241 4307 2421 4365 neque
2465 4291 2614 4348 auris
2657 4290 2895 4348 humana
2936 4290 3164 4361 audivit,
3205 4307 3386 4364 neque
3426 4307 3523 4348 cor
3558 4291 3656 4348 ho-

2045 4381 2215 4438 nimis
2243 4382 2522 4455 cogitavit.
2560 4381 2722 4454 133
2751 4381 3046 4454 Propheta}
3073 4380 3224 4437 enim
3253 4397 3370 4436 non
3397 4381 3655 4438 humanis

2047 4471 2224 4529 oculis
2252 4471 2528 4542 viderunt,
2556 4487 2734 4544 neque
2762 4470 3016 4528 humanis
3044 4471 3266 4528 auribus
3292 4471 3650 4538 audiverunt,

2051 4577 2230 4635 neque
2284 4562 2528 4620 humano
2569 4561 2655 4618 usi
2685 4561 2962 4618 intellectu
3012 4561 3393 4618 intellexerunt
3419 4576 3482 4617 ea
3531 4576 3656 4633 quae

335 4643 658 4728 ἀνθρωπίνῳ
679 4643 764 4704 νοῒ
785 4644 1053 4726 χρώμενοι
1075 4645 1323 4705 συνίεσαν
1353 4643 1422 4704 τὰ
1442 4649 1565 4728 περὶ
1591 4647 1832 4727 Χριστοῦ
1867 4647 1927 4686 ³⁶ι

349 4737 399 4748 αα
414 4737 433 4748 ι
457 4733 471 4748 ι
589 4735 603 4748 ι
750 4741 769 4748 Α
803 4743 824 4748 ..
892 4726 924 4748 τ
1028 4737 1044 4748 ε
1111 4736 1138 4748 an
1303 4739 1347 4748 --
1366 4734 1380 4748 ι
1566 4735 1579 4748 ι
1881 4736 1894 4748 ι

2057 4650 2128 4709 de
2176 4651 2394 4709 Christo
2443 4652 2589 4710 dicta
2636 4661 2817 4718 erant;
2865 4649 2965 4708 sed
3017 4650 3205 4707 omnia
3269 4649 3448 4707 divina
3500 4658 3660 4705 erant

335 4733 486 4796 ἀλλὰ
526 4726 703 4794 πάντα
747 4741 861 4796 θεῖα
889 4726 954 4808 ἦν
988 4736 1181 4805 αὐτοῖς.
1223 4766 1246 4789 τι
1302 4734 1494 4816 Κύριος
1519 4726 1661 4816 γὰρ,
1695 4761 1724 4792 ι)
1772 4736 1938 4819 φησὶ,

340 4849 373 4884 α
413 4823 712 4905 προσέθηκέ
763 4849 853 4904 μοι
883 4825 1067 4903 ὠτίον,
1106 4854 1131 4881 υ
1168 4825 1528 4904 πνευματικὸν
1569 4825 1772 4900 δηλαδή
1801 4846 1814 4861 ⁸
1851 4828 1944 4886 xui

331 4915 519 4978 τᾶλλα
542 4915 760 4994 ὁμοίως.
795 4915 956 4984 Τίνες
983 4915 1040 4975 δέ
1070 4919 1202 4976 εἰσιν
1235 4919 1282 4977 οἳ
1313 4918 1624 4996 ἀγαπῶντες
1650 4917 1738 4977 τὸν
1766 4915 1944 4994 Θεόν,

327 5008 413 5070 Οἱ
439 5005 642 5068 πιστοί.
672 5007 785 5066 Ποῦ
819 5006 874 5066 δὲ
901 5005 1206 5088 γέγραπται
1249 5011 1282 5079 ἡ
1316 5012 1511 5088 χρῆσις
1542 5005 1712 5084 αὕτη;
1767 5003 1938 5077 Ἴσως

336 5097 446 5176 μὲν
491 5097 627 5165 εἰκὸς
669 5095 761 5158 xui
792 5098 976 5166 αὐταῖς
1009 5097 1181 5167 λέξεσι
1211 5097 1506 5180 γεγράφθαι
1560 5096 1727 5170 αὐτὴν
1770 5096 1942 5171 οὕτω,

335 5186 440 5248 xui
487 5194 573 5246 νῦν
625 5186 702 5266 μὴ
749 5185 1084 5269 εὑρίσκεσθαι
1131 5187 1192 5247 τὸ
1239 5186 1447 5268 βιϐλίον
1476 5212 1489 5226 -
1535 5187 1662 5256 ἴσως
1713 5186 1767 5247 δὲ
1801 5189 1892 5248 xui
1919 5193 1947 5249 6

333 5274 650 5360 σοφώτατος
703 5279 920 5346 Παῦλος
985 5277 1313 5362 μετίφρασεν
1375 5279 1428 5319 ³⁷
1476 5279 1549 5346 εἰς
1605 5277 1806 5352 ταύτην
1853 5279 1945 5356 τὸ,

423 5362 446 5393 ε
475 5359 581 5416 lsa.
609 5373 785 5416 Lxrv.
814 5365 869 5416 4.

497 5373 581 5417 sa.
609 5373 785 5431 ΜΠ,
814 5373 869 5416 4.

2057 4741 2152 4799 eis.
2182 4766 2207 4791 ιι
2240 4741 2517 4800 Dominus
2536 4741 2707 4809 enim,
2732 4741 2931 4813 inquit,
2953 4741 3205 4814 apposuit
3232 4739 3366 4796 mihi
3391 4754 3603 4809 aurem,
3626 4763 3650 4786 υ

2054 4831 2392 4906 spiritualem
2436 4831 2706 4899 videlicet,
2736 4839 2791 4888 et
2816 4831 2920 4886 alia
2965 4829 3018 4887 id
3060 4845 3253 4904 genus.
3283 4831 3524 4901 Quinam
3554 4847 3657 4886 au-

2054 4931 2168 4980 tem
2210 4930 2339 4980 sunt
2392 4921 2680 4996 diligentes
2740 4923 2968 4978 Deum?
3017 4921 3251 4978 Fideles.
3309 4921 3422 4978 Ubi
3477 4929 3662 4977 autem

2057 5013 2322 5087 scriptum
2369 5021 2452 5070 est
2494 5013 2600 5069 hoc
2641 5011 2980 5069 oraculum?
3038 5011 3349 5069 Verisimile
3379 5019 3466 5069 est
3513 5009 3662 5066 hisce

2056 5105 2238 5178 ipsum
2290 5103 2468 5161 verbis
2495 5103 2692 5160 alicubi
2722 5102 2914 5171 scribi,
2959 5101 3226 5174 hodieque
3270 5117 3386 5158 non
3433 5099 3660 5157 inveniri

2057 5195 2286 5253 librum.
2337 5195 2612 5251 Fortassis
2653 5201 2841 5251 autem
2881 5200 2934 5248 et
2979 5190 3418 5266 sapientissimus
3463 5189 3662 5247 Paulus

2056 5285 2206 5343 hunc
2225 5284 2307 5359 Qad
2335 5283 2568 5343 modum
2609 5285 3002 5356 interpretatus
3029 5290 3113 5340 est
3141 5280 3275 5338 illud
3312 5302 3324 5338 :
3377 5303 3404 5330 κ
3448 5279 3664 5354 Quibus

1752 5432 1944 5494 Variae
1987 5431 2295 5494 lectiones.

423 5519 469 5557 ⁸⁸
501 5521 556 5577 δὲ
597 5538 651 5581 0.
727 5521 771 5557 3"
816 5520 1060 5594 ἄρχοντας
1096 5529 1182 5577 τοῦ
1229 5519 1407 5586 αἰῶνος
1453 5521 1630 5577 τούτου
1683 5519 1914 5594 Ἡρώδην
1964 5521 2049 5575 xui
2087 5521 2306 5575 Πιλάτον
2367 5521 2576 5588 νοήσεις,
2625 5521 2677 5573 οἳ
2723 5520 2780 5573 τὸ
2833 5519 3099 5591 μυστήριον
3143 5515 3232 5569 οὒκ
3273 5515 3477 5588 ᾔδεσαν,
3531 5513 3666 5567 ἀλλὰ

336 5604 440 5660 xui
483 5604 595 5667 tab;
640 5603 889 5676 ἀρχιερεῖς
933 5610 1030 5659 τῶν
1089 5601 1366 5668 Ἰουδαίων,
1423 5605 1474 5656 οἳ
1513 5602 1625 5657 οὗδὲ
1659 5601 1802 5658 uinci
1841 5602 1927 5676 ἔγν

2044 5622 2068 5656 ν
2117 5619 2196 5658 m.
2254 5604 2538 5673 Principes
2591 5600 2786 5657 mundi
2821 5600 2982 5672 hujus
3020 5599 3259 5668 intelhge
3301 5597 3566 5654 Herodem
3617 5601 3668 5651 et

337 5686 615 5751 Pilatum,
646 5687 740 5758 qui
775 5686 872 5742 hoc
907 5687 1226 5756 mysterium
1264 5689 1622 5756 ignorarunt;
1659 5701 1721 5741 ac
1759 5688 1925 5742 etiam
1953 5687 2233 5758 pontiﬁces
2261 5685 2603 5746 Judceorum,
2634 5685 2892 5753 quoniam
2921 5686 2970 5737 et
3007 5683 3117 5752 ipsi
3141 5695 3247 5737 non
3291 5683 3666 5748 cognouerunt.

337 5768 392 5803 ⁸⁵
445 5765 489 5820 εἰ
535 5766 788 5840 ἔγνωσαν,
834 5767 982 5839 φησὶ,
1035 5768 1113 5821 ὅτι
1153 5766 1310 5830 οὕτως
1341 5765 1449 5838 ἔχει
1498 5767 1690 5839 λάμψαι
1731 5767 1759 5820 6
1809 5766 2016 5838 σταυρὸς
2068 5765 2153 5818 xui
2186 5766 2263 5818 ὅτι
2311 5769 2398 5833 τῆς
2448 5763 2736 5836 οἰκουμένης
2785 5762 2923 5816 ἔσται
2966 5763 3207 5833 σωτηρία,
3267 5758 3419 5814 Ἀλλὰ
3470 5760 3555 5813 xui
3593 5775 3672 5815 m.

335 5852 414 5909 Si
465 5852 841 5921 cognouissent
856 5891 874 5914 ,

339 5930 396 5968 ³⁸
426 5928 556 5986 Θεοῦ
575 5951 630 5990 ο.
709 5931 754 5968 ⁸⁷
793 5929 853 5985 τὸ
884 5929 1078 6002 βιϐλίον
1116 5946 1169 5988 o.

962 5850 1186 5922 inquit,
1243 5851 1467 5920 futurus
1533 5854 1596 5905 ut
1666 5849 1798 5906 adeo
1845 5847 2150 5919 splenderet
2213 5864 2349 5903 crus:
2395 5847 2689 5915 mundique
2745 5846 2901 5902 salus
2972 5844 3238 5902 evaderet.
3295 5843 3437 5910 Quin
3504 5845 3677 5898 etiam
