4090 6438
456 478 550 534 591

1476 473 1991 533 THEOPHYLACTI
2029 471 2388 528 BULGARIE
2424 470 2738 528 ARCHIEP.

3661 470 3765 528 592

454 616 569 656 non
596 601 989 658 annuntiatum
1022 608 1108 657 est
1133 600 1201 658 de
1243 618 1330 669 eo,
1360 601 1622 659 videbunt
1658 619 1671 655 :
1714 611 1769 658 et
1822 600 1917 674 qui
1944 614 2043 656 non

2181 619 2211 656 ((
2241 587 2340 664 Οἷς
2369 598 2466 659 οὔκ
2496 596 2766 676 ἀνηγγέλη
2796 594 2920 674 περὶ
2966 594 3158 668 αὖτοῦ,
3183 593 3404 677 ὄψονται
3431 619 3444 634 ο
3471 595 3563 656 καὶ
3594 595 3646 656 οἳ
3668 598 3764 658 οὔκ

451 691 802 758 audiverunt,
831 691 1152 764 intelligent.
1183 715 1208 741 ιο

537 802 563 827 α
603 782 741 853 Quae
770 781 964 836 oculus
991 795 1103 836 non
1139 780 1294 849 vidit,
1323 789 1377 837 et
1405 782 1556 838 auris
1590 797 1703 838 non
1736 780 1968 849 audivit,
1999 787 2056 835 et

450 866 508 923 in
545 883 642 924 cor
688 868 928 925 hominis
964 885 1077 926 non
1126 870 1520 940 ascenderunt,
1552 885 1676 943 qum
1727 869 2058 942 praeparavit

452 961 604 1015 Deus
636 957 988 1031 diligentibus
1034 977 1108 1017 se.
1156 983 1182 1010 ι
1225 961 1364 1031 Qua
1405 964 1553 1017 Deus
1599 959 1928 1033 prteparavit
1976 957 2056 1014 eis

453 1048 549 1119 qui
598 1048 778 1120 ipsum
815 1049 1069 1122 diligunt,
1119 1049 1176 1107 id
1214 1059 1298 1108 est
1338 1050 1608 1108 ﬁdelibus.
1663 1052 1853 1122 Neque
1900 1047 2051 1105 enim

450 1139 680 1195 omnino
732 1149 1037 1215 antequam
1086 1141 1303 1214 ﬁerent,
1350 1144 1449 1199 ulli
1499 1149 1769 1199 creaturae
1816 1139 1927 1196 visa
1954 1155 2055 1195 ne-

451 1245 557 1300 que
594 1230 867 1288 intellecta
906 1239 1054 1288 sunt.
1105 1232 1372 1306 Quamvis
1411 1233 1559 1289 enim
1593 1232 1877 1305 prophetae
1904 1230 2053 1287 vide-

451 1328 581 1376 runt
607 1329 662 1377 et
711 1323 1039 1380 audiverunt
1065 1333 1122 1381 et
1151 1324 1544 1383 intellexerunt
1592 1340 1677 1394 ea,
1709 1339 1823 1380 non
1867 1331 2048 1379 tamen

449 1410 626 1466 oculis
677 1413 994 1469 et-auribus
1049 1421 1102 1469 et
1146 1415 1403 1471 cordibus
1466 1414 1746 1484 humanis,
1794 1412 1888 1470 sed
1924 1425 2048 1484 pro-

450 1498 677 1570 pheticis
721 1511 776 1558 et
818 1503 1214 1576 spiritualibus.
1273 1507 1383 1561 Ista
1433 1513 1619 1560 autem
1660 1510 1817 1559 erant
1846 1501 2050 1574 agnitio

448 1586 649 1644 Christi
678 1597 734 1645 et
777 1589 926 1646 salus
953 1607 1049 1662 per
1087 1591 1521 1648 incarnationem
1553 1592 1692 1664 ejus.
1726 1590 1836 1647 Ubi
1863 1598 2050 1646 autem

453 1674 545 1731 hic
592 1685 776 1734 textus
807 1681 1084 1748 scribitur,
1141 1696 1255 1737 non
1298 1681 1593 1754 reperitur,
1627 1697 1692 1737 ac
1735 1680 1939 1736 librum
1990 1679 2055 1735 il-

450 1765 590 1838 lum,
635 1767 1112 1839 quemadmodum
1178 1771 1384 1828 multos
1428 1771 1584 1840 alios,
1635 1786 1879 1843 quorum
1927 1769 2050 1826 libri

444 1858 766 1929 Regnorum
813 1867 869 1914 et
911 1861 1372 1934 Paralipomenon
1427 1861 1770 1918 mentionem
1814 1860 2042 1931 faciunt,

444 1946 671 2019 periisse
708 1947 1003 2006 verisimile
1068 1958 1172 2007 est.
1219 1952 1471 2008 Fortasse
1529 1967 1658 2008 vero
1705 1950 2047 2024 sapientissi-

444 2052 568 2094 mus
618 2040 824 2095 Paulus
859 2040 933 2096 ita
975 2040 1369 2113 interpretatus
1411 2051 1495 2098 est
1529 2040 1666 2098 illud
1705 2060 1719 2097 :
1758 2065 1784 2091 α
1837 2040 2048 2112 Quibus

441 2142 556 2183 non
601 2130 990 2186 annuntiatum
1033 2140 1119 2187 est
1158 2131 1228 2189 de
1267 2148 1351 2202 eo,
1397 2131 1678 2201 videbunt,
1719 2140 1776 2188 et
1802 2131 1893 2204 qui
1934 2147 2048 2188 non

441 2217 788 2289 audiverunt,
818 2219 1122 2296 intelligent
1151 2265 1164 2279 .
1199 2241 1229 2277 ιι

513 2401 686 2458 Vsns.
746 2409 837 2459 lo.
906 2425 932 2452 α
989 2403 1164 2460 Nobis
1211 2412 1399 2462 autem
1441 2403 1700 2461 revelavit
1749 2406 1898 2460 Deus
1952 2419 2050 2477 per

437 2488 704 2560 Spiritum
753 2506 938 2548 suum.
973 2514 1000 2541 »
1047 2490 1285 2549 Perinde
1331 2508 1394 2548 ac
1431 2492 1476 2548 si
1509 2493 1630 2565 quis
1675 2491 1846 2561 dicat,
1893 2493 1946 2549 Si
1990 2493 2046 2550 in

437 2594 535 2634 cor
562 2579 806 2638 hominis
845 2598 956 2638 non
987 2582 1252 2648 ascendit,
1286 2582 1568 2655 quomodo
1603 2597 1702 2638 vos
1736 2579 2046 2638 didicistis?

437 2667 644 2739 subdit,
691 2673 839 2727 Deus
868 2672 1132 2730 revelavit
1178 2672 1339 2728 nobis
1371 2687 1466 2744 per
1495 2671 1783 2742 Spiritum,
1811 2686 1926 2728 non
1951 2686 2048 2744 per

437 2757 734 2814 humanam
780 2761 1119 2832 sapientiam.
1152 2763 1277 2834 Ipsa
1305 2761 1454 2818 enim
1488 2776 1602 2816 non
1632 2760 1834 2834 potuit,
1866 2775 2047 2832 neque

435 2846 600 2919 digna
654 2847 755 2904 fuit
807 2849 1012 2918 videre,
1081 2848 1326 2921 adeoque
1392 2863 1693 2921 agnoscere
1756 2847 1858 2903 Dei
1923 2862 2043 2920 my-

439 2936 625 2992 steria.

507 3029 694 3085 Vsns.
740 3034 826 3096 10,
861 3035 948 3084 11.
985 3051 1011 3078 σι
1060 3027 1294 3100 Spiritus
1341 3027 1494 3083 enim
1534 3026 1718 3082 omnia
1747 3032 2042 3090 scrutatur,

434 3119 601 3174 etiam
631 3117 904 3190 profunda
935 3118 1060 3174 Dei.
1107 3118 1242 3188 Quis
1269 3119 1418 3174 enim
1465 3117 1756 3173 hominum
1785 3115 1886 3172 scit
1922 3128 2045 3188 quae

432 3215 565 3262 sunt
589 3207 848 3277 hominis,
886 3207 989 3263 nisi
1028 3207 1250 3279 spiritus
1276 3207 1520 3263 hominis
1546 3207 1638 3276 qui
1679 3206 1738 3262 in
1768 3206 1890 3278 ipso
1922 3205 2046 3260 est?

439 3299 520 3352 Ita
546 3305 603 3352 et
640 3312 764 3369 qua:
801 3296 903 3354 Dei
941 3305 1089 3365 sunt,
1138 3311 1303 3354 nemo
1348 3296 1623 3369 cognovit,
1669 3294 1774 3352 nisi
1812 3293 2046 3367 Spiritus

438 3388 560 3445 Dei.
609 3406 638 3442 ιι
688 3391 950 3456 Tantum,
997 3388 1203 3461 inquit,
1255 3387 1580 3462 mysterium
1625 3394 1761 3454 erat,
1801 3383 2044 3455 adeoque

436 3477 857 3547 absconditum,
905 3488 968 3535 ut
1009 3494 1124 3535 non
1178 3477 1520 3550 potuerimus
1571 3477 1640 3533 ab
1664 3476 1772 3533 alio
1815 3476 2042 3538 discere,

434 3568 541 3626 nisi
570 3569 804 3642 Spiritus
856 3586 958 3626 nos
1003 3569 1316 3638 docuisset,
1348 3556 1450 3640 qui
1487 3565 1891 3640 profunditates
1933 3567 2044 3622 Dei

434 3659 602 3716 novit.
634 3661 774 3716 Nam
819 3659 967 3733 quod
1021 3659 1116 3728 ait,
1177 3683 1201 3707 α
1225 3667 1524 3727 scrutatur,
1555 3682 1580 3706 ι»
1617 3673 1732 3714 non
1774 3666 1859 3713 est
1897 3657 2044 3715 indi-

431 3750 575 3807 cium
610 3749 958 3821 ignorantiae,
988 3760 1249 3806 caeterum
1275 3757 1482 3805 exacta:
1511 3746 2043 3820 comprehensionis,

431 3838 909 3912 quemadmodum
939 3847 995 3895 et
1033 3838 1102 3894 de
1133 3840 1294 3895 Patre
1332 3838 1546 3895 dictum
1576 3846 1690 3905 est,
1734 3860 1760 3887 ι
1792 3846 2046 3894 scrutans

432 3924 598 3980 corda
667 3964 683 3992 ,
728 3947 755 3972 δι
819 3923 876 3980 id
939 3932 1024 3979 est
1089 3921 1363 3996 profunda
1417 3939 1614 3979 eorum
1683 3939 2040 3996 cognoscens.

434 4016 724 4078 Praeterea,
763 4028 864 4068 ceu
895 4011 1173 4068 oblectans
1199 4028 1258 4068 se
1290 4011 1606 4068 divinorum
1648 4013 2044 4085 mysteriorum

433 4101 912 4170 contemplatione,
946 4102 1051 4156 ista
1081 4101 1314 4156 scrutari
1337 4100 1555 4156 dicitur.
1590 4101 1845 4158 Ostendit
1877 4117 2043 4174 porro

437 4205 533 4260 per
571 4191 881 4260 sequentia,
934 4199 1185 4246 exactam
1226 4189 1460 4260 Spiritus
1499 4190 1891 4262 cognitionem.
1961 4192 2043 4248 Ut

434 4279 580 4334 cnim
620 4279 901 4335 humanus
956 4280 1177 4350 spiritus
1204 4279 1356 4335 novit
1388 4295 1511 4350 quae
1536 4288 1670 4336 sunt
1712 4281 1765 4335 in
1793 4279 2040 4350 homine,

432 4369 512 4425 sic
540 4377 596 4424 et
623 4370 858 4442 Spiritus
902 4371 1025 4438 Dei,
1075 4385 1198 4442 qua;
1230 4378 1359 4425 sunt
1407 4370 1529 4426 Dei.
1569 4371 1714 4426 Hinc
1740 4379 1924 4427 autem
1961 4371 2043 4426 di-

433 4459 662 4527 scimus,
720 4457 867 4528 quod
920 4458 1156 4531 Spiritus
1205 4474 1322 4514 non
1389 4459 1461 4514 sit
1513 4460 1739 4515 alterius
1787 4460 2042 4517 essentia!

2167 687 2434 761 ἀκηκόασι
2452 731 2469 761 ,
2505 687 2846 759 συνήσουσιν.
2883 711 2908 739 ιι

2253 801 2280 835 α
2313 776 2375 838 Ἃ
2422 781 2449 835 ὁ
2497 777 2768 857 ὀφθαλμὸς
2812 779 2904 834 οὐκ
2940 765 3080 847 εἶδε,
3130 774 3223 833 καὶ
3268 767 3355 842 οῦς
3392 777 3488 834 οὐκ
3537 775 3764 853 ἤκουσε,

2165 866 2256 925 καὶ
2287 867 2374 925 ἐπὶ
2403 867 2626 946 καρδίαν
2678 864 2955 945 ἀνθρώπου
2995 866 3091 924 οὔκ
3133 863 3296 938 ἀνέϐη
3321 911 3338 937 ,
3389 865 3425 925 ἃ
3465 867 3765 944 ἡτοίμασεν

2161 960 2188 1014 ὁ
2221 958 2358 1022 Θεὸς
2389 964 2494 1023 τοῖς
2516 958 2796 1034 ἀγαπῶσιν
2847 955 3024 1015 αὐτόν.
3062 978 3093 1010 ιο
3128 986 3210 1001 -
3246 976 3276 1012 (ι
3304 953 3370 1015 Ἀ
3409 955 3704 1033 ἡτοίμασεν
3737 961 3766 1018 ὃ

2165 1047 2301 1113 Θεὸς
2330 1053 2438 1113 τοῖς
2482 1050 2760 1124 ἀγαπῶσιν
2807 1045 2962 1104 αὐτὸν
2984 1087 3000 1118 ,
3033 1067 3062 1102 ›)
3101 1045 3344 1105 τουτέστι
3377 1053 3487 1113 τοῖς
3529 1054 3762 1116 πιστοῖς.

2165 1134 2310 1196 Οὔτε
2339 1135 2441 1214 γὰρ
2473 1137 2786 1215 ὥράθησαν,
2816 1132 2936 1194 οὔτε
2980 1133 3320 1207 ἠκούσθησαν
3340 1179 3356 1208 ,
3384 1133 3504 1194 οὔτε
3540 1138 3759 1211 ἐνενοή-

2163 1230 2330 1297 θησαν
2360 1221 2494 1292 ὅλως
2525 1224 2630 1284 τινὶ
2673 1229 2875 1306 κτιστῶ
2896 1271 2911 1298 ,
2940 1223 3045 1306 πρὸ
3075 1228 3170 1284 τοῦ
3201 1229 3549 1306 ἐνεργηθῆναι
3595 1227 3757 1289 αὐτά.

2163 1314 2228 1373 Εἰ
2271 1314 2374 1394 γὰρ
2419 1314 2512 1374 καὶ
2565 1317 2613 1374 οἱ
2660 1303 2930 1396 προφῆται
2984 1303 3155 1387 εἶδον,
3206 1303 3299 1372 καί
3337 1314 3616 1392 ἤκουσαν,
3673 1318 3765 1377 καὶ

2163 1405 2512 1478 ἐνενοήθησαν
2571 1405 2694 1482 περὶ
2758 1406 2963 1477 αὐτῶν,
3045 1403 3165 1462 ἀλλ’
3243 1405 3341 1463 οὐκ
3412 1406 3765 1485 ἀνθρωπίνοις

2161 1495 2451 1576 ὀφθαλμοῖς
2484 1495 2577 1554 καὶ
2606 1493 2707 1554 ὠσὶ
2746 1495 2837 1553 καὶ
2867 1492 3110 1577 καρδίαις
3132 1538 3147 1566 ,
3185 1498 3528 1577 προφητικοῖς
3571 1494 3626 1555 δὲ
3672 1498 3763 1556 καὶ

2163 1575 2562 1662 πνευματικοῖς.
2602 1588 2793 1645 Ταῦτα
2846 1583 2901 1642 δὲ
2944 1575 3080 1656 ἦσαν
3130 1588 3164 1655 ἡ
3207 1575 3309 1643 τοῦ-
3331 1586 3563 1666 Χριστοῦ
3617 1589 3760 1665 γνῶ-

2163 1698 2272 1748 σις,
2301 1674 2393 1733 καὶ
2434 1680 2468 1746 ἡ
2501 1673 2588 1734 διὰ
2636 1680 2730 1744 τῆς
2778 1672 3226 1752 ἐνανθρωπήσεως
3260 1674 3520 1755 σωτηρία.
3557 1677 3671 1735 Ποῦ
3703 1675 3759 1736 δὲ

2161 1763 2460 1844 γέγραπται
2513 1767 2547 1835 ἡ
2597 1768 2788 1844 χρῆσις
2843 1762 3012 1841 αὕτη,
3059 1767 3156 1845 οὐχ
3199 1761 3448 1844 εὕρηται,
3500 1765 3592 1824 καὶ
3623 1765 3762 1833 εἰκὸς

2163 1857 2515 1936 διαφθαρῆναι
2565 1853 2625 1912 τὸ
2673 1853 2874 1933 βιϐλίον
2927 1853 3131 1928 ἐκεῖνο,
3173 1853 3415 1934 καθάπερ
3483 1854 3576 1914 καὶ
3622 1857 3760 1915 ἄλλα

2160 1933 2334 2002 πολλὰ
2369 1933 2443 2002 ὧν
2485 1945 2541 2002 αἳ
2583 1941 2761 2022 βίϐλοι
2798 1947 2904 2003 τῶν
2955 1945 3239 2023 βασιλειῶν
3286 1933 3397 2003 xui
3423 1949 3528 2004 τῶν
3575 1947 3761 2025 Παρα-

2156 2031 2484 2111 λειπομένων
2545 2031 2866 2111 μέμνηνται.
2913 2027 3072 2099 Ἴσως
3129 2032 3182 2090 δὲ
3231 2033 3324 2092 καὶ
3374 2037 3402 2092 ὁ
3450 2038 3760 2111 σοφώτατος

2159 2124 2373 2190 Παῦλος
2407 2123 2734 2203 μετέφρασεν
2767 2125 2839 2190 εἰς
2866 2122 3065 2194 ταύτην
3105 2121 3202 2196 τὸ,
3251 2149 3275 2176 α
3307 2113 3406 2191 Οἶς
3447 2126 3541 2184 οὐκ
3587 2127 3757 2205 ἀνηγ-

2156 2213 2285 2291 γέλη
2319 2214 2442 2293 περὶ
2472 2217 2664 2290 αὐτοῦ,
2696 2211 2916 2294 ὄψονται
2940 2236 2952 2250 ο
2985 2212 3075 2271 καὶ
3105 2210 3157 2271 οἳ
3188 2215 3284 2272 οὐκ
3319 2215 3607 2288 ἀκηκόασι,
3636 2239 3760 2275 συν·

2155 2301 2393 2374 ήσουσιν.
2427 2327 2458 2358 η
2494 2302 2515 2381 [
2549 2303 2700 2364 Cod.
2729 2304 3028 2366 Arundel.
3056 2305 3074 2379 ]

2193 2437 2200 2443 .
2245 2415 2276 2451 α
2304 2391 2471 2468 Ἡμῖν
2503 2391 2559 2452 δὲ
2602 2396 2630 2451 ὁ
2670 2392 2808 2460 Θεὸς
2837 2394 3151 2472 ἀπεκάλυψε
3185 2391 3274 2451 διὰ
3311 2397 3403 2451 τοῦ
3439 2394 3760 2472 Πνεύματος

2157 2485 2334 2542 αὑτοῦ.
2367 2504 2397 2540 ι)
2433 2479 2656 2562 Ὠσπερ
2690 2481 2827 2549 τινὸς
2877 2483 3145 2555 εἰπόντος,
3189 2480 3270 2542 ὅτι
3305 2484 3372 2542 Εἰ
3412 2484 3499 2542 ἐπὶ
3529 2487 3757 2563 καρδίαν

2157 2571 2435 2652 ἀνθρώπου
2464 2574 2559 2630 οὐκ
2591 2573 2789 2645 ἀνέϐη,
2823 2575 2935 2640 πῶς
2965 2575 3117 2648 ὑμεῖς
3147 2571 3534 2649 μεμαθήκατε;
3572 2575 3759 2655 φησὶν,

2154 2661 2234 2720 ὅτι
2269 2684 2298 2721 (ι
2323 2660 2396 2723 εΟ
2420 2661 2556 2728 Θεὸς
2592 2663 2932 2743 ἀπεκάλυψεν
2963 2667 3092 2740 ἡμῖν
3118 2660 3208 2720 διὰ
3237 2667 3326 2721 τοῦ
3356 2663 3696 2742 Πνεύματος,
3719 2687 3749 2723 ››

2152 2752 2212 2810 οὗ
2259 2750 2324 2809 δι’
2365 2751 2695 2830 ἀνθρωπίνης
2729 2753 2933 2831 σοφίας.
2970 2752 3120 2824 Αὕτη
3170 2751 3272 2832 γὰρ
3299 2753 3398 2812 οὐκ
3427 2754 3667 2828 ἠδυνήθη
3701 2754 3756 2792 ³⁸

2156 2842 2283 2899 ἰδεῖν
2320 2845 2412 2902 τοῦ
2443 2842 2586 2901 Θεοῦ
2630 2841 2698 2901 τὰ
2731 2841 3022 2923 μυστήρια.

2240 3045 2271 3076 ι
2296 3022 2375 3082 Τὸ
2402 3023 2504 3104 γὰρ
2535 3027 2762 3106 Πνεῦμα
2807 3022 2987 3082 πάντα
3016 3026 3230 3106 ἐρευνᾷ,
3264 3025 3352 3082 καὶ
3383 3023 3450 3084 τὰ
3495 3024 3634 3103 βάθη
3662 3029 3757 3085 τοῦ

2154 3111 2311 3171 Θεοῦ.
2351 3114 2449 3179 Τίς
2480 3102 2597 3193 -γὰρ
2626 3102 2763 3172 οἶδεν
2806 3112 3097 3192 ἀνθρώπων
3132 3102 3199 3174 rd
3237 3119 3330 3172 τοῦ
3361 3102 3673 3191 ἀνθρώπου,
3711 3117 3756 3176 εἰ

2155 3200 2232 3277 μὴ
2265 3200 2323 3259 τὸ
2351 3208 2565 3280 πνεῦμα
2608 3207 2700 3261 τοῦ
2746 3201 3026 3284 ἀνθρώπου
3069 3202 3129 3261 τὸ
3171 3205 3225 3261 ἐν
3257 3207 3435 3284 αὖτῷ;
3467 3202 3632 3264 Οὕτω
3663 3206 3755 3264 καὶ

2077 3275 2124 3340 C
2155 3275 2222 3348 τὰ
2267 3295 2358 3350 τοῦ
2409 3275 2548 3352 Θεοῦ
2603 3289 2770 3358 οὐδεὶς
2820 3275 2985 3366 οἶδεν,
3044 3293 3089 3350 εἰ
3143 3292 3218 3369 μὴ
3272 3292 3332 3352 τὸ
3375 3275 3602 3370 Πνεῦμα
3660 3298 3757 3353 τοῦ

2151 3380 2312 3439 Θεοῦ.
2338 3403 2368 3438 ι)
2407 3384 2670 3441 Τοσοῦτον
2696 3371 2786 3454 ἦν,
2819 3381 2948 3459 φησὶ
2975 3424 2991 3451 ,
3027 3381 3088 3440 τὸ
3115 3381 3404 3461 μυστήριον
3421 3427 3436 3456 ,
3465 3382 3556 3442 καὶ
3584 3379 3756 3450 οὕτως

2154 3471 2560 3548 ἀπεκέκρυπτο,
2611 3469 2748 3528 ὥστε
2781 3473 2876 3529 οὐκ
2914 3470 2977 3528 ἂν
3015 3472 3354 3547 ἠδυνήθημεν
3402 3473 3532 3530 αὐτὸ
3567 3478 3756 3548 μαθεῖν

2152 3563 2280 3642 παρ’
2317 3561 2515 3636 ἄλλου,
2553 3563 2598 3619 εἰ
2630 3559 2706 3636 μὴ
2739 3559 2799 3619 τὸ
2831 3562 3057 3637 Πνεῦμα
3089 3559 3320 3630 ἐδίδαξεν
3352 3565 3498 3639 ἡμᾶς
3520 3606 3536 3634 ,
3570 3561 3630 3620 τὸ
3662 3562 3755 3620 καὶ

2151 3649 2218 3707 τὰ
2252 3649 2388 3728 βάθη
2411 3656 2502 3710 τοῦ
2528 3653 2674 3712 Θεοῦ
2701 3651 3077 3727 ἐπιστάμενον.
3112 3651 3192 3711 Τὸ
3210 3651 3315 3732 γὰρ
3336 3696 3352 3722 ,
3385 3673 3412 3709 α
3442 3650 3696 3733 Ἐρευνᾷ,
3729 3679 3751 3704 ι

2152 3740 2249 3797 οὐκ
2315 3740 2528 3814 ἀγνοίας
2584 3740 2937 3813 ἐνδεικτικὸν,
3013 3739 3134 3800 ἀλλ’
3205 3739 3455 3820 ἀκριϐοῦς
3513 3744 3756 3812 καταλή-

2152 3831 2292 3909 ψεως
2326 3852 2338 3865 ·
2379 3827 2560 3909 ὥσπερ
2591 3829 2681 3888 καὶ
2731 3829 2854 3909 περὶ
2898 3835 2989 3889 τοῦ
3032 3829 3246 3908 Πατρὸς
3301 3829 3512 3907 εἴρηται
3547 3854 3560 3869 ο
3620 3855 3651 3887 α
3684 3829 3755 3891 ⁸0

2154 3919 2374 3998 ἐρευνῶν
2414 3919 2509 3986 τὰς
2552 3919 2774 3998 καρδίας
2796 3965 2811 3992 ,
2851 3943 2879 3977 ››
2929 3919 3047 3978 ἀντὶ
3074 3925 3164 3979 τοῦ
3187 3967 3206 3996 ,
3236 3924 3264 3978 ὁ
3306 3919 3373 3977 τὰ
3407 3921 3546 3999 βάθη
3578 3922 3754 3980 αὐτῶν

2153 4006 2324 4074 εἰδώς.
2367 4008 2474 4068 Καὶ
2526 4008 2701 4076 ἄλλως
2735 4011 2822 4080 δὲ,
2867 4013 2938 4076 ὡς
2984 4011 3248 4089 ἐντρυφῶν
3413 4011 3608 4091 θεωρίᾳ
3645 4015 3755 4070 τῶν

2155 4098 2460 4178 μυστηρίων
2516 4103 2606 4157 τοῦ
2649 4101 2823 4171 Θεοῦ,
2875 4101 3087 4180 ἐρευνᾷν
3138 4096 3350 4176 λέγεται
3402 4103 3593 4159 ταῦτα.
3633 4101 3757 4160 Δεί-

2152 4209 2306 4245 κνυσι
2357 4187 2449 4246 καὶ
2494 4185 2581 4246 διὰ
2615 4189 2720 4246 τῶν
2767 4188 2818 4225 ³ο
2865 4187 2983 4260 ἑξῆς
3031 4188 3129 4259 τὴν
3162 4187 3361 4266 ἀκριϐῆ
3411 4191 3605 4266 γνῶσιν
3658 4195 3755 4249 τοῦ

2156 4274 2490 4351 Πνεύματος.
2525 4276 2745 4355 Ὥσπερ
2783 4277 2887 4356 γὰρ
2915 4276 2976 4336 τὸ
3023 4277 3348 4358 ἀνθρώπινον
3394 4279 3610 4354 πνεῦμα
3643 4268 3755 4338 οἶδε

2149 4364 2216 4422 τὰ
2247 4368 2299 4422 ἐν
2353 4369 2428 4445 τῷ
2476 4366 2776 4446 ἀνθρώπῳθ
2822 4365 2994 4441 οὕτω,
3053 4366 3218 4447 φησὶ,
3271 4367 3363 4427 καὶ
3405 4367 3466 4426 τὸ
3525 4371 3751 4444 Πνεῦμα

2151 4461 2240 4515 τοῦ
2271 4458 2452 4531 Θεοῦ,
2493 4454 2560 4514 τὰ
2608 4462 2698 4516 τοῦ
2756 4461 2920 4519 Θεοῦ.
2979 4457 3336 4536 Μανθάνομεν
3385 4456 3438 4515 δὲ
3484 4459 3751 4534 ἐντεῦθεν,

430 4567 458 4603 a
503 4553 680 4619 Patre,
720 4548 1194 4622 quemadmodum
1241 4547 1483 4606 hominis
1533 4566 1646 4607 non
1701 4560 1788 4607 est
1815 4550 2040 4608 diversa:

2153 4542 2231 4640 {in
2262 4547 2363 4624 οὐχ
2398 4545 2579 4626 ἑτέρας
2605 4547 2788 4610 οὐσίας
2828 4547 2888 4605 τὸ
2934 4549 3160 4640 Πνεῦμα
3203 4545 3353 4628 παρὰ
3381 4546 3471 4605 τὸν
3506 4546 3751 4628 Πατέρα,

431 4639 499 4695 ab
529 4655 616 4696 eo.

501 4731 681 4787 Vsus.
717 4735 801 4784 10.
834 4749 863 4782 ‹‹
897 4729 1071 4786 Nobis
1102 4729 1580 4786 autem'revelavit
1610 4733 1764 4788 Deus
1793 4747 1890 4802 per
1917 4731 2035 4804 Spi-

432 4816 600 4870 ritum
650 4832 833 4872 suum.
890 4838 917 4866 η
962 4818 1195 4874 Perinde
1247 4833 1311 4873 ac
1359 4819 1404 4875 si
1459 4819 1585 4892 quis
1615 4820 1836 4887 diceret,
1882 4820 1938 4876 Si
1979 4819 2034 4875 in

428 4921 525 4961 cor
552 4904 794 4962 hominis
833 4921 949 4962 non
995 4907 1259 4974 ascendit,
1289 4909 1569 4980 quomodo
1601 4925 1697 4965 vos
1726 4907 2032 4967 didicistis?

426 4995 501 5049 ait
532 5015 542 5050 :
585 5013 612 5046 ιι
635 4997 788 5050 Deus
814 4996 1071 5052 revelavit
1097 4997 1256 5053 nobis
1287 5013 1381 5069 per
1405 4998 1694 5070 Spiritum,
1731 5021 1756 5048 ν
1790 5014 1904 5054 non
1936 5015 2033 5070 per

427 5094 722 5142 externam
751 5086 1102 5158 sapientiam.
1141 5089 1268 5143 Non
1296 5087 1475 5144 solum
1506 5089 1693 5159 itaque
1741 5088 1889 5160 quod
1930 5105 2033 5145 nos

428 5178 528 5232 ista
580 5175 914 5248 didicimus,
955 5177 1224 5234 honorem
1282 5177 1488 5234 indicat
1537 5193 1648 5249 quo
1691 5193 1794 5235 nos
1842 5195 1873 5235 a
1913 5183 2032 5238 Deo

426 5265 633 5338 dignati
660 5283 875 5337 sumus,
911 5276 967 5323 et
1013 5267 1161 5340 quod
1189 5282 1296 5323 una
1330 5283 1458 5323 cum
1484 5266 1686 5340 angelis
1713 5267 2029 5338 didicimus,

424 5356 519 5412 sed
574 5366 630 5412 et
674 5357 809 5414 illud
853 5355 999 5429 quod
1044 5358 1222 5412 multo
1260 5357 1442 5429 majus
1471 5364 1575 5424 est,
1602 5355 1752 5428 quod
1790 5374 1887 5430 per
1915 5360 2033 5432 Spi-

424 5447 595 5502 ritum
638 5455 892 5502 sanctum
936 5445 1247 5503 didicimus.
1300 5469 1326 5494 ι
1380 5446 1476 5502 Ille
1522 5447 1692 5516 enim,
1749 5470 1775 5497 »
1833 5447 2029 5522 inquit,

493 5571 513 5605 ί
543 5573 647 5626 Isa.
681 5585 791 5637 LII,
822 5576 909 5626 15.
983 5580 1012 5615 ε
1035 5571 1172 5629 Ibid.
1250 5566 1278 5604 ¹¹
1307 5573 1450 5630 Psal.
1483 5587 1601 5643 vn,
1633 5580 1722 5631 ιο.

2145 4633 2327 4714 ὥσπερ
2361 4636 2475 4694 οὐδὲ
2501 4637 2562 4694 τὸ
2581 4640 2672 4695 τοῦ
2699 4636 2979 4716 ἀνθρώπου
3005 4635 3188 4715 ἑτέρας
3207 4637 3340 4717 παρ’
3373 4636 3550 4696 αὐτόν.

2234 4745 2265 4782 α
2292 4723 2464 4795 ⁶Ημῖν
2494 4723 2550 4783 δὲ
2583 4729 2610 4785 ὁ
2639 4727 2776 4794 Θεὸς
2819 4727 3132 4806 ἀπεκάλυψε
3173 4726 3262 4783 διὰ
3295 4731 3385 4785 τοῦ
3431 4725 3751 4804 ΙΙνεύματος

2144 4813 2329 4876 αὐτοῦ.
2366 4839 2395 4871 η
2426 4813 2639 4892 εὨσπερ
2677 4817 2814 4882 τινὸς
2855 4815 3117 4887 εἰπόντος,
3164 4814 3244 4873 ὅτι
3282 4817 3350 4876 Εἰ
3390 4815 3479 4873 ἐπὶ
3520 4814 3747 4895 καρδίαν

2143 4902 2420 4983 ἀνθρώπου
2471 4906 2566 4964 οὐκ
2610 4903 2804 4980 ἀνέϐη,
2849 4911 2963 4972 πῶς
3011 4909 3160 4984 ὑμεῖς
3200 4905 3588 4982 μεμαθήκατεε
3645 4928 3750 4987 φη·-

2142 4995 2258 5072 σὶν,
2290 4991 2371 5052 ὅτι
2411 5015 2440 5051 ιι
2467 4993 2537 5053 Ὁ
2566 4994 2702 5062 Θεὸς
2730 4996 3072 5074 ἀπεκάλυψεν
3117 4995 3246 5070 ἡμῖν
3267 5038 3283 5067 ,
3316 4995 3402 5052 διὰ
3435 4999 3528 5054 τοῦ
3565 4995 3745 5054 Πνεύ-

2142 5108 2335 5160 ματος,
2371 5106 2399 5143 »
2433 5087 2492 5143 οὐ
2526 5086 2613 5143 διὰ
2642 5089 2737 5157 τῆς
2780 5085 2964 5155 ἔξωθεν
3004 5086 3212 5168 σοφίας.
3259 5087 3342 5144 Οὐ
3374 5084 3532 5162 μόνον
3567 5087 3746 5146 τοίνυν

2139 5172 2198 5232 τὸ
2245 5180 2432 5251 μαθεῖν
2483 5177 2628 5249 ἡμᾶς
2669 5179 2844 5234 ταῦτα
2897 5176 3129 5234 δείκνυσι
3183 5175 3281 5246 τὴν
3335 5177 3408 5241 εἰς
3465 5181 3610 5252 ἡμᾶς
3666 5199 3749 5234 τι-

2143 5262 2247 5341 μὴν
2278 5269 2368 5323 τοῦ
2422 5267 2590 5339 Θεοῦ,
2634 5265 2725 5324 καὶ
2762 5267 2823 5324 τὸ
2877 5264 2993 5342 μετ’
3045 5265 3283 5342 ἀγγέλων
3336 5270 3523 5341 μαθεῖν
3546 5315 3561 5338 ,
3607 5265 3747 5325 ἀλλὰ

2141 5356 2324 5434 πολλῷ
2356 5357 2567 5428 πλεῖον,
2619 5353 2678 5412 τὸ
2709 5352 2797 5412 διὰ
2842 5361 2935 5414 τοῦ
2983 5353 3136 5433 ἁγίου
3186 5352 3503 5432 Πνεύματος
3535 5358 3746 5433 μαθεῖν.

2151 5465 2180 5502 (ι
2208 5443 2445 5511 Ἐκεῖνος
2480 5470 2506 5500 ι
2541 5443 2667 5525 γὰρ,
2695 5442 2892 5524 φησὶν,
2931 5466 2962 5505 (ι
2991 5443 3248 5524 ὁδηγήσει
3277 5447 3418 5522 ὑμᾶς
3448 5447 3522 5514 εἷς
3561 5452 3744 5506 πᾶσαν

1812 5674 2007 5737 Variae
2051 5679 2354 5742 lectiones.

491 5776 535 5811 ³⁸
558 5775 742 5845 ἠξιώθη
765 5794 820 5835 0.
896 5777 941 5813 ⁸⁹
967 5781 1152 5834 τούτων
1177 5796 1229 5836 0.
