4090 6426
393 463 496 518 593

1308 462 1661 521 EXPOSITIO
1701 463 1767 519 IN
1806 462 2013 521 EPIST.
2055 462 2077 520 Ι
2112 464 2204 520 ΑΒ
2242 463 2398 522 COR.
2440 495 2509 510 —
2549 468 2697 527 CAP.
2742 472 2807 528 ll.

3607 480 3712 537 594

393 586 491 661 τὴν
540 588 815 673 ἀλήθειαν.
862 615 893 648 ι
953 578 1130 663 Εἶτα,
1195 589 1446 650 δεικνύων
1498 588 1581 650 ὅτι
1634 591 1762 671 παρ’
1818 592 1982 670 ἑαυτῷ

2116 614 2141 641 α
2183 594 2349 651 ducet
2377 609 2473 651 vos
2514 594 2568 650 in
2600 611 2826 653 omnem
2857 599 3167 655 veritatem.
3205 622 3231 649 ιι
3257 600 3491 673 Deinde,
3515 612 3708 663 osten-

392 683 563 738 ταῦτα
609 670 754 759 εἶχεν
808 683 837 738 ὁ
889 679 1057 753 Θεὸς,
1122 680 1215 740 καὶ
1278 678 1447 746 οὐδεὶς
1494 682 1669 760 ἕτερος
1704 670 1995 758 ἐγίνωσκε,

392 788 526 849 φησι
559 788 573 803 ’

482 880 513 917 α
540 859 620 922 Τὸ
647 859 752 940 γὰρ
783 863 1012 935 Πνεῦμα
1041 860 1220 922 πάντα
1251 863 1472 943 ἐρευνᾷ,
1503 860 1595 921 καὶ
1636 860 1703 919 τὰ
1733 862 1871 939 βάθη
1904 865 1995 920 τοῦ

390 952 556 1012 Θεοῦ.
583 973 612 1009 υ
655 948 920 1031 Ἐρευνᾷν
968 953 1197 1011 ἐνταῦθα
1250 953 1347 1023 τὴν
1398 950 1838 1031 ἀκριϐῆ’γνῶσιν
1876 954 1991 1011 ὀνο-

391 1040 578 1115 μάζει,
634 1039 819 1122 ὥσπερ
871 1042 962 1100 καὶ
1014 1042 1103 1101 ἐπὶ
1160 1047 1253 1100 τοῦ
1311 1043 1454 1103 Θεοῦ
1507 1064 1665 1125 φησιν
1694 1062 1708 1076 θ
1763 1064 1794 1097 α
1836 1040 1905 1103 Ὁ
1940 1042 1993 1101 δὲ

388 1132 610 1209 ἐρευνῶν
664 1130 759 1199 τὰς
809 1130 1069 1212 καρδίας,
1122 1153 1152 1190 n
1204 1133 1321 1192 ἀντὶ
1367 1137 1492 1204 τοῦ,
1548 1136 1575 1190 δ
1634 1132 1773 1211 βάθη
1818 1133 1993 1190 αὐτῶν

388 1219 559 1287 εἰδώς.
612 1221 784 1282 Οὐδὲν
827 1220 1043 1298 καινὸν,
1077 1223 1124 1280 εἰ
1154 1222 1240 1281 διὰ
1285 1227 1377 1282 τοῦ
1430 1219 1743 1295 Πνεύματος
1786 1226 1990 1282 ἀπεκα-

385 1308 560 1391 λύφθη
591 1314 721 1389 ἡμῖν
759 1310 829 1370 τὰ
852 1312 1149 1392 ,μυστήρια
1198 1317 1290 1371 τοῦ
1320 1313 1481 1375 Θεοῦ.
1519 1312 1600 1372 Τὸ
1629 1311 1731 1392 γὰρ
1766 1313 1992 1388 Πνεῦμα

384 1390 662 1483 δμοούσιον
716 1401 808 1462 καὶ
846 1390 970 1461 ἶσον
1007 1401 1066 1461 ὂν
1099 1405 1175 1483 τῷ
1204 1404 1330 1481 Θεῷ
1376 1402 1469 1462 καὶ
1511 1390 1724 1481 Πατρὶ,
1759 1403 1992 1482 ἀκριϐῶς

384 1480 495 1550 οἶδε
523 1491 590 1550 τά
613 1516 668 1550 τε
699 1492 839 1552 ἄλλα
874 1492 1080 1563 πάντα,
1104 1480 1195 1552 καὶ
1221 1480 1357 1553 αὐτὰ
1382 1491 1451 1552 τὰ
1480 1492 1675 1573 κρύφια
1700 1497 1790 1551 τοῦ
1821 1480 1987 1553 Θεοῦ.

385 1585 577 1643 Ταῦτα
610 1580 713 1663 γὰρ
740 1581 992 1655 ἐκάλεσε,
1026 1582 1167 1662 βάθη
1194 1580 1373 1663 [ϐοά.
1416 1583 1746 1654 Arundel.]

466 1694 495 1728 ε
531 1670 724 1749 Ἡμεῖς
753 1671 807 1731 δὲ
850 1674 910 1732 οὐ
942 1672 1001 1732 τὸ
1038 1677 1247 1750 πνεῦμα
1290 1680 1383 1733 τοῦ
1432 1674 1636 1750 κόσμου
1689 1669 1986 1749 ἐλάϐομεν,

388 1760 530 1821 ἀλλὰ
578 1762 639 1821 τὸ
691 1765 917 1840 Πνεῦμα
946 1762 1006 1823 τὸ
1048 1766 1108 1823 ἐκ
1148 1767 1241 1822 τοῦ
1266 1767 1434 1825 Θεοῦ.
1471 1789 1494 1817 ι
1532 1766 1758 1839 Πνεῦμα
1784 1762 1987 1838 κόσμου

2107 682 2246 740 dens
2265 684 2415 757 quod
2445 686 2587 742 Deus
2611 686 2711 742 ista
2731 686 2880 759 apud
2908 688 3149 762 seipsum
3177 688 3436 760 habebat,
3465 702 3519 750 et
3545 710 3710 751 nemo

2107 774 2246 831 alius
2273 776 2658 846 cognoscebat,
2688 777 2763 832 ait
2799 796 2812 832 :

2184 886 2211 914 α
2250 865 2485 937 Spiritus
2513 867 2665 924 enim
2703 868 2890 924 omnia
2918 877 3214 938 scrutatur,
3245 871 3408 927 etiam
3438 873 3708 943 profunda

2109 955 2232 1011 Dei.
2269 978 2294 1003 υ
2336 958 2597 1012 Exactam
2640 958 3016 1031 cognitionem
3061 962 3457 1019 scrutationem
3488 962 3576 1019 hic
3611 980 3706 1036 ap-

2105 1044 2290 1116 pellat,
2334 1046 2802 1116 quemadmodum
2843 1048 2914 1103 de
2948 1052 3068 1104 Deo
3109 1050 3286 1106 dicit:
3324 1076 3348 1100 ι
3385 1053 3493 1124 Qui
3519 1061 3706 1109 autem

2102 1142 2384 1191 scrutatur
2427 1136 2614 1203 corda,
2666 1160 2689 1185 υ
2737 1154 2858 1208 pro,
2906 1139 2996 1209 qui
3036 1138 3309 1211 profunda
3353 1141 3571 1198 illorum
3601 1159 3704 1199 no-

2102 1224 2198 1280 vit.
2233 1224 2322 1282 Nil
2349 1225 2550 1281 mirum
2594 1226 2641 1282 si
2675 1228 2937 1299 mysteria
2976 1228 3077 1284 Dei
3107 1246 3201 1301 per
3240 1231 3500 1302 Spiritum
3544 1231 3708 1289 nobis

2102 1315 2338 1371 revelata
2368 1324 2515 1372 sunt.
2566 1319 2708 1373 Nam
2736 1317 2989 1388 Spiritus,
3019 1335 3146 1375 cum
3181 1321 3253 1376 sit
3281 1322 3530 1393 ejusdem
3571 1322 3705 1380 sub-

2098 1405 2314 1462 stantiae
2358 1415 2412 1462 et
2438 1406 2665 1479 aequalis
2694 1410 2811 1464 Deo
2859 1408 3026 1478 Patri,
3062 1426 3193 1468 cum
3240 1420 3438 1468 caetera
3488 1414 3702 1483 omnia,

2102 1502 2221 1551 tum
2251 1495 2367 1569 ipsa
2410 1497 2509 1553 Dei
2550 1505 2762 1554 secreta
2800 1506 2988 1556 exacte
3023 1501 3192 1557 novit.
3240 1504 3351 1557 Ista
3392 1504 3541 1560 enim
3570 1519 3703 1577 pro-

2102 1583 2267 1641 funda
2316 1586 2544 1642 vocavit.

2171 1676 2352 1734 Vens.
2383 1681 2469 1731 12.
2501 1700 2527 1726 α
2560 1680 2674 1734 Nos
2708 1686 2896 1734 autem
2941 1694 3054 1735 non
3094 1682 3407 1752 accepimus
3446 1683 3703 1755 spiritum

2102 1765 2267 1839 hujus
2295 1766 2506 1835 mundi,
2535 1767 2634 1824 sed
2659 1766 2927 1839 Spiritum
2956 1769 3053 1841 qui
3082 1778 3166 1827 est
3193 1787 3256 1826 ex
3287 1775 3425 1828 Deo.
3468 1796 3495 1823 ιο
3528 1774 3702 1847 Spiri-

385 1848 486 1921 τὴν
539 1852 875 1932 ἀνθρωπίνην
931 1852 1118 1934 σοφίαν
1175 1852 1453 1929 ὠνόμασεν
1490 1874 1503 1889 ·
1552 1854 1614 1911 οὐ
1667 1852 1866 1925 ταύτην
1924 1852 1982 1925 ἢν

2101 1864 2217 1912 tum
2264 1856 2460 1913 mundi
2491 1856 2792 1914 humanam
2833 1857 3161 1930 sapientiam
3212 1861 3540 1928 nominavit,
3588 1879 3701 1920 non

386 1940 685 2018 ἐλάϐομεν,
718 1941 805 2001 ἵνα
846 1940 924 2021 μὴ
953 1943 1103 2003 κενὸν
1133 1944 1225 2002 καὶ
1269 1946 1483 2023 ἀχρεῖον
1518 1942 1768 2021 ἀποδείξῃ
1797 1943 1857 2001 τὸ
1887 1942 1988 2012 κή-

388 2053 568 2110 ρυγμα
601 2036 779 2104 ἡμῶν.
840 2053 869 2091 (ι
900 2031 1063 2094 Ἀλλὰ
1090 2034 1154 2092 τὸ
1183 2034 1408 2108 Πνεῦμα
1451 2031 1512 2092 τὸ
1535 2034 1595 2091 ἐκ
1626 2037 1718 2092 τοῦ
1747 2036 1922 2105 Θεοῦ,
1955 2058 1980 2085 ι

386 2120 659 2195 τουτέστι,
692 2122 753 2181 τὸ
797 2122 1074 2201 ὀμοούσιον
1126 2125 1206 2203 τῷ
1253 2124 1419 2203 Θεῷ,
1467 2121 1529 2181 τὸ
1560 2124 1621 2181 ἐκ
1664 2126 1758 2195 τῆς
1809 2121 1987 2187 οὖσίας

386 2212 549 2272 αὐτοῦ
569 2258 588 2290 ,
620 2218 774 2273 τοῦτο
810 2213 1041 2295 ἔσχομεν
1074 2212 1416 2273 διδάσκαλον.

475 2419 501 2444 ι
536 2390 659 2453 Ἵνα
702 2391 899 2469 ἴδωμεν
938 2391 1008 2453 τὰ
1052 2390 1156 2452 ὑπὸ
1196 2394 1343 2452 Θεοῦ
1388 2390 1713 2472 χαρισθέντα
1748 2395 1928 2468 ἡμῖνο,
1952 2419 1982 2451 ν

385 2483 552 2556 Φῶς,
581 2483 739 2564 φησὶν
762 2527 778 2556 ,
812 2481 1008 2542 ἔστιτὸ
1044 2484 1298 2559 Πνεῦμα,
1324 2482 1417 2542 καὶ
1459 2482 1723 2559 ἐλάϐομεν
1752 2487 1908 2542 τοῦτο
1929 2484 1988 2542 τὸ

383 2575 525 2654 φῶς,
572 2570 657 2631 ἵνα
707 2572 775 2631 τὰ
823 2573 1315 2651 συγκεκαλυμμένα
1361 2571 1490 2639 τέως
1536 2572 1588 2611 ·⁸⁰
1633 2572 1863 2650 ἴδωμεν,
1895 2576 1988 2631 ὕπ’

383 2664 550 2723 αὖτοῦ
584 2662 948 2744 φωτιζόμενοι.
984 2664 1154 2736 Τίνας
1187 2662 1273 2723 Τὰ
1312 2661 1415 2721 ὑπὸ
1445 2667 1587 2725 Θεοῦ
1626 2661 1983 2742 χαρισθέντα,

382 2753 658 2828 τουτέστι,
691 2751 760 2812 τὰ
788 2751 929 2813 κατὰ
956 2751 1052 2824 τὴν
1096 2752 1400 2828 οἰκονομίαν
1445 2758 1535 2811 τοῦ
1581 2751 1836 2830 Χριστοῦ·
1874 2757 1987 2821 πῶς

383 2842 649 2904 ἀπέθανεν
680 2841 814 2924 ὓπερ
846 2846 1002 2919 ἡμῶν
1022 2888 1039 2919 ,
1074 2846 1186 2909 πῶς
1219 2841 1361 2909 υἱοὺς
1398 2845 1540 2905 Θεοῦ
1583 2841 1801 2915 ἐποίησε
1823 2888 1840 2915 ,
1874 2846 1986 2909 πῶς

381 2935 721 2994 συνεκάθισεν
789 2936 931 3010 ἡμᾶς
974 2936 1034 2993 ἐκ
1103 2932 1283 3002 δεξιῶν
1343 2937 1434 2991 τοῦ
1493 2932 1706 3009 Πατρὸς
1760 2935 1814 2992 ἐν
1864 2936 1983 2991 ἑαυ-

378 3027 478 3102 τῷ.
526 3020 703 3085 "aut:
750 3025 799 3082 οῖ
852 3021 927 3100 μὴ
974 3020 1183 3104 ἔχοντες
1230 3022 1292 3083 τὸ
1340 3024 1566 3097 Πνεῦμα
1604 3024 1662 3083 οὐ
1704 3021 1780 3099 μὴ
1830 3020 1983 3081 ἴδωσι

380 3137 552 3174 ταυτα
564 3163 574 3174 .

474 3226 502 3260 α
540 3204 604 3266 Ἃ
648 3203 739 3264 καὶ
781 3205 1082 3280 λαλοῦμεν,
1114 3204 1212 3262 οὗκ
1244 3206 1297 3262 ἐν
1344 3202 1608 3271 διδακτοῖς
1653 3202 1987 3283 ἀνθρωπίνης

378 3295 569 3376 σοφίας
595 3292 804 3371 λόγοις,
839 3292 956 3354 ἀλλ’
988 3297 1041 3354 ἐν
1089 3293 1356 3360 διδακτοῖς
1391 3291 1709 3368 Πνεύματος
1740 3292 1914 3371 ἁγίου.
1946 3316 1974 3350 ›)

379 3387 649 3446 Τοσοῦτον
678 3384 860 3461 ἡμεῖς,
900 3383 1032 3465 φησὶ
1054 3429 1071 3458 ,
1119 3382 1414 3464 σοφώτεροι
1444 3387 1549 3441 τῶν
1581 3384 1706 3462 παρ’
1742 3380 1983 3454 θΕλλησι

378 3478 559 3555 σοφῶν
586 3520 603 3548 ,
636 3475 756 3534 ὅσον
797 3475 842 3514 ⁴¹
884 3476 1075 3533 ἐκεῖνοι
1110 3472 1206 3550 μὲν
1237 3474 1343 3533 ὑπὸ
1374 3473 1666 3553 ἀνθρώπων
1698 3474 1983 3554 ἐδιδάχθη-

377 3588 480 3625 σαν
512 3588 525 3602 ’
574 3566 729 3642 ἡμεῖς
775 3565 831 3624 δὲ
882 3564 916 3624 ἃ
944 3566 1247 3641 λαλοῦμεν,
1306 3562 1407 3622 ὑπὸ
1468 3562 1782 3642 Πνεύματος
1828 3564 1982 3642 ἁγίου

380 3655 717 3736 διδαχθέντες
764 3656 1052 3732 λαλοῦμεν.

464 3772 487 3797 ι
527 3748 916 3822 Πνευματικοῖς
962 3742 1300 3820 πνευματικὰ
1343 3742 1728 3823 συγκρίνοντες.
1770 3770 1793 3795 υ
1839 3745 1889 3803 Τ
1894 3765 1982 3801 ου-

377 3834 586 3911 τέστιν,
625 3834 759 3898 Ἐὰν
783 3833 1098 3918 ἀνακύψωσί
1141 3858 1258 3893 τινα
1302 3831 1642 3909 πνευματικὰ
1671 3831 1978 3909 ζητήματα,

377 3926 728 4009 συγκρίνομεν
755 3932 947 4000 ταῦτα,
976 3925 1243 3999 τουτέστι,
1272 3921 1559 4002 διαλύομεν
1585 3923 1651 3982 δι’
1682 3922 1875 4009 ἑτέρων
1900 3948 1951 3982 τι
1973 3955 1984 3965 -

376 4004 484 4077 νῶν
524 4004 916 4093 ’πνευματικῶν
955 4012 1237 4092 νοημάτων
1286 4014 1321 4086 ἣ
1368 4016 1613 4095 ἱστοριῶν
1639 4038 1651 4051 ·
1709 4004 1816 4075 οἷον
1838 4060 1852 4086 ,
1902 4011 1982 4072 ὅτι

378 4106 579 4179 ἀνέστη
610 4111 639 4167 ὃ
674 4106 904 4185 Χριστὸς
924 4152 942 4181 ,
973 4103 1185 4181 ζήτημά
1222 4107 1359 4167 ἐστι.
1395 4107 1572 4165 Τοῦτο
1601 4097 1689 4165 οὖν
1730 4128 1980 4181 πνευμα-

374 4198 523 4258 τικὸν
563 4196 620 4257 ὂν
668 4197 916 4275 ζήτημα,
948 4194 1001 4266 ἐξ
1044 4195 1225 4271 ἑτέρου
1254 4203 1651 4273 πνευματικοῦ,
1696 4193 1978 4265 τουτέστι,

372 4291 473 4359 τῆς
539 4286 679 4347 κατὰ
774 4288 863 4348 τὸν
922 4285 1107 4347 Ἰωνᾶν
1191 4284 1425 4367 ἱστορίας
1486 4286 1828 4365 συγκρίνεται
1890 4284 1980 4344 καὶ

372 4377 582 4438 λύεται.
612 4377 723 4439 Καὶ
748 4374 828 4436 ὅτι
848 4375 1104 4457 παρθένος
1121 4374 1290 4450 ἔτεκε,
1306 4375 1396 4434 καὶ
1424 4380 1581 4436 τοῦτο
1602 4375 1821 4452 ζήτημά
1842 4378 1977 4446 ἐστι,

2097 1945 2239 2003 hanc
2266 1962 2432 2018 quam
2460 1946 2803 2020 accepimus;
2832 1963 2903 2005 ne
2929 1964 3128 2005 vanam
3164 1957 3219 2006 et
3242 1950 3493 2007 inutilem
3515 1961 3699 2009 osten-

2096 2035 2192 2093 dat
2233 2036 2679 2108 praadicationem
2728 2046 3001 2096 nostram.
3054 2060 3081 2088 α
3132 2039 3243 2097 Sed
3291 2040 3560 2112 Spiritum
3604 2045 3697 2114 qui

2097 2142 2160 2182 ex
2210 2130 2329 2183 Deo
2378 2135 2479 2194 est,
2530 2150 2557 2175 ν
2606 2126 2712 2185 hoc
2760 2136 2847 2185 est
2893 2130 3313 2187 coessentialem
3357 2147 3489 2188 cum
3543 2135 3694 2200 Deo,

2098 2216 2192 2289 qui
2235 2224 2319 2273 est
2345 2232 2414 2274 ex
2453 2217 2626 2290 ipsius
2661 2218 2916 2290 essentia,
2958 2218 3105 2278 hunc
3133 2220 3280 2277 nacti
3320 2236 3516 2279 sumus
3552 2238 3698 2294 prae-

2096 2314 2396 2377 ceptorem.

2173 2417 2199 2443 ‹‹
2239 2396 2323 2453 Ut
2357 2396 2603 2454 sciamus
2632 2413 2758 2470 qua
2794 2398 2907 2454 sint
2951 2414 2983 2454 a
3028 2401 3150 2455 Deo
3198 2398 3399 2456 donata
3440 2400 3625 2457 nobis.
3672 2425 3695 2449 ν

2099 2487 2335 2553 Lumen,
2388 2486 2592 2558 inquit,
2636 2496 2722 2544 est
2770 2487 3027 2560 Spiritus,
3075 2496 3241 2560 atque
3280 2490 3462 2560 ipsum
3505 2491 3698 2549 lumen

2097 2575 2431 2647 accepimus,
2464 2583 2523 2631 ut
2536 2576 2655 2648 jam
2684 2576 2815 2633 olim
2854 2576 3174 2633 abscondita
3203 2578 3507 2647 videamus,
3535 2579 3604 2635 ab
3633 2596 3699 2636 eo

2096 2664 2350 2721 videlicet
2383 2664 2692 2721 illuminati.
2731 2668 3038 2739 Quanam?
3067 2690 3091 2715 α
3119 2670 3256 2740 Quae
3280 2684 3311 2723 a
3352 2671 3468 2725 Deo
3492 2668 3697 2727 donata

2095 2754 2229 2822 sint,
2264 2776 2290 2804 ιο
2318 2754 2425 2811 hoc
2456 2762 2560 2819 est,
2598 2770 2723 2828 quae
2762 2754 2830 2812 ad
2868 2754 3069 2812 Christi
3106 2755 3571 2829 dispensationem
3614 2768 3699 2815 at~

2094 2844 2301 2914 tinent;
2332 2844 2615 2918 quomodo
2665 2861 2763 2917 pro
2812 2845 2971 2902 nobis
3006 2854 3245 2903 mortem
3295 2847 3512 2917 obierit,
3556 2865 3693 2921 quo-

2097 2935 2263 2992 modo
2292 2952 2395 2991 nos
2437 2935 2580 2991 ﬁlios
2609 2936 2711 2992 Dei
2737 2933 2945 3003 fecerit,
2977 2936 3267 3008 quomodo
3293 2953 3398 2994 nos
3425 2954 3457 2994 a
3490 2937 3700 2995 dextris

2093 3025 2271 3082 Patris
2310 3024 2474 3098 13E.
2519 3026 2804 3083 collocarit
2839 3026 2895 3081 in
2921 3027 3119 3099 seipso.
3166 3028 3275 3098 Qui
3304 3028 3486 3101 itaque
3521 3029 3699 3103 Spiri-

2021 3106 2067 3171 C
2096 3123 2214 3172 tum
2242 3132 2355 3171 non
2379 3116 2603 3183 habent,
2637 3116 2741 3173 ista
2774 3132 2888 3171 non
2914 3116 3115 3173 vident.

2173 3208 2349 3263 Vnus.
2377 3212 2466 3262 13.
2515 3229 2539 3255 α
2573 3207 2712 3278 Quae
2742 3215 2798 3262 et
2832 3205 3136 3280 loquimur,
3163 3222 3275 3264 non
3314 3208 3370 3264 in
3395 3208 3575 3265 doctis
3599 3209 3701 3266 hu-

2096 3316 2275 3357 manae
2325 3300 2609 3372 sapientiae
2664 3300 2866 3370 verbis,
2915 3300 3013 3358 sed
3067 3302 3122 3357 in
3154 3302 3409 3381 doctrina
3457 3304 3699 3376 Spiritus

2093 3391 2286 3447 sancti.
2326 3414 2351 3440 ι
2382 3393 2579 3459 Tanto,
2613 3390 2808 3463 inquit,
2856 3407 2961 3448 nos
2992 3392 3315 3448 Gracorum
3359 3393 3701 3465 sapientibus

2093 3480 2450 3551 sapientiores
2477 3496 2687 3548 sumus,
2740 3489 2944 3552 quanto
2974 3481 3049 3536 illi
3088 3481 3315 3553 quidem
3359 3483 3429 3539 ab
3456 3482 3696 3541 homini-

2093 3569 2197 3626 bus
2250 3570 2487 3625 instituti
2518 3578 2649 3625 sunt
2681 3588 2694 3622 :
2739 3586 2840 3626 nos
2870 3586 2997 3627 vero
3026 3586 3148 3642 quae
3180 3571 3476 3643 loquimur,
3507 3589 3538 3629 a
3576 3573 3696 3646 Spi-

2092 3661 2202 3717 ritu
2230 3667 2423 3716 sancto
2463 3658 2613 3715 docti
2642 3659 2936 3732 loquimur.

2168 3774 2195 3799 ει
2233 3749 2610 3823 Spiritualibus
2671 3749 2977 3822 spiritualia
3025 3758 3430 3821 comparantes.
3489 3774 3515 3801 ιι
3574 3755 3697 3809 Hoc

2092 3848 2194 3909 est,
2222 3840 2277 3897 Si
2314 3854 2439 3913 qua
2474 3838 2789 3912 spirituales
2833 3838 3166 3911 quaestiones
3210 3849 3524 3913 emergunt,
3553 3856 3693 3897 con-

2090 3930 2322 3988 ferimus
2363 3945 2475 3994 eas,
2514 3930 2620 3986 hoc
2662 3939 2766 3999 est,
2813 3929 3075 3987 diluimus
3116 3946 3213 4001 per
3257 3930 3395 3985 alios
3424 3930 3692 4004 quosdam

2092 4020 2405 4095 spirituales
2448 4028 2742 4094 conceptus
2771 4021 2855 4077 vel
2894 4020 3151 4077 historias
3198 4039 3212 4075 :
3262 4021 3431 4078 veluti
3459 4022 3693 4093 qumstio

2092 4121 2198 4178 est,
2230 4128 2301 4168 an
2335 4111 2585 4168 Christus
2622 4111 2976 4168 resurrexerit
3020 4131 3033 4167 ;
3083 4126 3207 4183 quae
3246 4126 3372 4167 cum
3402 4111 3696 4183 spiritualis

2090 4203 2187 4274 sit,
2246 4218 2312 4258 ex
2365 4201 2472 4257 alia
2522 4202 2816 4275 spirituali,
2889 4200 3159 4257 nimirum
3216 4202 3375 4257 Jonas
3440 4200 3692 4273 historia,

2089 4300 2446 4365 comparatur
2488 4300 2545 4348 et
2584 4290 2835 4348 diluitur.
2883 4292 2972 4348 Sic
3014 4291 3249 4362 quaestio
3278 4300 3382 4355 est,
3423 4308 3497 4348 an
3528 4293 3693 4365 Virgo

2089 4383 2331 4456 peperit;
2363 4398 2488 4455 quae
2512 4381 2706 4439 itidem
2735 4381 2964 4438 diluitur
2990 4397 3087 4453 per
3112 4383 3312 4449 Sarrae,
3352 4382 3613 4439 Rebecca:
3642 4393 3696 4438 et

374 4470 469 4527 καὶ
516 4468 697 4528 λύεται
739 4469 799 4527 ἐκ
851 4471 947 4539 τῆς
994 4462 1321 4546 στειρώσεως
1344 4464 1397 4501 ⁴²
1447 4471 1543 4539 τῆς
1578 4466 1831 4550 Σάῤῥας,
1880 4471 1976 4538 τῆς

2096 4472 2422 4530 Ειὶεδδθιὴω
2438 4472 2806 4541 sterilitatem,
2829 4487 2955 4544 qua:
2970 4469 3219 4543 profecto
3241 4488 3355 4527 non
3374 4487 3441 4527 ex
3458 4472 3693 4529 naturali

371 4557 700 4633 ⁶Ρε6έκκας,
744 4562 838 4631 τῆς
884 4556 1178 4619 Ἒλισάϐετ
1209 4581 1222 4593 ·
1257 4554 1314 4614 αἳ
1339 4559 1398 4616 οὗ
1430 4561 1628 4637 φυσικῆ
1657 4555 1973 4635 ἀκολουθίᾳ,

375 4648 500 4709 ὅσον
562 4672 622 4727 γε
669 4648 796 4729 πρὸς
860 4647 957 4719 τὴν
997 4648 1219 4724 δύναμιν
1270 4647 1501 4717 ἑκάστης
1550 4646 1797 4725 μήτρας,
1851 4670 1944 4705 συν

376 4738 574 4798 έλαϐον
601 4762 615 4776 ·
661 4740 752 4798 καὶ
773 4741 832 4798 ἐκ
872 4744 964 4798 τοῦ
993 4737 1090 4811 τὴν
1130 4735 1277 4799 Εὔαν
1310 4740 1372 4796 ἐκ
1413 4744 1504 4797 τοῦ
1535 4737 1705 4815 Ἀδὰμ
1736 4738 1980 4817 ἀσπόρως

376 4828 651 4906 γενέσθαι,
690 4829 779 4890 καὶ
820 4827 874 4898 ἐξ
904 4827 1081 4889 ἄλλων
1112 4832 1218 4888 τῶν
1261 4827 1402 4887 κατὰ
1430 4826 1527 4901 τὴν
1568 4827 1789 4909 πρώτην
1827 4831 1899 4897 εἰς
1924 4828 1982 4887 τὸ

376 4910 515 4980 εἶναι
558 4917 883 5001 παραγωγὴν
932 4919 1331 5001 θεωρουμένων.
1396 4916 1623 4991 Νοήσεις
1674 4917 1728 4978 δὲ
1771 4919 1863 4979 καὶ
1893 4917 1981 4979 οὕ-

375 5034 456 5070 τω
489 5013 579 5085 τὸ,
616 5037 643 5064 α
685 5017 1062 5089 πνευματικοῖς
1104 5010 1443 5085 πνευματικὰ
1484 5010 1892 5089 συγκρίνοντες,
1944 5030 1972 5067 ))

376 5101 501 5160 ἀντὶ
546 5105 672 5174 τοῦ,
736 5103 1115 5178 πνευματικοῖς
1163 5100 1458 5180 ἀνθρώποις
1520 5098 1589 5159 τὰ
1644 5099 1982 5177 πνευματικὰ

374 5189 743 5272 συγκρίνοντες
790 5190 883 5250 καὶ
938 5179 1282 5257 διαλύοντεςέ
1337 5179 1480 5249 οὗτοι
1529 5188 1634 5271 γὰρ
1681 5190 1832 5267 μόνοι
1887 5188 1978 5250 δύ-

370 5304 566 5342 νανται
594 5289 789 5364 χωρεῖν
824 5286 1015 5344 ταῦτα.
1050 5279 1281 5358 Ἐπάγει
1315 5284 1438 5361 γοῦν
1468 5302 1481 5318 ·

465 5396 492 5427 ε
525 5374 919 5449 Πνευματικοῖς
965 5370 1301 5449 πνευματικὰ
1333 5369 1721 5451 συγκρίνοντες.
1762 5396 1788 5425 ι
1820 5370 1978 5449 [Tod-

373 5460 592 5536 τέστιν,
638 5461 728 5523 ἐὰν
763 5462 1077 5544 ἀνακύψωσί
1119 5486 1239 5522 τινα
1269 5458 1611 5539 πνευματικὰ
1653 5459 1940 5536 ζητήματα
1962 5507 1977 5533 ,

2092 4563 2514 4631 cousecutione,
2551 4570 2824 4636 quatenus
2868 4561 2940 4619 ad
2978 4560 3271 4633 cujuslibet
3309 4560 3554 4616 matricis
3583 4562 3693 4618 vim

2089 4654 2307 4720 attinet,
2334 4662 2710 4726 concepeth
2742 4673 2753 4708 :
2779 4660 2901 4707 tum
2924 4667 2990 4708 ex
3014 4666 3081 4707 eo
3110 4652 3258 4724 quod
3284 4652 3397 4705 Eva
3421 4665 3489 4706 ex
3509 4649 3691 4707 Adam

2087 4745 2205 4801 sine
2232 4743 2443 4801 semine
2467 4742 2754 4816 progenita
2775 4750 2914 4810 erat,
2936 4756 3152 4798 necnon
3173 4741 3241 4797 ab
3272 4740 3398 4796 aliis
3417 4756 3484 4796 ex
3515 4740 3692 4812 prima

2088 4850 2189 4892 sua
2220 4832 2580 4906 productione
2616 4832 2689 4889 ad
2717 4848 2883 4889 suum
2931 4847 3051 4887 esse
3093 4828 3476 4889 consideratis.
3518 4831 3690 4888 Porro

2088 4923 2247 4993 illud,
2318 4947 2344 4973 α
2402 4922 2792 4996 Spiritualibus
2840 4921 3139 4994 spiritualia
3199 4929 3608 4994 comparantes,
3660 4944 3684 4971 ιο

2088 5014 2297 5088 poteris
2355 5013 2521 5070 etiam
2586 5014 2666 5070 sic
2724 5012 3023 5085 intelligere
3094 5033 3105 5067 :
3178 5011 3323 5083 apud
3384 5010 3694 5083 spirituales

2089 5104 2343 5163 videlicet
2382 5103 2639 5161 homines
2666 5103 2967 5175 spiritualia
3003 5109 3389 5173 comparantes
3418 5108 3473 5157 et
3519 5101 3692 5172 expli-

2090 5204 2301 5253 cantes.
2360 5194 2426 5252 Hi
2472 5195 2625 5252 enim
2683 5193 2784 5251 soli
2832 5193 2937 5249 ista
2980 5206 3177 5263 capere
3221 5198 3455 5263 queunt.
3518 5188 3693 5246 Infert

2090 5286 2257 5360 igitur
2290 5305 2302 5341 :

2160 5378 2339 5434 Vens.
2382 5380 2467 5431 14.
2522 5399 2544 5426 α
2587 5373 2974 5445 Spiritualibus
3015 5368 3313 5443 spiritualia
3357 5384 3695 5441 comparan-

2088 5475 2193 5524 tes.
2243 5490 2268 5517 ι
2299 5468 2423 5525 Hoc
2465 5474 2569 5534 est,
2599 5463 2769 5521 sicubi
2799 5462 3131 5537 quaestiones
3161 5459 3361 5532 aliqua;
3382 5458 3695 5532 spirituales

387 5552 738 5634 συγκρίνομεν
791 5556 998 5626 ταῦτα,
1036 5552 1272 5612 τουτέστι
1294 5597 1309 5625 ,
1361 5550 1643 5629 διαλύομεν
1685 5550 1752 5609 δι’
1788 5552 1982 5632 ἑτέρων

2096 5565 2399 5630 emergant,
2426 5554 2768 5614 conferimus
2790 5569 2903 5623 eas,
2936 5552 3041 5608 hoc
3064 5560 3169 5622 est,
3200 5549 3461 5607 diluimus
3479 5564 3573 5605 eas
3604 5564 3699 5620 per

1770 5730 1961 5792 Variae
2005 5731 2313 5793 lectiones.

453 5823 497 5858 ‘9
520 5843 624 5888 πως
652 5839 707 5882 ο.
785 5822 826 5859 ⁴¹
858 5823 967 5896 ὅσῳ
988 5837 1042 5879 o.
1119 5820 1165 5856 "
1188 5826 1288 5876 τῶν
1327 5821 1533 5893 στείρων
1562 5836 1615 5877 ο.
