4090 6444
394 467 496 521 595

1401 457 1919 516 THEOPHYLACTI
1959 458 2321 517 BULGARLE
2361 461 2674 518 ARCHIEP.

3608 460 3712 516 596

392 590 527 648 alios
565 587 842 662 quosdam
893 585 1204 660 spirituales
1245 593 1546 659 conceptus
1588 585 1671 643 vel
1721 584 1992 642 historias.

2127 590 2488 666 πνευματικῶν
2564 586 2889 664 νοημάτων,
2951 583 3291 665 ἢῖστοριῶν.
3347 583 3530 646 Ὀταν
3609 584 3712 666 γὰρ

397 681 638 756 Quando
669 679 816 736 enim
843 678 1046 752 aliquis
1067 677 1307 748 dubitat,
1342 676 1624 750 quomodo
1655 675 1912 734 Christus
1940 691 2008 732 ex

397 771 613 843 virgine
665 777 834 825 natus
877 777 981 837 est,
1033 767 1104 825 ad
1149 767 1320 824 ﬁdem
1372 766 1690 824 faciendam
1730 766 2008 823 sterilium

400 869 592 936 partus
656 858 966 924 afferimus,
1039 865 1190 931 puta,
1254 860 1455 927 Sarrae,
1517 856 1786 914 Rebeccae
1846 864 2010 928 atque

404 951 640 1008 aliarum
679 965 822 1023 quae,
865 957 1136 1022 quantum
1181 947 1249 1004 ad
1296 948 1721 1020 uniuscujusque
1765 945 2012 1003 matricis

400 1041 730 1114 potentiam,
757 1039 991 1096 naturali
1022 1037 1217 1095 ordine
1235 1055 1348 1094 non
1369 1047 1758 1112 conceperunt.
1780 1036 2012 1104 Adhaec,

400 1131 605 1189 Adami
635 1147 665 1187 e
717 1138 883 1198 terra,
931 1139 1098 1203 atque
1133 1145 1199 1186 ex
1247 1129 1354 1185 isto
1385 1129 1501 1186 solo
1541 1132 1669 1186 Eva:
1697 1128 2015 1201 generatio-

400 1238 548 1279 nem.
581 1225 650 1277 Et
689 1220 906 1293 quando
958 1219 1255 1292 quaeritur,
1303 1219 1587 1291 quomodo
1637 1217 1888 1275 Christus
1933 1233 2018 1273 re-

399 1311 658 1379 surrexit,
700 1313 900 1367 Jonam
947 1311 1175 1384 ejusque
1222 1311 1279 1366 in
1328 1318 1449 1366 ceto
1479 1325 1693 1366 moram
1728 1317 1782 1365 et
1806 1308 2016 1365 exitum

400 1402 548 1458 illinc
576 1401 633 1457 in
677 1400 930 1457 medium
961 1399 1316 1474 proferimus.
1353 1403 1533 1472 Atque
1565 1399 1662 1468 ita,
1695 1415 1793 1472 per
1815 1398 2016 1455 istius-

401 1491 558 1549 modi
607 1491 880 1564 exempla,
924 1491 1181 1564 ambigua
1226 1490 1507 1547 solvimus.
1581 1489 1750 1562 Apud
1810 1489 2019 1561 priscos

403 1583 549 1639 enim
577 1597 667 1638 res
712 1581 915 1638 futurae
946 1582 1003 1638 in
1029 1581 1176 1653 typis
1210 1589 1265 1636 et
1296 1580 1508 1636 umbris
1535 1579 2014 1646 describebantur,

403 1681 465 1729 ut
501 1688 596 1745 per
648 1672 736 1728 illa
778 1671 914 1728 ﬁdes
959 1671 1076 1727 istis
1123 1670 1493 1728 adhiberetur.
1548 1672 1739 1744 Neque
1785 1669 2016 1743 syllogi-

403 1763 542 1819 smis
577 1771 633 1818 et
660 1761 948 1818 dialectica
988 1760 1830 1819 Graecorum‘demonstratione
1856 1759 2016 1816 nobis

405 1869 542 1925 opus
581 1861 682 1910 est.
731 1852 813 1908 Illi
859 1853 1008 1908 enim
1059 1851 1349 1909 infirmum
1404 1851 1750 1908 intellectum
1799 1857 2010 1924 pertur-

403 1943 595 1999 bantes
635 1945 815 2016 potius
858 1959 921 1998 ac
964 1943 1210 1999 tenebris
1243 1951 1299 1999 et
1341 1942 1689 1999 dubitatione
1734 1940 2010 2014 replentes

403 2033 748 2091 concutiunt.
781 2034 978 2104 Porro,
1025 2032 1195 2100 istud,
1226 2037 1325 2089 etc.

472 2125 653 2182 Vnus.
697 2129 779 2180 15.
821 2146 846 2172 «
893 2123 1163 2180 Animalis
1199 2131 1387 2180 autem
1417 2121 1582 2179 homo
1627 2137 1741 2178 non
1784 2120 2013 2194 percipit

404 2230 531 2288 quae
560 2222 692 2272 sunt
728 2214 960 2288 Spiritus
999 2214 1096 2271 Dei
1128 2233 1142 2272 :
1185 2213 1416 2271 stultitia
1458 2212 1609 2269 enim
1649 2212 1753 2285 ipsi
1795 2219 1945 2269 sunt.
1981 2233 2005 2262 ιο

405 2305 674 2362 Animalis
703 2304 874 2361 homo
894 2313 996 2369 est,
1025 2305 1121 2377 qui
1145 2304 1333 2360 omnia
1359 2303 1559 2360 animae
1580 2317 1694 2359 suae
1722 2301 2012 2359 ratiocina-

405 2395 649 2452 tionibus
692 2394 899 2466 tribuit,
944 2411 1127 2468 neque
1163 2409 1399 2466 superno
1439 2393 1640 2449 auxilio
1669 2392 1914 2465 indigere
1951 2407 2011 2449 se

405 2485 699 2553 existimat,
739 2500 916 2560 neque
965 2485 1070 2542 ﬁde
1112 2484 1412 2558 quidquam
1441 2483 1686 2556 accipere
1725 2483 1864 2550 vult,
1903 2497 2011 2540 cae-

404 2585 585 2634 terum
614 2576 802 2634 omnia
840 2575 1126 2633 stultitiam
1155 2576 1474 2644 arbitratur,
1498 2589 1624 2648 qua:
1653 2573 2009 2632 demonstra-

405 2669 615 2725 tionem
654 2683 768 2724 non
811 2666 1128 2725 admittunt.
1159 2668 1366 2724 Cuncta
1398 2666 1566 2739 igitur
1589 2664 1833 2722 naturali
1865 2680 2010 2738 qua-

409 2757 540 2816 dam
581 2757 966 2815 consecutiona
1003 2757 1125 2813 ﬁeri
1171 2757 1607 2827 existimantem,
1641 2771 1819 2829 neque
1857 2753 2018 2828 quid-

412 2864 581 2923 quam
627 2863 794 2920 supra
835 2856 1091 2904 naturam
1136 2847 1278 2904 efﬁci
1315 2847 1672 2920 judicantem,
1715 2845 2013 2902 animalem

413 2946 592 3008 vocat,
654 2938 762 2995 hoc
839 2945 925 2994 est
987 2938 1314 2994 naturalem.
1393 2937 1596 2994 Anima
1660 2935 1808 2992 enim
1867 2935 2016 2992 circa

411 3039 624 3086 naturae
676 3027 1045 3086 oeconomiam
1095 3035 1362 3084 versatur.
1419 3029 1493 3083 Et
1541 3024 2017 3100 quemadmodum

415 3120 557 3177 oculi
617 3118 892 3192 corporei,
953 3116 1307 3190 pulcherrimi
1365 3133 1494 3174 cum
1552 3116 1662 3173 sint
1723 3124 1781 3173 et
1845 3115 2018 3174 utilis-

416 3211 561 3278 simi,
609 3209 726 3266 sine
789 3208 909 3265 luce
971 3224 1102 3265 vero
1147 3207 1331 3266 videre
1387 3224 1502 3264 non
1543 3206 1726 3264 valent

415 3300 596 3357 anima
656 3299 894 3373 Spiritus
957 3299 1132 3355 sancti
1193 3314 1364 3372 capax
1424 3297 1584 3369 facta,
1653 3297 1860 3370 absque
1925 3296 2020 3355 illo

416 3391 597 3447 divina
627 3387 986 3462 contemplari
1013 3389 1226 3462 nequit.

492 3503 519 3530 οι
559 3484 674 3538 Nec
712 3479 850 3537 scire
893 3488 1092 3552 potest,
1136 3478 1286 3554 quod
1330 3477 1681 3552 spiritualiter
1708 3476 2018 3553 dijudican-

420 3582 526 3628 tur.
563 3595 586 3619 υ
620 3573 743 3627 Ηοο
779 3578 882 3639 est,
909 3585 1023 3626 non
1052 3569 1314 3642 intelligit
1353 3569 1504 3643 quod
1535 3568 1646 3626 fide
1675 3576 1871 3643 egeant
1897 3583 2020 3641 qum

419 3663 700 3731 dicuntur,
726 3677 826 3717 nec
844 3662 1062 3717 ratione
1104 3658 1496 3733 comprehendi
1526 3660 1762 3734 possint.
1787 3658 1851 3716 Id
1874 3659 2019 3717 enim

421 3760 526 3822 est,
572 3776 596 3802 ιι
646 3751 1009 3824 Spiritualiter
1075 3751 1462 3826 dijudicantur,
1534 3774 1558 3799 »
1608 3750 1718 3807 hoc
1766 3758 1870 3822 est,
1923 3765 2023 3823 per

417 3842 588 3900 ﬁdem
617 3850 672 3899 et
706 3842 967 3915 Spiritum
996 3840 1534 3900 demonstrationem
1569 3839 1794 3898 habent.

489 4026 666 4082 νεεδ.
709 4028 789 4080 15.
834 4045 861 4073 «ι
893 4022 1204 4095 Spiritualis
1245 4038 1376 4080 vero
1419 4021 1685 4095 dijudicat
1723 4022 1936 4092 omnia,
1969 4031 2023 4081 et

423 4115 540 4187 ipse
599 4131 629 4169 a
684 4114 904 4170 nemine
957 4111 1312 4184 dijudicatur.
1360 4135 1386 4162 ι»
1436 4111 1768 4184 Spiritualis,
1825 4112 2020 4185 inquit,

424 4203 610 4260 omnia
642 4202 816 4270 novit,
863 4218 992 4259 cum
1022 4217 1144 4274 quae
1181 4201 1268 4258 hic
1311 4209 1459 4270 sunt,
1491 4201 1637 4274 quod
1667 4201 1776 4258 sint
1818 4201 2024 4260 caduca

427 4301 484 4350 et
505 4293 654 4349 ﬂuxa
693 4312 709 4347 :
737 4300 858 4348 tum
900 4306 1024 4365 quae
1051 4291 1180 4361 illic,
1224 4291 1374 4364 quod
1397 4291 1511 4348 sint
1548 4290 1793 4361 stabilia;
1823 4301 1880 4350 et
1902 4308 2025 4364 quae

426 4400 528 4441 sua
556 4391 704 4451 sunt,
737 4381 887 4454 quod
914 4382 1148 4440 salutem
1187 4389 1572 4454 consequetur,
1603 4389 1660 4438 et
1680 4397 1804 4454 quae
1833 4381 2024 4440 inﬁde-

427 4474 585 4539 lium,
625 4473 775 4546 quod
818 4487 981 4546 poena
1021 4472 1350 4529 afﬁcientur.
1401 4475 1698 4545 Propterea
1744 4481 1798 4528 et
1846 4489 2028 4547 repre-

428 4563 622 4621 hendit
643 4579 740 4620 eos
760 4583 770 4618 :
801 4563 913 4636 ipse
933 4571 1120 4619 tamen
1147 4561 1308 4635 135
1331 4577 1363 4618 a
1384 4563 1602 4619 nemine
1623 4562 1823 4619 horum
1839 4563 2029 4637 dijudi-

2121 679 2296 760 ἀπορῇ
2325 703 2432 755 τις,
2465 682 2578 746 πῶς
2629 681 2655 737 6
2698 675 2927 757 Χριστὸς
2965 677 3023 736 ἐκ
3063 675 3321 756 παρθένου
3371 675 3714 756 γεγέννηται,

2121 769 2436 849 παράγομεν
2483 771 2555 836 εἷς
2593 766 2770 826 πίστιν
2819 765 2937 834 τοὺς
2991 763 3234 834 τοκετοὺς
3296 769 3400 825 τῶν
3458 771 3712 848 στειρῶν,

2122 859 2365 940 Σοίῤῥας,
2397 858 2687 926 Ῥεϐέκκας
2709 905 2724 931 ,
2755 858 2846 917 καὶ
2876 859 2979 916 τῶν
3026 859 3223 917 λοιπῶν
3265 880 3278 895 ο
3322 854 3378 916 αἳ
3425 859 3484 916 οὗ
3519 862 3716 939 φυσικῇ

2126 951 2442 1031 ἀκολουθίᾳ,
2485 949 2605 1008 ὅσον
2653 973 2712 1028 γε
2751 946 2879 1028 πρὸς
2921 946 3017 1020 τὴν
3059 947 3284 1026 δύναμιν
3325 947 3554 1018 ἑκάστης
3605 947 3718 1026 μή-

2122 1064 2276 1122 τρας,
2334 1038 2642 1102 συνέλαϐον.
2703 1037 2833 1099 Ἔτι
2890 1036 3068 1097 δὲκαὶ
3119 1036 3214 1110 τὴν
3263 1037 3367 1097 ἀπὸ
3415 1042 3512 1115 γῆς
3561 1038 3718 1115 γονὴν

2125 1137 2216 1190 τοῦ
2243 1130 2442 1210 Ἀδὰμ,
2475 1131 2566 1190 καὶ
2597 1128 2693 1201 τὴν
2742 1132 2800 1188 ἐκ
2831 1128 3016 1188 τούτου
3066 1128 3226 1205 μόνου
3270 1132 3363 1201 τῆς
3396 1128 3556 1196 Εὔας.
3609 1129 3719 1190 Καὶ

2125 1221 2252 1282 ὅταν
2281 1225 2541 1296 ζητῆται,
2579 1224 2750 1288 πῶςὸ
2801 1219 3032 1299 Χριστὸς
3081 1219 3306 1293 ἀνέστη,
3357 1217 3585 1300 φέρομεν
3631 1217 3720 1277 τὸν

2127 1309 2309 1373 Ἰωνᾶν
2364 1313 2436 1378 εἷς
2480 1311 2676 1389 μέσον,
2726 1311 2819 1369 καὶ
2867 1308 2962 1382 τὴν
3011 1313 3065 1370 ἐν
3111 1312 3186 1390 τῷ
3239 1307 3390 1382 κήτει
3439 1306 3720 1387 διατριϐὴν

2128 1405 2316 1475 αὐτοῦ,
2368 1401 2459 1462 καὶ
2521 1402 2615 1475 τὴν
2677 1402 2869 1462 ἐκεῖθεν
2925 1399 3269 1478 ἀπαλλαγήν.
3316 1398 3426 1461 Καὶ
3485 1397 3573 1458 διὰ
3615 1403 3720 1458 τῶν

2127 1491 2374 1553 τοιούτων
2413 1493 2610 1570 λύομεν
2642 1490 2736 1559 τὰς
2767 1490 3016 1571 ἀπορίας.
3070 1493 3121 1552 Τ
3124 1499 3198 1558 οἷς
3231 1488 3334 1570 γὰρ
3374 1492 3624 1557 παλαιοῖς
3651 1492 3724 1557 ὡς

2127 1586 2180 1642 ἐν
2210 1582 2395 1649 τύποις
2425 1582 2516 1642 καὶ
2548 1590 2722 1650 σκιαῖς
2753 1581 3065 1663 διεγράφετο
3092 1581 3161 1640 τὰ
3209 1580 3471 1658 μέλλοντα
3492 1627 3509 1658 ,
3551 1578 3638 1640 ἵνα
3668 1580 3722 1650 ἐξ

2127 1672 2341 1734 ἐκείνων
2390 1680 2561 1734 ταῦτα
2612 1672 2950 1744 πιστεύηται.
2999 1672 3108 1734 Καὶ
3151 1673 3246 1732 οὐκ
3299 1670 3491 1752 ἔχομεν
3537 1669 3719 1752 χρείαν

2126 1765 2498 1844 συλλογισμῶν
2531 1763 2621 1824 καὶ
2650 1769 2744 1837 τῆς
2791 1765 3008 1841 λογικῆς
3037 1761 3317 1834 Ἑλλήνων
3371 1759 3715 1830 ἀποδείξεως.

2124 1853 2355 1915 Ἐκεῖνοι
2423 1853 2526 1935 γὰρ
2574 1852 3008 1935 παρασαλεύουσι
3058 1851 3156 1924 τὴν
3206 1854 3402 1924 ἀσθενῆ
3457 1849 3723 1926 διάνοιαν,

2122 1942 2494 2024 ταράττοντες,
2581 1945 2783 2022 μᾶλλον
2864 1942 2918 2002 δὲ
2999 1940 3156 2024 ζόφου
3240 1943 3565 2020 πληροῦντες
3631 1941 3724 2002 καὶ

2041 2038 2088 2102 Β
2118 2035 2362 2115 ἀπορίας.
2390 2033 2616 2107 Νοήσεις
2634 2032 2752 2107 δὲ,κ
2769 2031 2833 2092 αὶ
2857 2057 2888 2092 τ
2905 2031 2938 2091 ὰ
2954 2036 2988 2092 λ
3003 2055 3031 2092 ο
3053 2058 3068 2093 ι
3085 2057 3124 2092 π
3140 2031 3188 2090 ά.
3205 2032 3375 2112 [ϐοά.
3394 2030 3718 2113 Amndel.]

2209 2153 2234 2177 α
2269 2124 2522 2206 Ψυχικὸς
2552 2123 2607 2184 δὲ
2658 2123 2932 2204 ἄνθρωπος
2963 2124 3022 2183 οὗ
3065 2121 3280 2204 δέχεται
3324 2121 3391 2181 τὰ
3425 2126 3520 2181 τοῦ
3552 2121 3724 2184 Πνεύ‹

2122 2239 2285 2294 ματος
2330 2223 2420 2276 τοῦ
2454 2217 2593 2276 Θεοῦ
2626 2235 2639 2252 ³
2668 2212 2842 2294 μωρία
2886 2213 2990 2295 γὰρ
3033 2215 3178 2294 αὐτῷ
3219 2215 3348 2272 ἐστι.
3389 2235 3418 2270 ι)
3457 2212 3719 2293 Ψυχικός

2123 2309 2261 2366 ἐστιν
2295 2305 2612 2388 ἅνθρωποςὸ
2637 2305 2696 2364 τὸ
2736 2313 2843 2363 πᾶν
2872 2304 2979 2372 τοῖς
3006 2307 3098 2375 τῆς
3141 2307 3317 2385 ψυχῆς
3347 2304 3401 2342 ⁸³
3450 2304 3727 2383 λογισμοῖς

2121 2395 2320 2470 διδοὺς,
2369 2397 2460 2455 καὶ
2527 2395 2602 2474 μὴ
2654 2395 2880 2472 νομίζων
2937 2395 3140 2454 δεῖσθαι
3189 2398 3281 2466 τῆς
3331 2392 3532 2453 ἄνωθεν
3593 2397 3725 2472 βοη-

2121 2486 2290 2561 θείας,
2339 2485 2473 2565 μηδὲ
2518 2486 2698 2546 πίστει
2731 2485 2895 2545 θέλων
2935 2482 3183 2564 δέχεσθαί
3224 2509 3308 2558 τι,
3365 2482 3505 2543 ἀλλὰ
3553 2483 3727 2565 πάντα

2124 2564 2649 2656 μωρίαννὴγούμενος
2705 2575 2770 2635 τὰ
2807 2575 2882 2652 μὴ
2933 2573 3206 2643 ἀπόδειξιν
3234 2573 3454 2656 ἔχοντα.
3489 2572 3597 2635 Τὸν
3631 2564 3720 2632 οὖν

2123 2671 2320 2749 φυσικῇ
2376 2667 2663 2749 ἀκολουθίᾳ
2709 2665 2778 2726 τὰ
2827 2663 3002 2725 πάντα
3041 2665 3280 2744 γίνεσθαι
3311 2663 3582 2743 οἰόμενον,
3631 2664 3725 2723 καὶ

2125 2757 2289 2837 μηδὲν
2322 2757 2453 2839 ὑπὲρ
2474 2756 2632 2838 φύσιν
2657 2755 2896 2835 γίνεσθαι
2922 2754 3206 2825 δοξάζοντα
3228 2801 3244 2833 ,
3269 2753 3498 2838 ψυχικὸν
3525 2756 3714 2832 καλεῖ,

2123 2848 2363 2910 τουτέστι
2416 2847 2659 2930 φυσικόν.
2693 2846 2761 2908 Ἣ
2815 2845 2918 2928 γὰρ
2959 2845 3106 2927 ψυχὴ
3160 2845 3281 2926 περὶ
3333 2845 3430 2918 τὴν
3491 2850 3585 2918 τῆς
3631 2843 3728 2928 φύ-

2125 2963 2258 3008 σεως
2309 2939 2614 3019 οἰκονομίαν
2668 2936 2973 3020 στρέφεται.
3011 2937 3115 2997 Καὶ
3159 2935 3342 3016 ὥσπερ
3389 2937 3438 2995 οἱ
3477 2940 3568 2995 τοῦ
3618 2939 3729 2995 σώ-

2128 3054 2293 3108 ματος
2341 3029 2637 3114 ὀφθαλμοὶ,
2671 3028 2952 3088 κάλλιστοι
3007 3025 3102 3104 μὲν
3143 3025 3236 3086 καὶ
3280 3025 3726 3109 χρησιμώτατοι,

2125 3121 2287 3201 χωρὶς
2333 3119 2388 3179 δὲ
2437 3118 2608 3202 φωτὸς
2667 3122 2791 3200 δρᾷν
2851 3119 2946 3178 οὐκ
2991 3116 3264 3196 ἰσχύουσιν
3296 3140 3308 3155 ·
3365 3115 3504 3175 οὕτω
3552 3115 3644 3174 καὶ
3694 3121 3726 3188 ἡ

1778 3225 1795 3263 ε
1839 3207 1916 3264 ita
1965 3214 2019 3264 Θῐ
2049 3207 2092 3273 C
2128 3211 2313 3293 ψυχὴ,
2381 3209 2596 3282 δεκτικὴ
2653 3215 2743 3268 τοῦ
2800 3206 2951 3286 ἁγίου
3013 3205 3323 3284 Πνεύματος
3376 3229 3722 3266 κατασκευα-

2132 3307 2318 3362 σθεῖσα
2338 3346 2354 3378 ,
2387 3299 2549 3382 χωρὶς
2586 3300 2746 3359 αὐτοῦ
2773 3297 2842 3359 τὰ
2873 3303 2986 3358 θεῖα
3025 3297 3242 3378 βλέπειν
3275 3298 3332 3356 οὗ
3367 3297 3608 3357 δύναται.

2210 3503 2233 3530 α
2266 3477 2377 3538 Καὶ
2421 3481 2478 3541 οὗ
2527 3473 2748 3536 δύναται
2786 3472 3012 3550 γνῶναι,
3045 3466 3128 3528 ὅτι
3175 3471 3551 3548 πνευματικῶς
3597 3470 3728 3528 ἀνα-

2131 3566 2385 3648 κρίνεται.
2411 3598 2434 3624 ιο
2480 3565 2770 3630 Τουτέστιν
2791 3611 2806 3638 ,
2834 3563 2927 3622 οὐκ
2973 3561 3161 3634 ἐννοεῖ,
3191 3559 3273 3619 ὅτι
3302 3559 3528 3628 πίστεως
3560 3561 3732 3620 δεῖται

2128 3657 2195 3716 τὰ
2241 3659 2533 3740 λεγόμενα,
2581 3655 2672 3715 καὶ
2719 3657 2994 3733 λογισμοῖς
3049 3649 3188 3710 αὐτὰ
3248 3649 3578 3710 καταλαϐεῖν
3633 3653 3733 3711 οὒκ

2131 3748 2266 3812 ἔστι.
2319 3752 2490 3811 Τοῦτο
2531 3746 2632 3828 γάρ
2671 3749 2783 3806 ἐστι
2831 3741 2923 3814 τὸ,
2963 3762 2994 3800 α
3021 3744 3408 3820 Πνευματικῶς
3457 3741 3735 3821 ἀνακρίνε-

2134 3862 2258 3915 ται,
2290 3839 2406 3901 ἀντὶ
2441 3844 2562 3913 τοῦ,
2594 3835 2682 3896 διὰ
2724 3834 2952 3902 πίστεως
3000 3832 3091 3893 καὶ
3125 3832 3442 3911 Πνεύματος
3472 3829 3566 3900 τὰς
3597 3833 3732 3892 ἀπο·

2136 3928 2317 3998 δείξεις
2347 3928 2582 4012 ἔχουσιν.

2223 4043 2251 4079 ι(
2294 4011 2448 4082 Ὃνδὲ
2477 4016 2834 4096 πνευματικὸς
2877 4013 3148 4098 ἀνακρίνει
3191 4011 3286 4090 μὲν
3320 4011 3534 4084 πάντα,
3570 4011 3730 4079 αὐτὸς

2136 4109 2190 4170 δὲ
2219 4112 2306 4170 ὑπ’
2355 4109 2561 4178 οὐδενὸς
2603 4106 3036 4188 ἀνακρίνεται.)
3082 4102 3149 4165 Ὁ
3201 4101 3300 4182 μὲν
3342 4100 3726 4180 πνευματικὸς,

2135 4202 2300 4284 φησὶ,
2343 4200 2518 4261 πάντα
2549 4190 2655 4260 οἶδε
2687 4221 2700 4236 ο
2745 4185 2837 4258 καὶ
2877 4194 2945 4256 τὰ
2971 4185 3074 4255 ὧδε
3095 4242 3110 4270 ,
3143 4193 3225 4254 ὅτι
3257 4192 3560 4284 πρόσκαιρα
3587 4215 3599 4228 ·
3645 4191 3738 4284 καὶ

2134 4281 2203 4351 τὰ
2239 4293 2377 4366 ἐκεῖ,
2425 4288 2504 4350 ὅτι
2537 4290 2739 4370 μόνιμα
2770 4312 2784 4326 ο
2827 4286 2920 4347 καὶ
2950 4285 3017 4345 τὰ
3049 4288 3206 4345 αὑτοῦ
3238 4285 3312 4359 Η,
3347 4281 3426 4342 ὅτι
3469 4281 3737 4362 σωτηρίας

2136 4382 2374 4451 τεύξεται
2403 4405 2418 4419 ·
2465 4380 2556 4441 καὶ
2605 4379 2673 4440 τὰ
2696 4382 2802 4439 τῶν
2850 4377 3125 4450 ἀπίστων,
3163 4377 3245 4436 ὅτι
3285 4372 3731 4448 κολασθήσονται.

2139 4473 2235 4536 Διὸ
2265 4472 2357 4533 καὶ
2387 4472 2594 4554 ἐλέγχει
2631 4470 2845 4538 τούτους
2875 4492 2889 4506 ο
2939 4467 3095 4536 αὐτὸς
3135 4467 3314 4546 μέντοι
3364 4468 3454 4524 ὑπ’
3486 4463 3658 4524 οὐδενὶ
3691 4465 3740 4506 "5

2139 4565 2334 4626 τούτων
2382 4551 2756 4643 ἀνακρίνεται,
2807 4558 3117 4636 τουτέστιν,
3182 4557 3505 4638 ἐλέγχεται·
3556 4551 3741 4634 ὥσπερ

435 4662 610 4724 catur,
639 4653 745 4710 hoc
783 4663 869 4711 est
901 4654 1152 4729 arguitur
1197 4675 1207 4710 :
1237 4653 1710 4726 quemadmodum
1735 4654 1829 4727 qui
1857 4653 2017 4724 videt,

2141 4654 2230 4715 καὶ
2261 4657 2289 4713 6
2317 4657 2453 4735 ὁρῶν
2479 4700 2494 4727 ,
2529 4642 2689 4720 αὐτὸς
2733 4650 2827 4729 μὲν
2860 4649 2950 4709 καὶ
2993 4648 3063 4709 τὰ
3093 4649 3264 4708 οἰκεῖα
3299 4646 3514 4728 βλέπει,
3553 4642 3738 4703 καὶτὰ

2181 4748 2214 4761 η
2337 4743 2426 4761 ι.-
2493 4741 2508 4761 I
2758 4743 2775 4761 τ
2840 4749 2859 4759 -
2992 4737 3036 4761 Μ
3184 4736 3414 4761 \\al,,
3538 4732 3738 4761 .1!_-_!,

433 4752 488 4801 et
509 4760 607 4801 sua
632 4745 798 4812 videt,
825 4753 880 4800 et
911 4759 972 4800 ea
1000 4760 1123 4818 quae
1151 4753 1284 4802 sunt
1309 4760 1502 4802 eorum
1530 4744 1622 4818 qui
1652 4760 1767 4816 non
1797 4744 1981 4802 vident
2013 4765 2024 4800 :

426 4834 518 4892 isti
565 4849 692 4891 vero
738 4851 915 4907 neque
966 4850 1089 4907 quae
1133 4852 1234 4892 sua
1280 4843 1430 4903 sunt,
1478 4851 1656 4909 neque
1700 4849 1826 4910 qua:
1884 4835 2032 4893 illius

430 4931 562 4982 sunt
583 4933 836 4990 cernunt,
874 4925 1076 4997 quippe
1100 4925 1192 4997 qui
1216 4925 1345 4982 caeci
1374 4934 1522 4983 sunt.

500 5017 681 5072 Vsus.
727 5019 811 5071 15.
847 5038 872 5064 α
904 5015 1208 5088 Spiritualis
1232 5015 1497 5088 dijudicat
1519 5015 1728 5085 omnia,
1758 5024 1811 5072 et
1858 5016 1972 5088 ipse
1997 5032 2028 5072 a

428 5105 652 5164 nemine
687 5104 1042 5179 dijudicatur.
1078 5129 1103 5154 η
1149 5105 1289 5180 Quis
1325 5106 1394 5162 sit
1436 5106 1517 5161 vir
1544 5106 1818 5176 animalis,
1862 5121 2028 5178 supra

428 5195 651 5270 quidem
679 5195 994 5254 didicimus.
1036 5196 1339 5269 Spiritualis
1383 5212 1509 5254 vero
1556 5197 1602 5253 is
1641 5204 1747 5265 est,
1779 5196 1875 5269 qui
1912 5197 2030 5269 Spi-

428 5289 566 5344 ritus
592 5289 764 5345 sancti
801 5287 1156 5361 splendorem
1199 5287 1257 5343 in
1282 5287 1528 5344 animam
1557 5302 1714 5344 suam
1753 5285 2025 5344 intromit-

429 5378 515 5449 tit,
542 5387 599 5436 et
621 5387 866 5436 mentem
895 5379 962 5436 ab
1006 5379 1100 5436 illo
1138 5377 1510 5435 illuminatam
1541 5377 1728 5435 habet.
1761 5378 2029 5449 Quocirca

429 5469 524 5540 qui
561 5468 857 5541 spiritualis
881 5477 986 5540 est,
1029 5468 1217 5526 omnia
1253 5468 1620 5541 spiritualiter
1664 5467 2029 5541 comprehen-

2144 4748 2247 4804 τῶν
2287 4732 2364 4822 μῆ
2406 4741 2655 4820 δρώντων
2705 4765 2718 4778 ·
2751 4743 2941 4802 ἐκεῖνοι
2987 4737 3043 4800 δὲ
3080 4737 3268 4822 τυφλοὶ
3299 4736 3478 4812 ὄντες,
3523 4732 3644 4795 οὔτε
3673 4732 3741 4796 τὰ

2144 4837 2378 4910 ἑαυτῶν,
2407 4832 2526 4894 οὔτε
2556 4833 2626 4894 τὰ
2657 4831 2884 4894 ἐκείνου.

2233 5031 2262 5067 (ι
2287 5006 2357 5070 Ὁ
2393 4990 2834 5086 δὲ’πνευματικὸς
2875 5000 3149 5084 ἀνακρίνει
3190 4999 3286 5080 μὲν
3324 4997 3506 5060 πάντα
3529 5041 3545 5071 ,
3587 4996 3743 5065 αὐτὸς

2141 5095 2195 5158 δὲ
2243 5097 2333 5158 ὕπ’
2367 5096 2569 5166 οὐδενὸς
2616 5095 2974 5177 ἀνακρίνεται.
3016 5117 3044 5152 D
3075 5092 3172 5160 Τίς
3213 5091 3308 5170 μέν
3337 5094 3494 5170 λέστιν
3520 5091 3548 5148 6
3579 5092 3745 5170 ψυχι-

2141 5187 2230 5256 κὸς
2283 5188 2554 5268 ἄνθρωπος
2599 5187 2886 5266 ἐμάθομεν.
2967 5182 3341 5263 Πνευματικὸς
3395 5181 3452 5242 δέ
3514 5182 3667 5268 ἐστιν
3718 5181 3746 5237 6

2141 5283 2207 5358 τῇ
2258 5266 2406 5362 ψυχῇ
2447 5278 2544 5350 τὴν
2586 5277 2777 5359 αἴγλην
2825 5282 2915 5338 τοῦ
2951 5275 3103 5357 ἁγίου
3150 5272 3464 5353 Πνεύματος
3513 5266 3745 5338 εἰσδεξά-

2144 5361 2335 5448 μενος,
2405 5369 2496 5431 καὶ
2553 5371 2680 5451 παρ’
2762 5369 2922 5429 αὐτοῦ
2991 5365 3079 5428 τὸν
3151 5370 3272 5426 νοῦν
3335 5361 3742 5446 ,φωτιζόμενομ

2143 5459 2212 5520 Ὀ
2270 5458 2442 5520 τοίνυν
2505 5449 2860 5540 πνευματικὸς
2933 5455 3347 5537 καταλαμϐάνει
3417 5453 3515 5533 μὲν
3571 5449 3749 5511 πάντα

1843 5639 2031 5700 Variae
2075 5641 2370 5700 lectiones.

511 5809 553 5844 ιθ
581 5811 809 5881 ψυχικοῖς
828 5825 888 5867 0.
966 5811 1007 5846 ⁵⁵
1037 5816 1134 5865 τῶν
1158 5814 1347 5865 πιστῶν
1380 5827 1434 5868 0.
1515 5810 1554 5846 ιδ
1581 5809 1661 5866 ὑπ’
1693 5813 1895 5874 οὐδενὸς
1921 5826 1995 5868 m.
