4090 6456
258 22 277 23 κ
306 4 1483 33 ήήῄ-*ι
1646 22 1815 39 ῖνπθικ--μ
1846 24 1853 33 .

416 470 523 525 597

1315 467 1666 525 EXPOSITIO
1704 468 1770 525 IN
1810 467 2021 525 EPIST.
2059 468 2081 523 Ι
2116 470 2210 526 AD
2249 470 2407 528 COR.
2449 499 2521 512 —
2560 472 2712 529 CAP.
2749 474 2834 530 Ill.

3623 478 3727 536 598

412 597 831 673 πνευματικῶς,
893 597 963 662 ὡς
1017 592 1349 674 προείρηταιο
1397 593 1551 662 αὐτὸς
1603 594 1660 654 δέ
1710 595 1791 665 τίς
1839 597 2002 656 ἐστιν.

2132 596 2234 663 dit,
2271 604 2333 654 ut
2367 613 2535 670 supra
2580 597 2789 657 dictum
2817 606 2933 669 est;
2977 600 3093 673 ipse
3120 614 3274 670 vero,
3316 600 3544 674 quinam
3574 603 3667 673 sit,
3697 620 3728 660 a

412 687 508 745 ὕπ’
569 685 778 754 οὐδενὸς
835 688 939 745 τῶν
995 686 1237 766 ψυχικῶν
1298 683 1781 760 καταλαμϐάνεται
1812 709 1827 726 ο
1883 685 2017 765 ὑπὲρ

414 773 603 844 αὐτοὺς
633 775 739 856 γὰρ
772 774 845 835 ὧν
864 821 881 849 ,
917 776 1185 853 ἀγνοεῖται
1229 774 1452 842 τούτοις.
1494 774 1569 837 Ἢ
1589 822 1606 851 ,
1635 777 2015 856 καταλαμϐά-

412 889 492 925 νει
539 864 634 944 μὲν
664 865 744 933 τίς
781 867 922 925 ἐστιν
970 869 999 925 6
1047 864 1305 947 ψυχικὸς,
1351 864 1446 926 καὶ
1494 867 1547 926 τί
1578 867 1821 929 πείσεται
1878 868 2016 945 μετὰ

411 956 674 1034 θάνατον,
719 955 810 1016 καὶ
857 947 963 1016 οἶδε
1014 955 1106 1015 καὶ
1147 955 1214 1014 τὰ
1258 958 1451 1016 ἑαυτοῦ
1482 957 1575 1016 καὶ
1621 956 1690 1017 τὰ
1718 964 1812 1018 τοῦ
1840 961 2009 1039 ψυχι-

408 1052 507 1106 κοῦ
540 1065 555 1082 ⁸
594 1046 750 1114 αὐτὸς
782 1046 835 1107 δὲ
868 1045 957 1105 ὑπ’
992 1046 1196 1113 οὐδενὸς
1225 1049 1456 1128 ψυχικοῦ
1490 1049 2008 1125 καταλαμϐάνεται,

408 1136 491 1205 τίς
535 1140 679 1212 ἐστι,
717 1134 808 1197 καὶ
854 1136 907 1196 τί
954 1136 1239 1197 πείσεται·
1286 1136 1468 1219 ὥσπερ
1504 1138 1570 1212 δὴ
1617 1138 1712 1199 καὶ
1742 1143 1770 1198 6
1801 1139 2010 1218 βλέπων

410 1231 511 1310 δρᾷ
543 1226 640 1306 μὲν
680 1227 769 1288 τὸν
807 1226 1001 1309 τυφλὸν
1027 1274 1043 1307 ,
1074 1231 1176 1310 οὔχ
1212 1230 1400 1309 ὁρᾶται
1442 1226 1497 1287 δὲ
1523 1229 1627 1289 ὕπὸ
1665 1235 1755 1290 τοῦ
1785 1231 2005 1311 τυφλοῦ.

411 1317 572 1381 Ἐπεὶ
616 1318 674 1377 δὲ
729 1317 1029 1401 ἀνακρίνειν
1082 1317 1160 1378 ἔτι
1188 1326 1390 1379 νοεῖται
1435 1320 1527 1380 καὶ
1567 1321 1628 1380 τὸ
1669 1318 1939 1403 ἐλέγχειν,
1985 1324 2012 1379 6

408 1408 507 1488 μὲν
536 1410 891 1487 πνευματικὸς
922 1409 1130 1490 ἐλέγχει
1161 1409 1394 1471 πάντοσε
1447 1410 1535 1470 τὸν
1569 1414 1747 1480 κακῶς
1780 1411 1973 1492 ἔχοντα
1993 1460 2005 1483 ,

409 1498 562 1567 αὐτὸς
600 1500 655 1559 δὲ
689 1502 779 1560 ὑπ’
814 1498 1019 1567 οὐδενὸς
1049 1504 1156 1560 τῶν
1205 1504 1383 1569 κακῶς
1429 1501 1659 1580 ἐχόντων
1690 1501 2004 1584 ἐλέγχεται,

409 1588 505 1649 ἅτε
533 1591 697 1670 ὀρθῶς
729 1593 875 1671 βιῶν.
913 1588 1102 1671 [Cod.
1143 1591 1428 1652 Arundel.
1459 1590 1482 1673 ]

500 1792 529 1829 (ι
558 1770 656 1837 Τίς
689 1769 792 1852 γὰρ
825 1772 960 1847 ἔγνω
1001 1773 1122 1830 νοῦν
1166 1769 1397 1851 Κυρίου,
1436 1768 1489 1839 ὃς
1534 1769 1864 1848 συμϐιϐάσει
1907 1773 2009 1830 αὖα

2128 689 2282 745 nullo
2341 690 2567 747 animali
2612 689 3116 763 comprehenditur.
3171 693 3314 748 Nam
3375 709 3543 765 supra
3603 695 3727 753 illos

2128 780 2386 850 existens,
2430 779 2500 837 ab
2526 781 2595 838 iis
2625 797 2737 838 non
2778 782 3146 856 cognoscitur.
3190 780 3310 850 Vel,
3340 783 3569 856 percipit
3595 800 3729 842 sane

2127 870 2245 942 quis
2274 871 2346 927 sit
2386 871 2554 928 homo
2580 872 2857 941 animalis,
2887 881 2943 929 et
2966 872 3096 944 quid
3124 880 3250 946 post
3278 882 3519 931 mortem
3546 875 3719 946 patie-

2124 969 2235 1028 tur,
2254 962 2513 1036 novitque
2536 962 2794 1035 suiipsius
2818 971 2874 1019 et
2901 963 3144 1020 hominis
3163 964 3414 1020 animalis
3444 979 3532 1021 res
3563 982 3577 1019 :
3608 966 3725 1038 ipse

2125 1068 2249 1109 vero
2295 1051 2365 1109 ab
2393 1053 2613 1109 animali
2644 1054 2795 1110 nullo
2841 1054 3180 1126 intelligitur,
3210 1054 3308 1127 qui
3355 1054 3447 1123 sit,
3493 1063 3550 1111 et
3594 1055 3724 1128 quid

2126 1151 2250 1215 post
2273 1151 2513 1201 mortem
2543 1143 2780 1216 patietur
2813 1165 2824 1201 :
2859 1144 3333 1217 quemadmodum
3359 1145 3404 1202 is
3427 1146 3524 1219 qui
3552 1144 3720 1213 videt,

2122 1248 2333 1290 caecum
2362 1233 2586 1307 quidem
2622 1234 2815 1303 cernit,
2856 1251 2973 1292 non
3013 1243 3197 1292 tamen
3225 1251 3256 1292 a
3280 1251 3428 1293 caeco
3457 1236 3718 1293 cernitur.

2123 1324 2405 1395 Quoniam
2433 1340 2583 1394 vero,
2626 1348 2650 1374 α
2687 1324 3007 1398 dijudicare,
3043 1350 3068 1376 ιι
3100 1325 3366 1399 accipitur
3391 1342 3513 1399 pro,
3561 1348 3587 1375 α
3638 1342 3725 1383 ar-

2121 1430 2306 1489 guere,
2342 1437 2367 1464 »
2399 1413 2571 1472 homo
2604 1414 2895 1489 spiritualis
2923 1416 3169 1490 quidem,
3209 1432 3336 1473 eum
3365 1418 3460 1491 qui
3489 1416 3638 1473 male
3662 1432 3722 1474 se

2122 1504 2279 1578 gerit,
2328 1521 2614 1579 nunquam
2661 1522 2775 1563 non
2811 1509 3010 1579 arguit,
3040 1506 3160 1579 ipse
3203 1515 3390 1563 autem
3440 1524 3472 1564 a
3501 1507 3722 1564 nemine

2120 1610 2313 1652 eorum
2358 1597 2450 1669 qui
2502 1596 2647 1654 male
2705 1613 2763 1654 se
2808 1597 3034 1667 habent,
3079 1597 3345 1670 arguitur,
3398 1597 3525 1671 quia
3575 1605 3723 1655 recte

2121 1683 2269 1741 vivit.

2189 1777 2368 1834 Vsus.
2407 1782 2492 1834 16.
2525 1800 2551 1826 α
2582 1776 2716 1849 Quis
2743 1777 2890 1834 enim
2919 1777 3073 1834 novit
3100 1784 3341 1835 mentem
3371 1777 3599 1834 Domini
3627 1777 3721 1850 qui

404 1860 495 1920 τόν
520 1891 533 1932 ;
558 1882 588 1920 υ
630 1860 739 1921 Τὸν
776 1859 1134 1937 πνευματικὸν
1162 1865 1312 1933 νοῦν,
1340 1866 1459 1920 νοῦν
1496 1862 1695 1942 Κυρίου
1735 1863 2002 1940 ὀνομάζει.

2118 1867 2337 1924 erudiat
2373 1868 2557 1940 ipsum
2586 1871 2599 1910 ι
2627 1872 2651 1926 P
2698 1891 2724 1918 ιο
2759 1867 3104 1939 Spiritualem
3132 1875 3385 1926 mentem
3429 1890 3454 1916 α
3489 1867 3718 1924 Domini

403 1952 488 2014 Τὸ
519 1950 602 2026 δὲ,
637 1973 668 2006 α
702 1950 1045 2029 Συμϐιϐάσει
1065 1996 1083 2028 ,
1115 1950 1233 2010 ἀντὶ
1260 1957 1351 2012 τοῦ
1373 1997 1389 2025 ,
1434 1952 1802 2033 διορθώσεται.
1852 1953 2010 2014 Ἐπεὶ

402 2041 578 2102 τοίνυν
620 2040 752 2123 ἔφθη
807 2040 1003 2115 εἰπὼν,
1051 2039 1131 2101 ὅτι
1164 2044 1193 2102 6
1244 2043 1600 2120 πνευματικὸς
1655 2043 1743 2104 ὕπ’
1806 2044 2011 2112 οὐδενὸς

405 2130 775 2212 ἀνακρίνεται,
808 2131 940 2213 φησὶ
964 2136 1082 2206 νῦν,
1109 2131 1190 2190 ὅτι
1217 2132 1449 2201 Εἰκότως
1472 2138 1627 2193 τοῦτο
1657 2124 1828 2197 εἶπον.
1861 2162 1883 2189 α
1913 2136 2011 2203 Τίς

399 2222 506 2302 γὰρ
535 2221 671 2302 ἔγνω
700 2229 818 2282 νοῦν
871 2221 1108 2303 Κυρίου,
1156 2223 1209 2292 ὃς
1248 2222 1434 2299 μέλλει
1465 2223 1806 2302 συμϐιϐάσαι
1848 2226 2008 2287 αὐτὸν

404 2310 534 2391 (τὸν
564 2319 682 2372 νοῦν
712 2311 909 2393 φημι),
955 2334 985 2371 n
1034 2311 1277 2373 τουτέστι
1324 2313 1758 2395 διορθώσασθαι;
1798 2318 1863 2377 Εἰ
1903 2316 2008 2398 γὰρ

400 2402 596 2462 εἰδέναι
624 2403 793 2472 οὐδεὶς
822 2402 1042 2463 δύναται
1078 2404 1169 2463 τὸν
1191 2410 1282 2464 τοῦ
1312 2405 1514 2485 Κυρίου
1560 2411 1683 2464 νοῦν
1704 2454 1718 2478 ,
1748 2406 1804 2466 6v
1838 2406 1950 2488 ἔχει
1981 2412 2009 2467 6

402 2493 759 2573 πνευματικὸς
782 2542 794 2565 ,
844 2496 1030 2575 πολλῷ
1081 2495 1286 2572 μᾶλλον
1330 2495 1598 2555 διδάσκειν
1655 2496 1747 2556 καὶ
1800 2496 2010 2579 διορθώ-

401 2588 601 2644 σασθαι
632 2585 706 2645 ⁴⁶.

493 2696 523 2733 α
551 2673 743 2751 Ἡμεῖς
772 2673 828 2733 δὲ
866 2680 1009 2757 νοῦν,
1038 2674 1234 2756 Κυρίου
1264 2676 1317 2714 “7
1348 2674 1565 2756 ἔχομεν.
1594 2698 1623 2735 ι)
1660 2676 1754 2749 Μὴ
1799 2678 2007 2757 θαυμά·

400 2788 527 2844 σῃς,
584 2765 779 2846 φησὶν,
832 2764 914 2825 ὅτι
963 2756 1108 2824 εἷπον
1152 2770 1276 2825 νοῦν
1322 2767 1523 2847 Κυρίου
1574 2766 1661 2828 τὸν
1711 2756 2006 2848 πνευματι-

399 2853 494 2914 κὸν
520 2855 574 2894 *⁸
626 2854 720 2915 καὶ
760 2854 847 2916 τὸν
892 2860 1012 2915 νοῦν
1054 2856 1239 2918 αὐτοῦ.
1277 2855 1470 2935 Ἡμεῖς
1510 2857 1613 2939 γὰρ
1652 2857 1847 2928 πάντες
1885 2865 2004 2920 νοῦν

398 2947 641 3024 Χριστοῦ
671 2945 862 3027 ἔχομεν
885 2970 899 2984 ο
932 2946 1206 3019 τουτέστι,
1252 2947 1442 3007 Πάντα
1469 2947 1571 3008 ὅσα
1600 2949 1776 3028 ἴσμεν,
1807 2953 1836 3009 6
1868 2953 2007 3032 Χρι-

401 3036 524 3104 στὸς
551 3041 680 3114 ἡμῖν
703 3035 1011 3116 ἀπεκάλυψε
1045 3055 1059 3071 ·
1098 3036 1189 3095 καὶ
1218 3036 1306 3097 τὸν
1337 3043 1455 3097 νοῦν
1485 3038 1514 3098 6
1668 3038 1779 3123 ὃν]
1809 3039 2003 3122 ἔχομεν

400 3126 525 3208 περὶ
561 3130 667 3186 τῶν
712 3126 862 3188 θείων
911 3127 1280 3209 πραγμάτων,
1332 3134 1422 3188 τοῦ
1474 3131 1708 3210 Χριστοῦ
1750 3130 1946 3213 ἔχομεν
1988 3156 2000 3169 ·

2120 1966 2366 2015 mentem
2400 1982 2425 2008 ν
2452 1966 2633 2016 vocat.
2674 1958 2976 2031 Συμειϐάσει
3012 1967 3199 2016 autem
3229 1967 3312 2015 est
3342 1972 3465 2031 pro,
3492 1957 3718 2031 diriget,

2119 2048 2376 2122 corriget.
2417 2048 2557 2123 Quia
2599 2066 2731 2123 ergo
2756 2065 2920 2123 supra
2963 2048 3125 2118 dixit,
3165 2073 3189 2097 ‹‹
3217 2048 3527 2121 Spiritualis
3565 2064 3599 2104 a
3625 2064 3720 2103 ne-

2121 2138 2273 2196 mine
2315 2138 2647 2214 dijudicatur
2696 2160 2707 2196 :
2755 2164 2781 2190 »
2827 2140 3012 2198 subdit
3051 2156 3216 2206 nunc,
3261 2143 3388 2197 Non
3440 2138 3720 2195 immerito

2119 2227 2253 2285 dixi.
2299 2252 2325 2278 ιι
2368 2229 2505 2301 Quis
2544 2230 2696 2287 enim
2740 2230 2897 2288 novit
2937 2239 3183 2288 mentem
3224 2228 3465 2298 Domini,
3521 2228 3617 2302 qui
3655 2228 3725 2283 sit

2119 2319 2487 2377 instructurus
2514 2320 2685 2394 ipsam
2715 2326 3006 2389 (mentem,
3037 2322 3306 2394 inquam),
3337 2319 3443 2377 hoc
3467 2328 3570 2388 est,
3600 2318 3725 2376 diri-

2118 2419 2211 2483 get
2238 2410 2352 2468 sive
2382 2412 2658 2485 corriget?
2703 2412 2757 2468 Si
2789 2413 2935 2468 enim
2964 2427 3131 2468 nemo
3170 2412 3313 2468 scire
3342 2419 3523 2483 potest
3564 2426 3720 2467 men-

2118 2509 2229 2557 tem
2275 2501 2521 2572 Domini,
2554 2518 2724 2573 quam
2763 2502 2926 2559 habet
2953 2501 3271 2574 spiritualis,
3311 2502 3489 2558 multo
3531 2500 3720 2557 minus

2117 2590 2316 2649 docere
2344 2592 2491 2648 illam
2524 2593 2724 2665 poterit
2756 2601 2811 2650 et
2846 2593 3141 2665 corrigere.

2189 2684 2302 2739 Nos
2334 2691 2521 2740 autem
2561 2692 2806 2740 mentem
2839 2682 3069 2739 Domini
3110 2682 3400 2740 habemus.
3444 2704 3467 2731 υ
3500 2682 3583 2738 Ne
3612 2679 3720 2736 mi-

2116 2774 2273 2841 reris,
2305 2773 2504 2847 inquit,
2535 2773 2687 2847 quod
2728 2773 2837 2831 dixi
2869 2782 3115 2831 mentem
3143 2773 3369 2831 Domini
3399 2774 3583 2847 ipsum
3610 2771 3724 2844 spi-

2115 2864 2371 2921 ritualem
2402 2874 2459 2921 et
2502 2873 2747 2922 mentem
2776 2864 2962 2938 ipsius.
2996 2867 3112 2922 Nos
3139 2865 3289 2921 enim
3329 2878 3524 2920 omnes
3560 2877 3722 2919 men-

2116 2964 2231 3013 tem
2272 2954 2475 3013 Cbristi
2513 2954 2811 3027 habemus,
2858 2954 2964 3012 hoc
3003 2964 3106 3023 est,
3156 2956 3343 3012 omnia
3375 2968 3721 3028 quaecunque

2110 3046 2339 3113 scimus,
2385 3044 2634 3104 Christus
2662 3045 2820 3103 nobis
2863 3045 3135 3103 revelavit.
3180 3049 3250 3103 Et
3277 3061 3444 3119 quam
3469 3053 3719 3102 mentem

2112 3153 2211 3194 seu
2262 3136 2607 3194 intellectum
2645 3136 2914 3194 habemus
2950 3135 3021 3193 de
3061 3136 3255 3194 divinis
3292 3136 3477 3205 rebus,
3517 3135 3723 3193 Christi

397 3218 678 3291 τουτέστι,
704 3216 822 3291 Τὴν
860 3221 1055 3296 γνῶσιν
1085 3218 1150 3291 ἣν
1196 3217 1389 3299 ἔχομεν
1423 3221 1546 3301 περὶ
1591 3226 1697 3281 τῶν
1735 3223 1877 3284 κατὰ
1904 3221 1999 3295 τὴν

2118 3236 2227 3298 est;
2259 3227 2365 3285 hoc
2393 3236 2496 3297 est,
2522 3228 2778 3286 notitiam
2809 3244 2974 3301 quam
3008 3228 3278 3285 habemus
3306 3226 3375 3283 de
3403 3227 3565 3284 rebus
3589 3225 3716 3282 ﬁdei

396 3309 579 3368 πίστιν
634 3308 970 3389 πραγμάτων
1024 3313 1400 3388 πνευματικῶν
1448 3310 1518 3384 ⁴⁹,
1578 3312 1685 3373 ἀπὸ
1727 3317 1819 3373 τοῦ
1861 3316 2000 3394 Χρι-

396 3404 527 3459 στοῦ
558 3398 751 3480 ἔχομεν
784 3422 797 3436 ·
855 3398 996 3460 ὥστε
1039 3398 1254 3469 εἰκότως
1317 3402 1406 3460 ὕπ’
1461 3402 1667 3470 οὐδενὸς
1719 3403 1999 3485 ἀνακρινό-

398 3495 558 3567 μεθα.
588 3488 742 3557 Τινὲς
779 3487 834 3550 δὲ
873 3494 995 3551 νοῦν
1026 3492 1259 3570 Χριστοῦ
1301 3490 1391 3551 τὸν
1440 3492 1692 3572 Πατέρα,
1726 3495 1876 3553 ἄλλοι
1909 3493 2000 3553 καὶ

398 3580 462 3641 τὸ
489 3582 715 3660 Πνεῦμα
746 3580 1059 3658 ὠνόμασαν.

992 3741 1285 3802 ΚΕΦΑΛ.
1326 3739 1409 3802 Γ’.

487 3906 515 3941 α
543 3884 653 3945 Καὶ
684 3880 823 3962 ἐγὼ,
856 3883 1112 3964 ἀδελφοὶ,
1153 3888 1250 3944 οὐκ
1277 3883 1547 3957 ἠδυνήθην
1576 3886 1813 3956 λαλῆσαι
1835 3888 1959 3963 ὑμῖν
1978 3933 1996 3965 ,

397 3976 469 4043 ὣς
504 3982 913 4053 πνευματικοῖς,
974 3975 1094 4033 ἀλλ’
1144 3977 1214 4041 ὡς
1262 3985 1554 4057 σαρκικοῖς.
1590 3997 1620 4035 ι)
1683 3976 1998 4037 Κατέϐαλεν

399 4066 574 4125 αὐτῶν
622 4064 709 4125 τὸν
753 4062 842 4123 ἐπὶ
1011 4063 1110 4133 ἔξω
1161 4065 1318 4147 σοφίᾳ
1369 4069 1553 4147 τῦφον.
1624 4063 1746 4128 Ἵνα
1794 4058 1882 4126 οὖν
1921 4069 1998 4146 μὴ

397 4156 569 4237 ἔχωσι
596 4155 768 4233 λέγειν
786 4200 803 4230 ,
828 4153 909 4213 ὅτι
934 4152 1127 4232 Ἡμεῖς
1164 4158 1258 4215 οὐκ
1287 4156 1372 4214 ἐπ’
1417 4154 1593 4236 ἐκείνῃ
1627 4156 1956 4238 ἐπαιρόμεθα
1981 4205 1997 4236 ,

397 4248 502 4307 ἀλλ
531 4245 637 4306 ’ἐπὶ
790 4250 1127 4326 πνευματικῇ
1157 4270 1169 4282 ·
1222 4250 1311 4305 νῦν
1343 4246 1601 4306 δείκνυσιν
1644 4246 1831 4315 αὐτοὺς
1882 4250 1999 4309 οὐδὲ

396 4336 485 4398 ἐπὶ
608 4334 845 4417 ἡμετέρᾳ
896 4335 1053 4418 σοφίᾳ
1105 4336 1166 4397 τὸ
1194 4335 1392 4396 τέλειον
1438 4334 1699 4417 ἔχοντας,
1748 4337 1868 4398 ἀλλ’
1920 4338 2000 4399 ἔτι

396 4428 600 4494 ἀτελεῖς
630 4424 786 4495 ὄντας
820 4450 832 4464 ·
868 4425 963 4485 καί
994 4449 1178 4507 φησιν,
1211 4425 1293 4485 ὅτι
1318 4424 1491 4507 Οὔπω
1519 4426 1669 4486 οὐδὲν
1700 4426 1754 4467 ⁵ο
1778 4431 1884 4487 τῶν
1916 4453 1999 4488 τε·

391 4515 668 4599 λειοτέρων
710 4505 1014 4589 ἠκούσατε.
1038 4517 1234 4585 Καλῶς
1265 4516 1321 4578 δὲ
1366 4505 1483 4576 εἶπε
1515 4516 1575 4577 τὸ
1595 4563 1612 4591 ,
1647 4539 1677 4577 «
1709 4520 1827 4578 Οὔκ
1865 4520 1993 4591 ἠδυ-

393 4597 595 4683 νήθην,
628 4629 657 4666 υ
693 4604 781 4667 ἵνα
814 4606 890 4685 μὴ
938 4605 1059 4688 δόξῃ
1090 4607 1177 4667 διὰ
1206 4608 1391 4689 φθόνον
1425 4608 1603 4676 αὐτοῖς
1646 4607 1708 4667 τὸ
1736 4608 1994 4670 τελειότε-
2024 4597 2075 4660 Ῑ)

396 4723 483 4780 ρον
513 4698 557 4735 ⁵⁸
595 4699 669 4775 μὴ
702 4700 889 4757 εἰπεῖν.
924 4696 1028 4757 Διὰ
1072 4696 1175 4777 γὰρ
1216 4697 1268 4734 ³³
1294 4697 1354 4758 τὸ
1378 4697 1696 4781 στρέφεσθαι
1741 4701 1878 4777 ὑμᾶς
1922 4699 2001 4759 ἔτι

394 4789 517 4867 περὶ
546 4787 614 4849 τὰ
644 4787 913 4869 σαρκικὰ,
943 4789 1039 4848 οὒκ
1066 4787 1337 4863 ἠδυνήθην
1373 4790 1609 4861 λαλῆσαι
1639 4793 1711 4858 ὥς
1754 4789 1994 4858 τελείοις.

398 4878 508 4940 Καὶ
550 4883 662 4946 πῶς
717 4879 962 4960 σαρκικοί
1008 4878 1151 4947 ὄντες
1196 4880 1393 4958 σημεῖα
1443 4879 1761 4956 ἐπετέλουν;
1815 4869 1999 4941 Ἦσαν

395 4968 489 5029 καὶ
522 4969 573 5009 ³³
614 4974 874 5043 τοιοῦτοι,
908 4967 937 5029 6
984 4968 1076 5029 καὶ
1126 4971 1244 5029 κατ’
1294 4969 1466 5052 ἀρχὰς
1516 4968 1759 5053 εἴρηται.-
1795 4965 2001 5039 Ἄλλως

393 5084 484 5137 τε,
510 5059 587 5120 ἔνι
616 5060 707 5121 καὶ
759 5068 959 5137 σημεῖα
1010 5068 1213 5138 ποιεῖν,
1263 5061 1355 5120 καὶ
1403 5060 1654 5143 σαρκικὸν
1709 5050 1880 5141 εἶναι,
1933 5065 2003 5132 ὡς

393 5152 444 5210 οἱ
487 5150 557 5210 τὰ
589 5148 838 5227 δαιμόνια
864 5150 1211 5220 ἐκϐάλλοντες
1250 5155 1327 5233 τῷ
1358 5150 1579 5229 ὀνόματι
1613 5157 1707 5211 τοῦ
1740 5153 1996 5232 Χριστοῦ.

393 5240 479 5302 Τὰ
510 5240 615 5323 γὰρ
646 5241 845 5317 σημεῖα
886 5241 1019 5322 πρὸς
1066 5241 1327 5325 ὠφέλειαν
1370 5240 1563 5322 ἑτέρων
1602 5240 1875 5321 γίνονται,
1920 5242 2000 5302 διὸ

397 5330 491 5391 καὶ
519 5329 606 5390 διὰ
636 5333 741 5389 τῶν
774 5330 1000 5402 ἀναξίων
1030 5333 1364 5413 ἐνεργοῦνται
1393 5330 1673 5401 πολλάκις.

2112 3318 2501 3392 spiritualibus,
2549 3334 2581 3374 a
2622 3318 2839 3376 Christo
2880 3317 3166 3376 habemus.
3212 3320 3403 3391 Itaque
3444 3316 3593 3374 haud
3634 3317 3719 3371 in-

2103 3409 2254 3484 juria
2283 3424 2312 3465 a
2338 3409 2563 3466 nemine
2589 3408 2984 3482 dijudicamur.
3011 3408 3278 3467 Nonnulli
3312 3422 3441 3464 vero
3472 3413 3715 3464 mentem

2113 3498 2317 3556 Christi
2346 3500 2590 3565 Patrem,
2623 3497 2711 3553 alii
2738 3499 2905 3554 etiam
2931 3498 3193 3571 Spiritum
3222 3497 3604 3555 nominarunt.

2722 3752 2965 3808 CAPUT
3003 3753 3103 3806 IlI.

2184 3891 2369 3947 Vsus.
2406 3892 2453 3945 t.
2489 3910 2514 3935 α
2544 3888 2611 3942 Et
2634 3902 2757 3959 ego,
2788 3886 3005 3955 fratres,
3027 3901 3137 3942 non
3162 3884 3315 3958 potui
3346 3883 3504 3941 vobis
3534 3885 3708 3958 loqui,

2107 3988 2373 4053 tanquam
2414 3977 2809 4050 spiritualibus,
2850 3976 2947 4033 sed
2989 3984 3258 4050 tanquam
3302 3974 3633 4032 carnalibus.
3685 4000 3709 4025 ι»

2109 4074 2332 4128 Fastum
2372 4069 2617 4137 ipsorum
2655 4084 2821 4142 quem
2853 4066 2924 4123 de
2968 4074 3194 4124 externa
3222 4066 3485 4138 sapientia
3516 4081 3715 4123 conce-

2110 4169 2322 4234 perant,
2363 4158 2660 4216 demolitus
2699 4166 2801 4216 est.
2848 4160 2929 4214 Ne
2962 4158 3147 4229 itaque
3186 4156 3393 4227 dicant,
3442 4160 3559 4214 Nos
3597 4157 3715 4230 ejus

2108 4250 2391 4325 sapientiae
2418 4251 2653 4307 nomine
2687 4248 2832 4305 haud
2859 4264 2989 4305 sane
3013 4258 3318 4323 turgemus,
3360 4248 3458 4305 sed
3491 4256 3716 4321 propter

2108 4342 2445 4417 Spiritualem
2492 4358 2503 4393 :
2538 4356 2686 4396 nunc
2713 4339 2959 4396 ostendit
2997 4354 3091 4396 eos
3116 4355 3293 4413 neque
3323 4339 3382 4395 iu
3412 4345 3601 4396 nostra
3632 4354 3716 4395 sa-

2108 4432 2305 4506 pientia
2342 4431 2630 4505 perfectos,
2670 4430 2764 4487 sed
2806 4429 3162 4503 imperfectos
3205 4429 3389 4486 adhuc
3436 4445 3575 4499 esse,
3624 4430 3715 4485 in-

2108 4524 2301 4597 quiens
2336 4541 2349 4578 :
2383 4522 2663 4597 Quoniam
2690 4522 2938 4578 nondum
2975 4521 3280 4595 quidquam
3324 4518 3714 4591 perfectiorum

2108 4629 2292 4671 rerum
2318 4612 2584 4670 audiistis.
2614 4612 2851 4669 Pulchre
2872 4620 3055 4668 autem
3081 4610 3234 4679 dixit,
3266 4632 3291 4658 «
3325 4613 3448 4666 Non
3477 4610 3652 4681 potui,
3685 4634 3709 4659 ι»

2110 4720 2181 4761 ne
2224 4703 2473 4761 videatur
2512 4719 2576 4760 ex
2623 4701 2828 4760 invidia
2858 4701 2987 4775 ipsis
3034 4699 3363 4775 perfectiora
3406 4700 3716 4755 communi-

2110 4809 2236 4851 care
2278 4794 2445 4851 nolle.
2490 4794 2632 4868 Quia
2678 4792 2825 4849 enim
2873 4793 2931 4849 in
2976 4792 3141 4849 rebus
3185 4790 3497 4848 carnalibus
3528 4788 3715 4847 adhuc

2109 4886 2313 4941 versati
2339 4884 2492 4952 estis,
2522 4899 2635 4941 non
2666 4884 2821 4957 potui
2866 4882 3020 4941 vobis
3049 4883 3212 4940 verba
3255 4879 3431 4940 facere
3460 4897 3560 4938 ceu
3591 4896 3717 4954 per-

2112 4974 2287 5033 fectis.
2338 4975 2444 5044 Qui
2491 4989 2619 5032 vero
2646 4990 2776 5031 cum
2818 4973 3066 5031 carnales
3111 4981 3317 5042 essent,
3356 4973 3508 5046 signa
3556 4970 3720 5029 facie-

2109 5065 2280 5123 bant?
2311 5064 2606 5139 Ejusmodi
2654 5072 2801 5122 certe
2843 5063 3091 5134 fuerunt,
3140 5072 3203 5120 ut
3235 5064 3293 5120 in
3340 5062 3610 5135 principio
3639 5062 3718 5119 di-

2111 5165 2265 5214 ctum
2307 5166 2409 5213 est.
2456 5160 2752 5226 Praeterea,
2804 5163 2986 5229 potest
3030 5154 3227 5227 aliquis
3256 5155 3414 5225 signa
3446 5152 3632 5220 edere,
3665 5162 3719 5209 et

2109 5256 2295 5307 tamen
2322 5247 2554 5304 carnalis
2581 5263 2719 5318 esse,
2756 5244 3231 5320 quemadmodum
3258 5244 3297 5300 ii
3324 5244 3419 5317 qui
3444 5242 3719 5301 dmmonia

2111 5340 2170 5397 in
2204 5336 2411 5396 Christi
2455 5338 2685 5396 nomine
2723 5338 3023 5411 ejecerunt.
3068 5334 3233 5409 Signa
3281 5334 3433 5392 enim
3462 5332 3530 5391 ad
3576 5334 3717 5392 alio-

393 5444 521 5487 rum
549 5428 1009 5488 commoditatem
1039 5429 1305 5500 eduntur,
1343 5429 1579 5507 ideoque
1614 5448 1711 5506 per
1750 5431 2004 5506 indignos
2029 5430 2375 5490 exhibentur.

468 5544 495 5580 ι,
522 5512 634 5568 lsa.
663 5526 764 5582 XL,
794 5516 881 5568 13.

1804 5586 1996 5647 Variae
2040 5586 2343 5646 lectiones.

474 5680 517 5716 ⁸⁸
546 5680 867 5755 διορθοῦσθαι
911 5699 964 5740 0.
1044 5683 1085 5716 ‘7
1130 5683 1341 5756 Χριστοῦ
1387 5700 1439 5742 ο.
1520 5684 1562 5719 ’⁸⁸
1606 5685 1692 5739 τὸν
1736 5689 1823 5739 νοῦ
1874 5689 2210 5759 πνευματικοῦ
2258 5686 2394 5736 νοῦν.
2432 5679 2608 5753 Ἡμεῖς
2656 5680 2752 5753 γὰρ
2777 5721 2791 5746 ,
2819 5679 2867 5733 οἱ
2915 5678 3237 5751 πνευματικοὶ
3282 5677 3569 5759 δηλονότι,
3602 5681 3719 5730 νοῦν

402 5764 618 5836 Χριστοῦ
643 5763 830 5837 ἔχομεν
869 5781 925 5823 0.
1003 5763 1046 5798 δ’
1092 5765 1428 5839 πνευματικὴν
1477 5768 1560 5821 καὶ
1606 5771 1693 5821 τοῦ
1743 5768 1954 5840 Χριστοῦ
1998 5757 2186 5840 ἔχομεν
2220 5782 2274 5823 ο.
2351 5764 2397 5799 ⁸ο
2441 5762 2553 5817 οὐδὲ
2582 5778 2638 5821 ο.
2717 5762 2755 5796 ⁶¹
2818 5760 2881 5816 τὰ
2928 5760 3231 5833 τελειότερα.
3308 5759 3352 5794 ⁵³
3392 5759 3475 5812 διὰ
3520 5757 3616 5829 γὰρ
3662 5758 3720 5811 τδ

400 5843 536 5900 εἶναι
572 5844 702 5918 ὑμᾶς
737 5846 999 5920 σαρκικοῦς
1032 5863 1088 5906 0.
1164 5847 1211 5883 ⁵³
1232 5841 1361 5915 ἦσαν
1386 5847 1483 5921 γὰρ
1519 5865 1598 5905 m.
