4090 6416
395 423 500 477 599

466 549 646 606 Vnns.

395 655 492 697 vos
520 639 724 712 potavi,
755 647 812 695 et
837 655 950 695 non
970 638 1111 695 cibo.
1142 638 1403 696 Nondum
1425 639 1575 696 enim
1598 638 1885 712 poteratis,
1916 638 2014 696 sed

393 746 570 804 neque
600 746 750 786 nunc
780 728 1009 802 quidem
1042 727 1267 801 potestis
1297 748 1314 784 :
1359 728 1542 787 adhuc
1581 730 1733 787 enim
1762 730 2012 786 carnales

395 821 545 877 estis.
577 843 602 868 τι
632 823 695 875 In
718 819 884 876 rebus
905 819 1133 887 Christi,
1164 819 1375 892 inquit,
1404 818 1644 877 infantes
1670 819 1801 877 estis
1834 839 1848 877 :
1879 835 2011 892 pro-

397 919 578 982 pterea
627 933 652 958 ι
707 910 879 978 lacte,
931 909 1038 966 hoc
1083 918 1167 966 est
1214 909 1542 984 simpliciore
1593 910 1861 981 doctrina,
1914 924 2012 966 vos

409 1000 613 1074 potavi,
655 1016 758 1056 nec
813 999 1052 1056 solidum
1091 1001 1278 1057 cibum
1331 1001 1478 1058 vobis
1527 1001 1724 1071 obtuli,
1775 1001 1883 1058 hoc
1929 1006 2010 1057 est

400 1089 713 1147 doctrinam
763 1089 1166 1163 perfectiorem.
1219 1091 1384 1163 136
1441 1094 1658 1163 Quare?
1713 1095 2008 1165 Propterea

397 1179 547 1253 quod
592 1196 706 1236 non
747 1181 1036 1253 poteratis.
1084 1181 1391 1238 Detrahens
1431 1190 1614 1238 autem
1658 1181 1877 1240 illorum
1918 1199 2006 1238 su-

399 1270 706 1342 percilium,
738 1270 815 1326 ait
850 1289 862 1325 :
898 1273 1087 1344 Neque
1115 1287 1261 1328 nunc
1282 1271 1505 1343 quidem
1533 1273 1758 1344 potestis
1791 1272 2008 1330 :adhuc

397 1360 545 1417 enim
589 1376 713 1433 qua:
756 1359 935 1417 carnis
988 1369 1122 1417 sunt
1177 1360 1473 1418 affectatis.
1522 1362 1711 1421 Viden’
1759 1362 1834 1420 ob
1880 1380 2003 1420 eam

398 1465 618 1508 causam
678 1450 798 1507 illos
853 1466 966 1507 non
1012 1467 1170 1523 posse
1230 1467 1447 1524 capere,
1498 1453 1648 1525 quod
1697 1453 2006 1527 spirituales

399 1556 517 1598 esse
550 1540 750 1605 nolint,
789 1540 886 1598 sed
922 1541 1210 1598 carnales?

468 1634 645 1688 Vens.
682 1638 732 1688 3.
768 1653 793 1680 α
825 1632 967 1688 Cum
991 1632 1143 1688 enim
1170 1632 1312 1689 inter
1339 1648 1437 1690 vos
1464 1632 1572 1690 sint
1603 1633 1756 1690 zelus
1781 1642 1838 1690 et
1863 1649 1995 1691 con-

398 1722 576 1778 tentio
618 1729 674 1778 et
710 1720 1094 1791 dissensiones,
1136 1738 1319 1780 nonne
1361 1724 1607 1780 carnales
1641 1723 1794 1792 estis,
1833 1732 1887 1781 et
1915 1739 1997 1781 se-

1414 419 1929 478 THEOPHYLACTI
1973 417 2332 474 BULGARIA‘I
2368 416 2684 472 ARCHIEP.

729 591 741 604 .
795 571 819 596 α
860 549 1147 622 Tanquam
1191 545 1430 605 infantes
1472 548 1531 604 in
1577 547 1818 617 Christo,
1845 547 1989 604 lacte
2021 549 2075 615 Α

3597 419 3710 480 600

2197 567 2226 603 (ι
2281 542 2376 613 Ὡς
2417 543 2632 618 νηπίους
2674 545 2727 602 ἐν
2777 546 3028 624 Χριστῷ,
3064 542 3203 621 γάλα
3249 545 3388 621 ὑμᾶς
3441 543 3715 624 ἐπότισαςξ

2121 635 2212 696 καὶ
2243 638 2302 695 οὐ
2357 637 2570 715 βρῶμα.
2615 635 2786 696 Οὔπω
2827 619 2931 717 γὰρ
2964 619 3262 712 ἦδύνασθε,
3288 619 3426 692 γάλλ⁹
3470 633 3588 693 οὐδὲ
3637 619 3718 695 ἔτι

2121 733 2210 785 νῦν
2261 725 2480 787 δύνασθε
2513 749 2526 763 ·
2557 724 2635 784 ἔτι
2684 723 2787 806 γὰρ
2817 723 3062 804 σαρκικοί
3098 725 3242 786 ἐστε.
3272 748 3303 781 ι
3343 721 3506 785 Ὅσον
3540 723 3589 762 ⁵⁸
3645 727 3716 794 εἰς

2121 816 2187 878 τὰ
2216 821 2310 875 τοῦ
2340 818 2598 897 Χριστοῦ,
2629 815 2782 896 φησὶ,
2807 815 2986 887 νήπιοί
3013 817 3148 874 ἐστε·
3172 815 3252 874 διὸ
3275 843 3296 866 ι
3319 813 3484 892 γάλα,
3516 843 3536 866 υ
3564 839 3718 875 τουτ-

2120 906 2232 965 έστι
2253 954 2268 981 ,
2326 905 2420 978 τὴν
2454 907 2820 985 ἁπλουστέραν
2852 904 3198 965 διδασκαλίαν
3231 933 3254 957 ιι
3289 907 3427 982 ὑμᾶς
3456 905 3713 976 ἐπότισα,

2119 997 2210 1056 καὶ
2240 999 2298 1056 οὐ
2335 1001 2526 1076 βρῶμα
2566 1019 2594 1054 ι)
2631 995 2970 1076 προσήνεγκα
3009 999 3167 1074 ὑμῖν,
3198 994 3436 1056 τουτέστι
3478 996 3576 1066 τὴν
3620 1019 3711 1054 τε-

2118 1085 2410 1167 λειοτέραν.
2466 1085 2571 1147 Διὰ
2609 1085 2659 1144 τί
2676 1109 2691 1159 ;
2745 1086 2895 1146 Διότι
2933 1088 3026 1146 οὐκ
3073 1084 3355 1157 ἠδύνασθε.
3427 1089 3713 1166 Καθαιρῶν

2119 1177 2172 1237 δὲ
2199 1178 2295 1250 τὴν
2325 1176 2485 1259 ὀφρὺν
2508 1178 2680 1236 αὐτῶν
2711 1176 2868 1259 φησίν
2902 1201 2916 1215 ο
2950 1177 3142 1238 «Οὐδὲ
3174 1175 3251 1234 ἔτι
3280 1181 3369 1235 νῦν
3402 1175 3625 1237 δύνασθε
3651 1201 3662 1214 ’
3689 1207 3711 1229 ιο

2118 1269 2194 1328 ἔτι
2241 1267 2342 1349 γὰρ
2373 1267 2438 1326 τὰ
2469 1272 2565 1340 τῆς
2597 1268 2788 1349 σαρκὸς
2816 1275 3074 1350 φρονεῖτε.
3119 1265 3290 1348 Ὁρᾷς
3318 1267 3400 1326 ὅτι
3431 1267 3519 1326 διὰ
3548 1271 3709 1350 τοῦτο

2115 1361 2174 1418 οὐ
2231 1358 2510 1432 δύνανται,
2571 1358 2704 1418 διότι
2759 1359 2816 1418 οὐ
2864 1357 3071 1418 θέλουσι
3122 1356 3478 1437 πνευματικοὶ
3531 1347 3708 1434 εἶναι,

2115 1447 2255 1508 ἀλλὰ
2299 1449 2546 1529 σαρκικοί
2562 1475 2577 1520 ;

2205 1653 2231 1687 ιι
2263 1625 2445 1690 εὈπου
2480 1628 2583 1710 γὰρ
2619 1630 2670 1688 ἐν
2718 1631 2842 1706 ὑμῖν
2887 1630 3038 1700 ζῆλος
3081 1628 3171 1687 καὶ
3204 1627 3306 1708 ἔρις
3336 1627 3428 1687 καὶ
3459 1628 3704 1710 διχοστα-

2110 1718 2222 1782 σίαι
2242 1765 2258 1797 ,
2295 1717 2416 1798 οὐχὶ
2442 1718 2686 1799 σαρκικοί
2716 1719 2866 1792 ἐστε,
2898 1719 2988 1779 καὶ
3013 1717 3154 1778 κατὰ
3185 1718 3457 1799 ἄνθρωπον
3484 1741 3709 1801 περιπα-

399 1811 643 1869 cundum
691 1811 975 1869 hominem
1011 1812 1341 1871 ambulatis?
1382 1837 1407 1862 υ
1459 1817 1598 1886 Quae
1627 1831 1792 1887 supra
1837 1814 1996 1884 dixit,

2111 1819 2282 1883 τεῖτε;
2320 1833 2346 1867 ι)
2373 1808 2436 1869 Ἃ
2484 1809 2579 1886 μὲν
2621 1813 2878 1891 προεῖπε,
2902 1809 3079 1868 πάντα
3115 1808 3244 1889 πρὸς
3284 1808 3402 1876 τοὺς
3447 1809 3710 1890 ἄρχοντας

398 1901 587 1959 omnia
628 1901 697 1958 ad
739 1902 1009 1974 principes
1057 1904 1326 1976 sapientia
1355 1906 1678 1978 generisque
1705 1905 1993 1977 splendore

396 1992 569 2048 elatos
603 1991 736 2048 dixit
767 2011 780 2047 :
811 2009 961 2049 nunc
987 2003 1176 2051 autem
1209 1994 1469 2066 deinceps
1498 1995 1566 2051 ad
1596 1995 1849 2053 subditos
1876 2011 1993 2052 ser-

397 2097 625 2139 monem
687 2083 978 2140 convertit.
1028 2087 1154 2140 Non
1223 2083 1525 2153 immerito,
1583 2085 1855 2158 inquiens,
1903 2101 1996 2142 vos

397 2173 640 2229 carnales
678 2173 930 2242 nomino,
992 2175 1119 2247 quia
1174 2175 1231 2230 in
1294 2175 1445 2232 vobis
1487 2184 1569 2232 est
1610 2175 1897 2233 aemulatio
1946 2183 1999 2232 et

397 2263 680 2319 contentio
709 2272 762 2319 et
800 2262 1089 2322 factiones.
1136 2265 1408 2322 Potuisset
1451 2265 1677 2338 quidem
1715 2281 1807 2323 eos
1835 2265 1998 2323 forni-

397 2352 628 2408 cationis
667 2351 1010 2426 aliorumque
1074 2355 1332 2410 vitiorum
1388 2371 1676 2424 accusare,
1733 2364 1996 2413 caeterum

395 2443 524 2515 quia
567 2442 918 2500 vehementer
950 2444 1215 2516 urgebant
1253 2444 1628 2502 dissensiones
1663 2446 1774 2503 sive
1803 2446 1994 2503 factio-

397 2548 496 2588 nes
542 2541 597 2589 et
623 2534 1024 2603 contentiones,
1074 2533 1274 2591 harum
1302 2536 1644 2591 mentionem
1675 2535 1820 2593 fecit.
1858 2537 1996 2595 Ubi-

397 2639 502 2695 que
536 2631 725 2680 autem
767 2623 944 2680 zelum
983 2626 1098 2682 sive
1125 2625 1536 2682 aemulationem
1577 2625 1658 2682 liti
1687 2641 1784 2684 seu
1827 2626 1996 2684 disce-

399 2713 629 2786 ptationi
652 2729 754 2770 con
754 2713 951 2788 jungit.
975 2715 1138 2773 Zelus
1153 2716 1304 2772 enim
1327 2724 1483 2788 pater
1497 2725 1580 2773 est
1593 2717 1995 2788 contentionis;

400 2804 522 2861 haec
539 2813 724 2861 autem
743 2803 1011 2862 factiones
1030 2806 1222 2879 gignit.
1254 2809 1389 2864 Haec
1414 2823 1544 2864 cum
1565 2807 1679 2864 sint
1705 2807 1847 2865 inter
1878 2824 1996 2878 vos,

404 2917 430 2944 ι(
467 2910 648 2952 nonne
677 2894 982 2952 secundum
1011 2896 1296 2954 hominem
1321 2897 1654 2956 ambulatis?
1693 2921 1718 2947 ι
1751 2897 1859 2955 hoc
1888 2905 1994 2968 est,

397 3001 579 3042 nonne
606 2985 849 3042 carnalia
878 2995 932 3042 et
960 2985 1198 3043 humana
1227 3004 1289 3044 ac
1319 2987 1596 3044 terrestria
1627 2988 1853 3060 sapitis?

468 3077 638 3133 Vens.
679 3083 732 3133 4.
783 3100 808 3125 ει
841 3078 982 3132 Cum
1023 3077 1172 3134 enim
1211 3078 1336 3150 quis
1377 3077 1562 3135 dicat:
1607 3081 1723 3150 Ego
1763 3077 1991 3151 quidem

2109 1899 2225 1968 τοὺς
2281 1901 2366 1960 ἐπὶ
2415 1900 2576 1981 σοφίᾳ
2632 1899 2723 1960 καὶ
2768 1899 3005 1981 εὐγενείᾳ
3059 1897 3438 1979 ἐπαιρομένους
3495 1899 3642 1980 ἔλεγε
3694 1924 3706 1938 ·

2106 1996 2196 2051 ν’ῠν
2227 1989 2282 2049 δὲ
2314 1991 2497 2051 λοιπὸν
2546 1991 2676 2071 πρὸς
2717 1990 2834 2058 τοὺς
2876 1991 3202 2072 ἀρχομένους
3250 1989 3573 2066 ἀποδύεται,
3617 1989 3709 2048 καί

2107 2104 2303 2162 φησιν,
2335 2081 2415 2140 ὅτι
2465 2081 2700 2148 Εἰκότως
2755 2084 2890 2156 ὑμᾶς
2939 2081 3224 2161 σαρκικούς
3259 2080 3530 2158 ὀνομάζω,
3574 2079 3706 2142 ὅπου

2107 2195 2165 2250 γε
2197 2170 2247 2209 ⁵⁵
2279 2172 2330 2229 ἐν
2363 2173 2485 2248 ὑμῖν
2517 2175 2704 2246 ζῆλος,
2730 2171 2820 2231 καὶ
2861 2170 2984 2254 ἔρις,
3035 2170 3126 2230 καὶ
3159 2170 3514 2250 διχοστασίαι.
3547 2170 3711 2230 Ἦδύ-

2107 2284 2232 2322 νατο
2281 2261 2377 2337 μὲν
2429 2261 2530 2342 γὰρ
2579 2261 2671 2321 καὶ
2724 2261 2846 2342 περὶ
2897 2260 3146 2343 πορνείας
3193 2261 3284 2322 καὶ
3341 2262 3517 2322 ἄλλων
3577 2267 3710 2322 πολ·

2106 2353 2211 2412 λῶν
2260 2353 2650 2429 ἐλαττωμάτων
2683 2355 2858 2420 αὐτοῖς
2909 2352 3194 2431 ἐγκαλέσαι
3225 2375 3238 2388 ο
3298 2351 3437 2424 πλὴν
3484 2351 3600 2412 ἐπεὶ
3649 2350 3710 2410 τὸ

2107 2443 2420 2522 κατεπεῖγον
2450 2435 2586 2515 ἦσαν
2639 2444 2694 2502 αἱ
2739 2443 3079 2524 διχοστασίαι
3128 2442 3216 2501 καὶ
3267 2443 3469 2523 ἔριδες,
3506 2440 3708 2502 τούτων

2107 2533 2396 2612 μέμνηται.
2453 2536 2744 2614 Πανταχυῧ
2801 2532 2856 2591 δὲ
2917 2532 3005 2591 τὸν
3059 2536 3215 2606 ζῆλον
3266 2538 3333 2613 τῇ
3384 2532 3516 2614 ἔριδι
3578 2556 3708 2593 συν-

2108 2623 2287 2686 άπτει.
2326 2621 2518 2706 Πατὴρ
2548 2624 2650 2704 γὰρ
2679 2627 2707 2681 ὁ
2735 2625 2887 2696 ζῆλος
2918 2627 3012 2695 τῆς
3041 2622 3206 2702 ἔριδος
3233 2647 3245 2661 ·
3271 2621 3406 2697 αὕτη
3441 2622 3496 2682 δὲ
3524 2624 3578 2663 ⁵⁵
3615 2622 3709 2690 τὰς

2107 2713 2452 2793 διχοστασίας
2484 2721 2662 2794 γεννᾷ.
2699 2716 2883 2774 Ταῦτα
2917 2718 3041 2792 γοῦν
3083 2712 3130 2750 ⁵⁷
3179 2712 3420 2794 ἔχοντες,
3454 2715 3514 2773 οὐ
3569 2712 3710 2772 κατὰ

2107 2803 2380 2884 ἄνθρωπον
2423 2811 2792 2885 περιπατεῖτε;
2846 2802 3158 2883 τουτέστιν,
3211 2805 3294 2866 Οὐ
3336 2801 3569 2886 σαρκικὰ
3617 2803 3710 2863 καὶ

2108 2893 2411 2975 ἀνθρώπινα
2438 2893 2528 2954 καὶ
2558 2893 2814 2976 πρόσγεια
2849 2903 3121 2976 φρονεῖτε,

2199 3088 2228 3125 α
2256 3063 2433 3127 Ὅταν
2464 3064 2567 3146 γὰρ
2613 3063 2743 3146 λέγῃ
2789 3087 2866 3133 τις
2913 3089 2925 3102 ο
2957 3064 3104 3143 Ἐγὼ
3153 3065 3248 3142 μέν
3299 3068 3407 3139 εἰμι
3442 3065 3664 3126 Παύλου
3699 3091 3710 3103 ·

396 3183 522 3222 sum
563 3167 716 3224 Pauli
763 3188 775 3224 :
813 3167 950 3224 alius
974 3177 1182 3239 autem,
1223 3170 1339 3241 Ego
1386 3185 1514 3226 vero
1545 3169 1768 3242 Apollo,
1810 3185 1996 3226 nonne

2111 3153 2282 3237 ἔτερος
2331 3156 2418 3231 δὲ,
2465 3154 2611 3234 Ἐγὼ
2667 3155 2910 3216 Ἀπολλώ
2940 3178 2952 3192 ·
3005 3156 3122 3236 οὐχ).
3173 3155 3423 3237 σαρκικοί
3479 3159 3630 3232 ἕστε;
3675 3182 3704 3214 ››

396 3257 639 3312 carnales
697 3257 868 3313 estis?
913 3257 1067 3314 Pauli
1125 3265 1182 3314 et
1228 3259 1426 3330 Apollo
1477 3259 1702 3317 nomine
1753 3259 1997 3317 celebres

399 3346 544 3419 apud
572 3362 664 3403 eos
693 3356 746 3404 et
769 3346 1024 3404 doctores
1053 3348 1382 3405 subindicat.

469 3439 650 3494 Vsus.
674 3442 726 3492 4.
756 3463 780 3485 α
807 3438 946 3494 Cum
967 3437 1118 3494 enim
1140 3438 1261 3512 quis
1281 3437 1448 3506 dicat,
1480 3463 1504 3488 »
1533 3449 1638 3497 etc.
1669 3440 1921 3513 Seipsum
1943 3449 1998 3497 et

399 3527 597 3599 Apollo
628 3528 807 3599 ponit;
850 3529 975 3585 illos
995 3528 1220 3602 quidem
1259 3529 1492 3586 innuens
1519 3530 1613 3602 qui
1643 3529 1856 3588 diversa
1892 3531 1991 3588 do-

400 3617 618 3684 cebant,
673 3617 727 3673 in
765 3634 1000 3690 quorum
1058 3628 1238 3692 partes
1274 3619 1539 3676 Corinthii
1580 3619 1738 3678 divisi
1777 3631 1932 3679 erant
1981 3645 1991 3679 :

399 3723 712 3764 sermonem
757 3725 882 3766 vero
926 3709 1112 3765 minus
1144 3711 1443 3767 molestum
1487 3719 1543 3767 et
1587 3711 1994 3784 aaquabiliorem

401 3797 656 3855 reddens.

472 3891 650 3946 Vsus.
698 3896 752 3947 5.
803 3889 938 3960 Quis
984 3889 1152 3964 igitur
1205 3898 1287 3947 est
1333 3890 1551 3958 Paulus,
1600 3891 1724 3963 quis
1768 3893 1994 3964 Apollo,

397 3978 500 4035 nisi
533 3979 772 4036 ministri
813 3996 910 4051 per
953 3997 1097 4053 quos
1125 3980 1468 4038 credidistis?
1496 4005 1520 4030 ι)
1555 3983 1666 4038 Suo
1706 3990 1761 4038 et
1797 3984 1994 4055 Apollo

397 4069 624 4124 nomine
669 4068 814 4141 quod
853 4070 967 4125 vult
1006 4070 1234 4142 perlicit.
1273 4070 1582 4128 Conﬁrmat
1632 4070 1778 4127 enim
1824 4073 1993 4146 quod,

399 4157 456 4214 Si
498 4173 598 4213 nos
636 4157 772 4214 nihil
816 4174 1028 4227 sumus,
1084 4158 1214 4232 quid
1264 4158 1411 4216 dicat
1455 4159 1646 4232 aliquis
1692 4160 1761 4217 de
1803 4163 1998 4219 vestris

403 4247 757 4305 doctoribus?
787 4247 1053 4317 Ministri,
1086 4249 1295 4321 inquit,
1338 4265 1550 4319 sumus,
1593 4267 1704 4307 non
1746 4251 1899 4310 radix
1943 4261 2000 4308 et

402 4335 531 4393 fons
564 4337 841 4394 bonorum
870 4357 883 4394 :
932 4337 988 4394 id
1017 4339 1162 4395 enim
1199 4339 1452 4397 Christus
1489 4348 1589 4396 est.
1622 4341 1860 4398 Proinde
1889 4359 2000 4399 non

401 4435 620 4500 oportet
646 4444 748 4485 nos
772 4429 1075 4502 superbire,
1120 4429 1244 4503 quia
1276 4429 1712 4488 ministravimus
1757 4433 1910 4490 vobis
1939 4450 1999 4490 ea

2109 3248 2206 3327 Τῷ
2261 3251 2353 3305 τοῦ
2409 3247 2632 3307 Παύλου
2689 3245 2779 3306 καὶ
2827 3244 3070 3306 Ἀπολλὼ
3125 3246 3352 3325 ὀνόματι
3418 3243 3536 3314 τοὺς
3581 3248 3712 3329 παρ’

2109 3337 2286 3405 αὐτοῖς
2317 3336 2547 3406 ἐνδόξους
2577 3337 2668 3397 καὶ
2695 3336 3044 3405 διδασκάλους
3079 3338 3356 3409 ὕποδηλοῖ.

2198 3449 2227 3486 α
2256 3426 2431 3490 Ὅταν
2473 3427 2576 3507 γὰρ
2612 3427 2742 3508 λέγῃ
2777 3451 2883 3502 τις,
2914 3451 2940 3487 υ
2994 3427 3084 3487 καὶ
3118 3426 3184 3487 τὰ
3231 3427 3418 3487 λοιπά.
3477 3427 3709 3490 Ἑαυτὸν

2106 3516 2280 3591 τίθησι
2322 3517 2415 3577 καὶ
2462 3521 2548 3578 τὸν
2582 3516 2822 3578 Ἀπολλώ
2856 3541 2867 3555 ·
2914 3516 3273 3596 αἰνιττόμενος
3318 3518 3413 3596 μὲν
3450 3520 3569 3588 τοὺς
3597 3523 3712 3580 ἑτε-

2109 3608 2519 3688 ροδιδασκάλους
2570 3613 2642 3677 εἷς
2679 3607 2766 3676 οὓς
2813 3607 3272 3689 κατεμερίσθησαν
3307 3611 3354 3669 οἱ
3401 3611 3707 3692 Κορίνθιοι,

2107 3697 2560 3780 ἀνεπαχθέστερον
2606 3698 2702 3774 μὲν
2735 3701 2800 3773 δὴ
2825 3700 2914 3759 τὸν
2942 3700 3097 3778 λόγον
3123 3702 3288 3760 ποιῶν
3326 3700 3416 3760 καὶ
3443 3699 3543 3773 τὴν
3575 3725 3705 3761 κατ-

2107 3787 2326 3866 ηγορίαν
2359 3788 2738 3870 ὁμαλωτέραν.
2778 3790 2972 3870 [ϐοά.
3008 3789 3344 3870 Arundel.]

2200 3900 2229 3936 (ι
2257 3878 2355 3946 Τίς
2396 3869 2484 3938 οὐν
2525 3881 2638 3938 ἐστι
2685 3869 2928 3951 Παῧλος,
2971 3879 3047 3947 τίς
3101 3879 3153 3938 δὲ
3185 3869 3487 3953 Ἀπολλὼς,
3524 3881 3709 3953 ἀλλ’ἢ

2111 3967 2342 4029 διάκονοι
2393 3969 2464 4029 δι’
2511 3962 2586 4029 ὧν
2635 3969 3023 4048 ἐπιστεύσατες
3079 3995 3108 4027 ι)
3145 3969 3238 4030 Ἐν
3290 3973 3365 4050 τῷ
3413 3971 3571 4030 αὐτοῦ
3621 3972 3711 4032 καὶ

2110 4056 2354 4118 Ἀπολλὼ
2452 4059 2673 4138 ὀνόματι
2756 4066 3003 4141 κατορθοῖ
3075 4058 3102 4118 ὃ
3180 4057 3448 4140 βούλεται.
3515 4064 3711 4122 Κατα-

2111 4148 2355 4217 σκευάζει
2402 4151 2540 4228 γὰρ,
2591 4150 2673 4211 ὅτι
2705 4154 2776 4213 Εἰ
2808 4155 2962 4229 ἡμεῖς
3013 4149 3160 4211 οὐδέν
3208 4151 3402 4225 ἐσμεν,
3452 4150 3505 4210 τί
3548 4149 3611 4210 ἂν
3641 4149 3712 4209 εἴ-

2109 4261 2199 4298 ποι
2229 4262 2305 4306 τις
2347 4241 2468 4320 περὶ
2509 4245 2612 4300 τῶν
2658 4242 2777 4301 καθ’
2809 4246 2949 4316 ὑμᾶς
2992 4240 3366 4314 διδασκάλων,
3414 4240 3663 4301 Διάκονοι
3693 4287 3708 4314 ,

2111 4327 2268 4409 φησὶν
2291 4374 2305 4402 ,
2356 4329 2515 4407 ἐσμὲν
2539 4380 2554 4409 ,
2589 4332 2722 4412 ςούχὶ
2769 4331 3053 4414 αὐτοῤῥίζα
3105 4330 3194 4390 καὶ
3234 4334 3380 4411 πηγὴ
3432 4335 3536 4390 τῶν
3569 4334 3705 4411 ἀγα-

2111 4420 2214 4478 θῶν
2248 4442 2260 4455 ·
2292 4425 2448 4481 τοῦτο
2491 4425 2592 4504 γὰρ
2640 4423 2872 4504 Χριστός
2905 4425 3069 4482 ἐστιν.
3125 4420 3336 4482 Οὔκουν
3393 4421 3713 4503 ἐπαίρεσθαι

399 4533 524 4590 quae
557 4534 590 4575 a
629 4521 746 4576 Deo
793 4520 1115 4593 accipimus.
1162 4520 1310 4576 Illius
1359 4521 1510 4578 enim
1550 4529 1733 4578 totum
1758 4532 1860 4593 est,
1905 4524 1999 4596 qui

2111 4505 2246 4587 χρὴ,
2302 4509 2381 4568 ὅτι
2439 4511 2833 4589 διηκονήσαμέν
2903 4515 3023 4589 ὑμῖν
3081 4511 3150 4571 τὰ
3203 4511 3350 4591 παρὰ
3408 4517 3500 4572 τοῦ
3547 4515 3711 4574 Θεοῦ.

401 4607 672 4665 bonorum
725 4618 808 4668 est
849 4610 1095 4683 largitor.
1146 4613 1264 4668 Nec
1309 4610 1469 4682 dixit,
1517 4613 1857 4686 evangelista:
1903 4629 1994 4671 su-

403 4713 548 4767 mus,
594 4699 710 4768 sed,
765 4723 792 4749 α
841 4700 1080 4758 ministri
1135 4721 1146 4758 :
1186 4725 1212 4751 υ
1262 4701 1398 4759 illud
1444 4701 1593 4760 enim
1645 4703 1794 4761 verbi
1830 4703 1998 4763 solius

412 4796 497 4844 est
525 4807 538 4844 :
573 4789 888 4847 ministrare
917 4801 1105 4848 autem
1131 4808 1298 4865 opera
1322 4793 1491 4850 etiam
1517 4795 1779 4851 continet.

482 4990 506 5017 α
548 4968 860 5043 Unicuique
887 4979 945 5028 ut
978 4973 1251 5030 Dominus
1287 4973 1460 5030 dedit.
1497 4997 1521 5022 ιο
1553 4977 1635 5031 Ne
1668 4975 1849 5046 ipsum
1875 4977 1996 5050 qui-

399 5058 531 5118 dem
579 5059 839 5133 exiguum
882 5061 1192 5130 ministerii,
1227 5062 1425 5136 inquit,
1471 5081 1501 5120 a
1546 5064 1705 5121 nobis
1747 5065 1874 5138 ipsis
1906 5067 1998 5123 ha-

400 5149 613 5218 bemus,
668 5166 856 5208 verum
907 5152 1052 5210 istud
1093 5153 1258 5218 etiam
1297 5169 1328 5209 a
1372 5155 1618 5212 Domino
1665 5157 1998 5229 accepimus,

396 5239 966 5301 mmmamwwm.

469 5332 651 5388 Vnns.
673 5338 728 5390 6.
765 5358 790 5382 α
813 5335 929 5406 Ego
961 5333 1227 5407 plantavi,
1254 5333 1452 5406 Apollo
1477 5333 1692 5407 rigavit,
1725 5335 1819 5393 sed
1849 5339 2002 5392 Deus

394 5417 803 5477 incrementum
831 5420 999 5478 dedit.
1041 5445 1063 5468 ιι
1105 5425 1248 5496 Ego,
1278 5422 1482 5496 inquit,
1517 5423 1730 5496 primus
1767 5423 1995 5480 verbum

397 5509 670 5582 Evangelii
700 5509 1089 5583 disseminavi;
1135 5513 1335 5586 Apollo
1381 5522 1566 5570 autem
1609 5514 1867 5570 continua
1898 5529 1994 5570 sua

2111 4596 2355 4660 Ἐκείνου
2388 4600 2489 4680 γάρ
2542 4605 2656 4662 ἐστι
2695 4601 2754 4662 τὸ
2797 4612 2904 4662 πᾶν
2947 4607 3036 4662 τοῦ
3083 4601 3363 4684 παροχέως
3411 4605 3515 4662 τῶν
3570 4604 3712 4683 ἄγα-

2112 4690 2212 4746 θῶν
2245 4711 2258 4725 ο
2314 4693 2409 4750 οὐκ
2439 4683 2553 4751 εἷπε
2585 4691 2676 4769 δὲ,
2728 4694 2808 4755 ὅτι
2858 4683 3261 4771 Εὐαγγελισταί
3307 4693 3500 4772 ἔσμεν,
3541 4691 3712 4766 ἀλλὰ,

2117 4802 2146 4832 (ι
2179 4779 2446 4844 Διάκονοι.
2485 4808 2515 4841 ιο
2569 4782 2644 4843 Τὸ
2690 4782 2785 4859 μὲν
2829 4781 2932 4864 γὰρ
2972 4782 3130 4864 λόγου
3165 4781 3325 4860 μόνου
3375 4781 3522 4843 ἐστί·
3566 4781 3709 4843 τὸδὲ

2110 4869 2370 4931 διακονεῖν
2403 4872 2494 4933 καὶ
2515 4873 2644 4955 ἔργα
2677 4873 2809 4954 ἔχει.

2211 4987 2238 5022 ιι
2267 4961 2514 5046 Ἑκάστῳ
2557 4967 2628 5031 ὡς
2671 4968 2698 5023 ὁ
2746 4961 2938 5045 Κύριος
2993 4963 3211 5024 ἔδωκεν.
3275 4991 3298 5016 υ
3353 4960 3494 5023 Οὐδὲ
3540 4962 3708 5035 αὐτὸ,

2113 5058 2278 5136 φησὶ,
2331 5054 2392 5114 τὸ
2449 5055 2636 5135 μικρὸν
2690 5055 2749 5114 τὸ
2808 5058 2902 5128 τῆς
2959 5053 3227 5122 διακονίας
3305 5053 3438 5132 παρ’
3507 5055 3709 5114 ἑαυτῶν

2111 5147 2304 5228 ἔχομεν
2328 5191 2343 5219 ,
2382 5145 2522 5207 ἀλλὰ
2555 5145 2648 5204 καὶ
2677 5149 2833 5205 τοῦτο
2862 5144 3012 5226 παρὰ
3042 5151 3134 5205 τοῦ
3165 5144 3367 5226 Κυρίου
3399 5143 3713 5226 εἰλήφαμεν,

2115 5238 2277 5304 ἄλλος
2305 5234 2453 5318 ἄλλῳ
2495 5235 2696 5317 μέτρῳ.

2198 5352 2228 5383 ιι
2286 5324 2434 5405 Ἐγὼ
2488 5325 2784 5408 ἐφύτευσα,
2843 5323 3114 5394 Ἀπολλὼς
3169 5321 3444 5399 ἐπότισεν,
3515 5326 3632 5385 ἀλλ’
3686 5327 3714 5383 ὁ

2106 5417 2241 5484 Θεὸς
2270 5415 2509 5489 ηὔξανεν.
2541 5445 2565 5470 υ
2602 5415 2754 5496 Ἐγὼ
2789 5415 2921 5495 μὲν,
2962 5415 3131 5498 φησὶ,
3165 5419 3368 5497 πρῶτος
3406 5414 3466 5476 τὸ
3507 5416 3712 5496 κήρυγ-

2110 5530 2186 5582 μα
2243 5507 2564 5586 κατέσπειρα
2599 5532 2610 5544 ·
2669 5511 2697 5566 ὁ
2742 5505 2796 5566 δὲ
2841 5504 3112 5573 Ἀπολλὼς
3278 5505 3405 5588 παρ’
3457 5508 3633 5585 ἑαυτῷ
3659 5504 3711 5542 ⁵⁸

1792 5640 1977 5700 Variae
2027 5642 2324 5703 lectiones.

471 5760 512 5792 ⁵⁵
547 5759 652 5814 ἴσον
679 5778 754 5817 m.
833 5761 876 5796 ⁸⁵
906 5764 1027 5816 ὅπου
1057 5764 1151 5835 γὰρ
1179 5782 1255 5821 m.
1333 5765 1374 5798 5“
1402 5765 1496 5837 γὰρ
1523 5783 1576 5823 ο.
1656 5766 1697 5800 ⁸⁷
1725 5766 1820 5838 γὰρ
1849 5784 1900 5824 ο.

1981 5767 2026 5805 ⁵³
2057 5767 2233 5822 ἑαυτοῦ
2261 5785 2315 5825 ο.
