4090 6444
331 499 429 558 601
1259 499 1610 558 EXPOSITIO
1653 501 1718 556 IN
1757 500 1927 558 EPlS'l

2067 502 2159 558 AD
2199 502 2358 559 COR.
2398 530 2469 543 —
2505 502 2657 561 CAP.
2699 503 2785 562 ΙΙΙ.

3532 512 3636 569 602

332 637 546 708 συνεχεῖ
589 628 910 708 διδασκαλίᾳ
940 629 1035 689 οὐκ
1068 627 1215 687 εἴασε
1259 628 1723 708 καταξηρανθῆναι
1757 628 1806 664 ⁵9
1836 626 1924 687 τὸν

2042 627 2380 686 institutione
2441 645 2554 687 non
2606 630 2854 703 permisit
2898 647 3086 689 semen
3129 648 3442 693 exarescere
3500 645 3639 695 aestu

1723 722 1756 735 κ

335 716 530 797 σπόρον
560 722 637 801 τῷ
671 718 910 779 καύσωνι
938 722 1041 777 τῶν
1075 725 1166 778 τοῦ
1202 726 1432 799 πονηροῦ
1474 722 1790 798 πειρασμῶν
1835 718 1888 755 ⁶⁰
1913 736 1927 752 ⁸

338 807 482 879 πλὴν
509 812 538 866 6
563 810 699 877 Θεὸς
729 809 957 881 ηὔξησεν
988 808 1034 847 ⁶¹
1072 811 1233 886 ὑμᾶς.

416 924 439 950 σι
464 895 643 959 Ὥστε
676 900 793 961 οὔτε
840 903 868 958 6
892 898 1129 981 φυτεύων
1158 900 1273 959 ἐστί
1306 924 1390 970 τι,
1423 898 1546 959 οὔτε
1592 903 1619 959 6
1661 900 1889 969 ποτίζων
1914 944 1929 971 ,

333 987 453 1045 ἀλλ’
482 992 511 1048 6
555 990 789 1059 αὐξάνων
836 990 993 1057 Θεός.
1029 1018 1052 1040 ιι
1082 988 1267 1070 Ὅρα,
1313 994 1425 1057 πῶς
1473 992 1749 1070 ἀνεπαχθῆ
1792 998 1931 1070 ποιεῖ

332 1073 431 1147 τὴν
470 1078 805 1146 ἐξουδένωσιν
851 1084 955 1137 τῶν
1003 1079 1355 1159 προεστώτων
1388 1081 1442 1137 ἐν
1476 1080 1716 1160 Κορίνθῳ
1756 1083 1929 1161 σοφῶν

332 1166 426 1225 καὶ
477 1171 777 1243 πλουσίων,
826 1171 1012 1229 ἑαυτὸν
1063 1170 1149 1229 καὶ
1181 1169 1425 1231 Ἀπολλὼ
1457 1170 1599 1230 κατὰ
1645 1170 1705 1230 τὸ
1748 1169 1932 1251 φαινό-

332 1280 490 1330 μενον
538 1259 921 1335 ἐξουδενώσας,
971 1261 1063 1319 καὶ
1109 1260 1357 1336 διδάξας,
1393 1260 1475 1320 ὅτι
1522 1262 1647 1339 Θεῷ
1680 1261 1758 1320 δεῖ
1788 1260 1933 1341 μόνῳ

330 1348 645 1429 προσέχειν,
696 1350 788 1410 καὶ
836 1352 907 1417 εἷς
952 1350 1109 1409 αὐτὸν
1136 1352 1438 1411 ἀνατιθέναι
1470 1352 1647 1410 πάντα
1678 1350 1745 1410 τὰ
1794 1373 1930 1430 συμ-

331 1435 515 1498 ϐαίνον
525 1464 585 1499 τα
617 1441 812 1520 ἀγαθά.

432 1556 459 1590 ‹‹
492 1531 560 1593 Ὁ
590 1532 826 1613 φυτεύων
853 1530 908 1590 δὲ
946 1530 1036 1589 καὶ
1073 1535 1101 1590 6
1147 1532 1372 1601 ποτίζων
1412 1530 1467 1591 ἕν
1497 1534 1650 1593 εἰσιν.
1699 1557 1724 1585 ν
1755 1530 1928 1613 Ὅσον

328 1624 465 1705 πρὸς
494 1623 555 1684 τὸ
704 1620 956 1683 δύνασθαί
980 1645 1030 1679 τι
1060 1622 1222 1701 χωρὶς
1253 1627 1430 1698 Θεοῦ,
1465 1622 1518 1682 ἕν
1543 1625 1664 1683 εἶσι.
1692 1625 1820 1689 Πῶς
1841 1612 1928 1682 οὖν

338 1716 623 1797 ἐπαίρεσθε
654 1716 771 1773 κατ’
814 1712 1061 1783 ἀλλήλων
1081 1758 1098 1790 ,
1130 1712 1185 1771 ἓν
1227 1711 1406 1787 ὄντες,

412 1924 438 1949 α
469 1894 741 1962 Ἕκαστος
774 1892 828 1954 δὲ
859 1895 946 1953 τὸν
988 1892 1117 1953 ἴδιον
1170 1894 1357 1985 μισθὸν
1390 1893 1620 1975 λήψεται
1668 1894 1808 1954 κατὰ
1843 1898 1930 1959 τὸν
1963 1912 2010 1974 Β

328 1986 461 2046 ἴδιον
493 1984 678 2047 κόπον.
717 2011 740 2036 ι
774 1982 999 2055 Ἐπειδὴ
1044 1983 1181 2050 εἰκὸς
1205 1974 1270 2055 ἦν
1300 1983 1423 2051 τοὺς
1446 1983 1615 2044 πλείω
1658 1984 1927 2061 καμόντας

326 2076 449 2155 περὶ
478 2075 547 2156 fa
588 2075 685 2147 τὴν
739 2072 948 2146 πίστιν,
998 2073 1389 2155 ῥᾳθυμοτέρως
1433 2073 1704 2151 γίνεσθαι,
1749 2076 1922 2135 ἀκού-

326 2189 553 2238 σαντας,
591 2164 673 2225 ὅτι
708 2164 762 2223 ἓν
807 2165 907 2224 εἶσι
945 2164 1165 2239 πάντες,
1206 2163 1394 2231 εὐθέως
1424 2165 1554 2224 αὐτὸ
1594 2164 1925 2243 διορθοῦται,

325 2255 498 2334 λέγων
521 2303 536 2330 ,
572 2255 653 2314 ὅτι
674 2282 698 2307 α
730 2252 837 2315 ἽΞν
868 2257 997 2312 εἰσιν
1023 2299 1038 2326 ,
1072 2254 1191 2314 ὅσον
1220 2254 1347 2334 πρὸς
1378 2258 1436 2313 τὸ
1461 2254 1538 2333 μὴ
1571 2254 1828 2315 δύνασθαί
1870 2281 1920 2315 τι

330 2346 455 2404 ἄνευ
484 2353 577 2406 τοῦ
607 2344 917 2413 αὖξάνοντος
949 2347 1091 2404 Θεοῦ
1122 2369 1135 2381 ·
1164 2344 1279 2405 ἐπεὶ
1320 2346 1371 2384 ³³
1414 2344 1534 2405 ὅσον
1571 2368 1632 2423 γε
1658 2345 1789 2426 πρὸς
1828 2345 1924 2419 τὴν

326 2436 678 2497 ἀνταπόδοσιν
725 2434 947 2501 ἕκαστος
999 2436 1138 2493 κατὰ
1186 2435 1273 2495 τὸν
1319 2437 1445 2495 ἴδιον
1486 2434 1651 2495 κόπον
1698 2434 1787 2494 τὸν
1840 2461 1924 2513 μι-

323 2528 448 2585 σθὸν
478 2525 604 2595 ἔξει.
651 2527 771 2587 Οὔκ
796 2516 914 2585 εἶπε
944 2524 1034 2602 δὲ,
1072 2526 1230 2586 Κατὰ
1268 2524 1329 2584 τὸ
1357 2525 1488 2585 ἴδιον
1533 2523 1685 2605 ἔργον
1705 2573 1719 2598 ,
1752 2527 1922 2601 ἀλλὰ,

327 2643 351 2668 ι
387 2616 547 2677 Κατᾶ
577 2616 665 2676 τὸν
698 2616 860 2675 κόπον
893 2637 908 2653 ⁸
944 2639 974 2671 ι)
1015 2614 1067 2673 τί
1096 2615 1197 2696 γὰρ
1234 2618 1280 2675 εἷ
1311 2616 1463 2696 ἔργον
1497 2614 1591 2693 μὲν
1626 2617 1720 2674 οὐκ
1751 2618 1922 2675 ἐτέλε-

329 2730 418 2766 σεν
432 2753 447 2781 ,
489 2705 739 2766 ἐκοπίασε
781 2706 837 2764 δέ
859 2731 874 2779 ;

414 2909 443 2943 α
494 2890 636 2948 Θεοῦ
675 2886 777 2967 γάρ
830 2887 989 2963 ἐσμεν
1039 2884 1299 2969 συνεργοί.
1358 2914 1379 2939 ι
1435 2888 1507 2946 Οἱ
1560 2886 1925 2959 διδάσκοντες,

324 2977 486 3056 φησὶ,
520 2979 663 3037 Θεοῦ
689 2979 849 3051 ἐσμεν
879 2976 1152 3055 συνεργοὶ,
1178 2980 1253 3056 τῷ
1287 2980 1474 3055 σκοπῷ
1495 2981 1588 3035 τοῦ
1620 2981 1761 3037 Θεοῦ
1785 3000 1923 3054 συμ-

324 3068 672 3145 πράττοντες,
724 3065 907 3135 σώζειν
940 3067 1209 3133 θέλοντος·
1255 3066 1375 3146 οὐχὶ
1410 3069 1559 3125 αὐτοὶ
1604 3072 1699 3135 τῆς
1742 3090 1924 3140 σωτη-

324 3157 440 3236 ρίας
468 3157 609 3224 ὄντες
642 3157 919 3238 αὐτουργοὶ
947 3158 1029 3231 (⁵⁵,
1079 3156 1114 3229 ἢ
1158 3159 1395 3235 δοτῆρες.
1434 3156 1576 3217 Οὔτε
1609 3148 1698 3215 οὖν
1748 3180 1921 3217 κατα-

2040 720 2257 776 ὃδιθιιω
2298 720 2663 778 tentationum
2697 741 2708 777 :
2757 730 2814 779 at
2841 738 2971 780 vero
3000 726 3154 782 Deus
3193 724 3346 782 vobis
3380 725 3532 784 dedit
3561 728 3640 784 in-

2040 818 2407 867 crementum.

2112 903 2294 958 Vsus.
2326 906 2378 956 7.
2430 925 2455 949 α
2487 905 2677 975 Itaque
2705 919 2881 976 neque
2910 904 3004 976 qui
3045 905 3254 978 plantat
3281 913 3368 962 est
3410 905 3636 979 aliquid,

2040 1006 2218 1063 neque
2246 991 2341 1065 qui
2382 992 2549 1065 rigat,
2578 992 2675 1050 sed
2719 995 2813 1067 qui
2842 994 3246 1052 incrementum
3278 995 3377 1053 dat
3404 1000 3574 1054 Deus.
3612 1019 3636 1045 ι

2041 1081 2176 1137 Vide
2214 1081 2498 1154 quomodo
2535 1084 2775 1155 seipsum
2815 1093 2869 1141 et
2908 1085 3106 1157 Apollo
3149 1085 3508 1155 vilifaciendo,
3548 1104 3639 1145 sa-

2042 1172 2285 1242 pientum
2312 1180 2368 1229 et
2395 1173 2622 1230 divitum
2666 1174 2937 1231 Corinthii
2967 1174 3355 1247 praefectorum
3397 1186 3641 1235 contem-

2040 1266 2197 1332 ptum
2238 1262 2617 1319 immolestum
2656 1263 2855 1330 reddit,
2884 1264 3088 1322 docens
3113 1266 3260 1337 quod
3285 1266 3387 1323 soli
3421 1269 3532 1323 Deo
3567 1268 3646 1323 sit

2041 1351 2460 1420 attendendum,
2509 1354 2669 1426 eique
2712 1355 2898 1410 omnia
2945 1370 3070 1427 quae
3098 1357 3428 1429 contingunt
3474 1357 3640 1426 bona,

2039 1450 2258 1513 accepta
2286 1441 2595 1499 referenda.

2119 1532 2279 1604 137
2305 1535 2484 1590 VEns.
2520 1541 2573 1590 8.
2616 1557 2640 1583 σι
2669 1535 2777 1605 Qui
2808 1543 2996 1592 autem
3029 1536 3243 1608 plantat
3280 1544 3332 1592 et
3364 1536 3455 1609 qui
3478 1537 3640 1609 rigat,

2041 1635 2215 1677 unum
2235 1631 2382 1678 sunt.
2402 1625 2685 1694 Quatenus
2701 1625 2832 1681 citra
2848 1628 3032 1681 Deum
3047 1625 3179 1681 nihil
3198 1634 3447 1698 possunt,
3469 1642 3642 1683 unum

2041 1719 2190 1767 sunt.
2232 1713 2529 1784 Quomodo
2573 1731 2702 1785 ergo
2746 1713 3044 1771 efferimini
3089 1716 3223 1772 alius
3273 1732 3401 1787 erga
3448 1716 3639 1786 alium,

2041 1816 2170 1857 cum
2201 1818 2373 1859 unum
2400 1804 2552 1859 sitis?

2115 1915 2140 1940 α
2174 1894 2567 1966 Unusquisque
2605 1904 2789 1951 autem
2833 1895 3111 1968 propriam
3150 1895 3461 1953 mercedem
3500 1897 3641 1953 acci-

2039 1981 2147 2054 piet
2188 1983 2493 2041 secundum
2550 2000 2716 2042 suum
2760 1985 3023 2043 laborem.
3074 2010 3098 2035 ιο
3148 1988 3290 2059 Quia
3344 1986 3639 2044 verisimile

2038 2080 2178 2141 erat,
2230 2087 2324 2128 eos
2370 2074 2463 2146 qui
2510 2074 2566 2129 in
2610 2073 2743 2131 ﬁdei
2770 2075 2935 2131 rebus
2962 2076 3203 2132 multum
3238 2075 3639 2145 laboraverant,

2035 2162 2318 2235 segniores
2344 2162 2582 2233 futuros,
2621 2181 2753 2222 cum
2791 2165 3044 2222 audirent
3068 2182 3262 2223 omnes
3284 2182 3403 2223 esse
3429 2181 3637 2235 unum;

2035 2252 2225 2309 statim
2250 2253 2401 2311 istud
2428 2255 2672 2327 corrigit,
2703 2256 2889 2313 dicens
2924 2275 2939 2313 :
2970 2260 3164 2314 Unum
3194 2266 3345 2325 sunt,
3371 2266 3643 2330 quatenus

2035 2342 2153 2399 sine
2180 2346 2317 2413 Deo,
2358 2344 2451 2417 qui
2482 2346 2889 2403 incrementum
2913 2346 3030 2416 dat,
3059 2347 3196 2403 nihil
3224 2348 3458 2419 possint.
3492 2350 3635 2403 Nam

2035 2432 2184 2504 quod
2226 2432 2299 2489 ad
2345 2434 2764 2492 retributionem
2807 2436 3023 2505 attinet,
3070 2437 3300 2510 quisque
3337 2436 3492 2509 juxta
3521 2453 3645 2509 pro-

2034 2522 2215 2595 prium
2235 2522 2479 2581 laborem
2504 2525 2824 2583 mercedem
2849 2526 3094 2584 habebit.
3118 2530 3245 2583 Non
3264 2526 3407 2584 dixit
3425 2535 3636 2597 autem,

2034 2613 2342 2671 secundum
2384 2618 2670 2688 proprium
2716 2632 2875 2689 opus,
2907 2618 3026 2689 sed,
3080 2642 3106 2667 ιι
3139 2617 3448 2675 secundum
3478 2617 3636 2673 labo-

2034 2719 2176 2759 rem.
2216 2727 2240 2752 η
2274 2705 2422 2774 Quid
2464 2706 2610 2762 enim
2654 2707 2699 2763 si
2730 2723 2870 2779 opus
2905 2707 3133 2780 quidem
3175 2723 3287 2765 non
3328 2706 3633 2780 perfecerit,

2034 2793 2308 2851 laboravit
2343 2801 2566 2853 tamen?

2105 2885 2279 2943 Vnus.
2320 2893 2373 2943 9.
2418 2910 2444 2937 α
2482 2888 2587 2943 Dei
2615 2889 2767 2944 enim
2796 2903 2992 2945 sumus
3030 2896 3438 2961 cooperatores.
3472 2909 3499 2941 η
3536 2890 3645 2960 Qui

2035 2973 2319 3046 docemus,
2363 2978 2554 3050 inquit,
2603 2979 2699 3035 Dei
2739 2982 2957 3049 sumus,
2973 2988 3386 3051 cooperatores,
3415 2978 3486 3036 ad
3514 2994 3639 3035 sco-

2032 3081 2164 3137 pum
2184 3074 2238 3122 et
2271 3069 2623 3140 propositum
2678 3071 2802 3138 Dei,
2843 3085 3058 3126 servare
3102 3070 3341 3127 volentis
3372 3110 3388 3139 ,
3434 3086 3637 3141 coope-

2036 3164 2249 3225 rantes;
2298 3174 2409 3213 non
2438 3158 2541 3232 ipsi
2578 3176 2682 3216 nos
2719 3175 2915 3217 sumus
2942 3160 3138 3217 salutis
3163 3161 3247 3217 vel
3275 3168 3530 3216 auctores
3559 3159 3641 3216 vel

325 3221 625 3328 φροὲῖσθαι
674 3221 818 3315 ἀίξιοιΙ
848 3221 869 3281 ”
918 3221 1060 3307 Θεόῦ
1102 3221 1206 3327 γάρ
1261 3221 1423 3323 ἐσμεν
1476 3249 1721 3327 συνεργοί
1748 3271 1762 3285 ’
1808 3245 1926 3307 οὔτε

2042 3246 2281 3305 datores.
2312 3251 2438 3306 Non
2478 3249 2648 3318 igitur
2667 3251 3090 3318 contemnendi;
3118 3252 3223 3309 Dei
3266 3251 3420 3308 enim
3446 3266 3641 3307 sumus

324 3336 642 3417 ἐπαίρεσθαι
677 3361 689 3374 ·
733 3340 876 3397 Θεοῦ
902 3336 1004 3417 γὰρ
1032 3336 1095 3395 τὸ
1124 3346 1248 3397 πᾶν.

410 3542 441 3572 ι
483 3518 623 3578 Θεοῦ
655 3516 935 3597 γεώργιον,
985 3518 1130 3577 Θεοῦ
1182 3515 1437 3593 οἰκοδομή
1492 3518 1696 3579 ἐστε.»
1745 3516 1926 3577 Εἰπὼν

328 3606 611 3686 ἀνωτέρω,
647 3607 728 3667 ὅτι
789 3629 817 3665 (ι
858 3605 1195 3689 Ἐφύτευσα,
1230 3629 1257 3663 ι)
1321 3607 1560 3689 ἐπιμένει
1606 3611 1672 3685 τῇ
1724 3611 1921 3687 τροπῇ,

324 3697 418 3756 καὶ
453 3695 705 3776 γεώργιον
753 3697 945 3763 αὐτοὺς
997 3698 1170 3756 καλεῖ.
1246 3699 1311 3756 Εἰ
1367 3686 1455 3755 οὖν
1502 3696 1757 3776 γεώργιόν
1807 3700 1926 3756 ἐστε

320 3786 414 3845 καὶ
444 3786 696 3860 οἰκοδομὴ
723 3833 739 3861 ,
772 3787 877 3847 ἀπὸ
917 3794 1009 3847 τοῦ
1037 3786 1309 3848 Δεσπότου
1343 3790 1626 3845 καλεῖσθαι
1657 3786 1919 3868 ὀφείλετε,

322 3879 419 3937 οὐκ
448 3876 553 3958 ἀπὸ
571 3879 677 3935 τῶν
711 3880 959 3958 γεωργῶν
986 3921 1000 3947 ,
1047 3876 1082 3948 ἢ
1112 3882 1218 3936 τῶν
1262 3876 1583 3953 οἰκοδόμων.
1617 3876 1719 3944 (Ως
1746 3878 1925 3957 γεώρ-

324 3990 436 4048 γιον
470 3955 559 4024 οδν
585 4013 602 4046 ,
648 3966 724 4026 ἑνὶ
755 3955 985 4048 φραγμῷ
1012 3970 1089 4047 τῷ
1119 3970 1213 4039 τῆς
1252 3966 1499 4043 ὁμονοίας
1528 3967 1764 4045 ὀφείλετε
1809 3955 1920 4026 τει-

325 4059 605 4136 χίζεσθαι·
655 4060 725 4124 ὡς
776 4056 1027 4133 οἰκοδομὴ
1070 4057 1159 4130 δὲ,
1200 4060 1467 4131 ἡνῶσθαι,
1521 4056 1639 4116 ἀλλ’
1671 4057 1792 4138 οὐχὶ
1844 4059 1922 4115 δι-

327 4152 615 4208 εσπᾶσθαι.

415 4262 444 4292 α
482 4236 638 4297 Κατὰ
667 4236 764 4307 τὴν
797 4236 955 4318 χάριν
990 4240 1080 4295 τοῦ
1113 4237 1255 4297 Θεοῦ
1295 4234 1391 4309 τὴν
1427 4236 1666 4297 δοθεῖσάν
1701 4260 1819 4317 μοι,
1850 4242 1919 4307 ὡς

328 4327 481 4408 σοφὸς
526 4326 853 4407 ἀρχιτέκτων
892 4323 1135 4403 θεμέλιον
1182 4327 1413 4387 τέθεικα.
1452 4353 1475 4379 ιι
1511 4326 1684 4407 Σοφὸν
1736 4328 1920 4387 ἑαυτὸν

326 4420 479 4477 καλεῖ
504 4418 850 4497 ἀρχιτέκτονα
869 4462 885 4491 ,
916 4420 1014 4476 οὐκ
1042 4416 1276 4498 ἐπαίρων
1305 4415 1490 4476 ἑαυτὸν
1517 4462 1533 4493 ,
1564 4416 1701 4475 ἀλλὰ
1739 4420 1924 4498 βουλό-

328 4531 481 4584 μενος
510 4506 675 4576 δεῖξαι
694 4550 711 4579 ,
743 4504 822 4566 ὅτι
854 4506 1012 4566 τοῦτό
1049 4508 1189 4566 ἐστιν
1241 4506 1609 4586 ἀρχιτέκτονος
1641 4512 1837 4589 σοφοῦ,
1867 4508 1927 4567 τὸ

2039 3346 2441 3409 cooperatores.
2474 3340 2665 3413 Neque
2692 3340 2816 3398 ideo
2852 3357 2955 3399 nos
2980 3341 3159 3398 attolli
3188 3349 3406 3414 oportet
3430 3359 3443 3396 :
3466 3349 3645 3399 totum

2037 3428 2187 3483 enim
2216 3435 2301 3484 est
2331 3430 2451 3485 Dei.

2111 3539 2138 3566 σι
2166 3518 2271 3575 Dei
2288 3519 2641 3592 agricultura,
2665 3521 2765 3576 Dei
2778 3519 3072 3577 aediﬁcatio
3085 3521 3237 3578 estis.
3266 3543 3292 3570 ιο
3314 3521 3460 3578 Cum
3479 3536 3643 3594 supra

2036 3606 2279 3675 dixisset,
2329 3632 2353 3657 «
2404 3609 2674 3680 plantavi;
2713 3632 2739 3658 ι»
2780 3610 2974 3665 eodem
3015 3610 3073 3666 in
3123 3619 3284 3681 tropo
3333 3618 3646 3683 perseverat

2035 3697 2423 3769 agriculturam
2469 3714 2564 3755 eos
2591 3700 2892 3771 appellans.
2930 3699 3095 3772 Quod
3122 3702 3170 3756 si
3198 3701 3366 3773 igitur
3407 3703 3642 3773 agriculo

2034 3794 2153 3842 tura
2182 3788 2314 3844 estis
2355 3798 2410 3844 et
2436 3788 2753 3857 aediﬁcatio,
2781 3805 2811 3844 a
2839 3790 3076 3847 Domino
3100 3790 3320 3846 debetis
3345 3791 3642 3858 nominari,

2034 3893 2145 3933 non
2177 3878 2245 3934 ab
2267 3879 2521 3951 agricolis
2550 3887 2645 3935 aut
2679 3879 3137 3936 exstructoribus.
3174 3880 3350 3953 Igitur
3376 3887 3642 3952 tanquam

2032 3984 2249 4035 arvum,
2298 3985 2409 4025 una
2463 3970 2773 4027 concordia:
2818 3985 2948 4041 sepe
3009 3970 3216 4025 muniri
3274 3970 3515 4037 debetis,
3587 3979 3644 4027 et

2035 4068 2308 4132 tanquam
2370 4059 2699 4130 aediﬁcium,
2762 4060 2910 4117 uniri
2977 4059 3211 4129 debetis,
3261 4069 3318 4118 et
3384 4077 3501 4118 non
3554 4059 3641 4118 di-

2032 4148 2170 4206 velli.

2102 4242 2281 4297 Vnns.
2324 4245 2411 4296 10.
2462 4262 2489 4289 α
2519 4240 2834 4297 Secundum
2861 4240 3095 4314 gratiam
3126 4243 3219 4298 Dei
3244 4257 3369 4315 quae
3401 4240 3533 4299 data
3557 4251 3643 4299 est

2033 4329 2190 4397 mihi,
2221 4339 2284 4386 ut
2317 4331 2535 4403 sapiens
2565 4329 2902 4388 architectus
2933 4330 3361 4388 fundamentum
3392 4332 3573 4405 posui.
3612 4355 3636 4380 ω

2034 4421 2345 4493 Sapientem
2394 4437 2455 4479 se
2501 4421 2861 4478 architectum
2907 4422 3162 4494 appellat,
3212 4439 3325 4478 non
3368 4423 3518 4495 quod
3560 4438 3643 4480 se-

2040 4511 2223 4582 ipsum
2259 4511 2503 4576 extollat,
2529 4511 2627 4567 sed
2652 4512 2735 4567 uti
2765 4520 3168 4568 commonstret
3196 4528 3289 4569 eas
3313 4527 3432 4568 esse
3462 4521 3646 4584 partes

326 4602 557 4657 τοιοῦτον
595 4603 760 4656 θεῖναι
790 4598 1031 4675 θεμέλιον
1054 4641 1071 4668 ,
1115 4596 1359 4685 τουτέατι
1408 4596 1641 4676 Χριστόν
1668 4620 1682 4635 ο
1725 4598 1816 4656 καὶ
1846 4596 1927 4658 ὅτι

2042 4601 2299 4671 sapientis
2346 4601 2655 4668 architecti,
2699 4602 2805 4657 tale
2844 4602 3272 4657 fundamentum
3310 4601 3519 4673 jacere,
3562 4600 3646 4656 ni-

323 4690 420 4747 οὐκ
472 4688 704 4767 ἐπαίρων
763 4686 988 4761 ἑαυτὸν,
1044 4686 1210 4753 οὕτως
1269 4676 1413 4760 εἶπε,
1461 4688 1619 4757 δῆλον
1668 4688 1925 4751 ἐντεῦθεν.

325 4777 478 4849 Φησὶ
506 4778 610 4857 γάρ
637 4795 650 4809 ·
690 4801 719 4833 α
754 4775 912 4837 Κατὰ
936 4777 1035 4849 τὴν
1074 4776 1235 4858 χάριν
1258 4782 1348 4836 τοῦ
1380 4779 1547 4837 Θεοῦ.
1589 4803 1614 4831 ››
1643 4779 1762 4837 Οὐκ
1801 4778 1927 4854 ἐμὸν

324 4867 789 4949 γὰρξκατόρθωμα
820 4866 881 4927 τὸ
920 4866 1161 4948 γενέσθαι
1214 4866 1411 4949 σοφὸν,
1460 4866 1599 4927 ἀλλὰ
1640 4873 1733 4928 τοῦ
1783 4869 1928 4929 Θεοῦ

322 4982 497 5027 καρις.

322 4982 663 5115 “intra:
689 5046 742 5106 δὲ
775 5049 1117 5127 ἐποικοδομεῖ
1144 5072 1157 5086 ·
1198 5046 1417 5116 ἕκαστος
1448 5045 1504 5107 δὲ
1544 5047 1786 5129 βλεπέτω
1816 5053 1928 5116 πῶς

323 5137 683 5215 ἐποικοδομεῖ.
718 5164 743 5191 ι
783 5137 1012 5211 Ἐπειδὴ
1060 5138 1185 5221 περὶ
1236 5137 1477 5206 ίνώσεως
1523 5140 1702 5206 αὐτοῖς
1754 5140 1926 5200 διελέ-

323 5232 428 5308 χθη
449 5276 466 5303 ,
504 5227 692 5288 λοιπὸν
721 5230 844 5311 περὶ
872 5229 1146 5297 πολιτείας
1192 5231 1368 5297 αὐτοῖς
1408 5228 1748 5308 διαλέγεται,
1780 5231 1928 5289 ἐποι-

326 5317 558 5397 κοδομὴν
588 5320 768 5378 καλῶν
810 5319 904 5387 τὰς
935 5320 1161 5381 ἑκάστου
1191 5318 1427 5401 πράξεις.

411 5520 439 5555 α
472 5497 739 5577 Θεμίλιον
768 5498 871 5581 γὰρ
904 5499 1066 5560 ἄλλον
1096 5499 1265 5569 οὐδεὶς
1295 5499 1517 5560 δύναται
1557 5503 1725 5560 θεῖναι
1774 5502 1925 5583 παρὰ

324 5586 415 5646 τὸν
445 5587 727 5668 κείμενον,
774 5588 830 5659 ὅς
871 5593 1013 5651 ἐστιν
1045 5588 1253 5662 Ἰησοῦς
1293 5590 1542 5671 Χριστός.
1583 5612 1610 5648 ι
1655 5592 1738 5652 Οὐ
1764 5590 1928 5651 δύνα-

2040 4691 2247 4746 mirum
2275 4690 2577 4748 Christum.
2604 4691 2764 4764 Quod
2789 4708 2916 4748 vero
2954 4708 3068 4748 non
3106 4699 3167 4747 ut
3195 4706 3315 4747 sese
3344 4690 3643 4760 attolleret,

2041 4780 2157 4838 hac
2180 4780 2398 4848 dixerit,
2430 4781 2557 4838 inde
2595 4783 2825 4853 planum
2857 4791 2940 4839 est
2983 4802 2995 4837 :
3021 4782 3155 4839 dicit
3181 4781 3355 4847 enim,
3389 4804 3413 4829 α
3448 4797 3640 4838 secun-

2040 4871 2173 4929 dum
2200 4872 2439 4944 gratiam
2466 4873 2595 4941 Dei;
2626 4895 2651 4921 ιο
2682 4889 2797 4929 non
2817 4873 2969 4929 enim
3000 4888 3195 4931 meum
3221 4880 3306 4930 est
3331 4888 3471 4947 opus
3494 4871 3646 4946 quod

2039 4963 2259 5035 sapiens
2284 4978 2433 5030 sum,
2458 4962 2554 5019 sed
2582 4963 2688 5020 Dei
2718 4963 2919 5037 gratia.

2115 5074 2140 5100 κ
2182 5053 2339 5109 Alius
2364 5062 2553 5110 autem
2577 5052 2981 5126 superaediﬁcat
3012 5071 3028 5110 :
3060 5054 3435 5127 unusquisque
3458 5061 3643 5110 autem

2040 5141 2220 5200 videat
2258 5143 2540 5216 quomodo
2565 5143 2978 5217 supermdiﬁcet.
3022 5166 3047 5192 ιι
3089 5146 3395 5218 Postquam
3422 5143 3491 5199 de
3520 5143 3646 5199 uni-

2040 5240 2151 5290 tate
2180 5232 2259 5289 eis
2286 5232 2655 5302 disseruisset,
2678 5234 2733 5290 in
2758 5242 3043 5306 posterum
3062 5233 3132 5290 de
3158 5234 3270 5291 vita
3290 5233 3649 5307 moribusque

2040 5323 2307 5396 diaputat,
2344 5323 2935 5396 superaediﬁcationem
2995 5338 3098 5381 sua
3163 5322 3431 5396 cujusque
3483 5338 3647 5395 opera

2038 5414 2356 5477 nominans,

2110 5506 2295 5564 Vnas.
2328 5510 2413 5561 11.
2460 5528 2487 5555 α
2514 5505 2966 5563 Fundamentum
2989 5504 3144 5561 enim
3166 5502 3319 5561 aliud
3350 5518 3519 5561 nemo
3550 5520 3647 5577 po-

2039 5608 2148 5657 test
2190 5615 2420 5674 ponere,
2451 5607 2649 5673 praeter
2672 5600 2729 5659 id
2772 5600 2925 5673 quod
2961 5599 3203 5671 positum
3245 5605 3348 5668 est,
3375 5597 3527 5671 quod
3562 5607 3647 5663 est

1724 5690 1916 5752 Variae
1959 5693 2265 5754 lectiones.

396 5783 439 5818 5’
496 5785 893 5859 ἀποξηρανθῆναι
932 5805 965 5845 0
978 5831 991 5845 .

321 5867 364 5901 “
406 5864 622 5939 ἀρχηγοὶ
650 5884 728 5925 m.

1078 5789 1123 5824 ⁶⁰
1154 5787 1309 5861 ἤγουν
1356 5795 1427 5862 τῷ
1480 5794 1566 5844 τοῦ
1617 5795 1832 5862 πονηροῦ
1886 5797 2146 5866 πειρασμῷ
2193 5808 2247 5848 o.

2352 5790 2390 5824 ⁶¹
2453 5789 2660 5857 ηὔξανεν
2704 5806 2758 5848 o.
2858 5788 2903 5824 ⁶²
2948 5790 3067 5861 πρὸς
3111 5806 3166 5847 ο.
3266 5787 3310 5823 ⁸³
3368 5787 3536 5857 ἐπειδὴ
3590 5805 3643 5846 0.
