4090 6412
491 474 594 530 603

1313 462 1827 521 THEOPHYLACTI
1867 459 2227 516 BULGARUE
2258 457 2572 515 ARCHIEP.

3685 463 3789 518 604

483 603 645 658 Iesus
671 596 946 658 Christus.
990 617 1016 644 ι»
1043 595 1170 651 Non
1212 598 1413 667 potest,
1444 589 1714 663 tantisper
1749 587 1884 645 dum
1915 603 2079 644 man-

2190 608 2306 668 ται,
2337 583 2433 653 ἔως
2463 583 2528 644 ἂν
2558 583 2691 666 μένῃ
2735 585 2892 668 σοφὸς
2947 584 3277 668 ἀρχιτέκτων
3309 603 3324 619 ’
3377 585 3494 647 ἐπεὶ
3541 566 3669 647 ὅταν
3714 587 3788 666 μὴ

484 692 622 749 serit
666 689 886 760 sapiens
925 684 1276 745 architectus.
1326 684 1469 741 Nam
1516 681 1563 738 si
1599 679 1720 754 quis
1752 678 1922 736 fuerit
1959 677 2083 734 insi-

485 781 641 855 piens
694 778 1050 842 architectus,
1117 782 1298 849 potest
1357 771 1581 847 quidem
1658 769 2083 828 fundamentum

477 871 682 945 jacere,
713 868 809 927 sed
855 884 924 925 ex
950 882 1060 940 quo
1087 866 1325 924 hereses
1354 863 1640 936 prodeant.
1675 865 1748 918 At
1775 877 1906 917 cum
1943 861 2086 916 inter

483 978 582 1020 vos
629 959 950 1018 Corinthios
998 955 1424 1014 fundamentum
1475 967 1649 1010 unum
1699 952 1771 1008 sit
1817 950 2083 1016 Christus,

484 1051 692 1110 debetis
729 1059 787 1107 et
829 1049 929 1122 ipsi
971 1063 1070 1105 vos
1097 1062 1262 1120 super
1308 1045 1454 1102 hunc
1484 1043 1775 1111 aedificare,
1807 1057 1925 1099 non
1961 1057 2084 1115 quae

485 1158 552 1199 ex
597 1140 949 1199 contentione
1003 1147 1059 1195 et
1117 1136 1475 1195 aemulatione
1519 1143 1670 1204 sunt,
1717 1133 1814 1191 sed
1859 1132 2084 1189 virtutis

486 1233 673 1306 potius
719 1246 903 1304 opera.

553 1326 735 1380 Vsns.
786 1327 874 1388 l2,
913 1339 942 1374 ι(
989 1318 1081 1378 Sin
1113 1319 1240 1393 quis
1267 1325 1452 1375 autem
1486 1313 1890 1389 superadiﬂcat
1918 1329 2083 1386 super

485 1413 909 1472 fundamentum
933 1411 1058 1482 hoc,
1085 1425 1308 1480 aurum,
1339 1416 1648 1482 argentum,
1679 1405 1883 1480 lapides
1916 1406 2082 1478 138

486 1503 780 1578 pretiosos,
839 1502 1010 1576 ligna,
1063 1500 1272 1567 fenum,
1323 1499 1600 1572 stipulam,
1650 1495 2079 1569 uniuscujusque

483 1610 624 1668 opus
670 1592 1022 1651 manifestum
1058 1591 1184 1648 erit.
1229 1610 1257 1645 »
1307 1589 1421 1648 Ubi
1466 1588 1836 1660 acceperimus
1881 1585 2077 1643 funda-

485 1693 732 1743 mentum
798 1682 944 1753 ﬁdei,
1019 1680 1447 1754 superstruimus
1515 1678 1910 1752 unusquisque,
1985 1676 2076 1732 alii

480 1775 704 1849 quidem
738 1774 881 1831 bona
935 1789 1118 1846 opera,
1178 1787 1305 1845 quae
1348 1769 1718 1827 differentiam
1757 1767 2076 1835 admittunt,

479 1873 750 1939 quatenus
777 1863 877 1921 alia
903 1863 1115 1936 majora
1144 1869 1272 1919 sunt
1308 1870 1364 1918 et
1403 1860 1508 1918 alia
1539 1860 1751 1917 minora
1783 1877 1798 1914 :
1843 1857 2078 1930 exempli

481 1955 652 2030 gratia
695 1953 1084 2028 virginitatem,
1133 1967 1234 2010 ceu
1272 1967 1499 2021 aurum;
1539 1951 1800 2008 honestas
1842 1949 2082 2021 nuptias,

477 2046 659 2104 instar
697 2045 939 2119 argenti;
983 2051 1393 2118 paupertatem,
1425 2041 1590 2098 veluti
1617 2039 1828 2114 lapides
1873 2038 2081 2113 pretio-

479 2152 602 2206 sos;
639 2137 698 2193 in
725 2136 930 2192 divitiis
959 2135 1387 2208 eleemosynam,
1412 2141 1682 2206 tanquam
1718 2129 1868 2188 aliud
1894 2130 2080 2186 minus

481 2226 807 2301 pretiosum.
850 2225 960 2283 Alii
1008 2233 1194 2282 autem
1234 2223 1380 2280 mala
1416 2239 1582 2296 opera
1625 2220 2080 2295 superstruimus,

478 2333 602 2392 quae
621 2325 676 2374 et
700 2317 818 2389 ipsa
843 2332 975 2373 suos
1005 2315 1208 2372 habent
1234 2313 1455 2388 gradus.
1482 2311 1648 2371 Unde
1669 2320 1724 2369 et
1742 2311 1838 2368 illa
1859 2310 2082 2384 quidem

478 2423 602 2482 qua;
629 2406 844 2464 facilius
885 2405 1308 2475 comburuntur,
1351 2404 1541 2461 fenum
1568 2410 1623 2460 et
1650 2401 1849 2475 stipula
1889 2400 2081 2458 dicun-

479 2507 571 2556 tur
615 2515 628 2551 :
658 2498 845 2571 qualia
875 2505 1029 2566 sunt,
1063 2496 1376 2570 impuritas,
1425 2493 1755 2564 idololatria,
1787 2493 2015 2550 avaritia
2062 2510 2074 2546 :

479 2589 570 2646 illa
611 2605 738 2646 vero
766 2605 893 2663 qua;
916 2588 1100 2646 minus
1125 2595 1254 2644 sunt
1281 2585 1581 2661 ejusmodi,
1611 2585 1789 2658 ligna;
1818 2593 1878 2641 ut
1905 2583 2078 2640 ebrie-

478 2689 584 2750 tas,
622 2679 766 2737 risus
811 2688 868 2736 et
913 2679 997 2737 his
1040 2678 1268 2736 similia.
1314 2676 1560 2750 Quidam
1595 2684 1781 2734 autem
1827 2673 2080 2732 fortassis

480 2787 511 2827 e
536 2779 756 2841 contra;
795 2768 1059 2844 praedicta
1101 2769 1214 2839 illa,
1245 2768 1426 2842 ligna;
1469 2767 1590 2825 haec
1618 2782 1749 2825 vero
1784 2765 1974 2824 fenum
2027 2773 2081 2821 et

478 2861 739 2934 stipulam
784 2859 994 2917 dicunt.

551 2953 729 3009 Vsus.
783 2957 870 3010 13.
916 2973 941 2999 α
988 2949 1121 3007 Dies
1166 2948 1312 3006 enim
1347 2947 1673 3018 declarabit,
1712 2946 1976 3020 quoniam
2021 2946 2077 3003 in

478 3042 603 3116 igne
646 3042 924 3099 revelatur
975 3058 989 3095 :
1036 3047 1092 3098 et
1116 3039 1548 3114 uniuscujusque
1593 3053 1732 3111 opus
1778 3038 1939 3112 quale
1985 3037 2076 3108 sit,

2190 667 2224 756 ᾗ
2261 701 2336 746 τις
2368 675 2523 758 σοφὸς
2563 667 2890 758 ἀρχιτέκτων
2912 724 2927 750 ,
2959 667 3179 737 δύναται
3219 681 3419 752 θεῖναι,
3451 677 3546 738 καὶ
3575 680 3636 738 ἐκ
3666 679 3789 740 τού-

2191 790 2282 827 του
2331 769 2386 828 αἱ
2431 764 2681 849 αἱρέσεις.
2725 766 2822 829 Ἐν
2853 769 2975 843 ὓμῖν
3020 759 3109 828 οὖν
3154 771 3261 836 τοῖς
3310 768 3630 849 Κορινθίοις,
3675 770 3788 829 ἐπεὶ

2191 857 2428 936 θεμέλιος
2488 847 2560 924 εἷς
2607 860 2750 917 ἐστιν
2801 860 2830 917 ὁ
2883 859 3142 938 Χριστὸς,
3204 847 3440 941 ὀφείλετε
3485 860 3577 920 καὶ
3638 861 3787 919 αὐτοὶ

2191 946 2360 1030 τούτῳ
2394 948 2792 1026 ἐποικοδομεῖν,
2825 947 2901 1026 μὴ
2927 948 2993 1009 τὰ
3029 948 3080 1019 ἐξ
3113 949 3278 1030 ἔριδος
3307 950 3396 1010 καὶ
3424 949 3586 1024 ζήλου
3604 994 3621 1025 ,
3651 949 3790 1008 ἀλλὰ

2192 1035 2258 1096 τὰ
2287 1042 2382 1112 τῆς
2415 1039 2610 1118 ἀρετῆς
2651 1037 2799 1118 ἔργα.

2277 1334 2305 1368 ε
2340 1309 2410 1373 Εἴ
2436 1336 2514 1380 τις
2545 1313 2883 1391 ἐποικοδομεῖ
2911 1311 2998 1372 ἐπὶ
3029 1313 3116 1374 τὸν
3149 1312 3388 1392 θεμέλιον
3419 1320 3634 1388 τοῦτον,
3660 1338 3762 1396 χρυ

2191 1401 2312 1477 σὸν,
2333 1402 2579 1484 ’ἄργυρον
2601 1449 2618 1478 ,
2662 1403 2835 1472 λίθους
2877 1403 3113 1478 τιμίους,
3164 1403 3323 1478 ξύλα,
3355 1405 3582 1486 χόρτον,
3611 1406 3786 1466 καλά-

2191 1516 2296 1569 μην
2317 1537 2334 1567 ,
2367 1493 2590 1554 ἑκάστου
2614 1492 2674 1554 τὸ
2707 1493 2858 1574 ἔργον
2889 1495 3112 1576 φανερὸν
3155 1495 3462 1574 γενήσεται.
3513 1523 3537 1549 ιο
3593 1495 3728 1559 Μεθ’
3761 1495 3790 1554 ὃ

2188 1582 2442 1662 δεξόμεθα
2471 1584 2561 1644 τὸν
2606 1585 2848 1664 θεμέλιον
2881 1590 2990 1658 ἒτῆς
3028 1585 3258 1655 πίστεως
3280 1631 3296 1658 ,
3336 1587 3789 1666 ἐποικοδομοῦμεν

2188 1673 2440 1749 ἕκαστος,
2472 1679 2520 1735 οἱ
2558 1674 2652 1750 μὲν
2683 1674 2886 1759 ἀγαθὰς
2926 1673 3138 1758 πράξεις
3171 1699 3186 1714 ο
3219 1675 3411 1759 αἵτινες
3452 1677 3706 1759 διαφορὰν
3737 1676 3788 1717 ⁸⁵

2188 1765 2391 1845 ἔχουσι,
2445 1764 2650 1843 μείζους
2687 1757 2842 1825 οὖσαι
2888 1755 2982 1825 καῖ
3013 1766 3262 1835 ἐλάττους
3289 1790 3301 1804 ·
3339 1755 3484 1840 οἶον,
3511 1755 3623 1840 n3;
3639 1790 3784 1850 παρ-

2189 1856 2398 1929 θενίαν,
2441 1858 2511 1925 ὥς
2543 1859 2740 1937 χρυσόν
2769 1881 2782 1895 ·
2832 1855 2921 1916 τὸν
2949 1857 3126 1936 τίμιον
3159 1857 3367 1938 γάμον,
3399 1860 3471 1926 ὡς
3512 1859 3736 1941 ἄργυρον
3775 1882 3790 1896 θ

2190 1945 2286 2018 τὴν
2318 1946 2696 2024 ἀκτημοσύνην
2721 1992 2737 2020 ,
2773 1950 2844 2015 ὥς
2866 1947 3040 2017 λίθους
3070 1947 3275 2032 τιμίους
3302 1972 3316 1985 ο
3352 1947 3450 2021 τὴν
3482 1950 3536 2008 ἐν
3573 1948 3789 2032 πλούτῳ

2193 2036 2588 2116 ἐλεημοσύνην,
2634 2041 2702 2104 ὣς
2730 2038 2864 2099 ἄλλο
2911 2061 2961 2098 τι
2992 2041 3098 2098 τῶν
3133 2030 3292 2112 ἧττον
3344 2038 3560 2117 τιμίων.
3608 2043 3682 2101 Οἱ
3714 2030 3790 2114 δέ,

2190 2125 2285 2194 τὰς
2345 2126 2577 2208 πονηρὰς
2629 2127 2842 2210 πράξεις
2897 2130 3349 2208 ἐποικοδομοῦμεν
3374 2175 3390 2203 ,
3452 2128 3646 2198 αἵτινες
3696 2131 3786 2190 καὶ

2191 2218 2350 2278 αὖταὶ
2377 2217 2612 2299 βαθμοὺς
2648 2221 2860 2300 ἔχουσιν
2887 2241 2901 2258 ⁸
2939 2224 3010 2288 ὡς
3047 2219 3238 2301 χόρτον
3286 2219 3382 2298 μὲν
3407 2220 3497 2280 καὶ
3535 2221 3791 2298 καλάμην

2190 2307 2438 2388 λέγεσθαι
2479 2309 2574 2376 τὰς
2629 2310 2984 2391 εὖκολωτέρας
3033 2309 3163 2392 πρὸς
3205 2309 3266 2370 τὸ
3311 2310 3556 2370 καίεσθαι
3587 2335 3600 2348 '
3644 2301 3784 2383 οἷον,

2192 2399 2551 2480 ἀκαθαρσίαν,
2594 2399 3071 2480 εἰδωλολατρείαν,
3127 2400 3432 2472 πλεονεξίαν
3469 2426 3482 2438 ο
3533 2401 3658 2470 ξύλα
3691 2401 3746 2463 δὲ
3772 2449 3788 2476 ,

2189 2489 2285 2558 τὰς
2328 2481 2486 2563 ἧττον
2517 2489 2766 2558 τοιαύτας
2795 2513 2810 2529 ο
2865 2481 3008 2565 οἶον,
3060 2490 3261 2570 μέθην,
3302 2491 3548 2571 γέλωτα,
3591 2491 3683 2551 καὶ
3719 2491 3790 2552 τὰ

2191 2585 2413 2640 τοιαῦτα
2447 2601 2460 2615 ·
2491 2580 2620 2650 ἴσως
2645 2580 2705 2641 δέ
2729 2605 2864 2649 τινες
2893 2581 3196 2643 τοῦναντίον
3226 2605 3240 2620 ·
3287 2583 3415 2653 ξύλα
3441 2629 3457 2657 ,
3488 2581 3581 2651 τὰς
3617 2585 3786 2665 προῤ-

2191 2669 2440 2752 ῥηθείσας
2469 2694 2483 2709 ⁸
2515 2671 2705 2752 χόρτον
2733 2670 2788 2732 δὲ
2815 2672 2905 2732 καὶ
2935 2672 3188 2748 καλάμην
3216 2671 3415 2742 ταύτας
3443 2677 3674 2755 ἐροῦσιν.

2275 2961 2304 3000 α
2334 2939 2404 3001 Ἡ
2445 2939 2548 3023 γὰρ
2595 2939 2774 3022 ἡμέρα
2816 2939 3076 3015 δηλώσει,
3125 2941 3206 3000 ὅτι
3236 2942 3291 3002 ἐν
3335 2941 3465 3024 πυρὶ
3512 2944 3787 3005 ἀποκαλύ-

2187 3054 2377 3091 πτεται
2406 3055 2422 3071 ο
2471 3031 2564 3091 καὶ
2606 3032 2828 3092 ἑκάστου
2871 3031 2930 3092 τὸ
2961 3031 3112 3113 ἔργον
3142 3033 3322 3094 ὁποῖόν
3372 3036 3488 3095 ἐστι
3507 3080 3523 3109 ,
3575 3035 3635 3094 τὸ
3683 3040 3789 3118 πῦρ

480 3099 619 3208 ignis
656 3131 928 3206 probabit.
965 3153 989 3180 υ
1036 3133 1139 3188 Per
1175 3127 1327 3186 diem
1348 3099 1560 3202 vjudicii
1603 3099 1749 3185 diem
1792 3099 2079 3201 intelligit.

2190 3123 2487 3200 δοκιμάσει.
2526 3148 2556 3180 »
2607 3121 2851 3204 Ἦμέραν
2885 3099 3002 3202 μὲν.
3028 3099 3125 3196 τὴν
3174 3129 3270 3198 τῆς
3314 3099 3538 3206 κρίσεώς
3581 3148 3740 3208 φησιν
3761 3099 3787 3166 ὀ

479 3224 546 3280 In
596 3223 720 3298 igne
757 3238 888 3280 vero
932 3237 1097 3296 opera
1142 3220 1368 3278 revelari
1415 3218 1570 3289 dicit,
1625 3219 1681 3276 id
1723 3227 1808 3276 est
1853 3217 2083 3275 manife-

478 3321 630 3370 stum
645 3312 766 3371 ﬁeri
791 3312 1084 3386 cujusnam
1109 3311 1218 3369 sint
1240 3319 1474 3377 naturae.
1498 3317 1688 3367 utrum
1713 3324 1908 3366 aurum
1946 3309 2078 3378 sint,

479 3419 550 3461 an
579 3401 888 3459 diversum.

555 3497 738 3553 Vsus.
789 3498 872 3562 l4,
921 3499 1008 3551 15.
1052 3517 1076 3543 α
1127 3491 1186 3550 Si
1235 3491 1389 3565 cujus
1436 3506 1578 3566 opus
1619 3491 1884 3548 manserit
1929 3490 2082 3565 quod

482 3583 960 3658 superaediﬂcavit,
1003 3583 1317 3642 mercedem
1357 3581 1599 3656 accipiet.
1631 3582 1686 3640 Si
1731 3581 1892 3655 cujus
1943 3597 2083 3656 opus

481 3676 696 3744 arserit,
764 3674 1168 3733 detrimentum
1215 3673 1472 3748 patietur.
1540 3696 1565 3722 υ
1629 3673 1687 3730 Si
1745 3688 1943 3730 aurum
1998 3673 2082 3729 vel

479 3775 768 3841 argentum
797 3766 1076 3834 habueris,
1104 3780 1243 3839 opus
1271 3773 1431 3822 tuum
1451 3764 1678 3822 omnino
1708 3763 2082 3836 permanebit,

481 3866 537 3914 et
560 3857 875 3916 mercedem
914 3856 1077 3914 feres.
1109 3855 1203 3914 Sin
1243 3854 1434 3914 fenum
1479 3863 1534 3910 et
1570 3854 1909 3928 hujusmodi,
1947 3869 2086 3927 opus

478 3955 639 4006 tuum
704 3949 848 4022 ignis
897 3947 1170 4021 impetum
1225 3963 1338 4002 non
1399 3944 1542 4002 feret
1597 3944 1730 4012 (hoc
1778 3945 1930 4001 enim
1978 3953 2080 4012 est,

485 4062 510 4087 α
551 4039 748 4096 arserit
780 4043 860 4107 ι),
889 4037 987 4096 sed
1013 4037 1223 4094 malum
1249 4052 1368 4094 esse
1396 4035 1771 4092 convincetur.
1804 4035 2083 4106 Quemad-

481 4127 712 4185 modum
738 4128 782 4184 si
811 4128 934 4200 quis
966 4127 1143 4184 aureis
1170 4127 1396 4184 indutus
1424 4125 1592 4182 armis
1619 4125 1841 4200 igneum
1873 4125 2080 4181 flumen

481 4224 843 4290 pertranseat,
891 4216 1154 4274 illustrior
1188 4215 1372 4273 evadit
1418 4235 1430 4270 :
1469 4215 1557 4271 sin
1599 4230 1730 4272 vero
1776 4213 1902 4271 feno
1943 4215 2080 4271 ami-

481 4317 603 4366 ctus
624 4315 892 4381 permeet,
914 4324 1027 4364 non
1049 4307 1230 4364 solum
1254 4306 1355 4363 sibi
1381 4305 1760 4363 emolumento
1781 4321 1897 4362 non
1916 4303 2078 4376 foret,

481 4397 582 4457 sed
606 4399 772 4457 etiam
795 4399 961 4456 exitio
989 4418 1001 4454 :
1025 4397 1098 4454 ita
1120 4398 1178 4455 in
1199 4397 1460 4470 operibus
1476 4412 1534 4454 se
1558 4412 1645 4454 res
1667 4395 1851 4453 habet.
1877 4398 2084 4470 Quam-

481 4491 672 4548 obrem
718 4489 856 4547 ﬁdes
894 4491 1012 4546 sine
1060 4488 1320 4562 operibus
1365 4487 1503 4544 nihil
1550 4487 1710 4544 valet.
1755 4489 1898 4545 Ecce
1934 4489 2081 4545 enim

479 4581 570 4638 hic
597 4580 1023 4638 fundamentum
1051 4579 1276 4654 quidem
1306 4587 1389 4636 est
1422 4578 1672 4636 Christus
1713 4599 1725 4636 :
1757 4594 1924 4652 opera
1951 4595 2081 4636 vero

479 4687 602 4744 quae
643 4669 942 4729 secundum
971 4669 1253 4728 Christum
1291 4685 1406 4726 non
1434 4677 1581 4737 sunt,
1612 4668 1852 4727 ﬂammis
1873 4668 2082 4743 adjudi-

480 4770 691 4817 cantur.
1660 4786 1664 4790 ‘

555 4875 580 4900 α
625 4855 748 4924 Ipse
794 4859 981 4908 autem
1025 4849 1328 4908 servabitur
1370 4868 1383 4903 :
1433 4849 1512 4907 sic
1557 4857 1742 4906 tamen
1787 4850 1946 4924 quasi
1986 4866 2082 4924 per

478 4943 682 5017 ignem.
732 4963 760 4993 ι
809 4945 936 5001 Non
994 4939 1472 5016 quemadmodum
1512 4956 1702 5014 opera,
1746 4941 1824 4998 sic
1869 4950 1926 4998 et
1967 4941 2082 5015 ipse

479 5034 696 5108 peribit,
743 5033 881 5091 adeo
920 5031 1142 5102 scilicet,
1180 5041 1245 5088 ut
1288 5033 1348 5088 in
1376 5030 1612 5087 nihilum
1657 5030 1955 5105 redigatur,
1982 5031 2079 5089 sed

477 5125 804 5196 servabitur,
854 5124 959 5183 hoc
1005 5131 1089 5181 est
1137 5123 1427 5181 incolumis
1483 5121 1842 5192 custodietur,
1887 5123 1962 5178 ita
2017 5131 2080 5179 ut

476 5215 599 5290 igne
624 5217 1000 5274 comburatur.
1026 5218 1142 5272 Nos
1164 5214 1314 5272 enim
1338 5213 1408 5271 de
1432 5213 1583 5288 ligno
1603 5212 1756 5288 quod
1779 5228 1891 5270 non
1918 5212 2079 5270 facile

477 5307 841 5377 comburitur,
873 5315 968 5363 aut
1006 5305 1064 5361 in
1094 5305 1339 5362 cinerem
1377 5305 1740 5373 convertitur,
1787 5304 1862 5362 ita
1893 5303 2076 5361 dicere

476 5398 734 5469 solemus,
780 5396 929 5470 quod
957 5397 1012 5452 in
1039 5395 1162 5470 igne
1191 5402 1464 5463 servatur,
1509 5410 1620 5468 quo
1660 5394 1806 5452 ustio
1853 5395 2072 5452 diutur-

476 5488 602 5546 nior
655 5487 776 5545 ﬁat.
838 5490 1102 5546 Peccator
1147 5487 1330 5560 itaque
1389 5485 1790 5544 detrimentum
1849 5485 2071 5559 patitur,

477 5585 764 5651 propterea
808 5578 958 5652 quod
1001 5578 1059 5636 in
1108 5575 1381 5650 ejumodi
1429 5575 1595 5635 rebus
1644 5576 1930 5647 laboravit,
1977 5591 2076 5648 per

2189 3215 2242 3272 ἐν
2271 3213 2401 3295 πυρὶ
2425 3210 2481 3275 δὲ
2523 3215 2667 3293 λέγει
2696 3215 2760 3274 τὰ
2807 3214 2934 3295 ἔργα
2969 3213 3480 3290 ἀποκαλύπτεσθαι,
3516 3214 3786 3292 τουτέστι,

2190 3302 2389 3452 Ξανερὰ
2421 3303 2683 3383 γίνεσθαι,
2714 3307 2870 3366 ὁποῖα
2899 3303 2997 3378 τὴν
3029 3305 3184 3388 φύσιν
3213 3305 3354 3367 ἐστὶν
3373 3355 3388 3383 ,
3436 3297 3540 3388 ἆρα
3568 3306 3787 3389 χρυσὸς,

2231 3417 2295 3452 ou
2342 3393 2663 3452 τούναντίον.

2231 3417 2295 3474 ρα
2342 3393 2663 3456 τούναντίον.

2276 3508 2306 3540 (ι
2338 3484 2412 3546 Εἴ
2445 3507 2582 3553 τινος
2615 3483 2675 3543 τὸ
2704 3483 2858 3566 ἔργον
2891 3484 3040 3563 μένει
3081 3482 3110 3544 ὃ
3139 3483 3563 3566 ἐπῳκοδόμησε,
3600 3488 3788 3565 μισθὸν

2189 3573 2443 3658 λήψεται.
2502 3574 2574 3636 Εἴ
2613 3598 2749 3643 τινος
2797 3575 2857 3636 τὸ
2906 3575 3056 3657 ἔργον
3092 3575 3532 3658 κατακαήσεται,
3586 3580 3794 3655 ζημιω-

2193 3667 2436 3740 θήσεται.
2475 3691 2506 3724 ι)
2543 3669 2612 3728 Εἰ
2661 3666 2759 3746 μὲν
2791 3667 3050 3749 ἄργυρον,
3100 3667 3136 3740 ἢ
3187 3667 3385 3749 χρυσὸν
3431 3669 3600 3750 ἔχεις,
3645 3679 3795 3748 μενεῖ

2191 3757 2402 3826 πάντως
2431 3757 2492 3817 τὸ
2527 3757 2676 3837 ἔργον
2709 3781 2803 3817 σου
2827 3802 2842 3831 ,
2868 3758 2962 3818 καὶ
2991 3755 3138 3839 λήψῃ
3171 3757 3357 3836 μισθόν
3391 3776 3408 3792 ’
3438 3762 3484 3818 εἰ
3515 3759 3568 3819 δὲ
3601 3760 3791 3841 χόρτον

2192 3848 2379 3907 καὶτὰ
2426 3853 2648 3908 τοιαῦτα
2674 3894 2690 3921 ,
2742 3851 2836 3907 οὐκ
2867 3847 3002 3908 οἴσει
3052 3854 3146 3908 τοῦ
3178 3849 3340 3928 πυρὸς
3381 3848 3480 3920 τὴν
3522 3849 3696 3931 ῥύμην
3729 3851 3790 3912 τὸ

2193 3938 2345 4021 ἔργον
2392 3961 2488 3999 σου
2536 3939 2729 4021 (τοῦτο
2757 3937 2861 4020 γάρ
2893 3941 3007 3999 ἐστι
3037 3938 3097 3998 τὸ
3118 3983 3133 4011 ,
3171 3963 3201 3995 α
3235 3939 3660 4012 Κατακαήσεται
3687 3964 3715 4001 ›)
3745 3943 3790 4018 ),

2194 4031 2313 4088 ἀλλ’
2356 4028 2742 4110 ἐλεγχθήσεται
2801 4028 3030 4112 πονηρὸν
3065 4029 3140 4090 ὄν.
3171 4027 3389 4108 συσπερ
3445 4029 3550 4110 γὰρ
3613 4030 3662 4090 εἴ
3715 4055 3796 4099 τις

2191 4128 2368 4199 χρυσᾶ
2393 4119 2534 4178 ὅπλα
2567 4118 2708 4200 ἔχων
2749 4121 2942 4180 διέλθοι
2971 4117 3214 4197 ποταμὸν
3269 4117 3464 4201 πυρὸς,
3511 4119 3794 4203 φαιδρότε-

2195 4232 2278 4288 ρος
2307 4209 2566 4269 διαϐαίνει
2598 4234 2610 4246 ·
2656 4212 2702 4269 εἰ
2738 4209 2792 4270 δὲ
2835 4210 3026 4292 χόρτον
3074 4208 3213 4291 ἔχων
3260 4209 3490 4287 διέλθοι,
3523 4210 3582 4270 οὖ
3632 4207 3792 4287 μόνον

2193 4297 2340 4358 οὐδὲν
2370 4297 2573 4372 ὤνησεν
2631 4300 2771 4360 ἀλλὰ
2805 4304 2896 4360 καὶ
2941 4299 3125 4360 ἑαυτὸν
3177 4298 3432 4360 ἀπολλύει
3464 4324 3479 4338 ο
3513 4299 3652 4360 οὕτω
3699 4302 3796 4362 καὶ

2192 4390 2416 4450 ἐπὶτῶν
2461 4389 2628 4470 ἔργων
2671 4390 2837 4452 ἐστίν.
2879 4387 3059 4451 Ὥστε
3091 4392 3185 4451 οὐκ
3233 4392 3428 4473 ὠφελεῖ
3473 4389 3650 4459 πίστις
3678 4414 3792 4474 χω-

2195 4479 2270 4560 ρὶς
2301 4480 2466 4562 ἔργων
2499 4483 2732 4560 ἀγαθῶν.
2784 4479 2924 4542 Ἰδοὺ
2972 4481 3074 4562 γὰρ
3124 4484 3352 4543 ἐνταῦθα
3401 4483 3642 4560 θεμέλιος
3697 4481 3796 4560 μὲν

2192 4573 2220 4628 δ
2251 4571 2514 4654 Χριστὸς,
2545 4571 2683 4631 ἀλλὰ
2723 4569 2789 4631 τὰ
2821 4571 2952 4652 ἔργα
2979 4570 3053 4650 μὴ
3079 4571 3218 4633 κατὰ
3246 4573 3484 4654 Χριστὸν
3508 4572 3634 4632 ὄντα
3657 4619 3673 4652 ,
3702 4578 3796 4634 τοῦ

2192 4666 2530 4736 κατακαῆναι
2562 4661 2683 4732 ἄξια
2715 4662 2984 4743 λέγονται.

2278 4867 2308 4900 (ι
2340 4842 2512 4912 Αὐτὸς
2542 4842 2596 4903 δὲ
2631 4843 2930 4917 σωθήσεται
2956 4866 2968 4878 ⁸
2997 4841 3135 4902 οὕτω
3177 4840 3232 4902 δὲ
3258 4885 3274 4915 ,
3319 4845 3390 4910 ὡς
3433 4840 3518 4902 διὰ
3544 4842 3728 4923 πυρός,
3769 4872 3793 4898 ι

2191 4935 2315 5016 Οὐχ
2337 4933 2518 5015 ὥσπερ
2543 4933 2610 4994 τὰ
2639 4933 2772 5016 ἔργα
2796 4979 2812 5007 ,
2855 4931 2995 4994 οὕτω
3037 4933 3130 4994 καὶ
3169 4931 3327 5002 αὐτὸς
3365 4933 3644 4994 ἀπολεῖται
3670 4980 3686 5009 ,
3718 4937 3794 5004 εἰς

2188 5025 2248 5086 τὸ
2284 5027 2447 5104 μηδὲν
2496 5029 2722 5107 χωρῶν,
2775 5025 2915 5085 ἀλλὰ
2955 5023 3297 5098 σωθήσεται,
3334 5022 3610 5098 τουτέστι,
3657 5026 3796 5096 σῶος

2187 5115 2585 5197 τηρηθήσεται,
2636 5115 2774 5176 ὥστε
2823 5117 2876 5175 ἐν
2922 5117 3000 5198 τῷ
3052 5115 3181 5195 πυρὶ
3226 5115 3630 5176 κατακαίεσθαι.
3685 5115 3795 5176 Καὶ

2193 5212 2318 5285 ἡμῖν
2345 5205 2447 5288 γὰρ
2481 5206 2593 5273 ἔθος
2634 5205 2772 5266 οὕτω
2816 5206 2992 5287 λέγειν
3029 5205 3153 5287 περὶ
3197 5203 3351 5276 ξύλου
3382 5205 3459 5284 μὴ
3490 5228 3792 5266 κατακαιο-

2189 5296 2350 5376 μένου
2371 5345 2388 5376 ,
2423 5296 2558 5375 μηδὲ
2591 5297 3058 5378 ἀποτεφρουμένου
3096 5295 3288 5379 ῥαδίως
3312 5345 3324 5367 ,
3363 5298 3445 5356 ὅτι
3475 5294 3705 5367 σώζεται
3734 5297 3792 5356 ἐν

2184 5392 2259 5469 τῷ
2310 5387 2470 5468 πυρὶ,
2523 5385 2662 5447 ὥστε
2687 5387 3093 5469 ηδιαρκεστέραν
3139 5387 3384 5469 γενέσθαι
3428 5385 3526 5460 τὴν
3571 5391 3783 5450 καῦσιν.

2182 5468 2480 5555 Ζημιοῦται
2510 5477 2606 5556 μὲν
2649 5468 2737 5536 οὖν
2781 5468 2813 5538 δέ
2849 5468 3204 5561 ᾇμαρτωλὸς,
3253 5477 3373 5538 καθ’
3404 5476 3434 5537 ὃ
3479 5476 3570 5536 ἐπὶ
3615 5477 3788 5538 τοιού-

2181 5592 2288 5638 τοις
2311 5568 2359 5606 “
2389 5568 2674 5631 ἐκοπίασεν
2695 5614 2712 5646 ,
2762 5567 2815 5640 ἐξ
2846 5559 2919 5630 ὧν
2957 5559 3206 5631 ἀπώλετο
3226 5613 3244 5645 ,
3289 5568 3497 5637 πάντας
3535 5564 3656 5636 τοὺς
3684 5566 3785 5629 κό-

1875 5701 2062 5764 Variae
2105 5703 2416 5768 lectiones.

562 5819 606 5855 ⁸⁵
634 5819 864 5893 διαφορὰς
901 5821 1066 5889 ἔχουσι
1106 5821 1298 5895 μείζους
1325 5819 1409 5875 καὶ
1433 5817 1619 5877 ἔλατ...
1647 5835 1696 5878 ο.
1777 5818 1821 5855 ⁸⁸
1848 5819 2037 5882 τούτοις
2063 5835 2120 5881 0.
