4090 6412
309 443 414 499 605

1196 441 1549 501 EXPOSITIO
1590 443 1655 499 ΙΝ
1696 444 1903 501 EPIST.
1947 445 1967 501 Ι
2002 445 2095 501 ΑΙ)
2133 443 2291 501 COB.
2324 473 2393 482 —-
2433 442 2585 499 CAP.
2630 444 2719 499 llI.

3511 452 3617 508 606

307 593 439 639 πους
468 570 645 651 μάτην
676 572 1146 650 καταϐαλλόμενος
1207 574 1279 641 εἰς
1331 571 1680 633 ἀνυπόστατα
1724 572 1907 655 πράγ-

2021 587 2146 646 quae
2190 570 2371 645 periit,
2406 586 2609 629 omnes
2638 587 2769 629 suos
2817 570 3036 631 labores
3080 571 3140 629 in
3186 588 3274 633 res
3300 591 3415 634 non
3444 576 3620 635 subsi-

310 686 491 737 ματα,
520 663 611 723 καὶ
644 662 720 743 μὴ
744 662 870 725 ὄντα
900 664 1086 745 (πᾶσα
1118 662 1221 745 γὰρ
1266 663 1430 723 κακία
1468 663 1543 743 μὴ
1574 664 1691 740 όν)⁶
1725 662 1907 747 ὥσπερ

310 750 378 811 ἂν
404 753 455 813 ei
483 778 563 823 τις
596 754 815 835 τίμημα
844 754 979 816 πολὺ
1010 753 1485 833 καταϐαλλόμενος
1504 800 1521 829 ,
1556 756 1823 828 ὤνήσεταί
1856 780 1907 816 τι

311 848 627 921 θνησιμαῖον
649 890 665 919 ,
692 847 762 913 ὡς
789 848 915 916 ζῶν.
952 844 1192 915 Σώζεται
1224 845 1405 922 μέντοι
1441 844 1632 922 αὐτὸς,
1666 848 1693 905 ὃ
1726 845 1904 928 ἆμαρ-

308 931 475 1001 τωλὸς
516 934 753 1011 δηλαδὴ,
795 936 1064 1016 τουτέστι,
1114 938 1248 1003 σῶος
1302 944 1543 1017 τηρεῖται
1585 935 1735 1004 δίκας
1780 937 1907 995 αἰω-

307 1021 446 1090 νίους
485 1024 697 1106 ὑπέχων
709 1071 723 1087 .

396 1141 417 1164 ι
448 1116 563 1173 Οὖκ
604 1114 783 1175 οἴδατε
815 1115 895 1175 ὅτι
927 1115 1046 1183 ναὸς
1091 1118 1237 1179 Θεοῦ
1279 1117 1397 1175 ἐστε
1418 1161 1434 1193 ,
1467 1115 1560 1177 καὶ
1588 1116 1649 1177 τὸ
1682 1120 1907 1197 Πνεῦμα

309 1206 401 1261 τοῦ
435 1204 575 1263 Θεοῦ
602 1208 733 1265 οἷκεῖ
777 1208 829 1265 ἐν
860 1210 1017 1281 ὑμῖν,
1045 1228 1073 1265 1)
1134 1209 1227 1275 Εἷς
1270 1205 1359 1265 τὸν
1405 1207 1527 1289 περὶ
1558 1212 1648 1267 τοῦ
1699 1231 1908 1288 πεπορ-

306 1292 547 1364 νευκότος
594 1295 750 1375 λόγον
784 1296 1051 1356 εἰσϐαλεῖν
1096 1297 1303 1371 μέλλει.
1342 1296 1449 1359 Καὶ
1500 1297 1627 1379 ὅρα,
1677 1302 1788 1365 πῶς
1821 1302 1906 1358 ἐν·

307 1388 600 1464 τρεπτικῶς
631 1385 893 1467 κέχρηται
940 1390 1015 1467 τῷ
1062 1386 1225 1469 λόγῳ.
1277 1387 1406 1449 Ἀπὸ
1445 1389 1547 1468 γὰρ
1598 1392 1693 1460 τῆς
1745 1387 1906 1449 δοθεί-

308 1498 406 1546 σης
463 1476 592 1551 ἡμῖν
636 1478 885 1558 χάριτος,
950 1478 1235 1559 τουτέστι,
1298 1482 1393 1551 τῆς
1454 1478 1768 1549 ἐνοικήσεως
1814 1483 1908 1538 τοῦ

310 1563 654 1642 Πνεύματος,
704 1567 941 1648 ἐντρέπει
994 1567 1083 1627 τὸν
1137 1567 1533 1649 πορνεύσαντα,
1596 1570 1640 1628 εἰ
1691 1568 1782 1629 καὶ
1831 1568 1907 1647 μὴ

307 1656 493 1736 σαφῶς
520 1656 581 1716 τὸ
608 1655 894 1738 πρόσωπον
926 1658 1157 1718 τέθεικεν
1178 1704 1195 1736 ,
1242 1661 1360 1719 ἀλλ’
1387 1661 1439 1718 ἐν
1484 1663 1643 1740 κοινῷ
1680 1658 1767 1719 τὸν
1815 1658 1904 1719 λό-

306 1768 401 1822 γον
433 1755 682 1809 ποιεῖται.
719 1750 788 1809 Εἰ
818 1746 872 1808 δὲ
914 1747 1037 1817 ναὸς
1080 1753 1223 1812 Θεοῦ
1271 1751 1461 1826 ἐσμεν,
1503 1749 1685 1823 ἐπειδὴ
1718 1751 1906 1810 ἐνοικεῖ

305 1836 359 1895 ἐν
392 1840 522 1914 ἡμῖν
551 1837 612 1897 τὸ
640 1841 869 1917 Πνεῦμα
890 1883 906 1914 ,
936 1838 1041 1913 ἄρα
1066 1839 1127 1899 τὸ
1161 1842 1387 1918 Πνεῦμα
1418 1840 1575 1908 Θεός.

398 2039 428 2074 α
458 2016 528 2078 Εἴ
543 2042 622 2087 τις
646 2017 732 2078 τὸν
763 2019 885 2079 ναὸν
914 2026 1008 2080 τοῦ
1036 2023 1177 2083 Θεοῦ
1219 2020 1457 2103 φθείρει,
1491 2025 1671 2102 φθερεῖ
1719 2024 1901 2080 τοῦτον

307 2112 337 2167 ὁ
368 2108 525 2176 Θεός.
566 2134 595 2165 »
628 2111 916 2171 Τουτέστιν
943 2112 1153 2172 ἀπολεῖ.
1196 2115 1373 2173 Τοῦτο
1403 2111 1455 2173 δὲ
1488 2114 1546 2171 οὐ
1578 2111 1900 2193 καταρωμέ-

300 2221 394 2258 νον
416 2244 432 2275 ,
466 2197 607 2258 ἀλλὰ
635 2198 696 2259 τὸ
726 2199 975 2279 ἐσόμενον
1006 2201 1377 2284 προλέγοντος.

397 2399 425 2435 (ι
452 2378 521 2441 Ὁ
552 2377 654 2461 γὰρ
694 2380 816 2449 ναὸς
862 2386 953 2442 τοῦ
980 2382 1123 2443 Θεοῦ
1157 2380 1307 2462 ἅγιός
1356 2384 1532 2463 ἐστιν,
1576 2382 1762 2451 οἵτινές
1791 2387 1909 2446 ἐστε

300 2471 469 2546 ὑμεῖς.
506 2497 537 2529 ι
585 2472 882 2554 Τοιγαροῦν
912 2476 939 2531 ὁ
980 2472 1170 2554 πόρνος
1198 2475 1256 2534 οὖ
1288 2472 1513 2534 δύναται
1556 2464 1689 2534 εἶναι
1717 2472 1904 2554 ἅγιος,

301 2559 486 2634 ἐπειδὴ
538 2561 600 2621 τὸ
642 2553 770 2631 ναὸς
813 2553 947 2624 εἶναι
1005 2553 1317 2639 ἀπώλεσεν,
1380 2553 1776 2635 ἐξοικισθέντος
1809 2572 1903 2626 τοῦ

301 2649 607 2730 ἇγιάζοντος
636 2653 793 2713 αὐτὸν
825 2653 1159 2733 Πνεύματος.
1207 2655 1304 2724 Τίς
1349 2653 1402 2715 δὲ
1445 2659 1472 2716 ὂ
1520 2655 1677 2731 ναός,
1715 2656 1906 2735 ⁹Υμεῖς

302 2741 539 2817 δηλαδὴ,
564 2745 611 2803 εἷ
636 2744 858 2825 καθαροὶ
884 2743 1214 2823 διαμείνητε.

393 2853 425 2889 α
451 2833 649 2911 Μηδεὶς
669 2834 853 2895 ἑαυτὸν
886 2834 1229 2905 ἐξαπατάτω.
1266 2863 1290 2890 ι
1341 2835 1598 2915 Νομίζων
1622 2835 1701 2895 ὅτι
1732 2837 1907 2907 ἄλλως

303 2918 421 3003 ἔχει
462 2923 523 2983 τὸ
560 2933 823 3007 πρᾶγμα,
859 2926 950 2986 καὶ
981 2928 1082 3008 οὐχ
1116 2930 1187 2996 ὡς
1226 2915 1392 2989 εἶπον.

392 3126 419 3161 α
459 3102 531 3164 Εἴ
568 3128 645 3172 τις
703 3106 845 3165 δοκεῖ
894 3106 1054 3189 σοφὸς
1101 3095 1239 3167 εἶναι
1284 3109 1337 3167 ἐν
1386 3110 1509 3185 ὑμῖν
1542 3110 1593 3166 ἐν
1632 3109 1708 3189 τῷ
1756 3110 1907 3171 αἰῶνι

300 3192 506 3276 τούτῳ,
553 3196 729 3279 μωρὸς
774 3196 1041 3275 γενέσθω,
1086 3200 1176 3257 ἵνα
1212 3198 1431 3279 γένηται
1481 3198 1661 3280 σοφός.
1696 3222 1726 3259 ι)
1768 3202 1907 3283 Περὶ

301 3290 428 3386 τοῦ.
459 3286 882 3368 πεπορνευκότος
924 3288 1255 3368 αἰνιξάμενος
1312 3289 1467 3369 ὀλίγα
1514 3290 1670 3366 τινὰ,
1740 3292 1901 3354 πάλιν
1938 3321 1984 3386 C

302 3374 444 3435 κατὰ
482 3378 582 3435 τῶν
634 3377 1000 3459 ἐπαιρομένων
1053 3378 1141 3439 ἐπὶ
1198 3383 1264 3460 τῇ
1318 3378 1418 3449 ἔξω
1466 3380 1627 3463 σοφίᾳ
1675 3391 1905 3463 ποιεῖται

302 3466 390 3526 τὸν
443 3466 596 3547 λόγον
615 3513 633 3544 ,
675 3468 765 3528 καί
796 3492 988 3552 φησιν,
1037 3468 1118 3529 ὅτι
1149 3497 1172 3525 ιι
1207 3470 1276 3531 Ὀ
1298 3472 1465 3531 δοκῶν
1494 3462 1651 3554 σοφὸς
1682 3462 1819 3532 εἶναι
1850 3475 1904 3533 ἐν

302 3557 426 3633 ὑμῖν
450 3605 465 3634 ,
512 3581 542 3617 (ι
568 3558 743 3640 μωρὸς
780 3558 1039 3641 γενέσθω,
1099 3562 1215 3621 ἀντὶ
1264 3566 1393 3637 τοῦ,
1433 3561 1531 3635 τὴν
1582 3561 1683 3632 ἔξω
1714 3563 1903 3647 σοφίαν

303 3647 625 3723 ἀτιμησάτω
646 3696 663 3724 ,
703 3648 791 3709 ἵνα
836 3650 1103 3725 κτήσηται
1134 3653 1231 3725 τήν
1268 3651 1438 3713 θείαν.
1478 3648 1700 3735 ⁸Ωσπερ
1730 3654 1833 3735 γὰρ
1868 3658 1902 3726 ἡ

300 3739 442 3797 κατὰ
471 3738 609 3797 Θεὸν
640 3739 797 3800 πενία
830 3740 1057 3809 πλοῦτός
1086 3743 1199 3801 ἐστι
1218 3787 1233 3815 ,
1265 3742 1357 3801 καὶ
1400 3746 1435 3815 ἡ
1478 3742 1659 3813 ἀδοξία
1707 3742 1902 3821 ὁμοίως

301 3825 432 3915 δόξα
466 3851 479 3864 ·
514 3827 652 3887 οὕτω
691 3830 796 3915 καί.
829 3834 863 3902 ἡ
919 3831 1061 3892 κατὰ
1114 3830 1253 3892 Θεὸν
1300 3831 1477 3912 μωρία
1530 3832 1687 3915 σοφία
1736 3834 1897 3895 ἐστίν.

300 3912 452 3996 Ὅρα
484 3918 571 3995 δὲ,
596 3920 709 3980 Ῑοῦκ
746 3909 893 3981 εἶπεν
916 3967 933 3996 ,
986 3921 1289 3983 Ἀποθέσθω
1303 3909 1412 3995 τὴν
1456 3909 1675 4005 σοφίαν,
1722 3926 1845 3983 ἀλλ’
1875 3923 1905 3985 ὃ

302 4008 489 4090 πολλῷ
520 4014 697 4087 μεῖζον
716 4059 734 4089 ,
787 4038 809 4063 α
843 4011 1037 4093 Μωρὸς
1067 4012 1330 4092 γενέσθω,
1360 4040 1383 4066 ι
1428 4012 1704 4090 τουτέστι,
1740 4015 1905 4094 μηδὲν

303 4100 397 4180 ἀφ’
443 4102 630 4160 ἑαυτοῦ
673 4104 846 4176 νοῶν,
894 4105 971 4180 μὴ
1004 4111 1113 4172 τοῖς
1163 4104 1373 4173 οἰκείοις
1435 4106 1700 4166 πιστεύων
1750 4108 1903 4185 λογι-

300 4192 483 4268 σμοῖς,
516 4190 656 4251 ἀλλὰ
686 4195 763 4274 τῷ
820 4195 947 4274 Θεῷ
1000 4195 1282 4267 κτηνωδῶς
1330 4193 1625 4275 ἑπόμενος,
1681 4195 1773 4256 καὶ
1811 4222 1901 4257 πι⁹

305 4279 508 4341 στεύων
538 4290 673 4341 πᾶσι
699 4283 805 4351 τοῖς
829 4291 920 4345 τοῦ
948 4285 1111 4346 Θεοῦ.

389 4395 419 4427 α
453 4370 523 4431 Ἦ
558 4371 660 4454 γὰρ
706 4372 864 4455 σοφία
894 4378 987 4434 τοῦ
1032 4372 1235 4453 κόσμου
1279 4374 1466 4436 τούτου
1535 4374 1713 4458 μωρία
1755 4376 1905 4458 παρὰ

304 4465 384 4541 τῷ
435 4463 562 4544 Θεῷ
596 4466 759 4523 ἐστιν.
798 4487 826 4522 ι)
864 4467 948 4526 Οὖ
983 4464 1142 4542 μόνον
1173 4463 1277 4548 γὰρ
1309 4466 1459 4526 οὐδὲν
1491 4468 1727 4527 συντελεῖ
1775 4468 1904 4549 πρὸς

304 4550 404 4624 τὴν
450 4552 703 4628 ἀληθινὴν
729 4554 974 4637 δσοφίαν,
1025 4555 1165 4617 ἀλλὰ
1216 4556 1309 4617 καὶ
1352 4560 1556 4636 μᾶλλον
1590 4557 1899 4638 ἐμποδίζει,

304 4642 399 4701 ἅτε
428 4642 483 4713 ἐξ
514 4643 734 4726 οἰήσεως
784 4633 1084 4717 ἀπαξιοῦσα
1129 4633 1361 4726 μαθεῖν,
1394 4647 1486 4708 καὶ
1530 4633 1630 4707 διὰ*
1663 4653 1819 4710 τοῦτο
1850 4652 1902 4710 ἐν
1934 4633 1984 4696 D

311 4734 502 4818 ἀγνοίᾳ
527 4724 666 4795 εἶναι
696 4735 779 4796 ἀεὶ
807 4724 1290 4819 παρασκευάζουσα
1337 4739 1426 4799 τὸν
1471 4738 1641 4819 ταύτῃ
1684 4739 1904 4821 χρώμε-

302 4842 447 4978 vam;
484 4821 601 4885 ὅθεν
651 4826 742 4887 καὶ
794 4830 867 4897 ὡς
917 4828 1091 4911 μωροὶ
1130 4828 1570 4900 ὑποσκελίζονται
1618 4829 1767 4911 παρὰ
1810 4835 1903 4891 τοῦ

360 4937 467 4978 εου.

360 4937 467 4979 εου.

396 5118 425 5157 α
455 5093 765 5180 Γέγραπται
807 5096 913 5181 γάρ
946 5118 957 5132 ·
994 5096 1063 5161 Ὀ
1096 5096 1454 5181 δρασσόμενος
1482 5098 1601 5170 τοὺς
1631 5100 1823 5181 σοφοὺς
1849 5101 1901 5161 ἓν

301 5190 369 5269 τῇ
402 5188 699 5271 πανουργίᾳ
736 5189 990 5251 αὐτῶν.»
1029 5189 1347 5273 Μαρτυρίαν
1376 5191 1598 5272 ἐπάγει,
1648 5195 1761 5262 πῶς
1792 5216 1903 5269 μω-

305 5278 396 5359 ρία
436 5279 586 5360 παρὰ
616 5284 693 5363 τῷ
719 5282 847 5363 Θεῷ
883 5283 1083 5355 ἐστινὴ
1116 5283 1424 5364 ἀνθρωπίνη
1454 5282 1647 5367 σοφία,
1678 5282 1769 5344 καί
1803 5308 1902 5367 φη-

299 5394 384 5430 σιν
404 5414 423 5443 ,
456 5369 537 5431 ὅτι
566 5374 638 5438 ὡς
682 5371 891 5453 μωροὺς
944 5371 1235 5453 δράσσεται
1287 5376 1315 5433 ὁ
1340 5373 1475 5444 Θεὸς
1522 5374 1640 5443 τοὺς
1669 5375 1859 5456 σοφούς
1889 5400 1902 5414 -

302 5459 550 5522 τουτέστι
574 5506 590 5536 ,
634 5466 742 5531 τοῖς
764 5462 980 5547 οἰκείοις
1020 5464 1202 5534 ὅπλοις
1232 5463 1420 5534 αὖτοὺς
1454 5470 1747 5547 χειροῦται.
1786 5465 1903 5528 Κᾶν

308 5549 415 5634 γὰρ
438 5542 860 5639 πανοῦργοεῶσι
900 5553 993 5615 καὶ
1018 5556 1204 5638 σοφοὶ,
1249 5558 1321 5624 ὡς
1354 5542 1524 5639 μωροὶ
1547 5542 1645 5617 καὶ
1694 5556 1909 5630 ἀνόητοι

304 5632 801 5724 ἐλέγχονταιζοῖον
827 5668 840 5682 ο
870 5632 1149 5725 Ἐνόμιζὸν
1175 5632 1365 5708 ἐκεῖνοι
1400 5632 1475 5727 μί),
1509 5648 1711 5709 δεῖσθαι
1742 5649 1909 5725 Θεοῦ,

394 5826 589 5884 jJoan.
620 5843 681 5898 v,
728 5834 813 5885 13.

1940 1983 1987 2047 B

2020 672 2226 720 stentes
2249 661 2453 721 frustra
2508 662 2860 735 impendens.
2900 666 3061 732 (Nam
3091 679 3257 721 omne
3298 667 3509 725 malum
3534 677 3619 727 est

2017 770 2131 811 non
2161 769 2274 811 ens.
2308 758 2326 822 )
2360 754 2520 810 Hanc
2554 754 2710 810 aliter
2740 770 2910 827 quam
2940 754 3124 828 siquis
3152 771 3423 829 magnum
3451 758 3617 831 depo-

2019 861 2162 903 nens
2198 844 2460 917 pretium,
2489 844 2720 901 cadaver
2753 857 2988 914 emeret,
3025 846 3253 919 perinde
3278 864 3344 905 ac
3362 848 3408 905 si
3433 849 3618 907 vivum

2020 944 2181 993 esset.
2226 936 2399 1008 Atqui
2432 944 2681 992 servatur
2724 935 2839 1008 ipse
2895 940 3175 1009 (peccator
3204 938 3453 1011 scilicet),
3514 938 3619 998 hoc

2021 1035 2127 1095 est,
2149 1026 2361 1099 integer
2378 1035 2629 1083 servatur
2653 1025 2720 1081 ad
2744 1034 2954 1083 mterna
2973 1027 3259 1101 supplicia.

2093 1118 2278 1174 VEns.
2310 1121 2398 1173 16.
2436 1140 2460 1164 α
2498 1116 2726 1173 Nescitis
2751 1116 2905 1189 quod
2930 1117 3204 1190 templum
3228 1119 3330 1175 Dei
3361 1120 3493 1177 estis
3516 1162 3531 1192 ,
3567 1128 3623 1178 et

2021 1206 2252 1279 Spiritus
2279 1205 2378 1262 Dei
2408 1205 2616 1262 habitat
2648 1207 2706 1262 in
2735 1206 2892 1264 vobis
2919 1209 2941 1262 ξ’
2975 1230 2999 1256 »ι
3033 1208 3121 1266 Ad
3145 1224 3272 1265 cum
3302 1209 3404 1282 qui
3441 1207 3615 1267 forni-

2019 1305 2173 1355 catus
2191 1306 2312 1354 erat
2339 1312 2655 1354 sermonem
2681 1298 2971 1355 convertit.
3004 1299 3169 1371 139
3198 1302 3271 1356 Et
3300 1299 3421 1357 vide
3448 1317 3619 1373 quam

2020 1387 2317 1446 efﬁcaciter
2364 1387 2437 1445 ad
2487 1388 2758 1462 pudorem
2804 1388 3117 1445 faciendum
3172 1391 3389 1446 locutus
3428 1400 3531 1447 est.
3568 1394 3616 1447 Α

2019 1479 2194 1551 gratia
2222 1479 2375 1536 enim
2405 1494 2531 1552 quae
2560 1478 2717 1536 nobis
2737 1477 2867 1536 data
2900 1487 3003 1549 est,
3063 1479 3171 1536 hoc
3198 1490 3283 1537 est
3313 1480 3382 1536 ab
3403 1482 3615 1538 inhabi-

2019 1570 2227 1626 tatione
2255 1570 2513 1642 Spiritus,
2545 1585 2675 1625 eum
2712 1570 2809 1642 qui
2829 1569 3137 1627 fornicatus
3167 1578 3286 1627 erat
3317 1570 3619 1644 pudefacit,

2020 1658 2151 1715 licet
2180 1675 2469 1733 personam
2519 1660 2638 1733 ejus
2666 1676 2783 1717 non
2841 1660 3024 1732 palam
3056 1663 3367 1733 proposuit,
3397 1661 3529 1736 quin
3560 1663 3616 1719 in

2015 1750 2300 1807 communi
2316 1766 2630 1808 sermonem
2660 1750 2920 1807 instituit.
2941 1751 2998 1807 Si
3017 1759 3202 1808 autem
3218 1752 3319 1807 Dei
3346 1752 3618 1825 templum

2015 1856 2229 1909 sumus,
2258 1856 2323 1897 eo
2352 1840 2504 1914 quod
2548 1840 2783 1915 Spiritus
2818 1840 2921 1898 Dei
2943 1839 3152 1897 habitat
3180 1842 3236 1898 in
3267 1842 3450 1911 nobis,
3498 1850 3617 1900 tum

2017 1930 2252 2003 Spiritus
2284 1940 2371 1988 est
2420 1934 2578 1989 Deus
2592 1974 2605 1988 .

2090 2023 2271 2079 Vsus.
2307 2027 2403 2079 17.
2442 2021 2552 2081 «Si
2589 2022 2717 2097 quis
2737 2021 3006 2095 templum
3033 2021 3138 2079 Dei
3164 2022 3493 2095 corrumpit,
3509 2038 3621 2080 cor-

2022 2122 2245 2186 rumpet
2266 2114 2424 2171 illum
2480 2117 2649 2171 Deus.
2688 2139 2711 2163 υ
2743 2113 2805 2170 ld
2832 2121 2916 2170 est
2945 2113 3155 2186 perdet.
3189 2116 3311 2171 Hoc
3355 2129 3485 2171 vero
3508 2129 3621 2171 non

2021 2211 2107 2260 est
2158 2204 2516 2274 exsecrantis,
2555 2205 2653 2263 sed
2701 2204 2969 2279 quidnam
3001 2203 3253 2262 futurum
3304 2205 3379 2262 sit
3426 2204 3620 2262 vatici-

2019 2295 2202 2352 nantis
2214 2335 2230 2353 .

2092 2403 2123 2437 «
2174 2385 2471 2459 Templum
2502 2386 2650 2442 enim
2678 2386 2785 2442 Dei
2831 2393 3085 2443 sanctum
3132 2392 3234 2457 est,
3286 2383 3442 2457 quod
3494 2384 3624 2441 estis

2018 2490 2130 2532 vos.
2173 2498 2199 2525 ι»
2233 2475 2477 2534 Proinde
2524 2475 2824 2533 fornicator
2851 2492 2963 2533 non
3010 2482 3195 2549 potest
3236 2490 3357 2531 esse
3377 2482 3619 2543 sanctus,

2016 2565 2278 2639 quoniam
2333 2566 2523 2624 amisit
2580 2565 2726 2639 quod
2790 2566 2864 2623 sit
2896 2566 3166 2639 templum
3213 2566 3338 2635 Dei,
3393 2565 3621 2638 expulso

2014 2657 2393 2715 sanctiﬁcante
2466 2658 2649 2730 ipsum
2697 2656 2923 2730 Spiritu.
2984 2655 3117 2728 Quis
3162 2671 3293 2713 vero
3340 2656 3618 2730 templum

2014 2755 2098 2805 est
2123 2751 2147 2804 Ρ
2205 2750 2318 2806 Vos
2343 2748 2577 2816 scilicet,
2612 2748 2659 2803 si
2690 2747 2811 2820 puri
2837 2746 3223 2820 perseveretis.

2085 2840 2375 2897 Vsus.18.
2426 2861 2452 2888 α
2484 2842 2664 2895 Nemo
2719 2838 2964 2911 seipsum
3014 2837 3263 2895 seducat.
3323 2860 3348 2886 ιι
3412 2836 3617 2893 Existi-

2013 2945 2176 2986 mans
2224 2929 2372 3004 quod
2401 2929 2557 2986 aliter
2609 2944 2667 2986 se
2692 2943 2781 2987 res
2819 2927 3043 2997 habeat,
3074 2936 3128 2985 et
3155 2944 3269 2985 non
3295 2927 3439 2984 sicut
3465 2927 3620 2985 dixe-

2013 3035 2160 3077 ram.

2087 3135 2115 3162 ει
2147 3111 2204 3168 Si
2242 3110 2367 3184 quis
2405 3110 2619 3169 videtur
2647 3110 2789 3168 inter
2838 3124 2936 3167 vos
2982 3109 3199 3183 sapiens
3255 3123 3375 3166 esse
3404 3108 3459 3165 in
3507 3108 3616 3167 hoc

2013 3202 2239 3271 saeculo,
2270 3201 2475 3259 stultus
2506 3201 2623 3271 ﬁat,
2643 3209 2706 3258 ut
2751 3200 2825 3259 sit
2854 3199 3091 3275 sapiens.
3129 3224 3155 3250 ››
3182 3197 3380 3257 Paucis
3406 3197 3475 3256 de
3503 3197 3621 3257 for—
3720 3212 3723 3217 λ

2013 3293 2262 3350 nicatore
2293 3292 2456 3349 veluti
2488 3308 2585 3365 per
2612 3291 2867 3349 umbram
2895 3290 3169 3358 adductis,
3196 3306 3390 3348 rursus
3426 3290 3480 3347 in
3522 3305 3618 3347 eos

2017 3383 2113 3457 qui
2157 3390 2379 3440 externa
2420 3383 2693 3455 sapientia
2723 3382 3013 3448 inflantur,
3044 3397 3366 3440 sermonem
3428 3380 3615 3438 ﬂectit.

2014 3474 2144 3544 Qui,
2172 3473 2374 3547 inquit,
2401 3472 2615 3529 videtur
2642 3473 2863 3545 sapiens
2891 3488 3011 3531 esse
3029 3473 3174 3530 inter
3202 3488 3326 3542 vos,
3353 3494 3379 3522 α
3411 3472 3617 3530 stultus

2016 3565 2131 3633 ﬁat,
2177 3587 2204 3614 ››
2238 3564 2344 3621 hoc
2382 3570 2466 3621 est
2514 3571 2805 3621 externam
2855 3562 3187 3636 sapientiam
3229 3562 3511 3636 reprobat,
3556 3570 3620 3620 ut

2014 3654 2291 3727 possideat
2320 3653 2578 3712 divinam.
2618 3656 2759 3711 Nam
2797 3652 3280 3727 quemadmodum
3323 3660 3618 3726 paupertas

2016 3743 2325 3802 secundum
2377 3748 2587 3814 Deum,
2617 3744 2821 3803 divitiae
2851 3753 2981 3803 sunt
3007 3752 3064 3801 et
3090 3743 3435 3801 incelebritas
3471 3742 3622 3800 simi—

2018 3837 2142 3893 liter
2184 3835 2388 3909 gloria,
2431 3835 2509 3893 ita
2551 3835 2780 3893 stultitia
2810 3834 3117 3893 secundum
3144 3837 3327 3892 Deum
3354 3831 3616 3907 sapientia

2017 3936 2120 3985 est.
2144 3926 2547 3984 Animadverte
2566 3935 2779 3994 autem,
2810 3943 2925 3983 non
2960 3925 3126 3997 dixit,
3157 3924 3380 4000 rejiciat
3406 3924 3622 3998 sapien-

2017 4018 2174 4088 tiam,
2216 4017 2316 4075 sed
2353 4017 2503 4091 quod
2546 4018 2728 4075 multo
2766 4016 2959 4091 majus
2983 4022 3089 4085 est,
3138 4040 3164 4067 α
3190 4016 3392 4075 stultus
3425 4015 3541 4085 ﬁat,
3594 4038 3618 4063 υ

2016 4110 2121 4168 hoc
2149 4117 2232 4167 est
2278 4108 2415 4165 nihil
2462 4125 2492 4165 a
2519 4108 2698 4181 seipso
2738 4106 3074 4182 intelligens,
3105 4124 3223 4167 non
3270 4106 3505 4182 propriis
3533 4122 3619 4164 ar-

2016 4201 2290 4275 gumentis
2314 4202 2478 4258 tidem
2497 4199 2794 4271 adhibens,
2816 4199 2919 4257 sed
2943 4204 3145 4269 Deum,
3174 4207 3237 4257 ut
3261 4200 3507 4275 iumenta
3532 4215 3621 4273 pa-

2016 4300 2242 4357 storem.
2267 4307 2531 4365 sequens,
2560 4292 2934 4364 omnibusque
2953 4290 3155 4349 divinis
3174 4290 3339 4349 rebus
3366 4289 3617 4348 credens.

2087 4385 2265 4440 Vnus.
2328 4386 2414 4439 19.
2464 4404 2489 4431 α
2533 4381 2809 4455 Sapientia
2859 4381 3009 4439 enim
3074 4381 3239 4455 hujus
3278 4381 3475 4438 mundi
3536 4388 3621 4437 est

2014 4473 2244 4531 stultitia
2266 4471 2417 4545 apud
2455 4475 2655 4529 Deum.
2694 4495 2718 4520 ιο
2760 4474 2890 4529 Non
2916 4472 3101 4530 solum
3141 4470 3291 4528 enim
3318 4470 3462 4527 nihil
3492 4485 3617 4542 pro-

2012 4563 2139 4621 dest
2162 4572 2259 4621 aut
2282 4561 2624 4621 conducitad
2655 4578 2839 4619 veram
2860 4562 3211 4636 sapientiam,
3238 4576 3428 4618 verum
3448 4559 3617 4616 etiam

2015 4655 2204 4728 potius
2240 4653 2473 4727 impedit
2514 4672 2528 4710 :
2561 4654 2764 4727 quippe
2784 4668 2911 4727 quae
2957 4668 3071 4726 pra:
3096 4650 3179 4710 sui
3209 4648 3619 4708 existimatione

2013 4745 2219 4802 discere
2302 4743 2644 4817 dedignetur,
2717 4752 2884 4817 atque
2959 4751 3247 4816 propterea
3328 4756 3617 4815 nunquam

2014 4851 2131 4892 non
2155 4834 2540 4908 inignorantia
2580 4849 2701 4890 esse
2728 4833 2901 4893 faciat
2945 4849 3076 4892 eum
3105 4834 3198 4907 qui
3245 4832 3366 4906 ipsa
3406 4839 3619 4891 utatur.

2014 4924 2182 4985 Unde
2228 4933 2284 4983 et
2333 4925 2619 4985 fatuorum
2670 4926 2848 4983 instar
2889 4942 2919 4983 a
2978 4927 3092 4983 Deo
3143 4939 3369 4999 pessum
3421 4923 3616 4983 detur-

2015 5016 2234 5074 bantur.

2088 5131 2114 5158 ι
2145 5107 2423 5181 Scriptum
2454 5114 2540 5166 est
2581 5107 2731 5165 enim
2763 5125 2776 5163 :
2840 5106 2945 5179 Qui
2996 5103 3365 5179 apprehendit
3404 5102 3617 5176 sapien-

2012 5206 2098 5257 tes
2121 5200 2180 5256 in
2215 5198 2414 5257 astutia
2447 5214 2665 5257 eorum.
2702 5222 2727 5249 »
2762 5195 3169 5256 Testimonium
3198 5193 3461 5269 producit
3484 5208 3621 5269 quo-

2014 5290 2185 5349 modo
2232 5291 2465 5349 stultitia
2507 5290 2577 5348 sit
2628 5290 2775 5364 apud
2802 5292 2982 5347 Deum
3031 5287 3277 5347 humana
3323 5285 3617 5359 sapientia,

2014 5383 2250 5456 aitque:
2305 5385 2592 5457 Tanquam
2648 5381 2846 5440 stultos
2922 5377 3291 5455 apprehendit
3350 5377 3622 5450 sapientes

2016 5476 2169 5531 Deus
2201 5472 2349 5533 :hoc
2365 5481 2469 5543 est,
2503 5472 2742 5548 propriis
2770 5472 2945 5532 armis
2980 5470 3186 5546 subigit
3215 5469 3364 5528 illo.
3392 5467 3620 5527 Etiamsi

2017 5564 2164 5622 enim
2218 5564 2386 5623 astuti
2412 5571 2472 5622 et
2521 5563 2798 5638 sapientes
2850 5561 3079 5634 fuerint,
3125 5570 3395 5636 tanquam
3462 5558 3621 5619 stulti

2018 5664 2206 5714 tamen
2235 5663 2293 5714 et
2337 5655 2660 5731 insipientes
2684 5662 3014 5728 arguuntur.
3063 5652 3317 5731 Exempli
3378 5650 3548 5726 gratia
3605 5667 3617 5709 :
