4090 6412
475 459 582 514 607

1496 453 2008 513 THEOPHYLAGTI
2047 454 2406 513 BULGARUE
2444 458 2756 515 ARCHIEP.

3683 466 3786 523 608

471 581 882 642 arbitrabantur
923 582 1000 640 illi
1045 597 1105 641 se
1153 585 1273 640 Deo
1305 597 1419 640 non
1445 579 1713 654 indigere,
1754 580 1850 638 sed
1891 581 2076 638 omnia

2191 582 2327 644 ἀλλὰ
2379 583 2558 644 πάντα
2600 585 2801 646 οἴκοθεν
2830 593 2966 646 νοεῖν
2994 610 3007 623 ·
3049 583 3239 657 ἔδειξεν
3272 586 3446 656 αὐτοῖς
3479 587 3687 658 ὁ·Θεδς
3714 591 3781 650 δι’

469 693 567 751 per
593 691 652 734 se
706 691 870 747 posse
896 675 1223 749 intelligere.
1267 677 1343 732 At
1393 676 1544 730 Deus
1587 673 1919 730 monstravit
1959 673 2074 730 illis

471 783 568 839 per
594 782 686 824 res
722 767 889 840 ipsas,
916 765 1066 840 quod
1106 763 1326 823 dicendi
1373 763 1718 821 vehementia
1770 771 1827 820 et
1871 764 2074 821 astutia

468 856 603 912 nihil
647 857 760 913 illis
785 855 1092 929 profuerit;
1133 854 1232 912 sed
1269 854 1508 911 maxime
1553 853 1742 910 divino
1781 851 1984 910 auxilio
2038 853 2074 909 ii

471 945 813 1020 indigebant,
859 946 953 1020 qui
999 945 1140 1002 nihil
1192 945 1433 1018 indigere
1477 943 1816 1001 viderentur.
1883 947 2076 1017 Itaque

477 1036 532 1092 in
564 1037 856 1094 calliditate
901 1053 1017 1106 sua,
1053 1052 1161 1109 qua
1191 1037 1457 1108 putabant
1505 1050 1562 1090 se
1597 1034 1780 1091 omnia
1829 1035 2074 1103 novisse,

489 1125 656 1200 140
680 1127 821 1184 nihil
878 1128 1020 1184 scire
1049 1126 1263 1183 inventi
1307 1133 1456 1193 sunt,
1507 1123 1601 1182 sed
1632 1124 1997 1198 piscatoribus
2025 1130 2077 1182 et

474 1216 694 1276 coriaiis
742 1217 799 1275 in
835 1218 1001 1275 rebus
1028 1216 1352 1274 necessariis
1375 1215 1644 1274 rudiores.

556 1311 738 1368 Vnns.
789 1317 878 1367 20.
915 1331 941 1358 α
965 1311 1035 1365 Et
1058 1323 1251 1366 rursus
1278 1325 1291 1362 :
1335 1306 1351 1353 1
1379 1307 1658 1364 Dominus
1690 1305 1843 1363 novit
1866 1306 2074 1379 cogita-

473 1405 657 1463 tiones
700 1401 1043 1474 sapientum,
1085 1398 1234 1472 quod
1253 1413 1406 1455 vanae
1447 1397 1582 1455 sint.
1617 1419 1640 1448 ι
1681 1397 1735 1454 Si
1766 1397 1933 1471 igitur
1960 1400 2076 1453 Do-

474 1495 663 1552 minus
690 1491 845 1549 novit
889 1480 1041 1563 quod
1077 1504 1231 1547 vana
1285 1497 1415 1546 sunt
1444 1487 1830 1560 cogitationes,
1876 1487 2075 1560 quippe

479 1600 605 1660 quae
637 1582 778 1641 nihil
808 1581 1254 1638 necessariorum
1283 1587 1338 1636 et
1365 1578 1689 1636 salutarium
1710 1579 2030 1635 contineant
2061 1596 2074 1632 :

469 1672 759 1750 quomodo
792 1687 912 1736 vos,
947 1670 1240 1734 Corinthii,
1295 1669 1575 1726 contraria
1604 1672 1723 1724 Deo
1753 1667 2073 1736 decernitis,

476 1781 543 1823 ac
570 1772 839 1836 tanquam
881 1760 1040 1818 valde
1070 1759 1232 1817 utiles
1260 1759 1618 1834 cogitationes
1649 1767 1858 1816 vestras
1882 1774 2071 1832 prose-

475 1853 712 1930 quimini
745 1854 768 1908 Ρ

615 1946 795 2001 Vsus.
817 1947 906 1998 21.
926 1963 951 1991 α
975 1942 1166 2013 Itaque
1177 1955 1343 1998 nemo
1364 1939 1628 2014 glorietur
1643 1941 1702 1998 in
1720 1938 2074 1998 hominibus:

471 2034 658 2092 omnia
689 2033 836 2089 enim
891 2040 1073 2089 vestra
1115 2038 1268 2100 sunt,
1312 2031 1428 2088 sive
1451 2031 1675 2098 Paulus,
1706 2030 1821 2087 sive
1849 2029 2072 2103 Apollo,

473 2125 589 2183 sive
627 2123 859 2196 Cephas.
915 2146 940 2172 ιν
999 2123 1136 2178 Haec
1187 2121 1400 2178 videtur
1448 2121 1517 2178 ad
1548 2121 1802 2178 subditos
1855 2120 2078 2194 quidem

477 2215 694 2285 dicere;
751 2213 938 2270 terret‘
973 2217 1161 2269 autem
1219 2212 1513 2284 principes,
1579 2211 1832 2284 inquiens
1883 2230 1896 2267 :
1953 2212 2078 2268 Non

479 2311 702 2379 oportet
731 2319 827 2360 vos
867 2302 1097 2359 omnino
1141 2301 1366 2374 gloriari
1418 2317 1644 2375 :neque
1674 2303 1734 2358 in
1785 2301 2074 2373 sapientia,

478 2394 716 2452 stultitia
746 2393 896 2450 enim
927 2400 1011 2450 est
1039 2409 1053 2447 :
1107 2407 1286 2465 neque
1335 2391 1406 2449 ob
1437 2391 1742 2466 spiritualia
1771 2391 1946 2460 dona,
1977 2391 2075 2448 Dei

471 2487 624 2543 enim
683 2493 844 2552 sunt,
899 2500 964 2540 ac
1018 2491 1242 2557 propter
1301 2482 1558 2540 subditos
1609 2482 1732 2541 haec
1779 2481 2075 2540 donantur.

474 2581 655 2649 Atque
673 2575 778 2632 hoc
803 2582 885 2631 est
896 2573 1050 2648 quod
1073 2575 1184 2630 ait:
1217 2593 1244 2624 α
1269 2573 1470 2630 Omnia
1489 2572 1640 2629 enim
1669 2581 1850 2630 vestra
1877 2581 2026 2638 sunt,
2053 2595 2075 2621 ο

475 2667 583 2724 hoc
611 2673 713 2734 est,
743 2665 890 2738 Quid
908 2664 1168 2721 doctores
1195 2665 1361 2720 vestri
1387 2663 1730 2737 superbiunt,
1763 2679 1861 2719 vos
1886 2672 2080 2720 autem

472 2756 681 2814 inflatis
709 2772 804 2812 eos
824 2763 881 2812 et
904 2754 1194 2812 attollitis?
1212 2755 1338 2810 Non
1368 2755 1516 2809 enim
1543 2754 1830 2827 proprium
1877 2752 2080 2826 aliquid

482 2845 709 2913 habent,
741 2843 838 2902 sed
861 2853 1040 2901 vestra
1078 2852 1211 2900 sunt
1237 2859 1360 2917 quae
1383 2843 1458 2899 illi
1487 2843 1714 2910 habent,
1745 2843 1818 2899 ob
1843 2851 2078 2900 vestram

483 2934 940 2993 commoditatem
985 2933 1112 2990 data
1155 2933 1306 3005 ipsis,
1335 2943 1392 2990 et
1434 2932 1596 2990 vobis
1621 2933 1802 3006 potius
1825 2933 1899 2989 illi
1956 2949 2080 3006 gra—

2111 1904 2158 1966 B

2189 675 2360 732 αὖτῶν
2394 679 2495 734 τῶν
2527 676 2858 756 πραγμάτων
2882 721 2897 750 ,
2930 676 3010 736 ὅτι
3035 680 3067 748 ἡ
3101 676 3336 749 δεινότης
3365 677 3458 737 καὶ
3485 681 3520 750 ἡ
3551 703 3783 762 πανουρ-

2185 763 2276 844 γία
2309 765 2458 825 οὐδὲν
2491 770 2665 834 αὐτοῖς
2713 768 3109 839 ἐλυσιτέλεσεν,
3153 767 3291 827 ἀλλὰ
3338 767 3575 845 μάλιστα
3628 771 3779 829 αὐτοὶ

2188 854 2392 915 δέονται
2420 860 2513 915 τοῦ
2549 858 2722 931 Θεοῦ,
2752 859 2804 916 οἱ
2844 857 3116 923 δοκοῦντες
3143 856 3217 936 μὴ
3260 858 3478 918 δεῖσθαι.
3519 857 3698 920 Ὥστε
3727 863 3781 920 ἐν

2185 949 2251 1024 τῇ
2296 946 2590 1029 πανουργίᾳ
2636 949 2842 1027 αὐτῶν,
2871 939 2990 1026 ἕνῇ
3028 946 3194 1029 ᾤοντο
3221 947 3288 1006 τὰ
3336 948 3512 1008 πάντα
3561 949 3781 1024 εἰδέναι,

2186 1035 2473 1116 εὑρέθησαν
2525 1036 2690 1116 μηδὲν
2735 1036 2963 1111 εἰδότες,
3014 1040 3134 1097 ἀλλ’
3170 1038 3363 1099 ἁλιέων
3413 1038 3507 1097 καὶ
3545 1039 3779 1099 σκυτέων

2188 1125 2550 1209 ἀγροικότεροι
2577 1126 2721 1195 ὄντες
2756 1128 2807 1186 ἐν
2841 1137 2948 1195 τοῖς
2981 1128 3307 1208 ἀναγκαίοις.

2273 1332 2300 1362 α
2338 1308 2446 1368 Καὶ
2475 1307 2637 1367 πάλιν
2664 1332 2677 1346 ·
2725 1308 2983 1370 Γινώσκει
3030 1308 3222 1390 Κύριος
3255 1307 3376 1377 τοὺς
3405 1309 3783 1389 διαλογισμοὺς

2184 1399 2288 1456 τῶν
2318 1402 2491 1479 σοφῶν
2519 1398 2595 1471 ⁸⁷,
2630 1398 2710 1458 ὅτι
2737 1399 2838 1458 εἰσὶ
2881 1399 3120 1478 μάταιοι.
3162 1422 3189 1456 n
3227 1401 3295 1460 Εἰ
3325 1398 3499 1459 τοίνυν
3530 1399 3778 1479 γινώσκει

2185 1489 2213 1544 6
2267 1489 2460 1569 Κύριος
2489 1489 2605 1556 τοὺς
2653 1488 3030 1569 διαλογισμοὺς
3073 1489 3156 1562 ⁸⁸,
3219 1489 3300 1549 ὅτι
3343 1489 3563 1566 μάταιοί
3613 1493 3782 1564 εἰσιν,

2187 1577 2280 1637 ἅτε
2313 1579 2478 1655 μηδὲν
2512 1582 2617 1639 τῶν
2664 1579 2968 1659 ἀναγκαίων
2990 1579 3082 1639 καὶ
3109 1580 3465 1660 σωτηριωδῶν
3497 1582 3782 1658 καταλαμο

2188 1665 2434 1736 ϐάνοντες
2459 1694 2472 1707 ·
2511 1672 2625 1737 πῶς
2663 1672 2848 1748 ὑμεῖς,
2901 1670 3202 1749 Κορίνθιοι,
3251 1669 3508 1729 τάναντία
3553 1673 3627 1752 τῷ
3658 1672 3784 1752 Θεῷ

2186 1757 2474 1836 γινώσκετε
2495 1809 2506 1831 ,
2541 1759 2633 1818 καὶ
2660 1762 2731 1826 ὣς
2757 1761 3050 1842 ἐπωφελεῖς
3075 1758 3290 1827 τούτους
3338 1758 3618 1841 περιέπετε
3641 1782 3660 1840 ;

2273 1968 2296 1994 σι
2325 1937 2503 2000 Ὥστε
2553 1940 2736 2018 μηδεὶς
2786 1939 3080 2021 καυχάσθω
3126 1943 3178 2001 ἐν
3223 1939 3518 2020 ἀνθρώποις
3545 1965 3560 1979 ·
3604 1940 3782 2002 πάντα

2185 2029 2289 2111 γὰρ
2329 2032 2478 2106 ὑμῶν
2513 2032 2692 2106 ἐστιν,
2743 2030 2849 2090 εἴτε
2899 2033 3151 2104 Παῦλος,
3186 2031 3291 2091 εἴτε
3321 2029 3628 2106 Ἀπολλὼς,
3680 2030 3787 2092 εἴτε

2187 2122 2397 2203 Κηφᾶς.
2447 2148 2472 2172 ιω
2524 2124 2711 2181 Ταῦτα
2761 2123 2903 2181 δοκεῖ
2957 2118 3053 2198 μὲν
3095 2121 3226 2202 πρὸς
3277 2119 3400 2189 τοὺς
3457 2120 3789 2202 ἀρχομένους

2185 2210 2356 2290 λέγειν
2388 2233 2404 2250 ο
2429 2209 2651 2282 πλήττει
2679 2211 2732 2270 δὲ
2765 2211 2882 2279 τοὺς
2912 2212 3175 2291 ἄρχοντας
3193 2257 3209 2286 ,
3238 2210 3409 2291 λέγων
3437 2256 3452 2283 ,
3484 2212 3570 2271 ὅτι
3598 2213 3658 2270 οὖ
3695 2213 3782 2272 δεῖ

2188 2305 2493 2382 καυχᾶσθαι
2535 2300 2671 2369 ὅλως
2700 2325 2713 2339 ·
2744 2300 2862 2362 οὔτε
2895 2302 2982 2362 ἐπὶ
3013 2306 3077 2382 τῇ
3123 2300 3223 2371 ἔξω
3247 2303 3407 2383 σοφία
3427 2345 3442 2374 ,
3473 2299 3652 2382 μωρία
3682 2303 3789 2382 γάρ

2184 2391 2326 2451 εστιν
2360 2414 2373 2427 ·
2405 2390 2524 2451 οὔτε
2557 2392 2644 2452 ἐπὶ
2695 2393 2800 2460 τοῖς
2851 2399 3232 2467 πνευματικοῖς
3287 2392 3593 2473 χαρίσμασι
3631 2416 3644 2429 ·
3694 2399 3786 2452 τοῦ

2188 2483 2328 2542 Θεοῦ
2357 2482 2460 2562 γάρ
2491 2483 2593 2541 εἰσι
2612 2527 2626 2554 ,
2659 2483 2750 2542 καὶ
2781 2483 2867 2543 διὰ
2891 2481 3010 2550 τοὺς
3048 2481 3377 2563 ἀρχομένους
3409 2487 3579 2540 ταῦτα
3616 2481 3787 2542 δίδον-

2187 2596 2298 2633 ται.
2341 2575 2513 2633 Τοῦτο
2555 2572 2659 2654 γάρ
2689 2571 2887 2633 ἐστινὸ
2926 2573 3070 2652 λέγει
3101 2599 3112 2610 ·
3165 2596 3196 2630 α
3244 2569 3434 2634 Πάντα
3486 2569 3591 2653 γὰρ
3638 2575 3786 2651 ὑμῶν

2185 2666 2298 2722 ἐστι
2329 2685 2344 2700 ο
2372 2661 2643 2735 τουτέστι,
2689 2661 2763 2722 Τί
2805 2666 2853 2722 οἱ
2895 2662 3204 2723 διδάσκαλοι
3245 2666 3395 2739 ὑμῶν
3441 2661 3778 2744 ἐπαίρονται,

2189 2752 2276 2812 καὶ
2327 2755 2476 2824 ὑμεῖς
2518 2752 2572 2810 δὲ
2632 2754 2848 2830 ὀγκοῦτε
2915 2753 3103 2820 αὐτοὺς
3159 2754 3250 2812 καὶ
3298 2750 3644 2832 ὕπεραίρετε,
3697 2753 3791 2823 Μὴ

2189 2842 2292 2924 γὰρ
2324 2841 2515 2903 οἰκεῖόν
2544 2867 2594 2902 τι
2626 2842 2872 2922 ἔχουσιν,
2910 2844 3029 2901 ἀλλ’
3057 2847 3206 2918 ὓμῶν
3240 2846 3371 2902 εἰσιν
3397 2842 3430 2900 ἃ
3465 2841 3672 2923 ἔχουσι,
3707 2842 3792 2902 διὰ

2191 2931 2289 3005 τήν
2348 2930 2608 3012 ὑμετέραν
2658 2935 2918 3014 ὠφέλειαν
2967 2931 3186 2993 δοθέντα
3237 2933 3438 3010 αὐτοῖς,
3495 2931 3588 2992 καὶ
3633 2932 3790 3014 χάριν

478 3025 584 3083 tias
611 3040 770 3100 agere
788 3023 1011 3080 debent.
1043 3027 1262 3080 Rursus
1303 3031 1491 3080 autem
1541 3022 1804 3096 suiipsius
1834 3023 2081 3079 meminit

2193 3021 2343 3082 αὐτοὶ
2374 3023 2578 3100 μᾶλλον
2623 3025 2748 3100 ὑμῖν
2785 3022 3073 3103 ὀφείλουσι.
3133 3022 3306 3082 Πάλιν
3352 3021 3406 3082 δὲ
3459 3024 3647 3081 ἑαυτοῦ
3692 3020 3785 3081 καὶ

479 3124 535 3173 et
562 3115 730 3180 Petri,
758 3123 821 3172 ut
859 3113 1045 3171 minus
1075 3121 1221 3170 esset
1258 3114 1556 3181 molestus,
1591 3122 1762 3185 utque
1804 3112 2079 3180 ostendat,

476 3205 626 3278 quod
671 3205 715 3261 si
757 3220 860 3261 nos
909 3203 1074 3260 vestri
1103 3219 1268 3260 causa
1313 3203 1684 3275 acceperimus
1735 3202 2080 3273 charismata,

477 3311 542 3353 ac
564 3295 731 3351 vestri
760 3309 926 3351 causa
951 3310 1054 3350 nos
1081 3294 1334 3350 doctores
1351 3293 1618 3367 designati
1641 3309 1868 3363 sumus;
1904 3294 2083 3350 multo
2117 3265 2164 3327 (ἶ

482 3386 663 3459 magis
707 3385 768 3452 ii,
801 3384 891 3457 qui
941 3399 1088 3441 nunc
1125 3392 1256 3441 sunt
1283 3383 1538 3440 doctores
1585 3383 1777 3453 vestri,
1807 3383 1877 3440 de
1919 3383 2084 3441 donis

482 3473 877 3549 spiritualibus,
924 3482 1186 3546 tanquam
1209 3473 1277 3529 de
1323 3473 1559 3545 propriis
1588 3473 1870 3546 operibus,
1895 3471 2082 3530 efferri

482 3581 594 3622 non
623 3563 847 3632 debent,
869 3581 995 3621 cum
1027 3564 1203 3620 aliena
1223 3563 1370 3621 bona
1409 3564 1540 3620 sint.

555 3659 736 3714 Vens.
774 3659 866 3712 22.
903 3678 928 3705 ιι
956 3655 1079 3712 Sive
1125 3653 1391 3722 mundus,
1432 3655 1555 3712 ive
1581 3655 1713 3722 vita,
1769 3654 1883 3712 sive
1912 3669 2081 3723 mors,

478 3751 594 3809 sive
649 3749 966 3824 praesentia,
1013 3749 1130 3806 sive
1180 3747 1385 3806 futura.
1449 3772 1475 3799 ι»
1534 3753 1660 3822 Ipsa
1698 3749 1833 3818 vita,
1887 3749 2082 3822 inquit,

479 3846 780 3904 doctorum
825 3853 1048 3919 propter
1094 3858 1195 3903 vos
1232 3853 1333 3914 est,
1381 3852 1443 3900 ut
1480 3843 1635 3901 vobis
1681 3845 1913 3916 prosint,
1946 3844 2084 3901 dum

476 3935 831 3993 instituimini
861 3935 931 3991 ab
984 3934 1064 3991 eis
1118 3952 1132 3989 :
1163 3950 1227 3990 ac
1254 3949 1407 3992 mors
1447 3935 1700 4007 ipsorum
1749 3942 1834 3990 est
1863 3943 2085 4008 propter

476 4042 574 4084 vos
606 4045 620 4082 :
652 4033 877 4098 propter
905 4040 1002 4081 vos
1023 4025 1173 4081 enim
1194 4033 1546 4098 vestramque
1590 4025 1825 4082 salutem
1846 4026 2085 4098 pericula

481 4115 736 4172 subeunt.
768 4114 867 4171 Vel
898 4114 1054 4171 aliter
1080 4131 1094 4170 :
1124 4117 1196 4170 Et
1217 4113 1420 4171 Adami
1441 4121 1692 4182 moreest
1717 4122 1938 4186 propter
1967 4131 2083 4183 vos,

480 4213 546 4263 ut
582 4203 944 4261 modestiores
985 4203 1322 4272 reddamini;
1348 4211 1404 4260 et
1428 4203 1650 4273 Christi,
1673 4213 1736 4260 ut
1766 4205 2078 4261 servemini.

481 4296 565 4350 Ac
592 4293 914 4365 simpliciter
960 4293 1252 4350 universus
1307 4293 1552 4351 mundus
1598 4302 1821 4366 propter
1851 4310 1970 4364 vos,
2020 4303 2082 4351 ut

485 4400 585 4457 per
609 4384 794 4456 ipsum
836 4383 904 4440 ad
957 4391 1244 4442 auctorem
1285 4393 1340 4440 et
1385 4383 1739 4442 conditorem
1780 4384 2080 4452 ducamini,

482 4482 652 4548 utque
684 4475 852 4548 ipsius
878 4473 1232 4546 corruptione
1267 4473 1509 4532 doctoris
1534 4475 1650 4532 vice
1693 4475 1953 4545 utamini,
2015 4476 2082 4532 ad

2194 3113 2405 3192 Πέτρου
2457 3114 2693 3189 ἐμνήσθη
2715 3161 2731 3186 ,
2766 3113 2852 3172 διὰ
2883 3113 2942 3173 τὸ
2988 3112 3282 3194 ἀνεπαχθὲς
3308 3157 3325 3191 ,
3368 3111 3459 3172 καὶ
3489 3112 3579 3171 ἵνα
3612 3111 3751 3191 δείξῃ
3776 3157 3792 3184 ,

2191 3201 2272 3263 ὅτι
2306 3205 2372 3264 Εἰ
2402 3207 2559 3281 ἡμεῖς
2588 3204 2656 3261 δι’
2701 3207 2843 3282 ὑμᾶς
2892 3203 3154 3282 ἐλάϐομεν
3189 3203 3257 3263 τὰ
3307 3203 3654 3285 χαρίσματα,
3705 3201 3797 3262 καὶ

2191 3292 2257 3353 δι’
2287 3297 2424 3372 ὑμᾶς
2456 3293 2767 3355 διδάσκαλοι
2810 3293 3228 3376 προϐεϐλήμεθα
3252 3318 3265 3331 ⁸
3296 3295 3479 3374 πολλῷ
3513 3295 3716 3372 μᾶλλον
3747 3294 3795 3351 οῖ

2190 3389 2280 3443 νῦν
2323 3383 2630 3444 διδάσκαλοι
2682 3387 2829 3461 ὑμῶν
2871 3386 2965 3444 οὔκ
2995 3384 3291 3466 ὀφείλουσιν
3340 3388 3413 3454 ὡς
3451 3384 3539 3445 ἐπὶ
3589 3381 3798 3449 οἰκείοις

2191 3473 2598 3557 κατορθῴμασι,
2662 3477 2770 3544 τοῖς
2837 3481 3172 3557 χαρίσμασιν
3221 3475 3573 3555 ἐπαίρεσθαι,
3632 3474 3795 3533 ἀλλο-

2190 3554 2350 3645 τρίοις
2379 3554 2525 3624 οὖσιν
2553 3567 2784 3643 ἀγαθοῖς.

2282 3654 2472 3716 «Εἴτε
2516 3655 2746 3732 κόσμος,
2780 3653 2884 3716 εἴτε
2924 3654 3066 3733 ζωὴ,
3107 3655 3214 3716 εἴτε
3243 3653 3502 3730 θάνατος,
3549 3653 3655 3714 εἴτε
3704 3655 3791 3713 ἔν-

2193 3749 2430 3819 εστῶτα,
2459 3744 2564 3806 εἴτε
2590 3746 2880 3823 μέλλοντα.
2927 3767 2956 3804 ι)
2997 3747 3106 3806 Καὶ
3136 3750 3171 3818 ἡ
3208 3745 3350 3820 ζωὴ,
3382 3744 3511 3825 φησὶ
3531 3792 3548 3820 ,
3581 3749 3684 3804 τῶν
3710 3745 3798 3803 δι-

2194 3835 2477 3897 δασκάλων
2521 3835 2585 3896 δι’
2616 3840 2755 3914 ὑμᾶς
2799 3840 2980 3910 ἐστιν,
3025 3835 3112 3896 ἵνα
3159 3838 3436 3918 ὠφελῆσθε
3469 3833 3800 3912 διδασκόμε-

2192 3949 2272 3986 νοι
2298 3950 2313 3965 ο
2362 3925 2454 3986 καὶ
2483 3929 2510 3986 6
2541 3926 2762 3995 θάνατος
2791 3929 2965 3986 αὐτῶν
3013 3925 3080 3986 δι’
3121 3930 3257 4004 ὑμᾶς
3291 3950 3304 3963 ο
3339 3925 3473 4004 ὑπὲρ
3517 3927 3667 4004 ὑμῶν
3696 3923 3802 4004 γὰρ

2194 4014 2589 4091 κινδυνεύουσι,
2655 4017 2748 4078 καὶ
2792 4021 2889 4090 τῆς
2941 4016 3202 4097 ὑμετέρας
3254 4014 3541 4094 σωτηρίας.
3581 4013 3662 4076 Ἦ
3708 4014 3802 4075 καὶ

2196 4105 2369 4174 ἄλλως
2401 4131 2414 4145 ⁶
2440 4104 2570 4168 (Ότι
2595 4107 2685 4167 καὶ
2715 4111 2742 4167 6
2770 4113 2860 4168 τοῦ
2891 4107 3064 4184 Ἀδὰμ
3096 4106 3319 4173 θάνατος
3359 4104 3425 4164 δι’
3451 4107 3589 4182 ὑμᾶς
3627 4106 3798 4179 ἔστιν,

2192 4194 2280 4254 ἵνα
2326 4202 2716 4278 σωφρονισθῆτε
2745 4221 2757 4234 ·
2788 4196 2882 4257 καὶ
2929 4201 2955 4255 6
2997 4202 3088 4256 τοῦ
3120 4198 3357 4275 Χριστοῦ
3384 4241 3400 4270 ,
3428 4193 3516 4254 ἵνα
3549 4198 3757 4266 σωθῆτε
3787 4220 3800 4232 ·

2194 4289 2286 4346 καὶ
2325 4287 2506 4356 ἁπλῶς
2535 4292 2562 4347 ὁ
2592 4286 2790 4364 κόσμος
2818 4287 2959 4354 ἅπας
2993 4289 3058 4346 δι’
3094 4289 3232 4364 ὑμᾶς
3257 4333 3274 4360 ,
3307 4287 3378 4352 ὡς
3409 4283 3473 4342 ἂν
3506 4283 3557 4321 ⁶⁹
3595 4285 3660 4342 δι’
3696 4287 3799 4344 αὖ-

2195 4385 2283 4439 τοῦ
2316 4377 2446 4459 πρὸς
2492 4378 2581 4437 τὸν
2625 4377 2960 4457 Δημιουργὸν
3015 4378 3340 4456 ὁδηῃθῆτε,
3383 4375 3475 4435 καὶ
3523 4374 3801 4456 χρήσησθε

2195 4473 2258 4547 τῇ
2286 4473 2455 4551 φθορᾷ
2503 4470 2663 4528 αὐτοῦ
2694 4467 3002 4549 διδασκάλῳ
3050 4469 3180 4548 πρὸς
3226 4466 3316 4528 τὸν
3365 4469 3471 4526 τῶν
3518 4465 3801 4548 ἀφθάρτων

478 4564 812 4623 desiderium
884 4580 1071 4622 rerum
1144 4563 1640 4636 incorruptibilium
1712 4565 2081 4623 excitandum.

2200 4558 2383 4620 πόθον.
2414 4557 2523 4620 Καὶ
2551 4558 2618 4617 τὰ
2649 4560 2911 4619 ἐνεστῶτα
2955 4557 3026 4616 δι’
3051 4562 3189 4636 ὑμᾶς
3211 4602 3228 4635 ,
3260 4557 3531 4629 τουτέστι,
3563 4556 3630 4615 τὰ
3671 4559 3806 4632 ἄγα-

482 4654 780 4711 Praesentia
830 4663 960 4712 sunt
1007 4655 1174 4711 etiam
1228 4663 1453 4728 propter
1499 4670 1617 4726 vos,
1660 4654 1766 4713 hoc
1804 4662 1889 4712 est
1941 4656 2089 4714 bona

480 4757 604 4816 qua
623 4744 745 4817 jam
761 4744 889 4801 inde
904 4744 1262 4802 credentibus
1282 4744 1453 4802 donat
1480 4749 1662 4803 Deus.
1680 4747 1890 4803 Futura
1913 4747 2086 4803 etiam

485 4841 709 4905 propter
736 4849 836 4890 vos
881 4842 1068 4906 parata
1098 4842 1248 4892 sunt.

556 4923 738 4980 νεεδ.
767 4927 858 4980 23.
891 4942 921 4977 α
945 4925 1150 4982 Omnia
1180 4932 1358 4982 vestra
1385 4933 1514 4983 sunt
1541 4943 1557 4982 :
1583 4940 1680 4983 vos
1701 4925 2082 4995 autem,Chri-

485 5012 559 5070 sti
590 5030 603 5068 :
634 5012 886 5071 Christus
944 5023 1158 5084 autem,
1212 5016 1337 5074 Dei.
1374 5039 1398 5066 υ
1443 5019 1572 5074 Non
1613 5015 2084 5089 quemadmodum

487 5117 591 5159 nos
617 5103 822 5162 Christi
853 5120 1049 5162 sumus
1069 5146 1086 5174 ,
1129 5107 1207 5162 sic
1239 5114 1294 5163 et
1335 5105 1588 5165 Christus
1611 5106 1737 5163 Dei.
1793 5108 1910 5164 Nos
1939 5107 2086 5163 enim

485 5191 687 5251 Christi
717 5209 930 5263 sumus,
960 5197 1110 5253 velut
1137 5212 1275 5269 opus
1304 5197 1423 5271 ejus
1449 5197 1854 5270 et'ﬁgmentum
1883 5216 1897 5251 :
1927 5196 2085 5255 Chri-

486 5289 602 5340 stus
628 5291 820 5340 autem
845 5285 972 5355 Dei,
993 5293 1257 5358 tanquam
1286 5286 1454 5343 Filius
1484 5295 1613 5343 ante
1635 5286 1835 5344 saecula
1865 5286 2088 5360 genitus

487 5381 544 5430 et
586 5382 852 5446 aeternus,
882 5391 947 5432 ac
975 5376 1147 5432 veluti
1189 5392 1416 5434 causam
1457 5385 1513 5433 et
1555 5385 1841 5434 auctorem
1878 5376 2089 5435 habens

489 5466 731 5522 Patrem.
758 5466 942 5537 Quare
969 5467 1100 5524 licet
1121 5466 1292 5526 dictio
1321 5467 1396 5525 sit
1439 5467 1624 5538 unica,
1654 5466 1870 5527 diversa
1897 5477 2088 5526 tamen

556 5589 572 5632 ⁵
610 5591 756 5649 Psal.
788 5607 973 5664 xcm,
1008 5599 1091 5651 12.

2200 4648 2298 4723 θὰ,
2353 4648 2387 4708 ἃ
2441 4652 2674 4711 ἐντεῦθεν
2735 4649 2838 4722 ἤδη
2899 4647 3180 4730 χαρίζεται
3236 4656 3344 4716 τοῖς
3387 4645 3728 4706 πιστεύουσιν
3776 4650 3805 4705 ὁ

2198 4739 2336 4808 Θεός
2365 4763 2379 4780 ⁸
2404 4740 2497 4800 καὶ
2530 4739 2598 4801 τὰ
2644 4737 2911 4818 μέλλοντα
2943 4741 3009 4798 δι’
3039 4741 3178 4818 ὑμᾶς
3207 4737 3553 4821 ἡτοίμασται.

2286 4943 2311 4971 α
2346 4916 2536 4978 Πάντα
2589 4921 2735 4996 ὓμῶν
2775 4919 2914 4978 ἐστιν
2941 4939 2953 4953 ’
3001 4918 3154 4993 ὖμεῖς
3200 4913 3284 4988 δὲ,
3334 4915 3566 4994 Χριστοῦ
3601 4935 3614 4949 ⁸
3661 4913 3804 4994 Χρι»

2199 5007 2319 5076 στὸς
2368 5007 2459 5085 δὲ,
2506 5009 2667 5069 Θεοῦ.
2715 5036 2739 5061 ››
2771 5009 2898 5088 Οὐχ
2920 5008 2991 5075 ὡς
3026 5011 3181 5084 ἡμεῖς
3228 5006 3498 5084 Χριστοῦ,
3534 5000 3672 5061 οὕτω
3712 5001 3809 5061 καὶ

2199 5101 2226 5157 δ
2257 5096 2487 5180 Χριστὸς
2539 5103 2704 5161 Θεοῦ.
2740 5096 2930 5174 Ἡμεῖς
2970 5095 3066 5174 μὲν
3115 5095 3218 5177 γὰρ
3270 5096 3545 5176 Χριστοῦ,
3591 5098 3660 5160 ὥς
3709 5091 3807 5173 ἔρ·-

2199 5211 2289 5268 γον
2319 5191 2477 5248 αὐτοῦ
2509 5188 2600 5249 καὶ
2629 5187 2843 5264 ποίημα
2875 5211 2888 5226 ο
2934 5190 2962 5245 6
3008 5186 3064 5247 δὲ
3110 5184 3348 5267 Χριστὸς
3392 5188 3484 5244 τοῦ
3517 5185 3662 5246 Θεοῦ
3684 5228 3700 5256 ,
3733 5183 3810 5250 ὥς

2199 5279 2326 5348 Υἱὸς
2355 5279 2670 5360 προαιώνιος
2693 5323 2710 5351 ,
2753 5277 2846 5340 καὶ
2893 5281 2965 5346 ὣς
3013 5273 3180 5336 αἴτιον
3213 5275 3352 5357 ἔχων
3404 5273 3493 5335 τὸν
3559 5270 3805 5354 Πατέρα.

2197 5365 2374 5429 ιὨστε
2402 5372 2451 5430 εἰ
2495 5368 2589 5430 καὶ
2619 5369 2718 5450 μία
2755 5373 2789 5442 ἡ
2831 5365 2993 5443 λέξις,
3045 5365 3187 5427 ἀλλὰ
3229 5365 3477 5448 διάφορος
3513 5367 3548 5440 ἡ
3587 5363 3762 5424 ἔννοια
3792 5385 3806 5400 ·

2201 5460 2315 5520 ἐπεὶ
2367 5459 2486 5520 οὐδὲ
2531 5459 2600 5520 τὰ
2646 5459 2827 5521 πάντα
2877 5458 3045 5527 οὕτως
3107 5455 3248 5520 ἐστὶν
3294 5459 3481 5533 ἡμῶν,
3539 5457 3610 5522 ὡς
3653 5452 3812 5530 ἡμεῖς

1878 5677 2068 5738 Variae
2110 5678 2412 5740 lectiones.

556 5798 598 5832 ⁸⁷
623 5797 897 5870 ἀνθρώπων
922 5815 1002 5858 m.
1079 5800 1124 5837 ⁸⁸
1154 5801 1532 5875 συλλογισμοὺς
1560 5820 1614 5863 ο.
1691 5801 1737 5838 ⁶⁹
1759 5805 1846 5857 ἵνα
1877 5820 1952 5862 m.
