4090 6442
337 488 443 542 609

1222 484 1569 541 EXPOSITIO
1608 485 1674 541 IN
1714 485 1926 542 EPIST.
1970 486 1989 541 I
2028 488 2120 542 AD
2159 486 2323 543 COR.
2362 518 2430 527 —
2472 489 2621 545 CAP.
2663 489 2749 545 IV.

3549 496 3654 551 610

335 615 430 674 τοῦ
458 610 722 691 Χριστοῦ.
786 610 977 690 Ἡμεῖς
1020 609 1115 690 μὲν
1151 608 1253 693 γὰρ
1284 611 1457 671 δοῦλοί
1486 613 1643 690 ἐσμεν
1675 617 1765 671 τοῦ
1809 614 1942 693 Χρι-

2062 620 2137 669 est
2160 614 2465 670 sententia:
2498 630 2677 688 neque
2714 614 2869 670 enim
2935 616 3123 671 omnia
3151 615 3227 672 sic
3255 624 3386 673 sunt
3435 626 3652 689 nostra,

337 707 464 762 στοῦ
502 702 593 761 καὶ
639 700 850 781 ποίημα
877 724 892 740 ·
951 700 1019 760 τὰ
1067 700 1123 761 δὲ
1174 701 1380 775 πάντα,
1436 703 1493 762 οὗ
1544 704 1705 762 δοῦλα
1740 705 1895 781 ἡμῶν
1923 751 1936 777 ,

338 793 457 854 οὐδὲ
515 792 744 871 ποίημα.
803 790 980 854 Ὥστε
1037 793 1096 851 οὔ
1167 793 1343 860 καλῶς
1419 801 1651 872 ποιεῖτε,
1736 793 1943 874 ἀνθρώ-

338 907 457 951 ποις
519 882 734 951 ἑαυτοὺς
801 880 1219 965 προσνέμοντες,
1284 882 1374 942 καὶ
1454 888 1623 942 ταῦτα
1708 885 1941 965 Χριστοῦ

340 972 504 1042 ὄντες.

934 1191 1220 1253 ΚΕΦΑΛ.
1267 1194 1353 1250 Δ’.

431 1352 456 1377 αι
488 1322 675 1385 Οὕτως
701 1327 848 1401 ἡμᾶς
877 1322 1163 1403 λογιζέσθω
1205 1322 1511 1404 ἄνθρωπος,
1556 1325 1629 1391 ὣς
1675 1321 1943 1403 ὑπηρέτας

340 1416 613 1496 Χριστοῦ,
641 1413 733 1474 καὶ
762 1415 1066 1493 οἰκονόμους
1103 1414 1407 1495 μυστηρίων
1443 1414 1607 1476 Θεοῦ.
1638 1438 1668 1470 n
1707 1413 1936 1487 Ἐπειδὴ

342 1504 601 1586 ὑπηρέται
636 1502 796 1582 ἐσμὲν
824 1507 871 1564 οῖ
911 1504 1259 1579 διδάσκαλοι,
1284 1503 1333 1563 τί
1360 1504 1451 1563 τὸν
1481 1504 1762 1576 Δεσπότην
1793 1505 1944 1586 ἀφέν-

341 1618 462 1667 τες,
507 1594 596 1676 ἀφ’
634 1597 789 1672 ἡμῶν
836 1599 941 1655 τῶν
986 1598 1261 1676 ὑπηρετῶν
1310 1596 1659 1672 ὀνομάζεσθε;
1712 1594 1939 1654 Οἰκονόο-

342 1708 474 1761 μους
522 1685 577 1744 δὲ
625 1683 893 1763 ὀνομάσας
933 1685 1242 1766 μυστηρίων
1297 1683 1418 1751 τοὺς
1470 1686 1800 1751 ἀποστόλους
1852 1683 1943 1744 καὶ

343 1774 720 1850 διδασκάλους,
782 1774 973 1844 ἔδειξεν
1022 1774 1103 1834 ὅτι
1156 1779 1249 1835 οὐκ
1318 1774 1746 1852 ἀνοικονομήτως
1809 1784 1944 1834 πᾶσι

339 1864 448 1944 χρὴ
478 1866 567 1925 τὸν
596 1866 749 1943 λόγον
778 1874 1028 1946 χορηγεῖν
1050 1911 1065 1939 ,
1089 1865 1205 1925 ἀλλ’
1235 1855 1312 1933 οἶς
1340 1867 1447 1939 δεῖ,
1476 1865 1571 1924 καὶ
1602 1863 1690 1924 ὅτε
1721 1866 1820 1939 δεῖ,
1848 1863 1942 1924 καὶ

339 1959 414 2020 ὡς
459 1956 537 2013 δεῖ
586 1978 599 1992 ·

340 2043 638 2125 ὀφείλουσιν
693 2045 1126 2129 ἀνακεκαλύφθαι
1164 2069 1178 2085 ο
1231 2053 1386 2106 τοῦτο
1433 2044 1537 2125 γὰρ
1585 2047 1645 2104 οὗ
1688 2046 1948 2127 φρονίμου

342 2135 643 2214 οἰκονόμου.

426 2253 450 2277 ιι
497 2224 575 2287 Ὃ
620 2225 676 2285 δὲ
703 2228 939 2299 ζητεῖται
990 2225 1176 2286 λοιπὸν
1209 2227 1259 2284 ἐν
1308 2234 1418 2294 τοῖς
1458 2225 1798 2305 οἰκονόμοις,
1858 2224 1947 2285 ἵνα

341 2338 424 2383 τις
466 2318 652 2384 πιστὸς
699 2318 909 2397 εὑρεθῇ.
953 2345 977 2368 ι
1028 2315 1348 2394 Τουτέστιν,
1387 2313 1476 2372 ἵνα
1511 2315 1585 2393 μὴ
1625 2315 1693 2375 τὰ
1747 2317 1943 2375 δεσπο-

340 2405 469 2464 τικὰ
523 2405 927 2489 σφετερίζηται,
958 2404 1045 2465 ἵνα
1092 2405 1168 2483 μὴ
1215 2409 1286 2473 ὡς
1337 2405 1597 2476 δεσπότης
1647 2406 1713 2465 τὰ
1768 2406 1948 2486 πράγ-

344 2508 492 2572 ματα
525 2496 996 2578 μεταχειρίζηται,
1052 2498 1174 2555 ἀλλ’
1206 2499 1277 2563 ὣς
1330 2495 1586 2578 ἀλλότρια
1630 2495 1723 2554 καὶ
1753 2496 1947 2555 δεσπο-

342 2585 469 2645 τικὰ
519 2575 811 2664 οἰκονομῶν
844 2611 857 2625 ο
904 2588 1000 2646 οὐκ
1048 2589 1216 2647 οἰκεῖα
1266 2585 1434 2665 λέγων
1470 2575 1605 2645 εἶναι
1650 2585 1718 2644 τὰ
1757 2587 1949 2645 δεσπο-

341 2674 466 2734 τικὰ
488 2721 504 2749 ,
535 2675 671 2736 ἀλλὰ
702 2677 1033 2752 τούναντίον,
1061 2678 1128 2734 τὰ
1159 2676 1359 2756 οἰκεῖα,
1394 2675 1706 2736 δεσποτικά.

434 2794 458 2817 σι
495 2765 657 2845 Ἐμοὶ
683 2766 738 2825 δὲ
775 2769 847 2834 εἰς
876 2766 1162 2848 ἐλάχιστόν
1193 2769 1364 2840 ἐστιν,
1392 2765 1480 2825 ἵνα
1511 2768 1597 2848 ὑφ’
1629 2769 1779 2843 ὑμῶν
1816 2768 1949 2824 ἀνα-

340 2860 540 2936 κριθῶ,
572 2856 608 2929 ἢ
661 2858 765 2917 ὑπὸ
814 2857 1151 2937 ἀνθρωπίνης
1199 2856 1427 2939 ἡμέρας.
1476 2885 1501 2910 ι»
1537 2856 1773 2935 Νόσημα
1825 2857 1949 2915 ἐπε-

340 2946 578 3028 χωρίαζε
625 2952 693 3029 τῇ
753 2947 991 3028 Κορίνθῳ
1052 2954 1308 3009 τοιοῦτον.
1374 2949 1466 3008 Οἱ
1496 2948 1600 3027 γὰρ
1655 2948 1787 3027 πρὸς
1830 2946 1951 3016 τοὺς

342 3036 696 3107 διδασκάλους
743 3038 1052 3119 διῃρημένοι
1095 3036 1183 3112 ⁷⁰,
1232 3037 1477 3118 καθάπερ
1517 3036 1770 3097 δικασταὶ
1809 3061 1950 3118 προ-

342 3126 676 3205 καθήμενοι,
712 3128 905 3208 ἄνδρας
964 3128 1198 3196 εὐσεϐεῖς
1258 3130 1352 3189 καὶ
1408 3129 1665 3210 θεοφιλεῖς
1713 3126 1799 3186 διὰ
1848 3126 1946 3199 τὴν

344 3217 582 3295 ἀμαθίαν
624 3219 941 3299 ἓκωμῴδουν
972 3219 1063 3277 καὶ
1114 3217 1397 3287 ἐξέϐαλλον
1430 3243 1443 3256 ο
1470 3218 1591 3284 τοὺς
1635 3217 1691 3276 δὲ
1741 3217 1949 3298 μυρίων

342 3307 605 3385 γέμοντας
667 3312 845 3368 κακῶν
905 3308 1163 3389 ἐνέκρινον
1249 3308 1335 3367 διὰ
1406 3307 1501 3380 τὴν
1586 3308 1944 3386 εὖγλωττίαν,

344 3402 566 3458 τοιαῦτα
613 3403 892 3481 προπετῶς
920 3398 1313 3480 ψηφιζόμενοι·
1369 3397 1440 3459 cO
1486 3400 1633 3457 δεῖνα
1664 3403 1758 3458 τοῦ
1803 3400 1948 3459 δεῖνα

344 3486 629 3568 κρείττων,
662 3479 755 3549 καὶ
801 3479 951 3556 οὗτος
1002 3479 1206 3549 ἰκείνου
1260 3489 1704 3569 καταδεέστερος,
1756 3489 1952 3569 κάκεῖ-

343 3566 430 3643 νος
463 3578 645 3639 τούτου
694 3580 946 3659 βελτίων,
1005 3581 1246 3645 κάκεῖνος
1278 3578 1490 3640 τούτου.
1522 3577 1682 3639 Ἐπεὶ
1729 3566 1820 3637 οὖν
1870 3566 1950 3636 εῖ-

344 3690 444 3725 πεν
471 3672 502 3727 ὁ
548 3670 769 3737 Παῦλος
798 3672 852 3729 ἐν
901 3677 1009 3737 τοῖς
1058 3670 1353 3749 οἰκονόμοις
1384 3674 1659 3742 ζητεῖσθαι
1713 3664 1803 3726 ἵνα
1860 3693 1950 3727 πιε-

345 3759 469 3825 στός
512 3783 592 3827 τις
644 3763 861 3840 εὑρεθῇ,
909 3760 1080 3819 ἐδόκει
1120 3759 1174 3818 δὲ
1236 3760 1467 3840 πάροδον
1524 3758 1702 3825 αὐτοῖς
1752 3757 1951 3818 διδόναι

343 3851 439 3906 τοῦ
467 3848 665 3930 κρίνειν
695 3851 786 3908 τὸν
832 3850 1058 3910 ἑκάστου
1091 3848 1233 3930 βίον,
1266 3854 1424 3910 τοῦτο
1464 3849 1517 3907 δὲ
1567 3850 1660 3916 τάς
1695 3848 1949 3928 διχοστα-

344 3935 464 4006 σίας
492 3938 696 4014 μείζους
729 3939 892 3999 ἐποίει
924 3965 937 3978 ο
970 3937 1059 4000 ἵνα
1093 3939 1168 4017 μὴ
1198 3944 1357 3999 τοῦτο
1380 3939 1654 4017 πάθωσιν,
1694 3938 1952 3997 ἀναστέλ-

342 4032 426 4086 λει
472 4027 662 4097 αὐτοὺς
692 4034 785 4088 τοῦ
833 4028 1064 4111 κρίνειν,
1117 4029 1211 4089 καί
1224 4085 1238 4107 δ
1264 4053 1422 4110 φησιν
1459 4053 1473 4067 ο
1509 4057 1530 4080 η
1567 4028 1730 4105 Ἐμοὶ
1783 4026 1839 4087 δὲ
1880 4032 1951 4097 εἰς

341 4115 623 4199 ἐλάχιστόν
653 4121 793 4177 ἐστιν
827 4143 841 4157 ·
889 4146 914 4174 ι
946 4111 1090 4193 οἶον,
1148 4119 1381 4200 Ἀδοξίαίν
1414 4118 1524 4200 ἔχω
1578 4117 1836 4199 μεγίστην
1892 4119 1952 4179 τὸ

342 4205 479 4274 ὅλως
529 4209 801 4290 κρίνεσθαί
848 4234 917 4288 με
951 4214 1037 4292 ὑφ’
1069 4213 1237 4287 ὑμῶν.
1304 4198 1477 4283 Εἶτα,
1517 4207 1605 4269 ἵνα
1774 4208 1949 4289 πλήξῃ

344 4294 533 4365 αὖτοὺς
598 4301 668 4366 ὥς
742 4299 1277 4381 περιφρονουμένους,
1336 4299 1663 4379 προσέθηκεν
1717 4322 1730 4335 ο
1788 4326 1811 4350 α
1870 4296 1950 4359 *Η

343 4385 448 4445 ὑπὸ
497 4388 833 4468 ἀνθρωπίνης
881 4391 1123 4471 ἡμέρας,
1178 4418 1203 4444 ι
1232 4390 1533 4464 τουτέστιν,
1572 4389 1608 4461 ἢ
1658 4391 1747 4448 ὑπ’
1788 4388 1950 4449 ἄλλου

342 4476 482 4544 τινὸς
527 4479 808 4557 ἀνθρώπου
869 4478 1076 4550 ἐνδόξου
1129 4479 1222 4540 καὶ
1277 4481 1484 4555 ὑψηλοῦ
1512 4504 1525 4517 ο
1585 4478 1793 4559 ἡμέραν
1845 4478 1951 4560 γὰρ

2052 711 2113 759 ut
2162 719 2265 760 nos
2315 703 2540 761 Christi.
2572 706 2688 761 Nos
2717 705 2866 761 enim
2916 705 3059 762 servi
3109 720 3301 763 sumus
3341 706 3548 765 Christi
3598 714 3656 765 et

2052 792 2380 867 ﬁgmentum
2413 816 2424 851 :
2480 794 2666 852 omnia
2708 804 2897 852 autem
2945 811 3057 852 non
3086 804 3216 853 sunt
3256 812 3415 854 serva
3465 805 3656 855 nostra

2051 900 2229 958 neque
2277 884 2624 959 ﬁgmentum.
2687 884 2846 959 141
2906 886 3292 961 Quamobrem
3339 902 3455 944 non
3500 895 3654 945 recte

2054 974 2249 1045 facitis,
2271 974 2589 1034 hominibus
2615 992 2713 1034 vos
2738 977 2889 1049 ipsos
2915 977 3304 1049 attribuentes,
3330 976 3497 1051 idque
3522 994 3654 1035 cum

2052 1065 2176 1123 sitis
2203 1065 2433 1124 Christi.

2674 1199 2920 1255 CAPUT
2969 1201 3063 1255 IV.

2123 1335 2301 1391 Vens.
2334 1339 2383 1389 1.
2416 1356 2441 1383 α
2483 1334 2575 1391 Sic
2612 1348 2716 1391 nos
2742 1333 3020 1391 existimet
3057 1333 3251 1404 homo,
3276 1342 3339 1390 ut
3366 1332 3658 1393 ministros

2054 1422 2276 1493 Christi,
2316 1431 2373 1480 et
2397 1423 2800 1497 dispensatores
2850 1424 3245 1498 mysteriorum
3272 1425 3399 1480 Dei.
3457 1448 3481 1474 υ
3515 1424 3655 1495 Quia

2053 1529 2155 1570 nos
2181 1513 2435 1571 doctores
2463 1531 2656 1572 sumus
2697 1515 2960 1585 ministri,
2985 1532 3085 1572 cur
3115 1516 3426 1573 Dominum
3467 1514 3655 1571 dimit-

2054 1612 2234 1662 tentes
2257 1621 2287 1661 a
2328 1605 2491 1662 nobis
2516 1606 2785 1662 ministris
2808 1606 3157 1678 appellamini
3185 1609 3208 1662 Ρ
3240 1606 3659 1679 Dispensatores

2056 1694 2242 1742 autem
2282 1687 2674 1758 mysteriorum
2732 1703 2939 1744 vocans
2966 1687 3245 1760 apostolos
3287 1703 3350 1744 ac
3383 1687 3659 1757 doctores,

2054 1777 2385 1833 monstravit
2424 1777 2572 1851 quod
2599 1793 2714 1833 non
2756 1777 3020 1834 omnibus
3089 1777 3208 1834 sine
3245 1777 3657 1850 dispensatione

2056 1867 2283 1923 verbum
2328 1867 2680 1940 suppeditare
2734 1875 2978 1941 oportet,
3026 1867 3124 1924 sed
3160 1867 3360 1939 quibus
3389 1882 3526 1940 opus
3552 1874 3657 1937 est,

648 1930 821 2022 ἐλλωῖ
852 1930 941 2014 ,τε
985 1956 1076 2015 καὶ
1131 1955 1399 2035 μυστήρια
1448 1953 1613 2027 ὄντα,
1668 1956 1727 2015 οὗ
1775 1963 1939 2014 πᾶσιν

2062 1964 2111 2011 et
2162 1930 2704 2029 quando-convenit,
2752 1930 2806 2015 et
2856 1930 3002 2014 sicut
3052 1930 3313 2029 oportet:
3348 1930 3657 2029 praesertim

2059 2062 2186 2102 cum
2227 2048 2494 2121 mysteria
2522 2048 2652 2117 sint,
2696 2064 2809 2105 non
2833 2048 3036 2105 debent
3062 2047 3351 2120 quibusvis
3373 2045 3607 2104 revelari
3643 2065 3655 2103 :

2059 2135 2165 2193 hoc
2190 2137 2338 2194 enim
2367 2154 2482 2195 non
2503 2149 2586 2195 est
2614 2138 2897 2211 prudentis
2926 2138 3226 2195 oeconomi.

2130 2229 2312 2285 Vnns.
2344 2232 2393 2283 2.
2432 2253 2456 2277 α
2479 2230 2637 2301 Quod
2658 2229 2932 2302 reliquum
2956 2238 3059 2297 est,
3087 2230 3353 2303 quaeritur
3378 2227 3429 2284 in
3445 2225 3659 2299 dispen-

2058 2317 2361 2384 satoribus,
2385 2326 2447 2374 ut
2471 2318 2615 2375 ﬁdus
2648 2319 2925 2391 quispiam
2974 2318 3303 2376 inveniatur.
3342 2342 3367 2367 »
3405 2320 3528 2374 Hoc
3556 2325 3658 2387 est,

2060 2416 2119 2462 ut
2142 2406 2333 2463 herilia
2354 2407 2497 2464 bona
2523 2408 2626 2465 sibi
2654 2425 2770 2465 non
2792 2407 3064 2478 vindicet,
3103 2418 3165 2465 ut
3195 2424 3309 2465 non
3356 2407 3525 2464 veluti
3558 2405 3657 2463 do-

2059 2496 2245 2553 minus
2271 2512 2359 2553 res
2385 2505 2603 2565 tractet,
2636 2498 2733 2554 sed
2770 2498 2938 2554 veluti
2989 2497 3167 2554 aliena
3198 2505 3254 2554 et
3302 2497 3503 2554 herilia
3546 2495 3659 2553 dis-

2058 2594 2253 2659 penset
2304 2606 2316 2643 :
2348 2603 2462 2644 non
2504 2603 2602 2642 sua
2633 2587 2824 2645 dicens
2855 2602 2971 2644 esse
2999 2602 3124 2661 quae
3153 2586 3267 2644 heri
3298 2594 3447 2657 sunt,
3496 2585 3594 2643 sed
3632 2601 3663 2643 e

2058 2676 2293 2745 diverso,
2325 2693 2448 2749 quae
2479 2693 2576 2733 sua
2606 2686 2755 2748 sunt,
2782 2677 2899 2734 heri
2929 2693 3070 2735 esse.

2130 2769 2310 2824 Vens.
2344 2774 2394 2824 3.
2423 2791 2447 2815 «
2476 2767 2609 2823 Mihi
2633 2776 2815 2825 autem
2848 2784 2949 2841 pro
2976 2767 3210 2823 minimo
3240 2775 3343 2835 est,
3372 2774 3435 2822 ut
3453 2782 3485 2822 a
3506 2764 3663 2822 vobis

2060 2856 2343 2930 dijudicer,
2384 2865 2478 2914 aut
2505 2857 2577 2914 ab
2604 2856 2852 2915 humano
2880 2857 2989 2915 die.
3016 2878 3045 2912 )›
3076 2856 3397 2913 Istiusmodi
3431 2854 3661 2912 morbus

2059 2946 2385 3003 Corinthum
2417 2947 2707 3005 invaserat.
2730 2951 2870 3005 Nam
2902 2948 2996 3020 qui
3028 2948 3179 3020 juxta
3209 2947 3467 3004 doctores
3496 2944 3663 3002 divisi

2060 3044 2239 3106 erant,
2269 3037 2522 3095 sedentes
2578 3048 2841 3111 tanquam
2870 3038 3106 3112 judices,
3150 3037 3295 3094 viros
3331 3037 3449 3111 pios
3470 3043 3526 3092 et
3562 3035 3663 3092 de-

2063 3135 2221 3183 votos
2268 3136 2492 3201 propter
2559 3129 2972 3201 simplicitatem
3030 3127 3337 3185 irridebant
3403 3124 3662 3199 repudia-

2059 3218 2296 3291 bantque
2330 3237 2344 3274 :
2389 3234 2484 3276 eos
2533 3227 2717 3277 autem
2757 3221 2849 3293 qui
2881 3218 3186 3277 innumeris
3236 3217 3461 3291 ﬂagitiis
3489 3216 3664 3273 abun-

2060 3307 2287 3378 dabant,
2324 3317 2551 3382 propter
2596 3311 2971 3382 eloquentiam
3016 3309 3488 3377 intromittebant,
3532 3306 3664 3364 talia

2061 3398 2473 3471 praecipitanter
2513 3400 2877 3457 decernentes
2902 3400 3042 3457 :Hic
3072 3400 3165 3456 illo
3191 3398 3541 3457 excellentior
3557 3405 3662 3467 est,

2060 3489 2153 3544 ille
2205 3488 2309 3545 isto
2340 3487 2596 3559 inferior,
2648 3498 2811 3562 atque
2842 3490 2950 3547 isto
2993 3489 3105 3547 ille.
3156 3490 3298 3545 Cum
3324 3504 3455 3561 ergo
3516 3489 3665 3545 Pau-

2062 3579 2145 3634 lus
2172 3577 2411 3648 dixisset,
2448 3603 2475 3629 ι
2510 3580 2565 3636 in
2605 3579 3071 3653 dispensatoribus
3130 3578 3353 3651 requiri,
3414 3586 3473 3635 ut
3524 3578 3667 3636 ﬁdus

2061 3668 2336 3741 quispiam
2388 3669 2726 3739 inveniatur,
2762 3695 2787 3719 υ
2837 3685 2902 3725 ac
2950 3669 3237 3726 videbatur
3288 3669 3507 3724 veniam
3536 3668 3668 3740 ipsis

2061 3759 2193 3815 dare
2217 3758 2507 3831 cujuslibet
2528 3759 2701 3815 vitam
2734 3758 3038 3833 judicandi,
3065 3758 3216 3832 quod
3242 3773 3373 3814 sane
3431 3757 3669 3830 majores

2061 3846 2430 3905 dissensiones
2468 3850 2727 3906 excitaret
2760 3870 2772 3905 :
2803 3865 2874 3906 ne
2914 3848 3061 3906 istud
3085 3849 3384 3922 patiantur,
3420 3846 3669 3919 reprimit

2061 3954 2154 3995 eos
2200 3939 2497 4010 quominus
2520 3939 2766 4008 judicent
2812 3939 3112 4013 inquiens:
3165 3961 3191 3987 α
3219 3938 3357 3994 Mihi
3400 3952 3528 3993 vero
3566 3952 3665 4010 pro

2060 4026 2293 4089 minimo
2324 4036 2408 4086 est
2434 4049 2446 4084 :
2485 4053 2510 4078 υ
2567 4030 2794 4102 perinde
2827 4045 2893 4087 ac
2923 4029 2966 4086 si
2996 4029 3143 4086 dicat
3179 4051 3190 4086 :
3222 4027 3664 4101 Ignominiosum

2061 4117 2222 4187 duco,
2248 4134 2340 4175 me
2368 4120 2595 4176 omnino
2625 4137 2655 4176 a
2677 4120 2832 4177 vobis
2863 4120 3115 4193 judicari.
3174 4118 3409 4188 Deinde,
3451 4135 3524 4175 ne
3570 4132 3667 4175 eos

2064 4209 2338 4279 percellat,
2393 4211 2554 4282 quasi
2606 4209 2911 4283 despicatui
2969 4208 3339 4277 ducerentur,
3399 4207 3664 4266 addidit:

2067 4321 2091 4346 «ι
2124 4301 2235 4354 Aut
2260 4299 2327 4355 ab
2348 4299 2590 4356 humano
2616 4298 2723 4368 die,
2758 4323 2783 4350 ιι
2838 4299 2943 4356 hoc
3000 4308 3102 4370 est,
3132 4316 3163 4356 a
3192 4300 3260 4356 ab
3286 4299 3392 4355 alio
3411 4297 3667 4371 quopiam

2063 4386 2289 4444 homine
2314 4388 2514 4445 celebri
2566 4397 2622 4446 et
2666 4389 2948 4461 praeclaro.
2996 4389 3278 4463 Scriptura
3307 4388 3459 4446 enim
3512 4387 3666 4444 diem

2063 4477 2305 4535 hominis
2350 4478 2736 4536 celsitudinem
2766 4480 3056 4537 nominare
3087 4480 3253 4537 solet.
3290 4479 3463 4550 Atqui
3501 4492 3665 4533 nemo

342 4567 625 4646 ἀνθρώπου
665 4573 700 4641 ἡ
738 4569 929 4650 Γραφὴ
959 4571 1021 4630 τὸ
1052 4570 1182 4651 ὕψος
1222 4568 1401 4629 εἴωθεν
1437 4568 1737 4646 ὀνομάζειν.
1771 4567 1947 4629 Ἀλλὰ

2064 4569 2297 4624 Paulum
2343 4570 2652 4626 insolentiae
2689 4568 2920 4626 damnet
2958 4592 2970 4627 :
3018 4570 3119 4626 ista
3176 4570 3324 4625 enim
3364 4566 3435 4624 de
3486 4568 3666 4639 seipso

346 4656 532 4732 μηδεὶς
562 4658 815 4719 ἀπόνοιαν
852 4658 1303 4738 καταγινωσκέτω
1336 4665 1427 4719 τοῦ
1471 4659 1711 4720 Παύλου.
1755 4662 1946 4720 Ταῦτα

342 4742 447 4823 γὰρ
495 4747 554 4805 οὗ
594 4749 715 4828 περὶ
761 4753 951 4809 ἑαυτοῦ
1004 4752 1212 4823 ἀληθῶς
1244 4773 1403 4829 φησιν
1438 4774 1452 4788 ο
1500 4752 1559 4809 οὗ
1593 4750 1698 4831 γὰρ
1743 4746 1947 4829 ἔκρινον

342 4834 504 4892 αὐτὸν
535 4832 672 4904 ὅλως
702 4862 715 4875 °
757 4839 875 4899 ἀλλ’
923 4837 1012 4897 ἵνα
1060 4839 1179 4907 τοὺς
1229 4839 1420 4908 ἄλλους
1464 4838 1539 4917 μὴ
1578 4839 1867 4920 κρίνωσιν,
1894 4842 1948 4899 ἐν

341 4928 421 5003 τῷ
452 4926 630 5008 οἰκείῳ
657 4927 933 5011 προσώπῳ
961 4935 1208 5009 κατορθοῖ
1236 4929 1265 4988 δ
1300 4929 1567 5009 βούλεται.

426 5042 451 5068 ιι
486 5013 626 5075 Ἀλλ’
658 5018 776 5077 οὐδὲ
811 5021 1041 5094 ἐμαυτὸν
1072 5020 1341 5102 ἀνακρίνω
1378 5042 1390 5054 ·
1429 5022 1576 5080 οὐδὲν
1629 5018 1735 5101 γὰρ
1779 5020 1950 5097 ἐμαυ-

341 5107 420 5182 τῷ
452 5105 667 5167 σύνοιδα
695 5131 709 5145 ο
764 5110 885 5167 ἀλλ’
930 5111 1027 5171 οὐκ
1064 5111 1117 5169 ἐν
1159 5110 1331 5192 τούτῳ
1382 5109 1735 5184 δεδικαίωμαι
1764 5134 1777 5147 ο
1820 5114 1848 5169 ὁ
1891 5110 1945 5171 δὲ

341 5196 636 5275 ἀνακρίνων
667 5222 734 5274 με
776 5198 975 5278 Κύριός
1028 5201 1161 5259 ἐστι.
1202 5228 1224 5252 ι»
1265 5198 1362 5270 Μὴ
1413 5199 1668 5277 νομίσητε
1701 5200 1745 5238 ⁷¹
1779 5246 1796 5278 ,
1847 5223 1950 5282 (ρη-

341 5284 459 5360 σὶν,
503 5284 585 5345 ὅτι
633 5289 770 5365 ὑμᾶς
823 5286 1193 5363 ἐξευτελίζων,
1342 5289 1463 5357 τοὺς
1500 5291 1693 5356 ἄλλους
1746 5291 1951 5356 πάντας

340 5373 684 5455 ἀνθρώπους,
743 5378 955 5449 ἀπαξιῶ
1007 5379 1276 5460 κρίνεσθαι
1315 5399 1329 5414 ·
1385 5382 1505 5438 ἀλλ’
1552 5378 1671 5438 οὐδὲ
1722 5380 1951 5455 ἐμαυτὸν

341 5465 524 5547 ἀρκεῖν
571 5470 810 5546 ἡγοῦμαι
840 5467 893 5508 ⁷³
924 5469 1055 5550 πρὸς
1092 5468 1187 5543 τὴν
1220 5469 1476 5543 τοιαύτην
1517 5469 1822 5551 ἀκρίϐειαν.
1867 5474 1951 5532 Οὐ

2056 4674 2169 4714 non
2210 4674 2397 4715 revera
2435 4658 2567 4716 dicit
2593 4664 2611 4727 (
2639 4675 2770 4715 nam
2797 4660 2979 4733 ipsum
3023 4649 3249 4716 omnino
3303 4674 3413 4714 non
3459 4656 3670 4731 judica-

2059 4753 2238 4822 bant),
2272 4752 2369 4810 sed
2409 4771 2476 4809 nc
2537 4753 2675 4810 alios
2723 4752 2995 4827 judicent,
3029 4755 3084 4812 in
3132 4753 3356 4830 propria
3409 4766 3667 4826 persona,

2057 4844 2205 4916 quod
2234 4844 2368 4913 vult,
2393 4844 2644 4917 corrigit.

2129 5027 2309 5082 Vsus.
2344 5033 2398 5085 4.
2438 5049 2462 5074 «ι
2495 5025 2601 5083 Sed
2659 5042 2837 5099 neque
2890 5026 3168 5099 meipsum
3222 5024 3482 5098 dijudico.
3518 5022 3668 5094 Nihil

2061 5115 2207 5171 enim
2234 5115 2375 5171 mihi
2418 5116 2680 5173 conscius
2715 5131 2879 5184 sum;
2916 5114 3013 5172 sed
3038 5131 3155 5170 non
3194 5115 3247 5170 in
3278 5114 3388 5169 hoc
3405 5110 3673 5185 justiﬁes-

2062 5212 2152 5261 tus
2172 5221 2317 5262 sum.
2352 5205 2458 5278 Qui
2483 5215 2670 5263 autem
2691 5221 2780 5262 me
2791 5204 3026 5278 judicat,
3064 5204 3340 5260 Dominus
3365 5210 3472 5258 est.
3527 5222 3553 5249 ι
3586 5201 3670 5257 Ne

2062 5296 2417 5367 existimetis,
2473 5296 2674 5370 inquit,
2724 5295 2875 5369 quod
2918 5293 3283 5366 villipendens
3326 5307 3422 5348 vos
3470 5290 3673 5346 aliosve

2062 5401 2280 5456 omnes,
2310 5385 2578 5460 dedigner
2624 5386 2859 5460 judicari
2912 5402 2925 5441 :
2980 5399 3113 5441 nam
3164 5398 3344 5456 neque
3391 5379 3671 5454 meipsum

2062 5474 2321 5534 sufﬁcere
2361 5493 2558 5535 censeo
2604 5476 2673 5534 ad
2703 5474 3024 5550 hujusmodi
3071 5483 3324 5533 exactum
3366 5469 3663 5545 judicium.

1744 5568 1934 5630 Variae
1976 5571 2282 5631 lectiones.

412 5662 462 5700 ⁷ο
541 5666 832 5760 διῃρημένοι
858 5668 1051 5760 ’κριταὶ
1111 5668 1359 5760 ἐκάθ-ηντο
1414 5666 1667 5760 λέγοντες.
1752 5664 1811 5721 Ὀ
1898 5670 2040 5724 δεῖνα
2089 5672 2179 5723 τοῦ
2237 5668 2382 5722 δεῖνα
2427 5667 2682 5760 ¹κρείττων
2735 5682 2748 5697 ο

2838 5665 2867 5718 ὁ
2934 5666 3076 5719 δεῖνα
3136 5664 3460 5736 λογιώτερος.
3531 5660 3674 5716 Ἐπεὶ

337 5739 429 5800 οὖν
496 5763 575 5804 m.
837 5749 1049 5821 judices
1097 5749 1354 5805 sedebant
1407 5748 1659 5805 dicentes.
1720 5751 1815 5806 Hic
1842 5751 1938 5806 illo
1980 5753 2197 5817 melior;
2256 5752 2341 5807 hic
2387 5750 2739 5819 eloquentior.
2794 5749 2925 5805 Cum
2972 5763 3117 5818 ergo.
3193 5744 3233 5781 ⁷¹
3293 5744 3528 5818 νομίζητε
3584 5759 3661 5799 m-

339 5826 385 5862 7’
411 5825 692 5903 ἡγούμενος
721 5844 777 5887 ο.
