4090 6414
459 461 516 514 61
536 462 553 514 1
1481 461 1568 517 ΤΗ
1577 460 1994 518 EOPHYLACTI
2034 463 2393 523 BULGARUE
2430 468 2749 525 ARCHIEP.

3661 480 3767 534 6l2

453 584 579 640 Non
605 583 750 640 enim
778 584 1034 642 conscius
1060 599 1186 642 sum
1211 585 1350 642 mihi
1369 585 1601 660 alicujus
1631 588 1834 660 lapsus,
1852 589 2038 664 quippe

2165 591 2378 653 σύνοιδα
2411 593 2506 674 μὲν
2547 594 2649 676 γὰρ
2703 598 2920 678 ἐμαυτῷ
2967 598 3214 676 πταῖσμά
3248 624 3332 673 τι,
3374 599 3467 660 ἅτε
3498 601 3574 681 μὴ
3608 604 3766 663 δυνά-

453 672 545 745 qui
580 681 730 731 recte
767 681 822 731 et
848 683 1039 732 exacte
1065 674 1228 749 142
1248 675 1507 749 judicare
1544 693 1759 752 nequeo
1789 699 1801 735 :
1836 696 2053 738 verum-

449 771 636 820 tamen
679 763 735 820 in
783 763 891 823 hoc
944 781 1057 822 non
1077 766 1406 838 justificatus
1457 784 1603 839 sum,
1659 769 1764 827 hoc
1806 779 1908 839 est,
1940 787 2051 828 non

452 869 574 910 sum
602 871 769 926 purus
799 865 1096 928 apeccato.
1148 857 1454 916 Verisimile
1512 875 1756 933 namque
1807 869 1910 929 est,
1956 877 2050 919 me

453 953 674 1017 peccata
701 947 976 1019 quaepiam
997 947 1307 1019 admisisse,
1334 965 1421 1006 me
1445 958 1630 1006 tamen
1658 951 1912 1023 ignorare
1941 968 2004 1009 ea
2032 972 2046 1010 :

452 1036 725 1092 Dominus
767 1045 950 1093 autem
997 1038 1148 1095 solus
1181 1048 1268 1096 est
1307 1040 1400 1112 qui
1430 1039 1796 1098 infallibiliter
1838 1051 2052 1100 exacte-

450 1140 555 1196 que
575 1125 809 1200 judicat.
861 1128 1008 1185 Hinc
1028 1128 1149 1201 jam
1204 1137 1422 1202 reputa,
1481 1147 1650 1204 quam
1719 1141 1908 1190 exacta
1944 1133 2049 1192 erit

447 1214 723 1290 indagatio
739 1216 912 1275 futuri
930 1219 1149 1292 judicii.

519 1309 703 1365 Vens.
735 1313 788 1364 5.
834 1332 861 1359 σι
891 1313 1081 1382 itaque
1101 1326 1168 1368 ne
1198 1319 1328 1368 ante
1370 1319 1592 1385 tempus
1627 1313 1929 1387 quidquam
1957 1314 2047 1388 ju-

446 1395 661 1468 dicetis,
715 1399 862 1472 quod
941 1416 1112 1474 usque
1183 1401 1363 1459 veniat
1411 1404 1705 1461 Dominus.
1767 1429 1793 1455 ν
1851 1404 2045 1463 Viden’

447 1496 738 1561 propterea
787 1489 904 1547 haec
926 1491 1156 1548 Paulum
1181 1492 1402 1563 dixisse,
1453 1510 1522 1550 ne
1550 1493 1641 1552 alii
1671 1511 1703 1552 a
1747 1495 2044 1554 Corinthiis

440 1577 777 1651 judicentur,
804 1596 919 1638 non
943 1590 1134 1639 autem
1154 1591 1380 1656 propter
1424 1584 1669 1658 seipsum
1702 1587 1727 1641 Ρ
1756 1587 1836 1643 Ita
1882 1602 2040 1644 nam-

447 1685 554 1742 que
584 1669 738 1727 divus
759 1673 960 1729 Paulus
992 1681 1251 1746 perpetuo
1273 1675 1446 1743 solet,
1479 1691 1604 1748 quae
1630 1675 1861 1734 alterius
1890 1686 2040 1749 sunt,

446 1759 500 1814 in
557 1760 834 1833 propriam
887 1762 1186 1821 transferre
1256 1779 1568 1837 personam,
1623 1765 1794 1840 inque
1858 1766 2040 1841 seipso

441 1848 660 1920 docere,
707 1851 858 1925 quod
911 1862 993 1911 est
1036 1855 1320 1912 docturus.

517 1963 543 1990 α
577 1941 684 2011 Qui
755 1950 812 2000 et
857 1943 1195 2002 illuminabit
1224 1944 1546 2004 abscondita
1586 1947 1964 2017 tenebrarum,
1987 1955 2040 2004 et

2163 707 2316 759 μενος
2347 688 2514 766 ὀρθῶς
2543 686 2736 768 κρίνειν
2772 687 2863 746 καὶ
2889 688 3142 768 ἀκριϐῶς.
3177 717 3202 742 κ
3237 689 3390 764 Πλὴν
3421 693 3517 751 οὐκ
3549 694 3601 752 ἐν
3642 692 3764 754 τού-

2157 797 2235 855 τῳ
2266 776 2618 853 δεδικαίωμαι
2649 801 2662 815 ο
2698 805 2720 831 ι
2756 777 3028 838 τουτέστιν
3054 825 3070 853 ,
3105 784 3221 842 Οὐκ
3255 781 3364 860 εἰμὶ
3395 782 3622 864 καθαρὸς
3658 783 3765 844 ἀπὸ

2160 862 2444 952 ἁμαρτίας.
2487 867 2641 935 Εἰκὸς
2676 867 2779 950 γὰρ
2813 873 3163 948 ἡμαρτῆσθαι
3212 872 3307 948 μέν
3342 872 3433 950 μοί
3473 862 3593 933 τινα
3616 919 3633 948 ,
3666 873 3762 952 ἐμὲ

2159 951 2214 1046 δὲ
2248 957 2454 1033 ἀγνοεῖν
2483 962 2655 1018 ταῦτα
2687 982 2700 995 ο
2732 961 2760 1017 6
2803 957 2854 1016 δὲ
2915 960 3105 1041 Κύριος
3154 962 3308 1039 μόνος
3349 963 3494 1022 ἐστὶν
3531 952 3573 1024 δ
3615 951 3760 1046 ἀκρι-

2156 1042 2260 1136 ϐῶς
2291 1047 2403 1106 ’καὶ
2462 1050 2713 1132 ἀσφαλῶς
2759 1068 2844 1130 κρι
2880 1076 2995 1114 νων.
3037 1051 3314 1113 Ἐντεῦθεν
3362 1054 3418 1114 δέ
3468 1079 3559 1134 μοι
3611 1042 3761 1136 λοχί-

2155 1135 2274 1210 ζου,
2306 1137 2447 1211 πόση
2472 1141 2570 1212 τῆς
2603 1141 2897 1218 μελλούσης
2936 1141 3159 1221 κρίσεως
3200 1144 3472 1227 ἀκρίϐεια.

2237 1351 2259 1378 ι
2291 1311 2462 1378 ιὨστε
2506 1319 2602 1399 μὴ’
2628 1321 2732 1402 πρὸ
2775 1325 2962 1404 καιροῦ
3010 1347 3062 1382 τι
3109 1323 3313 1404 κρίνετε
3338 1367 3354 1397 ,
3407 1325 3504 1393 ἕως
3539 1325 3600 1384 ἂν
3635 1324 3758 1408 ἔλθῃ

2152 1428 2179 1484 6
2214 1422 2427 1503 Κύριος.
2473 1443 2499 1468 ιι
2528 1412 2730 1503 Ὁρᾷς,
2773 1410 2855 1471 ὅτι
2884 1412 2972 1473 διὰ
3002 1413 3062 1472 τὸ
3078 1415 3186 1503 ῌμή
3229 1415 3499 1496 κρίνεσθαι
3547 1415 3758 1496 ἑτέρους

2149 1494 2316 1596 παρὰ·
2350 1511 2453 1569 τῶν
2498 1502 2798 1596 Κορινθίων
2839 1508 3011 1596 ταῦτα
3060 1494 3204 1564 εἶπεν
3250 1494 3278 1564 6
3332 1508 3582 1583 Παῦλος,
3635 1494 3755 1589 οὐχὶ

2150 1605 2208 1665 δὲ
2236 1595 2316 1664 δι’
2350 1595 2574 1670 ἔαυτόν;
2635 1597 2887 1663 Τοιοῦτος
2939 1595 3042 1676 γὰρ
3085 1599 3114 1654 6
3155 1598 3400 1671 Παῦλος,
3447 1596 3531 1656 ἀεὶ
3580 1599 3652 1666 εἷς
3695 1597 3758 1658 τὸ
3857 1675 3862 1680 ο

2148 1699 2340 1757 οἰκεῖον
2390 1689 2678 1772 πρόσωπον
2728 1685 3116 1766 ἀναδεχόμενος
3140 1685 3209 1747 τὰ
3240 1689 3346 1746 τῶν
3395 1687 3627 1769 ἐτέρων,
3663 1688 3753 1750 καὶ

2147 1788 2201 1846 ἓν
2234 1787 2384 1866 αὐτῷ
2409 1778 2700 1853 διδάσκων,
2729 1776 2763 1837 ἃ
2794 1775 2979 1857 μέλλει
3005 1777 3297 1838 διδάσκειν.

2236 1986 2260 2012 η
2308 1955 2414 2024 ⁸ος
2461 1952 2553 2013 καὶ
2589 1950 2806 2031 φωτίσει
2856 1949 2922 2011 τὰ
2967 1949 3178 2032 κρυπτὰ
3233 1955 3324 2011 τοῦ
3344 1947 3596 2026 σκότους,
3659 1955 3749 2014 καὶ

441 2031 817 2090 manifestabit
844 2033 1072 2092 consilia
1105 2035 1377 2093 cordium.
1421 2060 1447 2087 ιο
1488 2039 1649 2095 Nunc
1673 2037 1917 2111 quidem,
1942 2039 2038 2107 ait,

2152 2049 2446 2132 φανερώσει
2488 2042 2582 2111 τὰς
2616 2043 2807 2124 βουλὰς
2854 2044 2957 2101 τῶν
3002 2031 3254 2122 καρδιῶν.
3283 2069 3317 2132 γ»
3349 2043 3462 2104 Νῦν
3495 2041 3616 2132 μὲν³
3643 2067 3754 2126 φη-

440 2122 852 2181 absconduntur
883 2141 1045 2198 prava
1087 2141 1254 2199 opera
1294 2127 1432 2195 (haec
1462 2129 1607 2185 enim
1664 2136 1797 2184 sunt
1835 2152 1859 2178 α
1911 2128 2037 2186 abs-

441 2214 659 2270 condita
690 2215 1046 2274 tenebrarum
1099 2239 1124 2267 ιι
1171 2222 1213 2287 ),
1247 2225 1303 2274 et
1341 2234 1721 2292 smpenumero
1771 2219 2037 2292 quispiam

439 2304 643 2361 virtute
689 2321 809 2363 esse
839 2306 1102 2380 prmditus
1132 2316 1378 2381 apparet,
1417 2325 1549 2366 cum
1576 2308 1646 2366 sit
1695 2309 1958 2382 profanus
1983 2319 2038 2368 et

438 2403 756 2468 corruptus.
783 2398 941 2454 Tunc
965 2405 1148 2455 autem
1198 2401 1352 2456 Deus
1395 2400 1657 2457 revelabit
1685 2401 1892 2469 omnia,
1924 2401 2036 2458 imo

438 2494 495 2542 et
543 2487 796 2544 cordium
851 2488 1072 2546 consilia
1111 2489 1169 2545 in
1221 2489 1404 2546 lucem
1467 2489 1726 2564 proferet.
1784 2491 2036 2564 Exempli

437 2578 612 2651 gratia
645 2600 656 2635 :
709 2579 816 2635 Hic
837 2579 1124 2653 quisquam
1152 2579 1442 2654 praeconiis
1471 2597 1804 2656 quemquam
1837 2582 1985 2640 vehit
2019 2603 2032 2640 :

438 2681 505 2722 en
532 2684 653 2725 rem
673 2668 904 2739 bonam,
931 2671 1030 2728 sed
1054 2673 1324 2728 sententia
1368 2671 1600 2730 fortasse
1622 2673 2030 2747 corrumpitur:

436 2773 566 2814 nam
596 2775 711 2816 non
734 2759 882 2818 bono
909 2760 1050 2818 forte
1079 2761 1261 2819 isthuc
1304 2779 1473 2836 scopo
1505 2763 1634 2837 agit.
1669 2767 1909 2832 Rursus,
1941 2780 2034 2821 re-

438 2847 730 2920 prehendit
753 2849 845 2906 hic
882 2852 1196 2925 quempiam
1252 2853 1470 2925 aliquis,
1524 2861 1583 2909 at
1649 2867 1762 2911 non
1810 2856 1868 2911 in
1909 2870 2032 2914 eum

439 2936 631 3008 ﬁnem,
664 2948 728 2996 ut
767 2940 1082 3013 patefaciat,
1113 2941 1209 2999 sed
1241 2951 1304 2998 ut
1339 2941 1597 3016 corrigat,
1622 2941 1808 3002 fratris
1837 2961 2035 3018 pecca—

434 3036 576 3086 tum.
605 3032 786 3103 Atque
831 3030 1148 3105 hujusmodi
1194 3033 1486 3091 innumera
1523 3034 1772 3092 cordium
1811 3037 2034 3095 consilia

435 3126 569 3176 tunc
595 3127 932 3194 retegentur.

511 3235 534 3260 ιι
558 3214 717 3269 Tunc
741 3212 1050 3285 uniquique
1075 3213 1197 3269 laus
1218 3212 1322 3268 erit
1342 3228 1372 3268 a
1407 3215 1546 3269 Deo.
1573 3212 1621 3285 ξ»
1656 3211 1808 3270 Ordo
1839 3220 2033 3286 postu-

2151 2123 2738 2220 (τίη-ἀποκρύπτονται
2785 2134 2839 2192 αἱ
2887 2132 3123 2212 πονηραὶ
3163 2131 3380 2213 πράξεις
3423 2123 3620 2210 (αὗται
3651 2123 3754 2218 νὰρ

2159 2253 2185 2289 (ι
2215 2230 2281 2289 τὰ
2315 2227 2526 2312 κρυπτὰ
2550 2231 2646 2312 τοῦ
2681 2223 2900 2292 σκότους
2930 2223 2982 2260 ⁷³
3018 2225 3102 2301 ιν),
3150 2221 3242 2282 καὶ
3269 2222 3529 2294 πολλάκις
3572 2225 3754 2306 ἐνάρε-

2145 2320 2230 2388 τός
2282 2302 2366 2388 τις
2406 2315 2550 2377 δοκεῖ
2592 2302 2756 2389 εἶναι,
2802 2311 3027 2392 βέϐηλος
3079 2309 3150 2370 ὢν
3201 2313 3294 2372 καὶ
3348 2302 3745 2396 διεφθαρμένος.

2146 2410 2282 2471 Τότε
2319 2407 2375 2468 δὲ
2413 2411 2442 2467 6
2470 2405 2608 2474 Θεὸς
2638 2402 2978 2485 ἀποκαλύψει
3019 2403 3196 2462 πάντα
3219 2448 3235 2481 ,
3281 2402 3368 2485 ναὶ
3399 2404 3505 2481 μὴν
3538 2405 3628 2464 καὶ
3658 2405 3754 2474 τὰς

2147 2499 2341 2581 βουλὰς
2401 2502 2507 2558 τῶν
2562 2496 2790 2578 καρδιῶν
2864 2484 3178 2577 φανερώσει.
3247 2484 3378 2554 Οἶον
3412 2517 3426 2532 ·
3485 2494 3752 2556 Ἐνταῦθα

2146 2593 2356 2652 ἐπαιτεῖ
2406 2589 2484 2656 τίς
2529 2609 2684 2646 τινα·
2731 2583 2843 2643 ἰδοὺ
2887 2584 2948 2644 τὸ
3009 2593 3237 2667 πρᾶγμα
3294 2584 3494 2660 καλὸν,
3551 2585 3670 2645 ἀλλ’
3716 2590 3750 2659 ἡ

2148 2679 2312 2762 βουλὴ
2346 2681 2474 2746 ἴσως
2527 2675 2838 2758 διέφθαρται
2872 2700 2883 2712 ·
2909 2675 3071 2755 τυχὸν
3108 2675 3211 2756 γὰρ
3256 2675 3314 2733 οὗ
3348 2678 3534 2757 σκοπῷ
3566 2677 3752 2757 ἀγαθῷ

2143 2777 2298 2832 τοῦτο
2329 2768 2488 2832 ποιεῖ.
2534 2767 2742 2837 Πάλιν,
2802 2767 3064 2846 διελέγχει
3119 2764 3274 2838 δῆθέν
3317 2790 3470 2841 τινα,
3501 2767 3623 2825 ἀλλ’
3655 2768 3753 2846 οὐχ

2144 2859 2281 2923 ὥστε
2335 2857 2748 2942 διορθώσασθαι,
2799 2857 2918 2915 ἀλλ’
2958 2855 3097 2915 ὥστε
3131 2859 3500 2934 ἐκπομπεῦσαι
3548 2856 3616 2915 τὰ
3653 2860 3750 2916 τοῦ

2146 2954 2398 3036 ἀδελφοῦ.
2454 2948 2564 3011 Καὶ
2597 2947 2784 3028 μυρίαι
2826 2951 3066 3006 τοιαῦται
3123 2947 3314 3026 βουλαὶ
3366 2947 3601 3029 καρδιῶν
3629 2947 3749 3008 τότε

2145 3039 2613 3126 φανερωθήσονται
2643 3038 2692 3078 ⁷³
2704 3084 2719 3102 .

2229 3245 2253 3270 ιι
2281 3213 2417 3277 Τότε
2450 3215 2478 3272 6
2499 3211 2709 3279 ἔπαινος
2729 3207 3010 3290 γενήσεται
3036 3207 3247 3289 ἑκάστῳ
3276 3208 3384 3268 ἀπὸ
3405 3211 3498 3268 τοῦ
3528 3212 3694 3273 Θεοῦ.
3725 3237 3750 3263 1

434 3300 602 3371 labat,
636 3309 698 3358 ut
721 3301 958 3368 diceret,
1004 3302 1086 3359 vel
1128 3317 1293 3374 pcena
1351 3303 1434 3358 vel
1466 3301 1583 3358 laus
1617 3319 1630 3357 :
1666 3310 1933 3360 caeterum
1981 3303 2036 3360 in

2153 3306 2460 3369 Ἀκόλουθον
2511 3293 2574 3376 ἦν
2609 3304 2774 3362 εἰπεῖν
2800 3323 2814 3338 ο
2847 3298 2924 3361 Ἢ
2956 3298 3186 3382 τιμωρία
3217 3298 3252 3372 ἢ
3288 3303 3315 3359 6
3345 3297 3556 3370 ἔπαινος
3578 3324 3591 3339 ·
3631 3299 3750 3360 ἀλλ’

433 3390 724 3447 meliorem
748 3398 964 3465 partem
985 3407 1305 3449 sermonem
1325 3391 1626 3448 transtulit.

502 3483 689 3539 Vnus.
715 3488 768 3538 6.
803 3505 827 3532 α
859 3483 998 3540 Hac
1024 3491 1231 3551 autem,
1291 3481 1488 3539 fratres
1526 3481 1657 3552 mei,
1695 3483 1952 3539 transtuli
1979 3483 2034 3539 in

429 3586 519 3628 me
539 3579 593 3627 et
611 3573 812 3646 Apollo
843 3581 1070 3646 pr0pter
1113 3587 1234 3641 vos,
1260 3579 1324 3629 ut
1360 3570 1584 3629 discetis
1615 3571 1673 3628 in
1704 3571 1885 3641 nobis,
1914 3586 2029 3629 non

427 3677 593 3735 supra
624 3662 677 3719 id
702 3662 851 3736 quod
875 3662 1143 3736 scriptum
1175 3671 1281 3733 est,
1321 3678 1528 3736 sapere.
1566 3685 1591 3711 υ
1625 3692 1698 3704 -
1740 3685 1765 3711 α
1807 3665 1965 3733 Haec,
2004 3687 2027 3712 ››

426 3767 632 3827 nempe
663 3768 786 3826 quae
810 3769 973 3826 supra
999 3752 1149 3811 dicta
1179 3761 1311 3810 sunt
1349 3751 1421 3810 de
1469 3752 1926 3822 dissensionibus,
1979 3761 2035 3810 et

423 3858 546 3916 quae
592 3843 848 3918 deinceps
878 3843 949 3900 de
976 3861 1090 3901 non
1140 3843 1446 3917 judicando
1497 3842 1659 3901 alios.
1692 3845 1791 3911 Ut,
1827 3844 2028 3915 inquit,

427 3950 521 4006 per
565 3943 816 3992 nostram
870 3950 1169 4008 personam
1213 3933 1442 3991 discatis
1487 3950 1602 3991 non
1645 3949 1844 4006 sapere
1885 3935 2033 3990 ultra

429 4040 598 4097 quam
643 4026 916 4098 scriptum
966 4033 1070 4082 est.
1099 4024 1248 4081 Dicit
1296 4024 1445 4082 enim
1481 4024 1787 4097 Scriptura,
1831 4024 2036 4081 docens

427 4122 490 4169 ut
517 4130 629 4170 non
683 4115 1017 4171 extollamur
1049 4133 1062 4169 :
1095 4137 1120 4163 α
1149 4107 1177 4146 λ
1219 4114 1325 4186 Qui
1356 4113 1474 4170 vult
1522 4129 1641 4170 esse
1696 4114 1932 4186 primus,
1962 4114 2033 4170 sit

426 4203 572 4259 inter
597 4219 695 4260 vos
717 4212 1033 4277 postremus
1065 4226 1077 4263 :
1111 4229 1136 4252 »
1179 4211 1256 4274 et,
1294 4227 1315 4254 ι
1361 4212 1401 4240 ιιι
1433 4204 1537 4275 Qui
1573 4205 1816 4276 seipsum
1842 4203 2031 4260 humi—

432 4293 552 4363 liat,
583 4294 920 4351 exaltabitur
950 4313 964 4351 :
1001 4318 1028 4344 »
1060 4293 1226 4368 idque
1253 4309 1428 4367 genus
1457 4295 1560 4351 alia
1588 4294 1909 4352 innumera.
1949 4298 2031 4351 De

432 4399 543 4439 non
562 4384 862 4457 judicando
891 4394 1078 4443 autem
1110 4403 1124 4441 :
1159 4409 1184 4434 α
1218 4394 1245 4422 ιι
1274 4385 1459 4442 Nolite
1478 4384 1744 4458 judicare,
1795 4400 1864 4441 ne
1884 4383 2028 4457 judi~

434 4474 658 4532 cemini.
679 4499 704 4526 υ

504 4568 587 4622 Ne
632 4567 770 4622 alter
825 4565 1095 4624 adversus
1151 4567 1392 4622 alterum
1440 4563 1712 4621 inﬂemiui
1744 4563 1816 4621 de
1843 4564 1972 4622 alio.
2000 4589 2024 4615 ιο

2059 4611 2109 4674 D

2143 3402 2216 3468 εἷς
2243 3396 2302 3457 τὸ
2332 3392 2693 3476 εὐφημότερον
2727 3391 2954 3451 ἀπέθετο
2983 3389 3070 3450 τὸν
3101 3389 3280 3471 λόγον.

2229 3515 2255 3542 α
2317 3489 2508 3549 Ταῦτα
2553 3483 2643 3559 δὲ,
2697 3482 2916 3566 ἀδελφοί
2983 3506 3122 3558 μου,
3181 3480 3632 3564 μετεσχημάτισα
3674 3483 3748 3548 εἷς

2143 3577 2372 3655 ἐμαυτὸν
2404 3575 2496 3637 καὶ
2528 3573 2769 3636 Ἀπολλὼ
2803 3575 2874 3632 δι’
2903 3576 3043 3651 ὑμᾶς
3066 3618 3082 3647 ,
3136 3569 3224 3631 ἵνα
3259 3574 3313 3632 ἐν
3365 3578 3494 3649 ἡμῖν
3543 3572 3747 3650 μάθητε

2138 3669 2198 3730 τὸ
2227 3667 2302 3749 μὴ
2333 3665 2467 3746 ὑπὲρ
2493 3664 2521 3726 ὃ
2549 3663 2851 3745 γέγραπται
2873 3667 3101 3746 φρονεῖν.
3131 3689 3272 3718 ν-ιι
3300 3665 3519 3742 Ταῦτα,
3550 3662 3660 3722 »τά
3689 3685 3744 3722 τε

2143 3758 2392 3838 ἀνωτέρω
2453 3753 2677 3839 ῥηθέντα
2750 3753 2872 3835 περὶ
2929 3756 3036 3812 τῶν
3087 3755 3481 3833 διχοστασιῶν,
3534 3753 3627 3814 καὶ
3679 3751 3745 3813 τὰ

2140 3851 2420 3932 προσεχῶς
2453 3845 2574 3926 περὶ
2621 3849 2726 3904 τῶν
2756 3843 3182 3924 κατακρινόντων
3227 3841 3451 3923 ἑτέρους.
3485 3865 3514 3902 ι)
3551 3841 3677 3905 Ἵνα
3718 3865 3746 3901 ιι

2141 3939 2306 4021 φησὶ,
2339 3937 2428 3998 διὰ
2476 3940 2572 3995 τοῦ
2601 3933 2864 4014 ἡμετέρου
2911 3933 3202 4014 προσώπου
3244 3955 3275 3992 (ι
3307 3934 3516 4010 μάθητε
3568 3933 3628 3993 τὸ
3673 3933 3748 4011 μὴ

2141 4035 2346 4110 φρονεῖν
2377 4025 2512 4107 ὑπὲρ
2543 4024 2571 4084 8
2599 4023 2918 4103 γέγραπται.
2956 4050 2980 4076 ι
3014 4022 3177 4102 Λέγει
3206 4021 3309 4104 γὰρ
3343 4023 3595 4110 ἡ“Γραφὴ
3625 4022 3750 4104 περὶ

2141 4101 2238 4198 μὲν
2289 4122 2383 4176 τοῦ
2434 4101 2508 4196 μῆ
2588 4101 2898 4195 ἐπαίρεσθαι
2937 4136 2952 4151 ο
3001 4111 3071 4173 ⁸0
3110 4101 3293 4171 θέλων
3350 4101 3485 4170 εἶναι
3535 4101 3749 4191 πρῶτος

2138 4209 2279 4268 ἔστω
2324 4206 2539 4266 πάντων
2591 4203 2818 4285 ἔσχατος
2846 4227 2858 4241 ’
2896 4231 2921 4256 ιι
2976 4202 3099 4278 καὶ,
3143 4231 3167 4254 «ι
3209 4201 3280 4263 Ὃ
3323 4204 3590 4262 ταπεινῶν
3622 4205 3749 4262 ἐαυ-

2137 4298 2228 4358 τὸν
2271 4296 2611 4381 ὑψωθήσεται
2645 4319 2659 4333 θ
2691 4317 2720 4353 ι)
2759 4293 2849 4354 καὶ
2887 4293 3052 4374 μυρία
3084 4297 3326 4354 τοιαῦτα.
3380 4291 3518 4374 Περὶ
3565 4291 3619 4352 δὲ
3655 4297 3748 4371 τοῦ

2141 4389 2216 4467 μὴ
2251 4388 2448 4470 κρίνειν
2477 4411 2490 4424 °
2547 4414 2573 4440 σι
2602 4383 2694 4460 Μὴ
2729 4383 2944 4467 κρίνητε
2975 4384 3182 4466 [vulg.
3237 4383 3501 4466 κρίνετε],
3545 4381 3632 4443 ἵνα
3670 4383 3746 4463 μὴ

2137 4483 2353 4562 κριθῆτε
2382 4478 2454 4539 ⁷⁵.
2491 4499 2522 4538 ι)

2224 4596 2247 4624 σι
2277 4566 2400 4630 Ἵνα
2432 4568 2506 4646 μὴ
2556 4556 2627 4635 εἷς
2665 4563 2797 4646 ὓπὲρ
2847 4570 2939 4625 τοῦ
2983 4565 3095 4634 ἑνὸς
3125 4568 3408 4648 φυσιοῦσθε
3461 4562 3603 4624 κατὰ
3652 4569 3744 4625 τοῦ

432 4654 621 4711 Isthuc
653 4655 722 4712 ad
738 4657 1004 4729 populum
1043 4655 1195 4712 dicit.
1227 4655 1557 4712 Doctrinam
1586 4653 1736 4711 enim
1761 4654 1952 4723 variat,
1977 4663 2036 4711 et

2145 4658 2343 4742 ἑτέρου.
2378 4682 2407 4718 ι)
2455 4661 2632 4720 Τοῦτο
2671 4659 2800 4738 πρὸς
2835 4656 2925 4716 τὸν
2968 4656 3097 4716 λαόν
3147 4680 3296 4737 φησι.
3336 4653 3614 4716 Ποικίλλει
3643 4653 3747 4736 γὰρ

431 4745 712 4802 interdum
739 4745 801 4802 in
823 4745 1142 4818 discipulos,
1172 4745 1452 4802 interdum
1479 4753 1666 4802 autem
1700 4744 1760 4801 in
1780 4743 2037 4802 doctores

435 4843 489 4891 et
514 4836 866 4908 magistratus
894 4822 1192 4906 invehitur,
1226 4835 1449 4909 perinde
1476 4851 1539 4893 ac
1571 4835 1683 4908 jam
1707 4851 1856 4892 nunc
1887 4835 2033 4892 facit.

433 4926 652 4983 Etenim
679 4926 971 4984 doctorum
996 4927 1222 4985 nomine
1240 4927 1606 4985 inflabantur.
1640 4925 1888 4999 Exempli
1917 4943 2033 5000 gra-

434 5016 513 5073 tia
544 5034 558 5072 :
593 5017 697 5089 Qui
746 5016 894 5074 hunc
941 5017 1229 5075 doctorem
1262 5017 1520 5086 habebat,
1571 5017 1831 5074 adversus
1861 5016 2031 5089 hujus

432 5106 764 5180 discipulum
814 5107 978 5166 valde
1017 5109 1392 5182 superbiebat,
1426 5108 1498 5165 ob
1529 5123 1693 5165 suum
1744 5107 2031 5164 doctorem

430 5197 688 5256 adversus
712 5198 940 5256 alterius
961 5199 1250 5257 doctorem
1274 5198 1524 5256 inﬂatus.
1573 5197 1810 5255 Pulchre
1840 5205 2030 5254 autem

430 5304 550 5362 rem
575 5289 754 5364 ipsam
798 5290 1144 5348 inﬂationem
1187 5291 1514 5360 nominavit,
1545 5289 1712 5346 veluti
1751 5287 1912 5346 tuber
1963 5303 2030 5345 ac

430 5387 732 5452 tumorem,
759 5398 856 5456 per
883 5382 1272 5458 metaphoram
1300 5382 1547 5456 corporis
1586 5396 1754 5455 pravo
1798 5379 2034 5438 humore

435 5471 520 5528 vel
548 5474 745 5547 spiritu
764 5473 963 5532 inﬂati.

2145 4748 2242 4824 τὴν
2293 4749 2679 4823 διδασκαλίαν,
2729 4747 2820 4807 καὶ
2855 4745 2985 4806 ποτὲ
3035 4747 3132 4825 μὲν
3160 4747 3290 4826 πρὸς
3340 4745 3460 4812 τοὺς
3504 4745 3748 4823 μαθητὰς

2146 4839 2516 4917 ἀποτείνεται,
2571 4837 2699 4899 ποτὲ
2760 4835 2815 4895 δὲ
2873 4836 3003 4917 πρὸς
3064 4835 3185 4904 τοὺς
3245 4834 3598 4902 διδασκάλους
3655 4835 3746 4894 καὶ

2142 4929 2262 4998 τοὺς
2315 4929 2609 5013 ἄρχοντας,
2657 4925 2840 5006 ὥσπερ
2890 4926 2952 4998 δὴ
2985 4924 3090 5013 καὶ
3131 4929 3243 4984 νῦν.
3303 4924 3412 4985 Kal
3459 4923 3561 5005 γὰρ
3614 4925 3745 5006 ὑπὲρ

2136 5025 2240 5080 τῶν
2272 5005 2610 5078 διδασκάλων
2642 5005 2968 5098 ἐφυσιοῦντο.
3012 5005 3144 5076 Οἶον
3167 5058 3183 5087 ,
3234 5017 3260 5074 6
3289 5015 3440 5074 τόνδε
3492 5013 3628 5095 ἔχων
3665 5005 3743 5074 8t-

2139 5111 2410 5172 δάσκαλον
2457 5107 2597 5169 κατὰ
2644 5109 2797 5166 τοῦδε
2829 5111 2916 5165 τοῦ
2953 5109 3192 5185 μαθητοῦ
3226 5106 3278 5143 ⁷6
3316 5105 3455 5185 μέγα
3503 5104 3740 5188 ἐφρόνει,

2139 5198 2272 5282 ὑπὲρ
2319 5204 2410 5260 τοῦ
2467 5196 2660 5258 οἰκείου
2709 5194 3029 5256 διδασκάλου
3077 5195 3419 5278 φυσιούμενος
3466 5194 3606 5256 κατὰ
3653 5200 3744 5256 τοῦ

2144 5292 2345 5374 ἑτέρουξ
2374 5287 2719 5350 διδασκάλου.
2765 5288 2962 5355 Καλῶς
3006 5285 3061 5346 δὲ
3105 5286 3166 5346 τὸ
3211 5294 3436 5370 πρᾶγμα
3486 5286 3742 5368 φυσίωσιν

2143 5381 2453 5461 ὠνόμασεν,
2505 5377 2662 5440 οἱονεὶ
2709 5377 2862 5459 ὄγκον
2893 5376 2986 5438 καὶ
3019 5377 3248 5455 οἴδημα,
3298 5377 3403 5437 ἀπὸ
3442 5385 3746 5460 μεταφορᾶς

2144 5472 2392 5552 σώματος
2447 5467 2789 5556 φυσηθέντοςί
2832 5467 2935 5528 ὕπὸ
2981 5473 3218 5553 πονηροῦ
3268 5473 3443 5551 χυμοῦ
3498 5466 3534 5540 ἢ
3586 5465 3746 5530 πνεύ-

2148 5586 2334 5642 ματος.

504 5657 530 5694 ¹⁶
563 5661 756 5720 Matth.
799 5679 904 5735 xx,
935 5669 1025 5720 27.
1103 5673 1141 5700 ιη
1169 5662 1368 5721 Matth.
1395 5678 1583 5734 xxur,
1613 5667 1699 5718 12.
1777 5670 1802 5697 ιι
1835 5660 2038 5718 Matth.
2066 5677 2175 5733 vn,
2211 5669 2264 5720 1.

1853 5752 2046 5812 Variae
2087 5753 2388 5813 lectiones.

504 5842 548 5879 7’
587 5844 780 5916 κόσμου
808 5859 861 5900 0.
939 5842 982 5876 7"
1008 5844 1309 5912 φανήσονται
1338 5859 1394 5901 0.
1467 5843 1512 5879 ’⁷⁵
1541 5844 1623 5897 καὶ
1652 5841 1709 5896 οὖ
1740 5839 1808 5917 μὴ
1838 5843 2036 5915 κριθῆτε
2066 5859 2100 5901 ο

2199 5842 2244 5877 τδ
2272 5840 2577 5897 διδασκάλου
2599 5856 2650 5899 0.
