4090 6450
339 472 445 526 613

1230 477 1582 535 EXPOSITIO
1623 481 1691 536 IN
1732 480 1940 539 EPIST.
1979 482 1998 537 Ι
2037 482 2128 538 AD
2170 480 2330 537 COR.
2362 510 2432 524 —-
2468 480 2619 537 CAP.
2662 482 2751 536 IV.

3551 484 3654 539 614

424 624 446 648 ι
473 595 569 664 Τίς
598 597 703 678 γάρ
735 622 795 657 σε
840 599 1126 681 διακρίνει;
1167 602 1220 660 τί
1264 602 1319 661 δὲ
1346 604 1484 685 ἔχεις
1519 604 1548 665 ὃ
1577 608 1672 667 οὐκ
1712 605 1914 684 ἔλαϐες

2128 607 2289 681 143
2320 610 2502 665 Vsus.
2534 612 2590 664 7.
2621 630 2647 656 σι
2674 606 2811 678 Quis
2838 606 2987 664 enim
3010 613 3064 662 te
3081 605 3500 680 dijudicat?aut
3516 608 3651 681 quid

341 687 393 744 εἰ
420 685 475 745 δὲ
499 686 590 746 καὶ
615 687 841 767 ἔλαϐες,
872 689 924 749 τί
948 699 1223 773 καυχᾶσαι
1249 695 1319 761 ὡς
1352 694 1427 773 μὴ
1454 695 1672 773 λαϐώνς
1704 725 1729 751 ν
1760 700 1936 759 Πάλιν

338 774 472 871 πρὸς
498 777 616 871 τοὺς
648 780 998 850 διδασκάλους
1041 782 1407 859 ἀποτείνεται,
1441 786 1530 846 καί
1563 811 1692 869 φησι
1724 812 1737 825 ο
1767 789 1936 871 Tit)"

338 890 399 926 σε
454 868 679 953 διέκρινε
734 872 826 932 καὶ
871 872 1171 954 ἐψηφίσατο
1224 875 1367 944 ἄξιον
1424 868 1932 955 1o5€110wei000iq

336 958 636 1051 ἔνθρωποςε
681 960 825 1023 Ἀλλ’
875 964 1167 1046 ἐσφάλλετο
1214 966 1265 1013 7⁸
1304 970 1336 1039 ἡ
1388 968 1692 1049 ἀνθρωπίνη
1741 970 1930 1051 κρίσις.

334 1042 524 1108 Ἔστω
554 1050 610 1110 δὲ
643 1051 724 1111 ὅτι
766 1053 858 1113 καὶ
886 1042 1028 1135 ἔχεις
1056 1079 1108 1114 τι
1130 1054 1275 1125 ἄξιον
1305 1042 1520 1119 ἐπαίνου
1548 1079 1561 1093 ⁸
1598 1062 1656 1120 οὐ
1684 1042 1791 1120 σόν
1823 1064 1935 1122 ἐστι

332 1143 490 1200 τοῦτο
511 1186 528 1220 ,
555 1141 697 1201 ἀλλὰ
729 1149 823 1203 τοῦ
854 1143 1030 1213 δόντος
1061 1170 1075 1183 ·
1106 1146 1197 1206 καὶ
1223 1146 1417 1216 ἔλαϐες
1448 1150 1609 1229 αὐτὸ,
1638 1154 1696 1211 οὖ
1726 1151 1935 1233 κατώρ-

332 1235 523 1322 θωσας.
554 1235 621 1294 Εἰ
653 1233 708 1294 δὲ
742 1234 833 1295 καὶ
880 1234 1099 1309 ἔλαϐες,
1134 1241 1246 1306 πῶς
1296 1241 1477 1301 λοιπὸν
1525 1242 1718 1322 ἐπαίρῃ
1753 1246 1825 1312 ὡς
1852 1241 1930 1320 μή

332 1320 542 1396 λαϐὼν,
572 1326 695 1383 ἀλλ’
726 1325 928 1386 οἴκοθεν
956 1332 1109 1387 τοῦτο
1140 1327 1275 1410 ἔχων
1303 1330 1393 1389 καὶ
1415 1331 1467 1401 ἐξ
1488 1320 1704 1392 οἰκείων
1724 1333 1932 1409 πόνων,

329 1409 587 1506 ᾟΪδνᾼγὰρ
618 1415 854 1476 λαϐόντα
906 1419 964 1476 οὖ
1012 1420 1091 1478 δεῖ
1138 1409 1446 1503 ἐπαίρεσθαι
1496 1424 1577 1503 ἐφ’
1720 1423 1930 1485 ἔλαϐεν·

332 1502 609 1584 ἀλλότριον
642 1506 747 1590 γάρ
791 1508 953 1568 ἐστιν.

424 1708 453 1745 ιι
496 1685 644 1760 Ἤδη
681 1688 1055 1770 κεκορεσμένοι
1104 1689 1258 1765 ἐστὲ,
1308 1692 1413 1766 ἤδη
1468 1693 1857 1768 ἐπλουτήσατε.
1891 1717 1920 1754 ι)

330 1777 707 1867 Βαρυνομένου
730 1778 842 1840 ἐστὶ
870 1780 936 1839 τὰ
970 1780 1211 1864 ῥήματα.
1246 1785 1408 1845 Οὕτω
1428 1783 1567 1866 ταχὺ
1590 1831 1605 1859 ,
1633 1786 1813 1867 φησὶν,
1841 1789 1929 1847 οὖ-

328 1866 475 1935 δενὸς
526 1868 734 1945 δεῖσθε;
780 1870 985 1939 οὐδενός
1020 1873 1139 1933 ἐστε
1181 1874 1234 1931 ἐν
1263 1873 1455 1957 χρείᾳ;
1504 1877 1624 1934 ἀλλ’
1654 1876 1759 1951 ἤδη
1809 1879 1927 1937 ἐκο-

328 1957 588 2035 ρέσθητε,
630 1962 682 2019 ἐν
722 1962 885 2043 ὀλίγῳ
926 1961 1102 2044 χρόνῳ
1144 1966 1216 2033 εἷς
1252 1966 1314 2024 τὸ
1342 1964 1544 2025 τέλειον
1588 1966 1922 2048 φθάσαντες,

325 2049 421 2107 καὶ
449 2048 538 2108 τὸν
579 2052 808 2111 πλοῦτον
841 2053 1016 2112 πάντα
1050 2057 1145 2126 τῆς
1191 2078 1247 2113 τε
1298 2055 1542 2135 γνώσεως
1572 2057 1663 2117 καὶ
1692 2061 1796 2117 τῶν
1826 2082 1929 2139 χα-

326 2141 599 2220 ρισμάτων
645 2142 936 2219 λαϐόντεςς
982 2144 1176 2205 Καίτοι
1223 2170 1283 2226 γε
1332 2149 1384 2206 ἐν
1431 2154 1506 2227 τῷ
1538 2146 1789 2225 μέλλοντί
1819 2153 1931 2210 ἐστι

322 2228 386 2321 10
431 2229 649 2292 τέλειον·
685 2233 834 2310 ὑμεῖς
884 2233 938 2294 δὲ
990 2236 1120 2295 αὐτὸ
1152 2235 1255 2309 ἤδη
1275 2283 1290 2311 ,
1322 2241 1394 2305 ὡς
1424 2237 1629 2313 ἔοικεν,
1676 2239 1826 2321 ἔχετε
1852 2264 1865 2279 ο
1895 2246 1928 2313 ἡ

321 2319 429 2412 γδιρ
475 2322 737 2404 καύχησις
766 2329 921 2385 τοῦτο
964 2327 1147 2401 δηλοῖ,
1194 2326 1277 2386 ὅτι
1328 2330 1400 2395 εἰς
1445 2327 1610 2401 αὐτὴν
1664 2319 1927 2412 ἐφθάσατε

321 2410 421 2484 τὴν
451 2413 778 2488 τελειότητα.
825 2418 1016 2477 Ταῦτα
1042 2416 1097 2476 δὲ
1140 2417 1316 2497 λέγει,
1344 2419 1594 2480 δεικνύων
1624 2410 1711 2480 ὅτι
1733 2422 1921 2481 ἀτελέ-

322 2502 511 2562 στατοί
535 2506 666 2565 εἰσιν
692 2504 765 2581 ⁷9,
799 2505 947 2589 εἴπερ
979 2506 1146 2576 οὕτως
1172 2509 1373 2590 ἔχουσι.

404 2712 427 2737 ι
458 2686 637 2766 Χωρὶς
691 2690 844 2765 ἡμῶν
874 2687 1297 2760 Ῐέϐασιλεύσατε.
1325 2717 1349 2741 ιι
1400 2691 1510 2752 Καὶ
1558 2696 1729 2751 ταῦτα
1785 2691 1921 2771 μετὰ

318 2779 415 2834 τοῦ
446 2778 603 2838 αὐτοῦ
651 2776 806 2849 ἤθους
834 2778 963 2859 φησὶ
988 2826 1006 2854 ,
1054 2779 1113 2840 τὸ
1160 2781 1499 2854 ἀσυνείδητον
1544 2784 1718 2841 αὐτῶν
1750 2784 1922 2842 ἐνδει-

316 2867 571 2944 κνύμενος
592 2914 608 2946 ,
637 2868 720 2929 ὅτι
760 2870 1104 2941 Τηλικούτων
1151 2870 1455 2941 ἀξιωθέντες
1487 2876 1637 2951 ὑμεῖς
1671 2874 1878 2956 δωρεῶν
1898 2920 1916 2949 ,

316 2958 377 3014 οὗ
449 2956 697 3036 βούλεσθε
783 2965 929 3038 ἡμᾶς
1024 2959 1143 3031 τοὺς
1222 2961 1560 3036 πονήσαντας
1641 2964 1917 3034 κοινωνοὺς

313 3046 524 3109 λαϐεῖν.

396 3164 419 3191 α
456 3137 568 3199 Καὶ
601 3138 812 3222 ὄφειλόν
845 3143 1048 3221 [υιιίθ.
1088 3142 1282 3223 ὄφελ]
1311 3167 1371 3222 γε
1404 3144 1788 3205 ἐϐασιλεύσατε
1827 3143 1912 3205 ἵνα

310 3228 405 3287 καὶ
442 3229 599 3306 ἡμεῖς
639 3233 764 3307 ὑμῖν
824 3231 1364 3312 συμϐασιλεύσωμεν.
1421 3260 1450 3291 )›
1512 3235 1668 3310 Εἴθε,
1721 3236 1913 3317 φησὶν,

312 3317 733 3401 ἐϐασιλεύσατε,
781 3322 1057 3406 τουτέστι,
1108 3328 1200 3383 τοῦ
1231 3324 1432 3384 τελείου
1483 3324 1719 3406 ἐτύχετε.
1774 3317 1912 3389 Εἶτα

311 3408 403 3469 ἵνα
435 3408 510 3487 μὴ
544 3409 666 3493 δόξῃ
698 3413 938 3494 εἰρωνεία
973 3403 1112 3473 εἶναι
1164 3418 1192 3472 ὁ
1237 3414 1420 3493 λόγος,
1480 3403 1669 3496 ἐπάγει
1691 3440 1706 3455 ο
1735 3445 1760 3470 α
1792 3416 1913 3478 Ἵνα

310 3501 403 3559 καὶ
431 3506 586 3575 ἡμεῖς
632 3506 758 3580 ὖμῖν
809 3503 1329 3583 συμϐασιλεύσωμεν
1359 3529 1373 3543 ·
1413 3527 1443 3566 ι)
1482 3510 1764 3586 τουτέστι,
1807 3512 1912 3568 τῶν

310 3594 483 3652 αὐτῶν
558 3596 767 3675 ἀγαθῶν
818 3595 1090 3676 τύχωμεν.
1150 3595 1219 3657 Ἡ
1268 3596 1370 3679 γὰρ
1432 3600 1582 3676 θμῶν
1621 3597 1745 3667 δόξα
1805 3600 1909 3678 ἐμή

309 3685 454 3744 ἐστιν
483 3709 497 3723 ο
546 3686 661 3745 ἐπεὶ
692 3685 785 3746 καὶ
837 3687 1000 3747 παντὶ
1041 3688 1349 3769 διδασκάλῳ
1406 3694 1434 3764 ἡ
1487 3691 1591 3748 τῶν
1651 3693 1906 3767 μαθητῶν

306 3774 573 3850 τελειότης
603 3779 937 3850 ἐπιπόθητος.

394 3889 425 3921 α
477 3870 632 3927 Δοκῶ
675 3868 776 3949 γὰρ
826 3866 908 3928 ὅτι
956 3870 983 3927 ὁ
1032 3867 1168 3937 Θεὸς
1218 3871 1362 3947 ἡμᾶς
1408 3866 1529 3937 τοὺς
1582 3868 1907 3939 ἀποστόλους

306 3958 564 4038 ἐσχάτους
612 3957 884 4026 ἀπέδειξεν
916 3960 986 4028 ὡς
1015 3959 1402 4027 ἐπιθανατίους.
1442 3982 1469 4017 ι)
1509 3961 1862 4036 Λυπουμένου
1884 4007 1901 4040 ,

306 4049 513 4125 μᾶλλον
548 4047 602 4107 δὲ
642 4049 976 4134 ἐντρέποντος
1020 4048 1240 4131 ῥήματα
1276 4049 1442 4129 λέγει.
1478 4049 1578 4118 Ὡς
1614 4053 1750 4131 ὁρῶν
1779 4051 1903 4134 γὰρ,

302 4137 501 4219 φησὶν,
541 4137 593 4208 ἐξ
646 4130 718 4199 ὧν
791 4142 941 4218 ὖμεῖς
990 4130 1226 4213 ποιεῖτε,
1285 4141 1441 4218 ἡμεῖς
1499 4143 1546 4199 οἱ
1615 4130 1903 4202 ἀπόστολοι

301 4227 522 4308 ἔσχατοι
551 4228 767 4290 πάντων
791 4231 940 4313 παρὰ
974 4233 1114 4292 Θεοῦ
1148 4229 1546 4311 ἆπεδείχθημεν
1574 4230 1666 4291 καὶ
1707 4233 1898 4292 ἐπιθα-

300 4318 509 4395 νάτιοι,
541 4319 784 4381 τουτέστι
831 4323 1111 4383 κατάδικοι
1134 4368 1151 4401 ,
1184 4320 1314 4402 πρὸς
1353 4320 1415 4380 τὸ
1454 4327 1808 4382 θανατοῦσθαι
1849 4323 1902 4363 ⁸ο

298 4412 812 4490 παρεσκευασμένοι.
845 4411 943 4482 ἘΞ
967 4403 1044 4473 ὧν
1080 4411 1186 4495 γὰρ
1212 4411 1258 4451 3'
1297 4413 1449 4491 ὗμεῖς
1479 4412 1585 4486 ἤδη
1617 4412 1898 4473 ἐϐασιλεύ-

299 4523 430 4560 σατε
460 4500 535 4581 ”,
569 4506 900 4585 στοχάζομαι
927 4503 1007 4563 ὅτι
1044 4504 1228 4564 λοιπὸν
1271 4507 1426 4581 ἡμεῖς
1466 4503 1898 4585 κατακεκρίμεθα

294 4590 516 4673 ἔσχατοι
546 4584 718 4672 εἶναι,
753 4595 845 4654 καὶ
874 4597 946 4662 ὡς
974 4596 1250 4656 κατάδικοι
1274 4619 1287 4632 ·
1318 4596 1473 4671 ἡμεῖς
1510 4597 1557 4654 οἳ
1590 4594 1896 4677 ἀπόστολοι,

295 4683 566 4744 τουτέστιν
586 4732 603 4766 ,
634 4688 681 4746 οἳ
710 4689 948 4746 τοσαῦτα
974 4685 1106 4768 ὑπὲρ
1130 4687 1370 4768 Χριστοῦ
1404 4686 1737 4756 πεπονθότες.

386 4887 416 4923 0
438 4862 571 4926 ⁶Ότι
612 4865 830 4948 θέατρον
876 4864 1201 4947 ἐγενήθημεν
1232 4869 1308 4948 τῷ
1339 4866 1561 4949 κόσμῳ,
1606 4867 1698 4927 καὶ
1730 4868 1898 4949 ἀγγέ-

292 4957 429 5032 λοις,
483 4956 575 5016 καὶ
624 4958 937 5038 ἀνθρώποις.
996 4985 1021 5009 η
1074 4956 1396 5031 Τουτέστιν,
1445 4960 1565 5019 Οὐκ
1614 4960 1668 5016 ἐν
1727 4959 1894 5041 γωνίᾳ

292 5056 395 5126 μιᾷ
429 5046 749 5129 πάσχομεν,
803 5048 943 5108 ἀλλὰ
996 5053 1276 5129 πανταχοῦ
1330 5051 1463 5129 γῆς·
1518 5050 1609 5107 καὶ
1662 5051 1888 5109 θεῶνται

289 5144 436 5215 ἡμᾶς
479 5139 576 5198 οὐκ
627 5137 896 5220 ἄνθρωποι
931 5138 1080 5215 μόνοι
1114 5140 1205 5217 (οὗ
1252 5135 1357 5219 γὰρ
1408 5138 1573 5207 οὕτως
1603 5139 1792 5212 εὖτελῆ
1830 5142 1897 5199 τὰ

288 5228 600 5311 γινόμενα),
648 5228 787 5288 ἀλλὰ
818 5229 910 5289 καὶ
962 5229 1195 5308 ἄγγελοι.
1228 5230 1460 5306 Μεγάλα
1508 5228 1614 5310 γὰρ
1645 5232 1799 5311 ἡμῶν
1828 5229 1897 5289 τὰ

284 5310 688 5399 παλαίσματα,
734 5322 805 5389 ὣς
852 5320 945 5380 καὶ
989 5321 1275 5401 ἆγγελικῆς
1317 5318 1541 5400 θεωρίας
1585 5318 1707 5389 ἄξια
1738 5310 1893 5383 εἶναι.

286 5408 398 5473 Καὶ
427 5409 533 5493 γὰρ
564 5413 623 5472 οὗ
652 5409 782 5493 πρὸς
829 5410 1137 5493 ἀνθρώπους
1165 5409 1469 5489 παλαίομεν
1503 5409 1663 5489 μόνον
1687 5455 1704 5485 ,
1753 5410 1894 5471 ἀλλὰ

282 5500 376 5562 καὶ
406 5501 539 5584 πρὸς
565 5501 661 5573 τὰς
685 5505 1066 5585 τῶνξπονηρῶν
1100 5500 1342 5583 ἀγγέλων
1375 5500 1645 5582 δυνάμεις.

2048 699 2219 755 habes
2247 697 2393 771 quod
2420 714 2535 755 non
2568 697 2827 769 accepisti
2851 698 2876 751 Ρ
2904 696 2947 753 si
2990 705 3181 754 autem
3208 698 3484 770 accepisti,
3513 699 3650 773 quid

2048 789 2299 863 gloriaris
2321 797 2588 863 tanquam
2645 805 2759 845 non
2790 788 3110 861 acceperis?
3137 807 3164 843 »
3196 789 3412 846 Rursus
3462 789 3523 845 in
3548 789 3651 847 do-

2045 889 2229 938 ctores
2243 880 2542 947 invehitur,
2565 880 2850 953 inquiens:
2872 879 3008 952 Quis
3035 887 3089 937 te
3108 878 3271 937 laude
3314 880 3547 953 dignum
3559 880 3650 953 ju-

2046 971 2247 1028 dicavit
2274 980 2369 1029 aut
2397 971 2614 1029 censuit
2642 974 2666 1027 P
2696 970 2865 1029 homo
2891 974 2914 1029 ἓ
2944 970 3117 1045 Atqui
3144 970 3310 1027 fallax
3333 978 3417 1027 est
3444 970 3646 1028 huma-

2045 1079 2178 1119 num
2189 1062 2480 1134 judicium.
2508 1065 2640 1119 Esto
2662 1071 2849 1119 autem
2874 1070 2926 1118 te
2951 1060 3218 1135 quiddam
3231 1061 3393 1119 laude
3414 1061 3647 1135 dignum

2041 1152 2245 1209 habere
2260 1173 2275 1209 :
2298 1160 2660 1211 tuumtamen
2676 1151 2857 1211 isthuc
2871 1168 2982 1210 non
2998 1160 3102 1223 est,
3120 1150 3216 1209 sed
3228 1152 3345 1226 ejus
3361 1151 3453 1226 qui
3469 1150 3643 1221 dedit,

2044 1251 2101 1300 et
2126 1243 2381 1316 accepisti
2402 1242 2556 1311 illud,
2586 1260 2698 1300 non
2731 1244 2839 1300 tuis
2868 1242 3133 1315 operibus
3178 1242 3451 1299 meruisti.
3482 1241 3646 1313 Quod

2043 1333 2089 1391 si
2112 1333 2393 1406 accepisti,
2426 1332 2559 1408 quid
2584 1333 2840 1406 deinceps
2869 1332 3086 1390 eil‘erris
3112 1342 3381 1407 tanquam
3412 1349 3530 1389 non
3559 1349 3645 1390 ac-

2043 1424 2274 1497 ceperis,
2320 1422 2417 1481 sed
2441 1439 2508 1481 ex
2553 1424 2785 1498 propriis
2812 1423 3093 1481 laboribus
3117 1439 3214 1497 per
3234 1432 3291 1481 te
3333 1422 3595 1480 habueris
3631 1427 3656 1481 Ρ

2042 1514 2148 1586 Qui
2169 1515 2318 1571 enim
2336 1515 2547 1588 accepit
2571 1515 2897 1588 quidquam,
2921 1530 3055 1573 eum
3071 1531 3186 1572 non
3217 1522 3436 1587 oportet
3460 1513 3647 1572 efferri

2041 1605 2112 1662 ob
2143 1605 2199 1663 id
2232 1604 2381 1678 quod
2408 1607 2678 1679 acceperit
2708 1624 2721 1661 :
2754 1605 3002 1663 alienum
3043 1607 3198 1663 enim
3222 1604 3332 1663 hoc
3360 1612 3463 1663 est.

2114 1698 2297 1753 Vens.
2323 1702 2378 1752 8.
2415 1718 2441 1745 οι
2488 1697 2617 1752 Jam
2661 1696 2890 1753 saturati
2926 1695 3085 1765 estis,
3110 1695 3231 1768 jam
3276 1695 3475 1753 divites
3516 1695 3646 1755 facti

2038 1787 2187 1844 estis.
2220 1809 2248 1837 η
2281 1785 2539 1844 Graviter
2575 1784 2799 1844 ferentis
2844 1795 2976 1844 sunt
3020 1786 3137 1844 haec
3182 1787 3368 1844 verba.
3421 1786 3647 1845 Adeone

2037 1879 2170 1947 cito,
2196 1878 2397 1951 inquit,
2418 1876 2620 1934 nullius
2650 1877 2912 1951 indigetis
2938 1877 3127 1934 Pnulla
3148 1876 3309 1950 plane
3339 1892 3399 1934 re
3431 1876 3648 1937 habetis

2042 1974 2227 2043 opus?
2255 1968 2352 2026 sed
2375 1968 2492 2042 jam
2520 1969 2751 2026 saturati
2783 1969 2933 2040 estis,
2983 1967 3181 2042 exiguo
3216 1969 3481 2041 temporis
3525 1984 3646 2042 spa-

2044 2063 2119 2118 tio
2156 2058 2550 2133 perfectionem
2603 2059 2955 2132 attingentes,
2992 2074 3183 2115 omnes
3217 2066 3343 2115 tum
3370 2058 3642 2133 cognitio-

2042 2152 2126 2209 nis
2167 2160 2285 2208 tum
2326 2149 2727 2208 charismatum
2771 2150 2992 2208 divitias
3038 2149 3428 2223 accipientes?
3470 2151 3641 2224 Atqui

2041 2240 2301 2316 perfectio
2339 2249 2423 2299 est
2454 2240 2512 2297 in
2538 2240 2763 2299 futuro:
2809 2257 2908 2298 vos
2938 2257 3068 2298 vero
3089 2241 3206 2313 jam
3235 2256 3388 2298 nunc
3432 2240 3638 2314 ipsum,

2040 2342 2099 2391 ut
2126 2333 2367 2403 videtur,
2398 2333 2618 2391 tenetis.
2650 2332 2922 2390 Gloriatio
2958 2348 3198 2405 namque
3238 2340 3417 2389 vestra
3458 2330 3640 2389 isthuc

2036 2424 2259 2494 indicat,
2283 2424 2431 2497 quod
2459 2424 2530 2481 ad
2559 2424 2737 2496 ipsam
2766 2423 3304 2480 consummationem
3334 2422 3641 2495 perveneri-

2034 2514 2122 2571 tis.
2151 2515 2288 2573 Haec
2314 2522 2501 2571 autem
2539 2512 2694 2583 dicit,
2736 2521 3058 2570 monstrans
3088 2528 3184 2570 eos
3231 2512 3486 2569 omnium
3515 2527 3635 2569 esse

2032 2604 2562 2678 imperfectissimos,
2593 2605 2635 2661 si
2683 2604 2755 2660 ad
2782 2604 2928 2662 hunc
2956 2603 3196 2661 modum
3224 2618 3342 2661 sese
3370 2602 3631 2660 habeant.

2109 2720 2133 2744 ‹‹
2161 2696 2291 2752 Sine
2319 2696 2480 2753 nobis
2508 2694 2778 2769 regnastis
2804 2718 2829 2744 ι»
2865 2694 3020 2751 Istud
3039 2708 3259 2767 quoque
3278 2692 3476 2751 eodem
3497 2692 3633 2751 affe-

2031 2795 2122 2844 ctu
2148 2786 2296 2857 dicit,
2325 2794 2573 2844 mentem
2597 2787 2848 2860 ipsorum
2863 2785 3222 2844 conscientiae
3242 2793 3526 2858 expertem
3546 2785 3631 2841 in-

2028 2877 2239 2935 dicans.
2265 2878 2408 2935 Cum
2432 2876 2586 2935 enim
2616 2885 2698 2934 tot
2726 2876 3005 2950 tantisque
3033 2875 3194 2934 donis
3218 2874 3416 2932 donati
3446 2874 3632 2949 perfu-

2028 2970 2184 3041 sique
2202 2968 2345 3037 sitis,
2374 2984 2489 3025 non
2511 2968 2691 3037 vultis,
2719 2968 2919 3040 inquit,
2961 2981 3065 3024 nos
3116 2966 3276 3024 vobis
3324 2973 3633 3037 consortes,

2026 3060 2125 3132 qui
2147 3068 2338 3117 tamen
2363 3058 2757 3129 laboravimus,
2795 3058 3062 3130 accipere.

2103 3175 2127 3201 σι
2160 3153 2344 3223 Atque
2375 3150 2591 3208 utinam
2616 3150 2887 3224 regnetis,
2914 3158 2977 3206 ut
2994 3157 3050 3206 et
3079 3163 3181 3206 nos
3207 3147 3497 3205 vobiscum
3536 3162 3630 3205 re-

2025 3245 2293 3316 gnemus!
2328 3265 2354 3291 ι)
2382 3242 2639 3309 Utinam,
2670 3240 2863 3313 inquit,
2907 3240 3167 3312 regnetis,
3199 3238 3305 3296 hoc
3353 3248 3457 3309 est,
3507 3254 3629 3312 per-

1950 3304 1995 3369 C
2024 3304 2321 3390 lectionem
2368 3332 2559 3389 essetis
2603 3331 2757 3388 nacti
2789 3330 3038 3388 !Deinde
3062 3347 3131 3388 ne
3175 3346 3362 3387 sermo
3386 3328 3627 3387 ironicus

2022 3422 2298 3493 videatur,
2343 3422 2618 3480 subinfert
2649 3442 2662 3479 :
2692 3444 2718 3472 α
2745 3423 2828 3481 Ut
2852 3430 2910 3479 et
2955 3437 3059 3479 nos
3108 3421 3399 3479 vobiscum
3427 3436 3627 3493 regne-

2021 3530 2166 3584 mus,
2206 3535 2232 3567 ι)
2272 3514 2379 3571 hoc
2412 3521 2523 3584 est,
2556 3512 2753 3571 eadem
2783 3512 2928 3569 bona
2955 3528 3393 3587 consequamur.
3425 3513 3621 3569 Vestra

2019 3605 2166 3661 enim
2204 3604 2379 3678 gloria
2410 3619 2531 3661 mea
2575 3612 2705 3662 est:
2748 3602 3208 3677 quandoquidem
3259 3602 3430 3659 cuivis
3480 3616 3621 3675 prae-

2019 3696 2227 3768 ceptori
2255 3694 2653 3767 discipulorum
2681 3692 2948 3767 perfectio
2990 3691 3376 3751 desiderabilis
3406 3699 3510 3749 est.

2088 3870 2274 3926 Vsus.
2305 3873 2358 3924 9.
2392 3889 2418 3915 ει
2464 3868 2605 3924 Puto
2644 3864 2793 3922 enim
2826 3864 2977 3938 quod
3004 3867 3161 3921 Deus
3205 3878 3310 3920 nos
3340 3861 3621 3935 apostolos

2014 3967 2294 4016 extremos
2322 3956 2561 4015 ostendit
2596 3965 2860 4030 tanquam
2901 3955 3068 4013 morti
3090 3953 3390 4012 destinato.
3436 3976 3461 4002 ››
3483 3954 3622 4009 Con-

2011 4050 2230 4119 tristati,
2266 4050 2347 4107 vel
2397 4049 2580 4123 potius
2609 4047 2880 4122 pudorem
2918 4045 3229 4104 inducentis
3269 4042 3433 4101 verba
3462 4050 3615 4101 sunt.

2012 4144 2093 4200 Ut
2135 4141 2285 4199 enim
2321 4139 2503 4210 video,
2555 4139 2754 4213 inquit,
2785 4153 2851 4195 ex
2878 4137 2964 4195 his
2993 4152 3119 4212 quae
3146 4151 3244 4193 vos
3294 4134 3479 4209 agitis,
3510 4147 3618 4190 nos

2011 4232 2245 4307 apostoli
2282 4231 2537 4289 omnium
2598 4230 2864 4303 postremi
2893 4244 2923 4285 a
2953 4231 3076 4285 Deo
3115 4224 3486 4284 demonstrati
3530 4240 3618 4280 su-

2010 4341 2153 4393 mus,
2180 4323 2346 4382 morti
2374 4321 2596 4379 obnoxii
2627 4342 2638 4378 :
2674 4320 2779 4378 hoc
2805 4328 2888 4376 est
2926 4317 3300 4386 condemnati,
3342 4324 3506 4391 atque
3548 4315 3620 4372 ad

2010 4426 2249 4474 mortem
2269 4412 2578 4488 praeparati.
2609 4410 2751 4485 Quia
2768 4410 2914 4467 enim
2940 4426 3036 4466 vos
3057 4410 3175 4482 jam
3201 4406 3462 4481 regnetis,
3490 4405 3619 4462 hinc

2010 4507 2327 4578 conjectura
2355 4504 2582 4576 colligo,
2604 4501 2753 4575 quod
2776 4517 2877 4557 nos
2898 4500 3021 4574 jam
3045 4500 3226 4557 simus
3254 4495 3613 4554 condemnati

2008 4607 2073 4655 ut
2087 4598 2263 4654 simus
2283 4595 2568 4670 postremi,
2592 4609 2654 4650 ac
2666 4592 2833 4649 veluti
2850 4592 3045 4649 ultimo
3074 4586 3344 4661 supplicio
3364 4584 3568 4643 addicti
3596 4604 3612 4639 :

1930 4680 1981 4744 D
2016 4713 2041 4740 ‹‹
2082 4704 2207 4757 nos,
2231 4712 2258 4738 η
2290 4688 2534 4759 inquam,
2567 4707 2592 4734 «ι
2624 4683 2878 4757 apostoli,
2904 4682 3055 4737 »lioc
3082 4686 3184 4749 est,
3235 4677 3326 4749 qui
3354 4683 3438 4732 tot
3480 4682 3610 4731 tan-

2009 4789 2173 4852 taque
2202 4794 2302 4852 pro
2331 4776 2548 4834 Christo
2576 4773 2723 4846 passi
2745 4787 2957 4829 sumus.

2084 4889 2112 4922 «
2138 4866 2412 4939 Quoniam
2432 4864 2804 4939 spectaculum
2822 4861 2952 4920 facti
2968 4875 3161 4918 sumus
3172 4855 3387 4915 mundo
3413 4863 3469 4914 et
3509 4871 3611 4912 an-

2004 4961 2138 5035 gelis
2166 4967 2222 5017 et
2252 4957 2594 5015 hominibus.
2618 4974 2647 5009 »
2678 4956 2800 5012 Hoc
2828 4961 2932 5023 est,
2972 4968 3086 5009 non
3131 4951 3189 5005 in
3214 4963 3324 5005 uno
3352 4947 3609 5021 quopiam

2004 5050 2206 5124 angulo
2239 5048 2501 5123 patimur,
2532 5045 2628 5103 sed
2658 5045 2861 5118 ubique
2890 5052 3165 5100 terrarum
3198 5060 3212 5096 :
3244 5046 3609 5113 spectantque

2004 5157 2129 5210 nos,
2159 5139 2364 5197 nedum
2390 5137 2650 5195 homines
2680 5142 2810 5205 (non
2838 5133 2991 5190 enim
3014 5131 3150 5189 adeo
3203 5128 3337 5185 viles
3361 5134 3492 5184 sunt
3520 5140 3608 5183 res

2007 5231 2466 5306 operationesque
2509 5232 2755 5296 nostrae),
2786 5239 2977 5281 verum
3014 5218 3179 5292 144
3204 5218 3374 5274 etiam
3408 5215 3604 5289 angeli.

2005 5321 2161 5380 Adeo
2186 5321 2340 5379 enim
2366 5334 2562 5394 magna
2587 5325 2715 5375 sunt
2748 5322 2942 5373 nostra
2967 5309 3299 5378 certamina,
3325 5313 3390 5363 ut
3408 5306 3489 5363 vel
3511 5321 3609 5363 an.

2004 5413 2134 5488 gelis
2168 5410 2572 5485 spectatoribus
2600 5408 2767 5480 digna
2798 5406 2932 5463 sint.
2974 5404 3115 5460 Nam
3152 5414 3269 5455 non
3308 5396 3602 5488 adversum

2001 5486 2270 5561 homines
2296 5500 2694 5560 tantummodo
2725 5498 3021 5564 luctamur,
3050 5498 3314 5550 caterum
3341 5486 3605 5545 adversus

1999 5594 2170 5653 etiam
2187 5608 2481 5669 pravorum
2497 5590 2823 5666 angelorum
2842 5587 2989 5645 vires
3007 5582 3255 5657 adeoque
3275 5579 3602 5655 potentiam.

1696 5710 1885 5771 Variae
1931 5708 2243 5768 lectiones.

346 5824 390 5861 ⁷³⁷
421 5824 479 5886 ὃς
505 5839 561 5881 ο.
638 5819 683 5856 ⁷³
708 5820 950 5895 ἔσφαλται
974 5836 1050 5878 m.
1132 5819 1177 5855 79
1206 5819 1526 5888 ἇτελεύτητοί
1557 5834 1629 5876 m.
1705 5817 1751 5853 ⁸ο
1782 5818 1954 5874 θανεῖν
1983 5833 2062 5874 m.
2141 5815 2185 5854 ⁸¹
2216 5808 2306 5868 οὗν
2331 5830 2385 5870 ο.
2463 5811 2512 5850 θ’
2550 5809 2911 5865 ἐϐουλεύσασθε
2947 5823 3001 5863 0.
