4090 6424
467 467 572 521 615

464 689 544 736 tm
594 678 890 753 prudentes
941 679 995 735 in
1025 678 1268 738 Christo.
1303 704 1330 730 ιι
1351 683 1565 738 Rursus
1583 689 1638 737 et
1667 681 1773 738 hoc
1805 681 1876 738 ad
1897 681 2068 754 pudo-

466 784 588 826 rem
617 767 934 826 faciendum
962 766 1173 824 dictum
1215 776 1317 826 est.
1353 771 1496 826 Nam
1540 786 1666 826 cum
1695 771 1929 842 apostoli
1956 787 2067 828 ca:-

463 859 728 916 derentur
790 867 1387 932 contemnerenturque
1453 868 1678 932 propter
1718 861 1998 918 Christum
2049 876 2064 914 :

466 949 540 1005 illi
579 965 708 1006 vero
747 950 800 1006 in
846 950 1022 1022 pretio
1077 949 1406 1024 honoreque
1451 959 1656 1019 essent,
1697 967 1760 1006 ac
1797 952 2069 1022 sapientes

465 1047 806 1113 putarentur,
854 1048 1021 1113 atque
1071 1039 1194 1098 haec
1248 1041 1303 1096 in
1352 1040 1576 1097 Christo
1605 1055 1724 1096 esse
1753 1040 2063 1112 jactarent:

465 1130 778 1203 Quomodo,
811 1130 1008 1204 inquit,
1035 1131 1152 1188 ﬁeri
1183 1139 1382 1204 potest,
1407 1139 1472 1187 ut
1489 1131 1682 1188 eadem
1704 1132 2068 1189 sentientibus

461 1223 739 1278 contraria
785 1221 1148 1295 contingant?
1177 1221 1414 1278 Proinde
1441 1237 1664 1279 necesse
1711 1229 1796 1278 est
1841 1230 1935 1278 aut
1964 1237 2068 1279 nos

461 1327 576 1368 non
603 1327 793 1384 sapere
857 1312 1164 1369 secundum
1192 1310 1490 1382 Christum,
1515 1319 1610 1370 aut
1632 1327 1747 1369 vos.
1781 1311 1952 1386 Atqui
1978 1312 2062 1368 in-

463 1400 692 1474 dignum
709 1409 794 1458 est
821 1401 1019 1459 Christi
1049 1403 1332 1476 apostolos
1361 1418 1475 1460 non
1527 1418 1717 1476 sapere
1762 1402 2065 1460 secundum

465 1490 747 1548 Christum
774 1512 785 1548 :
818 1507 916 1548 vos
945 1493 1114 1565 igitur
1141 1494 1356 1549 erratis.

542 1606 567 1631 ε
603 1583 718 1638 Nos
739 1581 964 1652 inﬁrmi,
997 1597 1100 1640 vos
1126 1592 1312 1640 autem
1341 1583 1520 1640 fortes
1549 1603 1562 1640 :
1587 1599 1683 1640 vos
1707 1583 1939 1652 nobiles,
1964 1599 2067 1640 nos

466 1679 647 1728 autem
675 1671 960 1745 ignobiles.
995 1697 1022 1722 ι»
1047 1675 1169 1730 Hoc
1195 1683 1296 1739 est,
1327 1688 1431 1731 nos
1459 1674 1696 1747 agimur,
1723 1674 2065 1746 persecutio-

467 1778 593 1819 nem
621 1763 863 1835 patimur
895 1781 908 1820 :
932 1779 1030 1821 vos
1058 1780 1187 1820 vero
1217 1780 1434 1822 summa
1463 1765 1760 1821 securitate
1789 1764 2060 1820 l'ruimini.

467 1852 846 1910 Inﬁrmitatem
895 1855 1044 1910 enim
1081 1855 1418 1911 tentationes
1483 1856 1689 1926 passim
1721 1865 1893 1910 vocat.
1932 1857 2064 1919 Vos,

1495 464 2011 522 THEOPHYLACTI
2049 465 2408 525 BULGARLE
2447 467 2758 524 ARCHIEP.

533 590 717 646 Vnns.
756 594 842 646 10.
888 612 911 638 α
941 591 1055 644 Nos
1083 589 1233 644 stulti
1264 597 1492 663 propter
1519 591 1823 658 Christum,
1848 606 1946 648 vos
1966 606 2064 649 au-
2099 602 2150 664 Α

3675 466 3778 520 616

2275 617 2303 652 ι(
2344 593 2542 672 (Ημεῖς
2592 594 2760 674 μωροὶ
2805 590 2892 652 διὰ
2939 590 3166 672 Χριστόν
3200 611 3213 626 '
3267 592 3416 664 ὑμεῖς
3447 588 3502 648 δὲ
3533 588 3778 669 φρόνιμοι

2181 687 2233 742 ἐν
2263 687 2506 766 Χριστῷ.
2532 711 2556 738 ι
2590 685 2762 743 Πάλιν
2794 683 2887 743 καὶ
2913 687 3068 741 τοῦτο
3093 683 3442 760 ἐντρεπτικῶς
3471 677 3768 758 sip-mat”.

2183 773 2406 846 Ἐπειδὴ
2441 775 2543 854 γὰρ
2587 772 2873 833 ἐτύπτοντο
2918 771 3014 850 μὲν
3043 773 3092 831 οἳ
3133 769 3454 844 ἀπόστολοι,
3503 769 3593 828 καὶ
3637 791 3775 828 κατ-

2182 870 2494 947 εφρονοῦντο
2526 864 2612 922 διὰ
2639 863 2870 944 Χριστόν
2893 879 2906 894 ⁸
2955 863 3144 921 ἐκεῖνοι
3175 859 3228 919 δὲ
3251 862 3511 947 ἐτιμῶντο
3541 859 3635 919 καὶ
3671 881 3768 918 σο-

2182 939 2268 1038 φὸὶ
2297 955 2597 1032 ἐνομίζοντο
2623 998 2639 1030 ,
2685 939 2776 1012 καὶ
2824 955 2874 1010 ἐν
2919 955 3139 1033 Χριστῷ
3170 955 3342 1010 ταῦτα
3367 939 3503 1009 εἶναι
3539 950 3773 1026 ἐκόμπα-

2181 1049 2264 1115 ζον
2293 1069 2307 1084 ο
2338 1048 2497 1118 Πῶς,
2547 1044 2710 1124 φησὶ,
2759 1041 2977 1102 δυνατὸν
3025 1041 3092 1102 τὰ
3143 1041 3356 1100 ἐναντία
3407 1041 3672 1100 συνελθεῖν
3723 1040 3778 1097 ἐν

2179 1143 2287 1204 τοῖς
2317 1135 2383 1195 τὰ
2423 1134 2559 1194 αὐτὰ
2601 1137 2913 1215 φρονοῦσινς
2947 1136 3159 1193 Οὐκοῦν
3190 1131 3396 1209 ἀνάγκη
3439 1129 3474 1200 ἣ
3513 1133 3660 1207 ἡμᾶς
3699 1125 3776 1205 μὴ

2181 1225 2316 1286 κατὰ
2363 1225 2589 1307 Χριστὸν
2621 1227 2846 1305 φρονεῖν,
2898 1221 2933 1294 ἦ
2985 1225 3145 1299 ὑμᾶς.
3186 1218 3347 1279 Ἀλλὰ
3397 1219 3502 1296 μὴν
3563 1217 3775 1287 ἀνάξιον

2180 1314 2301 1384 τοὺς
2345 1317 2669 1381 ἀποστόλους
2701 1319 2794 1372 τοῦ
2836 1316 3077 1394 Χριστοῦ
3109 1310 3184 1388 μὴ
3213 1309 3353 1370 κατὰ
3380 1307 3609 1388 Χριστὸν
3640 1330 3778 1388 φρο-

2182 1414 2288 1466 νεῖν
2316 1429 2330 1444 ’
2366 1409 2517 1482 ὑμεῖς
2548 1405 2651 1484 ἄρα
2683 1403 2800 1463 ἐστὲ
2830 1405 2878 1463 οἱ
2919 1401 3300 1484 σφαλλόμενοι.

2265 1616 2288 1640 «ι
2325 1585 2518 1664 Ἡμεῖς
2548 1586 2802 1660 ἀσθενεῖς,
2831 1587 2981 1662 ὑμεῖς
3015 1583 3068 1641 δὲ
3112 1579 3338 1663 ἰσχυροί·
3369 1579 3516 1658 ὑμεῖς
3549 1577 3776 1652 ἔνδοξοι,

2181 1681 2336 1755 ἡμεῖς
2365 1677 2420 1736 δὲ
2474 1677 2682 1754 ἄτιμοι.
2725 1701 2751 1728 ι·
2802 1673 3126 1745 Τουτέστιν,
3179 1671 3371 1748 Ἡμεῖς
3423 1669 3779 1744 ἓλαυνόμεθα,

2184 1768 2480 1846 διωκόμεθα
2511 1790 2524 1804 ·
2573 1771 2723 1844 ὑμεῖς
2775 1764 2831 1823 δὲ
2885 1764 3064 1831 ἀδείας
3123 1762 3444 1822 ἀπολαύετε.
3481 1759 3776 1819 ’Λσθένειαν

2178 1857 2280 1936 γὰρ
2306 1863 2590 1936 πανταχοῦ
2629 1856 2750 1922 τοὺς
2791 1853 3120 1934 πειρασμούς
3159 1876 3308 1934 φησι.
3349 1850 3457 1912 Καὶ
3484 1853 3633 1925 ὑμεῖς
3683 1850 3778 1925 μὲν

466 1939 663 2016 inqtiit,
708 1943 950 2002 celebres
978 1943 1201 2018 quidem
1235 1946 1366 2002 estis
1415 1953 1471 2002 et
1507 1945 1751 2018 ingenui,
1795 1959 1902 2002 nos
1939 1959 2067 2000 vero

2181 1947 2371 2016 ἔνδοξοι
2411 1947 2502 2006 καὶ
2549 1945 2770 2024 εὐγενεῖς
2802 1964 2816 1978 °
2858 1944 3013 2020 ἡμεῖς
3057 1943 3112 2002 δὲ
3155 1945 3206 2000 ἐν
3254 1941 3468 2019 ἀτιμίᾳ.
3502 1941 3696 1999 Ταῦτα
3721 1937 3777 1996 δὲ

463 2033 702 2106 inglorii.
732 2037 872 2091 Hac
899 2044 1088 2092 autem
1125 2035 1310 2091 omnia
1361 2035 1612 2092 molestia
1645 2033 1879 2091 affectus
1915 2033 2063 2090 dicit.

464 2123 664 2179 Sensus
689 2124 842 2179 enim
878 2132 962 2180 est
989 2123 1306 2196 hujusmodi
1339 2145 1351 2181 :
1383 2123 1684 2196 Quomodo
1712 2123 1832 2180 ﬁeri
1857 2132 2066 2196 posest,

466 2221 532 2268 ut
551 2227 656 2268 nos
676 2212 901 2285 quidem
924 2212 1253 2287 afﬂigamur,
1278 2229 1376 2271 vos
1396 2222 1581 2271 autem
1611 2214 1905 2270 securitate
1929 2212 2072 2270 frua-

466 2302 630 2369 mini,
663 2310 720 2360 et
749 2302 802 2358 in
831 2303 994 2360 bonis
1028 2304 1201 2360 vitam
1241 2305 1462 2378 agatis?
1496 2305 1676 2374 Quare
1721 2304 2068 2377 perspicuum

466 2400 550 2449 est
591 2409 700 2449 non
744 2409 861 2450 esse
911 2410 1005 2451 vos
1052 2394 1108 2450 in
1158 2395 1308 2452 bono
1337 2402 1506 2461 statu,
1548 2395 1646 2451 sed
1698 2402 1845 2451 nun‘c
1889 2393 2070 2467 potius

467 2483 612 2539 male
667 2499 764 2540 vos
801 2491 857 2540 et
893 2484 1154 2556 apostolis
1182 2483 1402 2558 indigne
1433 2484 1670 2542 habetis.
1703 2487 1829 2541 Non
1856 2483 2070 2541 debetis

466 2572 634 2645 igitur
657 2589 779 2630 eam
808 2573 880 2630 ob
901 2590 1018 2631 rem
1048 2575 1256 2648 erigere
1285 2575 1494 2632 cristas.

538 2665 718 2721 Vens.
755 2669 843 2722 11.
873 2688 897 2714 α
928 2667 991 2721 ln
1013 2664 1160 2722 hanc
1189 2681 1363 2739 usque
1390 2665 1586 2722 horam
1614 2673 1669 2721 et
1695 2665 1990 2732 esurimus,
2020 2671 2074 2721 et

466 2754 711 2823 sitimus,
756 2763 811 2810 et
838 2755 972 2812 nudi
1023 2771 1235 2813 sumus.
1270 2779 1296 2806 ιο
1339 2754 1508 2827 Quid,
1534 2756 1729 2829 inquit,
1761 2763 1945 2812 vetera
1982 2769 2070 2810 re-

467 2845 706 2900 censeo?
735 2860 859 2917 qute
883 2845 936 2901 in
965 2845 1254 2916 praesentia
1281 2853 1566 2916 geruntur,
1595 2845 1753 2902 vide:
1789 2842 2074 2918 quomodo

468 2949 565 2990 vos
605 2935 663 2990 in
693 2933 885 2991 mediis
923 2935 1132 2992 deliciis
1162 2935 1342 3009 agitis,
1369 2951 1472 2992 nos
1500 2943 1688 2992 autem
1727 2933 1954 2992 omnino
1992 2933 2074 2990 di-

471 3040 690 3080 versum
725 3025 987 3096 patimur.

541 3137 566 3163 α
596 3117 664 3172 Et
687 3114 940 3187 colaphis
976 3115 1263 3173 caedimur.
1313 3139 1339 3165 ν
1379 3119 1502 3173 Ηοο
1537 3125 1642 3186 est,
1694 3115 2070 3173 verberamur.

468 3205 617 3262 Istud
645 3214 830 3262 autem
856 3206 922 3263 ad
948 3205 1167 3262 inﬂatos
1194 3206 1352 3263 dicit.

547 3321 571 3345 «ι
603 3299 674 3352 Et
699 3296 983 3353 instabiles
1011 3312 1224 3354 sumus.
1257 3321 1282 3347 ιι
1322 3299 1446 3353 Ηοο
1484 3304 1587 3366 est,
1618 3297 1893 3369 agitamur
1911 3305 1968 3353 et
2001 3295 2071 3354 ad
2100 3273 2144 3337 (ἶ

469 3382 658 3456 fugam
687 3385 1092 3458 compellimur.
1131 3385 1193 3442 1d
1229 3402 1358 3443 vero
1388 3387 1456 3443 ad
1487 3387 1780 3459 opulentos
1822 3387 2070 3459 pertinet.

545 3474 725 3532 Vnns.
761 3481 846 3532 12.
878 3499 902 3525 σι
928 3477 998 3531 Et
1022 3476 1355 3545 laboramus,
1380 3477 1621 3549 propriis
1645 3477 1902 3534 manibus
1949 3492 2076 3549 ope-

471 3572 679 3621 rantes.
714 3589 739 3616 »
763 3567 902 3622 Haec
932 3567 1067 3623 dicit
1086 3569 1289 3624 rubore
1317 3565 1650 3624 suffundens
1671 3583 1787 3637 eos,
1816 3569 1910 3640 qui
1936 3567 2074 3624 lucri

467 3664 818 3729 quaestusque
863 3657 1039 3730 gratia
1065 3665 1358 3727 conantur,
1386 3657 1701 3730 audentque
1728 3659 2068 3716 concionari.

543 3858 566 3885 α
602 3841 750 3894 Dum
771 3836 1174 3908 maledicimur,
1197 3837 1578 3896 benedicimus
1609 3858 1625 3894 :
1657 3838 1789 3894 dum
1812 3854 2069 3910 persecu-

465 3926 676 3983 tionem
706 3927 968 3999 patimur,
1000 3929 1369 3998 sustinemus;
1403 3929 1544 3986 dum
1579 3928 2070 4001 blasphemamur,

469 4015 844 4074 obsecramus.
877 4042 904 4068 τι
957 4020 1028 4075 Et
1067 4018 1214 4091 quod
1245 4020 1423 4091 majus
1461 4027 1542 4076 est
1568 4019 1649 4074 his
1677 4019 1956 4086 omnibus,
1989 4019 2072 4075 in-

469 4107 613 4177 quit,
633 4123 747 4163 non
777 4123 923 4180 aegro
953 4106 1186 4165 ferimus
1230 4108 1330 4164 ista
1361 4109 1570 4165 animo.
1597 4109 1761 4166 Unde
1790 4125 1918 4166 vero
1967 4109 2072 4165 hoc

470 4203 620 4268 patet
643 4200 666 4252 Ρ
687 4197 821 4254 Inde
839 4213 994 4266 sane,
1021 4197 1174 4271 quod
1201 4213 1319 4267 eos,
1350 4199 1440 4271 qui
1474 4197 1636 4255 nobis
1663 4199 1806 4255 male
1834 4198 2070 4266 faciunt,

469 4285 758 4342 contrariis
791 4287 1124 4359 excipimus.
1158 4290 1309 4344 Bene
1351 4288 1503 4345 enim
1529 4289 1608 4344 eis
1640 4304 1949 4361 precamur,
1976 4289 2071 4362 qui

469 4376 715 4431 convicia
748 4377 803 4432 in
819 4393 921 4433 nos
942 4378 1168 4451 jactant,
1201 4386 1256 4434 et
1282 4379 1382 4443 eis,
1412 4379 1504 4452 qui
1535 4379 1988 4436 contumeliosius
2015 4380 2071 4436 in

469 4480 572 4521 nos
596 4463 856 4524 feruntur
884 4467 1246 4539 (blasphemia
1275 4468 1418 4525 enim
1447 4478 1530 4525 est
1556 4469 1804 4543 asperior
1831 4469 2069 4542 injuria),

2181 2039 2357 2097 πάντα
2392 2037 2740 2119 βαρυνόμενος
2777 2033 2942 2112 λέγει.
2976 2033 3140 2094 Ἐστι
3165 2033 3268 2113 γὰρ
3296 2037 3324 2092 ὁ
3346 2037 3466 2100 νοῦς
3501 2035 3733 2119 τοιοῦτος
3766 2052 3782 2068 ο

2177 2133 2302 2196 Πῶς
2332 2117 2465 2196 εἰκὸς
2507 2132 2653 2203 ἡμᾶς
2682 2126 2776 2204 μὲν
2803 2129 3129 2204 κακοπαθεῖν
3151 2167 3166 2194 ,
3200 2127 3338 2200 ὑμᾶς
3388 2119 3442 2179 δὲ
3489 2117 3778 2178 ἀπολαύειν

2178 2219 2388 2290 ἀδείας,
2435 2217 2527 2277 καὶ
2565 2220 2616 2276 ἐν
2658 2218 2873 2292 ἀγαθοῖς
2921 2203 3083 2288 εἶναι,
3125 2210 3296 2272 Ὥστε
3341 2210 3645 2289 πρόδηλον,
3694 2207 3780 2266 ὅτι

2177 2311 2272 2366 οὐκ
2327 2310 2378 2365 ἐν
2422 2309 2638 2386 ἀγαθοῖς
2693 2307 2841 2374 ἐστε,
2889 2303 3026 2362 ἀλλὰ
3075 2308 3164 2362 νῦν
3205 2301 3414 2380 μᾶλλον
3461 2302 3637 2365 κακῶς
3689 2296 3780 2356 καὶ

2179 2396 2401 2466 ἀναξίως
2445 2401 2551 2456 τῶν
2607 2394 2916 2455 ἀποστόλων
2971 2392 3147 2474 ἔχετε.
3205 2393 3325 2452 Οὔκ
3384 2390 3487 2472 ἄρα
3541 2388 3779 2470 ὀφείλετε

2179 2487 2488 2569 ἐπαίρεσθαι
2519 2485 2608 2546 ἐπὶ
2633 2484 2854 2550 τούτοις.

2267 2691 2298 2723 α
2326 2667 2483 2748 Ἄχρι
2525 2670 2621 2739 τῆς
2655 2667 2773 2746 ἄρτι
2816 2665 2957 2745 ὥρας
3004 2663 3095 2722 καὶ
3127 2663 3430 2738 πεινῶμεν,
3475 2657 3568 2718 καὶ
3612 2657 3780 2748 διψῶ-

2185 2782 2280 2834 μεν
2299 2805 2313 2831 ,
2347 2747 2438 2816 καὶ
2463 2755 2883 2836 γυμνητεύομεν.
2919 2783 2940 2808 υ
2967 2753 3062 2831 Τί,
3096 2751 3253 2834 φησὶ,
3279 2749 3346 2809 τὰ
3367 2749 3581 2810 παλαιὰ
3611 2747 3782 2826 λέγω;

2181 2849 2249 2906 τὰ
2298 2853 2388 2906 νῦν
2419 2847 2532 2906 ἰδέ·
2579 2849 2691 2914 πῶς
2733 2849 2885 2922 ὑμεῖς
2924 2843 3020 2920 μὲν
3051 2851 3324 2924 τρυφᾶτε,
3371 2845 3524 2916 ἡμεῖς
3573 2837 3627 2896 δὲ
3679 2843 3782 2894 πᾶν

2184 2937 2502 3000 τούναντίον.

2277 3132 2302 3166 α
2361 3107 2472 3170 Καὶ
2525 3106 2938 3190 κολαφιζόμεθα.
2981 3127 3008 3162 ιι
3067 3100 3371 3177 Τουτέστι,
3450 3097 3778 3177 τυπτόμεθα.

2180 3203 2356 3262 Τοῦτο
2399 3201 2454 3258 δὲ
2481 3197 2613 3278 πρὸς
2657 3197 2776 3264 τοὺς
2805 3193 3260 3278 πεφυσιωμένους.

2269 3312 2299 3348 (ι
2359 3289 2468 3348 Καὶ
2525 3277 2895 3365 ἀστατοῦμεν.
2943 3309 2969 3342 »
3023 3283 3352 3353 Τουτέστιν,
3413 3277 3737 3355 έλαυνόμεθα
3764 3321 3782 3352 ,

2186 3381 2466 3463 φεύγομεν.
2500 3383 2676 3440 Τοῦτο
2707 3379 2760 3437 δὲ
2804 3375 2933 3457 πρὸς
2955 3374 3073 3441 τοὺς
3102 3376 3475 3438 πλουτοῦντας.

2265 3456 2304 3528 α’
2350 3456 2458 3530 Καὶ
2509 3473 2817 3546 κοπιῶμεν,
2853 3456 3212 3546 ἐργαζόμενοι
3281 3465 3397 3529 ταῖς
3454 3456 3672 3524 οἰκείαις

2180 3559 2352 3642 χερσί.
2389 3587 2413 3613 »
2457 3563 2649 3620 Ταῦτα
2699 3557 2843 3636 λέγει
2894 3555 3158 3635 ἐντρέπων
3192 3553 3314 3620 τοὺς
3363 3553 3519 3611 ἕνεκα
3564 3546 3781 3642 κέρδους

2180 3635 2272 3712 καὶ
2342 3655 2604 3730 πορισμοῦ
2660 3635 3057 3729 ἐπιχειροῦντας
3115 3644 3207 3704 καὶ
3259 3643 3665 3718 ἐπιτολμῶντας
3723 3635 3785 3696 τὸ

2180 3741 2485 3822 κηρύσσειν.

2266 3856 2295 3887 α
2329 3828 2759 3909 Λοιδορούμενοι,
2804 3830 3124 3907 εὐλογοῦμεν
3149 3844 3162 3858 ⁸
3200 3823 3552 3898 διωκόμενοι,
3593 3815 3783 3909 ἀνεχόῖ

2184 3927 2320 4000 μεθα
2345 3945 2356 3958 ·
2417 3905 2888 4001 βλασφήμούμενοι
2908 3966 2920 3988 ,
2942 3905 2948 3907 ﬁ
2974 3915 3416 3998 παρακαλοῦμεν.
3471 3933 3498 4001 n
3568 3905 3678 3968 Kal
3704 3906 3787 4001 ⁸τξι

2183 3995 2360 4089 μεῖζον
2408 3995 2655 4083 πάντων,
2705 4011 2896 4090 φησὶν,
2939 4006 3021 4065 ὅτι
3063 3995 3182 4064 οὐδὲ
3224 4000 3644 4090 δυσχεραίνομεν
3697 3995 3786 4090 ἐπὶ

2181 4084 2406 4169 τούτοις.
2489 4099 2599 4159 Καὶ
2658 4084 2816 4158 πόθεν
2890 4098 3084 4171 δῆλον;
3164 4091 3293 4152 Ἀπὸ
3365 4093 3456 4150 τοῦ
3518 4085 3609 4145 καὶ
3665 4084 3788 4152 τοὺς

2183 4195 2460 4258 ποιοῦντας
2507 4193 2649 4266 ἡμᾶς
2722 4190 2900 4254 κακῶς
2966 4189 3074 4252 τοῖς
3133 4180 3384 4246 ἐναντίοις
3443 4174 3785 4266 ἀμείϐεσθαι.

2183 4263 2555 4363 Εὗιρημοῦμεν⁷
2585 4279 2687 4360 γὰρ
2719 4277 2838 4345 τοὺς
2878 4275 3243 4354 λοιδοροῦντας
3264 4315 3280 4344 ,
3324 4269 3414 4328 καὶ
3451 4264 3591 4363 Δτοὶιᾼς
3616 4263 3786 4363 ’ὑϐρι-

2184 4355 2499 4452 στικῶτερον
2531 4355 2670 4428 δὲ’85
2699 4366 3158 4448 προσφερομένους
3193 4363 3381 4452 (τοῦτο
3411 4358 3517 4438 γὰρ
3546 4360 3580 4428 ἡ
3612 4355 3786 4434 βλασ-

2183 4461 2357 4544 φημία
2383 4448 2425 4535 ,⁷
2449 4464 2482 4532 ἡ
2537 4457 2841 4539 τραχυτέρα
2887 4455 3038 4544 ὕϐρις
3059 4454 3104 4534 ),
3156 4452 3248 4544 καὶ
3273 4448 3489 4544 τούτους
3521 4468 3784 4544 παρακαο

3725 3455 3776 3495 84

470 4555 615 4624 illos,
645 4556 896 4630 inquam,
925 4558 1298 4628 obsecramus,
1327 4558 1432 4616 hoc
1461 4568 1565 4627 est,
1608 4559 2072 4618 mansuetioribus

2181 4534 2411 4628 )‘to't'lptev,
2467 4534 2586 4608 ἀντί
2640 4534 2788 4624 ⁷τοῦ,
2837 4534 3148 4625 πραοτέροις
3217 4539 3394 4617 λόγοις
3447 4534 3541 4634 καὶ
3609 4536 3789 4634 μαλαῖ

471 4653 526 4701 et
551 4646 792 4703 molliori
801 4649 900 4704 bus
915 4649 1096 4705 verbis
1109 4650 1469 4707 occurrimus.
1489 4651 1624 4706 Haec
1638 4650 1784 4707 enim
1805 4659 1889 4707 est
1915 4651 2080 4709 obse-

470 4736 663 4806 cratio,
703 4752 889 4794 sermo
931 4738 1394 4796 mansuefaciens.
1437 4742 1728 4813 Propterea
1779 4740 2078 4800 Christiani

471 4824 728 4882 videntur
764 4826 944 4896 stulti,
995 4829 1446 4902 quandoquidem
1489 4831 1611 4888 haec
1639 4829 1859 4887 faciant.

549 4914 898 4987 145VBBS.
941 4923 1027 4976 13.
1081 4943 1106 4968 α
1139 4923 1428 4993 Tanquam
1465 4929 1828 4994 purgamenta
1874 4921 2075 4978 mundi

470 5002 597 5060 facti
650 5020 870 5077 sumus,
901 5009 1150 5066 omnium
1195 5011 1498 5083 peripsema
1530 5010 1830 5082 hucusque.
1868 5034 1894 5060 ι»
1925 5011 2073 5082 Quid

474 5110 601 5152 vero
648 5105 729 5153 est
775 5120 800 5146 α
847 5105 1373 5171 purgamentum?»
1423 5099 1626 5156 Sordes
1663 5115 1790 5171 quae
1837 5101 2073 5173 spongia

466 5187 872 5258 absterguntur.
899 5190 1040 5246 Cum
1071 5190 1219 5246 enim
1243 5191 1366 5263 quis
1391 5190 1686 5247 sordidum
1704 5189 1835 5262 quid
1852 5192 2072 5247 abster—

471 5276 566 5348 git,
626 5288 985 5352 purgamenta
1032 5279 1296 5336 dicuntur
1331 5280 1526 5337 sordes
1562 5280 1670 5336 illa:
1699 5295 1826 5353 qua:
1857 5285 2072 5336 abster-

471 5375 692 5438 guntur.
748 5371 818 5425 Et
868 5388 896 5423 «
949 5369 1255 5443 peripsema
1298 5393 1324 5419 ι
1378 5370 1527 5426 idem
1581 5370 1874 5443 signiﬁcat.
1931 5373 2070 5427 Nam

471 5457 676 5529 περιψᾷν
722 5466 806 5514 est
868 5459 1030 5516 veluti
1104 5460 1330 5533 spongia
1383 5460 1715 5534 abstergere.
1757 5460 1846 5517 Ait
1913 5476 2068 5533 ergo,

473 5547 587 5601 Nos
618 5547 927 5620 abjectione
959 5565 1152 5608 sumus
1171 5549 1342 5623 digni,
1385 5568 1448 5608 ac
1471 5551 1638 5609 veluti
1661 5549 2061 5609 abominationi

2187 4626 2388 4709 κτικοῖς
2439 4637 2794 4716 ἀμειϐόμεθα.
2852 4636 3027 4695 Τοῦτο
3073 4631 3176 4711 γὰρ
3228 4634 3262 4699 ἡ
3315 4626 3690 4716 παράκλησις,
3750 4627 3785 4693 ἡ

2185 4714 2492 4812 πραΰνουσα
2537 4714 2782 4795 διάλεξις.
2819 4725 2922 4785 Διὰ
2962 4729 3117 4782 τοῦτο
3146 4721 3194 4779 οἱ
3234 4714 3548 4799 Χριστιανοὶ
3579 4716 3789 4772 δοκοῦσι

2188 4822 2386 4902 μωροὶ,
2409 4820 2490 4880 ὅτι
2515 4824 2686 4878 ταῦτα
2711 4821 2950 4876 ποιοῦσιν
2981 4813 3055 4873 ⁸⁸.

2273 4892 2433 4978 αὩς
2487 4907 2936 4988 περικαθάρματα
2994 4907 3086 4962 τοῦ
3149 4897 3354 4988 κόσμου
3414 4892 3786 4988 ἐγενήθημεν,

2181 5001 2394 5060 πάντων
2433 4980 2717 5080 περίψημα
2759 4980 2861 5065 ἔως
2904 4993 3043 5075 ἄρτι.
3074 5011 3103 5049 ))
3159 4987 3234 5080 Τί
3285 4990 3397 5047 ἐστι
3435 4985 3496 5080 τὸ
3551 4980 3787 5080 περικά-

2178 5097 2396 5171 θαρμα;
2464 5069 2542 5150 Τὸ
2574 5069 2880 5167 ⁸λεγόμενον
2946 5069 3392 5171 ἀποσπόγγισμα.
3443 5073 3630 5171 "Orate
3678 5069 3783 5151 γὰρ

2182 5161 2413 5260 ῥυπαρόν
2462 5204 2515 5238 τι
2559 5161 2938 5255 ἀποσπογγίσῃ
2987 5195 3103 5246 τις,
3143 5167 3522 5260 περικάθαρμα
3571 5161 3788 5260 λέγεται

2179 5249 2238 5330 τὸ
2283 5249 2700 5347 ἀποσπόγγισμα
2751 5249 2940 5326 ἐκεῖνο..
3000 5261 3111 5323 Καὶ
3154 5260 3213 5318 τὸ
3271 5256 3556 5336 περίψημα
3630 5250 3683 5347 δὲ
3730 5249 3793 5309 τὸ

2181 5361 2307 5420 αὐτὸ
2342 5341 2519 5434 δηλοῖ..
2545 5341 2797 5438 ⁷Περιψᾷν
2842 5353 2944 5432 γὰρ
2979 5351 3194 5427 λέγεται
3223 5348 3302 5438 Ϋτὸ
3331 5341 3789 5438 περιστιι-ογγίῖβινἔ

2181 5449 2364 5523 Φησὶν
2396 5427 2496 5509 ὀὖν
2521 5493 2538 5520 ,
2575 5427 2655 5506 ϐτί
2685 5427 2775 5504 τοῦ
2810 5427 3232 5525 ἀπορρίπτεσθαί
3274 5439 3440 5525 ἐσμεν
3480 5432 3619 5502 ἄξιοι
3640 5477 3672 5525 ,γ
3686 5427 3791 5525 κα)

2178 5518 2276 5608 ὥς.
2306 5518 2583 5620 βδέλυγμα
2632 5518 2974 5616 λογίζεσθαί,
3045 5533 3146 5611 οὐχ
3195 5531 3321 5606 ὑμῖν
3372 5523 3588 5604 μόνοις,
3652 5518 3792 5580 ἀλλὰ

1879 5714 2074 5773 Variae
2116 5713 2420 5773 lectiones.

547 5825 592 5861 ³³
620 5825 812 5899 εἴρηκεν
840 5843 892 5886 0-
971 5829 1014 5863 ⁸⁸
1043 5829 1186 5894 ἶδίαις
1207 5846 1262 5887 0-
1339 5831 1387 5869 ⁸⁵
1415 5852 1515 5896 πως
1545 5848 1598 5890 0.
1675 5831 1721 5866 ⁸³
1753 5834 1830 5887 ὅτι
1863 5833 2027 5888 πάντα
2056 5833 2291 5896 πιοιοῢσι,
2325 5829 2388 5884 τὰ
2412 5830 2617 5883 τοιαῦτα
2659 5840 2713 5885 0.
