4090 6474
292 499 397 552 617

1171 501 1521 558 EXPOSITIO
1557 503 1624 558 IN
1663 504 1869 560 EPIST.
1915 507 1933 561 Ι
1972 509 2062 562 ΑΙ)
2103 508 2261 564 (10R.
2301 535 2371 546 —
2417 507 2567 564 CAP.
2608 507 2694 562 IV.

3498 508 3601 562 618

294 622 457 682 παντὶ
488 626 564 704 τῷ
593 623 808 703 κόσμῳ,
837 623 927 683 καὶ
952 633 1112 684 πᾶσιν
1153 625 1447 704 ἀνθρώποις
1469 650 1484 664 ο
1532 627 1622 686 καὶ
1666 629 1765 707 οὐχ
1795 627 1885 688 ἕνα

1999 631 2256 700 habendi,
2283 648 2394 688 non
2407 632 2586 688 solum
2617 630 2792 698 vobis,
2829 645 3022 686 verum
3051 629 3219 685 etiam
3247 631 3350 687 toti
3393 630 3603 688 mundo

292 711 515 791 καιρὸν,
569 712 689 772 ἀλλ’
743 713 840 780 ἕως
884 713 1030 792 ἄρτι.
1082 711 1236 794 "Ope:
1286 715 1341 774 δὲ
1392 717 1572 775 ὁποῖον
1627 707 1765 776 εἶναι
1819 720 1885 778 δεῖ

2002 731 2057 778 et
2076 723 2292 778 cunctis
2335 720 2670 779 mortalibus
2702 739 2715 775 :
2745 735 2847 776 nec
2870 735 2984 776 uno
3023 719 3289 776 duntaxat
3313 729 3600 792 tempore;

291 801 382 860 τὸν
437 802 793 882 Χριστιανὸν,
863 803 954 862 καὶ
1009 801 1090 862 ὅτι
1143 805 1319 864 ἀθλεῖν
1368 805 1570 886 ὀφείλει
1619 806 1748 887 ἄχρι
1799 806 1892 866 τέ-

301 893 446 959 λους.

293 1069 346 1125 Γι-
386 1093 416 1129 ιι
443 1074 561 1131 Οὐκ
596 1072 860 1150 ἐντρέπων
891 1075 1031 1148 ὑμᾶς
1079 1078 1250 1132 ταῦτα
1281 1073 1497 1156 γράφω,
1543 1077 1664 1133 ἀλλ’
1701 1078 1772 1142 ὣς
1800 1075 1890 1134 τέ-

294 1183 397 1218 κνα
432 1183 532 1238 μου
566 1160 821 1238 ἀγαπητὰ
869 1162 920 1200 ⁸⁷
973 1166 1251 1223 νουθετῶν.
1301 1189 1326 1216 ι
1374 1165 1458 1224 Οὐ
1517 1164 1891 1245 καταισχύνων

290 1251 463 1325 ὖμᾶς,
509 1250 688 1329 φησὶν,
729 1251 848 1309 οὐδὲ
879 1261 1087 1330 πονηρᾷ
1113 1251 1205 1310 καὶ
1238 1252 1468 1332 μισούσῃ
1498 1252 1688 1334 γνώμῃ
1719 1261 1890 1313 ταῦτα

291 1339 462 1415 λέγω,
493 1341 610 1398 ἀλλ’
639 1343 710 1407 ὡς
758 1339 954 1400 τέκνα·
1001 1339 1093 1399 καὶ
1142 1343 1243 1422 οὐχ
1280 1341 1463 1410 ἁπλῶς
1511 1342 1670 1401 τέκνα
1693 1389 1710 1420 ,
1748 1344 1889 1402 ἀλλὰ

293 1429 567 1505 ἀγαπητά.
621 1427 904 1508 Σύγγνωτέ
950 1453 1042 1506 μοι
1094 1429 1142 1488 εἴ
1194 1454 1246 1488 τι
1298 1431 1390 1489 καὶ
1435 1432 1681 1513 φορτικὸν
1742 1435 1887 1513 εἴρη-

292 1540 382 1574 ται
410 1540 425 1554 ⁸
454 1517 506 1586 ἐξ
537 1517 754 1597 ἀγάπης
791 1516 895 1597 γὰρ
927 1524 1099 1578 ταῦτα
1139 1519 1361 1597 γίνεται.
1405 1521 1514 1580 Καὶ
1565 1523 1657 1579 οὐκ
1702 1514 1846 1581 εἶπεν
1867 1569 1884 1600 ,

290 1605 598 1685 Ἐπιτιμῶ,
624 1608 763 1666 ἀλλὰ
781 1653 798 1680 ,
838 1629 867 1666 ιι
892 1609 1142 1668 Νουθετῶ
1169 1608 1239 1670 ⁸⁸.
1269 1633 1300 1665 ια
1336 1609 1436 1677 Τίς
1466 1608 1523 1669 δὲ
1542 1611 1640 1670 οὖκ
1663 1611 1726 1670 ἂν
1757 1612 1887 1670 ἀνά-

290 1719 474 1776 σχοιτο
503 1695 701 1774 πατρὸς
737 1701 1131 1772 νουθετοῦντος;

369 1812 395 1837 ε
428 1784 560 1846 Ἐὰν
583 1785 686 1864 γὰρ
718 1786 932 1866 μυρίους
964 1787 1527 1872 παιδαγωγοὺς-ἔχητε
1553 1792 1605 1850 ἐν
1637 1793 1882 1872 Χριστῷ,

289 1874 410 1932 ἀλλ’
467 1877 526 1934 οὗ
577 1873 802 1943 πολλοὺς
847 1877 1108 1956 πατέρας,
1145 1901 1174 1936 »
1211 1878 1279 1939 Τί
1309 1870 1430 1951 οῦν,
1482 1881 1642 1961 φασίν
1691 1880 1778 1950 8°;
1831 1870 1885 1939 οἱ

2003 810 2102 868 sed
2127 811 2196 869 ad
2228 811 2367 868 hanc
2400 827 2574 883 usque
2607 810 2824 867 horam.
2851 809 3092 867 Observa
3117 808 3208 865 hic
3230 809 3448 881 qualem
3479 825 3603 867 esse

2003 911 2254 974 oporteat
2306 901 2706 968 Christianum,
2777 900 3034 974 quodque
3082 899 3151 956 ad
3200 898 3369 956 ﬁnem
3428 915 3605 973 usque

2000 1000 2210 1048 certare
2235 991 2452 1049 debeat.

2072 1084 2254 1140 Vsus.
2288 1087 2376 1138 I4.
2407 1104 2434 1130 α
2460 1084 2588 1138 Non
2616 1089 2680 1138 ut
2717 1095 2814 1137 vos
2843 1078 3210 1152 pudefaciam,
3237 1079 3357 1138 haec
3385 1079 3598 1148 scribo;

2001 1170 2096 1227 sed
2134 1179 2196 1226 ut
2230 1170 2372 1227 ﬁlios
2399 1186 2554 1228 meos
2583 1171 2914 1228 clarissimos
2953 1185 3181 1226 moneo.
3217 1193 3242 1219 ι
3274 1172 3401 1226 Non
3429 1167 3599 1242 pude-

1997 1260 2201 1318 faciens
2226 1283 2254 1310 ιι
2295 1276 2392 1318 vos
2425 1283 2450 1310 α
2482 1260 2685 1332 inquit,
2723 1275 2900 1333 neque
2930 1275 3096 1332 prava
3127 1269 3186 1316 et
3212 1257 3391 1316 invida
3416 1265 3602 1314 mente

1995 1351 2101 1406 hoc
2150 1349 2299 1417 dico,
2376 1359 2640 1407 θεῖοι-ωτι
2672 1374 2698 1399 σι
2743 1359 2806 1406 ut
2830 1351 3012 1406 ﬁlios:
3041 1373 3067 1398 ι
3119 1365 3223 1405 nec
3277 1348 3601 1421 simpliciter

1994 1439 2156 1508 ﬁlios,
2182 1439 2283 1497 sed
2311 1439 2564 1497 dilectos.
2598 1440 2872 1513 Ignoscite
2895 1439 3027 1495 mihi
3054 1439 3099 1496 si
3123 1437 3262 1511 quid
3299 1439 3601 1494 molestum

1994 1545 2023 1583 ει
2055 1545 2146 1585 me
2181 1529 2393 1586 dictum
2421 1529 2510 1586 sit.
2536 1532 2671 1586 Haec
2700 1529 2854 1586 enim
2879 1545 2942 1585 ex
2967 1543 3162 1585 amore
3197 1528 3354 1583 ﬁunt.
3381 1530 3456 1583 Et
3485 1543 3599 1584 non

1992 1617 2153 1688 dixit,
2205 1619 2447 1692 increpo,
2487 1620 2604 1689 sed,
2652 1642 2678 1668 σι
2705 1621 2924 1675 Moneo.
2987 1641 3010 1666 υ
3056 1617 3190 1688 Quis
3236 1633 3364 1673 vero
3402 1617 3598 1674 admo-

1993 1717 2221 1766 nentem
2250 1717 2463 1781 patrem
2494 1725 2609 1764 non
2635 1708 2950 1764 sustineat?

2065 1801 2250 1855 Vsus.
2294 1803 2380 1855 15.
2417 1821 2442 1846 α
2480 1801 2622 1854 Nam
2654 1798 2699 1853 si
2743 1797 2934 1854 decem
2961 1796 3130 1853 millia
3163 1795 3596 1869 paedagogorum

1994 1886 2244 1944 habeatis
2276 1886 2332 1942 in
2354 1885 2598 1955 Christo,
2629 1885 2725 1942 sed
2755 1901 2871 1942 non
2913 1885 3120 1941 multos
3149 1892 3354 1955 patres.
3393 1907 3418 1933 ιο
3450 1883 3597 1956 Quid

289 1965 443 2064 ἄλλοι
464 1966 579 2064 ιοῦκ
627 1967 906 2042 ἀγαπῶσιν
958 1972 1135 2044 ἡμᾶςς
1187 1970 1310 2048 Οὐχ
1365 1967 1532 2042 οὕτω,
1575 1968 1769 2051 φησὶν,
1817 1973 1885 2038 ὡς

1996 1977 2176 2048 igitur,
2209 1976 2471 2049 inquiunt
2496 1979 2519 2030 ?
2541 1991 2656 2032 non
2701 1975 2937 2047 diligunt
2963 1989 3066 2030 nos
3118 1973 3206 2029 alii
3233 1978 3256 2029 ξ’
3285 1976 3413 2030 Non
3446 1987 3594 2040 eam,

290 2052 415 2130 ἐγώ.
464 2053 698 2138 Ἐκεῖνοι
745 2053 842 2130 μὲν
883 2054 986 2134 γὰρ
1032 2058 1366 2136 παιδαγωγοί
1404 2083 1417 2096 ·
1457 2058 1563 2136 ἐγὼ
1601 2061 1654 2118 δὲ
1686 2059 1886 2138 πατήρ.

286 2139 508 2223 θΩσπερ
537 2133 626 2203 οὖν
653 2143 741 2201 ἐπὶ
788 2133 903 2204 τῶν
924 2133 1164 2220 παίδων,
1264 2133 1360 2224 μὲν
1390 2133 1572 2227 πατὴρ
1604 2138 1678 2217 εἷς
1698 2192 1715 2222 ,
1750 2150 1799 2207 οἱ
1833 2133 1887 2207 δὲ

288 2233 622 2312 παιδαγωγοὶ
668 2232 829 2313 τυχὸν
871 2234 1062 2294 πολλοὶ
1108 2235 1160 2272 ⁹⁰
1188 2257 1202 2270 '
1254 2237 1386 2317 πρὸς
1433 2237 1488 2296 δὲ
1529 2237 1589 2296 τὸ
1631 2243 1728 2296 τοῦ
1779 2238 1889 2305 ἑνὸς

287 2322 503 2402 φίλτρον
528 2368 546 2400 ,
579 2327 670 2381 τοῦ
700 2323 930 2404 πατρὸς,
961 2323 1143 2405 φημὶ,
1191 2327 1376 2407 πολλῷ
1416 2326 1657 2386 λείπεται
1693 2331 1728 2398 ἡ
1772 2329 1885 2386 διά-

288 2415 429 2479 θεσις
463 2415 632 2472 αὐτῶν
668 2436 681 2448 ·
716 2411 855 2472 οὕτω
900 2414 990 2472 καὶ
1040 2416 1122 2495 ἐφ’
1151 2419 1346 2492 ἡμῶν,
1401 2415 1584 2497 φησίν.
1618 2413 1767 2496 ’Ὅρα
1801 2415 1887 2490 δὲ,

289 2505 403 2567 πῶς
448 2501 670 2579 καὶτὸ,
710 2523 742 2562 (ι
771 2502 865 2564 Ἐν
910 2506 1159 2586 Χριστῷ,
1195 2528 1224 2563 ιι
1271 2505 1596 2584 προσέθηκεν
1645 2507 1732 2566 ἐπὶ
1779 2511 1886 2566 τῶν

287 2591 646 2670 παιδαγωγῶν
672 2635 688 2665 ,
720 2589 808 2649 ἵνα
839 2592 915 2667 μὴ
955 2594 1131 2666 πάντη
1164 2593 1340 2675 πλήξῃ
1373 2595 1580 2662 αὐτούς·
1626 2594 1767 2654 ἀλλὰ
1797 2597 1888 2654 καὶ

285 2679 348 2738 τὸ
380 2679 766 2762 ἐπιπονώτερον
803 2679 899 2758 μὲν
950 2683 1165 2752 ἐκείνοις
1211 2683 1408 2744 δέδωκε
1460 2684 1732 2762 (τοιοῦτον
1784 2686 1887 2766 γὰρ

287 2775 316 2828 ὃ
348 2773 758 2852 παιδαγωγὸς),
793 2772 891 2842 τὴν
935 2773 989 2831 δὲ
1040 2779 1136 2847 τῆς
1175 2774 1386 2855 ἀγάπης
1415 2773 1714 2855 ὑπερϐολὴν
1759 2779 1886 2834 ἑαυ-

285 2863 364 2942 τῷ
396 2861 773 2935 ἐταμιεύσατο.

371 2973 404 3010 υ
459 2950 554 3012 Ἐν
606 2951 708 3032 γὰρ
755 2953 973 3034 Χριστῷ
1023 2952 1207 3027 Ἰησοῦ
1259 2955 1347 3014 διὰ
1415 2963 1505 3017 τοῦ
1562 2957 1888 3037 Εὖαγγελίου

281 3040 393 3120 ἐγὼ
422 3043 574 3118 ὑμᾶς·
604 3041 880 3120 ἐγέννησα.
929 3067 957 3102 ι)
1016 3045 1448 3116 Κατασκευάζων
1472 3093 1490 3124 ,
1547 3050 1663 3114 πῶς
1707 3048 1887 3126 πατήρ

286 3134 438 3202 ἐστι,
486 3131 676 3211 φησιν,
715 3131 797 3191 ὅτι
852 3131 944 3193 Ἐν
997 3138 1063 3213 τῇ
1109 3141 1202 3194 τοῦ
1233 3137 1468 3216 Χριστοῦ
1521 3136 1740 3217 βοηθείᾳ
1782 3138 1887 3216 ἐγὼ

1998 2066 2202 2140 inquit,
2259 2065 2328 2123 ad
2355 2066 2626 2122 rationem
2647 2080 2757 2137 qua
2785 2080 2907 2137 ego.
2933 2063 3020 2119 Illi
3039 2078 3280 2135 namque
3303 2061 3594 2135 paedagogi

1996 2165 2148 2224 sunt,
2177 2171 2279 2228 ego
2299 2171 2428 2212 vero
2450 2152 3309 2227 pater.Quemadmodumigitur
3326 2153 3385 2208 in
3408 2152 3595 2225 pueris

1999 2245 2113 2302 ﬁeri
2134 2246 2294 2314 solet,
2335 2254 2398 2302 ut
2423 2245 2494 2302 sit
2520 2253 2672 2317 pater
2725 2259 2888 2313 unus,
2941 2241 3220 2316 paedagogi
3260 2259 3394 2297 vero
3432 2241 3595 2297 multi

1995 2334 2232 2392 fortasse
2263 2353 2275 2390 :
2305 2335 2376 2392 ad
2406 2335 2571 2390 unius
2589 2343 2774 2390 autem
2796 2348 3070 2400 amorem,
3111 2331 3281 2403 patris
3303 2331 3596 2400 nimirum,

1998 2425 2044 2480 si
2094 2423 2468 2493 conferantur,
2502 2424 2744 2480 multum
2771 2423 2942 2480 distat
2971 2437 3166 2478 eorum
3194 2420 3420 2477 affectio
3464 2439 3477 2477 :
3520 2421 3598 2475 sic

1997 2521 2056 2570 et
2109 2513 2403 2570 nobiscum
2433 2513 2514 2568 ﬁt.
2544 2511 2947 2569 Animadverte
2985 2510 3076 2566 hic
3123 2509 3428 2581 quomodo,
3473 2530 3496 2558 ιι
3533 2511 3598 2564 In

1995 2603 2241 2671 Christo,
2277 2626 2303 2652 ιι
2351 2600 2670 2674 apposuerit
2696 2600 2767 2658 ad
2815 2619 2844 2653 ι(
2885 2599 3338 2672 paedagogorum,
3378 2613 3450 2654 ne
3499 2613 3598 2654 eos

1997 2693 2228 2749 omnino
2258 2691 2518 2764 percellat
2551 2709 2564 2746 :
2597 2693 2804 2747 Verum
2834 2689 2986 2762 quod
3013 2691 3136 2760 plus
3171 2687 3382 2744 laboris
3406 2686 3595 2754 habet,

1995 2782 2072 2838 eis
2109 2781 2368 2839 attribuit
2403 2781 2482 2849 (id
2506 2781 2657 2837 enim
2683 2787 2768 2837 est
2795 2778 3164 2852 paedagogum
3206 2782 3368 2847 esse),
3400 2775 3588 2833 chari-

1993 2873 2124 2929 tatis
2150 2880 2336 2928 autem
2358 2886 2646 2928 excessum
2674 2869 2777 2926 sibi
2806 2869 2913 2940 ipsi
2941 2867 3309 2924 conservavit.

2072 2984 2099 3012 «
2145 2963 2207 3017 In
2241 2962 2456 3019 Christo
2485 2959 2636 3017 enim
2662 2961 2790 3016 Jesu
2823 2973 2920 3031 per
2949 2956 3312 3030 Evangelium
3355 2971 3454 3012 vos
3498 2972 3597 3029 ge-

1996 3051 2111 3107 nui.
2186 3071 2215 3104 »
2269 3051 2621 3109 Conﬁrmans
2670 3047 2953 3122 quomodo
3011 3057 3163 3119 pater
3209 3047 3302 3116 sit,
3369 3045 3597 3115 Christi,

1996 3141 2196 3213 inquit,
2229 3156 2337 3214 ope
2369 3164 2394 3189 α
2419 3156 2516 3196 vos
2533 3139 2697 3212 genui
2718 3155 2814 3211 per
2838 3137 3222 3210 Evangelium.
3244 3156 3273 3188 »
3304 3137 3429 3193 Non
3443 3135 3597 3192 enim

285 3224 424 3298 ὑμᾶς
454 3220 712 3294 ἐγέννησα
758 3222 845 3282 διὰ
888 3227 979 3281 τοῦ
1017 3225 1366 3303 Εὖαγγελίου.
1419 3229 1500 3286 Οὐ
1530 3225 1666 3307 γὰρ,
1700 3225 1884 3304 ὥσπερ

1997 3231 2263 3304 mihiipsi,
2305 3239 2366 3287 ut
2405 3230 2646 3302 plerique
2687 3229 2829 3284 inter
2876 3243 2995 3294 vos,
3051 3225 3265 3283 ascribo
3315 3224 3597 3296 imputove

285 3310 336 3368 οἱ
365 3309 552 3368 πολλοὶ
593 3310 719 3390 παρ’
751 3315 876 3387 ὑμῖν
895 3353 912 3382 ,
958 3313 1176 3396 ἐμαυτῷ
1222 3315 1500 3391 λογίζομαι
1529 3316 1590 3374 τὸ
1618 3325 1843 3396 πρᾶγμα
1861 3361 1877 3389 ,

286 3400 427 3458 ἀλλὰ
469 3402 547 3479 τῷ
591 3401 830 3480 Χριστῷ.
883 3403 1000 3460 Οὐκ
1056 3392 1174 3460 εἷπε
1227 3403 1316 3475 δὲ,
1364 3392 1674 3480 Ἐδίδαξα,
1702 3392 1878 3478 ἀλλὰ,

296 3512 326 3545 (ι
359 3487 682 3565 Ἐγέννησα,
717 3516 742 3542 ιι
790 3493 867 3569 τῷ
897 3493 992 3562 τῆς
1021 3492 1227 3570 φύσεως
1275 3495 1504 3570 ὀνόματι
1533 3494 1631 3566 τήν
1665 3493 1880 3570 ἀγάπην

285 3577 658 3651 ἐπιδεικνύων,
681 3577 774 3636 καὶ
804 3579 886 3637 ὅτι
923 3581 1237 3640 οἰκειότατοι
1275 3583 1367 3642 καὶ
1400 3581 1756 3662 γνησιώτατοι
1787 3586 1880 3640 αὖ·

285 3673 379 3726 τοῦ
429 3667 667 3744 μαθηταὶ⁸
716 3667 860 3728 οὗτοί
909 3670 1084 3744 εἰσιν,
1147 3674 1219 3739 ὡς
1269 3677 1548 3752 πανταχοῦ
1598 3676 1692 3744 τῆς
1724 3673 1879 3733 Ἔπι-

287 3757 480 3826 στολῆς
516 3758 687 3829 δηλοῖ.

377 3867 408 3904 ιι
455 3847 772 3925 Παρακαλῶ
816 3839 906 3908 οῦν
955 3851 1125 3926 ὗμᾶς,
1159 3851 1395 3928 μιμηταί
1448 3874 1551 3928 μου
1590 3849 1873 3928 γίνεσθε.»

287 3933 618 4011 Μιμήσασθε
640 3977 658 4007 ,
708 3935 868 4017 φησὶν
891 3983 910 4015 ,
946 3939 1001 3996 ἐν
1038 3948 1200 3998 πᾶσιν
1231 3939 1362 4019 ἐμὲ,
1389 3941 1526 4019 μήτε
1559 3941 1647 3998 ἐπὶ
1682 3941 1841 4021 σοφία
1865 3985 1880 4012 ,

286 4023 425 4100 μήτε
495 4023 584 4082 ἐπὶ
651 4025 867 4109 πλούτῳ
939 4028 1307 4107 ἐπαιρόμενοι,
1381 4030 1522 4108 μήτε
1579 4029 1712 4111 πρὸς
1768 4029 1886 4097 τοὺς

284 4112 542 4194 ἀδελφοὺς
568 4114 895 4192 διιστάμενοι
924 4141 936 4155 ·
971 4119 1107 4178 ἀλλὰ
1137 4118 1229 4178 καὶ
1258 4120 1446 4202 σοφίαν
1494 4119 1586 4178 καὶ
1618 4121 1846 4180 πλοῦτον
1866 4165 1881 4193 ,

281 4202 384 4273 τὴν
440 4205 570 4283 πρὸς
631 4206 868 4284 Χριστὸν
942 4207 1034 4268 καὶ
1086 4209 1341 4290 ἀδελφοὺς
1393 4210 1608 4288 ἀγάπην
1667 4210 1880 4276 εἰδότες.

281 4290 434 4372 Ὅρα
465 4293 518 4351 δὲ
551 4293 838 4373 σπλάγχνα
867 4340 884 4372 ,
930 4301 1042 4366 πῶς
1075 4300 1410 4378 παρακαλεῖ,
1443 4301 1538 4357 οὐκ
1586 4298 1882 4357 ἐπιτάσσει.

286 4382 548 4460 Μεγάλης
604 4383 661 4442 δὲ
715 4385 1021 4467 παρῤησίας
1072 4388 1164 4447 καὶ
1220 4388 1282 4448 τὸ
1341 4388 1528 4447 ἑαυτὸν
1585 4388 1884 4469 ἀρχέτυπον

284 4469 608 4552 προτιθέναι.
997 4487 1007 4502 ‘

376 4766 408 4799 ι
457 4745 560 4805 Διὰ
603 4751 757 4806 τοῦτο
785 4747 1002 4831 ἔπεμψα
1043 4749 1165 4827 ὑμῖν
1219 4749 1509 4826 Τιμόθεον,
1558 4748 1614 4818 ὅς
1653 4753 1767 4810 ἐστι
1802 4751 1886 4809 τέ-

285 4857 412 4892 κνον
442 4857 543 4910 μου
575 4836 876 4914 ἀγαπητόν.
917 4866 942 4892 ι
975 4837 1155 4912 Διότι,
1181 4838 1342 4920 φησὶ,
1372 4840 1606 4915 κήδομαι
1637 4842 1786 4916 ὕμῶν
1814 4843 1886 4908 ὡς

283 4922 529 4999 παίδων,
583 4925 800 5007 ἔπεμψα
861 4930 989 5008 ὑμῖν
1058 4931 1340 5006 Τιμόθεον.
1400 4928 1571 4996 Αὐτὸς
1627 4928 1724 5007 μὲν
1783 4929 1885 5010 γὰρ

289 5010 601 5100 ἠϐουλόμην
649 5019 817 5076 ἐλθεῖν
841 5060 858 5089 ,
901 5021 972 5085 ὡς
1021 5019 1083 5076 ἂν
1132 5018 1441 5100 καταρτίσω
1480 5022 1620 5095 ὑμᾶς
1652 5041 1666 5056 ⁶
1701 5020 1886 5092 ἐπειδὴ

280 5099 340 5158 δὲ
389 5103 450 5161 οὗ
503 5104 758 5179 δυνατὸν,
791 5107 1019 5186 ἔπεμψα.
1054 5099 1289 5182 τοῦτον,
1316 5106 1370 5174 ὅς
1401 5111 1516 5166 ἐστι
1566 5107 1752 5167 τέκνον
1785 5134 1886 5185 μου

283 5192 582 5277 ἀγαπητόν.
613 5197 786 5255 Τοῦτο
828 5197 884 5255 δὲ
915 5188 1060 5256 εἶπεν
1082 5241 1100 5270 ,
1134 5195 1223 5255 ἵνα
1254 5198 1368 5275 ἅμα
1400 5194 1496 5275 μὲν
1544 5196 1684 5277 δείξῃ
1721 5197 1886 5258 πόσον

287 5275 474 5367 “gulf:
522 5285 743 5366 ἀγαπᾷ,
797 5285 845 5344 εἴ
901 5311 962 5364 γε
1007 5285 1179 5347 εἵλετο
1238 5289 1396 5346 αὐτοῦ
1442 5275 1774 5367 χωρισθῆναι
1827 5290 1892 5346 δι’

285 5362 480 5432 αὖτοῦς
511 5391 524 5404 ·
583 5362 700 5448 ἅμα
757 5375 847 5454 δὲ,
901 5362 988 5435 ἵνα
1049 5378 1143 5437 καὶ
1203 5362 1482 5454 αἰδέσιμος
1533 5362 1737 5444 ναῦτοίς
1798 5378 1891 5457 γέ·-

285 5477 470 5526 νηται.

1914 4539 1966 4601 D

1993 3337 2148 3389 rem,
2181 3320 2279 3377 sed
2319 3319 2565 3378 Christo.
2621 3321 2744 3376 Non
2775 3317 2917 3375 dixit
2963 3324 3178 3382 autem,
3221 3314 3417 3382 docui,
3468 3313 3593 3383 sed,

1996 3434 2022 3460 ι
2083 3411 2266 3466 Genui
2300 3432 2312 3466 :
2348 3432 2375 3460 ι)
2433 3418 2642 3466 natura:
2671 3407 2928 3467 videlicet
2956 3407 3187 3463 nomine
3237 3404 3593 3462 dilectionem

1993 3499 2313 3568 ostendens,
2347 3499 2605 3571 quodque
2647 3497 2855 3570 proprii
2884 3496 3060 3564 valde,
3110 3495 3596 3567 maximeque‘ge-

1993 3590 2154 3645 nuini
2205 3589 2294 3646 isti
2322 3589 2578 3662 discipuli
2609 3587 2696 3644 sui
2725 3588 2858 3655 sint,
2903 3594 2964 3642 ut
3004 3586 3209 3658 ubique
3251 3584 3311 3640 in
3351 3583 3598 3656 Epistola

1993 3677 2330 3735 manifestat.

2066 3861 2246 3916 Vsus.
2281 3864 2368 3914 16.
2404 3881 2431 3907 α
2469 3856 2750 3913 Adhortor
2776 3855 2958 3926 itaque
2987 3869 3104 3922 vos,
3141 3851 3452 3908 imitatores
3475 3851 3593 3906 mei

1994 3958 2190 4006 estote.
2235 3968 2266 4001 π
2307 3947 2628 4015 lmitamini,
2667 3945 2870 4018 inquit,
2921 3959 3014 3999 me
3050 3944 3108 3998 in
3143 3938 3403 3998 omnibus
3439 3957 3454 3995 :
3489 3955 3596 3996 nec

1993 4039 2298 4111 sapientiae,
2330 4053 2429 4094 nec
2459 4036 2779 4093 divitiarum
2805 4033 3031 4090 nomine
3055 4029 3392 4098 efferamini,
3416 4044 3598 4102 neque

1994 4145 2123 4186 cum
2153 4128 2411 4184 fratribus
2440 4125 2746 4182 dissideatis
2773 4143 2786 4179 :
2814 4139 3006 4179 verum
3054 4138 3148 4178 eas
3174 4127 3393 4176 tantum
3442 4135 3597 4192 opes,

1994 4234 2118 4276 eam
2170 4235 2289 4274 esse
2340 4232 2525 4273 veram
2561 4214 2890 4287 sapientiam
2931 4210 3222 4278 noveritis,
3257 4209 3598 4266 charitatem

1995 4309 2259 4365 nimirum
2309 4323 2439 4380 erga
2469 4305 2749 4364 Christum
2790 4312 2847 4359 et
2873 4302 3092 4358 fratres.
3123 4301 3364 4356 (liserva
3407 4307 3597 4356 autem

1993 4398 2306 4456 dilectionis
2356 4395 2663 4454 affectum:
2709 4394 3037 4451 adhortatur
3091 4392 3265 4458 enim,
3314 4405 3430 4446 non
3487 4389 3598 4445 im-

1994 4497 2165 4562 perat.
2226 4491 2440 4561 Magna:
2489 4495 2676 4543 autem
2741 4483 2958 4542 ﬁduciae
3019 4487 3413 4555 argumentum
3480 4486 3596 4546 est,

1995 4579 2147 4652 quod
2212 4594 2332 4635 sese
2398 4576 2702 4650 exemplar,
2785 4572 2937 4646 quod
2999 4571 3310 4639 imitentur,
3390 4581 3600 4639 prapo-

1996 4676 2114 4724 nat.

2067 4759 2245 4816 Vsus.
2279 4763 2366 4814 17.
2405 4776 2435 4810 ‹‹
2460 4755 2591 4813 Ideo
2617 4752 2746 4811 misi
2777 4750 2930 4809 vobis
2978 4747 3361 4817 Timotheum,
3391 4743 3485 4818 qui
3513 4750 3599 4801 est

1999 4847 2142 4905 ﬁlius
2193 4863 2350 4904 meus
2394 4846 2702 4903 dilectus.»
2736 4841 3010 4914 Quoniam
3045 4837 3234 4907 vestri,
3290 4835 3458 4909 146
3510 4833 3601 4890 in-

1996 4938 2134 5010 quit,
2155 4953 2347 4994 curam
2369 4951 2520 5008 gero,
2550 4949 2664 4990 non
2693 4947 2855 4989 secus
2880 4947 2944 4988 ac
2989 4929 3260 4998 ﬁliorum,
3283 4925 3416 4983 misi
3436 4924 3600 4983 vobis

1994 5026 2370 5085 Timotheum.
2403 5027 2524 5097 Ipse
2566 5021 2789 5096 quidem
2817 5019 3007 5077 venire
3035 5018 3205 5086 volui,
3228 5025 3290 5074 ut
3313 5031 3411 5072 vos
3439 5029 3593 5072 com-

1996 5131 2260 5189 ponerem
2294 5134 2308 5173 :
2340 5115 2469 5188 quia
2514 5128 2645 5169 vero
2672 5113 2818 5168 istuc
2854 5109 2974 5166 ﬁeri
3014 5107 3160 5165 haud
3219 5104 3415 5179 potuit,
3469 5102 3599 5159 misi

1998 5207 2189 5275 istum,
2240 5205 2337 5278 qui
2386 5209 2471 5260 est
2515 5202 2664 5258 ﬁlius
2714 5216 2876 5257 meus
2932 5197 3190 5254 dilectus.
3242 5196 3366 5250 Hoc
3409 5199 3602 5248 autem

1999 5296 2161 5362 dixit,
2193 5295 2395 5367 partim
2424 5302 2487 5349 ut
2514 5298 2792 5348 monstret
2819 5294 3025 5360 quanta
3053 5299 3148 5340 eos
3175 5283 3442 5340 charitate
3463 5295 3604 5353 pro-

1999 5380 2576 5458 sequatur,siquidem
2613 5378 2956 5437 aTimotheo
2967 5372 3243 5447 segregari
3279 5368 3606 5427 sustinuerit

2003 5483 2226 5548 propter
2258 5474 2408 5547 ipsos
2441 5490 2456 5528 :
2488 5470 2691 5542 partim
2720 5476 2785 5526 ut
2824 5475 2882 5525 et
2911 5461 3261 5522 veneratione
3289 5459 3491 5533 dignus
3528 5459 3611 5514 eis

2000 5565 2272 5623 reddatur
2290 5604 2298 5623 .

1689 5665 1877 5726 Variae
1922 5667 2218 5727 lectiones.

355 5787 399 5822 ⁸⁷
432 5789 722 5864 ποθούμενα
746 5809 802 5851 0.
880 5793 924 5829 ⁸⁸
959 5795 1027 5854 ἴσ.
1061 5798 1308 5854 νουθετῶν
1337 5815 1390 5856 ο.
1469 5799 1512 5833 ⁸9
1540 5799 1688 5871 φησιν
1722 5817 1801 5857 m.
1879 5801 1927 5837 ⁶⁰
1968 5799 2156 5856 πολλοὶ
2185 5799 2273 5871 μέν
2300 5813 2378 5855 m.

569 5883 814 5940 Ρηιιοι..
856 5886 966 5944 Gn.
1007 5887 1226 5946 CXXIV.
