  <div class='ocr_page' id='page_1' title='image "/cluster/home/n/w/nwhite01/storage/ocr_20150623/124:no.2/coo.31924054870294/317.png"; bbox 0 0 4090 6416; ppageno 0'>
   <div class='ocr_carea' id='block_1_1' title="bbox 455 453 560 506">
    <p class='ocr_par' dir='ltr' id='par_1_1' title="bbox 455 453 560 506">
     <span class='ocr_line' id='line_1_1' title="bbox 455 453 560 506; baseline 0.01 -1"><span class='ocrx_word' id='word_1_1' title='bbox 455 453 560 506; x_wconf 75' lang='grc'><strong>619</strong></span> 
     </span>
    </p>
   </div>
   <div class='ocr_carea' id='block_1_2' title="bbox 527 571 2134 641">
    <p class='ocr_par' dir='ltr' id='par_1_2' title="bbox 527 571 2134 641">
     <span class='ocr_line' id='line_1_2' title="bbox 527 571 2134 641; baseline -0.002 -10"><span class='ocrx_word' id='word_1_2' title='bbox 527 599 552 623; x_wconf 98' lang='grc' dir='ltr'><strong>ιι</strong></span> <span class='ocrx_word' id='word_1_3' title='bbox 579 578 650 631; x_wconf 87' lang='lat' dir='ltr'><strong>Et</strong></span> <span class='ocrx_word' id='word_1_4' title='bbox 679 575 849 631; x_wconf 88' lang='lat' dir='ltr'><strong>ﬁdelis</strong></span> <span class='ocrx_word' id='word_1_5' title='bbox 871 576 929 630; x_wconf 94' lang='lat' dir='ltr'><strong>in</strong></span> <span class='ocrx_word' id='word_1_6' title='bbox 968 574 1232 630; x_wconf 90' lang='lat' dir='ltr'><strong>Domino.</strong></span> <span class='ocrx_word' id='word_1_7' title='bbox 1268 596 1294 623; x_wconf 88' lang='lat'><strong>»</strong></span> <span class='ocrx_word' id='word_1_8' title='bbox 1327 575 1450 629; x_wconf 84' lang='lat' dir='ltr'><strong>Hoc</strong></span> <span class='ocrx_word' id='word_1_9' title='bbox 1495 581 1610 641; x_wconf 93' lang='lat' dir='ltr'><strong>est,</strong></span> <span class='ocrx_word' id='word_1_10' title='bbox 1641 589 1752 629; x_wconf 92' lang='lat' dir='ltr'><strong>non</strong></span> <span class='ocrx_word' id='word_1_11' title='bbox 1800 572 1855 627; x_wconf 93' lang='lat' dir='ltr'><strong>in</strong></span> <span class='ocrx_word' id='word_1_12' title='bbox 1884 571 2048 627; x_wconf 86' lang='lat' dir='ltr'><strong>rebus</strong></span> <span class='ocrx_word' id='word_1_13' title='bbox 2081 575 2134 636; x_wconf 86' lang='grc' dir='ltr'><strong>Α</strong></span> 
     </span>
    </p>
   </div>
   <div class='ocr_carea' id='block_1_3' title="bbox 449 661 2044 737">
    <p class='ocr_par' dir='ltr' id='par_1_3' title="bbox 449 661 2044 737">
     <span class='ocr_line' id='line_1_3' title="bbox 449 661 2044 737; baseline -0.004 -16"><span class='ocrx_word' id='word_1_14' title='bbox 449 664 814 737; x_wconf 89' lang='lat' dir='ltr'><strong>temporariis,</strong></span> <span class='ocrx_word' id='word_1_15' title='bbox 844 664 940 721; x_wconf 92' lang='lat' dir='ltr'><strong>sed</strong></span> <span class='ocrx_word' id='word_1_16' title='bbox 976 665 1032 720; x_wconf 92' lang='lat' dir='ltr'><strong>in</strong></span> <span class='ocrx_word' id='word_1_17' title='bbox 1081 664 1146 720; x_wconf 91' lang='lat' dir='ltr'><strong>iis</strong></span> <span class='ocrx_word' id='word_1_18' title='bbox 1173 679 1297 736; x_wconf 74' lang='lat' dir='ltr'><strong>qua:</strong></span> <span class='ocrx_word' id='word_1_19' title='bbox 1325 662 1395 719; x_wconf 90' lang='lat' dir='ltr'><strong>ad</strong></span> <span class='ocrx_word' id='word_1_20' title='bbox 1417 663 1701 720; x_wconf 79' lang='lat' dir='ltr'><strong>Christum</strong></span> <span class='ocrx_word' id='word_1_21' title='bbox 1746 661 2044 734; x_wconf 82' lang='lat' dir='ltr'><strong>pertinent.</strong></span> 
     </span>
    </p>
   </div>
   <div class='ocr_carea' id='block_1_4' title="bbox 449 749 2050 828">
    <p class='ocr_par' dir='ltr' id='par_1_4' title="bbox 449 749 2050 828">
     <span class='ocr_line' id='line_1_4' title="bbox 449 749 2050 828; baseline -0.002 -18"><span class='ocrx_word' id='word_1_22' title='bbox 449 757 643 828; x_wconf 89' lang='lat' dir='ltr'><strong>Itaque</strong></span> <span class='ocrx_word' id='word_1_23' title='bbox 683 761 738 810; x_wconf 92' lang='lat' dir='ltr'><strong>et</strong></span> <span class='ocrx_word' id='word_1_24' title='bbox 765 755 820 810; x_wconf 92' lang='lat' dir='ltr'><strong>in</strong></span> <span class='ocrx_word' id='word_1_25' title='bbox 842 753 906 810; x_wconf 92' lang='lat' dir='ltr'><strong>iis</strong></span> <span class='ocrx_word' id='word_1_26' title='bbox 935 769 1062 827; x_wconf 72' lang='lat' dir='ltr'><strong>qua:</strong></span> <span class='ocrx_word' id='word_1_27' title='bbox 1090 753 1163 811; x_wconf 92' lang='lat' dir='ltr'><strong>ad</strong></span> <span class='ocrx_word' id='word_1_28' title='bbox 1192 769 1292 810; x_wconf 92' lang='lat' dir='ltr'><strong>vos</strong></span> <span class='ocrx_word' id='word_1_29' title='bbox 1320 754 1621 826; x_wconf 82' lang='lat' dir='ltr'><strong>pertinent,</strong></span> <span class='ocrx_word' id='word_1_30' title='bbox 1665 751 1904 810; x_wconf 89' lang='lat' dir='ltr'><strong>ﬁdeliter</strong></span> <span class='ocrx_word' id='word_1_31' title='bbox 1945 749 2050 806; x_wconf 86' lang='lat' dir='ltr'><strong>mi-</strong></span> 
     </span>
    </p>
   </div>
   <div class='ocr_carea' id='block_1_5' title="bbox 453 846 728 903">
    <p class='ocr_par' dir='ltr' id='par_1_5' title="bbox 453 846 728 903">
     <span class='ocr_line' id='line_1_5' title="bbox 453 846 728 903; baseline -0.004 -3"><span class='ocrx_word' id='word_1_32' title='bbox 453 846 728 903; x_wconf 88' lang='lat' dir='ltr'><strong>nistrabit.</strong></span> 
     </span>
    </p>
   </div>
   <div class='ocr_carea' id='block_1_6' title="bbox 527 934 2051 1006">
    <p class='ocr_par' dir='ltr' id='par_1_6' title="bbox 527 934 2051 1006">
     <span class='ocr_line' id='line_1_6' title="bbox 527 934 2051 1006; baseline -0.002 -16"><span class='ocrx_word' id='word_1_33' title='bbox 527 960 552 985; x_wconf 89' lang='grc' dir='ltr'><strong>ιι</strong></span> <span class='ocrx_word' id='word_1_34' title='bbox 584 935 687 1006; x_wconf 88' lang='lat' dir='ltr'><strong>Qui</strong></span> <span class='ocrx_word' id='word_1_35' title='bbox 733 935 893 993; x_wconf 86' lang='lat' dir='ltr'><strong>vobis</strong></span> <span class='ocrx_word' id='word_1_36' title='bbox 943 936 1015 993; x_wconf 90' lang='lat' dir='ltr'><strong>ad</strong></span> <span class='ocrx_word' id='word_1_37' title='bbox 1047 937 1375 992; x_wconf 82' lang='lat' dir='ltr'><strong>memoriam</strong></span> <span class='ocrx_word' id='word_1_38' title='bbox 1416 934 1694 992; x_wconf 80' lang='lat' dir='ltr'><strong>revocabit</strong></span> <span class='ocrx_word' id='word_1_39' title='bbox 1733 934 1848 990; x_wconf 87' lang='lat' dir='ltr'><strong>vias</strong></span> <span class='ocrx_word' id='word_1_40' title='bbox 1903 948 2051 988; x_wconf 91' lang='lat' dir='ltr'><strong>meas</strong></span> 
     </span>
    </p>
   </div>
   <div class='ocr_carea' id='block_1_7' title="bbox 449 1022 2048 1096">
    <p class='ocr_par' dir='ltr' id='par_1_7' title="bbox 449 1022 2048 1096">
     <span class='ocr_line' id='line_1_7' title="bbox 449 1022 2048 1096; baseline -0.003 -16"><span class='ocrx_word' id='word_1_41' title='bbox 449 1039 576 1096; x_wconf 76' lang='lat' dir='ltr'><strong>qua:</strong></span> <span class='ocrx_word' id='word_1_42' title='bbox 624 1033 752 1080; x_wconf 89' lang='lat' dir='ltr'><strong>sunt</strong></span> <span class='ocrx_word' id='word_1_43' title='bbox 813 1025 870 1080; x_wconf 92' lang='lat' dir='ltr'><strong>in</strong></span> <span class='ocrx_word' id='word_1_44' title='bbox 925 1025 1161 1094; x_wconf 85' lang='lat' dir='ltr'><strong>Christo,</strong></span> <span class='ocrx_word' id='word_1_45' title='bbox 1211 1023 1683 1096; x_wconf 88' lang='lat' dir='ltr'><strong>quemadmodum</strong></span> <span class='ocrx_word' id='word_1_46' title='bbox 1730 1022 1932 1095; x_wconf 91' lang='lat' dir='ltr'><strong>ubique</strong></span> <span class='ocrx_word' id='word_1_47' title='bbox 1993 1022 2048 1076; x_wconf 93' lang='lat' dir='ltr'><strong>in</strong></span> 
     </span>
    </p>
   </div>
   <div class='ocr_carea' id='block_1_8' title="bbox 450 1112 2044 1184">
    <p class='ocr_par' dir='ltr' id='par_1_8' title="bbox 450 1112 2044 1184">
     <span class='ocr_line' id='line_1_8' title="bbox 450 1112 2044 1184; baseline -0.002 -15"><span class='ocrx_word' id='word_1_48' title='bbox 450 1114 602 1169; x_wconf 91' lang='lat' dir='ltr'><strong>omni</strong></span> <span class='ocrx_word' id='word_1_49' title='bbox 638 1114 875 1170; x_wconf 87' lang='lat' dir='ltr'><strong>Ecclesia</strong></span> <span class='ocrx_word' id='word_1_50' title='bbox 907 1114 1100 1171; x_wconf 90' lang='lat' dir='ltr'><strong>doceo.</strong></span> <span class='ocrx_word' id='word_1_51' title='bbox 1137 1137 1162 1163; x_wconf 74' lang='grc' dir='ltr'>υ</span> <span class='ocrx_word' id='word_1_52' title='bbox 1191 1115 1313 1170; x_wconf 87' lang='lat' dir='ltr'><strong>Non</strong></span> <span class='ocrx_word' id='word_1_53' title='bbox 1341 1113 1499 1181; x_wconf 83' lang='lat' dir='ltr'><strong>dixit,</strong></span> <span class='ocrx_word' id='word_1_54' title='bbox 1539 1112 1780 1180; x_wconf 84' lang='lat' dir='ltr'><strong>docebit,</strong></span> <span class='ocrx_word' id='word_1_55' title='bbox 1810 1129 1877 1167; x_wconf 92' lang='lat' dir='ltr'><strong>ne</strong></span> <span class='ocrx_word' id='word_1_56' title='bbox 1901 1126 2044 1184; x_wconf 69' lang='lat' dir='ltr'><strong>aegre</strong></span> 
     </span>
    </p>
   </div>
   <div class='ocr_carea' id='block_1_9' title="bbox 450 1201 2047 1272">
    <p class='ocr_par' dir='ltr' id='par_1_9' title="bbox 450 1201 2047 1272">
     <span class='ocr_line' id='line_1_9' title="bbox 450 1201 2047 1272; baseline -0.003 -12"><span class='ocrx_word' id='word_1_57' title='bbox 450 1204 632 1260; x_wconf 85' lang='lat' dir='ltr'><strong>ferant</strong></span> <span class='ocrx_word' id='word_1_58' title='bbox 665 1204 911 1272; x_wconf 76' lang='lat' dir='ltr'><strong>(Iuvenis</strong></span> <span class='ocrx_word' id='word_1_59' title='bbox 955 1205 1102 1261; x_wconf 88' lang='lat' dir='ltr'><strong>enim</strong></span> <span class='ocrx_word' id='word_1_60' title='bbox 1149 1213 1267 1261; x_wconf 89' lang='lat' dir='ltr'><strong>erat</strong></span> <span class='ocrx_word' id='word_1_61' title='bbox 1311 1204 1680 1270; x_wconf 84' lang='lat' dir='ltr'><strong>Timotheus),</strong></span> <span class='ocrx_word' id='word_1_62' title='bbox 1723 1203 1840 1270; x_wconf 91' lang='lat' dir='ltr'><strong>sed,</strong></span> <span class='ocrx_word' id='word_1_63' title='bbox 1889 1226 1913 1250; x_wconf 89' lang='grc' dir='ltr'><strong>ιι</strong></span> <span class='ocrx_word' id='word_1_64' title='bbox 1963 1201 2047 1256; x_wconf 85' lang='lat' dir='ltr'><strong>Ad</strong></span> 
     </span>
    </p>
   </div>
   <div class='ocr_carea' id='block_1_10' title="bbox 449 1292 2046 1367">
    <p class='ocr_par' dir='ltr' id='par_1_10' title="bbox 449 1292 2046 1367">
     <span class='ocr_line' id='line_1_10' title="bbox 449 1292 2046 1367; baseline -0.001 -19"><span class='ocrx_word' id='word_1_65' title='bbox 449 1293 780 1350; x_wconf 87' lang='lat' dir='ltr'><strong>memoriam</strong></span> <span class='ocrx_word' id='word_1_66' title='bbox 816 1295 1130 1351; x_wconf 86' lang='lat' dir='ltr'><strong>revocabit:</strong></span> <span class='ocrx_word' id='word_1_67' title='bbox 1185 1319 1210 1344; x_wconf 83' lang='grc'><strong>››</strong></span> <span class='ocrx_word' id='word_1_68' title='bbox 1265 1311 1388 1367; x_wconf 85' lang='lat' dir='ltr'><strong>quae</strong></span> <span class='ocrx_word' id='word_1_69' title='bbox 1428 1294 1546 1367; x_wconf 89' lang='lat' dir='ltr'><strong>jam</strong></span> <span class='ocrx_word' id='word_1_70' title='bbox 1587 1301 1748 1349; x_wconf 83' lang='lat' dir='ltr'><strong>antea</strong></span> <span class='ocrx_word' id='word_1_71' title='bbox 1793 1292 2046 1357; x_wconf 86' lang='lat' dir='ltr'><strong>novistis,</strong></span> 
     </span>
    </p>
   </div>
   <div class='ocr_carea' id='block_1_11' title="bbox 447 1380 2046 1454">
    <p class='ocr_par' dir='ltr' id='par_1_11' title="bbox 447 1380 2046 1454">
     <span class='ocr_line' id='line_1_11' title="bbox 447 1380 2046 1454; baseline -0.002 -17"><span class='ocrx_word' id='word_1_72' title='bbox 447 1382 648 1454; x_wconf 87' lang='lat' dir='ltr'><strong>inquit,</strong></span> <span class='ocrx_word' id='word_1_73' title='bbox 701 1382 822 1440; x_wconf 70' lang='lat' dir='ltr'><strong>haac</strong></span> <span class='ocrx_word' id='word_1_74' title='bbox 865 1383 1150 1440; x_wconf 86' lang='lat' dir='ltr'><strong>renovabit</strong></span> <span class='ocrx_word' id='word_1_75' title='bbox 1177 1384 1237 1440; x_wconf 93' lang='lat' dir='ltr'><strong>in</strong></span> <span class='ocrx_word' id='word_1_76' title='bbox 1283 1383 1457 1440; x_wconf 89' lang='lat' dir='ltr'><strong>vobis.</strong></span> <span class='ocrx_word' id='word_1_77' title='bbox 1508 1383 1640 1438; x_wconf 86' lang='lat' dir='ltr'><strong>Vias</strong></span> <span class='ocrx_word' id='word_1_78' title='bbox 1667 1391 1853 1438; x_wconf 91' lang='lat' dir='ltr'><strong>autem</strong></span> <span class='ocrx_word' id='word_1_79' title='bbox 1893 1380 2046 1448; x_wconf 86' lang='lat' dir='ltr'><strong>dicit,</strong></span> 
     </span>
    </p>
   </div>
   <div class='ocr_carea' id='block_1_12' title="bbox 447 1471 2045 1545">
    <p class='ocr_par' dir='ltr' id='par_1_12' title="bbox 447 1471 2045 1545">
     <span class='ocr_line' id='line_1_12' title="bbox 447 1471 2045 1545; baseline -0.001 -17"><span class='ocrx_word' id='word_1_80' title='bbox 447 1472 854 1542; x_wconf 70' lang='lat' dir='ltr'><strong>praedicationis</strong></span> <span class='ocrx_word' id='word_1_81' title='bbox 908 1474 1061 1530; x_wconf 87' lang='lat' dir='ltr'><strong>verbi</strong></span> <span class='ocrx_word' id='word_1_82' title='bbox 1102 1473 1598 1545; x_wconf 85' lang='lat' dir='ltr'><strong>dispensationem,</strong></span> <span class='ocrx_word' id='word_1_83' title='bbox 1627 1471 1861 1544; x_wconf 89' lang='lat' dir='ltr'><strong>regulas,</strong></span> <span class='ocrx_word' id='word_1_84' title='bbox 1909 1487 2045 1527; x_wconf 90' lang='lat' dir='ltr'><strong>con-</strong></span> 
     </span>
    </p>
   </div>
   <div class='ocr_carea' id='block_1_13' title="bbox 447 1559 2046 1634">
    <p class='ocr_par' dir='ltr' id='par_1_13' title="bbox 447 1559 2046 1634">
     <span class='ocr_line' id='line_1_13' title="bbox 447 1559 2046 1634; baseline -0.001 -19"><span class='ocrx_word' id='word_1_85' title='bbox 447 1561 785 1634; x_wconf 89' lang='lat' dir='ltr'><strong>suetudines,</strong></span> <span class='ocrx_word' id='word_1_86' title='bbox 840 1561 984 1634; x_wconf 81' lang='lat' dir='ltr'><strong>leges</strong></span> <span class='ocrx_word' id='word_1_87' title='bbox 1051 1561 1289 1629; x_wconf 87' lang='lat' dir='ltr'><strong>divinas;</strong></span> <span class='ocrx_word' id='word_1_88' title='bbox 1376 1577 1484 1634; x_wconf 90' lang='lat' dir='ltr'><strong>qua</strong></span> <span class='ocrx_word' id='word_1_89' title='bbox 1554 1560 1759 1616; x_wconf 80' lang='lat' dir='ltr'><strong>scilicet</strong></span> <span class='ocrx_word' id='word_1_90' title='bbox 1835 1559 2046 1616; x_wconf 84' lang='lat' dir='ltr'><strong>ratione</strong></span> 
     </span>
    </p>
   </div>
   <div class='ocr_carea' id='block_1_14' title="bbox 447 1648 2045 1723">
    <p class='ocr_par' dir='ltr' id='par_1_14' title="bbox 447 1648 2045 1723">
     <span class='ocr_line' id='line_1_14' title="bbox 447 1648 2045 1723; baseline 0 -19"><span class='ocrx_word' id='word_1_91' title='bbox 447 1649 824 1717; x_wconf 88' lang='lat' dir='ltr'><strong>obambulem,</strong></span> <span class='ocrx_word' id='word_1_92' title='bbox 855 1650 1004 1723; x_wconf 91' lang='lat' dir='ltr'><strong>quod</strong></span> <span class='ocrx_word' id='word_1_93' title='bbox 1031 1667 1145 1706; x_wconf 91' lang='lat' dir='ltr'><strong>non</strong></span> <span class='ocrx_word' id='word_1_94' title='bbox 1171 1651 1395 1706; x_wconf 90' lang='lat' dir='ltr'><strong>inﬂatus</strong></span> <span class='ocrx_word' id='word_1_95' title='bbox 1424 1660 1486 1706; x_wconf 92' lang='lat' dir='ltr'><strong>ut</strong></span> <span class='ocrx_word' id='word_1_96' title='bbox 1513 1665 1628 1715; x_wconf 84' lang='lat' dir='ltr'><strong>vos,</strong></span> <span class='ocrx_word' id='word_1_97' title='bbox 1659 1665 1835 1721; x_wconf 91' lang='lat' dir='ltr'><strong>neque</strong></span> <span class='ocrx_word' id='word_1_98' title='bbox 1863 1648 2045 1704; x_wconf 74' lang='lat' dir='ltr'><strong>haere-</strong></span> 
     </span>
    </p>
   </div>
   <div class='ocr_carea' id='block_1_15' title="bbox 443 1739 2044 1814">
    <p class='ocr_par' dir='ltr' id='par_1_15' title="bbox 443 1739 2044 1814">
     <span class='ocr_line' id='line_1_15' title="bbox 443 1739 2044 1814; baseline -0.001 -20"><span class='ocrx_word' id='word_1_99' title='bbox 443 1754 530 1795; x_wconf 90' lang='lat' dir='ltr'><strong>ses</strong></span> <span class='ocrx_word' id='word_1_100' title='bbox 571 1739 833 1796; x_wconf 89' lang='lat' dir='ltr'><strong>inducens</strong></span> <span class='ocrx_word' id='word_1_101' title='bbox 886 1750 942 1796; x_wconf 93' lang='lat' dir='ltr'><strong>et</strong></span> <span class='ocrx_word' id='word_1_102' title='bbox 989 1741 1305 1797; x_wconf 89' lang='lat' dir='ltr'><strong>schismata.</strong></span> <span class='ocrx_word' id='word_1_103' title='bbox 1352 1745 1491 1814; x_wconf 70' lang='lat' dir='ltr'><strong>Quae</strong></span> <span class='ocrx_word' id='word_1_104' title='bbox 1530 1748 1658 1796; x_wconf 92' lang='lat' dir='ltr'><strong>sunt</strong></span> <span class='ocrx_word' id='word_1_105' title='bbox 1713 1741 1768 1795; x_wconf 91' lang='lat' dir='ltr'><strong>in</strong></span> <span class='ocrx_word' id='word_1_106' title='bbox 1824 1739 2044 1796; x_wconf 89' lang='lat' dir='ltr'><strong>Christo</strong></span> 
     </span>
    </p>
   </div>
   <div class='ocr_carea' id='block_1_16' title="bbox 443 1826 2043 1897">
    <p class='ocr_par' dir='ltr' id='par_1_16' title="bbox 443 1826 2043 1897">
     <span class='ocr_line' id='line_1_16' title="bbox 443 1826 2043 1897; baseline 0 -15"><span class='ocrx_word' id='word_1_107' title='bbox 443 1827 604 1894; x_wconf 87' lang='lat' dir='ltr'><strong>dixit,</strong></span> <span class='ocrx_word' id='word_1_108' title='bbox 644 1827 752 1884; x_wconf 92' lang='lat' dir='ltr'><strong>boc</strong></span> <span class='ocrx_word' id='word_1_109' title='bbox 791 1837 903 1897; x_wconf 91' lang='lat' dir='ltr'><strong>est,</strong></span> <span class='ocrx_word' id='word_1_110' title='bbox 952 1829 1091 1885; x_wconf 89' lang='lat' dir='ltr'><strong>nihil</strong></span> <span class='ocrx_word' id='word_1_111' title='bbox 1134 1829 1362 1887; x_wconf 89' lang='lat' dir='ltr'><strong>humani</strong></span> <span class='ocrx_word' id='word_1_112' title='bbox 1410 1829 1693 1896; x_wconf 86' lang='lat' dir='ltr'><strong>habentes,</strong></span> <span class='ocrx_word' id='word_1_113' title='bbox 1725 1827 1822 1884; x_wconf 91' lang='lat' dir='ltr'><strong>sed</strong></span> <span class='ocrx_word' id='word_1_114' title='bbox 1859 1826 2043 1884; x_wconf 90' lang='lat' dir='ltr'><strong>omnia</strong></span> 
     </span>
    </p>
   </div>
   <div class='ocr_carea' id='block_1_17' title="bbox 1505 445 2775 504">
    <p class='ocr_par' dir='ltr' id='par_1_17' title="bbox 1505 445 2775 504">
     <span class='ocr_line' id='line_1_17' title="bbox 1505 445 2775 504; baseline -0.002 -2"><span class='ocrx_word' id='word_1_115' title='bbox 1505 446 2024 504; x_wconf 78' lang='lat' dir='ltr'><strong>THEOPHYLACTI</strong></span> <span class='ocrx_word' id='word_1_116' title='bbox 2065 445 2421 500; x_wconf 76' lang='lat' dir='ltr'><strong>BULGARUE</strong></span> <span class='ocrx_word' id='word_1_117' title='bbox 2460 445 2775 500; x_wconf 82' lang='lat' dir='ltr'><strong>ARCHIEP.</strong></span> 
     </span>
    </p>
   </div>
   <div class='ocr_carea' id='block_1_18' title="bbox 3655 447 3758 500">
    <p class='ocr_par' dir='ltr' id='par_1_18' title="bbox 3655 447 3758 500">
     <span class='ocr_line' id='line_1_18' title="bbox 3655 447 3758 500; baseline 0.01 -1"><span class='ocrx_word' id='word_1_118' title='bbox 3655 447 3758 500; x_wconf 85' lang='lat'><strong>6‘20</strong></span> 
     </span>
    </p>
   </div>
   <div class='ocr_carea' id='block_1_19' title="bbox 2251 567 3762 650">
    <p class='ocr_par' dir='ltr' id='par_1_19' title="bbox 2251 567 3762 650">
     <span class='ocr_line' id='line_1_19' title="bbox 2401 567 3568 592; baseline -0.003 0"><span class='ocrx_word' id='word_1_119' title='bbox 2401 571 2413 592; x_wconf 73' lang='lat'><strong><em>\</em></strong></span> <span class='ocrx_word' id='word_1_120' title='bbox 2574 571 2586 588; x_wconf 52' lang='grc' dir='ltr'>ἶ</span> <span class='ocrx_word' id='word_1_121' title='bbox 2867 568 2879 590; x_wconf 85' lang='grc' dir='ltr'><em>Ι</em></span> <span class='ocrx_word' id='word_1_122' title='bbox 3051 571 3064 590; x_wconf 72' lang='grc' dir='ltr'><strong>ν</strong></span> <span class='ocrx_word' id='word_1_123' title='bbox 3089 571 3101 586; x_wconf 77' lang='lat'><em>‘</em></span> <span class='ocrx_word' id='word_1_124' title='bbox 3211 567 3223 587; x_wconf 74' lang='grc' dir='ltr'><em>Ι</em></span> <span class='ocrx_word' id='word_1_125' title='bbox 3449 569 3465 589; x_wconf 72' lang='grc'><strong>9</strong></span> <span class='ocrx_word' id='word_1_126' title='bbox 3553 571 3568 590; x_wconf 63' lang='grc'><strong>9</strong></span> 
     </span>
     <span class='ocr_line' id='line_1_20' title="bbox 2251 572 3762 650; baseline 0 -24"><span class='ocrx_word' id='word_1_127' title='bbox 2251 594 2281 626; x_wconf 77' lang='grc' dir='ltr'>ιι</span> <span class='ocrx_word' id='word_1_128' title='bbox 2311 573 2422 630; x_wconf 85' lang='grc' dir='ltr'><strong>Και</strong></span> <span class='ocrx_word' id='word_1_129' title='bbox 2444 594 2628 629; x_wconf 90' lang='grc' dir='ltr'>πιστον</span> <span class='ocrx_word' id='word_1_130' title='bbox 2660 573 2713 629; x_wconf 83' lang='grc' dir='ltr'>ἐν</span> <span class='ocrx_word' id='word_1_131' title='bbox 2744 572 2946 650; x_wconf 82' lang='grc' dir='ltr'>Κυριῳ.</span> <span class='ocrx_word' id='word_1_132' title='bbox 2985 591 3012 626; x_wconf 75' lang='grc' dir='ltr'><strong>ιι</strong></span> <span class='ocrx_word' id='word_1_133' title='bbox 3064 572 3377 638; x_wconf 83' lang='grc' dir='ltr'>Ιουτεστιν,</span> <span class='ocrx_word' id='word_1_134' title='bbox 3413 591 3510 626; x_wconf 80' lang='grc' dir='ltr'><strong>ουκ</strong></span> <span class='ocrx_word' id='word_1_135' title='bbox 3545 593 3597 627; x_wconf 90' lang='grc' dir='ltr'><strong>εν</strong></span> <span class='ocrx_word' id='word_1_136' title='bbox 3633 573 3762 646; x_wconf 88' lang='grc' dir='ltr'>βιω-</span> 
     </span>
    </p>
   </div>
   <div class='ocr_carea' id='block_1_20' title="bbox 2161 655 3762 738">
    <p class='ocr_par' dir='ltr' id='par_1_20' title="bbox 2161 655 3762 738">
     <span class='ocr_line' id='line_1_21' title="bbox 2161 655 3762 738; baseline -0.001 -20"><span class='ocrx_word' id='word_1_137' title='bbox 2161 668 2358 738; x_wconf 84' lang='grc' dir='ltr'>τικοῖς,</span> <span class='ocrx_word' id='word_1_138' title='bbox 2399 663 2520 719; x_wconf 79' lang='grc' dir='ltr'>ἀλλ’</span> <span class='ocrx_word' id='word_1_139' title='bbox 2553 662 2606 718; x_wconf 82' lang='grc' dir='ltr'>ἐν</span> <span class='ocrx_word' id='word_1_140' title='bbox 2637 667 2740 725; x_wconf 83' lang='grc' dir='ltr'>τοῖς</span> <span class='ocrx_word' id='word_1_141' title='bbox 2771 659 2914 718; x_wconf 81' lang='grc' dir='ltr'>κατὰ</span> <span class='ocrx_word' id='word_1_142' title='bbox 2945 658 3177 736; x_wconf 85' lang='grc' dir='ltr'>Χριστὸν</span> <span class='ocrx_word' id='word_1_143' title='bbox 3208 658 3546 737; x_wconf 90' lang='grc' dir='ltr'>πράγμασιν.</span> <span class='ocrx_word' id='word_1_144' title='bbox 3582 655 3762 717; x_wconf 73' lang='grc' dir='ltr'>⁰Ωστε</span> 
     </span>
    </p>
   </div>
   <div class='ocr_carea' id='block_1_21' title="bbox 2160 747 3351 826">
    <p class='ocr_par' dir='ltr' id='par_1_21' title="bbox 2160 747 3351 826">
     <span class='ocr_line' id='line_1_22' title="bbox 2160 747 3351 826; baseline 0.003 -19"><span class='ocrx_word' id='word_1_145' title='bbox 2160 749 2252 808; x_wconf 75' lang='grc' dir='ltr'><strong>καὶ</strong></span> <span class='ocrx_word' id='word_1_146' title='bbox 2277 751 2331 808; x_wconf 85' lang='grc' dir='ltr'><strong>ἐν</strong></span> <span class='ocrx_word' id='word_1_147' title='bbox 2355 757 2464 818; x_wconf 87' lang='grc' dir='ltr'>τοῖς</span> <span class='ocrx_word' id='word_1_148' title='bbox 2494 753 2612 809; x_wconf 89' lang='grc' dir='ltr'>καθ’</span> <span class='ocrx_word' id='word_1_149' title='bbox 2637 753 2775 826; x_wconf 79' lang='grc' dir='ltr'>ὑμᾶς</span> <span class='ocrx_word' id='word_1_150' title='bbox 2805 747 3106 821; x_wconf 82' lang='grc' dir='ltr'><strong>διακονήσει</strong></span> <span class='ocrx_word' id='word_1_151' title='bbox 3129 751 3351 814; x_wconf 82' lang='grc' dir='ltr'><strong>πιστῶς.</strong></span> 
     </span>
    </p>
   </div>
   <div class='ocr_carea' id='block_1_22' title="bbox 2249 913 3756 1008">
    <p class='ocr_par' dir='ltr' id='par_1_22' title="bbox 2249 913 3756 1008">
     <span class='ocr_line' id='line_1_23' title="bbox 2249 913 3756 1008; baseline -0.004 -16"><span class='ocrx_word' id='word_1_152' title='bbox 2249 957 2273 984; x_wconf 75' lang='grc' dir='ltr'><strong>ιι</strong></span> <span class='ocrx_word' id='word_1_153' title='bbox 2307 929 2409 997; x_wconf 67' lang='grc' dir='ltr'>⁸ος</span> <span class='ocrx_word' id='word_1_154' title='bbox 2441 913 2582 1005; x_wconf 78' lang='grc' dir='ltr'>ὑμᾶς</span> <span class='ocrx_word' id='word_1_155' title='bbox 2627 929 2923 1008; x_wconf 78' lang='grc' dir='ltr'>ἀναμνήσει</span> <span class='ocrx_word' id='word_1_156' title='bbox 2965 928 3059 997; x_wconf 81' lang='grc' dir='ltr'><strong>τὰς</strong></span> <span class='ocrx_word' id='word_1_157' title='bbox 3089 928 3237 994; x_wconf 79' lang='grc' dir='ltr'>ὁδούς</span> <span class='ocrx_word' id='word_1_158' title='bbox 3271 952 3372 1006; x_wconf 89' lang='grc' dir='ltr'><strong>μου</strong></span> <span class='ocrx_word' id='word_1_159' title='bbox 3401 927 3498 995; x_wconf 81' lang='grc' dir='ltr'><strong>τὰς</strong></span> <span class='ocrx_word' id='word_1_160' title='bbox 3531 930 3585 987; x_wconf 76' lang='grc' dir='ltr'><strong>ἐν</strong></span> <span class='ocrx_word' id='word_1_161' title='bbox 3614 930 3756 1008; x_wconf 88' lang='grc' dir='ltr'>Χρι-</span> 
     </span>
    </p>
   </div>
   <div class='ocr_carea' id='block_1_23' title="bbox 2161 1017 3754 1100">
    <p class='ocr_par' dir='ltr' id='par_1_23' title="bbox 2161 1017 3754 1100">
     <span class='ocr_line' id='line_1_24' title="bbox 2161 1017 3754 1100; baseline -0.003 -22"><span class='ocrx_word' id='word_1_162' title='bbox 2161 1023 2302 1099; x_wconf 83' lang='grc' dir='ltr'>στῷ,</span> <span class='ocrx_word' id='word_1_163' title='bbox 2333 1019 2506 1087; x_wconf 86' lang='grc' dir='ltr'>καθὼς</span> <span class='ocrx_word' id='word_1_164' title='bbox 2528 1026 2806 1100; x_wconf 81' lang='grc' dir='ltr'><strong>πανταχοῦ</strong></span> <span class='ocrx_word' id='word_1_165' title='bbox 2838 1024 2890 1080; x_wconf 80' lang='grc' dir='ltr'>ἐν</span> <span class='ocrx_word' id='word_1_166' title='bbox 2922 1019 3071 1096; x_wconf 86' lang='grc' dir='ltr'>πάσῃ</span> <span class='ocrx_word' id='word_1_167' title='bbox 3107 1019 3408 1097; x_wconf 74' lang='grc' dir='ltr'>Ἐκκλησία</span> <span class='ocrx_word' id='word_1_168' title='bbox 3439 1017 3754 1100; x_wconf 49' lang='grc' dir='ltr'>διδάσκω.»</span> 
     </span>
    </p>
   </div>
   <div class='ocr_carea' id='block_1_24' title="bbox 2159 1099 3760 1188">
    <p class='ocr_par' dir='ltr' id='par_1_24' title="bbox 2159 1099 3760 1188">
     <span class='ocr_line' id='line_1_25' title="bbox 2159 1099 3760 1188; baseline -0.003 -19"><span class='ocrx_word' id='word_1_169' title='bbox 2159 1112 2279 1169; x_wconf 82' lang='grc' dir='ltr'><strong>Οὐκ</strong></span> <span class='ocrx_word' id='word_1_170' title='bbox 2309 1100 2423 1168; x_wconf 68' lang='grc' dir='ltr'>εἶπε</span> <span class='ocrx_word' id='word_1_171' title='bbox 2441 1157 2456 1182; x_wconf 87' lang='grc'><strong>,</strong></span> <span class='ocrx_word' id='word_1_172' title='bbox 2487 1099 2740 1183; x_wconf 74' lang='grc' dir='ltr'>Διδάξει,</span> <span class='ocrx_word' id='word_1_173' title='bbox 2759 1108 2846 1167; x_wconf 76' lang='grc' dir='ltr'>ἵνα</span> <span class='ocrx_word' id='word_1_174' title='bbox 2871 1110 2946 1185; x_wconf 84' lang='grc' dir='ltr'><strong>μὴ</strong></span> <span class='ocrx_word' id='word_1_175' title='bbox 2978 1107 3366 1188; x_wconf 74' lang='grc' dir='ltr'>δυσχεραίνωσι</span> <span class='ocrx_word' id='word_1_176' title='bbox 3389 1107 3540 1187; x_wconf 89' lang='grc' dir='ltr'>(νέος</span> <span class='ocrx_word' id='word_1_177' title='bbox 3571 1107 3674 1186; x_wconf 83' lang='grc' dir='ltr'><strong>γὰρ</strong></span> <span class='ocrx_word' id='word_1_178' title='bbox 3693 1099 3760 1179; x_wconf 73' lang='grc' dir='ltr'><strong>ἧν</strong></span> 
     </span>
    </p>
   </div>
   <div class='ocr_carea' id='block_1_25' title="bbox 2160 1197 3754 1279">
    <p class='ocr_par' dir='ltr' id='par_1_25' title="bbox 2160 1197 3754 1279">
     <span class='ocr_line' id='line_1_26' title="bbox 2160 1197 3754 1279; baseline -0.002 -22"><span class='ocrx_word' id='word_1_179' title='bbox 2160 1203 2187 1257; x_wconf 84' lang='grc' dir='ltr'>ὂ</span> <span class='ocrx_word' id='word_1_180' title='bbox 2214 1199 2533 1279; x_wconf 86' lang='grc' dir='ltr'>Τιμόθεος),</span> <span class='ocrx_word' id='word_1_181' title='bbox 2569 1201 2712 1270; x_wconf 80' lang='grc' dir='ltr'>ἀλλ’,</span> <span class='ocrx_word' id='word_1_182' title='bbox 2751 1221 2780 1258; x_wconf 74' lang='grc' dir='ltr'>ι(</span> <span class='ocrx_word' id='word_1_183' title='bbox 2811 1197 3152 1274; x_wconf 83' lang='grc' dir='ltr'>Ἀναμνήσει.</span> <span class='ocrx_word' id='word_1_184' title='bbox 3197 1226 3219 1250; x_wconf 72' lang='grc' dir='ltr'>ι</span> <span class='ocrx_word' id='word_1_185' title='bbox 3242 1197 3304 1257; x_wconf 85' lang='grc' dir='ltr'>Ἃ</span> <span class='ocrx_word' id='word_1_186' title='bbox 3333 1197 3511 1255; x_wconf 85' lang='grc' dir='ltr'>οἴδατε</span> <span class='ocrx_word' id='word_1_187' title='bbox 3533 1241 3550 1268; x_wconf 90' lang='grc'><strong>,</strong></span> <span class='ocrx_word' id='word_1_188' title='bbox 3583 1197 3754 1276; x_wconf 80' lang='grc' dir='ltr'>φησὶ,</span> 
     </span>
    </p>
   </div>
   <div class='ocr_carea' id='block_1_26' title="bbox 2158 1285 3759 1366">
    <p class='ocr_par' dir='ltr' id='par_1_26' title="bbox 2158 1285 3759 1366">
     <span class='ocr_line' id='line_1_27' title="bbox 2158 1285 3759 1366; baseline -0.002 -20"><span class='ocrx_word' id='word_1_189' title='bbox 2158 1293 2328 1347; x_wconf 89' lang='grc' dir='ltr'>ταῦτα</span> <span class='ocrx_word' id='word_1_190' title='bbox 2375 1287 2732 1348; x_wconf 88' lang='grc' dir='ltr'>ἀνανεώσεται</span> <span class='ocrx_word' id='word_1_191' title='bbox 2781 1291 2834 1347; x_wconf 81' lang='grc' dir='ltr'>ἓν</span> <span class='ocrx_word' id='word_1_192' title='bbox 2883 1291 3026 1366; x_wconf 73' lang='grc' dir='ltr'>ὑμῖν.</span> <span class='ocrx_word' id='word_1_193' title='bbox 3091 1286 3282 1354; x_wconf 61' lang='grc' dir='ltr'><strong>ζΟδοὺς</strong></span> <span class='ocrx_word' id='word_1_194' title='bbox 3339 1286 3391 1346; x_wconf 72' lang='grc' dir='ltr'>δὲ</span> <span class='ocrx_word' id='word_1_195' title='bbox 3443 1287 3614 1365; x_wconf 83' lang='grc' dir='ltr'>λέγει,</span> <span class='ocrx_word' id='word_1_196' title='bbox 3664 1285 3759 1352; x_wconf 80' lang='grc' dir='ltr'><strong>τὰς</strong></span> 
     </span>
    </p>
   </div>
   <div class='ocr_carea' id='block_1_27' title="bbox 2158 1373 3752 1459">
    <p class='ocr_par' dir='ltr' id='par_1_27' title="bbox 2158 1373 3752 1459">
     <span class='ocr_line' id='line_1_28' title="bbox 2158 1373 3752 1459; baseline -0.002 -23"><span class='ocrx_word' id='word_1_197' title='bbox 2158 1379 2212 1436; x_wconf 81' lang='grc' dir='ltr'>ἐν</span> <span class='ocrx_word' id='word_1_198' title='bbox 2240 1382 2316 1458; x_wconf 82' lang='grc' dir='ltr'><strong>τῷ</strong></span> <span class='ocrx_word' id='word_1_199' title='bbox 2357 1378 2661 1459; x_wconf 80' lang='grc' dir='ltr'><strong>κηρύγματι</strong></span> <span class='ocrx_word' id='word_1_200' title='bbox 2701 1377 3033 1454; x_wconf 84' lang='grc' dir='ltr'>οἰκονομίας,</span> <span class='ocrx_word' id='word_1_201' title='bbox 3077 1377 3195 1444; x_wconf 80' lang='grc' dir='ltr'>τοὺς</span> <span class='ocrx_word' id='word_1_202' title='bbox 3225 1377 3487 1446; x_wconf 80' lang='grc' dir='ltr'>κανόνας,</span> <span class='ocrx_word' id='word_1_203' title='bbox 3528 1375 3598 1434; x_wconf 76' lang='grc' dir='ltr'><strong>τὰ</strong></span> <span class='ocrx_word' id='word_1_204' title='bbox 3628 1373 3752 1448; x_wconf 84' lang='grc' dir='ltr'>ἔθη,</span> 
     </span>
    </p>
   </div>
   <div class='ocr_carea' id='block_1_28' title="bbox 2156 1465 3855 1546">
    <p class='ocr_par' dir='ltr' id='par_1_28' title="bbox 2156 1465 3855 1546">
     <span class='ocr_line' id='line_1_29' title="bbox 2156 1465 3855 1546; baseline 0.001 -21"><span class='ocrx_word' id='word_1_205' title='bbox 2156 1466 2275 1535; x_wconf 80' lang='grc' dir='ltr'>τοὺς</span> <span class='ocrx_word' id='word_1_206' title='bbox 2311 1468 2500 1543; x_wconf 86' lang='grc' dir='ltr'>νόμους</span> <span class='ocrx_word' id='word_1_207' title='bbox 2526 1467 2648 1536; x_wconf 77' lang='grc' dir='ltr'>τοὺς</span> <span class='ocrx_word' id='word_1_208' title='bbox 2687 1471 2856 1537; x_wconf 80' lang='grc' dir='ltr'>θείους</span> <span class='ocrx_word' id='word_1_209' title='bbox 2877 1489 2890 1502; x_wconf 87' lang='lat'><strong>&#39;</strong></span> <span class='ocrx_word' id='word_1_210' title='bbox 2925 1471 3054 1534; x_wconf 81' lang='grc' dir='ltr'>Πῶς</span> <span class='ocrx_word' id='word_1_211' title='bbox 3085 1469 3404 1546; x_wconf 84' lang='grc' dir='ltr'>περιπατῶ,</span> <span class='ocrx_word' id='word_1_212' title='bbox 3446 1465 3529 1524; x_wconf 76' lang='grc' dir='ltr'><strong>ὅτι</strong></span> <span class='ocrx_word' id='word_1_213' title='bbox 3557 1469 3616 1524; x_wconf 79' lang='grc' dir='ltr'>οὖ</span> <span class='ocrx_word' id='word_1_214' title='bbox 3653 1489 3752 1523; x_wconf 86' lang='grc' dir='ltr'>πε-</span> <span class='ocrx_word' id='word_1_215' title='bbox 3833 1514 3855 1527; x_wconf 60' lang='grc' dir='ltr'>ς</span> 
     </span>
    </p>
   </div>
   <div class='ocr_carea' id='block_1_29' title="bbox 2157 1555 3754 1639">
    <p class='ocr_par' dir='ltr' id='par_1_29' title="bbox 2157 1555 3754 1639">
     <span class='ocr_line' id='line_1_30' title="bbox 2157 1555 3754 1639; baseline -0.002 -23"><span class='ocrx_word' id='word_1_216' title='bbox 2157 1557 2488 1639; x_wconf 78' lang='grc' dir='ltr'>φυσιωμένος</span> <span class='ocrx_word' id='word_1_217' title='bbox 2547 1561 2618 1627; x_wconf 83' lang='grc' dir='ltr'>ὡς</span> <span class='ocrx_word' id='word_1_218' title='bbox 2666 1562 2852 1634; x_wconf 77' lang='grc' dir='ltr'>ὑμεῖς,</span> <span class='ocrx_word' id='word_1_219' title='bbox 2909 1561 2970 1617; x_wconf 85' lang='grc' dir='ltr'>οὖ</span> <span class='ocrx_word' id='word_1_220' title='bbox 3031 1558 3309 1633; x_wconf 85' lang='grc' dir='ltr'>διαιρέσεις</span> <span class='ocrx_word' id='word_1_221' title='bbox 3363 1555 3595 1633; x_wconf 81' lang='grc' dir='ltr'>εἰσάγων</span> <span class='ocrx_word' id='word_1_222' title='bbox 3657 1555 3754 1614; x_wconf 82' lang='grc' dir='ltr'><strong>καὶ</strong></span> 
     </span>
    </p>
   </div>
   <div class='ocr_carea' id='block_1_30' title="bbox 2157 1637 3758 1729">
    <p class='ocr_par' dir='ltr' id='par_1_30' title="bbox 2157 1637 3758 1729">
     <span class='ocr_line' id='line_1_31' title="bbox 2157 1637 3758 1729; baseline -0.002 -23"><span class='ocrx_word' id='word_1_223' title='bbox 2157 1637 2458 1727; x_wconf 82' lang='grc' dir='ltr'>σχίσματα.</span> <span class='ocrx_word' id='word_1_224' title='bbox 2511 1648 2624 1715; x_wconf 82' lang='grc' dir='ltr'>Τὰς</span> <span class='ocrx_word' id='word_1_225' title='bbox 2667 1651 2722 1708; x_wconf 82' lang='grc' dir='ltr'>ἐν</span> <span class='ocrx_word' id='word_1_226' title='bbox 2764 1651 2984 1729; x_wconf 81' lang='grc' dir='ltr'>Χριστῷ</span> <span class='ocrx_word' id='word_1_227' title='bbox 3021 1649 3073 1705; x_wconf 86' lang='grc' dir='ltr'>δὲ</span> <span class='ocrx_word' id='word_1_228' title='bbox 3125 1637 3281 1717; x_wconf 68' lang='grc' dir='ltr'>εἶπε,</span> <span class='ocrx_word' id='word_1_229' title='bbox 3333 1646 3610 1719; x_wconf 85' lang='grc' dir='ltr'>τουτέστι,</span> <span class='ocrx_word' id='word_1_230' title='bbox 3663 1645 3758 1712; x_wconf 85' lang='grc' dir='ltr'><strong>τὰς</strong></span> 
     </span>
    </p>
   </div>
   <div class='ocr_carea' id='block_1_31' title="bbox 2157 1735 3757 1818">
    <p class='ocr_par' dir='ltr' id='par_1_31' title="bbox 2157 1735 3757 1818">
     <span class='ocr_line' id='line_1_32' title="bbox 2157 1735 3757 1818; baseline -0.002 -24"><span class='ocrx_word' id='word_1_231' title='bbox 2157 1738 2322 1814; x_wconf 84' lang='grc' dir='ltr'>μηδὲν</span> <span class='ocrx_word' id='word_1_232' title='bbox 2355 1737 2580 1816; x_wconf 82' lang='grc' dir='ltr'>ἐχούσας</span> <span class='ocrx_word' id='word_1_233' title='bbox 2610 1738 2935 1818; x_wconf 85' lang='grc' dir='ltr'>ἀνθρώπινον</span> <span class='ocrx_word' id='word_1_234' title='bbox 2959 1785 2974 1811; x_wconf 89' lang='grc'><strong>,</strong></span> <span class='ocrx_word' id='word_1_235' title='bbox 3027 1737 3165 1796; x_wconf 83' lang='grc' dir='ltr'>ἀλλὰ</span> <span class='ocrx_word' id='word_1_236' title='bbox 3203 1735 3378 1797; x_wconf 88' lang='grc' dir='ltr'>πάντα</span> <span class='ocrx_word' id='word_1_237' title='bbox 3426 1735 3566 1794; x_wconf 84' lang='grc' dir='ltr'>κατὰ</span> <span class='ocrx_word' id='word_1_238' title='bbox 3614 1736 3757 1811; x_wconf 90' lang='grc' dir='ltr'>Χρι-</span> 
     </span>
    </p>
   </div>
   <div class='ocr_carea' id='block_1_32' title="bbox 2158 1825 3754 1906">
    <p class='ocr_par' dir='ltr' id='par_1_32' title="bbox 2158 1825 3754 1906">
     <span class='ocr_line' id='line_1_33' title="bbox 2158 1825 3754 1906; baseline -0.004 -20"><span class='ocrx_word' id='word_1_239' title='bbox 2158 1827 2314 1900; x_wconf 85' lang='grc' dir='ltr'>στὸν,</span> <span class='ocrx_word' id='word_1_240' title='bbox 2351 1825 2385 1896; x_wconf 82' lang='grc' dir='ltr'>ἢ</span> <span class='ocrx_word' id='word_1_241' title='bbox 2417 1827 2507 1885; x_wconf 77' lang='grc' dir='ltr'><strong>καὶ</strong></span> <span class='ocrx_word' id='word_1_242' title='bbox 2551 1825 2976 1905; x_wconf 87' lang='grc' dir='ltr'>κατορθουμένας</span> <span class='ocrx_word' id='word_1_243' title='bbox 3008 1828 3060 1884; x_wconf 84' lang='grc' dir='ltr'>ἐν</span> <span class='ocrx_word' id='word_1_244' title='bbox 3092 1831 3156 1906; x_wconf 84' lang='grc' dir='ltr'><strong>τῇ</strong></span> <span class='ocrx_word' id='word_1_245' title='bbox 3210 1831 3300 1884; x_wconf 89' lang='grc' dir='ltr'><strong>τοῦ</strong></span> <span class='ocrx_word' id='word_1_246' title='bbox 3337 1827 3570 1904; x_wconf 81' lang='grc' dir='ltr'>Χριστοῦ</span> <span class='ocrx_word' id='word_1_247' title='bbox 3611 1827 3754 1902; x_wconf 84' lang='grc' dir='ltr'>βοη-</span> 
     </span>
    </p>
   </div>
   <div class='ocr_carea' id='block_1_33' title="bbox 442 1900 2038 1995">
    <p class='ocr_par' dir='ltr' id='par_1_33' title="bbox 442 1917 2038 1992">
     <span class='ocr_line' id='line_1_34' title="bbox 442 1917 2038 1992; baseline -0.001 -18"><span class='ocrx_word' id='word_1_248' title='bbox 442 1917 747 1974; x_wconf 91' lang='lat' dir='ltr'><strong>secundum</strong></span> <span class='ocrx_word' id='word_1_249' title='bbox 793 1919 1096 1985; x_wconf 88' lang='lat' dir='ltr'><strong>Christum,</strong></span> <span class='ocrx_word' id='word_1_250' title='bbox 1130 1920 1209 1976; x_wconf 88' lang='lat' dir='ltr'><strong>vel</strong></span> <span class='ocrx_word' id='word_1_251' title='bbox 1239 1935 1363 1992; x_wconf 68' lang='lat' dir='ltr'><strong>qua:</strong></span> <span class='ocrx_word' id='word_1_252' title='bbox 1393 1919 1599 1976; x_wconf 87' lang='lat' dir='ltr'><strong>Christi</strong></span> <span class='ocrx_word' id='word_1_253' title='bbox 1639 1919 1837 1975; x_wconf 82' lang='lat' dir='ltr'><strong>auxilio</strong></span> <span class='ocrx_word' id='word_1_254' title='bbox 1875 1918 2038 1990; x_wconf 90' lang='lat' dir='ltr'><strong>perﬁ-</strong></span> 
     </span>
    </p>
   </div>
   <div class='ocr_carea' id='block_1_34' title="bbox 2146 1900 3752 1995">
    <p class='ocr_par' dir='ltr' id='par_1_34' title="bbox 2159 1912 3752 1995">
     <span class='ocr_line' id='line_1_35' title="bbox 2159 1912 3752 1995; baseline -0.003 -21"><span class='ocrx_word' id='word_1_255' title='bbox 2159 1916 2296 1995; x_wconf 81' lang='grc' dir='ltr'>θείᾳ.</span> <span class='ocrx_word' id='word_1_256' title='bbox 2344 1915 2641 1985; x_wconf 82' lang='grc' dir='ltr'>Ὑποδείξει</span> <span class='ocrx_word' id='word_1_257' title='bbox 2675 1917 2728 1974; x_wconf 87' lang='grc' dir='ltr'>δὲ</span> <span class='ocrx_word' id='word_1_258' title='bbox 2759 1920 2914 1992; x_wconf 77' lang='grc' dir='ltr'>ὓμῐν,</span> <span class='ocrx_word' id='word_1_259' title='bbox 2959 1915 3131 1982; x_wconf 86' lang='grc' dir='ltr'>καθὼς</span> <span class='ocrx_word' id='word_1_260' title='bbox 3177 1918 3231 1973; x_wconf 89' lang='grc' dir='ltr'><strong>ἐν</strong></span> <span class='ocrx_word' id='word_1_261' title='bbox 3262 1915 3410 1994; x_wconf 80' lang='grc' dir='ltr'>πάσῃ</span> <span class='ocrx_word' id='word_1_262' title='bbox 3447 1912 3752 1993; x_wconf 74' lang='grc' dir='ltr'><strong>Ἐκκλησία</strong></span> 
     </span>
    </p>
   </div>
   <div class='ocr_carea' id='block_1_35' title="bbox 441 2008 2042 2083">
    <p class='ocr_par' dir='ltr' id='par_1_35' title="bbox 441 2008 2042 2083">
     <span class='ocr_line' id='line_1_36' title="bbox 441 2008 2042 2083; baseline 0 -20"><span class='ocrx_word' id='word_1_263' title='bbox 441 2009 682 2064; x_wconf 90' lang='lat' dir='ltr'><strong>ciuntur.</strong></span> <span class='ocrx_word' id='word_1_264' title='bbox 714 2009 1164 2068; x_wconf 89' lang='lat' dir='ltr'><strong>Submonstrabit</strong></span> <span class='ocrx_word' id='word_1_265' title='bbox 1191 2020 1377 2068; x_wconf 91' lang='lat' dir='ltr'><strong>autem</strong></span> <span class='ocrx_word' id='word_1_266' title='bbox 1423 2011 1600 2079; x_wconf 88' lang='lat' dir='ltr'><strong>vobis,</strong></span> <span class='ocrx_word' id='word_1_267' title='bbox 1655 2009 1937 2083; x_wconf 94' lang='lat' dir='ltr'><strong>quomodo</strong></span> <span class='ocrx_word' id='word_1_268' title='bbox 1985 2008 2042 2064; x_wconf 89' lang='lat' dir='ltr'><strong>iu</strong></span> 
     </span>
    </p>
   </div>
   <div class='ocr_carea' id='block_1_36' title="bbox 442 2097 2040 2166">
    <p class='ocr_par' dir='ltr' id='par_1_36' title="bbox 442 2097 2040 2166">
     <span class='ocr_line' id='line_1_37' title="bbox 442 2097 2040 2166; baseline -0.001 -12"><span class='ocrx_word' id='word_1_269' title='bbox 442 2099 595 2154; x_wconf 91' lang='lat' dir='ltr'><strong>omni</strong></span> <span class='ocrx_word' id='word_1_270' title='bbox 626 2099 866 2155; x_wconf 87' lang='lat' dir='ltr'><strong>Ecclesia</strong></span> <span class='ocrx_word' id='word_1_271' title='bbox 894 2099 1148 2156; x_wconf 88' lang='lat' dir='ltr'><strong>doceam.</strong></span> <span class='ocrx_word' id='word_1_272' title='bbox 1191 2100 1337 2156; x_wconf 86' lang='lat' dir='ltr'><strong>Nihil</strong></span> <span class='ocrx_word' id='word_1_273' title='bbox 1379 2101 1524 2156; x_wconf 92' lang='lat' dir='ltr'><strong>enim</strong></span> <span class='ocrx_word' id='word_1_274' title='bbox 1555 2100 1680 2156; x_wconf 92' lang='lat' dir='ltr'><strong>novi</strong></span> <span class='ocrx_word' id='word_1_275' title='bbox 1721 2097 1832 2154; x_wconf 86' lang='lat' dir='ltr'><strong>dixi</strong></span> <span class='ocrx_word' id='word_1_276' title='bbox 1867 2097 2040 2166; x_wconf 88' lang='lat' dir='ltr'><strong>vobis,</strong></span> 
     </span>
    </p>
   </div>
   <div class='ocr_carea' id='block_1_37' title="bbox 442 2187 2042 2259">
    <p class='ocr_par' dir='ltr' id='par_1_37' title="bbox 442 2187 2042 2259">
     <span class='ocr_line' id='line_1_38' title="bbox 442 2187 2042 2259; baseline 0 -17"><span class='ocrx_word' id='word_1_277' title='bbox 442 2187 542 2243; x_wconf 90' lang='lat' dir='ltr'><strong>sed</strong></span> <span class='ocrx_word' id='word_1_278' title='bbox 586 2188 818 2244; x_wconf 90' lang='lat' dir='ltr'><strong>istorum</strong></span> <span class='ocrx_word' id='word_1_279' title='bbox 866 2205 1062 2246; x_wconf 90' lang='lat' dir='ltr'><strong>omnes</strong></span> <span class='ocrx_word' id='word_1_280' title='bbox 1114 2205 1336 2246; x_wconf 91' lang='lat' dir='ltr'><strong>mecum</strong></span> <span class='ocrx_word' id='word_1_281' title='bbox 1391 2198 1521 2246; x_wconf 88' lang='lat' dir='ltr'><strong>sunt</strong></span> <span class='ocrx_word' id='word_1_282' title='bbox 1572 2188 1801 2246; x_wconf 90' lang='lat' dir='ltr'><strong>conscii.</strong></span> <span class='ocrx_word' id='word_1_283' title='bbox 1853 2190 2042 2259; x_wconf 86' lang='lat' dir='ltr'><strong>Itaque</strong></span> 
     </span>
    </p>
   </div>
   <div class='ocr_carea' id='block_1_38' title="bbox 442 2277 2042 2351">
    <p class='ocr_par' dir='ltr' id='par_1_38' title="bbox 442 2277 2042 2351">
     <span class='ocr_line' id='line_1_39' title="bbox 442 2277 2042 2351; baseline 0.001 -19"><span class='ocrx_word' id='word_1_284' title='bbox 442 2278 646 2348; x_wconf 86' lang='lat' dir='ltr'><strong>pudeat</strong></span> <span class='ocrx_word' id='word_1_285' title='bbox 685 2294 780 2333; x_wconf 89' lang='lat' dir='ltr'><strong>vos</strong></span> <span class='ocrx_word' id='word_1_286' title='bbox 820 2278 968 2350; x_wconf 90' lang='lat' dir='ltr'><strong>quod</strong></span> <span class='ocrx_word' id='word_1_287' title='bbox 1003 2287 1204 2351; x_wconf 71' lang='lat' dir='ltr'><strong>praeter</strong></span> <span class='ocrx_word' id='word_1_288' title='bbox 1266 2287 1492 2337; x_wconf 75' lang='lat' dir='ltr'><strong>caeteras</strong></span> <span class='ocrx_word' id='word_1_289' title='bbox 1540 2277 1816 2336; x_wconf 90' lang='lat' dir='ltr'><strong>Ecclesias</strong></span> <span class='ocrx_word' id='word_1_290' title='bbox 1854 2293 1885 2332; x_wconf 94' lang='lat' dir='ltr'><strong>a</strong></span> <span class='ocrx_word' id='word_1_291' title='bbox 1941 2277 2042 2334; x_wconf 92' lang='lat' dir='ltr'><strong>viis</strong></span> 
     </span>
    </p>
   </div>
   <div class='ocr_carea' id='block_1_39' title="bbox 443 2366 933 2424">
    <p class='ocr_par' dir='ltr' id='par_1_39' title="bbox 443 2366 933 2424">
     <span class='ocr_line' id='line_1_40' title="bbox 443 2366 933 2424; baseline 0.002 -1"><span class='ocrx_word' id='word_1_292' title='bbox 443 2368 583 2423; x_wconf 89' lang='lat' dir='ltr'><strong>meis</strong></span> <span class='ocrx_word' id='word_1_293' title='bbox 611 2366 933 2424; x_wconf 88' lang='lat' dir='ltr'><strong>descivistis.</strong></span> 
     </span>
    </p>
   </div>
   <div class='ocr_carea' id='block_1_40' title="bbox 515 2457 2034 2531">
    <p class='ocr_par' dir='ltr' id='par_1_40' title="bbox 515 2457 2034 2531">
     <span class='ocr_line' id='line_1_41' title="bbox 515 2457 2034 2531; baseline -0.001 -17"><span class='ocrx_word' id='word_1_294' title='bbox 515 2460 691 2514; x_wconf 73' lang='lat' dir='ltr'><strong>Vnus.</strong></span> <span class='ocrx_word' id='word_1_295' title='bbox 732 2466 817 2515; x_wconf 82' lang='lat'><strong>18.</strong></span> <span class='ocrx_word' id='word_1_296' title='bbox 855 2482 881 2508; x_wconf 86' lang='grc' dir='ltr'><strong>ιι</strong></span> <span class='ocrx_word' id='word_1_297' title='bbox 931 2461 1212 2531; x_wconf 88' lang='lat' dir='ltr'><strong>Tanquam</strong></span> <span class='ocrx_word' id='word_1_298' title='bbox 1244 2475 1358 2516; x_wconf 92' lang='lat' dir='ltr'><strong>non</strong></span> <span class='ocrx_word' id='word_1_299' title='bbox 1392 2467 1656 2515; x_wconf 90' lang='lat' dir='ltr'><strong>venturus</strong></span> <span class='ocrx_word' id='word_1_300' title='bbox 1681 2457 1785 2514; x_wconf 90' lang='lat' dir='ltr'><strong>sim</strong></span> <span class='ocrx_word' id='word_1_301' title='bbox 1823 2457 1895 2514; x_wconf 89' lang='lat' dir='ltr'><strong>ad</strong></span> <span class='ocrx_word' id='word_1_302' title='bbox 1917 2473 2034 2524; x_wconf 92' lang='lat' dir='ltr'><strong>vos,</strong></span> 
     </span>
    </p>
   </div>
   <div class='ocr_carea' id='block_1_41' title="bbox 436 2548 2032 2622">
    <p class='ocr_par' dir='ltr' id='par_1_41' title="bbox 436 2548 2032 2622">
     <span class='ocr_line' id='line_1_42' title="bbox 436 2548 2032 2622; baseline 0 -19"><span class='ocrx_word' id='word_1_303' title='bbox 436 2548 512 2604; x_wconf 91' lang='lat' dir='ltr'><strong>sic</strong></span> <span class='ocrx_word' id='word_1_304' title='bbox 576 2549 752 2605; x_wconf 89' lang='lat' dir='ltr'><strong>inﬂati</strong></span> <span class='ocrx_word' id='word_1_305' title='bbox 801 2558 930 2606; x_wconf 92' lang='lat' dir='ltr'><strong>sunt</strong></span> <span class='ocrx_word' id='word_1_306' title='bbox 966 2550 1206 2622; x_wconf 91' lang='lat' dir='ltr'><strong>quidam.</strong></span> <span class='ocrx_word' id='word_1_307' title='bbox 1247 2572 1274 2601; x_wconf 86' lang='grc'><strong>››</strong></span> <span class='ocrx_word' id='word_1_308' title='bbox 1313 2552 1452 2606; x_wconf 91' lang='lat' dir='ltr'><strong>Cum</strong></span> <span class='ocrx_word' id='word_1_309' title='bbox 1495 2549 1743 2617; x_wconf 88' lang='lat' dir='ltr'><strong>dixisset,</strong></span> <span class='ocrx_word' id='word_1_310' title='bbox 1777 2572 1803 2597; x_wconf 89' lang='grc' dir='ltr'><strong>ιι</strong></span> <span class='ocrx_word' id='word_1_311' title='bbox 1847 2549 1974 2604; x_wconf 88' lang='lat' dir='ltr'><strong>Misi</strong></span> <span class='ocrx_word' id='word_1_312' title='bbox 2009 2571 2032 2597; x_wconf 72' lang='grc' dir='ltr'><strong>υ</strong></span> 
     </span>
    </p>
   </div>
   <div class='ocr_carea' id='block_1_42' title="bbox 437 2637 2034 2712">
    <p class='ocr_par' dir='ltr' id='par_1_42' title="bbox 437 2637 2034 2712">
     <span class='ocr_line' id='line_1_43' title="bbox 437 2637 2034 2712; baseline 0 -20"><span class='ocrx_word' id='word_1_313' title='bbox 437 2637 598 2693; x_wconf 87' lang='lat' dir='ltr'><strong>vobis</strong></span> <span class='ocrx_word' id='word_1_314' title='bbox 641 2662 666 2686; x_wconf 89' lang='grc' dir='ltr'><strong>ιι</strong></span> <span class='ocrx_word' id='word_1_315' title='bbox 699 2638 1050 2694; x_wconf 91' lang='lat' dir='ltr'><strong>Timotheum</strong></span> <span class='ocrx_word' id='word_1_316' title='bbox 1090 2657 1107 2693; x_wconf 89' lang='lat'><strong><em>:</em></strong></span> <span class='ocrx_word' id='word_1_317' title='bbox 1142 2663 1167 2688; x_wconf 73' lang='grc' dir='ltr'><strong>υ</strong></span> <span class='ocrx_word' id='word_1_318' title='bbox 1215 2655 1283 2695; x_wconf 91' lang='lat' dir='ltr'><strong>ne</strong></span> <span class='ocrx_word' id='word_1_319' title='bbox 1320 2639 1609 2712; x_wconf 85' lang='lat' dir='ltr'><strong>segniores</strong></span> <span class='ocrx_word' id='word_1_320' title='bbox 1655 2637 2034 2703; x_wconf 86' lang='lat' dir='ltr'><strong>redderentur,</strong></span> 
     </span>
    </p>
   </div>
   <div class='ocr_carea' id='block_1_43' title="bbox 437 2727 2036 2796">
    <p class='ocr_par' dir='ltr' id='par_1_43' title="bbox 437 2727 2036 2796">
     <span class='ocr_line' id='line_1_44' title="bbox 437 2727 2036 2796; baseline 0.001 -15"><span class='ocrx_word' id='word_1_321' title='bbox 437 2727 625 2782; x_wconf 88' lang='lat' dir='ltr'><strong>subdit</strong></span> <span class='ocrx_word' id='word_1_322' title='bbox 655 2745 669 2782; x_wconf 88' lang='lat'><strong>:</strong></span> <span class='ocrx_word' id='word_1_323' title='bbox 702 2727 930 2783; x_wconf 87' lang='lat' dir='ltr'><strong>Etiamsi</strong></span> <span class='ocrx_word' id='word_1_324' title='bbox 961 2744 1106 2784; x_wconf 89' lang='lat' dir='ltr'><strong>nunc</strong></span> <span class='ocrx_word' id='word_1_325' title='bbox 1136 2742 1247 2784; x_wconf 89' lang='lat' dir='ltr'><strong>non</strong></span> <span class='ocrx_word' id='word_1_326' title='bbox 1276 2728 1510 2796; x_wconf 89' lang='lat' dir='ltr'><strong>veniam,</strong></span> <span class='ocrx_word' id='word_1_327' title='bbox 1556 2744 1620 2783; x_wconf 89' lang='lat' dir='ltr'><strong>ac</strong></span> <span class='ocrx_word' id='word_1_328' title='bbox 1659 2728 1862 2784; x_wconf 87' lang='lat' dir='ltr'><strong>idcirco</strong></span> <span class='ocrx_word' id='word_1_329' title='bbox 1891 2744 2036 2782; x_wconf 92' lang='lat' dir='ltr'><strong>non-</strong></span> 
     </span>
    </p>
   </div>
   <div class='ocr_carea' id='block_1_44' title="bbox 437 2814 2037 2880">
    <p class='ocr_par' dir='ltr' id='par_1_44' title="bbox 437 2814 2037 2880">
     <span class='ocr_line' id='line_1_45' title="bbox 437 2814 2037 2880; baseline 0.001 -12"><span class='ocrx_word' id='word_1_330' title='bbox 437 2814 620 2870; x_wconf 91' lang='lat' dir='ltr'><strong>nullos</strong></span> <span class='ocrx_word' id='word_1_331' title='bbox 646 2815 890 2870; x_wconf 89' lang='lat' dir='ltr'><strong>absentia</strong></span> <span class='ocrx_word' id='word_1_332' title='bbox 921 2831 1041 2871; x_wconf 91' lang='lat' dir='ltr'><strong>mea</strong></span> <span class='ocrx_word' id='word_1_333' title='bbox 1074 2816 1300 2880; x_wconf 89' lang='lat' dir='ltr'><strong>inﬂarit,</strong></span> <span class='ocrx_word' id='word_1_334' title='bbox 1337 2816 1554 2872; x_wconf 89' lang='lat' dir='ltr'><strong>veniam</strong></span> <span class='ocrx_word' id='word_1_335' title='bbox 1578 2824 1790 2870; x_wconf 89' lang='lat' dir='ltr'><strong>tamen.</strong></span> <span class='ocrx_word' id='word_1_336' title='bbox 1827 2814 2037 2870; x_wconf 87' lang='lat' dir='ltr'><strong>Iudicat</strong></span> 
     </span>
    </p>
   </div>
   <div class='ocr_carea' id='block_1_45' title="bbox 436 2903 2036 2975">
    <p class='ocr_par' dir='ltr' id='par_1_45' title="bbox 436 2903 2036 2975">
     <span class='ocr_line' id='line_1_46' title="bbox 436 2903 2036 2975; baseline 0 -16"><span class='ocrx_word' id='word_1_337' title='bbox 436 2912 620 2959; x_wconf 90' lang='lat' dir='ltr'><strong>autem</strong></span> <span class='ocrx_word' id='word_1_338' title='bbox 653 2904 912 2974; x_wconf 87' lang='lat' dir='ltr'><strong>puerilem</strong></span> <span class='ocrx_word' id='word_1_339' title='bbox 933 2919 1131 2960; x_wconf 89' lang='lat' dir='ltr'><strong>eorum</strong></span> <span class='ocrx_word' id='word_1_340' title='bbox 1161 2913 1423 2961; x_wconf 90' lang='lat' dir='ltr'><strong>mentem.</strong></span> <span class='ocrx_word' id='word_1_341' title='bbox 1446 2907 1585 2960; x_wconf 86' lang='lat' dir='ltr'><strong>Nam</strong></span> <span class='ocrx_word' id='word_1_342' title='bbox 1609 2905 1779 2975; x_wconf 89' lang='lat' dir='ltr'><strong>pueri,</strong></span> <span class='ocrx_word' id='word_1_343' title='bbox 1808 2903 2036 2959; x_wconf 91' lang='lat' dir='ltr'><strong>absente</strong></span> 
     </span>
    </p>
   </div>
   <div class='ocr_carea' id='block_1_46' title="bbox 437 2993 2035 3066">
    <p class='ocr_par' dir='ltr' id='par_1_46' title="bbox 437 2993 2035 3066">
     <span class='ocr_line' id='line_1_47' title="bbox 437 2993 2035 3066; baseline -0.001 -18"><span class='ocrx_word' id='word_1_344' title='bbox 437 3001 795 3064; x_wconf 63' lang='lat' dir='ltr'><strong>prmoeptore,</strong></span> <span class='ocrx_word' id='word_1_345' title='bbox 834 2993 1200 3064; x_wconf 91' lang='lat' dir='ltr'><strong>incomposite</strong></span> <span class='ocrx_word' id='word_1_346' title='bbox 1239 3009 1298 3050; x_wconf 90' lang='lat' dir='ltr'><strong>se</strong></span> <span class='ocrx_word' id='word_1_347' title='bbox 1336 3009 1523 3066; x_wconf 81' lang='lat' dir='ltr'><strong>gerere</strong></span> <span class='ocrx_word' id='word_1_348' title='bbox 1567 2994 1761 3048; x_wconf 92' lang='lat' dir='ltr'><strong>solent.</strong></span> <span class='ocrx_word' id='word_1_349' title='bbox 1799 2993 2035 3062; x_wconf 85' lang='lat' dir='ltr'><strong>Quinam</strong></span> 
     </span>
    </p>
   </div>
   <div class='ocr_carea' id='block_1_47' title="bbox 435 3082 2033 3155">
    <p class='ocr_par' dir='ltr' id='par_1_47' title="bbox 435 3082 2033 3155">
     <span class='ocr_line' id='line_1_48' title="bbox 435 3082 2033 3155; baseline -0.001 -16"><span class='ocrx_word' id='word_1_350' title='bbox 435 3091 621 3139; x_wconf 91' lang='lat' dir='ltr'><strong>autem</strong></span> <span class='ocrx_word' id='word_1_351' title='bbox 670 3082 768 3150; x_wconf 92' lang='lat' dir='ltr'><strong>illi,</strong></span> <span class='ocrx_word' id='word_1_352' title='bbox 819 3084 915 3155; x_wconf 89' lang='lat' dir='ltr'><strong>qui</strong></span> <span class='ocrx_word' id='word_1_353' title='bbox 966 3083 1142 3139; x_wconf 87' lang='lat' dir='ltr'><strong>inﬂati</strong></span> <span class='ocrx_word' id='word_1_354' title='bbox 1178 3089 1374 3140; x_wconf 81' lang='lat' dir='ltr'><strong>erant?</strong></span> <span class='ocrx_word' id='word_1_355' title='bbox 1425 3083 1792 3139; x_wconf 84' lang='lat' dir='ltr'><strong>Fornicatoris</strong></span> <span class='ocrx_word' id='word_1_356' title='bbox 1847 3082 2033 3148; x_wconf 90' lang='lat' dir='ltr'><strong>amici,</strong></span> 
     </span>
    </p>
   </div>
   <div class='ocr_carea' id='block_1_48' title="bbox 434 3171 2032 3245">
    <p class='ocr_par' dir='ltr' id='par_1_48' title="bbox 434 3171 2032 3245">
     <span class='ocr_line' id='line_1_49' title="bbox 434 3171 2032 3245; baseline 0.001 -20"><span class='ocrx_word' id='word_1_357' title='bbox 434 3171 526 3244; x_wconf 90' lang='lat' dir='ltr'><strong>qui</strong></span> <span class='ocrx_word' id='word_1_358' title='bbox 573 3181 628 3227; x_wconf 88' lang='lat' dir='ltr'><strong>et</strong></span> <span class='ocrx_word' id='word_1_359' title='bbox 657 3171 870 3242; x_wconf 87' lang='lat' dir='ltr'><strong>sapiens</strong></span> <span class='ocrx_word' id='word_1_360' title='bbox 898 3181 953 3228; x_wconf 92' lang='lat' dir='ltr'><strong>et</strong></span> <span class='ocrx_word' id='word_1_361' title='bbox 979 3171 1130 3228; x_wconf 89' lang='lat' dir='ltr'><strong>dives</strong></span> <span class='ocrx_word' id='word_1_362' title='bbox 1166 3181 1285 3228; x_wconf 88' lang='lat' dir='ltr'><strong>erat</strong></span> <span class='ocrx_word' id='word_1_363' title='bbox 1314 3191 1326 3227; x_wconf 90' lang='lat'><strong>:</strong></span> <span class='ocrx_word' id='word_1_364' title='bbox 1370 3189 1434 3229; x_wconf 92' lang='lat' dir='ltr'><strong>ac</strong></span> <span class='ocrx_word' id='word_1_365' title='bbox 1460 3173 1778 3245; x_wconf 90' lang='lat' dir='ltr'><strong>simpliciter</strong></span> <span class='ocrx_word' id='word_1_366' title='bbox 1817 3188 2032 3236; x_wconf 79' lang='lat' dir='ltr'><strong>omnes,</strong></span> 
     </span>
    </p>
   </div>
   <div class='ocr_carea' id='block_1_49' title="bbox 433 3261 2034 3334">
    <p class='ocr_par' dir='ltr' id='par_1_49' title="bbox 433 3261 2034 3334">
     <span class='ocr_line' id='line_1_50' title="bbox 433 3261 2034 3334; baseline 0.001 -19"><span class='ocrx_word' id='word_1_367' title='bbox 433 3261 525 3333; x_wconf 88' lang='lat' dir='ltr'><strong>qui</strong></span> <span class='ocrx_word' id='word_1_368' title='bbox 557 3261 627 3316; x_wconf 92' lang='lat' dir='ltr'><strong>ob</strong></span> <span class='ocrx_word' id='word_1_369' title='bbox 665 3261 983 3332; x_wconf 88' lang='lat' dir='ltr'><strong>hujusmodi</strong></span> <span class='ocrx_word' id='word_1_370' title='bbox 1010 3261 1385 3318; x_wconf 82' lang='lat' dir='ltr'><strong>efferebantur</strong></span> <span class='ocrx_word' id='word_1_371' title='bbox 1415 3281 1426 3316; x_wconf 93' lang='lat'><strong>:</strong></span> <span class='ocrx_word' id='word_1_372' title='bbox 1457 3263 1576 3334; x_wconf 89' lang='lat' dir='ltr'><strong>qui,</strong></span> <span class='ocrx_word' id='word_1_373' title='bbox 1607 3272 1868 3332; x_wconf 87' lang='lat' dir='ltr'><strong>tanquam</strong></span> <span class='ocrx_word' id='word_1_374' title='bbox 1896 3263 2034 3316; x_wconf 87' lang='lat' dir='ltr'><strong>Pau-</strong></span> 
     </span>
    </p>
   </div>
   <div class='ocr_carea' id='block_1_50' title="bbox 432 3350 1852 3424">
    <p class='ocr_par' dir='ltr' id='par_1_50' title="bbox 432 3350 1852 3424">
     <span class='ocr_line' id='line_1_51' title="bbox 432 3350 1852 3424; baseline 0.001 -20"><span class='ocrx_word' id='word_1_375' title='bbox 432 3350 518 3406; x_wconf 89' lang='lat' dir='ltr'><strong>lus</strong></span> <span class='ocrx_word' id='word_1_376' title='bbox 547 3367 660 3405; x_wconf 91' lang='lat' dir='ltr'><strong>non</strong></span> <span class='ocrx_word' id='word_1_377' title='bbox 685 3360 830 3406; x_wconf 88' lang='lat' dir='ltr'><strong>esset</strong></span> <span class='ocrx_word' id='word_1_378' title='bbox 866 3351 961 3423; x_wconf 93' lang='lat' dir='ltr'><strong>qui</strong></span> <span class='ocrx_word' id='word_1_379' title='bbox 1014 3352 1110 3407; x_wconf 91' lang='lat' dir='ltr'><strong>ista</strong></span> <span class='ocrx_word' id='word_1_380' title='bbox 1137 3361 1412 3424; x_wconf 85' lang='lat' dir='ltr'><strong>argueret,</strong></span> <span class='ocrx_word' id='word_1_381' title='bbox 1444 3351 1852 3423; x_wconf 90' lang='lat' dir='ltr'><strong>superbiebant.</strong></span> 
     </span>
    </p>
   </div>
   <div class='ocr_carea' id='block_1_51' title="bbox 503 3440 2038 3509">
    <p class='ocr_par' dir='ltr' id='par_1_51' title="bbox 503 3440 2038 3509">
     <span class='ocr_line' id='line_1_52' title="bbox 503 3440 2038 3509; baseline 0.001 -13"><span class='ocrx_word' id='word_1_382' title='bbox 503 3442 684 3496; x_wconf 76' lang='lat' dir='ltr'><strong>Vsus.</strong></span> <span class='ocrx_word' id='word_1_383' title='bbox 725 3447 808 3496; x_wconf 83' lang='lat'><strong>19.</strong></span> <span class='ocrx_word' id='word_1_384' title='bbox 845 3464 871 3489; x_wconf 91' lang='grc' dir='ltr'><strong>ιι</strong></span> <span class='ocrx_word' id='word_1_385' title='bbox 903 3440 1138 3497; x_wconf 87' lang='lat' dir='ltr'><strong>Veniam</strong></span> <span class='ocrx_word' id='word_1_386' title='bbox 1169 3450 1356 3497; x_wconf 90' lang='lat' dir='ltr'><strong>autem</strong></span> <span class='ocrx_word' id='word_1_387' title='bbox 1384 3441 1453 3498; x_wconf 90' lang='lat' dir='ltr'><strong>ad</strong></span> <span class='ocrx_word' id='word_1_388' title='bbox 1480 3457 1576 3498; x_wconf 91' lang='lat' dir='ltr'><strong>vos</strong></span> <span class='ocrx_word' id='word_1_389' title='bbox 1616 3441 1748 3509; x_wconf 89' lang='lat' dir='ltr'><strong>cito,</strong></span> <span class='ocrx_word' id='word_1_390' title='bbox 1773 3442 1816 3497; x_wconf 92' lang='lat' dir='ltr'><strong>si</strong></span> <span class='ocrx_word' id='word_1_391' title='bbox 1845 3441 2038 3498; x_wconf 90' lang='lat' dir='ltr'><strong>Domi-</strong></span> 
     </span>
    </p>
   </div>
   <div class='ocr_carea' id='block_1_52' title="bbox 432 3529 2037 3603">
    <p class='ocr_par' dir='ltr' id='par_1_52' title="bbox 432 3529 2037 3603">
     <span class='ocr_line' id='line_1_53' title="bbox 432 3529 2037 3603; baseline 0 -17"><span class='ocrx_word' id='word_1_392' title='bbox 432 3546 538 3587; x_wconf 92' lang='lat' dir='ltr'><strong>nus</strong></span> <span class='ocrx_word' id='word_1_393' title='bbox 580 3529 828 3586; x_wconf 90' lang='lat' dir='ltr'><strong>voluerit.</strong></span> <span class='ocrx_word' id='word_1_394' title='bbox 868 3553 892 3578; x_wconf 76' lang='grc' dir='ltr'><strong>υ</strong></span> <span class='ocrx_word' id='word_1_395' title='bbox 928 3531 1064 3586; x_wconf 76' lang='grc' dir='ltr'><strong>Ηωο</strong></span> <span class='ocrx_word' id='word_1_396' title='bbox 1111 3530 1412 3602; x_wconf 87' lang='lat' dir='ltr'><strong>dejicientis</strong></span> <span class='ocrx_word' id='word_1_397' title='bbox 1452 3532 1742 3603; x_wconf 90' lang='lat' dir='ltr'><strong>superbos,</strong></span> <span class='ocrx_word' id='word_1_398' title='bbox 1789 3531 2037 3603; x_wconf 90' lang='lat' dir='ltr'><strong>adeoque</strong></span> 
     </span>
    </p>
   </div>
   <div class='ocr_carea' id='block_1_53' title="bbox 430 3619 2035 3689">
    <p class='ocr_par' dir='ltr' id='par_1_53' title="bbox 430 3619 2035 3689">
     <span class='ocr_line' id='line_1_54' title="bbox 430 3619 2035 3689; baseline 0 -14"><span class='ocrx_word' id='word_1_399' title='bbox 430 3620 646 3676; x_wconf 89' lang='lat' dir='ltr'><strong>sobrios</strong></span> <span class='ocrx_word' id='word_1_400' title='bbox 690 3619 972 3676; x_wconf 87' lang='lat' dir='ltr'><strong>reddentis</strong></span> <span class='ocrx_word' id='word_1_401' title='bbox 1017 3619 1178 3676; x_wconf 89' lang='lat' dir='ltr'><strong>verba</strong></span> <span class='ocrx_word' id='word_1_402' title='bbox 1217 3629 1368 3678; x_wconf 87' lang='lat' dir='ltr'><strong>sunt.</strong></span> <span class='ocrx_word' id='word_1_403' title='bbox 1412 3621 1645 3678; x_wconf 86' lang='lat' dir='ltr'><strong>Pulchre</strong></span> <span class='ocrx_word' id='word_1_404' title='bbox 1697 3637 1848 3689; x_wconf 91' lang='lat' dir='ltr'><strong>vero,</strong></span> <span class='ocrx_word' id='word_1_405' title='bbox 1902 3643 1928 3669; x_wconf 67' lang='grc' dir='ltr'><strong><em>α</em></strong></span> <span class='ocrx_word' id='word_1_406' title='bbox 1978 3619 2035 3678; x_wconf 93' lang='lat' dir='ltr'><strong>Si</strong></span> 
     </span>
    </p>
   </div>
   <div class='ocr_carea' id='block_1_54' title="bbox 429 3709 2034 3783">
    <p class='ocr_par' dir='ltr' id='par_1_54' title="bbox 429 3709 2034 3783">
     <span class='ocr_line' id='line_1_55' title="bbox 429 3709 2034 3783; baseline 0.001 -19"><span class='ocrx_word' id='word_1_407' title='bbox 429 3709 706 3766; x_wconf 92' lang='lat' dir='ltr'><strong>Dominus</strong></span> <span class='ocrx_word' id='word_1_408' title='bbox 761 3709 1011 3766; x_wconf 90' lang='lat' dir='ltr'><strong>voluerit.</strong></span> <span class='ocrx_word' id='word_1_409' title='bbox 1079 3731 1106 3760; x_wconf 87' lang='grc'>››</span> <span class='ocrx_word' id='word_1_410' title='bbox 1167 3710 1361 3766; x_wconf 91' lang='lat' dir='ltr'><strong>Omnia</strong></span> <span class='ocrx_word' id='word_1_411' title='bbox 1409 3726 1653 3783; x_wconf 90' lang='lat' dir='ltr'><strong>namque</strong></span> <span class='ocrx_word' id='word_1_412' title='bbox 1701 3709 1842 3766; x_wconf 91' lang='lat' dir='ltr'><strong>illius</strong></span> <span class='ocrx_word' id='word_1_413' title='bbox 1896 3718 2034 3766; x_wconf 91' lang='lat' dir='ltr'><strong>nutu</strong></span> 
     </span>
    </p>
   </div>
   <div class='ocr_carea' id='block_1_55' title="bbox 427 3807 688 3872">
    <p class='ocr_par' dir='ltr' id='par_1_55' title="bbox 427 3807 688 3872">
     <span class='ocr_line' id='line_1_56' title="bbox 427 3807 688 3872; baseline -0.011 -18"><span class='ocrx_word' id='word_1_414' title='bbox 427 3807 688 3872; x_wconf 90' lang='lat' dir='ltr'><strong>aguntur.</strong></span> 
     </span>
    </p>
   </div>
   <div class='ocr_carea' id='block_1_56' title="bbox 501 3889 2032 3962">
    <p class='ocr_par' dir='ltr' id='par_1_56' title="bbox 501 3889 2032 3962">
     <span class='ocr_line' id='line_1_57' title="bbox 501 3889 2032 3962; baseline 0.003 -19"><span class='ocrx_word' id='word_1_415' title='bbox 501 3889 681 3946; x_wconf 80' lang='lat' dir='ltr'><strong>Vsns.</strong></span> <span class='ocrx_word' id='word_1_416' title='bbox 717 3895 804 3957; x_wconf 86' lang='lat'><strong>19,</strong></span> <span class='ocrx_word' id='word_1_417' title='bbox 835 3896 924 3946; x_wconf 85' lang='lat'><strong>20.</strong></span> <span class='ocrx_word' id='word_1_418' title='bbox 970 3913 995 3938; x_wconf 87' lang='grc' dir='ltr'><strong>ιι</strong></span> <span class='ocrx_word' id='word_1_419' title='bbox 1028 3893 1098 3947; x_wconf 85' lang='lat' dir='ltr'><strong>Et</strong></span> <span class='ocrx_word' id='word_1_420' title='bbox 1142 3905 1494 3962; x_wconf 83' lang='lat' dir='ltr'><strong>cognoscam,</strong></span> <span class='ocrx_word' id='word_1_421' title='bbox 1545 3907 1658 3948; x_wconf 91' lang='lat' dir='ltr'><strong>non</strong></span> <span class='ocrx_word' id='word_1_422' title='bbox 1709 3907 2032 3948; x_wconf 89' lang='lat' dir='ltr'><strong>sermonem</strong></span> 
     </span>
    </p>
   </div>
   <div class='ocr_carea' id='block_1_57' title="bbox 427 3979 2033 4050">
    <p class='ocr_par' dir='ltr' id='par_1_57' title="bbox 427 3979 2033 4050">
     <span class='ocr_line' id='line_1_58' title="bbox 427 3979 2033 4050; baseline 0.001 -16"><span class='ocrx_word' id='word_1_423' title='bbox 427 3993 644 4047; x_wconf 90' lang='lat' dir='ltr'><strong>eorum,</strong></span> <span class='ocrx_word' id='word_1_424' title='bbox 677 3979 772 4050; x_wconf 90' lang='lat' dir='ltr'><strong>qui</strong></span> <span class='ocrx_word' id='word_1_425' title='bbox 797 3979 968 4035; x_wconf 90' lang='lat' dir='ltr'><strong>inﬂati</strong></span> <span class='ocrx_word' id='word_1_426' title='bbox 997 3989 1144 4048; x_wconf 94' lang='lat' dir='ltr'><strong>sunt,</strong></span> <span class='ocrx_word' id='word_1_427' title='bbox 1174 3979 1274 4036; x_wconf 90' lang='lat' dir='ltr'><strong>sed</strong></span> <span class='ocrx_word' id='word_1_428' title='bbox 1306 3982 1580 4036; x_wconf 83' lang='lat' dir='ltr'><strong>virtutem.</strong></span> <span class='ocrx_word' id='word_1_429' title='bbox 1615 3984 1738 4037; x_wconf 90' lang='lat' dir='ltr'><strong>Non</strong></span> <span class='ocrx_word' id='word_1_430' title='bbox 1788 3982 1938 4037; x_wconf 91' lang='lat' dir='ltr'><strong>enim</strong></span> <span class='ocrx_word' id='word_1_431' title='bbox 1977 3981 2033 4036; x_wconf 90' lang='lat' dir='ltr'><strong>in</strong></span> 
     </span>
    </p>
   </div>
   <div class='ocr_carea' id='block_1_58' title="bbox 429 4068 2032 4139">
    <p class='ocr_par' dir='ltr' id='par_1_58' title="bbox 429 4068 2032 4139">
     <span class='ocr_line' id='line_1_59' title="bbox 429 4068 2032 4139; baseline 0.003 -17"><span class='ocrx_word' id='word_1_432' title='bbox 429 4082 686 4122; x_wconf 88' lang='lat' dir='ltr'><strong>sermone</strong></span> <span class='ocrx_word' id='word_1_433' title='bbox 739 4076 825 4124; x_wconf 89' lang='lat' dir='ltr'><strong>est</strong></span> <span class='ocrx_word' id='word_1_434' title='bbox 875 4084 1108 4139; x_wconf 88' lang='lat' dir='ltr'><strong>regnum</strong></span> <span class='ocrx_word' id='word_1_435' title='bbox 1164 4068 1288 4135; x_wconf 92' lang='lat' dir='ltr'><strong>Dei,</strong></span> <span class='ocrx_word' id='word_1_436' title='bbox 1329 4069 1428 4125; x_wconf 89' lang='lat' dir='ltr'><strong>sed</strong></span> <span class='ocrx_word' id='word_1_437' title='bbox 1476 4070 1534 4125; x_wconf 91' lang='lat' dir='ltr'><strong>in</strong></span> <span class='ocrx_word' id='word_1_438' title='bbox 1590 4072 1845 4126; x_wconf 65' lang='lat' dir='ltr'><strong>virtutem</strong></span> <span class='ocrx_word' id='word_1_439' title='bbox 1891 4070 2032 4139; x_wconf 87' lang='lat' dir='ltr'><strong>Quia</strong></span> 
     </span>
    </p>
   </div>
   <div class='ocr_carea' id='block_1_59' title="bbox 432 4155 2030 4226">
    <p class='ocr_par' dir='ltr' id='par_1_59' title="bbox 432 4155 2030 4226">
     <span class='ocr_line' id='line_1_60' title="bbox 432 4155 2030 4226; baseline 0.003 -17"><span class='ocrx_word' id='word_1_440' title='bbox 432 4155 763 4226; x_wconf 66' lang='lat' dir='ltr'><strong>elequentite</strong></span> <span class='ocrx_word' id='word_1_441' title='bbox 791 4157 1152 4223; x_wconf 89' lang='lat' dir='ltr'><strong>conﬁdentes,</strong></span> <span class='ocrx_word' id='word_1_442' title='bbox 1184 4158 1418 4214; x_wconf 89' lang='lat' dir='ltr'><strong>Paulum</strong></span> <span class='ocrx_word' id='word_1_443' title='bbox 1444 4175 1544 4215; x_wconf 91' lang='lat' dir='ltr'><strong>ceu</strong></span> <span class='ocrx_word' id='word_1_444' title='bbox 1585 4159 1821 4215; x_wconf 89' lang='lat' dir='ltr'><strong>idiotam</strong></span> <span class='ocrx_word' id='word_1_445' title='bbox 1851 4169 1906 4216; x_wconf 90' lang='lat' dir='ltr'><strong>et</strong></span> <span class='ocrx_word' id='word_1_446' title='bbox 1949 4161 2030 4215; x_wconf 89' lang='lat' dir='ltr'><strong>iu-</strong></span> 
     </span>
    </p>
   </div>
   <div class='ocr_carea' id='block_1_60' title="bbox 430 4245 2031 4320">
    <p class='ocr_par' dir='ltr' id='par_1_60' title="bbox 430 4245 2031 4320">
     <span class='ocr_line' id='line_1_61' title="bbox 430 4245 2031 4320; baseline 0.003 -20"><span class='ocrx_word' id='word_1_447' title='bbox 430 4245 663 4300; x_wconf 90' lang='lat' dir='ltr'><strong>doctum</strong></span> <span class='ocrx_word' id='word_1_448' title='bbox 707 4247 1188 4316; x_wconf 83' lang='lat' dir='ltr'><strong>aspernabantur;</strong></span> <span class='ocrx_word' id='word_1_449' title='bbox 1234 4247 1476 4315; x_wconf 88' lang='lat' dir='ltr'><strong>Videbo,</strong></span> <span class='ocrx_word' id='word_1_450' title='bbox 1516 4249 1715 4320; x_wconf 86' lang='lat' dir='ltr'><strong>inquit,</strong></span> <span class='ocrx_word' id='word_1_451' title='bbox 1761 4265 1875 4305; x_wconf 90' lang='lat' dir='ltr'><strong>non</strong></span> <span class='ocrx_word' id='word_1_452' title='bbox 1929 4250 2031 4306; x_wconf 86' lang='lat' dir='ltr'><strong>elo-</strong></span> 
     </span>
    </p>
   </div>
   <div class='ocr_carea' id='block_1_61' title="bbox 441 4334 2032 4410">
    <p class='ocr_par' dir='ltr' id='par_1_61' title="bbox 441 4334 2032 4410">
     <span class='ocr_line' id='line_1_62' title="bbox 441 4334 2032 4410; baseline 0.004 -21"><span class='ocrx_word' id='word_1_453' title='bbox 441 4334 729 4406; x_wconf 86' lang='lat' dir='ltr'><strong>quentiam</strong></span> <span class='ocrx_word' id='word_1_454' title='bbox 749 4344 992 4392; x_wconf 87' lang='lat' dir='ltr'><strong>vestram</strong></span> <span class='ocrx_word' id='word_1_455' title='bbox 1020 4343 1172 4405; x_wconf 91' lang='lat' dir='ltr'><strong>(nam</strong></span> <span class='ocrx_word' id='word_1_456' title='bbox 1201 4353 1270 4394; x_wconf 90' lang='lat' dir='ltr'><strong>ea</strong></span> <span class='ocrx_word' id='word_1_457' title='bbox 1301 4346 1520 4394; x_wconf 89' lang='lat' dir='ltr'><strong>nonest</strong></span> <span class='ocrx_word' id='word_1_458' title='bbox 1537 4344 1717 4410; x_wconf 84' lang='lat' dir='ltr'><strong>Opus),</strong></span> <span class='ocrx_word' id='word_1_459' title='bbox 1746 4339 1842 4395; x_wconf 92' lang='lat' dir='ltr'><strong>sed</strong></span> <span class='ocrx_word' id='word_1_460' title='bbox 1859 4339 2032 4396; x_wconf 88' lang='lat' dir='ltr'><strong>virtu-</strong></span> 
     </span>
    </p>
   </div>
   <div class='ocr_carea' id='block_1_62' title="bbox 431 4425 2029 4500">
    <p class='ocr_par' dir='ltr' id='par_1_62' title="bbox 431 4425 2029 4500">
     <span class='ocr_line' id='line_1_63' title="bbox 431 4425 2029 4500; baseline 0.003 -21"><span class='ocrx_word' id='word_1_461' title='bbox 431 4431 546 4480; x_wconf 92' lang='lat' dir='ltr'><strong>tem</strong></span> <span class='ocrx_word' id='word_1_462' title='bbox 584 4441 690 4497; x_wconf 90' lang='lat' dir='ltr'><strong>qua</strong></span> <span class='ocrx_word' id='word_1_463' title='bbox 736 4425 887 4498; x_wconf 90' lang='lat' dir='ltr'><strong>signa</strong></span> <span class='ocrx_word' id='word_1_464' title='bbox 941 4427 1196 4483; x_wconf 89' lang='lat' dir='ltr'><strong>edantur.</strong></span> <span class='ocrx_word' id='word_1_465' title='bbox 1247 4429 1376 4483; x_wconf 86' lang='lat' dir='ltr'><strong>Non</strong></span> <span class='ocrx_word' id='word_1_466' title='bbox 1416 4427 1568 4483; x_wconf 91' lang='lat' dir='ltr'><strong>enim</strong></span> <span class='ocrx_word' id='word_1_467' title='bbox 1619 4445 1714 4500; x_wconf 87' lang='lat' dir='ltr'><strong>per</strong></span> <span class='ocrx_word' id='word_1_468' title='bbox 1765 4429 2029 4485; x_wconf 89' lang='lat' dir='ltr'><strong>orationis</strong></span> 
     </span>
    </p>
   </div>
   <div class='ocr_carea' id='block_1_63' title="bbox 431 4515 2030 4591">
    <p class='ocr_par' dir='ltr' id='par_1_63' title="bbox 431 4515 2030 4591">
     <span class='ocr_line' id='line_1_64' title="bbox 431 4515 2030 4591; baseline 0.003 -22"><span class='ocrx_word' id='word_1_469' title='bbox 431 4515 760 4587; x_wconf 85' lang='lat' dir='ltr'><strong>elegantiam</strong></span> <span class='ocrx_word' id='word_1_470' title='bbox 792 4516 1148 4588; x_wconf 66' lang='lat' dir='ltr'><strong>praedicatum</strong></span> <span class='ocrx_word' id='word_1_471' title='bbox 1185 4525 1240 4573; x_wconf 93' lang='lat' dir='ltr'><strong>et</strong></span> <span class='ocrx_word' id='word_1_472' title='bbox 1267 4517 1659 4574; x_wconf 90' lang='lat' dir='ltr'><strong>conﬁrmatum</strong></span> <span class='ocrx_word' id='word_1_473' title='bbox 1693 4527 1776 4574; x_wconf 92' lang='lat' dir='ltr'><strong>est</strong></span> <span class='ocrx_word' id='word_1_474' title='bbox 1802 4535 2030 4591; x_wconf 88' lang='lat' dir='ltr'><strong>regnum</strong></span> 
     </span>
    </p>
   </div>
   <div class='ocr_carea' id='block_1_64' title="bbox 429 4599 2031 4680">
    <p class='ocr_par' dir='ltr' id='par_1_64' title="bbox 429 4599 2031 4680">
     <span class='ocr_line' id='line_1_65' title="bbox 429 4599 2031 4680; baseline 0.004 -21"><span class='ocrx_word' id='word_1_475' title='bbox 429 4599 570 4676; x_wconf 89' lang='lat' dir='ltr'><strong>Dei,</strong></span> <span class='ocrx_word' id='word_1_476' title='bbox 607 4604 769 4677; x_wconf 69' lang='grc'><strong>147</strong></span> <span class='ocrx_word' id='word_1_477' title='bbox 800 4606 898 4662; x_wconf 88' lang='lat' dir='ltr'><strong>sed</strong></span> <span class='ocrx_word' id='word_1_478' title='bbox 945 4623 1042 4678; x_wconf 91' lang='lat' dir='ltr'><strong>per</strong></span> <span class='ocrx_word' id='word_1_479' title='bbox 1079 4608 1237 4679; x_wconf 89' lang='lat' dir='ltr'><strong>signa</strong></span> <span class='ocrx_word' id='word_1_480' title='bbox 1283 4623 1408 4680; x_wconf 76' lang='lat' dir='ltr'><strong>quae</strong></span> <span class='ocrx_word' id='word_1_481' title='bbox 1446 4607 1679 4678; x_wconf 86' lang='lat' dir='ltr'><strong>Spiritus</strong></span> <span class='ocrx_word' id='word_1_482' title='bbox 1722 4608 1921 4665; x_wconf 90' lang='lat' dir='ltr'><strong>virtute</strong></span> <span class='ocrx_word' id='word_1_483' title='bbox 1967 4625 2031 4666; x_wconf 90' lang='lat' dir='ltr'><strong>ac</strong></span> 
     </span>
    </p>
   </div>
   <div class='ocr_carea' id='block_1_65' title="bbox 427 4694 958 4764">
    <p class='ocr_par' dir='ltr' id='par_1_65' title="bbox 427 4694 958 4764">
     <span class='ocr_line' id='line_1_66' title="bbox 427 4694 958 4764; baseline 0.006 -16"><span class='ocrx_word' id='word_1_484' title='bbox 427 4694 669 4764; x_wconf 90' lang='lat' dir='ltr'><strong>potentia</strong></span> <span class='ocrx_word' id='word_1_485' title='bbox 703 4694 958 4752; x_wconf 90' lang='lat' dir='ltr'><strong>eduntur.</strong></span> 
     </span>
    </p>
   </div>
   <div class='ocr_carea' id='block_1_66' title="bbox 499 4783 2030 4860">
    <p class='ocr_par' dir='ltr' id='par_1_66' title="bbox 499 4783 2030 4860">
     <span class='ocr_line' id='line_1_67' title="bbox 499 4783 2030 4860; baseline 0.005 -22"><span class='ocrx_word' id='word_1_486' title='bbox 499 4783 678 4839; x_wconf 75' lang='lat' dir='ltr'><strong>Vens.</strong></span> <span class='ocrx_word' id='word_1_487' title='bbox 709 4790 802 4841; x_wconf 86' lang='lat'><strong>21.</strong></span> <span class='ocrx_word' id='word_1_488' title='bbox 835 4807 857 4834; x_wconf 87' lang='grc' dir='ltr'><strong>ιι</strong></span> <span class='ocrx_word' id='word_1_489' title='bbox 885 4784 1032 4856; x_wconf 90' lang='lat' dir='ltr'><strong>Quid</strong></span> <span class='ocrx_word' id='word_1_490' title='bbox 1060 4786 1220 4842; x_wconf 89' lang='lat' dir='ltr'><strong>vultis</strong></span> <span class='ocrx_word' id='word_1_491' title='bbox 1247 4786 1347 4843; x_wconf 84' lang='lat' dir='ltr'><strong>?in</strong></span> <span class='ocrx_word' id='word_1_492' title='bbox 1370 4787 1521 4860; x_wconf 88' lang='lat' dir='ltr'><strong>virga</strong></span> <span class='ocrx_word' id='word_1_493' title='bbox 1552 4787 1770 4845; x_wconf 86' lang='lat' dir='ltr'><strong>veniam</strong></span> <span class='ocrx_word' id='word_1_494' title='bbox 1795 4788 1864 4846; x_wconf 92' lang='lat' dir='ltr'><strong>ad</strong></span> <span class='ocrx_word' id='word_1_495' title='bbox 1895 4805 1991 4845; x_wconf 90' lang='lat' dir='ltr'><strong>vos</strong></span> <span class='ocrx_word' id='word_1_496' title='bbox 2013 4829 2030 4857; x_wconf 92' lang='lat'><strong>,</strong></span> 
     </span>
    </p>
   </div>
   <div class='ocr_carea' id='block_1_67' title="bbox 427 4871 2032 4947">
    <p class='ocr_par' dir='ltr' id='par_1_67' title="bbox 427 4871 2032 4947">
     <span class='ocr_line' id='line_1_68' title="bbox 427 4871 2032 4947; baseline 0.005 -21"><span class='ocrx_word' id='word_1_497' title='bbox 427 4886 499 4927; x_wconf 90' lang='lat' dir='ltr'><strong>an</strong></span> <span class='ocrx_word' id='word_1_498' title='bbox 546 4871 604 4927; x_wconf 91' lang='lat' dir='ltr'><strong>in</strong></span> <span class='ocrx_word' id='word_1_499' title='bbox 634 4872 937 4942; x_wconf 90' lang='lat' dir='ltr'><strong>charitate,</strong></span> <span class='ocrx_word' id='word_1_500' title='bbox 983 4884 1037 4931; x_wconf 92' lang='lat' dir='ltr'><strong>et</strong></span> <span class='ocrx_word' id='word_1_501' title='bbox 1081 4876 1274 4947; x_wconf 92' lang='lat' dir='ltr'><strong>spiritu</strong></span> <span class='ocrx_word' id='word_1_502' title='bbox 1319 4877 1760 4935; x_wconf 90' lang='lat' dir='ltr'><strong>mansuetudinis</strong></span> <span class='ocrx_word' id='word_1_503' title='bbox 1786 4878 1813 4934; x_wconf 71' lang='lat' dir='ltr'><strong>‘I</strong></span> <span class='ocrx_word' id='word_1_504' title='bbox 1848 4902 1874 4928; x_wconf 71' lang='grc' dir='ltr'><strong>ν</strong></span> <span class='ocrx_word' id='word_1_505' title='bbox 1929 4881 2032 4938; x_wconf 87' lang='lat' dir='ltr'><strong>Per</strong></span> 
     </span>
    </p>
   </div>
   <div class='ocr_carea' id='block_1_68' title="bbox 427 4961 2026 5041">
    <p class='ocr_par' dir='ltr' id='par_1_68' title="bbox 427 4961 2026 5041">
     <span class='ocr_line' id='line_1_69' title="bbox 427 4961 2026 5041; baseline 0.006 -25"><span class='ocrx_word' id='word_1_506' title='bbox 427 4961 644 5034; x_wconf 83' lang='lat' dir='ltr'><strong>virgam</strong></span> <span class='ocrx_word' id='word_1_507' title='bbox 677 4963 1013 5035; x_wconf 88' lang='lat' dir='ltr'><strong>supplicium</strong></span> <span class='ocrx_word' id='word_1_508' title='bbox 1053 4973 1107 5020; x_wconf 91' lang='lat' dir='ltr'><strong>et</strong></span> <span class='ocrx_word' id='word_1_509' title='bbox 1135 4981 1358 5037; x_wconf 88' lang='lat' dir='ltr'><strong>poenam</strong></span> <span class='ocrx_word' id='word_1_510' title='bbox 1399 4967 1674 5039; x_wconf 88' lang='lat' dir='ltr'><strong>intelligit.</strong></span> <span class='ocrx_word' id='word_1_511' title='bbox 1704 4969 1798 5024; x_wconf 80' lang='lat' dir='ltr'><strong>Ait</strong></span> <span class='ocrx_word' id='word_1_512' title='bbox 1824 4969 2026 5041; x_wconf 91' lang='lat' dir='ltr'><strong>itaque,</strong></span> 
     </span>
    </p>
   </div>
   <div class='ocr_carea' id='block_1_69' title="bbox 425 5053 2023 5126">
    <p class='ocr_par' dir='ltr' id='par_1_69' title="bbox 425 5053 2023 5126">
     <span class='ocr_line' id='line_1_70' title="bbox 425 5053 2023 5126; baseline 0.004 -18"><span class='ocrx_word' id='word_1_513' title='bbox 425 5053 600 5108; x_wconf 85' lang='lat' dir='ltr'><strong>Penes</strong></span> <span class='ocrx_word' id='word_1_514' title='bbox 629 5068 725 5110; x_wconf 89' lang='lat' dir='ltr'><strong>vos</strong></span> <span class='ocrx_word' id='word_1_515' title='bbox 776 5061 879 5121; x_wconf 89' lang='lat' dir='ltr'><strong>est,</strong></span> <span class='ocrx_word' id='word_1_516' title='bbox 925 5063 986 5110; x_wconf 94' lang='lat' dir='ltr'><strong>ut</strong></span> <span class='ocrx_word' id='word_1_517' title='bbox 1027 5071 1127 5126; x_wconf 90' lang='lat' dir='ltr'><strong>ego</strong></span> <span class='ocrx_word' id='word_1_518' title='bbox 1172 5056 1277 5112; x_wconf 92' lang='lat' dir='ltr'><strong>hoc</strong></span> <span class='ocrx_word' id='word_1_519' title='bbox 1320 5057 1400 5111; x_wconf 91' lang='lat' dir='ltr'><strong>vel</strong></span> <span class='ocrx_word' id='word_1_520' title='bbox 1447 5057 1540 5112; x_wconf 92' lang='lat' dir='ltr'><strong>illo</strong></span> <span class='ocrx_word' id='word_1_521' title='bbox 1569 5057 1740 5114; x_wconf 91' lang='lat' dir='ltr'><strong>modo</strong></span> <span class='ocrx_word' id='word_1_522' title='bbox 1787 5059 2023 5115; x_wconf 90' lang='lat' dir='ltr'><strong>veniam.</strong></span> 
     </span>
    </p>
   </div>
   <div class='ocr_carea' id='block_1_70' title="bbox 424 5142 2024 5219">
    <p class='ocr_par' dir='ltr' id='par_1_70' title="bbox 424 5142 2024 5219">
     <span class='ocr_line' id='line_1_71' title="bbox 424 5142 2024 5219; baseline 0.004 -21"><span class='ocrx_word' id='word_1_523' title='bbox 424 5144 566 5198; x_wconf 85' lang='lat' dir='ltr'><strong>Nam</strong></span> <span class='ocrx_word' id='word_1_524' title='bbox 595 5143 639 5198; x_wconf 92' lang='lat' dir='ltr'><strong>si</strong></span> <span class='ocrx_word' id='word_1_525' title='bbox 673 5142 889 5200; x_wconf 89' lang='lat' dir='ltr'><strong>desides</strong></span> <span class='ocrx_word' id='word_1_526' title='bbox 925 5142 1143 5201; x_wconf 89' lang='lat' dir='ltr'><strong>fueritis</strong></span> <span class='ocrx_word' id='word_1_527' title='bbox 1192 5145 1536 5217; x_wconf 90' lang='lat' dir='ltr'><strong>deprehensi,</strong></span> <span class='ocrx_word' id='word_1_528' title='bbox 1571 5148 1782 5203; x_wconf 84' lang='lat' dir='ltr'><strong>veniam</strong></span> <span class='ocrx_word' id='word_1_529' title='bbox 1809 5149 1876 5205; x_wconf 91' lang='lat' dir='ltr'><strong>ad</strong></span> <span class='ocrx_word' id='word_1_530' title='bbox 1906 5165 2024 5219; x_wconf 86' lang='lat' dir='ltr'><strong>vos,</strong></span> 
     </span>
    </p>
   </div>
   <div class='ocr_carea' id='block_1_71' title="bbox 423 5233 2022 5309">
    <p class='ocr_par' dir='ltr' id='par_1_71' title="bbox 423 5233 2022 5309">
     <span class='ocr_line' id='line_1_72' title="bbox 423 5233 2022 5309; baseline 0.006 -23"><span class='ocrx_word' id='word_1_531' title='bbox 423 5239 478 5286; x_wconf 91' lang='lat' dir='ltr'><strong>et</strong></span> <span class='ocrx_word' id='word_1_532' title='bbox 503 5246 660 5303; x_wconf 68' lang='lat' dir='ltr'><strong>aeque</strong></span> <span class='ocrx_word' id='word_1_533' title='bbox 689 5233 912 5303; x_wconf 91' lang='lat' dir='ltr'><strong>puniam</strong></span> <span class='ocrx_word' id='word_1_534' title='bbox 949 5243 1114 5306; x_wconf 91' lang='lat' dir='ltr'><strong>atque</strong></span> <span class='ocrx_word' id='word_1_535' title='bbox 1146 5235 1422 5308; x_wconf 87' lang='lat' dir='ltr'><strong>Elymam.</strong></span> <span class='ocrx_word' id='word_1_536' title='bbox 1456 5238 1548 5292; x_wconf 92' lang='lat' dir='ltr'><strong>Sin</strong></span> <span class='ocrx_word' id='word_1_537' title='bbox 1589 5237 1757 5293; x_wconf 85' lang='lat' dir='ltr'><strong>sobrii</strong></span> <span class='ocrx_word' id='word_1_538' title='bbox 1788 5237 2022 5309; x_wconf 90' lang='lat' dir='ltr'><strong>fueritis,</strong></span> 
     </span>
    </p>
   </div>
   <div class='ocr_carea' id='block_1_72' title="bbox 425 5321 2025 5399">
    <p class='ocr_par' dir='ltr' id='par_1_72' title="bbox 425 5321 2025 5399">
     <span class='ocr_line' id='line_1_73' title="bbox 425 5321 2025 5399; baseline 0.008 -26"><span class='ocrx_word' id='word_1_539' title='bbox 425 5321 859 5380; x_wconf 89' lang='lat' dir='ltr'><strong>mansuetudinis</strong></span> <span class='ocrx_word' id='word_1_540' title='bbox 885 5323 1080 5395; x_wconf 90' lang='lat' dir='ltr'><strong>spiritu</strong></span> <span class='ocrx_word' id='word_1_541' title='bbox 1137 5334 1283 5380; x_wconf 89' lang='lat' dir='ltr'><strong>utar.</strong></span> <span class='ocrx_word' id='word_1_542' title='bbox 1337 5329 1436 5382; x_wconf 84' lang='lat' dir='ltr'><strong>Est</strong></span> <span class='ocrx_word' id='word_1_543' title='bbox 1483 5327 1688 5382; x_wconf 89' lang='lat' dir='ltr'><strong>etenim</strong></span> <span class='ocrx_word' id='word_1_544' title='bbox 1720 5337 1774 5384; x_wconf 93' lang='lat' dir='ltr'><strong>et</strong></span> <span class='ocrx_word' id='word_1_545' title='bbox 1797 5329 2025 5399; x_wconf 89' lang='lat' dir='ltr'><strong>spiritus</strong></span> 
     </span>
    </p>
   </div>
   <div class='ocr_carea' id='block_1_73' title="bbox 425 5410 2019 5486">
    <p class='ocr_par' dir='ltr' id='par_1_73' title="bbox 425 5410 2019 5486">
     <span class='ocr_line' id='line_1_74' title="bbox 425 5410 2019 5486; baseline 0.008 -24"><span class='ocrx_word' id='word_1_546' title='bbox 425 5410 758 5470; x_wconf 84' lang='lat' dir='ltr'><strong>austeritatis</strong></span> <span class='ocrx_word' id='word_1_547' title='bbox 780 5421 836 5470; x_wconf 90' lang='lat' dir='ltr'><strong>et</strong></span> <span class='ocrx_word' id='word_1_548' title='bbox 853 5413 1125 5486; x_wconf 87' lang='lat' dir='ltr'><strong>supplicii,</strong></span> <span class='ocrx_word' id='word_1_549' title='bbox 1147 5431 1339 5470; x_wconf 83' lang='lat' dir='ltr'><strong>verum</strong></span> <span class='ocrx_word' id='word_1_550' title='bbox 1370 5433 1399 5470; x_wconf 91' lang='lat' dir='ltr'><strong>a</strong></span> <span class='ocrx_word' id='word_1_551' title='bbox 1432 5417 1811 5474; x_wconf 89' lang='lat' dir='ltr'><strong>commodiore</strong></span> <span class='ocrx_word' id='word_1_552' title='bbox 1833 5417 2019 5476; x_wconf 87' lang='lat' dir='ltr'><strong>ofﬁcio</strong></span> 
     </span>
    </p>
   </div>
   <div class='ocr_carea' id='block_1_74' title="bbox 2071 3261 2946 3352">
    <p class='ocr_par' dir='ltr' id='par_1_74' title="bbox 2071 3261 2946 3352">
     <span class='ocr_line' id='line_1_75' title="bbox 2071 3261 2946 3352; baseline -0.001 -34"><span class='ocrx_word' id='word_1_553' title='bbox 2071 3262 2247 3352; x_wconf 66' lang='grc' dir='ltr'>ρτοῖς</span> <span class='ocrx_word' id='word_1_554' title='bbox 2298 3261 2546 3328; x_wconf 82' lang='grc' dir='ltr'>τοιούτοις</span> <span class='ocrx_word' id='word_1_555' title='bbox 2604 3261 2946 3341; x_wconf 84' lang='grc' dir='ltr'>ἐπαιρόμενοι</span> 
     </span>
    </p>
   </div>
   <div class='ocr_carea' id='block_1_75' title="bbox 2152 1997 3756 2086">
    <p class='ocr_par' dir='ltr' id='par_1_75' title="bbox 2152 1997 3756 2086">
     <span class='ocr_line' id='line_1_76' title="bbox 2152 1997 3756 2086; baseline -0.002 -22"><span class='ocrx_word' id='word_1_556' title='bbox 2152 2006 2408 2066; x_wconf 87' lang='grc' dir='ltr'>διδάσκω.</span> <span class='ocrx_word' id='word_1_557' title='bbox 2443 2007 2614 2065; x_wconf 78' lang='grc' dir='ltr'>Οὐδὲν</span> <span class='ocrx_word' id='word_1_558' title='bbox 2649 2007 2752 2086; x_wconf 84' lang='grc' dir='ltr'><strong>γὰρ</strong></span> <span class='ocrx_word' id='word_1_559' title='bbox 2781 2005 2960 2064; x_wconf 83' lang='grc' dir='ltr'>καινὸν</span> <span class='ocrx_word' id='word_1_560' title='bbox 3003 1997 3148 2064; x_wconf 72' lang='grc' dir='ltr'>εἷπον</span> <span class='ocrx_word' id='word_1_561' title='bbox 3179 2009 3340 2080; x_wconf 79' lang='grc' dir='ltr'>ὑμῖν,</span> <span class='ocrx_word' id='word_1_562' title='bbox 3381 2003 3520 2063; x_wconf 82' lang='grc' dir='ltr'>ἀλλὰ</span> <span class='ocrx_word' id='word_1_563' title='bbox 3561 2003 3756 2068; x_wconf 86' lang='grc' dir='ltr'>πάντες</span> 
     </span>
    </p>
   </div>
   <div class='ocr_carea' id='block_1_76' title="bbox 2151 2090 3753 2174">
    <p class='ocr_par' dir='ltr' id='par_1_76' title="bbox 2151 2090 3753 2174">
     <span class='ocr_line' id='line_1_77' title="bbox 2151 2090 3753 2174; baseline -0.002 -22"><span class='ocrx_word' id='word_1_564' title='bbox 2151 2095 2318 2154; x_wconf 90' lang='grc' dir='ltr'>ταῦτά</span> <span class='ocrx_word' id='word_1_565' title='bbox 2351 2119 2441 2172; x_wconf 91' lang='grc' dir='ltr'><strong>μοι</strong></span> <span class='ocrx_word' id='word_1_566' title='bbox 2477 2095 2771 2155; x_wconf 87' lang='grc' dir='ltr'>συνίσασιν.</span> <span class='ocrx_word' id='word_1_567' title='bbox 2809 2093 2979 2154; x_wconf 74' lang='grc' dir='ltr'>’Ώστε</span> <span class='ocrx_word' id='word_1_568' title='bbox 3025 2095 3346 2174; x_wconf 79' lang='grc' dir='ltr'>αἰσχύνθητε</span> <span class='ocrx_word' id='word_1_569' title='bbox 3387 2097 3566 2169; x_wconf 78' lang='grc' dir='ltr'>ὑμεῖς,</span> <span class='ocrx_word' id='word_1_570' title='bbox 3603 2090 3753 2170; x_wconf 79' lang='grc' dir='ltr'>παρὰ</span> 
     </span>
    </p>
   </div>
   <div class='ocr_carea' id='block_1_77' title="bbox 2150 2183 3755 2262">
    <p class='ocr_par' dir='ltr' id='par_1_77' title="bbox 2150 2183 3755 2262">
     <span class='ocr_line' id='line_1_78' title="bbox 2150 2183 3755 2262; baseline -0.002 -19"><span class='ocrx_word' id='word_1_571' title='bbox 2150 2183 2242 2251; x_wconf 84' lang='grc' dir='ltr'><strong>τὰς</strong></span> <span class='ocrx_word' id='word_1_572' title='bbox 2269 2183 2456 2253; x_wconf 78' lang='grc' dir='ltr'>λοιπὰς</span> <span class='ocrx_word' id='word_1_573' title='bbox 2482 2184 2808 2259; x_wconf 85' lang='grc' dir='ltr'>Ἐκκλησίας</span> <span class='ocrx_word' id='word_1_574' title='bbox 2837 2189 2942 2244; x_wconf 86' lang='grc' dir='ltr'><strong>τῶν</strong></span> <span class='ocrx_word' id='word_1_575' title='bbox 2969 2187 3121 2262; x_wconf 81' lang='grc' dir='ltr'>ἡμῶν</span> <span class='ocrx_word' id='word_1_576' title='bbox 3172 2187 3190 2262; x_wconf 91' lang='grc'>[</span> <span class='ocrx_word' id='word_1_577' title='bbox 3299 2185 3418 2262; x_wconf 83' lang='grc' dir='ltr'>ἐμ.]</span> <span class='ocrx_word' id='word_1_578' title='bbox 3451 2184 3585 2242; x_wconf 84' lang='grc' dir='ltr'>ὁδῶν</span> <span class='ocrx_word' id='word_1_579' title='bbox 3615 2183 3755 2239; x_wconf 82' lang='grc' dir='ltr'>ἀπο-</span> 
     </span>
    </p>
   </div>
   <div class='ocr_carea' id='block_1_78' title="bbox 2151 2273 2461 2354">
    <p class='ocr_par' dir='ltr' id='par_1_78' title="bbox 2151 2273 2461 2354">
     <span class='ocr_line' id='line_1_79' title="bbox 2151 2273 2461 2354; baseline 0.006 -22"><span class='ocrx_word' id='word_1_580' title='bbox 2151 2273 2461 2354; x_wconf 81' lang='grc' dir='ltr'>σφαλέντες.</span> 
     </span>
    </p>
   </div>
   <div class='ocr_carea' id='block_1_79' title="bbox 2233 2449 3752 2533">
    <p class='ocr_par' dir='ltr' id='par_1_79' title="bbox 2233 2449 3752 2533">
     <span class='ocr_line' id='line_1_80' title="bbox 2233 2449 3752 2533; baseline -0.001 -22"><span class='ocrx_word' id='word_1_581' title='bbox 2233 2476 2261 2511; x_wconf 79' lang='grc' dir='ltr'>ιι</span> <span class='ocrx_word' id='word_1_582' title='bbox 2299 2452 2400 2520; x_wconf 59' lang='grc' dir='ltr'><strong>(Ως</strong></span> <span class='ocrx_word' id='word_1_583' title='bbox 2432 2454 2506 2529; x_wconf 89' lang='grc' dir='ltr'>μή</span> <span class='ocrx_word' id='word_1_584' title='bbox 2538 2453 2830 2533; x_wconf 76' lang='grc' dir='ltr'>ἐρχομένου</span> <span class='ocrx_word' id='word_1_585' title='bbox 2878 2452 2935 2512; x_wconf 85' lang='grc' dir='ltr'><strong>δέ</strong></span> <span class='ocrx_word' id='word_1_586' title='bbox 2983 2475 3083 2528; x_wconf 91' lang='grc' dir='ltr'><strong>μου</strong></span> <span class='ocrx_word' id='word_1_587' title='bbox 3125 2452 3256 2533; x_wconf 82' lang='grc' dir='ltr'>πρὸς</span> <span class='ocrx_word' id='word_1_588' title='bbox 3301 2455 3474 2524; x_wconf 80' lang='grc' dir='ltr'>ὑμᾶς,</span> <span class='ocrx_word' id='word_1_589' title='bbox 3522 2449 3752 2529; x_wconf 65' lang='grc' dir='ltr'>ἐφυσιώ-</span> 
     </span>
    </p>
   </div>
   <div class='ocr_carea' id='block_1_80' title="bbox 2147 2533 3753 2620">
    <p class='ocr_par' dir='ltr' id='par_1_80' title="bbox 2147 2533 3753 2620">
     <span class='ocr_line' id='line_1_81' title="bbox 2147 2533 3753 2620; baseline -0.001 -18"><span class='ocrx_word' id='word_1_590' title='bbox 2147 2542 2317 2614; x_wconf 84' lang='grc' dir='ltr'>θησάν</span> <span class='ocrx_word' id='word_1_591' title='bbox 2359 2568 2518 2610; x_wconf 89' lang='grc' dir='ltr'>τινες.</span> <span class='ocrx_word' id='word_1_592' title='bbox 2565 2568 2594 2603; x_wconf 74' lang='grc' dir='ltr'>ι)</span> <span class='ocrx_word' id='word_1_593' title='bbox 2632 2542 2854 2614; x_wconf 83' lang='grc' dir='ltr'>Ἐπειδὴ</span> <span class='ocrx_word' id='word_1_594' title='bbox 2907 2533 3080 2615; x_wconf 80' lang='grc' dir='ltr'>εἶπεν,</span> <span class='ocrx_word' id='word_1_595' title='bbox 3126 2541 3210 2602; x_wconf 81' lang='grc' dir='ltr'><strong>ὅτι</strong></span> <span class='ocrx_word' id='word_1_596' title='bbox 3260 2566 3290 2597; x_wconf 80' lang='grc' dir='ltr'><strong>α</strong></span> <span class='ocrx_word' id='word_1_597' title='bbox 3333 2540 3604 2620; x_wconf 71' lang='grc' dir='ltr'>Ἔπεμψα</span> <span class='ocrx_word' id='word_1_598' title='bbox 3652 2545 3753 2602; x_wconf 82' lang='grc' dir='ltr'><strong>Τι·</strong></span> 
     </span>
    </p>
   </div>
   <div class='ocr_carea' id='block_1_81' title="bbox 2150 2629 3752 2714">
    <p class='ocr_par' dir='ltr' id='par_1_81' title="bbox 2150 2629 3752 2714">
     <span class='ocr_line' id='line_1_82' title="bbox 2150 2629 3752 2714; baseline -0.002 -22"><span class='ocrx_word' id='word_1_599' title='bbox 2150 2633 2335 2708; x_wconf 90' lang='grc' dir='ltr'>μόθεον</span> <span class='ocrx_word' id='word_1_600' title='bbox 2364 2657 2377 2670; x_wconf 78' lang='grc' dir='ltr'><strong>ο</strong></span> <span class='ocrx_word' id='word_1_601' title='bbox 2415 2661 2438 2686; x_wconf 74' lang='grc' dir='ltr'><strong>ι</strong></span> <span class='ocrx_word' id='word_1_602' title='bbox 2468 2631 2557 2691; x_wconf 85' lang='grc' dir='ltr'><strong>ἵνα</strong></span> <span class='ocrx_word' id='word_1_603' title='bbox 2603 2632 2677 2711; x_wconf 85' lang='grc' dir='ltr'><strong>μὴ</strong></span> <span class='ocrx_word' id='word_1_604' title='bbox 2731 2633 3079 2714; x_wconf 76' lang='grc' dir='ltr'>ῥᾳθυμότεροι</span> <span class='ocrx_word' id='word_1_605' title='bbox 3111 2633 3408 2710; x_wconf 88' lang='grc' dir='ltr'>γένωνται,</span> <span class='ocrx_word' id='word_1_606' title='bbox 3449 2631 3605 2712; x_wconf 81' lang='grc' dir='ltr'>φησὶν</span> <span class='ocrx_word' id='word_1_607' title='bbox 3625 2674 3641 2702; x_wconf 89' lang='grc'><strong>,</strong></span> <span class='ocrx_word' id='word_1_608' title='bbox 3673 2629 3752 2688; x_wconf 82' lang='grc' dir='ltr'><strong>ὅτι</strong></span> 
     </span>
    </p>
   </div>
   <div class='ocr_carea' id='block_1_82' title="bbox 2153 2720 3751 2803">
    <p class='ocr_par' dir='ltr' id='par_1_82' title="bbox 2153 2720 3751 2803">
     <span class='ocr_line' id='line_1_83' title="bbox 2153 2720 3751 2803; baseline -0.003 -22"><span class='ocrx_word' id='word_1_609' title='bbox 2153 2724 2214 2781; x_wconf 75' lang='grc' dir='ltr'><strong>ΙΞῖ</strong></span> <span class='ocrx_word' id='word_1_610' title='bbox 2247 2722 2338 2780; x_wconf 80' lang='grc' dir='ltr'><strong>καὶ</strong></span> <span class='ocrx_word' id='word_1_611' title='bbox 2365 2727 2456 2780; x_wconf 93' lang='grc' dir='ltr'><strong>νῦν</strong></span> <span class='ocrx_word' id='word_1_612' title='bbox 2489 2725 2585 2782; x_wconf 79' lang='grc' dir='ltr'>οὐκ</span> <span class='ocrx_word' id='word_1_613' title='bbox 2633 2723 2860 2803; x_wconf 81' lang='grc' dir='ltr'>ἔρχομαι</span> <span class='ocrx_word' id='word_1_614' title='bbox 2891 2723 2966 2796; x_wconf 77' lang='lat'><strong>9&#39;,</strong></span> <span class='ocrx_word' id='word_1_615' title='bbox 3001 2721 3092 2780; x_wconf 83' lang='grc' dir='ltr'><strong>καὶ</strong></span> <span class='ocrx_word' id='word_1_616' title='bbox 3136 2722 3223 2780; x_wconf 85' lang='grc' dir='ltr'><strong>διὰ</strong></span> <span class='ocrx_word' id='word_1_617' title='bbox 3261 2727 3418 2780; x_wconf 89' lang='grc' dir='ltr'>τοῦτο</span> <span class='ocrx_word' id='word_1_618' title='bbox 3456 2726 3489 2790; x_wconf 86' lang='grc' dir='ltr'>ἡ</span> <span class='ocrx_word' id='word_1_619' title='bbox 3522 2720 3751 2779; x_wconf 78' lang='grc' dir='ltr'>ἀπουσία</span> 
     </span>
    </p>
   </div>
   <div class='ocr_carea' id='block_1_83' title="bbox 2148 2805 3752 2893">
    <p class='ocr_par' dir='ltr' id='par_1_83' title="bbox 2148 2805 3752 2893">
     <span class='ocr_line' id='line_1_84' title="bbox 2148 2805 3752 2893; baseline -0.004 -21"><span class='ocrx_word' id='word_1_620' title='bbox 2148 2836 2249 2888; x_wconf 88' lang='grc' dir='ltr'><strong>μου</strong></span> <span class='ocrx_word' id='word_1_621' title='bbox 2275 2812 2538 2893; x_wconf 77' lang='grc' dir='ltr'>ἐφυσίωσέ</span> <span class='ocrx_word' id='word_1_622' title='bbox 2563 2836 2708 2880; x_wconf 87' lang='grc' dir='ltr'>τινας</span> <span class='ocrx_word' id='word_1_623' title='bbox 2749 2813 2826 2889; x_wconf 82' lang='grc'><strong>⁹²,</strong></span> <span class='ocrx_word' id='word_1_624' title='bbox 2864 2813 2983 2870; x_wconf 88' lang='grc' dir='ltr'>ἀλλ’</span> <span class='ocrx_word' id='word_1_625' title='bbox 3013 2805 3102 2870; x_wconf 69' lang='grc' dir='ltr'><strong>οὖν</strong></span> <span class='ocrx_word' id='word_1_626' title='bbox 3133 2811 3443 2888; x_wconf 82' lang='grc' dir='ltr'>ἐλεύσομαι.</span> <span class='ocrx_word' id='word_1_627' title='bbox 3499 2811 3752 2870; x_wconf 84' lang='grc' dir='ltr'>Δείκνυσι</span> 
     </span>
    </p>
   </div>
   <div class='ocr_carea' id='block_1_84' title="bbox 2147 2898 3746 2978">
    <p class='ocr_par' dir='ltr' id='par_1_84' title="bbox 2147 2898 3746 2978">
     <span class='ocr_line' id='line_1_85' title="bbox 2147 2898 3746 2978; baseline -0.001 -20"><span class='ocrx_word' id='word_1_628' title='bbox 2147 2900 2200 2959; x_wconf 82' lang='grc' dir='ltr'>δὲ</span> <span class='ocrx_word' id='word_1_629' title='bbox 2257 2905 2428 2961; x_wconf 83' lang='grc' dir='ltr'>αὐτῶν</span> <span class='ocrx_word' id='word_1_630' title='bbox 2482 2901 2736 2974; x_wconf 75' lang='grc' dir='ltr'>παιδικὴν</span> <span class='ocrx_word' id='word_1_631' title='bbox 2789 2903 2886 2974; x_wconf 83' lang='grc' dir='ltr'><strong>τὴν</strong></span> <span class='ocrx_word' id='word_1_632' title='bbox 2939 2901 3199 2961; x_wconf 85' lang='grc' dir='ltr'>διάνοιαν.</span> <span class='ocrx_word' id='word_1_633' title='bbox 3250 2902 3469 2959; x_wconf 84' lang='grc' dir='ltr'>Παίδων</span> <span class='ocrx_word' id='word_1_634' title='bbox 3505 2898 3608 2978; x_wconf 86' lang='grc' dir='ltr'><strong>γὰρ</strong></span> <span class='ocrx_word' id='word_1_635' title='bbox 3654 2903 3746 2971; x_wconf 88' lang='grc' dir='ltr'>τὸ,</span> 
     </span>
    </p>
   </div>
   <div class='ocr_carea' id='block_1_85' title="bbox 2146 2981 3742 3066">
    <p class='ocr_par' dir='ltr' id='par_1_85' title="bbox 2146 2981 3742 3066">
     <span class='ocr_line' id='line_1_86' title="bbox 2146 2981 3742 3066; baseline -0.002 -18"><span class='ocrx_word' id='word_1_636' title='bbox 2146 2992 2368 3059; x_wconf 81' lang='grc' dir='ltr'>ἀπόντος</span> <span class='ocrx_word' id='word_1_637' title='bbox 2415 2997 2507 3050; x_wconf 91' lang='grc' dir='ltr'><strong>τοῦ</strong></span> <span class='ocrx_word' id='word_1_638' title='bbox 2559 2992 2921 3066; x_wconf 79' lang='grc' dir='ltr'>διδασκάλου,</span> <span class='ocrx_word' id='word_1_639' title='bbox 2971 2993 3245 3053; x_wconf 87' lang='grc' dir='ltr'>ἀτακτεῖν,</span> <span class='ocrx_word' id='word_1_640' title='bbox 3283 2990 3435 3056; x_wconf 89' lang='grc' dir='ltr'>Τίνες</span> <span class='ocrx_word' id='word_1_641' title='bbox 3489 2991 3544 3048; x_wconf 80' lang='grc' dir='ltr'>δὲ</span> <span class='ocrx_word' id='word_1_642' title='bbox 3603 2981 3742 3059; x_wconf 78' lang='grc' dir='ltr'>ἦσαν</span> 
     </span>
    </p>
   </div>
   <div class='ocr_carea' id='block_1_86' title="bbox 2145 3078 3748 3162">
    <p class='ocr_par' dir='ltr' id='par_1_86' title="bbox 2145 3078 3748 3162">
     <span class='ocr_line' id='line_1_87' title="bbox 2145 3078 3748 3162; baseline -0.002 -24"><span class='ocrx_word' id='word_1_643' title='bbox 2145 3083 2193 3138; x_wconf 88' lang='grc' dir='ltr'>οἱ</span> <span class='ocrx_word' id='word_1_644' title='bbox 2229 3082 2603 3160; x_wconf 80' lang='grc' dir='ltr'>φυσιούμενοι;</span> <span class='ocrx_word' id='word_1_645' title='bbox 2651 3085 2722 3142; x_wconf 84' lang='grc' dir='ltr'><strong>Οἱ</strong></span> <span class='ocrx_word' id='word_1_646' title='bbox 2773 3082 2892 3162; x_wconf 77' lang='grc' dir='ltr'>περὶ</span> <span class='ocrx_word' id='word_1_647' title='bbox 2932 3081 3020 3140; x_wconf 82' lang='grc' dir='ltr'><strong>τὸν</strong></span> <span class='ocrx_word' id='word_1_648' title='bbox 3075 3103 3513 3159; x_wconf 88' lang='grc' dir='ltr'>πεπορνευκοτα,</span> <span class='ocrx_word' id='word_1_649' title='bbox 3551 3078 3605 3146; x_wconf 84' lang='grc' dir='ltr'><strong>ὃς</strong></span> <span class='ocrx_word' id='word_1_650' title='bbox 3657 3079 3748 3136; x_wconf 82' lang='grc' dir='ltr'>καὶ</span> 
     </span>
    </p>
   </div>
   <div class='ocr_carea' id='block_1_87' title="bbox 2144 3163 3748 3250">
    <p class='ocr_par' dir='ltr' id='par_1_87' title="bbox 2144 3163 3748 3250">
     <span class='ocr_line' id='line_1_88' title="bbox 2144 3163 3748 3250; baseline -0.002 -22"><span class='ocrx_word' id='word_1_651' title='bbox 2144 3171 2298 3250; x_wconf 68' lang='grc' dir='ltr'>σοφὸς</span> <span class='ocrx_word' id='word_1_652' title='bbox 2351 3163 2415 3243; x_wconf 69' lang='grc' dir='ltr'><strong>ἦν</strong></span> <span class='ocrx_word' id='word_1_653' title='bbox 2466 3173 2558 3230; x_wconf 82' lang='grc' dir='ltr'>καὶ</span> <span class='ocrx_word' id='word_1_654' title='bbox 2597 3170 2845 3237; x_wconf 86' lang='grc' dir='ltr'>πλούσιος</span> <span class='ocrx_word' id='word_1_655' title='bbox 2876 3194 2889 3208; x_wconf 77' lang='grc'><strong><em>⁸</em></strong></span> <span class='ocrx_word' id='word_1_656' title='bbox 2935 3172 3026 3230; x_wconf 86' lang='grc' dir='ltr'>καὶ</span> <span class='ocrx_word' id='word_1_657' title='bbox 3073 3170 3255 3236; x_wconf 77' lang='grc' dir='ltr'>ἁπλῶς</span> <span class='ocrx_word' id='word_1_658' title='bbox 3304 3169 3497 3234; x_wconf 88' lang='grc' dir='ltr'>πάντες</span> <span class='ocrx_word' id='word_1_659' title='bbox 3557 3169 3605 3226; x_wconf 79' lang='grc' dir='ltr'>οἱ</span> <span class='ocrx_word' id='word_1_660' title='bbox 3659 3166 3748 3224; x_wconf 72' lang='grc' dir='ltr'><strong>ἐπὶ</strong></span> 
     </span>
    </p>
   </div>
   <div class='ocr_carea' id='block_1_88' title="bbox 3000 3255 3750 3336">
    <p class='ocr_par' dir='ltr' id='par_1_88' title="bbox 3000 3255 3750 3336">
     <span class='ocr_line' id='line_1_89' title="bbox 3000 3255 3750 3336; baseline -0.007 -18"><span class='ocrx_word' id='word_1_661' title='bbox 3000 3283 3013 3296; x_wconf 89' lang='grc'><strong>·</strong></span> <span class='ocrx_word' id='word_1_662' title='bbox 3064 3258 3112 3318; x_wconf 80' lang='grc' dir='ltr'>οἳ</span> <span class='ocrx_word' id='word_1_663' title='bbox 3160 3259 3290 3332; x_wconf 74' lang='grc' dir='ltr'>καὶ,</span> <span class='ocrx_word' id='word_1_664' title='bbox 3353 3263 3423 3326; x_wconf 86' lang='grc' dir='ltr'>ὡς</span> <span class='ocrx_word' id='word_1_665' title='bbox 3473 3255 3549 3336; x_wconf 77' lang='grc' dir='ltr'>μὴ</span> <span class='ocrx_word' id='word_1_666' title='bbox 3603 3256 3750 3323; x_wconf 83' lang='grc' dir='ltr'>ὄντος</span> 
     </span>
    </p>
   </div>
   <div class='ocr_carea' id='block_1_89' title="bbox 2145 3349 3331 3432">
    <p class='ocr_par' dir='ltr' id='par_1_89' title="bbox 2145 3349 3331 3432">
     <span class='ocr_line' id='line_1_90' title="bbox 2145 3349 3331 3432; baseline -0.001 -21"><span class='ocrx_word' id='word_1_667' title='bbox 2145 3351 2366 3411; x_wconf 84' lang='grc' dir='ltr'>Παύλου</span> <span class='ocrx_word' id='word_1_668' title='bbox 2397 3357 2486 3410; x_wconf 89' lang='grc' dir='ltr'><strong>τοῦ</strong></span> <span class='ocrx_word' id='word_1_669' title='bbox 2519 3349 2855 3432; x_wconf 82' lang='grc' dir='ltr'>ἐλέγχοντος,</span> <span class='ocrx_word' id='word_1_670' title='bbox 2890 3351 3030 3430; x_wconf 84' lang='grc' dir='ltr'>μέγα</span> <span class='ocrx_word' id='word_1_671' title='bbox 3063 3350 3331 3430; x_wconf 82' lang='grc' dir='ltr'>ἐφρόνουν.</span> 
     </span>
    </p>
   </div>
   <div class='ocr_carea' id='block_1_90' title="bbox 2229 3434 3749 3522">
    <p class='ocr_par' dir='ltr' id='par_1_90' title="bbox 2229 3434 3749 3522">
     <span class='ocr_line' id='line_1_91' title="bbox 2229 3434 3749 3522; baseline -0.006 -20"><span class='ocrx_word' id='word_1_672' title='bbox 2229 3467 2254 3494; x_wconf 74' lang='grc' dir='ltr'>ι</span> <span class='ocrx_word' id='word_1_673' title='bbox 2289 3441 2618 3519; x_wconf 66' lang='grc' dir='ltr'>Ἰἰλεύσομαι</span> <span class='ocrx_word' id='word_1_674' title='bbox 2654 3443 2707 3501; x_wconf 79' lang='grc' dir='ltr'>δὲ</span> <span class='ocrx_word' id='word_1_675' title='bbox 2751 3440 2958 3522; x_wconf 87' lang='grc' dir='ltr'>ταχέως</span> <span class='ocrx_word' id='word_1_676' title='bbox 2988 3439 3114 3522; x_wconf 82' lang='grc' dir='ltr'>πρὸς</span> <span class='ocrx_word' id='word_1_677' title='bbox 3146 3443 3308 3516; x_wconf 72' lang='grc' dir='ltr'>ὑμᾶς,</span> <span class='ocrx_word' id='word_1_678' title='bbox 3362 3437 3454 3498; x_wconf 73' lang='grc' dir='ltr'>ἐὰν</span> <span class='ocrx_word' id='word_1_679' title='bbox 3485 3441 3513 3497; x_wconf 85' lang='grc' dir='ltr'><strong>ὁ</strong></span> <span class='ocrx_word' id='word_1_680' title='bbox 3546 3434 3749 3516; x_wconf 89' lang='grc' dir='ltr'>Κύριος</span> 
     </span>
    </p>
   </div>
   <div class='ocr_carea' id='block_1_91' title="bbox 2141 3523 3748 3608">
    <p class='ocr_par' dir='ltr' id='par_1_91' title="bbox 2141 3523 3748 3608">
     <span class='ocr_line' id='line_1_92' title="bbox 2141 3523 3748 3608; baseline -0.004 -20"><span class='ocrx_word' id='word_1_681' title='bbox 2141 3531 2364 3607; x_wconf 79' lang='grc' dir='ltr'>θελήσῃ.</span> <span class='ocrx_word' id='word_1_682' title='bbox 2399 3556 2430 3587; x_wconf 63' lang='grc' dir='ltr'><strong>π</strong></span> <span class='ocrx_word' id='word_1_683' title='bbox 2469 3529 2934 3597; x_wconf 81' lang='grc' dir='ltr'>Καταστέλλοντός</span> <span class='ocrx_word' id='word_1_684' title='bbox 2972 3533 3083 3590; x_wconf 85' lang='grc' dir='ltr'>ἐστι</span> <span class='ocrx_word' id='word_1_685' title='bbox 3128 3529 3188 3588; x_wconf 83' lang='grc' dir='ltr'>τὸ</span> <span class='ocrx_word' id='word_1_686' title='bbox 3231 3532 3389 3608; x_wconf 77' lang='grc' dir='ltr'>ῥῆμα</span> <span class='ocrx_word' id='word_1_687' title='bbox 3433 3532 3621 3594; x_wconf 87' lang='grc' dir='ltr'>τοῦτο,</span> <span class='ocrx_word' id='word_1_688' title='bbox 3655 3523 3748 3583; x_wconf 75' lang='grc' dir='ltr'><strong>καὶ</strong></span> 
     </span>
    </p>
   </div>
   <div class='ocr_carea' id='block_1_92' title="bbox 2139 3613 3747 3700">
    <p class='ocr_par' dir='ltr' id='par_1_92' title="bbox 2139 3613 3747 3700">
     <span class='ocr_line' id='line_1_93' title="bbox 2139 3613 3747 3700; baseline 0 -23"><span class='ocrx_word' id='word_1_689' title='bbox 2139 3621 2319 3700; x_wconf 77' lang='grc' dir='ltr'>νήφειν</span> <span class='ocrx_word' id='word_1_690' title='bbox 2374 3621 2887 3698; x_wconf 82' lang='grc' dir='ltr'>παρασκευάζοντος.</span> <span class='ocrx_word' id='word_1_691' title='bbox 2951 3621 3142 3685; x_wconf 81' lang='grc' dir='ltr'>Καλῶς</span> <span class='ocrx_word' id='word_1_692' title='bbox 3193 3619 3248 3677; x_wconf 84' lang='grc' dir='ltr'>δὲ</span> <span class='ocrx_word' id='word_1_693' title='bbox 3296 3615 3598 3697; x_wconf 82' lang='grc' dir='ltr'>προσέθηκε</span> <span class='ocrx_word' id='word_1_694' title='bbox 3649 3613 3747 3692; x_wconf 78' lang='grc' dir='ltr'><strong>τὸ,</strong></span> 
     </span>
    </p>
   </div>
   <div class='ocr_carea' id='block_1_93' title="bbox 2144 3701 3743 3790">
    <p class='ocr_par' dir='ltr' id='par_1_93' title="bbox 2144 3701 3743 3790">
     <span class='ocr_line' id='line_1_94' title="bbox 2144 3701 3743 3790; baseline -0.006 -20"><span class='ocrx_word' id='word_1_695' title='bbox 2144 3737 2170 3762; x_wconf 80' lang='grc' dir='ltr'><strong>ιι</strong></span> <span class='ocrx_word' id='word_1_696' title='bbox 2211 3709 2340 3770; x_wconf 80' lang='grc' dir='ltr'>Ἐὰν</span> <span class='ocrx_word' id='word_1_697' title='bbox 2371 3713 2397 3769; x_wconf 87' lang='grc' dir='ltr'>ὃ</span> <span class='ocrx_word' id='word_1_698' title='bbox 2432 3712 2621 3790; x_wconf 76' lang='grc' dir='ltr'>Κύριος</span> <span class='ocrx_word' id='word_1_699' title='bbox 2652 3713 2910 3789; x_wconf 77' lang='grc' dir='ltr'>θελήσῃ.»</span> <span class='ocrx_word' id='word_1_700' title='bbox 2949 3708 3136 3768; x_wconf 86' lang='grc' dir='ltr'>[Ιάντα</span> <span class='ocrx_word' id='word_1_701' title='bbox 3165 3707 3268 3788; x_wconf 78' lang='grc' dir='ltr'><strong>γὰρ</strong></span> <span class='ocrx_word' id='word_1_702' title='bbox 3293 3710 3369 3788; x_wconf 83' lang='grc' dir='ltr'><strong>τῷ</strong></span> <span class='ocrx_word' id='word_1_703' title='bbox 3401 3705 3602 3766; x_wconf 74' lang='grc' dir='ltr'>ἐκείνου</span> <span class='ocrx_word' id='word_1_704' title='bbox 3623 3701 3743 3762; x_wconf 76' lang='grc' dir='ltr'>νεύο</span> 
     </span>
    </p>
   </div>
   <div class='ocr_carea' id='block_1_94' title="bbox 2144 3800 2626 3878">
    <p class='ocr_par' dir='ltr' id='par_1_94' title="bbox 2144 3800 2626 3878">
     <span class='ocr_line' id='line_1_95' title="bbox 2144 3800 2626 3878; baseline 0.004 -20"><span class='ocrx_word' id='word_1_705' title='bbox 2144 3823 2274 3876; x_wconf 92' lang='grc' dir='ltr'>ματι</span> <span class='ocrx_word' id='word_1_706' title='bbox 2304 3800 2354 3835; x_wconf 76' lang='grc'><strong>9³</strong></span> <span class='ocrx_word' id='word_1_707' title='bbox 2385 3801 2626 3878; x_wconf 81' lang='grc' dir='ltr'>ἄγονται.</span> 
     </span>
    </p>
   </div>
   <div class='ocr_carea' id='block_1_95' title="bbox 2227 3883 3737 3970">
    <p class='ocr_par' dir='ltr' id='par_1_95' title="bbox 2227 3883 3737 3970">
     <span class='ocr_line' id='line_1_96' title="bbox 2227 3883 3737 3970; baseline -0.001 -25"><span class='ocrx_word' id='word_1_708' title='bbox 2227 3911 2254 3945; x_wconf 79' lang='grc' dir='ltr'>ιι</span> <span class='ocrx_word' id='word_1_709' title='bbox 2297 3888 2404 3949; x_wconf 79' lang='grc' dir='ltr'><strong>Καὶ</strong></span> <span class='ocrx_word' id='word_1_710' title='bbox 2435 3889 2714 3970; x_wconf 85' lang='grc' dir='ltr'>γνώσομαι</span> <span class='ocrx_word' id='word_1_711' title='bbox 2757 3889 2817 3948; x_wconf 84' lang='grc' dir='ltr'>οὗ</span> <span class='ocrx_word' id='word_1_712' title='bbox 2848 3889 2936 3949; x_wconf 83' lang='grc' dir='ltr'><strong>τὸν</strong></span> <span class='ocrx_word' id='word_1_713' title='bbox 2963 3888 3118 3968; x_wconf 91' lang='grc' dir='ltr'>λόγον</span> <span class='ocrx_word' id='word_1_714' title='bbox 3152 3890 3256 3946; x_wconf 83' lang='grc' dir='ltr'><strong>τῶν</strong></span> <span class='ocrx_word' id='word_1_715' title='bbox 3289 3883 3737 3968; x_wconf 82' lang='grc' dir='ltr'>πεφυσιωμένων,</span> 
     </span>
    </p>
   </div>
   <div class='ocr_carea' id='block_1_96' title="bbox 2141 3975 3743 4061">
    <p class='ocr_par' dir='ltr' id='par_1_96' title="bbox 2141 3975 3743 4061">
     <span class='ocr_line' id='line_1_97' title="bbox 2141 3975 3743 4061; baseline -0.002 -25"><span class='ocrx_word' id='word_1_716' title='bbox 2141 3979 2279 4037; x_wconf 87' lang='grc' dir='ltr'>ἀλλὰ</span> <span class='ocrx_word' id='word_1_717' title='bbox 2311 3979 2406 4051; x_wconf 77' lang='grc' dir='ltr'><strong>τὴν</strong></span> <span class='ocrx_word' id='word_1_718' title='bbox 2452 3979 2699 4058; x_wconf 85' lang='grc' dir='ltr'>δύναμιν.</span> <span class='ocrx_word' id='word_1_719' title='bbox 2747 3984 2828 4044; x_wconf 82' lang='grc' dir='ltr'><strong>Οὐ</strong></span> <span class='ocrx_word' id='word_1_720' title='bbox 2858 3979 2964 4061; x_wconf 80' lang='grc' dir='ltr'><strong>γὰρ</strong></span> <span class='ocrx_word' id='word_1_721' title='bbox 2995 3983 3048 4038; x_wconf 82' lang='grc' dir='ltr'>ἐν</span> <span class='ocrx_word' id='word_1_722' title='bbox 3093 3978 3237 4058; x_wconf 87' lang='grc' dir='ltr'>λόγῳ</span> <span class='ocrx_word' id='word_1_723' title='bbox 3282 3981 3316 4048; x_wconf 84' lang='grc' dir='ltr'>ἡ</span> <span class='ocrx_word' id='word_1_724' title='bbox 3373 3975 3619 4054; x_wconf 89' lang='grc' dir='ltr'>βασιλεία</span> <span class='ocrx_word' id='word_1_725' title='bbox 3651 3980 3743 4033; x_wconf 89' lang='grc' dir='ltr'><strong>τοῦ</strong></span> 
     </span>
    </p>
   </div>
   <div class='ocr_carea' id='block_1_97' title="bbox 2141 4062 3745 4146">
    <p class='ocr_par' dir='ltr' id='par_1_97' title="bbox 2141 4062 3745 4146">
     <span class='ocr_line' id='line_1_98' title="bbox 2141 4062 3745 4146; baseline -0.005 -16"><span class='ocrx_word' id='word_1_726' title='bbox 2141 4073 2283 4130; x_wconf 86' lang='grc' dir='ltr'>Θεοῦ</span> <span class='ocrx_word' id='word_1_727' title='bbox 2308 4069 2382 4143; x_wconf 73' lang='grc'>9⁸⁸,</span> <span class='ocrx_word' id='word_1_728' title='bbox 2419 4070 2539 4128; x_wconf 89' lang='grc' dir='ltr'>ἀλλ’</span> <span class='ocrx_word' id='word_1_729' title='bbox 2587 4073 2640 4129; x_wconf 83' lang='grc' dir='ltr'>ἐν</span> <span class='ocrx_word' id='word_1_730' title='bbox 2682 4071 2926 4146; x_wconf 86' lang='grc' dir='ltr'>δυνάμει.</span> <span class='ocrx_word' id='word_1_731' title='bbox 2979 4096 3002 4123; x_wconf 73' lang='grc' dir='ltr'><strong>υ</strong></span> <span class='ocrx_word' id='word_1_732' title='bbox 3056 4067 3282 4139; x_wconf 80' lang='grc' dir='ltr'>Ἐπειδὴ</span> <span class='ocrx_word' id='word_1_733' title='bbox 3326 4068 3413 4125; x_wconf 81' lang='grc' dir='ltr'><strong>ἐπ’</strong></span> <span class='ocrx_word' id='word_1_734' title='bbox 3449 4062 3745 4144; x_wconf 76' lang='grc' dir='ltr'>εὖγλωττίᾳ</span> 
     </span>
    </p>
   </div>
   <div class='ocr_carea' id='block_1_98' title="bbox 2144 4151 3744 4238">
    <p class='ocr_par' dir='ltr' id='par_1_98' title="bbox 2144 4151 3744 4238">
     <span class='ocr_line' id='line_1_99' title="bbox 2144 4151 3744 4238; baseline -0.004 -22"><span class='ocrx_word' id='word_1_735' title='bbox 2144 4159 2472 4238; x_wconf 82' lang='grc' dir='ltr'>θαρῤοῦντες</span> <span class='ocrx_word' id='word_1_736' title='bbox 2515 4158 2566 4195; x_wconf 80' lang='grc'><strong>9⁵</strong></span> <span class='ocrx_word' id='word_1_737' title='bbox 2618 4159 2914 4227; x_wconf 80' lang='grc' dir='ltr'>ἐξουθένουν</span> <span class='ocrx_word' id='word_1_738' title='bbox 2965 4158 3052 4218; x_wconf 86' lang='grc' dir='ltr'><strong>τὸν</strong></span> <span class='ocrx_word' id='word_1_739' title='bbox 3107 4160 3326 4218; x_wconf 82' lang='grc' dir='ltr'>Παῦλον</span> <span class='ocrx_word' id='word_1_740' title='bbox 3373 4157 3444 4221; x_wconf 83' lang='grc' dir='ltr'><strong>ὡς</strong></span> <span class='ocrx_word' id='word_1_741' title='bbox 3492 4151 3744 4227; x_wconf 80' lang='grc' dir='ltr'>ἰδιώτην,</span> 
     </span>
    </p>
   </div>
   <div class='ocr_carea' id='block_1_99' title="bbox 2142 4243 3745 4329">
    <p class='ocr_par' dir='ltr' id='par_1_99' title="bbox 2142 4243 3745 4329">
     <span class='ocr_line' id='line_1_100' title="bbox 2142 4243 3745 4329; baseline -0.004 -23"><span class='ocrx_word' id='word_1_742' title='bbox 2142 4248 2333 4327; x_wconf 80' lang='grc' dir='ltr'>φησὶν,</span> <span class='ocrx_word' id='word_1_743' title='bbox 2366 4247 2447 4306; x_wconf 78' lang='grc' dir='ltr'><strong>ὅτι</strong></span> <span class='ocrx_word' id='word_1_744' title='bbox 2487 4245 2774 4329; x_wconf 79' lang='grc' dir='ltr'>Ὀψομαι,</span> <span class='ocrx_word' id='word_1_745' title='bbox 2805 4251 2865 4308; x_wconf 78' lang='grc' dir='ltr'>οὗ</span> <span class='ocrx_word' id='word_1_746' title='bbox 2896 4248 2991 4320; x_wconf 75' lang='grc' dir='ltr'><strong>τὴν</strong></span> <span class='ocrx_word' id='word_1_747' title='bbox 3038 4244 3362 4326; x_wconf 85' lang='grc' dir='ltr'>εὖγλωττίαν</span> <span class='ocrx_word' id='word_1_748' title='bbox 3394 4246 3544 4321; x_wconf 81' lang='grc' dir='ltr'>ὓμῶν</span> <span class='ocrx_word' id='word_1_749' title='bbox 3581 4265 3594 4279; x_wconf 89' lang='grc'><strong>·</strong></span> <span class='ocrx_word' id='word_1_750' title='bbox 3625 4243 3745 4301; x_wconf 80' lang='grc' dir='ltr'>οὐδὲ</span> 
     </span>
    </p>
   </div>
   <div class='ocr_carea' id='block_1_100' title="bbox 2139 4331 3740 4418">
    <p class='ocr_par' dir='ltr' id='par_1_100' title="bbox 2139 4331 3740 4418">
     <span class='ocr_line' id='line_1_101' title="bbox 2139 4331 3740 4418; baseline -0.002 -24"><span class='ocrx_word' id='word_1_751' title='bbox 2139 4335 2242 4416; x_wconf 87' lang='grc' dir='ltr'><strong>γὰρ</strong></span> <span class='ocrx_word' id='word_1_752' title='bbox 2270 4336 2466 4410; x_wconf 87' lang='grc' dir='ltr'>ταύτης</span> <span class='ocrx_word' id='word_1_753' title='bbox 2488 4340 2644 4418; x_wconf 84' lang='grc' dir='ltr'>χρεία</span> <span class='ocrx_word' id='word_1_754' title='bbox 2664 4362 2676 4376; x_wconf 87' lang='grc'>·</span> <span class='ocrx_word' id='word_1_755' title='bbox 2703 4339 2841 4398; x_wconf 87' lang='grc' dir='ltr'>ἀλλὰ</span> <span class='ocrx_word' id='word_1_756' title='bbox 2873 4337 3150 4414; x_wconf 85' lang='grc' dir='ltr'>δυνάμεως</span> <span class='ocrx_word' id='word_1_757' title='bbox 3177 4340 3270 4408; x_wconf 79' lang='grc' dir='ltr'><strong>τῆς</strong></span> <span class='ocrx_word' id='word_1_758' title='bbox 3301 4332 3353 4370; x_wconf 78' lang='grc'>⁹⁶</span> <span class='ocrx_word' id='word_1_759' title='bbox 3387 4336 3440 4392; x_wconf 82' lang='grc' dir='ltr'>ἐν</span> <span class='ocrx_word' id='word_1_760' title='bbox 3473 4331 3740 4408; x_wconf 90' lang='grc' dir='ltr'>σημείοις.</span> 
     </span>
    </p>
   </div>
   <div class='ocr_carea' id='block_1_101' title="bbox 2140 4421 3744 4508">
    <p class='ocr_par' dir='ltr' id='par_1_101' title="bbox 2140 4421 3744 4508">
     <span class='ocr_line' id='line_1_102' title="bbox 2140 4421 3744 4508; baseline -0.004 -23"><span class='ocrx_word' id='word_1_761' title='bbox 2140 4430 2222 4485; x_wconf 85' lang='grc' dir='ltr'><strong>Οὐ</strong></span> <span class='ocrx_word' id='word_1_762' title='bbox 2269 4427 2371 4506; x_wconf 83' lang='grc' dir='ltr'><strong>γὰρ</strong></span> <span class='ocrx_word' id='word_1_763' title='bbox 2411 4426 2496 4486; x_wconf 79' lang='grc' dir='ltr'><strong>διὰ</strong></span> <span class='ocrx_word' id='word_1_764' title='bbox 2537 4427 2694 4505; x_wconf 87' lang='grc' dir='ltr'>λόγου</span> <span class='ocrx_word' id='word_1_765' title='bbox 2742 4433 2949 4508; x_wconf 68' lang='grc' dir='ltr'>κομψοῦ</span> <span class='ocrx_word' id='word_1_766' title='bbox 2984 4425 3254 4507; x_wconf 81' lang='grc' dir='ltr'>ἐκηρύχθη</span> <span class='ocrx_word' id='word_1_767' title='bbox 3290 4429 3323 4495; x_wconf 86' lang='grc' dir='ltr'>ἡ</span> <span class='ocrx_word' id='word_1_768' title='bbox 3373 4421 3622 4502; x_wconf 83' lang='grc' dir='ltr'>βασιλεία</span> <span class='ocrx_word' id='word_1_769' title='bbox 3653 4425 3744 4478; x_wconf 87' lang='grc' dir='ltr'><strong>τοῦ</strong></span> 
     </span>
    </p>
   </div>
   <div class='ocr_carea' id='block_1_102' title="bbox 2138 4509 3739 4594">
    <p class='ocr_par' dir='ltr' id='par_1_102' title="bbox 2138 4509 3739 4594">
     <span class='ocr_line' id='line_1_103' title="bbox 2138 4509 3739 4594; baseline -0.006 -18"><span class='ocrx_word' id='word_1_770' title='bbox 2138 4519 2283 4576; x_wconf 77' lang='grc' dir='ltr'>θεοῦ</span> <span class='ocrx_word' id='word_1_771' title='bbox 2308 4517 2358 4555; x_wconf 81' lang='grc'><strong>⁰⁷</strong></span> <span class='ocrx_word' id='word_1_772' title='bbox 2385 4517 2475 4576; x_wconf 75' lang='grc' dir='ltr'>καὶ</span> <span class='ocrx_word' id='word_1_773' title='bbox 2503 4517 2798 4591; x_wconf 80' lang='grc' dir='ltr'>ἐϐεϐαιώθη</span> <span class='ocrx_word' id='word_1_774' title='bbox 2823 4563 2838 4591; x_wconf 92' lang='grc'><strong>,</strong></span> <span class='ocrx_word' id='word_1_775' title='bbox 2873 4518 3013 4577; x_wconf 80' lang='grc' dir='ltr'>ἀλλὰ</span> <span class='ocrx_word' id='word_1_776' title='bbox 3048 4519 3136 4575; x_wconf 82' lang='grc' dir='ltr'><strong>διὰ</strong></span> <span class='ocrx_word' id='word_1_777' title='bbox 3170 4513 3408 4594; x_wconf 85' lang='grc' dir='ltr'>σημείων</span> <span class='ocrx_word' id='word_1_778' title='bbox 3428 4560 3444 4591; x_wconf 91' lang='grc'><strong>,</strong></span> <span class='ocrx_word' id='word_1_779' title='bbox 3472 4516 3540 4593; x_wconf 82' lang='grc' dir='ltr'><strong>τῇ</strong></span> <span class='ocrx_word' id='word_1_780' title='bbox 3575 4509 3739 4568; x_wconf 82' lang='grc' dir='ltr'>δυνά-</span> 
     </span>
    </p>
   </div>
   <div class='ocr_carea' id='block_1_103' title="bbox 2059 4606 3050 4719">
    <p class='ocr_par' dir='ltr' id='par_1_103' title="bbox 2059 4606 3050 4719">
     <span class='ocr_line' id='line_1_104' title="bbox 2059 4606 3050 4719; baseline 0 -55"><span class='ocrx_word' id='word_1_781' title='bbox 2059 4656 2110 4719; x_wconf 81' lang='lat' dir='ltr'><strong>D</strong></span> <span class='ocrx_word' id='word_1_782' title='bbox 2139 4629 2228 4683; x_wconf 91' lang='grc' dir='ltr'><strong>μει</strong></span> <span class='ocrx_word' id='word_1_783' title='bbox 2255 4613 2346 4666; x_wconf 89' lang='grc' dir='ltr'><strong>τοῦ</strong></span> <span class='ocrx_word' id='word_1_784' title='bbox 2381 4606 2697 4685; x_wconf 85' lang='grc' dir='ltr'>Πνεύματος</span> <span class='ocrx_word' id='word_1_785' title='bbox 2735 4607 3050 4685; x_wconf 86' lang='grc' dir='ltr'>γινομένων.</span> 
     </span>
    </p>
   </div>
   <div class='ocr_carea' id='block_1_104' title="bbox 2225 4776 3742 4865">
    <p class='ocr_par' dir='ltr' id='par_1_104' title="bbox 2225 4776 3742 4865">
     <span class='ocr_line' id='line_1_105' title="bbox 2225 4776 3742 4865; baseline -0.001 -26"><span class='ocrx_word' id='word_1_786' title='bbox 2225 4807 2257 4839; x_wconf 72' lang='grc' dir='ltr'>ι</span> <span class='ocrx_word' id='word_1_787' title='bbox 2286 4784 2357 4844; x_wconf 87' lang='grc' dir='ltr'>Τί</span> <span class='ocrx_word' id='word_1_788' title='bbox 2411 4783 2623 4859; x_wconf 81' lang='grc' dir='ltr'>θέλετε;</span> <span class='ocrx_word' id='word_1_789' title='bbox 2671 4785 2724 4843; x_wconf 75' lang='grc' dir='ltr'>ἐν</span> <span class='ocrx_word' id='word_1_790' title='bbox 2775 4782 2958 4865; x_wconf 80' lang='grc' dir='ltr'>ῥάϐδῳ</span> <span class='ocrx_word' id='word_1_791' title='bbox 3013 4783 3141 4864; x_wconf 78' lang='grc' dir='ltr'>πρὸς</span> <span class='ocrx_word' id='word_1_792' title='bbox 3190 4784 3327 4858; x_wconf 73' lang='grc' dir='ltr'>ὑμᾶς</span> <span class='ocrx_word' id='word_1_793' title='bbox 3377 4776 3628 4857; x_wconf 82' lang='grc' dir='ltr'>ἔλθω,ἣ</span> <span class='ocrx_word' id='word_1_794' title='bbox 3686 4781 3742 4838; x_wconf 79' lang='grc' dir='ltr'><strong>ἐν</strong></span> 
     </span>
    </p>
   </div>
   <div class='ocr_carea' id='block_1_105' title="bbox 2141 4868 3745 4954">
    <p class='ocr_par' dir='ltr' id='par_1_105' title="bbox 2141 4868 3745 4954">
     <span class='ocr_line' id='line_1_106' title="bbox 2141 4868 3745 4954; baseline -0.002 -23"><span class='ocrx_word' id='word_1_795' title='bbox 2141 4873 2351 4953; x_wconf 82' lang='grc' dir='ltr'>ἀγάπῃ,</span> <span class='ocrx_word' id='word_1_796' title='bbox 2381 4873 2646 4950; x_wconf 87' lang='grc' dir='ltr'>πνεύματί</span> <span class='ocrx_word' id='word_1_797' title='bbox 2674 4897 2731 4932; x_wconf 87' lang='grc' dir='ltr'><strong>τε</strong></span> <span class='ocrx_word' id='word_1_798' title='bbox 2774 4875 3101 4954; x_wconf 87' lang='grc' dir='ltr'>πραότητος;</span> <span class='ocrx_word' id='word_1_799' title='bbox 3140 4894 3176 4954; x_wconf 53' lang='lat'><strong>)3</strong></span> <span class='ocrx_word' id='word_1_800' title='bbox 3206 4870 3438 4932; x_wconf 80' lang='grc' dir='ltr'>Ῥάϐδον</span> <span class='ocrx_word' id='word_1_801' title='bbox 3476 4868 3618 4948; x_wconf 89' lang='grc' dir='ltr'>λέγει</span> <span class='ocrx_word' id='word_1_802' title='bbox 3646 4868 3745 4942; x_wconf 76' lang='grc' dir='ltr'><strong>τὴν</strong></span> 
     </span>
    </p>
   </div>
   <div class='ocr_carea' id='block_1_106' title="bbox 2136 4949 3746 5044">
    <p class='ocr_par' dir='ltr' id='par_1_106' title="bbox 2136 4949 3746 5044">
     <span class='ocr_line' id='line_1_107' title="bbox 2136 4949 3746 5044; baseline -0.002 -23"><span class='ocrx_word' id='word_1_803' title='bbox 2136 4949 2388 5043; x_wconf 74' lang='grc' dir='ltr'>κόλασιν,</span> <span class='ocrx_word' id='word_1_804' title='bbox 2579 4949 2867 5044; x_wconf 83' lang='grc' dir='ltr'>τιμωρίαν.</span> <span class='ocrx_word' id='word_1_805' title='bbox 2900 4962 3081 5034; x_wconf 76' lang='grc' dir='ltr'>Φησὶν</span> <span class='ocrx_word' id='word_1_806' title='bbox 3116 4949 3206 5022; x_wconf 64' lang='grc' dir='ltr'><strong>οὖν</strong></span> <span class='ocrx_word' id='word_1_807' title='bbox 3227 5007 3243 5035; x_wconf 87' lang='grc'><strong>,</strong></span> <span class='ocrx_word' id='word_1_808' title='bbox 3293 4959 3374 5019; x_wconf 81' lang='grc' dir='ltr'>ὃτι</span> <span class='ocrx_word' id='word_1_809' title='bbox 3404 4958 3594 5037; x_wconf 73' lang='grc' dir='ltr'>⁶Υμεῐς</span> <span class='ocrx_word' id='word_1_810' title='bbox 3623 4959 3746 5018; x_wconf 80' lang='grc' dir='ltr'>ἐστε</span> 
     </span>
    </p>
   </div>
   <div class='ocr_carea' id='block_1_107' title="bbox 2134 5046 3744 5133">
    <p class='ocr_par' dir='ltr' id='par_1_107' title="bbox 2134 5046 3744 5133">
     <span class='ocr_line' id='line_1_108' title="bbox 2134 5046 3744 5133; baseline -0.004 -22"><span class='ocrx_word' id='word_1_811' title='bbox 2134 5052 2306 5133; x_wconf 89' lang='grc' dir='ltr'>κύριοι</span> <span class='ocrx_word' id='word_1_812' title='bbox 2352 5057 2448 5112; x_wconf 86' lang='grc' dir='ltr'><strong>τοῦ</strong></span> <span class='ocrx_word' id='word_1_813' title='bbox 2491 5055 2582 5114; x_wconf 80' lang='grc' dir='ltr'><strong>καὶ</strong></span> <span class='ocrx_word' id='word_1_814' title='bbox 2614 5054 2778 5121; x_wconf 75' lang='grc' dir='ltr'>οὕτως</span> <span class='ocrx_word' id='word_1_815' title='bbox 2824 5053 2858 5125; x_wconf 85' lang='grc' dir='ltr'>ἢ</span> <span class='ocrx_word' id='word_1_816' title='bbox 2907 5052 3070 5119; x_wconf 80' lang='grc' dir='ltr'>οὕτως</span> <span class='ocrx_word' id='word_1_817' title='bbox 3125 5053 3292 5111; x_wconf 79' lang='grc' dir='ltr'>ἐλθεῖν</span> <span class='ocrx_word' id='word_1_818' title='bbox 3347 5073 3414 5127; x_wconf 90' lang='grc' dir='ltr'><strong>με</strong></span> <span class='ocrx_word' id='word_1_819' title='bbox 3441 5072 3455 5087; x_wconf 89' lang='grc'><strong>·</strong></span> <span class='ocrx_word' id='word_1_820' title='bbox 3518 5046 3608 5106; x_wconf 78' lang='grc' dir='ltr'>ἐὰν</span> <span class='ocrx_word' id='word_1_821' title='bbox 3647 5047 3744 5125; x_wconf 85' lang='grc' dir='ltr'>μὲν</span> 
     </span>
    </p>
   </div>
   <div class='ocr_carea' id='block_1_108' title="bbox 2136 5136 3744 5224">
    <p class='ocr_par' dir='ltr' id='par_1_108' title="bbox 2136 5136 3744 5224">
     <span class='ocr_line' id='line_1_109' title="bbox 2136 5136 3744 5224; baseline -0.006 -22"><span class='ocrx_word' id='word_1_822' title='bbox 2136 5145 2440 5224; x_wconf 67' lang='grc' dir='ltr'>ῥᾳθυμῆτε,</span> <span class='ocrx_word' id='word_1_823' title='bbox 2489 5142 2776 5222; x_wconf 73' lang='grc' dir='ltr'>ἐλεύσομαι</span> <span class='ocrx_word' id='word_1_824' title='bbox 2804 5141 2898 5201; x_wconf 79' lang='grc' dir='ltr'><strong>καὶ</strong></span> <span class='ocrx_word' id='word_1_825' title='bbox 2926 5142 3174 5217; x_wconf 89' lang='grc' dir='ltr'>κολάσω,</span> <span class='ocrx_word' id='word_1_826' title='bbox 3210 5144 3280 5206; x_wconf 83' lang='grc' dir='ltr'>ὡς</span> <span class='ocrx_word' id='word_1_827' title='bbox 3318 5139 3408 5198; x_wconf 84' lang='grc' dir='ltr'><strong>τὸν</strong></span> <span class='ocrx_word' id='word_1_828' title='bbox 3456 5136 3702 5216; x_wconf 89' lang='grc' dir='ltr'>Ἐλύμαν</span> <span class='ocrx_word' id='word_1_829' title='bbox 3731 5156 3744 5170; x_wconf 78' lang='grc'><strong>⁸</strong></span> 
     </span>
    </p>
   </div>
   <div class='ocr_carea' id='block_1_109' title="bbox 2134 5225 3734 5315">
    <p class='ocr_par' dir='ltr' id='par_1_109' title="bbox 2134 5225 3734 5315">
     <span class='ocr_line' id='line_1_110' title="bbox 2134 5225 3734 5315; baseline -0.006 -21"><span class='ocrx_word' id='word_1_830' title='bbox 2134 5234 2224 5294; x_wconf 81' lang='grc' dir='ltr'>ἐὰν</span> <span class='ocrx_word' id='word_1_831' title='bbox 2265 5233 2320 5291; x_wconf 89' lang='grc' dir='ltr'>δὲ</span> <span class='ocrx_word' id='word_1_832' title='bbox 2369 5233 2612 5315; x_wconf 71' lang='grc' dir='ltr'>νήψητε,</span> <span class='ocrx_word' id='word_1_833' title='bbox 2656 5237 2732 5314; x_wconf 80' lang='grc' dir='ltr'><strong>τῷ</strong></span> <span class='ocrx_word' id='word_1_834' title='bbox 2781 5233 3048 5308; x_wconf 83' lang='grc' dir='ltr'>πνεύματι</span> <span class='ocrx_word' id='word_1_835' title='bbox 3103 5235 3196 5302; x_wconf 82' lang='grc' dir='ltr'><strong>τῆς</strong></span> <span class='ocrx_word' id='word_1_836' title='bbox 3247 5229 3550 5308; x_wconf 83' lang='grc' dir='ltr'>πραότητος</span> <span class='ocrx_word' id='word_1_837' title='bbox 3589 5225 3734 5315; x_wconf 34' lang='grc' dir='ltr'>ιχρή·</span> 
     </span>
    </p>
   </div>
   <div class='ocr_carea' id='block_1_110' title="bbox 2134 5309 3739 5402">
    <p class='ocr_par' dir='ltr' id='par_1_110' title="bbox 2134 5309 3739 5402">
     <span class='ocr_line' id='line_1_111' title="bbox 2134 5309 3739 5402; baseline -0.012 -17"><span class='ocrx_word' id='word_1_838' title='bbox 2134 5346 2317 5401; x_wconf 84' lang='grc' dir='ltr'>σομαι.</span> <span class='ocrx_word' id='word_1_839' title='bbox 2344 5319 2475 5384; x_wconf 86' lang='grc' dir='ltr'><strong>⁷Ἐνι</strong></span> <span class='ocrx_word' id='word_1_840' title='bbox 2525 5321 2628 5402; x_wconf 80' lang='grc' dir='ltr'><strong>γὰρ</strong></span> <span class='ocrx_word' id='word_1_841' title='bbox 2672 5322 2764 5381; x_wconf 76' lang='grc' dir='ltr'>καὶ</span> <span class='ocrx_word' id='word_1_842' title='bbox 2811 5326 3022 5399; x_wconf 88' lang='grc' dir='ltr'>πνεῦμα</span> <span class='ocrx_word' id='word_1_843' title='bbox 3076 5318 3474 5398; x_wconf 83' lang='grc' dir='ltr'>αὐστηρότητος</span> <span class='ocrx_word' id='word_1_844' title='bbox 3518 5309 3609 5370; x_wconf 76' lang='grc' dir='ltr'><strong>καὶ</strong></span> <span class='ocrx_word' id='word_1_845' title='bbox 3656 5332 3739 5366; x_wconf 82' lang='grc' dir='ltr'>τι-</span> 
     </span>
    </p>
   </div>
   <div class='ocr_carea' id='block_1_111' title="bbox 2133 5402 3740 5492">
    <p class='ocr_par' dir='ltr' id='par_1_111' title="bbox 2133 5402 3740 5492">
     <span class='ocr_line' id='line_1_112' title="bbox 2133 5402 3740 5492; baseline -0.005 -20"><span class='ocrx_word' id='word_1_846' title='bbox 2133 5413 2370 5492; x_wconf 88' lang='grc' dir='ltr'>μωρίας,</span> <span class='ocrx_word' id='word_1_847' title='bbox 2411 5414 2530 5472; x_wconf 83' lang='grc' dir='ltr'>ἀλλ⁹</span> <span class='ocrx_word' id='word_1_848' title='bbox 2563 5412 2671 5471; x_wconf 83' lang='grc' dir='ltr'><strong>ἀπὸ</strong></span> <span class='ocrx_word' id='word_1_849' title='bbox 2703 5416 2810 5471; x_wconf 84' lang='grc' dir='ltr'><strong>τῶν</strong></span> <span class='ocrx_word' id='word_1_850' title='bbox 2839 5409 3217 5492; x_wconf 75' lang='grc' dir='ltr'>χρηστοτέρων</span> <span class='ocrx_word' id='word_1_851' title='bbox 3259 5409 3386 5467; x_wconf 85' lang='grc' dir='ltr'>αὐτὸ</span> <span class='ocrx_word' id='word_1_852' title='bbox 3424 5403 3580 5461; x_wconf 84' lang='grc' dir='ltr'><strong>καλεί</strong></span> <span class='ocrx_word' id='word_1_853' title='bbox 3611 5422 3624 5436; x_wconf 76' lang='grc' dir='ltr'><strong>ο</strong></span> <span class='ocrx_word' id='word_1_854' title='bbox 3652 5402 3740 5477; x_wconf 77' lang='grc' dir='ltr'><strong>⁸ὡς</strong></span> 
     </span>
    </p>
   </div>
   <div class='ocr_carea' id='block_1_112' title="bbox 1818 5531 2366 5591">
    <p class='ocr_par' dir='ltr' id='par_1_112' title="bbox 1818 5531 2366 5591">
     <span class='ocr_line' id='line_1_113' title="bbox 1818 5531 2366 5591; baseline 0.009 -7"><span class='ocrx_word' id='word_1_855' title='bbox 1818 5533 1932 5586; x_wconf 83' lang='lat' dir='ltr'><strong>Var</strong></span> <span class='ocrx_word' id='word_1_856' title='bbox 1945 5531 2015 5588; x_wconf 61' lang='lat' dir='ltr'><strong>ire</strong></span> <span class='ocrx_word' id='word_1_857' title='bbox 2059 5531 2366 5591; x_wconf 84' lang='lat' dir='ltr'><strong>lectiones.</strong></span> 
     </span>
    </p>
   </div>
   <div class='ocr_carea' id='block_1_113' title="bbox 499 5649 906 5726">
    <p class='ocr_par' dir='ltr' id='par_1_113' title="bbox 499 5649 906 5726">
     <span class='ocr_line' id='line_1_114' title="bbox 499 5649 906 5726; baseline 0.002 -21"><span class='ocrx_word' id='word_1_858' title='bbox 499 5652 536 5686; x_wconf 72' lang='lat'><strong>9&#39;</strong></span> <span class='ocrx_word' id='word_1_859' title='bbox 573 5649 787 5726; x_wconf 76' lang='grc' dir='ltr'>ἔρχομαι</span> <span class='ocrx_word' id='word_1_860' title='bbox 831 5670 906 5713; x_wconf 84' lang='lat' dir='ltr'><strong>m,</strong></span> 
     </span>
    </p>
   </div>
   <div class='ocr_carea' id='block_1_114' title="bbox 423 5733 981 5810">
    <p class='ocr_par' dir='ltr' id='par_1_114' title="bbox 423 5733 981 5810">
     <span class='ocr_line' id='line_1_115' title="bbox 423 5733 981 5810; baseline 0.004 -24"><span class='ocrx_word' id='word_1_861' title='bbox 423 5733 466 5767; x_wconf 63' lang='lat'><strong>97</strong></span> <span class='ocrx_word' id='word_1_862' title='bbox 498 5740 592 5786; x_wconf 83' lang='grc' dir='ltr'><strong>τῶν</strong></span> <span class='ocrx_word' id='word_1_863' title='bbox 617 5735 836 5806; x_wconf 66' lang='grc' dir='ltr'>οὐρανῶν</span> <span class='ocrx_word' id='word_1_864' title='bbox 871 5755 923 5794; x_wconf 92' lang='lat' dir='ltr'><strong>o.</strong></span> 
     </span>
    </p>
   </div>
   <div class='ocr_carea' id='block_1_115' title="bbox 986 5655 1317 5730">
    <p class='ocr_par' dir='ltr' id='par_1_115' title="bbox 986 5655 1317 5730">
     <span class='ocr_line' id='line_1_116' title="bbox 986 5655 1317 5730; baseline 0 -13"><span class='ocrx_word' id='word_1_865' title='bbox 986 5656 1027 5693; x_wconf 58' lang='grc' dir='ltr'><strong>Μ</strong></span> <span class='ocrx_word' id='word_1_866' title='bbox 1053 5655 1176 5730; x_wconf 68' lang='grc' dir='ltr'>ἷιμᾶς</span> <span class='ocrx_word' id='word_1_867' title='bbox 1241 5674 1317 5718; x_wconf 66' lang='lat' dir='ltr'><strong>Ini</strong></span> 
     </span>
    </p>
   </div>
   <div class='ocr_carea' id='block_1_116' title="bbox 1397 5660 1839 5734">
    <p class='ocr_par' dir='ltr' id='par_1_116' title="bbox 1397 5660 1839 5734">
     <span class='ocr_line' id='line_1_117' title="bbox 1397 5660 1839 5734; baseline 0.011 -20"><span class='ocrx_word' id='word_1_868' title='bbox 1397 5660 1437 5695; x_wconf 70' lang='grc'><strong>9⁵</strong></span> <span class='ocrx_word' id='word_1_869' title='bbox 1488 5661 1735 5734; x_wconf 73' lang='grc' dir='ltr'>θελήματι</span> <span class='ocrx_word' id='word_1_870' title='bbox 1786 5679 1839 5719; x_wconf 85' lang='grc' dir='ltr'>Ο.</span> 
     </span>
    </p>
   </div>
   <div class='ocr_carea' id='block_1_117' title="bbox 1918 5663 2475 5736">
    <p class='ocr_par' dir='ltr' id='par_1_117' title="bbox 1918 5663 2475 5736">
     <span class='ocr_line' id='line_1_118' title="bbox 1918 5663 2475 5736; baseline 0.005 -17"><span class='ocrx_word' id='word_1_871' title='bbox 1918 5663 1962 5698; x_wconf 68' lang='grc'><strong>⁹⁴</strong></span> <span class='ocrx_word' id='word_1_872' title='bbox 2015 5671 2114 5720; x_wconf 82' lang='grc' dir='ltr'><strong>τῶν</strong></span> <span class='ocrx_word' id='word_1_873' title='bbox 2165 5664 2390 5736; x_wconf 74' lang='grc' dir='ltr'>οὐρανῶν</span> <span class='ocrx_word' id='word_1_874' title='bbox 2421 5681 2475 5722; x_wconf 92' lang='grc' dir='ltr'><strong>ο.</strong></span> 
     </span>
    </p>
   </div>
   <div class='ocr_carea' id='block_1_118' title="bbox 2553 5652 3736 5736">
    <p class='ocr_par' dir='ltr' id='par_1_118' title="bbox 2553 5652 3736 5736">
     <span class='ocr_line' id='line_1_119' title="bbox 2553 5652 3736 5736; baseline -0.007 -19"><span class='ocrx_word' id='word_1_875' title='bbox 2553 5663 2596 5699; x_wconf 64' lang='grc'><strong>9⁵</strong></span> <span class='ocrx_word' id='word_1_876' title='bbox 2641 5668 2933 5736; x_wconf 72' lang='grc' dir='ltr'>φρονοῦντες</span> <span class='ocrx_word' id='word_1_877' title='bbox 2963 5678 3016 5720; x_wconf 89' lang='grc' dir='ltr'><strong>ο.</strong></span> <span class='ocrx_word' id='word_1_878' title='bbox 3094 5658 3138 5695; x_wconf 70' lang='grc'><strong>⁵⁸</strong></span> <span class='ocrx_word' id='word_1_879' title='bbox 3170 5659 3238 5714; x_wconf 70' lang='lat' dir='ltr'><strong>id.</strong></span> <span class='ocrx_word' id='word_1_880' title='bbox 3277 5655 3487 5727; x_wconf 78' lang='grc' dir='ltr'>δύναμιν</span> <span class='ocrx_word' id='word_1_881' title='bbox 3543 5652 3634 5722; x_wconf 70' lang='grc' dir='ltr'><strong>τήν</strong></span> <span class='ocrx_word' id='word_1_882' title='bbox 3680 5658 3736 5709; x_wconf 87' lang='lat'><strong>6-.</strong></span> 
     </span>
    </p>
   </div>
  </div>
