4090 6438
377 409 477 460 623

1387 409 1894 464 THEOPHYLACTI
1936 407 2293 463 BULGARIA‘J
2331 408 2645 462 AHCHIEP.

3571 402 3677 457 694

372 529 623 585 Christus
648 529 760 600 ipse
795 544 889 585 vos
933 539 1250 603 congreget,
1297 548 1396 603 pro
1440 548 1551 604 quo
1576 533 1739 589 etiam
1777 550 1946 590 conve

2084 532 2293 602 σύναξις
2323 532 2570 610 γένηται,
2601 531 2738 590 ἀλλᾶ
2782 531 2920 590 κατὰ
2963 530 3100 590 Θεόν
3125 553 3136 566 ·
3164 527 3251 586 ἵνα
3294 529 3448 594 αὐτὸς
3473 533 3499 586 ὁ
3528 531 3672 605 Χρι-

367 618 518 674 nitis.
555 615 811 674 Praafecit
839 627 1027 675 autem
1053 619 1184 691 ipsis
1212 636 1377 676 suum
1402 623 1568 678 etiam
1594 623 1872 694 spiritum,
1904 638 1971 678 ne

366 707 551 778 ipsum
574 707 731 764 venia
765 707 1080 781 dignentur,
1107 709 1204 766 sed
1239 718 1386 766 recte
1420 710 1699 783 judicent,
1727 728 1883 784 aeque
1908 728 1972 766 ac

367 797 412 852 si
441 796 556 868 ipse
587 804 786 869 praesto
821 805 988 855 esset.

439 981 624 1036 Vnns.
652 985 706 1035 5.
742 1001 768 1026 α
797 979 937 1036 Cum
963 979 1167 1037 virtute
1193 981 1422 1037 Domini
1449 981 1624 1039 nostri
1649 985 1780 1038 Jesu
1811 983 1970 1039 Chri-

363 1067 457 1136 sti,
502 1067 724 1124 tradere
776 1070 945 1124 talem
993 1071 1244 1127 Satanae.
1291 1094 1315 1120 ι»
1349 1073 1472 1127 Ηοο
1528 1080 1632 1140 est,
1690 1072 1774 1128 vel
1823 1073 1972 1144 quod

362 1156 609 1213 Christus
637 1157 802 1213 talem
846 1158 1005 1215 vobis
1048 1158 1184 1215 dare
1226 1169 1392 1232 queat
1419 1160 1672 1233 gratiam,
1706 1177 1814 1234 qua
1851 1162 1971 1218 dia-

362 1244 490 1302 bolo
517 1246 668 1302 illum
693 1247 910 1304 tradere
939 1248 1164 1320 possitis
1212 1266 1225 1303 :
1259 1250 1340 1305 vel
1370 1250 1518 1322 quod
1560 1259 1616 1307 et
1656 1251 1773 1323 ipse
1799 1250 1978 1307 vobis-

363 1351 491 1391 cum
542 1335 810 1394 adversus
869 1337 1034 1393 istum
1087 1337 1412 1411 suffragium
1458 1337 1618 1396 ferat.
1663 1342 1778 1397 Nec
1815 1341 1972 1410 dixit,

362 1423 598 1494 Dedere,
630 1425 748 1494 sed,
793 1451 818 1474 ιι
852 1426 1088 1495 tradere,
1115 1450 1140 1475 ››
1171 1428 1528 1500 subaperiens
1567 1429 1615 1486 ei
1644 1430 1967 1502 resipiscen-

358 1513 452 1570 tiae
475 1513 691 1585 januas.
721 1518 915 1588 Neque
943 1516 1184 1574 nominis
1207 1518 1325 1590 ejus
1349 1534 1540 1576 rursus
1561 1520 1834 1590 meminit,
1869 1519 1965 1577 sed

367 1603 617 1675 «talem,
661 1627 687 1652 ιο
727 1603 879 1660 dicit.

434 1813 461 1840 ι
492 1791 556 1847 In
579 1791 865 1850 interitum
889 1795 1089 1863 carnis,
1121 1803 1183 1852 ut
1218 1796 1442 1869 spiritus
1479 1797 1661 1854 salvus
1689 1798 1762 1856 sit
1786 1799 1845 1855 in
1873 1798 1962 1856 die

2081 623 2200 689 στὸς
2261 621 2453 701 συνάξῃ
2485 625 2648 698 ὑμᾶς,
2699 619 2832 700 ὗπὲρ
2875 611 2934 678 οὗ
2985 619 3074 679 καὶ
3127 621 3461 696 συνέρχεσθε.
3540 617 3672 675 Ἐπ-

2081 711 2270 783 έστησε
2304 711 2358 770 δὲ
2409 713 2584 778 αὐτοῖς
2609 709 2785 768 καὶτὸ
2830 713 2990 768 αὑτοῦ
3021 713 3263 786 πνεῦμα,
3290 705 3378 764 ἵνα
3430 705 3504 781 μὴ
3543 729 3673 780 συγ-

2079 804 2296 879 γνώμης
2329 800 2487 859 αὖτὸν
2539 797 2834 868 ἀξιώσωσιν
2856 847 2873 874 ,
2923 799 3044 858 ἀλλ’
3075 799 3238 877 ὀρθῶς
3287 796 3533 876 κρίνωσιν
3556 841 3574 875 ,
3606 797 3675 859 ὡς

2081 893 2172 950 καὶ
2203 893 2363 950 αὐτοῦ
2395 895 2676 972 παρόντος.

2162 1009 2187 1033 ι
2212 980 2322 1040 Σὺν
2352 985 2418 1059 τῇ
2445 978 2665 1056 δυνάμει
2685 983 2776 1037 τοῦ
2809 977 3006 1058 Κυρίου
3033 979 3182 1053 ἡμῶν
3205 976 3386 1048 Ἰησοῦ
3411 977 3671 1056 Χριστοῦ,

2081 1072 2410 1150 παραδοῦναι
2442 1069 2529 1128 τὸν
2563 1074 2794 1128 τοιοῦτον
2842 1072 2916 1146 τῷ
2951 1070 3198 1148 Σατανᾷ.
3233 1094 3256 1118 ι
3294 1067 3608 1141 Τουτέστιν,

2081 1158 2160 1218 ὅτι
2184 1159 2252 1220 Ὁ
2281 1159 2510 1237 Χριστὸς
2538 1157 2755 1217 δύναται
2783 1157 3034 1229 τοιαύτην
3063 1158 3184 1232 ὑμῖν
3207 1155 3365 1236 χάριν
3397 1157 3576 1214 δοῦναι
3597 1155 3672 1226 99,

2080 1248 2219 1308 ὥστε
2252 1251 2501 1310 δύνασθαι
2530 1249 2545 1286 ⁵
2585 1253 2660 1329 τῷ
2692 1247 2924 1328 διαϐόλῳ
2972 1247 3322 1328 παραδιδόναι
3347 1269 3359 1282 ·
3407 1249 3442 1316 ἢ
3474 1245 3554 1304 ὅτι
3583 1243 3675 1302 καὶ

2081 1339 2236 1407 αὐτὸς
2266 1342 2380 1417 μεθ’
2419 1342 2566 1414 ὑμῶν
2619 1341 2738 1398 κατ’
2783 1341 2942 1397 αὐτοῦ
2977 1338 3121 1418 φέρει
3168 1334 3267 1406 τὴν
3309 1338 3505 1415 ψῆφον.
3561 1333 3674 1394 Καὶ

2079 1432 2174 1488 οὐκ
2219 1421 2400 1503 εἶπεν,
2433 1429 2748 1498 Ἐκδοῦναι,
2804 1426 2975 1504 ἀλλὰ,
3015 1453 3039 1478 κ
3093 1427 3478 1505 Παραδοῢναι,
3513 1450 3538 1477 ι
3579 1427 3674 1480 ὓπ-

2078 1518 2300 1597 ανοίγων
2357 1520 2502 1599 αὖτῷ
2547 1517 2644 1583 τὰς
2699 1521 2792 1588 ἧς
2842 1515 3121 1594 μετανοίας
3160 1514 3341 1592 θύρας.
3401 1512 3509 1574 Kal
3554 1514 3669 1572 οὐδὲ

2075 1610 2236 1667 πάλιν
2267 1608 2522 1685 ὀνόματος
2553 1606 2853 1685 μέμνηται,
2900 1605 3036 1665 ἀλλὰ
3061 1649 3076 1676 ,
3119 1626 3148 1661 (ι
3184 1605 3290 1663 Τὸν
3320 1607 3553 1661 τοιοῦτον
3580 1647 3596 1676 ,
3639 1630 3663 1653 ιι

2071 1697 2233 1776 λέγει.

2160 1815 2184 1840 α
2238 1789 2331 1854 Εἷς
2378 1786 2586 1867 ὄλεθρον
2635 1788 2730 1856 τῆς
2786 1783 3007 1863 σαρκὸς,
3042 1782 3127 1842 ἵνα
3180 1783 3239 1841 τὸ
3277 1787 3487 1859 πνεῦμα
3524 1786 3667 1859 σωθῇ

357 1881 584 1938 Domini
609 1883 756 1939 Jesu.
805 1906 830 1932 ιο
863 1887 986 1940 Hoc
1031 1893 1136 1954 est,
1164 1894 1224 1941 ut
1257 1886 1452 1943 morbo
1483 1887 1660 1959 ipsum
1697 1897 1948 1944 maceret.

2073 1878 2125 1935 ἓν
2156 1881 2221 1958 τῇ
2262 1877 2438 1957 ἡμέρα
2486 1880 2578 1935 τοῦ
2640 1875 2837 1954 Κυρίου
2886 1873 3086 1945 Ἰησοῦ.
3124 1900 3148 1925 ιο
3198 1871 3520 1943 Τουτέστιν,
3583 1870 3668 1928 ἵνα

2114 1967 2126 1985 Ι
2298 1969 2314 1985 1
2359 1966 2373 1985 \
2513 1965 2557 1985 ΙΡ
2669 1963 2732 1985 ,Π
2834 1962 2884 1985 θλ
2984 1963 2997 1985 \
3107 1964 3121 1985 9
3240 1967 3273 1981 Ν
3533 1984 3579 1985 κη
3606 1965 3637 1977 θ’

357 1970 498 2027 Cum
528 1971 676 2027 enim
715 1989 746 2028 a
773 1974 1020 2046 corporis
1070 1976 1352 2047 voluptate
1394 1977 1717 2048 cupiditates
1770 1979 1952 2034 orian-

355 2067 466 2128 tur,
497 2075 695 2132 corpus
716 2062 895 2133 puniri
916 2063 1053 2132 vult,
1088 2071 1199 2120 «‘ut
1221 2064 1467 2136 spiritus,
1499 2086 1525 2119 ››
1557 2065 1615 2122 id
1642 2075 1726 2122 est
1747 2068 1950 2135 anima,

349 2156 599 2205 servetur
629 2169 642 2205 :
682 2165 795 2206 non
821 2152 973 2224 quasi
1010 2153 1110 2208 ista
1144 2153 1263 2209 sola
1305 2163 1635 2223 servaretur,
1679 2156 1774 2212 sed
1801 2157 1952 2228 quasi

351 2238 460 2294 hoc
494 2255 780 2307 concesso,
814 2241 963 2313 quod
990 2257 1052 2298 ea
1075 2251 1308 2310 servata,
1337 2259 1534 2316 corpus
1560 2245 1732 2301 etiam
1763 2261 1950 2302 serva-

348 2326 512 2383 bitur.
557 2328 798 2398 Quidam
835 2346 962 2386 vero
990 2331 1268 2403 spiritum,
1295 2331 1508 2389 donum
1533 2333 1814 2405 spirituale
1853 2351 1950 2408 ap-

347 2416 571 2488 pellant,
599 2417 862 2475 nimirum
891 2428 950 2476 ut
993 2421 1210 2477 salvum
1240 2421 1288 2478 ei
1314 2430 1586 2492 servetur,
1635 2439 1736 2479 nec.
1761 2424 1832 2480 ab
1882 2440 1948 2482 eo

346 2522 446 2562 ceu
482 2522 547 2563 ex
589 2507 762 2580 impio
811 2509 1073 2566 discedat.
1122 2514 1242 2567 Hoc
1284 2513 1437 2570 enim
1477 2528 1668 2568 curam
1707 2514 1948 2587 gerentis

345 2596 524 2666 potius
549 2605 654 2665 est,
679 2613 846 2670 quam
873 2600 1175 2671 punientis.
1201 2601 1437 2658 Pulchre
1461 2611 1651 2658 autem
1673 2603 1775 2660 diei
1801 2603 1945 2660 illius

347 2685 616 2755 meminit,
648 2695 712 2742 ut
739 2697 794 2744 et
837 2688 913 2744 illi
941 2689 1047 2745 sibi
1085 2698 1415 2758 metuentes,
1446 2691 1786 2748 medicinam
1818 2691 1948 2749 affe-

342 2781 489 2842 rant,
541 2782 597 2830 et
643 2775 733 2830 ille
769 2775 958 2832 itidem
1011 2777 1154 2836 hanc
1204 2780 1442 2852 recipiat.
1500 2783 1709 2837 Metam
1757 2790 1946 2837 autem

346 2861 564 2918 diabolo
594 2864 803 2933 statuit,
833 2880 990 2937 aeque
1024 2877 1186 2939 atque
1212 2868 1271 2923 in
1299 2868 1464 2936 Jobo,
1509 2877 1572 2926 ut
1608 2886 1806 2942 corpus
1831 2878 1948 2926 tan-

344 2958 488 3020 tum,
519 2967 633 3008 non
663 2961 845 3010 autem
871 2955 1112 3012 animam
1143 2956 1396 3030 attingat.

416 3135 586 3191 Vens.
618 3137 672 3190 6.
709 3159 734 3183 «
788 3137 915 3192 Non
942 3137 1087 3193 bona
1117 3145 1202 3194 est
1228 3138 1482 3210 gloriatio
1512 3146 1710 3196 vestra.
1759 3164 1782 3190 υ
1810 3141 1949 3198 Sub-
1980 3134 2024 3198 C

347 3222 573 3291 indicat,
621 3223 773 3292 quod
802 3224 904 3298 ipsi
934 3241 1047 3282 non
1074 3227 1431 3298 permiserint
1459 3244 1586 3284 eum
1610 3229 1949 3302 resipiscere,

344 3313 642 3384 gloriantes
670 3314 787 3386 ejus
816 3315 1055 3372 nomine.
1093 3320 1235 3373 Nam
1262 3333 1409 3374 unus
1439 3333 1506 3374 ex
1534 3318 1947 3377 Corinthiorum

343 3401 684 3474 sapientibus
712 3413 853 3460 erat.

418 3509 448 3543 ι(
477 3491 714 3549 Nescitis
736 3493 883 3567 quod
909 3495 1191 3552 modicum
1215 3495 1472 3554 fermenti
1498 3504 1676 3555 totam
1700 3514 1946 3556 massam

342 3579 673 3638 fermentat?
715 3603 742 3636 »
813 3587 881 3640 Et
911 3587 1096 3655 vestri,
1129 3587 1326 3660 inquit,
1356 3603 1471 3644 non
1520 3587 1665 3645 illius
1692 3597 1946 3647 tantum-

339 3670 508 3728 modo
535 3687 728 3729 curam
771 3672 971 3731 habeo.
1001 3678 1143 3733 Nam
1173 3678 1387 3733 malum
1433 3677 1768 3751 neglectum,
1811 3680 1940 3736 reli-

338 3775 511 3830 quum
544 3762 795 3820 Ecclesiae
818 3779 1019 3837 corpus
1048 3774 1266 3822 vastare
1295 3774 1496 3838 potest.
1531 3769 1613 3824 Ut
1637 3769 1784 3824 enim
1829 3767 1939 3825 fer-

337 3857 608 3919 mentum,
624 3851 907 3909 modicum
919 3869 1046 3910 cum
1061 3854 1151 3922 sit,
1167 3863 1343 3912 totam
1366 3871 1606 3912 massam
1620 3856 1940 3927 fermentat,

334 3953 399 3992 ac
421 3937 482 3994 in
510 3940 754 4012 seipsum
778 3942 993 4010 alterat,
1029 3943 1109 4000 sic
1134 3952 1190 3999 et
1219 3943 1384 4016 hujus
1407 3952 1694 4016 peccatum
1723 3946 1796 4003 ad
1825 3962 1942 4004 sese

336 4025 630 4100 plerosque
659 4029 797 4086 alios
820 4031 1080 4088 attrahet.

408 4116 584 4172 Vnus.
638 4125 691 4172 7.
733 4141 758 4166 α
811 4121 1122 4192 Expurgate
1151 4121 1337 4194 itaque
1381 4133 1537 4183 vetus
1579 4125 1936 4190 fermentum,

333 4213 394 4259 ut
419 4204 539 4260 sitis
559 4221 699 4261 nova
728 4209 1077 4279 conspersio,
1101 4212 1580 4282 quemadmodum
1613 4216 1746 4272 estis
1771 4214 1936 4286 149

334 4293 534 4365 azymi.
571 4317 596 4343 ιι
627 4295 749 4351 Hoc
777 4305 880 4364 est,
929 4296 1328 4359 fornicatorem
1366 4304 1541 4361 istum
1585 4304 1788 4376 ejicite,
1820 4305 1935 4359 imo

332 4391 387 4438 et
413 4381 551 4439 alios
580 4384 673 4457 qui
697 4385 831 4441 mali
852 4395 999 4443 sunt.
1026 4389 1194 4445 Vetus
1214 4391 1367 4447 enim
1391 4392 1727 4449 fermentum
1754 4392 1934 4449 omnis

2067 1967 2206 2048 νόσῳ
2256 1966 2414 2025 αὐτὸν
2463 1965 2614 2041 τήξῃ.
2669 1962 2894 2035 Ἐπειδὴ
2942 1963 3044 2042 γὰρ
3098 1964 3158 2021 ἐκ
3209 1967 3300 2034 τῆς
3350 1965 3668 2038 σωματικῆς

2062 2062 2258 2138 τρυφῆς
2277 2056 2302 2091 ²
2331 2058 2386 2116 αἱ
2417 2054 2726 2128 ἐπιθυμίαι,
2757 2055 2818 2112 τὸ
2849 2056 3006 2130 σῶμα
3038 2055 3360 2124 κολασθῆναι
3395 2050 3666 2130 βούλεται,

2059 2145 2148 2204 ἵνα
2177 2147 2238 2205 τὸ
2264 2150 2474 2223 πνεῦμα
2499 2190 2515 2218 ,
2555 2145 2823 2205 τουτέστιν
2847 2188 2863 2216 ,
2896 2148 2930 2214 ἡ
2978 2143 3162 2224 ψυχὴ,
3214 2146 3398 2221 σωθῇ·
3450 2142 3553 2220 οὐχ
3597 2142 3667 2206 ὡς

2063 2236 2259 2309 ταύτης
2317 2235 2621 2314 σωζομένης
2682 2233 2882 2311 μόνης,
2945 2234 3066 2291 ἀλλ’
3114 2234 3186 2298 ὡς
3243 2228 3663 2310 ὥμολογημένου

2060 2324 2280 2398 τούτου,
2316 2324 2396 2383 ὅτι
2419 2325 2618 2396 ταύτης
2659 2321 3001 2399 σωζομένης,
3049 2320 3140 2379 καὶ
3183 2321 3244 2380 τὸ
3285 2323 3445 2396 σῶμα
3481 2319 3662 2390 σωθή-

2062 2438 2234 2474 σεται.
2273 2414 2426 2481 Τινὲς
2456 2413 2514 2471 δέ
2545 2436 2675 2494 φασι
2705 2418 2915 2488 πνεῦμα
2935 2459 2952 2490 ,
2985 2411 3046 2470 τὸ
3083 2411 3330 2490 χάρισμα
3353 2456 3368 2482 ,
3405 2408 3489 2467 ἵνα
3527 2411 3663 2467 σῶον

2061 2508 2266 2585 τηρηθῇ
2317 2505 2494 2582 αὐτῷ,
2541 2502 2631 2560 καὶ
2688 2502 2762 2580 μὴ
2811 2500 3141 2582 ἀναχωρήσῃ
3189 2503 3259 2567 ὡς
3310 2498 3362 2568 ἐξ
3395 2497 3617 2563 ἀσεϐοῦς
3650 2520 3662 2533 ’

2059 2598 2213 2652 τοῦτο
2260 2591 2315 2651 δὲ
2365 2592 2659 2668 κηδομένου
2711 2593 2914 2670 μᾶλλον
2971 2589 3005 2662 ἢ
3073 2586 3475 2670 τιμωρουμένου
3525 2586 3657 2648 ἐστί.

2063 2685 2255 2748 Καλῶς
2302 2681 2357 2740 δὲ
2389 2685 2482 2753 τῆς
2513 2680 2716 2761 ἡμέρας
2765 2679 2966 2753 ἐκείνης
3009 2677 3312 2755 ἀνεμνήσθη
3362 2679 3407 2751 ³,
3447 2673 3534 2734 ἵνα
3567 2677 3658 2734 καὶ

2058 2772 2247 2830 ἐκεῖνοι
2301 2769 2601 2849 δείσαντες,
2649 2770 2746 2843 τὴν
2805 2769 3038 2850 ἰατρείαν
3101 2768 3434 2844 ἀπενέγκωσι
3485 2766 3508 2804 ³
3568 2767 3657 2822 καὶ

2057 2862 2250 2928 ἐκεῖνος
2331 2860 2582 2927 ὡσαύτως
2663 2859 2859 2931 ταύτην
2929 2857 3163 2931 δέξηται.
3238 2852 3410 2938 εὈρον
3469 2854 3524 2913 δὲ
3581 2855 3659 2912 τί·

2057 2955 2176 3022 θησι
2229 2954 2306 3030 τῷ
2349 2950 2617 3029 διαϐόλῳ,
2670 2949 2910 3028 καθάπερ
2963 2947 3054 3007 καὶ
3104 2946 3192 3006 ἐπὶ
3241 2954 3328 3007 τοῦ
3376 2944 3660 3024 ’1ὼϐ,τοῢ

2057 3039 2303 3116 σώματος
2335 3039 2613 3120 ἅψασθαι,
2646 3038 2787 3098 ἀλλὰ
2824 3039 2898 3116 μὴ
2934 3036 3026 3097 καὶ
3059 3042 3152 3110 τῆς
3184 3039 3376 3118 ψυχῆς.

2140 3157 2164 3182 α
2201 3131 2282 3190 Οὐ
2327 3128 2490 3187 καλὸν
2534 3128 2594 3188 τὸ
2636 3128 2896 3208 καύχημα
2933 3130 3082 3204 ὑμῶν
3155 3154 3179 3177 υ
3232 3125 3538 3185 Αἷνίττεται
3573 3125 3653 3185 ὅτι

2060 3219 2208 3280 αὐτοὶ
2240 3222 2333 3278 οὖκ
2365 3218 2549 3277 εἴασαν
2589 3217 2747 3276 αὐτὸν
2797 3221 3162 3292 μετανοῆσαι,
3217 3215 3552 3295 καυχώμενοι
3586 3216 3655 3308 εὶς

2059 3308 2237 3368 αὐτόν.
2295 3309 2405 3369 Kal
2459 3307 2563 3390 γὰρ
2615 3297 2689 3374 εἷς
2741 3310 2845 3366 τῶν
2904 3310 3031 3387 παρ’
3096 3305 3334 3373 αὐτοὺςδ
3386 3309 3560 3386 σοφῶν
3592 3297 3656 3376 ἦν

2056 3390 2224 3465 οὗτος.

2145 3515 2170 3542 ι
2204 3487 2319 3550 Οὖκ
2369 3489 2544 3547 οἴδατε
2595 3487 2674 3547 ὅτι
2727 3487 2893 3568 μικρὰ
2949 3487 3089 3566 ζύμη
3151 3485 3270 3546 ὅλον
3317 3484 3376 3544 τὸ
3431 3483 3652 3564 φύραμα

2055 3582 2237 3656 ζυμοῖ;
2270 3605 2294 3629 ιι
2341 3577 2451 3640 Καὶ
2491 3581 2638 3655 ὑμῶν
2663 3625 2680 3654 ,
2723 3579 2918 3659 φησὶν,
2953 3579 3049 3636 οὐκ
3083 3575 3285 3637 ἐκείνου
3329 3573 3491 3652 μόνου
3531 3574 3644 3644 κή-

2055 3671 2236 3746 δομαι.
2278 3667 2389 3727 Καὶ
2419 3666 2524 3749 γὰρ
2563 3667 2924 3745 ἀμελούμενον
2979 3666 3039 3724 τὸ
3089 3665 3254 3725 κακὸν
3305 3665 3523 3723 δύναται
3554 3663 3649 3722 καὶ

2052 3757 2114 3816 τὸ
2145 3757 2329 3817 λοιπὸν
2364 3760 2520 3834 σῶμα
2553 3761 2645 3828 τῆς
2682 3756 3005 3828 Ἐκκλησίας
3032 3757 3396 3832 λυμήνασθαι.
3430 3752 3650 3831 Ὥσπερ

2051 3846 2154 3926 γὰρ
2185 3851 2218 3919 ἡ
2243 3845 2380 3924 ζύμη
2415 3844 2582 3925 μικρὰ
2616 3837 2780 3918 οὖσα,
2829 3846 2889 3904 τὸ
2925 3845 3146 3926 φύραμα
3176 3853 3281 3902 πᾶν
3318 3845 3341 3881 θ
3371 3845 3531 3920 ζυμοῖ
3557 3843 3648 3901 καὶ

2051 3936 2181 4018 πρὸς
2210 3935 2400 4008 ἑαυτὴν
2441 3935 2768 4011 μεταϐάλλει
2794 3959 2806 3972 ’
2852 3933 2989 3994 οὕτω
3020 3933 3110 3993 καὶ
3142 3938 3175 4005 ἡ
3228 3931 3414 3992 τούτου
3463 3933 3647 4012 ἁμαρ-

2048 4025 2137 4084 τία
2165 4025 2293 4105 πρὸς
2319 4025 2513 4097 ἑαυτὴν
2544 4023 2770 4116 πολλοὺς
2799 4023 3178 4085 ἐπισπάσεται.
3428 4110 3437 4116 .
3552 4103 3583 4116 η

2136 4142 2160 4166 α
2196 4115 2567 4194 Ἐκκαθάρατε
2610 4105 2697 4172 οὖν
2740 4113 2838 4188 τὴν
2887 4113 3123 4173 παλαιὰν
3172 4113 3370 4188 ζύμην,
3412 4110 3500 4170 ἵνα
3549 4105 3644 4182 ἦτε

2045 4203 2159 4264 νέον
2190 4205 2440 4285 φύραμα,
2476 4202 2649 4271 καθώς
2693 4205 2811 4262 ἐστε
2864 4205 3077 4280 ἄζυμοι.
3134 4230 3158 4255 ι
3195 4199 3488 4275 Τουτέστι,
3537 4202 3644 4260 Τὸν

2045 4293 2236 4371 πόρνον
2277 4299 2460 4353 τοῦτον
2505 4293 2788 4369 ἐκϐάλετε,
2843 4294 3045 4370 μᾶλλον
3079 4291 3133 4350 δὲ
3165 4290 3255 4350 καὶ
3298 4289 3492 4357 ἄλλους
3541 4313 3643 4348 κα-

2043 4380 2184 4451 κούς.
2222 4383 2471 4444 Παλαιὰν
2515 4381 2616 4463 γὰρ
2661 4384 2828 4460 ζύμην
2871 4390 3050 4442 πᾶσαν
3096 4380 3288 4441 κακίαν
3331 4379 3480 4460 φησί.
3532 4378 3644 4439 Καὶ

338 4471 558 4543 generis
607 4474 738 4530 vitia
757 4477 1032 4532 nominat.
1072 4479 1143 4532 Et
1187 4494 1299 4535 non
1335 4480 1493 4550 dixit,
1523 4485 1780 4555 Purgate,
1811 4481 1927 4550 sed,

2058 4476 2136 4532 ›ὖκ
2167 4464 2317 4546 εἶπε,
2349 4472 2636 4554 Καθάρατε
2658 4517 2674 4545 ,
2701 4471 2873 4544 ἀλλὰ,
2913 4499 2938 4526 ι
2977 4470 3347 4551 Ἐκκαθάρατε
3381 4493 3396 4506 °
3436 4497 3461 4522 υ
3489 4493 3642 4529 τουτ-

333 4583 360 4608 α
410 4564 742 4635 Expurgate,
773 4586 800 4616 ι)
843 4565 947 4622 hoc
975 4574 1078 4634 est,
1111 4583 1332 4625 summa
1365 4570 1644 4644 diligentia
1673 4579 1928 4644 purgate,

329 4658 393 4706 ut
445 4650 564 4706 sitis
615 4669 758 4708 nova
809 4670 1012 4724 massa,
1068 4673 1192 4729 quae
1257 4674 1368 4714 non
1425 4661 1494 4716 sit
1543 4659 1687 4717 vitiis
1748 4661 1923 4716 mista.

335 4761 360 4786 α
403 4740 892 4808 Quemadmodum
921 4745 1071 4812 estis,
1111 4769 1134 4794 υ
1168 4746 1273 4802 hoc
1301 4757 1404 4816 est,
1435 4749 1610 4805 secuti
1649 4748 1807 4806 decet
1834 4765 1931 4806 vos

331 4843 468 4898 esse,
523 4830 642 4885 sine
691 4829 989 4902 fermento,
1033 4835 1089 4891 id
1132 4844 1216 4890 est
1241 4833 1460 4893 ‘vetere
1518 4838 1748 4908 malitia,
1806 4855 1929 4911 quae

325 4926 545 4974 acetosa
573 4926 678 4988 est,
702 4927 758 4976 et
786 4922 1098 4980 mordicans
1127 4940 1221 4996 per
1246 4927 1650 4996 paenitentiam.

399 5029 426 5056 ‹ι
471 5009 692 5065 Etenim
735 5010 949 5069 Pascha
982 5021 1237 5071 nostrum
1281 5031 1381 5086 pro
1411 5016 1571 5073 nobis
1601 5017 1928 5073 immolatus

322 5103 408 5152 est
465 5097 736 5155 Christus.
789 5122 814 5148 υ
857 5100 998 5170 Quia
1063 5118 1391 5175 azymorum
1467 5105 1740 5174 meminit,
1800 5122 1925 5179 quae

322 5187 604 5244 Paschatis
637 5198 886 5262 tempore
916 5190 1241 5259 edebantur,
1283 5193 1618 5266 simulatque
1651 5211 1750 5266 per
1785 5197 1920 5252 alle-

320 5277 535 5348 goriam
560 5278 690 5349 quid
720 5279 829 5335 sint
850 5295 1045 5351 azyma
1065 5281 1380 5354 explicavit,
1408 5283 1672 5339 nimirum
1699 5283 1922 5341 affectio

319 5364 466 5421 vitiis
485 5382 602 5423 non
617 5368 1023 5440 contaminata;
1045 5387 1192 5427 nunc
1213 5371 1506 5443 allegorice
1526 5371 1922 5446 interpretatur

2043 4561 2195 4635 ἐστι,
2231 4562 2390 4624 Μετὰ
2439 4561 2712 4642 ἀκριϐείας
2761 4561 3066 4642 καθάρατε,
3121 4557 3210 4618 ἵνα
3252 4559 3366 4619 νέον
3416 4559 3639 4638 φύραμα

2041 4652 2132 4710 καὶ
2165 4652 2350 4731 ἀμιγὲς
2398 4652 2587 4718 κακίας
2627 4643 2739 4723 ἦτε.
2777 4679 2803 4704 «ι
2861 4649 3049 4718 Καθώς
3087 4653 3242 4726 ἐστε,
3279 4677 3301 4702 ι
3356 4649 3473 4706 ἀντὶ
3508 4653 3634 4721 τοῦ,

2043 4741 2233 4809 Καθὼς
2261 4742 2452 4821 πρέπει
2482 4731 2617 4799 εἶναι
2648 4745 2787 4818 ὑμᾶς
2807 4785 2824 4814 ,
2877 4740 3042 4822 χωρὶς
3093 4738 3263 4815 ζύμης
3282 4784 3299 4813 ,
3355 4737 3634 4811 τουτέστι,

2037 4834 2129 4902 τῆς
2171 4833 2404 4899 παλαιᾶς
2445 4829 2633 4898 κακίας
2653 4875 2670 4904 ,
2702 4830 2793 4889 καὶ
2823 4831 3044 4899 ὀξώδους
3066 4874 3081 4903 ,
3126 4828 3216 4887 καὶ
3251 4825 3544 4898 δακνούσης
3573 4831 3637 4906 τῇ

2039 4919 2388 5000 μεταμελείᾳ.

2125 5035 2148 5062 α
2181 5009 2290 5070 Kal
2317 5008 2419 5090 γὰρ
2447 5009 2508 5068 τὸ
2534 5009 2736 5090 Πάσχα
2764 5012 2919 5087 ἡμῶν
2945 5007 3078 5089 ὑπὲρ
3113 5009 3267 5085 ἡμῶν
3301 5005 3457 5076 ἐτύθη
3491 5007 3635 5084 Χρι-

2035 5099 2174 5166 στός.
2209 5120 2239 5156 ι)
2290 5098 2512 5170 Ἐπειδὴ
2567 5099 2784 5175 ἀζύμων
2827 5098 3099 5175 ἐμνήσθη,
3154 5101 3325 5154 ταῦτα
3377 5093 3433 5154 δὲ
3461 5097 3514 5153 ἐν
3559 5098 3634 5172 τῷ

2036 5187 2237 5267 Πάσχα
2287 5189 2564 5266 ἠσθίοντο,
2613 5187 2988 5269 ἀλληγορήσας
3034 5187 3102 5244 τὰ
3151 5185 3330 5260 ἄζυμα
3379 5183 3430 5244 τί
3463 5186 3629 5258 εἰσιν⁷

2030 5276 2113 5335 ὅτι
2142 5281 2176 5348 ἡ
2209 5277 2434 5344 διάθεσις
2469 5284 2503 5350 ἡ
2536 5277 2733 5354 ἀμιγὴς
2777 5277 3006 5353 κακίας,
3048 5280 3140 5334 νῦν
3181 5277 3467 5354 ἀλληγορεῖ
3491 5274 3514 5311 ⁷
3539 5273 3630 5328 καὶ

2030 5367 2090 5424 τὸ
2124 5366 2353 5447 Πάσχα,
2398 5366 2490 5426 καί
2521 5391 2713 5448 φησιν,
2761 5365 2842 5425 ὅτι
2872 5363 2943 5426 (Ο
2975 5364 3206 5446 Χριστός
3242 5365 3352 5423 ἐστι
3382 5363 3534 5438 ἡμῶν
3571 5357 3630 5414 τὸ

1718 5503 1904 5560 Variae
1952 5503 2245 5562 lectiones.

387 5622 430 5656 9°
475 5625 666 5678 διδόναι
693 5643 743 5683 0.
825 5629 840 5664 ⁸
895 5629 1159 5699 βούλεσθαι
1211 5649 1263 5688 ο.

315 5702 482 5765 αὐτοῖς
517 5721 595 5761 m.
673 5706 694 5739 ⁶
723 5707 836 5760 ὅλοι
873 5702 930 5767 ο,
1007 5711 1026 5742 ⁷
1058 5715 1303 5782 μαρτυρεῖ
1325 5729 1376 5769 ο.

1343 5633 1362 5666 ²
1421 5637 1511 5686 τοῦ
1567 5636 1794 5702 σώματος
1850 5635 2046 5702 καὶτῆς
2107 5654 2181 5705 τρ.
2230 5652 2280 5692 0.

2361 5636 2382 5669 ³
2443 5635 2714 5707 ἀνέμνησεν
2745 5651 2796 5691 ο.
2875 5633 3222 5704 δέπενέγκωσι
3275 5645 3350 5684 m.
3430 5627 3449 5661 ⁵
3509 5627 3626 5698 παρ’
