4090 6456
444 524 552 576 6‘25

1320 521 1668 580 EXPOSITIO
1707 524 1772 579 IN
1811 523 2022 580 EPIST.
2071 525 2090 578 Ι
2130 525 2220 579 AD
2258 524 2414 581 COR.
2459 556 2529 568 —
2567 528 2719 583 CAP.
2762 530 2826 584 V.

3654 533 3759 585 626

447 643 651 725 Πάσχα
668 693 687 721 ,
714 645 883 713 τυθεὶς
906 646 1039 726 ὖπὲρ
1062 649 1238 724 ἡμῶν.
1275 646 1594 727 Ὀφείλομεν
1614 637 1703 707 οὖν
1731 647 1800 707 τὰ
1839 648 2036 727 ἄζυμα,

2155 649 2287 720 quid
2315 650 2383 707 sit
2407 651 2640 721 Pascha,
2666 652 2939 723 Christus,
2969 654 3250 728 inquiens,
3270 655 3476 712 Pascha
3503 663 3759 712 nostrum

444 735 724 808 τουτέστι,
783 734 880 808 τὴν
930 737 1036 795 ἀπὸ
1080 737 1256 810 πάσης
1303 736 1494 803 κακίας
1542 738 1883 819 καθαρότητα
1949 763 2043 797 πε-

447 822 670 900 ριέπειν.

533 936 563 972 α
598 914 771 975 Ὥστε
821 915 1188 996 ἑορτάζωμεν,
1236 916 1312 993 μή
1344 919 1398 975 ἐν
1443 915 1583 997 ζύμῃ
1615 918 1862 998 παλαιᾷ,
1906 916 2043 996 μηδὲ

451 1006 507 1063 ἐν
536 1003 676 1083 ζύμῃ
725 1004 916 1072 κακίας
966 1004 1059 1065 καὶ
1105 1005 1376 1084 πονηρίας.
1418 1032 1442 1059 ι
1504 1005 1782 1066 Δείκνυσιν
1814 1006 1896 1066 ὅτι
1938 1016 2042 1075 πᾶς

450 1097 480 1151 ὁ
535 1092 722 1174 χρόνος
762 1097 946 1176 ἑορτῆς
987 1094 1102 1155 ἐστι
1147 1095 1326 1176 καιρὸς
1376 1103 1482 1163 τοῖς
1534 1098 1907 1176 Χριστιανοῖς,
1957 1098 2043 1155 διὰ

445 1181 544 1254 τὴν
591 1181 891 1261 ὑπερϐολὴν
942 1187 1048 1243 τῶν
1103 1184 1360 1243 δοθέντων
1409 1189 1584 1253 αὐτοῖς
1643 1186 1878 1264 ἀγαθῶν.
1939 1187 2043 1247 Διὰ

445 1279 600 1332 τοῦτο
643 1273 746 1353 γὰρ
791 1275 820 1332 ὃ
858 1272 988 1341 Υἱὸς
1043 1277 1136 1334 τοῖ’»
1178 1275 1321 1334 Θεοῦ
1369 1273 1641 1355 ἄνθρωπος
1681 1275 1863 1353 γέγονε
1883 1323 1899 1351 ,
1952 1277 2043 1336 καὶ

446 1362 634 1435 ἐτύθη,
671 1360 760 1420 ἵνα
814 1386 873 1422 σε
927 1363 1193 1443 ἑορτάζειν
1244 1364 1444 1444 ποιήσῃ
1478 1389 1492 1402 ·
1529 1366 1624 1424 οὔκ
1671 1367 1724 1423 ἐν
1767 1367 1907 1445 ζύμῃ
1951 1370 2040 1424 τοῦ

443 1455 676 1511 παλαιοῦ
707 1452 908 1530 Ἀδὰμ,
942 1453 1060 1513 οὐδὲ
1092 1453 1146 1511 ἐν
1194 1453 1294 1535 βίῳ
1339 1453 1532 1522 κακίας
1578 1452 1799 1536 πλήρει,
1836 1457 2041 1532 μᾶλλον

442 1539 558 1600 δὲδ
593 1542 802 1622 χεῖρον,
850 1541 1124 1622 πονηρίας.
1183 1542 1365 1611 Κακὸς
1417 1543 1514 1620 μὲν
1569 1543 1696 1622 γὰρ,
1751 1553 1856 1612 πᾶς
1907 1547 1934 1602 ὁ
1981 1544 2041 1603 τὸ

449 1631 615 1690 κακὸν
669 1633 922 1710 πράττων
953 1650 969 1668 ⁸
1000 1631 1229 1715 πονηρὸς
1261 1633 1339 1708 δὲ,
1371 1635 1399 1691 ὁ
1445 1634 1535 1694 καὶ
1578 1633 1712 1712 μετὰ
1749 1634 2043 1714 βαθυτάτου

443 1721 535 1780 καὶ
565 1723 783 1804 δολερᾶς
811 1722 836 1761 ⁸
863 1721 1103 1802 γνώμης.

523 1927 547 1954 ι
585 1901 723 1962 Ἀλλ’
773 1906 827 1964 ἐν
876 1900 1094 1981 ἀζύμοις
1143 1904 1478 1985 εἷλικρινείας
1539 1905 1631 1964 καὶ
1686 1905 1960 1980 ἀληθείας.
2011 1935 2036 1961 »

2153 747 2255 808 est,
2290 755 2391 811 pro
2419 741 2582 797 nobis
2609 750 2903 798 mactatus.
2949 743 3230 800 Debemus
3258 744 3426 816 igitur
3448 761 3661 818 azyma,
3701 745 3757 802 id

2154 837 2240 884 cst
2268 845 2496 888 omnem
2536 831 2607 887 ab
2643 831 2900 889 omnibus
2945 833 3094 888 vitiis
3135 833 3428 904 puritatem
3472 835 3757 906 amplecti-

2224 921 2397 976 Vsns.
2427 925 2480 975 8.
2513 938 2541 973 ‹‹
2570 921 2758 977 Ferias
2784 922 2972 994 itaque
2999 921 3360 989 celebremus,
3390 939 3502 979 non
3549 923 3608 979 in
3658 923 3753 980 fer.

2152 1016 2344 1064 mento
2395 1011 2588 1077 veteri,
2645 1026 2823 1083 neque
2872 1011 2933 1066 in
2974 1009 3250 1068 fermento
3285 1012 3511 1069 malitia;
3547 1021 3604 1069 et
3642 1028 3759 1069 vcr-

2153 1097 2334 1153 sutiae.
2370 1121 2396 1147 υ
2433 1098 2690 1156 Ostendit
2733 1098 2885 1172 quod
2917 1115 3085 1157 omne
3128 1108 3350 1172 tempus
3393 1100 3658 1158 feriarum
3688 1102 3760 1157 sit

2153 1187 2369 1243 occasio
2410 1195 2464 1244 et
2517 1190 2899 1261 opportunitas
2933 1189 3282 1258 Christianis,
3315 1199 3544 1263 propter
3571 1191 3757 1248 excel-

2152 1275 2373 1332 lentiam
2416 1276 2753 1334 traditorum
2801 1277 2903 1335 illis
2936 1278 3234 1335 bonorum.
3293 1279 3381 1336 Ob
3437 1295 3561 1336 eam
3605 1280 3755 1337 enim

2151 1379 2376 1421 causam
2422 1365 2592 1422 homo
2640 1365 2818 1423 factus
2845 1375 2902 1424 et
2955 1368 3174 1424 occisus
3200 1376 3284 1425 est
3312 1368 3486 1425 Filius
3534 1370 3664 1437 Dei,
3691 1378 3753 1426 ut

2150 1461 2206 1509 te
2236 1454 2416 1511 feriati
2447 1454 2654 1524 faceret
2703 1477 2716 1512 :
2746 1473 2856 1513 non
2885 1457 2943 1512 in
2987 1456 3258 1514 fermento
3300 1457 3499 1515 veteris
3527 1457 3754 1527 Adami,

2149 1559 2329 1616 neque
2356 1545 2414 1600 in
2453 1546 2564 1601 vita
2593 1545 2739 1603 vitiis
2771 1547 2950 1618 plena,
2991 1547 3097 1618 vel,
3124 1547 3277 1620 quod
3306 1548 3460 1620 pejus
3489 1556 3596 1616 est,
3629 1564 3757 1604 ver-

2149 1634 2304 1689 sutia.
2334 1635 2512 1692 Malus
2540 1636 2690 1692 enim
2718 1643 2822 1703 est,
2854 1636 3104 1708 quisquis
3125 1637 3270 1692 male
3307 1638 3423 1710 agit
3450 1655 3465 1691 :
3501 1645 3753 1694 versutus

2148 1731 2354 1792 autem,
2403 1723 2496 1796 qui
2544 1732 2601 1781 et
2627 1739 2754 1780 cum
2783 1723 3156 1796 profunditate
3223 1742 3288 1784 ac
3338 1725 3530 1784 dolosa
3557 1731 3751 1784 mente

2147 1813 2296 1869 male
2335 1814 2469 1886 agit.

2219 1927 2242 1952 α
2291 1905 2399 1960 Sed
2433 1904 2492 1959 in
2548 1904 2760 1977 azymis
2785 1904 3120 1961 sinceritatis
3169 1912 3226 1961 et
3268 1905 3526 1963 veritatis.
3562 1929 3590 1958 »
3637 1908 3753 1964 Hoc

442 1991 764 2067 Τουτέστιν,
818 1995 872 2053 ἐν
930 1992 1031 2076 βίῳ
1085 1995 1390 2076 εἰλικρινεῖ,
1439 1994 1557 2067 ἤτοι
1610 1999 1862 2078 καθαρῷ,
1908 1996 2036 2079 πρὸς

2147 2001 2248 2062 est,
2272 1993 2329 2049 in
2358 1991 2465 2049 vita
2493 1993 2706 2050 sincera
2728 1995 2842 2050 sive
2869 2009 3026 2066 pura,
3057 2003 3119 2051 ut
3147 2003 3457 2067 opponatur
3481 1996 3706 2052 malitiae
3731 2015 3742 2051 :

441 2081 845 2156 ἀντιδιαστολὴν
891 2087 988 2154 τῆς
1032 2083 1222 2152 κακίας
1254 2107 1268 2121 °
1315 2085 1407 2144 καὶ
1456 2086 1678 2161 ἀληθεῖ,
1734 2086 2035 2162 τουτέστιν,

439 2172 801 2255 ἀνυποκρίτῳ,
857 2173 1070 2254 ἀδόλῳ,
1119 2173 1250 2254 πρὸς
1297 2174 1704 2250 ἀντιδιαστολὴν
1743 2179 1839 2248 τῆς
1869 2200 2034 2250 πονη-

439 2259 571 2340 ρίας.
604 2259 683 2322 Ἢ
728 2262 829 2336 τὸ,
886 2290 912 2318 ι
951 2261 1253 2338 Ἀληθείας,
1285 2290 1310 2317 η
1365 2263 1591 2324 δύνασαι
1639 2269 1855 2338 νοῆσαι,
1907 2267 2037 2348 πρὸς

438 2351 844 2424 ἀντιδιαστολὴν
875 2355 978 2412 τῶν
1017 2355 1263 2414 παλαιῶν
1306 2353 1487 2414 τύπων
1510 2398 1528 2426 ,
1561 2353 1746 2422 οἵτινες
1775 2357 1870 2415 οὐκ
1898 2347 2034 2428 ἦσαν

436 2439 685 2511 ἀλήθεια.
735 2442 998 2502 Βούλεται
1039 2442 1143 2525 γὰρ
1171 2443 1258 2503 τὸν
1314 2443 1674 2525 Χριστιανὸν,
1719 2447 1812 2504 καὶ
1843 2447 1948 2504 τῶν
1981 2448 2033 2506 ἐν

435 2535 504 2612 τῇ
537 2533 758 2613 Παλαιᾷ
799 2531 980 2591 τύπων
1032 2524 1317 2614 ὗπέρτερον
1362 2524 1523 2595 εἶναι.
1575 2530 1655 2594 Ἢ
1701 2534 2034 2613 εἰλικρίνειαν

438 2620 564 2696 μὲν,
601 2621 698 2693 τὴν
743 2622 1124 2704 καθαρότητα,
1157 2623 1193 2696 ἢ
1241 2621 1328 2682 διὰ
1369 2627 1466 2696 τῆς
1515 2622 1754 2704 πράξεως
1791 2624 2032 2702 γίνεται·

437 2710 690 2782 ἀλήθειαν
720 2710 808 2785 δὲ,
829 2709 926 2784 τήν
955 2711 1196 2792 θεωρίαν.

516 2827 540 2853 α
570 2797 826 2882 Ἔγραψα
875 2804 996 2878 ὑμῖν
1043 2804 1096 2862 ἐν
1237 2801 1563 2884 Ἐπιστολῇ,
1624 2803 1699 2880 μὴ
1730 2806 2026 2883 συναναμί-

435 2895 654 2966 γνυσθαι
703 2890 932 2972 πόρνοις,
957 2920 983 2944 ιι
1036 2891 1153 2978 Ἐνῌ
1184 2891 1312 2975 ποίᾳ
1357 2893 1660 2975 Ἐπιστολῇ
1673 2920 1690 2970 ;
1739 2894 1837 2956 Ἐν
1892 2897 2028 2978 αὐτῇ

433 2979 627 3058 ταύτῃ.
680 2971 903 3055 Ἐπειδὴ
955 2980 1062 3062 γὰρ
1102 2971 1246 3042 εἶπεν
1292 2971 1573 3066 ἀνωτέρω,
1624 2971 1706 3045 δτι
1751 3010 1776 3040 ι
1823 2971 2030 3046 Ἐκκαξ

435 3069 628 3150 θάρατε
660 3069 758 3142 τὴν
787 3072 1022 3131 παλαιὰν
1048 3070 1218 3150 ζύμην
1245 3117 1262 3146 ,
1308 3095 1358 3156 ιιΔ
1376 3073 1464 3133 τὸν
1492 3075 1915 3156 πεπορνευκότα,
1959 3079 2029 3145 ὡς

435 3159 753 3234 δεδήλωται,
785 3161 1168 3236 αἰνιττόμενος,
1201 3162 1268 3220 δι’
1298 3153 1359 3221 οἷ
1402 3153 1650 3235 ἐδηλοῦτο
1679 3164 1740 3223 τὸ
1787 3164 1862 3242 μὴ
1895 3189 2034 3225 συν-

433 3249 817 3328 αναμίγνυσθαι
861 3250 1072 3334 πόρνοις
1100 3251 1268 3320 ’ἴσως
1319 3253 1620 3326 ὑπενόησαν
1670 3252 1732 3313 ἂν
1765 3253 1846 3314 ὅτι
1890 3256 2028 3316 πάν-

430 3362 538 3398 των
569 3343 674 3398 τῶν
723 3340 930 3420 πόρνων
974 3342 1066 3400 καὶ
1117 3344 1221 3401 τῶν
1253 3345 1382 3421 παρ’
1419 3340 1662 3416 Ἕλλησι
1711 3343 2032 3426 χωρίζεσθαι

433 3428 530 3490 δεῖ.
566 3427 887 3510 Ἐρμηνεύει
918 3429 1091 3491 τοίνυν
1117 3431 1240 3512 περὶ
1269 3429 1436 3491 ποίων
1468 3431 1826 3513 παρήγγειλε.

515 3636 540 3660 ι
571 3607 677 3669 Καὶ
709 3611 768 3669 οὗ
799 3608 1013 3677 πάντως
1051 3614 1159 3678 τοῖς
1189 3611 1401 3692 πόρνοις
1435 3618 1526 3672 τοῦ
1577 3611 1784 3691 κόσμου
1813 3614 2031 3690 τούτου,

433 3696 468 3769 ἢ
513 3701 618 3764 τοῖς
668 3697 1048 3779 πλεονέκταις,
1087 3700 1123 3772 ἢ
1177 3700 1433 3782 ἅρπαξιν,
1487 3701 1521 3774 ἢ
1574 3703 1982 3784 εἰδωλολάτραις
2017 3729 2030 3742 ·

433 3787 549 3847 ἐπεὶ
598 3789 832 3870 ὀφείλετε
887 3790 992 3871 ἄρα
1039 3793 1099 3850 ἐκ
1153 3797 1246 3851 τοῦ
1306 3793 1509 3870 κόσμου
1566 3792 1810 3861 ἐξελθεῖν.
1859 3820 1885 3846 ι
1925 3795 2031 3869 Τὸ,

433 3906 458 3929 σι
495 3879 748 3952 Πάντως,
781 3907 806 3932 ι
839 3883 909 3947 ὣς
947 3879 1036 3939 ἐπὶ
1083 3881 1500 3962 ὡμολογημένον
1546 3882 1746 3942 τέθεικε
1777 3883 2031 3964 πράγμα-

432 3992 540 4036 τος.
571 3968 644 4030 ¢H
676 3969 914 4039 σύνταξις
959 3968 1014 4030 δὲ
1045 3970 1324 4051 τοῦλόγου
1369 3971 1590 4045 τοιαύτη
1623 3997 1636 4010 ·
1672 3974 1787 4034 Καὶ
1815 3974 2030 4044 πάντως

434 4061 491 4117 οὗ
539 4067 645 4127 τοῖς
691 4059 904 4140 πόρνοις
951 4066 1042 4121 τοῦ
1094 4061 1298 4140 κόσμου
1347 4061 1836 4143 συναναμίγνυσθαι
1888 4065 2026 4124 ἐκώ-

434 4150 570 4208 λυσα
591 4197 608 4226 ,
658 4148 934 4223 τουτέστι,
963 4151 1072 4220 τοῖς
1105 4155 1209 4210 τῶν
1240 4150 1523 4224 ⁶Ελλήνων
1551 4171 1566 4188 ⁶
1598 4153 1714 4212 ἐπεὶ
1740 4155 1926 4234 ἑτέραν
1957 4158 2032 4216 οἰ-

431 4238 694 4314 κουμένην
724 4240 959 4322 ὀφείλετε
993 4243 1243 4316 ζητῆσαι.
1281 4244 1408 4310 Πῶς
1447 4241 1549 4322 γὰρ
1587 4243 1806 4302 δυνατὸν
1829 4289 1846 4321 ,
1879 4246 1930 4303 ἐν
1965 4250 2031 4326 τῇ

435 4330 572 4409 αὐτῇ
617 4331 767 4390 πόλει
796 4329 1054 4390 πλειόνων
1085 4331 1248 4392 ὄντων
1279 4335 1384 4390 τῶν
1430 4330 1734 4407 Ἑλλήνων,
1781 4335 1858 4412 μὴ
1899 4358 2031 4394 συν-

435 4418 826 4501 αναμίγνυσθαι
853 4429 964 4488 τοῖς
987 4420 1238 4490 τοιούτοις
1266 4421 1322 4497 9;

521 4622 551 4652 (ί
583 4600 714 4661 Νυνὶ
751 4599 807 4660 δὲ
839 4601 1047 4684 ἔγραψα
1089 4605 1215 4680 ὖμῖν
1256 4603 1354 4684 μὴ⁴
1380 4603 1904 4681 συναναμίγνυσθαι,
1939 4605 2032 4665 ἐάν

428 4711 510 4754 τις
556 4689 777 4772 ἀδελφὸς
822 4683 1206 4770 ὀνομαζόμενος
1319 4690 1543 4772 πόρνος,
1596 4691 1633 4766 ἢ
1680 4695 2028 4771 πλεονέκτης,

432 4776 469 4847 ἢ
497 4779 914 4868 εἰδωλολάτρης,
944 4778 978 4852 ἣ
1006 4781 1239 4863 λοίδορος
1257 4829 1274 4856 ,
1300 4782 1336 4854 ἢ
1367 4781 1590 4860 μέθυσος
1612 4826 1628 4856 ,
1661 4781 1696 4856 ἢ
1731 4781 1928 4868 ἅρπαξ,
1955 4791 2032 4868 τῷ

431 4867 656 4954 τοιούτῳ
700 4869 836 4947 μηδὲ
870 4871 1176 4934 συνεσθίειν.
1219 4896 1247 4928 n
1280 4870 1477 4953 Ὁρᾷς,
1509 4875 1588 4931 ὅτι
1633 4874 1734 4954 οὐχ
1773 4863 1848 4940 εἶς
1877 4863 2032 4952 μόνος

433 4947 502 5028 ἦν
525 4956 744 5038 πόρνος,
795 4959 933 5020 ἀλλὰ
985 4959 1079 5019 καὶ
1116 4960 1319 5043 ἕτεροι,
1355 4947 1461 5021 καὶ
1519 4963 1573 5020 ἐν
1617 4947 1888 5045 διάῷόροις
1915 4989 2027 5045 ,κα-

430 5045 593 5114 κίαις.
649 5050 759 5109 Καὶ
811 5054 925 5117 πῶς
992 5050 1214 5132 ἀδελφὸς
1275 5048 1386 5128 ὢν,
1454 5043 1842 5134 εἰδωλολάτρης
1894 5043 2030 5116 εἶναι

431 5136 655 5198 δύναται
678 5163 696 5217 ;
737 5137 962 5219 σΩσπερ
993 5140 1082 5200 ἐπὶ
1112 5144 1218 5200 τῶν
1250 5143 1607 5221 Σαμαρειτῶν
1641 5141 1837 5218 συνέϐη
1870 5145 2034 5220 ποτὲ,

429 5223 483 5286 οἳ
547 5226 600 5297 ἐξ
650 5229 899 5308 ἡμισείας
945 5229 1206 5301 ηὐσέϐουν
1264 5253 1279 5269 ·
1334 5230 1494 5290 ὀὕτω
1549 5232 1642 5291 καὶ
1694 5235 1748 5292 ἐν
1803 5233 2034 5310 τούτοις,

429 5315 569 5384 τινὲς
625 5321 731 5378 τῶν
803 5318 1037 5379 εἰδώλων
1103 5319 1308 5401 εἴχοντο
1388 5321 1488 5381 εἴτι
1564 5321 1637 5382 ⁴⁰.
1699 5319 1902 5391 Ἄλλως
1975 5348 2032 5383 τε

431 5404 527 5464 καὶ
577 5408 1085 5487 προκαταϐάλλεται
1120 5409 1209 5468 τὸν
1258 5410 1381 5488 περὶ
1427 5413 1532 5470 τῶν
1582 5410 1654 5471 τὰ
1712 5413 2031 5473 εἰδωλόθυτα

432 5494 712 5556 ἐσθιόντων
743 5497 923 5578 λόγον.
963 5501 1158 5566 Καλῶς
1189 5499 1244 5558 δὲ
1292 5490 1409 5560 εἰπε
1434 5502 1496 5560 τὸ
1515 5545 1532 5573 ,
1573 5521 1601 5558 ‹‹
1631 5501 1877 5584 Ἀδελφὸς
1907 5505 2029 5562 ὀνο-

435 5584 754 5661 μαζόμενος.
791 5610 820 5645 ι
867 5584 1086 5668 Ὀνομα
1132 5587 1235 5671 γὰρ
1264 5589 1442 5669 ’μόνον
1482 5591 1711 5673 ἀδελφοῦ
1744 5591 1894 5673 ἔχει,
1924 5593 2034 5651 ὀὔκ

2145 2091 2202 2140 et
2236 2098 2386 2149 vera,
2422 2082 2529 2140 hoc
2564 2093 2668 2150 est,
2707 2083 2980 2157 hypocrisi
3010 2099 3076 2140 ac
3101 2083 3230 2140 dolo
3265 2093 3511 2153 vacante,
3544 2093 3606 2141 ut
3632 2101 3752 2142 ver-

2144 2173 2302 2230 sutiaa
2324 2181 2657 2245 opponatur.
2686 2196 2712 2223 ι
2728 2174 2825 2230 Vel
2847 2173 3136 2230 veritatem
3156 2193 3186 2226 »
3215 2173 3522 2246 intelligere
3543 2175 3752 2246 poteris

2147 2261 2220 2319 ad
2255 2262 2552 2320 discrimen
2581 2272 2830 2320 veterum
2858 2263 3184 2336 ﬁgurarum,
3216 2279 3340 2337 quae
3379 2279 3498 2320 non
3526 2263 3752 2321 fuerunt

2148 2352 2366 2408 veritas.
2425 2352 2556 2408 Vult
2610 2353 2763 2410 enim
2813 2352 3184 2409 Christianum
3237 2354 3512 2410 veteribus
3563 2353 3750 2426 figuris

2146 2441 2485 2514 superiorem
2529 2457 2670 2498 esse.
2718 2442 2816 2498 Vel
2845 2443 3216 2499 sinceritatem
3246 2442 3485 2515 accipies
3512 2458 3614 2514 pro
3640 2458 3747 2514 pu-

2142 2532 2304 2588 ritate
2327 2546 2453 2602 quae
2480 2547 2576 2604 per
2607 2546 2773 2604 opera
2802 2530 2862 2587 fit
2893 2549 2907 2585 :
2937 2531 3222 2588 veritatem
3249 2540 3450 2597 autem,
3483 2547 3582 2605 pro
3612 2547 3746 2589 con-

2143 2621 2526 2693 templatione.

2217 2806 2396 2861 Vens.
2435 2811 2490 2861 9.
2538 2826 2564 2852 ι
2601 2804 2800 2877 Scripsi
2831 2804 2998 2861 vobis
3024 2803 3076 2860 in
3111 2803 3382 2877 Epistula,
3412 2819 3481 2861 ne
3508 2805 3750 2861 commi-

2145 2894 2438 2952 sceremini
2465 2893 2906 2950 fornicatoribus.
2943 2916 2969 2943 ι»
3001 2896 3067 2949 In
3091 2909 3198 2966 qua
3234 2893 3510 2966 Epistola?
3551 2897 3616 2950 In
3647 2894 3752 2951 hac

2145 2985 2285 3058 ipsa.
2330 2985 2472 3042 Cum
2523 2984 2675 3041 enim
2704 2999 2868 3056 supra
2894 2984 3141 3053 dixisset,
3175 3007 3200 3034 (ι
3236 2986 3552 3057 Expurgate
3589 2992 3750 3041 vetus

2145 3074 2505 3142 fermentum,
2557 3097 2583 3123 υ
2633 3073 3046 3144 fornicatorem,
3076 3083 3140 3130 ut
3188 3089 3354 3146 supra
3400 3073 3613 3130 dictum
3643 3082 3751 3142 est,

2144 3164 2507 3232 subinnuens,
2553 3163 2700 3222 unde
2749 3163 3105 3237 perspicuum
3135 3162 3280 3233 fecit,
3330 3163 3479 3235 quod
3507 3162 3750 3220 fornica-

2143 3254 2359 3311 toribus
2395 3255 2745 3312 commisceri
2791 3269 2906 3311 non
2954 3261 3212 3327 oportet;
3267 3252 3528 3325 suspicati
3567 3262 3752 3310 essent

2146 3343 2379 3401 fortasse
2403 3344 2471 3401 ab
2499 3345 2760 3401 omnibus
2783 3343 3235 3415 fornicatoribus,
3267 3343 3335 3399 ab
3365 3342 3433 3399 iis
3459 3342 3624 3400 etiam
3656 3343 3752 3416 qui

2068 3409 2113 3472 C
2145 3434 2294 3506 apud
2317 3436 2545 3492 Graecos
2565 3441 2768 3500 essent,
2790 3433 3161 3491 recedendum
3176 3409 3316 3491 esse.
3342 3409 3748 3505 Interpretatur

2142 3525 2310 3597 igitur
2336 3524 2592 3598 qualibus
2621 3525 2902 3597 praecepit.

2212 3617 2384 3671 Vsus.
2421 3617 2506 3671 10.
2544 3633 2572 3666 «
2601 3616 2674 3670 Et
2701 3629 2812 3670 non
2835 3613 3066 3669 omnino
3097 3613 3529 3671 fornicatoribus
3555 3613 3748 3671 mundi

2139 3703 2320 3777 hujus,
2351 3712 2446 3760 aut
2484 3703 2686 3772 avaris,
2732 3710 2828 3760 aut
2849 3702 3162 3774 rapacibus,
3197 3710 3294 3758 aut
3324 3701 3602 3759 idolorum
3631 3702 3748 3759 cul-

2138 3793 2355 3850 toribus
2386 3813 2398 3849 :
2429 3793 2634 3866 alioqui
2657 3791 2970 3848 debueratis
2993 3806 3060 3847 ex
3089 3790 3196 3846 hoc
3225 3789 3437 3847 mundo
3467 3791 3683 3848 exiisse.
3720 3814 3745 3841 υ

2146 3905 2167 3932 τι
2221 3883 2488 3950 Omnino,
2524 3905 2551 3932 ι
2589 3890 2854 3954 tanquam
2874 3880 2943 3939 de
2971 3896 3031 3937 re
3070 3877 3327 3936 confessa
3363 3895 3428 3936 ac
3457 3878 3750 3937 manifesta

2141 3977 2342 4045 posuit.
2385 3975 2520 4030 Haec
2571 3987 2702 4029 vero
2729 3971 2896 4046 hujus
2929 3971 3199 4028 orationis
3243 3976 3328 4026 est
3357 3970 3695 4027 constructio
3730 3989 3743 4028 :

2141 4071 2211 4124 Et
2251 4067 2482 4124 omnino
2518 4082 2632 4124 non
2669 4065 2922 4139 prohibui
2951 4081 3023 4122 ne
3050 4080 3180 4122 cum
3212 4063 3410 4121 mundi
3446 4062 3747 4122 fornicato-

2139 4159 2295 4215 ribus
2340 4156 2823 4225 conversaremini,
2863 4155 2969 4213 hoc
3015 4163 3120 4224 est,
3173 4154 3383 4212 Graecis
3437 4174 3451 4210 :
3500 4153 3750 4228 alioquin

2138 4249 2313 4306 alium
2332 4257 2608 4306 terrarum
2641 4246 2834 4304 orbem
2861 4259 3107 4320 quaerere
3133 4252 3431 4316 oporteret.
3462 4244 3569 4316 Qui
3597 4246 3750 4305 enim

2141 4338 2258 4396 fieri
2290 4347 2507 4411 potest;
2545 4338 2710 4410 15o
2733 4353 2860 4395 cum
2889 4336 2947 4392 in
2985 4350 3095 4392 una
3117 4333 3421 4408 eademque
3449 4334 3586 4391 urbe
3623 4336 3748 4407 plu-

2141 4444 2229 4485 res
2256 4429 2366 4485 sint
2401 4428 2583 4487 Graeci
2611 4435 2665 4485 et
2691 4433 3025 4501 peccatores,
3049 4433 3110 4481 ut
3137 4440 3250 4481 non
3275 4425 3752 4482 commisceamini

2140 4519 2342 4577 talibus
2367 4521 2391 4574 ἱ)

2214 4616 2397 4671 Vsus.
2430 4619 2517 4670 11.
2547 4635 2572 4662 α
2618 4615 2778 4670 Nunc
2804 4619 2992 4668 autem
3018 4609 3209 4681 scripsi
3248 4608 3426 4676 vobis,
3455 4623 3569 4664 non
3601 4622 3751 4665 com-

2145 4702 2380 4771 misceri,
2411 4704 2459 4760 si
2489 4704 2536 4760 is
2572 4703 2666 4775 qui
2695 4702 2863 4759 frater
2905 4700 3246 4767 nominatur,
3290 4697 3360 4754 sit
3413 4695 3748 4755 fornicator.

2141 4801 2238 4850 aut
2287 4808 2508 4862 avarus,
2542 4801 2640 4850 aut
2675 4791 2954 4849 idolorum
3005 4789 3206 4858 cultor,
3247 4794 3343 4843 aut
3391 4786 3748 4857 conviciator,

2143 4889 2240 4938 aut
2262 4881 2531 4951 ebriosus,
2563 4889 2658 4938 aut
2697 4897 2890 4954 rapax,
2930 4895 3061 4936 cum
3087 4875 3407 4950 hujusmodi
3435 4892 3539 4934 nec
3566 4876 3752 4935 cibum

2142 4987 2377 5029 sumere.
2426 4994 2453 5022 ι
2490 4971 2660 5029 Vides
2684 4986 2797 5028 non
2831 4970 3058 5027 unicum
3090 4966 3454 5025 solummodo
3477 4974 3751 5025 scortato-

2140 5078 2262 5119 rem
2292 5059 2482 5131 fuisse,
2511 5061 2610 5119 sed
2646 5061 2912 5130 diversos,
2941 5059 3110 5133 idque
3137 5056 3196 5113 in
3220 5057 3386 5114 variis
3429 5056 3748 5114 sceleribus.

2143 5155 2220 5208 At
2245 5151 2525 5224 quomodo
2554 5151 2600 5208 is
2645 5151 2742 5225 qui
2785 5149 2954 5207 frater
2980 5157 3087 5214 est,
3117 5145 3396 5204 idolorum
3426 5146 3607 5203 cultor
3634 5160 3754 5202 esse

2146 5243 2366 5314 potest?
2405 5240 2888 5312 Quemadmodum
2937 5239 2996 5296 in
3048 5235 3410 5294 Samaritanis
3450 5235 3585 5291 olim
3619 5249 3755 5290 con-

2141 5332 2284 5406 tigit,
2329 5331 2426 5405 qui
2472 5347 2540 5388 ex
2586 5330 2818 5389 dimidia
2865 5336 3018 5402 parte
3056 5325 3128 5399 pii
3156 5332 3363 5392 essent,
3392 5324 3602 5397 Deique
3637 5325 3756 5380 cul-

2142 5429 2291 5478 tores
2341 5420 2667 5479 videbantur
2711 5441 2725 5474 :
2790 5419 2872 5477 sic
2927 5416 3075 5490 apud
3121 5414 3260 5470 istos
3289 5411 3508 5469 accidit.
3543 5415 3619 5469 Ex
3668 5412 3754 5468 his

2143 5511 2295 5566 enim
2325 5511 2578 5567 nonnulli
2618 5508 2778 5566 idolis
2827 5506 3216 5564 detinebantur
3242 5500 3442 5558 adhuc.
3473 5505 3754 5559 Praeterea

2145 5599 2288 5656 viam
2333 5597 2612 5672 praestruit
2659 5596 2902 5655 sermoni
2958 5611 3125 5670 quem
3171 5597 3240 5656 de
3293 5592 3354 5650 iis
3383 5633 3398 5662 ,
3451 5593 3541 5665 qui
3579 5589 3757 5662 idolis

1831 5727 2029 5787 Varie
2072 5726 2371 5786 lectiones.

521 5838 543 5872 ⁸
570 5841 844 5910 βαθύτητος
871 5841 954 5893 καὶ
980 5844 1197 5912 πονηρᾶς
1225 5861 1310 5913 γν.
1343 5857 1398 5898 ο.
1472 5842 1494 5874 ⁹
1518 5842 1794 5917 πόρνοιςξο.
1871 5843 1916 5877 ¹⁰
1951 5842 2026 5896 ἔτι
2054 5859 2133 5901 m.
