4090 6420
389 465 493 517 627

1437 462 1951 518 THEOPI-IYLACTI
1990 461 2345 518 BULGARIZE
2384 461 2698 517 ARCHIEP.

3597 461 3699 514 628

389 586 677 644 immolata
727 585 988 654 edebant,
1044 587 1330 644 habiturus
1381 596 1483 644 est.
1529 587 1763 644 Pulchre
1809 595 1992 644 autem

2107 587 2218 646 ἔστι
2267 587 2321 646 δὲ
2351 591 2417 665 τῇ
2450 587 2670 666 ἀληθείᾳ
2693 635 2708 660 ,
2742 594 2845 654 πᾶς
2883 587 2910 644 6
2952 594 3058 655 τοῖς
3106 584 3564 665 ἀπηριθμημένοις
3611 585 3696 642 ἔν-

387 677 545 746 dixit,
579 700 605 726 α
647 678 749 748 Qui
793 677 960 734 frater
994 678 1347 734 nominatur.
1391 701 1415 725 ι»
1456 679 1740 749 Siquidem
1782 694 1986 732 nomen

388 767 777 824 tantummodo
799 767 985 824 fratris
1010 767 1192 838 habet,
1234 783 1423 823 revera
1469 776 1654 823 autem
1683 767 1854 823 frater
1879 784 1990 822 non

389 863 494 923 est,
551 856 797 928 quisquis
829 857 1164 913 enumeratis
1206 857 1348 912 vitiis
1386 856 1659 912 obnoxius
1698 865 1798 912 est.
1832 855 1991 925 Quod

391 941 642 1018 inquit,ﬁ
695 946 892 1016 πόρνος,
943 953 1128 1016 potest
1170 961 1265 1017 per
1301 944 1745 1017 conjunctiouem
1781 945 1998 1016 disjun-

391 1034 590 1090 ctivam
615 1035 867 1108 intelligi,
905 1032 1134 1107 perinde
1176 1051 1240 1090 ac
1267 1035 1571 1106 sequentia.
1605 1037 1794 1090 Potest
1823 1037 1994 1089 etiam

389 1131 454 1179 ut
492 1125 720 1181 verbum
767 1124 940 1196 accipi
988 1140 1088 1197 pro
1140 1140 1205 1181 eo
1237 1124 1385 1197 quod
1431 1133 1534 1194 est,
1585 1125 1642 1181 Si
1680 1123 1802 1195 quis
1831 1122 1998 1179 frater

2098 700 2241 755 οχος.
2273 677 2354 737 Τὸ
2387 678 2472 747 δὲ,
2509 705 2529 728 σι
2560 667 2636 762 ’ᾞ
2687 677 2866 756 πόρνος
2892 722 2908 752 ,
2942 698 2970 733 n
3004 675 3226 734 δύναται
3253 673 3348 750 μὲν
3375 674 3467 733 καὶ
3495 677 3566 740 ὡς
3589 675 3702 730 δια-

2101 767 2365 834 ζευκτικὸς
2408 766 2698 838 σύνδεσμος
2751 770 3039 840 νοηθῆναι,
3097 765 3272 831 καθὼς
3314 763 3407 823 καὶ
3450 763 3518 823 τὰ
3565 762 3699 832 ἑξῆς,

2101 856 2321 914 δύναται
2348 855 2402 914 δὲ
2441 858 2532 914 καὶ
2576 859 2646 922 ὡς
2677 858 2822 936 ῥῆμα
2844 901 2860 931 ,
2907 854 3023 914 ἀντὶ
3049 859 3140 912 τοῦ
3159 899 3175 928 ,
3208 853 3341 914 Ἐάν
3372 877 3450 919 τις
3475 854 3700 933 ἀδελφὸς

2108 945 2490 1023 ὀνομαζόμενος
2534 937 2594 1024 ᾗ,
2625 943 2933 1018 τουτέστιν,
2977 943 3196 1024 ὑπάρχῃ
3233 943 3457 1024 πόρνος,
3501 940 3592 999 καὶ
3636 941 3702 1000 τὰ

2107 1032 2250 1108 ἑξῆς,
2315 1037 2390 1114 τῷ
2443 1035 2668 1115 τοιούτῳ
2715 1033 2850 1109 μηδὲ
2901 1031 3224 1108 συνεσθίειν,
3273 1032 3362 1091 ἵνα
3414 1029 3566 1110 γνοὺς
3617 1029 3703 1088 ὅτι

2109 1124 2381 1202 βδέλυγμα
2409 1128 2520 1183 ἐστι
2552 1123 2637 1183 διὰ
2666 1122 2761 1194 τὴν
2793 1121 2986 1180 κακίαν
3007 1165 3024 1193 ,
3054 1121 3365 1201 ἀπόσχηται
3395 1119 3615 1192 ταύτης.

387 1212 723 1277 nominatus,
765 1235 790 1262 α
837 1215 932 1283 sit,
968 1237 994 1263 υ
1032 1213 1139 1270 hoc
1168 1221 1273 1283 est,
1304 1214 1525 1270 exsistat
1553 1213 1876 1281 fornicator,
1904 1221 1992 1268 etc

2105 1236 2197 1276 um
2237 1221 2332 1276 tali
2362 1236 2434 1277 ne
2461 1219 2622 1276 cibus
2663 1219 2891 1292 quidem
2928 1217 3255 1287 sumendus,
3302 1225 3366 1274 ut
3394 1231 3702 1290 agnoscens

389 1317 448 1358 se
484 1301 958 1359 abominationem
986 1318 1104 1360 esse
1133 1311 1355 1376 propter
1391 1304 1591 1372 scelus,
1622 1303 1691 1358 ab
1720 1319 1786 1358 eo
1828 1302 2123 1364 abstineat.

461 1393 650 1448 Vnus.
686 1397 774 1448 12.
801 1416 826 1441 α
853 1393 999 1466 Quid
1030 1393 1178 1450 enim
1205 1393 1339 1448 mihi
1377 1393 1446 1448 de
1489 1393 1554 1448 iis
1579 1393 1672 1466 qui
1701 1390 1836 1448 foris
1865 1399 1995 1448 sunt

385 1479 632 1552 judicare
658 1486 682 1539 Ρ
729 1504 754 1531 ι
786 1483 896 1538 Eos
923 1482 1016 1554 qui
1045 1480 1182 1539 foris
1219 1491 1366 1548 sunt,
1423 1483 1646 1540 Graecos
1693 1482 1808 1537 sive
1839 1483 1991 1539 Gen-

392 1569 518 1627 tiles
561 1570 809 1627 nominat
847 1589 860 1628 :
892 1572 984 1644 qui
1013 1571 1176 1638 intus,
1219 1571 1580 1628 Christianos.
1624 1571 1786 1627 Nulla
1826 1571 1990 1635 mihi,

2187 1422 2218 1456 α
2251 1401 2322 1462 Τί
2367 1400 2469 1482 γάρ
2495 1404 2601 1479 ’μοι
2640 1401 2731 1460 καὶ
2777 1399 2896 1468 τοὺς
2949 1398 3050 1469 ἔξω
3079 1398 3312 1480 κρίνειν;
3348 1425 3372 1452 ιι
3408 1396 3554 1466 Ἐξω
3584 1397 3703 1464 τοὺς

2101 1486 2376 1562 εΈλληνας
2405 1490 2691 1569 ὀνομάζει·
2723 1490 2830 1549 ἔσω
2868 1488 2960 1563 δὲ,
2989 1487 3109 1556 τοὺς
3138 1489 3511 1568 Χριστιανούς.
3548 1487 3702 1547 Οὐδ-

2102 1577 2174 1644 είς
2205 1603 2330 1656 μοι,
2363 1580 2524 1661 φησὶ,
2555 1579 2705 1656 λόγος
2744 1579 2874 1659 πρὸς
2902 1578 3022 1646 τοὺς
3050 1577 3151 1647 ἔξω
3178 1602 3191 1616 ο
3232 1579 3360 1661 αὐτὸ
3383 1577 3485 1658 γὰρ
3516 1582 3696 1654 τοῦτο,

392 1657 589 1730 inquit,
612 1676 746 1717 cura
773 1661 842 1718 de
871 1661 939 1716 iis
985 1661 1078 1734 qui
1108 1659 1241 1717 foris
1283 1670 1415 1717 sunt
1448 1681 1459 1717 :
1490 1669 1704 1717 tantum
1729 1660 1876 1716 enim
1906 1668 1991 1716 est

2107 1667 2203 1735 ἔξω
2231 1673 2336 1728 τῶν
2367 1672 2506 1741 ἐμῶν
2544 1669 2718 1745 νόμων
2746 1668 2867 1726 εἰσί.
2908 1667 3162 1748 Περιττὸν
3203 1657 3292 1726 οὖν
3319 1667 3389 1726 τὰ
3420 1665 3696 1746 προστάγ-

391 1748 540 1821 quod
583 1750 678 1817 ait,
724 1753 892 1806 Extra
939 1766 1091 1807 meas
1141 1751 1284 1823 leges
1322 1759 1470 1806 sunt.
1505 1752 1986 1821 Supervacaneum

391 1837 576 1909 itaque
613 1837 758 1895 foret
781 1839 958 1912 legem
986 1841 1202 1896 sancire
1246 1841 1313 1896 iis
1343 1840 1433 1912 qui
1475 1847 1624 1896 extra
1667 1839 1871 1896 Christi
1903 1854 1989 1894 re-

388 1927 533 1998 giam
555 1936 611 1984 et
637 1929 824 1986 aulam
854 1939 1043 2003 agunt.
1073 1953 1098 1978 «
1131 1931 1485 2002 Quaecunque
1514 1930 1660 1986 enim
1693 1930 1774 1986 lex
1809 1928 1991 2000 loqui-

389 2023 502 2085 tur,
535 2017 620 2088 iis,
653 2019 750 2090 qui
778 2027 909 2076 sunt
931 2020 987 2074 in
1014 2020 1155 2092 lege,
1190 2019 1435 2090 loquitur
1456 2029 1509 2075 τι.
1545 2042 1572 2069 ν

461 2109 759 2175 Vnns.12,
807 2115 893 2165 13.
933 2130 958 2157 α
997 2110 1194 2164 Nonne
1229 2107 1300 2165 de
1330 2108 1394 2164 iis
1422 2109 1517 2180 qui
1544 2109 1689 2164 intus
1721 2114 1867 2176 sunt,
1895 2122 1992 2163 vos

384 2194 689 2268 judicatis?
722 2199 833 2253 Eos
855 2212 986 2253 vero
1013 2197 1107 2269 qui
1141 2197 1277 2254 foris
1299 2205 1450 2264 sunt,
1477 2199 1630 2253 Deus
1648 2195 1936 2270 judicabit.
1964 2218 1990 2245 ιι

391 2285 657 2342 Nonnulli
687 2285 1013 2357 particulam
1039 2285 1176 2357 οὖχὶ,
1218 2287 1274 2343 id
1312 2295 1416 2353 est,
1440 2302 1644 2355 nonne,
1681 2294 1885 2359 puncto
1914 2287 1995 2342 in-

309 2376 327 2392 ⁶
389 2378 768 2452 terstinguunt
795 2396 812 2435 :
840 2379 1036 2437 deinde
1071 2380 1140 2436 ab
1169 2381 1278 2436 alio
1308 2380 1572 2453 principio
1599 2382 1718 2437 sine
1755 2380 1993 2437 interro-

390 2469 612 2540 gatione
658 2469 846 2541 legunt
891 2487 906 2524 :
941 2493 966 2518 «
999 2472 1083 2525 De
1123 2470 1193 2526 iis
1237 2471 1328 2541 qui
1359 2469 1512 2526 intus
1543 2479 1691 2538 sunt,
1728 2483 1823 2526 vos
1849 2468 2000 2542 judi-

391 2557 546 2614 catis.
573 2581 599 2607 ι
634 2561 775 2616 Cum
800 2559 945 2614 enim
965 2575 1130 2632 supra
1167 2559 1426 2616 dixisset:
1461 2582 1488 2608 «ι
1519 2559 1663 2629 Quid
1683 2559 1833 2616 enim
1860 2559 1996 2615 mihi

390 2647 459 2704 de
495 2646 563 2703 iis
605 2648 694 2719 qui
727 2647 862 2704 foris
897 2655 1050 2718 sunt,
1073 2647 1358 2721 judicare?
1399 2672 1424 2698 ιι
1481 2649 1796 2716 subintulit,
1826 2650 1951 2704 Non
1986 2668 1999 2704 :

392 2737 547 2808 quasi
587 2735 756 2806 dicat,
797 2738 922 2794 Mea
949 2737 1084 2794 nihil
1114 2737 1285 2795 refert
1323 2739 1445 2796 illos
1457 2737 1731 2811 judicare.
1763 2738 2000 2808 Quidam

2101 1781 2246 1831 ματα
2276 1766 2369 1819 τοῦ
2411 1762 2554 1819 Θεοῦ
2583 1759 2624 1793 ¹¹
2669 1757 2868 1816 τιθέναι
2911 1766 3024 1824 τοῖς
3054 1757 3151 1828 ἔξω
3189 1761 3285 1828 τῆς
3323 1759 3561 1836 Χριστοῦ
3594 1756 3694 1814 αὖ-

2095 1848 2192 1917 λῆς
2223 1872 2236 1886 ⁸
2265 1847 2364 1908 ὅσα
2394 1849 2496 1930 γὰρ
2522 1853 2549 1909 6
2577 1847 2736 1925 νόμος
2766 1850 2958 1921 λαλεῖ,
2991 1855 3099 1914 τοῖς
3143 1849 3195 1906 ἐν
3217 1849 3306 1928 ⁵τῷ
3334 1845 3482 1927 νόμῳ
3517 1845 3692 1907 λαλεῖ,

2191 2141 2221 2177 (ι
2253 2119 2396 2200 Οὐχὶ
2440 2117 2561 2186 τοὺς
2600 2118 2707 2178 ἔσω
2756 2121 2904 2196 ὑμεῖς
2953 2116 3188 2197 κρίνετε;
3232 2115 3371 2184 Τοὺς
3425 2117 3480 2176 δὲ
3529 2115 3628 2184 ἔξω
3671 2115 3700 2173 6

2102 2209 2239 2276 Θεὸς
2268 2216 2452 2287 κρινεῖ.
2491 2231 2520 2267 ι
2571 2206 2726 2277 Τινὲς
2777 2210 2847 2275 εἷς
2883 2206 2972 2281 τὸ,
3019 2233 3045 2260 ι
3093 2206 3278 2287 Οὐχὶ,
3338 2229 3368 2266 (ι
3398 2205 3660 2272 στίζουσιν
3685 2228 3697 2241 ·

2103 2287 2217 2356 εἶτα
2265 2300 2358 2356 ἀπ’
2401 2297 2566 2369 ἄλλης
2609 2300 2778 2378 ἀρχῆς
2811 2295 3250 2377 ξᾶναγινώσκουσι
3293 2294 3458 2375 χωρὶς
3500 2293 3700 2374 ἐρωτή-

2104 2411 2233 2454 σεως
2263 2409 2276 2424 ·
2318 2386 2504 2454 «Τοὺς
2533 2387 2640 2446 ἔσω
2671 2391 2819 2465 ὑμεῖς
2863 2387 3092 2467 κρίνετε.
3121 2409 3149 2445 ι)
3193 2386 3376 2444 Εἰπὼν
3413 2384 3518 2464 γὰρ
3549 2385 3658 2444 ἄνω
3679 2430 3695 2457 ,

2103 2475 2183 2536 ὅτι
2209 2505 2231 2531 α
2254 2475 2324 2538 Τί
2345 2501 2434 2553 μοι
2460 2476 2576 2544 τοὺς
2603 2477 2703 2546 ἔξω
2726 2476 2952 2558 κρίνειν;
2978 2502 3001 2528 ι
3026 2475 3319 2555 ἐπήγαγεν,
3340 2477 3420 2534 ὅτι
3439 2501 3462 2526 α
3487 2473 3650 2553 Οὐχί·
3677 2503 3700 2526 ιι

2107 2565 2222 2625 ἀντὶ
2245 2572 2371 2640 τοῦ,
2406 2569 2525 2628 Οὔκ
2550 2567 2664 2626 ἔστι
2695 2591 2786 2644 μοι
2827 2566 2888 2625 τὸ
2933 2565 3128 2648 κρίνειν
3175 2566 3426 2632 ἐκείνους.
3458 2565 3618 2631 Τινὲς
3647 2562 3701 2622 δὲ

2107 2659 2385 2725 συναπτῶς
2414 2656 2506 2716 καὶ
2536 2659 2950 2738 ἐρωτηματικῶς
2985 2654 3437 2733 ἀναγινώσκουσιν
3469 2678 3484 2693 °
3507 2682 3532 2710 ι
3557 2652 3702 2732 Οὖχῖ

2167 2745 2182 2769 \
2270 2746 2298 2804 ἔ
2435 2749 2452 2772 ς
2535 2755 2554 2764 -
2700 2747 2715 2770 ι
2899 2745 2915 2779 ξ
2979 2744 2995 2766 θ
3244 2751 3277 2766 ο..
3439 2749 3455 2770 θ
3646 2743 3660 2765 \

2103 2769 2224 2813 τους
2299 2770 2376 2806 σω
2432 2771 2585 2824 υμεις
2629 2769 2864 2825 κρινετε;
2899 2771 2945 2824 ι»
2989 2745 3117 2805 Αντὶ
3183 2768 3314 2817 του,
3378 2745 3523 2827 Ουχὶ
3580 2767 3703 2809 τους

393 2841 521 2882 vero
538 2825 778 2898 junctim
797 2842 925 2882 cum
943 2826 1378 2900 interrogatione
1398 2829 1588 2900 legunt
1614 2849 1627 2886 :
1662 2850 1688 2876 α
1715 2830 1910 2885 Nonne
1933 2826 1996 2883 de

2107 2834 2458 2917 Χριστιανοὺς
2500 2835 2738 2918 ὀφείλετε
2787 2838 2935 2912 ὑμεῖς
2981 2835 3209 2914 κρίνειν;
3257 2833 3399 2902 Τοὺς
3448 2825 3501 2894 δέ
3549 2833 3646 2902 ἔξω
3677 2835 3704 2890 ὁ

394 2915 463 2972 iis
496 2915 771 2987 quiintus
801 2924 952 2985 sunt,
993 2933 1090 2974 vos
1121 2917 1386 2990 judicatis
1413 2921 1437 2974 ?
1465 2941 1492 2968 ν
1526 2917 1632 2974 hoc
1661 2925 1768 2986 est,
1799 2921 1995 2974 Nonne

2105 2915 2230 2992 Θεὸς
2276 2915 2638 3007 φοϐερώτερος
2684 2923 2937 2996 δικαστὴς
2965 2924 3366 3004 παραλήψεται.
3400 2922 3580 2984 ⁰Ωστε
3605 2966 3622 2995 ,
3655 2925 3700 2981 εἰ

393 3004 730 3062 Christiania
756 3005 912 3063 vobis
949 3006 1233 3079 judicandi
1259 3012 1433 3064 sunt?
1459 3010 1566 3064 Eos
1585 3023 1713 3064 vero
1733 3009 1826 3079 qui
1855 3005 1994 3063 foris

392 3103 540 3164 sunt,
592 3093 908 3152 horribilior
949 3095 1120 3169 judex
1190 3097 1456 3169 excipiet.
1487 3096 1744 3167 Proinde,
1775 3096 1877 3153 sia
1904 3113 1997 3154 vo-

391 3183 499 3253 bis,
525 3185 620 3258 qui
644 3183 795 3242 intus
830 3193 977 3255 sunt,
1005 3186 1350 3258 judicantur,
1391 3187 1491 3244 Dei
1519 3185 1814 3260 judicium,
1846 3185 1994 3259 quod

393 3275 696 3332 terribilius
735 3281 838 3346 est,
887 3275 1148 3334 evadent.

462 3385 490 3414 «ι
546 3363 777 3422 Auferte
822 3365 1034 3422 malum
1099 3382 1162 3422 ex
1208 3366 1361 3423 vobis
1409 3367 1616 3439 ipsis“.
1667 3389 1694 3417 ιι
1738 3367 1996 3424 Meminit

388 3452 683 3525 Scriptura:
702 3454 808 3510 loci
831 3455 892 3510 in
906 3455 1092 3512 Veteri
1111 3459 1488 3525 Testamento,
1511 3465 1573 3514 ut
1594 3465 1996 3514 commonstret

390 3541 542 3614 quod
593 3543 713 3616 jam
753 3543 890 3601 olim
935 3544 1232 3618 legislatori
1287 3547 1571 3620 placuerit,
1635 3556 1695 3604 ut
1747 3547 1992 3604 scelerati

390 3632 863 3690 exscinderentur.
890 3633 1056 3704 Quod
1073 3635 1170 3705 ait,
1195 3657 1222 3686 ‹‹
1248 3639 1329 3692 Ex
1345 3637 1500 3694 vobis
1521 3637 1674 3711 ipsis,
1701 3660 1726 3687 ι)
1755 3638 1998 3694 ostendit

392 3721 546 3796 quod
586 3722 742 3796 impii
789 3723 1027 3783 sublatio
1062 3725 1196 3798 ipsis
1222 3725 1422 3798 majori
1467 3728 1568 3784 erit
1595 3727 1990 3785 emolumento.

912 3893 1071 3967 151
1101 3912 1342 3969 CAPUT
1369 3913 1460 3968 vr.

462 4023 641 4077 Vnus.
686 4025 734 4076 1.
766 4041 793 4070 οι
826 4020 1013 4077 Audet
1040 4021 1234 4093 aliquis
1266 4028 1536 4090 vestrum,
1579 4018 1788 4076 habens
1829 4035 1996 4090 nego-

392 4109 538 4164 tium
563 4109 830 4166 adversus
849 4107 1080 4165 fratrem
1109 4125 1298 4176 suum,
1317 4108 1555 4180 judicari
1577 4109 1722 4181 apud
1743 4108 1996 4180 injustas,

391 4205 450 4254 et
477 4213 590 4253 non
614 4197 758 4270 apud
780 4203 1039 4255 sanctos?
1069 4219 1093 4247 ιι
1116 4198 1368 4270 Plerique
1393 4198 1447 4252 in
1467 4197 1794 4269 pecuniariis
1816 4198 1999 4254 causis

392 4286 746 4356 dissidentes,
763 4287 907 4360 apud
925 4289 1152 4345 Graecos
1165 4285 1387 4360 judices
1402 4287 1827 4354 contendebant,
1845 4295 2000 4358 utpo-

2101 3014 2229 3096 παρ’
2257 3017 2383 3092 ὑμῖν
2431 3019 2480 3075 οἱ
2513 3016 2617 3075 ἔσω
2669 3014 2972 3096 κρίνονται,
3027 3014 3370 3094 ἐκφεύξονται
3411 3015 3509 3088 τὴν
3541 3011 3701 3096 φοϐε-

2104 3103 2338 3186 ρωτέραν
2380 3106 2553 3187 κρίσιν
2578 3109 2670 3166 τοῦ
2701 3108 2866 3165 Θεοῦ.

2193 3395 2216 3421 ‹‹
2269 3366 2379 3428 Καὶ
2409 3365 2638 3447 ἐξαιρεῖτε
2669 3363 2758 3426 τὸν
2792 3364 2841 3402 ¹²
2877 3363 3106 3447 πονηρὸν
3154 3362 3208 3434 ἐξ
3257 3363 3405 3441 ὑμῶν
3435 3363 3635 3422 αὔτῶν.
3667 3382 3697 3420 n

2103 3455 2506 3535 Ἐμνημόνευσε
2557 3454 2760 3537 ῥήσεως
2797 3457 2852 3514 ἐν
3013 3455 3236 3533 Παλαιᾷ
3281 3451 3564 3530 κειμένης,
3616 3449 3705 3510 ἵνα

2106 3546 2246 3626 δείξῃ
2276 3545 2356 3604 ὅτι
2385 3546 2476 3604 καὶ
2524 3544 2720 3604 ἄνωθεν
2768 3545 2936 3604 ἐδόκει
2968 3546 3044 3625 τῷ
3079 3541 3340 3620 νομοθέτῃ
3382 3541 3503 3609 τοὺς
3532 3563 3704 3612 πονη-

2107 3635 2221 3716 ροὺς
2251 3633 2616 3712 ἐκτέμνεσθαι.
2651 3634 2732 3695 Τὸ
2753 3632 2832 3708 δὲ,
2865 3662 2888 3687 α
2917 3631 3010 3702 Ἐξ
3037 3635 3183 3711 ὑμῶν
3211 3632 3408 3708 αὐτῶν,
3446 3655 3470 3683 ι
3503 3628 3705 3690 δείκνυ·

2107 3750 2187 3786 σιν
2218 3725 2298 3784 ὅτι
2333 3727 2550 3803 ’μᾶλλον
2612 3725 2787 3784 αὐτῶν
2833 3721 3065 3805 ὠφέλειά
3101 3724 3242 3781 ἐστιν
3268 3725 3304 3793 ἡ
3360 3719 3570 3801 ἔξαρσις
3615 3725 3705 3780 τοῦ

2106 3819 2358 3896 πονηροῦ.

2682 3903 2984 3971 κΕφΑΑτ
3025 3903 3130 3981 ς’.

2193 4037 2223 4076 α
2283 4018 2477 4097 Τολμᾷ
2531 4039 2611 4083 τις
2687 4016 2836 4093 ὑμῶν
2889 4015 3022 4096 πρὸς
3094 4013 3184 4074 τὸν
3262 4011 3492 4094 ἀδελφὸν
3546 4014 3706 4072 αὑτοῦ

2107 4114 2334 4187 πρᾶγμα
2381 4105 2554 4186 ἔχων,
2589 4103 2858 4184 κρίνεσθαι
2906 4103 2996 4164 ἐπὶ
3047 4107 3154 4164 τῶν
3192 4101 3416 4176 ἀδίκων,
3449 4100 3542 4161 καὶ
3587 4103 3706 4181 οὐχὶ

2107 4197 2194 4256 ἐπὶ
2224 4199 2329 4253 τῶν
2361 4194 2527 4270 ἆγίων
2555 4217 2571 4268 ;
2608 4222 2633 4246 ι
2667 4195 2868 4252 Πολλοὶ
2907 4192 3253 4276 χρηματικὰς
3283 4190 3431 4259 δίκας
3457 4191 3700 4272 ἔχοντες,

2109 4284 2374 4365 ἐκρίνοντο
2400 4285 2544 4364 παρὰ
2575 4287 2685 4352 τοῖς
2711 4282 2951 4357 οἘλλησι
2985 4285 3293 4357 δικασταῖς,
3340 4280 3434 4340 ἅτε
3463 4304 3709 4360 νομομα-

392 4384 448 4432 te
477 4376 658 4448 legum
683 4377 903 4448 peritos.
930 4380 1055 4433 Hoc
1075 4378 1239 4450 igitur
1257 4391 1402 4432 nunc
1423 4376 1666 4449 corrigit,
1700 4375 1853 4448 quod
1883 4375 1994 4431 obi-

2105 4376 2235 4437 θέσι.
2283 4378 2458 4436 Τοῦτο
2527 4373 2697 4432 τοίνυν
2765 4374 3062 4453 διορθοῦται
3120 4370 3469 4452 παρεμπεσὸν
3527 4372 3598 4437 εἷς
3649 4371 3710 4430 τὸ

396 4475 478 4521 ter
503 4466 560 4521 in
606 4464 851 4523 medium
879 4466 1087 4524 incidit.
1131 4470 1437 4538 Postquam
1469 4467 1615 4521 enim
1655 4464 2000 4522 mentionem

305 4549 316 4562 ’
393 4554 522 4612 fecit
548 4572 862 4625 avarorum,
895 4565 1143 4613 actutum
1172 4554 1431 4612 efferbuit
1483 4568 1596 4627 prae
1644 4570 1841 4611 eorum
1871 4571 2001 4612 cura

395 4645 491 4716 qui
521 4645 646 4700 talia
679 4653 978 4718 patrarant.
1009 4648 1232 4701 Intuere
1258 4649 1444 4700 autem
1470 4643 1754 4717 quomodo
1809 4644 1998 4700 statim

393 4733 464 4789 ab
516 4733 675 4791 initio
719 4734 1154 4808 indignationem
1190 4749 1350 4790 suam
1391 4733 1672 4802 ostendat,
1713 4733 2000 4790 audaciam

395 4824 674 4896 appellans
691 4839 810 4880 rem
833 4825 997 4882 istam
1017 4841 1080 4882 ac
1107 4825 1626 4897 praevaricationem.
1661 4827 1788 4882 Non
1812 4835 2000 4882 autem

397 4912 551 4977 dixit,
577 4912 740 4984 Apud
780 4913 1044 4985 inﬁdeles,
1081 4914 1198 4981 sed,
1227 4937 1254 4964 α
1291 4914 1456 4986 Apud
1490 4914 1749 4986 injustos.
1800 4936 1826 4962 υ
1859 4916 1999 4971 Cum

395 5001 541 5058 enim
569 5002 614 5058 is
657 5002 748 5075 qui
770 5002 968 5075 litigat,
993 5003 1210 5075 justum
1242 5003 1458 5076 assequi
1500 5003 1734 5070 laborat,
1765 5002 2007 5060 ostendit

392 5107 488 5148 eos
553 5092 703 5150 istud
768 5091 917 5149 haud
979 5101 1330 5150 consecutos.
1387 5092 1582 5165 Injusti
1641 5092 1789 5148 enim
1854 5099 2003 5162 sunt,

392 5181 595 5254 inquit,
619 5180 836 5255 judices
875 5182 1060 5239 Graeci
1089 5200 1102 5238 :
1135 5182 1229 5254 qui
1272 5181 1442 5254 igitur
1494 5181 1594 5237 tibi
1616 5181 1765 5253 juste
1786 5181 2001 5255 judica-

391 5270 568 5328 bunt?
643 5273 880 5329 Sanctos
944 5280 1134 5329 autem
1183 5271 1372 5329 ﬁdeles
1413 5271 1676 5344 appellat,
1741 5287 1806 5328 ex
1869 5272 2002 5344 ipsis

394 5360 712 5418 nominibus
746 5360 1122 5418 differentiam
1157 5360 1583 5427 demonstrans;
1631 5361 1706 5416 illi
1758 5376 1998 5434 namque

391 5449 589 5522 injusti
614 5459 760 5521 sunt,
805 5451 893 5508 isti
932 5467 1066 5509 vero
1113 5451 1307 5508 sancti.

463 5541 639 5594 Vens.
679 5545 734 5595 2.
780 5563 807 5589 α
839 5544 928 5597 An
978 5541 1200 5599 nescitis
1234 5540 1384 5613 quod
1422 5543 1599 5599 sancti
1627 5542 1899 5601 mundum
1921 5541 2006 5615 ju-

465 5627 491 5654 ιι
523 5622 692 5674 Rom.
723 5635 814 5688 ιιι,
849 5626 938 5677 19.
1015 5634 1039 5656 υ
1063 5625 1232 5680 Deut.
1262 5637 1405 5692 xm,
1437 5627 1490 5678 5.
1703 5655 1706 5657 λ

2114 4463 2300 4542 μέσον.
2334 4463 2558 4536 Ἐπειδὴ
2592 4464 2694 4544 γὰρ
2728 4463 2968 4540 ἐμνήσθη
2997 4464 3362 4536 πλεονεκτῶν,
3395 4460 3542 4528 εὐθὺς
3565 4460 3710 4530 ἔζεσε

2108 4559 2175 4635 τῇ
2231 4553 2354 4632 περὶ
2400 4557 2504 4612 τῶν
2562 4552 2975 4634 ἁμαρτανόντων
3032 4551 3102 4610 τὰ
3155 4559 3379 4612 τοιαῦτα
3439 4548 3707 4631 φροντίδι.

2112 4644 2222 4705 Καὶ
2280 4643 2412 4724 ὅρα,
2463 4643 2604 4712 ὅπως
2660 4641 2822 4721 θυμὸν
2881 4639 3203 4732 ἐνδείκνυται
3260 4639 3315 4732 ἐξ
3358 4643 3567 4732 ἀρχῆς,
3618 4638 3710 4732 καὶ

2106 4734 2310 4812 τόλμαν
2353 4736 2509 4793 καλεῖ
2547 4732 2608 4792 τὸ
2647 4742 2876 4812 πρᾶγμα
2907 4731 3000 4790 καὶ
3039 4729 3402 4811 παρανομίαν.
3437 4731 3554 4790 Οὗκ
3598 4729 3712 4788 εἶπε

2109 4823 2202 4900 δὲ,
2232 4823 2364 4884 Ἐπὶ
2396 4825 2500 4882 τῶν
2552 4822 2793 4881 ἀπίστων
2813 4864 2830 4896 ,
2867 4823 3008 4895 ἀλλ’,
3059 4848 3082 4874 ιι
3115 4819 3247 4881 Ἐπὶ
3291 4822 3398 4878 τῶν
3440 4818 3659 4877 ἀδίκων.
3687 4843 3712 4870 ι

2112 4912 2336 4984 Ἐπειδὴ
2362 4910 2466 4992 γὰρ
2508 4914 2537 4970 6
2593 4911 2932 4989 δικαζόμενος
2987 4913 3078 4969 τοῦ
3109 4908 3312 4968 δικαίου
3352 4909 3533 4988 τυχεῖν
3585 4905 3712 4987 βού-

2113 5004 2263 5061 λεται
2281 5050 2297 5077 ,
2331 5003 2592 5066 δείκνυσιν
2622 5001 2810 5070 αὖτοὺς
2840 5000 3029 5060 τούτου
3063 5000 3121 5060 οὗ
3147 4997 3536 5079 τυγχάνοντας.
3567 4995 3714 5056 Ἀδι-

2113 5115 2198 5151 κοι
2226 5091 2362 5172 γὰρ,
2396 5090 2556 5173 φησὶν
2581 5135 2597 5165 ,
2625 5091 2756 5151 εἰσὶν
2787 5094 2836 5150 οἱ
2866 5090 3130 5172 κρίνοντες
3157 5089 3206 5127 ⁴³
3238 5088 3509 5161 Ἕλληνες
3536 5109 3552 5124 ο
3599 5088 3713 5151 πῶς

2115 5173 2204 5241 οὖν
2235 5205 2318 5240 σοι
2348 5181 2564 5248 δικαίως
2605 5185 2908 5261 κρινοῦσιν;
2941 5179 3141 5259 Ἀγίους
3184 5178 3278 5256 δὲ,
3325 5175 3448 5245 τοὺς
3495 5173 3713 5239 πιστούς

2111 5295 2295 5352 φησιν,
2331 5271 2386 5340 ἐξ
2411 5273 2584 5330 αὐτῶν
2610 5275 2716 5330 τῶν
2750 5271 3022 5348 ὀνομάτων
3071 5269 3273 5336 δεικνὺς
3303 5267 3402 5340 τὴν
3435 5263 3708 5346 διαφοράν·

2108 5364 2156 5421 οἱ
2187 5361 2282 5440 μὲν
2303 5361 2407 5443 γὰρ
2438 5360 2609 5422 ἄδικοί
2639 5364 2806 5434 εἰσιν,
2838 5363 2887 5420 οἳ
2923 5360 2978 5420 δὲ
3019 5358 3181 5438 ἅγιοι.

2199 5559 2225 5587 α
2250 5531 2327 5593 Ἢ
2351 5534 2446 5592 οὐκ
2476 5531 2653 5593 οἴδατε
2681 5530 2846 5611 [vulg
2881 5531 3022 5592 Ὀὖκ
3047 5527 3224 5588 οἴδατε
3247 5525 3355 5605 ὅτι]
3374 5525 3421 5585 οἳ
3443 5523 3584 5604 ἅγιοι
3618 5522 3711 5582 τὸν

1782 5697 1965 5754 Variae
2008 5694 2304 5754 lectiones.

465 5780 504 5814 “
535 5779 749 5851 Χριστοῦ
776 5795 855 5837 m.
934 5781 976 5815 ¹²
1025 5785 1080 5836 τό
1099 5799 1156 5839 ο.
1230 5785 1274 5819 ¹³
1301 5785 1585 5846 δικάζοντες
1608 5800 1664 5841 o.
