4090 6428
472 454 579 506 629

1334 453 1682 509 EXPOSITIO
1724 455 1788 510 IN
1828 454 2035 510 EPIST.
2081 455 2097 509 1
2139 457 2228 510 AD
2270 456 2426 511 (ΞΟΠ.
2478 487 2543 495 —
2587 458 2735 511 CAP.
2776 459 2863 512 Vl.

3683 466 3784 516 (330

472 576 676 654 κόσμον
708 581 1007 657 κρινοῦσινς
1052 604 1077 633 ι
1110 577 1338 650 Ἐπειδὴ
1381 580 1429 638 οἳ
1471 579 1651 639 πιστοὶ
1682 580 1889 639 ἰδιῶται
1928 580 2055 640 ὄντες

2183 579 2486 637 dicabunt?
2518 604 2542 630 υ
2577 582 2717 651 Quia
2766 580 2979 649 ﬁdeles,
3020 589 3211 655 utpote
3254 583 3481 651 indocti,
3530 586 3600 642 ad
3634 587 3786 642 litem

471 670 568 725 οὐκ
617 667 910 737 ἀξιόπιστοι
961 668 1171 728 ἐδόκουν
1224 669 1351 747 πρὸς
1390 668 1450 727 τὸ
1495 668 1739 745 τεμεῖν⁴⁴
1797 670 2067 744 ὑπόθεσιν,

470 757 801 825 ἀξιοπίστους
830 756 1018 824 αὖτοὺς
1063 767 1202 817 ποιεῖ
1249 760 1322 832 ⁴⁵,
1358 761 1566 840 πρῶτον
1611 758 1709 836 μὲν
1739 758 1921 836 ἁγίους
1972 784 2070 818 κα-

469 846 658 921 λέσας,
698 838 812 907 εἶτα
855 847 1048 921 εἰπὼν,
1100 849 1183 908 ὅτι
1229 847 1317 908 τὸν
1367 848 1567 927 κόσμον
1618 855 1880 928 κρινοῦσιν
1911 871 1926 887 ⁸
1974 850 2070 909 οὐκ

469 936 623 995 αὐτοὶ
663 937 953 1012 καθήμενοι
1012 938 1104 997 καὶ
1153 939 1449 1008 δικάζοντες
1483 939 1549 1019 (δ
1582 938 1685 1019 γὰρ
1737 939 1929 1019 Κύριος
1958 962 2070 1018 κρι-

469 1026 602 1105 νεῖ),
666 1028 805 1087 ἀλλὰ
854 1034 1283 1108 κατακρινοῦσιν.
1336 1026 1508 1089 Ὅταν
1572 1029 1675 1107 γὰρ
1731 1033 2071 1106 ὁμοιοπαθεῖς

465 1115 643 1189 ὄντες,
676 1120 955 1197 εὑρεθῶσιν
1005 1119 1152 1179 αὐτοὶ
1196 1117 1293 1196 μὲν
1342 1117 1752 1191 πιστεύσαντες,
1789 1120 1979 1177 ἐκεῖνοι
2012 1121 2068 1179 δὲ

469 1204 859 1279 ἀπιστήσαντες
883 1253 901 1287 ,
934 1210 994 1267 οὗ
1024 1206 1335 1290 κατάκρισις
1365 1214 1521 1267 τοῦτο
1550 1210 1655 1267 τῶν
1685 1207 1964 1283 ἀπίστων;

554 1405 586 1443 α
620 1383 727 1444 Καὶ
753 1385 799 1443 εἷ
833 1387 887 1444 ἐν
931 1387 1056 1463 ὑμῖν
1107 1384 1344 1465 κρίνεται
1373 1389 1401 1445 ὁ
1429 1385 1658 1464 κόσμος,
1697 1384 1904 1454 ἀνάξιοί
1947 1390 2065 1447 ἐστε

465 1474 751 1554 κριτηρίων
782 1474 1119 1554 ἐλαχίστωνς
1158 1498 1186 1532 ι
1221 1474 1369 1555 "Ope:
1390 1520 1406 1549 ,
1456 1479 1550 1534 οὐκ
1605 1466 1784 1549 εἶπεν,
1822 1475 1904 1535 ὅτι
1937 1475 2064 1556 ’Υφ’

464 1567 616 1640 ὑμῶν
648 1563 909 1645 κρίνεται,
952 1567 1095 1637 ἀλλ’,
1148 1592 1175 1619 α
1204 1564 1297 1623 Ἐν
1333 1566 1456 1641 ὑμῖν
1483 1588 1498 1604 ο
1524 1592 1549 1617 ιι
1580 1567 1850 1626 τουτέστιν
1873 1611 1890 1638 ,
1925 1565 2065 1627 (Υπὸ

466 1659 559 1711 τοῦ
591 1656 733 1713 Θεοῦ
789 1655 885 1730 μὲν
938 1654 1201 1732 κρίνεται,
1250 1658 1302 1714 ἐν
1360 1656 1485 1729 ὑμῖν
1541 1655 1594 1713 δὲ
1649 1656 2057 1735 κατακρίνεται,

468 1742 585 1801 ἀντὶ
614 1747 738 1817 τοῦ,
766 1743 861 1805 Ἐν
902 1747 979 1823 τῷ
1026 1747 1165 1819 ὕμᾶς
1211 1744 1508 1823 ὑπόδειγμα
1562 1735 1695 1805 εἶναι
1751 1744 2065 1804 πιστεύσαν-

462 1856 580 1899 τας.
613 1831 691 1893 Τὸ
715 1833 768 1892 δὲ
790 1878 807 1906 ,
853 1858 879 1886 ι
923 1832 1147 1902 Ἀνοίξιοί
1174 1836 1291 1893 ἕστε
1329 1834 1961 1915 κριτηρίωνέλαχίστων
1987 1880 2005 1909 ,
2041 1864 2063 1888 ι

2181 669 2552 727 dirimendam
2596 688 2713 727 non
2756 671 3084 727 videbantur
3140 672 3344 741 idonei,
3393 677 3781 733 auctoritatem

2182 761 2291 817 illis
2315 763 2571 819 conciliat
2603 781 2616 819 :
2650 763 2896 835 primum
2933 763 3156 835 quidem
3185 772 3402 820 sanctos
3430 767 3777 837 appellando,

2179 850 2373 908 deinde
2401 852 2732 909 afﬁrmando
2760 853 2910 926 quod
2954 852 3228 910 mundum
3274 864 3402 911 sunt
3425 854 3729 927 judicaturi
3766 873 3781 911 :

2179 957 2291 997 non
2323 942 2422 1013 ipsi
2459 942 2685 1015 quidem
2728 942 2985 999 sedentes
3022 959 3086 999 ac
3128 946 3464 1001 sententiam
3504 945 3783 1017 proferen-

2178 1040 2260 1087 tes
2281 1034 2577 1099 (Dominus
2599 1033 3070 1105 enimjudicabit),
3098 1050 3285 1091 verum
3310 1035 3781 1094 condemnabunt.

2179 1125 2315 1177 Cum
2344 1122 2492 1179 enim
2537 1123 2658 1195 ipsi,
2697 1124 2794 1197 qui
2834 1124 3104 1180 similibus
3144 1123 3531 1183 affectionibus
3559 1126 3785 1183 obnoxii

2176 1219 2356 1281 erant,
2404 1212 2612 1269 inventi
2672 1212 2883 1269 fuerint
2924 1212 3135 1283 ﬁdeles,
3186 1214 3262 1271 illi
3339 1230 3467 1271 vero
3508 1214 3781 1285 inﬁdeles,

2176 1314 2357 1358 nonne
2387 1301 2493 1359 hoc
2530 1302 2920 1359 condemnatio
2963 1310 3050 1360 est
3093 1303 3435 1361 inﬁdelium?

2250 1416 2274 1440 α
2327 1393 2487 1462 Quod
2542 1395 2586 1449 si
2641 1394 2696 1449 in
2751 1395 2906 1450 vobis
2949 1394 3235 1467 judicatur
3276 1394 3539 1464 mundus,
3579 1396 3784 1470 indigni

2175 1482 2301 1539 estis
2325 1482 2542 1553 judiciis
2572 1484 2820 1540 minimis
2868 1486 2891 1539 Ρ
2928 1507 2955 1533 ν
3006 1484 3254 1541 Observa
3291 1486 3440 1556 quod
3476 1501 3590 1541 non
3621 1486 3780 1554 dixit,

2180 1589 2211 1628 a
2248 1571 2402 1627 vobis
2430 1574 2729 1644 judicatur,
2768 1572 2887 1643 sed,
2937 1597 2963 1623 α
3022 1576 3088 1630 In
3130 1574 3323 1631 vobis:
3369 1597 3393 1623 ι
3444 1576 3551 1631 hoc
3603 1583 3710 1642 est,
3740 1592 3771 1631 a

2177 1665 2293 1717 Deo
2342 1661 2570 1733 quidem
2616 1663 2918 1735 judicatur,
2959 1664 3018 1719 in
3052 1664 3212 1720 vobis
3239 1672 3424 1721 autem
3453 1664 3787 1721 condemna-

2181 1760 2293 1820 tur,
2330 1768 2451 1823 pro,
2483 1768 2550 1808 ex
2603 1752 2709 1808 hoc
2757 1753 2907 1824 quod
2934 1769 3029 1809 vos
3064 1755 3347 1809 credentes
3383 1754 3451 1810 iis
3487 1754 3646 1811 eratis
3687 1771 3785 1825 pro
3866 1780 3871 1783 -

2182 1841 2453 1913 exemplo.
2510 1840 2670 1910 Quod
2708 1850 2892 1897 autem
2940 1842 3039 1910 ait,
3095 1865 3119 1890 ι
3149 1841 3363 1913 Indigni
3413 1842 3546 1899 estis
3567 1843 3787 1914 judiciis

461 1927 696 1983 τοιοῦτον
726 1922 837 2003 ἔχει
866 1928 1007 1986 νοῦν.
1041 1924 1261 1995 Ἐπειδὴ
1308 1924 1410 2002 γὰρ
1458 1914 1596 1992 εἰκὸς
1626 1914 1689 1997 ἦν
1728 1928 1916 1992 αὐτοὺς
1963 1925 2055 1984 ὓπέ

2172 1931 2437 1999 minimis,
2501 1952 2528 1979 ››
2574 1930 2897 2004 hujusmodi
2944 1946 3166 1987 sensum
3218 1930 3403 1987 habet.
3451 1933 3595 1988 Cum
3633 1931 3785 1987 enim

461 2013 568 2094 τῷν
613 2012 718 2072 ἔσω
775 2014 1116 2094 κρινομένους
1168 2014 1556 2091 αἰσχύνεσθαι,
1615 2014 1912 2074 τούναντίον
1967 2016 2061 2093 μὲν

462 2091 554 2159 οὖν
580 2100 721 2160 ἔστιν
754 2091 1015 2183 αἰσχύνη,
1066 2102 1257 2184 φησὶν,
1309 2102 1433 2162 ὅταν
1461 2105 1563 2164 ὑπὸ
1590 2106 1694 2163 τῶν
1725 2103 1909 2173 ἔξωθεν
1939 2091 2063 2185 κρί-

460 2196 633 2252 νεσθε.
667 2191 887 2253 Ἐκεῖνα
937 2193 1041 2274 γάρ
1091 2194 1232 2251 ἐστιν
1281 2192 1541 2274 ἐλάχιστα
1592 2194 1956 2276 δικαστήρια,
2002 2196 2062 2253 οὗ

460 2278 530 2339 τὰ
557 2280 678 2341 ἔσω.

543 2492 569 2519 ι
599 2466 716 2526 Οὔκ
770 2464 950 2525 οἴδατε
1000 2461 1084 2522 ὅτι
1144 2464 1399 2543 ἀγγέλους
1450 2470 1763 2543 κρινοῦμεν;
1820 2467 2065 2547 Μήτσιγε

462 2555 663 2637 [vulg.
699 2555 925 2635 μήτιγε]
965 2555 1235 2637 βιωτικιῇ
1269 2585 1292 2607 ιο
1346 2554 1622 2633 Ἄγγέλους
1662 2555 1782 2622 τοὺς
1812 2556 2067 2632 δαίμονάς

464 2634 621 2726 φησι.
682 2645 788 2705 Καὶ
836 2634 1054 2711 τούτους
1105 2634 1195 2702 οὖν
1221 2634 1697 2724 νκατακρινοῦμεν,
1750 2644 1875 2705 ὅταν
1934 2651 1981 2706 οἳ
2013 2652 2065 2707 ἐν

459 2734 624 2815 σαρκὶ
668 2738 825 2811 ἡμεῖς
883 2736 992 2793 τῶν
1040 2733 1347 2812 ἀσωμάτων
1402 2734 1576 2794 αὐτῶν
1627 2733 1788 2796 πλέον
1835 2739 2062 2818 εὖρεθῶ-

467 2846 565 2902 μεν
596 2824 827 2906 ἔχοντες.

537 2941 562 2967 ιι
604 2903 841 2974 Βιωτικὰ
873 2912 971 2992 μὲν
998 2903 1087 2972 οὖν
1114 2912 1363 2994 κριτήρια
1393 2913 1485 2973 ἐὰν
1515 2914 1716 2994 ἔχητε,
1747 2915 1867 2985 τοὺς
1908 2916 2057 2987 ἐξου-

452 3002 770 3081 θενημένους
848 3006 902 3065 ἐν
1103 3004 1443 3087 Ἐκκλησία,
1501 3006 1716 3073 τούτους
1792 3006 2055 3077 καθίζετε.

452 3093 601 3174 Πρὸς
650 3093 907 3174 ἐντροπὴν
950 3098 1073 3170 ὕμῖν
1121 3094 1263 3174 λέγω
1292 3117 1304 3131 ·
1364 3094 1528 3161 οὕτως
1579 3098 1675 3154 οὐκ
1730 3094 1807 3155 ἔνι
1846 3102 1898 3157 ἐν
1931 3100 2056 3170 ὑμῖν

453 3172 611 3265 σοφὸς
635 3172 752 3243 οὐδέ
777 3172 880 3257 εἶς,
913 3182 967 3250 ὃς
998 3172 1280 3255 δυνήσεται
1319 3186 1586 3264 διακρῖναι
1626 3183 1728 3242 ἀνὰ
1760 3185 1923 3261 μέσον
1962 3193 2056 3247 τοῦ

452 3274 682 3354 ἀδελφοῦ
728 3277 931 3347 αὓτοῦ;
981 3300 1009 3326 ιι
1060 3273 1162 3334 Ἐκ
1212 3276 1516 3353 περιουσίας
1550 3273 1865 3353 βουλόμενος
1916 3278 2049 3338 ἀπο-

447 3367 642 3434 στῆσαι
660 3361 846 3429 αὐτοὺς
866 3365 971 3422 τῶν
997 3362 1096 3431 ἔξω
1120 3363 1502 3443 δικαστηρίων,
1536 3364 1696 3442 φησὶν
1714 3409 1731 3441 ,
1762 3364 1847 3425 ὅτι
1872 3364 2038 3434 Ἰσως

450 3451 590 3511 εἴποι
621 3475 696 3519 τις
734 3452 830 3528 ἂν,
868 3452 951 3511 ὅτι
983 3454 1079 3511 οὖκ
1113 3452 1190 3511 ἔνι
1224 3455 1381 3536 σοφός
1418 3476 1493 3521 τις
1523 3456 1577 3512 ἐν
1613 3459 1681 3533 τῇ
1710 3454 2049 3537 Ἐκκλησία,

449 3546 478 3600 ὁ
508 3543 771 3621 διακρῖναι
800 3542 1108 3621 δυνάμενος.
1160 3545 1225 3602 Εἰ
1259 3545 1361 3623 γὰρ
1411 3543 1551 3602 κατὰ
1580 3544 1670 3603 τὸν
1714 3548 1864 3623 ὑμῶν
1894 3546 2053 3626 λόγον

450 3633 547 3690 οὐκ
574 3630 650 3689 ἔνι
697 3630 881 3714 σοφὸς,
934 3630 1053 3698 τοὺς
1083 3630 1514 3709 ἐξουθενημένους
1546 3635 1752 3709 μᾶλλον
1801 3634 2055 3704 δικαστὰς

448 3721 717 3794 καθίζετε,
764 3719 800 3791 ἢ
847 3720 969 3788 τοὺς
1022 3721 1297 3789 ἀπίστους.
1332 3725 1508 3782 Τοῦτο
1530 3721 1583 3780 δὲ
1618 3715 1764 3783 εἷπον
1792 3722 1923 3804 πρὸς
1960 3727 2049 3784 ἔν-

445 3812 649 3888 τροπὴν
690 3814 859 3889 ὑμῶν,
906 3811 1207 3892 συντρέχων
1350 3812 1534 3891 ψευδεῖ
1557 3812 1821 3895 προφάσει
1864 3817 2049 3891 ὑμῶν,

450 3899 567 3957 ἐπεὶ
626 3899 730 3979 ἄρα
781 3898 1018 3971 τοσαύτη
1072 3900 1263 3967 σπάνις
1315 3900 1429 3960 ἐστὶ
1478 3906 1653 3983 σοφῶν
1706 3901 1841 3981 παρ’
1894 3907 2050 3980 ὑμῖν,

448 3988 591 4047 ὥστε
617 3988 736 4057 τοὺς
788 3992 1013 4056 εὐτελεῖς
1064 3989 1156 4048 καὶ
1200 3993 1634 4070 ἷδιωτικωτέρους
1681 3992 1903 4074 κρίνειν.
1936 3995 2050 4072 Τὸ,

453 4099 483 4133 α
524 4077 773 4160 Ἀδελφοῦ
828 4077 884 4138 δὲ
939 4082 1185 4152 αὕτοῦ,›)
1255 4078 1586 4160 προσέθηκε,
1643 4082 1919 4158 σημαίνων
1972 4083 2053 4142 ὅτι

445 4164 535 4225 ὅτε
565 4164 614 4205 ⁴⁶
656 4166 785 4248 πρὸς
812 4166 901 4225 τὸν
951 4168 1178 4247 ἀδελφόν
1233 4168 1377 4226 ἐστιν
1423 4172 1457 4240 ἡ
1506 4169 1662 4245 δίκη,
1696 4170 1816 4229 οὐδὲ
1845 4174 2052 4244 πολλῆς

444 4254 602 4334 χρεία
658 4254 926 4321 ποικιλίας
982 4255 1074 4313 καὶ
1127 4254 1403 4334 γνώσεως,
1464 4258 1558 4317 ἅτε
1615 4263 1709 4331 τῆς
1766 4260 2053 4342 ἀδελφικῆς

445 4343 727 4413 διαθέσεως
794 4344 972 4406 πολλὰ
1028 4346 1383 4427 συνεργούσης
1432 4347 1563 4427 πρὸς
1612 4346 1764 4409 λύσιν
1816 4353 1913 4422 τῆς
1966 4375 2048 4431 φι-

446 4435 729 4503 λονεικίας.

534 4552 557 4577 ει
598 4524 757 4585 Ἀλλὰ
787 4525 1011 4606 ἀδελφὸς
1042 4525 1175 4603 μετὰ
1204 4528 1433 4609 ἀδελφοῦ
1466 4528 1703 4608 κρίνεται
1722 4574 1738 4603 ,
1770 4529 1862 4588 καὶ
1896 4534 2052 4590 τοῦτο

445 4614 535 4671 ἐπὶ
565 4614 837 4689 ἀπίστων;
875 4640 906 4673 ι)
945 4616 1177 4676 Διπλοῦν
1207 4616 1267 4673 τὸ
1297 4616 1483 4693 κακὸν,
1521 4617 1601 4677 ὅτι
1638 4641 1694 4676 τε
1734 4619 1864 4697 πρὸς
1888 4622 2046 4680 ἀδελ-

445 4702 541 4782 φὸν
562 4708 597 4775 ἡ
628 4705 799 4783 κρίσις
817 4750 837 4783 ,
873 4705 963 4763 καὶ
992 4704 1075 4763 ὅτι
1105 4705 1192 4764 ἐπὶ
1227 4706 1484 4769 ἀπίστων.

531 4819 558 4846 α
604 4790 751 4869 Ἤδη
784 4794 880 4873 μὲν
930 4788 1017 4854 οῦν
1064 4794 1200 4861 ὅλως
1244 4794 1461 4873 ἥττημα
1493 4802 1545 4857 ἐν
1574 4800 1697 4875 ὑμῖν
1742 4798 1921 4873 ἐστιν,
1962 4799 2045 4859 ὅτι

441 4881 676 4963 κρίματα
730 4884 881 4965 ἔχετε
931 4887 1047 4961 μεθ’
1080 4887 1304 4945 ἑαυτῶν.
1348 4914 1372 4938 ιν
1436 4887 1705 4967 Πρότερον
1768 4890 1943 4948 ἀνεῖλε
1983 4890 2045 4949 τὸ

441 4972 710 5050 κρίνεσθαι
756 4976 908 5056 παρὰ
959 4978 1066 5041 τοῖς
1118 4976 1363 5043 ἀπίστοις
1389 4999 1403 5013 ·
1433 4977 1545 5037 νυνὶ
1591 4977 1647 5036 δὲ
1690 4978 1781 5037 καὶ
1824 4978 1953 5037 αὐτὸ
1986 4981 2046 5039 τὸ

438 5061 576 5128 ὅλως
592 5063 860 5143 κρίνεσθαι
888 5068 1111 5144 ἀναιρεῖ,
1136 5066 1330 5142 λέγων,
1356 5064 1435 5124 ὅτι
1461 5095 1485 5117 σι
1514 5064 1700 5134 Ὅλως
1718 5067 1938 5144 ἥττημα
1966 5093 1979 5106 ·
2010 5093 2038 5127 ι)

438 5152 709 5227 τουτέστι,
760 5155 1116 5234 Κατοίκρισις,
1149 5154 1397 5234 αἰσχύνη,
1437 5155 1519 5215 ὅτι
1559 5156 1695 5225 ὅλως
1740 5157 1889 5238 ἔχετε
1921 5158 2045 5239 κρίο-

442 5262 593 5314 ματα
610 5286 627 5313 ,
651 5242 917 5315 τουτέστι,
954 5240 1102 5306 δίκας
1150 5245 1268 5314 μετ’
1293 5244 1541 5315 ἀλλήλων
1573 5270 1587 5283 ’
1614 5252 1770 5305 τοῦτο
1797 5247 1900 5325 γάρ
1930 5250 2044 5307 ἐστι

442 5271 627 5314 penu,
651 5271 917 5315 τουτεστι,
954 5271 1102 5306 cum;
1150 5271 1251 5314 μετ
1293 5271 1541 5315 αΛΛηΛων
1573 5271 1587 5283 ’
1614 5271 1770 5305 τουτο
1797 5271 1865 5325 γα
1930 5271 2043 5307 εστι

438 5325 499 5381 τὸ
522 5370 540 5398 ,
576 5353 602 5381 ι
639 5330 777 5390 Μεθ’
816 5331 1044 5389 ἑαυτῶν.
1080 5354 1105 5378 ι
1138 5327 1512 5410 Ἐμφαντικῶς
1558 5334 1612 5393 δὲ
1645 5338 1802 5392 τοῦτο
1850 5271 1996 5394 εςπεν
2029 5358 2043 5372 ⁸

440 5416 659 5506 ἑαυτοὺς
713 5418 819 5501 γὰρ
896 5417 1180 5506 ὀφείλομεν
1239 5420 1538 5499 λογίζεσθαι
1612 5426 1661 5483 οἱ
1728 5424 2045 5506 Χριστιανοὶ

442 5503 563 5575 τοὺς
592 5505 742 5590 [ὡς]
778 5505 1055 5591 ἀδελφούς.

2170 2020 2462 2077 verisimile
2491 2028 2636 2076 esset
2662 2022 2809 2092 ipsos
2856 2021 2926 2076 ab
2969 2021 3034 2077 iis
3063 2020 3156 2092 qui
3182 2020 3332 2075 intus
3356 2028 3512 2075 erant
3541 2019 3774 2093 judica-

2170 2122 2260 2171 tos
2303 2110 2593 2182 pudeﬁeri;
2625 2126 2654 2166 e
2693 2109 2930 2179 diverso,
2969 2110 3161 2182 inquit,
3197 2110 3591 2167 contumeliam
3626 2117 3782 2166 retu-

2170 2192 2370 2269 leritis,
2396 2201 2439 2256 si
2471 2200 2539 2256 ab
2568 2200 2675 2257 illis
2719 2200 2813 2272 qui
2843 2200 2978 2256 foris
3025 2207 3180 2266 sunt,
3211 2199 3317 2255 hoc
3352 2208 3456 2267 est,
3488 2199 3558 2255 ab
3585 2198 3780 2255 inﬁde-

2173 2288 2318 2344 libus
2340 2287 2689 2360 judicemini.
2718 2288 2948 2345 Minima
2984 2288 3136 2345 enim
3163 2296 3297 2345 sunt
3327 2287 3413 2344 illa
3442 2286 3773 2355 tribunalia;

2174 2396 2300 2453 qua:
2333 2382 2484 2437 intus
2521 2391 2651 2439 sunt
2692 2399 2804 2439 non
2834 2383 2987 2439 item.

2246 2475 2426 2529 Vens.
2463 2478 2513 2528 3.
2550 2496 2574 2521 α
2625 2473 2857 2529 Nescitis
2892 2473 3042 2546 quod
3077 2474 3296 2545 angelos
3346 2473 3727 2546 judicabimus
3756 2478 3782 2531 Ρ

2176 2569 2384 2633 quanto
2438 2562 2616 2633 magis
2656 2562 2978 2618 saecularia?
3021 2584 3046 2610 ιο
3080 2563 3323 2634 Angelos
3360 2562 3647 2620 daemones
3692 2581 3785 2638 ap-

2175 2651 2361 2722 pellat,
2422 2666 2563 2723 quos
2617 2650 3129 2720 condemnabimus,
3192 2651 3412 2724 quando
3469 2668 3571 2708 nos
3616 2668 3783 2710 carne

2174 2739 2375 2808 vestiti,
2426 2740 2765 2811 incorporeis
2820 2741 2939 2798 istis
2993 2741 3315 2798 substantiis
3364 2742 3782 2800 excellentiores

2174 2829 2447 2886 fuerimus
2474 2832 2698 2903 reperti.

2244 2921 2425 2976 Vsus.
2454 2925 2508 2987 4,
2542 2924 2595 2976 5.
2633 2939 2659 2974 «
2689 2920 2903 2977 Judicia
2929 2920 3102 2993 igitur
3119 2920 3198 2992 de
3238 2920 3402 2978 rebus
3430 2924 3783 2995 temporariis

2174 3010 2218 3065 si
2270 3009 2535 3079 habeatis,
2583 3010 2677 3083 qui
2720 3011 2781 3067 in
2837 3011 3081 3068 Ecclesia
3135 3012 3442 3085 contempti
3477 3022 3623 3081 sunt,
3681 3029 3779 3071 eos

2174 3098 2506 3155 constituite.
2554 3098 2647 3155 Ad
2697 3098 3082 3155 verecundiam
3132 3107 3374 3157 vestram
3430 3099 3552 3157 dico
3622 3120 3635 3156 :
3685 3100 3779 3157 Sic

2090 3208 2134 3271 ρ
2173 3204 2287 3244 non
2340 3197 2425 3245 est
2469 3188 2613 3245 inter
2659 3203 2756 3244 vos
2794 3189 3123 3262 quisquam,
3169 3189 3262 3262 qui
3320 3190 3491 3262 possit
3527 3189 3779 3262 judicare

2161 3283 2305 3337 inter
2327 3279 2554 3336 fratrem
2578 3284 2786 3337 suum?
2843 3302 2870 3327 ι
2900 3280 2985 3336 Ab
3015 3280 3246 3337 exoticis
3272 3280 3476 3354 judicis
3507 3296 3601 3337 eos
3624 3296 3781 3338 Γονο-

2163 3386 2287 3425 care
2327 3372 2538 3438 volens,
2574 3386 2640 3427 ex
2671 3370 2974 3427 abundanti
3004 3371 3200 3444 adjicit
3244 3391 3257 3426 :
3306 3374 3521 3429 Forsan
3581 3372 3779 3430 dixerit

2163 3459 2457 3531 quispiam,
2476 3458 2621 3530 quod
2642 3474 2757 3514 non
2782 3459 2852 3514 sit
2868 3459 3092 3530 sapiens
3118 3459 3282 3531 152
3300 3460 3356 3515 in
3376 3460 3642 3526 Ecclesia,
3664 3461 3758 3533 qui

2161 3548 2462 3619 dijudicare
2513 3547 2701 3619 possit.
2738 3547 2792 3604 Si
2841 3547 2991 3605 enim
3036 3548 3341 3604 secundum
3374 3559 3613 3606 vestram
3658 3548 3772 3605 exi-

2162 3638 2542 3693 stimationem
2586 3652 2701 3692 non
2743 3643 2827 3692 est
2879 3636 3118 3708 sapiens,
3186 3645 3535 3711 contemptos
3580 3639 3767 3712 potius

2161 3725 2367 3797 iudices
2426 3726 2763 3794 constituite,
2823 3741 2995 3798 quam
3047 3725 3312 3783 inﬁdeles.
3372 3728 3531 3785 Istud
3581 3736 3770 3786 autem

2162 3814 2295 3877 dixi.
2333 3815 2402 3871 ad
2445 3815 2833 3871 verecundiam
2877 3823 3135 3882 vestram,
3190 3815 3339 3870 inani
3384 3823 3580 3873 vestrae
3621 3830 3771 3888 prte-

2161 3905 2332 3961 textui
2356 3905 2701 3962 consentiens
2743 3925 2755 3961 :
2804 3902 3257 3977 quandoquidem
3300 3912 3454 3960 tanta
3500 3912 3586 3960 est
3627 3904 3771 3962 rari-

2158 4001 2241 4050 tas
2291 3995 2598 4066 sapientum
2626 3993 2773 4067 apud
2817 4010 2935 4063 vos,
2996 4000 3058 4049 ut
3107 3993 3240 4049 viles
3284 4004 3341 4049 et
3414 3992 3759 4051 indoctiores

2154 4082 2428 4156 judicium
2488 4091 2798 4139 exerceant.
2848 4104 2874 4132 α
2938 4083 3194 4138 Fratrem
3234 4097 3420 4149 suum,
3460 4106 3486 4132 ιο
3542 4084 3764 4157 adjecit,

2160 4173 2407 4229 indicans
2437 4173 2588 4246 quod
2625 4174 2673 4229 si
2716 4172 2937 4245 quando
2981 4172 3244 4228 adversus
3271 4173 3504 4230 fratrem
3532 4174 3606 4230 sit
3634 4191 3770 4232 conv

2161 4262 2361 4331 tentio,
2392 4262 2535 4317 varia
2564 4278 2757 4319 rerum
2802 4261 3120 4334 cognitione
3158 4277 3271 4317 non
3301 4269 3385 4317 est
3431 4277 3593 4333 opus,
3624 4264 3766 4321 affe-

2161 4353 2343 4408 ctione
2368 4352 2640 4408 nimirum
2672 4350 2912 4408 fraterna
2939 4350 3011 4408 ad
3046 4351 3157 4409 litis
3203 4351 3543 4409 solutionem
3571 4368 3767 4425 coope-
3862 4402 3865 4405 ,

2162 4448 2341 4496 rante.

2236 4533 2415 4587 Vnus.
2448 4536 2498 4587 6.
2538 4554 2563 4579 «ι
2612 4530 2719 4587 Sed
2745 4530 2911 4587 frater
2938 4547 3068 4587 cum
3117 4530 3285 4587 fratre
3300 4529 3506 4602 judicio
3534 4539 3764 4588 conten-

2162 4618 2262 4687 dit,
2292 4628 2347 4676 et
2372 4619 2477 4677 hoc
2497 4620 2643 4692 apud
2667 4620 2953 4676 inﬁdeles?
2981 4639 3010 4672 η
3043 4620 3255 4691 Duplex
3280 4619 3510 4684 malum,
3536 4627 3591 4674 et
3615 4620 3765 4691 quod

2156 4724 2284 4781 erga
2313 4708 2541 4765 fratrem
2566 4710 2640 4766 sit
2651 4709 2945 4781 judicium,
2966 4717 3022 4765 et
3047 4708 3194 4780 quod
3228 4707 3377 4780 apud
3404 4706 3674 4765 inﬁdeles.

2226 4801 2407 4855 Vens.
2448 4806 2502 4854 7.
2542 4824 2567 4848 u
2620 4802 2746 4854 Jam
2777 4797 3004 4871 quidem
3034 4798 3266 4853 omnino
3294 4795 3562 4853 delictum
3594 4806 3677 4854 est
3704 4798 3763 4854 in

2156 4888 2329 4955 vobis,
2367 4888 2630 4960 quoniam
2654 4888 2862 4961 judicia
2892 4887 3106 4944 habetis
3134 4886 3279 4942 inter
3305 4889 3694 4960 vosmetipsos.
3732 4910 3758 4937 ιι

2155 4980 2331 5035 Antea
2371 4978 2477 5034 hoc
2498 4979 2740 5046 sustulit,
2776 4977 2927 5050 quod
2966 4978 3343 5051 iudicarentur
3370 4977 3517 5049 apud
3564 4977 3759 5034 inﬁde-

2156 5068 2233 5123 les
2264 5088 2276 5123 :
2305 5084 2452 5124 nunc
2480 5076 2664 5124 autem
2696 5068 2879 5139 ipsam
2904 5068 3139 5124 omnino
3168 5067 3628 5138 disceptationem
3658 5068 3765 5122 tol-

2154 5157 2238 5225 lit,
2277 5158 2576 5229 inquiens:
2636 5176 2664 5209 «
2714 5158 2958 5213 Omnino
2984 5166 3068 5213 est
3114 5155 3403 5219 delictum,
3471 5177 3499 5204 ι
3556 5156 3614 5212 id
3656 5164 3760 5225 est,

2153 5247 2547 5304 condemnatio
2599 5256 2654 5303 et
2701 5248 2900 5319 pudor,
2943 5246 3212 5319 quoniam
3263 5244 3496 5302 omnino
3541 5243 3761 5302 habetis

2149 5336 2381 5410 judicia,
2409 5338 2517 5394 hoc
2562 5346 2666 5405 est,
2708 5352 2909 5394 causas
2941 5335 3252 5413 judiciarias
3296 5335 3440 5391 inter
3468 5350 3568 5391 vos
3612 5336 3757 5391 invi-

2155 5442 2301 5494 cem,
2335 5427 2442 5483 hoc
2464 5427 2613 5483 enim
2643 5434 2729 5482 est
2757 5424 2907 5499 quod
2934 5425 3032 5494 ait,
3066 5447 3091 5473 σι
3127 5425 3279 5479 Inter
3306 5422 3691 5493 vosmetipsos.
3728 5449 3753 5475 ιι

2156 5516 2483 5585 Emphatice
2519 5532 2648 5572 vero
2679 5516 2784 5571 hoc
2811 5513 2967 5571 dixit.
3000 5516 3115 5571 Nos
3143 5514 3294 5569 enim
3332 5510 3627 5569 Christiani
3656 5509 3767 5567 fra-

2157 5613 2270 5662 tres
2298 5614 2521 5663 nostros
2548 5604 2913 5677 nosmetipsos
2940 5603 3259 5661 existimare
3285 5601 3569 5661 debemus.

1844 5709 2036 5769 Variae
2078 5710 2386 5772 lectiones.

515 5784 560 5818 “
589 5785 774 5857 κρίνειν
798 5802 853 5844 0.
930 5788 975 5823 ³⁵
1006 5793 1155 5842 καλεῖ
1180 5804 1234 5845 o.
1314 5787 1356 5823 ¹⁶
1376 5787 1483 5843 ἐπεὶ
1509 5805 1562 5846 ο.
