4090 6420
452 445 556 498 633

1312 439 1666 496 EXPOSITIO
1706 440 1772 494 IN
1807 437 2012 494 EPIST.
2055 438 2074 493 Ι
2114 437 2203 492 AD
2244 437 2399 492 COR.
2437 465 2510 477 -
2539 436 2692 491 CAP.
2738 436 2823 490 Vl.

3659 436 3761 493 635

451 567 533 626 ὅτι
563 566 780 636 Ἔξεστί
828 590 919 644 μοι
960 575 1148 648 φαγεῖν
1195 567 1286 626 καὶ
1319 575 1488 641 πιεῖν,
1541 566 1658 624 ἀλλ’
1694 566 1753 624 οὗ
1785 564 2029 646 συμφέρει

2157 562 2293 618 mihi
2321 561 2482 618 edere
2525 568 2582 617 et
2610 559 2816 628 bibere,
2860 557 2956 616 sed
2983 575 3095 615 non
3127 564 3308 632 potest
3339 559 3527 618 isthaac
3555 559 3760 618 immo-

450 657 589 735 μετὰ
616 656 876 739 ἀμετρίας
901 665 1070 718 ταῦτα
1097 656 1151 693 ³³
1175 657 1364 718 ποιεῖν.

536 775 559 799 α
593 748 787 809 Πάντα
825 770 914 827 μοι
946 747 1176 821 ἔξεστιν,
1209 749 1331 807 ἀλλ’
1351 747 1446 808 οὔκ
1485 746 1590 825 ἐγὼ
1629 743 2042 817 ἐξουσιασθήσο-

451 862 552 916 μαι
587 837 690 896 ὑπό
713 861 882 916 τινος,
910 837 987 900 ³³.
1006 865 1028 890 υ
1057 837 1251 919 Κύριός
1281 840 1414 912 εἶμι,
1444 837 1597 917 φησὶ,
1628 842 1718 896 τοῦ
1742 844 1928 916 φαγεῖν
1954 833 2046 893 καὶ

446 936 608 986 πιεῖν·
638 930 759 987 ἀλλ’
804 927 894 988 ἐὰν
925 927 1130 995 τούτοις
1175 927 1404 1003 ἐμαυτὸν
1436 927 1572 986 ἐκδῶ
1600 925 1878 1006 ἀμέτρως,
1921 927 2042 985 δοῦ-

447 1019 540 1086 λος
589 1020 765 1076 αὐτῶν
816 1017 934 1078 ἀντὶ
973 1017 1155 1096 κυρίου
1189 1016 1542 1096 εὖρεθήσομαι
1587 1015 1663 1078 ²⁴.
1703 1014 1771 1076 Ὀ
1814 1016 1910 1094 μὲν
1941 1013 2043 1094 γὰρ

446 1109 520 1174 εἷς
585 1107 702 1166 δέον
755 1108 931 1175 αὐτοῖς
1003 1106 1368 1188 κεχρημένος,
1419 1104 1578 1173 αὐτὸς
1639 1105 1812 1164 αὐτῶν
1867 1103 2045 1184 κύριός

444 1198 589 1256 ἐστιν
621 1219 636 1236 ο
685 1199 715 1255 ὁ
754 1196 807 1256 δὲ
837 1199 909 1266 εἰς
948 1195 1208 1278 ἀμετρίαν
1235 1197 1384 1266 ἐξιὼν
1410 1242 1428 1274 ,
1455 1194 1632 1255 οὐκέτι
1660 1195 1837 1276 κύριος
1857 1240 1872 1267 ,
1904 1193 2044 1253 ἀλλὰ

449 1287 633 1352 δοῦλος
662 1285 1102 1367 αὗτῶνίγίνεται,
1153 1291 1251 1360 τῆς
1303 1285 1638 1367 ἀδδηφαγίας
1677 1287 1731 1344 ἐν
1769 1286 1914 1365 αὐτῷ
1942 1309 2040 1344 τυ-

449 1374 762 1454 ραννούσης.
808 1366 962 1444 Εἶδες
985 1423 1002 1452 ,
1039 1381 1155 1444 πῶς
1185 1376 1272 1436 τὸν
1305 1366 1586 1454 νομίζοντα
1630 1373 1870 1442 ἐξουσίαν
1901 1375 2042 1454 ἔχειν

445 1463 638 1533 ἔδειξεν
688 1464 1023 1541 ὓπεξούσιον;
1077 1465 1281 1528 Σκόπει
1327 1465 1432 1546 γάρ
1463 1489 1478 1502 ·
1526 1463 1779 1525 Ἐκείνων
1821 1464 2042 1531 ἕκαστος

442 1555 655 1634 ἔλεγενο
700 1554 918 1624 Ἔξεστί
964 1581 1056 1634 μοι
1103 1566 1342 1637 τρυφᾷν’
1391 1555 1549 1621 αὖτός
1591 1578 1755 1637 φησι,
1815 1554 1895 1613 ὅτι
1940 1555 2042 1634 οὐχ

439 1645 607 1713 οὕτως
635 1645 764 1706 αὐτὸ
791 1648 957 1706 ποιεῖν
1006 1646 1060 1686 ³⁵
1105 1650 1177 1714 ὡς
1220 1645 1458 1716 ἐξουσίαν
1504 1644 1644 1724 ἔχων
1687 1648 1885 1717 αὐτοῦ,
1918 1647 2037 1703 ἀλλ’

437 1738 511 1803 ὣς
556 1739 624 1816 τῇ
669 1736 882 1818 ἐξουσίᾳ
927 1736 1098 1817 ταύτῃ
1157 1736 1316 1804 αὐτὸς
1372 1734 1741 1810 ὑποκείμενος.
1792 1737 1880 1818 Οὔ
1934 1733 2037 1813 γὰρ

437 1825 579 1904 ἔχεις
623 1817 869 1895 ἐξουσίαν
895 1831 990 1899 ἧς
1019 1829 1272 1908 γαστρὸς,
1315 1825 1416 1894 ἕως
1451 1824 1514 1885 ἂν
1561 1824 1764 1892 ἄσωτος
1790 1817 1884 1905 ᾗς,
1919 1825 2036 1883 ἀλλ’

439 1913 576 1989 αὕτη
607 1939 700 1975 σου
723 1915 819 1988 τὴν
845 1915 1080 1985 ἐξουσίαν
1113 1917 1247 1998 ἔχει.

529 2032 554 2057 αι
586 2004 674 2066 Τὰ
721 2007 985 2087 βρώματα
1111 2006 1286 2088 κοιλίᾳ
1309 2052 1326 2078 ,
1368 2005 1460 2066 καὶ
1489 2009 1524 2078 ἡ
1557 2004 1733 2067 κοιλία
1762 2013 1872 2074 τοῖς
1898 2003 2039 2085 βρώ-

439 2117 593 2171 μασι.
629 2119 659 2151 ι
723 2095 944 2157 Κοιλίαν
993 2096 1090 2171 τὴν
1145 2096 1578 2177 γαστριμαργίαν
1635 2096 1832 2178 φησὶν,
1888 2097 1946 2155 οὗ
1977 2093 2038 2154 τὸ

433 2182 591 2259 μέλος
614 2187 797 2261 ἡμῶν·
826 2185 1090 2266 βρώματα
1121 2187 1208 2258 δὲ,
1241 2185 1335 2259 τὴν
1366 2186 1626 2266 ἀμετρίαν
1666 2189 1774 2244 τῶν
1807 2185 2037 2265 βρωμά-

435 2297 563 2335 των.
597 2274 779 2348 Φησὶν
809 2265 899 2334 οὖν
930 2274 1011 2334 ὅτι
1052 2279 1087 2348 ἡ
1120 2275 1348 2355 ἀμετρία
1380 2278 1484 2334 τῶν
1527 2274 1827 2355 βρωμάτων
1853 2319 1870 2347 ,
1908 2275 2040 2354 πρὸς

434 2360 536 2434 τὴν
563 2365 1024 2446 γαστριμαργίαν,
1072 2364 1250 2446 φιλίαν
1282 2365 1374 2424 καὶ
1411 2366 1715 2438 οἰκειότητα
1746 2363 1858 2444 ἔχει
1884 2408 1900 2437 ,
1932 2370 2034 2424 κά-

436 2451 588 2525 κείνη
632 2453 760 2533 πρὸς
800 2453 1000 2528 ταύτην
1028 2473 1042 2489 ⁸
1070 2454 1162 2514 καὶ
1191 2456 1251 2514 οὗ
1287 2454 1508 2513 δύναται
1537 2461 1708 2513 ταῦτα
1737 2452 1868 2532 πρὸς
1895 2456 2035 2532 Χρι-

434 2543 560 2601 στὸν
596 2547 737 2620 ἡμᾶς
770 2545 1023 2623 ἀγαγεῖν,
1060 2543 1178 2603 ἀλλ’
1211 2547 1425 2612 ἑαυταῖς
1466 2544 1890 2624 παραπέμπουσι
1913 2541 2036 2613 τοὺς

431 2631 768 2711 πειθομένους
797 2636 1002 2707 αὐταῖς,
1044 2638 1078 2707 ἡ
1109 2633 1338 2716 ἀμετρία
1468 2633 1904 2716 γαστριμαργίᾳ,
1936 2634 2030 2692 καὶ

433 2721 613 2794 ἐκείνη
643 2721 836 2804 ταύτῃ.

518 2834 546 2868 α
574 2810 644 2872 Ὀ
675 2811 731 2871 δὲ
771 2814 908 2882 Θεὸς
945 2813 1036 2873 καὶ
1069 2811 1270 2888 ταύτην
1302 2813 1394 2874 καὶ
1421 2818 1594 2873 ταῦτα
1623 2814 1975 2895 καταργήσει.
2007 2842 2030 2867 ι

430 2902 516 2961 Οὐ
540 2900 636 2973 τὴν
667 2906 934 2984 γαστέρα,
960 2903 1101 2962 ἀλλὰ
1148 2903 1243 2976 τὴν
1273 2904 1707 2983 γαστριμαργίαν
1734 2926 1748 2941 ο
1778 2903 1898 2963 οὐδὲ
1935 2903 2030 2977 τὴν

428 2989 630 3071 τροφὴν
651 3037 669 3065 ,
700 2993 840 3052 ἀλλὰ
866 2993 963 3064 τὴν
986 2994 1270 3074 ἀμετρίαν.
1298 2994 1378 3054 Τὸ
1405 2993 1489 3067 δὲ,
1525 3019 1549 3046 α
1584 2993 1930 3073 Καταργήσει
1953 3041 1970 3074 ,
2004 3020 2028 3047 νο

427 3077 564 3146 τινὲς
607 3080 904 3163 μένξζφασιν
929 3127 945 3156 ,
982 3081 1065 3141 ὅτι
1113 3083 1499 3163 προαγόρευσις
1541 3081 1696 3142 τοῦτό
1744 3085 1856 3142 ἐστι
1907 3084 2040 3164 περῖ

424 3174 518 3229 τοῦ
549 3169 832 3248 μέλλοντος
856 3174 1044 3240 αἰῶνος
1062 3217 1079 3246 ,
1119 3171 1200 3231 ὅτι
1230 3177 1324 3233 οὐκ
1357 3171 1499 3233 ἔστιν
1531 3174 1643 3231 ἐκεῖ
1669 3176 1877 3253 φαγεῖν,
1909 3173 2028 3233 οὔτε

426 3263 585 3320 πιεῖν.
621 3261 729 3321 Καὶ
770 3264 814 3321 εἷ
861 3261 923 3321 τὸ
965 3262 1286 3343 συμμέτρως
1335 3271 1522 3344 φαγεῖν
1552 3263 1648 3321 οὐκ
1696 3263 1838 3323 ἔστιν
1888 3265 2026 3339 ἐκεῖ,

424 3351 610 3428 πολλῷ
642 3352 848 3428 μᾶλλον
882 3356 917 3424 ἡ
949 3352 1176 3433 ἀμετρία
1205 3351 1296 3411 καὶ
1328 3357 1363 3424 ἡ
1392 3351 1795 3432 γαστριμαργία
1827 3376 2028 3433 καταρ-

424 3440 716 3516 γηθήσεται
747 3439 821 3503 ³⁵.
872 3440 940 3501 Ὁ
965 3442 1019 3502 δὲ
1054 3442 1320 3520 Θεολόγος
1348 3441 1446 3514 τὴν
1491 3442 1932 3522 καταργουμένην
1979 3443 2025 3476 ²⁸

425 3527 619 3587 αὐτίκα
669 3529 765 3588 σὺν
821 3533 932 3597 τοῖς
995 3530 1442 3611 καταργουμένοις
1501 3530 1778 3612 βρώμασιν
1827 3532 2023 3607 εἰπὼν,

425 3617 692 3690 ἐδήλωσεν
738 3619 821 3679 ὅτι
871 3620 985 3697 ἅμα
1025 3625 1102 3699 τῷ
1131 3625 1448 3700 κορεσθῆναι
1497 3629 1844 3701 καταργεῖται
1895 3625 1928 3692 ἡ
1958 3622 2025 3682 τὰ

424 3707 601 3767 πολλὰ
635 3708 766 3778 τέως
787 3712 1041 3781 ζητοῦσα.
1077 3713 1129 3771 Τ
1137 3709 1238 3780 ινὲς
1269 3711 1325 3771 δέ
1356 3734 1515 3791 φασιν
1535 3755 1553 3786 ,
1586 3709 1668 3770 ὅτι
1696 3711 1794 3783 τὴν
1824 3712 2025 3793 παραί-

423 3819 564 3857 νεσιν
588 3801 720 3880 εὐχῇ
766 3799 1187 3882 ἐπεσφράγισεν,
1233 3799 1585 3877 ἐπευξάμενος
1615 3803 1688 3869 ὡς
1716 3799 1779 3859 ἂν
1821 3823 2022 3882 καταρ-

421 3888 610 3964 γηθείη
632 3935 650 3969 ,
677 3888 843 3969 ἤγουν
887 3889 1116 3966 παυθείη
1147 3890 1240 3950 καὶ
1271 3896 1305 3963 ἡ
1339 3891 1568 3973 ἀμετρία
1598 3890 1691 3951 καὶ
1715 3894 1750 3963 ἡ
1797 3913 2022 3972 γαστρι-

424 4001 502 4053 μα
510 4001 647 4057 ργια.

508 4090 538 4123 α
573 4070 622 4128 Τ
624 4068 652 4127 ὸ
682 4068 738 4128 δὲ
765 4071 926 4146 σῶμα
955 4071 1015 4130 οὗ
1137 4069 1381 4152 πορνείᾳ,
1415 4070 1555 4130 ἀλλὰ
1589 4075 1666 4152 τῷ
1699 4069 1902 4151 Κυρίῳ,
1932 4071 2022 4130 καὶ

418 4160 448 4214 ὃ
477 4157 668 4239 Κύριος
697 4162 776 4239 τῷ
805 4159 1041 4234 σώματι.
1072 4182 1101 4217 n
1138 4159 1279 4221 Ἰδοὺ
1315 4159 1528 4234 ἔδειξεν,
1556 4160 1639 4220 ὅτι
1669 4161 1759 4221 διὰ
1783 4161 1873 4219 τὸν
1899 4162 2021 4242 περὶ

417 4250 515 4317 τῆς
577 4248 824 4328 πορνείας
872 4248 1027 4326 λόγον
1088 4251 1212 4330 περὶ
1261 4251 1688 4332 γαστριμαργίας
1743 4251 2017 4332 προεῖπεν.

419 4334 726 4397 Ἀκόλουθον
786 4339 883 4417 μὲν
914 4339 1017 4420 γὰρ
1046 4339 1100 4379 ³⁸
1142 4332 1205 4412 ἦν
1256 4341 1421 4400 εἰπεῖν
1446 4364 1461 4379 ο
1495 4341 1577 4401 Τὸ
1624 4340 1680 4400 δὲ
1723 4344 1912 4418 σῶμα,
1958 4341 2018 4399 οὗ

419 4434 528 4493 τοῖς
564 4425 863 4507 βρώμασιν,
892 4429 1011 4488 οὐδὲ
1144 4429 1322 4509 κοιλίᾳ
1341 4452 1356 4468 ο
1382 4432 1410 4488 ὁ
1433 4429 1487 4488 δὲ
1519 4433 1621 4511 οὐχ
1654 4428 1820 4497 οὕτως
1850 4420 2016 4502 εἶπεν,

2157 652 2346 708 derate
2372 650 2571 707 facere.

2231 747 2257 774 σι
2288 724 2489 781 Omnia
2518 721 2657 778 mihi
2685 721 2872 789 licent,
2919 720 3020 778 sed
3046 737 3148 794 ego
3177 721 3280 778 sub
3318 722 3521 779 nullius
3545 723 3761 797 redigar

2155 821 2444 886 potestate.
2491 834 2519 865 ››
2567 813 2846 869 Dominus
2886 827 3032 878 sum,
3089 812 3284 885 inquit,
3333 810 3531 869 edendi
3586 822 3642 870 et
3683 813 3761 871 bi-

2153 903 2314 960 bendi
2345 921 2359 960 :
2393 919 2587 960 verum
2611 903 2656 958 si
2698 918 2788 958 me
2821 901 2940 958 istis
2986 900 3348 958 immoderate
3391 901 3616 970 dedam,
3644 918 3758 960 ser-

2153 1008 2253 1049 vus
2279 1008 2473 1049 eorum
2517 1007 2616 1065 pro
2642 991 2870 1048 domino
2910 989 3174 1048 inveniar.
3207 993 3351 1047 Nam
3400 991 3496 1063 qui
3540 991 3620 1048 illi
3645 992 3760 1048 uti-

2152 1089 2243 1139 tur
2289 1082 2366 1139 uti
2413 1081 2590 1147 decet,
2636 1081 2738 1138 iste
2765 1081 2988 1137 illorum
3032 1080 3300 1137 dominus
3327 1089 3411 1137 est
3443 1102 3455 1138 :
3492 1083 3589 1154 qui
3627 1099 3758 1139 vero

2150 1171 2207 1227 in
2231 1170 2712 1245 intemperantiam
2736 1168 3023 1239 dilabitur,
3049 1185 3161 1225 non
3201 1169 3436 1241 amplius
3472 1170 3752 1240 dominus,

2150 1252 2245 1309 sed
2281 1268 2470 1308 servus
2526 1267 2722 1308 eorum
2767 1251 2857 1319 sit,
2919 1250 3212 1322 gulositate
3267 1249 3529 1306 nimirum
3573 1251 3628 1307 in
3664 1252 3756 1308 illo

2150 1351 2438 1415 regnante.
2490 1341 2684 1399 Vidisti
2715 1339 3001 1414 quomodo
3043 1355 3197 1409 eum,
3230 1339 3325 1412 qui
3370 1355 3430 1397 se
3472 1348 3743 1412 potestate

2151 1431 2447 1503 praeditum
2503 1430 2807 1497 existimat,
2865 1429 3154 1486 subditum
3212 1445 3333 1486 esse
3416 1430 3758 1489 ostenderit?

2149 1520 2430 1594 Perpende
2479 1520 2626 1577 enim
2686 1540 2700 1577 :
2745 1519 2985 1590 Quilibet
3030 1535 3226 1576 eorum
3287 1518 3548 1587 dicebat;
3601 1520 3760 1577 Licet

2150 1609 2286 1666 mihi
2332 1611 2661 1681 voluptuose
2702 1610 2883 1666 vivere
2945 1627 2958 1664 :
3001 1609 3098 1666 Ille
3140 1609 3291 1676 dicit,
3332 1609 3482 1682 quod
3541 1609 3597 1666 id
3640 1626 3756 1666 non

2150 1699 2376 1771 perinde
2417 1699 2571 1768 facis,
2599 1716 2662 1756 ac
2687 1700 2734 1755 si
2766 1707 3099 1772 potestatem
3145 1697 3345 1754 habeas
3383 1699 3438 1754 in
3475 1697 3632 1769 illud,
3661 1701 3757 1757 sed

2150 1789 2316 1845 veluti
2343 1789 2471 1845 huic
2516 1789 2632 1862 ipse
2660 1788 2923 1861 potestati
2950 1789 3027 1844 sis
3051 1787 3352 1860 subjectus.
3394 1790 3541 1844 Nam
3578 1805 3753 1862 quan-

2067 1899 2116 1962 B
2147 1877 2241 1935 diu
2271 1879 2642 1950 intemperans
2688 1893 2900 1946 manes,
2943 1892 3060 1933 non
3105 1877 3278 1934 habes
3323 1885 3650 1949 potestatem
3699 1879 3755 1934 in

2151 1976 2420 2037 ventrem,
2447 1967 2544 2024 sed
2568 1967 2675 2024 iste
2714 1967 2776 2022 in
2802 1974 2858 2022 te
2901 1973 3235 2036 potestatem
3286 1973 3538 2037 occupat.

2224 2041 2404 2096 Vsus.
2435 2045 2521 2096 13.
2552 2063 2578 2088 α
2611 2043 2766 2097 Escae
2800 2038 2998 2104 ventri,
3045 2045 3102 2094 et
3129 2045 3323 2094 venter
3350 2037 3506 2094 escis.
3543 2059 3570 2085 ι
3601 2039 3750 2094 Ven-

2146 2135 2310 2196 trem,
2350 2127 2705 2202 gulositatem
2743 2126 2897 2193 dicit,
2924 2142 3040 2184 non
3089 2127 3408 2182 membrum
3448 2134 3702 2183 nostrum
3733 2147 3747 2185 :

2146 2237 2302 2279 escas
2323 2231 2535 2291 autem,
2554 2221 2985 2278 immoderatum
3007 2220 3260 2294 ciborum
3277 2235 3463 2277 usum.
3492 2221 3586 2277 Ait
3600 2237 3750 2294 ergo,

2146 2312 2584 2369 immoderatum
2605 2313 2862 2368 ciborum
2891 2326 3080 2378 uum,
3107 2310 3411 2366 amicitiam
3442 2319 3498 2366 et
3526 2309 3753 2367 affinita-

2145 2409 2258 2458 tem
2288 2417 2417 2458 cum
2442 2402 2733 2474 gulositate
2756 2400 2986 2463 habere,
3016 2400 3272 2472 hancque
3316 2415 3443 2456 cum
3474 2399 3567 2456 illo
3592 2417 3607 2456 :
3636 2402 3750 2457 Nec

2144 2500 2380 2562 possunt
2407 2507 2510 2547 nos
2550 2491 2671 2548 haec
2702 2489 2771 2547 ad
2814 2490 3100 2547 Christum
3155 2489 3476 2560 perducere,
3527 2488 3625 2546 sed
3680 2489 3749 2546 ad

2142 2596 2262 2637 sese
2308 2580 2694 2637 transmittunt
2724 2575 3184 2652 ’obtemperantes
3233 2577 3338 2635 sibi
3408 2598 3424 2634 :
3481 2579 3748 2635 nimirum

2141 2689 2393 2732 excessus
2435 2674 2504 2732 ad
2539 2674 2914 2748 gulositatem,
2963 2673 3228 2747 gulositas
3267 2689 3398 2729 vero
3437 2671 3508 2729 ad
3557 2688 3750 2730 exces-

2143 2780 2459 2908 smpbeus
2487 2845 2675 2894 autem
2703 2844 2759 2892 et
2787 2835 2938 2894 hunc
2968 2845 3025 2892 et
3052 2835 3150 2892 has
3190 2834 3456 2891 destruet.
3489 2853 3520 2888 »
3583 2833 3748 2906 154

2142 2929 2270 2982 Non
2299 2934 2572 2997 ventrem,
2613 2925 2713 2983 sed
2751 2925 3106 2999 gulositatem
3140 2939 3358 2997 :neque
3394 2923 3606 2988 cibum,
3651 2925 3749 2982 sed

2141 3015 2571 3073 immoderatum
2600 3031 2797 3073 eorum
2827 3031 3018 3072 usum.
3061 3039 3086 3064 σι
3112 3018 3398 3082 Destruet,
3434 3037 3460 3063 ιο
3493 3015 3748 3071 nonnulli

2140 3122 2238 3178 pro
2268 3106 2659 3179 praedicatione
2687 3105 2960 3179 accipiunt
2987 3105 3128 3178 ejus,
3167 3105 3312 3176 quod
3341 3104 3398 3159 in
3428 3103 3615 3160 futuro
3643 3118 3745 3159 sa:-

2065 3200 2110 3262 C
2141 3196 2267 3252 culo
2289 3205 2624 3253 eventurum
2654 3203 2756 3252 est.
2785 3198 2933 3253 Nam
2961 3194 3071 3251 illic
3096 3209 3277 3266 neque
3301 3193 3551 3260 edemus,
3573 3208 3750 3266 neque

2137 3285 2414 3344 bibemus.
2455 3285 2614 3358 Quod
2662 3286 2707 3342 si
2747 3285 2860 3342 illic
2889 3301 3005 3341 non
3045 3282 3232 3340 licebit
3257 3283 3474 3340 modice
3504 3281 3745 3339 mandu-

2132 3391 2278 3442 care,
2305 3377 2484 3433 multo
2505 3374 3088 3447 magisimmoderatio
3119 3381 3175 3429 et
3204 3373 3470 3445 gulositas
3489 3373 3739 3429 tolletur.

2135 3465 2448 3539 'l‘heologus
2493 3474 2682 3522 autem
2721 3463 2953 3521 dicendo
3000 3471 3248 3520 ventrem
3290 3479 3396 3519 una
3450 3479 3577 3519 cum
3609 3462 3748 3518 cibis

2135 3554 2494 3611 destructioni
2521 3553 2769 3611 obnoxiis
2797 3553 3022 3624 aboleri,
3057 3551 3343 3619 indicavit,
3389 3553 3539 3623 quod
3579 3552 3746 3608 simul

2135 3653 2298 3717 atque
2339 3653 2620 3701 saturatus
2649 3643 2817 3700 fuerit
2852 3651 3060 3712 venter,
3103 3641 3426 3709 destruitur,
3463 3642 3555 3714 qui
3604 3641 3744 3698 adeo

2136 3735 2309 3791 multa
2340 3734 2562 3790 interim
2592 3733 2850 3806 inquirat.
2877 3731 3118 3802 Quidam
3145 3737 3332 3787 autem
3355 3729 3569 3798 dicunt,
3594 3731 3743 3802 quod

2134 3828 2576 3886 adhortationem
2624 3835 2755 3883 voto
2811 3825 3123 3899 signaverit,
3195 3831 3464 3895 exoptans
3519 3823 3602 3879 uti
3645 3823 3742 3879 de-

2132 3927 2378 3976 struatur
2419 3918 2531 3974 sive
2561 3917 2849 3974 aboleatur
2877 3924 2999 3972 tum
3045 3912 3455 3981 immoderatio,
3482 3921 3600 3968 tum
3636 3928 3731 3985 gu-

2132 4009 2337 4066 lositas.

2187 4025 2337 4066 suas.

2208 4104 2232 4129 α
2266 4081 2480 4152 Corpus
2526 4088 2710 4136 autem
2746 4095 2860 4136 non
2909 4076 3282 4145 fornicationi,
3331 4074 3430 4132 sed
3475 4074 3742 4142 Domino,

2131 4171 2408 4227 Dominus
2445 4179 2631 4227 autem
2659 4169 2896 4242 corpori.
2933 4192 2959 4217 ι»
3005 4171 3146 4224 Ecce
3173 4165 3418 4223 ostendit
3447 4163 3593 4237 quod
3623 4180 3745 4236 pro-

2131 4269 2252 4333 pter
2302 4276 2619 4318 sermonem
2673 4259 2746 4315 de
2793 4259 3156 4315 fornicatione
3196 4256 3378 4328 primo
3419 4256 3637 4312 locutus
3673 4255 3746 4310 sit

2128 4349 2198 4406 de
2231 4349 2544 4422 gulositate.
2589 4351 2946 4421 Consequens
2999 4349 3151 4404 enim
3181 4353 3298 4403 erat
3323 4344 3507 4402 dicere
3553 4362 3566 4399 :
3609 4345 3744 4400 Cor-

2129 4455 2230 4510 pus
2263 4455 2376 4495 non
2411 4439 2570 4507 cibis,
2599 4453 2779 4511 neque
2818 4439 2941 4494 alvo
2973 4457 2990 4493 :
3037 4436 3129 4492 ille
3153 4449 3282 4492 vero
3310 4449 3423 4490 non
3458 4433 3545 4489 sic
3580 4432 3741 4502 dixit,

419 4514 555 4574 ἀλλὰ
577 4559 594 4587 ,
631 4537 660 4573 tt
689 4521 774 4598 Τῇ
797 4517 1018 4600 πορνείᾳ
1041 4565 1060 4596 ,
1095 4544 1120 4572 ν
1152 4517 1358 4583 δεικνὺς
1384 4517 1437 4578 τί
1465 4518 1525 4578 τὸ
1551 4519 1894 4595 ἀποτέλεσμα
1925 4523 2021 4590 τῆς

2138 4529 2244 4596 sed,
2295 4553 2320 4578 ει
2351 4528 2730 4586 Fornicationi
2767 4547 2780 4584 :
2826 4551 2853 4577 ιο
2885 4526 3181 4584 ostendens
3209 4523 3301 4595 qui
3351 4521 3424 4578 sit
3447 4521 3744 4592 voluptatis

415 4609 650 4686 τρυφῆς,
675 4607 756 4666 ὅτι
787 4607 1032 4686 πορνεία.
1067 4607 1149 4669 ⁸0
1191 4607 1247 4667 δὲ
1278 4608 1452 4686 λέγει,
1485 4609 1722 4669 τοιοῦτόν
1754 4611 1866 4667 ἐστι
1891 4632 1904 4646 ·
1937 4609 2020 4670 Τὸ

417 4697 575 4769 σῶμα
600 4740 618 4768 ,
671 4696 866 4778 φησὶν,
897 4699 956 4756 οὗ
1005 4697 1091 4756 διὰ
1121 4703 1280 4758 τοῦτο
1322 4700 1662 4769 πέπλασται,
1707 4695 1797 4757 ἵνα
1844 4708 2020 4780 τρυφᾷ

416 4782 511 4841 καὶ
548 4787 620 4852 εἷς
657 4786 904 4866 πορνείαν
933 4787 1174 4868 ἐμπίπτῃ
1207 4809 1221 4822 ·
1251 4789 1372 4847 ἀλλ’
1401 4785 1491 4847 ἵνα
1539 4792 1614 4869 τῷ
1645 4790 1863 4868 Χριστῷ
1895 4791 2022 4848 ἀκο-

414 4874 577 4951 λουθῇ
605 4876 676 4943 ὥς
709 4879 921 4958 κεφαλῇ
950 4879 1110 4938 αὐτοῦ
1134 4923 1150 4953 ,
1180 4876 1270 4938 καὶ
1302 4869 1370 4937 αὖ
1399 4881 1427 4937 δ
1473 4877 1662 4959 Κύριος
1698 4882 1769 4945 ὡς
1808 4879 2012 4959 κεφαλή

413 4964 734 5038 ἐπικάθηται
774 4967 942 5048 αὐτῷ.

497 5075 530 5112 α
560 5051 630 5112 Ὁ
669 5055 725 5114 δὲ
773 5055 913 5124 Θεὸς
962 5055 1054 5115 καὶ
1103 5057 1192 5116 τὸν
1236 5055 1437 5139 Κύριον
1485 5059 1694 5138 ἤγειρε,
1748 5058 1839 5116 καὶ
1869 5063 2014 5136 ἡμᾶς

412 5141 639 5224 ἐξεγερεῖ
685 5143 774 5204 διὰ
800 5149 896 5218 τῆς
943 5146 1218 5224 δυνάμεως
1260 5150 1446 5206 αὑτοῦ.
1482 5172 1508 5199 ιι
1562 5151 1658 5220 Μὴ
1719 5148 2016 5228 θορυϐηθῇς

412 5232 683 5309 ἀκούσας,
741 5233 822 5294 ὅτι
855 5239 883 5294 ὁ
925 5235 1063 5303 Θεὸς
1106 5237 1196 5296 τὸν
1258 5235 1455 5317 Κύριον
1508 5236 1716 5316 ἤγειρεν
1746 5261 1758 5275 ·
1809 5241 1880 5306 ὡς
1911 5239 2015 5318 γὰρ

411 5322 616 5396 νηπίοις
661 5326 837 5392 αὐτοῖς
889 5325 1330 5408 συγκαταϐαίνει.
1385 5327 1494 5388 Καὶ
1547 5326 1730 5400 ἐπειδὴ
1790 5328 1912 5408 περὶ
1961 5328 2014 5365 ³9

2128 4617 2380 4686 effectus,
2401 4633 2602 4692 nempe
2626 4617 2908 4674 scortatio.
2934 4613 3093 4686 Quod
3117 4621 3304 4670 autem
3325 4611 3427 4679 ait,
3449 4617 3534 4666 est
3551 4609 3741 4681 hujus-

2128 4708 2284 4766 modi
2317 4729 2329 4764 :
2361 4709 2593 4780 Corpus,
2627 4706 2828 4781 inquit,
2852 4722 2967 4763 non
2991 4719 3120 4762 eum
3155 4703 3210 4759 in
3231 4701 3408 4758 ﬁnem
3434 4700 3737 4758 formatum

2129 4807 2236 4864 est,
2266 4807 2326 4854 ut
2348 4797 2656 4867 delicietur,
2685 4806 2741 4854 et
2770 4798 2826 4853 in
2873 4795 3297 4853 fornicationem
3334 4789 3542 4848 incidat
3573 4809 3585 4846 :
3627 4805 3740 4846 caa-

2123 4896 2306 4944 terum
2346 4895 2408 4944 ut
2439 4887 2718 4945 Christum
2759 4903 2860 4944 ceu
2897 4895 3062 4958 caput
3117 4899 3282 4940 suum
3343 4888 3627 4954 sequatur,
3673 4893 3738 4934 ac

2123 4993 2316 5035 rursus
2343 4977 2616 5035 Dominus
2659 4993 2760 5034 ceu
2803 4985 2970 5050 caput
3000 4975 3078 5032 illi
3112 4973 3374 5031 insideat.

2193 5070 2370 5125 Vnus.
2407 5072 2492 5131 14.
2553 5090 2577 5117 ι
2616 5069 2761 5124 Deus
2789 5082 2918 5123 vero
2961 5073 3019 5122 et
3064 5064 3372 5120 Dominum
3417 5058 3734 5122 suscitavit,

2127 5166 2184 5214 et
2214 5173 2318 5214 nos
2346 5157 2638 5214 suscitabit
2677 5173 2774 5229 per
2812 5157 3073 5213 virtutem
3112 5168 3295 5208 suam.
3331 5174 3358 5200 ιο
3405 5148 3529 5208 Noli
3550 5148 3735 5203 animo

2123 5247 2416 5315 ﬂuctuare,
2464 5245 2698 5304 audiens
2738 5244 2887 5318 quod
2920 5248 3074 5301 Deus
3119 5241 3424 5297 Dominum
3455 5236 3730 5293 excitavit.

2121 5340 2265 5394 Nam
2318 5337 2406 5406 iis,
2472 5345 2736 5410 tanquam
2796 5335 3124 5400 infantibus,
3179 5325 3602 5387 condescendit.
3663 5327 3734 5382 Et

1833 5417 2026 5478 Variae
2067 5421 2369 5480 lectiones.

482 5512 528 5546 ”
584 5516 734 5567 τοῦτο
787 5529 842 5570 0.
941 5514 986 5549 ³³
1039 5514 1134 5570 ὓπό
1179 5534 1313 5577 τινος
1354 5515 1546 5569 τούτων
1590 5529 1670 5572 m.

1774 5515 1820 5550 ³⁸
1861 5515 2209 5590 εὓριθήσομαι.
2260 5517 2360 5570 Ὧν
2415 5516 2533 5589 γὰρ,
2588 5516 2727 5588 φησὶ,
2775 5514 2897 5577 Θεὸς
2970 5513 3003 5582 ἢ
3049 5513 3234 5568 κοιλία.
3304 5515 3588 5584 Τοιγαροῦν
3644 5513 3733 5567 οὒκ

411 5591 857 5666 ἐξουσιασθήσομαι
881 5594 976 5650 ὓπό
1006 5615 1138 5659 τινος
1165 5596 1356 5650 τούτων
1400 5611 1476 5652 m.
1519 5598 1790 5652 Iuvenior.
1841 5599 2029 5667 Quom

2138 5600 2288 5662 rm‘m,
2332 5600 2548 5668 inquit,
2591 5601 2730 5652 Deus
2781 5603 2971 5652 venter
2996 5602 3074 5652 est
3108 5611 3120 5649 :
3177 5595 3351 5663 igitur
3398 5595 3496 5650 sub
3525 5593 3733 5668 nullius

409 5674 630 5743 redigar
677 5680 972 5748 potestate.
1075 5677 1121 5711 ’5
1175 5677 1444 5748 Chrysost.
1499 5681 1657 5738 ποιεῖς
1713 5693 1766 5734 o.

409 5754 455 5786 ’ν
490 5756 623 5825 παρά
648 5771 708 5812 o.

1885 5677 1930 5711 ³⁸
1995 5678 2409 5750 κατακριθήσεται
2459 5694 2512 5735 0.

2618 5677 2660 5710 ²⁷
2721 5677 2789 5732 to.
2845 5675 3043 5728 κοιλίαν
3099 5693 3212 5728 κατ.
3272 5689 3328 5732 o.
3439 5674 3484 5708 ³⁸
3529 5667 3618 5725 οὖν
3672 5689 3727 5730 ο.
