4090 6416
416 433 518 484 635

1378 421 1892 479 THEOPHYLACTI
1929 419 2289 476 BULGARLE
2323 419 2642 476 ARCHIEP.

3609 420 3717 474 636

409 552 672 626 quoniam
715 549 785 608 de
831 553 1010 618 Patre,
1051 564 1155 606 ceu
1189 564 1377 618 causa,
1420 548 1768 605 concorditer
1803 561 2003 604 omnes

2138 550 2229 606 τοῦ
2279 546 2519 626 Πατρὸς,
2553 549 2625 614 ὡς
2671 543 2841 604 αἰτίου
2864 589 2880 617 ,
2922 541 3354 622 ὁμολογουμένως
3386 540 3582 609 πάντες
3625 565 3721 619 με-

410 658 608 714 magna
638 641 973 709 sentiebant,
997 640 1121 696 ideo
1150 639 1618 696 resurrectionem
1647 639 1793 694 Patri
1825 637 2010 704 refert,

411 747 626 806 nosque
655 731 724 787 ab
765 731 885 803 ipso
915 729 1236 786 excitandos
1274 729 1420 786 dicit.
1465 729 1620 785 Sicut
1660 729 1810 783 enim
1849 733 2016 797 caput

413 830 689 888 nostrum,
741 836 940 893 nempe
983 819 1269 876 Christum
1317 819 1604 885 excitavit;
1659 818 1734 872 ita
1778 824 1834 872 et
1880 816 2014 871 reli-

413 927 584 984 quum
619 926 836 982 corpus,
871 925 972 965 nos
999 909 1292 976 nimirum,
1334 908 1617 964 excitabit.
1669 906 2014 963 Conﬁrmans

415 1009 604 1056 autem
650 1015 971 1057 sermonem
1019 1013 1206 1067 suum,
1245 997 1472 1064 addidit,
1519 1015 1547 1049 «
1597 999 1702 1053 Per
1747 997 2014 1052 virtutem

412 1106 569 1145 suam
594 1109 606 1146 :
643 1113 669 1138 υ
697 1088 852 1161 quasi
879 1088 1030 1145 dicat
1060 1106 1073 1143 :
1109 1088 1291 1144 Nolite
1318 1086 1567 1144 diffidere
1596 1085 1662 1142 iis
1689 1101 1814 1158 qua:
1842 1085 1966 1142 dico
1995 1103 2010 1141 :

411 1195 543 1235 nam
573 1179 818 1252 potentia
846 1177 948 1236 Dei
978 1192 1101 1251 qua:
1128 1185 1241 1233 tam
1265 1192 1468 1248 magna
1497 1177 1685 1248 gessit,
1719 1176 1824 1232 hoc
1849 1176 2014 1231 etiam

410 1269 671 1325 effectum
696 1268 870 1325 dabit.
903 1267 1064 1338 Quod
1087 1283 1218 1324 vero
1249 1266 1422 1336 Patri,
1453 1281 1556 1322 ceu
1592 1266 1826 1333 auctori,
1852 1265 2011 1321 Chri-

413 1361 483 1415 sti
515 1359 902 1415 excitationem
934 1357 1122 1428 refert,
1153 1357 1380 1429 planum
1406 1364 1490 1412 est
1527 1371 1595 1412 ex
1620 1371 1685 1411 eo
1724 1355 1872 1428 quod
1908 1358 2016 1410 Do-

413 1450 597 1504 minus
636 1447 708 1503 de
757 1463 816 1504 se
845 1447 963 1519 ipso
1009 1445 1182 1502 dicit:
1242 1468 1266 1494 ι
1311 1444 1514 1503 Solvite
1560 1445 1834 1516 templum
1884 1443 2008 1512 hoc,

413 1545 468 1592 et
495 1537 550 1592 in
581 1536 760 1592 tribus
799 1535 995 1592 diebus
1053 1535 1298 1592 excitabo
1353 1535 1484 1591 illud
1538 1550 1593 1603 Q.
1642 1557 1668 1582 υ
1708 1537 1778 1589 Et
1822 1549 2013 1590 rursus

414 1626 683 1697 scriptum
726 1634 853 1684 est:
900 1644 930 1680 ιι
974 1624 1237 1681 Exhibuit
1291 1626 1538 1696 seipsum
1576 1623 1848 1680 viventem
1915 1663 1930 1678 .
1983 1647 2009 1673 ν

415 1717 600 1788 Quare
642 1731 769 1771 cum
824 1717 940 1787 ipse
992 1716 1236 1788 seipsum
1283 1714 1620 1782 excitaverit,
1689 1713 1862 1782 Patri,
1911 1729 2016 1770 ceu

413 1819 614 1874 causae,
640 1820 727 1861 res
756 1805 1090 1861 attribuitur.

487 1897 659 1950 Vens.
697 1899 780 1950 15.
827 1917 854 1944 σι
903 1895 1140 1951 Nescitis
1183 1893 1332 1966 quod
1392 1908 1628 1966 corpora
1675 1901 1858 1950 vestra
1908 1893 2018 1949 sint

413 1984 664 2040 membra
687 1984 932 2042 Christi?
961 2003 992 2039 ιι
1040 1984 1212 2041 Redit
1233 1984 1418 2040 denuo
1460 1983 1532 2040 ad
1571 1984 1912 2055 propositam
1931 1983 2022 2039 ad-

2121 642 2264 720 γάλα
2288 638 2340 673 ³⁰
2369 636 2607 705 ἐδόξαζον
2641 660 2655 673 ·
2687 635 2775 695 διὰ
2798 640 2954 694 τοῦτο
2980 633 3071 694 καὶ
3115 635 3215 705 τὴν
3255 631 3458 712 ἔγερσιν
3489 635 3566 712 τῷ
3595 634 3718 690 Πα-

2120 732 2205 811 τρὶ
2235 726 2532 799 ἀνατίθησι,
2561 725 2654 785 καὶ
2695 730 2839 802 ἡμᾶς
2871 727 2964 782 ἀπ’
3009 727 3168 784 αὐτοῦ
3191 723 3236 760 ³⁸
3273 724 3550 811 ἐγερθῆναι
3587 724 3720 780 ἀπο-

2122 810 2382 903 φαίνεται.
2413 815 2636 892 ιὨσπερ
2664 814 2768 896 γὰρ
2811 813 2905 886 τὴν
2949 814 3184 896 κεφαλὴν
3227 817 3420 890 ἡμῶν,
3467 810 3556 871 τὸν
3584 815 3718 893 Χρι-

2123 909 2246 970 στόν
2301 930 2472 988 φημι,
2531 905 2743 985 ἤγειρε,
2794 904 2886 964 καὶ
2935 903 2996 962 τὸ
3044 903 3226 964 λοιπὸν
3278 905 3470 980 σῶμα,
3525 905 3668 978 ἡμᾶς
3698 947 3714 976 ,

2122 1000 2363 1080 ἐξεγερεῖ.
2416 995 2901 1072 Πιστοποιούμενος
2930 993 2986 1053 δὲ
3019 993 3107 1054 τὸν
3137 993 3292 1072 λόγον
3321 1038 3338 1071 ,
3381 990 3679 1071 προσέθηκε
3703 1037 3720 1066 ,

2120 1117 2146 1144 α
2180 1087 2282 1150 Διὰ
2306 1093 2400 1161 ἧς
2422 1085 2696 1162 δυνάμεως
2721 1088 2908 1162 αὑτοῦ,
2947 1109 2972 1137 ι
2992 1082 3186 1142 ὡσανεὶ
3209 1086 3362 1142 τοῦτο
3397 1080 3588 1161 λέγων·
3617 1081 3714 1154 Μὴ

2121 1180 2457 1251 ἀπιστήσητε
2485 1175 2539 1213 ³³
2592 1165 2666 1242 οἶς
2715 1175 2874 1253 λέγω·
2925 1178 2961 1246 ἡ
3020 1171 3243 1251 δύναμις
3285 1170 3390 1252 γὰρ
3441 1179 3532 1232 τοῦ
3575 1173 3720 1232 Θεοῦ

2121 1269 2330 1349 μεγάλα
2380 1270 2745 1345 κατορθοῦσα,
2792 1263 2884 1324 καὶ
2928 1268 3085 1323 τοῦτο
3125 1261 3357 1334 ποιήσει.
3387 1259 3524 1320 Ὀτι
3559 1261 3614 1320 δὲ
3645 1265 3718 1329 ὥς

2119 1359 2272 1440 αἰτίῳ
2301 1361 2380 1440 τῷ
2425 1354 2604 1436 Πατρὶ
2651 1354 2748 1427 τὴν
2786 1353 3081 1413 ἀνάστασιν
3111 1360 3204 1414 τοῦ
3239 1355 3474 1432 Χριστοῦ
3521 1354 3716 1412 ἀνατί-

2120 1457 2242 1524 θησι
2268 1450 2344 1522 ³³,
2381 1449 2540 1520 δῆλον
2580 1449 2638 1505 ἔκ
2665 1449 2760 1504 τοῦ
2785 1444 2873 1504 τὸν
2909 1447 3107 1525 Κύριον
3137 1443 3260 1523 περὶ
3301 1447 3490 1502 ἑαυτοῦ
3521 1440 3719 1521 λέγειν’

2130 1539 2403 1602 «Λύσατε
2453 1537 2540 1597 τὸν
2570 1535 2697 1596 ναὸν
2745 1539 2969 1609 τοῦτον,
3023 1535 3116 1594 καὶ
3162 1536 3214 1592 ἐν
3272 1532 3443 1614 τρισὶν
3493 1531 3722 1612 ἡμέραις

2122 1633 2287 1710 ἐγερῶ
2318 1628 2499 1690 αὐτόν.
2536 1655 2559 1682 ιι
2589 1625 2703 1688 Καὶ
2729 1616 2798 1685 αὖ
2825 1625 3151 1706 γέγραπται,
3197 1623 3277 1683 ὅτι
3305 1649 3329 1674 ι
3365 1621 3715 1703 Παρέστησεν

2127 1719 2314 1779 ἑαυτὸν
2347 1722 2539 1788 ζῶντα.
2573 1742 2600 1770 ι
2627 1714 2806 1776 εὨστε
2847 1720 3008 1775 αὐτοῦ
3043 1713 3229 1773 ἑαυτὸν
3273 1711 3571 1792 ἐγείραντος
3592 1757 3611 1786 ,
3642 1715 3720 1794 τῷ

2048 1850 2096 1912 Β
2132 1810 2339 1888 Πατρὶ,
2373 1814 2443 1877 ὥς
2479 1805 2634 1887 αἰτίῳ
2654 1851 2671 1884 ,
2699 1806 2760 1866 τὸ
2789 1815 3017 1887 πρᾶγμα
3043 1803 3407 1883 προστίθεται.

2269 1895 2870 1912 Mn...
3058 1893 3399 1912 ...ηιμ

2209 1927 2233 1953 α
2261 1900 2380 1960 Οὐκ
2400 1898 2575 1957 οἴδατε
2596 1897 2678 1955 ὅτι
2702 1895 2769 1955 τὰ
2803 1897 3033 1974 σώματα
3056 1896 3204 1970 ὑμῶν
3226 1893 3278 1932 ³⁴
3312 1893 3447 1971 μέλη
3481 1893 3722 1972 Χριστοῦ

2133 1992 2284 2065 lori;
2331 2015 2355 2041 ι
2382 1988 2558 2049 Πάλιν
2594 1986 2683 2046 ἐπὶ
2715 1985 2813 2059 τὴν
2837 1983 3193 2066 προκειμένην
3217 1974 3344 2056 ἦλθε
3376 1983 3688 2065 παραίνεσιν
3706 2029 3723 2057 ,

413 2075 805 2141 monitionem,
841 2089 966 2147 quae
990 2083 1183 2130 contra
1227 2071 1650 2129 fornicationem
1693 2081 1814 2130 erat
1839 2088 2014 2129 susce-

2127 2081 2225 2153 τὴν
2255 2079 2395 2139 κατὰ
2421 2083 2518 2150 τῆς
2565 2076 2852 2155 πορνείαςο
2909 2072 3337 2157 φρικωδέστατον
3382 2073 3438 2132 δὲ
3485 2073 3574 2133 τὸν
3627 2075 3722 2135 λό-

411 2171 523 2236 pta.
587 2164 1022 2221 Terribilissimo
1082 2171 1267 2219 autem
1322 2171 1652 2234 argumento
1707 2178 2019 2220 sermonem

410 2253 745 2326 auspicatur.
793 2275 819 2302 σι
861 2253 1083 2309 Tollens
1111 2268 1239 2325 ergo
1287 2252 1541 2308 membra
1577 2251 1800 2320 Christi,
1826 2251 2017 2308 faciam

430 2342 686 2401 membra
715 2343 1068 2399 meretricis?
1121 2342 1318 2400 Absit!
1346 2361 1376 2396 ››
1408 2343 1536 2398 Non
1563 2341 1718 2406 dixit,
1747 2342 2018 2414 copulabo

409 2436 635 2489 scorto?
680 2447 896 2497 verum,
955 2431 1106 2505 quod
1145 2431 1502 2488 tremendum
1555 2440 1694 2500 erat,
1729 2453 1753 2481 α
1796 2432 2018 2488 Faciam

410 2523 662 2580 membra
691 2522 858 2579 scorti
883 2525 908 2579 Ρ
938 2544 965 2573 ι)
1001 2522 1137 2594 Quis
1177 2521 1325 2578 enim
1354 2537 1470 2577 non
1491 2520 1874 2594 perhorrescat
1912 2521 2017 2578 hoc

409 2611 664 2682 audiens,
719 2627 941 2685 nempe,
989 2610 1241 2669 membra
1285 2610 1491 2669 Christi
1534 2611 1788 2679 avellere,
1842 2626 2016 2686 eaque

409 2708 661 2764 membra
694 2707 996 2764 meretricis
1025 2706 1251 2764 facere?

489 2795 651 2867 155
685 2800 868 2854 Vnns.
913 2802 1000 2853 16.
1035 2820 1061 2846 ι
1094 2802 1182 2853 An
1211 2797 1433 2853 nescitis
1472 2796 1620 2869 quod
1649 2797 1744 2869 qui
1771 2796 2014 2853 adhaeret

411 2887 712 2956 meretrici,
759 2903 932 2943 unum
974 2902 1175 2958 corpus
1210 2888 1335 2943 est?
1377 2890 1559 2944 Erunt
1597 2887 1768 2955 enim,
1815 2886 2011 2959 inquit,

411 2975 522 3033 duo
557 2991 780 3033 carnem
807 2977 864 3033 in
892 2992 1084 3033 unam.
1119 3000 1146 3026 υ
1177 2977 1482 3034 Conﬁrmat
1517 2975 1666 3050 quod
1690 2976 1846 3046 dixit,
1877 2993 2018 3049 quo-

411 3066 583 3124 modo
619 3067 874 3125 videlicet
901 3068 1070 3124 scorti
1099 3067 1350 3123 membra
1374 3065 1706 3136 efﬁciantur,
1732 3081 1858 3139 quae
1885 3076 2016 3123 sunt

408 3156 633 3214 Christi.
681 3158 790 3213 Per
813 3157 1280 3225 commissionem,
1335 3156 1535 3229 inquit,
1571 3157 1652 3212 vir
1681 3172 1857 3214 unum
1881 3173 2011 3212 cum

2125 2193 2216 2249 γον
2270 2165 2716 2248 μεταχειρίζεται.
2765 2163 2975 2244 «Ἄρας
3011 2157 3102 2223 οὖν
3147 2162 3214 2222 τὰ
3258 2161 3397 2240 μέλη
3448 2167 3540 2221 τοῦ
3589 2165 3725 2243 Χρι-

2127 2263 2284 2335 στοῦ,
2333 2258 2546 2328 ποιήσω
2600 2255 2795 2334 πόρνης
2847 2254 3018 2331 μέλη;
3084 2252 3179 2324 Μὴ
3237 2253 3472 2329 γένοιτ-οε
3529 2279 3553 2304 ι
3603 2255 3724 2313 Οὐκ

2125 2338 2240 2408 εἷπε
2263 2392 2280 2420 ,
2329 2346 2511 2416 Ζεύξω
2552 2345 2723 2425 πόρνῃ
2743 2391 2758 2418 ,
2793 2344 2909 2405 ἀλλ’
2936 2343 2964 2404 ὃ
2991 2344 3247 2423 φρικῶδες
3279 2335 3344 2414 ἦν
3364 2387 3381 2414 ,
3425 2369 3450 2397 ι
3500 2343 3723 2414 Ποιήσω

2123 2439 2322 2519 πόρνης
2364 2437 2500 2516 μέλη
2522 2459 2538 2510 ;
2561 2461 2588 2489 ν
2635 2436 2734 2502 Τίς
2763 2433 2868 2516 γὰρ
2910 2436 2968 2493 οὗ
2999 2433 3167 2514 φρίξει
3193 2437 3352 2492 τοῦτο
3383 2433 3434 2472 ³⁵
3467 2431 3676 2492 ἀκούων
3704 2481 3722 2513 ,

2122 2526 2185 2587 τὸ
2229 2533 2542 2588 ἀποσπᾶσαι
2594 2524 2664 2586 τὰ
2715 2527 2854 2604 μέλη
2901 2529 2993 2584 τοῦ
3042 2525 3313 2604 Χριστοῦ,
3357 2523 3449 2581 καὶ
3500 2526 3724 2596 ποιῆσαι

2121 2623 2297 2678 ταῦτα
2327 2617 2558 2699 πόρνης;

2207 2827 2230 2852 σι
2277 2799 2394 2859 Οὐκ
2440 2796 2617 2857 οἴδατε
2643 2795 2723 2854 ὅτι
2749 2797 2776 2855 6
2803 2793 3137 2872 κολλώμενος
3277 2794 3445 2875 πόρνῃ
3479 2794 3533 2853 ἓν
3560 2795 3720 2872 σῶμά

2123 2888 2302 2961 ἐστιν;
2339 2885 2598 2947 Ἔσονται
2635 2884 2762 2965 γὰρ,
2792 2885 2986 2966 φησὶν,
3012 2887 3060 2944 οἱ
3093 2884 3182 2945 δύο
3213 2888 3287 2953 εἷς
3312 2885 3486 2965 σάρκα
3518 2885 3669 2960 μίαν.
3697 2913 3722 2938 ιι

2125 2977 2473 3036 Πιστοῦταιὸ
2504 2967 2656 3049 εἶπε,
2687 2978 2802 3042 πῶς
2838 2975 3074 3055 γίνονται
3110 2974 3310 3055 πόρνης
3348 2973 3415 3034 τὰ
3446 2979 3541 3033 τοῦ
3580 2977 3721 3056 Χρι-

2122 3071 2248 3125 στοῦ
2276 3065 2432 3144 μέλη.
2459 3066 2563 3127 Διὰ
2587 3070 2680 3138 τῆς
2706 3063 3083 3137 συνελεύσεως,
3115 3066 3274 3145 φησὶν
3301 3111 3318 3144 ,
3357 3065 3413 3124 ἓν
3451 3064 3653 3144 γίνεται
3695 3068 3724 3124 6

2126 3155 2260 3237 ἀνὴρ
2284 3157 2413 3236 πρὸς
2442 3155 2540 3228 τὴν
2566 3157 2787 3236 πόρνην.
2833 3150 3004 3215 Ὤστε
3033 3155 3124 3214 καὶ
3165 3153 3233 3213 τὰ
3277 3153 3416 3234 μέλη
3446 3156 3606 3215 αὐτοῦ
3632 3203 3648 3230 ,
3688 3155 3722 3214 ἃ

411 3254 595 3303 scorto
616 3245 854 3303 efﬁcitur
880 3266 894 3303 :
928 3262 1100 3320 quare
1121 3255 1177 3304 et
1201 3225 1453 3302 membra
1482 3247 1622 3318 ejus,
1651 3261 1774 3320 quae
1799 3245 2014 3302 fuerunt

2126 3225 2263 3318 ἦσαν
2297 3225 2532 3329 Χριστοῦ
2554 3291 2570 3322 ,
2602 3225 2808 3319 ἐκείνης
2846 3245 2985 3325 μέλη
3018 3244 3277 3327 ἐγένοντο.

409 3336 662 3392 membra
715 3335 938 3407 Christi,
1013 3337 1073 3393 in
1125 3335 1293 3394 scorti
1369 3335 1620 3392 membra
1702 3344 2013 3410 permutata

409 3433 554 3482 sunt.

480 3517 660 3574 Vens.
693 3523 781 3574 17.
812 3516 918 3589 Qui
949 3524 1137 3573 autem
1165 3515 1410 3573 adhaeret
1437 3516 1705 3584 Domino,
1733 3532 1876 3573 unus
1904 3516 2012 3589 spi-

408 3606 546 3663 ritus
570 3615 671 3664 est.
708 3631 735 3658 ι
767 3607 1012 3665 Observa
1059 3606 1340 3679 quomodo
1373 3607 1442 3663 ab
1472 3607 1604 3680 ipsis
1642 3605 1805 3663 nudis
1833 3605 2016 3662 verbis

408 3696 578 3751 scorti
630 3703 687 3752 et
732 3695 935 3753 Christi
981 3703 1306 3768 promoveat
1359 3696 1788 3765 accusationem,
1844 3695 2014 3753 vehe-

409 3785 741 3842 mentiorem
786 3786 962 3859 ipsam
1011 3785 1264 3842 reddens.
1310 3786 1407 3841 Ait
1461 3785 1644 3858 itaque
1691 3803 1705 3841 :
1751 3786 1855 3858 Qui
1896 3789 2011 3842 Do-

407 3875 560 3930 mino
598 3873 938 3948 adjungitur,
959 3875 1095 3931 nihil
1126 3873 1276 3931 aliud
1301 3890 1469 3947 quam
1498 3875 1726 3948 spiritus
1751 3875 2010 3940 efﬁcitur,

407 3963 539 4020 dum
569 3964 707 4022 nihil
738 3966 959 4023 carnale
983 3966 1237 4039 transigit
1269 3983 1283 4022 :
1322 3964 1428 4020 hoc
1474 3973 1576 4034 est,
1605 3965 1900 4038 spiritualis
1928 3964 2016 4022 ef-

407 4052 610 4110 ﬁcitur.
638 4055 880 4111 Domino
908 4055 1056 4110 enim
1079 4056 1244 4123 uniri,
1265 4054 1759 4111 sanctiﬁcationem
1783 4055 2012 4128 Spiritui

409 4143 510 4215 ipsi
533 4143 868 4215 suppeditat.
901 4147 1004 4199 Per
1023 4143 1142 4200 haec
1164 4152 1353 4200 autem
1386 4145 1848 4202 commonstravit
1873 4159 2012 4217 quo-

409 4247 542 4287 nam
567 4231 734 4288 modo
771 4232 958 4289 ﬁdeles
987 4232 1240 4289 membra
1271 4233 1474 4290 Christi
1505 4233 1833 4291 efﬁciantur.

482 4323 662 4377 Vens.
714 4325 798 4379 18.
838 4345 861 4371 α
900 4322 1089 4395 Fugite
1133 4322 1572 4380 fornicationem.
1604 4347 1630 4372 ιο
1679 4325 1794 4380 Ceu
1829 4339 2013 4395 perse-

409 4411 675 4468 cutricem
735 4427 858 4486 qua:
904 4428 1188 4485 nunquam
1254 4429 1368 4469 non
1433 4413 1757 4486 corporibus
1813 4414 2014 4471 nostris

2204 3547 2229 3572 σι
2261 3517 2330 3581 ’0
2361 3517 2416 3578 δὲ
2446 3517 2778 3596 κολλώμενος
2807 3521 2884 3599 τῷ
2933 3517 3115 3600 Κυρίῳ
3147 3516 3200 3576 ἓν
3244 3516 3458 3596 πνεῦμά
3494 3518 3658 3576 ἐστιν.
3697 3544 3721 3569 ιι

2121 3607 2299 3691 Ὅρα,
2334 3613 2446 3679 πῶς
2481 3609 2572 3670 καὶ
2602 3611 2697 3670 ἀπ’
2725 3611 2900 3668 αὐτῶν
2933 3610 2986 3648 ³6
3033 3613 3250 3687 γυμνῶν
3293 3612 3398 3666 τῶν
3448 3608 3723 3686 ὀνομάτων

2123 3705 2217 3772 τ’ἧς
2262 3700 2458 3779 πόρνης
2505 3699 2597 3761 καὶ
2643 3703 2736 3758 τοῦ
2785 3701 3024 3779 Χριστοῦ
3074 3697 3308 3778 προάγει
3346 3696 3444 3769 τὴν
3496 3721 3726 3776 κατηγο-

2129 3791 2244 3872 ρίαν
2266 3836 2282 3864 ,
2313 3791 2621 3850 δεινοποιῶν
2657 3789 2852 3861 αὐτήν.
2877 3789 3060 3860 Φησὶν
3091 3779 3180 3846 οὖν
3206 3834 3224 3866 ,
3254 3787 3336 3848 ὅτι
3372 3791 3400 3845 6
3437 3789 3511 3868 τῷ
3543 3788 3724 3868 Κυρίῳ

2124 3879 2457 3957 κολλώμενος
2510 3882 2718 3956 πνεῦμα
2749 3877 2953 3956 γίνεται
3007 3877 3198 3955 μόνον,
3231 3879 3308 3958 τῷ
3354 3877 3518 3953 μηδὲν
3555 3885 3724 3936 ποιεῖν

2127 3969 2375 4048 σαρκικόν
2403 3993 2417 4006 ·
2445 3966 2692 4027 τουτέστι
2710 4013 2727 4042 ,
2750 3967 3107 4043 πνευματικὸς
3135 3966 3472 4027 καθίσταται.
3522 3964 3593 4026 Ἥ
3625 3969 3728 4047 γὰρ

2126 4059 2258 4136 πρὸς
2302 4058 2390 4116 τὸν
2436 4056 2632 4135 Κύριον
2681 4055 2866 4121 ἕνωσις
2902 4053 2989 4114 τὸν
3032 4054 3298 4134 ἃγιασμὸν
3339 4058 3432 4113 τοῦ
3467 4053 3725 4131 Πνεύμα-

2127 4173 2214 4216 τος
2257 4150 2400 4226 αὐτῷ
2450 4145 2692 4226 χορηγεῖ.
2735 4142 2946 4213 Ἐδειξε
2993 4145 3047 4202 δὲ
3089 4144 3177 4204 διὰ
3225 4141 3426 4203 τούτων
3476 4143 3571 4202 καὶ
3613 4147 3727 4212 πῶς

2127 4240 2362 4318 Χριστοῦ
2395 4237 2532 4312 μέλη
2559 4235 2796 4314 γίνονται
2825 4238 2874 4294 οἱ
2896 4233 3097 4296 πιστοί.

2209 4356 2234 4379 κ
2266 4328 2508 4402 Φεύγετε
2537 4325 2634 4396 τὴν
2662 4326 2932 4407 πορνείαν.
2978 4351 3002 4378 ι
3032 4323 3246 4406 Ὥσπερ
3275 4323 3396 4384 τινὰ
3442 4323 3725 4407 διώκτριαν

2129 4408 2325 4492 οὖσαν,
2356 4416 2447 4476 καὶ
2477 4416 2558 4477 ἀεὶ
2592 4421 2719 4493 ἡμῖν
2770 4415 3143 4494 ἐπικειμένην,
3176 4417 3384 4497 φεύγειν
3421 4417 3722 4496 προτρέπε-

411 4501 719 4572 immineat,
753 4501 941 4574 fugere
969 4519 1072 4560 nos
1099 4519 1221 4560 eam
1264 4503 1610 4574 adhortatur,
1646 4513 1709 4562 ut
1758 4505 2014 4561 omnibus

2128 4533 2245 4581 ται,
2320 4507 2419 4580 τὴν
2475 4507 2860 4585 ἐπιτεταμένην
2924 4507 3138 4587 ἆποχὴν
3189 4495 3408 4578 ταύτης
3464 4495 3727 4573 ὑποτιθεὶς

410 4590 626 4647 viribus
653 4593 866 4648 nostris
897 4592 1032 4648 abea
1073 4592 1472 4661 abstineamus,
1520 4593 1837 4650 consulens.
1869 4594 2017 4650 Nihil

411 4679 562 4738 enim
590 4680 729 4738 adeo
757 4697 861 4738 nos
888 4682 1256 4755 persequitur,
1293 4697 1358 4738 ac
1395 4683 1633 4741 carnalis
1657 4685 1767 4741 ista
1810 4700 2014 4741 concu-

411 4769 694 4842 piscentia.
1658 4797 1661 4800 ν

487 4882 514 4908 α
575 4863 758 4916 Omne
808 4868 1090 4933 peccatum
1153 4863 1525 4936 quodcunque
1567 4863 1764 4921 fecerit
1817 4864 2010 4931 homo,

412 4957 567 5006 extra
595 4965 795 5022 corpus
819 4959 902 5007 est
928 4970 942 5007 :
976 4952 1068 5024 qui
1100 4968 1230 5009 vero
1278 4951 1608 5021 fornicatur,
1639 4953 1696 5010 in
1729 4956 2013 5028 proprium

412 5060 612 5117 corpus
653 5053 862 5118 peccat.
923 5069 946 5096 ιο
1003 5047 1391 5104 Fornicatione
1423 5056 1603 5104 totum
1646 5064 1871 5119 corpus,
1925 5050 2016 5104 in-

409 5132 546 5203 quit,
599 5132 981 5204 coinquinatur
1025 5134 1216 5191 :unde
1261 5144 1317 5192 et
1355 5135 1428 5192 ad
1475 5135 1697 5191 balneas
1728 5151 2020 5192 accurrere

406 5223 586 5278 solent
613 5223 710 5295 qui
741 5222 992 5280 fornicati
1037 5231 1186 5293 sunt,
1225 5241 1325 5280 ceu
1370 5241 1603 5297 corpore
1637 5225 1752 5298 jam
1792 5227 2019 5296 polluto.

406 5311 469 5365 In
502 5311 684 5383 ipsum
714 5312 895 5384 itaque
933 5328 1134 5384 corpus
1171 5313 1444 5386 delinquit
1484 5321 1782 5384 scortator,
1821 5322 2025 5372 conta-

514 5437 674 5494 Joan.
708 5452 780 5506 II,
815 5443 903 5494 19.
981 5442 1004 5471 "
1032 5440 1159 5494 Act.
1205 5453 1254 5509 ι,
1291 5445 1341 5495 3.

2128 4603 2280 4675 ἡμῖν.
2314 4595 2485 4658 Οὐδὲν
2532 4596 2636 4679 γὰρ
2665 4595 2805 4656 οὕτω
2839 4596 3019 4657 διώκει
3065 4603 3247 4676 ἡμᾶς,
3282 4601 3354 4664 ὡς
3409 4600 3443 4669 ἡ
3495 4595 3723 4677 σαρκικὴ

2128 4687 2407 4766 ἐπιθυμία.

2207 4885 2232 4912 α
2266 4859 2387 4917 Πᾶν
2417 4857 2719 4938 ἁμάρτημα
2769 4854 2798 4916 ὃ
2846 4856 2936 4917 ἐὰν
2988 4855 3190 4936 ποιήσῃ
3234 4856 3546 4937 ἄνθρωπος,
3579 4858 3728 4927 ἐκτὸς

2125 4953 2218 5007 τοῦ
2248 4946 2498 5024 σώματός
2528 4951 2669 5007 ἐστιν
2701 4970 2714 4984 ο
2745 4950 2772 5004 6
2796 4943 2849 5004 δὲ
2883 4946 3180 5026 πορνεύων,
3208 4951 3280 5012 εἷς
3315 4947 3375 5005 τὸ
3405 4945 3535 5005 ἴδιον
3566 4951 3725 5025 σῶμα

2127 5037 2446 5117 ἁμαρτάνει.
2480 5065 2502 5089 υ
2539 5036 2681 5096 Ὑπὸ
2721 5039 2813 5106 τῆς
2857 5035 3144 5114 πορνείας,
3195 5036 3390 5116 φησὶν,
3441 5037 3561 5095 ὅλον
3617 5059 3726 5113 μο-

2127 5127 2342 5186 λύνεται
2369 5125 2430 5184 τὸ
2457 5128 2615 5202 σῶμα
2637 5149 2652 5162 ο
2684 5123 2799 5184 ὅθεν
2831 5127 2922 5184 καὶ
2960 5126 3048 5184 ἐπὶ
3081 5128 3336 5204 βαλανεῖα
3377 5126 3582 5206 τρέχειν
3611 5127 3726 5193 ἔθος

2127 5225 2236 5282 τοῖς
2279 5215 2674 5295 πορνεύσασιν,
2727 5218 2798 5282 ὥς
2839 5215 3182 5292 μολυνθέντος
3229 5217 3433 5287 δηλαδὴ
3485 5221 3578 5275 τοῦ
3615 5214 3724 5276 σώ-

2133 5329 2315 5381 ματος.
2343 5307 2439 5373 Εἰς
2465 5305 2593 5366 αὐτὸ
2620 5304 2793 5366 τοίνυν
2824 5305 2883 5364 τὸ
2910 5309 3068 5384 σῶμα
3103 5305 3402 5388 ἁμαρτάνει
3434 5309 3462 5365 6
3492 5305 3684 5386 πόρνος
3706 5351 3722 5379 ,

1806 5544 1995 5606 Variae
2039 5545 2350 5606 lectiones.

481 5644 526 5726 ἕο
577 5647 763 5718 πάνταῖ
792 5650 920 5721 μέγα
969 5665 1020 5706 0.
1110 5650 1149 5685 ³³
1207 5651 1288 5705 ὕπ’
1332 5650 1483 5706 αὖτοῦ
1530 5665 1610 5708 m.
1687 5651 1731 5686 ³³
1787 5650 1855 5724 μὴ
1910 5651 2161 5707 ἀπιστεῖτε
2208 5669 2299 5712 m.
2379 5651 2423 5686 ³³
2475 5651 2713 5724 ὅπέγραψε
2768 5667 2822 5711 0.
2899 5653 2943 5688 ⁸⁸
2989 5652 3134 5726 ἡμῶν
3188 5668 3242 5711 ο.
3318 5652 3363 5687 ⁸⁸
3403 5650 3593 5706 τούτων
3647 5666 3704 5708 ο.

411 5725 456 5760 ³⁸
485 5725 587 5793 ὑπ’,
611 5730 752 5798 καὶ,
779 5729 854 5784 ἐπ’
884 5745 939 5786 ο.
