4090 6420
342 443 449 497 637

1220 436 1566 495 EXPOSITIO
1605 437 1672 493 IN
1709 434 1917 493 EPIST.
1960 436 2101 492 [AD
2141 435 2297 492 COR.
2338 466 2410 477 —
2447 436 2598 494 CAP.
2640 439 2726 493 Vl.

3544 445 3648 499 638

341 566 585 643 μολύνων
623 565 750 625 αὐτὸ
782 564 876 625 καὶ
907 564 1373 646 καταῤῥυπαίνων.
1409 566 1475 623 Εἰ
1521 562 1623 643 γὰρ
1653 563 1745 623 καὶ
1789 565 1818 622 ὁ
1847 561 1938 642 φό-

2058 562 2281 618 minans
2305 564 2508 635 ipsum,
2536 563 2899 634 sordibusquc
2921 581 3316 637 consmircans.
3338 568 3649 625 Acetiamsi

338 678 424 721 νος
451 657 596 715 δοκεῖ
623 655 710 713 διὰ
739 662 829 715 τοῦ
872 653 1120 729 σώματος
1161 656 1433 733 γίνεσθαι,
1484 653 1608 712 ἀλλ’
1637 654 1696 712 οὗ
1728 661 1836 712 πᾶν
1882 652 1936 690 ³⁷

340 745 399 804 τὸ
428 749 588 822 σῶμα
624 745 857 823 μολύνει.
898 743 1053 811 Εἰκὸς
1077 743 1179 823 γὰρ
1210 742 1246 816 ἢ
1278 744 1441 824 λίθῳ,
1468 743 1503 815 ἢ
1546 742 1688 823 ξύλῳ
1722 746 1903 821 βαλεῖν
1924 788 1941 814 ,

338 832 376 904 ἢ
432 834 580 916 ἄλλῳ
627 834 731 893 τινὶ
760 833 1005 913 ὀργάνῳ,
1040 834 1131 893 καὶ
1181 833 1255 907 μὴ
1301 838 1589 909 μιανθῆναι
1618 832 1680 891 τὸ
1728 836 1886 909 σῶμα
1920 849 1935 865 ·

336 923 592 1004 πορνείαν
622 922 677 982 δὲ
708 926 1023 996 τελεσθῆναι
1043 922 1208 1003 χωρὶς
1250 928 1343 982 τοῦ
1374 922 1622 999 σώματος
1651 922 1932 981 ἀδύνατον·

336 1011 458 1071 ὅθεν
490 1012 793 1092 ἀναγκαίως
838 1012 931 1071 καὶ
971 1012 1275 1087 μολύνεται.
1313 1010 1543 1091 Ἐξᾶραι
1574 1010 1630 1070 δὲ
1658 1010 1936 1083 ἠϐουλήθη

336 1102 403 1160 τὸ
432 1112 693 1183 πρᾶγμα,
740 1101 922 1173 ἐπειδὴ
963 1100 1086 1183 περὶ
1132 1104 1291 1161 αὐτοῦ
1319 1101 1602 1180 πρόκειται
1641 1101 1786 1180 αὐτῷ
1815 1098 1866 1138 ³⁸
1903 1103 1937 1171 ἡ

336 1191 669 1272 παραίνεσις.
722 1194 805 1252 Οὔ
848 1190 950 1271 γὰρ
992 1193 1204 1258 πάντως
1246 1190 1461 1249 πάντων
1511 1198 1689 1272 χεῖρον
1719 1195 1753 1263 ἡ
1805 1212 1935 1269 πορ-

335 1270 478 1342 νεία.
523 1272 665 1341 Οἶδα
693 1281 785 1340 καὶ
830 1270 1114 1347 ἄλλαςέἰς
1156 1284 1314 1340 τοῦτο
1344 1280 1520 1346 λύσεις
1551 1300 1564 1314 ⁸
1609 1270 1747 1352 οἶον,
1799 1278 1881 1339 ὅτι
1910 1280 1938 1336 ὃ

336 1370 607 1450 πορνεύων
636 1374 707 1438 εἷς
736 1371 796 1430 τὸ
816 1369 946 1429 ἴδιον
970 1373 1129 1447 σῶμα
1171 1368 1467 1449 ἁμαρτάνει
1492 1414 1510 1447 ,
1542 1370 1674 1430 καθὸ
1718 1370 1778 1427 οὖ
1809 1391 1936 1425 παιο

336 1458 579 1527 δοποιίας
640 1460 930 1540 ἐπιθυμίᾳ,
998 1462 1069 1527 ὣς
1107 1458 1159 1497 ³9
1216 1459 1346 1539 πρὸς
1396 1459 1615 1536 ἔννομον
1668 1465 1934 1537 γυναῖκα,

338 1549 626 1626 μίγνυται,
660 1548 799 1607 ἀλλὰ
839 1548 1014 1631 μάτην
1043 1547 1172 1607 αὐτὸ
1198 1548 1399 1631 φθείρει
1526 1550 1797 1630 ἄποῤῥοῇ,
1846 1546 1938 1607 καὶ

336 1639 606 1715 ἄδυναμοῖ
630 1638 700 1700 ⁴⁰.
738 1638 848 1700 Καὶ
886 1628 953 1697 αὖ
984 1637 1188 1709 ἄλλως,
1211 1628 1303 1697 ’ὅτι
1325 1628 1360 1696 νὸ
1397 1628 1682 1718 πορνεύων
1719 1638 1793 1703 εἷς
1837 1636 1935 1708 τὴν

332 1731 603 1805 γυναῖκα,
723 1728 1000 1807 μίγνυται,
1043 1727 1370 1807 ἁμαρτάνει,
1413 1727 1530 1799 ἥτις
1573 1732 1732 1805 σῶμα
1776 1727 1938 1785 αὐτοῦ

335 1820 453 1877 ἐστι
505 1817 593 1875 διὰ
647 1823 742 1890 τῆς
772 1816 1124 1883 συνελεύσεως
1155 1816 1233 1879 λ’.
1272 1816 1422 1878 Καθὸ
1451 1816 1554 1897 γὰρ
1583 1818 1641 1875 οὐ
1686 1814 1936 1893 μίγνυται

2046 651 2226 709 caedes
2254 668 2351 725 per
2373 668 2573 725 corpus
2613 653 2733 710 ﬁeri
2764 655 3036 724 videatur,
3088 672 3199 711 non
3249 664 3439 713 tamen
3467 665 3651 714 totum

2046 757 2246 813 corpus
2276 743 2617 816 coinquinat.
2645 747 2787 801 Nam
2810 746 3108 801 verisimile
3137 754 3219 801 est
3244 746 3419 818 lapide
3442 754 3644 819 petere,

2048 833 2128 888 vel
2160 832 2330 905 ligno,
2362 834 2441 888 vel
2472 833 2583 889 alio
2614 836 2883 906 quopiam
2913 836 3305 905 instrumento,
3337 845 3395 892 et
3422 852 3535 892 non
3563 838 3651 892 in-

2047 920 2256 993 quinari
2288 938 2488 995 corpus
2527 941 2541 979 :
2578 923 3009 981 fornicationem
3056 934 3245 981 autem
3281 927 3421 982 citra
3449 940 3651 997 corpus

2048 1010 2309 1082 perlicere
2354 1012 2689 1086 impossibile
2740 1021 2826 1070 est
2868 1034 2885 1071 :
2930 1013 3079 1071 unde
3126 1015 3433 1072 necessario
3482 1016 3655 1072 etiam

2045 1100 2450 1173 coinquinatur.
2485 1106 2630 1160 Rem
2659 1112 2842 1160 autem
2872 1119 3196 1177 exaggerare
3228 1105 3655 1178 voluerat,{quia

2046 1189 2116 1246 de
2162 1192 2285 1263 ipsa
2308 1207 2552 1264 praesens
2576 1192 2890 1251 exhortatio
2932 1194 3177 1251 instituta
3205 1203 3310 1253 est.
3348 1198 3476 1252 Non
3503 1195 3653 1251 enim

2046 1280 2277 1337 omnino
2303 1282 2556 1339 omnium
2579 1283 2813 1356 pessima
2842 1292 2926 1339 est
2950 1282 3274 1342 fornicatio.
3310 1284 3462 1341 Alias
3491 1284 3657 1340 etiam

2048 1370 2315 1441 quasdam
2354 1373 2666 1429 solutiones
2695 1374 2845 1429 novi.
2882 1374 3139 1446 Exempli
3175 1375 3371 1447 gratia.
3407 1374 3510 1444 Qui
3541 1373 3657 1430 for-

2046 1459 2280 1529 nicatnr,
2310 1461 2367 1517 in
2397 1464 2684 1535 proprium
2712 1478 2913 1535 corpus
2962 1472 3169 1535 peccat,
3220 1472 3490 1536 quatenus
3535 1479 3654 1519 non

2047 1550 2219 1620 prolis
2262 1550 2560 1621 desiderio,
2597 1552 2824 1625 perinde
2864 1570 2929 1609 ac
2958 1569 3089 1609 eum
3119 1554 3359 1625 legitima
3400 1554 3655 1626 conjuge,

2048 1639 2334 1707 miscetur,
2409 1641 2507 1699 sed
2554 1641 2755 1698 frustra
2830 1642 3014 1713 ipsum
3069 1643 3378 1715 corrumpit
3433 1643 3658 1699 seminis

2032 1727 2369 1800 profusione
2410 1744 2476 1787 ac
2502 1730 2777 1788 debilitat.
2805 1734 3021 1788 Rursus
3045 1732 3202 1788 aliter
3233 1751 3247 1788 :
3280 1732 3388 1803 Qui
3419 1731 3660 1788 fornica-

2042 1824 2155 1888 tur,
2189 1820 2247 1875 in
2290 1819 2561 1877 feminam
2598 1822 2687 1877 cui
2725 1821 3013 1890 miscetur,
3036 1829 3246 1894 peccat,
3278 1837 3401 1895 quae
3447 1836 3650 1894 corpus

336 1909 479 1985 αὐτῇ
510 1906 766 1985 νομίμως,
795 1906 1091 1985 ἁμαρτάνει
1131 1909 1205 1972 εἰς
1248 1906 1432 1978 αὐτήν.
1465 1893 1628 1979 Πλὴν
1656 1908 1689 1977 ἡ
1716 1912 1805 1966 τοῦ
1831 1928 1931 1982 με-

2056 1909 2223 1981 ipsius
2262 1918 2346 1967 est
2374 1926 2471 1984 per
2494 1926 2876 1983 congressum.
2908 1893 3055 1968 Nam
3085 1893 3355 1984 quatenus
3377 1893 3659 1984 illegitime

376 1996 443 2055 ἄλ
535 1996 577 2057 Ἰ
646 1997 660 2016 ’
815 1996 875 2055 λ’
1160 1998 1193 2013 ~
1256 1995 1311 2035 η
1457 1994 1475 2055 ί
1841 1994 1857 2018 ’

333 2021 372 2076 γ
445 2019 506 2055 ου
580 2020 785 2056 ωαννου
848 2019 1001 2070 υσις,
1038 2019 1227 2054 πασων
1357 2019 1452 2074 κρε
1476 2019 1653 2070 ττων,
1682 2000 1718 2069 ἡ
1748 2018 1935 2077 πρωτη

336 2085 572 2159 δηλαδή.
625 2086 909 2166 Ἀποροῦσι
938 2086 995 2144 δέ
1042 2108 1178 2152 τινες
1208 2108 1222 2123 ·
1276 2084 1348 2146 Τί
1377 2077 1500 2160 οῦν;
1549 2084 1620 2147 εΟ
1670 2084 1855 2167 φθόνος
1882 2086 1943 2145 οὗ

335 2176 490 2248 τήκει
517 2174 578 2234 τὸ
626 2180 819 2254 σῶμα;
869 2174 980 2236 Καὶ
1027 2174 1215 2234 λύουσι
1260 2175 1460 2250 πάλιν,
1514 2174 1595 2234 ὅτι
1634 2174 1706 2238 Ὀ
1759 2174 1941 2255 φθόνος

337 2267 505 2332 πάθος
533 2264 702 2339 ἐστὶν,
748 2267 846 2325 οὒκ
888 2264 1120 2345 ἐνέργεια
1147 2288 1162 2302 ·
1208 2264 1333 2346 περὶ
1382 2264 1643 2345 ἐνεργείας
1690 2264 1746 2325 δὲ
1777 2268 1869 2324 νῦν
1912 2267 1941 2324 ὃ

335 2354 494 2433 λόγος
522 2358 597 2435 τῷ
624 2354 952 2435 Ἀποστόλῳ.
989 2354 1142 2425 Φησὶ
1170 2354 1275 2435 γάρ
1297 2377 1311 2392 ο
1364 2381 1390 2408 κ
1430 2356 1552 2414 Πᾶν
1579 2354 1883 2435 ἁμάρτημα
1912 2352 1942 2414 ὃ

342 2443 441 2503 ἐὰν
472 2444 663 2525 ποιήσῃ
702 2448 976 2526 ἄνθρωπος
1002 2468 1017 2483 ο
1063 2446 1121 2504 οὗ
1176 2443 1283 2521 μὴν
1319 2442 1442 2525 περὶ
1489 2444 1704 2513 πάθους.
1738 2443 1808 2506 Ὀ
1838 2443 1941 2525 γὰρ

340 2536 525 2616 φθόνος
573 2537 631 2597 οὖ
687 2534 890 2616 γίνεται
946 2535 1075 2617 παρ’
1132 2538 1283 2613 ἡμῶν
1312 2580 1331 2613 ,
1381 2536 1500 2596 ἀλλ’
1545 2534 1837 2617 ἐνεργεῖται
1886 2537 1941 2596 ἐν

340 2626 502 2701 ἡμῖν.

432 2918 457 2946 ι
494 2891 575 2952 ἹῙ
598 2891 698 2952 οὔκ
727 2891 935 2964 οἴδατε,
960 2890 1042 2950 ὅτι
1066 2890 1134 2950 τὰ
1172 2890 1403 2969 σώματα
1437 2892 1583 2970 ὑμῶν
1613 2889 1737 2959 ναὸς
1768 2894 1859 2950 τοῦ
1892 2895 1944 2954 ἐν

338 2983 465 3058 ὕμῖν
491 2982 644 3061 ἇγίου
669 2980 986 3059 Πνεύματός
1011 2973 1259 3057 ἐστιν,ὀῧ
1284 2981 1437 3062 ἔχετε
1466 2981 1573 3043 ἀπὸ
1595 2985 1686 3040 τοῦ
1711 2981 1889 3054 Θεοῦ;
1917 3010 1942 3035 ι

338 3070 598 3151 Ἐκφοϐεῐ
628 3071 704 3131 ἔτι
736 3072 900 3131 πλέον
928 3069 1019 3130 καὶ
1061 3073 1138 3152 τῷ
1164 3071 1375 3151 μεγέθει
1404 3074 1501 3143 τῆς
1530 3073 1761 3152 δωρεᾶς,
1791 3095 1947 3131 τουτ-

342 3164 498 3236 έστι,
544 3166 640 3222 τοῦ
684 3160 1035 3239 Πνεύματος,
1076 3160 1169 3220 καὶ
1328 3160 1450 3242 ἀξίᾳ
1481 3168 1574 3223 τοῦ
1607 3160 1941 3239 δεδωκότος,

2047 2016 2176 2056 cum
2218 2014 2281 2057 ea
2325 2001 2612 2071 miscetur,
2654 2011 2847 2074 peccat
2873 2002 2934 2057 in
2974 2002 3175 2075 ipsam.
3231 2001 3403 2073 Atqui
3458 2001 3650 2073 magni

2047 2090 2280 2147 Joannis
2321 2090 2524 2148 solutio
2564 2091 2776 2148 eunetis
2804 2099 2889 2148 est
2930 2092 3303 2163 praestantior,
3351 2090 3528 2164 prima
3575 2090 3658 2146 ni-

2048 2180 2276 2238 mirum.
2320 2180 2628 2254 Ambigunt
2679 2189 2862 2238 autem
2915 2180 3007 2237 hic
3041 2181 3313 2249 nonnulli,
3365 2180 3657 2238 dicentes:

2050 2270 2197 2341 Quid
2241 2271 2460 2344 igitur?
2502 2274 2701 2328 Nonne
2767 2280 2823 2328 et
2878 2270 3089 2328 invidia
3157 2286 3358 2344 corpus
3403 2266 3662 2326 tabefacit

2048 2361 2292 2434 adeoque
2318 2361 2571 2417 dissolvit
2598 2366 2621 2419 Ρ
2646 2364 2856 2420 Verum
2907 2360 3130 2418 diluunt
3173 2360 3245 2417 ad
3291 2361 3439 2418 hunc
3465 2375 3661 2416 rursus

2049 2450 2289 2508 modum
2322 2467 2337 2505 :
2368 2450 2577 2506 Invidia
2607 2458 2693 2507 est
2730 2451 2932 2523 passio,
2971 2466 3084 2507 non
3112 2451 3258 2507 actio
3286 2468 3302 2506 :
3350 2450 3418 2507 de
3446 2449 3661 2505 actione

2046 2549 2234 2599 autem
2278 2555 2426 2596 nunc
2467 2540 2868 2597 sermocinatur
2931 2541 3253 2612 Apostolus.
3311 2539 3406 2595 Ait
3448 2539 3653 2595 enim:

2055 2654 2080 2681 ι
2131 2632 2315 2688 Omne
2367 2637 2654 2703 peccatum
2698 2630 3068 2702 quodcunque
3117 2630 3310 2686 fecerit
3372 2628 3590 2685 homo:
3629 2651 3656 2677 ιι

2052 2736 2165 2778 non
2195 2728 2380 2776 autem
2405 2718 2476 2777 de
2496 2719 3033 2793 passioneloquitur.
3060 2719 3228 2791 156
3260 2718 3476 2775 Invidia
3507 2717 3657 2774 enim

2053 2826 2168 2867 non
2195 2810 2318 2866 sita
2354 2810 2534 2879 nobis,
2560 2809 2657 2867 sed
2686 2807 2931 2866 efﬁcitur
2962 2809 3016 2865 in
3036 2809 3219 2865 nobis.

2125 2903 2307 2958 Vens.
2339 2905 2430 2957 19.
2463 2923 2489 2949 ι
2532 2905 2620 2956 An
2644 2900 2868 2956 nescitis
2900 2898 3048 2971 quod
3084 2912 3315 2970 corpora
3344 2903 3523 2952 vestra
3550 2895 3663 2952 sint

2052 2991 2322 3064 templum
2364 2990 2598 3063 Spiritus
2646 2990 2847 3057 sancti,
2885 2989 2980 3062 qui
3019 2995 3105 3045 est
3160 2988 3217 3044 in
3264 2985 3439 3054 vobis,
3497 3000 3663 3057 quem

2055 3080 2270 3138 habetis
2307 3096 2339 3138 a
2393 3082 2512 3137 Deo
2541 3084 2565 3138 Ρ
2597 3103 2622 3129 ι
2666 3079 3067 3136 Vehementius
3121 3092 3217 3133 eos
3279 3072 3662 3149 perterrefacit

2057 3171 2188 3230 doni
2216 3169 2612 3245 magnitudine,
2660 3170 2766 3225 hoc
2819 3178 2906 3225 est
2933 3168 3193 3241 Spiritus,
3226 3174 3346 3222 tum
3387 3164 3658 3237 dignitate

339 3218 614 3326 τουτέστι,
636 3257 727 3311 τοῦ
755 3218 918 3314 Θεὸῦ.
956 3218 1131 3329 Νάὸς,
1180 3218 1390 3333 φησὶνξ
1423 3221 1539 3310 ἐστὲ
1559 3296 1578 3329 ,
1607 3226 1722 3311 ’καὶ
1756 3218 1943 3329 ἆγιοςῗζ

2060 3218 2188 3230 *ν’-⁸
2217 3218 2612 3245 ’κνυ“··-“-··“ντ
2662 3218 2765 3225 --τν
2823 3218 2906 3225 *ν’
2933 3218 3193 3241 “Ἰ”““’⁷““”Ι
3231 3218 3346 3222 -----
3395 3218 3581 3237 -ποη-ίν
3614 3218 3649 3220 νν

2059 3261 2337 3331 donantis,
2384 3259 2489 3317 hoc
2519 3267 2604 3315 est
2647 3259 2774 3316 Dei.
2804 3259 3128 3330 Templum,
3173 3256 3373 3329 inquit,
3422 3254 3578 3322 estis,
3604 3260 3661 3309 et

343 3341 499 3420 ἁγίου
544 3343 648 3422 γὰρ
697 3339 1033 3419 Πνεύματος.
1086 3339 1182 3412 Μὴ
1232 3339 1407 3400 τοίνυν
1444 3340 1632 3423 μιαρὸν
1681 3341 1945 3413 ποιήσητε

342 3430 432 3489 τὸν
456 3429 604 3511 ἅγιον
627 3430 788 3506 ναὸν,
840 3428 975 3508 μηδὲ
1027 3429 1359 3511 ἆχρειώσητε
1396 3430 1494 3501 τὴν
1540 3435 1634 3490 τοῦ
1664 3434 1807 3493 Θεοῦ
1838 3433 1947 3491 δω-

346 3520 469 3600 ρεάν
498 3543 511 3558 ·
580 3520 688 3580 ἀπὸ
745 3522 889 3583 Θεοῦ
943 3518 1048 3603 γὰρ
1103 3518 1253 3601 ἔχετε
1306 3519 1404 3593 τὴν
1470 3520 1673 3600 δωρεὰν
1731 3520 1824 3581 καὶ
1885 3519 1945 3581 τὸ

343 3612 596 3688 Πνεῦμα.

429 3728 455 3754 ι
480 3702 588 3763 Καὶ
619 3702 715 3762 οὖκ
736 3698 880 3778 {iure
921 3700 1158 3776 ἱαυτῶνς
1204 3698 1538 3781 ἠγοράσθητε
1567 3698 1672 3781 γὰρ
1699 3703 1880 3779 τιμῆς.
1920 3727 1945 3756 ι»

346 3790 494 3853 ’Υπὸ
525 3792 839 3865 Δεσπότην,
874 3790 1061 3873 φησὶν,
1094 3787 1212 3851 ἐστὲ
1236 3834 1255 3869 ,
1291 3790 1386 3849 καὶ
1429 3789 1578 3851 οὐδὲν
1604 3789 1752 3871 ἔχετε
1782 3790 1945 3867 ἴδιον,

345 3880 469 3941 οὗτε
495 3881 555 3940 τὸ
584 3884 761 3958 σῶμα.
797 3908 823 3935 α
852 3880 1231 3959 Ἠγοράσθητε
1261 3879 1365 3959 γὰρ
1394 3883 1552 3956 τιμῆς
1582 3904 1596 3919 ·
1628 3907 1652 3933 ιι
1678 3881 1943 3955 τουτέστι,

346 3972 455 4032 Διὰ
483 3974 575 4030 τοῦ
622 3970 849 4048 αἵματος
894 3974 987 4029 τοῦ
1025 3972 1283 4052 Χριστοῦ.
1315 3968 1487 4031 Ὥστε
1516 3968 1585 4029 τὰ
1629 3970 1768 4048 μέλη
1798 3975 1944 4047 ὑμῶν

348 4060 499 4140 ἄλλῳ
535 4062 781 4141 Δεσπότῃ
822 4060 1161 4133 ὑπόκεινται,
1216 4059 1308 4120 καὶ⁵
1354 4059 1485 4118 ὅπου
1531 4060 1669 4121 θέλει
1721 4062 1943 4135 ἐκεῖνος,

346 4150 568 4229 ἄγεσθαι
612 4155 785 4210 ταῦτα
817 4151 917 4212 δεῖ.
961 4152 1151 4212 Ταῦτα
1188 4149 1243 4209 δὲ
1286 4148 1462 4227 λέγει,
1494 4151 1553 4209 οὗ
1582 4150 1643 4210 τὸ
1692 4150 1943 4219 αὐτεξού-

346 4262 463 4299 σιον
495 4241 726 4320 ἀναιρῶν
756 4240 834 4314 ⁸⁸³,
886 4239 1024 4299 ἀλλὰ
1072 4238 1134 4299 τὸ
1180 4239 1384 4298 δίκαιον
1424 4238 1656 4299 δείκνυσι
1704 4246 1796 4300 τοῦ
1841 4242 1947 4300 δεῖν

344 4333 493 4406 ἡμᾶς
515 4330 776 4390 δουλεύειν
803 4332 881 4411 τῷ
905 4330 1032 4411 Θεῷ
1051 4374 1070 4408 ,
1100 4328 1187 4411 ὑφ’
1222 4320 1281 4388 οὗ
1306 4329 1398 4389 καὶ
1428 4330 1827 4409 ἠγοράσθημεν.

433 4544 456 4570 ι
486 4517 757 4587 Δοξάσατε
784 4516 838 4577 δὲ
866 4518 955 4577 τὸν
976 4518 1114 4582 Θεὸν
1136 4518 1188 4577 ἐν
1209 4518 1286 4600 τῷ
1308 4517 1522 4595 σώματι
1546 4521 1712 4596 ὑμῶν.
1738 4543 1763 4573 ι
1786 4512 1946 4580 Ἐπεὶ
1974 4544 2026 4608 D

347 4598 440 4667 οὖν
482 4608 847 4689 ἠγοράσθητε,
892 4608 1052 4689 φησὶ,
1103 4598 1360 4676 δοξάσατε
1393 4609 1456 4679 δὴ
1487 4608 1576 4667 τὸν
1617 4606 1757 4669 Θεὸν
1787 4611 1841 4668 ἐν
1869 4611 1948 4690 τῷ

348 4696 564 4773 σώματι
590 4700 740 4775 ὑμῶν
762 4746 776 4770 ,
809 4697 905 4767 τὰς
943 4696 1149 4778 ἀγαθὰς
1194 4697 1409 4777 πράξεις
1459 4696 1547 4756 διὰ
1578 4701 1672 4756 τοῦ
1702 4696 1953 4775 σώματος

348 4789 677 4866 τελοῦντες,’
705 4788 796 4846 καὶ
848 4786 998 4867 ἅγιον
1040 4788 1171 4847 αὐτὸ
1215 4792 1499 4868 τηροῦντες
1548 4787 1642 4846 καὶ
1694 4788 1946 4869 καθαρόν.

348 4875 644 4945 Δοξάζεται
688 4876 793 4957 γὰρ
840 4879 869 4935 ὃ
893 4875 1030 4944 Θεὸς
1050 4920 1069 4954 ,
1100 4876 1171 4935 τὰ
1195 4878 1335 4936 καλὰ
1365 4874 1495 4955 ἔργα
1526 4878 1676 4954 ὗμῶν
1706 4877 1952 4957 δρώντων

348 4969 459 5025 τῶν
489 4964 812 5045 ἀνθρώπων,
841 4966 934 5025 καὶ
963 4965 1265 5033 ἀκολούθως
1299 4965 1618 5036 δοξαζόντων
1648 4967 1831 5028 αὐτόν.

436 5084 463 5108 α
510 5056 621 5115 Καὶ
648 5056 704 5113 ἐν
734 5058 812 5135 τῷ
842 5054 1109 5133 πνεύματι
1141 5057 1313 5136 ὑμῶν.
1341 5082 1367 5108 ι
1412 5054 1690 5117 Δείκνυσιν
1708 5100 1726 5130 ,
1780 5056 1864 5116 ὅτι
1892 5057 1952 5116 οὔ

351 5145 569 5223 σώματι
612 5144 772 5222 μόνον
824 5145 931 5224 χρὴ
978 5145 1188 5226 φεύγειν
1237 5144 1334 5217 τὴν
1361 5146 1644 5226 πορνείαν,
1692 5144 1832 5205 ἀλλὰ
1860 5146 1952 5206 καὶ

350 5239 499 5316 ψυχῇ
520 5283 536 5309 ,
563 5238 641 5316 τῷ
674 5232 811 5312 μηδὲ
840 5234 893 5273 ⁴⁴
923 5234 1061 5294 κατὰ
1087 5235 1320 5296 διάνοιαν
1358 5234 1673 5314 μολύνεσθαι
1703 5236 1950 5315 (πνεῦμα

351 5326 456 5407 γὰρ
480 5333 577 5398 τήν
608 5325 845 5385 διάνοιαν
880 5324 1134 5403 ἐκάλεσε)
1179 5349 1194 5364 ο
1236 5324 1330 5385 καὶ
1361 5330 1395 5398 ἡ
1427 5328 1481 5387 ἐν
1622 5326 1818 5409 καρδίᾳ
1847 5326 1949 5408 γὰρ

354 5414 568 5496 μοιχεία
600 5417 654 5474 ἐν
680 5415 1028 5493 Εὖαγγελίοις
1056 5416 1443 5496 ἀπηγόρευται.

424 5533 446 5561 ³
474 5521 675 5580 Matth.
707 5537 773 5592 ν,
804 5527 891 5578 28.

2056 3360 2332 3421 sanctum,
2382 3350 2616 3423 Spiritus
2656 3349 2923 3405 nimirum
2968 3347 3163 3404 sancti.
3212 3350 3296 3404 Ne
3339 3344 3508 3417 igitur
3547 3347 3665 3416 pol-

2057 3442 2226 3499 luatis
2256 3440 2531 3513 templum
2560 3438 2878 3495 istiusmodi
2915 3445 3166 3494 sanctum
3188 3479 3204 3506 ,
3246 3450 3426 3507 neque
3469 3433 3665 3490 inutile

2056 3531 2296 3589 reddatis
2332 3530 2437 3587 Dei
2476 3529 2689 3588 donum
2721 3546 2735 3584 :
2767 3543 2799 3585 a
2824 3532 2943 3585 Deo
2965 3528 3111 3585 enim
3134 3524 3346 3583 habetis
3368 3532 3427 3581 et
3446 3523 3663 3582 donum

2057 3631 2114 3679 et
2150 3621 2438 3694 Spiritum.

2127 3715 2309 3769 Vens.
2332 3714 2422 3768 20.
2461 3732 2485 3758 α
2539 3711 2610 3766 Et
2633 3724 2745 3765 non
2784 3708 2911 3765 estis
2950 3705 3114 3764 vestri
3153 3706 3405 3779 ipsorum
3434 3709 3460 3763 ?
3487 3703 3663 3776 siqui-

2057 3802 2184 3860 dem
2227 3800 2400 3873 empti
2455 3800 2589 3856 estis
2638 3798 2838 3871 pretio.
2878 3822 2903 3846 ν
2953 3797 3066 3853 Sub
3120 3794 3389 3863 Domino,
3457 3794 3658 3864 inquit,

2056 3892 2208 3961 estis,
2240 3891 2483 3962 nihilque
2516 3888 2799 3963 proprium
2827 3886 3062 3956 habetis,
3092 3901 3161 3942 ne
3209 3884 3394 3957 ipsum
3439 3882 3661 3956 quidem

2057 3998 2274 4055 corpus.
2311 4003 2337 4030 α
2382 3980 2570 4052 Empti
2604 4002 2629 4028 ο
2690 3978 2899 4034 enim»
2948 3977 3078 4032 estis
3127 3974 3325 4048 pretio,
3384 3994 3408 4025 ι
3466 3986 3667 4045 nempe

2057 4089 2156 4147 per
2211 4070 2536 4143 sanguinem
2581 4068 2807 4136 Christi,
2862 4065 3103 4123 Proinde
3168 4064 3424 4121 membra
3487 4069 3663 4119 vestra

2057 4163 2143 4219 alii
2191 4161 2436 4218 Domino
2487 4166 2619 4216 sunt
2660 4158 2929 4230 subjecta,
2981 4164 3035 4212 et
3071 4171 3181 4228 quo
3210 4154 3328 4210 vult
3370 4153 3482 4222 ille,
3532 4150 3663 4208 duci

2058 4261 2273 4326 oportet
2322 4267 2400 4308 ea.
2434 4250 2572 4306 Haec
2602 4256 2788 4304 autem
2831 4247 3046 4314 dicens,
3073 4245 3312 4301 liberum
3361 4242 3660 4299 arbitrium

2057 4361 2175 4401 non
2202 4342 2365 4413 tollit,
2407 4349 2668 4397 caeterum
2713 4354 2808 4410 par
2855 4346 2911 4395 et
2932 4338 3145 4409 justum
3201 4350 3322 4391 esse
3368 4340 3665 4401 monstrat,

2057 4449 2159 4490 nos
2189 4436 2310 4489 Deo
2334 4431 2557 4499 servire,
2608 4446 2638 4485 a
2673 4443 2781 4500 quo
2804 4435 2858 4483 et
2884 4426 3053 4498 empti
3085 4439 3301 4482 sumus.

2133 4547 2160 4573 α
2193 4521 2510 4580 Gloriﬁcate
2536 4522 2721 4575 Deum
2761 4518 2816 4574 in
2836 4531 3067 4588 corpore
3104 4522 3302 4570 vestro.
3339 4534 3367 4563 ι
3395 4512 3666 4582 Quoniam

2061 4620 2215 4685 empt
2275 4612 2426 4680 estis,
2476 4608 2675 4681 inquit,
2724 4606 3023 4680 gloriﬁcate
3069 4608 3255 4660 Deum
3307 4602 3367 4656 in
3435 4615 3667 4671 corpore

2060 4712 2261 4771 vestro,
2310 4700 2456 4757 bona
2503 4714 2671 4771 opera
2721 4712 2820 4769 per
2864 4710 3068 4768 corpus
3118 4691 3480 4766 perﬁcientes,
3534 4705 3664 4745 san-

2060 4800 2324 4864 ctumque
2352 4791 2537 4863 ipsum
2589 4794 2870 4844 servantes
2911 4792 2969 4841 et
3023 4798 3249 4857 purum.
3305 4778 3665 4838 Gloriﬁcatur

2061 4882 2212 4939 enim
2255 4884 2428 4947 Deus,
2459 4893 2589 4935 cum
2623 4878 2766 4934 bona
2791 4890 2961 4949 opera
3007 4881 3186 4932 vestra
3234 4871 3488 4930 homines
3515 4868 3668 4926 vide-

2060 4974 2195 5042 rint,
2226 4988 2289 5028 ac
2317 4969 2574 5041 deinceps
2603 4970 2783 5023 Deum
2811 4965 3188 5040 gloriﬁcarint.

2136 5085 2164 5112 α
2204 5066 2275 5119 Et
2304 5060 2499 5133 spiritu
2531 5066 2735 5114 vestro.
2769 5080 2797 5107 ιι
2828 5055 3083 5113 Ostendit
3109 5052 3260 5126 quod
3288 5068 3403 5109 non
3437 5067 3670 5124 corpore

2058 5161 2276 5210 tantum
2315 5152 2519 5209 evitare
2556 5156 2775 5221 oportet
2812 5146 3264 5213 fornicationem,
3306 5150 3572 5199 caeterum
3614 5148 3671 5197 et

2059 5243 2263 5312 anima,
2289 5250 2351 5298 ut
2377 5256 2449 5297 ne
2476 5247 2663 5296 mente
2684 5236 2909 5309 quidem
2938 5234 3377 5306 coinquinemur.
3405 5230 3670 5303 Spiritum

2056 5334 2204 5391 enim
2231 5338 2478 5388 mentem
2498 5328 2826 5386 nominavit.
2861 5328 3005 5382 Nam
3034 5320 3187 5395 quod
3220 5320 3387 5376 etiam
3412 5319 3470 5373 in
3496 5316 3669 5375 corde

2056 5432 2142 5481 est
2168 5420 2499 5481 adulterium
2516 5430 2559 5489 ',
2592 5418 2653 5475 in
2680 5415 2978 5490 Evangelio
3003 5410 3361 5471 interdictum
3395 5413 3499 5472 est,
3528 5426 3557 5459 »

1759 5596 1949 5657 Variae
1989 5597 2297 5657 lectiones.

426 5684 471 5718 ³⁷
501 5686 696 5748 πάντως
723 5698 779 5742 0.
854 5684 899 5719 ⁸⁸
945 5684 1107 5740 αὖτῶν
1163 5702 1214 5745 ο,
1294 5684 1341 5722 ³9
1384 5684 1442 5738 οὖ
1482 5700 1536 5743 0.
1613 5684 1657 5719 ⁴⁰
1708 5685 1988 5759 ἔκδυναμοῗ
2031 5703 2084 5744 o.
2163 5686 2203 5718 “
2260 5682 2469 5738 συνόδου
2510 5696 2567 5739 0.
2645 5680 2688 5715 "
2739 5679 2940 5733 πάντων
2968 5691 3023 5734 0.
3102 5674 3147 5711 ⁴³
3202 5673 3460 5746 λέγων....
3515 5667 3659 5720 ἄναι-

352 5767 439 5837 ρεῖ
458 5782 537 5822 m.
615 5766 660 5800 “
686 5766 772 5820 καὶ
800 5765 926 5838 μηδέ
952 5782 1028 5823 m.
