4090 6420
425 441 529 493 639

425 651 576 724 quod
629 652 683 707 in
730 659 917 706 nostra
963 655 1234 722 potestate
1278 663 1390 704 non
1431 661 1646 711 sumus,
1693 657 1883 700 verum
1912 641 2013 697 sub

425 743 661 798 Domino
707 743 826 797 Deo
867 755 1180 806 censemur,
1211 738 1308 811 qui
1337 745 1393 793 et
1437 735 1681 792 animam
1725 741 1783 790 et
1818 747 2020 804 corpus

423 839 684 888 nostrum
723 832 988 903 sanguine
1021 829 1275 886 redemit.

1018 938 1260 995 CAPUT
1296 938 1420 993 νη.

494 1052 675 1107 Vnus.
709 1053 758 1104 ι.
795 1070 821 1096 α
865 1051 947 1104 De
974 1045 1176 1119 quibus
1223 1053 1410 1101 autem
1455 1042 1747 1115 scripsistis
1794 1041 1951 1098 mihi.
1985 1064 2012 1090 ν

428 1141 617 1197 Sectas
660 1137 926 1205 correxit,
972 1134 1434 1202 fornicationem,
1483 1132 1772 1188 avaritiam
1824 1151 1837 1187 :
1905 1131 2018 1202 jam

424 1244 574 1286 nunc
601 1243 726 1284 vero
755 1225 825 1284 de
855 1225 1060 1299 nuptiis
1087 1233 1144 1282 et
1175 1224 1484 1296 virginitate
1527 1221 1736 1279 statuit.
1778 1222 2020 1293 Scripse-

424 1325 550 1374 rant
569 1318 718 1375 enim
746 1316 818 1385 ei,
853 1331 989 1373 num
1017 1312 1413 1372 abstinendum
1442 1319 1587 1370 esset
1632 1312 1701 1368 ab
1731 1325 1922 1378 uxore,
1951 1326 2020 1366 an

429 1424 603 1466 secus.

501 1522 528 1548 α
555 1501 777 1555 Bonum
806 1505 890 1554 est
907 1495 1116 1552 homini
1136 1493 1424 1551 mulierem
1449 1508 1564 1549 non
1579 1500 1817 1564 tangere.
1846 1514 1870 1540 ››

424 1591 664 1656 Bonum,
695 1587 892 1659 inquit,
951 1593 1006 1642 et
1043 1583 1303 1641 eximium
1334 1591 1417 1639 est
1451 1581 1625 1639 cuivis
1676 1580 2016 1648 mortalium,

427 1695 528 1734 nec
561 1679 667 1736 soli
697 1675 966 1733 sacerdoti
1009 1673 1256 1747 (perinde
1279 1689 1343 1730 ac
1366 1671 1592 1728 nonnuli
1637 1670 1782 1727 male
1813 1669 2022 1726 intelli-

427 1774 580 1841 gunt)
627 1767 920 1824 mulierem
968 1779 1194 1837 prorsus
1234 1779 1347 1819 non
1388 1762 1684 1834 attingere,
1729 1760 1824 1817 sed
1861 1759 2020 1832 virgi-

426 1873 553 1914 nem
569 1871 908 1930 permanere.
936 1855 1126 1912 Tutior
1156 1859 1368 1921 autem,
1390 1859 1641 1908 nostram
1671 1849 2023 1907 imbecillita-

1445 426 1959 485 THEOPHYLACTI
1996 424 2354 480 BULGARl/E
2391 425 2702 480 ARCHIEP.

498 581 527 614 ι(
551 563 688 632 Quae
712 568 839 619 sunt
864 560 985 617 Dei.
1017 581 1042 608 ιι
1068 557 1304 615 Assidue
1328 557 1383 613 in
1407 555 1743 612 memoriam
1771 560 2021 618 revocat,
2057 554 2111 618 Α

3632 427 3736 482 640

2220 579 2245 603 α
2271 550 2457 611 Ἃτινά
2507 552 2620 610 ἐστι
2651 556 2742 610 τοῦ
2787 552 2952 612 Θεοῦ.
2989 577 3014 602 ιο
3054 553 3302 630 Συνεχῶς
3338 551 3734 627 ἀναμιμνήσκει

2125 641 2206 698 ὅτι
2249 642 2344 700 οὐκ
2386 640 2544 718 ἐσμὲν
2575 644 2777 700 ἑαυτῶν
2803 686 2820 717 ,
2855 642 2978 700 ἀλλ’
2999 641 3103 700 ὑπὸ
3148 640 3429 712 Δεσπότην
3477 642 3734 716 τελοῦμεν

2127 729 2214 788 τὸν
2245 729 2411 805 Θεὸν,
2459 730 2546 789 τὸν
2578 730 2667 790 καὶ
2721 728 2903 810 ψυχὴν
2936 730 3032 788 καὶ
3073 733 3234 808 σῶμα
3277 733 3430 808 ἡμῶν
3487 729 3735 810 ἐξαγορά·

2125 841 2316 880 σαντα.

2364 989 2370 996 ο
2713 911 3002 971 nsum.
3038 909 3126 971 Z'.

2210 1068 2234 1093 ιι
2264 1040 2401 1120 Περὶ
2460 1039 2514 1100 δὲ
2567 1031 2640 1100 ὧν
2695 1039 2966 1122 ἐγράψατέ
3023 1065 3134 1118 μοι.
3187 1068 3211 1094 ι
3265 1041 3627 1122 Διωρθώσατο
3673 1039 3738 1099 τὰ

2129 1132 2442 1210 σχίσματα,
2471 1129 2568 1202 τὴν
2610 1129 2895 1211 πορνείαν,
2943 1130 3039 1202 τὴν
3091 1130 3406 1200 πλεονεξίαν
3456 1155 3470 1168 ·
3503 1136 3594 1189 νῦν
3646 1123 3735 1189 οὖν

2127 1220 2249 1298 περὶ
2305 1220 2481 1299 γάμου
2531 1220 2623 1278 καὶ
2670 1219 2954 1298 παρθενίας
3001 1220 3368 1281 διατάττεται.
3435 1218 3727 1302 Ἐγραψαν

2129 1310 2232 1391 γὰρ
2258 1313 2435 1392 αὐτῷ,
2468 1312 2514 1370 εἰ
2546 1311 2624 1369 δεῖ
2651 1309 2898 1390 γυναικὸς
2930 1311 3259 1391 ἀπέχεσθαι,
3293 1311 3328 1382 ἢ
3359 1307 3445 1372 οὗ.

2219 1519 2244 1544 α
2281 1491 2462 1553 Καλὸν
2519 1491 2780 1571 ἀνθρώπῳ
2829 1491 3078 1568 γυναικὸς
3133 1491 3208 1569 μὴ
3260 1491 3547 1552 ἅπτεσθαι.
3591 1517 3615 1543 υ
3653 1491 3736 1552 Τὸ

2133 1583 2227 1660 μὲν
2258 1581 2421 1641 καλὸν
2445 1582 2535 1641 καὶ
2565 1580 2622 1640 τὸ
2649 1581 2904 1661 ὑπερέχον
2940 1581 3085 1655 ἐστὶ,
3117 1580 3247 1662 φησὶ
3267 1626 3281 1653 ,
3315 1580 3478 1639 παντὶ
3525 1581 3734 1659 ἀνθρὼ-

2130 1697 2246 1753 πῳ,
2285 1670 2375 1730 καὶ
2425 1674 2483 1730 οὗ
2539 1670 2696 1747 μόνον
2752 1673 2883 1749 ἱερεῖ
2931 1669 3038 1750 (ὥς
3088 1693 3224 1738 τινες
3275 1674 3459 1736 κακῶς
3507 1670 3738 1750 νοοῦσι),

2129 1762 2190 1821 τὸ
2240 1759 2374 1827 ὅλως
2403 1759 2479 1837 μὴ
2532 1759 2793 1820 ἅπτεσθαι
2838 1762 3114 1839 γυναικὸς,
3166 1759 3305 1819 ἀλλὰ
3345 1760 3684 1839 παρθενεύειν
3721 1783 3736 1796 ·

2133 1851 2191 1909 τὸ
2227 1851 2281 1910 δὲ
2335 1850 2731 1932 ἀσφαλέστερον
2779 1850 2870 1910 καὶ
2925 1855 3144 1930 βοηθοῦν
3191 1852 3346 1932 ἡμῷν
3488 1849 3736 1930 ἀσθενείᾳ

423 1956 538 2004 tem
567 1927 870 2020 plurimum
902 1944 1164 2017 adjuvans
1200 1951 1282 2001 est
1308 1941 1643 2000 matrimonii
1669 1955 1780 1998 res.
1820 1939 2022 1999 Subin-

2137 1940 2246 2002 ἔστι
2283 1942 2345 2001 τὸ
2370 1927 2462 2001 τοῦ
2491 1927 2668 2020 γάμου
2697 1943 2907 2020 χρῆμα.
2926 1927 3340 2022 -Ἐπιφέρειοῦν
3373 1962 3388 1978 ·

426 2037 531 2095 fert
555 2037 720 2110 igitur
745 2058 759 2095 :

496 2130 671 2185 Vnus.
704 2133 760 2183 2.
807 2149 834 2175 ι
868 2127 1097 2198 Propter
1151 2123 1546 2180 fornicationes
1582 2129 1793 2189 autem,
1848 2135 2025 2176 unus-

424 2217 660 2292 quisque
687 2215 970 2288 propriam
1011 2229 1242 2271 uxorem
1294 2213 1514 2280 habeat,
1569 2220 1624 2268 et
1685 2225 2028 2283 unaquaeque

423 2323 588 2364 suum
629 2306 814 2362 virum
849 2303 1066 2361 habeat.
1101 2327 1128 2354 ι
1189 2307 1275 2360 De
1317 2313 1551 2375 utraque
1590 2309 1741 2375 parte
1786 2300 2022 2357 disserit.

425 2396 738 2454 Verisimile
780 2403 866 2452 est
913 2393 1065 2452 enim
1122 2393 1303 2449 virum
1349 2391 1755 2450 continentiam
1815 2405 2023 2458 amare,

425 2488 718 2545 mulierem
765 2484 926 2556 157
959 2492 1146 2540 autem
1185 2499 1299 2540 non
1333 2483 1470 2538 item
1524 2497 1538 2538 :
1579 2487 1676 2537 aut
1720 2495 1751 2536 e
1806 2478 2025 2537 diverso

427 2601 452 2626 «ι
486 2579 717 2648 Propter
761 2573 1157 2631 fornicationes
1185 2581 1400 2640 autem,
1434 2594 1461 2620 α
1504 2570 1714 2637 dicens,
1742 2568 2028 2642 compellit

423 2682 528 2723 nos
556 2665 627 2722 ad
652 2663 1076 2722 continentiam.
1104 2662 1160 2719 Si
1201 2661 1354 2719 enim
1392 2669 1616 2734 propter
1640 2659 2026 2716 fornicationes

425 2756 643 2828 nuptiae
681 2753 1104 2826 permittuntur,
1133 2767 1249 2808 non
1270 2751 1473 2808 debent
1492 2748 1720 2822 posthac
1739 2749 2029 2806 matrimo-

424 2845 515 2902 nio
524 2843 701 2916 juncti
731 2843 1181 2914 intemperanter.
1209 2841 1304 2898 sed
1333 2839 1527 2912 pudice
1565 2839 1846 2911 congredi.

494 2935 678 2991 Vens.
705 2938 758 2986 3.
785 2954 811 2980 α
843 2931 1018 2988 Uxori
1047 2929 1282 2986 maritus
1311 2927 1561 2984 debitam
1581 2929 2029 2986 benevolentiam

425 3021 650 3091 reddat;
682 3020 935 3078 similiter
965 3027 1020 3076 et
1049 3035 1189 3074 uxor
1221 3018 1443 3085 marito,
1479 3041 1504 3067 υ
1538 3017 1797 3074 debitum
1836 3018 2033 3091 (inquit

427 3111 657 3180 habetis,
681 3134 706 3160 ι
727 3119 982 3168 mutuam
1006 3125 1134 3181 erga
1151 3123 1246 3164 vos
1260 3107 1722 3164 benevolentiam.
1748 3109 2032 3178 Quatenus

2220 2150 2245 2174 α
2281 2120 2386 2182 Διὰ
2411 2119 2467 2181 δὲ
2490 2119 2586 2188 τὰς
2615 2119 2881 2201 πορνείας,
2907 2119 3130 2186 ἕκαστος
3158 2119 3255 2190 τὴν
3288 2121 3476 2178 ἑαυτοῦ
3505 2128 3737 2198 γυναῖκα

2134 2211 2332 2290 ἐχέτω,
2374 2211 2467 2270 καὶ
2530 2210 2734 2283 ἑκάστη
2782 2209 2870 2270 τὸν
2919 2208 3048 2269 ἴδιον
3093 2208 3260 2289 ἄνδρα
3306 2208 3497 2289 ἐχέτω.
3526 2235 3551 2262 υ
3601 2209 3738 2288 Περὶ

2135 2300 2385 2380 ἑκατέρου
2434 2299 2624 2379 μέρους
2673 2299 2998 2378 διαλέγεται.
3055 2298 3218 2367 Εἰκὸς
3248 2297 3351 2379 γὰρ
3382 2297 3471 2357 τὸν
3510 2297 3604 2376 μὲν
3637 2299 3737 2356 ἀν-

2136 2393 2234 2472 δρα
2261 2391 2498 2470 στέργειν
2529 2390 2580 2427 ‘5
2604 2389 2701 2463 τὴν
2735 2389 3116 2471 σωφροσύνην,
3152 2387 3248 2461 τὴν
3279 2387 3335 2448 δὲ
3367 2398 3593 2468 γυναῖκα
3633 2387 3693 2448 οὔ
3724 2410 3738 2425 °

2134 2477 2286 2550 ἢκαὶ
2312 2480 2370 2540 τὸ
2414 2479 2668 2558 ἔμπαλιν.
2711 2503 2742 2535 α
2785 2481 2886 2539 Διὰ
2917 2479 2973 2538 δὲ
3020 2477 3112 2545 τὰς
3149 2477 3426 2558 πορνείας,
3470 2504 3495 2530 ιι
3531 2476 3696 2536 εἰπὼν
3719 2522 3735 2550 ,

2137 2573 2208 2636 εἷς
2258 2569 2568 2650 ἐγκράτειαν
2616 2575 2854 2629 συνωθεῖ.
2892 2570 2960 2628 Ei
2997 2567 3098 2648 γὰρ
3141 2567 3228 2626 διὰ
3281 2566 3376 2634 τὰς
3427 2567 3670 2647 πορνείας
3714 2571 3744 2626 6

2135 2660 2306 2739 γάμος
2336 2667 2727 2740 συγχωρεῖται,
2773 2661 2866 2717 οὐκ
2902 2657 3169 2739 ὀφείλουσι
3201 2656 3384 2717 λοιπὸν
3423 2661 3471 2716 οἱ
3500 2659 3552 2717 ἐν
3579 2655 3739 2738 γάμῳ

2139 2750 2443 2817 ἀκολάστως
2472 2750 2848 2830 συνέρχεσθαι,
2890 2748 3028 2806 ἀλλὰ
3061 2746 3360 2828 σωφρόνως.

2219 2956 2243 2983 ι
2387 2930 2597 3007 γυναικὶ
2627 2931 2654 2987 6
2686 2927 2818 3008 ἀνὴρ
2857 2927 2952 3000 τὴν
2993 2927 3338 3008 ὀφειλομένην
3371 2926 3574 2988 εὔνοιαν
3609 2927 3742 2988 ἀπὸ·

2141 3020 2362 3079 διδότω·
2415 3018 2608 3097 ὁμοίως
2655 3017 2831 3077 δὲκαὶ
2863 3023 2896 3090 ἡ
2931 3015 3062 3094 γυνὴ
3103 3021 3180 3099 τῷ
3231 3016 3404 3097 ἀνδρί.
3451 3038 3482 3075 ³
3533 3018 3742 3099 Χρέοςλ,

2141 3109 2335 3192 φησὶν,
2385 3107 2570 3188 ἔχετε,
2604 3105 2702 3179 τὴν
2747 3107 2881 3188 πρὸς
2933 3097 3196 3179 ἀλλήλους
3243 3107 3449 3168 εὔνοιαν
3482 3127 3495 3141 ⁸
3541 3112 3612 3174 ὡς
3652 3097 3743 3166 οὖν

423 3202 589 3276 igitur
618 3200 894 3269 debitum,
918 3197 1290 3256 necessarium
1323 3203 1427 3268 est,
1455 3205 1517 3254 ut
1537 3197 1682 3253 hanc
1705 3196 1863 3254 vobis
1903 3213 2027 3254 mu-

2140 3199 2329 3280 χρέος,
2410 3196 2701 3277 ἀναγκαῖόν
2781 3199 2926 3258 ἐστιν
2991 3199 3128 3275 ὑμᾶς
3188 3197 3497 3257 ἀποδιδόναι
3543 3195 3743 3269 ταύτην

426 3300 581 3348 tuam
606 3289 897 3363 praestetis.

498 3383 673 3437 Vens.
703 3385 759 3435 4.
792 3399 822 3433 ν
865 3380 1028 3436 Uxor
1071 3377 1272 3450 pr0prii
1320 3376 1567 3450 corporis
1595 3391 1707 3433 non
1735 3376 1902 3434 habet
1931 3391 2035 3448 po-

429 3477 708 3539 testatem,
740 3468 837 3525 sed
882 3469 1116 3524 maritus
1149 3489 1161 3525 :
1195 3467 1456 3524 similiter
1483 3475 1672 3523 autem
1714 3474 1769 3523 et
1795 3467 2033 3523 maritus

429 3560 629 3632 proprii
667 3557 912 3631 corporis
938 3565 1270 3630 potestatem
1309 3571 1424 3613 non
1447 3554 1633 3624 habet,
1683 3556 1779 3612 sed
1811 3571 1966 3613 uxor.
2004 3579 2030 3606 ι)

429 3649 585 3721 Quod
622 3648 878 3706 debitum
925 3647 1014 3712 sit,
1047 3654 1104 3702 et
1133 3645 1306 3702 veluti
1348 3661 1438 3702 res
1480 3645 1788 3702 necessaria
1838 3653 2032 3702 mutua

426 3737 825 3805 benevolentia,
855 3751 1004 3792 nunc
1050 3735 1418 3792 demonstrat.
1449 3737 1575 3792 Non
1624 3734 1799 3802 enim,
1830 3734 2028 3806 inquit,

425 3836 755 3900 potestatem
783 3826 993 3882 habent
1017 3840 1334 3898 corporum,
1364 3823 1463 3880 sed
1507 3824 1656 3880 enim
1687 3839 1828 3880 uxor
1855 3825 2032 3880 mariti

427 3925 485 3973 et
511 3933 666 3973 serva
712 3925 794 3973 est
826 3923 882 3972 et
939 3915 1204 3972 domina:
1236 3929 1396 3971 serva
1445 3912 1699 3986 quidem,
1755 3921 2033 3986 quatenus

428 4022 541 4063 non
595 4006 762 4063 habet
793 4004 1002 4078 proprii
1065 4004 1312 4077 corporis
1341 4010 1702 4076 poteStatem,
1734 4011 1797 4059 ut
1849 4002 2034 4060 tradat

425 4097 612 4168 ipsum
642 4095 844 4168 quibus
871 4094 1019 4162 velit,
1059 4101 1322 4150 caeterum
1359 4094 1591 4148 maritus
1631 4092 1946 4149 dominatur
1974 4094 2030 4148 in

429 4186 613 4257 ipsum
647 4203 660 4239 :
693 4183 916 4240 domina
944 4198 1097 4252 vero,
1118 4191 1393 4256 quatenus
1407 4197 1600 4239 rursus
1620 4182 1803 4238 mariti
1825 4198 2031 4255 corpus

430 4274 600 4346 ipsius
629 4281 734 4339 est,
779 4288 883 4328 nec
906 4272 1068 4330 habet
1093 4273 1139 4328 is
1185 4272 1430 4344 corporis
1457 4272 1543 4328 sui
1587 4279 1934 4344 potestatem,
1967 4281 2032 4328 ut

428 4361 612 4418 tradat
631 4362 814 4434 ipsum
832 4362 1046 4419 scortis.
1079 4362 1440 4418 Consimilem
1464 4361 1535 4418 ad
1565 4363 1838 4418 rationem
1868 4361 2028 4417 mari-

430 4461 520 4509 tus
539 4460 640 4522 est,
671 4467 800 4509 cum
839 4467 1029 4509 servus
1053 4460 1174 4508 tum
1204 4451 1466 4508 dominus
1493 4467 1608 4508 suae
1629 4451 1902 4524 conjugis.

499 4544 674 4600 Vens.
725 4548 778 4598 5.
824 4565 850 4591 ει
881 4544 964 4598 Ne
991 4539 1333 4599 defraudetis
1363 4556 1463 4598 vos
1492 4550 1710 4609 mutuo,
1760 4541 1865 4597 nisi
1893 4541 2030 4614 quid
2061 4524 2113 4587 D

427 4649 492 4688 ex
523 4648 797 4689 consensu
833 4632 902 4688 ad
935 4641 1174 4705 tempus.
1226 4652 1255 4684 »
1285 4635 1408 4688 Hoc
1463 4640 1568 4699 est,
1627 4631 1796 4687 invito
1835 4635 2034 4693 marito

424 4738 494 4778 ne
521 4723 804 4779 contineat
834 4737 1008 4791 uxor;
1038 4722 1121 4778 vel
1153 4722 1405 4788 maritus,
1446 4722 1662 4798 nolenti,
1691 4737 1891 4779 uxore.
1940 4726 2036 4782 Al-

426 4819 612 4868 terum
636 4811 784 4868 enim
809 4811 979 4867 altero
1005 4812 1174 4868 invito
1200 4811 1345 4868 istud
1365 4810 1564 4880 facere,
1582 4820 1666 4868 est
1683 4810 2035 4885 defraudare,

425 4899 893 4973 quemadmodum
920 4909 976 4956 et
1007 4899 1078 4957 de
1099 4902 1345 4973 pecuniis
1373 4900 1846 4959 diciturzvolente
1869 4918 1998 4960 vero
2017 4945 2034 4973 ,

425 5006 542 5046 non
572 4990 731 5058 item,
761 5005 863 5046 ceu
901 4990 1122 5062 quando
1165 5006 1232 5047 ex
1279 5006 1554 5048 consensu
1585 4991 1806 5063 utrique
1846 5007 2033 5064 segre-

427 5081 676 5154 gaverint
701 5079 905 5153 aliquid
935 5081 1221 5154 temporis,
1271 5089 1334 5137 ut
1361 5081 1506 5137 inter
1532 5096 1652 5138 sese
1701 5080 2029 5139 abstineant.

502 5292 528 5320 ι
576 5272 656 5328 Ut
701 5270 904 5328 vacetis
951 5270 1165 5344 jejunio
1211 5278 1267 5326 et
1303 5268 1557 5326 orationi.
1617 5291 1642 5318 ι»
1691 5270 2030 5342 Interpreta-

428 5367 518 5414 tur
572 5359 857 5431 quomodo
908 5359 1147 5428 dixerit,
1201 5383 1227 5408 α
1288 5358 1375 5414 Ad
1429 5367 1666 5430 tempus,
1713 5381 1740 5408 η
1801 5359 2027 5431 quando

429 5448 638 5504 scilicet
690 5458 913 5522 tempus
970 5449 1134 5506 fuerit
1203 5465 1398 5507 vacare
1465 5449 1730 5517 orationi,
1807 5449 1914 5505 hoc
1942 5455 2027 5504 est

2145 3288 2412 3360 ἀλλήλοις.

2247 3401 2277 3436 α
2305 3377 2377 3438 Ἦ
2409 3376 2543 3458 γυνὴ
2573 3382 2664 3437 τοῦ
2691 3376 2825 3437 ἰδίου
2852 3376 3113 3455 ξσώματος
3148 3377 3243 3436 οὖκ
3272 3375 3590 3450 ἐξουσιάζει,
3621 3378 3742 3435 ἀλλ’

2140 3473 2168 3530 6
2202 3467 2336 3549 ἀνήρ
2367 3491 2381 3505 ο
2404 3467 2599 3547 ὁμοίως
2635 3467 2692 3527 δὲ
2730 3466 2822 3527 καὶ
2850 3470 2878 3526 6
2911 3470 3045 3548 ἀνὴρ
3079 3473 3171 3526 τοῦ
3201 3466 3332 3526 ἰδίου
3366 3464 3614 3544 σώματος
3649 3468 3745 3526 οὐκ

2143 3558 2471 3631 ἐξουσιάζει,
2509 3561 2631 3619 ἀλλ’
2681 3562 2716 3628 ἡ
2765 3557 2996 3635 γυνήξ»
3041 3556 3174 3617 Ὅτι
3221 3555 3406 3640 ὄφειλὴ
3452 3555 3544 3616 καὶ
3593 3555 3749 3638 χρέος

2141 3647 2282 3708 ἐστὶν
2334 3654 2368 3721 ἡ
2419 3646 2549 3727 πρὸς
2597 3646 2860 3718 ἀλλήλους
2920 3645 3126 3720 εὔνοια,
3176 3651 3266 3705 νῦν
3325 3645 3608 3705 δείκνυσιν.
3661 3647 3744 3706 Οὔ

2140 3737 2244 3819 γὰρ
2269 3736 2654 3813 ἐξουσιάζουσι,
2686 3737 2848 3817 φησὶ,
2879 3739 2984 3795 τῶν
3015 3736 3310 3814 σωμάτων,
3347 3736 3467 3794 ἀλλ’
3510 3741 3544 3808 ἡ
3575 3734 3742 3815 γυνὴ,

2137 3826 2231 3887 καὶ
2260 3827 2422 3899 δούλη
2455 3827 2548 3887 καὶ
2578 3826 2830 3887 δέσποινά
2863 3828 2976 3885 ἐστι
2996 3834 3088 3887 τοῦ
3116 3825 3302 3906 ἀνδρός
3335 3847 3352 3862 ·
3391 3825 3584 3898 δούλη,
3617 3825 3738 3884 καθ’

2139 3917 2167 3976 δ
2196 3917 2255 3976 τὸ
2280 3916 2410 3975 ἴδιον
2441 3921 2598 3991 σῶμα
2645 3918 2738 3974 οὖκ
2786 3914 2898 3995 ἔχει
2947 3913 3083 3986 αὐτὴ
3125 3916 3179 3972 ἐν
3219 3913 3428 3993 ἐξουσία
3448 3961 3464 3988 ,
3493 3914 3632 3974 ὥστε
3663 3915 3745 3974 δι-

2141 4005 2289 4066 δόναι
2318 4005 2448 4065 αὐτὸ
2477 3997 2553 4073 οἶς
2583 4003 2866 4084 βούλεται,
2903 4005 3021 4063 ἀλλ’
3068 4007 3096 4062 6
3127 4002 3261 4082 ἀνὴρ
3290 4002 3532 4073 δεσπόζει
3559 4005 3743 4063 αὐτοῦ·

2139 4095 2390 4155 δέσποινα
2434 4092 2518 4166 δὲ,
2569 4092 2702 4152 διότι
2733 4091 2895 4151 πάλιν
2926 4093 2985 4151 τὸ
3015 4096 3108 4150 τοῦ
3151 4093 3340 4173 ἀνδρὸς
3390 4095 3549 4167 σῶμα
3580 4093 3744 4162 αὐτῆς

2140 4189 2281 4257 ἐστι,
2312 4183 2404 4242 καὶ
2449 4184 2545 4241 οὐκ
2574 4182 2688 4263 ἔχει
2717 4183 2910 4249 ἐκεῖνος
2939 4183 3098 4240 αὐτοῦ
3131 4181 3367 4250 ἐξουσίαν
3387 4225 3402 4256 ,
3438 4179 3577 4240 ὥστε
3626 4190 3744 4249 ταῖς

2138 4273 2356 4355 πόρναις
2399 4272 2596 4331 διδόναι
2631 4262 2791 4332 αὐτό.
2837 4271 3076 4350 Ὁμοίως
3114 4262 3204 4331 οὖν
3248 4271 3340 4331 καὶ
3369 4275 3397 4332 6
3431 4269 3601 4353 ἀνὴρ,
3648 4271 3742 4331 καὶ

2143 4363 2324 4431 δοῦλός
2354 4364 2467 4423 ἐστι
2497 4362 2587 4422 καὶ
2618 4363 2877 4435 δεσπότης
2907 4365 3002 4435 τῆς
3040 4361 3307 4442 γυναικός.

2227 4571 2250 4596 α
2283 4543 2377 4616 Μὴ
2413 4545 2756 4626 ἀποστερεῖτε
2797 4545 3089 4620 ἀλλήλους,
3136 4546 3183 4603 εἰ
3233 4544 3365 4619 μήτι
3397 4542 3460 4602 ἂν
3491 4543 3551 4602 ἔκ
3601 4566 3745 4619 συμ-

2148 4632 2323 4715 φώνου
2354 4633 2486 4714 πρὸς
2525 4634 2729 4715 καιρόν.
2762 4660 2786 4686 n
2820 4634 3111 4694 Τουτέστιν
3133 4679 3151 4711 ,
3195 4633 3414 4701 ἄκοντος
3441 4637 3537 4691 τοῦ
3563 4630 3748 4711 ἀνδρὸς

2149 4723 2223 4800 μὴ
2256 4725 2651 4802 ἐγκρατευέσθω
2695 4727 2731 4794 ἡ
2779 4723 2945 4802 γυνὴ,
2991 4723 3026 4794 ἢ
3075 4727 3104 4782 6
3151 4722 3316 4800 ἀνὴρ,
3359 4726 3455 4794 τῆς
3502 4721 3748 4800 γυναικὸς

2147 4812 2222 4891 μὴ
2279 4813 2618 4892 βουλομένης.
2665 4815 2717 4873 Τ
2721 4813 2749 4872 ὸ
2797 4815 2928 4892 γὰρ,
2992 4811 3205 4878 ἄκοντος
3266 4816 3358 4870 τοῦ
3420 4810 3601 4890 ἑτέρου
3655 4809 3746 4869 τὸν

2146 4903 2323 4981 ἕτερον
2353 4906 2508 4961 τοῦτο
2553 4905 2761 4979 ποιεῖν,
2812 4901 3123 4980 ἀποστερεῖν
3183 4902 3360 4972 ἐστιν,
3421 4899 3604 4979 ὥσπερ
3653 4899 3744 4958 καὶ

2144 4992 2232 5072 ἐπὶ
2260 4993 2367 5049 τῶν
2401 4991 2699 5072 χρημάτων
2737 4990 2950 5070 λέγεται
2976 5013 2989 5028 ο
3041 4989 3100 5048 τὸ
3141 4989 3195 5048 δὲ
3249 4991 3492 5066 ἑκόντος,
3525 4989 3701 5048 οὐκέτι
3733 5012 3746 5024 ·

2143 5071 2250 5140 οἶον
2270 5125 2285 5152 ,
2317 5071 2442 5139 ὅταν
2474 5083 2534 5139 ἐκ
2561 5079 2846 5160 συμφώνου
2884 5082 2934 5138 οἱ
2973 5079 3064 5139 δύο
3095 5079 3390 5161 ἀφορίσωσι
3420 5080 3603 5159 καιρόν
3627 5099 3744 5136 τινα

2144 5172 2214 5238 εἷς
2237 5169 2299 5228 τὸ
2329 5169 2626 5251 ἀπέχεσθαι
2655 5169 2926 5239 ἀλλήλων.

2230 5286 2256 5312 α
2285 5257 2408 5320 Ἵνα
2439 5261 2737 5341 σχολάζητε
2767 5264 2834 5341 τῇ
2877 5257 3098 5339 νηστείᾳ
3145 5260 3238 5318 καὶ
3284 5262 3352 5340 τῇ
3389 5260 3682 5338 προσευχῇ.
3715 5281 3741 5306 ιο

2141 5338 2632 5429 Ἕρμηνεύει,πῶς
2678 5338 2818 5407 εἶπε*
2847 5348 2936 5422 τὸ,
2989 5376 3013 5403 α
3065 5338 3208 5430 Πρὸς
3251 5338 3470 5429 καιρὸν,
3500 5373 3525 5399 ιι
3578 5347 3740 5423 ἤγουν

2137 5437 2263 5498 ὅταν
2310 5438 2491 5521 καιρὸς
2627 5438 2891 5519 σχολάσαι
3063 5443 3378 5519 προσευχῇ,
3439 5440 3737 5509 τουτέστιν,

1845 5637 2034 5696 Varia:
2075 5637 2382 5698 lectiones.

506 5725 550 5760 ‘5
577 5724 795 5797 ἐνεργεῖν
827 5743 882 5783 o.
