4090 6442
347 412 445 465 641

1180 410 1532 468 EXPOSITIO
1572 413 1637 467 IN
1678 411 1889 467 EPIST.
1933 415 1950 467 ἰ
1991 415 2083 468 ΑΙ)
2128 413 2286 468 GOR.
2333 443 2391 452 —
2434 414 2585 469 CAP.
2628 414 2738 468 VII.

3556 414 3661 470 642

346 533 739 610 ἐπιτεταμένως
791 533 1062 603 εὔξασθαι.
1111 536 1195 596 Οὐ
1240 535 1343 616 γὰρ
1392 527 1535 596 εἶπεν
1582 537 1791 611 ἁπλῶς,
1826 535 1946 597 Ἵνα

2071 540 2281 596 intense
2340 538 2552 596 orandi.
2603 541 2728 595 Non
2781 539 2935 595 enim
2990 538 3130 596 dixit
3185 539 3523 611 simpliciter.
3580 541 3661 595 Ut

341 622 729 701 προσεύξησθε,
764 624 907 695 ἀλλ’,
937 652 959 676 ιι
992 621 1114 684 Ἵνα
1139 625 1437 704 σχολάζητε
1471 630 1538 702 τῇ
1570 632 1874 707 προσευχῇ.
1918 654 1943 679 ι»

350 715 421 774 Εἰ
446 713 497 752 ⁴⁶
522 712 626 793 γὰρ
656 718 746 772 τοῦ
778 716 962 781 ἁπλῶς
1012 711 1265 793 εὔχεσθαι
1316 715 1558 795 ἀπείργει
1584 716 1704 783 τοὺς
1748 716 1952 775 συνιόν-

345 826 477 874 τας,
529 806 640 869 πῶς
689 804 933 883 ἀλλαχοῦ
985 825 1181 882 φησιν·
1234 830 1257 857 α
1302 803 1675 872 Ἆδιαλείπτως
1727 804 1953 884 προσεύ-

344 898 538 971 χεσθε;
575 916 605 947 »
636 890 731 959 Ὡς
772 892 835 950 ἂν
881 884 983 967 οὖν,
1009 896 1050 975 ἡ
1098 892 1229 973 εὐχὴ
1286 894 1672 975 σπουδαιοτέρα
1717 894 1953 973 γένηται,

347 983 647 1061 ἀπέχεσθε,
679 980 858 1062 φησὶν,
890 974 1139 1052 ἀλλήλων
1160 1030 1175 1056 ,
1204 985 1276 1050 ὡς
1309 987 1401 1055 τῆς
1433 974 1621 1060 μίξεως
1652 983 1910 1063 ἀσχολίαν
1929 1030 1948 1062 ,

348 1072 448 1129 οὐκ
479 1072 845 1151 ἀκαθαρσίαν,
871 1070 1146 1143 ποιούσης.

434 1188 460 1212 ι
501 1160 608 1220 Καὶ
634 1161 795 1220 πάλιν
830 1162 917 1219 ἐπὶ
948 1159 1008 1219 τὸ
1052 1159 1181 1219 αὐτὸ
1230 1161 1574 1243 συνέρχεσθε,
1614 1160 1700 1221 ἵνα
1732 1163 1807 1239 μὴ
1837 1188 1952 1223 πειι

352 1250 486 1329 ράζῃ
512 1253 648 1326 ὑμᾶς
672 1255 700 1309 ὁ
730 1252 982 1316 Σατανᾶς
1014 1248 1100 1307 διὰ
1139 1250 1234 1322 τὴν
1282 1251 1543 1332 ἀκρασίαν
1594 1255 1767 1328 ὑμῶν.
1810 1276 1837 1309 ι
1872 1252 1953 1313 Τὸ

352 1340 513 1397 πάλιν
541 1344 893 1419 συνέρχεσθαι
922 1342 1079 1416 ὑμᾶς,
1113 1340 1310 1419 φησιν,
1343 1346 1402 1401 οὖ
1448 1343 1744 1419 νομοθετῶν
1775 1342 1915 1421 λέγω
1934 1388 1953 1416 ,

351 1427 477 1486 ἀλλ’
503 1455 528 1481 ιι
579 1426 665 1485 ἵνα
706 1429 782 1505 μὴ
813 1429 1041 1508 πειράζῃ
1089 1432 1229 1506 ὑμᾶς
1274 1434 1302 1489 ὃ
1336 1433 1617 1502 Σατανᾶς,

352 1519 494 1576 νείαν
537 1518 760 1590 δηλαδή.
803 1518 959 1578 Ἐπεὶ
1019 1518 1074 1576 δὲ
1125 1522 1153 1577 ὁ
1184 1519 1427 1588 διάϐολος
1484 1522 1544 1579 οὗ
1593 1523 1713 1579 καθ’
1770 1521 1953 1579 ἑαυτὸν

350 1607 517 1674 αἴτιος
562 1613 655 1680 τῆς
706 1608 985 1688 πορνείας,
1040 1608 1178 1668 ἀλλὰ
1235 1611 1648 1688 προηγουμένως
1703 1614 1737 1682 ἡ
1798 1614 1953 1686 ἡμῶν

351 1697 614 1775 ἀκρασία·
645 1696 915 1775 ἐπήγαγε·
946 1724 971 1750 σι
1001 1697 1104 1757 Διὰ
1137 1698 1234 1769 τὴν
1261 1699 1524 1778 ἀκρασίαν
1554 1702 1722 1776 ὑμῶν.
1748 1725 1773 1750 ι»
1803 1699 1952 1771 Αὕτη

349 1785 455 1865 γὰρ
481 1789 513 1855 ἡ
546 1786 692 1844 αἰτία
722 1791 816 1845 τοῦ
845 1786 939 1845 καὶ
970 1786 1058 1846 τὸν
1090 1788 1337 1847 διάϐολον
1366 1787 1635 1869 πειράζειν
1666 1792 1828 1867 ἡμᾶς.

433 1901 456 1926 α
488 1876 666 1935 Τοῦτο
694 1876 749 1934 δὲ
798 1876 938 1955 λέγω
990 1878 1129 1936 κατὰ
1170 1877 1520 1957 συγγνώμην,
1571 1880 1632 1937 οὗ
1678 1882 1797 1936 κατ’
1831 1880 1949 1938 ἐπι-

346 1965 540 2040 ταγήν.
576 1991 600 2017 ιι
644 1964 758 2038 Τὸ,
810 1992 835 2018 σι
862 1966 993 2045 πρὸς
1044 1966 1256 2047 καιρὸν,
1308 1966 1501 2047 φησὶν,
1560 1969 1869 2047 ἀποστερεῖν
1896 1969 1949 2006 ‘7

348 2054 643 2126 ἀλλήλους,
677 2054 818 2113 κατὰ
852 2055 1173 2134 συγγνώμην
1206 2047 1353 2116 εἷπον
1387 2080 1401 2093 ο
1432 2056 1707 2130 τουτέστι,
1744 2081 1949 2135 συγκα-

347 2142 615 2202 ταϐαίνων
778 2144 1022 2225 ἀσθενείᾳ
1068 2148 1261 2227 ὑμῶν,
1309 2147 1369 2206 οὗ
1421 2146 1581 2224 νόμον
1616 2146 1777 2214 τιθεὶς
1825 2150 1947 2225 ὑμῖν

346 2232 440 2290 καὶ
471 2233 729 2314 ἐπιταγὴν
762 2234 1136 2314 ἀπαράϐατον.

436 2442 461 2467 ιι
492 2414 648 2479 Θέλω
674 2414 778 2498 γὰρ
803 2417 1007 2484 πάντας
1058 2416 1364 2498 ἀνθρώπους
1394 2408 1527 2477 εἶναι
1558 2419 1630 2485 ὡς
1660 2416 1753 2475 καὶ
1780 2418 1945 2494 ἐμαυ-

346 2503 460 2563 τόν.
497 2530 522 2557 ι
551 2502 718 2566 Ἔνθα
761 2506 825 2565 ἂν
859 2505 1108 2586 δυσχερὲς
1156 2506 1420 2584 ἐπιτάσσῃ
1466 2515 1727 2587 πρᾶγμα,
1767 2510 1945 2564 εἴωθεν

342 2594 531 2652 ἑαυτὸν
560 2596 733 2677 φέρειν
784 2600 855 2662 εἷς
890 2595 1075 2674 μέσον.
1132 2597 1314 2669 Φησὶν
1360 2586 1485 2673 οὖν,
1537 2594 1618 2654 ὅτι
1673 2595 1947 2673 Βούλομαι

340 2680 441 2741 ἵνα
470 2684 659 2751 πάντες
681 2685 911 2745 πάντοτε
941 2684 1423 2765 ένεγκρατεύωνται
1452 2685 1533 2765 [
1564 2686 1710 2765 ἓγκρ.

435 2805 461 2829 ιι
514 2773 653 2835 Ἀλλ’
698 2775 919 2843 ἕκαστος
953 2774 1083 2833 ἴδιον
1126 2774 1372 2856 χάρισμα
1428 2776 1539 2855 ἔχει
1573 2777 1633 2833 ἐκ
1681 2777 1862 2851 Θεοῦ,
1894 2772 1947 2840 ὃς

346 2868 446 2944 μὲν
475 2864 670 2937 οὕτως,
718 2863 772 2931 ὃς
818 2862 872 2923 δὲ
914 2863 1101 2933 οὕτως.
1151 2893 1175 2917 n
1207 2864 1287 2924 Τὸ
1319 2868 1536 2941 μεῖναι,
1592 2862 1753 2944 φησὶ,
1804 2887 1944 2942 παρ-

344 2957 493 3016 θένον
566 2954 815 3035 χάρισμά
863 2954 1005 3013 ἐστιν
1056 2954 1163 3014 ἀπὸ
1218 2955 1377 3014 Θεοῦ.
1444 2953 1635 3014 Καίτοι
1691 2952 1785 3011 καὶ
1852 2957 1946 3024 τῆς

341 3033 607 3125 ἡμετέρας
647 3045 814 3102 δεῖται
869 3044 1101 3117 σπουδῆς
1142 3042 1199 3101 τὸ
1244 3052 1490 3124 πρᾶγμα.
1540 3046 1667 3110 Πῶς
1708 3033 1795 3101 οὖν
1845 3043 1946 3121 χά-

346 3159 511 3217 ρισμα
542 3133 670 3192 αὐτὸ
717 3134 893 3212 λέγει;
945 3132 1569 3217 ξΊνοι-παραμυθήσηται
1619 3132 1834 3204 αὐτοὺς,
1873 3136 1944 3201 ὡς

338 3228 535 3291 ἱκανῶς
582 3221 787 3295 πλήξας
838 3224 891 3280 ἐν
922 3212 997 3289 οἶς
1036 3212 1149 3281 εἷπε
1196 3212 1256 3280 τὸ
1281 3270 1297 3300 ,
1331 3251 1354 3277 α
1388 3222 1493 3281 Διὰ
1542 3220 1638 3293 τὴν
1682 3220 1944 3300 ἀκρασίαν

342 3318 511 3389 ὑμῶν.
546 3340 570 3365 ι
603 3311 919 3390 Σημείωσαι
965 3311 1019 3370 δὲ
1045 3356 1061 3385 ,
1108 3314 1187 3369 ὅτι
1218 3311 1310 3371 καὶ
1340 3311 1428 3371 τὸν
1476 3312 1651 3390 γάμον
1696 3311 1942 3390 χάρισμα

340 3404 547 3475 τίθησιν
568 3446 584 3475 ,
618 3402 672 3459 ἐν
699 3405 777 3480 τῷ
807 3404 991 3459 εἰπεῖν’
1022 3429 1045 3454 α
1075 3399 1346 3467 "Exacto;
1373 3400 1506 3461 ἴδιον
1536 3401 1779 3480 χάρισμα
1802 3400 1936 3479 ἔχει,

340 3491 397 3559 ὃς
428 3491 521 3569 μὲν
555 3489 695 3550 οὕτω
716 3513 730 3528 ·
762 3518 785 3542 ι
816 3489 1073 3564 τουτέστι,
1096 3490 1437 3571 παρθενεύειν
1460 3514 1475 3528 θ
1505 3517 1530 3541 κ
1556 3488 1610 3556 ὃς
1636 3489 1690 3547 δὲ
1722 3487 1884 3547 οὕτω·
1915 3516 1938 3541 ι»

338 3583 609 3655 τουτέστι,
640 3587 834 3660 γαμεῖν
857 3579 930 3639 ³⁸⁸.

429 3789 459 3825 ιι
486 3766 644 3845 Λέγω
672 3766 728 3825 δὲ
766 3766 874 3833 τοῖς
926 3764 1150 3843 ἀγάμοις
1203 3764 1296 3825 καὶ
1325 3765 1442 3831 ταῖς
1493 3763 1718 3844 χήραις,
1770 3765 1935 3824 καλὸν

340 3858 516 3922 αὐτοῖς
563 3858 738 3932 ἐστιν,
770 3855 861 3915 ἐὰν
908 3853 1159 3931 μείνωσιν
1208 3858 1279 3922 ὡς
1314 3852 1486 3933 κάγώ.
1522 3856 1591 3914 Εἰ
1622 3852 1677 3911 δὲ
1717 3853 1811 3911 οὖκ
1840 3856 1931 3931 ἐγ-

337 3944 718 4024 κρατεύονται,
763 3944 1205 4025 γαμησάτωσαν*
1250 3954 1493 4025 κρεῖσσον
1542 3942 1646 4022 γάρ
1686 3945 1798 4002 ἐστι
1839 3967 1934 4022 γα-

336 4023 513 4111 μῆσαι
537 4033 606 4107 ⁴⁹,
647 4033 681 4104 ἢ
712 4037 1024 4115 πυροῦσθαι.
1055 4061 1081 4085 ι
1118 4023 1271 4100 Εἶδες
1293 4023 1498 4113 σοφίαν
1535 4030 1787 4102 Παύλου,
1819 4035 1933 4100 πῶς

335 4122 427 4181 καὶ
480 4122 721 4203 βελτίονα
770 4123 823 4161 ⁵ο
872 4122 1104 4182 δείκνυσι
1158 4122 1257 4195 τὴν
1294 4122 1603 4204 ἐγκράτειαν
1628 4167 1645 4197 ,
1697 4120 1791 4180 καὶ
1840 4123 1934 4180 οὐκ

337 4211 625 4291 ἀναγκάζει
649 4213 694 4247 ⁵⁸
741 4211 829 4271 τὸν
865 4211 941 4289 μὴ
986 4211 1302 4290 δυνάμενον,
1354 4211 1440 4270 ἵνα
1488 4210 1563 4288 μὴ
1610 4218 1789 4291 χεῖρον
1828 4235 1934 4269 πα·

336 4304 606 4381 Ράπτωμα
631 4302 880 4381 γένηται;
935 4304 1002 4362 Εἰ
1049 4301 1151 4381 γὰρ
1197 4300 1435 4375 πολλὴν,
1486 4300 1672 4382 φησιν,
1728 4301 1933 4377 ὓπομέ-

1666 1458 1689 1482 ιι
1726 1433 1797 1498 εἷς
1824 1455 1956 1510 πορ-

2065 630 2229 687 oretis
2262 650 2273 685 :
2302 628 2418 694 sed,
2451 653 2477 679 α
2510 630 2591 686 Ut
2614 628 2817 685 vacetis
2837 630 3095 685 orationi.
3128 651 3154 677 ιι
3187 628 3241 685 Si
3272 629 3417 684 enim
3436 630 3658 701 simpli-

2064 720 2203 777 citer
2231 720 2301 776 ab
2332 719 2540 776 orando
2580 733 2674 774 eos
2710 718 2803 790 qui
2844 734 3141 791 congressu
3188 726 3443 786 utuntur,
3474 719 3659 790 prohi-

2066 810 2240 876 beret;
2276 808 2561 882 quomodo
2589 807 2718 864 alibi
2747 808 2914 864 dicit:
2939 832 2964 857 α
2995 811 3340 864 Incessanter
3373 816 3528 863 orate
3546 810 3603 864 ιΡ
3625 828 3652 860 »

2063 901 2145 956 Ut
2183 899 2355 971 igitur
2408 897 2584 955 oratio
2614 897 2916 953 ferventior
2958 898 3072 963 fiat,
3120 895 3416 964 abstinete,
3454 896 3651 969 inquit,

2063 990 2202 1045 alius
2252 989 2321 1045 ab
2364 989 2515 1044 alio:
2552 987 2716 1043 veluti
2749 1003 3075 1060 congressus
3115 1002 3232 1043 non
3278 985 3655 1058 impuritatem

2063 1079 2249 1146 faciat,
2279 1078 2373 1135 sed
2410 1077 2694 1150 negotium
2724 1077 2974 1133 facessat.

2139 1193 2165 1219 (ι
2212 1171 2284 1225 Et
2320 1184 2511 1224 rursus
2556 1167 2613 1223 in
2640 1166 2789 1223 idem
2832 1166 3190 1235 conveniatis,
3237 1182 3306 1223 ne
3350 1175 3526 1224 tentet
3560 1184 3657 1225 vos

2058 1260 2286 1315 Satanas
2315 1265 2537 1329 propter
2563 1256 3019 1313 incontinentiam
3050 1265 3307 1312 vestram.
3336 1278 3361 1303 υ
3397 1256 3558 1321 Illud,
3592 1267 3657 1313 ut

2064 1373 2087 1397 α
2122 1363 2311 1405 rursus
2343 1344 2698 1411 conveniatis,
2734 1368 2759 1393 ιο
2807 1345 3000 1416 inquit,
3048 1360 3159 1399 non
3190 1360 3289 1401 ceu
3334 1346 3511 1417 legem
3549 1346 3657 1401 im-

2066 1454 2271 1509 ponens
2292 1436 2438 1506 dico,
2471 1434 2568 1492 sed
2598 1460 2623 1484 «
2655 1451 2725 1491 ne
2765 1451 2861 1491 vos
2886 1442 3065 1491 tentet
3093 1435 3341 1502 Satanas,
3374 1456 3401 1483 ν
3430 1434 3499 1490 ad
3533 1433 3656 1490 for-

2066 1527 2401 1583 nicationem
2448 1525 2717 1582 videlicet.
2751 1524 2895 1594 Quia
2928 1539 3054 1579 vero
3093 1523 3345 1580 diabolus
3398 1540 3496 1595 per
3541 1539 3661 1580 sese

2064 1634 2179 1673 non
2209 1625 2293 1672 est
2328 1624 2518 1671 auctor
2536 1613 2943 1680 fornicationis,
2962 1612 3060 1669 sed
3076 1621 3263 1669 nostra
3282 1613 3554 1685 imprimis
3578 1615 3662 1669 in-

2065 1708 2407 1765 continentia
2426 1747 2441 1771 ,
2455 1704 2779 1761 subintulit:
2803 1725 2829 1753 a
2846 1706 3076 1775 Propter
3089 1702 3547 1759 incontinentiam
3568 1720 3659 1760 vc-

2067 1806 2261 1855 stram.
2284 1818 2310 1844 »
2329 1799 2455 1867 Ipsa
2470 1793 2618 1850 enim
2633 1801 2715 1849 est
2731 1793 2789 1847 in
2807 1807 2967 1848 causa
2980 1808 3079 1847 cur
3093 1793 3319 1847 Satanas
3337 1807 3441 1847 nos
3459 1800 3657 1849 tentet.

2136 1889 2319 1943 Vsus.
2334 1890 2385 1941 6.
2409 1907 2431 1934 α
2449 1886 2571 1940 Hoc
2584 1890 2769 1939 autem
2782 1880 2904 1937 dico
2923 1880 3224 1937 secundum
3235 1880 3660 1953 indulgentiam,

2061 1993 2172 2034 non
2212 1973 2517 2032 secundum
2546 1972 2864 2044 imperium.
2909 1995 2933 2018 υ
2965 1969 3128 2038 Illud,
3163 1993 3188 2019 α
3237 1968 3324 2026 Ad
3353 1977 3589 2042 tempus,
3629 1994 3654 2019 ιι

2060 2066 2258 2139 inquit,
2303 2089 2329 2115 σι
2372 2062 2712 2121 defraudetis
2741 2077 2840 2117 vos
2870 2069 3089 2126 mutuo,
3120 2082 3145 2109 ν
3186 2059 3352 2130 158
3380 2075 3478 2131 per
3517 2076 3654 2115 con-

2056 2159 2359 2215 cessionem
2399 2153 2543 2221 dixi,
2589 2150 2947 2207 imbecillitati
3001 2156 3196 2206 vestrae
3262 2147 3488 2216 cedens,
3544 2166 3659 2205 non

2060 2248 2233 2321 legem
2248 2244 2502 2301 sanciens
2528 2241 2702 2309 vobis,
2719 2248 2813 2296 aut
2827 2238 3154 2295 mandatum
3172 2237 3323 2311 quod
3342 2238 3652 2311 transgredi

2056 2353 2167 2394 non
2193 2336 2367 2392 liceat.

2129 2428 2317 2482 Vens.
2348 2429 2407 2478 7.
2456 2446 2482 2472 ι
2516 2420 2657 2477 Volo
2687 2419 2833 2475 enim
2861 2433 3054 2475 omnes
3081 2417 3336 2475 homines
3364 2433 3484 2475 esse
3511 2418 3652 2474 sicut

2056 2524 2111 2573 et
2138 2515 2431 2586 meipsum.
2468 2535 2494 2561 ιο
2555 2510 2662 2567 Ubi
2692 2525 2809 2573 rem
2859 2507 3115 2564 arduam‘
3143 2508 3405 2579 praecipit,
3457 2511 3653 2564 sesein

2057 2605 2297 2661 medium
2318 2600 2566 2674 proferre
2584 2600 2742 2657 solet.
2764 2597 2858 2655 Ait
2871 2597 3062 2671 igitur:
3079 2596 3332 2669 Optarim
3353 2605 3415 2653 ut
3430 2613 3653 2670 semper

2056 2709 2249 2752 omnes
2273 2693 2647 2749 continerent.

2133 2807 2158 2833 ι
2200 2783 2305 2840 Sed
2350 2781 2727 2854 unusquisque
2764 2775 3052 2851 proprium
3106 2775 3315 2833 donum
3373 2776 3540 2835 habet
3585 2794 3649 2835 ex

2057 2878 2199 2945 Deo,
2230 2873 2368 2929 alius
2411 2870 2637 2943 quidem
2675 2869 2778 2938 sic,
2816 2866 2954 2923 alius
2994 2882 3125 2924 vero
3154 2867 3251 2923 sic.
3288 2890 3312 2915 ιο
3346 2867 3649 2939 Virginem,

2053 2965 2251 3036 inquit,
2282 2962 2598 3036 quempiam
2624 2977 2867 3027 manere,
2896 2963 3106 3020 donum
3136 2959 3241 3015 Dei
3268 2967 3373 3015 est.
3395 2958 3567 3030 Atqui
3598 2966 3652 3013 et

2056 3064 2246 3111 nostro
2290 3053 2475 3110 studio
2506 3068 2569 3108 ea
2600 3067 2689 3107 res
2737 3068 2875 3125 opus
2922 3052 3106 3109 habet.
3140 3047 3434 3119 Quomodo
3480 3048 3651 3119 igitur

2053 3144 2259 3202 donum
2292 3142 2474 3215 ipsum
2490 3141 2667 3199 dicit?
2696 3151 2757 3198 ut
2774 3143 3133 3199 consolentur
3158 3155 3252 3197 eos
3272 3153 3411 3211 quos
3428 3135 3650 3193 abunde

2054 3243 2412 3307 percusserat,
2465 3248 2595 3289 cum
2632 3231 2788 3302 dixit,
2845 3256 2869 3281 «ι
2916 3235 3147 3303 Propter
3192 3226 3650 3285 incontinentiam

2053 3334 2312 3381 vestram.
2364 3345 2390 3371 η
2439 3322 2676 3379 Observa
2740 3330 2923 3379 autem
2994 3319 3142 3394 quod
3197 3318 3368 3374 etiam
3431 3316 3651 3389 nuptias

2049 3411 2263 3469 donum
2304 3410 2486 3478 faciat,
2519 3411 2774 3483 inquiens
2807 3432 2818 3466 :
2866 3434 2892 3459 «ι
2926 3408 3320 3480 Unusquisque
3363 3406 3649 3478 proprium

2048 3503 2258 3559 donum
2283 3500 2471 3566 habet,
2499 3500 2639 3555 alius
2668 3499 2890 3572 quidem
2921 3500 3030 3567 sic,
3060 3521 3086 3546 ν
3118 3497 3223 3552 hoc
3252 3506 3366 3563 est,
3399 3503 3461 3551 ut
3491 3494 3648 3566 virgo

2049 3597 2409 3663 permaneat:
2451 3612 2476 3638 ιι
2504 3588 2643 3645 alius
2677 3604 2806 3644 vero
2835 3588 2947 3654 sic,
2978 3610 3003 3637 ιι
3053 3585 3160 3641 hoc
3191 3592 3293 3653 est,
3339 3592 3402 3640 ut
3436 3584 3494 3639 in
3531 3598 3646 3638 ma-

2048 3679 2313 3735 trimonio
2351 3678 2446 3735 sit.

2117 3772 2295 3826 Vens.
2328 3771 2382 3836 8,
2412 3773 2466 3824 9.
2499 3784 2527 3819 ιι
2556 3765 2697 3822 Dico
2722 3774 2908 3822 autem
2950 3763 3192 3836 innuptis
3216 3771 3271 3819 et
3301 3761 3508 3827 viduis,
3552 3760 3650 3816 bo-

2043 3876 2181 3915 num
2212 3860 2312 3926 eis,
2344 3857 2391 3913 si
2416 3855 2843 3928 permanserint,
2871 3854 3015 3909 sicut
3061 3862 3117 3909 et
3144 3868 3263 3925 ego.
3297 3874 3323 3899 ‹‹
3352 3852 3407 3906 Si
3452 3858 3646 3906 autem

2041 3966 2152 4006 non
2202 3947 2502 4014 continent,
2552 3944 2764 4001 nubant
2790 3963 2805 4001 :
2835 3943 3034 3999 melius
3108 3950 3193 3998 est
3240 3941 3391 3997 enim
3440 3938 3649 3995 nubere

2042 4055 2211 4112 quam
2260 4038 2368 4093 uri.
2434 4061 2458 4085 »
2498 4035 2699 4091 Vident
2744 4033 3069 4105 sapientiam
3118 4030 3308 4099 Pauli,
3360 4029 3643 4101 quomodo

2042 4129 2331 4186 meliorem
2382 4133 2658 4182 monstret
2686 4139 2806 4181 esse
2843 4121 3266 4189 continentiam,
3318 4135 3423 4175 nec
3448 4127 3645 4175 tamen

2044 4226 2206 4289 cogat
2239 4215 2488 4283 interim,
2518 4214 2562 4270 si
2592 4212 2715 4285 quis
2768 4227 2883 4269 non
2924 4210 3117 4282 possit,
3163 4224 3233 4265 ne
3279 4209 3434 4282 pejus
3478 4208 3644 4281 flagi-

2043 4307 2181 4363 tium
2230 4302 2741 4362 committatur?Si
2773 4301 2918 4358 enim
2964 4299 3222 4367 multam,
3277 4298 3478 4372 inquit,
3527 4298 3639 4354 vim

334 4413 441 4490 Vt};
477 4391 597 4469 βίαν
638 4392 732 4450 καὶ
764 4390 1020 4490 ιπύρωσιν
1071 4389 1317 4469 (μεγάλη
1370 4389 1474 4471 γὰρ
1519 4394 1552 4461 ἡ
1614 4393 1707 4461 τῆς
1755 4393 1934 4449 ἐπιθυ-

2052 4396 2276 4453 sustines
2306 4402 2361 4451 et
2400 4393 2676 4450 ustionem
2715 4396 2933 4464 (magna
2984 4389 3137 4445 enim
3183 4388 3642 4460 concupiscentiae

338 4480 464 4556 μίας
512 4479 804 4561 τυραννὶς),
874 4480 1217 4560 ἀπαλλάγηθι
1294 4481 1470 4539 πόνων
1530 4479 1622 4539 καὶ
1662 4478 1932 4559 ἱδρώτων,

334 4568 544 4645 μήποτε
571 4570 663 4629 καὶ
692 4594 759 4629 πε
767 4574 1042 4651 ριτραπῇς.

416 4684 443 4712 ι
471 4660 596 4726 Τοῖς
625 4658 679 4719 δὲ
712 4659 1050 4739 γεγαμηκόσι
1075 4658 1436 4740 παραγγέλλω
1463 4701 1478 4730 ,
1510 4659 1608 4717 οὐκ
1634 4656 1773 4736 ἐγὼ,
1808 4660 1931 4718 ἀλλ’

331 4749 361 4805 ὁ
394 4746 615 4827 Κύριος.
667 4774 694 4801 ι
746 4747 978 4820 Ἐπειδὴ
1021 4752 1191 4831 ῥητῶς
1233 4752 1261 4807 ὃ
1311 4746 1505 4828 Κύριος
1549 4745 1928 4825 ἐνομοθέτησε,

333 4834 411 4911 μὴ
463 4835 863 4915 διαζεύγνυσθαι
915 4837 1180 4917 παρεκτὸς
1250 4836 1408 4916 λόγου
1488 4836 1775 4918 πορνείας·
1840 4836 1929 4895 διὰ

329 4923 487 4985 τοῦτό
524 4945 721 5004 φησιν’
785 4954 809 4981 ι
837 4928 957 4988 Οὐκ
1009 4926 1146 5006 ἐγὼ,
1194 4926 1313 4986 ἀλλ’
1364 4929 1393 4984 ὁ
1427 4925 1638 5006 Κύριος.
1690 4926 1778 4986 Τὰ
1824 4926 1928 5006 γὰρ

328 5014 696 5095 προειρημένα
742 5020 840 5074 οὐκ
881 5006 1019 5088 ἦσαν
1071 5016 1174 5074 ὑπὸ
1225 5020 1319 5075 τοῦ
1371 5015 1573 5097 Κυρίου
1623 5018 1795 5098 ῥητῶς
1840 5039 1929 5075 νο-

330 5104 690 5178 μοθετηθέντα
714 5128 728 5143 ·
761 5107 807 5163 εἰ
833 5106 926 5164 καὶ
962 5104 1062 5164 ὅσα
1093 5108 1120 5163 ὁ
1160 5107 1374 5172 Παῦλος
1402 5105 1579 5183 λέγει,
1609 5112 1701 5165 τοῦ
1729 5105 1930 5183 Κυρίου

329 5193 460 5267 εἶσὶ,
503 5195 595 5253 καὶ
641 5196 738 5253 οὐκ
791 5195 1119 5274 ἀνθρώπινα.
1174 5195 1539 5274 Παρακατιὼν
1598 5194 1701 5274 γὰρ
1758 5217 1927 5274 φησι·

330 5310 353 5335 ε
392 5286 549 5344 Δοκῶ
580 5282 686 5365 γὰρ
731 5285 882 5360 κάγὼ
916 5288 1140 5363 Πνεῦμα
1170 5288 1313 5345 Θεοῦ
1341 5286 1506 5365 ἔχειν.
1542 5312 1566 5337 υ

400 5487 419 5520 ι
451 5487 473 5540 ι
503 5485 701 5542 Thess.
734 5499 797 5552 ν,
831 5492 917 5542 ιϐ.
993 5495 1019 5520 ιι
1049 5484 1245 5542 Matth.
1280 5499 1339 5550 ν,
1373 5489 1464 5539 32.

2042 4486 2295 4560 tyrannis
2318 4488 2448 4551 est),
2479 4481 2713 4540 abscede
2736 4497 2767 4537 a
2792 4479 3080 4537 laboribus
3108 4477 3224 4533 istis
3244 4485 3301 4533 et
3319 4475 3637 4545 sudoribus,

2040 4574 2341 4647 nequando
2368 4571 2723 4630 subvertaris.

2112 4668 2289 4721 Vens.
2322 4669 2406 4719 ιο.
2444 4684 2472 4713 ιι
2497 4662 2571 4719 Iis
2598 4669 2783 4718 autem
2807 4660 2902 4733 qui
2929 4656 3281 4716 matrimonio
3293 4654 3473 4729 juncti
3512 4663 3643 4711 sunt

2040 4754 2319 4827 praecipio,
2351 4768 2465 4810 non
2505 4767 2631 4824 ego,
2661 4749 2757 4808 sed
2810 4750 3106 4806 Dominus.
3143 4771 3168 4797 ιι
3197 4746 3338 4817 Quia
3366 4744 3640 4801 Dominus

2035 4846 2215 4917 legem
2242 4842 2460 4899 disertis
2498 4840 2681 4897 verbis
2716 4839 2972 4908 sancivit,
3000 4854 3115 4895 non
3142 4837 3346 4894 debere
3381 4833 3499 4891 fieri
3545 4833 3639 4890 di-

2037 4933 2278 4989 vortium
2303 4931 2408 4987 nisi
2436 4929 2819 4987 fornicationis
2833 4944 2999 4985 causa
3020 4937 3046 4965 “
3074 4968 3091 4995 ,
3117 4933 3429 5000 propterea,
3456 4947 3483 4973 ι
3513 4927 3643 4981 Non

2036 5039 2158 5096 ego,
2192 5022 2387 5094 inquit,
2422 5020 2519 5077 sed
2558 5020 2853 5076 Dominus.
2887 5042 2914 5068 ν
2969 5023 3114 5075 Ante
3143 5018 3247 5073 hac
3284 5015 3431 5073 enim
3478 5029 3641 5069 com-

2040 5119 2368 5179 memorata,
2395 5126 2511 5166 non
2540 5109 2770 5166 fuerunt
2788 5123 3042 5180 expresse
3068 5123 3097 5162 a
3121 5105 3361 5162 Domino
3390 5103 3506 5173 lege
3530 5103 3639 5156 lala

2039 5202 2287 5257 instituta
2320 5219 2334 5255 :
2365 5200 2580 5256 etiamsi
2608 5212 2949 5270 quaecunque
2979 5197 3183 5252 Paulus
3208 5194 3376 5259 dicat,
3410 5189 3640 5247 Domini

2038 5300 2185 5359 sunt,
2245 5299 2301 5347 et
2352 5306 2465 5345 non
2516 5292 2778 5344 humana.
2826 5289 2970 5343 Nam
3012 5285 3069 5340 in
3110 5297 3411 5355 progressu
3466 5278 3637 5336 dicit:

2042 5406 2067 5431 «
2100 5384 2240 5437 Puto
2266 5380 2416 5437 enim
2435 5378 2584 5451 quod
2611 5387 2667 5435 et
2683 5393 2784 5450 ego
2813 5375 3074 5449 Spiritum
3103 5372 3203 5428 Dei
3240 5371 3477 5427 habeam
3500 5377 3524 5404 ν
3564 5411 3575 5423 .
3610 5391 3636 5416 ι»

1536 5492 1561 5515 τ
1598 5483 1621 5537 I
1649 5484 1775 5539 Cor.
1813 5495 1931 5549 vn,
1957 5486 2048 5536 40.

1755 5562 1944 5621 Variae
1988 5561 2292 5621 lectiones.

396 5655 442 5687 “
497 5655 584 5708 καί
634 5670 690 5712 0.
768 5654 810 5689 ⁸⁷
871 5654 940 5727 μὴ
999 5654 1320 5726 ἀποστερεῖτε
1370 5670 1424 5711 0.
1505 5652 1547 5687 ⁸⁸
1600 5651 1694 5705 ὕπο
1760 5654 1947 5723 γάμον⁸
1987 5648 2119 5703 εἶναι
2175 5666 2226 5705 ο.
2307 5646 2351 5681 ‘9
2406 5648 2677 5719 γαμεῖσθαι
2720 5660 2775 5702 ο.
2856 5643 2915 5717 ⁵ο,
2951 5643 3145 5714 βέλτιον
3196 5658 3247 5700 ο.
3328 5642 3368 5677 ⁵¹
3424 5639 3635 5711 orig-40t-

322 5736 631 5806 ταναγκάζει
661 5751 717 5792 0.
