4090 6418
440 399 541 453 643

435 611 596 683 Quod
625 611 675 668 si
700 610 1035 681 discesserit,
1063 628 1285 671 manere
1313 614 1633 687 innuptam,
1663 625 1760 673 aut
1784 617 1902 673 viro
1942 633 2043 674 suo

431 700 790 758 reconciliari.
821 702 892 756 Et
919 701 1015 764 ;vir
1052 718 1284 759 uxorem
1322 720 1434 761 non
1479 705 1743 762 dimittat.
1803 730 1829 757 ιο
1891 708 2040 776 Quo-

436 791 592 846 niam
618 790 904 848 servandae
932 791 1215 863 pudicitiae
1230 792 1403 864 gratia
1432 794 1517 850 vel
1563 796 2041 867 pusillanimitate,

437 880 521 936 vel
550 879 655 936 alia
689 879 878 952 quavis
923 879 993 936 de
1018 897 1180 937 causa
1211 881 1353 937 ﬁunt
1383 882 1613 940 divortia
1649 905 1662 940 :
1691 885 1874 942 Satius
1923 885 2044 958 qui-

436 968 589 1036 dem,
640 968 833 1040 inquit,
882 977 996 1037 est,
1060 979 1123 1025 ut
1151 970 1300 1026 nulla
1327 987 1554 1043 prorsus
1597 973 1696 1029 ﬁat
1746 975 2036 1046 separatio.

437 1059 575 1127 Quae
601 1065 791 1114 tamen
818 1057 862 1114 si
885 1058 1002 1114 ﬁeri
1032 1061 1350 1132 contigerit,
1378 1071 1609 1119 maneat
1637 1063 1835 1120 mulier
1863 1064 2040 1120 virum

435 1146 664 1214 habens,
692 1146 794 1204 etsi
822 1163 934 1204 non
961 1147 1033 1204 ad
1060 1151 1535 1221 commistionem,
1562 1153 1756 1209 saltem
1784 1161 1847 1210 ut
1869 1154 2040 1210 alium

436 1252 554 1292 non
595 1235 1021 1308 superinducat:
1057 1237 1139 1295 vel
1191 1239 1239 1295 si
1281 1240 1568 1299 continere
1611 1251 1873 1315 nequeat,
1919 1243 2039 1299 viro

445 1325 790 1383 concilietur.

512 1416 693 1471 Vnus.
718 1421 808 1485 12,
843 1421 935 1473 13.
967 1438 994 1466 α
1016 1416 1268 1491 Reliquis
1281 1427 1465 1478 autem
1488 1437 1590 1495 ego
1614 1421 1759 1492 dico,
1789 1439 1903 1480 non
1922 1426 2038 1482 Do-

441 1504 672 1562 minus:
709 1505 768 1561 Si
816 1507 944 1578 quis
985 1505 1158 1564 frater
1203 1525 1433 1567 uxorem
1485 1511 1686 1569 habeat
1735 1513 2034 1585 inﬁdelem,

441 1593 666 1666 ipsaque
707 1595 1022 1653 consentiat
1066 1596 1317 1656 habitare
1345 1616 1473 1657 cum
1523 1601 1638 1669 illo,
1668 1618 1737 1658 ne
1788 1602 2040 1661 dimittat

438 1681 632 1755 ipsam.
675 1686 743 1740 Et
770 1700 912 1742 uxor
932 1687 1017 1742 cui
1045 1687 1276 1744 maritus
1305 1697 1390 1745 est
1415 1690 1671 1761 inﬁdelis,
1699 1691 1786 1749 cui
1819 1693 2039 1765 placeat

1474 399 1988 458 THEOPHYLACTI
2027 400 2386 459 BULGARIE
2423 404 2740 463 ARCHIEP.

509 523 694 579 Vens.
740 527 828 588 10,
865 526 953 577 ιι.
994 545 1020 570 ει
1064 525 1312 580 Uxorem
1352 540 1382 580 a
1412 525 1530 582 viro
1581 542 1695 583 non
1735 525 2036 583 discedere.
2069 535 2123 594 Α

3646 399 3749 456 644

2235 555 2260 583 (ι
2294 532 2534 590 Γυναῖκα
2587 532 2696 592 ἀπὸ
2739 531 2924 612 ἀνδρὸς
2977 531 3055 610 μὴ
3107 532 3454 612 χωρισθῆναι.
3502 523 3633 586 Ἐὰν
3691 522 3746 581 δὲ

2152 618 2244 678 καὶ
2291 623 2562 699 χωρισθῇ,
2592 621 2794 698 μενέτω
2845 622 3082 701 ἄγαμος,
3115 621 3151 693 ἢ
3179 623 3258 700 τῷ
3287 618 3439 694 ἀνδρὶ
3476 615 3748 676 καταλλα-

2152 707 2300 787 γήτω
2325 731 2340 746 ο
2369 710 2461 768 καὶ
2491 709 2655 790 ἄνδρα
2683 719 2908 790 γυναῖκα
2939 711 3014 789 μὴ
3058 709 3290 789 ἀφιέναι.
3325 735 3349 761 υ
3385 703 3614 776 Ἐπειδὴ
3644 702 3748 782 γὰρ

2151 799 2218 856 δι’
2267 799 2609 877 ἐγκράτειαν,
2659 799 2750 858 καὶ
2803 799 2890 858 διὰ
2946 800 3239 881 προφάσεις
3294 799 3464 863 ἄλλας
3511 795 3606 854 καὶ
3663 815 3750 869 μι-

2153 888 2445 969 κροψυχίας
2489 889 2722 968 γίνονται
2773 890 3069 968 διαζυγίαι,
3143 887 3320 968 φησί·
3375 885 3596 948 Βέλτιον
3650 881 3748 958 μὲν

2151 977 2289 1052 μηδὲ
2315 977 2448 1043 ὅλως
2475 978 2716 1056 γενέσθαι
2743 979 3022 1059 χωρισμόν
3048 1002 3064 1018 ο
3094 981 3139 1039 εἰ
3169 979 3224 1038 δὲ
3263 976 3510 1056 γένηται,
3544 973 3750 1052 μενέτω

2152 1066 2350 1149 ἔχουσα
2381 1073 2415 1140 ἡ
2442 1067 2571 1142 γυνὴ
2604 1068 2693 1126 τὸν
2733 1067 2900 1149 ἄνδρα
2919 1115 2936 1144 ,
2967 1071 3014 1127 εἰ
3043 1068 3135 1128 καὶ
3181 1067 3255 1144 μὴ
3284 1072 3351 1148 τῇ
3383 1066 3523 1143 μίξει
3546 1107 3563 1138 ,
3598 1059 3737 1121 ἀλλά

2149 1181 2208 1234 γε
2233 1160 2309 1237 τῷ
2336 1157 2542 1234 μηδένα
2572 1157 2749 1236 ἕτερον
2781 1165 3200 1238 παρεισαγαγεῖν
3232 1181 3246 1196 ·
3279 1155 3315 1228 ἢ
3363 1155 3439 1234 μὴ
3473 1152 3745 1232 δυναμένη

2149 1248 2557 1329 έγκρατεύεσθαι
2577 1291 2594 1322 ,
2626 1249 3025 1329 καταλλαγήτω
3055 1248 3186 1330 πρὸς
3213 1247 3398 1310 αὐτόν.

2229 1455 2254 1482 α
2285 1430 2410 1495 Τοῖς
2444 1427 2498 1488 δὲ
2529 1428 2732 1495 λοιποῖς
2759 1426 2865 1508 ἐγὼ
2896 1427 3038 1507 λέγω
3059 1474 3075 1507 ,
3107 1431 3208 1508 οὐχ
3239 1431 3266 1486 6
3301 1427 3496 1507 Κύριος
3519 1448 3534 1464 ⁸
3568 1425 3636 1487 Εἴ
3665 1449 3746 1491 τις

2151 1517 2373 1598 ἀδελφὸς
2403 1526 2634 1598 γυναῖκα
2665 1521 2778 1600 ἔχει
2825 1518 3086 1598 ἄπιστον,
3123 1519 3215 1577 καὶ
3262 1515 3398 1590 αὐτὴ
3440 1517 3747 1576 συνευδοκεῖ

2148 1610 2309 1667 οἰκεῖν
2345 1608 2465 1684 μετ’
2492 1610 2692 1688 αὐτοῦ,
2737 1608 2812 1685 μὴ
2844 1607 3044 1689 ἀφιέτω
3093 1606 3282 1678 αὐτήν.
3321 1606 3430 1667 Καὶ
3459 1606 3591 1685 γυνὴ
3634 1603 3752 1675 ἥτις

2147 1696 2261 1778 ἔχει
2314 1697 2481 1778 ἄνδρα
2550 1697 2813 1768 ἄπιστον,
2870 1697 2963 1757 καὶ
3029 1697 3186 1764 αὐτὸς
3239 1695 3544 1756 συνευδοκεῖ
3590 1697 3751 1753 οἰκεῖν

439 1771 684 1829 habitare
711 1789 839 1830 cum
874 1774 966 1830 illa
991 1817 1004 1844 ,
1034 1791 1106 1833 ne
1130 1775 1376 1834 dimittat
1421 1779 1620 1852 ipsum.
1664 1803 1692 1830 ν
1724 1782 1871 1854 Quid
1912 1784 2039 1840 ais?

2154 1771 2270 1864 μετ’
2319 1789 2516 1861 αὐτῆς,
2553 1786 2629 1865 μὴ
2679 1786 2878 1869 ἀφιέτω
2913 1786 3093 1846 αὐτόν.
3148 1809 3178 1845 ι)
3222 1786 3292 1847 Τί
3321 1785 3527 1865 λέγεις;
3556 1784 3620 1843 ἂν
3654 1785 3751 1862 μὲν

439 1861 497 1916 Si
551 1861 786 1919 inﬁdelis
837 1864 1106 1936 quispiam
1159 1866 1255 1935 sit,
1303 1877 1527 1925 maneat
1575 1887 1707 1928 cum
1750 1887 1922 1928 uxore
1953 1888 1967 1926 :
1995 1873 2041 1929 si

434 1949 785 2022 fornicarius,
807 1969 924 2009 non
954 1955 1295 2028 item?atqui
1333 1955 1707 2017 fornicatione
1748 1961 1916 2034 159
1943 1961 2038 2019 de-

436 2039 605 2097 terior
632 2049 715 2098 est
751 2040 1074 2101 infidelitas.
1117 2047 1376 2102 Deterior
1422 2048 1669 2119 quidem,
1703 2050 1804 2108 sed
1852 2061 2041 2108 nostra

432 2128 618 2200 potius
647 2129 890 2187 vindicat
928 2135 1102 2201 Deus,
1123 2149 1293 2206 quam
1321 2151 1444 2193 sua.
1465 2139 1612 2193 Nam
1641 2162 1664 2187 σι
1693 2141 1986 2213 Relinque,
2005 2164 2032 2191 ν

435 2218 632 2290 inquit,
669 2237 702 2273 α
729 2220 800 2276 ibi
856 2220 1138 2279 victimam
1188 2231 1366 2291 tuam,
1398 2235 1454 2282 et
1479 2226 1638 2284 fratri
1664 2237 1761 2286 tuo
1789 2232 2038 2289 reconci-

438 2306 566 2365 liare
595 2317 622 2347 ⁸
652 2349 667 2364 .
701 2332 728 2359 ι
760 2311 832 2365 Et
877 2309 1067 2368 decem
1105 2314 1438 2371 talentorum
1480 2318 1653 2374 millia
1706 2319 1810 2375 sibi
1857 2319 2038 2377 debita

437 2398 803 2470 contempsit;
835 2399 930 2457 sed
968 2403 1384 2472 contumeliam,
1427 2405 1485 2462 in
1514 2422 1643 2463 eum
1673 2409 1764 2482 qui
1812 2419 2038 2467 centum

434 2487 690 2545 denarios
713 2489 964 2560 debebat,
1009 2491 1210 2550 factam
1256 2495 1552 2553 vindicavit
1591 2506 1617 2544 γ
1646 2539 1660 2553 .
1711 2501 1790 2556 Ita
1847 2510 1903 2557 et
1952 2501 2040 2557 hic

431 2578 828 2649 inﬁdelitatem,
857 2596 965 2653 qua
987 2591 1203 2640 constat
1230 2583 1289 2639 in
1325 2601 1384 2641 se
1414 2586 1657 2660 delinqui
1679 2630 1694 2658 ,
1722 2589 2038 2648 dissimulat

436 2670 587 2724 Deus
614 2688 642 2730 ο
679 2669 752 2726 ob
781 2669 1200 2729 fornicationem
1254 2689 1383 2730 vero
1409 2692 1516 2748 qua
1553 2677 1610 2733 in
1643 2694 1884 2736 uxorem
1909 2696 2040 2752 pec-

439 2765 619 2829 catur,
651 2773 842 2830 poenas
885 2759 1072 2832 exigit.
1122 2763 1328 2819 Dicunt
1354 2773 1543 2822 tamen
1568 2770 1848 2836 nonnulli,
1887 2770 2038 2841 quod

441 2861 537 2916 per
554 2846 916 2918 ignorantiam
933 2849 1228 2908 inﬁdelitas
1246 2854 1548 2927 contingat,
1571 2873 1848 2929 quamque
1873 2858 2040 2915 ﬁnem

441 2933 754 2992 habituram
796 2952 912 2993 esse
956 2939 1252 2997 verisimile
1296 2951 1432 2999 erat.
1464 2945 1950 3013 Quemadmodum
1981 2956 2036 3005 et

2152 1877 2402 1950 ἄπιστος,
2450 1877 2651 1954 μενέτω
2683 1876 2820 1955 μετὰ
2851 1881 2946 1949 τῆς
2996 1875 3242 1955 γυναικός
3265 1899 3278 1913 ⁸
3329 1875 3392 1935 ἂν
3437 1871 3494 1933 δὲ
3523 1873 3748 1954 πόρνος,

2147 1966 2360 2040 οὖκέτι;
2401 1966 2593 2028 Καίτοι
2617 1966 2814 2047 χείρων
2857 1971 2952 2037 τῆς
2981 1965 3234 2044 πορνείας
3265 1969 3298 2038 ἡ
3331 1964 3577 2025 ἀπιστία.
3609 1963 3751 2022 Χεί-

2152 2079 2255 2136 ρων
2287 2053 2386 2134 μέν
2408 2078 2422 2093 θ
2470 2054 2589 2115 ἀλλ’
2614 2061 2644 2116 6
2687 2055 2826 2122 Θεὸς
2867 2056 3074 2134 μᾶλλον
3122 2055 3190 2115 τὰ
3221 2053 3458 2134 ἡμέτερα
3512 2055 3752 2131 ἔκδικεῖ,

2149 2145 2183 2216 ἢ
2215 2144 2283 2206 τὰ
2312 2147 2505 2204 οἰκεῖα.
2545 2168 2577 2201 α
2607 2139 2766 2226 Ἄφες
2801 2165 2832 2203 ι)
2861 2144 2996 2224 γὰρ,
3027 2143 3193 2225 φησὶ,
3223 2165 3251 2201 α
3283 2143 3375 2216 τὴν
3406 2141 3595 2203 θυσίαν
3629 2165 3750 2218 σου,

2148 2236 2240 2294 καὶ
2283 2234 2654 2311 καταλλάγηθι
2705 2237 2782 2316 τῷ
2834 2235 3049 2315 ἀδελφῷ
3098 2256 3213 2293 σου.
3253 2258 3285 2290 π
3355 2232 3462 2293 Καὶ
3509 2235 3614 2291 τῶν
3655 2229 3751 2309 μὲν

2150 2323 2351 2405 μυρίων
2401 2323 2681 2384 ταλάντων
2725 2321 3116 2404 κατεφρόνησεν
3168 2324 3314 2402 αὐτῷ
3345 2321 3703 2405 διαφερόντων
3737 2342 3751 2356 ·

2147 2415 2244 2486 τὴν
2295 2412 2352 2472 δὲ
2383 2414 2455 2480 εἷς
2501 2412 2593 2472 τὸν
2647 2412 2837 2472 ἑκατὸν
2878 2412 3106 2492 δηνάρια
3154 2411 3433 2492 ὀφείλοντα
3486 2411 3637 2491 ὕϐριν
3671 2408 3752 2478 ἐξ·

2149 2503 2414 2576 εδίκησεν.
2457 2505 2649 2570 Οὕτως
2708 2492 2798 2562 οὖν
2846 2501 2940 2562 καὶ
2979 2505 3235 2576 ἐνταῦθα,
3284 2502 3468 2574 τὸτῆς
3502 2499 3754 2568 ἀπιστίας

2149 2595 2222 2661 εἷς
2251 2593 2411 2653 αὐτὸν
2460 2591 2856 2673 ἀναφερόμενον
2904 2601 3156 2673 παρορᾷ·
3188 2591 3249 2649 τὸ
3281 2590 3334 2650 δὲ
3365 2595 3462 2663 τῆς
3509 2588 3753 2671 πορνείας

2147 2683 2393 2754 κολάζει,
2442 2683 2513 2750 ὥς
2543 2685 2614 2748 εἷς
2645 2679 2742 2754 τὴν
2788 2691 3041 2761 γυναῖκα.
3073 2680 3230 2748 Τινὲς
3257 2679 3315 2740 δέ
3355 2703 3516 2761 φασιν
3537 2724 3555 2756 ,
3594 2678 3674 2738 ὅτι
3716 2683 3749 2748 ἡ

2152 2772 2249 2851 μὲν
2304 2771 2531 2830 ἀπιστία
2591 2769 2732 2830 κατὰ
2796 2769 3013 2848 ἄγνοιαν
3077 2770 3311 2849 γίνεται,
3357 2770 3433 2851 ἣν.
3474 2770 3566 2830 καὶ
3621 2768 3756 2836 εἰκὸς

2150 2849 2458 2934 παυθῆναι,
2491 2862 2561 2928 ὣς
2591 2861 2684 2919 καὶ
2713 2860 2866 2928 αὐτός
2896 2883 3026 2939 φησι
3053 2883 3068 2898 ο
3095 2887 3119 2914 σι
3146 2859 3219 2921 Τί
3249 2860 3352 2939 γὰρ
3381 2849 3548 2933 οἶδας,
3577 2858 3752 2938 γύναι,

2146 2955 2192 3012 εἰ
2239 2951 2328 3010 τὸν
2381 2949 2548 3030 ἄνδρα
2579 2948 2798 3022 σώσεις
2852 2975 2876 3003 ιο
2931 2949 2999 3011 Ἦ
3053 2949 3106 3010 δὲ
3147 2951 3364 3031 πορνεία
3443 2950 3508 3007 δι’
3560 2949 3750 3022 ὁμολο-

441 3023 558 3094 ipse
585 3024 694 3081 ait:
728 3049 753 3075 ιι
777 3026 922 3095 Quid
951 3027 1096 3083 enim
1119 3030 1287 3099 nosti,
1311 3032 1528 3099 mulier,
1553 3035 1599 3091 si
1623 3033 1800 3091 virum
1822 3036 2035 3094 salvum

2148 3039 2413 3121 γουμένην
2457 3023 2717 3119 πονηρίαν
2771 3039 2998 3118 γίνεται.
3030 3023 3238 3106 Ἄλλως
3289 3063 3344 3098 τε
3377 3038 3469 3098 καὶ
3501 3041 3528 3096 6
3558 3037 3751 3116 πόρνος

439 3111 606 3170 facies
635 3117 659 3170 Ρ
684 3137 709 3162 υ
742 3115 1062 3172 Fornicatio
1107 3125 1296 3174 autem
1326 3118 1388 3174 ﬁt
1419 3135 1515 3191 per
1546 3122 1900 3182 manifestam
1921 3142 2038 3184 ma-

440 3201 619 3258 litiam
632 3243 645 3259 .
684 3205 1008 3261 Fornicator
1028 3215 1291 3277 praeterea
1306 3209 1551 3281 seipsum
1572 3213 1725 3282 prius
1739 3217 2035 3286 separavit.

436 3291 709 3349 Auferens
720 3293 870 3350 enim
890 3296 1140 3352 membra
1162 3312 1260 3352 sua
1280 3297 1350 3353 ab
1364 3314 1554 3369 uxore,
1577 3299 1762 3359 effecit
1783 3306 2037 3363 membra

439 3381 771 3440 meretricis.
791 3383 1033 3441 lnﬁdelis
1060 3401 1190 3442 vero
1218 3386 1354 3442 nihil
1376 3388 1434 3444 in
1460 3390 1743 3449 carnalem
1773 3395 2035 3452 unionem

439 3471 704 3541 peccavit.
748 3475 870 3530 Imo
902 3474 1084 3546 potius
1120 3491 1218 3548 per
1256 3476 1431 3548 ipsam
1479 3478 1711 3538 fortasse
1763 3483 1930 3540 etiam
1979 3486 2036 3542 in

440 3558 546 3615 ﬁde
578 3560 815 3618 unietur.
858 3565 942 3620 Ne
965 3561 1146 3621 dicam
1173 3565 1324 3638 quod
1357 3568 1480 3624 vitm
1515 3566 1703 3627 futura
1730 3572 1800 3628 sit
1825 3575 2037 3631 eversio

433 3658 490 3704 et
517 3651 874 3722 opprobrium
896 3653 1212 3726 Evangelio,
1231 3655 1274 3710 si
1301 3656 1536 3714 credens
1559 3660 1628 3716 ab
1645 3660 1929 3721 incredulo
1951 3679 2036 3722 se-

431 3737 771 3812 jungeretur.
796 3740 861 3798 Id
881 3749 1070 3798 tamen
1087 3752 1212 3800 tum
1231 3745 1459 3817 quidem
1473 3746 1724 3806 futurum
1745 3750 2036 3826 intelligas,

438 3828 488 3883 si
499 3828 714 3900 utrique
730 3845 861 3886 cum
893 3831 1425 3904 inﬁdelitateessent,
1454 3837 1683 3895 inissent
1697 3841 2036 3916 conjugium,

439 3925 633 3988 postea
662 3918 801 3976 alter
827 3918 900 3976 ad
920 3919 1090 3977 ﬁdem
1120 3924 1374 3980 venisset.
1417 3929 1560 3983 Nam
1600 3929 1648 3985 si
1679 3931 1832 4002 prius
1850 3930 2042 3990 fuisset

435 4015 534 4063 aut
558 4007 640 4063 vir
662 4017 758 4064 aut
785 4024 926 4066 uxor
951 4009 1126 4068 ﬁdelis
1145 4054 1161 4079 ,
1186 4012 1612 4088 haudquaquam
1653 4035 1782 4076 cum
1825 4020 2039 4080 inﬁdeli

431 4094 592 4167 jungi
637 4099 994 4155 matrimonio
1029 4099 1296 4159 licuisset.
1357 4107 1472 4161 Nec
1509 4106 1649 4164 dixit
1685 4109 1942 4180 quidem:
1983 4113 2039 4169 Si

440 4184 562 4255 quis
597 4186 714 4241 vult
744 4186 1020 4244 inﬁdelem
1047 4190 1310 4263 accipere,
1340 4194 1460 4264 sed,
1507 4216 1534 4246 α
1571 4197 1623 4254 Si
1650 4199 1776 4270 quis
1806 4199 1974 4258 habet
2008 4225 2034 4251 ιι

441 4272 724 4330 inﬁdelem
763 4291 1015 4334 uxorem.
1049 4280 1164 4336 Nec
1190 4281 1512 4354 simpliciter
1557 4285 1766 4343 inﬁdeli
1797 4289 2038 4362 ﬁdelem,

2144 3132 2367 3214 ἔφθασεν
2404 3129 2591 3189 ἑαυτὸν
2622 3129 2927 3201 διαστήσας.
2964 3127 3127 3211 Ἄρας
3173 3127 3277 3210 γὰρ
3316 3125 3384 3187 τὰ
3416 3126 3554 3204 μέλη
3585 3129 3745 3185 αὐτοῦ

2143 3221 2252 3280 ἀπὸ
2299 3224 2396 3291 τῆς
2455 3218 2732 3297 γυναικὸς,
2793 3219 3013 3290 ἐποίησε
3073 3217 3277 3298 πόρνης
3345 3215 3510 3295 μέλη.
3571 3214 3640 3276 Ὃ
3696 3215 3751 3273 δὲ

2147 3310 2370 3376 ἄπιστος
2438 3307 2589 3367 οὐδὲν
2644 3307 2885 3388 ἥμαρτεν
2932 3309 3006 3375 εἷς
3071 3306 3168 3378 τὴν
3225 3303 3484 3388 σαρκικήν
3542 3305 3748 3365 ἕνωσιν.

2145 3399 2365 3460 Μᾶλλον
2416 3396 2511 3475 μὲν
2567 3388 2659 3456 οὖν
2741 3397 2808 3456 δι’
2865 3399 3029 3469 αὐτῆς
3085 3395 3212 3464 ἴσως
3264 3396 3592 3468 ἑνωθήσεται
3661 3393 3752 3453 καὶ

2143 3487 2284 3547 κατὰ
2329 3486 2426 3560 τὴν
2471 3486 2650 3545 πίστιν
2677 3511 2692 3526 ο
2739 3485 2831 3546 ἵνα
2870 3485 2944 3564 μὴ
2998 3485 3140 3564 λέγω
3165 3531 3182 3560 ,
3244 3485 3325 3544 ὅτι
3356 3485 3448 3544 καὶ
3475 3481 3750 3565 ἀνατροπῆ

2145 3578 2340 3655 ἔμελλε
2370 3575 2611 3657 γίνεσθαι
2641 3581 2733 3637 τοῦ
2766 3575 2914 3656 βίου,
2954 3574 3045 3635 καὶ
3095 3574 3323 3648 διαϐολὴ
3355 3579 3449 3636 τοῦ
3499 3578 3749 3652 Εὖαγγε-

2142 3666 2297 3746 λίου,
2347 3668 2392 3726 εἷ
2438 3665 2498 3726 τὸ
2531 3666 2720 3726 πιστὸν
2772 3664 2931 3746 μέρος
2973 3665 3256 3746 ἐχωρίζετο
3306 3670 3401 3724 τοῦ
3450 3664 3527 3743 μὴ
3580 3687 3750 3722 πεπι-

2146 3758 2446 3823 στευκότος.
2500 3758 2692 3816 Ταῦτα
2739 3756 2795 3815 δὲ
2849 3754 2987 3829 νόει,
3039 3756 3124 3814 ὅτε
3165 3753 3528 3834 συνεζύγησαν
3569 3752 3750 3832 μὲνέν

2147 3845 2372 3928 ἀπιστίᾳ
2403 3844 2548 3913 ὄντες
2597 3843 2911 3925 ἀμφότεροι,
2949 3842 3231 3905 ἐπίστευσε
3262 3843 3317 3903 δὲ
3362 3844 3423 3904 τὸ
3462 3843 3517 3903 ἓν
3569 3843 3745 3922 μέρος.

2145 3933 2283 3995 Ἐὰν
2314 3934 2418 4016 γὰρ
2465 3938 2782 4014 προϋπῆρχε
2811 3933 2995 4000 πιστὸς
3026 3934 3054 3991 6
3083 3931 3222 4012 ἀνὴρ
3243 3977 3260 4008 ,
3393 3938 3428 4006 ἡ
3462 3931 3636 4016 γυνη,
3666 3935 3751 3990 οὖ-

2146 4013 2462 4095 δόλωςίεξῆν
2491 4013 2624 4102 πρὸς
2673 4022 2896 4082 ἄπιστον
2933 4021 3270 4100 ζεύγνυσθαι.
3303 4023 3386 4082 Οὐ
3416 4022 3519 4102 γὰρ
3566 4013 3746 4095 εἶπεν,

2147 4115 2220 4174 Εἴ
2239 4136 2314 4181 τις
2346 4112 2595 4192 βούλεται
2624 4111 2808 4170 λαϐεῖν
2833 4110 3078 4185 ἄπιστον,
3106 4110 3244 4188 ἀλλ’,
3281 4138 3304 4164 ι
3335 4110 3406 4172 Εἴ
3434 4133 3512 4178 τις
3542 4111 3680 4190 ἔχει.
3717 4135 3747 4166 n

2146 4200 2290 4262 Ἀλλ’
2347 4200 2466 4261 οὐδὲ
2516 4202 2700 4268 ἁπλῶς
2743 4200 3029 4269 συνοικίζει
3083 4203 3160 4281 τῷ
3203 4200 3414 4282 ἀπίστῳ
3473 4199 3532 4258 τὸ
3564 4200 3749 4259 πιστὸν

2147 4289 2308 4370 μέρος
2331 4335 2348 4364 ,
2374 4289 2514 4350 ἀλλὰ
2549 4288 2878 4370 βουλομένῳ.
2909 4292 2990 4350 Τὸ
3017 4288 3156 4370 γὰρ,
3197 4317 3223 4346 ιι
3255 4291 3575 4352 Συνευδοκεῖ
3605 4288 3679 4365 ⁵²,
3715 4311 3743 4346 ι

439 4361 536 4418 sed
561 4362 764 4420 volenti
793 4364 1110 4424 cohabitare
1141 4368 1292 4426 facit.
1321 4371 1384 4428 Id
1415 4375 1562 4432 enim
1588 4377 1860 4449 signiﬁcat
1889 4361 2038 4452 quod

2149 4361 2303 4442 τοῧτό
2335 4382 2509 4455 ἐστιν,
2543 4379 2662 4439 ἀντὶ
2693 4385 2818 4458 τοῦ,
2850 4382 2895 4438 εἷ
2927 4378 3196 4460 βούλεται.

441 4450 537 4521 ait,
568 4474 593 4500 α
621 4453 959 4525 Consentiat,
993 4476 1022 4509 »
1052 4456 1157 4514 hoc
1180 4469 1264 4516 est
1285 4462 1533 4521 voluerit.
1903 4450 1924 4522 ί

511 4543 694 4599 Vens.
738 4550 824 4600 14.
859 4568 884 4595 ιι
930 4546 1314 4606 Sanctiﬁcatus
1356 4554 1509 4610 enim
1537 4563 1622 4612 est
1651 4557 1886 4616 maritus
1921 4559 2044 4617 inli-

439 4630 578 4688 detis
619 4649 718 4705 per
753 4650 1007 4706 uxorem,
1055 4646 1110 4694 et
1137 4641 1471 4700 sanctiﬁcata
1502 4653 1583 4702 est
1635 4663 1778 4705 uxor
1807 4649 2044 4708 inﬁdelis

441 4735 542 4792 per
579 4723 860 4780 maritum.
899 4749 926 4775 ιο
954 4727 1077 4783 Hoc
1121 4737 1224 4799 est,
1249 4733 1417 4803 partis
1445 4734 1706 4794 ﬁdelioris
1741 4739 2040 4798 abundanti

443 4809 678 4898 puritate
715 4813 952 4872 vincitur
986 4816 1220 4876 inﬁdelis
1265 4816 1616 4882 immunditia
1657 4845 1672 4884 :
1723 4831 1852 4887 Non
1889 4833 2038 4904 quod

444 4896 794 4958 sanctitatem
809 4905 1144 4977 adipiscatur
1164 4911 1424 4983 Graecus;
1455 4915 1727 4988 siquidem
1744 4934 1859 4977 non
1877 4896 2037 4992 dixit,

441 4999 663 5085 sanctus
691 5000 800 5059 est,
827 4995 944 5065 sed,
977 5019 1003 5046 «
1041 5000 1422 5060 Sanctiﬁcatus
1447 5014 1551 5074 est,
1595 5030 1621 5057 ι
1657 5007 1765 5066 hoc
1791 5019 1896 5080 est,
1941 5029 2042 5085 per

441 5075 620 5137 ﬁdelis
647 5083 1079 5144 sanctimoniam
1114 5090 1362 5148 vincitur.
1409 5096 1545 5152 Haec
1571 5105 1754 5154 autem
1788 5075 2044 5172 dicit,.ne

442 5179 694 5227 vereatur
715 5171 874 5230 ﬁdeis
919 5177 1138 5248 mulier,
1160 5196 1248 5250 ne,
1277 5183 1323 5238 si
1342 5199 1470 5240 cum
1492 5184 1698 5242 inﬁdeli
1729 5189 2045 5262 misceatur,

439 5257 656 5328 impura
693 5261 805 5318 ﬁat.
839 5266 1116 5331 Qumritur
1141 5279 1326 5326 autem
1354 5292 1370 5340 ;
1396 5275 1544 5343 quod
1573 5276 1616 5331 si
1641 5279 1735 5348 qui
1769 5257 2047 5341 meretrici

2234 4587 2268 4623 α
2301 4561 2594 4644 Ἦγίασται
2623 4563 2726 4646 γὰρ
2756 4566 2784 4624 6
2823 4563 2959 4646 ἀνὴρ
2999 4567 3028 4624 6
3058 4566 3281 4632 ἄπιστος
3312 4565 3367 4624 έν
3388 4565 3456 4642 τῇ
3487 4563 3702 4642 γυναικί
3734 4585 3746 4599 ⁸

2151 4654 2245 4715 καὶ
2271 4655 2531 4734 ἡγίασται
2559 4658 2592 4726 ἡ
2626 4654 2758 4734 γυνὴ
2791 4659 2826 4727 ἡ
2868 4656 3092 4722 ἄπιστος
3119 4656 3172 4713 ἐν
3203 4657 3281 4734 τῷ
3314 4654 3486 4733 ἀνδρί.
3518 4678 3545 4706 ι
3575 4655 3750 4714 Taur-

2154 4745 2300 4823 έστι,
2351 4749 2419 4826 τῇ
2473 4744 2752 4825 περιουσίᾳ
2814 4749 2912 4814 τῆς
2965 4743 3324 4824 καθαρότητος
3393 4748 3484 4801 τοῦ
3557 4748 3748 4802 πιστοῦ

2153 4835 2346 4914 μέρους
2391 4838 2668 4905 νικᾶταιὴ
2721 4832 3026 4914 ἀκαθαρσία
3074 4838 3167 4891 τοῦ
3206 4830 3430 4914 ἀπίστου
3457 4853 3471 4868 ·
3521 4834 3621 4912 οὐχ
3670 4831 3751 4890 δτι

2149 4912 2297 5002 ἅγιος
2351 4921 2554 5002 γίνεται
2586 4926 2615 4980 6
2657 4912 2917 4994 θΕλληνέ
2973 4920 3168 5001 οὐγὰρ
3219 4912 3402 4996 εἶπεν,
3461 4921 3543 4980 ὅτι
3605 4921 3751 4999 ἅγιός

2151 5013 2290 5072 ἐστιν
2324 5057 2342 5088 ,
2375 5013 2518 5092 ἀλλ’,
2573 5038 2596 5065 σ
2625 5009 2918 5089 ⁴Ηγίασται
2954 5034 2966 5048 ο
3025 5037 3050 5064 υ
3088 5010 3359 5084 τουτέστι,
3510 5009 3751 5090 ἁγιότητι

2151 5105 2240 5160 τοῦ
2276 5107 2467 5161 πιστοῦ
2517 5100 2807 5173 νενίκηται.
2857 5103 3046 5161 Ταῦτα
3102 5098 3157 5159 δὲ
3190 5099 3369 5176 λέγει,
3415 5100 3505 5159 ἵνα
3542 5101 3617 5176 μὴ
3658 5123 3750 5182 φο-

2151 5189 2312 5262 ϐῆται
2353 5195 2387 5264 ἡ
2437 5191 2603 5263 πιστὴ
2657 5190 2821 5270 γυνὴ,
2867 5193 2936 5258 ὥς
2994 5191 3295 5267 ἀκάθαρτος
3351 5190 3600 5268 γινομένη
3665 5189 3751 5248 διὰ

2149 5279 2247 5352 τὴν
2285 5279 2443 5359 μίξιν.
2480 5281 2734 5354 Ζητεῖται
2763 5279 2856 5338 δέ·
2891 5281 2959 5339 Εἰ
2990 5284 3018 5339 6
3057 5279 3391 5355 κολλώμενος
3438 5285 3505 5359 τῇ
3536 5279 3706 5358 πόρνῃ
3732 5325 3746 5350 ,

441 5347 757 5421 adhaeserit,
791 5371 968 5410 unum
1007 5356 1130 5430 jam
1168 5375 1372 5432 corpus
1422 5378 1548 5419 cum
1585 5347 1932 5440 eaisortitus,
1977 5373 2040 5430 sil

2155 5367 2210 5427 ἓν
2241 5347 2398 5448 σίῦμα
2424 5368 2528 5445 ὢν,
2571 5368 2865 5450 ἀκάθαρτός
2895 5371 3034 5428 ἐστιν
3061 5393 3073 5406 ·
3123 5368 3340 5442 εὔδηλον
3376 5370 3428 5409 ⁵³
3474 5366 3555 5428 ὅτι
3586 5368 3677 5427 καὶ
3717 5375 3745 5440 ἡ

512 5499 538 5534 ι
569 5493 769 5551 Matth.
803 5482 985 5566 v3.24.
1060 5511 1080 5535 ²
1120 5503 1320 5562 Matth.
1347 5521 1538 5576 xvui,
1575 5517 1661 5569 34.

1831 5593 2022 5660 Variae
2067 5602 2369 5664 leCtiones.

515 5659 556 5694 ⁵³
590 5665 901 5720 συνευδοκεῖν
927 5685 975 5726 0.
1051 5671 1095 5706 ⁸³
1124 5675 1194 5732 id.
1238 5675 1450 5744 εὔδηλον
1479 5679 1531 5733 δὲ
1551 5697 1602 5737 0.
