4090 6414
401 414 506 467 645

1270 402 1619 462 EXPOSITIO
1659 403 1726 458 IN
1767 397 1979 456 EPIST.
2021 397 2041 452 Ι
2079 395 2170 451 AD
2210 395 2367 452 COR.
2407 424 2478 434 —
2515 395 2666 450 CAP.
2706 394 2819 449 Vll.

3599 401 3706 456 646

400 540 477 614 τῷ
508 532 867 613 εἷδωλολάτρῃ
908 531 1249 609 κολλωμένη,
1282 531 1339 590 ἓν
1371 529 1529 607 σῶμά
1581 532 1696 590 ἐστι
1720 550 1735 565 ο
1765 527 1878 590 πῶς
1906 511 1994 583 οὖν
2023 581 2029 591 .

2118 519 2458 588 .mmundus;
2499 519 2852 591 perspicuum
2880 525 3067 574 autem
3095 528 3198 589 est,
3239 520 3404 577 etiam
3431 538 3558 580 eam
3585 539 3710 596 quae

398 613 460 684 οὖ
511 625 714 703 γίνεται
757 623 1090 703 ἀκάθαρτος;
1153 621 1285 682 Ὅτι
1331 619 1418 680 ἐπὶ
1457 619 1553 695 μὲν
1603 622 1697 689 τῆς
1749 613 1996 703 πορνείας

399 702 532 774 αὐτὸν
569 717 776 790 ἐκεῖνο,
825 714 878 771 ἐν
932 702 977 792 ᾧ
1029 715 1367 771 κοινωνοῦσιν
1429 707 1712 779 ἀλλήλοις,
1744 710 1780 777 ἡ
1831 702 1995 782 μίξις,

398 803 568 882 φημὶ,
614 803 712 874 τὴν
755 801 1090 880 ἀκαθαρσίαν
1141 801 1283 880 ἔχει,
1336 797 1428 858 καὶ
1480 797 1567 858 διὰ
1613 801 1770 856 τοῦτο
1825 792 1916 854 καὶ
1947 794 1995 852 οἱ

401 892 495 953 δύο
546 894 856 974 ἀκάθαρτοι.
909 890 1035 950 Ἐπὶ
1070 889 1127 948 δὲ
1175 895 1268 948 τοῦ
1317 894 1507 948 πιστοῦ
1540 885 1731 967 μέρους
1772 882 1864 943 καὶ
1902 887 1995 974 τοῦ

401 982 630 1042 ἀπίστου
690 968 864 1048 ἄλλως
913 978 1024 1060 ἔχει
1082 979 1144 1038 τὸ
1209 987 1460 1060 πρᾶγμα.
1518 976 1840 1055 Ἀκάθαρτος
1899 968 1995 1048 μὲν

399 1073 507 1152 γάρ
536 1074 678 1131 ἐστιν
730 1075 758 1130 6
798 1071 1053 1147 ἄπιστος,
1109 1069 1248 1129 κατὰ
1294 1068 1391 1141 τὴν
1439 1065 1692 1125 ἀπιστίαν
1727 1086 1740 1101 ·
1771 1065 1830 1122 οὗ
1877 1084 1996 1121 κοι-

400 1151 554 1222 νωνεῖ
580 1161 637 1220 δὲ
668 1161 809 1221 κατὰ
835 1159 1037 1229 ταύτην
1069 1161 1212 1239 αὐτῷ
1247 1162 1282 1230 ἡ
1316 1156 1480 1238 γυνὴ,
1513 1155 1751 1215 κοινωνεῖ
1779 1151 1834 1212 δὲ
1859 1151 1997 1211 κατὰ
2047 1231 2050 1235 ι

401 1249 501 1324 τὴν
531 1251 706 1328 μίξιν,
753 1251 876 1310 καθ’
915 1249 981 1320 ἣν
1014 1248 1236 1326 οὐδεμία
1285 1246 1588 1326 ἀκαθαρσία
1636 1243 1951 1324 ἐμφαίνεται
1981 1264 1996 1278 ·

402 1342 571 1422 γάμος
600 1340 704 1423 γάρ
733 1342 865 1398 ἐστι.
903 1338 1006 1400 Διὰ
1035 1343 1192 1397 τοῦτο
1241 1328 1329 1396 οὖν
1385 1339 1484 1396 οὐκ
1522 1334 1666 1394 ἔστιν
1698 1333 1996 1412 ἀκάθαρτον

408 1432 468 1490 τὸ
501 1431 685 1490 πιστὸν
718 1429 899 1512 μέρος.

489 1649 513 1672 ει
540 1619 693 1680 Ἐπεὶ
737 1619 841 1698 ἄρα
883 1619 952 1676 τὰ
998 1616 1160 1677 τέκνα
1213 1618 1360 1693 ὑμῶν
1414 1613 1694 1694 ἀκάθαρτά
1741 1614 1904 1674 ἐστιν.
1959 1634 1990 1670 n

411 1713 479 1770 Εἰ
509 1709 612 1791 γὰρ
656 1708 730 1785 μὴ
761 1719 974 1769 νικᾶται
1003 1713 1069 1788 τῇ
1104 1706 1430 1786 καθαρότητι
1467 1711 1560 1764 τοῦ
1591 1711 1784 1763 πιστοῦ
1815 1703 2002 1782 μέρους

2104 625 2234 666 cum
2263 609 2553 666 idololatra
2575 609 2850 682 jungitur,
2874 623 3050 665 unum
3075 624 3204 665 cum
3233 608 3328 666 illo
3357 627 3557 683 corpus
3586 629 3709 669 sor-

2104 699 2196 755 tiri
2224 717 2239 754 :
2273 715 2375 754 cur
2400 698 2565 770 igitur
2591 713 2658 754 ex
2687 714 2751 754 ea
2779 714 2894 754 non
2925 697 3215 754 immunda
3245 699 3528 757 redditur?
3554 703 3710 771 Quo-

2102 788 2251 844 niam
2269 789 2328 843 in
2342 787 2703 844 fornicatione
2718 787 2854 843 illud
2870 787 3052 859 ipsum
3071 787 3130 843 in
3147 803 3258 860 quo
3276 791 3707 859 communicant,

2103 879 2550 934 commistionem
2589 877 2737 944 dico,
2782 876 3163 948 impuritatem
3210 876 3392 944 habet,
3422 895 3598 951 eoque
3629 881 3711 936 vel

2105 975 2367 1039 utrosque
2395 966 2736 1039 coinquinari
2769 985 2784 1022 :
2816 982 3011 1023 verum
3039 966 3190 1038 quod
3222 967 3292 1024 ad
3333 967 3552 1025 ﬁdelem
3581 985 3711 1041 spe-

2105 1065 2220 1112 ctat
2247 1065 2302 1112 et
2332 1055 2636 1122 inﬁdelem,
2654 1055 2814 1128 longe
2840 1071 2900 1112 se
2928 1056 3084 1112 aliter
3108 1072 3200 1112 res
3223 1056 3408 1113 habet.
3425 1057 3712 1130 Siquidem

2106 1146 2179 1202 ob
2197 1161 2357 1202 suam
2374 1145 2813 1202 incredulitatem
2835 1145 3161 1202 immundus
3186 1145 3429 1203 efﬁcitur
3449 1147 3705 1218 inﬁdelis,

2103 1234 2158 1292 in
2185 1235 2290 1292 hac
2316 1244 2501 1292 autem
2521 1235 2724 1292 mulier
2745 1251 2873 1291 cum
2897 1235 3016 1308 ipso
3044 1251 3156 1291 non
3179 1237 3576 1304 communicat,
3607 1237 3705 1294 sed

2105 1323 2162 1380 in
2205 1325 2482 1394 mistione,
2525 1324 2584 1380 in
2611 1341 2720 1397 qua
2762 1325 2913 1381 nulla
2956 1331 3184 1398 apparet
3213 1324 3502 1398 impuritas
3540 1332 3709 1394 (con-

2098 1415 2300 1486 jugalis
2343 1415 2490 1472 enim
2543 1419 2660 1482 est)
2716 1415 3113 1471 communicat.
3163 1417 3458 1488 Propterea
3500 1417 3707 1474 nullam

2107 1503 2283 1560 ﬁdelis
2321 1521 2388 1561 ex
2426 1519 2492 1561 eo
2518 1504 2697 1561 labem
2726 1504 2990 1560 admittit.

2183 1629 2213 1666 ι(
2253 1611 2513 1684 Alioquin
2542 1611 2642 1667 ﬁlii
2671 1612 2838 1668 vestri
2873 1612 3148 1669 immundi
3184 1621 3385 1670 essent.
3423 1636 3448 1664 ν
3475 1617 3618 1672 Nam
3656 1616 3704 1673 si

2112 1699 2349 1756 inﬁdelis
2393 1699 2670 1757 credentis
2712 1701 2952 1772 puritate
3005 1717 3122 1757 non
3173 1703 3338 1773 160
3383 1703 3715 1774 vinceretur,

404 1801 468 1857 τὸ
515 1789 776 1872 ἄπιστον,
828 1797 1010 1859 λοιπὸν
1050 1797 1118 1856 τὰ
1158 1793 1446 1874 τικτόμενα
1489 1793 1770 1874 ἀκάθαρτά
1827 1796 1999 1868 ἐστιν,

2118 1789 2295 1846 forent
2325 1806 2476 1860 sane,
2517 1806 2660 1863 quos
2692 1799 2968 1862 parerent,
3007 1790 3168 1848 liberi
3216 1793 3491 1850 immundi
3535 1793 3616 1851 vel
3647 1809 3715 1851 ex

405 1889 525 1962 ἤτοι
555 1888 607 1958 ἐξ
643 1889 885 1966 ἡμισείας
925 1886 1155 1968 καθαρά.

497 2040 528 2076 (ι
560 2021 670 2079 Νῦν
709 2015 764 2076 δὲ
807 2015 936 2095 ἅγιά
978 2019 1111 2076 ἐστι.
1151 2042 1176 2068 ι
1218 2012 1542 2089 Τουτέστιν,
1574 2013 1671 2070 οὐκ
1706 2010 2004 2090 ἀκάθαρταο

405 2113 472 2184 τῇ
525 2106 626 2188 γὰρ
678 2105 953 2188 περιουσίᾳ
1017 2110 1112 2178 τῆς
1159 2109 1248 2165 τοῦ
1302 2104 1454 2184 ἁγίου
1506 2100 1696 2171 λέξεως
1754 2101 2006 2160 ἐκϐάλλει

407 2196 468 2256 τὸ
500 2198 611 2264 δέος
649 2202 742 2272 τῆς
776 2194 1025 2268 τοιαύτης
1069 2195 1319 2276 ὑποψίας.

491 2353 516 2378 ι
547 2325 615 2384 Εἰ
643 2321 698 2383 δὲ
725 2325 754 2381 6
788 2322 1007 2390 ἄπιστος
1043 2319 1364 2402 χωρίζεται,
1413 2319 1752 2402 χωριζέσθω.
1789 2343 1813 2371 ι
1843 2307 2003 2391 Οἶον,

408 2417 456 2474 εἰ
489 2413 690 2472 κελεύει
725 2437 807 2472 σοι
855 2411 890 2484 ἢ
939 2416 1261 2483 κοινωνῆσαι
1301 2415 1398 2485 τῆς
1445 2408 1696 2476 ἀπιστίας
1745 2409 1920 2488 αὐτῷ,
1971 2407 2006 2478 ἢ

408 2507 706 2584 ἀναχωρεῖν
721 2503 770 2544 ⁵*
784 2507 876 2564 τοῦ
901 2503 1106 2582 γάμου,
1140 2501 1506 2582 ἀναχωρείτω.
1539 2499 1759 2561 Βέλτιον
1783 2497 1886 2577 γὰρ
1918 2495 2006 2556 τὸν

407 2594 586 2672 γάμον
610 2641 625 2668 ,
657 2592 693 2664 ἣ
723 2593 820 2667 τὴν
851 2594 1121 2654 εὐσέϐειαν
1151 2594 1395 2664 λυθῆναι.

497 2741 526 2776 α
570 2721 650 2780 Οὖ
700 2718 1018 2779 δεδούλωται
1064 2722 1092 2778 6
1146 2718 1370 2800 ἀδελφὸς
1416 2713 1451 2789 ἢ
1491 2719 1526 2788 ἡ
1575 2713 1777 2795 ἀδελφὴ
1819 2716 1874 2774 ἐν
1902 2720 2010 2780 τοῖς

408 2809 664 2878 τοιούτοις
694 2829 709 2844 ·
741 2813 792 2870 ἐν
825 2809 880 2868 δὲ
921 2808 1105 2891 εἰρήνῃ
1154 2807 1416 2881 κέκληκεν
1451 2809 1590 2884 ὓμᾶς
1618 2809 1646 2864 6
1681 2804 1840 2873 Θεός.
1878 2831 1903 2856 ιι
1940 2804 2008 2864 Εἰ

413 2900 650 2979 μάχεταί
680 2922 796 2972 σοι,
826 2898 987 2981 φησὶ,
1021 2898 1155 2960 διότι
1193 2895 1269 2975 μὴ
1296 2899 1562 2963 κοινωνεῖς
1587 2899 1683 2968 τῆς
1713 2893 1962 2960 ἀπιστίας
1986 2936 2004 2969 ,

410 2989 707 3068 διαζύγηθι.
738 2990 822 3050 Οὐ
861 2989 962 3068 γὰρ
992 2989 1318 3048 δεδούλωσαι
1349 2989 1420 3054 εἷς
1451 2984 1521 3044 τὰ
1549 2990 1772 3045 τοιαῦτα
1803 3007 1818 3022 ⁸
1851 3007 2006 3043 τουτ-

411 3080 588 3156 έστιν,
621 3080 680 3140 οὐ
719 3078 1113 3157 καταναγκάζει
1155 3077 1436 3157 βαστάζειν
1490 3074 1650 3135 αὐτὸν
1683 3075 1776 3135 καὶ
1815 3075 1870 3133 ἐν
1899 3080 2007 3139 τοῖς

410 3169 687 3236 τοιούτοις.
746 3170 968 3229 Βελτιον
1015 3167 1120 3248 γὰρ
1171 3169 1553 3242 ἀπαλλαγῆναι
1605 3163 1642 3237 ἢ
1714 3164 2008 3244 μάχεσθαι,

412 3259 526 3318 ἐπεὶ
556 3259 676 3318 οὐδὲ
707 3262 734 3317 6
771 3259 908 3326 Θεὸς
958 3257 1226 3337 βούλεταιξ
1253 3263 1433 3318 τοῦτο.
1483 3283 1506 3310 ιι
1552 3255 1645 3317 Ἐν
1675 3254 1779 3334 γὰρ
1823 3252 2005 3332 εἰρήνη

411 3349 671 3424 κέκληκεν
700 3351 856 3427 ὑμᾶς.
882 3374 906 3401 υ
936 3345 1106 3408 Ὥστε
1136 3349 1191 3425 εἰ
1222 3346 1457 3429 μάχεται
1479 3391 1497 3424 ,
1528 3346 1728 3425 ,ἐκεῖνος
1765 3343 2008 3426 παρέσχε

412 3437 511 3510 τὴν
542 3440 716 3499 αἰτίαν
748 3443 842 3498 τοῦ
874 3436 1162 3519 διαζυγίου.

496 3565 624 3627 «Τί
671 3566 776 3647 γὰρ
821 3554 1000 3639 οἶδας,
1050 3563 1238 3642 γύναι,
1291 3564 1338 3623 εἰ
1367 3561 1454 3622 τὸν
1506 3561 1678 3641 ἄνδρα
1727 3559 1949 3634 σώσεις;
1984 3585 2008 3612 ι

418 3656 592 3718 Πάλιν
619 3657 748 3737 πρὸς
787 3656 884 3732 τὸ,
928 3677 959 3716 ι(
1001 3654 1096 3727 Μὴ
1130 3652 1356 3734 ἀφιέτω,
1401 3680 1425 3707 n
1474 3649 1825 3732 ἀναδραμὼν,
1855 3656 2010 3709 τοῦτο

416 3745 560 3824 λέγει
583 3769 597 3784 ’
630 3748 699 3806 Εἰ
726 3745 830 3826 γὰρ
861 3747 937 3824 μὴ
966 3744 1201 3825 μάχεταί
1229 3767 1346 3821 σοι,
1380 3741 1540 3821 μένε,
1591 3741 1752 3821 φησὶ,
1785 3740 1877 3800 καὶ
1905 3763 2009 3799 πα-

418 3835 603 3916 ραίνει,
649 3835 776 3903 ἴσως
809 3835 1034 3902 ἀνύσεις.
1085 3833 1180 3895 Ἐν
1226 3831 1512 3914 ἀμφιϐόλῳ
1564 3831 1621 3890 δὲ
1675 3836 1830 3892 τοῦτο
1865 3829 2010 3902 τίθη-

417 3949 532 4003 σιν,
565 3924 680 4004 ἅμα
721 3924 818 4002 μὲν
860 3923 948 3984 ἵνα
996 3923 1073 4002 μὴ
1107 3923 1229 4004 δόξῃ
1278 3922 1515 4002 ἀνάγκην
1547 3921 1763 4001 ἐπάγειν
1819 3925 1887 4000 τῇ
1918 3944 2010 3998 γυ-

416 4016 559 4075 ναικὶ
603 4017 696 4076 τοῦ
748 4015 959 4083 πάντως
1012 4023 1196 4074 πεῖσαι
1242 4013 1332 4072 τὸν
1391 4012 1555 4093 ἄνδρα
1586 4036 1600 4050 ο
1657 4014 1775 4090 ἅμα
1823 4009 1879 4069 δὲ
1920 4009 2012 4069 καὶ

418 4105 679 4186 μετέωρον
732 4103 899 4180 αὐτὴν
947 4106 1114 4168 ποιῶν
1163 4105 1240 4186 τῷ
1285 4101 1369 4162 ἀεὶ
1413 4102 1679 4181 ἐλπίζειν,
1736 4101 1877 4163 ὥστε
1933 4099 2009 4177 μὴ

417 4195 826 4275 ἀπογινώσκειν.

502 4349 528 4376 σι
561 4321 670 4382 Καὶ
699 4321 751 4381 τί
784 4309 955 4395 οἶδας,
999 4319 1157 4401 ἄνερ,
1206 4319 1252 4378 εἰ
1295 4318 1394 4391 τήν
1434 4327 1665 4399 γυναῖκα
1695 4315 1913 4392 σώσειςς
1943 4317 2012 4376 Εἰ

420 4411 497 4490 μὴ
542 4412 749 4493 ἑκάστῳ
793 4412 865 4480 ὥς
909 4407 1152 4489 ἐμέρισεν
1201 4413 1229 4468 6
1274 4409 1441 4482 Θεὸς,
1475 4408 1699 4468 ἕκαστον
1729 4408 1785 4448 ⁵⁵
1828 4409 1899 4475 ὡς
1927 4406 2012 4464 κέ-

2114 1887 2268 1952 parte
2296 1879 2531 1936 dimidia
2568 1880 2782 1937 mundi.

2191 2041 2217 2068 α
2257 2021 2418 2076 Nunc
2447 2027 2634 2077 autem
2660 2019 2836 2076 sancti
2867 2027 3016 2077 sunt.
3072 2043 3097 2068 ι»
3143 2022 3266 2077 Hoc
3311 2027 3415 2090 est,
3464 2037 3578 2078 non
3609 2021 3716 2077 im-

2115 2109 2326 2166 mundi.
2351 2111 2496 2166 Nam
2516 2125 2612 2182 per
2636 2107 3051 2166 exuberantiam
3070 2108 3323 2168 dictionis
3343 2109 3509 2185 hujus
3540 2112 3716 2168 sancti

2115 2197 2438 2271 hujusmodi
2465 2199 2797 2271 suspicionis
2823 2207 3032 2256 metum
3063 2199 3258 2273 rejicit.

2187 2337 2365 2391 Vens.
2403 2339 2490 2390 l5.
2524 2358 2549 2385 (ι
2584 2334 2744 2406 Quod
2771 2335 2818 2390 si
2847 2333 3083 2391 inﬁdelis
3111 2332 3360 2404 discedit,
3393 2334 3656 2392 discedat.
3687 2360 3713 2386 ι

2115 2423 2296 2480 Veluti
2323 2423 2368 2480 si
2399 2423 2497 2479 tibi
2525 2423 2782 2495 imperet,
2811 2431 2874 2480 ut
2913 2439 3030 2480 sua:
3074 2424 3350 2498 particeps
3383 2423 3478 2480 ﬁas
3519 2424 3714 2481 inﬁde-

2115 2511 2304 2581 litatis,
2355 2519 2449 2568 aut
2473 2511 2721 2568 discedas
2768 2528 2800 2568 a
2829 2512 3212 2580 matrimonio,
3251 2510 3499 2569 discede.
3531 2513 3715 2570 Satius

2116 2602 2268 2659 enim
2297 2610 2380 2658 est
2407 2601 2751 2658 connubium
2779 2602 2990 2659 solvere
3018 2618 3190 2674 quam
3217 2601 3495 2674 pietatem.

2191 2753 2217 2779 (ι
2258 2732 2381 2786 Non
2434 2729 2585 2785 enim
2634 2728 2883 2785 servituti
2934 2727 3210 2801 subjectus
3252 2737 3339 2785 est
3403 2727 3571 2785 frater
3623 2735 3720 2785 aut

2117 2835 2276 2875 soror
2322 2819 2379 2875 in
2421 2817 2741 2892 hujusmodi
2793 2837 2806 2873 :
2860 2817 2916 2873 in
2963 2834 3097 2889 pace
3136 2826 3322 2874 autem
3364 2819 3582 2874 vocavit
3625 2835 3720 2874 vos

2117 2912 2290 2965 Deus.
2338 2932 2363 2958 ν
2401 2909 2455 2964 Si
2498 2917 2706 2976 tecum,
2735 2907 2935 2979 inquit,
2963 2907 3158 2979 litiget,
3189 2924 3253 2963 eo
3282 2907 3430 2979 quod
3467 2924 3594 2963 cum
3626 2909 3721 2964 illo

2119 3015 2228 3054 non
2259 2997 2641 3055 communicas
2675 2997 2731 3052 in
2767 2997 3108 3063 infidelitate,
3130 2995 3477 3069 disjungitor.
3514 2997 3719 3069 Hujus-

2119 3087 2275 3144 modi
2320 3087 2468 3143 enim
2498 3087 2749 3142 servituti
2797 3102 2908 3142 non
2955 3093 3039 3141 est
3083 3085 3358 3158 subjecta,-
3392 3085 3496 3141 hoc
3524 3095 3630 3155 est,
3663 3085 3720 3141 in

2117 3175 2431 3249 hujusmodi
2462 3174 2628 3231 rebus
2671 3175 2851 3231 virum
2889 3173 3034 3230 ferre
3080 3190 3195 3229 non
3241 3173 3474 3247 cogeris.
3522 3174 3723 3231 Melius

2117 3266 2264 3321 enim
2306 3272 2391 3320 est
2417 3264 2671 3320 secedere
2699 3279 2864 3336 quam
2893 3263 3168 3320 altercari.
3207 3265 3396 3335 Neque
3426 3278 3557 3319 vero
3586 3262 3719 3319 illud

2115 3353 2316 3410 divinae
2337 3361 2424 3410 est
2446 3353 2786 3422 voluntatis;
2819 3375 2844 3402 ‹ι
2878 3357 2943 3409 In
2972 3368 3102 3425 pace
3130 3353 3278 3408 enim
3309 3368 3406 3409 vos
3431 3352 3662 3409 vocavit.
3691 3372 3720 3406 »

2117 3445 2311 3515 Itaque
2338 3443 2386 3500 si
2413 3442 2602 3514 litiget,
2628 3442 2848 3499 divortii
2879 3458 3103 3500 causam
3129 3442 3215 3499 ille
3247 3441 3504 3513 praebuit.

2191 3574 2366 3629 Vens.
2385 3577 2469 3628 16.
2493 3594 2517 3619 α
2533 3571 2681 3640 Quid
2691 3571 2844 3628 enim
2856 3571 3050 3639 nostri,
3064 3570 3286 3643 mulier,
3303 3587 3442 3628 num
3458 3573 3722 3628 maritum

2117 3660 2333 3718 salvum
2363 3659 2564 3717 facies?
2611 3685 2637 3710 υ
2668 3663 2886 3716 Rursus
2913 3660 2983 3717 ad
3019 3659 3154 3716 illud
3179 3660 3423 3728 rediens,
3455 3661 3722 3728 videlicet,

2125 3774 2150 3800 σι
2194 3754 2279 3808 Ne
2322 3750 2594 3818 dimittat,
2629 3773 2655 3800 ιο
2702 3750 2809 3807 hoc
2855 3749 3012 3807 dicit.
3056 3750 3116 3806 Si
3143 3749 3244 3806 tibi
3281 3749 3429 3804 enim
3457 3751 3725 3806 molestus

2119 3857 2235 3896 non
2258 3843 2346 3908 sit,
2377 3847 2624 3909 maneto,
2654 3839 2857 3910 inquit,
2881 3854 3012 3894 cum
3037 3855 3123 3906 eo,
3155 3845 3210 3894 et
3231 3838 3722 3906 commonefacito,

2121 3929 2332 4002 aliquid
2377 3927 2632 3986 fortassis
2675 3928 2902 3985 efﬁcies.
2955 3932 3101 3985 Rem
3146 3936 3332 3984 autem
3379 3927 3437 3983 in
3465 3927 3725 3999 ambiguo

2122 4019 2340 4084 statuit;
2371 4019 2593 4092 partim,
2624 4035 2693 4076 ne
2723 4018 2944 4074 mulieri
2973 4018 3361 4074 necessitatem
3389 4018 3567 4074 virum
3594 4034 3725 4074 om-

2122 4109 2256 4165 nino
2315 4107 2671 4180 persuadendi
2725 4107 2974 4164 videatur
3025 4107 3344 4179 imponere;
3396 4107 3616 4178 partim,
3666 4115 3728 4163 ut

2118 4199 2376 4255 animum
2416 4197 2536 4270 ejus
2561 4196 2632 4268 ad
2669 4212 2822 4270 spem
2868 4197 3070 4270 erigat,
3109 4212 3180 4253 ne
3208 4195 3277 4254 de
3323 4195 3419 4252 illo
3450 4195 3726 4268 desperet.

2194 4337 2379 4391 Vens.
2413 4337 2498 4402 l6,
2543 4339 2630 4388 17.
2671 4350 2698 4385 ι(
2727 4336 2842 4388 Aut
2865 4330 2996 4404 quid
3027 4331 3194 4400 nosti,
3223 4331 3331 4400 vir,
3361 4330 3405 4387 si
3434 4331 3728 4404 conjugem

2125 4431 2280 4480 tuam
2318 4424 2526 4480 salvam
2575 4421 2777 4478 facies?
2823 4421 2948 4477 Nisi
2989 4421 3187 4494 cuique
3227 4429 3291 4477 ut
3328 4421 3511 4477 divisit
3554 4423 3729 4490 Deus,

417 4485 612 4574 κληκεν
636 4505 664 4560 6
697 4485 892 4583 Κύριος
917 4485 1154 4586 ⁵λδέοὶίτω
1183 4499 1566 4580 περιπατείτω.
1602 4525 1628 4552 ιο
1666 4495 1824 4564 Τινὲς
1853 4495 2016 4562 οὕτως

2127 4528 2588 4586 unumquemque
2615 4519 2678 4567 ut
2704 4511 2920 4568 vocavit
2949 4511 3246 4577 Dominus,
3283 4510 3359 4564 ita
3400 4509 3666 4565 ambulet.
3701 4533 3726 4558 ι

420 4590 718 4670 ἀνέγνωσαν
745 4615 760 4630 ο
786 4579 837 4643 ἰ
867 4589 941 4651 Τί
971 4579 1150 4668 οἶδας,
1201 4590 1362 4669 ἆνερ,
1396 4592 1441 4648 εἰ
1484 4588 1584 4661 τὴν
1629 4595 1856 4665 γυναῖκα
1909 4585 2014 4644 σώ-

424 4704 558 4754 σεις,
585 4681 621 4753 ἢ
666 4681 744 4760 μή
767 4701 784 4759 ;
811 4709 837 4733 ν
869 4671 983 4740 εἶτα
1020 4682 1118 4738 ἀπ’
1149 4680 1316 4752 ἄλλης
1345 4682 1517 4760 ἀρχῆς
1537 4702 1552 4716 ο
1591 4675 1912 4760 σξΕκάστῳ
1948 4679 2019 4742 ὥς

421 4758 676 4848 ἐμέρισεν
703 4775 731 4830 6
772 4758 912 4838 Θεός
940 4791 957 4809 ο
1005 4797 1030 4824 ι
1059 4768 1337 4843 τουτέστι,
1383 4758 1557 4829 Πόθεν
1608 4758 1781 4844 οἶδας,
1819 4765 1920 4825 κᾶν
1958 4785 2017 4822 τε

417 4858 629 4939 σώσῃς,
681 4859 779 4920 κᾶν
810 4883 869 4919 τε
908 4859 1000 4919 καὶ
1048 4858 1160 4937 μή;
1193 4856 1418 4931 Ἄδηλον
1443 4857 1674 4925 πάντως.
1709 4855 1930 4930 Ἀδήλου
1963 4851 2018 4912 δὲ

417 4949 587 5024 ὄντος,
618 4951 676 5010 οὗ
707 4952 786 5009 δεῖ
809 4948 956 5009 λύειν
975 4948 1063 5008 τὸν
1083 4947 1279 5027 γάμον.
1313 4947 1410 5021 Μὴ
1437 4947 1616 5017 σώζων
1648 4947 1744 5025 μὲν
1778 4947 1902 5026 γὰρ,
1923 4945 2020 5003 οὗκ

419 5037 692 5110 ἐϐλάϐηςο
738 5038 922 5108 σώζων
953 5039 1038 5112 δὲ,
1085 5037 1368 5118 ὠφέλησας
1395 5036 1489 5096 καὶ
1532 5036 1828 5119 ὠφελήθης.
1877 5030 2018 5097 Ἀλλ’

418 5131 518 5208 οὐχ
547 5127 711 5196 οὕτως
738 5131 767 5187 6
817 5132 870 5188 ἐν
916 5127 1084 5205 ἁγίοις
1113 5125 1370 5199 Ἰωάννης
1407 5125 1643 5206 ἀνέγνω,
1677 5124 1847 5201 ἀλλὰ,
1890 5155 1916 5180 α
1948 5129 2018 5190 Ei

421 5218 498 5295 μὴ
557 5219 765 5298 ἑκάστῳ
815 5221 886 5284 ὣς
936 5217 1178 5298 ἐμέρισεν
1220 5219 1250 5275 6
1302 5216 1474 5284 Θεός·
1521 5244 1546 5270 ιο
1593 5215 1622 5276 ὂ
1665 5215 1757 5275 καὶ
1813 5215 2017 5295 βέλτιον

419 5307 631 5376 πάντως
657 5331 670 5382 '_
699 5297 894 5366 ὡσανεὶ
923 5304 1027 5386 γὰρ
1059 5297 1207 5364 εἶπεν
1239 5308 1267 5364 6
1305 5304 1618 5372 Ἀπόστολος
1641 5330 1655 5342 ·
1690 5307 1774 5365 Οὐ
1814 5305 2018 5382 γίνεται

421 5402 448 5456 6
478 5399 748 5478 χωρισμὸς
779 5395 865 5455 διὰ
887 5396 982 5468 τὴν
1019 5396 1272 5456 ἀπιστίαν
1296 5441 1312 5472 ,
1348 5423 1372 5447 ει
1399 5399 1444 5455 εἰ
1476 5395 1552 5473 μὴ
1583 5395 1812 5475 ἑκάστῳ,
1846 5422 1870 5447 ι
1902 5396 2018 5455 ἀντὶ

427 5491 551 5562 τοῦ,
619 5486 782 5548 Ἀλλὰ
829 5486 1049 5554 ἕκαστος
1108 5484 1273 5554 οὕτως
1331 5485 1536 5567 ἐχέτω,
1601 5487 1672 5553 ὡς
1725 5484 2018 5559 ηὐδόκησεν

2123 4602 2383 4659 Nonnulli
2413 4602 2494 4658 sic
2525 4601 2721 4674 legunt
2751 4620 2764 4656 :
2800 4623 2824 4650 α
2862 4599 3010 4670 Quid
3039 4599 3206 4666 nosti,
3235 4597 3334 4665 vir,
3363 4597 3407 4652 si
3435 4597 3731 4655 mulierem

2125 4693 2332 4750 salvam
2379 4689 2562 4759 facies,
2607 4693 2814 4747 necne?
2847 4713 2872 4738 ιι
2919 4689 3127 4745 Deinde
3171 4689 3239 4744 ab
3278 4688 3384 4744 alio
3431 4687 3660 4744 exordio
3715 4709 3728 4744 :

2129 4805 2154 4830 α
2197 4780 2507 4851 Unicuique
2529 4787 2592 4835 ut
2625 4778 2813 4835 divisit
2840 4781 3020 4845 Deus;
3055 4801 3079 4827 υ
3124 4776 3230 4833 hoc
3256 4785 3359 4846 est,
3386 4776 3553 4834 Unde
3577 4793 3732 4833 com-

2126 4877 2345 4941 pertum
2380 4868 2571 4936 habes,
2614 4868 2659 4924 si
2705 4868 2847 4925 hanc
2886 4868 3093 4924 salvam
3138 4866 3386 4923 facturus
3421 4867 3495 4923 sis
3525 4872 3735 4924 necne?

2127 4959 2183 5015 id
2211 4959 2437 5030 quidem
2466 4965 2551 5015 est
2581 4973 2802 5029 prorsus
2828 4957 3120 5015 incertum.
3146 4958 3288 5013 Cum
3317 4964 3505 5013 autem
3533 4956 3588 5011 in
3619 4973 3736 5012 am-

2127 5047 2293 5122 biguo
2337 5047 2429 5116 sit,
2469 5047 2813 5103 connubium
2857 5062 2974 5103 non
3014 5055 3097 5101 est
3125 5045 3525 5101 dirimendum.
3572 5046 3733 5114 Quod

2127 5137 2170 5192 si
2200 5137 2408 5193 salvam
2447 5151 2561 5192 non
2607 5135 2820 5205 feceris,
2866 5135 2939 5191 nil
2971 5135 3069 5190 tibi
3109 5131 3334 5190 officiet.
3367 5134 3585 5188 Salvam
3630 5149 3732 5188 au-

2126 5233 2246 5282 tem
2271 5226 2413 5282 hanc
2444 5225 2492 5281 si
2528 5223 2857 5292 reddideris,
2889 5231 2944 5280 et
2971 5223 3093 5278 aliis
3134 5220 3387 5292 profuisti
3427 5229 3483 5277 et
3510 5220 3626 5276 tibi.
3661 5225 3740 5277 At

2128 5320 2241 5370 non
2271 5315 2348 5371 ita
2384 5314 2517 5386 legit
2547 5323 2772 5370 sanctus
2801 5314 3238 5384 Chrysostomus
3273 5328 3284 5363 :
3318 5309 3436 5375 sed,
3472 5333 3496 5358 (ι
3528 5309 3644 5366 Nisi
3676 5321 3737 5366 ut

2129 5404 2424 5477 unicuique
2463 5403 2649 5460 divisit
2704 5407 2856 5459 Deus
2907 5419 2920 5457 :
2977 5424 3001 5449 ν
3052 5400 3144 5471 qui
3201 5414 3401 5455 sensus
3445 5407 3530 5455 est
3574 5400 3735 5473 longe

2129 5495 2314 5567 potior
2344 5512 2358 5552 :
2399 5492 2624 5567 perinde
2651 5509 2717 5550 ac
2754 5492 2802 5550 si
2831 5491 3031 5550 dixerit
3064 5488 3383 5562 Apostolus,
3428 5488 3760 5562 Haudqua-"

1817 5595 2007 5657 Variae
2047 5595 2344 5658 lectiones.
2438 5610 2443 5622 ‘

498 5694 540 5730 ⁵⁸
571 5694 649 5752 ἴσ.
674 5695 948 5766 ἀναχώρει.
979 5711 1032 5753 ο.
1139 5695 1183 5730 ⁵⁸
1209 5694 1414 5757 ἕκαστος
1437 5711 1492 5754 ο,
1570 5693 1614 5730 ³⁸
1669 5693 1793 5756 Θεός
1818 5710 1869 5751 ο.
