4090 6422
369 407 473 461 647

365 545 534 602 quam
557 531 781 600 prepter
807 523 1188 581 inﬁdelitatem
1214 522 1280 577 ﬁt
1297 520 1622 587 divortium,
1656 543 1680 568 α
1715 518 1818 574 nisi
1847 517 1966 574 uni-
1994 541 2037 606 Α

364 619 581 691 cuique,
630 641 655 666 υ
687 616 792 672 hoc
839 623 944 683 est,
990 612 1096 670 Sed
1124 613 1500 685 unusquisque
1528 610 1606 666 sic
1648 625 1708 664 se
1741 607 1962 675 habeat,

1377 393 1896 451 THEOPHYLACTI
1937 391 2297 447 BULGARl/E
2335 388 2650 444 ARCHIEP.

3573 385 3682 439 648

2076 515 2233 574 αὐτὸν
2267 518 2293 573 6
2329 513 2486 580 Θεός.
2523 516 2762 572 Γυναῖκα
2786 510 2938 590 ’ἔχων
2970 509 3193 567 ἄπιστον
3229 507 3491 582 ἐκλήθηςς
3535 507 3679 568 Μένε

2073 603 2213 684 ἔχων
2235 649 2250 676 ,
2279 602 2370 662 καὶ
2403 603 2478 680 μὴ
2508 604 2596 660 διὰ
2623 601 2718 673 τὴν
2751 598 3004 659 ἀπιστίαν
3033 598 3287 678 ἐκϐάλῃς.

364 710 455 778 ut}
475 712 595 764 Deo
649 706 719 764 de
772 705 862 760 illo
905 703 1201 777 disponere
1241 702 1460 774 placuit.
1510 701 1756 756 Uxorem
1786 698 1995 755 habens
2022 699 2308 758 inﬁdelem
2336 707 2562 756 vocatus
2591 701 2684 755 es?
2723 712 2851 753 eam
2881 694 3164 767 retinetof,
3198 711 3302 753 nec
3331 695 3405 752 ob
3450 693 3682 752 inﬁdeli-

362 807 534 857 tatem
570 797 772 871 ejicias.

439 910 466 938 ι(
509 890 579 944 Et
592 887 672 943 sic
694 887 749 942 in
768 884 1025 942 omnibus
1049 883 1305 940 Ecclesiis
1319 882 1575 954 dispono.
1605 903 1629 929 ιι
1651 883 1774 937 Hoc
1799 879 1957 948 dixit,

364 986 426 1035 ut
453 994 520 1034 ex
549 992 614 1034 eo
633 975 780 1048 quod
807 975 947 1031 alios
963 973 1204 1030 habeant
1226 972 1536 1046 participes,
1562 969 1630 1026 ad
1657 968 1959 1042 obsequen-

366 1067 501 1124 dum
532 1065 643 1122 sint
672 1064 992 1136 paratiores.

433 1159 618 1212 Vnns.
653 1161 743 1210 18.
779 1177 803 1203 α
827 1151 1194 1210 Circumcisus
1221 1151 1420 1226 aliquis
1439 1159 1664 1207 vocatus
1692 1152 1807 1205 est?
1835 1151 1956 1205 Non

361 1244 604 1302 adducat
631 1243 983 1316 praeputium.
1028 1265 1053 1292 ιι
1089 1242 1398 1298 Verisimile
1439 1248 1560 1297 erat
1587 1239 1795 1296 multos
1823 1253 1961 1311 quos

359 1333 792 1391 circumcisionis
821 1332 1078 1405 pudebat,
1110 1333 1513 1388 medicamento
1534 1328 1772 1402 quodam
1806 1344 1956 1384 men-

359 1423 522 1481 brum
549 1423 939 1481 circumcisum
981 1421 1052 1478 ad
1092 1423 1391 1493 pristinum
1433 1429 1640 1476 statum
1683 1417 1954 1490 redigere,

359 1514 657 1570 cuticulam
688 1512 952 1568 nimirum
981 1510 1489 1582 superinducentes.

438 1603 595 1674 161
652 1623 679 1653 «
721 1605 789 1657 In
837 1599 1104 1672 praeputio
1149 1598 1351 1671 aliquis
1407 1604 1637 1654 vocatus
1682 1601 1802 1653 est?
1841 1611 1955 1650 non

2152 907 2176 933 α
2217 881 2325 942 Καὶ
2357 880 2520 946 οὕτως
2564 883 2618 940 ἐν
2653 877 2853 945 πάσαις
2889 885 3005 944 ταῖς
3045 875 3400 949 Ἐκκλησίαις
3447 873 3676 934 διατάτ-

2068 993 2250 1048 τομαι.
2280 996 2303 1023 ι
2356 971 2533 1028 Τοῦτο
2568 961 2738 1047 εἶπεν,
2783 967 2871 1026 ἵνα
2903 972 2978 1048 τῷ
3011 966 3152 1047 ἔχειν
3185 966 3278 1026 καὶ
3326 966 3518 1032 ἄλλους
3549 987 3675 1022 κοι-

2069 1060 2281 1127 νωνοὺς,
2326 1058 2714 1140 προθυμότεροι
2737 1059 2860 1139 περὶ
2881 1057 2978 1129 τὴν
3005 1055 3246 1126 ὑπακοὴν
3285 1057 3564 1114 διατεθῶσι
3595 1053 3668 1113 ⁵⁷.

2150 1177 2174 1204 αι
2220 1148 2686 1228 Περιτετμηῄνος
2728 1171 2806 1214 τις
2854 1145 3095 1223 ἐκλήθη,
3129 1145 3224 1216 Μή
3260 1145 3595 1204 ἐπισπάσθω.
3631 1163 3661 1198 ι)

2071 1239 2224 1306 Εἰκὸς
2273 1231 2336 1311 ἦν
2377 1239 2601 1303 πολλοὺς
2643 1234 3060 1317 αἰσχυνομένους
3109 1241 3175 1307 τῆ
3224 1237 3533 1314 περιτομῇ,
3579 1232 3667 1289 διά

2066 1351 2204 1394 τινος
2248 1327 2510 1408 ἰατρείας,
2556 1326 2647 1385 ἐπὶ
2685 1326 2745 1385 τὸ
2776 1329 2997 1406 ἀρχαῖον
3047 1324 3331 1400 ἐπανάγειν
3381 1329 3446 1381 τὸ
3491 1326 3666 1400 ἐμπε-

2069 1417 2278 1497 ρίτομον
2312 1417 2516 1499 μόριον,
2544 1414 2952 1492 ἐπισπωμένους
2981 1413 3042 1473 τὸ
3076 1413 3270 1494 δέρμα.

2146 1624 2172 1651 α
2202 1595 2299 1657 Ἐν
2330 1594 2653 1677 ἀκροϐυστίᾳ
2684 1620 2764 1663 τις
2791 1593 3020 1667 ἐκλήθης
3063 1591 3138 1668 μὴ
3173 1589 3594 1670 περιτεμνέσθω.
3621 1611 3651 1645 n

358 1691 802 1748 circumcidatur.
838 1713 865 1740 ιι
895 1691 1102 1746 Contra
1132 1687 1411 1756 nonnulli,
1441 1685 1594 1759 quod
1617 1686 1673 1741 in
1710 1686 1945 1741 circum-

2063 1685 2234 1746 Πάλιν
2287 1685 2422 1751 τινὲς
2472 1684 2559 1744 διὰ
2595 1685 2658 1744 τὸ
2708 1685 2894 1743 δοκοῦν
2936 1681 3141 1751 ἔνδοξον
3192 1687 3288 1753 τῆς
3341 1682 3661 1759 περιτομῆς,

355 1780 564 1837 cisione
588 1781 914 1852 praeclarum
956 1777 1092 1851 quid
1133 1793 1254 1834 esse
1301 1776 1596 1843 videretur,
1631 1783 1758 1847 post
1782 1774 1950 1831 ﬁdem

355 1869 907 1926 circumcidebantur.
959 1868 1057 1924 Ait
1096 1867 1279 1939 igitur,
1324 1867 1471 1938 quod
1516 1866 1621 1921 ista
1677 1865 1746 1921 ad
1784 1864 1951 1920 ﬁdem

354 1959 495 2014 nihil
532 1958 839 2016 conferant.

423 2051 596 2105 Vnus.
649 2054 734 2104 19.
770 2071 793 2096 ιι
829 2046 1189 2103 Circumcisio
1218 2045 1350 2101 nihil
1394 2052 1498 2112 est,
1530 2051 1586 2100 et
1614 2043 1946 2116 praeputium

351 2137 493 2193 nihil
524 2145 626 2205 est,
657 2138 751 2193 sed
781 2136 1088 2192 observatio
1118 2135 1503 2192 mandatorum
1527 2133 1652 2190 Dei.
1679 2152 1704 2185 ο
1725 2133 1949 2205 Ubique

352 2243 459 2283 una
479 2244 609 2284 cum
634 2226 746 2283 ﬁde
764 2227 983 2283 virtutis
1015 2226 1254 2298 exigitur
1269 2224 1537 2296 operatio.
1563 2225 1772 2280 Caetera
1797 2239 1944 2289 vero,

353 2316 437 2374 vel
468 2317 675 2385 minus,
696 2317 780 2372 vel
809 2331 922 2372 non
942 2317 1191 2378 omnino.

423 2409 596 2464 Vsns.
613 2413 706 2476 20,
723 2412 812 2462 21.
835 2428 860 2454 α
881 2404 1272 2478 Unusquisque
1285 2404 1340 2460 in
1361 2420 1467 2477 qua
1489 2403 1772 2460 vocatione
1794 2418 1945 2459 voca-

352 2505 442 2552 tus
471 2505 575 2563 est,
603 2497 656 2552 in
679 2512 742 2552 ea
769 2503 1115 2567 permaneat.
1145 2496 1345 2551 Servus
1364 2504 1593 2551 vocatus
1614 2497 1708 2550 es?
1735 2510 1849 2549 non
1874 2493 1948 2549 sit

347 2585 448 2641 tibi
476 2601 624 2642 curae
656 2605 670 2641 :
697 2585 795 2642 sed
822 2593 881 2641 et
903 2585 948 2641 si
977 2593 1128 2656 potes
1161 2584 1276 2640 ﬁeri
1307 2584 1468 2654 liber,
1500 2584 1678 2656 magis
1706 2591 1876 2639 utere.
1914 2604 1939 2629 ιι

346 2678 412 2730 In
439 2676 728 2732 vocatione
774 2691 880 2748 qua
916 2683 1148 2731 vocatus
1176 2682 1282 2742 est,
1325 2673 1432 2730 hoc
1464 2683 1571 2742 est,
1615 2687 1943 2745 quocunque

345 2765 403 2820 in
432 2781 649 2837 genere,
694 2765 774 2820 vel
812 2763 1003 2820 ordine
1045 2765 1125 2819 vel
1170 2763 1486 2819 conditione
1535 2763 1730 2818 Christi
1773 2762 1939 2817 ﬁdem

348 2855 650 2925 susceperit
672 2853 966 2925 quispiam,
998 2853 1052 2908 in
1082 2851 1189 2908 hoc
1223 2859 1545 2922 perseveret.
1577 2851 1940 2908 Vocationem

346 2941 495 2998 enim
525 2941 657 2998 dicit
683 2941 1066 2998 inductionem
1099 2942 1166 2997 ad
1194 2940 1381 2996 fidem.
1407 2942 1605 2996 Servus
1641 2957 1770 2996 cum
1795 2956 1941 2996 esses

2063 1775 2200 1852 μετὰ
2250 1773 2310 1833 τὸ
2361 1779 2643 1834 πιστεῦσαι
2691 1773 3112 1854 περιετέμνοντο.
3170 1769 3353 1842 Φησὶν
3404 1759 3528 1842 οῦν,
3581 1767 3661 1826 ὅτι

2060 1872 2226 1925 ταῦτα
2259 1865 2404 1923 οὐδὲν
2434 1866 2504 1931 εἷς
2537 1865 2628 1935 τὴν
2659 1863 2836 1923 πίστιν
2870 1863 3129 1921 συντελεῖ.

2140 2071 2164 2098 α
2196 2042 2266 2103 Ἦ
2315 2041 2576 2124 περιτομή
2617 2041 2764 2101 οὐδέν
2798 2043 2946 2115 ἐστι,
2997 2038 3086 2099 καὶ
3115 2044 3148 2110 ἡ
3191 2038 3521 2121 ἀκροϐυστία
3563 2040 3654 2098 οὖ-

2059 2131 2144 2192 δέν
2177 2137 2319 2193 ἐστιν
2340 2181 2357 2212 ,
2394 2131 2532 2191 ἀλλὰ
2575 2131 2796 2210 τήρησις
2841 2131 3066 2190 ἐντολῶν
3112 2131 3276 2191 Θεοῦ.
3310 2156 3334 2183 ιι
3368 2131 3660 2206 Πανταχοῦ

2056 2227 2210 2281 τοῦτο
2259 2226 2529 2298 ζητεῖται,
2575 2222 2713 2298 μετὰ
2765 2225 2860 2291 τῆς
2909 2220 3139 2286 πίστεως
3190 2223 3225 2290 ἠ
3284 2217 3507 2298 ἐργασία
3562 2222 3659 2289 τῆς

2058 2313 2246 2391 ἀρετῆς
2278 2312 2328 2349 ⁵⁸
2351 2335 2363 2348 ο
2394 2301 2568 2370 τᾶλλα
2615 2311 2702 2388 δὲ,
2737 2310 2770 2381 ἣ
2801 2303 2982 2384 ἧττον,
3019 2310 3054 2380 ἢ
3085 2309 3332 2375 οὖδόλως.

2137 2429 2161 2454 σι
2196 2399 2469 2466 Ἕκαστος
2521 2402 2575 2458 ἓν
2618 2405 2685 2479 τῇ
2734 2401 2963 2478 κλήσει,
3091 2398 3330 2471 ἐκλήθη,
3385 2399 3438 2455 ἐν
3489 2395 3658 2475 ταύτῃ

2055 2490 2258 2568 μενέτω
2287 2491 2362 2551 ⁵9.
2397 2493 2597 2558 Δοῦλος
2635 2490 2900 2563 ἐκλήθηςς
2954 2487 3031 2567 μή
3063 2510 3146 2546 σοι
3181 2486 3388 2565 μελέτω
3411 2511 3424 2524 ο
3462 2488 3581 2545 ἀλλ’
3614 2489 3659 2544 εἰ

2052 2579 2140 2638 καὶ
2171 2579 2393 2638 δύνασαι
2421 2578 2694 2657 ἐλεύθερος
2723 2581 3005 2658 γενέσθαι,
3038 2579 3243 2655 μᾶλλον
3273 2581 3495 2657 χρῆσαι.
3523 2603 3548 2626 ι»
3577 2609 3659 2622 —

2054 2697 2079 2721 «ι
2108 2669 2205 2728 Ἐν
2321 2667 2534 2745 κλήσει,
2624 2667 2846 2739 ἐκλήθη,
2870 2694 2894 2720 ιν
2915 2667 3204 2739 τουτέστιν,
3229 2668 3283 2725 ἐν
3309 2663 3404 2746 οἵῳ
3424 2665 3543 2744 βίῳ,
3566 2664 3658 2724 καὶ

2053 2760 2106 2816 ἐν
2137 2758 2230 2837 οἵῳ
2281 2757 2518 2834 τάγματι
2565 2756 2658 2817 καὶ
2703 2755 3058 2834 πολιτεύματι
3105 2755 3180 2816 ὢν
3225 2754 3562 2832 ἐπίστευσεν,
3595 2756 3648 2811 ἐν

2051 2845 2222 2926 τούτῳ
2261 2847 2480 2923 μενέτω.
2522 2847 2729 2916 Κλῆσιν
2761 2843 2867 2925 γὰρ
2911 2844 3006 2917 τὴν
3049 2848 3121 2912 εἷς
3149 2844 3245 2916 τὴν
3277 2842 3455 2902 πίστιν
3489 2867 3657 2923 προσ-

2053 2935 2268 3014 αγωγήν
2319 2959 2468 3014 φησι.
2552 2936 2754 2998 Δοῦλος
2807 2931 2880 2991 ὢν
2943 2934 3300 3011 ἐπίστευσαςς
3361 2931 3437 3010 μὴ
3494 2932 3653 3013 φρόν-

346 3031 660 3088 credidisti?
699 3031 892 3087 anxius
921 3046 988 3087 ne
1013 3030 1110 3098 sis,
1155 3046 1336 3101 neque
1366 3029 1721 3101 perturberis.
1750 3032 1941 3100 Usque

2053 3027 2161 3092 τιζε
2184 3072 2202 3102 ,
2253 3023 2386 3102 μηδὲ
2448 3022 2698 3103 θορυϐοῦ.
2753 3025 3017 3084 Τοσοῦτον
3047 3021 3150 3102 γὰρ
3185 3025 3245 3081 οὖ
3283 3021 3507 3102 βλάπτει
3531 3047 3587 3081 σε
3620 3026 3651 3092 ἡ

345 3120 483 3177 adeo
507 3121 656 3177 enim
695 3136 812 3176 non
849 3119 1008 3176 obest
1050 3119 1313 3184 servitus,
1346 3128 1410 3174 ut
1451 3119 1655 3191 potius,
1699 3119 1743 3174 si
1786 3127 1942 3190 potes

345 3209 483 3266 liber
524 3209 667 3277 ﬁeri,
700 3217 854 3266 utere
887 3227 901 3265 :
942 3207 1050 3264 hoc
1085 3217 1170 3264 est
1198 3208 1422 3273 servito,
1465 3215 1632 3280 atque
1674 3207 1730 3263 in
1775 3223 1940 3263 usum

344 3306 400 3354 te
448 3297 718 3356 conferto.

415 3391 592 3445 Vens.
614 3393 702 3444 22.
725 3411 750 3438 α
770 3389 875 3459 Qui
891 3387 1043 3444 enim
1060 3386 1115 3444 in
1133 3387 1378 3444 Domino
1392 3395 1617 3444 vocatus
1634 3395 1716 3444 est
1731 3402 1941 3456 servus,

341 3477 569 3534 libertus
597 3486 683 3534 est
709 3477 940 3534 Domini
969 3499 981 3535 :
1017 3477 1272 3533 similiter
1299 3477 1394 3550 qui
1421 3475 1558 3533 liber
1585 3485 1810 3532 vocatus
1835 3485 1938 3544 est,

339 3582 528 3624 servus
554 3575 639 3624 est
664 3567 881 3624 Christi.
924 3589 952 3616 ι
994 3566 1251 3623 Libertus
1297 3566 1516 3631 dicitur,
1548 3566 1643 3638 qui
1679 3566 1942 3623 servitute

341 3655 617 3713 liberatur.
667 3657 851 3729 Inquit
886 3657 1055 3730 igitur
1093 3677 1105 3713 :
1142 3659 1227 3712 Tu
1273 3655 1388 3728 qui,
1434 3672 1563 3712 cum
1592 3657 1651 3711 in
1679 3655 1941 3712 servitute

341 3761 612 3814 maneres,
661 3745 940 3803 credidisti
982 3746 1042 3801 in
1091 3745 1394 3815 Christum,
1434 3745 1664 3802 libertus
1704 3743 1940 3801 effectus

338 3851 396 3891 es
437 3835 632 3892 Christi
679 3835 979 3892 :liberavit
1020 3835 1168 3891 enim
1207 3835 1296 3891 hic
1339 3843 1395 3890 te
1446 3843 1569 3891 tum
1612 3851 1644 3891 a
1686 3843 1936 3906 peccato,

337 3933 459 3981 tum
488 3925 556 3981 ab
601 3925 703 3981 ista
731 3925 998 3981 servitute
1029 3925 1317 3992 exteriore,
1364 3925 1585 3980 tametsi
1623 3940 1814 3981 servus
1841 3924 1934 3982 sis.

335 4015 476 4070 Cum
503 4015 653 4070 enim
686 4014 812 4086 quis
838 4014 908 4069 ab
937 4012 1224 4069 affectibus
1257 4013 1541 4082 liberatur,
1571 4021 1627 4070 et
1656 4013 1826 4070 animi
1851 4013 1932 4068 in-

335 4103 616 4175 genuitate
659 4103 901 4174 potitur',
945 4118 1058 4158 non
1106 4111 1190 4158 est
1233 4119 1441 4169 servus,
1500 4103 1604 4159 etsi
1661 4102 1932 4159 videatur.

339 4194 580 4255 Rursus,
620 4191 762 4246 alius
807 4191 1102 4263 quispiam,
1143 4191 1280 4246 liber
1316 4208 1443 4247 cum
1474 4200 1638 4260 esset,
1671 4190 1740 4248 ad
1770 4191 1936 4247 ﬁdem

342 4288 588 4349 vocatus,
631 4279 828 4335 Christi
859 4297 1048 4336 servus
1075 4280 1331 4337 efﬁcitur.
1365 4284 1554 4352 Itaque
1579 4282 1624 4338 si
1663 4281 1937 4338 servitutis
1966 4297 2015 4360 ι)

339 4384 550 4425 nomen
595 4384 813 4425 servum
857 4370 1137 4438 obturbat,
1202 4369 1466 4444 intelligat
1511 4387 1571 4426 se
1615 4371 1669 4426 in
1717 4370 1936 4428 Christo

339 4458 634 4514 liberatum
674 4473 793 4515 esse
835 4477 847 4514 :
892 4459 1043 4531 quod
1087 4459 1250 4531 longe
1288 4469 1370 4515 est
1411 4459 1650 4516 humana
1685 4460 1936 4516 libertate

337 4549 708 4620 praestantius.
765 4551 962 4617 Porro,
1018 4549 1062 4604 si
1119 4549 1383 4606 libertatis
1435 4565 1642 4606 nomen
1700 4548 1935 4607 liberum

339 4637 554 4707 attollit,
605 4637 869 4710 intelligat
899 4637 1046 4694 idem
1088 4654 1148 4694 se
1185 4638 1388 4696 Christi
1433 4655 1656 4695 servum
1699 4655 1839 4708 esse,
1879 4648 1936 4696 et

337 4728 759 4800 comprimatur,
788 4736 978 4799 utpote
1007 4729 1100 4800 qui
1129 4729 1264 4784 tanti
1293 4728 1520 4786 Domini
1542 4728 1737 4802 iugum
1761 4729 1934 4786 subie-

337 4817 432 4886 rit,
462 4816 669 4889 ipsique
698 4817 906 4888 placere
923 4816 1189 4874 debuerit.
1223 4817 1418 4874 Viden’
1442 4835 1608 4891 quam
1634 4818 1935 4891 prudenter

335 4907 655 4977 Apostolus,
681 4922 806 4978 qua:
833 4914 1130 4978 utramque
1169 4907 1404 4965 deceant
1427 4917 1659 4980 partem,
1683 4925 1933 4966 commo-

335 4994 604 5053 nefaciat?

407 5089 586 5143 Vens.
605 5092 692 5153 23,
715 5093 799 5143 24.
837 5111 861 5137 ει
891 5088 1075 5144 Pretio
1101 5089 1273 5159 empti
1288 5087 1437 5153 estis,
1461 5087 1636 5143 nolite
1657 5085 1777 5144 ﬁeri
1791 5088 1932 5144 servi

335 5175 648 5233 hominum.
672 5178 1068 5250 Unusquisque
1099 5178 1154 5233 in
1181 5194 1291 5250 quo
1324 5186 1549 5234 vocatus
1576 5186 1680 5246 est,
1711 5176 1928 5246 fratres,

333 5265 390 5320 in
419 5281 486 5322 eo
514 5275 831 5337 permaneat
857 5267 1004 5339 apud
1027 5270 1230 5323 Deum.
1265 5291 1290 5315 ν
1325 5269 1451 5322 Non
1481 5267 1668 5322 solum
1698 5267 1769 5324 ad
1807 5283 1926 5324 ser-

337 5369 433 5409 vos
460 5353 568 5409 hoc
595 5355 748 5424 dicit,
780 5356 878 5412 sed
903 5356 1069 5411 etiam
1094 5356 1162 5411 ad
1185 5356 1386 5412 liberos
1416 5373 1430 5410 :
1452 5363 1508 5411 et
1535 5356 1817 5413 universos
1841 5357 1931 5412 in-

334 5442 510 5498 stituit
557 5443 916 5513 Christianos,
956 5451 1018 5500 ut
1059 5444 1195 5500 nihil
1241 5444 1310 5501 ad
1357 5443 1647 5502 hominum
1693 5446 1929 5518 gratiam

2054 3113 2262 3172 δουλεία
2286 3159 2300 3184 ,
2333 3110 2473 3172 ὥστε
2529 3115 2734 3189 μᾶλλον
2757 3157 2774 3186 ,
2821 3111 2915 3171 καὶ⁷
2959 3114 3005 3172 εἷ
3041 3112 3266 3171 δύνασαι
3294 3115 3654 3190 ,ἐλευθερωθεὶς-

2051 3225 2174 3275 ναι,
2209 3206 2412 3282 χρῆσαι
2445 3225 2460 3239 ο
2495 3200 2770 3276 τουτέστι,
2804 3201 3064 3276 Δούλευε,
3093 3204 3165 3269 είς
3207 3205 3399 3282 χρῆσιν
3433 3199 3653 3260 σεαυτὸν

2055 3290 2221 3360 ἔκδος.

2137 3408 2160 3435 α
2203 3380 2273 3443 Ὁ
2315 3381 2419 3461 γὰρ
2463 3383 2516 3440 ἐν
2571 3380 2751 3462 Κυρίῳ
2799 3380 3006 3454 κληθεὶς
3071 3383 3252 3447 δοῦλος
3305 3379 3652 3462 ἀπελεύθερος

2056 3471 2256 3551 Κυρίου
2302 3471 2442 3530 ἐστίν
2476 3496 2490 3510 ·
2517 3471 2709 3550 ὁμοίως
2753 3472 2846 3530 καὶ
2891 3476 2919 3530 6
2963 3469 3233 3550 ἐλεύθερος
3273 3471 3484 3543 κληθεὶς
3530 3471 3651 3528 δοῦ·-

2051 3563 2138 3627 λος
2187 3563 2418 3640 Χριστοῦ
2471 3565 2636 3621 ἐστιν.
2689 3587 2714 3613 ι
2766 3559 3139 3640 Ἀπελεύθερος
3184 3559 3402 3638 λέγεται
3463 3563 3492 3618 6
3540 3558 3650 3617 ἀπὸ

2051 3639 2286 3717 δουλείας
2320 3650 2707 3732 ἐλευθερωθείς.
2761 3651 2944 3724 Φησὶν
2976 3639 3111 3732 οὖν,
3154 3649 3235 3708 ὅτι
3281 3649 3362 3710 Σὺ
3392 3652 3420 3708 6
3449 3652 3502 3708 ἐν
3532 3650 3653 3707 δου-

2050 3739 2169 3819 λεία
2207 3729 2524 3814 πιστεύσας,
2573 3739 2925 3818 ἀπελεύθερος
2955 3729 3002 3798 εἶ
3048 3745 3140 3798 τοῦ
3172 3741 3407 3819 Χριστοῦ
3441 3762 3453 3775 '
3485 3741 3648 3810 ἠλευ-

2051 3827 2248 3908 θέρωσε
2277 3828 2473 3910 γάρσε
2519 3829 2612 3888 καὶ
2642 3828 2750 3888 ἀπὸ
2789 3833 2884 3901 τῆς
2928 3827 3228 3908 ἁμαρτίας,
3277 3827 3522 3910 καὶυάπὸ
3556 3831 3651 3899 τῆς

2047 3918 2234 3984 ἔξωθεν
2267 3916 2320 3977 δὲ
2350 3919 2550 3990 ταύτης
2582 3918 2855 3994 δουλείας,
2903 3920 2948 3976 εἷ
2994 3907 3085 3978 καὶ
3130 3918 3312 3984 δοῦλος
3352 3907 3422 3976 ε’ί.
3473 3915 3647 3976 Ὅταν

2047 4007 2150 4086 γάρ
2179 4031 2256 4074 τις
2280 4011 2464 4066 παθῶν
2512 4006 2899 4080 ἀπήλλακται,
2931 4006 3022 4066 καὶ
3067 4009 3253 4084 εὐγενῆ
3292 4009 3391 4084 ἔχῃ
3436 4005 3648 4085 ψυχὴν,

2049 4097 2142 4156 οὐκ
2186 4097 2301 4156 ἔστι
2335 4099 2550 4171 δοῦλος,
2580 4097 2682 4155 κᾶν
2731 4101 2882 4177 δοκῇ.
2932 4096 3144 4169 Πάλιν,
3187 4095 3346 4162 ἄλλος
3380 4094 3648 4170 ἐλεύθερος

2048 4185 2156 4258 ὢν,
2190 4185 2388 4259 ἐκλήθη
2439 4190 2512 4252 εἷς
2551 4185 2647 4258 τὴν
2693 4187 2912 4256 πίστιν,
2967 4187 3151 4251 δοῦλος
3206 4186 3442 4264 Χριστοῦ
3475 4185 3642 4245 ἐστιν.

2046 4276 2223 4336 νΩστε
2253 4278 2298 4334 εἰ
2329 4277 2390 4335 τὸ
2422 4276 2590 4353 ὄνομα
2633 4279 2728 4347 τῆς
2765 4275 3003 4343 δουλείας
3046 4275 3261 4355 θορυϐεῖ
3295 4273 3382 4332 τὸν
3429 4275 3646 4351 δοῦλον,

2047 4365 2286 4424 ἐννοείτω
2315 4365 2397 4424 ὅτι
2421 4368 2473 4425 ἐν
2499 4369 2728 4446 Χριστῷ
2749 4366 3111 4446 ἠλευθέρωται
3146 4363 3217 4446 ’,ὃ
3249 4365 3431 4442 πολλῷ
3463 4364 3643 4441 μεῖζόν

2044 4457 2156 4515 ἐστι
2215 4460 2309 4528 τῆς
2357 4445 3056 4535 ἀνθρωπίνηςίέλευθερίας.
3117 4445 3281 4522 Αῦθις
3341 4451 3425 4527 δὲ,
3483 4456 3529 4511 εἰ
3585 4452 3646 4511 τὸ

2043 4544 2212 4620 ὄνομα
2267 4548 2361 4616 τῆς
2412 4545 2710 4624 ἐλευθερίας
2779 4545 2986 4624 ἐπαίρει
3053 4543 3142 4603 τὸν
3193 4543 3499 4622 ἐλεύθερον,
3555 4544 3642 4600 ἐν-

2042 4634 2262 4708 νοείτω,
2294 4633 2376 4693 ὅτι
2406 4631 2585 4700 δοῦλός
2630 4634 2743 4690 ἐστι
2800 4636 3073 4714 Χριστοῦ,
3116 4625 3210 4691 καὶ
3249 4632 3644 4704 συστελλέσθω,

2041 4725 2112 4790 ὡς
2139 4721 2241 4781 ὕπὸ
2273 4723 2552 4796 Δεσπότην
2585 4723 2899 4793 τηλικοῦτον
2937 4721 3011 4782 ὢν
3039 4769 3056 4801 ,
3089 4721 3180 4780 καὶ
3215 4725 3360 4801 αὐτῷ
3401 4720 3641 4802 ἀρέσκειν

2040 4813 2288 4893 ὀφείλων.
2331 4811 2500 4895 ⁶Ορᾷς
2544 4808 2762 4891 σοφίαν,
2808 4815 2921 4880 πῶς
2963 4809 3285 4892 ἀμφοτέροις
3313 4810 3422 4877 τοῖς
3458 4810 3643 4891 μέρεσι

2040 4901 2108 4960 τὰ
2140 4899 2480 4982 προσήκοντα
2510 4909 2788 4980 παραινεῖ,

2122 5108 2147 5132 κ
2176 5085 2350 5156 Τιμῆς
2400 5081 2768 5162 ἠγοράσθητε,
2825 5080 2902 5160 μὴ
2955 5079 3162 5161 γίνεσθε
3215 5079 3388 5140 δοῦλοι
3443 5073 3642 5158 ἀνθρώ-

2040 5192 2173 5231 πων.
2196 5171 2469 5238 Ἕκαστος
2498 5176 2551 5232 ἐν
2581 5163 2625 5254 ᾧ
2667 5171 2864 5245 ἐκλήθη
2888 5217 2904 5246 ,
2947 5171 3166 5253 ἀδελφοὶ
3191 5217 3208 5246 ,
3244 5175 3296 5230 ἐν
3324 5168 3497 5248 τούτῳ
3537 5192 3639 5244 με·

2036 5260 2171 5320 νέτω
2215 5261 2365 5338 παρὰ
2412 5265 2560 5342 Θεῷ.
2601 5289 2624 5314 ι
2656 5263 2739 5322 Οὖ
2787 5261 2918 5342 πρὸς
2973 5260 3179 5328 οἰκέτας
3234 5259 3425 5339 μόνους
3486 5255 3643 5316 τοῦτό

2037 5374 2196 5430 φησιν
2214 5396 2229 5421 ,
2263 5351 2403 5409 ἀλλὰ
2432 5353 2524 5410 καὶ
2545 5351 2674 5431 πρὸς
2699 5350 3033 5430 ἐλευθέρους,
3065 5353 3338 5431 παραινῶν
3366 5357 3501 5407 πᾶσι
3535 5354 3641 5412 τοῖς

2036 5442 2406 5518 Χριστιανοῖς,
2429 5440 2481 5476 ⁶⁰
2511 5439 2588 5519 μὴ
2636 5439 2765 5521 πρὸς
2810 5439 3090 5519 ἀρέσκειαν
3144 5440 3436 5521 ἀνθρώπων
3467 5436 3637 5496 ποιεῖν

1727 5519 1918 5578 Varia:
1963 5519 2266 5582 lectiones.

407 5603 449 5636 57
501 5605 742 5672 γένωνται
795 5621 849 5661 0.
946 5607 988 5640 ⁵⁸
1060 5612 1158 5659 τῶν
1207 5606 1425 5661 ἐντολῶν
1478 5623 1532 5664 0.

338 5681 614 5753 ἀνθρώποις
639 5699 693 5738 ο.

1649 5607 1695 5640 ⁵³
1742 5607 1792 5662 ἐν
1858 5604 1890 5679 ᾗ
1940 5607 2128 5678 ἐτάχθη
2214 5611 2422 5681 μενέτω.
2483 5609 2624 5666 Ἄλλ.
2686 5609 2737 5664 ἐν
2804 5609 2968 5684 ἐκείνῃ
3027 5611 3214 5682 μενέτω
3265 5624 3319 5664 0.
3398 5606 3442 5640 ⁶⁰
3489 5608 3636 5660 πᾶσιν
