4090 6476
326 419 421 474 649

1213 418 1567 476 EXPOSITIO
1607 422 1674 481 ΙΝ
1712 421 1922 480 EPIST.
1965 427 1983 480 l
2023 426 2114 481 AD
2153 424 2312 482 COR.
2343 454 2416 466 —
2454 425 2604 480 CAP.
2646 426 2758 480 VII.

3511 432 3618 486 650

319 565 394 615 τι,
452 538 589 618 μηδὲ
655 539 890 602 ὑπείκειν
964 544 1138 612 αὐτοῖς
1189 542 1478 624 παράνομα
1537 544 1950 617 ἐπιτάττουσιη

2039 549 2287 618 ’actitent,
2316 565 2496 622 neque
2525 549 2752 605 illorum
2765 547 2918 621 jussa
2946 548 3036 621 qui
3062 565 3227 622 prava
3255 551 3617 624 injunxerint,

323 632 492 691 Τοῦτο
532 630 636 710 γάρ
687 633 804 690 ἐστι
860 629 1123 691 δουλεύειν
1178 633 1472 712 ἀνθρώποις
1503 653 1518 667 ·
1575 634 1665 693 καὶ
1707 641 1915 712 ταῦτα,

323 719 419 779 ὑπὸ
442 721 586 778 Θεοῦ
631 721 1044 800 ἀγορασθέντας.
1079 723 1162 782 Οὔ
1191 721 1295 801 γὰρ
1337 722 1400 794 δὴ
1442 727 1599 782 τοῦτο
1624 733 1911 804 παραινεῖ,

323 807 379 867 τὸ
408 809 735 888 ἀφίστασθαι
778 809 885 868 ἀπὸ
933 813 1036 868 τῶν
1081 813 1354 870 δεσποτῶν
1389 834 1403 848 ⁸
1440 812 1650 889 ἀπαγεί
1703 813 1915 895 ὅτιγὰρ

323 900 376 978 οὗ
404 903 560 957 τοῦτο
593 897 736 976 λέγει
762 942 779 970 ,
810 900 969 971 δῆλον
999 899 1050 968 ἐξ
1078 891 1150 960 ὧν
1182 900 1369 978 ἐπάγει
1399 917 1415 935 ⁶
1466 930 1489 954 κ
1538 891 1835 970 ’Ἕκαστος
1860 891 1915 962 ἐν

326 977 367 1069 ᾧ
395 987 590 1060 ἓκλήθη
611 1033 629 1061 ,
656 1009 687 1046 D
716 987 808 1047 καὶ
839 988 906 1047 τὰ
938 989 1056 1059 ἑξῆς
1079 1013 1090 1026 ·
1138 977 1410 1063 τουτέστι,
1453 990 1552 1048 κᾶν
1579 993 1632 1050 ἐν
1669 991 1878 1073 δουλείᾳ
1898 1036 1914 1066 ,

324 1079 373 1138 ἐν
399 1075 568 1157 ταύτῃ
597 1076 798 1154 μενέτω
826 1096 841 1112 ’
886 1079 947 1136 τὸ
977 1078 1062 1150 δὲ,
1117 1102 1146 1134 ι
1178 1078 1343 1158 Παρὰ
1388 1081 1515 1159 Θεῷ
1535 1125 1550 1152 ,
1582 1101 1613 1138 n
1653 1081 1917 1160 προσέθη-

324 1189 436 1244 κεν,
481 1163 571 1223 ἵνα
602 1166 677 1245 μὴ
720 1166 881 1224 πάλιν
926 1171 1017 1226 τοῦ
1066 1171 1209 1229 Θεοῦ
1263 1168 1642 1249 ἀφιστώμεθα,
1685 1171 1772 1228 διὰ
1819 1170 1916 1242 τήν

325 1256 445 1336 πρὸς
492 1253 610 1323 τοὺς
668 1255 1014 1336 παρανόμους
1067 1256 1329 1324 δεσπότας
1377 1258 1671 1336 ὕποταγήν.
1713 1258 1916 1340 Ἀμφο-

325 1344 483 1424 τέρων
540 1343 644 1425 γὰρ
703 1353 1035 1425 προνοεῖται,
1083 1351 1178 1405 τοῦ
1239 1348 1374 1423 μήτε
1423 1351 1530 1405 τῶν
1591 1353 1913 1426 σωματικῶν

324 1433 586 1492 δεσποτῶν
620 1432 944 1516 ἀφίστασθαι
985 1435 1250 1516 προφάσει
1279 1443 1370 1496 τοῦ
1413 1438 1553 1496 Θεοῦ
1586 1461 1599 1474 ·
1637 1437 1775 1515 μήτε
1805 1438 1919 1496 πά-

328 1523 402 1580 λιν
450 1528 542 1582 τοῦ
587 1525 730 1584 Θεοῦ
780 1524 1138 1599 ἀποστατεῖν,
1171 1524 1484 1592 ὑπείκοντας
1534 1525 1666 1607 ὑπὲρ
1697 1527 1756 1586 τὸ
1803 1527 1915 1585 δέον

329 1612 426 1678 τοῖς
461 1613 762 1679 δεσπόταις.

410 1724 438 1759 α
495 1701 633 1781 Περὶ
686 1702 742 1760 δὲ
788 1704 894 1761 τῶν
935 1701 1209 1783 παρθένων
1262 1704 1518 1783 ἐπιταγὴν
1581 1703 1778 1785 Κυρίου
1826 1706 1919 1764 οὐκ

2022 647 2410 710 exsequantur.
2455 641 2578 694 Hoc
2619 638 2772 694 enim
2816 645 2899 694 est
2925 637 3242 695 hominibus
3273 642 3496 713 servire,
3521 659 3618 700 eos

2024 728 2332 799 praesertim
2361 728 2454 800 qui
2486 743 2517 784 a
2545 731 2664 782 Deo
2688 726 2958 798 redempti
2986 727 3115 783 sint.
3147 732 3338 800 Neque
3368 730 3617 802 profecto

2022 816 2295 884 hortatur,
2321 826 2386 873 ut
2411 833 2442 872 a
2467 815 2708 873 dominis
2743 815 3078 883 desciscant;
3104 816 3270 873 absit!
3300 821 3439 874 Nam
3464 820 3618 878 illum

2023 921 2135 961 non
2156 905 2227 962 ita
2242 905 2426 962 dicere
2450 905 2659 978 liquido
2677 913 2901 978 patetex
2922 921 2988 962 eo
3007 906 3157 978 quod
3169 906 3324 963 addit
3349 926 3363 964 :
3391 932 3416 956 «ι
3440 910 3622 965 Unus-

2022 995 2252 1067 quisque
2271 996 2329 1051 in
2358 1011 2469 1067 quo
2499 1002 2724 1051 vocatus
2753 1003 2859 1062 est,
2895 1018 2920 1042 »
2948 1005 3078 1064 etc.,
3111 995 3217 1052 hoc
3240 1006 3341 1063 est,
3376 998 3424 1053 si
3452 996 3623 1054 fuerit

2026 1084 2080 1138 in
2104 1085 2364 1140 servitute
2393 1092 2636 1151 vocatus,
2665 1084 2718 1139 in
2747 1100 2808 1140 ea
2835 1093 3060 1156 perstet.
3093 1107 3118 1134 α
3161 1086 3324 1158 Apud
3352 1089 3556 1155 Deum,
3591 1111 3617 1137 ιο

2024 1182 2212 1229 autem
2237 1173 2452 1246 adjecit,
2482 1189 2552 1229 ne
2581 1171 2724 1235 forte
2749 1173 3021 1244 improbis
3049 1174 3294 1231 dominis
3317 1175 3622 1249 obsequen-

2024 1262 2120 1329 do,
2144 1261 2466 1320 deﬁciamus
2489 1279 2519 1318 a
2539 1265 2678 1319 Deo.
2705 1263 2976 1335 Utrisque
3005 1265 3155 1321 enim
3184 1265 3450 1336 providet,
3475 1265 3622 1322 vide-

2023 1352 2148 1407 licet
2189 1367 2257 1407 ne
2297 1351 2399 1408 sub
2448 1353 2546 1408 Dei
2594 1361 2848 1424 pretextu
2902 1353 3064 1424 162
3109 1352 3395 1410 discedant
3442 1371 3472 1412 a
3515 1355 3622 1412 do-

2024 1441 2212 1508 minis,
2241 1457 2479 1513 quorum
2519 1441 2576 1497 in
2623 1450 2896 1513 potestate
2938 1459 3135 1498 eorum
3173 1451 3304 1499 sunt
3341 1459 3578 1516 corpora
3609 1465 3623 1500 :

2025 1538 2077 1586 et
2113 1547 2337 1586 rursum
2372 1546 2440 1586 ne
2471 1547 2503 1586 a
2531 1532 2642 1586 Deo
2670 1529 2949 1600 deficiant,
2978 1529 3224 1587 dominis
3249 1549 3418 1604 supra
3455 1549 3625 1605 quam

2026 1635 2128 1691 par
2159 1627 2242 1674 est
2278 1620 2656 1692 obsequendo.

2099 1712 2274 1765 Vsus.
2304 1715 2392 1765 25.
2425 1732 2449 1757 α
2483 1712 2565 1764 De
2594 1709 2895 1782 virginibus
2919 1718 3104 1766 autem
3133 1719 3468 1784 praeceptum
3498 1715 3627 1769 Do-

331 1788 432 1870 ἔχω
465 1813 480 1828 ο
509 1791 728 1882 γνώμην
773 1790 826 1849 δὲ
858 1791 1081 1868 δίδωμι,
1133 1795 1204 1860 ὣς
1235 1794 1530 1870 ἠλεημένος
1570 1795 1671 1852 ὕπὸ
1721 1793 1916 1873 Κυρίου
1945 1805 1950 1865 ξ

2039 1799 2168 1854 mini
2217 1815 2331 1855 non
2377 1798 2572 1863 habeo,
2630 1800 2920 1855 consilium
2978 1808 3162 1856 autem
3211 1801 3304 1869 do,
3355 1811 3626 1874 tanquam

330 1881 508 1947 πιστὸς
539 1880 695 1939 εἶναι.
731 1903 763 1941 1»
791 1880 1017 1953 Ἐπειδὴ
1055 1891 1162 1949 τοῖς
1192 1883 1314 1961 περὶ
1367 1883 1707 1962 σωφροσύνης
1749 1883 1920 1961 λόγοις

332 1970 677 2049 ἓνεγύμνασεν
741 1974 917 2048 ἡμᾶς,
977 1969 1064 2028 ἐπὶ
1119 1971 1180 2029 τὸ
1230 1976 1405 2047 μεῖζον
1457 1971 1776 2052 ἀνατρέχει,
1824 1972 1920 2042 τὴν

329 2057 641 2138 παρθενίαν,
675 2058 765 2118 καί
795 2082 988 2140 φησιν,
1017 2057 1097 2118 ὅτι
1127 2058 1197 2120 Ὀ
1237 2060 1429 2140 Κύριος
1472 2061 1567 2138 μὲν
1601 2063 1697 2119 οὐκ
1729 2063 1924 2136 ἐνομο-

331 2145 542 2220 θέτησεν
564 2192 582 2221 ,
625 2148 744 2208 οὐδὲ
789 2146 1010 2217 ἐπέταξὲ
1051 2171 1103 2207 τι
1134 2153 1256 2228 περὶ
1296 2149 1494 2222 ταύτης
1527 2169 1540 2182 ·
1574 2151 1692 2208 ἀλλ’
1727 2140 1868 2209 εἶπεν
1899 2168 1912 2183 ⁶

338 2262 360 2290 α
393 2236 458 2297 Ὁ
521 2239 804 2313 δυνάμενος
858 2241 1080 2316 χωρεῖν,
1139 2238 1406 2318 χωρείτω.
1453 2262 1480 2298 ι)
1547 2244 1750 2299 Οὐκοῦν
1806 2237 1922 2298 οὐδὲ

331 2325 428 2404 ἐγὼ
479 2330 662 2405 τολμῷ
717 2327 1001 2394 ἐπιτάξαιο
1039 2329 1175 2406 μέγα
1225 2327 1331 2408 γὰρ
1372 2328 1464 2387 καὶ
1507 2329 1832 2387 ἐπικίνδυνον
1866 2329 1925 2388 τὸ

331 2427 553 2497 πρᾶγμα
586 2434 600 2449 ⁸
632 2416 772 2488 πλὴν
805 2416 945 2475 ἀλλὰ
969 2416 1187 2495 γνώμην
1217 2417 1412 2495 δίδωμι
1438 2462 1454 2490 ,
1492 2417 1751 2490 τουτέστι,
1790 2441 1924 2494 συμ-

333 2502 555 2578 ϐουλὴν,
610 2507 741 2566 καθὸ
783 2507 875 2565 καὶ
926 2507 1081 2573 αὐτὸς
1121 2505 1352 2580 ἠξιώθην
1404 2507 1493 2564 διὰ
1539 2507 1600 2566 τὸ
1643 2508 1783 2573 ἔλεος
1833 2512 1924 2565 τοῦ

330 2597 465 2655 Θεοῦ
513 2594 695 2664 πιστὸς
728 2585 895 2669 εἶναι,
926 2596 1228 2670 τουτέστιν,
1259 2599 1448 2664 οἰκεῖος
1478 2595 1530 2632 ⁰⁶
1561 2595 1585 2620 ’⁷
1621 2598 1800 2671 αὐτοῦ,
1834 2597 1926 2656 καὶ

333 2684 564 2762 μυστικὰ
593 2684 731 2754 ἄξιος
758 2685 1122 2747 πιστεύεσθαι.

411 2983 434 3011 α
477 2956 699 3035 Νομίζω
737 2946 827 3016 οῦν
875 2961 1032 3018 τοῦτο
1069 2955 1231 3016 καλὸν
1270 2956 1529 3037 ὑπάρχειν
1576 2955 1662 3016 διὰ
1706 2956 1801 3029 τὴν
1850 2959 1932 3016 ἐν·

334 3049 570 3105 εστῷσαν
614 3046 852 3124 ἀνάγκην
875 3089 891 3114 ,
921 3045 1002 3105 ὅτι
1046 3045 1210 3106 καλὸν
1253 3045 1518 3126 ἀνθρώπῳ
1548 3047 1606 3104 τὸ
1645 3045 1807 3112 οὕτως
1851 3037 1932 3105 εἶ-

2027 1887 2466 1945 misericordiam
2483 1897 2811 1944 consecutus
2831 1905 2862 1944 a
2880 1890 3146 1959 Domino,
3169 1897 3229 1944 ut
3244 1890 3351 1945 sim
3379 1890 3571 1947 ﬁdelis.
3595 1915 3621 1941 ι

2030 1980 2326 2051 Postquam
2364 1994 2466 2034 nos
2496 1978 2551 2033 in
2591 1978 2939 2034 sermonibus
2981 1977 3050 2034 de
3097 1979 3430 2036 continentia
3466 1996 3627 2036 exer-

2030 2067 2251 2136 cuisset,
2295 2067 2363 2124 ad
2393 2067 2443 2122 id
2475 2067 2623 2139 quod
2659 2067 2840 2140 majus
2869 2076 2972 2134 est,
3008 2067 3372 2138 virginitatem
3395 2070 3627 2138 scilicet,

2031 2157 2304 2225 ascendit;
2344 2157 2526 2229 aitque
2548 2157 2758 2213 nullam
2801 2157 3103 2213 Dominum
3144 2157 3330 2214 tulisse
3361 2159 3426 2214 de
3461 2159 3628 2232 virgi-

2033 2247 2204 2302 nitate
2233 2247 2428 2319 legem,
2455 2262 2634 2319 neque
2661 2245 2730 2302 de
2761 2246 2866 2301 hac
2894 2247 3197 2318 quidquam
3225 2248 3502 2317 statuisse,
3530 2247 3629 2304 sed

2033 2352 2209 2391 unum
2234 2335 2365 2391 illud
2389 2336 2588 2392 dixisse
2617 2355 2629 2391 :
2659 2359 2684 2384 ιι
2717 2336 2824 2408 Qui
2855 2345 3037 2407 potest
3059 2352 3272 2408 capere,
3299 2339 3479 2409 capiat
3505 2345 3574 2374 ³-⁸
3597 2363 3622 2387 ι»

2034 2425 2303 2494 Quocirca
2356 2440 2536 2496 neque
2578 2425 2690 2496 ipse
2745 2425 2922 2480 ausim
2964 2425 3270 2498 quidquam
3316 2426 3384 2482 de
3440 2427 3526 2482 illa
3574 2443 3634 2482 re

2034 2523 2275 2570 statuere
2307 2535 2318 2570 :
2350 2513 2786 2586 magnum‘enim
2813 2513 2918 2569 hoc
2946 2523 3002 2568 et
3029 2515 3399 2586 periculosum
3431 2535 3443 2570 :
3469 2525 3635 2572 caete-

2035 2619 2164 2658 rum
2208 2602 2284 2659 do
2315 2602 2668 2670 sententiam,
2718 2601 2822 2658 hoc
2860 2611 2964 2670 est,
3004 2604 3320 2672 consilium,
3365 2614 3635 2675 quatenus

2035 2692 2152 2763 ipse
2172 2707 2267 2763 per
2287 2690 2724 2747 misericordiam
2740 2691 2835 2747 Dei
2852 2707 2966 2747 non
2985 2691 3244 2763 indiguus
3257 2708 3380 2747 sum
3399 2693 3634 2762 habitus,

2036 2790 2100 2837 ut
2138 2782 2238 2837 sim
2269 2781 2464 2849 ﬁdelis,
2497 2781 2604 2837 hoc
2625 2790 2727 2850 est,
2759 2779 3044 2836 familiaris
3074 2781 3212 2853 ejus,
3244 2789 3302 2837 et
3321 2781 3520 2856 dignus
3548 2782 3638 2839 cui

2036 2871 2299 2942 mysteria
2319 2869 2738 2926 concredantur.

2116 2964 2289 3016 Vnus.
2322 2966 2409 3016 26.
2447 2983 2472 3009 «
2520 2960 2786 3016 Existimo
2828 2976 2958 3034 ergo
2987 2959 3096 3016 hoc
3131 2959 3341 3016 bonum
3373 2977 3490 3017 esse
3516 2977 3641 3034 pro-

2046 3059 2166 3122 pter
2208 3052 2506 3106 instantem
2548 3050 2948 3118 necessitatem,
2992 3051 3256 3121 quoniam
3302 3051 3515 3107 bonum
3558 3059 3644 3108 est

334 3155 412 3194 ναι
474 3159 505 3193 ι
541 3133 713 3196 ⁹Οσον
741 3137 916 3195 κατ’ἐ
962 3136 992 3194 ι)
1159 3135 1173 3155 ’
1411 3161 1422 3170 ·
1483 3136 1496 3158 ‘
1623 3138 1707 3194 ’λλ
1811 3137 1824 3156 ’
1879 3136 1923 3172 δ’

419 3184 432 3198 .
921 3160 961 3213 μ
987 3159 1026 3209 Ιν
1073 3160 1334 3213 γνώμην,
1373 3159 1536 3215 φησι,
1567 3161 1638 3194 κα
1712 3159 1853 3194 ιστον

2048 3140 2255 3195 homini
2286 3140 2364 3196 sic
2398 3155 2536 3196 esse.
2588 3163 2613 3187 υ
2656 3143 2776 3195 Mea
2816 3139 3060 3210 quidem,
3104 3140 3300 3212 inquit,
3344 3141 3641 3212 sententia,

333 3223 470 3284 ἐστιν
524 3225 787 3304 ἀνθρώπῳ
829 3226 1004 3304 γάμου
1041 3223 1374 3304 ἀπέχεσθαι,
1430 3224 1518 3284 διὰ
1548 3225 1644 3292 τὰς
1693 3230 1744 3284 ἐν
1792 3227 1936 3306 αὐτῷ

338 3313 653 3388 δυσκολίας,
697 3313 790 3373 καὶ
819 3314 888 3374 τὰ
936 3318 1026 3373 τοῦ
1066 3314 1240 3391 γάμου
1273 3313 1479 3394 ὀχληρὰ
1504 3358 1519 3387 ,
1571 3316 1629 3372 οὗ
1663 3313 1759 3386 τὴν
1792 3316 1898 3373 ἀκα
1923 3349 1935 3360 -

336 3402 587 3484 θαρσίαν.

419 3515 449 3552 (ι
478 3493 708 3552 Δέδεσαι
746 3492 984 3573 γυναικίς
1021 3494 1119 3566 Μή
1149 3491 1297 3565 ζήτει
1338 3491 1514 3554 λύσιν.
1559 3492 1797 3554 Λέλυσαι
1833 3491 1937 3551 ἀπὸ

343 3582 622 3656 γυναικόςς
671 3581 766 3654 Μὴ
824 3581 970 3652 ζήτει
1021 3591 1268 3663 γυναῖκα.
1302 3582 1433 3642 Ἐὰν
1485 3581 1538 3641 δὲ
1593 3582 1682 3639 καὶ
1724 3581 1935 3660 γήμῃς,

343 3672 444 3752 οὐχ
486 3670 746 3752 ἥμαρτὲς.
785 3694 813 3729 ι
849 3670 944 3732 Ἐν
976 3675 1052 3753 τῷ
1082 3674 1278 3748 εἰπεῖν,
1321 3693 1351 3728 α
1379 3671 1641 3746 Δέδεσαις
1684 3693 1710 3727 n
1749 3669 1938 3735 ἔδειξεν

337 3756 418 3818 ὅτι
467 3762 706 3821 κάκωσιν
737 3761 974 3840 ἐπιφέρει
1003 3765 1030 3818 ὃ
1065 3760 1268 3838 γάμος,
1301 3763 1372 3827 ὡς
1403 3758 1615 3835 δεσμός.
1662 3759 1828 3820 Λύσιν
1855 3760 1939 3828 δὲ,

337 3850 395 3906 οὗ
431 3849 529 3922 τὴν
563 3851 624 3908 ἐκ
652 3849 962 3930 συμφωνίας
991 3849 1201 3930 ἀποχὴν
1233 3872 1390 3930 φησιν
1417 3893 1433 3922 ,
1471 3849 1608 3909 ἀλλὰ
1631 3848 1726 3920 τὴν
1756 3848 1938 3929 παρά-

337 3938 492 4018 λογον
543 3939 798 4010 διάζευξιν
830 3963 844 3976 υ
876 3943 946 4005 ὡς
995 3940 1085 3999 ἐάν
1119 3962 1176 4016 γε
1207 3939 1347 3997 κατὰ
1381 3937 1691 4019 συμφωνίαν
1740 3939 1937 4019 ἐγκρα-

337 4016 604 4103 τεύοιντο,
653 4035 812 4089 τοῦτο
859 4029 954 4088 οὐκ
1008 4027 1123 4086 ἔστι
1179 4027 1352 4096 λύσις.
1409 4016 1634 4099 Ἐπειδὴ
1685 4026 1741 4085 δὲ
1787 4016 1940 4102 εἷπε,

342 4139 374 4176 α
409 4117 505 4188 Μὴ
530 4119 676 4192 ζήτει
709 4128 966 4195 γυναῖκα,
1014 4146 1040 4170 ι»
1076 4116 1167 4176 ἵνα
1207 4116 1284 4195 μὴ
1320 4116 1440 4197 δόξῃ
1471 4115 1552 4176 ὅτι
1582 4116 1818 4194 ἀγαμίαν
1853 4139 1940 4174 νο·-

337 4211 554 4282 μοθετεῖ
577 4254 591 4278 ,
625 4208 847 4285 ἐπάγειο
886 4235 911 4261 κ
961 4207 1094 4268 Ἐὰν
1131 4206 1186 4266 δὲ
1225 4207 1434 4286 γήμῃς,
1470 4208 1571 4286 οὐχ
1623 4206 1880 4287 ἥμαρτες·
1918 4235 1943 4259 ιι

334 4295 491 4378 Ὅρα
533 4296 618 4371 δὲ,
639 4301 755 4366 πῶς
782 4296 1080 4368 λεληθότως
1107 4299 1177 4363 εἷς
1197 4296 1292 4368 τὴν
1326 4297 1613 4372 παρθενίαν
1639 4297 1848 4354 εἷσωθεῖ
1866 4295 1941 4368 ⁶²,

335 4385 428 4444 τὸν
480 4387 577 4463 μὲν
633 4387 807 4464 γάμον
862 4387 1056 4463 δεσμὸν
1105 4386 1318 4465 λέγων,
1366 4385 1462 4458 τὴν
1511 4383 1568 4444 δὲ
1623 4383 1942 4467 παρθενίαν,

336 4475 494 4536 λύσιν
528 4477 620 4536 καὶ
649 4474 970 4556 ἐλευθερίαν.

431 4683 460 4710 σι
498 4656 607 4717 Καὶ
640 4656 729 4716 ἐὰν
759 4657 909 4737 γήμῃ
934 4662 969 4731 ἡ
1002 4655 1288 4737 παρθένος,
1332 4657 1432 4735 οὐχ
1460 4654 1694 4734 ἥμαρτε.
1730 4675 1760 4712 ›)
1797 4658 1949 4734 Παρ-

339 4745 493 4805 θένον
551 4747 780 4805 ἐνταῦθά
826 4769 1024 4828 φησιν,
1057 4748 1116 4805 οὗ
1165 4745 1258 4817 τὴν
1309 4751 1692 4824 ἀφιερωθεῐσαν
1739 4743 1789 4779 ⁰³
1821 4745 1947 4824 Θεῷ

339 4834 520 4916 (αὕτη
549 4834 651 4914 γὰρ
701 4836 791 4894 ἐὰν
849 4837 1037 4914 γήμῃ,
1080 4833 1294 4915 ἥμαρτε
1340 4835 1590 4906 πάντως,
1640 4838 1711 4900 ὥς
1761 4833 1947 4911 μοιχὸν

337 4924 731 5004 ἐπεισφέρουσα
811 4929 887 5006 τῷ
970 4923 1184 5004 νυμφίῳ
1249 4925 1406 4994 αὐτῆς
1462 4924 1745 5004 Χριστῷ),
1812 4922 1950 4981 ἀλλὰ

340 5013 442 5085 τὴν
482 5011 560 5071 ἔτι
617 5013 828 5092 ἄγαμον
875 5012 1060 5093 κόρην·
1115 5013 1264 5085 Αὕτη
1306 5018 1431 5092 γοῦν
1481 5011 1571 5072 ἐὰν
1619 5011 1805 5091 γήμῃ»
1851 5013 1951 5090 οὐκ.

340 5102 593 5182 ἥμαρτεν
625 5124 637 5136 ·
669 5104 728 5161 οὗ
759 5102 861 5184 γὰρ
891 5103 1186 5182 ἀκάθαρτος
1213 5106 1242 5160 δ
1270 5102 1458 5180 γάμος.

439 5212 472 5248 (ι
498 5194 698 5272 Θλῖψιν
743 5193 798 5250 ἐν
926 5193 1087 5273 σαρκὶ
1115 5189 1317 5259 ἕξουσιν
1350 5191 1396 5249 οἱ
1429 5194 1677 5250 τοιοῦτοι.
1711 5189 1861 5268 Ἐγὼ
1894 5185 1950 5248 δὲ

345 5281 506 5356 ὑμῶν
557 5281 827 5363 φείδομαι,
863 5307 888 5334 ι
935 5281 1051 5348 Τὰς
1094 5281 1148 5338 ἐν
1195 5283 1272 5361 τῷ
1322 5279 1482 5360 γάμῳ
1532 5279 1810 5361 φροντίδας
1860 5278 1952 5337 καὶ

341 5369 550 5445 λύπας,
578 5370 758 5454 θλῖψίν
786 5393 967 5452 φησιν.
1008 5393 1038 5429 α
1059 5368 1208 5450 Ἐγὼ
1237 5370 1320 5445 δὲ,
1349 5395 1374 5424 ιι
1400 5369 1584 5451 φησὶν,
1611 5396 1634 5421 α
1661 5372 1810 5446 ὑμῶν
1840 5367 1953 5449 φεί-

424 5513 535 5568 2”
565 5513 766 5570 Matth.
802 5527 932 5582 XIX,
970 5519 1054 5570 12.

1975 4529 2026 4591 D

2047 3228 2333 3285 hominem
2357 3228 2709 3285 matrimonio
2729 3229 3002 3285 abstinere
3024 3229 3296 3300 optimum
3316 3238 3400 3285 est
3420 3238 3646 3301 propter

2045 3321 2163 3390 ejus
2215 3319 2586 3388 difﬁcultates,
2645 3319 2996 3392 conjugiique
3050 3321 3352 3390 molestias,
3409 3336 3520 3376 non
3571 3320 3643 3377 ob

2045 3409 2477 3464 immunditiam.
2639 3409 2652 3422 '

2119 3501 2298 3555 Vnus.
2332 3505 2420 3554 27.
2457 3521 2480 3546 α
2517 3498 2786 3568 Alligatus
2816 3512 2874 3554 es
2899 3499 3093 3572 uxori?
3118 3498 3242 3555 Noli
3274 3514 3520 3570 quaerere
3549 3514 3644 3555 so-

2047 3587 2336 3644 lutionem.
2378 3589 2602 3644 Solutus
2639 3603 2699 3642 es
2729 3587 2797 3642 ab
2832 3591 3039 3643 uxore?
3071 3588 3199 3642 Noli
3223 3604 3466 3660 quaerere
3504 3604 3647 3644 uxo-

2048 3693 2191 3733 rem.
2234 3677 2292 3733 Si
2335 3681 2521 3732 autem
2553 3677 2831 3746 acceperis
2863 3691 3118 3743 uxorem,
3159 3692 3268 3731 non
3314 3678 3566 3747 peccasti.
3618 3700 3644 3726 ιο

2049 3766 2298 3822 Dicendo
2327 3788 2352 3814 α
2375 3766 2602 3838 Ligatus
2629 3769 2724 3820 es?
2750 3787 2776 3813 υ
2811 3765 3056 3820 ostendit
3079 3765 3226 3835 quod
3246 3765 3457 3835 nuptiae
3479 3765 3649 3820 veluti

2047 3855 2284 3930 vincula,
2340 3854 2694 3910 afﬂictionem
2741 3853 2996 3910 afferant.
3049 3853 3392 3909 Solutionem
3439 3861 3646 3922 autem,

2048 3961 2160 4001 non
2208 3961 2332 4000 eam
2375 3959 2498 4015 quae
2539 3945 2600 3997 lit
2647 3960 2711 3998 ex
2733 3959 3002 3999 consensu
3049 3942 3442 3998 continentiam
3495 3942 3648 4011 dicit,

2049 4033 2149 4091 sed
2195 4034 2426 4090 divortia
2468 4032 2672 4088 rationi
2719 4048 2830 4088 non
2874 4040 3244 4087 consentanea
3296 4048 3471 4088 :nam
3509 4032 3556 4088 si
3585 4048 3654 4088 ex

2051 4139 2321 4179 consensu
2360 4123 2704 4189 contineant,
2749 4138 2810 4177 ea
2839 4137 2954 4177 non
2983 4129 3068 4177 est
3093 4121 3313 4177 solutio.
3353 4123 3494 4192 Quia
3524 4137 3654 4178 vero

2052 4212 2211 4278 dixit,
2238 4236 2262 4262 κ
2290 4215 2366 4268 Ne
2395 4227 2609 4285 quaeras
2635 4227 2884 4278 uxorem,
2922 4233 2946 4258 υ
2977 4227 3046 4266 ne
3072 4211 3382 4267 caelibatum
3413 4220 3655 4268 statuere

2053 4302 2189 4359 velle
2214 4301 2456 4358 videatur
2484 4301 2672 4357 subdit
2702 4320 2713 4354 :
2744 4325 2768 4350 α
2789 4301 2845 4357 Si
2867 4310 3048 4356 autem
3071 4309 3127 4357 et
3153 4300 3379 4356 duxeris
3401 4317 3655 4371 uxorem,

2052 4408 2165 4447 non
2207 4391 2458 4462 peccasti.
2493 4410 2522 4444 ι)
2561 4390 2948 4447 Animadverte
2981 4400 3188 4456 autem,
3221 4405 3390 4461 quam
3422 4392 3657 4447 latenter

2055 4481 2123 4536 ad
2149 4481 2519 4554 virginitatem
2550 4480 2798 4552 impellat
2818 4479 3036 4550 nuptias
3059 4479 3332 4534 vinculum
3355 4479 3654 4549 appellant,

2059 4570 2431 4644 virginitatem
2456 4577 2640 4626 autem
2667 4570 2996 4626 solutionem
3027 4577 3082 4624 et
3109 4568 3437 4622 libertatem.

2128 4663 2309 4716 Vsus.
2341 4667 2428 4715 28.
2467 4683 2491 4707 α
2527 4662 2596 4714 Et
2629 4659 2675 4714 si
2705 4658 2956 4730 nupserit
2981 4659 3154 4728 virgo,
3185 4672 3296 4711 non
3327 4655 3590 4728 peccavit.
3626 4678 3651 4703 ιο

2057 4748 2339 4821 Virginem
2364 4748 2454 4803 hic
2477 4747 2628 4814 dicit,
2651 4763 2764 4803 non
2792 4762 2916 4802 eam
2941 4761 3066 4817 qua;
3096 4749 3210 4800 Deo
3236 4753 3556 4802 consecrata
3586 4744 3661 4800 sit

2062 4840 2150 4911 (ea
2188 4839 2336 4894 enim
2380 4838 2425 4894 si
2453 4837 2718 4909 nupserit,
2749 4836 2992 4908 peccavit
3036 4836 3284 4902 omnino,
3317 4843 3505 4908 utpote
3538 4850 3662 4907 quae

2061 4927 2342 4984 moechum
2381 4926 2828 4998 superinduxerit
2862 4941 3066 4997 sponso
3109 4941 3210 4981 suo
3254 4926 3536 4991 Christo),
3564 4923 3664 4981 sed

2063 5019 2351 5088 innuptam
2393 5015 2650 5088 puellam.
2686 5018 2759 5070 Ea
2784 5014 2932 5070 enim
2963 5015 3007 5070 si
3035 5013 3298 5086 nupserit,
3331 5030 3444 5070 non
3466 5028 3663 5083 pecca-

2059 5109 2135 5162 vit
2163 5125 2176 5163 :
2211 5106 2630 5162 matrimonium
2659 5105 2811 5160 enim
2839 5120 2948 5160 non
2991 5109 3079 5159 est
3103 5103 3410 5173 impurum.

2134 5197 2614 5252 «Tribulationem
2636 5203 2822 5251 tamen
2849 5194 3028 5250 carnis
3054 5191 3334 5248 habebunt
3362 5189 3661 5262 ejusmodi.

2062 5289 2181 5359 Ego
2206 5295 2396 5342 autem
2418 5285 2574 5341 vobis
2598 5299 2783 5357 parco.
2816 5307 2841 5331 η
2865 5281 3274 5339 Sollicitudines
3291 5281 3346 5334 in
3369 5279 3668 5335 matrimo-

2063 5375 2157 5431 nio
2201 5383 2257 5432 et
2302 5388 2570 5432 maerores
2607 5371 2978 5438 obvenientes,
3031 5367 3445 5425 tribulationem
3492 5374 3666 5423 vocat.

1757 5583 1946 5643 Variae
1990 5584 2296 5645 lectiones.

1740 5671 1745 5692 ι

437 5725 516 5758 ⁶⁰⁶
546 5725 698 5780 οἰκεῖν
730 5742 784 5782 0.
860 5726 901 5760 ⁶¹
927 5726 1082 5781 καλόν
1113 5743 1186 5782 m.
1267 5726 1310 5762 ⁶²
1340 5728 1560 5781 συνωθεῖ
1579 5743 1629 5784 0.
1706 5727 1750 5762 ⁸³
1777 5726 2128 5799 ἀφορισθεῗσαν
2153 5743 2206 5782 ο.

651 5817 886 5872 Parnm“
927 5817 1029 5874 Gn.
1072 5818 1285 5873 CXXIV.

3321 5811 3382 5867 21
