4090 6458
415 397 510 449 651
1435 387 1947 446 THEOPHYLACTI
1985 387 2346 444 BULGARLIE
2384 387 2703 444 ARCHIEP.

3613 392 3719 446 652

416 542 441 567 α
484 520 601 590 Ego
643 523 849 584 autem,
900 537 926 564 ν
963 514 1160 587 inquit,
1186 514 1235 563 ἀ
1280 513 1434 571 vobis
1458 531 1644 586 parco,
1689 538 1714 564 ιι
1746 523 2005 587 tanquam

2124 516 2284 594 δομαι
2308 558 2324 587 ,
2356 540 2383 566 ιι
2411 517 2480 581 ὡς
2528 512 2725 572 τέκνων
2745 555 2762 587 ,
2809 509 2902 572 καὶ
2933 510 3194 590 βούλομαι
3223 513 3362 587 ὑμᾶς
3405 512 3714 594 ἐλευθέρους

410 607 556 675 ﬁliis,
587 606 823 678 voloque
853 604 1054 661 liberos
1077 620 1181 661 vos
1220 620 1362 672 esse,
1394 613 1652 677 extraque
1676 620 1972 661 maerorem
1997 621 2011 658 :

408 705 679 768 tanquam
710 695 1125 750 matrimonium
1160 711 1334 750 nexus
1382 695 1648 766 quispiam
1679 695 1769 762 sit,
1811 694 2015 766 quique

414 803 480 844 eo
511 788 620 842 sint
660 785 923 857 colligati,
973 800 1088 841 non
1125 785 1231 840 sint
1268 785 1356 841 sui
1379 785 1543 857 juris,
1574 793 1634 840 ut
1660 800 1824 856 supra
1861 798 2014 840 com-

409 883 787 931 memoratum
811 882 914 930 θεῖ.

482 968 662 1021 Vens.
692 971 778 1021 29.
804 987 829 1012 α
858 965 980 1020 Hoc
999 971 1186 1018 autem
1207 962 1354 1031 dico,
1378 961 1598 1032 fratres,
1614 970 1834 1034 tempus
1848 961 2015 1020 breve

413 1063 495 1112 est
529 1076 541 1110 :
572 1054 842 1126 reliquum
875 1062 979 1122 est,
1013 1076 1038 1102 ν
1082 1055 1223 1110 Cum
1270 1051 1516 1116 dixisset,
1566 1075 1589 1100 ιι
1643 1051 2017 1109 Afﬂictionem

415 1143 696 1200 habebunt
730 1143 788 1198 in
816 1159 1000 1199 carne.
1037 1165 1064 1194 ι)
1096 1159 1166 1198 ne
1204 1143 1330 1215 quis
1366 1143 1528 1213 163
1557 1141 1835 1213 adiiceret,
1862 1142 2012 1212 atqui

410 1240 465 1288 et
491 1232 829 1303 voluptatem
850 1233 1127 1288 habebunt
1154 1250 1167 1287 :
1187 1232 1440 1287 subsecat
1460 1239 1516 1286 et
1537 1230 1718 1287 aufert
1739 1247 1864 1303 quae
1884 1238 2016 1286 sunt

411 1321 729 1392 voluptatis,
775 1338 870 1392 per
909 1322 1014 1378 hoc
1055 1322 1202 1394 quod
1239 1331 1459 1392 tempus
1505 1336 1623 1376 esse
1669 1328 2016 1377 contractum

412 1419 470 1467 et
493 1411 656 1467 breve
679 1410 995 1468 subinferat.
1027 1411 1109 1468 Ad
1134 1411 1560 1466 dissolutionem
1587 1411 1737 1466 enim
1782 1419 1838 1466 et
1865 1410 2014 1465 inte-

409 1500 584 1557 ritum
623 1501 806 1557 omnia
853 1509 1110 1573 vergunt,
1159 1500 1726 1572 appropin‘quavitque
1775 1513 2012 1572 regnum

411 1589 640 1657 Christi,
671 1606 735 1646 ac
763 1592 820 1645 in
851 1598 1131 1661 posterum
1152 1590 1223 1645 ad
1247 1590 1425 1660 ipsum
1452 1589 1690 1661 migrare
1715 1588 2008 1645 debemus.

413 1680 598 1752 Quare
619 1680 786 1735 etiam
807 1688 862 1735 et
886 1680 1149 1735 nonnulla
1175 1679 1233 1734 in
1261 1679 1615 1734 matrimonio
1640 1679 1886 1748 voluptas
1905 1687 2007 1748 est,

410 1784 472 1824 ea
512 1777 694 1824 tamen
723 1769 904 1824 brevis
935 1778 1039 1836 est,
1071 1769 1377 1840 exiguoque
1400 1769 1670 1839 temporis
1699 1769 1877 1841 spatio
1905 1768 2010 1824 du-

408 1865 596 1914 ratura
630 1877 646 1912 :
678 1867 843 1930 atque
874 1857 978 1914 hoc
999 1859 1180 1930 ipsum
1211 1868 1294 1914 est
1327 1856 1574 1913 afﬂictio.

479 1951 654 2004 Vsus.
686 1953 870 2004 29-31.
920 1971 947 1997 α
977 1950 1057 2005 Ut
1102 1949 1193 2018 qui
1241 1947 1448 2003 habent
1485 1963 1704 2014 uxores,
1747 1955 2010 2019 tanquam

406 2054 518 2094 non
548 2037 811 2093 habentes
840 2037 955 2092 sint
989 2055 1001 2092 :
1026 2040 1096 2092 Et
1119 2037 1213 2109 qui
1246 2037 1406 2102 ﬂent,
1435 2045 1704 2108 tanquam
1733 2053 1844 2092 non
1875 2037 2013 2092 ﬂen-

408 2135 491 2184 tes
523 2146 536 2181 :
568 2135 623 2181 et
653 2127 747 2197 qui
789 2125 1059 2197 gaudent,
1105 2134 1366 2196 tanquam
1406 2141 1519 2181 non
1556 2125 1858 2198 gaudentes
1902 2145 1915 2180 :
1958 2134 2012 2181 et

412 2217 508 2290 qui
534 2224 750 2282 emunt,
775 2225 1039 2286 tanquam
1067 2231 1176 2270 non
1204 2214 1548 2286 possidentes
1581 2234 1594 2271 :
1628 2218 1700 2271 Et
1722 2216 1816 2286 qui
1837 2224 2012 2271 utun-

406 2314 501 2361 tur
536 2304 643 2360 hoc
686 2303 917 2373 mundo,
967 2315 1230 2376 tanquam
1266 2320 1381 2360 non
1424 2313 1665 2360 utantur.
1699 2328 1724 2352 ι)
1773 2305 1933 2375 Quod
1961 2305 2010 2360 si

407 2395 504 2466 qui
546 2411 749 2451 uxores
809 2394 1030 2463 habent,
1095 2403 1363 2466 tanquam
1403 2410 1514 2450 non
1576 2394 1834 2459 habeant,
1891 2409 2007 2450 esse

401 2485 664 2552 debeant,
689 2484 818 2556 quid
837 2485 978 2541 ultra
1005 2485 1247 2556 proderit
1270 2485 1324 2540 in
1348 2485 1702 2541 matrimonio
1722 2485 2005 2558 conjungi,

401 2575 610 2646 sibique
633 2575 737 2646 ipsi
782 2591 924 2630 onus
963 2575 1217 2645 injicere?
1248 2573 1394 2648 Quid
1417 2583 1602 2630 autem
1642 2582 1747 2640 est,
1793 2598 1818 2623 ει
1860 2578 2008 2630 Tan-

403 2681 573 2736 quam
603 2681 716 2719 non
745 2663 1051 2720 habentes?
1091 2687 1117 2714 ιο
1161 2680 1280 2735 pro,
1323 2680 1433 2719 non
1471 2664 1640 2730 alﬁxi,
1685 2679 1796 2719 non
1837 2680 2006 2720 omne

403 2753 650 2808 studium
705 2753 845 2809 circa
908 2754 1126 2824 nuptias
1181 2761 1238 2808 et
1300 2769 1533 2808 uxorem
1595 2752 2002 2824 impendentes.

404 2841 762 2897 Consimilem
790 2841 859 2898 ad
889 2842 1185 2909 rationem,
1213 2857 1388 2913 neque
1411 2842 1554 2898 circa
1598 2842 1725 2907 alia,
1762 2841 1876 2897 sive
1901 2843 2006 2898 tri-

406 2931 532 2997 stia,
560 2946 682 3002 quae
710 2946 824 3001 per,
857 2931 1073 2998 ﬂentes,
1118 2931 1329 2999 innuit;
1359 2932 1472 2987 sive
1491 2931 1855 2999 delectabilia,
1881 2946 2006 3003 qua

404 3036 518 3092 per,
547 3019 862 3090 gaudentes,
901 3019 1263 3091 signiﬁcavit;
1306 3035 1483 3092 neque
1523 3019 1662 3075 circa
1691 3027 2006 3076 contractus

403 3125 542 3181 quos
595 3124 690 3178 per
731 3107 1066 3180 emptionem
1104 3107 1390 3175 indicavit,
1433 3107 1806 3163 vehementius
1852 3108 2004 3180 quis-

2041 1882 2089 1944 B

2122 592 2255 662 εἶναι
2297 604 2388 663 xui
2415 601 2646 670 ἀλύπους
2671 625 2686 640 '
2720 605 2792 671 ὡς
2824 607 2851 662 ὁ
2877 601 3050 680 γάμος
3089 624 3150 680 γε
3193 599 3286 660 καὶ
3335 602 3526 679 δεσμός
3571 592 3715 676 ἐστι,

2119 693 2211 751 καὶ
2240 694 2290 752 οἳ
2335 693 2438 752 ὕπὸ
2475 700 2657 752 τοῦτον
2703 691 2884 766 ὄντες,
2937 693 3140 750 ἑαυτῶν
3191 691 3288 749 οὐκ
3328 691 3720 771 ἐξουσιάζουσι,

2120 785 2188 849 ὡς
2219 781 2468 862 ἀνωτέρω
2497 781 2726 862 εἴρηται.

2202 988 2226 1015 ιι
2257 964 2430 1023 Τοῦτο
2461 961 2518 1021 δέ
2545 985 2684 1044 φημι
2703 1005 2718 1034 ,
2751 961 3003 1042 ἀδελφοὶ,
3036 959 3116 1021 ὅτι
3142 965 3172 1022 ὁ
3203 961 3382 1041 καιρὸς
3418 965 3718 1023 συνεσταλ-

2122 1052 2274 1128 μένος
2307 1051 2364 1110 τὸ
2393 1043 2574 1112 λοιπόν
2609 1057 2772 1117 ἐστιν,
2807 1077 2832 1104 ι
2863 1051 3088 1125 Ἐπειδὴ
3132 1043 3310 1124 εἶπεν,
3346 1050 3426 1111 ὅτι
3461 1081 3482 1105 α
3516 1056 3718 1135 Θλῖψιν

2126 1140 2300 1210 ἕξουσι
2332 1146 2396 1221 τῇ
2429 1141 2588 1223 σαρκὶ
2615 1187 2631 1218 ,
2661 1168 2686 1194 1ο
2710 1141 2798 1200 ἵνα
2846 1142 2922 1217 μή
2947 1165 3027 1208 τις
3063 1140 3188 1222 εἴπῃ
3215 1161 3230 1174 ⁸
3261 1141 3426 1202 Ἀλλὰ
3463 1141 3555 1201 xui
3584 1145 3716 1214 ἡδο-

2118 1229 2213 1303 νήν
2247 1249 2260 1264 ·
2291 1230 2578 1308 ὑποτέμνει
2629 1230 2695 1289 τὰ
2745 1235 2841 1302 τῆς
2897 1232 3127 1308 ἡδονῆς,
3172 1233 3232 1290 ἐκ
3273 1236 3364 1289 τοῦ
3412 1231 3502 1289 τὸν
3533 1230 3717 1312 καιρὸν

2120 1320 2537 1396 συνεσταλμένον
2583 1324 2908 1399 εἰσαγαγεῖν.
2962 1319 3107 1399 Πρὸς
3149 1318 3302 1378 λύσιν
3333 1318 3436 1401 γὰρ
3471 1319 3718 1398 ἐπείγον-

2119 1433 2206 1468 ται
2237 1411 2304 1467 tu
2332 1409 2541 1487 πάντα,
2578 1411 2669 1468 xui
2705 1409 2922 1485 ἤγγικεν
2961 1415 2994 1481 ἡ
3029 1409 3276 1490 βασιλεία
3306 1413 3400 1468 τοῦ
3444 1413 3714 1491 Χριστοῦ,

2117 1499 2207 1557 καὶ
2249 1501 2434 1558 λοιπὸν
2472 1500 2602 1578 πρὸς
2633 1498 2790 1557 αὐτὸν
2839 1500 3137 1575 ἀποδημεῖν
3187 1499 3484 1580 ὀφείλομεν.
3541 1497 3715 1560 Ὥστε

2117 1589 2209 1648 καὶ
2236 1591 2279 1648 εἰ
2307 1587 2468 1660 ἡδονή
2501 1589 2576 1654 τίς
2607 1590 2748 1647 ἐστιν
2773 1634 2788 1660 ,
2820 1588 2960 1647 ἀλλὰ
3001 1592 3230 1668 βραχεῖα
3277 1586 3414 1661 αὕτη
3432 1631 3450 1664 ,
3479 1588 3570 1648 xui
3598 1590 3716 1648 ὀλι-

2116 1677 2386 1758 γοχρόνιος
2421 1697 2434 1710 '
2472 1677 2563 1737 xui
2592 1682 2749 1738 τοῦτο
2781 1678 2835 1736 δὲ
2881 1677 3009 1737 αὐτὸ
3042 1679 3239 1760 θλῖψις.

2203 1961 2230 1997 (ι
2263 1936 2384 2001 Ἵνα
2410 1940 2499 2000 xui
2521 1941 2568 1999 οἱ
2595 1941 2805 2022 ἔχοντες
2832 1941 3119 2020 γυναῖκας’,
3152 1942 3223 2008 ὣς
3253 1939 3330 2018 μὴ
3363 1939 3574 2021 ἔχοντες
3593 1929 3716 2000 ῶσιο

2119 2028 2211 2088 καὶ
2245 2033 2292 2088 οἱ
2333 2029 2621 2104 κλαίοντες,
2662 2034 2733 2097 ὡς
2764 2033 2840 2106 μή
2867 2031 3140 2098 κλαίοντες
3169 2055 3182 2068 ·
3208 2031 3296 2088 xui
3322 2033 3370 2089 οἱ
3402 2030 3715 2112 χαίροντες,

2117 2120 2188 2187 ὡς
2237 2117 2311 2196 μὴ
2341 2119 2616 2200 χαίροντες
2642 2138 2656 2152 ⁶
2691 2120 2782 2180 xui
2833 2123 2881 2180 οἳ
2930 2121 3303 2201 ἀγοράζοντες,
3333 2123 3404 2188 ὡς
3444 2119 3521 2196 μὴ
3561 2117 3720 2178 κατέ·

2115 2232 2296 2290 χοντες
2331 2231 2345 2244 “
2378 2209 2469 2269 xui
2499 2212 2546 2268 οἱ
2591 2210 2860 2290 χρώμενοι
2910 2214 2986 2290 τῷ
3035 2208 3221 2290 κόσμῳ
3273 2210 3444 2290 τούτῳ
3467 2254 3484 2284 ,
3519 2210 3593 2276 ὡς
3642 2205 3718 2285 μὴ

2115 2299 2541 2379 καταχρώμενοι.
2577 2329 2599 2352 ιι
2638 2299 2794 2360 Ἐπεὶ
2838 2299 2928 2358 καὶ
2959 2301 3007 2358 oi
3057 2300 3294 2379 ἔχοντες,
3321 2301 3392 2365 ὣς
3437 2297 3512 2374 μὴ
3560 2298 3718 2378 ἔχον-

2114 2411 2198 2455 τες
2226 2390 2521 2469 ὀφείλουσιν
2556 2379 2691 2448 εἶναι
2714 2434 2730 2462 ,
2771 2387 2822 2446 τί
2851 2390 2929 2447 δεῖ
2976 2389 3160 2446 λοιπὸν
3207 2389 3341 2455 ὅλως
3389 2390 3678 2465 συζυγῆναι
3699 2431 3717 2461 ,

2114 2479 2205 2536 καὶ
2236 2481 2412 2560 ἑαυτῷ
2443 2478 2654 2558 φορτίον
2704 2477 3010 2552 ἐπιϐαλεῖνς
3049 2479 3122 2538 Τί
3153 2476 3208 2535 δέ
3243 2480 3390 2536 ἐστιν
3410 2521 3426 2550 ,
3466 2505 3491 2529 ι
3515 2474 3609 2542 Ὡς
3639 2474 3716 2552 μὴ

2113 2568 2352 2647 ἔχοντες
2384 2598 2407 2621 υ
2460 2567 2576 2626 ἀντὶ
2605 2574 2729 2641 τοῦ,
2780 2569 2839 2626 οὗ
2883 2567 3292 2648 προσηλώμενοι
3335 2567 3412 2638 ⁸⁵,
3451 2564 3570 2625 οὐδὲ
3601 2573 3714 2623 πᾶ-

2113 2679 2212 2715 σαν
2243 2657 2336 2729 τὴν
2381 2657 2616 2728 σπουδὴν
2659 2657 2782 2738 περὶ
2828 2657 2915 2717 τὸν
2956 2657 3129 2735 γάμον
3176 2655 3269 2715 xui
3321 2655 3415 2722 τὰς
3462 2663 3717 2735 γυναῖκας

2113 2747 2509 2813 ἀναλίσκοντες.
2544 2745 2828 2812 Ὡσαύτως
2867 2746 2984 2804 οὐδὲ
3017 2746 3138 2825 περί
3181 2769 3232 2804 τι
3277 2749 3382 2805 τῶν
3423 2745 3631 2818 ἄλλοιν,
3679 2743 3714 2816 ἢ

2112 2836 2403 2914 λυπηρῶν,
2447 2836 2481 2894 ἃ
2533 2835 2618 2895 διὰ
2661 2840 2754 2895 1'03
2805 2837 3008 2894 κλαίειν
3051 2835 3268 2915 ᾐνίξατο
3302 2853 3316 2868 ⁸
3373 2834 3409 2907 ἢ
3444 2837 3716 2912 τερπνῶν,

2115 2924 2149 2982 ἃ
2173 2924 2258 2983 διὰ
2288 2931 2380 2986 1'03
2408 2924 2617 3005 χαίρειν
2650 2925 2914 2995 ἐδήλωσεν
2945 2947 2956 2959 ·
2993 2924 3026 2996 ἢ
3076 2928 3182 2983 τῶν
3213 2925 3676 3003 συναλλαγμάτων
3695 2967 3710 2996 ,

2115 3012 2149 3070 ἀ
2207 3014 2294 3073 διὰ
2351 3019 2442 3073 τοῦ
2504 3013 2780 3092 ἀγοράζειν
2841 3012 3118 3094 ἐνέφηνεν,
3171 3013 3368 3096 ὀφείλει
3428 3035 3505 3079 τις
3573 3012 3716 3071 πάνυ

2114 3103 2460 3185 σφοδρότερον
2493 3103 2543 3138 ⁸⁵
2571 3102 2906 3172 σπουδάζειν.
2962 3103 3072 3164 Καὶ
3125 3103 3214 3174 τί,
3262 3101 3431 3184 φησὶ,
3461 3103 3589 3161 τάδε
3619 3103 3714 3162 xui

402 3197 554 3270 piam
583 3196 802 3254 studere
829 3197 1013 3254 debet.
1043 3199 1323 3267 Quorsum
1369 3212 1518 3266 vero,
1558 3197 1654 3265 ait,
1683 3197 1802 3254 haec
1829 3207 1885 3253 et
1914 3197 2004 3253 illa

2113 3195 2242 3252 τάδε
2291 3193 2609 3270 καταλέγως
2665 3189 2897 3266 Ἁπλῶς,
2962 3194 3009 3251 οῖ
3073 3192 3342 3274 χρώμενοι
3397 3195 3474 3272 τῷ
3531 3190 3717 3272 κόσμῳ

402 3289 845 3344 recenseOPUno
877 3287 1042 3343 verbo
1067 3287 1244 3343 dicam
1273 3307 1285 3343 :
1314 3287 1422 3357 Qui
1445 3295 1676 3343 utuntur
1709 3286 1815 3344 hoc
1847 3305 2005 3344 mun—

2116 3281 2288 3364 τούτῳ
2331 3285 2427 3342 οὐκ
2455 3283 2751 3364 ὀφείλουσιν
2800 3284 2944 3360 αὐτῷ
2989 3289 3363 3363 καταχρᾶσθαι
3398 3299 3414 3316 ⁸
3447 3279 3712 3354 τουτέστι,

401 3377 499 3447 do,
528 3395 639 3432 non
668 3378 870 3433 debent
898 3377 1018 3448 ipso
1063 3377 1236 3444 abuti,
1268 3377 1372 3432 hoc
1406 3386 1510 3444 est,
1541 3376 1694 3433 omni
1737 3378 1924 3434 studio
1954 3385 2005 3434 et

2115 3373 2395 3453 προσέχειν
2446 3374 2591 3452 αὐτῷ
2625 3371 2762 3448 μετὰ
2809 3371 2987 3443 πάσης
3030 3373 3262 3444 σπουδῆς
3307 3371 3399 3430 καὶ
3443 3375 3540 3444 τῆς
3589 3370 3720 3451 πρὸς

403 3464 612 3523 affectu
643 3466 720 3522 illi
752 3466 1087 3523 incumbere.
1142 3467 1363 3523 Abusus
1391 3466 1543 3523 enim
1568 3474 1650 3523 est
1697 3467 2007 3539 superﬂuus

401 3572 555 3623 usus,
594 3566 649 3612 et
673 3556 942 3612 decorum
969 3572 1334 3628 exsuperans.

474 3669 501 3696 α
527 3646 776 3703 Praeterit
793 3647 936 3710 enim
956 3645 1133 3719 ﬁgura
1156 3645 1350 3702 mundi
1375 3645 1558 3718 hujus.
1593 3669 1617 3695 ιν
1643 3645 1706 3702 Id
1726 3654 1832 3714 est,
1848 3653 2004 3702 tran-

396 3733 471 3792 sit
498 3743 555 3791 et
579 3735 912 3792 dissolvitur.
959 3735 1105 3805 Quid
1141 3750 1272 3808 ergo
1322 3751 1513 3792 amore
1548 3736 1664 3808 ejus
1691 3744 2002 3804 teneamur,

398 3823 548 3896 quod
569 3824 923 3881 dissolvitur?
942 3826 1202 3897 Figuram
1219 3833 1404 3882 autem
1425 3825 1741 3897 appellavit,
1764 3825 2004 3881 innuens

397 3912 561 3986 hujus
588 3913 780 3970 mundi
807 3930 897 3970 res
943 3915 1135 3970 oculos
1163 3921 1381 3970 tantum
1413 3916 1699 3987 attingere,
1745 3929 1810 3970 ac
1858 3915 2003 3971 leves

398 4019 540 4072 esse,
560 4004 773 4060 nullam
792 4003 1153 4060 stabilitatem
1177 4011 1232 4060 et
1262 4003 1674 4060 subsistentiam
1707 4002 1997 4061 habentes.

473 4187 654 4240 Vens.
686 4190 776 4240 32.
813 4207 838 4232 ιι
871 4183 1013 4240 Volo
1041 4191 1227 4240 autem
1275 4199 1373 4240 vos
1402 4183 1608 4258 absque
1632 4185 2001 4243 sollicitudine

402 4289 544 4331 esse.
577 4296 602 4322 υ
627 4272 920 4342 Quomodo
948 4289 1075 4328 vero
1106 4272 1488 4330 sollicitudinis
1516 4283 1767 4346 expertes
1794 4276 2002 4332 simus?

401 4364 446 4420 si
472 4363 691 4420 calibes
721 4363 1203 4435 permanserimus.
1232 4362 1406 4419 Infert
1431 4364 1599 4437 igitur
1626 4382 1642 4420 :

469 4457 645 4510 Vens.
667 4459 852 4521 32,33.
881 4476 905 4500 α
928 4453 1034 4523 Qui
1051 4452 1169 4508 sine
1187 4469 1360 4510 uxore
1377 4463 1481 4521 est,
1494 4453 1756 4511 sollicitus
1773 4463 1857 4511 est
1876 4471 2000 4528 quae

2115 3462 2271 3521 αὐτὸν
2325 3461 2710 3542 προσπαθείας.
2787 3461 3140 3541 Κατάχρησις
3205 3460 3309 3544 γὰρ
3395 3463 3429 3531 ἡ
3492 3457 3714 3540 περιττὴ

2112 3555 2304 3633 χρῆσις
2324 3597 2339 3626 ι
2384 3551 2477 3610 xui
2501 3550 2697 3610 πλείων
2728 3555 2822 3608 1'03
2856 3550 3079 3618 δέοντος.

2194 3668 2218 3694 α
2253 3641 2497 3720 Παράγει
2548 3640 2652 3720 γὰρ
2689 3639 2750 3698 τὸ
2811 3645 3000 3720 σχῆμα
3049 3644 3142 3699 τοῦ
3200 3638 3404 3718 κόσμου
3449 3637 3654 3698 τούτου.
3689 3664 3716 3691 ι

2112 3728 2252 3790 Ἀντὶ
2285 3736 2411 3807 τοῦ,
2465 3732 2794 3812 παρέρχεται
2843 3730 2932 3788 xui
2981 3727 3273 3789 διαλύεται.
3334 3730 3406 3790 Τί
3453 3720 3540 3788 οὖν
3593 3728 3717 3809 ἔχε-

2110 3825 2234 3879 σθαι
2281 3821 2357 3880 δεῖ
2387 3825 2478 3879 τοῦ
2511 3821 2804 3896 λυομένου;
2852 3821 3056 3897 Σχῆμα
3103 3819 3159 3877 δὲ
3197 3818 3480 3897 ἐκάλεσεν,
3513 3817 3714 3899 ἐμφαί-

2110 3935 2212 3968 νων
2242 3912 2322 3970 8τι
2372 3910 2524 3990 ἄχρις
2572 3908 2740 3990 ὄψεώς
2791 3912 2892 3967 εἶσι
2933 3909 3000 3968 τὰ
3049 3914 3143 3968 τοῦ
3191 3909 3452 3986 παρόντος
3482 3908 3713 3984 κόσμου,

2109 4000 2202 4059 xui
2243 3999 2570 4077 ἐπιπόλαιοι,
2601 3997 2766 4076 μηδὲν
2819 3997 3044 4078 βεϐηκὸς
3071 3997 3163 4057 xui
3208 3998 3456 4065 οὐσιῶδες
3504 3997 3715 4078 ἔχοντες

2196 4111 2412 4147 .-τα
2454 4111 2486 4147 Ι.

2113 4087 2232 4237 [fit
2275 4087 2528 4239 agit-Adi
2575 4179 2716 4256 ὗμᾶς
2761 4166 3286 4257 ἀμερίμνους-εἷναι.
3321 4199 3353 4233 ω
3405 4179 3536 4245 Πῶς
3571 4177 3712 4257 δ’ᾼάν

2109 4266 2290 4346 εἴημεν
2341 4267 2664 4348 ἀμέριμνοι;
2725 4269 2794 4328 Εἰ
2845 4267 3047 4347 ἄγαμοι
3084 4255 3253 4344 ὦμεν.
3302 4264 3532 4345 Ἐπάγει
3584 4255 3711 4325 οὖν’

2194 4470 2223 4506 ε
2261 4445 2330 4508 Ὁ
2362 4446 2570 4526 ἄγαμος
2617 4454 2852 4529 μεριμνᾷ
2884 4445 2950 4505 τὰ
2980 4449 3070 4505 1'03
3107 4443 3306 4526 Κυρίου
3328 4491 3344 4519 ,
3382 4446 3496 4512 πῶς
3526 4443 3702 4524 ἀρέσει

398 4544 625 4599 Domini
667 4551 814 4610 sunt,
865 4541 1145 4615 quomodo
1175 4544 1387 4615 placeat
1419 4544 1682 4600 Domino.
1724 4545 1831 4615 Qui
1872 4561 1999 4602 vero

2114 4541 2191 4618 τῷ
2249 4537 2433 4618 Κυρίῳ
2493 4538 2569 4597 ⁸³.
2618 4536 2688 4597 ⁸0
2754 4538 2808 4595 δὲ
2863 4535 3154 4614 γαμήσας,
3214 4542 3446 4615 μεριμνᾷ
3495 4534 3562 4593 τὰ
3622 4538 3712 4593 τοῦ

397 4648 526 4688 cum
551 4648 723 4688 uxore
750 4641 854 4698 est,
886 4631 1150 4688 sollicitus
1180 4637 1261 4688 est
1304 4648 1427 4704 quae
1455 4641 1584 4689 sunt
1613 4633 1829 4698 mundi,
1861 4651 2000 4706 quo-

398 4721 568 4778 modo
611 4721 820 4792 placeat
847 4721 1023 4777 uxori.
1063 4745 1089 4768 n
1133 4722 1427 4792 Quomodo
1450 4722 1638 4790 volens
1667 4739 1768 4779 nos
1795 4723 2002 4796 absque

395 4809 762 4867 sollicitudine
785 4827 923 4880 esse,
956 4827 990 4867 ο
1011 4811 1199 4880 Paule,
1234 4828 1298 4868 ac
1323 4820 1617 4884 propterea
1645 4828 1748 4869 nos
1792 4813 1847 4868 in
1895 4830 2001 4870 cae-

396 4898 570 4955 libatu
609 4914 914 4967 asservans,
947 4916 1171 4957 rursum
1207 4900 1343 4958 dicis
1388 4919 1404 4956 :
1453 4923 1478 4949 «
1526 4902 1633 4969 Qui
1671 4902 1789 4958 sine
1829 4917 2000 4958 uxore

393 4997 498 5058 est,
515 4988 584 5044 de
603 4987 670 5044 iis
688 5005 810 5061 quae
830 4989 1059 5045 Domini
1076 4998 1206 5046 sunt
1219 4989 1489 5046 sollicitus
1511 4994 1620 5047 est?
1641 5013 1667 5039 ν
1689 4993 1828 5047 Ecce
1840 4991 1998 5048 enim

393 5077 594 5135 iterum
626 5077 1037 5136 sollicitudines.
1070 5078 1181 5136 Sed
1226 5095 1344 5136 non
1389 5079 1542 5148 tales,
1581 5080 1782 5152 inquit,
1813 5080 1999 5152 quales

393 5177 524 5224 sunt
551 5169 920 5236 matrimonii;
950 5168 1178 5225 Domini
1209 5169 1356 5225 enim
1383 5185 1530 5226 cura:
1551 5169 1818 5226 salutares
1846 5177 1997 5239 sunt,

395 5257 892 5333 oblectabilesque:
932 5258 1134 5315 mundi
1176 5275 1305 5314 vero
1347 5273 1496 5315 curae
1537 5260 1719 5316 noxiae
1760 5267 1911 5328 sunt,
1943 5267 1998 5315 et

395 5348 644 5418 angustia
674 5347 877 5418 plenae.
926 5346 1218 5418 Quomodo
1257 5348 1402 5402 enim
1446 5347 1562 5404 ﬁeri
1611 5355 1811 5418 potest,
1857 5348 1994 5419 quin

391 5450 770 5492 aerumnosum
800 5437 1211 5510 molestumque
1234 5437 1306 5494 sit
1341 5437 1526 5493 uxoris
1557 5438 1834 5509 placenda:
1877 5446 1991 5494 stu-

2111 4627 2477 4703 κόσμου,πῶς
2523 4625 2699 4706 ἀρέσει
2741 4630 2809 4704 τῇ
2851 4625 3082 4705 γυναικί.
3132 4649 3158 4677 ι
3213 4627 3340 4691 Πῶς
3369 4624 3532 4683 θέλων
3567 4626 3713 4699 ἡμᾶς

2113 4716 2436 4797 ἀμερίμνους
2485 4706 2646 4790 εἶναι,
2696 4717 2922 4789 Παῦλε,
2975 4714 3066 4774 καὶ
3125 4711 3211 4771 διὰ
3267 4719 3421 4774 τοῦτο
3472 4713 3714 4790 ἀγάμους

2112 4807 2418 4884 συντηρῶν,
2467 4803 2630 4863 πάλιν
2675 4803 2844 4884 λέγεις
2872 4827 2885 4843 ο
2935 4831 2960 4856 α
3001 4802 3065 4864 Ὁ
3122 4802 3329 4881 ἄγαμος
3375 4810 3610 4881 μεριμνᾷ
3637 4800 3707 4860 τὰ

2110 4900 2202 4954 τοῦ
2237 4892 2472 4974 Κυρίου;
2523 4919 2549 4947 ιο
2581 4892 2722 4954 Ἰδοὺ
2763 4892 2865 4973 γὰρ
2906 4892 3000 4953 xui
3041 4892 3202 4952 πάλιν
3235 4891 3515 4971 μέριμναι.
3565 4889 3712 4950 Ἀλλ’

2106 4984 2207 5063 οὖχ
2235 4974 2372 5057 οἷαι,
2401 4982 2558 5064 φησὶν
2583 5027 2598 5057 ,
2651 4983 2704 5041 αἱ
2737 4987 2829 5042 1'03
2857 4983 3062 5061 γάμου.
3105 4983 3174 5042 Ai
3206 4980 3302 5059 μὲν
3331 4979 3435 5060 γὰρ
3465 4983 3556 5039 τοῦ
3593 4980 3713 5038 Κυ-

2110 5071 2219 5152 ρίου
2253 5070 2543 5151 μέριμναι,
2578 5071 2932 5151 σωτηριώδεις
2975 5071 3067 5131 xui
3113 5070 3338 5150 τερπναί
3365 5093 3379 5107 ο
3416 5071 3471 5128 αἱ
3505 5067 3560 5128 δὲ
3607 5071 3699 5128 1'03

2108 5161 2346 5240 κόσμου,
2381 5160 2642 5242 βλαϐεραὶ
2696 5163 2787 5220 καὶ
2817 5161 3071 5242 θλιϐεραί.
3128 5163 3256 5228 Πῶς
3282 5159 3388 5240 γὰρ
3429 5161 3490 5218 οὗ
3535 5155 3710 5237 θλίψις

2106 5251 2198 5310 xui
2245 5250 2465 5329 ὄχλησις
2495 5250 2556 5309 τὸ
2601 5250 2848 5310 σπεύδειν
2885 5250 3074 5331 ἀρέσαι
3118 5250 3363 5327 γυναικὶ,
3399 5247 3492 5307 xui
3533 5250 3707 5306 ταῦτα

2104 5340 2414 5422 φιλοκόσμῳ
2435 5387 2451 5414 ,
2499 5339 2591 5400 xui
2629 5338 2926 5419 ἀπαιτούσῃ
2956 5337 3154 5420 χρυσία
3202 5338 3293 5397 xui
3326 5336 3695 5420 μαργαρίτας,

2102 5430 2193 5489 xui
2214 5429 2308 5501 τὴν
2342 5430 2509 5504 ἄλλην
2544 5431 2833 5509 βλακείαν;
2871 5428 3069 5504 ,Ἔνθεν
3093 5428 3184 5488 xui
3213 5431 3284 5494 εἰς
3329 5427 3536 5488 ἀδικίαν
3560 5449 3692 5486 συν-

1782 5564 1976 5624 Variae
2020 5565 2304 5625 lectiones
2318 5609 2330 5623 .

460 5702 503 5735 3"
533 5701 976 5778 προσκολλώμενοι
1003 5723 1056 5763 0.
1135 5704 1177 5742 ³⁵
1198 5703 1481 5778 ὀφείλοντες
1506 5708 1630 5763 πάνυ
1657 5708 1843 5780 σφόδρα
1869 5724 1923 5766 ο.
2003 5708 2047 5743 ⁶⁴³
2084 5707 2218 5780 αὖτῷ
2247 5725 2302 5765 ο.
