2045 3210
212 177 263 204 653

641 176 819 206 EXPOSITIO
838 176 872 206 IN
892 177 997 206 EPIST.
1015 178 1025 205 1
1043 177 1090 206 ΑΙ)
1108 177 1188 207 COR.
1204 194 1240 201 —
1257 180 1334 208 CAP.
1354 179 1412 208 VII.

1810 183 1861 210 65b

212 240 345 269 ωθοῢνται
357 239 513 286 οῖ-ἐλεεινοὶ
526 239 617 281 ἄνδρες
637 239 683 269 καὶ
704 239 885 281 ψυχοϐλαϐεῖς
903 240 1010 277 διοική-

1065 240 1155 277 dium,
1169 242 1308 279 praecipue
1322 250 1386 271 cum
1394 241 1529 278 ejusmodi
1544 241 1590 277 sit,
1605 249 1668 279 quae
1683 246 1783 272 ornatu
1793 244 1863 273 dele-

214 295 268 318 σεις
284 284 462 325 πραγμάτων.

251 429 266 447 α
283 417 455 459 Μιμίρισται
469 421 486 456 ἦ
502 417 567 458 γυνὴ
578 419 624 449 καὶ
642 421 658 455 ἡ
674 419 813 460 παρθένος.
832 430 846 449 ιι
863 420 1001 457 Τουτέστι,

210 462 378 504 διαφέρουσιν
391 464 516 500 ἀλλήλων
525 487 533 501 ,
545 464 591 494 καὶ
610 465 639 494 οὗ
652 463 700 500 τὴν
715 464 798 500 αὐτὴν
814 466 904 505 ἔχουσι
927 476 1008 505 φρον-

209 507 285 548 τίδα,
301 508 372 538 ἀλλὰ
388 510 584 550 μεμερισμέναι
607 509 659 539 εἰσὶ
684 514 741 542 ταῖς
757 510 884 543 σπουδαῖς
901 520 907 527 ⁸
923 511 969 540 καὶ
990 512 1006 546 ἡ

209 552 257 592 μὶν
274 553 335 593 περὶ
355 552 425 583 ἄλλα
447 553 590 589 σπουδάζει
602 578 610 594 ,
637 556 653 590 ἡ
678 554 704 583 δὲ
721 554 782 594 περὶ
801 555 870 584 ἄλλα
889 566 895 573 ·
913 554 1007 595 διαφέ-

210 608 284 638 ρουσι
298 598 326 628 δὲ
342 599 370 627 αἱ
391 598 526 639 φροντίδες
542 599 650 637 αὖταῖς,
673 599 719 629 καὶ
745 599 783 628 δεῖ
799 599 952 639 ἐκλέγεσθαι
974 599 1007 629 τὰ

207 642 320 683 κρείττω
333 643 380 673 καὶ
396 644 551 684 ἄπονώτερα
567 644 604 674 ⁸⁷.

254 743 268 762 ιι
281 732 317 764 Ἱῐ
333 733 436 774 ἄγαμος
455 738 573 775 μεριμνᾷ
587 735 621 764 τὰ
638 737 684 765 τοῦ
701 734 800 774 Κυρίου
814 758 822 774 ,
846 737 902 768 πῶς
919 734 1006 775 ἂρέσει

209 779 247 819 τῷ
263 779 373 819 Κυρίῳ,
388 778 432 809 ἵνα
484 779 547 818 ἁγία
567 779 612 809 καὶ
627 779 731 818 σώματι
752 780 797 809 καὶ
818 780 952 819 πνεύματι
968 792 973 798 ·
989 782 1006 816 ἡ

209 823 237 853 δὲ
249 823 413 863 γαμήσασα,
428 829 545 865 μεριμνᾷ
556 824 591 854 τὰ
606 828 651 854 τοῦ
662 825 776 863 κόσμου,
791 827 848 859 πῶς
864 825 953 865 ἆρέσει
970 827 1007 865 τῷ

209 868 294 908 ἀνδρί,
315 880 329 897 ι
356 870 416 900 Οὐκ
440 871 516 909 ἀρκεῖ
541 869 646 908 σώματι
673 865 740 900 εἶναι
760 870 855 909 ἁγίαν,
876 870 944 900 ἀλλὰ
969 871 1007 899 δεῖ

1062 294 1164 322 ctatur,
1188 293 1216 317 et
1230 295 1342 322 aurum,
1368 287 1541 324 margaritas,
1564 287 1703 324 aliamque
1716 288 1862 318 mollitiem

1063 334 1165 371 expetit
1180 333 1277 361 Pﬂinc
1290 332 1384 360 miseri
1398 332 1488 360 mariti
1502 331 1538 360 ad
1549 331 1729 368 iniquitatem,
1745 333 1861 362 animm-

1065 388 1118 417 que
1129 379 1224 407 noxias
1245 385 1339 406 rerum
1352 375 1602 405 administrationes
1614 377 1805 413 impelluntur.

1100 426 1191 453 Vens.
1206 426 1251 451 34.
1274 434 1286 446 «
1296 421 1397 450 Divisae
1410 425 1474 450 sunt
1488 429 1558 449 uxor
1572 426 1600 450 et
1613 421 1698 457 virgo.
1708 433 1721 446 η
1735 423 1797 450 Hoc
1809 426 1859 458 est,

1066 469 1148 505 164
1162 468 1296 496 differunt
1305 468 1379 495 inter
1392 475 1422 495 se
1435 471 1542 501 mutuo,
1557 475 1608 495 nec
1620 467 1720 495 habent
1732 468 1862 496 sollicitu-

1063 514 1167 548 dinem,
1188 513 1237 541 sed
1258 512 1355 540 divisa:
1368 516 1434 540 sunt
1448 511 1474 539 in
1498 512 1596 540 studiis
1619 512 1675 539 suis
1691 523 1697 540 :
1714 516 1797 548 atque
1810 513 1861 541 ista

1063 559 1176 595 quidem
1206 558 1240 586 de
1263 557 1321 585 aliis
1346 561 1387 585 est
1409 557 1535 591 sollicita,
1563 557 1608 584 illa
1637 564 1702 584 vero
1727 557 1761 585 de
1775 557 1859 586 aliis:

1061 603 1175 632 diversae
1191 607 1283 631 autem
1295 606 1360 630 sunt
1373 601 1515 638 utriusque
1527 609 1601 630 cura
1614 611 1621 628 :
1637 610 1669 629 ea
1692 602 1782 638 itaque
1797 610 1860 638 qua:

1062 648 1254 685 praestantiora
1270 651 1345 683 sunt,
1358 650 1386 675 et
1400 647 1491 675 minus
1505 646 1610 675 habent
1634 647 1744 682 laboris,
1758 647 1862 683 eligen-

1062 693 1096 722 da
1116 698 1190 721 sunt.

1100 750 1112 763 α
1131 740 1248 774 lnnupta
1261 737 1363 773 cogitat
1373 745 1436 773 quae
1448 741 1512 765 sunt
1523 736 1645 769 Domini,
1657 736 1797 773 quomodo
1807 737 1862 774 pla-

1063 788 1123 811 ceat
1135 784 1270 816 Domino,
1281 786 1310 810 ut
1320 782 1457 810 sitsancta
1471 786 1496 809 et
1506 790 1623 818 corpore
1636 786 1663 810 et
1670 782 1776 818 spiritu.
1792 784 1861 819 Quae

1062 836 1127 856 vero
1142 828 1245 863 nupsit,
1260 827 1363 863 cogitat
1373 834 1435 863 qua:
1450 830 1518 854 sunt
1527 827 1636 860 mundi,
1649 827 1790 863 quomodo
1802 828 1861 863 pla-

1060 877 1119 901 ceat
1132 874 1199 900 viro.
1217 884 1229 896 υ
1241 873 1305 900 Non
1320 872 1384 899 satis
1398 875 1482 900 estut
1494 871 1571 907 virgo
1581 876 1673 899 sancta
1687 872 1724 900 sit
1734 879 1862 908 corpore,

208 912 257 942 καὶ
270 912 415 953 πνεύματι.
434 914 522 944 Τοῦτο
537 914 588 955 γὰρ
603 917 619 951 ἡ
640 915 740 951 ἀληθὴς
764 915 892 955 παρθενία
906 939 913 952 ,
928 918 945 951 ἡ
961 917 1007 951 τῆς

1063 926 1155 946 verum
1170 917 1254 945 etiam
1275 916 1381 953 spiritu.
1397 917 1458 944 Hoc
1469 916 1542 944 enim
1567 920 1609 944 est
1622 924 1684 944 vera
1703 916 1859 953 virginitas,

208 959 297 998 ψυχῆς
323 958 473 998 καθαρότης
487 969 494 977 ·
513 959 571 990 ἐπεὶ
596 960 694 989 πολλαὶ
716 960 746 989 τὸ
763 962 842 998 σῶμα
865 960 945 1000 ἁγναὶ
960 960 1006 989 καὶ

208 1003 354 1040 ἇμόλυντοι
375 1000 471 1043 οὖσαι,
501 1005 736 1044 χατεσπιλωμέναι
762 1005 813 1035 εἰσὶ
836 1005 882 1041 τὴν
903 1005 1003 1046 ψυχήν.

210 1046 291 1077 Ἀλλὰ
307 1049 353 1078 καὶ
367 1051 445 1079 τοῦτο
460 1049 572 1087 σκόπει,
597 1050 636 1080 ὅτι
661 1051 709 1080 οὐχ
727 1051 782 1080 ἔστι
798 1050 927 1090 παρθένος
942 1052 958 1086 ἡ
974 1050 1007 1079 τὰ

209 1095 256 1123 τοῦ
287 1092 390 1133 κόσμου
423 1097 591 1134 μεριμνῶσα.
625 1095 752 1125 Ἐπειδὰν
791 1093 834 1125 οὖν
860 1095 917 1134 ἴδῃς
948 1095 1007 1125 τινὰ

208 1139 353 1178 παρθενίαν
381 1140 630 1178 ἔπαγγελλομένην,
656 1142 827 1180 μεριμνῶσαν
852 1141 878 1170 δὲ
904 1140 938 1170 τὰ
962 1143 1007 1170 τοῦ

208 1182 329 1224 κόσμου,
351 1183 465 1223 γίνωσκε
478 1184 503 1202 ⁸⁸
524 1184 564 1214 ὅτι
578 1184 652 1214 οὐδὲν
673 1185 791 1226 διαφέρει
811 1188 857 1221 τῆς
873 1186 899 1215 ἐν
915 1186 1005 1225 γάμῳ.

209 1226 246 1258 Ὃ
270 1229 321 1268 γὰρ
343 1230 449 1263 Παῦλος
477 1228 552 1269 ὅρους
585 1230 743 1271 ἀμφοτέροις
766 1230 897 1268 τέθεικεν,
923 1230 949 1265 ἐξ
971 1226 1006 1259 ὧν

210 1272 442 1312 διαγινώσκονται,
470 1276 498 1304 οὗ
537 1274 623 1314 γάμον
662 1275 707 1304 χαὶ
735 1276 908 1315 ἐγκράτειαν,
939 1275 1007 1304 ἀλλὰ

209 1319 469 1359 πολυπραγμοσύνην
493 1319 545 1356 ξκαὶ
573 1320 783 1360 ἀπραγμοσύνην
809 1320 845 1350 σθ.
873 1320 962 1350 ιὨιττε
991 1321 1007 1357 ἡ

210 1362 431 1403 πολυπράγμων,
465 1365 494 1394 οὖ
521 1365 658 1404 παρθένος.
692 1368 817 1406 Μεριμνᾷ
844 1365 871 1394 δὲ
903 1364 948 1394 καὶ
990 1367 1006 1401 ἡ

209 1412 380 1447 γεγαμηχυῑα
403 1410 460 1442 πῶς
486 1409 576 1449 ἄρέσει
602 1412 640 1450 τῷ
669 1410 763 1450 ἀνδρί·
790 1410 871 1450 τυχὸν
892 1410 939 1448 μὲν
962 1409 1008 1439 καὶ

210 1452 322 1488 κάλλους
334 1454 531 1496 ἐπιμελουμένη
547 1465 553 1472 ’
567 1455 646 1496 τυχὸν
663 1456 707 1494 δὲ,
723 1455 768 1485 καὶ
781 1456 824 1485 διὰ
843 1455 873 1486 τὸ
889 1455 1008 1495 οἰκουρὸν

211 1497 296 1528 δοκεῖν
336 1494 404 1529 εἶναι
446 1499 567 1540 ἀγαθὴν,
599 1494 762 1540 Ἲᾶνελεήμων
805 1502 850 1531 καὶ
882 1494 1008 1542 φειδωλὸς

210 1542 368 1583 δεικνυμένη
373 1566 380 1575 .

252 1599 267 1617 ε
283 1589 373 1620 Τοῦτο
389 1590 417 1619 δὲ
438 1589 501 1629 πρὸς
525 1590 555 1620 τὸ
577 1592 651 1629 ὑμῶν
667 1592 752 1621 αὐτῶν
768 1591 902 1633 συμφέρον
917 1591 988 1630 λέγω
998 1614 1006 1630 ,

208 1633 260 1674 οὔχ
271 1633 316 1664 ἵνα
332 1634 428 1675 βρόχον
444 1635 506 1674 ὗμῖν
519 1635 650 1666 ἐπιϐάλω.
667 1650 679 1663 »
694 1636 764 1670 Τοὺς
779 1637 840 1677 περὶ
855 1637 1007 1676 παρθενίας,

208 1678 293 1720 φησὶ,
323 1679 417 1720 λόγους
446 1680 573 1717 ἐκίνησα,
614 1680 689 1715 εἰδὼς
718 1682 851 1723 συμφέρον
887 1684 949 1720 ὗμῖν
979 1681 1009 1711 τὸ

208 1728 340 1764 πρᾶγμα,
356 1725 400 1754 διὰ
414 1725 445 1755 τὸ
460 1726 558 1756 ἄλυπον
569 1748 577 1762 ,
594 1726 638 1756 καὶ
655 1727 817 1767 ἀμέριμνον,
829 1727 876 1757 καὶ
887 1729 1009 1767 ψυχωφε-

209 1768 332 1810 λέστερον
344 1781 351 1789 ·
370 1771 421 1811 οὐχ
439 1769 483 1800 ἵνα
501 1772 645 1810 ἀναγκάσω
665 1775 747 1811 ὓμᾶς,
763 1772 809 1802 καὶ
824 1772 861 1810 μὴ
875 1772 1008 1808 θέλοντας,

209 1814 379 1855 παρθενεύειν
394 1825 401 1831 ·
426 1815 522 1856 βρόχον
534 1816 585 1857 γὰρ
599 1816 647 1853 τὴν
664 1818 782 1856 ἀνάγκην
799 1817 947 1855 ὠνόμασεν.

255 1859 366 1890 «Ἀλλᾶ
392 1860 457 1901 πρὸς
483 1861 513 1890 τὸ
539 1860 675 1901 εὔσχημον
704 1862 749 1891 καὶ
780 1863 942 1902 εὐπάρεδρον
971 1863 1008 1902 τῷ

211 1904 304 1946 Κυρίῳ
329 1905 546 1946 ἀπερισπάστως.
565 1919 580 1935 n
604 1906 683 1942 Ἵνα,
701 1908 795 1946 φησὶν,
818 1907 1009 1947 εὐσχημόνως,

209 1948 256 1978 καὶ
280 1950 306 1979 ἐν
329 1951 490 1990 καθαρότητι
514 1953 576 1987 ζ’ἧτε
601 1952 642 1992 (τί
665 1952 716 1993 γὰρ
739 1952 880 1993 παρθενίας
905 1953 1009 1992 adcr/3r,—

211 1993 370 2034 μονέστιρον
399 1996 445 2025 καὶ
470 1996 693 2036 χαθαρώτερονς)
732 1998 778 2027 καὶ
807 1996 849 2026 ἵνα
880 1997 1009 2036 ἐλεύθεροι

209 2037 283 2074 ὄντες
307 2040 361 2069 τῶν
387 2042 431 2070 τοῦ
448 2040 536 2080 γάμου
550 2041 689 2081 ὅχλήσεων
702 2065 711 2080 ,
742 2042 950 2082 ἀπερισπάστως
971 2044 1010 2082 τῷ

209 2083 303 2125 Κυρίῳ
317 2084 459 2122 δουλεῦητε
479 2086 525 2115 καὶ
541 2087 613 2126 αὐτῷ
638 2086 821 2127 παρεδρεύητε
834 2087 869 2124 ⁷ο,
879 2086 944 2124 ὅλην
960 2087 1008 2123 τὴν

211 2127 343 2168 μέριμναν
357 2131 400 2159 ἐπ’
417 2129 495 2160 αὐτὸν
513 2131 695 2170 μετατιθέντες
709 2132 746 2162 ⁷⁸.

254 2183 270 2202 ¢
287 2173 320 2204 Εἰ
350 2173 378 2204 δέ
397 2187 436 2217 τις
455 2176 616 2216 ἀσχημονεῖν
644 2176 688 2205 ἐπὶ
713 2175 761 2212 τὴν
777 2176 905 2217 παρθένον
930 2178 1010 2206 αὑτοῦ

210 2217 330 2256 νομίζει,
355 2219 401 2248 ἐὰν
451 2215 622 2259 ὺπέραχμος,
646 2220 710 2259 (καὶ
725 2220 807 2256 οὕτως
819 2215 919 2261 ὄφείλει
934 2221 1006 2260 γίνε-

1062 963 1162 991 anima:
1177 962 1310 989 nimirum
1320 961 1432 997 puritas.
1442 962 1516 989 Nam
1524 961 1618 989 multa:
1627 969 1740 997 corpore
1748 961 1862 997 quidem

1061 1012 1144 1036 castae
1159 1011 1185 1035 et
1205 1007 1366 1042 impolluta),
1383 1006 1474 1034 anima
1487 1006 1682 1034 contaminatae
1698 1011 1773 1034 sunt.
1789 1007 1862 1035 Prae-

1060 1057 1145 1087 terea,
1168 1056 1197 1080 et
1220 1052 1290 1080 istud
1306 1051 1454 1087 perpende,
1476 1051 1551 1087 quod
1573 1051 1617 1079 illa
1631 1059 1688 1079 non
1703 1056 1745 1079 est
1770 1051 1860 1088 virgo,

1063 1105 1125 1134 qua:
1137 1105 1180 1125 res
1194 1101 1271 1124 curat
1299 1096 1467 1124 mundanas.
1493 1097 1563 1124 Cum
1592 1096 1675 1132 igitur
1690 1096 1862 1132 conspexeris

1062 1142 1230 1178 quampiam,
1244 1149 1305 1177 qum
1327 1141 1484 1169 castitatem
1500 1141 1574 1169 v0vit
1587 1162 1595 1175 ,
1620 1141 1735 1169 sollicite
1751 1141 1862 1169 incum-

1062 1186 1173 1215 bentem
1183 1186 1266 1214 rebus
1281 1186 1388 1218 mundi,
1411 1185 1520 1213 noveris
1533 1194 1596 1213 eam
1608 1193 1622 1213 a
1638 1186 1782 1222 conjugala
1793 1185 1861 1213 nihil

1063 1231 1227 1267 discrepare.
1243 1232 1314 1258 Nam
1332 1230 1431 1258 Paulus
1446 1230 1514 1258 ﬁnes
1528 1231 1653 1266 utrisque
1682 1230 1784 1266 posuit,
1801 1231 1863 1266 qui-

1062 1278 1114 1306 bus
1128 1278 1338 1314 dignoscantur,
1354 1285 1408 1305 non
1423 1281 1495 1305 certe
1507 1276 1715 1305 matrimonium
1729 1281 1756 1305 et
1774 1277 1863 1305 conti-

1062 1325 1199 1358 nentiam,
1211 1324 1258 1352 sed
1270 1324 1458 1352 curiositatem
1472 1328 1499 1352 et
1508 1324 1744 1359 tranquillitatem.
1761 1326 1865 1360 Quare,

1063 1379 1124 1408 quae
1137 1370 1217 1400 variis
1231 1371 1347 1408 negotiis
1359 1379 1389 1398 se
1409 1371 1543 1406 implicat,
1562 1371 1638 1407 virgo
1659 1379 1716 1399 non
1728 1376 1778 1399 est.
1795 1373 1864 1407 Quae

1063 1420 1157 1444 autem
1170 1421 1257 1452 nupta
1276 1419 1328 1448 est,
1353 1415 1468 1443 sollicita
1483 1419 1524 1442 est
1537 1415 1677 1451 quomodo
1691 1416 1790 1443 marito
1806 1416 1865 1451 pla-

1063 1465 1137 1495 ceat;
1162 1460 1282 1488 formam
1300 1460 1414 1488 fortasse
1432 1468 1544 1494 curans,
1566 1460 1605 1488 vel
1623 1459 1720 1488 forsan
1747 1465 1778 1488 ut
1792 1460 1865 1489 bona

1066 1505 1276 1534 materfamilias
1287 1505 1421 1540 videatur,
1433 1513 1462 1533 se
1470 1505 1713 1533 immisericordem
1719 1509 1745 1533 et
1757 1513 1865 1541 parcam

1027 1541 1049 1573 C
1064 1550 1223 1579 ostendens.

1100 1597 1192 1624 Vnus.
1210 1599 1251 1624 35.
1266 1608 1278 1620 τι
1288 1598 1375 1625 Porro
1388 1595 1440 1623 hoc
1452 1594 1486 1623 ad
1499 1594 1647 1623 utilitatem
1660 1598 1780 1623 vestram
1791 1594 1865 1630 dico,

1063 1648 1118 1669 non
1131 1645 1162 1669 ut
1176 1641 1306 1677 laqueum
1322 1640 1400 1669 vobis
1410 1639 1540 1676 injiciam.
1554 1651 1568 1665 ιι
1585 1642 1626 1668 De
1640 1640 1795 1676 virginitate
1811 1648 1867 1668 ser-

1064 1693 1174 1713 monem
1198 1686 1283 1720 movi,
1310 1693 1370 1713 rem
1396 1685 1477 1713 istam
1496 1685 1573 1713 vobis
1592 1685 1747 1713 conducere
1762 1685 1863 1719 sciens,

1065 1732 1140 1768 quod
1155 1740 1279 1761 maerore
1293 1732 1534 1768 sollicitudineque
1546 1736 1649 1765 careat,
1661 1732 1814 1768 animmque
1826 1733 1862 1760 sit

1028 1801 1033 1803 κ
1064 1777 1158 1805 utilior
1175 1787 1181 1805 ε
1201 1785 1259 1805 non
1279 1781 1309 1805 ut
1321 1784 1419 1813 cogam
1435 1784 1481 1804 vos
1494 1776 1594 1804 invitos
1605 1776 1632 1804 in
1652 1777 1778 1805 caelibatu
1798 1785 1860 1813 per-

1064 1832 1179 1852 manere
1193 1834 1199 1851 :
1215 1832 1280 1852 nam
1299 1824 1490 1852 necessitatem
1499 1823 1629 1859 laqueum
1649 1823 1813 1851 nominavit.

1103 1882 1115 1895 ει
1131 1871 1184 1899 Sed
1192 1871 1224 1899 ad
1234 1870 1260 1898 id
1272 1870 1345 1907 quod
1355 1870 1506 1898 honestum
1517 1874 1570 1903 est,
1584 1874 1612 1898 et
1623 1874 1654 1898 ut
1668 1870 1788 1898 Domino
1800 1871 1868 1899 assi-

1064 1915 1162 1948 deatis,
1179 1916 1216 1943 ita
1229 1919 1259 1943 ut
1271 1915 1304 1943 ab
1311 1923 1342 1943 eo
1351 1915 1429 1943 avelli
1445 1915 1601 1950 nequeatis.
1620 1924 1634 1941 »
1645 1915 1696 1948 Ut,
1708 1915 1806 1950 inquit,
1819 1915 1868 1943 ho-

1063 1964 1138 1988 neste
1149 1964 1177 1988 et
1193 1960 1220 1987 in
1239 1960 1357 1996 puritate
1373 1960 1471 1987 vivatis
1485 1961 1494 1993 (
1515 1959 1581 1995 quid
1605 1959 1681 1987 enim
1709 1959 1866 1995 virginitate

1064 2004 1208 2033 honestius
1220 2009 1247 2033 et
1256 2005 1350 2040 purius
1365 2005 1406 2037 9),
1419 2009 1446 2032 et
1461 2009 1516 2031 uta
1534 2004 1830 2039 nuptiarummolestiis
1840 2004 1866 2032 li-

1064 2049 1134 2082 beri,
1147 2051 1268 2078 Domino
1280 2050 1337 2077 sine
1350 2049 1404 2077 ulla
1417 2049 1598 2077 distractione
1613 2049 1736 2077 serviatis
1758 2049 1866 2085 ipsique

1064 2094 1215 2129 assideatis,
1232 2098 1320 2122 totam
1341 2102 1436 2122 curam
1459 2097 1580 2122 vestram
1595 2093 1624 2121 in
1643 2093 1735 2130 ipsum
1748 2094 1866 2123 transfe-

1064 2143 1154 2168 rentes
1159 2161 1164 2167 .

1099 2186 1192 2213 Vsus.
1211 2187 1255 2212 36.
1274 2195 1286 2208 α
1300 2184 1348 2212 Sin
1359 2183 1421 2220 quis
1437 2187 1515 2220 turpe
1529 2191 1588 2212 esse
1603 2187 1680 2220 putet
1690 2192 1774 2220 super
1783 2184 1867 2221 virgi-

1063 2236 1098 2257 ne
1113 2237 1174 2264 sua,
1201 2230 1224 2257 si
1241 2229 1325 2257 fuerit
1339 2228 1527 2264 superadulta,
1554 2232 1582 2256 et
1605 2228 1643 2256 sic
1662 2233 1774 2264 oportet
1795 2230 1865 2263 ﬁeri,

211 2261 304 2302 σθαι),
319 2262 334 2292 8
345 2263 428 2301 θέλει,
440 2265 559 2301 ποιείτω,
572 2265 621 2306 οὐχ
635 2265 793 2305 ἁμαρτάνει·
809 2266 990 2305 γαμείτωσαν.
1001 2280 1012 2292 ιι

212 2306 251 2317 ’3.
384 2309 391 2317 1
445 2311 453 2317 ι
477 2312 485 2317 Α
522 2309 529 2317 \
572 2309 584 2317 Δ
639 2312 655 2317 μ
676 2311 688 2317 ιι
765 2310 771 2317 ι
817 2311 828 2317 Α
851 2311 857 2317 ι

1068 2274 1144 2311 quod
1160 2261 1228 2308 vult,
1243 2274 1335 2308 faciat,
1351 2261 1406 2301 non
1423 2261 1525 2309 peccat,
1543 2261 1710 2301 contrahant
1724 2261 1866 2303 matrimo;

212 2306 251 2337 Εἴ
262 2319 317 2344 τις,
329 2309 421 2349 φησὶν,
439 2309 549 2351 ἀσθενὴς
569 2309 606 2339 ὢν
620 2312 658 2351 τῷ
673 2311 728 2340 ὄντι
745 2310 792 2347 τὴν
815 2311 931 2340 διάνοιαν
941 2335 948 2348 ,
965 2322 1008 2341 νο-

213 2351 284 2396 μίζει
308 2353 434 2393 ἄσχημον
460 2349 527 2384 εἶναι
551 2354 581 2384 τὸ
606 2349 735 2396 παρθένον
762 2355 831 2396 ἔχειν
860 2355 1009 2396 θυγατέρα,

212 2394 259 2426 καὶ
275 2400 359 2427 ταῦτα
373 2398 409 2436 ⁷³,
424 2398 577 2439 ὗπέρακμον
598 2395 678 2429 οὖσαν
692 2410 698 2417 ·
717 2401 848 2440 γενέσθω,
872 2401 950 2441 φησὶ,
966 2401 1011 2430 καὶ

212 2440 293 2472 οὕτω.
309 2444 392 2481 Πῶς;
423 2457 436 2470 «ι
448 2442 487 2474 εὉ
501 2446 586 2481 θέλει,
608 2445 717 2475 ποιείτω
733 2456 739 2463 ·
756 2459 770 2475 »
794 2440 945 2482 τουτέστιν,
966 2446 1011 2475 ἐὰν

212 2485 276 2526 θέλῃ
290 2487 380 2517 δοῦναι
395 2488 479 2524 αὐτὴν
495 2490 584 2529 ἀνδρὶ,
608 2490 675 2520 δότω
685 2503 691 2509 ⁸
712 2492 761 2530 οὔχ
777 2491 925 2531 ἁμαρτάνει
946 2491 1008 2531 γάρ.

213 2531 292 2568 Πλὴν
306 2537 425 2572 κρεῖττον
440 2532 471 2563 τὸ
484 2534 615 2575 παρθένον
629 2540 718 2576 τηρεῖν
730 2558 738 2575 ,
757 2537 792 2570 ὡς
807 2536 863 2572 ἑξῆς
877 2536 960 2576 λέγει.

260 2621 340 2668 ᾳ⁶ος
355 2623 383 2654 δὲ
405 2623 516 2662 ἕστηκεν
535 2626 637 2666 ἑδραῖος
653 2628 679 2657 ἐν
704 2629 737 2666 τῇ
754 2627 850 2668 καρδίᾳ
861 2650 868 2663 ,
889 2627 926 2665 μὴ
942 2627 1011 2668 ἔχων

214 2666 354 2712 ἀνάγκην,
375 2668 493 2704 ἐξουσίαν
509 2670 536 2700 δὲ
553 2670 608 2710 ἔχει
624 2671 685 2712 περὶ
703 2675 748 2701 τοῦ
770 2666 1013 2711 ἰδίου-θελήματος,

214 2711 362 2743 καὶτοῦτο
389 2714 510 2756 κέκρικεν
538 2716 565 2746 ἐν
593 2718 626 2756 τῇ
662 2711 763 2757 νκαρδίᾳ
798 2718 894 2755 αὑτοῦ,
925 2722 1013 2757 τηρεῖν

1064 2320 1154 2347 nium.
1178 2320 1226 2347 »δί
1243 2319 1424 2355 quis,inquit,
1441 2326 1535 2346 revera
1553 2318 1698 2345 imbecillis
1709 2317 1867 2354 intelligen-

1067 2364 1124 2398 tite,
1142 2368 1221 2400 turpe
1234 2372 1293 2391 esse
1310 2367 1430 2396 censeat,
1453 2363 1539 2390 ﬁliam
1557 2371 1635 2390 suam
1649 2363 1782 2399 virginem
1798 2364 1867 2391 reti-

1067 2417 1141 2441 nere,
1154 2408 1307 2444 praesertim
1320 2416 1381 2443 quae
1392 2408 1482 2435 artatis
1489 2408 1584 2435 ﬂorem
1593 2407 1733 2443 praeteriit,
1748 2408 1818 2441 Fiat,
1828 2408 1867 2436 in-

1067 2453 1134 2489 quit,
1149 2453 1197 2481 sic.
1213 2453 1360 2489 Quomodo
1376 2455 1387 2481 ἓ
1404 2464 1416 2476 ει
1433 2452 1514 2487 Quod
1530 2452 1587 2480 vult
1605 2452 1685 2480 faciat
1699 2461 1706 2480 :
1720 2464 1732 2477 ν
1746 2452 1799 2480 hoc
1812 2458 1865 2487 est,

1066 2497 1088 2526 si
1101 2498 1163 2526 velit
1175 2506 1236 2526 eam
1246 2497 1355 2525 tradere
1365 2497 1475 2530 marito,
1484 2497 1591 2530 tradat;
1606 2505 1662 2525 non
1670 2497 1744 2525 enim
1755 2502 1863 2533 peccat.

1066 2543 1263 2571 Verumtamen
1280 2542 1377 2570 melius
1392 2546 1434 2570 est
1448 2541 1578 2578 virginem
1606 2549 1724 2576 servare,
1737 2542 1868 2577 quemad-

1066 2588 1182 2615 modum
1197 2587 1326 2622 deinceps
1339 2587 1413 2615 dicit.

1103 2634 1191 2661 Vsns.
1219 2635 1318 2660 37-38.
1340 2643 1351 2656 τι
1370 2631 1421 2667 Qui
1437 2635 1528 2659 autem
1545 2634 1600 2659 stat
1611 2630 1709 2659 ﬁrmus
1733 2631 1761 2659 in
1782 2631 1867 2660 corde

1069 2685 1131 2711 suo,
1145 2686 1200 2705 non
1215 2677 1319 2705 habens
1340 2677 1544 2708 necessitatem,
1560 2678 1695 2711 potestate
1709 2681 1803 2704 autem
1819 2676 1870 2705 ha-

1070 2722 1136 2749 bens
1149 2723 1266 2758 propria:
1279 2721 1437 2753 voluntatis,
1447 2725 1529 2756 atque
1537 2720 1590 2749 hoc
1606 2720 1739 2757 judicavit
1751 2721 1778 2749 in
1788 2721 1871 2749 corde

931 2758 1028 2788 Variae
1049 2758 1202 2789 lectiones.

251 2792 273 2810 ‘7
289 2792 342 2835 ,τὴν
367 2795 470 2830 κρείττω
495 2796 537 2822 καὶ
554 2795 723 2833 ἆπονωτέραν.
761 2796 783 2815 6⁸
813 2796 874 2826 ἴσθι,
899 2806 926 2826 ο.
966 2798 987 2815 ⁸³
1014 2798 1190 2835 ἀκτημοσῦνην
1217 2806 1243 2827 0.
1283 2798 1305 2815 π’
1329 2796 1508 2834 προσεδρεῦητι
1537 2805 1563 2826 ο.

215 2832 238 2850 ἹΙ
250 2834 343 2869 ταύτην
360 2843 389 2864 ο.

1615 2796 1635 2814 τί
1661 2796 1814 2829 ἀνατιθέντες
1843 2805 1870 2825 ο.
