4090 6420
364 377 468 428 655
1311 335 1315 339 ’
1381 371 1896 430 THEOPHYLACTI
1938 369 2299 427 BULGARIIE
2338 365 2648 424 ARCHIEP.
3562 359 3666 413 ese

361 514 485 565 suo,
523 511 737 554 servare
783 512 942 554 suam
991 497 1289 571 virginem,
1337 497 1476 556 bene
1530 498 1678 556 facit.
1711 499 1884 572 Igitur
1909 507 1962 554 et

2069 495 2164 568 τὴν
2209 497 2402 554 ἑαυτοῦ
2447 491 2738 574 παρθένον,
2799 490 2976 557 καλῶς
3017 491 3179 548 ποιεῖ.
3238 483 3417 546 σΩστε
3480 483 3574 542 καὶ
3635 485 3663 541 6

365 587 456 653 qui
493 585 850 644 matrimonio
887 586 1048 659 165
1070 587 1258 660 jungit
1311 587 1577 661 virginem
1601 605 1780 658 suam,
1819 589 1958 644 bene

2070 585 2370 664 ἐκγαμίζων
2390 629 2407 662 ,
2437 585 2611 650 καλῶς
2639 581 2780 640 ποιεῖ
2811 603 2824 617 ·
2855 582 2884 638 6
2917 577 2970 638 δὲ
3016 579 3092 656 μή
3120 574 3457 664 ἐκγαμίζων,
3478 581 3664 664 κρεῖτ-

364 675 529 734 facit:
567 676 665 749 qui
700 691 830 732 vero
858 692 970 732 non
991 677 1196 748 jungit,
1239 678 1437 734 melius
1467 677 1610 735 facit.
1645 701 1670 727 ιι
1702 679 1961 746 Observa,

2070 662 2159 734 τον
2211 662 2368 735 ποιεῖ.
2415 695 2446 732 ι)
2505 671 2654 752 Ὅρα
2692 674 2805 737 πῶς
2853 671 2912 728 ἐκ
2944 666 3236 748 προοιμίων
3281 663 3537 740 θαυμάζει
3579 662 3667 722 τὸν

368 765 654 838 quomodo
681 765 870 822 statim
891 765 960 822 ab
991 766 1150 822 initio
1179 765 1478 823 admiretur
1501 783 1630 824 eum
1661 767 1757 840 qui
1785 775 1965 823 servet

2072 769 2334 844 τηροῦντα
2365 761 2530 834 αὐτὴν
2578 750 2874 840 παρθένον,
2909 758 3117 837 ἑδραῖον
3167 754 3326 814 αὐτὸν
3369 753 3462 812 καὶ
3497 750 3669 844 βεϐη-

368 871 528 912 suam
563 855 853 929 virginem,
881 855 1139 912 stabilem
1182 855 1362 928 ipsum
1393 865 1447 913 et
1491 857 1715 914 ﬁrmum
1739 872 1962 926 vocans,

2073 840 2203 913 κότα
2251 853 2456 925 καλῶν,
2487 849 2578 910 καὶ
2623 851 2674 908 ἐν
2717 848 2886 926 κρίσει
2921 846 2955 905 ἃ
2985 854 3122 904 ποιεῖ
3151 850 3424 905 ποιοῖντα.
3481 866 3510 897 ιι
3557 840 3668 902 Κέ-

371 952 430 1001 et
454 960 580 1000 cum
595 945 804 1017 judicio
832 953 1082 1017 agentem
1099 960 1223 1017 quis
1243 946 1374 1015 agit.
1397 969 1422 996 ε
1447 945 1720 1002 Judicavit
1738 969 1762 994 ιι
1793 946 1963 1012 enim,

2073 965 2222 1022 κρικε
2253 964 2282 999 n
2341 944 2462 1021 γὰρ,
2521 939 2718 1020 φησὶν,
2774 959 2802 994 (ι
2854 939 2907 996 ἐν
3081 934 3297 1014 καρδίᾳ.
3348 953 3378 990 n
3413 930 3585 1022 ⁶ᾩστε
3641 933 3669 988 6

372 1033 568 1107 inquit,
597 1057 622 1082 υ
655 1035 707 1089 in
737 1033 904 1091 corde
928 1050 1056 1091 suo.
1116 1058 1140 1084 ιι
1164 1037 1353 1108 Itaque
1395 1035 1492 1108 qui
1518 1036 1786 1108 virginem
1811 1050 1969 1090 suam

2075 1019 2541 1111 ἐκγαμίζων,νοῦχ
2567 1029 2791 1100 ἕστηκεν
2824 1027 3049 1106 ἑδραῖος.
3081 1024 3161 1084 Τὸ
3205 1023 3298 1096 δὲ,
3336 1049 3360 1075 α
3404 1020 3498 1093 Μὴ
3531 1019 3669 1100 ἔχων

375 1123 572 1196 nuptui
612 1125 796 1193 tradit,
812 1140 926 1180 non
951 1131 1058 1181 stat
1095 1124 1312 1180 ﬁrmus.
1343 1125 1496 1182 Istud
1522 1134 1706 1182 autem
1743 1144 1754 1180 :
1791 1149 1815 1174 «ι
1841 1127 1966 1182 Non

2078 1123 2344 1199 ἀνάγκην,
2374 1142 2402 1177 ι)
2437 1125 2590 1177 τοῦτο
2617 1120 2801 1192 δηλοῖ,
2849 1115 2927 1174 ὅτι
2959 1111 3198 1182 ἐξουσίαν
3228 1112 3456 1193 ἔχειτοῦ
3493 1111 3673 1168 δοῦναι

377 1212 589 1269 habens
629 1213 1033 1281 necessitatem,
1063 1237 1088 1261 ιι
1131 1214 1403 1286 signiﬁcat
1448 1213 1598 1286 quod
1643 1221 1969 1285 postetatem

2077 1212 2213 1291 αὐτῇ
2259 1209 2455 1288 ἄνδρα,
2503 1205 2595 1265 καὶ
2638 1207 2806 1272 οὐδεὶς
2851 1207 2880 1263 6
2927 1203 3240 1281 ἀναγκάζων
3285 1201 3335 1248 7³
3372 1201 3448 1278 μὴ
3493 1201 3673 1291 δοΐξναι

376 1301 575 1358 habeat
593 1310 656 1357 ut
677 1301 771 1358 det
789 1302 981 1375 virgini
1024 1318 1138 1359 suae
1167 1303 1450 1370 maritum,
1472 1319 1654 1376 neque
1676 1304 1970 1376 quisquam

2079 1288 2236 1378 αὖτ’ᾕ.
2273 1298 2442 1357 υΩσίιτ
2493 1295 2769 1376 φιλοτιμία
2801 1295 2945 1374 αὐτῷ
2975 1297 3088 1352 ἐστι
3116 1291 3176 1350 τὸ
3204 1298 3386 1371 τηρεῖν
3415 1288 3672 1367 παρθένον

375 1390 450 1446 sit
475 1390 566 1464 qui
600 1398 757 1464 cogat
777 1407 906 1448 eum
945 1407 1014 1448 ne
1037 1391 1149 1448 det.
1181 1393 1380 1449 Honor
1403 1393 1589 1464 itaque
1608 1393 1724 1466 ejus
1747 1401 1829 1448 est
1861 1408 1972 1448 ser-

2079 1389 2174 1459 τὴν
2207 1386 2504 1466 θυγατέρα,
2537 1384 2631 1445 καὶ
2679 1385 2766 1444 διὰ
2810 1391 2962 1444 τοῦτο
3006 1384 3319 1440 ἐπαινεῖται.
3352 1407 3375 1433 ‹‹
3419 1381 3609 1444 Καλῶς
3643 1404 3667 1430 ι

379 1495 508 1535 vare
563 1479 734 1536 ﬁliam
779 1480 1067 1550 virginem,
1092 1496 1324 1553 eamque
1370 1481 1444 1537 ob
1497 1497 1616 1537 rem
1671 1481 1968 1536 laudatur:

2080 1477 2215 1558 γὰρ,
2245 1476 2372 1558 φησὶ
2394 1521 2410 1552 ,
2451 1497 2480 1534 ιι
2510 1475 2670 1536 ποιεῖ.
2708 1498 2734 1530 »
2789 1472 2980 1534 Καίτοι
3009 1471 3100 1530 καὶ
3133 1474 3160 1529 6
3197 1471 3501 1550 ἐκγαμίζων
3522 1513 3538 1540 ,
3573 1468 3676 1524 κᾶ-

381 1585 514 1626 nam
566 1587 595 1623 «
644 1573 790 1627 Bene
837 1570 982 1638 facit,
1029 1594 1054 1619 υ
1099 1571 1292 1644 inquit.
1341 1571 1449 1628 Sed
1488 1580 1544 1628 et
1570 1571 1682 1640 ille,
1713 1571 1809 1642 qui
1844 1587 1971 1626 eam

2082 1571 2248 1634 κεῖνος
2275 1569 2450 1632 καλῶς
2478 1574 2638 1626 ποιεῖ.
2688 1565 2770 1624 Οὐ
2801 1563 2903 1642 γὰρ
2936 1560 3176 1642 ἁμαρτία
3221 1561 3282 1620 τὸ
3323 1558 3631 1636 ἐκγαμίζειν
3665 1577 3678 1592 ⁸

378 1659 581 1732 nuptiis
631 1659 1015 1728 elocat,'bene
1060 1659 1214 1716 facit.
1266 1664 1405 1717 Nam
1455 1661 1671 1717 elocare
1724 1677 1839 1716 non
1889 1668 1974 1716 est

2082 1664 2188 1714 πᾶν
2233 1655 2289 1714 δὲ
2317 1653 2345 1713 ὃ
2370 1656 2468 1734 οὐχ
2499 1653 2766 1732 ἁμαρτία,
2797 1653 2970 1718 καλῶς
2997 1650 3222 1730 γίνεται.
3260 1646 3496 1709 Κάλλιον
3534 1645 3590 1704 δὲ
3621 1644 3680 1703 τὸ

377 1757 681 1820 peccatum.
732 1751 910 1806 Omne
962 1757 1150 1806 autem
1190 1750 1340 1822 quod
1389 1765 1506 1806 non
1539 1757 1625 1806 est
1653 1759 1967 1822 peccatum,

1583 1757 1625 1806 εἰ
1653 1759 1967 1822 peccatum,
2083 1744 2159 1823 μὴ
2193 1745 2492 1824 ἐκγαμίζειν
2518 1765 2531 1780 ⁸
2556 1742 2877 1823 κατόρθωμα
2906 1741 3008 1820 γάρ
3037 1742 3198 1802 ἐστιν.

376 1836 516 1894 bene
545 1837 625 1893 ﬁt.
675 1837 870 1894 Melius
909 1853 1036 1895 vero
1080 1846 1163 1895 est
1206 1854 1317 1896 non
1336 1839 1585 1896 elocare:
1617 1840 1791 1896 virtus
1827 1839 1973 1895 enim
2003 1836 2052 1898 B

378 1935 478 1983 est.

457 2020 642 2074 Vens.
680 2024 768 2086 39,
821 2021 909 2074 40.
977 2041 1001 2066 ι
1034 2017 1226 2075 Mulier
1253 2019 1471 2092 alligata
1513 2027 1598 2076 est
1621 2019 1729 2092 legi
1759 2026 1972 2091 quanto

2170 2037 2202 2070 α
2250 2012 2321 2075 Ἦ
2367 2011 2496 2092 γυνὴ
2527 2011 2732 2072 δέδεται
2783 2009 2963 2092 νόμῳ,
3013 2012 3092 2090 ἐφ’
3135 2009 3256 2070 ὅσον
3295 2007 3481 2090 χρόνον
3537 2010 3600 2087 ζῇ
3655 2008 3683 2064 ὁ

374 2113 625 2179 tempore
673 2107 808 2163 vivit
861 2107 1098 2164 maritus
1143 2107 1260 2180 ejus
1301 2129 1311 2164 :
1351 2109 1394 2163 si
1447 2116 1635 2164 autem
1683 2107 1976 2164 dormierit

2087 2102 2221 2184 ἀνὴρ
2253 2105 2414 2184 αὐτῆς
2447 2121 2460 2137 ⁸
2507 2103 2597 2160 ἐὰν
2630 2102 2683 2160 δὲ
2719 2107 2950 2182 κοιμηθῇ
2993 2104 3020 2159 ὁ
3053 2099 3186 2180 ἀνὴρ
3213 2100 3399 2176 αὐτῆς,
3435 2097 3685 2175 ἐλευθέρα

375 2196 613 2252 maritus
643 2196 783 2267 ejus,
816 2195 984 2252 libera
1013 2205 1095 2252 est
1127 2204 1190 2252 ut
1216 2197 1301 2253 cui
1328 2196 1443 2252 vult
1470 2197 1667 2266 nubat;
1717 2197 1885 2254 modo
1918 2197 1974 2252 in

2087 2183 2228 2251 ἐστὶν
2253 2183 2296 2273 ᾧ
2326 2190 2450 2271 θέλῃ
2479 2191 2830 2272 [υιιιρρλει]
2854 2194 3180 2269 γαμηθῆναι·
3205 2187 3361 2265 μόνον
3395 2189 3447 2246 ἐν
3478 2185 3683 2266 Κυρίῳ.

385 2284 642 2340 Domino.
686 2285 907 2340 Beatior
968 2293 1151 2343 autem
1208 2294 1292 2342 est
1313 2286 1358 2342 si
1400 2286 1478 2342 sic
1504 2287 1776 2342 manserit
1819 2285 1976 2358 juxta

2087 2282 2482 2362 Μακαριωτέρα
2533 2282 2589 2340 δέ
2639 2283 2780 2340 ἐστιν
2830 2280 2922 2339 ἐὰν
2981 2279 3119 2337 οὕτω
3173 2278 3357 2358 μείνῃ,
3407 2276 3547 2336 κατὰ
3591 2274 3685 2344 τὴν

376 2388 570 2430 meum
602 2373 912 2430 consilium.
940 2376 1080 2430 Puto
1108 2383 1295 2432 autem
1326 2375 1476 2449 quod
1501 2384 1555 2432 et
1570 2391 1672 2449 ego
1699 2376 1976 2447 Spiritum

2089 2369 2222 2447 ἐμὴν
2252 2370 2493 2448 γνώμην.
2545 2373 2700 2431 Δοκῶ
2746 2368 2800 2428 δὲ
2831 2367 2982 2448 κάγὼ
3022 2370 3252 2444 Πνεῦμα
3299 2369 3440 2427 Θεοῦ
3469 2365 3628 2444 ἔχειν.
3663 2392 3685 2415 ιι

379 2463 480 2518 Dei
511 2463 756 2518 habeam.
786 2486 812 2512 ιι
845 2465 928 2518 De
953 2462 1211 2520 secundis
1245 2464 1450 2536 nuptiis
1479 2463 1596 2522 haec
1614 2465 1784 2521 tradit
1803 2506 1822 2534 ,
1854 2480 1976 2536 per-

2091 2459 2228 2539 Περὶ
2278 2461 2690 2540 δευτερογαμίας
2763 2461 2990 2518 ἐνταῦθα
3049 2456 3324 2533 διδάσκει,
3394 2455 3685 2534 συγχωρῶν

379 2552 608 2608 mittens
638 2551 860 2625 quidem
909 2568 1001 2610 eas
1025 2573 1036 2610 :
1076 2561 1321 2610 attamen
1346 2553 1648 2610 beatiorem
1671 2570 1798 2610 eam
1816 2553 1979 2628 judi-

2091 2550 2186 2627 μὲν
2216 2551 2378 2621 αὐτήν
2413 2573 2425 2586 ο
2455 2550 2596 2622 πλὴν
2631 2547 3040 2629 μακαριωτέραν
3072 2546 3230 2613 τιθεὶς
3275 2545 3370 2614 τὴν
3414 2542 3490 2622 μὴ
3535 2546 3686 2621 διγα-

378 2650 488 2708 cat,
512 2656 636 2714 quae
658 2643 896 2698 alterum
924 2643 1190 2699 maritum
1213 2659 1324 2700 non
1365 2643 1660 2716 acceperit.
1700 2642 1979 2714 Quemad-

2091 2645 2315 2718 μοῦσαν.
2375 2638 2478 2707 ⁴Ως
2527 2639 2630 2718 γὰρ
2685 2643 2718 2709 ἠ
2785 2636 3044 2716 παρθενία
3094 2643 3186 2696 τοῦ
3242 2634 3456 2714 πρώτου
3513 2631 3685 2712 γάμου

381 2730 618 2788 modum
647 2731 790 2788 enim
839 2731 1132 2805 virginitas
1164 2732 1360 2805 primis
1414 2734 1621 2805 nuptiis
1641 2742 1732 2789 est
1760 2733 1979 2801 melior,

2089 2730 2321 2788 καλλίων
2353 2752 2367 2765 ’
2411 2727 2552 2788 οὕτω
2603 2725 2696 2787 καὶ⁵
2735 2731 2764 2786 6
2794 2730 3000 2808 πρῶτος
3049 2724 3220 2804 γάμος
3267 2729 3357 2783 τοῦ
3416 2723 3685 2801 δευτέρου.

380 2820 461 2876 sic
489 2829 547 2876 et
571 2820 719 2891 prius
746 2821 1167 2876 matrimonium
1216 2822 1509 2893 posteriori
1539 2830 1785 2893 prastat.
1813 2844 1839 2869 «
1883 2822 1980 2877 Al-

2096 2842 2126 2873 α
2173 2818 2398 2877 Δέδεται
2427 2809 2518 2876 οὖν
2563 2817 2712 2896 νόμῳ
2752 2821 2786 2888 ἡ
2816 2815 2981 2895 γυνὴ,
3021 2845 3044 2869 »ο
3099 2816 3370 2891 τουτέστι,
3401 2809 3688 2890 κατέχεται

385 2907 549 2982 ligata
605 2917 689 2964 est
728 2909 893 2982 igitur
936 2909 1038 2981 legi
1091 2911 1308 2976 mulier,
1360 2931 1389 2964 η
1449 2911 1555 2966 hoc
1603 2919 1706 2980 est,
1762 2912 1882 2983 lege
1914 2910 1983 2967 de

2089 2908 2238 2986 νόμῳ
2279 2910 2356 2986 τῷ
2386 2905 2507 2986 περὶ
2558 2908 2662 2964 τῶν
2714 2908 2969 2984 μοιχειῶν
3017 2901 3471 2978 διαλαμϐάνοντι,
3521 2904 3592 2965 ὡς
3623 2898 3685 2956 ἂν

381 2997 650 3054 adulterio
691 3006 918 3054 cavente
973 3007 1212 3067 tenetur,
1253 3015 1326 3056 ne
1356 2999 1603 3056 adultera
1635 3000 1752 3067 ﬁat,
1801 2999 1867 3069 si,
1901 2999 1981 3055 vi-

2092 2993 2168 3072 μὴ
2226 2995 2469 3076 μοιχαλὶς
2498 2993 2702 3074 γένοιτο
2741 2994 2905 3074 ἑτέρῳ
2953 2996 3332 3072 συζευχθεῖσα,
3368 2993 3561 3060 ζῶντος
3590 2991 3691 3046 ’τοῦ

381 3095 539 3144 vente
603 3087 832 3155 marito,
899 3087 1057 3144 alteri
1115 3089 1404 3160 copuletur
1465 3107 1480 3146 :
1534 3089 1623 3146 sin
1680 3087 1981 3146 defunctus

2095 3085 2279 3165 ἀνδρός
2307 3107 2320 3121 ⁸
2349 3081 2704 3151 ἀποθανόντος
2735 3083 2788 3142 δὲ
2815 3127 2830 3155 ,
2857 3084 3218 3163 ἠλευθέρωται
3248 3083 3308 3140 ἐκ
3337 3087 3428 3140 τοῦ
3474 3077 3689 3157 πρώτου

385 3176 573 3244 fuerit,
605 3177 830 3233 liberata
861 3184 944 3233 est
995 3192 1025 3233 a
1057 3177 1238 3249 primo
1283 3193 1433 3234 nexu
1485 3187 1541 3234 et
1564 3180 1704 3252 lege,
1732 3177 1980 3250 adeoque

2093 3177 2286 3251 δεσμοῦ
2316 3174 2408 3232 καὶ
2437 3173 2633 3250 νόμου,
2680 3172 2770 3232 καὶ
2808 3170 3044 3234 λέλυται.
3085 3199 3106 3224 σι
3142 3171 3320 3231 Μόνον
3345 3171 3398 3228 ἐν
3432 3167 3636 3251 Κυρίῳ’
3666 3193 3689 3220 ι

385 3267 565 3323 soluta
595 3273 700 3322 est.
736 3287 764 3316 α
790 3265 961 3324 Modo
991 3266 1045 3322 in
1076 3266 1311 3323 Domino
1337 3286 1349 3321 :
1382 3291 1407 3316 ››
1437 3267 1542 3324 hoc
1563 3276 1667 3336 est,
1693 3283 1823 3325 cum
1845 3276 1983 3324 tem-

2089 3263 2360 3338 τουτέστι,
2389 3262 2526 3340 μετὰ
2573 3260 2943 3344 σωφροσύνης,
2981 3261 3118 3340 μετὰ
3165 3259 3512 3336 κοσμιότητος
3537 3304 3554 3337 ,
3602 3258 3690 3318 ἐπὶ

388 3355 630 3428 petentia
676 3363 734 3412 et
778 3354 1002 3424 decoro,
1041 3355 1099 3411 in
1153 3355 1451 3413 liberorum
1505 3359 1882 3429 procreatione
1929 3367 1987 3414 et

2091 3355 2404 3435 παιδοποιίᾳ
2425 3351 2517 3412 καὶ
2544 3351 2868 3433 προστασία,
2901 3352 2976 3429 μὴ
3010 3349 3274 3430 ἐμπαθείᾳ
3297 3351 3346 3389 ⁷⁴
3380 3349 3686 3426 ἐπιθυμίας.

390 3444 762 3517 praesidentia,
795 3460 906 3500 non
943 3445 996 3500 in
1054 3445 1303 3502 libidinis
1349 3445 1657 3504 affectione.
1696 3471 1718 3495 ο
1773 3449 1982 3504 Secun-

2092 3443 2173 3503 Τὸ
2201 3443 2297 3516 δὲ,
2340 3465 2369 3500 α
2410 3441 2568 3504 Κατὰ
2601 3441 2697 3514 τὴν
2727 3442 2862 3518 ἐμὴν
2911 3441 3130 3520 γνώμην
3151 3485 3168 3514 ,
3205 3468 3228 3493 ιι
3262 3439 3421 3518 φησὶν
3447 3484 3463 3513 ,
3494 3436 3582 3497 ἵνα
3615 3436 3690 3512 μή

387 3533 525 3592 dum
550 3557 575 3583 ν
612 3549 748 3591 vero
791 3553 820 3587 «
860 3549 1049 3590 meum
1101 3535 1416 3604 consilium,
1450 3555 1476 3588 »
1536 3536 1692 3606 dicit,
1743 3552 1814 3592 ne
1863 3553 1982 3593 rem

2093 3532 2328 3612 ἀνάγκην
2352 3531 2414 3591 τὸ
2449 3540 2675 3612 πρᾶγμα
2712 3519 2847 3591 εἶναι
2877 3519 3132 3610 νομίσῃς,
3165 3529 3306 3588 ἀλλὰ
3337 3525 3647 3606 συμϐουλὴν
3671 3570 3687 3603 ,

385 3624 548 3681 istam
589 3624 970 3680 necessitatem
1010 3624 1312 3693 arbitreris,
1341 3623 1441 3680 sed
1479 3626 1766 3683 consilium
1818 3625 1984 3699 idque

2092 3621 2185 3682 καὶ
2241 3620 2550 3699 συμϐουλὴν
2593 3621 2758 3682 θείαν.
2799 3645 2827 3679 (‹
2865 3624 3020 3681 Δοκῶ
3048 3649 3072 3673 ιι
3119 3620 3256 3700 γὰρ,
3287 3619 3451 3701 φησὶ,
3485 3644 3508 3669 α
3541 3615 3691 3696 κάγὼ

386 3712 647 3770 divinum.
677 3736 702 3762 σι
735 3715 896 3784 Puto,
928 3736 954 3763 ν
975 3715 1146 3782 enim,
1169 3714 1372 3787 inquit,
1404 3738 1428 3764 ‹‹
1453 3715 1604 3788 quod
1629 3725 1684 3772 et
1701 3732 1802 3789 ego
1826 3717 1984 3788 Spiri-

2095 3715 2320 3789 Πνεῦμα
2359 3714 2502 3772 Θεοῦ
2537 3712 2702 3790 ἔχειν.
2762 3733 2792 3770 α
2838 3712 3054 3782 Πολλῆς
3097 3709 3152 3769 δὲ
3209 3705 3692 3791 ταπεινοφροσύνης

385 3809 507 3858 tum
525 3802 627 3858 Dei
657 3802 908 3860 habeam.
948 3827 972 3850 ι»
1003 3805 1218 3876 Magna:
1249 3809 1434 3860 autem
1460 3804 1790 3860 humilitatis
1816 3821 1982 3878 argu-

2091 3808 2264 3863 τοῦτο.
2301 3802 2383 3861 Οὖ
2459 3799 2563 3881 γὰρ
2603 3792 2744 3860 εἶπεν
2767 3824 2781 3838 ο
2809 3799 2967 3880 Ἐχω
2985 3847 3000 3875 ,
3033 3800 3202 3878 ἀλλὰ,
3231 3825 3255 3852 α
3287 3790 3450 3860 Δοκῶν
3479 3790 3645 3879 ἔχειν·
3670 3822 3694 3849 ι

385 3899 640 3948 mentum
692 3899 776 3948 est
813 3891 944 3948 hoc.
995 3894 1120 3948 Non
1151 3892 1303 3948 enim
1349 3892 1488 3950 dixit
1549 3911 1564 3949 :
1615 3893 1830 3963 Habeo,
1863 3893 1982 3963 sed,

1367 3892 1488 3949 lixit
1549 3911 1564 3949 :
1615 3893 1830 3963 Habeo,
1863 3893 1982 3963 sed,
2091 3890 2392 3962 τουτέστιν,
2425 3889 2737 3969 Ἣγοῖῖμαι,
2757 3891 2982 3948 ὑπονοῶ.

392 4004 416 4028 α
465 3984 604 4038 Puto
632 3995 722 4037 me
749 3979 951 4038 habere
975 4001 989 4034 :
1023 4004 1048 4029 ι
1083 3981 1186 4038 hoc
1211 3989 1313 4048 est,
1332 3981 1606 4050 Arbitror,
1635 3983 1910 4038 existimo.

973 4087 1216 4144 CAPUT
1247 4089 1399 4145 VIII.

2678 4080 2966 4140 ΚΕΦΑΔ.
3016 4076 3108 4140 Η’.

463 4195 644 4249 Vnus.
666 4198 717 4247 1.
765 4215 789 4240 «
822 4195 907 4248 De
927 4192 992 4248 iis
1013 4201 1198 4249 autem
1227 4209 1352 4266 quae
1396 4194 1562 4250 idolis
1592 4195 1982 4264 immolantur,

2178 4213 2206 4250 α
2241 4191 2380 4270 Περὶ
2409 4189 2463 4248 δὲ
2509 4192 2618 4250 τῶν
2663 4191 3019 4251 εἰδωλοθύτων
3073 4188 3328 4267 οἴδαμεν,
3380 4187 3459 4248 ὅτι
3495 4185 3689 4254 πάντες

390 4277 667 4348 novimus,
745 4282 1011 4351 quoniam
1085 4295 1279 4338 omnes
1333 4281 1620 4340 scientiam
1692 4284 1985 4341 habemus.

2094 4284 2286 4359 γνῶσιν
2337 4280 2530 4363 ἔχομεν
2560 4305 2572 4316 ·
2603 4285 2637 4353 ἡ
2683 4284 2876 4360 γνῶσις
2925 4281 3140 4363 φυσιοῖ,
3173 4285 3207 4353 ἡ
3251 4279 3304 4338 δὲ
3337 4277 3518 4358 ἀγάπη
3545 4279 3692 4336 οἷκο-

392 4369 630 4426 Scientia
653 4368 827 4436 inﬂat,
856 4368 1092 4426 charitas
1119 4369 1373 4427 aediﬁcat.
1428 4395 1453 4420 η
1483 4373 1729 4430 Fuerunt
1765 4372 1985 4445 quidam

394 4458 537 4484 ...υ-,ι
576 4457 888 4484 ΠΑ-ζηδιιεηε.
924 4456 1150 4484 ...ι-ειμιιέ
1230 4461 1316 4484 -.-2
1360 4461 1595 4484 --2-..ι-..
1672 4464 1810 4484 ___-J
1870 4478 1984 4484 ---μ

2098 4371 2272 4449 δομεῖ.
2306 4398 2331 4422 ιο
2374 4360 2554 4430 τΗσάν
2595 4394 2731 4438 τινες
2777 4360 2946 4451 παρὰ⁷
2971 4374 3078 4439 τοῖς
3124 4369 3420 4449 Κορινθίοις
3465 4365 3694 4440 τέλειοι,

2165 4463 2178 4484 \
2243 4460 2323 4484 ’δν
2366 4483 2374 4484 κ
2476 4458 2502 4484 υ
2621 4459 2636 4484 \
2707 4463 2722 4484 Ξ
2877 4460 2890 4482 Ι
3102 4463 3116 4484 Ί
3192 4483 3200 4484 κ
3274 4467 3313 4484 κ’
3386 4459 3435 4484 ἱ..
3480 4456 3646 4484 1.11---

392 4458 540 4531 apud
575 4457 890 4516 Corinthios
924 4456 1173 4530 perfecti,
1227 4461 1321 4532 qui
1359 4461 1618 4530 scientes,
1665 4464 1811 4535 quod
1864 4478 1988 4536 quae

2093 4463 2185 4521 καὶ
2215 4460 2406 4528 εἰδότες
2426 4506 2441 4532 ,
2470 4458 2552 4519 ὅτι
2580 4459 2647 4518 τὰ
2679 4460 3027 4543 εἶσερχόμενα
3067 4463 3124 4522 οὐ
3147 4467 3313 4520 κοινοῖ
3351 4459 3439 4519 τὸν
3475 4456 3691 4536 ἄνθρω-

393 4548 774 4622 ingrediantur
819 4549 874 4603 in
904 4547 1211 4620 hominem,
1236 4549 1417 4622 ipsum
1459 4567 1576 4607 non
1603 4552 1986 4625 coinquinent,

2094 4573 2223 4624 πον,
2253 4551 2344 4609 καὶ
2376 4549 2456 4610 ὅτι
2485 4552 2552 4608 τὰ
2583 4551 2809 4624 εἴδωλα,
2852 4549 2977 4619 ξύλα
3021 4549 3114 4609 καὶ
3157 4549 3294 4610 λίθοι
3332 4547 3468 4620 εἶσὶ,
3511 4545 3601 4604 καὶ
3632 4545 3691 4602 οὗ

395 4637 651 4710 quodque
679 4636 827 4694 idola
869 4638 983 4694 sint
1011 4638 1216 4710 lapides
1253 4647 1310 4694 et
1338 4639 1506 4713 ligna,
1529 4657 1633 4698 nec
1655 4642 1863 4714 possint
1883 4658 1985 4699 no-

2096 4638 2345 4699 δύνανται
2377 4639 2585 4720 βλάψαι
2616 4664 2630 4678 ο
2681 4642 2978 4722 ἀδιαφόρως
3027 4638 3271 4719 εἰσῄεσαν
3320 4639 3391 4705 εἷς
3430 4635 3498 4694 τὰ
3527 4635 3680 4693 είδω-

393 4742 541 4796 cere;
571 4725 1049 4783 indiscriminatim
1079 4728 1411 4785 introierunt
1437 4729 1717 4788 idolorum
1737 4731 1984 4803 delubra,

2094 4731 2245 4801 λεῖα,
2302 4731 2392 4788 καὶ
2442 4732 2546 4788 τῶν
2596 4731 2950 4789 εἰδωλοθύτων
3020 4732 3376 4809 ἐνεφεροῦντο.
3434 4724 3697 4804 Ὁρῶντες

392 4830 566 4887 eaque
651 4815 1018 4874 comederunt
1087 4833 1210 4888 quae
1295 4818 1453 4875 idolis
1533 4812 1982 4878 immolabantur.

2097 4820 2153 4877 δὲ
2201 4818 2414 4886 τούτους
2469 4817 2637 4899 ἕτεροι
2688 4819 3058 4896 ἀτελέστεροι,
3113 4817 3360 4896 εἰσῄεσαν
3403 4813 3496 4872 καὶ
3545 4811 3696 4871 αὐτοὶ

391 4907 576 4962 Hasce
603 4912 789 4961 autem
837 4905 926 4960 alii
979 4905 1406 4978 imperfectiores
1458 4909 1727 4979 videntes,
1757 4911 1987 4984 ingressi

2097 4911 2168 4975 εἰς
2192 4907 2258 4965 τὰ
2291 4908 2564 4980 είδωλεῖα,
2591 4907 2683 4966 καὶ
2716 4907 3090 4966 εἷδωλοθύτουν
3108 4952 3123 4980 ,
3152 4908 3211 4964 οὗ
3249 4903 3383 4983 μετὰ
3413 4907 3505 4974 τῆς
3537 4903 3697 4971 αὐτῆς

391 5002 522 5052 sunt
570 5002 626 5050 et
677 4993 780 5067 ipsi
825 4994 1076 5064 delubra,
1125 4995 1398 5070 idolisque
1448 4999 1844 5068 sacriﬁcabant,
1875 5017 1986 5058 non

2095 4996 2342 5076 γνώμης,
2375 4998 2492 5054 ἀλλ’
2536 4999 2607 5061 ὡς
2648 5000 2752 5055 τῶν
2784 4995 3014 5055 εἰδώλων
3052 4996 3240 5074 τιμίων
3285 4993 3448 5053 ὄντων
3485 4994 3537 5031 ⁷⁵
3559 5038 3576 5064 ,
3603 4989 3695 5049 καὶ

389 5084 583 5142 eadem
613 5084 912 5152 sententia,
933 5100 1125 5142 verum
1145 5102 1246 5142 ceu
1267 5087 1412 5144 idola
1436 5087 1763 5147 honoranda
1784 5098 1984 5159 essent,

2096 5087 2252 5155 ἀξίων
2309 5085 2492 5153 θυσίας
2562 5085 2830 5166 δέχεσθαι.
2904 5089 3075 5146 Τοῦτο
3136 5087 3208 5152 εἰς
3267 5085 3422 5156 ζῆλον
3485 5080 3695 5152 ἐκίνησε

392 5189 496 5230 nec
525 5189 637 5230 non
683 5173 850 5246 digna
883 5189 1007 5247 quae
1061 5175 1326 5232 sacriﬁcia
1367 5176 1700 5248 acciperent.
1740 5181 1864 5235 Hoc
1917 5179 1988 5236 ad

2093 5175 2182 5234 τὸν
2234 5176 2448 5236 Παῦλον
2473 5219 2490 5248 ,
2524 5173 2616 5233 ἅτε
2653 5175 2744 5233 καὶ
2787 5175 3116 5256 ἀμφοτέρους
3147 5173 3384 5253 βλάπτον
3418 5195 3433 5210 ο
3482 5169 3602 5236 τούς
3636 5189 3691 5226 τε

389 5263 572 5320 zelum
601 5264 919 5335 provocavit
947 5265 1203 5333 Paulum,
1227 5265 1427 5338 quippe
1451 5267 1615 5339 166
1641 5267 1794 5340 quod
1823 5269 1987 5325 utris-

2093 5263 2358 5338 τελείους,
2431 5267 2502 5330 ὣς
2559 5265 2878 5342 δαιμονικῶν
2929 5266 3296 5330 ἀπολαύοντας
3353 5263 3629 5342 τραπεζῶν
3679 5279 3693 5294 ⁶

389 5367 495 5423 que
521 5354 738 5422 obesset
766 5372 778 5408 :
831 5353 1110 5425 perfectis,
1140 5363 1411 5426 tanquam
1468 5357 1537 5412 iis
1565 5357 1657 5429 qui
1683 5357 1984 5415 demonia-

2093 5352 2186 5413 καὶ
2234 5353 2352 5422 τοὺς
2409 5355 2640 5427 ἀτελεῖς,
2689 5357 2758 5422 ὥς
2815 5355 2902 5413 ἐπὶ
2951 5352 3368 5432 εἰδωλολατρίαν
3431 5352 3694 5411 συνωθου-

388 5441 468 5497 eis
487 5442 694 5499 mensis
733 5441 1046 5501 fruerentur
1097 5465 1110 5500 :
1143 5444 1500 5516 imperfectis,
1531 5455 1798 5519 tanquam
1847 5449 1881 5503 ii
1911 5449 1982 5506 ad

2094 5443 2298 5520 μένους.
2351 5444 2584 5506 Σπεύδει
2633 5443 2806 5503 τοίνυν
2877 5445 3264 5526 διορθώσασθαι
3323 5446 3478 5501 τοῦτο
3527 5462 3541 5477 ·
3601 5435 3693 5497 καὶ

1787 5561 1974 5621 Variae
2017 5563 2323 5626 lectiones.

459 5648 503 5683 ⁷³
533 5650 828 5723 ἀναγκάζων
857 5652 1004 5709 αὖτόν
1029 5671 1105 5711 m.
1182 5654 1225 5690 7‘
1255 5659 1304 5711 έν
1334 5659 1477 5713 πάοει
1505 5675 1558 5716 0.
1633 5658 1678 5694 ⁷⁵
1707 5657 1839 5714 εἶναι
1861 5661 2138 5716 δοκούντων
2163 5679 2216 5719 0.
