4090 6414
421 503 527 557 657

1285 502 1642 559 EXPOSITIO
1682 505 1746 559 IN
1787 504 2002 561 EPIST.
2043 506 2332 577 AD_COR.
2374 538 2443 550 —
2484 510 2633 566 CAP.
2678 512 2810 568 VIII.

3620 526 3725 579 658

414 628 547 709 πρὸς
575 628 695 696 τοὺς
725 629 951 698 τελείους
996 628 1329 709 διαλέγεται,
1367 631 1515 711 ἀφεὶς
1558 629 1677 699 τοὺς
1726 633 2006 691 ἀτελεστέ-

2123 642 2400 703 idolorum
2441 637 2719 695 culturam
2745 637 3174 709 impellerentur.
3217 641 3303 699 Ad
3350 643 3499 700 istud
3536 646 3724 719 itaque

417 742 571 800 ρους,
636 719 769 801 ὅπερ
822 720 936 785 ἔθος
987 722 1157 801 αὐτῷ.
1235 721 1342 781 Καὶ
1406 723 1616 801 πρῶτον
1664 722 2016 782 καταστέλλει

414 810 590 866 αὐτῶν
639 807 730 867 τὸν
760 809 848 868 ἐπὶ
876 806 927 842 ⁷6
956 814 1023 889 τῇ
1076 808 1268 886 γνώσει
1315 815 1507 888 τῦφον,
1564 810 1655 868 καί
1703 834 1892 889 φησιν,
1935 809 2018 870 ὅτι

413 898 497 957 Οὐ
525 896 674 973 μόνοι
702 901 855 973 ὑμεῖς
874 897 1071 969 ταύτην
1096 898 1269 979 ἔχετε,
1301 898 1441 958 ἀλλὰ
1466 898 1659 967 πάντες
1682 899 1903 977 οἴδαμεν
1936 902 2013 974 ⁷⁷,

411 986 493 1045 ὅτι
525 985 673 1046 οὐδέν
726 989 866 1046 ἐστιν
918 987 1134 1047 εἴδωλον
1165 990 1220 1046 ἐν
1249 988 1439 1069 κόσμῳ
1470 1012 1483 1025 ·
1532 990 1676 1061 πλήν
1697 1035 1713 1063 ,
1761 995 1794 1061 ἡ
1825 994 2017 1067 γνῶσις

412 1079 473 1137 οὖ
509 1074 666 1153 μόνον
713 1076 860 1136 οὐδὲν
913 1077 1143 1159 ὠφελεῖ,
1178 1078 1319 1137 ἀλλὰ
1366 1080 1568 1155 μᾶλλον
1614 1078 1704 1137 καὶ
1752 1077 2012 1159 βλάπτει,

414 1170 672 1247 φυσιοῦσα
721 1165 812 1225 καὶ
861 1167 1092 1243 ὅγκοῦσα
1146 1167 1235 1226 τὸν
1301 1166 1521 1248 ἔχοντα,
1571 1168 1661 1226 καὶ
1715 1168 1801 1227 διὰ
1860 1173 2016 1229 τοῦτο

415 1254 778 1334 ἀποσχίζουσα
825 1255 979 1315 αὐτὸν
1030 1261 1122 1315 τοῦ
1158 1256 1384 1330 πλησίον
1434 1258 1656 1331 μέλους,
1693 1256 1782 1316 ἐὰν
1819 1256 1892 1335 μὴ
1924 1258 2014 1317 καὶ

410 1343 509 1415 τὴν
541 1346 754 1424 ἀγάπην
787 1343 887 1424 ἔχῃ
919 1348 1036 1421 μεθ’
1068 1348 1259 1405 ἑαυτοῦ
1297 1346 1368 1420 ⁷⁸,
1417 1346 1534 1419 ἥτις
1578 1345 1761 1422 ἀγάπη
1793 1348 2014 1407 τοῦναν-

410 1433 521 1492 τίον
547 1434 840 1509 οἰκοδομεῖν
894 1434 1135 1496 δύναται.
1169 1434 1321 1496 "Udo:
1356 1435 1463 1516 γὰρ
1502 1440 1535 1507 ἡ
1585 1436 1749 1517 χωρὶς
1801 1437 2013 1516 ἀγάπης

412 1526 603 1601 γνῶσις
654 1524 925 1601 καθαιρεῖ,
990 1530 1159 1584 ταῦτα
1238 1529 1270 1597 ἡ
1350 1525 1533 1602 ἀγάπη
1590 1526 1846 1605 ἀνεγείρει
1920 1525 2011 1584 καὶ

409 1613 703 1689 οἰκοδομεῖ,
738 1611 916 1671 πάντα
946 1612 1077 1694 ὑπὲρ
1111 1618 1202 1685 τοῦ
1234 1615 1459 1687 πλησίον
1512 1621 1763 1675 ποιοῦσα.

501 1906 528 1940 ιι
566 1885 629 1944 Εἰ
661 1882 717 1941 δέ
745 1907 823 1952 τις
854 1885 995 1942 δοκεῖ
1033 1882 1231 1944 εἰδέναι
1275 1908 1359 1960 τι,
1389 1885 1597 1944 οὐδέπω
1627 1886 1776 1944 οὐδὲν
1811 1886 2007 1964 ἔγνωκε

2125 730 2518 809 corrigendum
2546 729 2790 797 festinat,
2822 745 2887 785 ac
2914 728 2982 784 ad
3018 730 3310 802 perfectos,
3343 734 3723 806 imperiectio-

2127 827 2303 893 ribus,
2326 822 2402 879 uti
2432 821 2589 889 solet,
2624 818 2866 887 omissis,
2896 818 3134 876 disserit.
3169 823 3249 877 Ac
3274 824 3521 893 primum
3573 824 3720 897 ipso-

2125 931 2249 972 rum
2273 913 2480 969 factum
2529 908 2601 966 ob
2631 908 2925 966 scientiam
2966 918 3301 982 conceptum
3329 912 3599 984 reprimit,
3632 915 3717 970 in-

2124 1005 2315 1078 quiens
2347 1024 2358 1058 :
2388 1004 2515 1059 Non
2544 1015 2640 1055 vos
2666 998 2766 1055 soli
2794 997 2938 1054 hanc
2967 998 3202 1068 habetis,
3242 1000 3341 1057 sed
3384 1018 3490 1058 nos
3527 1018 3722 1062 omnes

2123 1110 2187 1151 ex
2204 1108 2365 1165 aequo
2392 1100 2667 1159 tenemus,
2704 1087 2851 1161 quod
2876 1088 3010 1144 nihil
3042 1089 3116 1145 sit
3160 1089 3374 1146 idolum
3398 1090 3454 1147 in
3482 1092 3718 1151 mundo.

2122 1187 2330 1241 Verum
2368 1179 2596 1237 scientia
2647 1178 2786 1235 adeo
2828 1193 2942 1233 non
3003 1178 3183 1235 solum
3234 1195 3349 1236 non
3386 1180 3629 1253 prodest,
3656 1191 3720 1240 ut

2122 1274 2308 1346 potius
2347 1270 2519 1327 etiam
2567 1268 2732 1332 obsit,
2784 1267 2986 1324 inﬂans
3010 1276 3064 1323 et
3113 1267 3480 1327 intumescere
3509 1269 3721 1330 faciens

2120 1363 2433 1429 habentem;
2458 1375 2523 1416 ac
2548 1366 2835 1431 propterea
2863 1356 3192 1414 abscindens
3220 1374 3256 1415 a
3276 1361 3510 1431 proximi
3533 1376 3719 1419 mem-

2120 1453 2243 1523 bro,
2272 1450 2375 1507 nisi
2400 1450 2725 1506 charitatem
2746 1463 2852 1503 una
2883 1463 3070 1503 secum
3101 1447 3371 1505 habuerit.
3393 1450 3529 1520 Quae
3544 1452 3718 1509 nimi-

2119 1558 2245 1599 rum
2288 1539 2525 1596 charitas
2552 1554 2582 1594 e
2613 1545 2804 1594 contra
2830 1532 3103 1593 aediﬁcare
3135 1547 3334 1610 potest.
3365 1541 3721 1614 Quaecunque

2119 1630 2267 1687 enim
2295 1628 2523 1686 scientia
2555 1627 2673 1682 sine
2719 1624 2988 1681 charitate
3031 1626 3287 1690 destruit,
3330 1626 3450 1685 haec
3479 1628 3718 1687 charitas

2119 1720 2283 1792 erigit
2355 1716 2723 1788 aediﬁcatque,
2810 1714 3001 1770 omnia
3072 1714 3127 1770 in
3185 1715 3423 1788 proximi
3480 1720 3715 1791 gratiam

2117 1808 2319 1866 faciens
2333 1850 2345 1863 .
2678 1796 2681 1797 ⁷

2258 1902 2442 1955 Vnns.
2482 1904 2535 1952 2.
2570 1918 2596 1944 α
2628 1893 2821 1968 Siquis
2851 1900 3039 1950 autem
3069 1909 3128 1950 se
3154 1894 3442 1951 existimat
3464 1896 3603 1953 scire
3625 1896 3717 1953 ali-

406 1973 580 2040 καθὼς
627 1974 705 2033 δεῖ
754 1972 949 2033 εἰδέναι
981 1974 1055 2035 ⁷9,
1110 2001 1134 2027 ιι
1188 1974 1270 2036 Τὸ
1305 1978 1481 2051 μεῖζον
1532 1975 1676 2062 λέγει
1747 1978 2003 2050 ἐνταῦθα,

2116 1988 2265 2062 quid,
2294 1985 2547 2043 nondum
2579 1983 2881 2057 quidquam
2902 1983 3075 2052 novit,
3106 1983 3579 2055 quemadmodum
3608 2002 3717 2043 no-

406 2061 488 2123 ὅτι
541 2062 639 2123 κᾶν
692 2062 830 2139 μετὰ
884 2068 979 2135 τῆς
1014 2063 1226 2145 ἀγάπης
1272 2069 1307 2137 ἡ
1348 2068 1537 2143 γνῶσις
1566 2056 1630 2145 ᾗ,
1678 2064 1798 2125 οὐδὲ
1845 2065 2008 2133 οὕτως

405 2152 521 2213 ἐστὶ
554 2152 724 2212 τελεία
758 2172 770 2186 ·
816 2154 984 2220 οὐδεὶς
1012 2154 1113 2232 γὰρ
1162 2142 1271 2213 οἶδέ
1324 2142 1374 2212 τι
1428 2142 1602 2221 καθὼς
1655 2156 1733 2213 δεῖ
1779 2159 2004 2235 γνῶναι,

406 2243 506 2303 κᾶν
562 2243 763 2324 Πέτρος
793 2234 855 2322 ,
895 2242 994 2302 κᾶν
1030 2245 1259 2311 Παῦλος.
1291 2242 1463 2304 Ὥστε
1498 2244 1550 2303 τί
1595 2249 1746 2317 ὑμεῖς
1791 2234 2006 2328 ἐπαίρε-

405 2338 532 2405 σθε,
556 2334 603 2391 οἱ
630 2331 725 2404 τὴν
766 2336 959 2411 γνῶσιν
1007 2330 1216 2413 ἔχοντες
1261 2334 1427 2413 χωρὶς
1473 2332 1722 2411 ἀγάπης,
1760 2333 1894 2394 ὅπου
1944 2359 2005 2415 γε

404 2420 506 2481 κᾶν
564 2422 696 2498 μετὰ
750 2427 843 2494 τῆς
894 2422 1105 2499 ἀγάπης
1179 2424 1343 2497 αὐτὴν
1413 2421 1619 2503 εἴχετε,
1677 2424 1796 2482 οὐδὲ
1864 2425 2005 2483 οὕτω

406 2511 603 2573 τέλειόν
630 2536 681 2572 τι
706 2511 1043 2593 ἐγινώσκετε,

490 2811 513 2835 ‹ι
548 2785 614 2844 Εἰ
647 2781 703 2842 δέ
731 2808 808 2851 τις
846 2785 1034 2864 ἀγαπᾷ
1074 2780 1163 2841 τὸν
1205 2781 1373 2857 Θεὸν,
1419 2773 1567 2847 οὗτος
1606 2783 1865 2863 ἔγνωσται
1915 2786 2006 2843 ὑπ’

406 2875 591 2933 αὐτοῦ.
627 2902 652 2925 ιο
696 2872 773 2933 ⁸0
818 2873 1001 2953 λέγει,
1051 2872 1286 2932 τοιοῦτόν
1341 2875 1481 2932 ἐστιν
1516 2892 1529 2907 °
1570 2870 1642 2933 Εἴ
1692 2896 1770 2938 τις
1819 2873 2005 2955 ἀγαπᾷ

404 2964 497 3023 τὸν
522 2963 776 3037 πλησίον,
824 2967 1011 3042 ἀγαπᾷ
1057 2961 1144 3020 καὶ
1176 2962 1265 3021 τὸν
1307 2961 1448 3022 Θεὸν
1486 2961 1723 3028 πάντως.
1759 2960 2004 3041 Ἀγαπῶν

404 3052 461 3113 δὲ
490 3052 581 3113 τὸν
610 3054 784 3125 Θεὸν,
830 3054 924 3111 οὐκ
963 3043 1145 3126 εἶπεν,
1199 3049 1278 3109 ὅτι
1324 3049 1461 3129 ἔγνω
1508 3050 1597 3111 τὸν
1640 3050 1809 3125 Θεὸν,
1860 3054 2002 3126 ἀλλ’,

401 3171 425 3197 ι
455 3140 766 3222 Ἕγνωσται
796 3142 897 3201 ὕπὸ
923 3143 1067 3202 Θεοῦ
1095 3165 1108 3179 ·
1144 3168 1168 3194 υ
1201 3140 1473 3214 τουτέστι,
1506 3142 1741 3220 γνωστὸς
1770 3144 1917 3222 αὐτῷ
1951 3144 2004 3180 ⁸ο

403 3233 496 3292 καὶ
549 3234 737 3299 οἰκεῖος
793 3229 1133 3291 καθίσταται.
1187 3234 1428 3297 Γνωστὸς
1476 3230 1531 3289 δὲ
1594 3231 1870 3310 γενόμενος
1928 3236 2004 3314 τῷ

404 3325 532 3400 Θεῷ
557 3367 575 3399 ,
605 3324 797 3399 γνῶσιν
821 3324 948 3401 παρ’
983 3323 1143 3380 αὐτοῦ
1184 3320 1489 3398 λαμϐάνει,
1527 3322 1620 3379 καὶ
1655 3318 1772 3380 οὐδὲ
1800 3320 2003 3394 ταύτην

402 3412 515 3491 ἔχει
565 3410 994 3491 ἀπηρτισμένην.
1065 3408 1240 3471 (Ὠστε
1296 3408 1396 3469 κᾶν
1437 3413 1641 3489 γνῶσιν
1702 3410 1864 3490 ἔχῃς,
1926 3413 2001 3488 μὴ

403 3501 625 3580 ἐπαίρου
657 3525 670 3539 ο
697 3498 817 3560 οὔτε
845 3500 948 3579 γὰρ
972 3499 1148 3560 τελεία
1183 3499 1347 3571 ἐστὶν,
1374 3498 1492 3559 οὔτε
1524 3500 1614 3558 σὸν
1646 3499 1995 3577 κατόρθωμα,

406 3591 545 3649 ἀλλὰ
591 3596 681 3650 τοῦ
730 3592 871 3649 Θεοῦ
926 3590 972 3627 ⁸¹
1019 3592 1130 3649 ἐστι
1182 3594 1453 3670 χάρισμα.
1526 3587 1676 3671 ⁰Ορα
1726 3594 1870 3668 γοῦν,
1919 3589 2004 3647 διὰ

411 3679 587 3739 πόσων
613 3678 963 3739 καταστέλλει
994 3680 1082 3739 τὸν
1113 3685 1270 3759 τῦφον
1309 3682 1505 3741 αὐτῶν.

492 3797 513 3822 ιι
541 3769 678 3850 Περὶ
701 3773 794 3841 τῆς
829 3767 1077 3847 βρώσεως
1108 3759 1196 3828 οὖν
1230 3770 1332 3826 τῶν
1366 3766 1751 3840 εἰδωλοθύτων,
1788 3766 2006 3844 οἴδαμεν

404 3858 487 3919 ὅτι
533 3861 681 3919 οὐδὲν
735 3857 947 3918 εἴδωλον
1003 3861 1057 3918 ἐν
1100 3857 1317 3937 κόσμῳ,
1371 3858 1462 3917 καὶ
1513 3856 1593 3916 ὅτι
1651 3858 1819 3924 οὐδεὶς
1870 3857 2007 3924 Θεὸς

404 3949 605 4029 ἕτερος,
654 3951 698 4008 εἰ
757 3946 832 4019 μὴ
876 3938 968 4014 εἶς.
1004 3975 1027 4000 ι
1081 3948 1253 4007 Πάλιν
1302 3956 1589 4007 κοινοποιεί
1628 3946 1723 4018 τὴν
1769 3951 2002 4027 γνῶσιν,

404 4039 779 4099 καταστέλλων
828 4037 1037 4106 αὐτούς.
1096 4038 1307 4107 Πάντες
1358 4037 1489 4119 γὰρ,
1541 4037 1733 4119 φησὶν,
1785 4037 2004 4113 οἴδαμεν

408 4128 491 4187 ὅτι
532 4127 680 4187 οὐδὲν
714 4128 930 4189 εἴδωλον
978 4130 1031 4186 ἐν
1062 4126 1278 4208 κόσμῳ.
1314 4116 1447 4187 Οὐκ
1475 4116 1615 4186 ἔστιν
1647 4116 1736 4186 οὖν
1781 4126 2003 4203 εἴδωλα;

409 4220 505 4277 οὖκ
550 4218 663 4278 ἔστι
709 4216 907 4291 ξόανα;
946 4212 1108 4278 Ἔστι
1156 4217 1283 4291 μὲν,
1317 4218 1438 4274 ἀλλ’
1467 4215 1614 4276 οὐδέν
1647 4219 1759 4277 ἐστι
1801 4235 1813 4249 ·
1845 4241 2011 4277 τουτ-

412 4310 561 4367 ἐστιν
588 4352 604 4381 ,
662 4306 920 4384 οὐδεμίαν
962 4306 1116 4386 ἰσχὺν
1168 4306 1282 4386 ἔχει
1314 4330 1327 4344 ο
1377 4305 1494 4364 οὐδὲ
1526 4306 1633 4365 θεοί
1667 4309 1795 4365 εἰσιν
1824 4353 1841 4381 ,
1873 4307 2013 4365 ἀλλὰ

408 4397 547 4455 λίθοι
576 4397 664 4457 καὶ
710 4396 972 4475 δαίμονες.
1008 4396 1234 4466 Ἐπειδὴ
1273 4394 1377 4477 γὰρ
1426 4387 1561 4467 ἦσαν
1608 4399 1737 4475 παρ’
1767 4395 2007 4468 εἝλλησι

410 4486 501 4546 καὶ
557 4489 798 4558 ἰδιῶται,
833 4486 925 4545 καὶ
973 4485 1123 4567 σοφοί

410 4577 608 4656 ᾔδεσαν
638 4576 689 4614 ⁸³
726 4574 888 4636 πλέον
932 4579 1037 4634 τῶν
1087 4575 1283 4633 λίθων·
1317 4577 1365 4633 οἱ
1420 4573 1473 4632 δὲ
1518 4574 1793 4656 φιλόσοφοι
1841 4576 2006 4634 δυνά-

412 4689 529 4745 μεις
568 4667 709 4735 θείας
739 4667 960 4726 ἐνοικεῖν
1003 4667 1179 4732 αὐτοῖς
1227 4664 1467 4733 ἐδόξαζον
1495 4714 1505 4735 ,
1546 4664 1634 4733 οὓς
1665 4664 1716 4703 ⁸³
1748 4665 1839 4723 καὶ
1865 4665 2008 4732 θεοὺς

413 4757 635 4815 ἐκάλουν
663 4777 676 4791 ·
708 4754 836 4837 πρὸς
883 4754 979 4832 μὲν
1028 4754 1149 4821 τοὺς
1194 4752 1402 4819 ἰδιώτας
1456 4745 1576 4814 εἶπε
1626 4754 1720 4827 τὸ,
1778 4782 1800 4807 α
1836 4754 2006 4815 Οὐδέν

411 4850 556 4906 ἐστιν
589 4847 797 4905 εἴδωλον
851 4847 905 4904 ἐν
946 4848 1020 4926 τῷ
1052 4844 1239 4925 κόσμῳ
1285 4868 1297 4881 ·
1329 4844 1457 4923 πρὸς
1510 4844 1566 4904 δὲ
1620 4844 1739 4926 τοὺς
1791 4844 2008 4925 φιλοσό-

413 4960 540 5015 φους
560 4981 577 5009 ,
605 4935 686 4995 ὅτι
720 4964 744 4991 ι
779 4938 900 4996 Οὐκ
930 4924 1073 4995 ἔστιν
1100 4924 1273 5015 ἕτερος
1296 4936 1454 5008 Θεὸς,
1478 4936 1523 4993 εἰ
1547 4933 1622 5012 μὴ
1652 4924 1745 4997 εἶς.
1774 4924 1809 4986 »ν
1830 4931 2009 5015 ⁶¹Ωστε

413 5014 531 5086 οὐδὲ
587 5024 831 5099 δυνάμεις
887 5032 1023 5085 θεῖαι
1075 5014 1337 5084 ἐνοικοῦσι
1414 5028 1522 5093 τοῖς
1580 5023 1814 5092 εἰδώλοις
1878 5048 1891 5062 ·
1940 5014 2012 5092 εἶς

411 5116 516 5197 γάρ
549 5119 661 5175 ἐστι
697 5117 867 5191 Θεὸς,
910 5114 1001 5174 καὶ
1032 5117 1090 5175 οὗ
1121 5114 1328 5174 πολλοί.

504 5318 532 5351 (ι
564 5295 673 5356 Καὶ
702 5294 805 5374 γὰρ
854 5293 1001 5375 εἴπερ
1045 5296 1146 5354 εἰσὶ
1196 5293 1473 5374 λεγόμενοι
1520 5293 1662 5368 θεοὶ,
1701 5292 1805 5353 εἴτε
1836 5294 1887 5352 ἓν
1919 5295 2013 5353 οὖ-

416 5388 598 5466 ρανῷ,
656 5383 763 5443 εἴτε
816 5384 904 5444 ἐπὶ
950 5389 1046 5462 γῆς
1078 5382 1300 5466 (ὥσπερ,
1338 5383 1442 5443 εἰσὶ
1494 5382 1602 5443 θεοὶ
1652 5383 1883 5457 πολλοὶ,
1918 5382 2011 5466 καί

415 5462 585 5555 κύριοι
613 5473 867 5555 πολλοὶ),
902 5475 1019 5531 ἀλλ’
1070 5462 1201 5550 ἡμῖν
1250 5464 1322 5539 εἶς
1367 5472 1505 5540 Θεὸς
1536 5476 1563 5531 ὁ
1593 5471 1812 5552 Πατὴρ,
1953 5462 2011 5530 οὗ

418 5562 484 5622 τὰ
537 5564 712 5623 πάντα
740 5609 756 5637 ,
806 5562 899 5623 καὶ
947 5570 1102 5641 ἡμεῖς
1146 5564 1217 5631 εἰς
1266 5562 1439 5624 αὐτόν·
1474 5584 1504 5621 ι)
1560 5562 1784 5635 Ἐπειδὴ
1834 5553 2012 5635 εἶπεν,

2119 2080 2258 2135 visse
2297 2084 2533 2149 oportet.
2580 2098 2604 2122 υ
2634 2073 2811 2145 Majus
2838 2072 3100 2145 quiddam
3128 2071 3215 2129 hic
3255 2073 3410 2142 dicit,
3454 2090 3654 2147 nempe
3700 2095 3714 2134 :

2119 2167 2349 2224 Etiamsi
2404 2163 2660 2221 charitati
2689 2161 2915 2219 scientia
2965 2162 3258 2235 conjuncta
3306 2161 3718 2237 fuerit;neque

2119 2256 2195 2313 sic
2222 2264 2304 2313 est
2331 2254 2592 2327 perfecta.
2630 2253 2807 2308 Nemo
2839 2251 2990 2307 enim
3021 2249 3325 2323 quidquam
3353 2252 3505 2308 novit
3528 2268 3721 2325 quem-

2116 2345 2423 2403 admodum
2472 2343 2612 2399 scire
2654 2348 2893 2412 oportet,
2952 2340 3065 2396 sive
3105 2342 3304 2398 Petrus
3354 2340 3542 2410 fuerit,
3603 2344 3718 2399 sive

2118 2436 2340 2492 Paulus.
2372 2432 2520 2506 Quid
2550 2431 2716 2504 igitur
2741 2446 2838 2486 vos
2862 2428 3179 2493 efferimini,
3218 2430 3313 2502 qui
3337 2430 3563 2488 scientia
3597 2432 3718 2489 sine

2116 2522 2407 2581 dilectione
2436 2518 2633 2576 imbuti
2679 2518 2844 2574 estis?
2874 2517 3315 2590 quandoquidem
3338 2518 3382 2575 si
3424 2519 3718 2577 scientiam

2115 2612 2281 2669 etiam
2324 2626 2451 2667 cum
2498 2606 2787 2665 dilectione
2837 2606 3138 2675 haberetis,
3186 2623 3366 2679 neque
3398 2608 3479 2664 sic
3526 2616 3717 2665 tamen

2120 2705 2357 2774 perfecte
2389 2696 2597 2771 aliquid
2628 2694 2859 2753 sciretis.

2188 2794 2371 2848 Vens.
2406 2796 2458 2845 3.
2506 2809 2533 2839 «
2563 2787 2658 2843 Sin
2688 2786 2812 2858 quis
2848 2794 3035 2842 autem
3062 2785 3235 2859 diligit
3281 2789 3487 2857 Deum,
3525 2788 3575 2845 is
3620 2805 3719 2846 co-

2115 2882 2304 2954 gnitus
2336 2886 2422 2935 est
2462 2877 2531 2934 ab
2558 2892 2642 2933 eo.
2697 2895 2726 2929 »
2784 2874 2947 2949 Quod
2997 2874 3094 2945 ait,
3125 2884 3212 2931 est
3249 2875 3567 2948 hujusmodi
3600 2895 3616 2934 :
3657 2880 3713 2937 Si

2116 2971 2239 3044 quis
2256 2968 2521 3026 charitate
2538 2966 2855 3040 proximum
2876 2980 3038 3023 suum
3066 2965 3435 3038 prosequitur,
3460 2966 3508 3023 is
3532 2971 3718 3025 Deum

2117 3060 2281 3117 etiam
2313 3074 2537 3131 prorsus
2570 3056 2769 3127 diligit.
2804 3056 2911 3126 Qui
2936 3063 3125 3111 autem
3151 3058 3331 3112 Deum
3369 3055 3574 3129 diligit,
3604 3073 3719 3115 non

2115 3150 2277 3218 dixit,
2301 3148 2623 3223 cognoverit
2642 3150 2840 3212 Deum,
2861 3144 2978 3214 sed,
3008 3167 3033 3193 α
3064 3148 3111 3202 Α
3132 3147 3250 3200 Deo
3276 3145 3528 3218 cognitus
3555 3155 3670 3204 est:
3690 3171 3715 3197 ι.

2037 3264 2081 3328 C
2115 3241 2221 3297 hoc
2253 3246 2357 3308 est,
2388 3247 2550 3294 notus
2577 3236 2679 3308 ipsi
2703 3246 2762 3328 et
2794 3234 3089 3328 familiaris
3130 3234 3508 3328 constituitur.
3538 3239 3719 3328 Notus

2115 3340 2305 3387 autem
2348 3333 2489 3397 Deo,
2520 3326 2807 3384 scientiam
2838 3326 2905 3381 ab
2936 3341 3001 3382 eo
3031 3325 3230 3398 accipit
3281 3344 3294 3380 :
3364 3341 3543 3399 neque
3574 3326 3721 3385 hanc

2114 3430 2299 3477 tamen
2354 3417 2658 3491 perfectam
2703 3415 2885 3472 habet.
2943 3413 3203 3482 Proinde,
3261 3423 3316 3471 et
3342 3416 3387 3473 si
3432 3416 3719 3473 scientiam

2114 3509 2335 3577 habeas,
2364 3508 2476 3564 noli
2505 3506 2708 3563 efferri.
2754 3507 2897 3560 Nam
2926 3519 3104 3576 neque
3132 3503 3366 3575 perfecta
3385 3514 3489 3577 est,
3540 3522 3720 3578 neque

2113 3607 2272 3655 tuum
2306 3612 2464 3669 opus,
2511 3595 2608 3652 sed
2652 3595 2749 3649 Dei
2780 3592 3008 3649 donum.
3064 3592 3205 3649 Vide
3266 3593 3431 3666 igitur
3496 3595 3719 3667 quantis

2114 3687 2450 3761 argumentis
2474 3701 2667 3742 eorum
2693 3682 3002 3755 superbiam
3039 3682 3281 3738 cohibet.

2189 3782 2358 3834 Vens.
2394 3783 2446 3832 4.
2487 3800 2511 3825 α
2565 3778 2646 3831 De
2697 3772 3123 3829 manducatione
3162 3787 3289 3828 vero
3318 3788 3533 3841 eorum,
3592 3789 3716 3846 qua:

2116 3868 2277 3925 idolis
2312 3874 2440 3923 sunt
2482 3865 2688 3927 oblata,
2718 3863 2921 3918 scimus
2954 3860 3105 3933 quod
3135 3860 3345 3916 idolum
3375 3861 3507 3917 nihil
3544 3870 3628 3918 est
3655 3863 3714 3918 in

2116 3954 2355 4024 mundo,
2384 3962 2440 4010 et
2465 3954 2616 4025 quod
2642 3950 2826 4007 nullus
2852 3958 2937 4006 est
2968 3952 3112 4005 Deus
3129 3948 3233 4004 nisi
3264 3964 3427 4005 unus.
3457 3973 3481 3997 ι
3502 3952 3718 4007 Rursus

2116 4045 2485 4119 cognitionem
2502 4056 2864 4098 communem
2890 4038 3040 4108 facit,
3068 4037 3380 4110 deprimens
3422 4054 3537 4096 eos.
3576 4042 3717 4097 Nam

2119 4151 2334 4199 omnes,
2389 4132 2585 4205 inquit,
2638 4132 2843 4187 scimus
2898 4127 3049 4200 quod
3106 4127 3316 4185 idolum
3352 4128 3492 4184 nihil
3538 4130 3609 4185 sit
3662 4130 3717 4187 in

2117 4224 2344 4281 mundo.
2379 4226 2577 4279 Nonne
2602 4221 2769 4293 igitur
2799 4226 2931 4275 sunt
2950 4217 3092 4274 idola
3124 4221 3147 4273 ?
3178 4233 3359 4275 nonne
3398 4219 3721 4291 sculptilia?

2114 4316 2253 4371 Sunt
2277 4313 2518 4386 quidem,
2541 4309 2639 4367 sed
2671 4309 2801 4365 nihil
2833 4317 2965 4365 sunt
3008 4327 3021 4363 :
3059 4307 3118 4365 id
3147 4316 3254 4378 est,
3304 4308 3524 4365 nullum
3549 4309 3721 4366 robur

2116 4404 2341 4462 habent.
2390 4404 2582 4473 Neque
2627 4399 2705 4456 dii
2744 4406 2893 4465 sunt,
2922 4396 3023 4454 sed
3083 4396 3289 4469 lapides
3314 4413 3378 4453 ac
3408 4397 3714 4455 daemones.

1174 4485 1313 4544 ’καὶ
1364 4487 1411 4543 οἷ
1442 4484 1537 4559 μὲν
1598 4486 1805 4544 ἰδιῶται
1862 4487 2005 4546 οὐδὲν

2117 4492 2254 4563 Quia
2283 4507 2413 4548 vero
2437 4489 2586 4561 apud
2616 4489 2843 4545 Graecos
2897 4486 3051 4543 fuere
3090 4494 3145 4541 et
3174 4485 3379 4543 indocti
3411 4494 3466 4542 et
3494 4487 3720 4556 sapien-

2114 4592 2197 4639 tes
2249 4599 2263 4635 :
2323 4579 2528 4637 indocti
2557 4577 2784 4650 quidem
2844 4575 2977 4632 nihil
3036 4575 3157 4648 plus
3204 4574 3346 4630 idola
3406 4590 3525 4631 esse
3548 4590 3718 4646 quam

2116 4670 2327 4743 lapides
2370 4676 2572 4726 norant
2637 4686 2649 4722 :
2706 4665 3014 4739 philosophi
3072 4680 3200 4721 vero
3230 4663 3444 4721 divinas
3494 4663 3548 4720 in
3584 4663 3721 4736 ipsis

2120 4760 2370 4817 habitare
2404 4760 2634 4815 virtutes
2690 4755 3127 4821 arbitrabantur,
3157 4770 3292 4827 quas
3318 4762 3371 4809 et
3392 4753 3526 4810 deos
3553 4769 3722 4810 voca-

2119 4851 2271 4920 bant;
2295 4849 2363 4905 ad
2380 4848 2584 4905 idiotas
2598 4847 2735 4903 dixit
2757 4865 2769 4901 :
2792 4869 2817 4895 α
2838 4844 3059 4902 Idolum
3075 4844 3210 4901 nihil
3236 4852 3321 4900 est
3339 4844 3395 4900 in
3431 4842 3673 4901 mundo:
3693 4868 3718 4893 ι

2118 4940 2187 4997 ad
2212 4937 2567 5013 philosophos
2595 4953 2745 5005 vero,
2784 4938 2967 5008 «_Non
3010 4942 3095 4991 est
3121 4935 3259 4991 alius
3286 4937 3460 5002 Deus,
3502 4941 3726 5006 praeter-

2120 5046 2289 5103 quam
2319 5044 2479 5084 unus.
2514 5050 2539 5075 »
2572 5026 2741 5099 Igitur
2798 5042 2976 5099 neque
3016 5025 3242 5081 virtutes
3287 5024 3492 5081 divinae
3541 5024 3724 5078 simu-

2121 5122 2266 5177 lacra
2324 5121 2427 5175 ista
2477 5117 2789 5173 inhabitant
2839 5136 2852 5171 :
2895 5131 3040 5171 unus
3082 5114 3231 5171 enim
3282 5116 3434 5169 Deus
3461 5120 3563 5180 est,
3612 5127 3724 5168 non

2122 5209 2301 5267 multi.

2204 5300 2364 5371 167
2395 5300 2574 5354 Vens.
2608 5302 2660 5362 5,
2703 5302 2756 5352 6.
2803 5319 2827 5344 ιι
2859 5298 3000 5352 Nam
3021 5302 3075 5349 et
3099 5294 3143 5350 si
3174 5301 3309 5349 sunt
3351 5292 3442 5364 qui
3469 5290 3726 5348 dicantur

2122 5388 2219 5455 dii,
2251 5390 2363 5444 sive
2391 5387 2443 5443 in
2490 5386 2657 5455 caelo,
2688 5385 2801 5441 sive
2860 5386 2915 5440 in
2948 5392 3091 5440 terra
3123 5380 3621 5454 (quemadmodum
3647 5380 3726 5437 dii

2122 5479 2279 5535 multi
2329 5486 2480 5545 sunt,
2531 5485 2587 5532 et
2638 5475 2850 5532 domini
2902 5473 3110 5542 multi),
3154 5470 3315 5528 nobis
3364 5478 3552 5527 tamen
3581 5486 3728 5527 unus

2127 5572 2280 5624 Deus
2322 5570 2481 5624 Pater
2509 5573 2611 5634 est,
2658 5580 2724 5621 ex
2776 5579 2886 5637 quo
2914 5562 3124 5629 omnia,
3155 5568 3209 5618 et
3234 5576 3337 5617 nos
3372 5561 3429 5616 in
3461 5560 3659 5632 ipsum.
3698 5582 3725 5608 ι

1828 5683 2019 5743 Variae
2061 5683 2364 5741 lectiones.

490 5792 533 5825 τε
582 5792 633 5846 ἓν
681 5809 731 5849 ο,
881 5792 921 5825 ττ
970 5792 1138 5846 οἴδατε
1192 5807 1249 5849 0.
1354 5792 1395 5825 7“
1447 5792 1621 5859 ἑαυτῆς
1685 5808 1739 5848 ο.

424 5874 471 5908 ⁸³
511 5872 581 5929 ἴσ.
612 5878 679 5936 ἃς.

1888 5792 1931 5824 7°
1982 5796 2171 5863 γνῶναι
2223 5806 2277 5845 0.

2354 5788 2397 5821 ⁸ο
2440 5787 2589 5840 αὐτοῦ
2643 5802 2695 5842 ο.
2826 5786 2862 5818 ⁸¹
2932 5784 3143 5855 Χριστοῦ
3221 5799 3273 5840 ο.
3405 5783 3447 5815 ³³
3494 5777 3619 5848 ἦσαν
3674 5795 3727 5835 o.
