  <div class='ocr_page' id='page_1' title='image "/cluster/home/n/w/nwhite01/storage/ocr_20150623/124:no.2/coo.31924054870294/337.png"; bbox 0 0 4090 6416; ppageno 0'>
   <div class='ocr_carea' id='block_1_1' title="bbox 391 513 496 568">
    <p class='ocr_par' dir='ltr' id='par_1_1' title="bbox 391 513 496 568">
     <span class='ocr_line' id='line_1_1' title="bbox 391 513 496 568; baseline -0.01 0"><span class='ocrx_word' id='word_1_1' title='bbox 391 513 496 568; x_wconf 84' lang='grc'><strong>659</strong></span> 
     </span>
    </p>
   </div>
   <div class='ocr_carea' id='block_1_2' title="bbox 1415 508 2681 566">
    <p class='ocr_par' dir='ltr' id='par_1_2' title="bbox 1415 508 2681 566">
     <span class='ocr_line' id='line_1_2' title="bbox 1415 508 2681 566; baseline -0.001 0"><span class='ocrx_word' id='word_1_2' title='bbox 1415 508 1932 566; x_wconf 80' lang='lat' dir='ltr'><strong>THEOPHYLACTI</strong></span> <span class='ocrx_word' id='word_1_3' title='bbox 1970 508 2329 566; x_wconf 74' lang='lat' dir='ltr'><strong>BULGARI/E</strong></span> <span class='ocrx_word' id='word_1_4' title='bbox 2369 509 2681 566; x_wconf 81' lang='lat' dir='ltr'><strong>ARCHIEP.</strong></span> 
     </span>
    </p>
   </div>
   <div class='ocr_carea' id='block_1_3' title="bbox 3595 511 3698 566">
    <p class='ocr_par' dir='ltr' id='par_1_3' title="bbox 3595 511 3698 566">
     <span class='ocr_line' id='line_1_3' title="bbox 3595 511 3698 566; baseline 0.019 -2"><span class='ocrx_word' id='word_1_5' title='bbox 3595 511 3698 566; x_wconf 84' lang='lat'><em>660</em></span> 
     </span>
    </p>
   </div>
   <div class='ocr_carea' id='block_1_4' title="bbox 391 634 1992 717">
    <p class='ocr_par' dir='ltr' id='par_1_4' title="bbox 391 635 1987 708">
     <span class='ocr_line' id='line_1_4' title="bbox 391 635 1987 708; baseline -0.003 -12"><span class='ocrx_word' id='word_1_6' title='bbox 391 640 534 696; x_wconf 90' lang='lat' dir='ltr'><strong>Cum</strong></span> <span class='ocrx_word' id='word_1_7' title='bbox 556 635 773 693; x_wconf 91' lang='lat' dir='ltr'><strong>nullum</strong></span> <span class='ocrx_word' id='word_1_8' title='bbox 803 650 926 694; x_wconf 92' lang='lat' dir='ltr'><strong>esse</strong></span> <span class='ocrx_word' id='word_1_9' title='bbox 947 635 1118 694; x_wconf 87' lang='lat' dir='ltr'><strong>alium</strong></span> <span class='ocrx_word' id='word_1_10' title='bbox 1148 638 1332 694; x_wconf 91' lang='lat' dir='ltr'><strong>Deum</strong></span> <span class='ocrx_word' id='word_1_11' title='bbox 1349 637 1693 706; x_wconf 85' lang='lat' dir='ltr'><strong>asseruisset,</strong></span> <span class='ocrx_word' id='word_1_12' title='bbox 1735 651 1798 692; x_wconf 90' lang='lat' dir='ltr'><strong>ac</strong></span> <span class='ocrx_word' id='word_1_13' title='bbox 1842 635 1987 708; x_wconf 90' lang='lat' dir='ltr'><strong>apud</strong></span> 
     </span>
    </p>
   </div>
   <div class='ocr_carea' id='block_1_5' title="bbox 2103 634 3693 717">
    <p class='ocr_par' dir='ltr' id='par_1_5' title="bbox 2103 634 3693 717">
     <span class='ocr_line' id='line_1_5' title="bbox 2103 634 3693 717; baseline 0.001 -24"><span class='ocrx_word' id='word_1_14' title='bbox 2103 634 2182 694; x_wconf 77' lang='grc' dir='ltr'>ὅτι</span> <span class='ocrx_word' id='word_1_15' title='bbox 2211 663 2232 688; x_wconf 84' lang='grc' dir='ltr'><strong>α</strong></span> <span class='ocrx_word' id='word_1_16' title='bbox 2249 636 2441 703; x_wconf 76' lang='grc' dir='ltr'>Οὐδεὶς</span> <span class='ocrx_word' id='word_1_17' title='bbox 2460 637 2597 703; x_wconf 87' lang='grc' dir='ltr'>Θεὸς</span> <span class='ocrx_word' id='word_1_18' title='bbox 2620 636 2817 716; x_wconf 81' lang='grc' dir='ltr'>ἕτερος,</span> <span class='ocrx_word' id='word_1_19' title='bbox 2848 662 2870 688; x_wconf 72' lang='grc' dir='ltr'><strong>υ</strong></span> <span class='ocrx_word' id='word_1_20' title='bbox 2893 635 3132 715; x_wconf 81' lang='grc' dir='ltr'>ἐλέγοντο</span> <span class='ocrx_word' id='word_1_21' title='bbox 3154 634 3208 695; x_wconf 84' lang='grc' dir='ltr'>δὲ</span> <span class='ocrx_word' id='word_1_22' title='bbox 3227 635 3414 694; x_wconf 69' lang='grc' dir='ltr'>πολλοὶ</span> <span class='ocrx_word' id='word_1_23' title='bbox 3435 636 3543 696; x_wconf 76' lang='grc' dir='ltr'>θεοὶ</span> <span class='ocrx_word' id='word_1_24' title='bbox 3563 639 3693 717; x_wconf 88' lang='grc' dir='ltr'>παρ’</span> 
     </span>
    </p>
   </div>
   <div class='ocr_carea' id='block_1_6' title="bbox 394 723 1993 787">
    <p class='ocr_par' dir='ltr' id='par_1_6' title="bbox 394 723 1993 787">
     <span class='ocr_line' id='line_1_6' title="bbox 394 723 1993 787; baseline -0.003 0"><span class='ocrx_word' id='word_1_25' title='bbox 394 729 623 787; x_wconf 56' lang='lat' dir='ltr'><strong>Graecos</strong></span> <span class='ocrx_word' id='word_1_26' title='bbox 649 725 725 784; x_wconf 89' lang='lat' dir='ltr'><strong>dii</strong></span> <span class='ocrx_word' id='word_1_27' title='bbox 771 726 933 784; x_wconf 90' lang='lat' dir='ltr'><strong>multi</strong></span> <span class='ocrx_word' id='word_1_28' title='bbox 991 725 1360 784; x_wconf 88' lang='lat' dir='ltr'><strong>dicebantur:</strong></span> <span class='ocrx_word' id='word_1_29' title='bbox 1408 742 1477 782; x_wconf 91' lang='lat' dir='ltr'><strong>ne</strong></span> <span class='ocrx_word' id='word_1_30' title='bbox 1519 723 1799 782; x_wconf 74' lang='lat' dir='ltr'><strong>videretur</strong></span> <span class='ocrx_word' id='word_1_31' title='bbox 1826 725 1993 782; x_wconf 86' lang='lat' dir='ltr'><strong>rebus</strong></span> 
     </span>
    </p>
   </div>
   <div class='ocr_carea' id='block_1_7' title="bbox 393 814 1993 890">
    <p class='ocr_par' dir='ltr' id='par_1_7' title="bbox 393 814 1993 890">
     <span class='ocr_line' id='line_1_7' title="bbox 393 814 1993 890; baseline -0.003 -16"><span class='ocrx_word' id='word_1_32' title='bbox 393 815 700 874; x_wconf 81' lang='lat' dir='ltr'><strong>manifestis</strong></span> <span class='ocrx_word' id='word_1_33' title='bbox 754 832 1082 890; x_wconf 81' lang='lat' dir='ltr'><strong>repugnare,</strong></span> <span class='ocrx_word' id='word_1_34' title='bbox 1113 816 1334 873; x_wconf 88' lang='lat' dir='ltr'><strong>etiamsi</strong></span> <span class='ocrx_word' id='word_1_35' title='bbox 1383 817 1524 885; x_wconf 89' lang='lat' dir='ltr'><strong>sint,</strong></span> <span class='ocrx_word' id='word_1_36' title='bbox 1551 815 1754 888; x_wconf 85' lang='lat' dir='ltr'><strong>inquit,</strong></span> <span class='ocrx_word' id='word_1_37' title='bbox 1783 816 1875 888; x_wconf 91' lang='lat' dir='ltr'><strong>qui</strong></span> <span class='ocrx_word' id='word_1_38' title='bbox 1911 814 1993 872; x_wconf 91' lang='lat' dir='ltr'><strong>di-</strong></span> 
     </span>
    </p>
   </div>
   <div class='ocr_carea' id='block_1_8' title="bbox 394 904 1995 980">
    <p class='ocr_par' dir='ltr' id='par_1_8' title="bbox 394 904 1995 980">
     <span class='ocr_line' id='line_1_8' title="bbox 394 904 1995 980; baseline -0.001 -17"><span class='ocrx_word' id='word_1_39' title='bbox 394 915 589 963; x_wconf 83' lang='lat' dir='ltr'><strong>cantur</strong></span> <span class='ocrx_word' id='word_1_40' title='bbox 621 905 714 976; x_wconf 90' lang='lat' dir='ltr'><strong>dii,</strong></span> <span class='ocrx_word' id='word_1_41' title='bbox 753 905 860 962; x_wconf 84' lang='lat' dir='ltr'><strong>hoc</strong></span> <span class='ocrx_word' id='word_1_42' title='bbox 907 915 1012 976; x_wconf 88' lang='lat' dir='ltr'><strong>est,</strong></span> <span class='ocrx_word' id='word_1_43' title='bbox 1062 907 1156 980; x_wconf 86' lang='lat' dir='ltr'><strong>qui</strong></span> <span class='ocrx_word' id='word_1_44' title='bbox 1209 922 1399 964; x_wconf 79' lang='lat' dir='ltr'><strong>revera</strong></span> <span class='ocrx_word' id='word_1_45' title='bbox 1447 922 1562 962; x_wconf 93' lang='lat' dir='ltr'><strong>non</strong></span> <span class='ocrx_word' id='word_1_46' title='bbox 1606 904 1741 974; x_wconf 91' lang='lat' dir='ltr'><strong>sint,</strong></span> <span class='ocrx_word' id='word_1_47' title='bbox 1769 905 1861 962; x_wconf 93' lang='lat' dir='ltr'><strong>sed</strong></span> <span class='ocrx_word' id='word_1_48' title='bbox 1893 921 1995 962; x_wconf 86' lang='lat' dir='ltr'><strong>no-</strong></span> 
     </span>
    </p>
   </div>
   <div class='ocr_carea' id='block_1_9' title="bbox 394 994 1994 1067">
    <p class='ocr_par' dir='ltr' id='par_1_9' title="bbox 394 994 1994 1067">
     <span class='ocr_line' id='line_1_9' title="bbox 394 994 1994 1067; baseline -0.001 -15"><span class='ocrx_word' id='word_1_49' title='bbox 394 995 548 1053; x_wconf 85' lang='lat' dir='ltr'><strong>mine</strong></span> <span class='ocrx_word' id='word_1_50' title='bbox 575 1003 735 1052; x_wconf 89' lang='lat' dir='ltr'><strong>tenus</strong></span> <span class='ocrx_word' id='word_1_51' title='bbox 770 1015 783 1051; x_wconf 87' lang='lat'><strong>:</strong></span> <span class='ocrx_word' id='word_1_52' title='bbox 815 995 926 1052; x_wconf 87' lang='lat' dir='ltr'><strong>sive</strong></span> <span class='ocrx_word' id='word_1_53' title='bbox 967 995 1026 1052; x_wconf 91' lang='lat' dir='ltr'><strong>in</strong></span> <span class='ocrx_word' id='word_1_54' title='bbox 1078 996 1241 1062; x_wconf 78' lang='lat' dir='ltr'><strong>coelo,</strong></span> <span class='ocrx_word' id='word_1_55' title='bbox 1272 1004 1334 1053; x_wconf 89' lang='lat' dir='ltr'><strong>ut</strong></span> <span class='ocrx_word' id='word_1_56' title='bbox 1356 995 1439 1053; x_wconf 91' lang='lat' dir='ltr'><strong>sol</strong></span> <span class='ocrx_word' id='word_1_57' title='bbox 1490 1003 1546 1052; x_wconf 93' lang='lat' dir='ltr'><strong>et</strong></span> <span class='ocrx_word' id='word_1_58' title='bbox 1572 995 1721 1062; x_wconf 93' lang='lat' dir='ltr'><strong>luna,</strong></span> <span class='ocrx_word' id='word_1_59' title='bbox 1761 994 1994 1067; x_wconf 66' lang='lat' dir='ltr'><strong>aliaeque</strong></span> 
     </span>
    </p>
   </div>
   <div class='ocr_carea' id='block_1_10' title="bbox 393 1083 1990 1158">
    <p class='ocr_par' dir='ltr' id='par_1_10' title="bbox 393 1083 1990 1158">
     <span class='ocr_line' id='line_1_10' title="bbox 393 1083 1990 1158; baseline 0 -16"><span class='ocrx_word' id='word_1_60' title='bbox 393 1084 569 1142; x_wconf 65' lang='lat' dir='ltr'><strong>stellae</strong></span> <span class='ocrx_word' id='word_1_61' title='bbox 599 1093 652 1141; x_wconf 92' lang='lat' dir='ltr'><strong>et</strong></span> <span class='ocrx_word' id='word_1_62' title='bbox 669 1085 872 1151; x_wconf 83' lang='lat' dir='ltr'><strong>sidera,</strong></span> <span class='ocrx_word' id='word_1_63' title='bbox 905 1085 1105 1158; x_wconf 92' lang='lat' dir='ltr'><strong>quibus</strong></span> <span class='ocrx_word' id='word_1_64' title='bbox 1130 1085 1305 1143; x_wconf 64' lang='lat' dir='ltr'><strong>Graci</strong></span> <span class='ocrx_word' id='word_1_65' title='bbox 1335 1085 1565 1141; x_wconf 89' lang='lat' dir='ltr'><strong>numina</strong></span> <span class='ocrx_word' id='word_1_66' title='bbox 1588 1083 1990 1142; x_wconf 87' lang='lat' dir='ltr'><strong>attribuerunt:</strong></span> 
     </span>
    </p>
   </div>
   <div class='ocr_carea' id='block_1_11' title="bbox 395 1173 1992 1248">
    <p class='ocr_par' dir='ltr' id='par_1_11' title="bbox 395 1173 1992 1248">
     <span class='ocr_line' id='line_1_11' title="bbox 395 1173 1992 1248; baseline 0.002 -16"><span class='ocrx_word' id='word_1_67' title='bbox 395 1175 512 1232; x_wconf 84' lang='lat' dir='ltr'><strong>sive</strong></span> <span class='ocrx_word' id='word_1_68' title='bbox 539 1190 704 1248; x_wconf 89' lang='lat' dir='ltr'><strong>super</strong></span> <span class='ocrx_word' id='word_1_69' title='bbox 729 1182 958 1244; x_wconf 89' lang='lat' dir='ltr'><strong>terram,</strong></span> <span class='ocrx_word' id='word_1_70' title='bbox 985 1183 1047 1232; x_wconf 92' lang='lat' dir='ltr'><strong>ut</strong></span> <span class='ocrx_word' id='word_1_71' title='bbox 1082 1176 1174 1248; x_wconf 91' lang='lat' dir='ltr'><strong>qui</strong></span> <span class='ocrx_word' id='word_1_72' title='bbox 1209 1193 1282 1234; x_wconf 84' lang='lat' dir='ltr'><strong>ex</strong></span> <span class='ocrx_word' id='word_1_73' title='bbox 1307 1177 1627 1238; x_wconf 88' lang='lat' dir='ltr'><strong>hominibus</strong></span> <span class='ocrx_word' id='word_1_74' title='bbox 1672 1173 1730 1230; x_wconf 82' lang='lat' dir='ltr'><strong>in</strong></span> <span class='ocrx_word' id='word_1_75' title='bbox 1759 1179 1992 1237; x_wconf 88' lang='lat' dir='ltr'><strong>deorum</strong></span> 
     </span>
    </p>
   </div>
   <div class='ocr_carea' id='block_1_12' title="bbox 393 1262 2000 1326">
    <p class='ocr_par' dir='ltr' id='par_1_12' title="bbox 393 1262 2000 1326">
     <span class='ocr_line' id='line_1_12' title="bbox 393 1262 2000 1326; baseline 0.002 -6"><span class='ocrx_word' id='word_1_76' title='bbox 393 1262 647 1320; x_wconf 85' lang='lat' dir='ltr'><strong>ordinem</strong></span> <span class='ocrx_word' id='word_1_77' title='bbox 677 1263 746 1319; x_wconf 92' lang='lat' dir='ltr'><strong>ab</strong></span> <span class='ocrx_word' id='word_1_78' title='bbox 772 1263 836 1319; x_wconf 90' lang='lat' dir='ltr'><strong>iis</strong></span> <span class='ocrx_word' id='word_1_79' title='bbox 883 1265 1134 1320; x_wconf 84' lang='lat' dir='ltr'><strong>translati</strong></span> <span class='ocrx_word' id='word_1_80' title='bbox 1159 1274 1287 1322; x_wconf 91' lang='lat' dir='ltr'><strong>sunt</strong></span> <span class='ocrx_word' id='word_1_81' title='bbox 1317 1282 1332 1320; x_wconf 92' lang='lat'><strong>:</strong></span> <span class='ocrx_word' id='word_1_82' title='bbox 1394 1276 1454 1324; x_wconf 90' lang='lat' dir='ltr'><strong>at</strong></span> <span class='ocrx_word' id='word_1_83' title='bbox 1489 1285 1617 1326; x_wconf 86' lang='lat' dir='ltr'><strong>vero</strong></span> <span class='ocrx_word' id='word_1_84' title='bbox 1655 1293 1680 1320; x_wconf 75' lang='grc' dir='ltr'><strong>σι</strong></span> <span class='ocrx_word' id='word_1_85' title='bbox 1710 1270 1872 1326; x_wconf 90' lang='lat' dir='ltr'><strong>nobis</strong></span> <span class='ocrx_word' id='word_1_86' title='bbox 1907 1275 2000 1325; x_wconf 88' lang='lat' dir='ltr'><strong>est</strong></span> 
     </span>
    </p>
   </div>
   <div class='ocr_carea' id='block_1_13' title="bbox 395 1356 1996 1432">
    <p class='ocr_par' dir='ltr' id='par_1_13' title="bbox 395 1356 1996 1432">
     <span class='ocr_line' id='line_1_13' title="bbox 395 1356 1996 1432; baseline 0.002 -23"><span class='ocrx_word' id='word_1_87' title='bbox 395 1369 541 1409; x_wconf 89' lang='lat' dir='ltr'><strong>unus</strong></span> <span class='ocrx_word' id='word_1_88' title='bbox 576 1356 725 1410; x_wconf 90' lang='lat' dir='ltr'><strong>Deus</strong></span> <span class='ocrx_word' id='word_1_89' title='bbox 750 1357 928 1423; x_wconf 89' lang='lat' dir='ltr'><strong>Pater,</strong></span> <span class='ocrx_word' id='word_1_90' title='bbox 969 1371 1035 1412; x_wconf 86' lang='lat' dir='ltr'><strong>ex</strong></span> <span class='ocrx_word' id='word_1_91' title='bbox 1065 1372 1175 1428; x_wconf 92' lang='lat' dir='ltr'><strong>quo</strong></span> <span class='ocrx_word' id='word_1_92' title='bbox 1203 1357 1395 1414; x_wconf 90' lang='lat' dir='ltr'><strong>omnia</strong></span> <span class='ocrx_word' id='word_1_93' title='bbox 1422 1379 1437 1415; x_wconf 91' lang='lat'>:</span> <span class='ocrx_word' id='word_1_94' title='bbox 1490 1383 1516 1409; x_wconf 79' lang='lat'><strong>»</strong></span> <span class='ocrx_word' id='word_1_95' title='bbox 1549 1361 1697 1432; x_wconf 91' lang='lat' dir='ltr'><strong>quod</strong></span> <span class='ocrx_word' id='word_1_96' title='bbox 1724 1359 1996 1432; x_wconf 82' lang='lat' dir='ltr'><strong>signiﬁcat</strong></span> 
     </span>
    </p>
   </div>
   <div class='ocr_carea' id='block_1_14' title="bbox 398 1444 1990 1521">
    <p class='ocr_par' dir='ltr' id='par_1_14' title="bbox 398 1444 1990 1521">
     <span class='ocr_line' id='line_1_14' title="bbox 398 1444 1990 1521; baseline 0.003 -22"><span class='ocrx_word' id='word_1_97' title='bbox 398 1459 529 1500; x_wconf 89' lang='lat' dir='ltr'><strong>eum</strong></span> <span class='ocrx_word' id='word_1_98' title='bbox 582 1459 700 1500; x_wconf 90' lang='lat' dir='ltr'><strong>esse</strong></span> <span class='ocrx_word' id='word_1_99' title='bbox 746 1444 1098 1501; x_wconf 89' lang='lat' dir='ltr'><strong>Conditorem</strong></span> <span class='ocrx_word' id='word_1_100' title='bbox 1146 1454 1203 1502; x_wconf 88' lang='lat' dir='ltr'><strong>et</strong></span> <span class='ocrx_word' id='word_1_101' title='bbox 1258 1447 1591 1505; x_wconf 89' lang='lat' dir='ltr'><strong>Creatorem.</strong></span> <span class='ocrx_word' id='word_1_102' title='bbox 1669 1449 1828 1521; x_wconf 88' lang='lat' dir='ltr'><strong>Quod</strong></span> <span class='ocrx_word' id='word_1_103' title='bbox 1864 1464 1990 1504; x_wconf 88' lang='lat' dir='ltr'><strong>vero</strong></span> 
     </span>
    </p>
   </div>
   <div class='ocr_carea' id='block_1_15' title="bbox 393 1533 1989 1611">
    <p class='ocr_par' dir='ltr' id='par_1_15' title="bbox 393 1533 1989 1611">
     <span class='ocr_line' id='line_1_15' title="bbox 393 1533 1989 1611; baseline 0.002 -20"><span class='ocrx_word' id='word_1_104' title='bbox 393 1533 604 1606; x_wconf 86' lang='lat' dir='ltr'><strong>adjicit,</strong></span> <span class='ocrx_word' id='word_1_105' title='bbox 631 1555 657 1582; x_wconf 75' lang='grc' dir='ltr'><strong>ιι</strong></span> <span class='ocrx_word' id='word_1_106' title='bbox 697 1536 763 1589; x_wconf 81' lang='lat' dir='ltr'><strong>Et</strong></span> <span class='ocrx_word' id='word_1_107' title='bbox 786 1550 888 1590; x_wconf 91' lang='lat' dir='ltr'><strong>nos</strong></span> <span class='ocrx_word' id='word_1_108' title='bbox 917 1534 975 1590; x_wconf 90' lang='lat' dir='ltr'><strong>in</strong></span> <span class='ocrx_word' id='word_1_109' title='bbox 1000 1534 1177 1606; x_wconf 90' lang='lat' dir='ltr'><strong>ipsum</strong></span> <span class='ocrx_word' id='word_1_110' title='bbox 1211 1556 1223 1592; x_wconf 94' lang='lat'>:</span> <span class='ocrx_word' id='word_1_111' title='bbox 1280 1561 1302 1584; x_wconf 85' lang='lat'><strong><em>-</em></strong></span> <span class='ocrx_word' id='word_1_112' title='bbox 1346 1537 1470 1594; x_wconf 89' lang='lat' dir='ltr'><strong>ﬁdei</strong></span> <span class='ocrx_word' id='word_1_113' title='bbox 1507 1547 1562 1595; x_wconf 92' lang='lat' dir='ltr'><strong>et</strong></span> <span class='ocrx_word' id='word_1_114' title='bbox 1579 1539 1989 1611; x_wconf 89' lang='lat' dir='ltr'><strong>appropriatio-</strong></span> 
     </span>
    </p>
   </div>
   <div class='ocr_carea' id='block_1_16' title="bbox 395 1623 1997 1698">
    <p class='ocr_par' dir='ltr' id='par_1_16' title="bbox 395 1623 1997 1698">
     <span class='ocr_line' id='line_1_16' title="bbox 395 1623 1997 1698; baseline 0.005 -20"><span class='ocrx_word' id='word_1_115' title='bbox 395 1623 479 1679; x_wconf 91' lang='lat' dir='ltr'><strong>nis</strong></span> <span class='ocrx_word' id='word_1_116' title='bbox 510 1623 778 1679; x_wconf 88' lang='lat' dir='ltr'><strong>rationem</strong></span> <span class='ocrx_word' id='word_1_117' title='bbox 809 1623 1016 1680; x_wconf 89' lang='lat' dir='ltr'><strong>indicat</strong></span> <span class='ocrx_word' id='word_1_118' title='bbox 1072 1641 1084 1678; x_wconf 93' lang='lat'>:</span> <span class='ocrx_word' id='word_1_119' title='bbox 1134 1625 1362 1696; x_wconf 88' lang='lat' dir='ltr'><strong>perinde</strong></span> <span class='ocrx_word' id='word_1_120' title='bbox 1401 1643 1464 1684; x_wconf 91' lang='lat' dir='ltr'><strong>ac</strong></span> <span class='ocrx_word' id='word_1_121' title='bbox 1497 1629 1542 1685; x_wconf 89' lang='lat' dir='ltr'><strong>si</strong></span> <span class='ocrx_word' id='word_1_122' title='bbox 1579 1629 1750 1698; x_wconf 94' lang='lat' dir='ltr'><strong>dicat,</strong></span> <span class='ocrx_word' id='word_1_123' title='bbox 1794 1632 1867 1686; x_wconf 89' lang='lat' dir='ltr'><strong>Et</strong></span> <span class='ocrx_word' id='word_1_124' title='bbox 1893 1644 1997 1686; x_wconf 91' lang='lat' dir='ltr'><strong>nos</strong></span> 
     </span>
    </p>
   </div>
   <div class='ocr_carea' id='block_1_17' title="bbox 397 1712 1848 1790">
    <p class='ocr_par' dir='ltr' id='par_1_17' title="bbox 397 1712 1848 1790">
     <span class='ocr_line' id='line_1_17' title="bbox 397 1712 1848 1790; baseline 0.004 -22"><span class='ocrx_word' id='word_1_125' title='bbox 397 1712 469 1769; x_wconf 89' lang='lat' dir='ltr'><strong>ad</strong></span> <span class='ocrx_word' id='word_1_126' title='bbox 498 1713 679 1785; x_wconf 90' lang='lat' dir='ltr'><strong>ipsum</strong></span> <span class='ocrx_word' id='word_1_127' title='bbox 705 1713 955 1769; x_wconf 83' lang='lat' dir='ltr'><strong>conversi</strong></span> <span class='ocrx_word' id='word_1_128' title='bbox 985 1728 1200 1783; x_wconf 90' lang='lat' dir='ltr'><strong>sumus,</strong></span> <span class='ocrx_word' id='word_1_129' title='bbox 1233 1731 1406 1789; x_wconf 85' lang='lat' dir='ltr'><strong>exque</strong></span> <span class='ocrx_word' id='word_1_130' title='bbox 1429 1733 1494 1774; x_wconf 94' lang='lat' dir='ltr'><strong>eo</strong></span> <span class='ocrx_word' id='word_1_131' title='bbox 1520 1718 1848 1790; x_wconf 91' lang='lat' dir='ltr'><strong>pendemus.</strong></span> 
     </span>
    </p>
   </div>
   <div class='ocr_carea' id='block_1_18' title="bbox 471 1803 1992 1882">
    <p class='ocr_par' dir='ltr' id='par_1_18' title="bbox 471 1803 1992 1882">
     <span class='ocr_line' id='line_1_18' title="bbox 471 1803 1992 1882; baseline 0.007 -27"><span class='ocrx_word' id='word_1_132' title='bbox 471 1825 498 1851; x_wconf 75' lang='grc' dir='ltr'><strong>α</strong></span> <span class='ocrx_word' id='word_1_133' title='bbox 529 1803 596 1857; x_wconf 90' lang='lat' dir='ltr'><strong>Et</strong></span> <span class='ocrx_word' id='word_1_134' title='bbox 635 1818 774 1858; x_wconf 92' lang='lat' dir='ltr'><strong>unus</strong></span> <span class='ocrx_word' id='word_1_135' title='bbox 821 1803 1102 1860; x_wconf 91' lang='lat' dir='ltr'><strong>Dominus</strong></span> <span class='ocrx_word' id='word_1_136' title='bbox 1154 1807 1313 1862; x_wconf 86' lang='lat' dir='ltr'><strong>Jesus</strong></span> <span class='ocrx_word' id='word_1_137' title='bbox 1342 1807 1616 1876; x_wconf 86' lang='lat' dir='ltr'><strong>Christus,</strong></span> <span class='ocrx_word' id='word_1_138' title='bbox 1675 1825 1774 1882; x_wconf 92' lang='lat' dir='ltr'><strong>per</strong></span> <span class='ocrx_word' id='word_1_139' title='bbox 1825 1824 1992 1882; x_wconf 90' lang='lat' dir='ltr'><strong>quem</strong></span> 
     </span>
    </p>
   </div>
   <div class='ocr_carea' id='block_1_19' title="bbox 393 1891 1994 1964">
    <p class='ocr_par' dir='ltr' id='par_1_19' title="bbox 393 1891 1994 1964">
     <span class='ocr_line' id='line_1_19' title="bbox 393 1891 1994 1964; baseline 0.004 -16"><span class='ocrx_word' id='word_1_140' title='bbox 393 1891 596 1958; x_wconf 90' lang='lat' dir='ltr'><strong>omnia,</strong></span> <span class='ocrx_word' id='word_1_141' title='bbox 623 1901 678 1948; x_wconf 92' lang='lat' dir='ltr'><strong>et</strong></span> <span class='ocrx_word' id='word_1_142' title='bbox 699 1907 802 1948; x_wconf 92' lang='lat' dir='ltr'><strong>nos</strong></span> <span class='ocrx_word' id='word_1_143' title='bbox 821 1907 917 1964; x_wconf 90' lang='lat' dir='ltr'><strong>per</strong></span> <span class='ocrx_word' id='word_1_144' title='bbox 934 1893 1137 1964; x_wconf 91' lang='lat' dir='ltr'><strong>ipsum.</strong></span> <span class='ocrx_word' id='word_1_145' title='bbox 1174 1917 1198 1944; x_wconf 79' lang='grc' dir='ltr'><strong>ιι</strong></span> <span class='ocrx_word' id='word_1_146' title='bbox 1236 1898 1340 1953; x_wconf 93' lang='lat' dir='ltr'><strong>Per</strong></span> <span class='ocrx_word' id='word_1_147' title='bbox 1364 1897 1564 1954; x_wconf 90' lang='lat' dir='ltr'><strong>Filium</strong></span> <span class='ocrx_word' id='word_1_148' title='bbox 1591 1899 1781 1954; x_wconf 88' lang='lat' dir='ltr'><strong>omnia</strong></span> <span class='ocrx_word' id='word_1_149' title='bbox 1803 1897 1994 1954; x_wconf 89' lang='lat' dir='ltr'><strong>adesse</strong></span> 
     </span>
    </p>
   </div>
   <div class='ocr_carea' id='block_1_20' title="bbox 394 1980 1996 2058">
    <p class='ocr_par' dir='ltr' id='par_1_20' title="bbox 394 1980 1996 2058">
     <span class='ocr_line' id='line_1_20' title="bbox 394 1980 1996 2058; baseline 0.004 -21"><span class='ocrx_word' id='word_1_150' title='bbox 394 1980 657 2054; x_wconf 85' lang='lat' dir='ltr'><strong>perducta</strong></span> <span class='ocrx_word' id='word_1_151' title='bbox 694 1989 842 2051; x_wconf 90' lang='lat' dir='ltr'><strong>sunt,</strong></span> <span class='ocrx_word' id='word_1_152' title='bbox 880 1991 936 2038; x_wconf 91' lang='lat' dir='ltr'><strong>et</strong></span> <span class='ocrx_word' id='word_1_153' title='bbox 964 1999 1069 2040; x_wconf 92' lang='lat' dir='ltr'><strong>nos</strong></span> <span class='ocrx_word' id='word_1_154' title='bbox 1100 2000 1195 2056; x_wconf 89' lang='lat' dir='ltr'><strong>per</strong></span> <span class='ocrx_word' id='word_1_155' title='bbox 1217 1985 1400 2057; x_wconf 92' lang='lat' dir='ltr'><strong>ipsum</strong></span> <span class='ocrx_word' id='word_1_156' title='bbox 1427 1987 1678 2058; x_wconf 88' lang='lat' dir='ltr'><strong>perducti</strong></span> <span class='ocrx_word' id='word_1_157' title='bbox 1713 2004 1908 2044; x_wconf 89' lang='lat' dir='ltr'><strong>sumus</strong></span> <span class='ocrx_word' id='word_1_158' title='bbox 1933 1996 1996 2044; x_wconf 92' lang='lat' dir='ltr'><strong>ut</strong></span> 
     </span>
    </p>
   </div>
   <div class='ocr_carea' id='block_1_21' title="bbox 391 2074 1995 2145">
    <p class='ocr_par' dir='ltr' id='par_1_21' title="bbox 391 2074 1995 2145">
     <span class='ocr_line' id='line_1_21' title="bbox 391 2074 1995 2145; baseline 0.004 -18"><span class='ocrx_word' id='word_1_159' title='bbox 391 2087 665 2141; x_wconf 86' lang='lat' dir='ltr'><strong>essemus,</strong></span> <span class='ocrx_word' id='word_1_160' title='bbox 717 2081 782 2129; x_wconf 92' lang='lat' dir='ltr'><strong>ut</strong></span> <span class='ocrx_word' id='word_1_161' title='bbox 822 2074 962 2130; x_wconf 89' lang='lat' dir='ltr'><strong>bene</strong></span> <span class='ocrx_word' id='word_1_162' title='bbox 1001 2090 1249 2130; x_wconf 88' lang='lat' dir='ltr'><strong>essemus</strong></span> <span class='ocrx_word' id='word_1_163' title='bbox 1323 2096 1336 2132; x_wconf 87' lang='lat'><strong>:</strong></span> <span class='ocrx_word' id='word_1_164' title='bbox 1389 2078 1498 2134; x_wconf 87' lang='lat' dir='ltr'><strong>hoc</strong></span> <span class='ocrx_word' id='word_1_165' title='bbox 1541 2086 1644 2145; x_wconf 88' lang='lat' dir='ltr'><strong>est,</strong></span> <span class='ocrx_word' id='word_1_166' title='bbox 1693 2087 1756 2134; x_wconf 88' lang='lat' dir='ltr'><strong>ut</strong></span> <span class='ocrx_word' id='word_1_167' title='bbox 1806 2077 1995 2134; x_wconf 86' lang='lat' dir='ltr'><strong>ﬁdeles</strong></span> 
     </span>
    </p>
   </div>
   <div class='ocr_carea' id='block_1_22' title="bbox 399 2161 1997 2235">
    <p class='ocr_par' dir='ltr' id='par_1_22' title="bbox 399 2161 1997 2235">
     <span class='ocr_line' id='line_1_22' title="bbox 399 2161 1997 2235; baseline 0.003 -17"><span class='ocrx_word' id='word_1_168' title='bbox 399 2161 774 2230; x_wconf 81' lang='lat' dir='ltr'><strong>efﬁceremur,</strong></span> <span class='ocrx_word' id='word_1_169' title='bbox 810 2172 976 2235; x_wconf 92' lang='lat' dir='ltr'><strong>atque</strong></span> <span class='ocrx_word' id='word_1_170' title='bbox 1010 2179 1074 2219; x_wconf 90' lang='lat' dir='ltr'><strong>ex</strong></span> <span class='ocrx_word' id='word_1_171' title='bbox 1102 2179 1288 2221; x_wconf 89' lang='lat' dir='ltr'><strong>errore</strong></span> <span class='ocrx_word' id='word_1_172' title='bbox 1311 2165 1383 2222; x_wconf 92' lang='lat' dir='ltr'><strong>ad</strong></span> <span class='ocrx_word' id='word_1_173' title='bbox 1413 2168 1706 2224; x_wconf 84' lang='lat' dir='ltr'><strong>veritatem</strong></span> <span class='ocrx_word' id='word_1_174' title='bbox 1743 2167 1997 2224; x_wconf 88' lang='lat' dir='ltr'><strong>traduce-</strong></span> 
     </span>
    </p>
   </div>
   <div class='ocr_carea' id='block_1_23' title="bbox 393 2254 1992 2326">
    <p class='ocr_par' dir='ltr' id='par_1_23' title="bbox 393 2254 1992 2326">
     <span class='ocr_line' id='line_1_23' title="bbox 393 2254 1992 2326; baseline 0.003 -18"><span class='ocrx_word' id='word_1_175' title='bbox 393 2268 605 2309; x_wconf 87' lang='lat' dir='ltr'><strong>remur.</strong></span> <span class='ocrx_word' id='word_1_176' title='bbox 631 2255 906 2309; x_wconf 70' lang='lat' dir='ltr'><strong>Caeterum</strong></span> <span class='ocrx_word' id='word_1_177' title='bbox 923 2269 1052 2310; x_wconf 91' lang='lat' dir='ltr'><strong>cum</strong></span> <span class='ocrx_word' id='word_1_178' title='bbox 1071 2254 1246 2324; x_wconf 84' lang='lat' dir='ltr'><strong>audis,</strong></span> <span class='ocrx_word' id='word_1_179' title='bbox 1266 2275 1294 2308; x_wconf 87' lang='lat'>«</span> <span class='ocrx_word' id='word_1_180' title='bbox 1315 2259 1476 2314; x_wconf 91' lang='lat' dir='ltr'><strong>Unus</strong></span> <span class='ocrx_word' id='word_1_181' title='bbox 1493 2266 1576 2314; x_wconf 90' lang='lat' dir='ltr'><strong>est</strong></span> <span class='ocrx_word' id='word_1_182' title='bbox 1587 2260 1736 2314; x_wconf 90' lang='lat' dir='ltr'><strong>Deus</strong></span> <span class='ocrx_word' id='word_1_183' title='bbox 1759 2260 1946 2326; x_wconf 91' lang='lat' dir='ltr'><strong>Pater,</strong></span> <span class='ocrx_word' id='word_1_184' title='bbox 1965 2280 1992 2307; x_wconf 66' lang='lat' dir='ltr'><strong>ro</strong></span> 
     </span>
    </p>
   </div>
   <div class='ocr_carea' id='block_1_24' title="bbox 394 2341 1986 2403">
    <p class='ocr_par' dir='ltr' id='par_1_24' title="bbox 394 2341 1986 2403">
     <span class='ocr_line' id='line_1_24' title="bbox 394 2341 1986 2403; baseline 0.002 -5"><span class='ocrx_word' id='word_1_185' title='bbox 394 2350 451 2398; x_wconf 87' lang='lat' dir='ltr'><strong>et</strong></span> <span class='ocrx_word' id='word_1_186' title='bbox 480 2363 509 2392; x_wconf 86' lang='grc'><em>‹‹</em></span> <span class='ocrx_word' id='word_1_187' title='bbox 557 2343 722 2399; x_wconf 91' lang='lat' dir='ltr'><strong>Unus</strong></span> <span class='ocrx_word' id='word_1_188' title='bbox 757 2341 1026 2399; x_wconf 89' lang='lat' dir='ltr'><strong>Dominus</strong></span> <span class='ocrx_word' id='word_1_189' title='bbox 1073 2345 1231 2400; x_wconf 90' lang='lat' dir='ltr'><strong>Jesus</strong></span> <span class='ocrx_word' id='word_1_190' title='bbox 1261 2345 1508 2402; x_wconf 88' lang='lat' dir='ltr'><strong>Christus</strong></span> <span class='ocrx_word' id='word_1_191' title='bbox 1562 2363 1575 2401; x_wconf 92' lang='lat'>:</span> <span class='ocrx_word' id='word_1_192' title='bbox 1615 2369 1641 2395; x_wconf 68' lang='grc' dir='ltr'>π</span> <span class='ocrx_word' id='word_1_193' title='bbox 1697 2349 1781 2402; x_wconf 90' lang='lat' dir='ltr'><strong>Ne</strong></span> <span class='ocrx_word' id='word_1_194' title='bbox 1837 2345 1986 2403; x_wconf 89' lang='lat' dir='ltr'><strong>Patri</strong></span> 
     </span>
    </p>
   </div>
   <div class='ocr_carea' id='block_1_25' title="bbox 393 2431 1992 2506">
    <p class='ocr_par' dir='ltr' id='par_1_25' title="bbox 393 2431 1992 2506">
     <span class='ocr_line' id='line_1_25' title="bbox 393 2431 1992 2506; baseline 0.003 -18"><span class='ocrx_word' id='word_1_195' title='bbox 393 2431 496 2488; x_wconf 91' lang='lat' dir='ltr'><strong>soli</strong></span> <span class='ocrx_word' id='word_1_196' title='bbox 536 2431 860 2488; x_wconf 89' lang='lat' dir='ltr'><strong>attributum</strong></span> <span class='ocrx_word' id='word_1_197' title='bbox 891 2447 1119 2490; x_wconf 87' lang='lat' dir='ltr'><strong>censeas</strong></span> <span class='ocrx_word' id='word_1_198' title='bbox 1145 2434 1245 2490; x_wconf 91' lang='lat' dir='ltr'><strong>Dei</strong></span> <span class='ocrx_word' id='word_1_199' title='bbox 1296 2435 1649 2506; x_wconf 89' lang='lat' dir='ltr'><strong>vocabulum,</strong></span> <span class='ocrx_word' id='word_1_200' title='bbox 1679 2436 1815 2492; x_wconf 93' lang='lat' dir='ltr'><strong>Filio</strong></span> <span class='ocrx_word' id='word_1_201' title='bbox 1840 2453 1992 2505; x_wconf 90' lang='lat' dir='ltr'><strong>vero,</strong></span> 
     </span>
    </p>
   </div>
   <div class='ocr_carea' id='block_1_26' title="bbox 393 2520 1993 2598">
    <p class='ocr_par' dir='ltr' id='par_1_26' title="bbox 393 2520 1993 2598">
     <span class='ocr_line' id='line_1_26' title="bbox 393 2520 1993 2598; baseline 0.003 -21"><span class='ocrx_word' id='word_1_202' title='bbox 393 2520 642 2578; x_wconf 90' lang='lat' dir='ltr'><strong>Domini.</strong></span> <span class='ocrx_word' id='word_1_203' title='bbox 691 2521 1186 2580; x_wconf 87' lang='lat' dir='ltr'><strong>Indiscriminatim</strong></span> <span class='ocrx_word' id='word_1_204' title='bbox 1224 2540 1462 2598; x_wconf 92' lang='lat' dir='ltr'><strong>namque</strong></span> <span class='ocrx_word' id='word_1_205' title='bbox 1506 2535 1562 2582; x_wconf 89' lang='lat' dir='ltr'><strong>et</strong></span> <span class='ocrx_word' id='word_1_206' title='bbox 1619 2526 1792 2582; x_wconf 90' lang='lat' dir='ltr'><strong>Filius</strong></span> <span class='ocrx_word' id='word_1_207' title='bbox 1841 2529 1993 2582; x_wconf 90' lang='lat' dir='ltr'><strong>Deus</strong></span> 
     </span>
    </p>
   </div>
   <div class='ocr_carea' id='block_1_27' title="bbox 395 2611 1992 2688">
    <p class='ocr_par' dir='ltr' id='par_1_27' title="bbox 395 2611 1992 2688">
     <span class='ocr_line' id='line_1_27' title="bbox 395 2611 1992 2688; baseline 0.003 -20"><span class='ocrx_word' id='word_1_208' title='bbox 395 2619 498 2680; x_wconf 91' lang='lat' dir='ltr'><strong>est,</strong></span> <span class='ocrx_word' id='word_1_209' title='bbox 526 2611 605 2668; x_wconf 91' lang='lat' dir='ltr'><strong>uti</strong></span> <span class='ocrx_word' id='word_1_210' title='bbox 626 2613 684 2668; x_wconf 88' lang='lat' dir='ltr'><strong>in</strong></span> <span class='ocrx_word' id='word_1_211' title='bbox 714 2611 822 2669; x_wconf 88' lang='lat' dir='ltr'><strong>hoc</strong></span> <span class='ocrx_word' id='word_1_212' title='bbox 845 2613 966 2670; x_wconf 89' lang='lat' dir='ltr'><strong>loco</strong></span> <span class='ocrx_word' id='word_1_213' title='bbox 996 2633 1008 2669; x_wconf 91' lang='lat'>:</span> <span class='ocrx_word' id='word_1_214' title='bbox 1036 2637 1062 2664; x_wconf 75' lang='grc' dir='ltr'>οι</span> <span class='ocrx_word' id='word_1_215' title='bbox 1085 2617 1164 2670; x_wconf 82' lang='lat' dir='ltr'><strong>Ex</strong></span> <span class='ocrx_word' id='word_1_216' title='bbox 1183 2615 1381 2688; x_wconf 90' lang='lat' dir='ltr'><strong>quibus</strong></span> <span class='ocrx_word' id='word_1_217' title='bbox 1402 2616 1652 2674; x_wconf 89' lang='lat' dir='ltr'><strong>Christus</strong></span> <span class='ocrx_word' id='word_1_218' title='bbox 1679 2616 1992 2674; x_wconf 87' lang='lat' dir='ltr'><strong>secundum</strong></span> 
     </span>
    </p>
   </div>
   <div class='ocr_carea' id='block_1_28' title="bbox 395 2703 1996 2776">
    <p class='ocr_par' dir='ltr' id='par_1_28' title="bbox 395 2703 1996 2776">
     <span class='ocr_line' id='line_1_28' title="bbox 395 2703 1996 2776; baseline 0.004 -20"><span class='ocrx_word' id='word_1_219' title='bbox 395 2716 644 2771; x_wconf 90' lang='lat' dir='ltr'><strong>carnem,</strong></span> <span class='ocrx_word' id='word_1_220' title='bbox 681 2703 775 2774; x_wconf 89' lang='lat' dir='ltr'><strong>qui</strong></span> <span class='ocrx_word' id='word_1_221' title='bbox 811 2712 893 2758; x_wconf 89' lang='lat' dir='ltr'><strong>est</strong></span> <span class='ocrx_word' id='word_1_222' title='bbox 917 2719 1082 2776; x_wconf 90' lang='lat' dir='ltr'><strong>super</strong></span> <span class='ocrx_word' id='word_1_223' title='bbox 1109 2706 1295 2762; x_wconf 90' lang='lat' dir='ltr'><strong>omnia</strong></span> <span class='ocrx_word' id='word_1_224' title='bbox 1346 2709 1495 2762; x_wconf 91' lang='lat' dir='ltr'><strong>Deus</strong></span> <span class='ocrx_word' id='word_1_225' title='bbox 1529 2708 1556 2742; x_wconf 69' lang='grc' dir='ltr'>ιι</span> <span class='ocrx_word' id='word_1_226' title='bbox 1586 2723 1598 2758; x_wconf 94' lang='lat'>:</span> <span class='ocrx_word' id='word_1_227' title='bbox 1627 2729 1653 2756; x_wconf 79' lang='grc' dir='ltr'><strong>ιι</strong></span> <span class='ocrx_word' id='word_1_228' title='bbox 1695 2711 1749 2763; x_wconf 93' lang='lat' dir='ltr'><strong>et</strong></span> <span class='ocrx_word' id='word_1_229' title='bbox 1778 2722 1996 2772; x_wconf 90' lang='lat' dir='ltr'><strong>rursus,</strong></span> 
     </span>
    </p>
   </div>
   <div class='ocr_carea' id='block_1_29' title="bbox 395 2791 1998 2866">
    <p class='ocr_par' dir='ltr' id='par_1_29' title="bbox 395 2791 1998 2866">
     <span class='ocr_line' id='line_1_29' title="bbox 395 2791 1998 2866; baseline 0.004 -21"><span class='ocrx_word' id='word_1_230' title='bbox 395 2791 560 2846; x_wconf 86' lang='lat' dir='ltr'><strong>Pater</strong></span> <span class='ocrx_word' id='word_1_231' title='bbox 614 2799 697 2846; x_wconf 91' lang='lat' dir='ltr'><strong>est</strong></span> <span class='ocrx_word' id='word_1_232' title='bbox 727 2793 1020 2860; x_wconf 91' lang='lat' dir='ltr'><strong>Dominus,</strong></span> <span class='ocrx_word' id='word_1_233' title='bbox 1075 2801 1136 2848; x_wconf 92' lang='lat' dir='ltr'><strong>ut</strong></span> <span class='ocrx_word' id='word_1_234' title='bbox 1188 2794 1242 2849; x_wconf 93' lang='lat' dir='ltr'><strong>in</strong></span> <span class='ocrx_word' id='word_1_235' title='bbox 1300 2810 1366 2851; x_wconf 89' lang='lat' dir='ltr'><strong>eo</strong></span> <span class='ocrx_word' id='word_1_236' title='bbox 1421 2796 1617 2866; x_wconf 91' lang='lat' dir='ltr'><strong>psalmi</strong></span> <span class='ocrx_word' id='word_1_237' title='bbox 1664 2808 1729 2852; x_wconf 85' lang='lat' dir='ltr'><strong>c:</strong></span> <span class='ocrx_word' id='word_1_238' title='bbox 1788 2795 1998 2851; x_wconf 71' lang='lat' dir='ltr'><strong>«Dixit</strong></span> 
     </span>
    </p>
   </div>
   <div class='ocr_carea' id='block_1_30' title="bbox 398 2879 1996 2955">
    <p class='ocr_par' dir='ltr' id='par_1_30' title="bbox 398 2879 1996 2955">
     <span class='ocr_line' id='line_1_30' title="bbox 398 2879 1996 2955; baseline 0.004 -21"><span class='ocrx_word' id='word_1_239' title='bbox 398 2879 674 2936; x_wconf 91' lang='lat' dir='ltr'><strong>Dominus</strong></span> <span class='ocrx_word' id='word_1_240' title='bbox 715 2881 961 2936; x_wconf 89' lang='lat' dir='ltr'><strong>Domino</strong></span> <span class='ocrx_word' id='word_1_241' title='bbox 992 2897 1136 2938; x_wconf 91' lang='lat' dir='ltr'><strong>meo.</strong></span> <span class='ocrx_word' id='word_1_242' title='bbox 1174 2906 1200 2932; x_wconf 76' lang='grc' dir='ltr'>ι»</span> <span class='ocrx_word' id='word_1_243' title='bbox 1232 2883 1340 2940; x_wconf 92' lang='lat' dir='ltr'><strong>Sed</strong></span> <span class='ocrx_word' id='word_1_244' title='bbox 1369 2885 1633 2955; x_wconf 89' lang='lat' dir='ltr'><strong>quoniam</strong></span> <span class='ocrx_word' id='word_1_245' title='bbox 1673 2883 1743 2940; x_wconf 93' lang='lat' dir='ltr'><strong>ad</strong></span> <span class='ocrx_word' id='word_1_246' title='bbox 1773 2884 1996 2941; x_wconf 65' lang='lat' dir='ltr'><strong>Graecos</strong></span> 
     </span>
    </p>
   </div>
   <div class='ocr_carea' id='block_1_31' title="bbox 399 2968 1997 3045">
    <p class='ocr_par' dir='ltr' id='par_1_31' title="bbox 399 2968 1997 3045">
     <span class='ocr_line' id='line_1_31' title="bbox 399 2968 1997 3045; baseline 0.002 -19"><span class='ocrx_word' id='word_1_247' title='bbox 399 2968 477 3026; x_wconf 89' lang='lat' dir='ltr'><strong>illi</strong></span> <span class='ocrx_word' id='word_1_248' title='bbox 525 2983 714 3025; x_wconf 90' lang='lat' dir='ltr'><strong>sermo</strong></span> <span class='ocrx_word' id='word_1_249' title='bbox 743 2977 882 3036; x_wconf 90' lang='lat' dir='ltr'><strong>erat,</strong></span> <span class='ocrx_word' id='word_1_250' title='bbox 931 2971 1140 3028; x_wconf 87' lang='lat' dir='ltr'><strong>multos</strong></span> <span class='ocrx_word' id='word_1_251' title='bbox 1197 2971 1332 3028; x_wconf 91' lang='lat' dir='ltr'><strong>deos</strong></span> <span class='ocrx_word' id='word_1_252' title='bbox 1387 2974 1648 3035; x_wconf 90' lang='lat' dir='ltr'><strong>colentes,</strong></span> <span class='ocrx_word' id='word_1_253' title='bbox 1681 2973 1997 3045; x_wconf 89' lang='lat' dir='ltr'><strong>multosque</strong></span> 
     </span>
    </p>
   </div>
   <div class='ocr_carea' id='block_1_32' title="bbox 395 3056 1996 3134">
    <p class='ocr_par' dir='ltr' id='par_1_32' title="bbox 395 3056 1996 3134">
     <span class='ocr_line' id='line_1_32' title="bbox 395 3056 1996 3134; baseline 0.002 -20"><span class='ocrx_word' id='word_1_254' title='bbox 395 3056 656 3115; x_wconf 89' lang='lat' dir='ltr'><strong>dominos</strong></span> <span class='ocrx_word' id='word_1_255' title='bbox 689 3078 702 3114; x_wconf 88' lang='lat'><strong>:</strong></span> <span class='ocrx_word' id='word_1_256' title='bbox 736 3068 1024 3132; x_wconf 88' lang='lat' dir='ltr'><strong>propterea</strong></span> <span class='ocrx_word' id='word_1_257' title='bbox 1047 3077 1226 3134; x_wconf 91' lang='lat' dir='ltr'><strong>neque</strong></span> <span class='ocrx_word' id='word_1_258' title='bbox 1273 3061 1474 3117; x_wconf 91' lang='lat' dir='ltr'><strong>Filium</strong></span> <span class='ocrx_word' id='word_1_259' title='bbox 1517 3065 1699 3118; x_wconf 89' lang='lat' dir='ltr'><strong>Deum</strong></span> <span class='ocrx_word' id='word_1_260' title='bbox 1728 3062 1818 3118; x_wconf 88' lang='lat' dir='ltr'><strong>hic</strong></span> <span class='ocrx_word' id='word_1_261' title='bbox 1845 3063 1996 3129; x_wconf 84' lang='lat' dir='ltr'><strong>dixit,</strong></span> 
     </span>
    </p>
   </div>
   <div class='ocr_carea' id='block_1_33' title="bbox 2095 723 3694 808">
    <p class='ocr_par' dir='ltr' id='par_1_33' title="bbox 2095 723 3694 808">
     <span class='ocr_line' id='line_1_33' title="bbox 2095 723 3694 808; baseline -0.002 -23"><span class='ocrx_word' id='word_1_262' title='bbox 2095 723 2389 797; x_wconf 81' lang='grc' dir='ltr'>Ἕλλησιν-</span> <span class='ocrx_word' id='word_1_263' title='bbox 2421 724 2509 783; x_wconf 78' lang='grc' dir='ltr'>ἵνα</span> <span class='ocrx_word' id='word_1_264' title='bbox 2543 723 2616 800; x_wconf 83' lang='grc' dir='ltr'><strong>μὴ</strong></span> <span class='ocrx_word' id='word_1_265' title='bbox 2644 724 2766 803; x_wconf 79' lang='grc' dir='ltr'>δόξῃ</span> <span class='ocrx_word' id='word_1_266' title='bbox 2793 733 2898 792; x_wconf 90' lang='grc' dir='ltr'>τοῖς</span> <span class='ocrx_word' id='word_1_267' title='bbox 2927 729 3169 808; x_wconf 77' lang='grc' dir='ltr'><strong>φανεροῖς</strong></span> <span class='ocrx_word' id='word_1_268' title='bbox 3200 723 3486 805; x_wconf 82' lang='grc' dir='ltr'>μάχεσθαι,</span> <span class='ocrx_word' id='word_1_269' title='bbox 3509 723 3694 804; x_wconf 80' lang='grc' dir='ltr'>φησὶν,</span> 
     </span>
    </p>
   </div>
   <div class='ocr_carea' id='block_1_34' title="bbox 2102 813 3697 892">
    <p class='ocr_par' dir='ltr' id='par_1_34' title="bbox 2102 813 3697 892">
     <span class='ocr_line' id='line_1_34' title="bbox 2102 813 3697 892; baseline 0.001 -20"><span class='ocrx_word' id='word_1_270' title='bbox 2102 813 2182 872; x_wconf 79' lang='grc' dir='ltr'><strong>ὅτι</strong></span> <span class='ocrx_word' id='word_1_271' title='bbox 2214 842 2238 867; x_wconf 76' lang='grc' dir='ltr'><strong>α</strong></span> <span class='ocrx_word' id='word_1_272' title='bbox 2269 817 2338 876; x_wconf 90' lang='grc' dir='ltr'><strong>Εἰ</strong></span> <span class='ocrx_word' id='word_1_273' title='bbox 2381 815 2472 874; x_wconf 80' lang='grc' dir='ltr'><strong>καὶ</strong></span> <span class='ocrx_word' id='word_1_274' title='bbox 2514 813 2618 872; x_wconf 82' lang='grc' dir='ltr'>εἰσὶ</span> <span class='ocrx_word' id='word_1_275' title='bbox 2646 815 2922 892; x_wconf 82' lang='grc' dir='ltr'><strong>λεγόμενοι</strong></span> <span class='ocrx_word' id='word_1_276' title='bbox 2951 815 3092 889; x_wconf 80' lang='grc' dir='ltr'>θεοὶ,</span> <span class='ocrx_word' id='word_1_277' title='bbox 3124 841 3149 868; x_wconf 68' lang='grc' dir='ltr'><strong>ν</strong></span> <span class='ocrx_word' id='word_1_278' title='bbox 3177 813 3446 874; x_wconf 83' lang='grc' dir='ltr'><strong>τουτέστιν</strong></span> <span class='ocrx_word' id='word_1_279' title='bbox 3465 864 3484 892; x_wconf 81' lang='grc'><strong>,</strong></span> <span class='ocrx_word' id='word_1_280' title='bbox 3513 817 3608 874; x_wconf 81' lang='grc' dir='ltr'><strong>οὐκ</strong></span> <span class='ocrx_word' id='word_1_281' title='bbox 3645 815 3697 874; x_wconf 71' lang='grc' dir='ltr'>ἐν</span> 
     </span>
    </p>
   </div>
   <div class='ocr_carea' id='block_1_35' title="bbox 2101 902 3700 986">
    <p class='ocr_par' dir='ltr' id='par_1_35' title="bbox 2101 902 3700 986">
     <span class='ocr_line' id='line_1_35' title="bbox 2101 902 3700 986; baseline 0.001 -26"><span class='ocrx_word' id='word_1_282' title='bbox 2101 905 2325 984; x_wconf 76' lang='grc' dir='ltr'>ἀληθείᾳ</span> <span class='ocrx_word' id='word_1_283' title='bbox 2350 902 2515 975; x_wconf 88' lang='grc' dir='ltr'>ὄντες,</span> <span class='ocrx_word' id='word_1_284' title='bbox 2550 904 2669 962; x_wconf 84' lang='grc' dir='ltr'>ἀλλ’</span> <span class='ocrx_word' id='word_1_285' title='bbox 2700 907 2753 962; x_wconf 82' lang='grc' dir='ltr'>ἐν</span> <span class='ocrx_word' id='word_1_286' title='bbox 2783 903 2928 985; x_wconf 88' lang='grc' dir='ltr'>λόγῳ</span> <span class='ocrx_word' id='word_1_287' title='bbox 2971 927 2985 940; x_wconf 84' lang='lat'><strong><em>°</em></strong></span> <span class='ocrx_word' id='word_1_288' title='bbox 3027 932 3052 957; x_wconf 78' lang='grc' dir='ltr'><strong>α</strong></span> <span class='ocrx_word' id='word_1_289' title='bbox 3086 903 3192 964; x_wconf 85' lang='grc' dir='ltr'>εἴτε</span> <span class='ocrx_word' id='word_1_290' title='bbox 3223 905 3276 962; x_wconf 80' lang='grc' dir='ltr'>ἐν</span> <span class='ocrx_word' id='word_1_291' title='bbox 3306 905 3538 986; x_wconf 78' lang='grc' dir='ltr'>οὐρανῷ,</span> <span class='ocrx_word' id='word_1_292' title='bbox 3563 926 3592 962; x_wconf 73' lang='lat' dir='ltr'><strong>n</strong></span> <span class='ocrx_word' id='word_1_293' title='bbox 3627 905 3700 972; x_wconf 82' lang='grc' dir='ltr'>ὡς</span> 
     </span>
    </p>
   </div>
   <div class='ocr_carea' id='block_1_36' title="bbox 2101 992 3700 1070">
    <p class='ocr_par' dir='ltr' id='par_1_36' title="bbox 2101 992 3700 1070">
     <span class='ocr_line' id='line_1_36' title="bbox 2101 992 3700 1070; baseline 0.001 -19"><span class='ocrx_word' id='word_1_294' title='bbox 2101 993 2247 1065; x_wconf 84' lang='grc' dir='ltr'>ἥλιος</span> <span class='ocrx_word' id='word_1_295' title='bbox 2289 993 2380 1053; x_wconf 82' lang='grc' dir='ltr'><strong>καὶ</strong></span> <span class='ocrx_word' id='word_1_296' title='bbox 2425 992 2656 1068; x_wconf 83' lang='grc' dir='ltr'>σελήνη,</span> <span class='ocrx_word' id='word_1_297' title='bbox 2687 993 2780 1053; x_wconf 82' lang='lat' dir='ltr'><strong>xui</strong></span> <span class='ocrx_word' id='word_1_298' title='bbox 2809 997 2858 1052; x_wconf 82' lang='grc' dir='ltr'>οἱ</span> <span class='ocrx_word' id='word_1_299' title='bbox 2905 993 3079 1055; x_wconf 71' lang='grc' dir='ltr'>λοιποὶ</span> <span class='ocrx_word' id='word_1_300' title='bbox 3126 993 3378 1070; x_wconf 78' lang='grc' dir='ltr'><strong>ἀστέρες,</strong></span> <span class='ocrx_word' id='word_1_301' title='bbox 3420 994 3507 1061; x_wconf 73' lang='grc' dir='ltr'>οὓς</span> <span class='ocrx_word' id='word_1_302' title='bbox 3551 997 3700 1054; x_wconf 80' lang='grc' dir='ltr'>ἔθεο-</span> 
     </span>
    </p>
   </div>
   <div class='ocr_carea' id='block_1_37' title="bbox 2100 1081 3694 1162">
    <p class='ocr_par' dir='ltr' id='par_1_37' title="bbox 2100 1081 3694 1162">
     <span class='ocr_line' id='line_1_37' title="bbox 2100 1081 3694 1162; baseline -0.001 -20"><span class='ocrx_word' id='word_1_303' title='bbox 2100 1083 2328 1154; x_wconf 89' lang='grc' dir='ltr'>ποίησαν</span> <span class='ocrx_word' id='word_1_304' title='bbox 2347 1082 2609 1153; x_wconf 74' lang='grc' dir='ltr'>Ἵῖλληνες</span> <span class='ocrx_word' id='word_1_305' title='bbox 2641 1103 2652 1116; x_wconf 82' lang='grc'><strong><em>⁸</em></strong></span> <span class='ocrx_word' id='word_1_306' title='bbox 2680 1111 2702 1136; x_wconf 78' lang='grc' dir='ltr'><strong>α</strong></span> <span class='ocrx_word' id='word_1_307' title='bbox 2723 1081 2826 1143; x_wconf 82' lang='grc' dir='ltr'>εἴτε</span> <span class='ocrx_word' id='word_1_308' title='bbox 2854 1083 2941 1142; x_wconf 77' lang='grc' dir='ltr'><strong>ἐπὶ</strong></span> <span class='ocrx_word' id='word_1_309' title='bbox 2971 1088 3090 1161; x_wconf 83' lang='grc' dir='ltr'>γῆς,</span> <span class='ocrx_word' id='word_1_310' title='bbox 3112 1111 3135 1136; x_wconf 72' lang='grc' dir='ltr'><strong><em>ι</em></strong></span> <span class='ocrx_word' id='word_1_311' title='bbox 3153 1086 3222 1150; x_wconf 81' lang='grc' dir='ltr'>ὡς</span> <span class='ocrx_word' id='word_1_312' title='bbox 3245 1085 3293 1142; x_wconf 76' lang='grc' dir='ltr'>οἳ</span> <span class='ocrx_word' id='word_1_313' title='bbox 3322 1083 3372 1152; x_wconf 77' lang='grc' dir='ltr'><strong>ἐξ</strong></span> <span class='ocrx_word' id='word_1_314' title='bbox 3401 1082 3694 1162; x_wconf 86' lang='grc' dir='ltr'>ἀνθρώπων</span> 
     </span>
    </p>
   </div>
   <div class='ocr_carea' id='block_1_38' title="bbox 2100 1163 3691 1251">
    <p class='ocr_par' dir='ltr' id='par_1_38' title="bbox 2100 1163 3691 1251">
     <span class='ocr_line' id='line_1_38' title="bbox 2100 1163 3691 1251; baseline -0.002 -19"><span class='ocrx_word' id='word_1_315' title='bbox 2100 1176 2278 1240; x_wconf 70' lang='grc' dir='ltr'>αὐτοῖς</span> <span class='ocrx_word' id='word_1_316' title='bbox 2307 1171 2729 1244; x_wconf 84' lang='grc' dir='ltr'>θεοποιηθέντες·</span> <span class='ocrx_word' id='word_1_317' title='bbox 2765 1200 2788 1227; x_wconf 72' lang='grc' dir='ltr'>ι</span> <span class='ocrx_word' id='word_1_318' title='bbox 2823 1173 2943 1231; x_wconf 87' lang='grc' dir='ltr'>ἀλλ’</span> <span class='ocrx_word' id='word_1_319' title='bbox 2986 1173 3115 1250; x_wconf 87' lang='grc' dir='ltr'>ἡμῖν</span> <span class='ocrx_word' id='word_1_320' title='bbox 3144 1163 3216 1239; x_wconf 73' lang='grc' dir='ltr'>εἷς</span> <span class='ocrx_word' id='word_1_321' title='bbox 3253 1173 3390 1239; x_wconf 92' lang='grc' dir='ltr'>Θεὸς</span> <span class='ocrx_word' id='word_1_322' title='bbox 3417 1177 3444 1232; x_wconf 98' lang='lat'><strong>6</strong></span> <span class='ocrx_word' id='word_1_323' title='bbox 3474 1171 3691 1251; x_wconf 79' lang='grc' dir='ltr'>Πατὴρ,</span> 
     </span>
    </p>
   </div>
   <div class='ocr_carea' id='block_1_39' title="bbox 2101 1254 3692 1342">
    <p class='ocr_par' dir='ltr' id='par_1_39' title="bbox 2101 1254 3692 1342">
     <span class='ocr_line' id='line_1_39' title="bbox 2101 1254 3692 1342; baseline -0.001 -20"><span class='ocrx_word' id='word_1_324' title='bbox 2101 1261 2153 1332; x_wconf 83' lang='grc' dir='ltr'><strong>ἐξ</strong></span> <span class='ocrx_word' id='word_1_325' title='bbox 2182 1254 2238 1322; x_wconf 65' lang='grc' dir='ltr'><strong>οὗ</strong></span> <span class='ocrx_word' id='word_1_326' title='bbox 2269 1262 2336 1321; x_wconf 80' lang='grc' dir='ltr'><strong>τὰ</strong></span> <span class='ocrx_word' id='word_1_327' title='bbox 2363 1261 2542 1320; x_wconf 76' lang='grc' dir='ltr'>πάντα</span> <span class='ocrx_word' id='word_1_328' title='bbox 2580 1281 2593 1296; x_wconf 84' lang='grc'>⁸</span> <span class='ocrx_word' id='word_1_329' title='bbox 2628 1283 2657 1320; x_wconf 77' lang='grc' dir='ltr'>ι)</span> <span class='ocrx_word' id='word_1_330' title='bbox 2695 1261 2831 1342; x_wconf 76' lang='grc' dir='ltr'>ὅπερ</span> <span class='ocrx_word' id='word_1_331' title='bbox 2860 1262 3014 1334; x_wconf 88' lang='grc' dir='ltr'>δηλοῖ</span> <span class='ocrx_word' id='word_1_332' title='bbox 3039 1261 3194 1322; x_wconf 84' lang='grc' dir='ltr'>αὐτὸν</span> <span class='ocrx_word' id='word_1_333' title='bbox 3218 1262 3579 1342; x_wconf 82' lang='grc' dir='ltr'>Δημιουργόν.</span> <span class='ocrx_word' id='word_1_334' title='bbox 3611 1260 3692 1321; x_wconf 91' lang='grc' dir='ltr'>Τὸ</span> 
     </span>
    </p>
   </div>
   <div class='ocr_carea' id='block_1_40' title="bbox 2100 1351 3697 1430">
    <p class='ocr_par' dir='ltr' id='par_1_40' title="bbox 2100 1351 3697 1430">
     <span class='ocr_line' id='line_1_40' title="bbox 2100 1351 3697 1430; baseline -0.001 -19"><span class='ocrx_word' id='word_1_335' title='bbox 2100 1354 2186 1424; x_wconf 87' lang='grc' dir='ltr'><strong>δὲ,</strong></span> <span class='ocrx_word' id='word_1_336' title='bbox 2239 1379 2264 1407; x_wconf 73' lang='grc' dir='ltr'><strong>α</strong></span> <span class='ocrx_word' id='word_1_337' title='bbox 2321 1351 2440 1414; x_wconf 80' lang='grc' dir='ltr'>Καὶ</span> <span class='ocrx_word' id='word_1_338' title='bbox 2471 1356 2625 1428; x_wconf 83' lang='grc' dir='ltr'>ἡμεῖς</span> <span class='ocrx_word' id='word_1_339' title='bbox 2662 1353 2733 1418; x_wconf 87' lang='grc' dir='ltr'><strong>εἰς</strong></span> <span class='ocrx_word' id='word_1_340' title='bbox 2765 1352 2959 1430; x_wconf 83' lang='grc' dir='ltr'>αὐτὸν,</span> <span class='ocrx_word' id='word_1_341' title='bbox 2997 1375 3026 1411; x_wconf 71' lang='grc' dir='ltr'><strong>ιο</strong></span> <span class='ocrx_word' id='word_1_342' title='bbox 3073 1351 3159 1412; x_wconf 88' lang='grc' dir='ltr'><strong>τὸν</strong></span> <span class='ocrx_word' id='word_1_343' title='bbox 3204 1357 3296 1423; x_wconf 73' lang='grc' dir='ltr'><strong>τῆς</strong></span> <span class='ocrx_word' id='word_1_344' title='bbox 3330 1352 3556 1418; x_wconf 81' lang='grc' dir='ltr'>πίστεως</span> <span class='ocrx_word' id='word_1_345' title='bbox 3604 1351 3697 1410; x_wconf 87' lang='lat' dir='ltr'><strong>xui</strong></span> 
     </span>
    </p>
   </div>
   <div class='ocr_carea' id='block_1_41' title="bbox 2099 1441 3694 1521">
    <p class='ocr_par' dir='ltr' id='par_1_41' title="bbox 2099 1441 3694 1521">
     <span class='ocr_line' id='line_1_41' title="bbox 2099 1441 3694 1521; baseline -0.001 -20"><span class='ocrx_word' id='word_1_346' title='bbox 2099 1445 2192 1514; x_wconf 84' lang='grc' dir='ltr'><strong>τῆς</strong></span> <span class='ocrx_word' id='word_1_347' title='bbox 2239 1445 2370 1521; x_wconf 89' lang='grc' dir='ltr'>πρὸς</span> <span class='ocrx_word' id='word_1_348' title='bbox 2423 1441 2580 1500; x_wconf 79' lang='grc' dir='ltr'>αὐτὸν</span> <span class='ocrx_word' id='word_1_349' title='bbox 2633 1443 2950 1510; x_wconf 86' lang='grc' dir='ltr'>οἰκειώσεως</span> <span class='ocrx_word' id='word_1_350' title='bbox 3025 1441 3180 1521; x_wconf 85' lang='grc' dir='ltr'>λόγον</span> <span class='ocrx_word' id='word_1_351' title='bbox 3239 1443 3436 1514; x_wconf 84' lang='grc' dir='ltr'>δηλοῖ·</span> <span class='ocrx_word' id='word_1_352' title='bbox 3494 1443 3694 1502; x_wconf 78' lang='grc' dir='ltr'>ὡσανεὶ</span> 
     </span>
    </p>
   </div>
   <div class='ocr_carea' id='block_1_42' title="bbox 2102 1523 3698 1615">
    <p class='ocr_par' dir='ltr' id='par_1_42' title="bbox 2102 1523 3698 1615">
     <span class='ocr_line' id='line_1_42' title="bbox 2102 1523 3698 1615; baseline -0.003 -23"><span class='ocrx_word' id='word_1_353' title='bbox 2102 1523 2216 1592; x_wconf 74' lang='grc' dir='ltr'>εἶπε</span> <span class='ocrx_word' id='word_1_354' title='bbox 2252 1550 2266 1564; x_wconf 79' lang='grc'><strong>⁸</strong></span> <span class='ocrx_word' id='word_1_355' title='bbox 2316 1531 2425 1592; x_wconf 80' lang='grc' dir='ltr'><strong>Καὶ</strong></span> <span class='ocrx_word' id='word_1_356' title='bbox 2477 1532 2632 1608; x_wconf 83' lang='grc' dir='ltr'>ἡμεῖς</span> <span class='ocrx_word' id='word_1_357' title='bbox 2684 1533 2756 1598; x_wconf 88' lang='grc' dir='ltr'><strong>εἰς</strong></span> <span class='ocrx_word' id='word_1_358' title='bbox 2805 1532 2964 1592; x_wconf 79' lang='grc' dir='ltr'>αὐτὸν</span> <span class='ocrx_word' id='word_1_359' title='bbox 2994 1532 3046 1572; x_wconf 72' lang='lat'><strong>3&quot;</strong></span> <span class='ocrx_word' id='word_1_360' title='bbox 3097 1531 3552 1615; x_wconf 80' lang='grc' dir='ltr'>ἐπεστράμμεθα,</span> <span class='ocrx_word' id='word_1_361' title='bbox 3605 1529 3698 1590; x_wconf 84' lang='lat' dir='ltr'><strong>xui</strong></span> 
     </span>
    </p>
   </div>
   <div class='ocr_carea' id='block_1_43' title="bbox 2103 1619 2887 1702">
    <p class='ocr_par' dir='ltr' id='par_1_43' title="bbox 2103 1619 2887 1702">
     <span class='ocr_line' id='line_1_43' title="bbox 2103 1619 2887 1702; baseline 0 -22"><span class='ocrx_word' id='word_1_362' title='bbox 2103 1623 2174 1689; x_wconf 88' lang='grc' dir='ltr'><strong>εἰς</strong></span> <span class='ocrx_word' id='word_1_363' title='bbox 2203 1621 2358 1681; x_wconf 81' lang='grc' dir='ltr'>αὐτόν</span> <span class='ocrx_word' id='word_1_364' title='bbox 2390 1625 2548 1700; x_wconf 80' lang='grc' dir='ltr'>ἔσμεν</span> <span class='ocrx_word' id='word_1_365' title='bbox 2579 1619 2887 1702; x_wconf 79' lang='grc' dir='ltr'>ἠρτημένοι.</span> 
     </span>
    </p>
   </div>
   <div class='ocr_carea' id='block_1_44' title="bbox 2187 1791 3693 1880">
    <p class='ocr_par' dir='ltr' id='par_1_44' title="bbox 2187 1791 3693 1880">
     <span class='ocr_line' id='line_1_44' title="bbox 2187 1791 3693 1880; baseline -0.001 -19"><span class='ocrx_word' id='word_1_366' title='bbox 2187 1827 2211 1854; x_wconf 69' lang='grc' dir='ltr'><strong>α</strong></span> <span class='ocrx_word' id='word_1_367' title='bbox 2251 1801 2356 1861; x_wconf 79' lang='grc' dir='ltr'><strong>Καὶ</strong></span> <span class='ocrx_word' id='word_1_368' title='bbox 2387 1791 2460 1867; x_wconf 73' lang='grc' dir='ltr'>εἶς</span> <span class='ocrx_word' id='word_1_369' title='bbox 2494 1799 2688 1880; x_wconf 76' lang='grc' dir='ltr'>Κύριος</span> <span class='ocrx_word' id='word_1_370' title='bbox 2719 1799 2923 1874; x_wconf 76' lang='grc' dir='ltr'>Ἰησοῦς</span> <span class='ocrx_word' id='word_1_371' title='bbox 2944 1800 3195 1878; x_wconf 86' lang='grc' dir='ltr'>Χριστὸς,</span> <span class='ocrx_word' id='word_1_372' title='bbox 3229 1802 3296 1860; x_wconf 86' lang='grc' dir='ltr'>δι’</span> <span class='ocrx_word' id='word_1_373' title='bbox 3322 1791 3380 1861; x_wconf 63' lang='grc' dir='ltr'><strong>οὗ</strong></span> <span class='ocrx_word' id='word_1_374' title='bbox 3402 1799 3470 1860; x_wconf 71' lang='grc' dir='ltr'><strong>τὰ</strong></span> <span class='ocrx_word' id='word_1_375' title='bbox 3492 1800 3693 1879; x_wconf 80' lang='grc' dir='ltr'>πάντα,</span> 
     </span>
    </p>
   </div>
   <div class='ocr_carea' id='block_1_45' title="bbox 2099 1889 3698 1969">
    <p class='ocr_par' dir='ltr' id='par_1_45' title="bbox 2099 1889 3698 1969">
     <span class='ocr_line' id='line_1_45' title="bbox 2099 1889 3698 1969; baseline -0.001 -20"><span class='ocrx_word' id='word_1_376' title='bbox 2099 1889 2195 1949; x_wconf 82' lang='lat' dir='ltr'><strong>xui</strong></span> <span class='ocrx_word' id='word_1_377' title='bbox 2229 1894 2383 1969; x_wconf 84' lang='grc' dir='ltr'>ἡμεῖς</span> <span class='ocrx_word' id='word_1_378' title='bbox 2425 1892 2491 1949; x_wconf 83' lang='grc' dir='ltr'>δι’</span> <span class='ocrx_word' id='word_1_379' title='bbox 2529 1892 2711 1950; x_wconf 77' lang='grc' dir='ltr'>αὐτοῦ.</span> <span class='ocrx_word' id='word_1_380' title='bbox 2753 1912 2782 1948; x_wconf 87' lang='lat'><strong>»</strong></span> <span class='ocrx_word' id='word_1_381' title='bbox 2825 1890 2929 1950; x_wconf 74' lang='grc' dir='ltr'>Διὰ</span> <span class='ocrx_word' id='word_1_382' title='bbox 2977 1896 3069 1950; x_wconf 79' lang='grc' dir='ltr'><strong>τοῦ</strong></span> <span class='ocrx_word' id='word_1_383' title='bbox 3121 1893 3253 1951; x_wconf 72' lang='grc' dir='ltr'>Υῖοῖὲ</span> <span class='ocrx_word' id='word_1_384' title='bbox 3307 1890 3375 1950; x_wconf 81' lang='grc' dir='ltr'><strong>τὰ</strong></span> <span class='ocrx_word' id='word_1_385' title='bbox 3408 1890 3582 1950; x_wconf 82' lang='grc' dir='ltr'>πάντα</span> <span class='ocrx_word' id='word_1_386' title='bbox 3623 1891 3698 1958; x_wconf 86' lang='grc' dir='ltr'>εἷς</span> 
     </span>
    </p>
   </div>
   <div class='ocr_carea' id='block_1_46' title="bbox 2103 1969 3698 2061">
    <p class='ocr_par' dir='ltr' id='par_1_46' title="bbox 2103 1969 3698 2061">
     <span class='ocr_line' id='line_1_46' title="bbox 2103 1969 3698 2061; baseline 0.001 -24"><span class='ocrx_word' id='word_1_387' title='bbox 2103 1979 2164 2039; x_wconf 86' lang='grc' dir='ltr'><strong>τὸ</strong></span> <span class='ocrx_word' id='word_1_388' title='bbox 2185 1969 2320 2038; x_wconf 74' lang='grc' dir='ltr'>εἶναι</span> <span class='ocrx_word' id='word_1_389' title='bbox 2350 1980 2603 2061; x_wconf 75' lang='grc' dir='ltr'><strong>παρήχθη</strong></span> <span class='ocrx_word' id='word_1_390' title='bbox 2623 2027 2638 2052; x_wconf 91' lang='grc'><strong>,</strong></span> <span class='ocrx_word' id='word_1_391' title='bbox 2670 1979 2760 2038; x_wconf 81' lang='grc' dir='ltr'>καὶ</span> <span class='ocrx_word' id='word_1_392' title='bbox 2796 1985 2951 2056; x_wconf 78' lang='grc' dir='ltr'>ἡμεῖς</span> <span class='ocrx_word' id='word_1_393' title='bbox 2984 1981 3036 2039; x_wconf 73' lang='grc' dir='ltr'>δὲ</span> <span class='ocrx_word' id='word_1_394' title='bbox 3069 1979 3135 2038; x_wconf 83' lang='grc' dir='ltr'>δι’</span> <span class='ocrx_word' id='word_1_395' title='bbox 3168 1983 3329 2040; x_wconf 75' lang='grc' dir='ltr'>αὐτοῦ</span> <span class='ocrx_word' id='word_1_396' title='bbox 3380 1981 3452 2048; x_wconf 86' lang='grc' dir='ltr'><strong>εἰς</strong></span> <span class='ocrx_word' id='word_1_397' title='bbox 3482 1981 3540 2041; x_wconf 90' lang='grc' dir='ltr'><strong>τὸ</strong></span> <span class='ocrx_word' id='word_1_398' title='bbox 3563 1971 3698 2038; x_wconf 73' lang='grc' dir='ltr'>εἶναι</span> 
     </span>
    </p>
   </div>
   <div class='ocr_carea' id='block_1_47' title="bbox 2104 2061 3700 2150">
    <p class='ocr_par' dir='ltr' id='par_1_47' title="bbox 2104 2061 3700 2150">
     <span class='ocr_line' id='line_1_47' title="bbox 2104 2061 3700 2150; baseline 0.001 -24"><span class='ocrx_word' id='word_1_399' title='bbox 2104 2069 2495 2150; x_wconf 79' lang='grc' dir='ltr'>παρήχθημεν,</span> <span class='ocrx_word' id='word_1_400' title='bbox 2548 2069 2642 2130; x_wconf 86' lang='grc' dir='ltr'><strong>καὶ</strong></span> <span class='ocrx_word' id='word_1_401' title='bbox 2674 2073 2746 2136; x_wconf 89' lang='grc' dir='ltr'><strong>εἰς</strong></span> <span class='ocrx_word' id='word_1_402' title='bbox 2786 2069 2846 2128; x_wconf 92' lang='grc' dir='ltr'><strong>τὸ</strong></span> <span class='ocrx_word' id='word_1_403' title='bbox 2890 2061 2948 2129; x_wconf 66' lang='grc' dir='ltr'>εὖ</span> <span class='ocrx_word' id='word_1_404' title='bbox 3000 2061 3162 2143; x_wconf 72' lang='grc' dir='ltr'>εἶναι,</span> <span class='ocrx_word' id='word_1_405' title='bbox 3195 2069 3467 2144; x_wconf 83' lang='grc' dir='ltr'><strong>τουτέστι,</strong></span> <span class='ocrx_word' id='word_1_406' title='bbox 3517 2069 3700 2131; x_wconf 77' lang='grc' dir='ltr'>πιστοὶ</span> 
     </span>
    </p>
   </div>
   <div class='ocr_carea' id='block_1_48' title="bbox 2102 2157 3701 2239">
    <p class='ocr_par' dir='ltr' id='par_1_48' title="bbox 2102 2157 3701 2239">
     <span class='ocr_line' id='line_1_48' title="bbox 2102 2157 3701 2239; baseline 0.001 -23"><span class='ocrx_word' id='word_1_407' title='bbox 2102 2157 2388 2237; x_wconf 82' lang='grc' dir='ltr'>γενέσθαι,</span> <span class='ocrx_word' id='word_1_408' title='bbox 2437 2159 2530 2219; x_wconf 81' lang='grc' dir='ltr'><strong>καὶ</strong></span> <span class='ocrx_word' id='word_1_409' title='bbox 2585 2162 2645 2218; x_wconf 84' lang='grc' dir='ltr'>ἐκ</span> <span class='ocrx_word' id='word_1_410' title='bbox 2677 2159 2883 2231; x_wconf 80' lang='grc' dir='ltr'>πλάνης</span> <span class='ocrx_word' id='word_1_411' title='bbox 2912 2159 3040 2239; x_wconf 87' lang='grc' dir='ltr'>πρὸς</span> <span class='ocrx_word' id='word_1_412' title='bbox 3083 2157 3178 2232; x_wconf 82' lang='grc' dir='ltr'><strong>τὴν</strong></span> <span class='ocrx_word' id='word_1_413' title='bbox 3224 2159 3477 2231; x_wconf 89' lang='grc' dir='ltr'>ἀλήθειαν</span> <span class='ocrx_word' id='word_1_414' title='bbox 3513 2162 3701 2234; x_wconf 82' lang='grc' dir='ltr'>μετελ-</span> 
     </span>
    </p>
   </div>
   <div class='ocr_carea' id='block_1_49' title="bbox 2105 2239 3706 2330">
    <p class='ocr_par' dir='ltr' id='par_1_49' title="bbox 2105 2239 3706 2330">
     <span class='ocr_line' id='line_1_49' title="bbox 2105 2239 3706 2330; baseline 0 -24"><span class='ocrx_word' id='word_1_415' title='bbox 2105 2253 2233 2309; x_wconf 79' lang='grc' dir='ltr'>θεῖν.</span> <span class='ocrx_word' id='word_1_416' title='bbox 2269 2248 2497 2308; x_wconf 76' lang='grc' dir='ltr'>Ἀκούων</span> <span class='ocrx_word' id='word_1_417' title='bbox 2531 2249 2620 2323; x_wconf 83' lang='grc' dir='ltr'>δὲ,</span> <span class='ocrx_word' id='word_1_418' title='bbox 2671 2272 2698 2308; x_wconf 73' lang='grc' dir='ltr'><strong>(ο</strong></span> <span class='ocrx_word' id='word_1_419' title='bbox 2727 2239 2824 2317; x_wconf 69' lang='grc' dir='ltr'>Εἷς</span> <span class='ocrx_word' id='word_1_420' title='bbox 2856 2249 2990 2317; x_wconf 83' lang='grc' dir='ltr'>Θεὸς</span> <span class='ocrx_word' id='word_1_421' title='bbox 3013 2255 3040 2310; x_wconf 93' lang='lat'><strong>6</strong></span> <span class='ocrx_word' id='word_1_422' title='bbox 3062 2249 3290 2330; x_wconf 80' lang='grc' dir='ltr'>Πατὴρ,</span> <span class='ocrx_word' id='word_1_423' title='bbox 3329 2275 3354 2303; x_wconf 84' lang='grc'><strong>››</strong></span> <span class='ocrx_word' id='word_1_424' title='bbox 3391 2250 3522 2324; x_wconf 88' lang='lat' dir='ltr'><strong>xui,</strong></span> <span class='ocrx_word' id='word_1_425' title='bbox 3557 2270 3585 2304; x_wconf 86' lang='lat'><strong>«</strong></span> <span class='ocrx_word' id='word_1_426' title='bbox 3611 2239 3706 2316; x_wconf 69' lang='grc' dir='ltr'>Εἷς</span> 
     </span>
    </p>
   </div>
   <div class='ocr_carea' id='block_1_50' title="bbox 2104 2336 3697 2420">
    <p class='ocr_par' dir='ltr' id='par_1_50' title="bbox 2104 2336 3697 2420">
     <span class='ocr_line' id='line_1_50' title="bbox 2104 2336 3697 2420; baseline 0 -22"><span class='ocrx_word' id='word_1_427' title='bbox 2104 2336 2296 2419; x_wconf 81' lang='grc' dir='ltr'>Κύριος</span> <span class='ocrx_word' id='word_1_428' title='bbox 2350 2339 2556 2412; x_wconf 77' lang='grc' dir='ltr'>Ἰησοῦς</span> <span class='ocrx_word' id='word_1_429' title='bbox 2619 2337 2846 2420; x_wconf 86' lang='grc' dir='ltr'>Χριστός</span> <span class='ocrx_word' id='word_1_430' title='bbox 2897 2363 2912 2378; x_wconf 77' lang='grc' dir='ltr'><strong>ο</strong></span> <span class='ocrx_word' id='word_1_431' title='bbox 2983 2361 3012 2398; x_wconf 72' lang='grc' dir='ltr'>ι)</span> <span class='ocrx_word' id='word_1_432' title='bbox 3077 2339 3154 2416; x_wconf 84' lang='grc' dir='ltr'><strong>μὴ</strong></span> <span class='ocrx_word' id='word_1_433' title='bbox 3213 2342 3697 2418; x_wconf 81' lang='grc' dir='ltr'>ἀποκεκληρῶσθαι</span> 
     </span>
    </p>
   </div>
   <div class='ocr_carea' id='block_1_51' title="bbox 2103 2427 3699 2509">
    <p class='ocr_par' dir='ltr' id='par_1_51' title="bbox 2103 2427 3699 2509">
     <span class='ocr_line' id='line_1_51' title="bbox 2103 2427 3699 2509; baseline 0.002 -23"><span class='ocrx_word' id='word_1_434' title='bbox 2103 2428 2359 2508; x_wconf 75' lang='grc' dir='ltr'>νομίσῃς,</span> <span class='ocrx_word' id='word_1_435' title='bbox 2391 2432 2466 2509; x_wconf 83' lang='grc' dir='ltr'><strong>τῷ</strong></span> <span class='ocrx_word' id='word_1_436' title='bbox 2517 2427 2612 2506; x_wconf 79' lang='grc' dir='ltr'>μὲν</span> <span class='ocrx_word' id='word_1_437' title='bbox 2658 2429 2836 2508; x_wconf 79' lang='grc' dir='ltr'>Πατρὶ</span> <span class='ocrx_word' id='word_1_438' title='bbox 2873 2430 2969 2506; x_wconf 90' lang='grc' dir='ltr'><strong>τὸ,</strong></span> <span class='ocrx_word' id='word_1_439' title='bbox 3006 2452 3037 2488; x_wconf 69' lang='grc' dir='ltr'>(ι</span> <span class='ocrx_word' id='word_1_440' title='bbox 3068 2429 3205 2497; x_wconf 91' lang='grc' dir='ltr'>Θεός</span> <span class='ocrx_word' id='word_1_441' title='bbox 3236 2454 3249 2468; x_wconf 77' lang='grc' dir='ltr'><strong><em>ο</em></strong></span> <span class='ocrx_word' id='word_1_442' title='bbox 3283 2453 3314 2486; x_wconf 74' lang='grc' dir='ltr'><strong>ιι</strong></span> <span class='ocrx_word' id='word_1_443' title='bbox 3361 2432 3438 2508; x_wconf 86' lang='grc' dir='ltr'><strong>τῷ</strong></span> <span class='ocrx_word' id='word_1_444' title='bbox 3479 2428 3532 2486; x_wconf 80' lang='grc' dir='ltr'>δὲ</span> <span class='ocrx_word' id='word_1_445' title='bbox 3583 2430 3699 2508; x_wconf 74' lang='grc' dir='ltr'><strong>Υἱῷ</strong></span> 
     </span>
    </p>
   </div>
   <div class='ocr_carea' id='block_1_52' title="bbox 2101 2516 3700 2600">
    <p class='ocr_par' dir='ltr' id='par_1_52' title="bbox 2101 2516 3700 2600">
     <span class='ocr_line' id='line_1_52' title="bbox 2101 2516 3700 2600; baseline 0 -24"><span class='ocrx_word' id='word_1_446' title='bbox 2101 2517 2161 2576; x_wconf 87' lang='grc' dir='ltr'><strong>τὸ</strong></span> <span class='ocrx_word' id='word_1_447' title='bbox 2186 2563 2202 2593; x_wconf 92' lang='grc'><strong>,</strong></span> <span class='ocrx_word' id='word_1_448' title='bbox 2241 2545 2263 2569; x_wconf 78' lang='grc' dir='ltr'><strong>α</strong></span> <span class='ocrx_word' id='word_1_449' title='bbox 2307 2516 2515 2600; x_wconf 79' lang='grc' dir='ltr'>Κύριος.</span> <span class='ocrx_word' id='word_1_450' title='bbox 2549 2543 2576 2577; x_wconf 76' lang='grc' dir='ltr'>ι)</span> <span class='ocrx_word' id='word_1_451' title='bbox 2619 2519 2940 2600; x_wconf 81' lang='grc' dir='ltr'>Ἀδιαφόρως</span> <span class='ocrx_word' id='word_1_452' title='bbox 2969 2518 3073 2599; x_wconf 76' lang='grc' dir='ltr'>γὰρ</span> <span class='ocrx_word' id='word_1_453' title='bbox 3103 2519 3196 2578; x_wconf 81' lang='grc' dir='ltr'>καὶ</span> <span class='ocrx_word' id='word_1_454' title='bbox 3225 2523 3253 2578; x_wconf 85' lang='grc' dir='ltr'>ὁ</span> <span class='ocrx_word' id='word_1_455' title='bbox 3283 2518 3410 2586; x_wconf 72' lang='grc' dir='ltr'>Υἱὸς</span> <span class='ocrx_word' id='word_1_456' title='bbox 3439 2516 3597 2584; x_wconf 71' lang='grc' dir='ltr'>Θεόςο</span> <span class='ocrx_word' id='word_1_457' title='bbox 3629 2521 3700 2584; x_wconf 85' lang='grc' dir='ltr'>ὡς</span> 
     </span>
    </p>
   </div>
   <div class='ocr_carea' id='block_1_53' title="bbox 2105 2599 3701 2689">
    <p class='ocr_par' dir='ltr' id='par_1_53' title="bbox 2105 2599 3701 2689">
     <span class='ocr_line' id='line_1_53' title="bbox 2105 2599 3701 2689; baseline 0 -23"><span class='ocrx_word' id='word_1_458' title='bbox 2105 2606 2193 2682; x_wconf 86' lang='grc' dir='ltr'><strong>τὸ,</strong></span> <span class='ocrx_word' id='word_1_459' title='bbox 2237 2631 2266 2663; x_wconf 82' lang='grc' dir='ltr'><strong>ιι</strong></span> <span class='ocrx_word' id='word_1_460' title='bbox 2311 2607 2406 2675; x_wconf 80' lang='grc' dir='ltr'><strong>Ἐξ</strong></span> <span class='ocrx_word' id='word_1_461' title='bbox 2438 2599 2511 2667; x_wconf 70' lang='grc' dir='ltr'><strong>ὧν</strong></span> <span class='ocrx_word' id='word_1_462' title='bbox 2553 2613 2580 2668; x_wconf 89' lang='lat'><strong>6</strong></span> <span class='ocrx_word' id='word_1_463' title='bbox 2631 2599 2869 2689; x_wconf 82' lang='grc' dir='ltr'>Χριστὸς</span> <span class='ocrx_word' id='word_1_464' title='bbox 2919 2607 2979 2668; x_wconf 88' lang='grc' dir='ltr'><strong>τὸ</strong></span> <span class='ocrx_word' id='word_1_465' title='bbox 3010 2608 3150 2668; x_wconf 75' lang='grc' dir='ltr'>κατὰ</span> <span class='ocrx_word' id='word_1_466' title='bbox 3199 2607 3405 2688; x_wconf 78' lang='grc' dir='ltr'>σάρκα,</span> <span class='ocrx_word' id='word_1_467' title='bbox 3452 2613 3479 2669; x_wconf 93' lang='lat'><strong>6</strong></span> <span class='ocrx_word' id='word_1_468' title='bbox 3509 2605 3581 2665; x_wconf 83' lang='grc' dir='ltr'>ὢν</span> <span class='ocrx_word' id='word_1_469' title='bbox 3615 2606 3701 2666; x_wconf 81' lang='grc' dir='ltr'><strong>ἐπὶ</strong></span> 
     </span>
    </p>
   </div>
   <div class='ocr_carea' id='block_1_54' title="bbox 2103 2688 3697 2778">
    <p class='ocr_par' dir='ltr' id='par_1_54' title="bbox 2103 2688 3697 2778">
     <span class='ocr_line' id='line_1_54' title="bbox 2103 2688 3697 2778; baseline 0.001 -23"><span class='ocrx_word' id='word_1_470' title='bbox 2103 2697 2319 2778; x_wconf 76' lang='grc' dir='ltr'>πάντων</span> <span class='ocrx_word' id='word_1_471' title='bbox 2349 2698 2486 2765; x_wconf 86' lang='grc' dir='ltr'>Θεός</span> <span class='ocrx_word' id='word_1_472' title='bbox 2511 2721 2524 2734; x_wconf 77' lang='grc' dir='ltr'><strong>ο</strong></span> <span class='ocrx_word' id='word_1_473' title='bbox 2556 2719 2586 2756; x_wconf 84' lang='lat' dir='ltr'><strong>n</strong></span> <span class='ocrx_word' id='word_1_474' title='bbox 2624 2688 2718 2756; x_wconf 82' lang='lat' dir='ltr'><strong>xui</strong></span> <span class='ocrx_word' id='word_1_475' title='bbox 2763 2688 2865 2771; x_wconf 63' lang='grc' dir='ltr'><strong>αὖ,</strong></span> <span class='ocrx_word' id='word_1_476' title='bbox 2898 2702 2925 2756; x_wconf 92' lang='lat'><strong>6</strong></span> <span class='ocrx_word' id='word_1_477' title='bbox 2959 2697 3189 2778; x_wconf 86' lang='grc' dir='ltr'>Πατὴρ,</span> <span class='ocrx_word' id='word_1_478' title='bbox 3227 2697 3421 2778; x_wconf 81' lang='grc' dir='ltr'>Κύριος</span> <span class='ocrx_word' id='word_1_479' title='bbox 3443 2743 3458 2770; x_wconf 89' lang='grc'><strong>,</strong></span> <span class='ocrx_word' id='word_1_480' title='bbox 3507 2701 3577 2763; x_wconf 82' lang='grc' dir='ltr'>ὥς</span> <span class='ocrx_word' id='word_1_481' title='bbox 3601 2697 3697 2768; x_wconf 87' lang='grc' dir='ltr'><strong>τὸ,</strong></span> 
     </span>
    </p>
   </div>
   <div class='ocr_carea' id='block_1_55' title="bbox 2111 2776 3697 2870">
    <p class='ocr_par' dir='ltr' id='par_1_55' title="bbox 2111 2776 3697 2870">
     <span class='ocr_line' id='line_1_55' title="bbox 2111 2776 3697 2870; baseline -0.001 -23"><span class='ocrx_word' id='word_1_482' title='bbox 2111 2813 2136 2839; x_wconf 75' lang='grc' dir='ltr'><strong>α</strong></span> <span class='ocrx_word' id='word_1_483' title='bbox 2196 2776 2363 2847; x_wconf 72' lang='grc' dir='ltr'>Εἶπεν</span> <span class='ocrx_word' id='word_1_484' title='bbox 2413 2790 2441 2845; x_wconf 92' lang='lat'><strong>6</strong></span> <span class='ocrx_word' id='word_1_485' title='bbox 2477 2787 2670 2870; x_wconf 76' lang='grc' dir='ltr'>Κύριος</span> <span class='ocrx_word' id='word_1_486' title='bbox 2715 2790 2792 2868; x_wconf 81' lang='grc' dir='ltr'><strong>τῷ</strong></span> <span class='ocrx_word' id='word_1_487' title='bbox 2849 2788 3035 2870; x_wconf 82' lang='grc' dir='ltr'>Κυρίῳ</span> <span class='ocrx_word' id='word_1_488' title='bbox 3079 2776 3198 2862; x_wconf 86' lang='grc' dir='ltr'>μου.</span> <span class='ocrx_word' id='word_1_489' title='bbox 3245 2810 3273 2846; x_wconf 89' lang='grc'><strong>››</strong></span> <span class='ocrx_word' id='word_1_490' title='bbox 3314 2776 3456 2848; x_wconf 67' lang='grc' dir='ltr'>Ἀλλ’</span> <span class='ocrx_word' id='word_1_491' title='bbox 3515 2785 3697 2860; x_wconf 76' lang='grc' dir='ltr'>ἐπειδὴ</span> 
     </span>
    </p>
   </div>
   <div class='ocr_carea' id='block_1_56' title="bbox 2103 2867 3702 2958">
    <p class='ocr_par' dir='ltr' id='par_1_56' title="bbox 2103 2867 3702 2958">
     <span class='ocr_line' id='line_1_56' title="bbox 2103 2867 3702 2958; baseline 0 -24"><span class='ocrx_word' id='word_1_492' title='bbox 2103 2874 2232 2954; x_wconf 89' lang='grc' dir='ltr'>πρὸς</span> <span class='ocrx_word' id='word_1_493' title='bbox 2279 2872 2559 2948; x_wconf 76' lang='grc' dir='ltr'>ἽΞλληνας</span> <span class='ocrx_word' id='word_1_494' title='bbox 2604 2867 2664 2948; x_wconf 69' lang='grc' dir='ltr'><strong>ἦν</strong></span> <span class='ocrx_word' id='word_1_495' title='bbox 2719 2867 2953 2956; x_wconf 13' lang='grc' dir='ltr'>ὁνλόγος</span> <span class='ocrx_word' id='word_1_496' title='bbox 3004 2867 3184 2958; x_wconf 78' lang='grc' dir='ltr'>αὐτῷ,</span> <span class='ocrx_word' id='word_1_497' title='bbox 3238 2871 3520 2937; x_wconf 77' lang='grc' dir='ltr'>πολυθεΐαν</span> <span class='ocrx_word' id='word_1_498' title='bbox 3573 2899 3702 2956; x_wconf 89' lang='grc' dir='ltr'>πρε-</span> 
     </span>
    </p>
   </div>
   <div class='ocr_carea' id='block_1_57' title="bbox 2104 2963 3706 3047">
    <p class='ocr_par' dir='ltr' id='par_1_57' title="bbox 2104 2963 3706 3047">
     <span class='ocr_line' id='line_1_57' title="bbox 2104 2963 3706 3047; baseline 0.001 -25"><span class='ocrx_word' id='word_1_499' title='bbox 2104 2963 2392 3034; x_wconf 79' lang='grc' dir='ltr'>σϐεύοντας</span> <span class='ocrx_word' id='word_1_500' title='bbox 2423 2965 2515 3024; x_wconf 81' lang='grc' dir='ltr'><strong>καὶ</strong></span> <span class='ocrx_word' id='word_1_501' title='bbox 2559 2966 2986 3047; x_wconf 88' lang='grc' dir='ltr'>πολυκυριότητα</span> <span class='ocrx_word' id='word_1_502' title='bbox 3023 2983 3038 2998; x_wconf 84' lang='grc'><strong>⁸</strong></span> <span class='ocrx_word' id='word_1_503' title='bbox 3085 2967 3172 3025; x_wconf 80' lang='grc' dir='ltr'><strong>διὰ</strong></span> <span class='ocrx_word' id='word_1_504' title='bbox 3229 2973 3416 3044; x_wconf 74' lang='grc' dir='ltr'>τοῦτο,</span> <span class='ocrx_word' id='word_1_505' title='bbox 3461 2965 3584 3026; x_wconf 81' lang='grc' dir='ltr'>οὔτε</span> <span class='ocrx_word' id='word_1_506' title='bbox 3614 2963 3706 3025; x_wconf 84' lang='lat' dir='ltr'><strong>xui</strong></span> 
     </span>
    </p>
   </div>
   <div class='ocr_carea' id='block_1_58' title="bbox 2104 3047 3704 3134">
    <p class='ocr_par' dir='ltr' id='par_1_58' title="bbox 2104 3047 3704 3134">
     <span class='ocr_line' id='line_1_58' title="bbox 2104 3047 3704 3134; baseline 0 -21"><span class='ocrx_word' id='word_1_507' title='bbox 2104 3053 2194 3113; x_wconf 86' lang='grc' dir='ltr'><strong>τὸν</strong></span> <span class='ocrx_word' id='word_1_508' title='bbox 2243 3057 2371 3115; x_wconf 82' lang='grc' dir='ltr'>Υἱὸν</span> <span class='ocrx_word' id='word_1_509' title='bbox 2429 3054 2568 3115; x_wconf 83' lang='grc' dir='ltr'>Θεὸν</span> <span class='ocrx_word' id='word_1_510' title='bbox 2634 3047 2774 3115; x_wconf 72' lang='grc' dir='ltr'>εἶπεν</span> <span class='ocrx_word' id='word_1_511' title='bbox 2801 3100 2817 3128; x_wconf 95' lang='grc'><strong>,</strong></span> <span class='ocrx_word' id='word_1_512' title='bbox 2850 3055 2938 3115; x_wconf 73' lang='grc' dir='ltr'><strong>ἵνα</strong></span> <span class='ocrx_word' id='word_1_513' title='bbox 2995 3053 3072 3134; x_wconf 81' lang='grc' dir='ltr'><strong>μὴ</strong></span> <span class='ocrx_word' id='word_1_514' title='bbox 3126 3057 3215 3116; x_wconf 76' lang='grc' dir='ltr'><strong>δύο</strong></span> <span class='ocrx_word' id='word_1_515' title='bbox 3271 3055 3416 3123; x_wconf 74' lang='grc' dir='ltr'>θεοὺς</span> <span class='ocrx_word' id='word_1_516' title='bbox 3470 3056 3704 3133; x_wconf 83' lang='grc' dir='ltr'>νομίσω-</span> 
     </span>
    </p>
   </div>
   <div class='ocr_carea' id='block_1_59' title="bbox 395 3139 1992 3247">
    <p class='ocr_par' dir='ltr' id='par_1_59' title="bbox 395 3147 1992 3224">
     <span class='ocr_line' id='line_1_59' title="bbox 395 3147 1992 3224; baseline 0.004 -20"><span class='ocrx_word' id='word_1_517' title='bbox 395 3164 465 3205; x_wconf 93' lang='lat' dir='ltr'><strong>ne</strong></span> <span class='ocrx_word' id='word_1_518' title='bbox 493 3147 634 3205; x_wconf 93' lang='lat' dir='ltr'><strong>duos</strong></span> <span class='ocrx_word' id='word_1_519' title='bbox 653 3147 786 3206; x_wconf 89' lang='lat' dir='ltr'><strong>deos</strong></span> <span class='ocrx_word' id='word_1_520' title='bbox 813 3149 1211 3220; x_wconf 86' lang='lat' dir='ltr'><strong>existimarent,</strong></span> <span class='ocrx_word' id='word_1_521' title='bbox 1243 3159 1307 3206; x_wconf 91' lang='lat' dir='ltr'><strong>ut</strong></span> <span class='ocrx_word' id='word_1_522' title='bbox 1333 3152 1460 3224; x_wconf 93' lang='lat' dir='ltr'><strong>quis</strong></span> <span class='ocrx_word' id='word_1_523' title='bbox 1482 3152 1670 3208; x_wconf 90' lang='lat' dir='ltr'><strong>multis</strong></span> <span class='ocrx_word' id='word_1_524' title='bbox 1689 3151 1792 3208; x_wconf 89' lang='lat' dir='ltr'><strong>diis</strong></span> <span class='ocrx_word' id='word_1_525' title='bbox 1812 3169 1992 3210; x_wconf 90' lang='lat' dir='ltr'><strong>assue-</strong></span> 
     </span>
    </p>
   </div>
   <div class='ocr_carea' id='block_1_60' title="bbox 2103 3139 3702 3247">
    <p class='ocr_par' dir='ltr' id='par_1_60' title="bbox 2110 3139 3702 3225">
     <span class='ocr_line' id='line_1_60' title="bbox 2110 3139 3702 3225; baseline 0.001 -23"><span class='ocrx_word' id='word_1_526' title='bbox 2110 3167 2223 3218; x_wconf 90' lang='grc' dir='ltr'>σιν,</span> <span class='ocrx_word' id='word_1_527' title='bbox 2262 3143 2355 3203; x_wconf 82' lang='grc' dir='ltr'><strong>ἅτε</strong></span> <span class='ocrx_word' id='word_1_528' title='bbox 2385 3139 2641 3225; x_wconf 79' lang='grc' dir='ltr'>πολυθεΐᾳ</span> <span class='ocrx_word' id='word_1_529' title='bbox 2679 3146 3023 3224; x_wconf 80' lang='grc' dir='ltr'>ἐνειθισμένοι</span> <span class='ocrx_word' id='word_1_530' title='bbox 3047 3169 3060 3183; x_wconf 75' lang='grc' dir='ltr'><strong>ο</strong></span> <span class='ocrx_word' id='word_1_531' title='bbox 3101 3144 3220 3208; x_wconf 80' lang='grc' dir='ltr'>οὔτε</span> <span class='ocrx_word' id='word_1_532' title='bbox 3248 3147 3340 3206; x_wconf 86' lang='lat' dir='ltr'><strong>xui</strong></span> <span class='ocrx_word' id='word_1_533' title='bbox 3362 3145 3452 3205; x_wconf 90' lang='grc' dir='ltr'><strong>τὸν</strong></span> <span class='ocrx_word' id='word_1_534' title='bbox 3479 3144 3702 3225; x_wconf 84' lang='grc' dir='ltr'>Πατέρα</span> 
     </span>
    </p>
   </div>
   <div class='ocr_carea' id='block_1_61' title="bbox 396 3238 1990 3314">
    <p class='ocr_par' dir='ltr' id='par_1_61' title="bbox 396 3238 1990 3314">
     <span class='ocr_line' id='line_1_61' title="bbox 396 3238 1990 3314; baseline 0.004 -21"><span class='ocrx_word' id='word_1_535' title='bbox 396 3238 600 3295; x_wconf 88' lang='lat' dir='ltr'><strong>vissent</strong></span> <span class='ocrx_word' id='word_1_536' title='bbox 651 3257 666 3294; x_wconf 91' lang='lat'><strong>:</strong></span> <span class='ocrx_word' id='word_1_537' title='bbox 709 3255 887 3312; x_wconf 89' lang='lat' dir='ltr'><strong>neque</strong></span> <span class='ocrx_word' id='word_1_538' title='bbox 915 3242 1139 3297; x_wconf 88' lang='lat' dir='ltr'><strong>Patrem</strong></span> <span class='ocrx_word' id='word_1_539' title='bbox 1184 3241 1490 3298; x_wconf 90' lang='lat' dir='ltr'><strong>Dominum</strong></span> <span class='ocrx_word' id='word_1_540' title='bbox 1545 3243 1858 3314; x_wconf 87' lang='lat' dir='ltr'><strong>appellavit,</strong></span> <span class='ocrx_word' id='word_1_541' title='bbox 1920 3259 1990 3300; x_wconf 90' lang='lat' dir='ltr'><strong>ne</strong></span> 
     </span>
    </p>
   </div>
   <div class='ocr_carea' id='block_1_62' title="bbox 397 3327 1984 3403">
    <p class='ocr_par' dir='ltr' id='par_1_62' title="bbox 397 3327 1984 3403">
     <span class='ocr_line' id='line_1_62' title="bbox 397 3327 1984 3403; baseline 0.004 -20"><span class='ocrx_word' id='word_1_542' title='bbox 397 3327 604 3384; x_wconf 87' lang='lat' dir='ltr'><strong>multos</strong></span> <span class='ocrx_word' id='word_1_543' title='bbox 643 3329 813 3386; x_wconf 90' lang='lat' dir='ltr'><strong>etiam</strong></span> <span class='ocrx_word' id='word_1_544' title='bbox 869 3329 1130 3387; x_wconf 88' lang='lat' dir='ltr'><strong>dominos</strong></span> <span class='ocrx_word' id='word_1_545' title='bbox 1185 3331 1331 3403; x_wconf 91' lang='lat' dir='ltr'><strong>apud</strong></span> <span class='ocrx_word' id='word_1_546' title='bbox 1382 3347 1488 3388; x_wconf 94' lang='lat' dir='ltr'><strong>nos</strong></span> <span class='ocrx_word' id='word_1_547' title='bbox 1516 3347 1636 3388; x_wconf 87' lang='lat' dir='ltr'><strong>esse</strong></span> <span class='ocrx_word' id='word_1_548' title='bbox 1674 3341 1984 3390; x_wconf 90' lang='lat' dir='ltr'><strong>censerent.</strong></span> 
     </span>
    </p>
   </div>
   <div class='ocr_carea' id='block_1_63' title="bbox 396 3417 1990 3494">
    <p class='ocr_par' dir='ltr' id='par_1_63' title="bbox 396 3417 1990 3494">
     <span class='ocr_line' id='line_1_63' title="bbox 396 3417 1990 3494; baseline 0.003 -20"><span class='ocrx_word' id='word_1_549' title='bbox 396 3419 558 3475; x_wconf 85' lang='lat' dir='ltr'><strong>Hanc</strong></span> <span class='ocrx_word' id='word_1_550' title='bbox 600 3417 770 3475; x_wconf 88' lang='lat' dir='ltr'><strong>etiam</strong></span> <span class='ocrx_word' id='word_1_551' title='bbox 827 3418 898 3475; x_wconf 93' lang='lat' dir='ltr'><strong>ob</strong></span> <span class='ocrx_word' id='word_1_552' title='bbox 932 3435 1159 3477; x_wconf 89' lang='lat' dir='ltr'><strong>causam</strong></span> <span class='ocrx_word' id='word_1_553' title='bbox 1207 3437 1387 3494; x_wconf 88' lang='lat' dir='ltr'><strong>neque</strong></span> <span class='ocrx_word' id='word_1_554' title='bbox 1424 3422 1656 3494; x_wconf 85' lang='lat' dir='ltr'><strong>Spiritus</strong></span> <span class='ocrx_word' id='word_1_555' title='bbox 1687 3422 1779 3478; x_wconf 90' lang='lat' dir='ltr'><strong>hic</strong></span> <span class='ocrx_word' id='word_1_556' title='bbox 1816 3423 1990 3479; x_wconf 89' lang='lat' dir='ltr'><strong>ullam</strong></span> 
     </span>
    </p>
   </div>
   <div class='ocr_carea' id='block_1_64' title="bbox 393 3505 1990 3583">
    <p class='ocr_par' dir='ltr' id='par_1_64' title="bbox 393 3505 1990 3583">
     <span class='ocr_line' id='line_1_64' title="bbox 393 3505 1990 3583; baseline 0.004 -20"><span class='ocrx_word' id='word_1_557' title='bbox 393 3505 523 3563; x_wconf 89' lang='lat' dir='ltr'><strong>fecit</strong></span> <span class='ocrx_word' id='word_1_558' title='bbox 569 3509 930 3580; x_wconf 89' lang='lat' dir='ltr'><strong>mentionem,</strong></span> <span class='ocrx_word' id='word_1_559' title='bbox 971 3509 1288 3567; x_wconf 90' lang='lat' dir='ltr'><strong>auditorum</strong></span> <span class='ocrx_word' id='word_1_560' title='bbox 1321 3511 1684 3568; x_wconf 89' lang='lat' dir='ltr'><strong>imbecillitati</strong></span> <span class='ocrx_word' id='word_1_561' title='bbox 1705 3527 1934 3583; x_wconf 88' lang='lat' dir='ltr'><strong>parcens</strong></span> <span class='ocrx_word' id='word_1_562' title='bbox 1975 3532 1990 3570; x_wconf 89' lang='lat'>:</span> 
     </span>
    </p>
   </div>
   <div class='ocr_carea' id='block_1_65' title="bbox 391 3597 1991 3673">
    <p class='ocr_par' dir='ltr' id='par_1_65' title="bbox 391 3597 1991 3673">
     <span class='ocr_line' id='line_1_65' title="bbox 391 3597 1991 3673; baseline 0.003 -19"><span class='ocrx_word' id='word_1_563' title='bbox 391 3597 869 3670; x_wconf 89' lang='lat' dir='ltr'><strong>quemadmodum</strong></span> <span class='ocrx_word' id='word_1_564' title='bbox 894 3614 1072 3671; x_wconf 89' lang='lat' dir='ltr'><strong>neque</strong></span> <span class='ocrx_word' id='word_1_565' title='bbox 1101 3600 1390 3673; x_wconf 71' lang='lat' dir='ltr'><strong>praphetaa</strong></span> <span class='ocrx_word' id='word_1_566' title='bbox 1419 3601 1547 3657; x_wconf 88' lang='lat' dir='ltr'><strong>Filii</strong></span> <span class='ocrx_word' id='word_1_567' title='bbox 1576 3611 1764 3673; x_wconf 88' lang='lat' dir='ltr'><strong>aperte</strong></span> <span class='ocrx_word' id='word_1_568' title='bbox 1789 3602 1991 3658; x_wconf 91' lang='lat' dir='ltr'><strong>memi-</strong></span> 
     </span>
    </p>
   </div>
   <div class='ocr_carea' id='block_1_66' title="bbox 391 3688 1995 3762">
    <p class='ocr_par' dir='ltr' id='par_1_66' title="bbox 391 3688 1995 3762">
     <span class='ocr_line' id='line_1_66' title="bbox 391 3688 1995 3762; baseline 0.003 -19"><span class='ocrx_word' id='word_1_569' title='bbox 391 3696 613 3755; x_wconf 88' lang='lat' dir='ltr'><strong>nerunt,</strong></span> <span class='ocrx_word' id='word_1_570' title='bbox 669 3688 996 3746; x_wconf 65' lang='lat' dir='ltr'><strong>Iudaeorum</strong></span> <span class='ocrx_word' id='word_1_571' title='bbox 1044 3706 1227 3758; x_wconf 88' lang='lat' dir='ltr'><strong>causa,</strong></span> <span class='ocrx_word' id='word_1_572' title='bbox 1273 3706 1343 3746; x_wconf 90' lang='lat' dir='ltr'><strong>ne</strong></span> <span class='ocrx_word' id='word_1_573' title='bbox 1415 3691 1524 3762; x_wconf 92' lang='lat' dir='ltr'><strong>ipsi</strong></span> <span class='ocrx_word' id='word_1_574' title='bbox 1570 3692 1995 3762; x_wconf 77' lang='lat' dir='ltr'><strong>generationem</strong></span> 
     </span>
    </p>
   </div>
   <div class='ocr_carea' id='block_1_67' title="bbox 391 3775 1989 3853">
    <p class='ocr_par' dir='ltr' id='par_1_67' title="bbox 391 3775 1989 3853">
     <span class='ocr_line' id='line_1_67' title="bbox 391 3775 1989 3853; baseline 0.002 -20"><span class='ocrx_word' id='word_1_575' title='bbox 391 3775 680 3834; x_wconf 82' lang='lat' dir='ltr'><strong>affectibus</strong></span> <span class='ocrx_word' id='word_1_576' title='bbox 707 3778 1001 3835; x_wconf 85' lang='lat' dir='ltr'><strong>obnoxiam</strong></span> <span class='ocrx_word' id='word_1_577' title='bbox 1027 3779 1358 3853; x_wconf 83' lang='lat' dir='ltr'><strong>intelligant.</strong></span> <span class='ocrx_word' id='word_1_578' title='bbox 1389 3780 1553 3837; x_wconf 90' lang='lat' dir='ltr'><strong>Unde</strong></span> <span class='ocrx_word' id='word_1_579' title='bbox 1582 3789 1657 3849; x_wconf 90' lang='lat' dir='ltr'><strong>et,</strong></span> <span class='ocrx_word' id='word_1_580' title='bbox 1691 3805 1718 3831; x_wconf 66' lang='grc' dir='ltr'><strong>ιι</strong></span> <span class='ocrx_word' id='word_1_581' title='bbox 1751 3785 1936 3851; x_wconf 92' lang='lat' dir='ltr'><strong>Unus,</strong></span> <span class='ocrx_word' id='word_1_582' title='bbox 1957 3801 1989 3836; x_wconf 81' lang='lat'><strong>»</strong></span> 
     </span>
    </p>
   </div>
   <div class='ocr_carea' id='block_1_68' title="bbox 389 3868 1992 3943">
    <p class='ocr_par' dir='ltr' id='par_1_68' title="bbox 389 3868 1992 3943">
     <span class='ocr_line' id='line_1_68' title="bbox 389 3868 1992 3943; baseline 0.001 -19"><span class='ocrx_word' id='word_1_583' title='bbox 389 3868 667 3924; x_wconf 90' lang='lat' dir='ltr'><strong>continuo</strong></span> <span class='ocrx_word' id='word_1_584' title='bbox 688 3869 875 3940; x_wconf 88' lang='lat' dir='ltr'><strong>ponit;</strong></span> <span class='ocrx_word' id='word_1_585' title='bbox 913 3891 936 3918; x_wconf 81' lang='grc' dir='ltr'><strong>ι</strong></span> <span class='ocrx_word' id='word_1_586' title='bbox 966 3871 1094 3925; x_wconf 86' lang='lat' dir='ltr'><strong>Non</strong></span> <span class='ocrx_word' id='word_1_587' title='bbox 1135 3878 1241 3939; x_wconf 88' lang='lat' dir='ltr'><strong>est,</strong></span> <span class='ocrx_word' id='word_1_588' title='bbox 1289 3893 1315 3918; x_wconf 72' lang='grc' dir='ltr'><strong>ν</strong></span> <span class='ocrx_word' id='word_1_589' title='bbox 1347 3869 1621 3943; x_wconf 89' lang='lat' dir='ltr'><strong>inquiens,</strong></span> <span class='ocrx_word' id='word_1_590' title='bbox 1647 3894 1673 3919; x_wconf 80' lang='grc' dir='ltr'><strong>α</strong></span> <span class='ocrx_word' id='word_1_591' title='bbox 1697 3873 1869 3938; x_wconf 92' lang='lat' dir='ltr'><strong>Deu,</strong></span> <span class='ocrx_word' id='word_1_592' title='bbox 1891 3870 1992 3927; x_wconf 91' lang='lat' dir='ltr'><strong>nisi</strong></span> 
     </span>
    </p>
   </div>
   <div class='ocr_carea' id='block_1_69' title="bbox 392 3961 1989 4028">
    <p class='ocr_par' dir='ltr' id='par_1_69' title="bbox 392 3961 1989 4028">
     <span class='ocr_line' id='line_1_69' title="bbox 392 3961 1989 4028; baseline 0.002 -15"><span class='ocrx_word' id='word_1_593' title='bbox 392 3974 568 4028; x_wconf 84' lang='lat' dir='ltr'><strong>unus;</strong></span> <span class='ocrx_word' id='word_1_594' title='bbox 599 3981 625 4008; x_wconf 71' lang='grc' dir='ltr'><strong>ι</strong></span> <span class='ocrx_word' id='word_1_595' title='bbox 647 3966 724 4028; x_wconf 89' lang='lat' dir='ltr'><strong>et,</strong></span> <span class='ocrx_word' id='word_1_596' title='bbox 761 3981 788 4007; x_wconf 75' lang='grc' dir='ltr'>ι</span> <span class='ocrx_word' id='word_1_597' title='bbox 818 3961 983 4015; x_wconf 90' lang='lat' dir='ltr'><strong>Unus</strong></span> <span class='ocrx_word' id='word_1_598' title='bbox 999 3961 1146 4015; x_wconf 89' lang='lat' dir='ltr'><strong>Deus</strong></span> <span class='ocrx_word' id='word_1_599' title='bbox 1181 3979 1194 4014; x_wconf 89' lang='lat'><strong>:</strong></span> <span class='ocrx_word' id='word_1_600' title='bbox 1229 3983 1256 4007; x_wconf 74' lang='grc' dir='ltr'>ιο</span> <span class='ocrx_word' id='word_1_601' title='bbox 1289 3968 1376 4027; x_wconf 91' lang='lat' dir='ltr'><strong>et,</strong></span> <span class='ocrx_word' id='word_1_602' title='bbox 1411 3982 1437 4006; x_wconf 76' lang='grc' dir='ltr'><strong>α</strong></span> <span class='ocrx_word' id='word_1_603' title='bbox 1471 3976 1610 4016; x_wconf 89' lang='lat' dir='ltr'><strong>unus</strong></span> <span class='ocrx_word' id='word_1_604' title='bbox 1637 3961 1942 4017; x_wconf 90' lang='lat' dir='ltr'><strong>Dominus.</strong></span> <span class='ocrx_word' id='word_1_605' title='bbox 1964 3984 1989 4010; x_wconf 74' lang='grc' dir='ltr'>ιο</span> 
     </span>
    </p>
   </div>
   <div class='ocr_carea' id='block_1_70' title="bbox 396 4047 1995 4121">
    <p class='ocr_par' dir='ltr' id='par_1_70' title="bbox 396 4047 1995 4121">
     <span class='ocr_line' id='line_1_70' title="bbox 396 4047 1995 4121; baseline 0.001 -17"><span class='ocrx_word' id='word_1_606' title='bbox 396 4048 554 4104; x_wconf 86' lang='lat' dir='ltr'><strong>Dixit</strong></span> <span class='ocrx_word' id='word_1_607' title='bbox 593 4047 778 4119; x_wconf 87' lang='lat' dir='ltr'><strong>itaque</strong></span> <span class='ocrx_word' id='word_1_608' title='bbox 807 4051 1030 4104; x_wconf 85' lang='lat' dir='ltr'><strong>Patrem</strong></span> <span class='ocrx_word' id='word_1_609' title='bbox 1055 4064 1229 4104; x_wconf 90' lang='lat' dir='ltr'><strong>unum</strong></span> <span class='ocrx_word' id='word_1_610' title='bbox 1256 4051 1455 4117; x_wconf 90' lang='lat' dir='ltr'><strong>Deum,</strong></span> <span class='ocrx_word' id='word_1_611' title='bbox 1489 4049 1560 4105; x_wconf 90' lang='lat' dir='ltr'><strong>ad</strong></span> <span class='ocrx_word' id='word_1_612' title='bbox 1589 4049 1995 4121; x_wconf 90' lang='lat' dir='ltr'><strong>oppositionem</strong></span> 
     </span>
    </p>
   </div>
   <div class='ocr_carea' id='block_1_71' title="bbox 395 4135 1992 4204">
    <p class='ocr_par' dir='ltr' id='par_1_71' title="bbox 395 4135 1992 4204">
     <span class='ocr_line' id='line_1_71' title="bbox 395 4135 1992 4204; baseline 0.001 -11"><span class='ocrx_word' id='word_1_613' title='bbox 395 4136 629 4193; x_wconf 88' lang='lat' dir='ltr'><strong>deorum</strong></span> <span class='ocrx_word' id='word_1_614' title='bbox 669 4135 810 4192; x_wconf 83' lang='lat' dir='ltr'><strong>falso</strong></span> <span class='ocrx_word' id='word_1_615' title='bbox 861 4136 1159 4204; x_wconf 91' lang='lat' dir='ltr'><strong>dictorum,</strong></span> <span class='ocrx_word' id='word_1_616' title='bbox 1185 4145 1240 4193; x_wconf 91' lang='lat' dir='ltr'><strong>et</strong></span> <span class='ocrx_word' id='word_1_617' title='bbox 1266 4153 1379 4193; x_wconf 93' lang='lat' dir='ltr'><strong>non</strong></span> <span class='ocrx_word' id='word_1_618' title='bbox 1415 4137 1532 4193; x_wconf 90' lang='lat' dir='ltr'><strong>Filii</strong></span> <span class='ocrx_word' id='word_1_619' title='bbox 1579 4156 1592 4194; x_wconf 93' lang='lat'>:</span> <span class='ocrx_word' id='word_1_620' title='bbox 1624 4147 1680 4194; x_wconf 93' lang='lat' dir='ltr'><strong>et</strong></span> <span class='ocrx_word' id='word_1_621' title='bbox 1723 4138 1795 4194; x_wconf 92' lang='lat' dir='ltr'><strong>ad</strong></span> <span class='ocrx_word' id='word_1_622' title='bbox 1825 4137 1992 4196; x_wconf 83' lang='lat' dir='ltr'><strong>diffe-</strong></span> 
     </span>
    </p>
   </div>
   <div class='ocr_carea' id='block_1_72' title="bbox 395 4223 1992 4299">
    <p class='ocr_par' dir='ltr' id='par_1_72' title="bbox 395 4223 1992 4299">
     <span class='ocr_line' id='line_1_72' title="bbox 395 4223 1992 4299; baseline 0.003 -19"><span class='ocrx_word' id='word_1_623' title='bbox 395 4225 631 4280; x_wconf 89' lang='lat' dir='ltr'><strong>rentiam</strong></span> <span class='ocrx_word' id='word_1_624' title='bbox 669 4223 942 4280; x_wconf 86' lang='lat' dir='ltr'><strong>falsorum</strong></span> <span class='ocrx_word' id='word_1_625' title='bbox 979 4224 1362 4294; x_wconf 88' lang='lat' dir='ltr'><strong>dominorum,</strong></span> <span class='ocrx_word' id='word_1_626' title='bbox 1417 4242 1529 4282; x_wconf 93' lang='lat' dir='ltr'><strong>non</strong></span> <span class='ocrx_word' id='word_1_627' title='bbox 1559 4236 1746 4285; x_wconf 87' lang='lat' dir='ltr'><strong>autem</strong></span> <span class='ocrx_word' id='word_1_628' title='bbox 1787 4229 1992 4299; x_wconf 91' lang='lat' dir='ltr'><strong>Patris,</strong></span> 
     </span>
    </p>
   </div>
   <div class='ocr_carea' id='block_1_73' title="bbox 397 4314 1557 4388">
    <p class='ocr_par' dir='ltr' id='par_1_73' title="bbox 397 4314 1557 4388">
     <span class='ocr_line' id='line_1_73' title="bbox 397 4314 1557 4388; baseline 0.003 -18"><span class='ocrx_word' id='word_1_629' title='bbox 397 4314 539 4371; x_wconf 84' lang='lat' dir='ltr'><strong>dixit</strong></span> <span class='ocrx_word' id='word_1_630' title='bbox 575 4330 752 4370; x_wconf 89' lang='lat' dir='ltr'><strong>unum</strong></span> <span class='ocrx_word' id='word_1_631' title='bbox 795 4315 1102 4372; x_wconf 89' lang='lat' dir='ltr'><strong>Dominum</strong></span> <span class='ocrx_word' id='word_1_632' title='bbox 1122 4316 1303 4388; x_wconf 90' lang='lat' dir='ltr'><strong>ipsum</strong></span> <span class='ocrx_word' id='word_1_633' title='bbox 1334 4316 1557 4373; x_wconf 91' lang='lat' dir='ltr'><strong>Filium.</strong></span> 
     </span>
    </p>
   </div>
   <div class='ocr_carea' id='block_1_74' title="bbox 465 4403 1991 4480">
    <p class='ocr_par' dir='ltr' id='par_1_74' title="bbox 465 4403 1991 4480">
     <span class='ocr_line' id='line_1_74' title="bbox 465 4403 1991 4480; baseline 0.003 -21"><span class='ocrx_word' id='word_1_634' title='bbox 465 4403 569 4460; x_wconf 91' lang='lat' dir='ltr'><strong>Sed</strong></span> <span class='ocrx_word' id='word_1_635' title='bbox 601 4419 714 4460; x_wconf 91' lang='lat' dir='ltr'><strong>non</strong></span> <span class='ocrx_word' id='word_1_636' title='bbox 741 4403 796 4459; x_wconf 90' lang='lat' dir='ltr'><strong>in</strong></span> <span class='ocrx_word' id='word_1_637' title='bbox 827 4404 1088 4460; x_wconf 89' lang='lat' dir='ltr'><strong>omnibus</strong></span> <span class='ocrx_word' id='word_1_638' title='bbox 1138 4412 1221 4460; x_wconf 90' lang='lat' dir='ltr'><strong>est</strong></span> <span class='ocrx_word' id='word_1_639' title='bbox 1248 4404 1496 4461; x_wconf 89' lang='lat' dir='ltr'><strong>scientia.</strong></span> <span class='ocrx_word' id='word_1_640' title='bbox 1527 4429 1553 4455; x_wconf 70' lang='grc' dir='ltr'>υ</span> <span class='ocrx_word' id='word_1_641' title='bbox 1603 4408 1729 4462; x_wconf 87' lang='lat' dir='ltr'><strong>Non</strong></span> <span class='ocrx_word' id='word_1_642' title='bbox 1775 4422 1991 4480; x_wconf 90' lang='lat' dir='ltr'><strong>omnes,</strong></span> 
     </span>
    </p>
   </div>
   <div class='ocr_carea' id='block_1_75' title="bbox 399 4493 1993 4566">
    <p class='ocr_par' dir='ltr' id='par_1_75' title="bbox 399 4493 1993 4566">
     <span class='ocr_line' id='line_1_75' title="bbox 399 4493 1993 4566; baseline 0.003 -16"><span class='ocrx_word' id='word_1_643' title='bbox 399 4493 597 4566; x_wconf 91' lang='lat' dir='ltr'><strong>inquit,</strong></span> <span class='ocrx_word' id='word_1_644' title='bbox 629 4493 813 4552; x_wconf 91' lang='lat' dir='ltr'><strong>sciunt</strong></span> <span class='ocrx_word' id='word_1_645' title='bbox 869 4509 1045 4550; x_wconf 91' lang='lat' dir='ltr'><strong>unum</strong></span> <span class='ocrx_word' id='word_1_646' title='bbox 1109 4509 1231 4551; x_wconf 90' lang='lat' dir='ltr'><strong>esse</strong></span> <span class='ocrx_word' id='word_1_647' title='bbox 1259 4499 1466 4562; x_wconf 86' lang='lat' dir='ltr'><strong>Deum,</strong></span> <span class='ocrx_word' id='word_1_648' title='bbox 1498 4503 1554 4552; x_wconf 89' lang='lat' dir='ltr'><strong>et</strong></span> <span class='ocrx_word' id='word_1_649' title='bbox 1607 4511 1719 4552; x_wconf 93' lang='lat' dir='ltr'><strong>non</strong></span> <span class='ocrx_word' id='word_1_650' title='bbox 1766 4498 1993 4566; x_wconf 92' lang='lat' dir='ltr'><strong>multos,</strong></span> 
     </span>
    </p>
   </div>
   <div class='ocr_carea' id='block_1_76' title="bbox 397 4582 992 4656">
    <p class='ocr_par' dir='ltr' id='par_1_76' title="bbox 397 4582 992 4656">
     <span class='ocr_line' id='line_1_76' title="bbox 397 4582 992 4656; baseline -0.002 -16"><span class='ocrx_word' id='word_1_651' title='bbox 397 4584 642 4656; x_wconf 91' lang='lat' dir='ltr'><strong>nihilque</strong></span> <span class='ocrx_word' id='word_1_652' title='bbox 662 4599 779 4641; x_wconf 90' lang='lat' dir='ltr'><strong>esse</strong></span> <span class='ocrx_word' id='word_1_653' title='bbox 827 4582 992 4639; x_wconf 90' lang='lat' dir='ltr'><strong>idola.</strong></span> 
     </span>
    </p>
   </div>
   <div class='ocr_carea' id='block_1_77' title="bbox 469 4673 1994 4743">
    <p class='ocr_par' dir='ltr' id='par_1_77' title="bbox 469 4673 1994 4743">
     <span class='ocr_line' id='line_1_77' title="bbox 469 4673 1994 4743; baseline 0.002 -14"><span class='ocrx_word' id='word_1_654' title='bbox 469 4675 647 4731; x_wconf 74' lang='lat' dir='ltr'><strong>Vnns.</strong></span> <span class='ocrx_word' id='word_1_655' title='bbox 670 4679 725 4729; x_wconf 88' lang='lat'><strong>7.</strong></span> <span class='ocrx_word' id='word_1_656' title='bbox 763 4695 789 4722; x_wconf 76' lang='grc' dir='ltr'><strong>α</strong></span> <span class='ocrx_word' id='word_1_657' title='bbox 833 4673 1076 4743; x_wconf 87' lang='lat' dir='ltr'><strong>Quidam</strong></span> <span class='ocrx_word' id='word_1_658' title='bbox 1101 4682 1288 4731; x_wconf 90' lang='lat' dir='ltr'><strong>autem</strong></span> <span class='ocrx_word' id='word_1_659' title='bbox 1317 4690 1446 4731; x_wconf 91' lang='lat' dir='ltr'><strong>cum</strong></span> <span class='ocrx_word' id='word_1_660' title='bbox 1487 4674 1826 4732; x_wconf 90' lang='lat' dir='ltr'><strong>conscientia</strong></span> <span class='ocrx_word' id='word_1_661' title='bbox 1866 4675 1994 4733; x_wconf 92' lang='lat' dir='ltr'><strong>idoli</strong></span> 
     </span>
    </p>
   </div>
   <div class='ocr_carea' id='block_1_78' title="bbox 395 4761 1975 4836">
    <p class='ocr_par' dir='ltr' id='par_1_78' title="bbox 395 4761 1975 4836">
     <span class='ocr_line' id='line_1_78' title="bbox 395 4761 1975 4836; baseline 0.003 -17"><span class='ocrx_word' id='word_1_662' title='bbox 395 4778 570 4834; x_wconf 90' lang='lat' dir='ltr'><strong>usque</strong></span> <span class='ocrx_word' id='word_1_663' title='bbox 598 4778 766 4831; x_wconf 92' lang='lat' dir='ltr'><strong>nunc,</strong></span> <span class='ocrx_word' id='word_1_664' title='bbox 805 4763 962 4834; x_wconf 90' lang='lat' dir='ltr'><strong>quasi</strong></span> <span class='ocrx_word' id='word_1_665' title='bbox 988 4761 1357 4836; x_wconf 89' lang='lat' dir='ltr'><strong>idolothytum</strong></span> <span class='ocrx_word' id='word_1_666' title='bbox 1399 4762 1752 4836; x_wconf 85' lang='lat' dir='ltr'><strong>manducant,</strong></span> <span class='ocrx_word' id='word_1_667' title='bbox 1785 4773 1842 4822; x_wconf 92' lang='lat' dir='ltr'><strong>et</strong></span> <span class='ocrx_word' id='word_1_668' title='bbox 1868 4782 1975 4823; x_wconf 91' lang='lat' dir='ltr'><strong>con</strong></span> 
     </span>
    </p>
   </div>
   <div class='ocr_carea' id='block_1_79' title="bbox 401 4851 1992 4926">
    <p class='ocr_par' dir='ltr' id='par_1_79' title="bbox 401 4851 1992 4926">
     <span class='ocr_line' id='line_1_79' title="bbox 401 4851 1992 4926; baseline -0.001 -18"><span class='ocrx_word' id='word_1_669' title='bbox 401 4851 628 4908; x_wconf 88' lang='lat' dir='ltr'><strong>scientia</strong></span> <span class='ocrx_word' id='word_1_670' title='bbox 684 4851 933 4923; x_wconf 92' lang='lat' dir='ltr'><strong>ipsorum</strong></span> <span class='ocrx_word' id='word_1_671' title='bbox 999 4867 1128 4908; x_wconf 89' lang='lat' dir='ltr'><strong>cum</strong></span> <span class='ocrx_word' id='word_1_672' title='bbox 1194 4853 1269 4909; x_wconf 88' lang='lat' dir='ltr'><strong>sit</strong></span> <span class='ocrx_word' id='word_1_673' title='bbox 1317 4853 1542 4910; x_wconf 85' lang='lat' dir='ltr'><strong>inﬁrma</strong></span> <span class='ocrx_word' id='word_1_674' title='bbox 1605 4855 1890 4926; x_wconf 88' lang='lat' dir='ltr'><strong>polluitur.</strong></span> <span class='ocrx_word' id='word_1_675' title='bbox 1967 4879 1992 4906; x_wconf 70' lang='grc' dir='ltr'><strong>υ</strong></span> 
     </span>
    </p>
   </div>
   <div class='ocr_carea' id='block_1_80' title="bbox 402 4940 1996 5017">
    <p class='ocr_par' dir='ltr' id='par_1_80' title="bbox 402 4940 1996 5017">
     <span class='ocr_line' id='line_1_80' title="bbox 402 4940 1996 5017; baseline 0.003 -21"><span class='ocrx_word' id='word_1_676' title='bbox 402 4965 428 4990; x_wconf 74' lang='grc' dir='ltr'>ι</span> <span class='ocrx_word' id='word_1_677' title='bbox 461 4941 714 5012; x_wconf 88' lang='lat' dir='ltr'><strong>Quidam,</strong></span> <span class='ocrx_word' id='word_1_678' title='bbox 770 4963 796 4990; x_wconf 76' lang='grc' dir='ltr'><strong>ιι</strong></span> <span class='ocrx_word' id='word_1_679' title='bbox 839 4940 1035 5012; x_wconf 91' lang='lat' dir='ltr'><strong>inquit,</strong></span> <span class='ocrx_word' id='word_1_680' title='bbox 1075 4942 1379 5012; x_wconf 82' lang='lat' dir='ltr'><strong>indeﬁnite,</strong></span> <span class='ocrx_word' id='word_1_681' title='bbox 1433 4944 1631 5000; x_wconf 91' lang='lat' dir='ltr'><strong>nolens</strong></span> <span class='ocrx_word' id='word_1_682' title='bbox 1685 4961 1780 5001; x_wconf 93' lang='lat' dir='ltr'><strong>eos</strong></span> <span class='ocrx_word' id='word_1_683' title='bbox 1820 4946 1996 5017; x_wconf 83' lang='lat' dir='ltr'><strong>palam</strong></span> 
     </span>
    </p>
   </div>
   <div class='ocr_carea' id='block_1_81' title="bbox 395 5030 1994 5105">
    <p class='ocr_par' dir='ltr' id='par_1_81' title="bbox 395 5030 1994 5105">
     <span class='ocr_line' id='line_1_81' title="bbox 395 5030 1994 5105; baseline 0.003 -18"><span class='ocrx_word' id='word_1_684' title='bbox 395 5030 660 5104; x_wconf 82' lang='lat' dir='ltr'><strong>proferre.</strong></span> <span class='ocrx_word' id='word_1_685' title='bbox 692 5032 947 5103; x_wconf 89' lang='lat' dir='ltr'><strong>Namque</strong></span> <span class='ocrx_word' id='word_1_686' title='bbox 982 5032 1150 5103; x_wconf 79' lang='lat'><strong>168</strong></span> <span class='ocrx_word' id='word_1_687' title='bbox 1179 5032 1399 5105; x_wconf 90' lang='lat' dir='ltr'><strong>plurimi</strong></span> <span class='ocrx_word' id='word_1_688' title='bbox 1426 5033 1495 5088; x_wconf 90' lang='lat' dir='ltr'><strong>ab</strong></span> <span class='ocrx_word' id='word_1_689' title='bbox 1523 5033 1795 5090; x_wconf 91' lang='lat' dir='ltr'><strong>idolorum</strong></span> <span class='ocrx_word' id='word_1_690' title='bbox 1842 5036 1994 5091; x_wconf 91' lang='lat' dir='ltr'><strong>cultu</strong></span> 
     </span>
    </p>
   </div>
   <div class='ocr_carea' id='block_1_82' title="bbox 394 5121 1992 5194">
    <p class='ocr_par' dir='ltr' id='par_1_82' title="bbox 394 5121 1992 5194">
     <span class='ocr_line' id='line_1_82' title="bbox 394 5121 1992 5194; baseline 0.001 -15"><span class='ocrx_word' id='word_1_691' title='bbox 394 5121 464 5179; x_wconf 89' lang='lat' dir='ltr'><strong>ad</strong></span> <span class='ocrx_word' id='word_1_692' title='bbox 503 5121 784 5178; x_wconf 90' lang='lat' dir='ltr'><strong>Christum</strong></span> <span class='ocrx_word' id='word_1_693' title='bbox 825 5129 1192 5188; x_wconf 87' lang='lat' dir='ltr'><strong>accesserant,</strong></span> <span class='ocrx_word' id='word_1_694' title='bbox 1231 5122 1324 5193; x_wconf 91' lang='lat' dir='ltr'><strong>qui</strong></span> <span class='ocrx_word' id='word_1_695' title='bbox 1350 5138 1523 5194; x_wconf 90' lang='lat' dir='ltr'><strong>usque</strong></span> <span class='ocrx_word' id='word_1_696' title='bbox 1560 5139 1730 5192; x_wconf 84' lang='lat' dir='ltr'><strong>nunc,</strong></span> <span class='ocrx_word' id='word_1_697' title='bbox 1788 5123 1846 5179; x_wconf 90' lang='lat' dir='ltr'><strong>id</strong></span> <span class='ocrx_word' id='word_1_698' title='bbox 1889 5133 1992 5194; x_wconf 90' lang='lat' dir='ltr'><strong>est,</strong></span> 
     </span>
    </p>
   </div>
   <div class='ocr_carea' id='block_1_83' title="bbox 393 5211 1996 5288">
    <p class='ocr_par' dir='ltr' id='par_1_83' title="bbox 393 5211 1996 5288">
     <span class='ocr_line' id='line_1_83' title="bbox 393 5211 1996 5288; baseline 0.003 -22"><span class='ocrx_word' id='word_1_699' title='bbox 393 5219 684 5284; x_wconf 89' lang='lat' dir='ltr'><strong>postquam</strong></span> <span class='ocrx_word' id='word_1_700' title='bbox 712 5211 881 5267; x_wconf 89' lang='lat' dir='ltr'><strong>etiam</strong></span> <span class='ocrx_word' id='word_1_701' title='bbox 908 5211 1257 5268; x_wconf 90' lang='lat' dir='ltr'><strong>crediderant</strong></span> <span class='ocrx_word' id='word_1_702' title='bbox 1280 5212 1335 5267; x_wconf 93' lang='lat' dir='ltr'><strong>in</strong></span> <span class='ocrx_word' id='word_1_703' title='bbox 1369 5213 1668 5283; x_wconf 90' lang='lat' dir='ltr'><strong>Christum,</strong></span> <span class='ocrx_word' id='word_1_704' title='bbox 1690 5213 1996 5288; x_wconf 91' lang='lat' dir='ltr'><strong>idolothyta</strong></span> 
     </span>
    </p>
   </div>
   <div class='ocr_carea' id='block_1_84' title="bbox 392 5299 1991 5374">
    <p class='ocr_par' dir='ltr' id='par_1_84' title="bbox 392 5299 1991 5374">
     <span class='ocr_line' id='line_1_84' title="bbox 392 5299 1991 5374; baseline 0.003 -18"><span class='ocrx_word' id='word_1_705' title='bbox 392 5309 656 5372; x_wconf 89' lang='lat' dir='ltr'><strong>tanquam</strong></span> <span class='ocrx_word' id='word_1_706' title='bbox 713 5299 1019 5374; x_wconf 81' lang='lat' dir='ltr'><strong>idolothyta</strong></span> <span class='ocrx_word' id='word_1_707' title='bbox 1085 5301 1434 5358; x_wconf 88' lang='lat' dir='ltr'><strong>manducant.</strong></span> <span class='ocrx_word' id='word_1_708' title='bbox 1475 5326 1499 5350; x_wconf 86' lang='lat'>«</span> <span class='ocrx_word' id='word_1_709' title='bbox 1533 5305 1672 5360; x_wconf 91' lang='lat' dir='ltr'><strong>Cum</strong></span> <span class='ocrx_word' id='word_1_710' title='bbox 1711 5304 1991 5360; x_wconf 87' lang='lat' dir='ltr'><strong>conscien-</strong></span> 
     </span>
    </p>
   </div>
   <div class='ocr_carea' id='block_1_85' title="bbox 391 5389 1988 5463">
    <p class='ocr_par' dir='ltr' id='par_1_85' title="bbox 391 5389 1988 5463">
     <span class='ocr_line' id='line_1_85' title="bbox 391 5389 1988 5463; baseline 0.003 -18"><span class='ocrx_word' id='word_1_711' title='bbox 391 5389 468 5445; x_wconf 93' lang='lat' dir='ltr'><strong>tia</strong></span> <span class='ocrx_word' id='word_1_712' title='bbox 514 5413 538 5439; x_wconf 72' lang='grc' dir='ltr'><strong>υ</strong></span> <span class='ocrx_word' id='word_1_713' title='bbox 585 5391 756 5458; x_wconf 92' lang='lat' dir='ltr'><strong>enim,</strong></span> <span class='ocrx_word' id='word_1_714' title='bbox 796 5390 994 5463; x_wconf 92' lang='lat' dir='ltr'><strong>inquit,</strong></span> <span class='ocrx_word' id='word_1_715' title='bbox 1055 5414 1080 5440; x_wconf 87' lang='lat'>«</span> <span class='ocrx_word' id='word_1_716' title='bbox 1141 5390 1276 5446; x_wconf 89' lang='lat' dir='ltr'><strong>idoli</strong></span> <span class='ocrx_word' id='word_1_717' title='bbox 1326 5409 1340 5445; x_wconf 91' lang='lat'><strong>:</strong></span> <span class='ocrx_word' id='word_1_718' title='bbox 1377 5415 1400 5440; x_wconf 72' lang='grc' dir='ltr'><strong>υ</strong></span> <span class='ocrx_word' id='word_1_719' title='bbox 1442 5391 1546 5448; x_wconf 92' lang='lat' dir='ltr'><strong>hoc</strong></span> <span class='ocrx_word' id='word_1_720' title='bbox 1601 5401 1707 5463; x_wconf 90' lang='lat' dir='ltr'><strong>est,</strong></span> <span class='ocrx_word' id='word_1_721' title='bbox 1735 5393 1988 5450; x_wconf 88' lang='lat' dir='ltr'><strong>eamdem</strong></span> 
     </span>
    </p>
   </div>
   <div class='ocr_carea' id='block_1_86' title="bbox 394 5479 1988 5555">
    <p class='ocr_par' dir='ltr' id='par_1_86' title="bbox 394 5479 1988 5555">
     <span class='ocr_line' id='line_1_86' title="bbox 394 5479 1988 5555; baseline 0.003 -20"><span class='ocrx_word' id='word_1_722' title='bbox 394 5480 730 5536; x_wconf 89' lang='lat' dir='ltr'><strong>sententiam</strong></span> <span class='ocrx_word' id='word_1_723' title='bbox 779 5479 1048 5536; x_wconf 87' lang='lat' dir='ltr'><strong>habentes</strong></span> <span class='ocrx_word' id='word_1_724' title='bbox 1075 5479 1147 5536; x_wconf 91' lang='lat' dir='ltr'><strong>de</strong></span> <span class='ocrx_word' id='word_1_725' title='bbox 1174 5480 1356 5551; x_wconf 89' lang='lat' dir='ltr'><strong>idolis,</strong></span> <span class='ocrx_word' id='word_1_726' title='bbox 1385 5490 1441 5538; x_wconf 94' lang='lat' dir='ltr'><strong>et</strong></span> <span class='ocrx_word' id='word_1_727' title='bbox 1470 5490 1726 5555; x_wconf 88' lang='lat' dir='ltr'><strong>putantes</strong></span> <span class='ocrx_word' id='word_1_728' title='bbox 1754 5483 1843 5540; x_wconf 92' lang='lat' dir='ltr'><strong>illa</strong></span> <span class='ocrx_word' id='word_1_729' title='bbox 1869 5499 1988 5540; x_wconf 91' lang='lat' dir='ltr'><strong>esse</strong></span> 
     </span>
    </p>
   </div>
   <div class='ocr_carea' id='block_1_87' title="bbox 465 5615 1424 5685">
    <p class='ocr_par' dir='ltr' id='par_1_87' title="bbox 465 5615 1424 5685">
     <span class='ocr_line' id='line_1_87' title="bbox 465 5615 1424 5685; baseline 0.003 -15"><span class='ocrx_word' id='word_1_730' title='bbox 465 5615 490 5648; x_wconf 73' lang='grc'><strong><em>⁸³</em></strong></span> <span class='ocrx_word' id='word_1_731' title='bbox 519 5616 684 5670; x_wconf 86' lang='lat' dir='ltr'><strong>Rom.</strong></span> <span class='ocrx_word' id='word_1_732' title='bbox 722 5629 812 5682; x_wconf 75' lang='grc' dir='ltr'>ιχ,</span> <span class='ocrx_word' id='word_1_733' title='bbox 842 5618 894 5670; x_wconf 88' lang='lat'><strong>5.</strong></span> <span class='ocrx_word' id='word_1_734' title='bbox 977 5618 1000 5647; x_wconf 77' lang='grc' dir='ltr'><strong>ο</strong></span> <span class='ocrx_word' id='word_1_735' title='bbox 1029 5616 1174 5672; x_wconf 91' lang='lat' dir='ltr'><strong>Psal.</strong></span> <span class='ocrx_word' id='word_1_736' title='bbox 1206 5632 1334 5685; x_wconf 69' lang='lat' dir='ltr'><strong>cxx,</strong></span> <span class='ocrx_word' id='word_1_737' title='bbox 1373 5623 1424 5673; x_wconf 86' lang='lat'><strong>1.</strong></span> 
     </span>
    </p>
   </div>
   <div class='ocr_carea' id='block_1_88' title="bbox 2109 3231 3704 3316">
    <p class='ocr_par' dir='ltr' id='par_1_88' title="bbox 2109 3231 3704 3316">
     <span class='ocr_line' id='line_1_88' title="bbox 2109 3231 3704 3316; baseline 0.001 -24"><span class='ocrx_word' id='word_1_738' title='bbox 2109 3233 2349 3316; x_wconf 65' lang='grc' dir='ltr'>Ιςύριον,</span> <span class='ocrx_word' id='word_1_739' title='bbox 2396 3231 2484 3292; x_wconf 79' lang='grc' dir='ltr'><strong>ἵνα</strong></span> <span class='ocrx_word' id='word_1_740' title='bbox 2551 3234 2628 3312; x_wconf 87' lang='grc' dir='ltr'><strong>μὴ</strong></span> <span class='ocrx_word' id='word_1_741' title='bbox 2699 3233 2929 3303; x_wconf 78' lang='grc' dir='ltr'>πολλοὺς</span> <span class='ocrx_word' id='word_1_742' title='bbox 2978 3235 3187 3316; x_wconf 77' lang='grc' dir='ltr'>κυρίους</span> <span class='ocrx_word' id='word_1_743' title='bbox 3239 3235 3328 3295; x_wconf 88' lang='lat' dir='ltr'><strong>xui</strong></span> <span class='ocrx_word' id='word_1_744' title='bbox 3386 3239 3516 3314; x_wconf 81' lang='grc' dir='ltr'>παρ’</span> <span class='ocrx_word' id='word_1_745' title='bbox 3572 3239 3704 3314; x_wconf 85' lang='grc' dir='ltr'>ἡμῖν</span> 
     </span>
    </p>
   </div>
   <div class='ocr_carea' id='block_1_89' title="bbox 2107 3311 3703 3398">
    <p class='ocr_par' dir='ltr' id='par_1_89' title="bbox 2107 3311 3703 3398">
     <span class='ocr_line' id='line_1_89' title="bbox 2107 3311 3703 3398; baseline 0.002 -18"><span class='ocrx_word' id='word_1_746' title='bbox 2107 3311 2240 3380; x_wconf 75' lang='grc' dir='ltr'>εἶναι</span> <span class='ocrx_word' id='word_1_747' title='bbox 2291 3323 2500 3392; x_wconf 84' lang='grc' dir='ltr'>δόξωσι.</span> <span class='ocrx_word' id='word_1_748' title='bbox 2551 3311 2655 3385; x_wconf 81' lang='grc' dir='ltr'>Διὰ</span> <span class='ocrx_word' id='word_1_749' title='bbox 2703 3323 2902 3396; x_wconf 81' lang='grc' dir='ltr'>ταύτην</span> <span class='ocrx_word' id='word_1_750' title='bbox 2948 3323 3002 3384; x_wconf 66' lang='grc' dir='ltr'>δὲ</span> <span class='ocrx_word' id='word_1_751' title='bbox 3049 3311 3145 3396; x_wconf 76' lang='grc' dir='ltr'><strong>τὴν</strong></span> <span class='ocrx_word' id='word_1_752' title='bbox 3199 3323 3412 3398; x_wconf 89' lang='grc' dir='ltr'>αἰτίαν,</span> <span class='ocrx_word' id='word_1_753' title='bbox 3456 3311 3577 3384; x_wconf 70' lang='grc' dir='ltr'>οὐδὲ</span> <span class='ocrx_word' id='word_1_754' title='bbox 3609 3311 3703 3383; x_wconf 76' lang='grc' dir='ltr'><strong>τοῦ</strong></span> 
     </span>
    </p>
   </div>
   <div class='ocr_carea' id='block_1_90' title="bbox 2107 3412 3705 3496">
    <p class='ocr_par' dir='ltr' id='par_1_90' title="bbox 2107 3412 3705 3496">
     <span class='ocr_line' id='line_1_90' title="bbox 2107 3412 3705 3496; baseline 0.001 -24"><span class='ocrx_word' id='word_1_755' title='bbox 2107 3412 2423 3490; x_wconf 83' lang='grc' dir='ltr'>Πνεύματος</span> <span class='ocrx_word' id='word_1_756' title='bbox 2464 3413 2702 3491; x_wconf 81' lang='grc' dir='ltr'>ἐμνήσθη</span> <span class='ocrx_word' id='word_1_757' title='bbox 2747 3415 3008 3489; x_wconf 77' lang='grc' dir='ltr'>ἐνταῦθα,</span> <span class='ocrx_word' id='word_1_758' title='bbox 3059 3414 3365 3496; x_wconf 80' lang='grc' dir='ltr'>φειδόμενος</span> <span class='ocrx_word' id='word_1_759' title='bbox 3415 3418 3510 3486; x_wconf 84' lang='grc' dir='ltr'><strong>τῆς</strong></span> <span class='ocrx_word' id='word_1_760' title='bbox 3540 3416 3705 3474; x_wconf 85' lang='grc' dir='ltr'>ἀσθε-</span> 
     </span>
    </p>
   </div>
   <div class='ocr_carea' id='block_1_91' title="bbox 2102 3501 3706 3584">
    <p class='ocr_par' dir='ltr' id='par_1_91' title="bbox 2102 3501 3706 3584">
     <span class='ocr_line' id='line_1_91' title="bbox 2102 3501 3706 3584; baseline 0.001 -24"><span class='ocrx_word' id='word_1_761' title='bbox 2102 3501 2245 3569; x_wconf 88' lang='grc' dir='ltr'>νείας</span> <span class='ocrx_word' id='word_1_762' title='bbox 2290 3506 2394 3561; x_wconf 84' lang='grc' dir='ltr'><strong>τῶν</strong></span> <span class='ocrx_word' id='word_1_763' title='bbox 2445 3504 2740 3562; x_wconf 81' lang='grc' dir='ltr'>ἀκουόντων</span> <span class='ocrx_word' id='word_1_764' title='bbox 2775 3527 2789 3541; x_wconf 78' lang='grc'><strong><em>⁸</em></strong></span> <span class='ocrx_word' id='word_1_765' title='bbox 2839 3501 3021 3583; x_wconf 80' lang='grc' dir='ltr'>ὥσπερ</span> <span class='ocrx_word' id='word_1_766' title='bbox 3066 3503 3158 3563; x_wconf 83' lang='grc' dir='ltr'><strong>καὶ</strong></span> <span class='ocrx_word' id='word_1_767' title='bbox 3199 3507 3246 3564; x_wconf 80' lang='lat' dir='ltr'><strong>oi</strong></span> <span class='ocrx_word' id='word_1_768' title='bbox 3287 3507 3560 3584; x_wconf 74' lang='grc' dir='ltr'>προφῆται</span> <span class='ocrx_word' id='word_1_769' title='bbox 3612 3508 3706 3563; x_wconf 81' lang='grc' dir='ltr'><strong>τοῦ</strong></span> 
     </span>
    </p>
   </div>
   <div class='ocr_carea' id='block_1_92' title="bbox 2104 3593 3704 3673">
    <p class='ocr_par' dir='ltr' id='par_1_92' title="bbox 2104 3593 3704 3673">
     <span class='ocr_line' id='line_1_92' title="bbox 2104 3593 3704 3673; baseline 0.001 -21"><span class='ocrx_word' id='word_1_770' title='bbox 2104 3593 2237 3652; x_wconf 81' lang='grc' dir='ltr'>Υἱοῦ</span> <span class='ocrx_word' id='word_1_771' title='bbox 2284 3599 2467 3673; x_wconf 81' lang='grc' dir='ltr'>σαφῶς</span> <span class='ocrx_word' id='word_1_772' title='bbox 2495 3595 2554 3653; x_wconf 83' lang='grc' dir='ltr'>οὗ</span> <span class='ocrx_word' id='word_1_773' title='bbox 2587 3595 2936 3671; x_wconf 82' lang='grc' dir='ltr'>μέμνηνται,</span> <span class='ocrx_word' id='word_1_774' title='bbox 2979 3593 3066 3652; x_wconf 77' lang='grc' dir='ltr'><strong>διὰ</strong></span> <span class='ocrx_word' id='word_1_775' title='bbox 3094 3593 3216 3660; x_wconf 79' lang='grc' dir='ltr'>τοὺς</span> <span class='ocrx_word' id='word_1_776' title='bbox 3245 3593 3569 3668; x_wconf 85' lang='grc' dir='ltr'>Ἰουδαίους,</span> <span class='ocrx_word' id='word_1_777' title='bbox 3613 3593 3704 3653; x_wconf 80' lang='grc' dir='ltr'><strong>ἵνα</strong></span> 
     </span>
    </p>
   </div>
   <div class='ocr_carea' id='block_1_93' title="bbox 2105 3674 3706 3762">
    <p class='ocr_par' dir='ltr' id='par_1_93' title="bbox 2105 3674 3706 3762">
     <span class='ocr_line' id='line_1_93' title="bbox 2105 3674 3706 3762; baseline 0 -20"><span class='ocrx_word' id='word_1_778' title='bbox 2105 3681 2181 3759; x_wconf 76' lang='grc' dir='ltr'>μὴ</span> <span class='ocrx_word' id='word_1_779' title='bbox 2205 3685 2422 3760; x_wconf 85' lang='grc' dir='ltr'>ἐμπαθῆ</span> <span class='ocrx_word' id='word_1_780' title='bbox 2438 3685 2699 3761; x_wconf 87' lang='grc' dir='ltr'>νομίσωσι</span> <span class='ocrx_word' id='word_1_781' title='bbox 2723 3683 2820 3757; x_wconf 85' lang='grc' dir='ltr'><strong>τὴν</strong></span> <span class='ocrx_word' id='word_1_782' title='bbox 2853 3685 3114 3762; x_wconf 83' lang='grc' dir='ltr'>γέννησιν·</span> <span class='ocrx_word' id='word_1_783' title='bbox 3138 3683 3218 3742; x_wconf 90' lang='grc' dir='ltr'><strong>διὸ</strong></span> <span class='ocrx_word' id='word_1_784' title='bbox 3239 3683 3374 3746; x_wconf 76' lang='grc'>⁸³.⁸⁶</span> <span class='ocrx_word' id='word_1_785' title='bbox 3397 3683 3474 3754; x_wconf 86' lang='grc' dir='ltr'><strong>τὸ,</strong></span> <span class='ocrx_word' id='word_1_786' title='bbox 3500 3712 3524 3737; x_wconf 74' lang='grc' dir='ltr'><strong>ε</strong></span> <span class='ocrx_word' id='word_1_787' title='bbox 3555 3674 3665 3759; x_wconf 75' lang='grc' dir='ltr'>Εἷς,</span> <span class='ocrx_word' id='word_1_788' title='bbox 3682 3713 3706 3738; x_wconf 75' lang='grc' dir='ltr'>ιο</span> 
     </span>
    </p>
   </div>
   <div class='ocr_carea' id='block_1_94' title="bbox 2104 3773 3704 3853">
    <p class='ocr_par' dir='ltr' id='par_1_94' title="bbox 2104 3773 3704 3853">
     <span class='ocr_line' id='line_1_94' title="bbox 2104 3773 3704 3853; baseline 0.001 -21"><span class='ocrx_word' id='word_1_789' title='bbox 2104 3778 2342 3853; x_wconf 64' lang='grc' dir='ltr'>συνεχῶς</span> <span class='ocrx_word' id='word_1_790' title='bbox 2371 3774 2580 3846; x_wconf 88' lang='grc' dir='ltr'>τίθησι,</span> <span class='ocrx_word' id='word_1_791' title='bbox 2635 3774 2838 3853; x_wconf 86' lang='grc' dir='ltr'>λέγων,</span> <span class='ocrx_word' id='word_1_792' title='bbox 2873 3773 2953 3833; x_wconf 74' lang='grc' dir='ltr'>ὅτι</span> <span class='ocrx_word' id='word_1_793' title='bbox 2985 3801 3008 3827; x_wconf 72' lang='grc' dir='ltr'><strong>α</strong></span> <span class='ocrx_word' id='word_1_794' title='bbox 3057 3777 3175 3835; x_wconf 82' lang='grc' dir='ltr'><strong>Οὐκ</strong></span> <span class='ocrx_word' id='word_1_795' title='bbox 3219 3773 3334 3833; x_wconf 85' lang='grc' dir='ltr'>ἔστι</span> <span class='ocrx_word' id='word_1_796' title='bbox 3372 3775 3508 3841; x_wconf 84' lang='grc' dir='ltr'>Θεὸς</span> <span class='ocrx_word' id='word_1_797' title='bbox 3553 3775 3597 3834; x_wconf 79' lang='grc' dir='ltr'><strong>εἰ</strong></span> <span class='ocrx_word' id='word_1_798' title='bbox 3629 3774 3704 3852; x_wconf 85' lang='grc' dir='ltr'><strong>μὴ</strong></span> 
     </span>
    </p>
   </div>
   <div class='ocr_carea' id='block_1_95' title="bbox 2103 3851 3707 3942">
    <p class='ocr_par' dir='ltr' id='par_1_95' title="bbox 2103 3851 3707 3942">
     <span class='ocr_line' id='line_1_95' title="bbox 2103 3851 3707 3942; baseline 0.002 -22"><span class='ocrx_word' id='word_1_799' title='bbox 2103 3851 2176 3928; x_wconf 73' lang='grc' dir='ltr'>εἶς</span> <span class='ocrx_word' id='word_1_800' title='bbox 2210 3886 2223 3900; x_wconf 91' lang='grc'><strong>·</strong></span> <span class='ocrx_word' id='word_1_801' title='bbox 2255 3851 2283 3920; x_wconf 59' lang='lat'><strong>)3</strong></span> <span class='ocrx_word' id='word_1_802' title='bbox 2317 3864 2443 3936; x_wconf 88' lang='lat' dir='ltr'><strong>xui,</strong></span> <span class='ocrx_word' id='word_1_803' title='bbox 2483 3887 2513 3923; x_wconf 80' lang='grc' dir='ltr'>(ι</span> <span class='ocrx_word' id='word_1_804' title='bbox 2546 3856 2637 3931; x_wconf 82' lang='grc' dir='ltr'>Εἶς</span> <span class='ocrx_word' id='word_1_805' title='bbox 2665 3851 2805 3930; x_wconf 84' lang='grc' dir='ltr'>Θεός</span> <span class='ocrx_word' id='word_1_806' title='bbox 2835 3887 2849 3903; x_wconf 77' lang='grc' dir='ltr'><strong>ο</strong></span> <span class='ocrx_word' id='word_1_807' title='bbox 2886 3889 2910 3916; x_wconf 66' lang='grc' dir='ltr'><strong>υ</strong></span> <span class='ocrx_word' id='word_1_808' title='bbox 2938 3863 3061 3938; x_wconf 78' lang='grc' dir='ltr'>καὶ,</span> <span class='ocrx_word' id='word_1_809' title='bbox 3096 3885 3122 3919; x_wconf 88' lang='grc' dir='ltr'><strong>ιι</strong></span> <span class='ocrx_word' id='word_1_810' title='bbox 3149 3853 3241 3930; x_wconf 73' lang='grc' dir='ltr'>Εἷς</span> <span class='ocrx_word' id='word_1_811' title='bbox 3275 3861 3490 3942; x_wconf 79' lang='grc' dir='ltr'>Κύριος.</span> <span class='ocrx_word' id='word_1_812' title='bbox 3534 3891 3559 3916; x_wconf 79' lang='grc' dir='ltr'><strong>ιι</strong></span> <span class='ocrx_word' id='word_1_813' title='bbox 3597 3851 3707 3925; x_wconf 77' lang='grc' dir='ltr'><strong>Καὶ</strong></span> 
     </span>
    </p>
   </div>
   <div class='ocr_carea' id='block_1_96' title="bbox 2103 3952 3704 4034">
    <p class='ocr_par' dir='ltr' id='par_1_96' title="bbox 2103 3952 3704 4034">
     <span class='ocr_line' id='line_1_96' title="bbox 2103 3952 3704 4034; baseline 0.002 -26"><span class='ocrx_word' id='word_1_814' title='bbox 2103 3952 2234 4030; x_wconf 89' lang='grc' dir='ltr'>πρὸς</span> <span class='ocrx_word' id='word_1_815' title='bbox 2291 3954 2697 4034; x_wconf 80' lang='grc' dir='ltr'>ἀντιδιαστολὴν</span> <span class='ocrx_word' id='word_1_816' title='bbox 2750 3952 2922 4012; x_wconf 89' lang='grc' dir='ltr'>τοίνυν</span> <span class='ocrx_word' id='word_1_817' title='bbox 2973 3957 3079 4012; x_wconf 82' lang='grc' dir='ltr'><strong>τῶν</strong></span> <span class='ocrx_word' id='word_1_818' title='bbox 3129 3953 3488 4034; x_wconf 75' lang='grc' dir='ltr'>ψευδωνύμων</span> <span class='ocrx_word' id='word_1_819' title='bbox 3537 3957 3704 4028; x_wconf 77' lang='grc' dir='ltr'>θεῶν,</span> 
     </span>
    </p>
   </div>
   <div class='ocr_carea' id='block_1_97' title="bbox 2103 4031 3707 4123">
    <p class='ocr_par' dir='ltr' id='par_1_97' title="bbox 2103 4031 3707 4123">
     <span class='ocr_line' id='line_1_97' title="bbox 2103 4031 3707 4123; baseline 0.002 -24"><span class='ocrx_word' id='word_1_820' title='bbox 2103 4040 2224 4119; x_wconf 81' lang='grc' dir='ltr'>οὐχὶ</span> <span class='ocrx_word' id='word_1_821' title='bbox 2254 4047 2347 4100; x_wconf 75' lang='grc' dir='ltr'><strong>τοῦ</strong></span> <span class='ocrx_word' id='word_1_822' title='bbox 2381 4043 2511 4102; x_wconf 80' lang='grc' dir='ltr'>Υῐοῦ</span> <span class='ocrx_word' id='word_1_823' title='bbox 2532 4087 2548 4116; x_wconf 94' lang='grc'><strong>,</strong></span> <span class='ocrx_word' id='word_1_824' title='bbox 2581 4031 2727 4101; x_wconf 76' lang='grc' dir='ltr'>εἷπεν</span> <span class='ocrx_word' id='word_1_825' title='bbox 2751 4041 2842 4101; x_wconf 78' lang='grc' dir='ltr'>ἕνα</span> <span class='ocrx_word' id='word_1_826' title='bbox 2865 4043 3002 4103; x_wconf 82' lang='grc' dir='ltr'>Θεὸν</span> <span class='ocrx_word' id='word_1_827' title='bbox 3032 4042 3119 4101; x_wconf 87' lang='grc' dir='ltr'><strong>τὸν</strong></span> <span class='ocrx_word' id='word_1_828' title='bbox 3146 4031 3372 4118; x_wconf 39' lang='grc' dir='ltr'>’Πατέρα</span> <span class='ocrx_word' id='word_1_829' title='bbox 3407 4064 3422 4078; x_wconf 89' lang='grc'><strong>·</strong></span> <span class='ocrx_word' id='word_1_830' title='bbox 3454 4043 3546 4101; x_wconf 82' lang='lat' dir='ltr'><strong>xui</strong></span> <span class='ocrx_word' id='word_1_831' title='bbox 3576 4043 3707 4123; x_wconf 91' lang='grc' dir='ltr'>πρὸς</span> 
     </span>
    </p>
   </div>
   <div class='ocr_carea' id='block_1_98' title="bbox 2105 4130 3706 4212">
    <p class='ocr_par' dir='ltr' id='par_1_98' title="bbox 2105 4130 3706 4212">
     <span class='ocr_line' id='line_1_98' title="bbox 2105 4130 3706 4212; baseline 0.002 -24"><span class='ocrx_word' id='word_1_832' title='bbox 2105 4130 2509 4212; x_wconf 83' lang='grc' dir='ltr'>ἀντιδιαστολὴν</span> <span class='ocrx_word' id='word_1_833' title='bbox 2539 4133 2643 4190; x_wconf 82' lang='grc' dir='ltr'><strong>τῶν</strong></span> <span class='ocrx_word' id='word_1_834' title='bbox 2689 4131 3050 4212; x_wconf 82' lang='grc' dir='ltr'>ψευδωνύμων</span> <span class='ocrx_word' id='word_1_835' title='bbox 3098 4131 3295 4208; x_wconf 86' lang='grc' dir='ltr'>κυρίων</span> <span class='ocrx_word' id='word_1_836' title='bbox 3317 4178 3335 4209; x_wconf 95' lang='grc'><strong>,</strong></span> <span class='ocrx_word' id='word_1_837' title='bbox 3369 4131 3488 4192; x_wconf 87' lang='grc' dir='ltr'>ἀλλ’</span> <span class='ocrx_word' id='word_1_838' title='bbox 3523 4134 3581 4192; x_wconf 83' lang='grc' dir='ltr'>οὗ</span> <span class='ocrx_word' id='word_1_839' title='bbox 3613 4137 3706 4192; x_wconf 81' lang='grc' dir='ltr'><strong>τοῦ</strong></span> 
     </span>
    </p>
   </div>
   <div class='ocr_carea' id='block_1_99' title="bbox 2106 4211 3184 4303">
    <p class='ocr_par' dir='ltr' id='par_1_99' title="bbox 2106 4211 3184 4303">
     <span class='ocr_line' id='line_1_99' title="bbox 2106 4211 3184 4303; baseline 0.005 -26"><span class='ocrx_word' id='word_1_840' title='bbox 2106 4219 2351 4300; x_wconf 87' lang='grc' dir='ltr'>Πατρὸς,</span> <span class='ocrx_word' id='word_1_841' title='bbox 2382 4211 2526 4280; x_wconf 83' lang='grc' dir='ltr'>εἶπεν</span> <span class='ocrx_word' id='word_1_842' title='bbox 2550 4220 2644 4281; x_wconf 79' lang='grc' dir='ltr'>ἕνα</span> <span class='ocrx_word' id='word_1_843' title='bbox 2681 4221 2880 4303; x_wconf 82' lang='grc' dir='ltr'>Κύριον</span> <span class='ocrx_word' id='word_1_844' title='bbox 2911 4223 2999 4282; x_wconf 90' lang='grc' dir='ltr'><strong>τὸν</strong></span> <span class='ocrx_word' id='word_1_845' title='bbox 3033 4222 3184 4284; x_wconf 76' lang='grc' dir='ltr'>Υἱόν.</span> 
     </span>
    </p>
   </div>
   <div class='ocr_carea' id='block_1_100' title="bbox 2197 4399 3701 4481">
    <p class='ocr_par' dir='ltr' id='par_1_100' title="bbox 2197 4399 3701 4481">
     <span class='ocr_line' id='line_1_100' title="bbox 2197 4399 3701 4481; baseline 0.002 -24"><span class='ocrx_word' id='word_1_846' title='bbox 2197 4421 2226 4458; x_wconf 86' lang='grc' dir='ltr'>(ι</span> <span class='ocrx_word' id='word_1_847' title='bbox 2267 4400 2407 4462; x_wconf 77' lang='grc' dir='ltr'>Ἀλλ’</span> <span class='ocrx_word' id='word_1_848' title='bbox 2461 4403 2556 4462; x_wconf 78' lang='grc' dir='ltr'>οὐκ</span> <span class='ocrx_word' id='word_1_849' title='bbox 2602 4404 2654 4461; x_wconf 81' lang='grc' dir='ltr'>ἓν</span> <span class='ocrx_word' id='word_1_850' title='bbox 2703 4405 2928 4474; x_wconf 82' lang='grc' dir='ltr'>πᾶσινὴ</span> <span class='ocrx_word' id='word_1_851' title='bbox 2990 4405 3203 4481; x_wconf 79' lang='grc' dir='ltr'>γνῶσις.</span> <span class='ocrx_word' id='word_1_852' title='bbox 3235 4424 3263 4462; x_wconf 71' lang='lat' dir='ltr'><strong>lt</strong></span> <span class='ocrx_word' id='word_1_853' title='bbox 3328 4402 3410 4463; x_wconf 81' lang='grc' dir='ltr'>Οὐ</span> <span class='ocrx_word' id='word_1_854' title='bbox 3471 4399 3701 4474; x_wconf 79' lang='grc' dir='ltr'>πάντες,</span> 
     </span>
    </p>
   </div>
   <div class='ocr_carea' id='block_1_101' title="bbox 2106 4490 3706 4572">
    <p class='ocr_par' dir='ltr' id='par_1_101' title="bbox 2106 4490 3706 4572">
     <span class='ocr_line' id='line_1_101' title="bbox 2106 4490 3706 4572; baseline 0 -22"><span class='ocrx_word' id='word_1_855' title='bbox 2106 4490 2301 4572; x_wconf 77' lang='grc' dir='ltr'>φησὶν,</span> <span class='ocrx_word' id='word_1_856' title='bbox 2352 4490 2529 4550; x_wconf 81' lang='grc' dir='ltr'>ἴσασιν</span> <span class='ocrx_word' id='word_1_857' title='bbox 2573 4491 2652 4550; x_wconf 81' lang='grc' dir='ltr'><strong>ὅτι</strong></span> <span class='ocrx_word' id='word_1_858' title='bbox 2693 4494 2764 4559; x_wconf 68' lang='grc' dir='ltr'>εἷς</span> <span class='ocrx_word' id='word_1_859' title='bbox 2803 4491 2979 4571; x_wconf 87' lang='grc' dir='ltr'>Θεὸς,</span> <span class='ocrx_word' id='word_1_860' title='bbox 3013 4490 3106 4550; x_wconf 81' lang='grc' dir='ltr'><strong>καὶ</strong></span> <span class='ocrx_word' id='word_1_861' title='bbox 3155 4495 3214 4552; x_wconf 85' lang='grc' dir='ltr'>οὖ</span> <span class='ocrx_word' id='word_1_862' title='bbox 3262 4490 3493 4572; x_wconf 74' lang='grc' dir='ltr'>πολλοὶ,</span> <span class='ocrx_word' id='word_1_863' title='bbox 3535 4490 3571 4563; x_wconf 82' lang='grc' dir='ltr'>ἢ</span> <span class='ocrx_word' id='word_1_864' title='bbox 3623 4490 3706 4550; x_wconf 80' lang='grc' dir='ltr'>ὅτι</span> 
     </span>
    </p>
   </div>
   <div class='ocr_carea' id='block_1_102' title="bbox 2105 4580 2746 4641">
    <p class='ocr_par' dir='ltr' id='par_1_102' title="bbox 2105 4580 2746 4641">
     <span class='ocr_line' id='line_1_102' title="bbox 2105 4580 2746 4641; baseline 0 -1"><span class='ocrx_word' id='word_1_865' title='bbox 2105 4580 2247 4640; x_wconf 79' lang='grc' dir='ltr'>οὐδέν</span> <span class='ocrx_word' id='word_1_866' title='bbox 2281 4582 2381 4640; x_wconf 86' lang='grc' dir='ltr'>εἰσι</span> <span class='ocrx_word' id='word_1_867' title='bbox 2421 4580 2488 4639; x_wconf 80' lang='grc' dir='ltr'><strong>τὰ</strong></span> <span class='ocrx_word' id='word_1_868' title='bbox 2534 4582 2746 4641; x_wconf 87' lang='grc' dir='ltr'>εἴδωλα.</span> 
     </span>
    </p>
   </div>
   <div class='ocr_carea' id='block_1_103' title="bbox 2193 4668 3710 4751">
    <p class='ocr_par' dir='ltr' id='par_1_103' title="bbox 2193 4668 3710 4751">
     <span class='ocr_line' id='line_1_103' title="bbox 2193 4668 3710 4751; baseline 0.002 -25"><span class='ocrx_word' id='word_1_869' title='bbox 2193 4693 2223 4727; x_wconf 81' lang='grc' dir='ltr'>(ι</span> <span class='ocrx_word' id='word_1_870' title='bbox 2253 4669 2406 4739; x_wconf 83' lang='grc' dir='ltr'>Τινὲς</span> <span class='ocrx_word' id='word_1_871' title='bbox 2440 4670 2495 4730; x_wconf 88' lang='grc' dir='ltr'>δὲ</span> <span class='ocrx_word' id='word_1_872' title='bbox 2535 4675 2604 4750; x_wconf 80' lang='grc' dir='ltr'><strong>τῇ</strong></span> <span class='ocrx_word' id='word_1_873' title='bbox 2640 4669 2934 4742; x_wconf 80' lang='grc' dir='ltr'>συνειδήσει</span> <span class='ocrx_word' id='word_1_874' title='bbox 2963 4674 3054 4730; x_wconf 79' lang='grc' dir='ltr'><strong>τοῦ</strong></span> <span class='ocrx_word' id='word_1_875' title='bbox 3085 4668 3305 4729; x_wconf 80' lang='grc' dir='ltr'>εἰδώλου</span> <span class='ocrx_word' id='word_1_876' title='bbox 3337 4669 3436 4737; x_wconf 74' lang='grc' dir='ltr'>ἕως</span> <span class='ocrx_word' id='word_1_877' title='bbox 3466 4668 3607 4751; x_wconf 84' lang='grc' dir='ltr'>ἄρτι,</span> <span class='ocrx_word' id='word_1_878' title='bbox 3638 4672 3710 4740; x_wconf 82' lang='grc' dir='ltr'>ὣς</span> 
     </span>
    </p>
   </div>
   <div class='ocr_carea' id='block_1_104' title="bbox 2106 4759 3708 4836">
    <p class='ocr_par' dir='ltr' id='par_1_104' title="bbox 2106 4759 3708 4836">
     <span class='ocr_line' id='line_1_104' title="bbox 2106 4759 3708 4836; baseline 0.001 -18"><span class='ocrx_word' id='word_1_879' title='bbox 2106 4759 2450 4820; x_wconf 88' lang='grc' dir='ltr'>εἰδωλόθυτον</span> <span class='ocrx_word' id='word_1_880' title='bbox 2495 4761 2759 4836; x_wconf 81' lang='grc' dir='ltr'>ἐσθίουσι,</span> <span class='ocrx_word' id='word_1_881' title='bbox 2790 4761 2883 4820; x_wconf 90' lang='lat' dir='ltr'><strong>xui</strong></span> <span class='ocrx_word' id='word_1_882' title='bbox 2924 4765 2958 4832; x_wconf 87' lang='grc' dir='ltr'>ἠ</span> <span class='ocrx_word' id='word_1_883' title='bbox 2999 4760 3297 4833; x_wconf 86' lang='grc' dir='ltr'>συνείδησις</span> <span class='ocrx_word' id='word_1_884' title='bbox 3327 4761 3502 4818; x_wconf 80' lang='grc' dir='ltr'>αὐτῶν</span> <span class='ocrx_word' id='word_1_885' title='bbox 3543 4763 3708 4820; x_wconf 88' lang='grc' dir='ltr'>ἀσθε-</span> 
     </span>
    </p>
   </div>
   <div class='ocr_carea' id='block_1_105' title="bbox 2105 4839 3701 4929">
    <p class='ocr_par' dir='ltr' id='par_1_105' title="bbox 2105 4839 3701 4929">
     <span class='ocr_line' id='line_1_105' title="bbox 2105 4839 3701 4929; baseline -0.001 -21"><span class='ocrx_word' id='word_1_886' title='bbox 2105 4849 2196 4920; x_wconf 84' lang='grc' dir='ltr'><strong>νὴς</strong></span> <span class='ocrx_word' id='word_1_887' title='bbox 2227 4839 2360 4910; x_wconf 60' lang='grc' dir='ltr'>οὖσα</span> <span class='ocrx_word' id='word_1_888' title='bbox 2391 4850 2696 4926; x_wconf 82' lang='grc' dir='ltr'>μολύνεται.</span> <span class='ocrx_word' id='word_1_889' title='bbox 2730 4878 2754 4905; x_wconf 69' lang='grc' dir='ltr'><strong>ι</strong></span> <span class='ocrx_word' id='word_1_890' title='bbox 2775 4879 2885 4902; x_wconf 74' lang='grc' dir='ltr'><strong>-ει</strong></span> <span class='ocrx_word' id='word_1_891' title='bbox 2914 4849 3102 4926; x_wconf 80' lang='grc' dir='ltr'>Τινὲς,</span> <span class='ocrx_word' id='word_1_892' title='bbox 3138 4876 3160 4900; x_wconf 76' lang='grc' dir='ltr'><strong>ι</strong></span> <span class='ocrx_word' id='word_1_893' title='bbox 3195 4839 3364 4922; x_wconf 67' lang='grc' dir='ltr'>εἶπεν,</span> <span class='ocrx_word' id='word_1_894' title='bbox 3400 4849 3660 4929; x_wconf 83' lang='grc' dir='ltr'>ἀορίστως</span> <span class='ocrx_word' id='word_1_895' title='bbox 3683 4895 3701 4924; x_wconf 82' lang='grc'><strong>,</strong></span> 
     </span>
    </p>
   </div>
   <div class='ocr_carea' id='block_1_106' title="bbox 2107 4930 3705 5019">
    <p class='ocr_par' dir='ltr' id='par_1_106' title="bbox 2107 4930 3705 5019">
     <span class='ocr_line' id='line_1_106' title="bbox 2107 4930 3705 5019; baseline -0.001 -20"><span class='ocrx_word' id='word_1_896' title='bbox 2107 4939 2183 5017; x_wconf 83' lang='grc' dir='ltr'><strong>μὴ</strong></span> <span class='ocrx_word' id='word_1_897' title='bbox 2233 4942 2396 4999; x_wconf 83' lang='grc' dir='ltr'>θέλων</span> <span class='ocrx_word' id='word_1_898' title='bbox 2443 4938 2632 5008; x_wconf 78' lang='grc' dir='ltr'>αὐτοὺς</span> <span class='ocrx_word' id='word_1_899' title='bbox 2677 4942 3071 5017; x_wconf 78' lang='grc' dir='ltr'>ἐκπομπεῦσαι.</span> <span class='ocrx_word' id='word_1_900' title='bbox 3133 4930 3317 5000; x_wconf 56' lang='grc' dir='ltr'>τΗσαν</span> <span class='ocrx_word' id='word_1_901' title='bbox 3363 4937 3468 5019; x_wconf 77' lang='grc' dir='ltr'><strong>γὰρ</strong></span> <span class='ocrx_word' id='word_1_902' title='bbox 3511 4941 3705 4999; x_wconf 79' lang='grc' dir='ltr'>πολλοὶ</span> 
     </span>
    </p>
   </div>
   <div class='ocr_carea' id='block_1_107' title="bbox 2108 5025 3702 5112">
    <p class='ocr_par' dir='ltr' id='par_1_107' title="bbox 2108 5025 3702 5112">
     <span class='ocr_line' id='line_1_107' title="bbox 2108 5025 3702 5112; baseline 0 -25"><span class='ocrx_word' id='word_1_903' title='bbox 2108 5028 2159 5096; x_wconf 80' lang='grc' dir='ltr'><strong>ἐξ</strong></span> <span class='ocrx_word' id='word_1_904' title='bbox 2208 5029 2613 5109; x_wconf 79' lang='grc' dir='ltr'>εἰδωλολατρίας</span> <span class='ocrx_word' id='word_1_905' title='bbox 2666 5035 2733 5112; x_wconf 78' lang='grc' dir='ltr'><strong>τῇ</strong></span> <span class='ocrx_word' id='word_1_906' title='bbox 2785 5029 2964 5090; x_wconf 82' lang='grc' dir='ltr'>πίστει</span> <span class='ocrx_word' id='word_1_907' title='bbox 3027 5029 3435 5108; x_wconf 80' lang='grc' dir='ltr'>προσελθόντες,</span> <span class='ocrx_word' id='word_1_908' title='bbox 3489 5027 3542 5087; x_wconf 83' lang='grc' dir='ltr'><strong>οἳ</strong></span> <span class='ocrx_word' id='word_1_909' title='bbox 3599 5025 3702 5096; x_wconf 69' lang='grc' dir='ltr'>ἕως</span> 
     </span>
    </p>
   </div>
   <div class='ocr_carea' id='block_1_108' title="bbox 2107 5117 3702 5198">
    <p class='ocr_par' dir='ltr' id='par_1_108' title="bbox 2107 5117 3702 5198">
     <span class='ocr_line' id='line_1_108' title="bbox 2107 5117 3702 5198; baseline 0.001 -22"><span class='ocrx_word' id='word_1_910' title='bbox 2107 5119 2265 5198; x_wconf 84' lang='grc' dir='ltr'>ἄρτι,</span> <span class='ocrx_word' id='word_1_911' title='bbox 2291 5119 2561 5193; x_wconf 87' lang='grc' dir='ltr'>τουτέστι,</span> <span class='ocrx_word' id='word_1_912' title='bbox 2598 5119 2690 5178; x_wconf 85' lang='lat' dir='ltr'><strong>xui</strong></span> <span class='ocrx_word' id='word_1_913' title='bbox 2735 5120 2872 5196; x_wconf 80' lang='grc' dir='ltr'>μετὰ</span> <span class='ocrx_word' id='word_1_914' title='bbox 2909 5121 2970 5178; x_wconf 90' lang='grc' dir='ltr'><strong>τὸ</strong></span> <span class='ocrx_word' id='word_1_915' title='bbox 2999 5124 3328 5195; x_wconf 78' lang='grc' dir='ltr'>πιστεῦσαι,</span> <span class='ocrx_word' id='word_1_916' title='bbox 3373 5117 3442 5178; x_wconf 76' lang='grc' dir='ltr'><strong>τὰ</strong></span> <span class='ocrx_word' id='word_1_917' title='bbox 3480 5117 3702 5178; x_wconf 84' lang='grc' dir='ltr'>εἰδωλό-</span> 
     </span>
    </p>
   </div>
   <div class='ocr_carea' id='block_1_109' title="bbox 2103 5208 3692 5288">
    <p class='ocr_par' dir='ltr' id='par_1_109' title="bbox 2103 5208 3692 5288">
     <span class='ocr_line' id='line_1_109' title="bbox 2103 5208 3692 5288; baseline -0.002 -20"><span class='ocrx_word' id='word_1_918' title='bbox 2103 5213 2234 5268; x_wconf 88' lang='grc' dir='ltr'>θυτα</span> <span class='ocrx_word' id='word_1_919' title='bbox 2282 5209 2572 5282; x_wconf 84' lang='grc' dir='ltr'>ἐσθίουσιν,</span> <span class='ocrx_word' id='word_1_920' title='bbox 2617 5213 2685 5276; x_wconf 85' lang='grc' dir='ltr'>ὡς</span> <span class='ocrx_word' id='word_1_921' title='bbox 2735 5210 3076 5269; x_wconf 85' lang='grc' dir='ltr'>εἰδωλόθυτα.</span> <span class='ocrx_word' id='word_1_922' title='bbox 3133 5232 3163 5264; x_wconf 78' lang='grc' dir='ltr'><strong>α</strong></span> <span class='ocrx_word' id='word_1_923' title='bbox 3198 5210 3284 5288; x_wconf 81' lang='grc' dir='ltr'><strong>Τῇ</strong></span> <span class='ocrx_word' id='word_1_924' title='bbox 3335 5208 3692 5282; x_wconf 78' lang='grc' dir='ltr'>συνειδήσει»</span> 
     </span>
    </p>
   </div>
   <div class='ocr_carea' id='block_1_110' title="bbox 2103 5295 3704 5378">
    <p class='ocr_par' dir='ltr' id='par_1_110' title="bbox 2103 5295 3704 5378">
     <span class='ocr_line' id='line_1_110' title="bbox 2103 5295 3704 5378; baseline -0.001 -23"><span class='ocrx_word' id='word_1_925' title='bbox 2103 5297 2232 5378; x_wconf 83' lang='grc' dir='ltr'>γὰρ,</span> <span class='ocrx_word' id='word_1_926' title='bbox 2257 5297 2423 5378; x_wconf 75' lang='grc' dir='ltr'>φησί,</span> <span class='ocrx_word' id='word_1_927' title='bbox 2463 5320 2489 5355; x_wconf 93' lang='grc' dir='ltr'>(ι</span> <span class='ocrx_word' id='word_1_928' title='bbox 2531 5305 2623 5359; x_wconf 77' lang='grc' dir='ltr'><strong>τοῦ</strong></span> <span class='ocrx_word' id='word_1_929' title='bbox 2673 5297 2890 5359; x_wconf 85' lang='grc' dir='ltr'>εἰδώλου</span> <span class='ocrx_word' id='word_1_930' title='bbox 2916 5322 2928 5336; x_wconf 88' lang='grc'><strong>·</strong></span> <span class='ocrx_word' id='word_1_931' title='bbox 2991 5323 3020 5354; x_wconf 71' lang='lat' dir='ltr'><strong>n</strong></span> <span class='ocrx_word' id='word_1_932' title='bbox 3061 5298 3339 5374; x_wconf 87' lang='grc' dir='ltr'>τουτέστι,</span> <span class='ocrx_word' id='word_1_933' title='bbox 3395 5297 3491 5368; x_wconf 84' lang='grc' dir='ltr'><strong>τὴν</strong></span> <span class='ocrx_word' id='word_1_934' title='bbox 3540 5295 3704 5368; x_wconf 76' lang='grc' dir='ltr'>αὐτὴν</span> 
     </span>
    </p>
   </div>
   <div class='ocr_carea' id='block_1_111' title="bbox 2099 5387 3707 5470">
    <p class='ocr_par' dir='ltr' id='par_1_111' title="bbox 2099 5387 3707 5470">
     <span class='ocr_line' id='line_1_111' title="bbox 2099 5387 3707 5470; baseline 0.001 -25"><span class='ocrx_word' id='word_1_935' title='bbox 2099 5389 2323 5470; x_wconf 10' lang='grc' dir='ltr'>γνώμην,</span> <span class='ocrx_word' id='word_1_936' title='bbox 2385 5389 2593 5470; x_wconf 81' lang='grc' dir='ltr'>ἔχοντες</span> <span class='ocrx_word' id='word_1_937' title='bbox 2663 5389 2785 5468; x_wconf 76' lang='grc' dir='ltr'>περὶ</span> <span class='ocrx_word' id='word_1_938' title='bbox 2842 5388 2910 5449; x_wconf 79' lang='grc' dir='ltr'><strong>τὰ</strong></span> <span class='ocrx_word' id='word_1_939' title='bbox 2963 5389 3190 5461; x_wconf 81' lang='grc' dir='ltr'>εἴδωλα,</span> <span class='ocrx_word' id='word_1_940' title='bbox 3264 5387 3355 5446; x_wconf 89' lang='lat' dir='ltr'><strong>xui</strong></span> <span class='ocrx_word' id='word_1_941' title='bbox 3408 5387 3707 5463; x_wconf 82' lang='grc' dir='ltr'>νομίζοντες</span> 
     </span>
    </p>
   </div>
   <div class='ocr_carea' id='block_1_112' title="bbox 2099 5469 3697 5559">
    <p class='ocr_par' dir='ltr' id='par_1_112' title="bbox 2099 5469 3697 5559">
     <span class='ocr_line' id='line_1_112' title="bbox 2099 5469 3697 5559; baseline -0.001 -24"><span class='ocrx_word' id='word_1_942' title='bbox 2099 5477 2235 5536; x_wconf 79' lang='grc' dir='ltr'>αὐτὰ</span> <span class='ocrx_word' id='word_1_943' title='bbox 2280 5469 2410 5538; x_wconf 69' lang='grc' dir='ltr'>εἷναί</span> <span class='ocrx_word' id='word_1_944' title='bbox 2440 5469 2538 5558; x_wconf 86' lang='grc' dir='ltr'><strong>τι,</strong></span> <span class='ocrx_word' id='word_1_945' title='bbox 2570 5477 2662 5538; x_wconf 85' lang='lat' dir='ltr'><strong>xui</strong></span> <span class='ocrx_word' id='word_1_946' title='bbox 2707 5478 2994 5546; x_wconf 81' lang='grc' dir='ltr'>δεδοικότες</span> <span class='ocrx_word' id='word_1_947' title='bbox 3036 5481 3108 5546; x_wconf 82' lang='grc' dir='ltr'>ὡς</span> <span class='ocrx_word' id='word_1_948' title='bbox 3160 5477 3366 5559; x_wconf 68' lang='grc' dir='ltr'>βλάψαι</span> <span class='ocrx_word' id='word_1_949' title='bbox 3399 5476 3697 5555; x_wconf 76' lang='grc' dir='ltr'>δυνάμενα.</span> 
     </span>
    </p>
   </div>
   <div class='ocr_carea' id='block_1_113' title="bbox 1783 5701 2310 5763">
    <p class='ocr_par' dir='ltr' id='par_1_113' title="bbox 1783 5701 2310 5763">
     <span class='ocr_line' id='line_1_113' title="bbox 1783 5701 2310 5763; baseline 0.009 -6"><span class='ocrx_word' id='word_1_950' title='bbox 1783 5701 1967 5760; x_wconf 81' lang='lat' dir='ltr'><strong>Variae</strong></span> <span class='ocrx_word' id='word_1_951' title='bbox 2012 5701 2310 5763; x_wconf 85' lang='lat' dir='ltr'><strong>lectiones.</strong></span> 
     </span>
    </p>
   </div>
   <div class='ocr_carea' id='block_1_114' title="bbox 463 5809 1878 5885">
    <p class='ocr_par' dir='ltr' id='par_1_114' title="bbox 463 5809 1878 5885">
     <span class='ocr_line' id='line_1_114' title="bbox 463 5809 1878 5885; baseline 0.006 -22"><span class='ocrx_word' id='word_1_952' title='bbox 463 5811 508 5845; x_wconf 74' lang='lat'><strong>“</strong></span> <span class='ocrx_word' id='word_1_953' title='bbox 538 5809 604 5873; x_wconf 80' lang='grc' dir='ltr'><strong>εἰς</strong></span> <span class='ocrx_word' id='word_1_954' title='bbox 625 5809 774 5865; x_wconf 72' lang='grc' dir='ltr'>αὐτὸν</span> <span class='ocrx_word' id='word_1_955' title='bbox 801 5818 887 5880; x_wconf 82' lang='grc' dir='ltr'><strong>τῆς</strong></span> <span class='ocrx_word' id='word_1_956' title='bbox 917 5814 1124 5875; x_wconf 71' lang='grc' dir='ltr'>πίστεως</span> <span class='ocrx_word' id='word_1_957' title='bbox 1145 5812 1372 5885; x_wconf 73' lang='grc' dir='ltr'>ἀρχηγόν</span> <span class='ocrx_word' id='word_1_958' title='bbox 1396 5830 1473 5871; x_wconf 90' lang='lat' dir='ltr'><strong>m.</strong></span> <span class='ocrx_word' id='word_1_959' title='bbox 1549 5815 1661 5851; x_wconf 65' lang='lat'><strong>85&#39;“</strong></span> <span class='ocrx_word' id='word_1_960' title='bbox 1683 5817 1797 5870; x_wconf 81' lang='grc' dir='ltr'>ὅθεν</span> <span class='ocrx_word' id='word_1_961' title='bbox 1824 5832 1878 5871; x_wconf 94' lang='lat' dir='ltr'><strong>o.</strong></span> 
     </span>
    </p>
   </div>
  </div>
