4090 6412
457 461 554 514 661

1314 459 1662 519 EXPOSITIO
1698 462 1767 518 IN
1805 461 2018 520 EPIST.
2060 463 2080 518 I
2119 463 2212 519 AD
2249 464 2415 520 COR.
2453 497 2521 505 —
2560 466 2710 522 CAP.
2751 468 2885 523 VIII.

3658 479 3763 534 662

457 583 555 646 Διὸ
583 585 678 644 οὔκ
725 572 870 644 εἶπεν
897 628 916 661 ,
967 584 1048 646 ὅτι
1093 586 1267 647 ἐκεῖνα
1309 586 1660 667 μολύνουσιν,
1709 586 1880 647 ἀλλὰ·
1915 609 1944 646 ιι
1981 587 2050 650 Ἢ
2079 647 2082 655 γ

2169 587 2392 662 aliquid,
2421 606 2592 663 eaque
2620 599 2926 650 metuentes
2953 595 3112 668 quasi
3142 610 3265 668 qua
3293 598 3507 668 possint
3526 598 3755 658 laederer

455 675 753 747 συνείδησις
795 677 968 736 αὐτῶν
1029 676 1318 754 μολύνεται
1341 721 1358 750 ,
1421 699 1453 738 α
1499 680 1571 746 ὡς
1619 677 1841 750 ἀσθενὴς
1893 668 2058 748 οὖσα,

453 761 549 822 καὶ
581 761 657 840 μὴ
686 764 956 839 δυναμένη
989 769 1202 839 νοῆσαι,
1235 765 1317 825 ὅτι
1341 767 1492 828 οὐδέν
1525 770 1659 826 εἰσιν
1695 785 1710 802 ⁸
1736 767 1852 826 ἐπεὶ
1881 770 2055 827 ἐκεῖνα

455 852 589 934 αύτὰ
620 856 742 912 καθ’
791 854 927 914 αὓτὰ
969 856 1028 915 οὗ
1065 854 1313 916 δύνανται
1369 856 1594 934 μολῦναί
1652 880 1790 916 τινα.
1845 857 2054 930 Νόησον

455 932 545 1003 οῦν
591 947 825 1002 τοιοῦτον
867 944 1100 1027 πάσχειν
1148 945 1413 1020 ἐκείνους,
1464 944 1647 1026 ὥσπερ
1697 945 1745 1005 εἴ
1786 971 1864 1015 τις
1912 945 2055 1006 κατὰ

453 1031 553 1106 τὴν
623 1031 926 1106 Ἰουδαῖκὴν
981 1035 1297 1110 συνήθειαν,
1371 1037 1645 1113 μολυσμὸν
1705 1036 1935 1113 νομίζων
1988 1036 2050 1096 τὸ

455 1119 717 1182 ἅπτεσθαι
740 1128 949 1202 νεκροῦ,
991 1117 1105 1184 εἶτα
1147 1124 1352 1206 ἑτέρους
1377 1129 1515 1206 δρῶν
1548 1125 1880 1203 ἁπτομένους
1916 1125 2056 1203 μετὰ

455 1216 691 1292 καθαροῦ
730 1215 1062 1290 συνειδότος,
1103 1213 1328 1276 ἅπτοιτο
1375 1213 1470 1291 μὲν
1516 1215 1608 1275 καὶ
1661 1215 1844 1289 αὐτὸς,
1877 1215 2057 1276 αἰδού-

457 1323 612 1378 μενος
677 1302 891 1373 τούτους
921 1327 936 1342 ⁸
989 1304 1267 1383 μολύνοιτο
1342 1303 1399 1365 δὲ
1452 1303 1550 1374 τὴν
1598 1305 1927 1383 συνείδησιν,
1985 1309 2056 1373 ὥς

462 1391 884 1473 διακρινόμενος.

547 1593 579 1630 α
610 1574 815 1652 Βρῷμα
856 1571 913 1633 δὲ
941 1578 1086 1650 ἡμᾶς
1115 1573 1176 1634 οὺ
1222 1573 1518 1655 παρίστησι
1567 1577 1642 1653 τῷ
1685 1576 1834 1655 Θεῷ.
1866 1601 1889 1625 υ
1933 1570 2056 1636 Ἵνα

457 1659 536 1740 μὴ
565 1660 816 1737 εἴπωσιν,
857 1661 939 1724 ὅτι
970 1661 1119 1742 Ἐγὼ
1148 1670 1359 1745 καθαρᾷ
1395 1663 1556 1725 ἐσθίω
1585 1663 1918 1738 συνειδήσει,
1963 1663 2056 1724 καὶ

454 1750 508 1811 τί
563 1775 652 1828 μοι
703 1753 854 1831 μέλει
906 1751 955 1812 εἴ
1007 1777 1086 1820 τις
1134 1753 1221 1812 διὰ
1275 1752 1547 1814 ἀσθένειαν
1605 1755 2049 1825 σκανδαλίζεται;

456 1843 736 1902 Δείκνυσιν
771 1842 852 1902 ὅτι
879 1841 972 1901 καὶ
1002 1843 1133 1904 αὐτὸ
1175 1843 1235 1903 τὸ
1269 1852 1452 1925 φαγεῖν
1482 1844 1618 1912 ὅλως
1658 1844 1745 1902 ἐπὶ
1785 1867 2058 1926 καταφρο-

457 1931 608 2004 νήσει
652 1935 758 1991 τῶν
809 1933 1074 2007 εἰδώλων,
1103 1932 1252 1993 οὐδέν
1296 1938 1432 1996 ἔστι.
1472 1934 1588 1995 Κᾶν
1635 1935 1740 2014 γὰρ
1769 1937 1798 1993 6
1828 1935 2052 2014 ἀδελφὸς

458 2019 536 2098 μὴ
575 2021 907 2100 ἐϐλάπτετο,
957 2023 1080 2084 οὐδὲ
1108 2023 1272 2091 οὕτως
1307 2023 1583 2083 ἐπαινετόν
1630 2048 1681 2082 τι
1722 2025 1916 2092 ἐποίεις
1962 2024 2056 2083 καὶ

457 2111 757 2195 θεάρεστον.
799 2115 1004 2193 Βρῶμα
1035 2113 1138 2194 γὰρ
1167 2115 1264 2173 οὔκ
1297 2116 1480 2175 οἶκειοί
1511 2117 1656 2191 ἡμᾶς
1684 2117 1762 2196 τῷ
1794 2115 1948 2195 Θεῷ.

548 2314 579 2350 σ
616 2291 756 2354 Οὕτε
813 2290 918 2372 γὰρ
961 2291 1049 2352 ἐὰν
1103 2291 1393 2372 φάγωμεν,
1444 2291 1826 2373 περισσεύομεν
1871 2311 1886 2328 ο
1938 2293 2058 2354 οὕτε

456 2381 551 2443 ἐὰν
589 2379 666 2460 μὴ
695 2381 983 2462 φάγωμεν,
1031 2382 1413 2461 ὑστερούμεθα.
1470 2408 1497 2434 υ
1544 2380 1872 2460 Τουτέστιν,
1914 2383 2058 2444 Οὔτε

456 2471 550 2532 ἐὰν
579 2472 866 2554 φάγωμεν,
898 2470 1150 2552 περισσόν
1189 2496 1242 2531 τι
1274 2470 1506 2552 ἔχομεν,
1549 2471 1644 2530 καὶ
1677 2472 2058 2550 εὖδοκιμοῦμεν

455 2562 608 2642 παρὰ
639 2566 714 2643 τῷ
738 2565 864 2644 Θεῷ
891 2579 906 2598 ⁸
960 2561 1080 2622 οὔτε
1128 2560 1220 2622 ἐὰν
1279 2560 1356 2640 μὴ
1395 2561 1689 2644 φάγωμεν,
1737 2564 2058 2644 ὑστεροῦμεν

458 2652 552 2714 καὶ
579 2651 963 2731 ἐλαττούμεθα.

546 2770 572 2796 α
606 2742 843 2804 Βλέπετε
875 2742 972 2818 δὲ,
1012 2739 1205 2820 μήπως
1236 2745 1270 2814 ἡ
1295 2740 1505 2811 ἐξουσία
1539 2744 1690 2818 ὑμῶν
1726 2740 1860 2815 αὕτη
1891 2743 2058 2822 πρόσ-

457 2856 643 2909 κομμα
670 2831 886 2911 γένηται
909 2831 1015 2900 τοῖς
1049 2834 1325 2890 ἀσθενοῦσι
1367 2835 1474 2891 τῶν
1515 2832 1780 2913 ἀδελφῶν.
1817 2858 1841 2884 υ
1869 2830 2064 2913 Ἐκφο-

460 2921 545 2982 Gai
586 2921 772 2990 αὖτοὺς
821 2921 906 2980 διὰ
953 2919 1156 2982 τούτου.
1219 2921 1325 2982 Καὶ
1375 2924 1468 2981 οὐκ
1517 2911 1700 2998 εἶπεν,
1753 2919 1826 2982 Ἦ
1870 2911 2062 3000 γνῶσις

460 3015 649 3090 ὑμῶν,
687 3010 828 3087 ἀλλ’,
869 3041 894 3064 σι
924 3009 997 3070 Ἦ
1038 3011 1265 3079 ἐξουσία.
1320 3039 1343 3064 ι
1390 3010 1720 3084 Τουτέστιν,
1751 3014 1806 3082 ’ἡ
1859 3012 2064 3093 προπέ-

459 3126 613 3178 τεια,
689 3099 780 3162 καὶ
847 3105 883 3174 ἡ
936 3100 1219 3171 ἀλαζονεία
1272 3100 1600 3180 πρόσκομμα
1683 3100 1901 3179 γένηται
1959 3106 2066 3168 τοῖς

459 3193 766 3252 ἀσθενοῦσιν
799 3209 814 3224 ⁸
865 3189 895 3250 δ
939 3189 1131 3267 μείζων
1189 3191 1364 3248 αὐτῶν
1421 3191 1752 3269 κατηγορία,
1809 3188 1889 3248 ὅτι
1946 3189 2139 3280 atate

463 3280 824 3341 ἀσθενούντων
850 3281 1156 3360 φείδονται,
1188 3271 1262 3348 οἷς
1290 3279 1396 3338 ἔδει
1426 3279 1515 3338 καὶ
1540 3280 1697 3361 χεῖρα
1726 3279 1950 3361 ὀρέγειν.

541 3398 566 3422 ε
596 3369 728 3432 Ἐὰν
761 3370 864 3450 γάρ
905 3394 985 3437 τις
1037 3370 1124 3449 ἴδῃ
1153 3369 1210 3428 σὲ
1240 3369 1329 3428 τὸν
1371 3367 1565 3449 ἔχοντα
1595 3374 1788 3448 γνῶσιν
1825 3371 1878 3428 ἐν
1911 3371 2060 3429 εἰδω-

458 3459 587 3542 λείῳ
621 3461 1042 3538 κατακείμενον,
1094 3460 1214 3540 οὐχὶ
1254 3463 1286 3531 ἡ
1329 3459 1625 3531 συνείδησις
1675 3461 1865 3531 αὐτοῦ,
1896 3462 2056 3518 ἀσθε-

461 3555 579 3618 νοῦς
627 3551 808 3623 ὄντος,
860 3551 1338 3626 οἰκοδομηθήσεται
1391 3549 1462 3615 εἷς
1509 3548 1570 3607 τὸ
1621 3547 1689 3607 τὰ
1738 3548 2060 3608 εἰδωλόθυτα

463 3638 688 3717 ἐσθίεινς
722 3667 747 3691 ιο
799 3637 1080 3698 Τουτέστι.
1136 3637 1210 3698 Σὲ
1264 3637 1393 3716 τὸν,
1448 3640 1517 3703 ὡς
1591 3635 1794 3714 λέγεις,
1857 3636 2059 3697 τέλειον

462 3729 588 3788 ὄντα
613 3774 628 3801 ,
663 3729 752 3788 ἐὰν
785 3729 868 3808 ἴδῃ
902 3727 1124 3799 ἀσθενής
1156 3751 1234 3797 τις
1265 3731 1373 3785 τῶν
1425 3727 1782 3786 εἰδωλοθύτων
1829 3727 2060 3806 γευόμε-

463 3843 582 3891 νον,
627 3809 732 3900 ἀρα
765 3819 824 3877 οὐ
874 3817 950 3895 μὴ
1011 3816 1155 3897 λάϐῃ
1211 3814 1458 3896 ἀφορμὴν
1514 3815 1681 3875 πλείω
1739 3817 1810 3883 είς
1865 3815 1925 3874 τὸ
1971 3817 2062 3876 καὶ

462 3908 618 3978 αὐτὸς
665 3907 731 3966 τὰ
780 3907 1099 3967 εἰδωλόθυτα
1147 3905 1374 3978 ἐσθίειν,
1425 3905 1517 3965 καὶ
1557 3908 1758 3981 μᾶλλον
1789 3906 2062 3984 παγιωθήο

463 4019 611 4058 σεται
642 3997 850 4077 τοῦτο
899 3995 1004 4076 γὰρ
1049 3995 1144 4070 τὸ,
1190 4018 1218 4054 α
1249 3995 1750 4071 Οἷκοδομηθήσεται
1781 3996 1852 4074 »)
1890 3997 1962 4063 εἷς
2002 3996 2062 4055 τὸ

467 4075 679 4148 οἴεσθαι
721 4075 857 4146 εἷναί
905 4075 1076 4146 τιγτὰ
1126 4085 1358 4159 εἴδωλα;
1391 4082 1636 4165 Ἀγνοῶν
1685 4084 1788 4165 γὰρ
1835 4087 1927 4145 τὸν
1972 4087 2060 4146 σὸν

461 4176 753 4256 λογισμὸν,
815 4177 927 4253 μεθ’
982 4168 1040 4236 οὗ
1095 4181 1252 4236 τοῦτο
1312 4185 1478 4243 ποιεῖς
1534 4173 1842 4258 προτροπὴν
1908 4183 2063 4238 τοῦτο

461 4267 732 4345 λογίσεται
759 4267 992 4332 πάντως.

549 4384 575 4410 ιι
615 4355 724 4417 Καὶ
774 4357 1055 4414 ἀπολεῖται
1098 4358 1126 4414 6
1174 4357 1410 4415 ἀσθενῶν
1460 4353 1681 4435 ἀδελφὸς
1727 4353 1816 4415 ἐπὶ
1867 4359 1934 4434 τῇ
1991 4360 2060 4434 σῇ

460 4446 694 4527 γνώσει,
745 4445 812 4504 δι’
853 4443 911 4504 δν
962 4446 1188 4526 Χριστὸς
1231 4445 1512 4504 ἀπέθανεν.
1550 4467 1580 4502 ››
1619 4444 1728 4504 Καὶ
1779 4444 2062 4523 γενήσεται

2162 681 2514 753 Quapropter
2540 697 2658 738 non
2709 681 2848 739 dixit
2879 704 2892 740 :
2924 684 3025 742 Illa
3068 685 3341 757 polluunt,
3372 687 3468 744 sed
3499 709 3516 744 :
3552 712 3577 738 α
3609 691 3754 747 Con-

2162 770 2382 826 scientia
2412 786 2606 828 eorum
2636 772 2898 843 polluitur
2928 799 2942 843 ;
2980 799 3004 824 υ
3040 777 3244 848 quippe
3277 791 3402 847 quae
3431 778 3735 837 imbecillia

2162 858 2254 924 sit,
2284 875 2452 932 quam
2505 870 2565 917 ut
2588 863 2763 935 possit
2789 863 3092 937 intelligere
3153 863 3367 921 idolum
3421 866 3563 922 nihil
3617 883 3756 940 esse;

2163 963 2291 1004 cum
2320 949 2410 1005 illa
2439 950 2554 1022 ipsa
2585 967 2682 1023 per
2711 968 2830 1009 sese
2882 969 2996 1010 non
3019 955 3233 1026 possint
3265 955 3510 1027 polluere
3564 973 3760 1028 quem-

2162 1053 2350 1110 quam.
2381 1040 2628 1113 lntellige
2657 1041 2823 1114 igitur
2851 1043 2958 1099 tale
2986 1044 3273 1116 quidpiam
3307 1044 3414 1116 pati
3440 1060 3556 1112 eos,
3590 1047 3761 1103 veluti

2164 1128 2212 1183 si
2261 1129 2384 1202 quis
2459 1129 2688 1186 Judaica
2743 1132 3164 1202 consuetudine,
3231 1134 3763 1192 contaminationem

2162 1218 2490 1275 existimans
2535 1221 2802 1293 attingere
2828 1230 3136 1292 mortuum,
3190 1222 3393 1279 deinde
3421 1224 3556 1280 alios
3585 1225 3767 1283 videat

2163 1322 2302 1378 pura
2351 1309 2687 1367 conscientia
2739 1318 3053 1384 tangentes,
3106 1313 3223 1384 ipse
3274 1328 3493 1386 quoque
3551 1321 3763 1386 tangat,

2160 1394 2282 1452 illos
2337 1398 2634 1468 reveritus;
2705 1401 2915 1457 interea
2985 1409 3176 1458 tamen
3241 1401 3356 1473 ejus
3426 1403 3761 1460 conscientia

2164 1483 2577 1558 coinquinetur,
2625 1495 2687 1544 ut
2741 1488 2834 1560 qui
2885 1489 3130 1562 ambigat
3157 1505 3372 1546 secum.

2235 1575 2414 1630 Vnns.
2472 1579 2526 1629 8.
2585 1598 2612 1624 ι
2675 1577 2810 1632 Esca
2860 1586 3052 1634 autem
3098 1593 3201 1634 nos
3247 1594 3362 1634 non
3391 1577 3763 1636 commendat.

2163 1664 2302 1718 Deo.
2339 1687 2364 1712 ιο
2397 1664 2478 1719 Ne
2506 1663 2769 1736 objiciant
2800 1683 2814 1720 :
2847 1669 2964 1738 Ego
2993 1683 3130 1738 pura
3182 1667 3517 1724 conscientia
3549 1685 3768 1737 vescor,

2165 1753 2360 1824 ecquid
2418 1753 2556 1809 mihi
2585 1769 2731 1810 cura;
2787 1763 2892 1823 est,
2943 1756 2989 1811 si
3027 1757 3150 1828 quis
3203 1773 3301 1829 per
3331 1758 3766 1816 imbecillitatem

2085 1887 2136 1951 Β
2167 1840 2516 1898 offenditur?
2543 1843 2789 1951 qstendit
2829 1845 2976 1917 quod
3003 1845 3183 1917 ipsum
3224 1845 3384 1946 edere
3443 1848 3623 1951 etiam”
3639 1864 3770 1904 cum

2166 1940 2486 2004 contemptu
2532 1932 2836 2000 idolorum,
2863 1934 2993 1989 nihil
3023 1936 3113 1990 sit.
3147 1935 3378 1992 Etiamsi
3419 1937 3568 1991 enim
3595 1935 3766 1993 frater

2163 2029 2291 2078 tuus
2336 2039 2451 2078 non
2500 2023 2815 2093 laederetur,
2884 2039 3059 2096 neque
3112 2025 3193 2080 sic
3239 2033 3430 2080 tamen
3488 2024 3764 2083 laudabile

2166 2117 2468 2189 quidquam
2493 2114 2722 2182 faceres,
2754 2119 2984 2190 Deoque
3012 2127 3260 2190 gratum.
3289 2119 3459 2175 Cibus
3479 2118 3628 2176 enim
3653 2135 3756 2176 nos

2164 2214 2285 2267 Deo
2326 2227 2441 2267 non
2471 2211 2728 2268 associat.

2242 2323 2266 2349 α
2287 2302 2480 2372 Neque
2509 2301 2656 2356 enim
2693 2300 2738 2356 si
2761 2299 3012 2369 edamus,
3040 2301 3390 2360 abundamus
3451 2321 3464 2359 :
3495 2319 3675 2376 neque
3715 2305 3762 2361 si

2165 2406 2276 2446 non
2299 2389 2866 2457 edamus,deﬁcimus.
2901 2414 2926 2440 υ
2952 2392 3074 2446 Hoc
3095 2399 3199 2462 est,
3227 2394 3416 2464 Neque
3441 2393 3484 2449 si
3511 2393 3762 2462 edamus,

2165 2479 2374 2536 idcirco
2403 2480 2658 2535 meliores
2684 2495 2897 2550 sumus,
2942 2496 3006 2535 ac
3055 2483 3170 2538 Deo
3227 2483 3494 2554 gratiores
3530 2502 3542 2538 :
3575 2499 3760 2555 neque

2164 2561 2207 2617 si
2237 2576 2352 2616 non
2377 2559 2628 2629 edamus,
2653 2560 2858 2618 idcirco
2907 2559 3120 2633 pejores
3148 2577 3344 2619 sumus
3372 2571 3427 2619 et
3456 2562 3761 2620 deﬁcimus.

2238 2741 2421 2796 Vens.
2455 2745 2509 2795 9.
2543 2762 2568 2789 α
2595 2739 2791 2796 Videte
2810 2747 2998 2798 autem
3027 2757 3097 2798 ne
3127 2743 3411 2815 quomodo
3449 2744 3569 2802 hac
3593 2745 3768 2803 licen-

2166 2829 2245 2884 tia
2298 2839 2479 2885 vestra
2533 2828 2933 2886 offendiculum
2986 2831 3083 2888 ﬁat
3125 2832 3370 2890 inﬁrmis
3418 2832 3760 2892 fratribus.»

2168 2919 2556 2975 Perterrefacit
2607 2935 2702 2975 eos
2730 2935 2828 2990 per
2855 2919 2974 2976 hoc.
3026 2923 3144 2978 Nec
3189 2922 3330 2979 dixit
3360 2943 3374 2980 :
3408 2924 3649 2982 Scientia
3681 2943 3771 2983 ve-

2171 3015 2307 3074 stra,
2336 3006 2456 3076 sed,
2493 3026 2521 3060 ι(
2545 3008 2813 3077 Licentia,
2858 3031 2883 3056 ι»
2914 3008 3020 3065 hoc
3062 3018 3164 3078 est,
3199 3011 3496 3082 petulantia
3523 3021 3580 3069 et
3609 3030 3768 3070 arro-

2172 3098 2360 3170 gantia
2383 3097 2480 3153 ﬁat
2505 3097 2898 3154 offendiculum
2929 3099 3183 3156 inﬁrmis.
3211 3107 3395 3174 Atque
3426 3103 3547 3159 haec
3595 3104 3774 3178 major

2172 3203 2366 3243 eorum
2384 3196 2467 3243 est
2491 3188 2794 3252 accusatio,
2839 3187 2991 3261 quod
3032 3206 3101 3246 ne
3145 3190 3378 3247 inﬁrmis
3407 3191 3634 3264 quidem
3678 3210 3772 3250 vo-

2169 3275 2377 3333 luerint
2405 3293 2649 3349 parcere,
2675 3277 2879 3350 quibus
2931 3279 3101 3335 etiam
3150 3282 3414 3352 opitulari
3453 3283 3770 3354 oportebat.

2238 3370 2418 3423 Vens.
2452 3375 2538 3423 10.
2575 3390 2600 3416 ει
2632 3370 2779 3424 Nam
2817 3369 2859 3423 si
2885 3369 3186 3442 quisquam
3215 3374 3560 3443 conspexerit
3587 3382 3640 3429 te
3678 3373 3774 3430 ha-

2167 3455 2392 3512 bentem
2447 3457 2753 3526 scientiam,
2815 3458 2870 3512 in
2897 3459 3063 3515 idolio
3110 3461 3546 3531 accumbentem,
3589 3479 3775 3520 nonne

2168 3546 2502 3601 conscientia
2541 3548 2657 3618 ejus
2712 3549 2802 3619 qui
2830 3548 3085 3605 infirmus
3145 3559 3246 3620 est,
3292 3550 3652 3608 eediﬁcabitur
3713 3561 3774 3610 ut

2170 3643 2419 3690 vescatur
2444 3634 2804 3708 idolothytis?
2839 3661 2864 3686 ιο
2901 3640 3023 3693 Hoc
3049 3648 3153 3705 est,
3185 3639 3320 3706 sine,
3353 3641 3470 3712 qui,
3501 3642 3578 3697 uti
3609 3641 3768 3711 dicis,

2169 3723 2444 3796 perfectus
2472 3739 2550 3792 es,
2578 3725 2826 3781 inﬁrmus
2850 3727 3048 3799 aliquis
3096 3727 3255 3784 idolis
3284 3728 3565 3785 immolata
3601 3730 3772 3786 eden-

2167 3820 2280 3868 tem
2309 3816 2678 3886 conspexerit,
2726 3832 2907 3871 nonne
2961 3815 3230 3888 majorem
3261 3817 3488 3889 arripiet
3515 3819 3770 3876 occasio-

2165 3917 2321 3972 nem,
2363 3911 2423 3958 ut
2450 3904 2564 3976 ipse
2609 3905 2777 3961 etiam
2810 3904 3131 3978 idolothytis
3170 3915 3440 3976 vescatur,
3473 3908 3767 3981 magisque

2169 3993 2525 4062 stabilietur(
2573 3994 2677 4050 hoc
2722 3995 2874 4051 enim
2928 4003 3029 4064 est,
3081 4019 3107 4045 «ι
3163 3996 3538 4053 Ᾱῖάίϐοδὺὶωι·
3584 4003 3658 4065 υ)
3706 4006 3768 4054 ut

2170 4082 2447 4140 existimet
2473 4084 2621 4140 idola
2662 4085 2866 4158 aliquid
2887 4090 3052 4142 esse?
3087 4087 3181 4142 llle
3211 4087 3358 4144 enim
3389 4088 3612 4155 inscius,
3653 4103 3765 4160 qua

2171 4181 2232 4228 tu
2261 4173 2401 4310 rati:
2451 4175 2650 4232 ductus
2697 4174 2802 4231 hoc
2834 4174 2990 4245 facis,
3036 4175 3181 4233 istud
3229 4193 3328 4249 pro
3381 4177 3769 4235 exhortatione

2171 4265 2359 4310 renuta
2401 4255 2456 4310 it.
3425 4291 3430 4296 -

2167 4255 2456 4328 reputabit.
3425 4291 3430 4296 -

2245 4347 2423 4402 Vens.
2455 4352 2538 4403 11.
2577 4369 2604 4396 ι
2650 4349 2732 4402 Ac
2779 4347 2975 4420 peribit
3003 4348 3260 4406 inﬁrmus
3289 4348 3465 4406 frater
3501 4350 3572 4406 ob
3617 4359 3774 4408 tuam

2172 4436 2482 4504 scientiam,
2540 4445 2763 4509 propter
2798 4453 2964 4510 quem
2994 4438 3242 4494 Christus
3273 4447 3356 4494 est
3399 4449 3680 4495 mortuus.
3742 4463 3770 4489 η

459 4526 724 4619 πρόφασις
767 4535 1036 4602 ἀπωλείας
1066 4535 1231 4614 ἑτέρῳ
1260 4539 1293 4606 ἡ
1329 4533 1396 4607 σὴ
1425 4534 1692 4606 τελειότης
1711 4578 1727 4604 ,
1771 4532 1862 4592 καὶ
1893 4539 2063 4592 ταῦτα

2179 4531 2248 4582 Et
2276 4537 2376 4583 tua
2419 4526 2686 4599 perfectio
2715 4529 2873 4583 alteri
2905 4528 2998 4584 ﬁet
3030 4529 3248 4583 occasio
3300 4528 3572 4594 interitus,
3608 4529 3774 4600 idque

462 4629 806 4703 ἀσθενοῦντι,
839 4624 932 4685 καὶ
980 4631 1150 4684 ταῦτα
1182 4624 1250 4683 δι’
1293 4623 1350 4682 ὃν
1394 4623 1623 4704 Χριστὸς
1666 4623 1921 4684 ἀπέθανε.
1957 4627 2066 4684 Καὶ

461 4719 491 4776 6
544 4713 642 4794 μὲν
697 4716 927 4796 Χριστὸς
1000 4713 1118 4774 οὐδὲ
1176 4715 1454 4774 ἀποθανεῖν
1517 4712 1872 4793 παρητήσατο
1934 4712 2067 4794 ὑπὲρ

463 4808 626 4866 αὐτοῦ
657 4829 672 4844 ⁸
704 4803 766 4866 σὺ
797 4805 850 4865 δὲ
890 4803 1005 4864 οὐδὲ
1041 4803 1338 4884 βρωμάτων
1385 4804 1562 4885 ἀπέχῃ
1588 4847 1603 4873 ,
1651 4801 1741 4860 ἵνα
1783 4801 1857 4880 μὴ
1903 4825 2068 4861 σκαν-

462 4896 785 4968 δαλίζηται;
842 4893 912 4956 Ὀ
944 4894 998 4954 δὲ
1045 4893 1454 4976 Χρυσόστομος,
1509 4913 1537 4951 (ι
1566 4890 1700 4953 Ἐπὶ
1731 4897 1795 4973 τῇ
1829 4896 1897 4973 σῇ
1931 4892 2068 4973 βρώ-

464 5009 579 5058 σει,
609 5013 636 5037 ι
666 4985 831 5064 λέγει.

555 5103 578 5128 α
621 5077 784 5135 Οὕτω
827 5073 884 5134 δὶ
916 5073 1314 5155 ἁμαρτάνοντες
1361 5073 1436 5140 εἷς
1487 5071 1606 5140 τοὺς
1659 5069 1949 5153 ἀδελφοὺς,
1977 5070 2070 5130 καὶ

462 5164 749 5232 τύπτοντες
830 5168 1001 5225 αὐτῶν
1062 5162 1160 5235 τὴν
1215 5164 1516 5233 συνείδησιν
1585 5164 1940 5236 ἀσθενοῦσαν,
1999 5165 2072 5229 εἰς

464 5254 702 5334 Χριστὸν
750 5253 1110 5336 ἁμαρτάνετε.
1145 5281 1170 5304 ν
1218 5256 1336 5313 Οὐκ
1385 5243 1536 5326 εἶπε,
1586 5253 2070 5329 Σκανδαλίζοντες,

470 5343 614 5404 ἀλλὰ
636 5391 652 5421 ,
694 5373 719 5398 ιι
742 5345 1066 5411 Τύπτοντεςο
1096 5371 1119 5395 ιι
1150 5340 1289 5402 ὥστε
1321 5343 1418 5410 τὴν
1451 5342 1710 5420 ὠμότητα
1735 5340 2072 5410 ἐνδείξασθαι

471 5433 601 5494 ὅταν
635 5434 728 5493 καὶ
777 5435 874 5507 τὴν
917 5436 1244 5494 ἀσθενοῦσαν
1282 5434 1581 5505 συνείδησιν
1627 5433 1922 5493 τύπτωσιν.
1982 5433 2075 5498 Εἰς

472 5523 640 5594 αὐτὴν
671 5523 726 5582 δὲ
756 5523 854 5596 τὴν
886 5521 1120 5606 κορυφὴν
1174 5526 1269 5594 τῆς
1299 5521 1638 5603 παρανομίας
1677 5521 1740 5580 τὸ
1771 5521 2072 5602 ἁμάρτημα

475 5612 741 5692 ἀνήγαγεν
772 5613 848 5688 ⁸⁷,
889 5636 920 5673 (ι
963 5617 1060 5683 Εἷς
1107 5612 1342 5694 Χριστὸν
1395 5612 1764 5695 ἁμαρτάνετε,
1812 5638 1840 5664 ιι
1893 5609 2076 5675 εἰπών.

2175 4617 2414 4684 inﬁrmo,
2441 4625 2498 4673 et
2534 4626 2759 4689 propter
2783 4633 2950 4690 quem
2979 4617 3232 4674 Christus
3283 4625 3368 4672 est
3397 4626 3671 4673 mortuus.
3705 4621 3777 4674 Et

2177 4705 2426 4764 Christus
2457 4706 2680 4780 quidem
2727 4723 2826 4779 pro
2857 4709 2976 4779 ipso
3003 4723 3117 4762 non
3158 4706 3477 4763 detrectavit
3505 4708 3677 4773 mori;
3711 4715 3774 4764 tu

2178 4812 2310 4852 vero
2361 4812 2430 4852 ne
2454 4813 2484 4852 a
2508 4797 2641 4852 cibis
2669 4797 2891 4868 quidem
2931 4796 3193 4865 abstines,
3227 4805 3288 4853 ut
3340 4796 3507 4868 169
3535 4796 3624 4852 ille
3653 4812 3774 4853 non

2179 4888 2503 4946 offendatur
2531 4890 2554 4943 ?
2600 4887 3031 4959 Chrysostomus
3053 4895 3263 4955 autem,
3296 4910 3321 4936 ιι
3355 4888 3442 4944 Ob
3473 4883 3773 4943 manduca-

2179 4979 2391 5036 tionem
2421 4987 2598 5044 tuam,
2623 5000 2649 5025 ν
2685 4976 2841 5034 dicit.

2253 5071 2435 5125 Vnus.
2473 5072 2559 5122 l2.
2609 5089 2638 5116 α
2670 5067 2757 5123 Sic
2787 5075 2977 5123 autem
3015 5075 3298 5138 peccantes
3326 5066 3385 5121 in
3437 5065 3654 5134 fratres,
3721 5074 3779 5123 et

2182 5158 2556 5231 percutientes
2632 5157 3031 5212 conscientiam
3103 5172 3297 5212 eorum
3363 5155 3667 5223 inﬁrmam,
3718 5155 3776 5211 in

2182 5249 2463 5307 Christum
2515 5247 2770 5319 peccatis.
2813 5269 2838 5294 υ
2884 5247 3006 5302 Non
3062 5245 3219 5314 dixit,
3251 5243 3629 5312 Offeudentes,
3683 5245 3780 5302 sed

2187 5358 2217 5392 ‹‹
2245 5339 2650 5406 Percutientes;
2682 5361 2707 5386 υ
2759 5343 2820 5391 ut
2846 5333 3225 5391 crudelitatem
3273 5333 3565 5401 indicaret;
3598 5351 3778 5406 quan-

2183 5429 2486 5501 doquidem
2542 5435 2599 5483 et
2644 5428 3000 5498 languentem
3021 5424 3420 5480 conscientiam
3470 5423 3686 5481 feriant.
3720 5427 3785 5480 In

2185 5521 2370 5593 ipsum
2417 5523 2604 5574 autem
2633 5514 3080 5587 transgressionis
3126 5513 3442 5586 fastigium,
3494 5522 3784 5586 peccatum

2186 5609 2392 5677 retulit;
2445 5631 2472 5657 α
2503 5609 2568 5663 In
2613 5605 2898 5664 Christum
2930 5605 3188 5678 peccatis,
3243 5628 3268 5654 υ
3315 5604 3593 5678 inquiens.
3629 5604 3782 5673 Quo-

1879 5711 2066 5771 Variae
2109 5709 2413 5771 lectiones.

548 5791 592 5825 ⁸⁷
625 5791 891 5865 εἰσήγαγεν
919 5808 974 5851 0.
