4090 6414
371 467 438 520 63
787 524 798 531 _
1352 463 1863 520 THEOPHYLACTI
1903 465 2262 522 BULGARle
2298 464 2612 521 ARCHIEP.

3531 461 3635 516 664

332 587 503 644 modo
531 597 719 644 autem
745 595 1029 659 peccatum
1097 604 1137 643 n
1173 587 1454 644 Christum
1483 587 1756 646 refertur?
1782 591 1923 646 mul-

2042 594 2163 658 Πῶς
2193 590 2248 649 δὲ
2277 590 2338 650 τὸ
2368 589 2666 668 ἁμάρτημα
2707 588 2780 654 εἶς
2820 585 3052 663 Χριστὸν
3086 583 3404 667 ἀναφέρεται
3429 609 3444 657 ;
3477 584 3639 645 Κατὰ

331 677 405 733 tis
443 676 624 734 modis
657 698 670 732 :
700 678 842 748 Quia
862 685 916 732 et
930 693 1054 750 qua:
1074 692 1360 734 servorum
1389 694 1622 736 suorum
1662 679 1929 747 sunt,sibi

331 770 544 839 tribuit,
575 780 630 826 et
651 772 915 842 quoniam
958 787 1155 842 corpus
1182 781 1236 827 et
1265 773 1512 828 membra
1565 773 1732 844 ipsius
1775 781 1928 840 sunt,

335 861 429 932 qui
460 860 749 930 feriuntur,
783 871 838 916 et
865 861 1012 933 quia,
1039 876 1164 933 quae
1196 861 1313 932 ipse
1343 878 1440 932 per
1465 863 1745 934 propriam
1777 862 1928 918 victi-

340 964 495 1006 mam
521 950 831 1019 azdilicavit,
877 950 1150 1006 nimirum
1183 950 1423 1007 salutem
1468 951 1566 1023 ipsi
1619 950 1929 1008 destruunt.

411 1152 437 1178 α
469 1129 816 1202 Quapropter
849 1132 895 1188 si
953 1147 1072 1186 esca
1102 1130 1438 1188 scandalizat
1458 1131 1689 1188 fratrem
1718 1147 1925 1202 meum,

335 1233 448 1274 non
500 1219 845 1276 manducabo
888 1236 1112 1277 carnem
1170 1219 1223 1275 in
1265 1230 1556 1287 aeternum,
1589 1238 1659 1277 ne
1708 1221 1930 1278 fratrem

338 1327 532 1367 meum
569 1313 956 1370 scandalizem.
993 1338 1018 1362 υ
1041 1315 1152 1370 Ceu
1178 1315 1426 1386 optimus
1470 1323 1794 1387 prazceptor,
1837 1331 1934 1388 per

335 1405 576 1477 seipsum
607 1409 962 1464 commendat
989 1424 1114 1480 quae
1159 1407 1312 1464 dicit.
1367 1410 1478 1464 Nec
1507 1409 1670 1475 dixit,
1715 1409 1757 1464 si
1785 1409 1931 1481 juste

336 1495 688 1564 scandalizet,
734 1496 831 1553 sed
879 1501 1218 1568 Quacunque
1249 1498 1478 1553 ratione.
1531 1501 1644 1554 Nec
1690 1499 1790 1562 ait,
1819 1515 1931 1554 non

337 1582 687 1640 manducabo
717 1586 874 1641 idolis
903 1587 1174 1655 oblatum,
1204 1587 1299 1642 sed
1320 1628 1335 1653 ,
1384 1611 1410 1636 α
1455 1589 1687 1643 Carnem
1715 1611 1740 1636 ι
1789 1589 1930 1644 sim-

339 1672 571 1745 pliciter,
619 1675 831 1730 etiamsi
869 1676 1191 1746 permissum
1252 1675 1414 1731 fuerit
1463 1693 1609 1732 :nec
1636 1693 1748 1732 uno
1791 1677 1928 1732 alte-

337 1777 470 1817 rove
489 1762 594 1831 die,
625 1763 720 1818 sed
751 1780 845 1835 per
874 1780 1096 1819 omnem
1112 1764 1292 1820 aetatis
1319 1780 1455 1820 meae
1470 1780 1727 1827 cursum.
1746 1763 1932 1819 Isthuc

335 1855 486 1910 enim
522 1855 744 1923 indicat,
781 1882 805 1905 ι
841 1861 901 1912 lu
931 1867 1230 1914 internum.
1273 1881 1298 1906 ιο
1342 1861 1454 1913 Nec
1493 1858 1666 1914 dixit:
1710 1859 1794 1914 Ne
1817 1874 1935 1930 per-

334 1941 486 2015 dam,
514 1946 610 2002 sed
629 1947 970 2020 simpliciter,
996 1971 1020 1996 σι
1048 1950 1129 2005 Ne
1151 1947 1540 2004 scandalizem.
1564 1968 1590 1997 ››

945 2125 1188 2181 CAPUT
1225 2127 1329 2180 1X.

406 2235 583 2288 Vsus.
623 2237 673 2286 1.
702 2255 727 2279 α
753 2234 951 2286 Nonne
981 2246 1108 2287 sum
1149 2232 1464 2303 apostolus?
1487 2233 1682 2288 Nonne
1721 2247 1846 2288 sum
1869 2231 1931 2286 li-

337 2320 484 2378 ber?
531 2325 732 2378 Nonne
781 2321 1082 2376 Dominum
1124 2332 1376 2376 nostrum
1419 2323 1607 2376 Jesum
1648 2320 1930 2378 Christum

337 2409 483 2466 vidi?
512 2435 536 2459 ι»
582 2413 723 2466 Cum
769 2409 1039 2465 dixisset:
1079 2411 1131 2464 Si
1164 2427 1284 2465 esca
1322 2409 1654 2465 scandalizat
1698 2410 1928 2466 fratrem

333 2516 541 2565 meum,
563 2516 679 2555 non
705 2516 896 2555 vescar
914 2500 1212 2555 carnibus:
1245 2515 1316 2554 ne
1347 2499 1470 2572 quis
1498 2499 1772 2554 existimet
1801 2515 1928 2554 eum

335 2594 636 2664 superbire,
666 2602 1177 2666 ostentatoremque
1198 2609 1378 2666 agere,
1423 2594 1637 2665 cogitur
1665 2593 1930 2664 deinceps

334 2682 626 2740 ostendere
651 2683 932 2754 quomodo
964 2684 1044 2739 vel
1095 2700 1126 2739 a
1179 2683 1452 2738 concessis
1481 2683 1828 2749 abstinuerit,
1861 2699 1930 2738 ne

339 2773 552 2844 aliquos
581 2771 913 2828 offenderet.
957 2775 1082 2844 Ipso
1128 2773 1277 2828 enim
1309 2772 1530 2828 Christo
1558 2773 1926 2844 praecipiente,

338 2871 401 2916 ut
429 2862 520 2934 qui
554 2863 911 2932 Evangelium
949 2861 1229 2932 praedicet,
1265 2878 1328 2917 ex
1356 2864 1667 2934 Evangelio,
1697 2862 1801 2917 hoc
1825 2871 1928 2928 est,

337 2951 404 3005 iis
431 2952 524 3022 qui
551 2951 914 3006 instituuntur
942 2951 1071 3006 edat
1099 2950 1126 2986 τι
1158 2971 1171 3004 :
1200 2967 1300 3023 ego
1339 2951 1507 3005 malui
1555 2952 1738 3022 potius
1785 2951 1931 3007 fame

333 3041 532 3112 perire,
592 3040 833 3112 nihilque
883 3057 915 3096 a
961 3041 1115 3096 vobis
1165 3041 1440 3109 accipere;
1500 3041 1615 3096 imo
1675 3041 1929 3096 manibus

333 3130 473 3186 meis
500 3131 838 3198 laborabam,
874 3145 1124 3200 operans,
1171 3129 1415 3202 mihique
1461 3129 1779 3186 alimoniam
1836 3147 1931 3202 pa-

336 3235 483 3274 rans.
521 3220 769 3274 Fuerunt
823 3219 968 3274 enim
1003 3227 1057 3274 et
1085 3219 1229 3290 apud
1263 3220 1410 3290 ipsos
1461 3220 1731 3288 nonnulli,
1765 3229 1828 3274 ut
1854 3220 1934 3274 vi-

337 3307 525 3376 detur,
579 3308 770 3363 divites
807 3308 1086 3376 doctores,
1128 3311 1224 3381 qui
1279 3311 1470 3381 gloriae
1493 3310 1594 3365 sibi
1635 3310 1930 3378 ducebant,

2039 678 2264 747 πολλοὺς
2309 679 2532 758 τρόπους
2564 701 2577 715 ο
2621 675 2703 736 ὅτι
2750 699 2806 734 τε
2835 674 2903 733 τὰ
2953 679 3056 734 τῶν
3105 677 3320 734 οἰκετῶν
3354 673 3510 741 αὐτὸς
3553 676 3634 733 οἰ-

2039 775 2274 827 κειοῦται
2295 815 2310 843 ,
2343 768 2434 826 καὶ
2465 766 2545 826 ὅτι
2590 770 2748 842 σῶμα
2775 767 2936 823 αὐτοῦ
2983 765 3073 823 καὶ
3121 764 3258 840 μέλη
3295 763 3426 822 εἰσὶν
3453 765 3500 823 οἱ
3540 787 3637 822 τυ·-

2039 857 2324 934 πτόμενοι,
2359 857 2450 918 καὶ
2498 856 2577 914 ὅτι
2609 857 2642 914 ἃ
2693 855 3037 935 ᾠκοδόμησεν
3087 855 3242 920 αὐτὸς
3291 852 3378 911 διὰ
3423 858 3517 927 τῆς
3560 857 3636 912 οἶ-

2038 949 2184 1012 κείας
2235 951 2470 1028 σφαγῆς,
2525 944 2803 1018 τουτέστι,
2861 944 2960 1016 τὴν
3023 943 3292 1023 σωτηρίαν
3349 941 3426 1018 ⁸⁸,
3490 941 3640 1002 αὐτοὶ

2039 1042 2377 1116 καθαιροῦσι.

2122 1153 2145 1177 «ι
2175 1129 2374 1206 Διόπερ
2419 1128 2463 1184 εἰ
2514 1129 2706 1203 βρῶμα
2738 1121 3075 1190 σκανδαλίζει
3119 1122 3205 1181 τὸν
3241 1120 3467 1203 ἀδελφόν
3500 1145 3636 1202 μου,

2041 1217 2098 1274 οὐ
2132 1215 2206 1292 μὴ
2237 1215 2390 1296 φάγω
2440 1216 2569 1295 κρέα
2607 1215 2679 1280 εἰς
2727 1211 2815 1272 τὸν
2853 1215 3061 1284 αἰῶνα,
3095 1214 3182 1269 ἳνα
3234 1211 3310 1290 μὴ
3357 1211 3446 1270 τὸν
3483 1212 3639 1270 ἀδελ-

2040 1305 2134 1386 φόν
2170 1329 2269 1380 μου
2313 1304 2673 1364 σκανδαλίσω.
2721 1331 2743 1354 ο
2791 1301 2894 1368 (Ως
2931 1301 3251 1386 διδάσκαλος
3304 1301 3518 1380 ἄριστος
3568 1301 3638 1359 δι’

2039 1382 2231 1453 ἐαυτοῦ
2266 1403 2520 1474 συνιστᾷ,
2555 1392 2590 1451 ἃ
2637 1391 2804 1471 λέγει.
2863 1391 2966 1450 Καὶ
3013 1393 3110 1450 οὐκ
3141 1382 3321 1464 εἶπεν,
3370 1389 3451 1448 ὅτι
3495 1387 3638 1474 ΖΕὰν

2041 1485 2366 1562 σκανδαλίζῃ
2400 1482 2642 1556 δικαίως,
2681 1484 2823 1554 ἀλλ’,
2847 1479 3157 1540 ⁸οπωσοῦν.
3203 1480 3311 1540 Καὶ
3343 1481 3440 1539 οὐκ
3475 1469 3639 1551 εἶπεν,

2041 1577 2121 1634 Οὐ
2153 1575 2228 1647 μὴ
2253 1573 2405 1652 φάγω
2425 1571 2764 1630 εἰδωλόθυτον
2787 1613 2802 1640 ,
2834 1569 2996 1641 ἀλλὰ,
3027 1597 3049 1622 υ
3077 1569 3226 1649 Κρέα
3255 1597 3277 1621 ιι
3309 1569 3512 1639 ἁπλῶς,
3545 1567 3642 1627 κᾶν

2045 1663 2194 1740 [καὶ]
2225 1659 2700 1741 συγκεχωρημένον
2732 1659 2856 1731 εἴη·
2903 1659 2996 1718 καὶ
3041 1660 3100 1717 οὗ
3144 1657 3271 1735 μίαν
3323 1655 3357 1728 ἢ
3397 1657 3641 1736 δευτέραν

2039 1749 2266 1831 ἡμέραν,
2303 1751 2440 1808 ἀλλὰ
2471 1750 2647 1808 πάντα
2676 1749 2763 1808 τὸν
2796 1747 2984 1829 χρόνον
3019 1752 3114 1820 τῆς
3144 1752 3279 1818 ζωῆς
3311 1771 3413 1823 μου
3440 1770 3455 1785 ·
3476 1751 3639 1831 τοῦτο

2040 1826 2164 1919 γὰρ-
2189 1840 2340 1911 δηλοῖ
2381 1840 2479 1912 τὸ,
2519 1860 2547 1895 α
2595 1840 2689 1906 Εἷς
2730 1826 3042 1898 τὸνηαῖῶνα.
3095 1864 3119 1890 υ
3175 1838 3282 1896 Καὶ
3332 1839 3427 1896 οὔκ
3457 1826 3641 1912 εἶπεν,

2041 1929 2162 1988 Ἵνα
2195 1931 2268 2006 μὴ
2302 1929 2578 2004 ἀπολέσω,
2611 1929 2753 2006 ἀλλ’,
2811 1955 2835 1980 ιι
2873 1923 2996 1987 Ἵνα
3027 1925 3103 2002 μὴ
3138 1954 3159 1979 ι
3207 1925 3392 1994 ἁπλῶς
3427 1952 3454 1976 ι
3478 1947 3642 1984 σκαν-

1973 2017 2020 2080 Β
2056 2019 2278 2080 δαλίσω.
2316 2045 2338 2071 υ

2645 2127 2928 2186 ΚΕΦΑΛ.
2975 2124 3069 2185 Θ’.

2119 2259 2144 2285 α
2179 2233 2298 2289 Οὐκ
2329 2229 2437 2306 εἰμὶ
2468 2229 2759 2296 ἀπόστολος
2778 2249 2794 2303 ;
2847 2232 2965 2288 Οὐκ
3009 2225 3120 2302 εἰμὶ
3151 2225 3415 2304 ἐλεύθερος
3441 2248 3458 2298 ;
3497 2225 3643 2305 Οὐχὶ

2040 2318 2244 2392 Ἰησοῦν
2268 2319 2494 2398 Χριστὸν
2521 2319 2610 2376 τὸν
2647 2317 2839 2394 Κύριον
2873 2320 3024 2393 ἡμῶν
3057 2314 3269 2395 ἑώρακα
3299 2335 3317 2394 ς
3348 2341 3373 2366 ι
3416 2312 3642 2386 Ἐπειδὴ

2039 2400 2203 2467 εἶπεν·
2232 2435 2254 2459 οι
2290 2411 2350 2467 Ei
2375 2413 2567 2488 βρῶμα
2590 2407 2928 2476 σκανδαλίζει
2952 2407 3038 2466 τὸν
3065 2404 3289 2486 ἀδελφόν
3323 2427 3450 2480 μου,
3481 2407 3540 2462 οὗ
3564 2402 3640 2482 μὴ

2039 2498 2192 2578 φάγω
2224 2497 2354 2577 κρέα
2379 2517 2392 2530 ·
2417 2523 2440 2549 υ
2469 2495 2554 2555 ἵνα
2589 2498 2663 2575 μή
2692 2521 2767 2564 τις
2795 2497 2992 2576 νομίσῃ
3037 2496 3331 2573 κομπάζειν
3353 2493 3510 2553 αὐτὸν
3535 2493 3624 2552 καὶ

2041 2585 2446 2656 ἀλαζονεύεσθαι
2488 2587 2564 2660 3’,
2617 2587 2974 2665 ἀναγκάζεται
3048 2584 3232 2646 λοιπὸν
3288 2582 3485 2656 δεῖξαι,
3534 2587 3647 2650 πῶς

2040 2676 2132 2736 καὶ
2183 2681 2288 2736 τῶν
2336 2677 2834 2756 συγκεχωρημένων
2884 2675 3186 2755 ἀπέσχετο,
3239 2674 3375 2753 ὗπὲρ
3427 2677 3520 2731 τοῦ
3566 2671 3642 2750 μὴ

2041 2765 2391 2826 σκανδαλίσαι
2439 2767 2604 2833 τινάς.
2654 2768 2831 2826 Αὐτοῦ
2886 2765 2987 2845 γὰρ
3032 2769 3126 2824 τοῦ
3178 2765 3418 2843 Χριστοῦ
3455 2762 3644 2822 ἐπιτά-

2045 2855 2225 2924 ξαντος
2274 2857 2360 2914 τὸν
2389 2857 2726 2934 κηρύσσοντα
2757 2855 2817 2914 τὸ
2863 2855 3191 2934 Εὐαγγέλιον
3243 2857 3304 2912 ἐκ
3341 2858 3434 2913 τοῦ
3467 2855 3647 2930 Εὔαγ-

2041 2945 2219 3023 γελίου
2240 2991 2255 3017 ,
2283 2945 2558 3018 τουτέστι,
2586 2949 2692 3004 τῶν
2739 2947 3184 3021 μαθητευομένων
3209 2988 3226 3016 ,
3267 2943 3458 3003 ἐσθίειν
3495 2967 3508 2979 ·
3539 2941 3644 3022 ἐγὼ

2043 3035 2262 3110 εἱλόμην
2307 3038 2453 3115 λιμῷ
2505 3037 2863 3115 διαφθαρῇναι
2915 3035 3158 3110 μᾶλλον,
3195 3033 3286 3091 καὶ
3319 3033 3484 3107 μηδὲν
3515 3035 3646 3112 παρ’
3735 3075 3742 3080 ς

2042 3129 2190 3199 ὑμῶν
2226 3122 2410 3183 λαϐεῖν
2434 3172 2450 3197 ,
2485 3122 2624 3183 ἀλλὰ
2658 3132 2773 3191 ταῖς
2822 3122 2977 3204 χερσί
3021 3146 3124 3201 μου
3164 3122 3392 3181 ἐκοπίων
3429 3121 3647 3201 ἐργαζό-

2047 3237 2198 3290 μενος
2248 3213 2340 3272 καὶ
2389 3215 2835 3295 ἀποτρεφόμενος.
2876 3204 3056 3273 Ἦσαν
3086 3214 3189 3291 γὰρ
3231 3211 3320 3270 καὶ
3368 3215 3500 3290 παρ’
3547 3213 3647 3270 αὖ-

2046 3311 2154 3369 τοῖς
2200 3326 2368 3376 τινες,
2401 3307 2472 3370 ὡς
2503 3303 2699 3378 ἔοικεν,
2747 3301 2992 3362 πλούσιοι
3038 3301 3385 3369 διδάσκαλοι,
3432 3303 3647 3381 φιλοτι-

340 3406 607 3470 erantque
636 3398 690 3452 in
726 3398 920 3469 pretio,
957 3399 1103 3470 quod
1132 3398 1267 3454 citra
1299 3407 1587 3470 sumptum
1641 3396 1930 3466 docerent,

2044 3392 2296 3469 μούμενοι
2344 3392 2432 3452 ἐπὶ
2484 3397 2560 3473 τῷ
2609 3394 2878 3452 διδάσκειν
2940 3391 3270 3463 ἀδαπάνως,
3316 3390 3410 3450 καὶ
3459 3414 3646 3449 καται-

334 3486 814 3558 hincquePaulum
838 3485 1164 3555 pudefacere
1189 3487 1562 3542 moliebantur
1599 3507 1610 3541 :
1644 3487 1794 3559 quod
1818 3487 1936 3558 ipse

336 3577 670 3647 intelligens,
730 3576 1052 3644 abstinuit(
1101 3587 1162 3632 ut
1209 3576 1322 3632 dixi
1378 3578 1395 3648 )
1448 3593 1478 3632 a
1529 3577 1812 3649 discipulis
1841 3577 1934 3647 ali,

335 3666 549 3720 etiamsi
580 3666 682 3720 hoc
710 3665 786 3719 illi
805 3665 1082 3721 indultum
1113 3673 1249 3721 erat.
1277 3668 1395 3737 Ego
1424 3666 1704 3738 equidem,
1734 3668 1931 3738 inquit,

337 3755 418 3810 sic
463 3771 554 3809 me
582 3754 724 3827 gessi
755 3775 766 3810 ε
819 3772 915 3810 vos
940 3772 1067 3810 vero
1091 3772 1161 3810 ne.
1206 3755 1276 3811 ab
1299 3755 1458 3811 idolis
1487 3756 1725 3827 quidem,
1749 3757 1934 3814 oblato

338 3843 642 3900 abstinetis.
717 3847 891 3900 Totus
947 3845 1137 3916 itaque
1187 3861 1382 3900 sensus
1433 3846 1711 3911 orationis,
1765 3863 1934 3919 quam

337 3933 529 3989 multis
568 3933 814 3988 versibus
845 3934 1100 4001 absolvit,
1131 3933 1234 3988 iste
1263 3943 1364 3988 est.
1395 3935 1663 4006 Deinceps
1694 3953 1821 3992 vero
1852 3939 1934 3992 vi-

335 4020 564 4077 deamus
612 4022 860 4093 singulas
909 4023 1099 4078 ordine
1147 4023 1462 4078 dictiones:
1526 4047 1546 4073 ιι
1579 4010 1773 4080 Nonne
1811 4041 1934 4082 sum

336 4112 664 4181 apostolus?
715 4132 740 4158 ιι
808 4113 882 4164 Ne
921 4111 1041 4182 quis
1091 4111 1165 4165 illi
1196 4111 1364 4179 dicat,
1396 4114 1521 4167 Non
1555 4113 1681 4168 licet
1713 4115 1837 4180 tibi,
1872 4130 1935 4170 ac

339 4207 625 4271 propterea
678 4214 790 4252 non
838 4199 1042 4268 accipis
1089 4218 1101 4254 :
1149 4200 1320 4269 Quid,
1354 4201 1550 4271 inquit,
1588 4201 1804 4258 audio?
1833 4218 1938 4257 an-

338 4303 449 4342 non
477 4286 563 4341 alii
588 4287 822 4356 apostoli
850 4287 1170 4357 accipiunt?
1196 4291 1313 4352 Nae,
1346 4289 1541 4361 inquit.
1575 4291 1722 4362 Quid
1744 4291 1938 4364 igitur?

357 4376 524 4446 170
564 4377 759 4431 Nonne
786 4391 889 4448 ego
917 4391 1040 4431 sum
1073 4379 1392 4448 apostolus?
1413 4379 1465 4434 id
1491 4387 1592 4446 est,
1621 4379 1848 4450 perinde
1875 4396 1939 4436 ac

345 4465 479 4520 illia
503 4467 698 4520 Nonne
726 4481 849 4520 sum
878 4464 1014 4522 liber
1041 4469 1064 4522 Ρ
1089 4489 1113 4514 υ
1143 4465 1247 4522 hoc
1267 4475 1369 4532 est,
1385 4470 1509 4523 Non
1542 4467 1718 4524 habeo
1743 4484 1936 4541 quem-

2043 3488 2252 3561 σχύνειν
2303 3485 2536 3540 ἐντεῦθεν
2598 3481 2687 3541 τὸν
2739 3483 2954 3542 Παῦλον
3003 3479 3404 3560 μηχανώμενοι.
3463 3474 3645 3559 ⁸Οπερ

2045 3571 2199 3638 αὐτὸς
2231 3574 2458 3645 ⁸συνεὶς,
2492 3571 2802 3651 ἀπέσχετο,
2856 3573 2927 3637 ὣς
2971 3561 3158 3642 εἶπον,
3208 3574 3301 3628 τοῦ
3345 3569 3493 3649 παρὰ
3540 3571 3644 3626 τῶν

2045 3664 2295 3737 μαθητῶν
2325 3661 2640 3742 τρέφεσθαι,
2674 3663 2846 3720 καίτοι
2893 3658 3254 3738 συγχωρηθεῖς
3280 3663 3463 3718 τοῦτο.
3494 3656 3645 3734 Ἐγὼ

2046 3749 2174 3827 μὲν,
2243 3749 2432 3830 φησὶν,
2506 3749 2671 3815 οὕτως
2720 3773 2732 3786 ·
2790 3751 2938 3824 ὑμεῖς
2992 3750 3046 3807 δὲ
3105 3747 3221 3808 οὐδὲ
3282 3747 3642 3806 εἰδωλοθύτων

2047 3838 2334 3919 ἀπέχεσθε.
2372 3839 2439 3899 Ἡ
2471 3839 2565 3916 μὲν
2609 3830 2700 3897 οῦν
2733 3838 2938 3897 διάνοια
2986 3847 3137 3896 πᾶσα
3167 3844 3258 3896 τοῦ
3302 3837 3458 3913 λόγου
3509 3835 3644 3909 αὕτη

2045 3930 2216 4000 ἐστὶν,
2248 3928 2313 3998 ἣν
2363 3927 2451 3986 διὰ
2499 3930 2710 3986 πολλῶν
2757 3931 3034 4006 ἐργάζεται
3088 3927 3322 4007 στίχων
3371 3925 3558 3985 λοιπὸν
3591 3925 3646 3986 δὲ

2044 4017 2241 4093 ἴδωμεν
2274 4019 2362 4075 καὶ
2407 4017 2640 4086 ἑκάστην
2688 4015 2823 4085 λέξιν
2855 4042 2867 4054 ·
2897 4045 2919 4068 α
2952 4019 3072 4078 Οὐκ
3106 4015 3214 4094 εἰμὶ
3262 4015 3586 4090 ἀπόστολος;
3622 4041 3646 4067 ι

2042 4104 2160 4164 Ἵνα
2194 4106 2268 4181 μή
2315 4130 2391 4172 τις
2421 4105 2543 4182 εἴπῃ
2577 4107 2754 4186 αὐτῷ,
2782 4104 2862 4164 ὅτι
2896 4108 3014 4166 Οὔκ
3057 4105 3225 4174 ἔξεστί
3256 4128 3340 4163 σοι
3367 4149 3382 4176 ,
3415 4105 3510 4164 καὶ
3555 4102 3642 4163 διὰ

2045 4200 2197 4252 τοῦτο
2241 4197 2301 4253 οὖ
2349 4193 2640 4264 λαμϐάνεις
2695 4213 2710 4229 ⁸
2744 4195 2945 4276 φησὶν,
2994 4192 3076 4254 ὅτι
3125 4197 3286 4266 Πῶς;
3326 4194 3432 4276 Μὴ
3485 4193 3638 4252 ἄλλοι

2049 4284 2335 4343 ἀπόστολοι
2368 4286 2424 4344 οὗ
2451 4275 2826 4360 λαμϐάνουσι,
2864 4285 2992 4359 Ναὶ,
3020 4286 3172 4367 φησί.
3197 4284 3270 4345 Τί
3292 4275 3411 4358 οὖν;
3443 4311 3467 4339 ι
3493 4281 3642 4362 Ἐγὼ

2049 4375 2144 4430 οὐκ
2185 4372 2294 4450 εἰμὶ
2326 4373 2653 4448 ἀπόστολος;
2696 4402 2717 4426 ι
2748 4373 3070 4448 Τουτέστιν,
3109 4378 3180 4440 ὡς
3221 4375 3432 4434 ἐκεῖνοι.
3468 4400 3490 4426 ι
3525 4375 3644 4433 Οὔκ

2049 4460 2160 4538 εἰμὶ
2193 4464 2496 4542 ἐλεύθερος;
2535 4490 2557 4515 ι
2604 4464 2863 4523 Τουτέστι
2889 4511 2906 4541 ,
2961 4463 3060 4534 Μὴ
3091 4461 3203 4542 ἔχω
3251 4461 3370 4522 τινὰ
3415 4463 3504 4523 τὸν
3539 4487 3646 4520 κω-

344 4571 537 4626 quam,
587 4554 682 4627 qui
715 4571 804 4611 me
823 4556 1070 4626 accipere
1114 4556 1396 4628 impediat.
1443 4559 1525 4613 Ne
1553 4574 1683 4614 vero
1712 4575 1931 4614 rursum

2045 4549 2236 4609 λύοντά
2269 4576 2334 4628 με
2374 4553 2583 4614 λαϐεῖν.
2615 4551 2737 4612 Ἵνα
2770 4551 2825 4612 δὲ
2863 4556 3024 4613 πάλιν
3069 4551 3143 4628 μὴ
3178 4553 3432 4623 εἴπωσιν,
3485 4549 3567 4610 ὅτι
3597 4553 3645 4610 οἱ

2591 4643 2772 4650 -.μ
3031 4633 3205 4650 μ..-
3332 4641 3497 4650 .--,

343 4643 603 4711 dicerent,
645 4645 752 4700 Alii
793 4645 1031 4715 apostoli
1061 4655 1115 4701 te
1145 4655 1273 4701 sunt
1323 4647 1752 4716 excellentiores,
1793 4665 1933 4722 quo-

338 4732 492 4788 niam
523 4733 822 4788 Dominum
852 4733 1130 4803 viderunt,
1161 4735 1239 4790 ait
1267 4739 1290 4768 °
1321 4755 1333 4791 :
1371 4760 1395 4785 «ι
1416 4738 1611 4792 Nonne
1628 4738 1934 4794 Dominum

337 4830 594 4877 nostrum
653 4823 844 4876 Jesum
886 4821 1164 4879 Christum
1216 4824 1362 4880 vidi?
1415 4829 1703 4882 Postremo
1786 4827 1934 4884 enim

339 4909 615 4979 omnium,
645 4918 912 4981 tanquam
964 4912 1230 4980 abortivo,
1283 4914 1431 4970 visus
1485 4923 1571 4971 est
1599 4925 1653 4971 et
1682 4915 1846 4972 mihi.
1905 4940 1930 4965 ιι

336 5001 603 5070 Magnum
675 4999 828 5055 enim
876 5008 994 5054 erat
1042 5002 1246 5058 Cbristi
1303 5003 1470 5059 fuisse
1526 4999 1928 5076 spectatores‘.

343 5108 373 5141 ι(
403 5089 582 5144 Vestri
616 5089 788 5158 enim,
821 5112 844 5138 ο
875 5089 1054 5160 inquit
1076 5131 1092 5158 ,
1127 5115 1151 5139 ει
1181 5091 1322 5147 beati
1355 5093 1520 5164 oculi,
1549 5095 1807 5165 quoniam
1846 5095 1934 5151 vi-

335 5177 480 5235 detis
517 5193 643 5248 qua:
681 5194 793 5234 non
823 5177 1078 5234 viderunt
1099 5180 1378 5252 prophetae
1397 5192 1452 5237 et
1482 5199 1654 5254 reges.
1693 5207 1718 5232 ν

411 5290 437 5316 ιι
469 5268 665 5324 Nonne
703 5284 841 5340 opus
871 5285 1057 5324 meum
1105 5285 1201 5325 vos
1247 5271 1376 5326 estis
1412 5271 1466 5326 in
1498 5273 1790 5329 Domino?
1817 5298 1842 5323 ν
1875 5274 1930 5330 Si

336 5357 473 5412 liber
498 5373 557 5413 es
603 5365 658 5412 et
705 5358 1166 5428 apostolus,nihil
1199 5369 1385 5416 autem
1413 5361 1634 5417 interim
1683 5363 1932 5434 apostolo

335 5445 562 5516 dignum
600 5446 935 5518 transegisti,
966 5447 1093 5518 quid
1117 5447 1222 5504 hoc
1265 5448 1472 5521 juvat?
1501 5467 1631 5507 nam
1681 5459 1738 5506 et
1765 5452 1936 5508 Judas

407 5538 432 5572 ιι
468 5541 668 5594 Matth.
701 5556 764 5608 χ,
799 5547 882 5595 10.
960 5542 1171 5597 °ICor.
1207 5557 1314 5611 xv,
1358 5550 1442 5598 18.

2045 4640 2197 4700 ἄλλοι
2231 4643 2520 4700 ἀπόστολοι
2550 4643 2707 4702 πλέον
2745 4643 2953 4724 ἔχουσιν
2973 4689 2988 4715 ,
3023 4642 3105 4702 ὅτι
3135 4633 3269 4702 εἶδον
3300 4642 3385 4700 τὸν
3419 4641 3644 4721 Κύριονο

2044 4730 2225 4809 φησὶν,
2259 4731 2338 4789 ὅτι
2370 4761 2391 4782 ιι
2411 4731 2552 4811 Οὐχὶ
2575 4732 2791 4804 Ἰησοῦν
2823 4733 2910 4790 τὸν
2946 4731 3138 4812 Κύριον
3170 4735 3323 4808 ἡμῶν
3346 4732 3591 4810 ἑώρακα;
3617 4757 3642 4783 ιι

2045 4848 2152 4870 -ιι
2171 4819 2446 4899 Ἕσχατον
2459 4820 2561 4899 γὰρ
2579 4824 2790 4881 πάντων
2803 4822 3030 4901 ὡσπερεί
3051 4847 3127 4902 τῳ
3149 4819 3474 4901 ἐκτρώματι,
3495 4819 3644 4901 ὤφθη

2043 4909 2228 4987 κάμοί.
2262 4936 2285 4961 υ
2335 4909 2493 4986 Μέγα
2523 4909 2626 4991 γὰρ
2668 4903 2732 4984 ἦν
2777 4911 2878 4990 τὸ,
2928 4912 3193 4978 αὐτόπτας
3236 4910 3479 4988 γενέσθαι
3514 4913 3646 4990 Χρι-

2042 5003 2190 5057 στοῦ.
2227 5024 2248 5049 α
2274 4996 2461 5076 Ὑμῶν
2491 4999 2592 5079 γὰρ
2613 5046 2628 5073 ,
2649 5027 2678 5081 3
2708 4999 2874 5081 φησὶ,
2905 5022 2934 5058 ι)
2982 5001 3237 5080 μακάριοι
3269 5004 3316 5059 οἱ
3350 5001 3640 5080 ὀφθαλμοὶ,

2045 5085 2124 5146 ὅτι
2159 5088 2381 5168 βλέπετε
2409 5089 2442 5146 ἃ
2486 5093 2579 5149 οὐκ
2626 5079 2761 5150 εἶδον
2793 5093 2841 5149 οἱ
2889 5079 3163 5173 προφῆται
3192 5089 3284 5149 καὶ
3319 5079 3577 5169 βασιλεῖς.
3617 5114 3640 5140 ι

2126 5296 2147 5319 α
2176 5271 2256 5327 Οὐ
2305 5268 2365 5326 τὸ
2409 5267 2556 5348 ἔργον
2606 5292 2707 5345 μου
2765 5272 2915 5345 ὑμεῖς
2967 5269 3082 5329 ἐστε
3141 5271 3194 5328 ἐν
3241 5269 3454 5348 Κυρίῳς
3493 5296 3517 5320 ιι
3578 5270 3644 5328 Εἴ

2041 5355 2307 5438 ἐλεύθερος
2354 5349 2436 5432 εἶ,
2481 5357 2572 5418 καὶ
2615 5358 2909 5426 ἀπόστολος
2936 5406 2952 5433 ,
3003 5359 3152 5420 οὐδὲν
3198 5357 3253 5418 δὲ
3293 5357 3562 5426 ἐπέδειξας
3590 5357 3641 5394 ⁹⁹

2044 5444 2193 5525 ἔργον
2225 5454 2316 5507 τοῦ
2351 5448 2683 5524 ἀποστόλου,
2711 5449 2764 5507 τί
2813 5456 3001 5526 τοῦτο,
3035 5448 3147 5511 Καὶ
3186 5447 3288 5531 γὰρ
3318 5449 3410 5508 καὶ
3438 5446 3644 5515 Ἰούδας

1520 5537 1756 5601 ‘Matth.
1793 5561 1940 5614 xm,
1985 5553 2069 5602 15.

1723 5625 1911 5684 Varia:
1955 5629 2258 5692 lectiones.

408 5733 450 5765 ⁸⁸
482 5735 726 5803 σωτηρίαν
754 5735 910 5789 αὐτῶν
945 5755 1020 5793 In.

1097 5738 1140 5771 39
1169 5739 1606 5802 διαλαζονεύεσθαι
1637 5757 1687 5799 0.
1763 5741 1809 5775 θθ
1843 5741 2074 5806 ἐπεδείξω
2103 5761 2157 5802 0.
