4090 6416
424 464 530 518 665

1307 458 1664 516 EXPOSITIO
1705 459 1770 515 ΙΝ
1808 457 2020 514 EPIST.
2061 456 2083 513 Ι
2119 456 2213 512 AD
2250 454 2408 511 COR.
2443 485 2511 494 —
2551 453 2702 510 CAP.
2746 454 2830 509 IX.

3620 455 3726 508 666

421 589 716 657 ἀπόστολος
741 579 836 663 ἦν,
865 588 957 649 καὶ
985 588 1074 648 τὸν
1100 587 1297 669 Κύριον
1329 586 1555 668 ἑώρακε.
1594 585 1698 648 Διὰ
1725 591 1881 646 τοῦτο
1920 575 2010 644 οὖν

2125 581 2404 654 apostolus
2424 589 2562 647 erat,
2587 589 2642 638 et
2682 579 2989 636 Dominum
3022 579 3324 651 conspexit.
3353 580 3511 635 Hanc
3541 579 3726 652 itaque

420 701 554 759 φησι
587 703 601 717 ·
647 706 671 730 ι
702 680 782 740 Τὸ
817 678 969 758 ἔργον
999 703 1102 755 μου
1132 681 1283 758 ὑμεῖς
1330 680 1471 738 ἐστε.
1509 701 1540 734 n
1571 673 1742 738 Ὥστε
1787 678 2022 759 ἀποστο-

419 757 576 840 λικὴν
627 757 899 828 διακονίαν
959 767 1269 849 ἐπλήρωσα.
1341 767 1501 828 Ἐπεὶ
1552 766 1607 826 δὲ
1670 763 1810 844 μέγα
1863 757 1978 824 εἷπε
2003 809 2020 838 ,

421 855 753 936 προσέθηκεν
785 877 800 893 ⁸
847 886 874 911 ι
905 857 1003 920 Ἐν
1049 857 1234 939 Κυρίῳ
1257 881 1270 895 ·
1315 885 1340 908 ιι
1372 856 1677 930 τουτέστιν,
1718 857 1837 916 Οὖκ
1868 857 1920 914 ἐν

422 949 528 1027 ἐμῇ
558 947 810 1022 δυνάμει,
855 947 994 1007 ἀλλὰ
1130 955 1222 1008 τοῦ
1257 945 1476 1026 Κυρίου.

506 1064 529 1088 ι
562 1039 631 1098 Εἰ
679 1037 859 1103 ἄλλοις
912 1037 1006 1097 οὐκ
1054 1037 1166 1116 εἰμὶ
1220 1036 1511 1102 ἀπόστολος
1536 1080 1553 1112 ,
1603 1035 1743 1095 ἀλλά
1790 1058 1849 1113 γε
1895 1037 2020 1112 ὑμῖν

423 1129 554 1203 εἶμι.
583 1147 613 1184 n
654 1127 737 1187 Οὐ
792 1125 964 1205 λέγω,
1003 1123 1084 1185 ὅτι
1121 1129 1234 1199 Τῆς
1287 1123 1600 1203 οἰκουμένης
1659 1124 1875 1196 ἀπάσης
1909 1123 2020 1200 εἰμὶ

420 1215 767 1287 διδάσκαλος,
807 1217 952 1288 ἀλλ’,
989 1216 1174 1292 Ὗμῶν
1223 1217 1318 1275 οὖκ
1348 1215 1461 1291 εἰμὶ
1492 1214 1840 1287 διδάσκαλοςς
1887 1215 2015 1280 Πῶς

420 1296 512 1366 οὖν
553 1307 648 1365 οὐκ
694 1303 888 1365 ἔλαϐον
931 1307 1059 1385 παρ’
1109 1307 1291 1382 ὑμῶν,
1323 1307 1454 1382 παρ’
1477 1295 1550 1364 ῶν
1579 1304 1813 1381 μάλιστα
1856 1305 2018 1384 ἐχρῆν

422 1417 490 1473 με
514 1393 697 1454 λαϐεῖν
713 1413 730 1470 ;
763 1394 917 1456 Κατὰ
938 1393 1278 1475 συγχώρησιν
1307 1392 1362 1453 δὲ
1391 1392 1569 1468 τίθησι
1597 1393 1684 1454 τὸν
1713 1392 1892 1473 λόγον.
1971 1387 1974 1390 ’

505 1601 529 1626 αι
561 1573 630 1634 Ἦ
673 1573 778 1653 γὰρ
817 1573 1043 1654 σφραγὶς
1071 1577 1165 1646 τῆς
1197 1576 1327 1651 ἐμῆς
1358 1574 1658 1646 ἀποστολῆς
1677 1617 1694 1645 ,
1723 1576 1872 1650 ὑμεῖς
1902 1575 2021 1632 ἕστε

428 1665 482 1722 ἐν
517 1662 720 1744 Κυρίῳ.
755 1691 779 1717 υ
824 1661 1146 1735 Τουτέστιν,
1187 1670 1221 1736 ἡ
1264 1661 1544 1731 ἀπόδειξις.
1601 1664 1721 1724 Κᾶν
1765 1661 2022 1742 βούληταί

422 1776 504 1819 τις
534 1757 718 1828 μαθεῖν
749 1751 900 1828 εἴπερ
928 1752 1034 1828 εἰμὶ
1064 1752 1358 1819 ἀπόστολος
1379 1797 1395 1824 ,
1439 1755 1578 1827 ὑμᾶς
1607 1751 1845 1826 δείκνυμι
1873 1776 1886 1790 ·
1930 1753 2022 1812 καὶ

2131 671 2204 728 ob
2227 687 2365 738 rem,
2392 671 2590 744 inquit,
2622 694 2644 719 ι
2678 671 2833 741 Opus
2852 684 3043 725 meum
3071 684 3170 724 vos
3211 668 3360 725 estis.
3395 692 3420 718 ιι
3440 669 3725 740 Apostoli-

2129 776 2260 817 cum
2287 761 2469 832 itaque
2506 758 2870 816 ministerium
2903 757 3146 829 implevi.
3179 758 3319 830 Quia
3340 773 3468 812 vero
3505 773 3620 814 rem
3647 772 3726 814 ar-

2130 849 2299 906 duam
2328 848 2491 918 dixit,
2521 848 2738 921 adjecit,
2777 866 2806 899 α
2831 851 2892 903 In
2938 847 3184 918 Domino
3215 865 3232 916 ;
3266 869 3290 895 ιι
3319 845 3427 904 hoc
3453 855 3556 915 est,
3600 848 3727 904 Non

2131 955 2254 996 mea
2293 939 2512 1007 virtute,
2556 937 2654 994 sed
2695 937 2935 994 Domini.

2200 1031 2384 1086 Vsus.
2418 1034 2468 1084 2.
2506 1051 2531 1078 α
2561 1028 2616 1084 Si
2653 1028 2776 1084 aliis
2804 1043 2917 1083 non
2937 1043 3064 1083 sum
3090 1027 3370 1098 apostolus
3391 1068 3407 1096 ,
3435 1027 3592 1092 vobis
3636 1036 3726 1085 ta-

2130 1135 2258 1176 men
2293 1135 2439 1176 sum.
2467 1141 2493 1168 ιι
2525 1120 2650 1174 Non
2679 1117 2802 1174 dico
2822 1132 2912 1173 me
2938 1117 3116 1173 totius
3142 1123 3416 1172 terrarum
3441 1117 3594 1174 orbis
3609 1133 3728 1176 esse

2128 1210 2438 1274 doctorem,
2461 1207 2576 1275 sed,
2607 1211 2810 1264 Annon
2821 1215 3000 1263 vester
3025 1222 3152 1263 sum
3177 1215 3482 1279 praeceptor
3504 1207 3726 1281 PQuare

2126 1297 2290 1371 igitur
2315 1314 2346 1354 a
2368 1297 2522 1354 vobis
2550 1313 2660 1352 non
2690 1297 2897 1368 accepi,
2924 1312 2955 1352 a
2984 1296 3188 1369 quibus
3236 1296 3476 1352 maxime
3507 1312 3596 1352 me
3622 1312 3723 1354 ac-

2127 1389 2309 1460 cipere
2331 1387 2622 1459 oportuit?
2649 1390 2755 1444 Per
2780 1387 3197 1444 concessionem
3222 1395 3405 1443 autem
3435 1402 3728 1460 argumen-

2129 1485 2250 1536 tum
2277 1479 2443 1535 texit.

2206 1591 2228 1615 σ
2260 1566 2511 1640 Sigillum
2544 1567 2690 1623 enim
2720 1566 3062 1638 apostolatus
3090 1566 3198 1621 mei
3229 1581 3328 1622 vos
3364 1566 3493 1622 estis
3521 1567 3577 1622 in
3621 1569 3730 1624 Do-

2127 1657 2304 1714 mino.
2339 1681 2364 1706 »
2393 1659 2512 1713 Hoc
2541 1665 2646 1724 est,
2675 1655 3100 1712 demonstratio.
3133 1657 3306 1711 Porro
3329 1656 3377 1711 si
3419 1657 3546 1728 quis
3575 1659 3720 1714 scire

2129 1747 2279 1815 velit,
2319 1763 2454 1803 num
2497 1747 2602 1802 sim
2629 1745 2927 1817 apostolus,
2963 1760 3061 1800 vos
3102 1744 3358 1802 ostendo.
3412 1747 3525 1802 Vos
3574 1749 3725 1806 enim

422 1841 574 1917 ὓμεῖς
615 1845 734 1901 ἔστε
787 1845 836 1902 οἱ
881 1841 1256 1922 σφραγίζοντες
1298 1837 1393 1900 καὶ
1441 1841 1872 1908 ἐπιϐεϐαιοῦντες
1925 1843 2019 1914 τὴν

432 1932 450 1950 ,
505 1931 520 1950 ι
605 1933 621 1950 ,
795 1933 812 1950 ς
845 1929 860 1950 ι
977 1931 1064 1950 ηρ
1249 1930 1262 1950 ι
1403 1931 1426 1950 ε.
1553 1933 1568 1950 .
1633 1929 1647 1950 ι
1747 1932 1767 1950 κ
1897 1931 1920 1950 ν

2130 1838 2260 1895 estis
2338 1837 2433 1909 qui
2505 1835 2847 1908 consignatis
2917 1843 2973 1890 et
3045 1833 3301 1889 stabilitis
3358 1837 3724 1906 apostolatum

2131 1944 2311 1950 _.__--...
2350 1945 2362 1950 _
2394 1935 2580 1950 --._-s-
2607 1940 2842 1950 ..-κη-...ι
2865 1923 3095 1950 an--s.\|:
3125 1939 3285 1950 Ann-nn
3317 1923 3541 1950 :..-...L:..
3577 1941 3696 1950 -.-μ

424 1931 560 2003 ἐμὴν
591 1929 917 2002 ἀποστολήν.
975 1931 1166 1991 Πάντα
1205 1930 1342 2010 γὰρ,
1396 1931 1495 1991 ὅσα
1539 1929 1837 1998 ἀπόστολος
1891 1931 2019 2012 ἔργα

426 2019 509 2100 [λ’.
539 2018 637 2078 ὅσα
668 2019 965 2080 ἀποστόλου
991 2023 1118 2101 ἔργα
1137 2065 1154 2097 ,
1188 2021 1211 2100 ]
1242 2023 1296 2079 ἐν
1322 2024 1446 2097 ὑμῖν
1482 2019 1838 2096 ἐνεδειξάμην.

503 2135 527 2161 ι
593 2108 660 2170 Ἣ
705 2109 808 2188 ἐμὴ
844 2109 1106 2188 ἀπολογία
1154 2118 1263 2178 τοῖς
1309 2109 1404 2188 ἐμὲ
1457 2110 1823 2189 ἀνακρίνουσιν
1881 2108 2016 2184 αὕτη

426 2199 562 2260 ἐστί.
589 2226 614 2252 ιι
642 2201 770 2266 Τοῖς
813 2201 1027 2270 ζητοῦσι
1055 2205 1263 2277 μαθεῖν,
1294 2199 1454 2259 πόθεν
1484 2200 1644 2270 δῆλον
1675 2200 1756 2259 ὅτι
1787 2199 2021 2260 ἀπόστο-

419 2287 510 2355 λός
540 2290 682 2367 εἶμι,
711 2287 913 2360 ταύτην
937 2288 1227 2366 ἀπολογίαν
1257 2287 1638 2368 προϐάλλομαι
1674 2306 1687 2319 ’
1722 2287 2018 2369 τουτέστιν,

418 2375 614 2455 Ὑμᾶς⁸
646 2377 911 2438 Δεικνύων
950 2377 1053 2457 γὰρ
1088 2380 1228 2456 sua;
1270 2378 1450 2438 πάντα
1500 2377 1629 2457 παρ’
1671 2380 1800 2456 ἐμοῦ
1849 2383 2021 2458 μαθηο

416 2465 694 2536 τευθέντας
710 2514 727 2542 ,
754 2467 1123 2548 ἀποκρούομαι
1149 2467 1269 2534 τοὺς
1296 2466 1692 2548 ἀνακρίνοντας.

508 2579 537 2613 ι
566 2557 664 2630 Μὴ
697 2559 793 2617 οὐκ
821 2556 866 2593 ⁹¹
904 2557 1098 2639 ἔχομεν
1141 2556 1380 2626 ἐξουσίαν
1431 2565 1616 2639 φαγεῖν
1656 2556 1748 2616 καὶ
1781 2561 1957 2636 πιεῖν;
1993 2585 2016 2612 ιι

415 2645 718 2722 Τουτέστι,
772 2646 918 2726 παρὰ
971 2649 1076 2706 τῶν
1121 2651 1376 2723 μαθητῶν
1421 2645 1694 2714 λαϐόντες.
1751 2645 1863 2708 Καὶ
1911 2648 2018 2726 μὴν

418 2734 614 2816 ἔχομεν
640 2735 880 2806 ἐξουσίαν
902 2781 920 2811 ,
954 2737 1074 2798 ἀλλ’
1106 2739 1166 2796 οὗ
1187 2736 1447 2817 χρώμεθα
1469 2737 1666 2815 ταύτῃ.

500 2944 525 2968 ι
557 2916 651 2987 Μὴ
694 2921 788 2976 οὖκ
822 2917 1030 3002 ἔχομεν
1079 2914 1316 2986 ἐξουσίαν
1364 2915 1597 2998 ἀδελφὴν
1644 2917 1867 2996 γυναῖκα
1918 2941 2020 2977 πε-

415 3005 643 3085 ριάγειν,
671 3009 741 3074 ὡς
765 3009 859 3068 καὶ
891 3006 1066 3068 λοιποὶ
1100 3007 1420 3079 ἀπόστολοι,
1462 3006 1553 3065 καὶ
1588 3009 1636 3065 οἱ
1681 3007 1895 3088 ἀδελφοὶ
1927 3013 2020 3067 τοῦ

410 3093 621 3175 Κυρίου
643 3141 660 3169 ,
707 3098 798 3158 καὶ
843 3101 1075 3179 Κηφᾶςῖ
1111 3124 1134 3148 »
1166 3098 1242 3156 Αἱ
1265 3093 1482 3176 εὔποροι
1511 3105 1750 3174 γυναῖκες
1800 3097 2021 3168 ἠκολού-

413 3190 539 3246 θουν
591 3189 700 3254 τοῖς
753 3189 1108 3257 ἀποστόλοις,
1150 3190 1485 3267 χορηγοῦσαι
1533 3187 1710 3254 αὐτοῖς
1756 3187 1824 3246 τὰ
1854 3191 2018 3266 ἀναγο
2049 3223 2096 3288 c

412 3281 544 3334 καῖα
570 3319 588 3350 ,
637 3275 728 3334 καὶ
757 3285 938 3337 πᾶσαν
974 3274 1298 3356 ἀμεριμνίαν
1341 3274 1429 3333 ἐπὶ
1473 3274 1674 3344 τούτοις
1713 3277 2015 3355 περιποιούο

413 3388 608 3442 μεναι,
664 3363 802 3426 ὥστε
865 3366 1013 3448 μόνῳ
1056 3369 1133 3446 τῷ
1181 3363 1487 3442 κηρύγματι
1531 3363 1718 3432 αὐτοὺς
1776 3369 2018 3448 ἀπησχο-

411 3455 634 3526 λῆσθαι.
661 3452 812 3537 Ὅρα
833 3456 911 3530 δὲ,
942 3456 1022 3516 ὅτι
1042 3455 1132 3516 τὸν
1156 3461 1470 3535 κορυφαῖον,
1505 3456 1733 3532 ἔσχατον
1763 3454 2017 3531 τέθεικεν,

413 3547 485 3611 ὡς
516 3544 733 3622 μείζονα
765 3569 780 3585 ο
826 3553 984 3607 τοῦτο
1012 3545 1064 3582 9³
1115 3544 1479 3621 αἰνιττόμενος
1508 3567 1522 3580 ⁸
1580 3543 1688 3604 Καὶ
1738 3544 1824 3618 τί,
1858 3546 2018 3626 φησὶ,

412 3633 536 3702 τοὺς
590 3635 781 3704 ἄλλους
838 3634 1010 3715 λέγω;
1072 3634 1240 3702 Αὐτὸς
1311 3637 1341 3693 ὁ
1394 3633 1593 3715 Πέτρος
1643 3638 1798 3693 τοῦτο
1851 3637 2015 3698 ποιεῖ.

413 3721 692 3806 Ἀδελφοὺς
741 3724 797 3785 δὲ
847 3732 940 3786 τοῦ
985 3726 1184 3804 Κυρίου
1227 3724 1389 3804 φησὶ,
1437 3723 1526 3783 τὸν
1575 3722 1874 3798 Ἰάκωϐον,
1927 3724 2019 3784 τὸν

419 3811 804 3892 Ἱεροσολύμων
855 3815 1181 3885 ἐπίσκοπον,
1224 3811 1316 3872 καὶ
1361 3811 1588 3886 Ἰωσῆν,
1619 3813 1710 3871 καὶ
1761 3811 2018 3889 Σίμωνα,

425 3903 516 3962 καὶ
547 3901 754 3964 Ἰούδαν
781 3927 794 3942 ο
839 3903 890 3963 οἳ
936 3905 1154 3984 ἀδελφοὶ
1198 3901 1592 3976 ὠνομάσθησαν
1635 3906 1726 3961 τοῦ
1777 3901 2014 3983 Κυρίου,

420 3991 510 4054 διὰ
542 3992 637 4064 τὴν
665 3994 797 4077 πρὸς
821 3993 918 4067 τὴν
943 3995 1209 4055 Θεοτόκον
1239 3997 1330 4053 τοῦ
1363 3991 1564 4072 Ἰωσὴφ
1597 3992 1909 4069 μνηστείαν.

500 4110 526 4136 ιι
557 4079 631 4144 Ἣ
657 4083 816 4160 μόνος
837 4083 942 4163 ἐγὼ
972 4084 1065 4142 καὶ
1095 4081 1382 4161 Βαρνάϐας
1413 4084 1506 4140 οὐκ
1532 4082 1724 4160 ἔχομεν
1755 4082 2015 4164 [τούτου]

416 4170 658 4240 ἐξουσίαν
693 4179 788 4232 τοῦ
821 4173 898 4250 μὴ
925 4175 1277 4254 ἐργάζεσθαι;
1322 4197 1347 4223 ι
1381 4172 1432 4230 Τ
1435 4170 1706 4244 ουτέστιν,
1739 4173 1856 4232 Οὖκ
1889 4171 2013 4252 ἔχο-

413 4285 514 4338 μεν
559 4261 802 4332 ἐξουσίαν
833 4268 923 4322 τοῦ
953 4266 1127 4341 ἀργῶς
1170 4261 1223 4299 ⁸³
1266 4263 1402 4337 ζῇν,
1454 4260 1546 4319 καὶ
1587 4267 1680 4319 τοῦ
1732 4261 2016 4344 τρέφεσθαι

409 4351 561 4431 παρὰ
594 4356 696 4411 τῶν
731 4350 1202 4430 μαθητευομένων,
1255 4350 1420 4428 μηδὲν
1472 4351 1843 4429 ἐργαζόμενοι;
1893 4353 2014 4414 Οὐκ

411 4441 760 4524 ἀπεκρύψατο
788 4443 843 4502 δὲ
874 4442 962 4500 τὸν
1007 4441 1333 4520 Βαρνάϐαν,
1385 4438 1442 4500 ὃν
1494 4441 1609 4521 ᾔδει
1663 4447 2010 4503 κοινωνοῦντα

412 4531 557 4610 αὐτῷ
584 4535 678 4603 τῆς
702 4531 826 4611 περὶ
867 4537 1024 4592 τοῦτο
1047 4530 1098 4570 ⁹⁴
1133 4529 1408 4611 ἀκριϐείας
1443 4553 1457 4568 ο
1503 4533 1747 4598 κάκεῖνος
1776 4530 1880 4612 γὰρ
1932 4537 2012 4615 ἐρ.

406 4620 691 4699 γαζόμενος
722 4621 816 4695 ἔζη
827 4667 841 4681 .

490 4737 515 4762 ι
542 4712 640 4779 Τίς
669 4709 1015 4792 στρατεύεται
1061 4710 1208 4778 ἰδίοις
1255 4709 1500 4790 ὀψωνίοις
1546 4707 1716 4784 ποτέ,
1747 4735 1772 4760 ιο
1829 4710 2010 4768 Τουτ-

403 4799 547 4860 έστιν
566 4847 583 4874 ,
609 4802 756 4870 ἰδίοις
783 4801 1122 4882 σιτηρεσίοις.
1173 4799 1381 4867 Πάντες
1423 4799 1528 4880 γὰρ
1560 4802 1607 4858 οἱ
1638 4798 2012 4878 στρατευόμε-

407 4913 524 4962 νοι,
557 4891 662 4950 ἀπὸ
698 4897 790 4952 τοῦ
816 4890 1074 4967 δημοσίου
1125 4889 1431 4973 τρέφονται.
1489 4891 1685 4956 Καλῶς
1740 4888 1795 4948 δὲ
1829 4889 1888 4946 τὸ
1917 4893 2011 4947 τοῦ

407 4979 736 5060 στρατιώτου
788 4981 987 5041 τέθεικε
1039 4981 1319 5063 πρότερον.
1377 4983 1552 5042 Τοῦτο
1606 4979 1710 5060 γὰρ
1757 4979 2013 5059 ἅρμοδιον

407 5073 476 5149 τῇ
507 5072 823 5152 ἀποστολῇ,
861 5069 949 5132 διὰ
996 5068 1116 5138 τοὺς
1145 5074 1198 5131 ἐν
1249 5073 1384 5151 αὐτῇ
1437 5069 1738 5142 κινδύνους,
1786 5069 1876 5128 καὶ
1921 5069 2010 5128 τὸν

405 5159 642 5236 πόλεμον
673 5163 782 5219 τῶν
811 5163 1016 5233 νοητῶν
1050 5162 1284 5241 ἐχθρῶν.

489 5275 516 5305 α
542 5249 643 5317 Τίς
671 5248 883 5330 φυτεύει
915 5253 1212 5326 ἀμπελῶνα
1233 5294 1250 5323 ,
1286 5249 1378 5308 καὶ
1427 5250 1488 5308 ἐκ
1523 5255 1614 5308 τοῦ
1667 5254 1879 5329 καρποῦ
1909 5250 2012 5308 αὖ-

403 5345 499 5400 τοῦ
524 5341 622 5400 οὐκ
647 5339 843 5414 ἐσθίεις
873 5369 898 5394 ιι
933 5340 1038 5401 Διά
1068 5338 1256 5400 τούτου
1287 5345 1380 5399 τοῦ
1419 5339 1854 5420 παραδείγματος
1872 5384 1888 5411 ,
1920 5337 2010 5397 τὸν

407 5428 596 5502 πόνον,
627 5429 720 5489 καὶ
744 5428 842 5503 τὴν
870 5430 1078 5510 πολλὴν
1105 5427 1486 5510 ταλαιπωρίαν
1513 5474 1530 5502 ,
1568 5428 1660 5488 καὶ
1701 5430 2011 5506 ἐπιμέλειαν

413 5518 679 5601 ἐνέφηνεν.
709 5518 831 5580 Οὐκ
858 5508 974 5580 εἷπε
1001 5516 1086 5595 δὲ,
1115 5516 1286 5580 Ὅλον
1317 5508 1408 5581 τον
1431 5519 1635 5600 καρπὸν
1659 5518 1840 5592 laetu,
1863 5519 2008 5592 ἀλλ’,

2042 4494 2093 4558 D

2131 1944 2313 1984 meum
2349 1945 2362 1982 :
2389 1935 2582 1982 cuncta
2607 1940 2843 1998 namque
2864 1923 3096 1996 apostoli
3123 1939 3287 1996 opera
3317 1923 3376 1979 in
3389 1924 3543 1982 vobis
3573 1941 3728 1984 com-

2131 2016 2453 2074 monstravi.

2203 2109 2383 2164 Vnus.
2419 2113 2468 2162 3.
2520 2128 2546 2155 ι
2571 2108 2693 2162 Mea
2723 2104 2968 2162 defensio
2999 2121 3124 2178 erga
3149 2120 3243 2160 eos
3263 2105 3359 2175 qui
3382 2121 3468 2161 me
3488 2105 3724 2163 interro-

2129 2205 2282 2270 gant,
2331 2197 2451 2254 haec
2527 2204 2626 2253 est.
2674 2219 2699 2245 ιι
2766 2195 3156 2265 Quaerentibus
3185 2195 3395 2252 discere
3451 2195 3597 2252 unde
3654 2197 3726 2252 sit

2131 2288 2483 2360 perspicuum
2505 2301 2594 2342 me
2635 2286 2945 2358 apostolum
3000 2301 3139 2354 esse,
3190 2285 3331 2342 hanc
3411 2285 3724 2359 apologiam

2128 2376 2350 2448 objicio,
2379 2379 2494 2433 Vos
2523 2377 2808 2434 nimirum.
2836 2375 3143 2433 Ostendens
3165 2377 3314 2432 enim
3344 2393 3441 2433 vos
3471 2378 3529 2432 in
3549 2377 3727 2433 omni-

2128 2467 2233 2524 bus
2256 2484 2284 2522 a
2311 2483 2402 2523 me
2422 2467 2700 2524 institutos
2716 2483 2780 2522 ac
2806 2465 3022 2534 doctos,
3052 2467 3456 2538 interrogantes
3485 2466 3718 2538 repello.

2207 2561 2392 2614 Vsus.
2427 2563 2478 2614 4.
2542 2580 2566 2606 ι
2599 2555 2859 2628 Nunquid
2903 2571 3021 2612 non
3077 2555 3346 2612 habemus
3390 2564 3722 2627 potestatem

2128 2647 2325 2705 edendi
2357 2665 2420 2704 ac
2443 2646 2708 2705 bibendi?
2743 2645 3056 2702 uVidelicet
3105 2662 3134 2701 a
3169 2645 3453 2718 discipulis
3482 2645 3582 2702 ista
3631 2661 3724 2702 ac-

2127 2740 2409 2812 cipientes.
2462 2737 2632 2812 Atqui
2687 2737 2958 2794 habemus
3010 2745 3362 2810 potestatem,
3393 2751 3588 2793 verum
3659 2752 3724 2793 ea

2127 2847 2240 2887 non
2265 2830 2500 2888 utimur.

2199 2921 2386 2978 Vsns.
2411 2927 2463 2977 5.
2517 2944 2540 2970 ιι
2566 2923 2764 2977 Nonne
2805 2925 3132 2991 potestatem
3176 2917 3443 2974 habemus
3471 2933 3724 2974 sororem

2129 3011 2427 3068 mulierem
2447 3009 2914 3078 circumducendi,
2940 3009 3086 3066 sicut
3139 3017 3192 3065 et
3237 3008 3422 3066 caeteri
3451 3008 3723 3079 apostoli,

2128 3110 2187 3158 et
2211 3100 2410 3158 fratres
2432 3099 2685 3170 Domini,
2712 3109 2764 3156 et
2796 3099 3006 3173 Cephas
3031 3103 3054 3156 ?
3083 3123 3107 3147 ιο
3139 3099 3348 3154 Divites
3379 3097 3598 3154 feminae
3626 3113 3722 3153 co-

2128 3191 2470 3248 mitabantur
2519 3191 2830 3263 apostolos,
2863 3198 2924 3246 ut
2972 3189 3387 3262 suppeditarent
3422 3187 3499 3243 eis
3529 3202 3720 3243 neces-

2129 3281 2297 3349 saria,
2329 3296 2554 3337 omnem
2578 3281 2684 3336 illis
2711 3281 3058 3336 securitatem
3109 3276 3292 3350 quoad
3316 3279 3417 3334 ista
3445 3286 3725 3350 parantes,

2124 3379 2187 3427 ut
2233 3371 2333 3426 soli
2387 3371 2662 3443 Evangelii
2706 3369 3086 3442 pradicationi
3137 3376 3417 3424 vacarent.
3449 3365 3723 3424 Animad-

2125 3468 2275 3516 verte
2295 3467 2507 3527 autem,
2531 3459 2682 3532 quod
2710 3459 3091 3531 apostolorum
3118 3457 3479 3531 coryphaeum
3529 3457 3723 3514 ultimo

2125 3549 2246 3606 loco
2294 3550 2496 3622 posuit,
2547 3565 2648 3605 ceu
2703 3549 3012 3621 majorem:
3044 3547 3149 3602 hoc
3193 3547 3454 3614 inuuens,
3489 3545 3722 3620 Ecquid,

2127 3642 2320 3715 inquit,
2348 3642 2486 3698 alios
2513 3642 2680 3699 dico?
2707 3645 2830 3714 Ipse
2849 3644 3046 3697 Petrus
3067 3641 3174 3697 hoc
3193 3640 3338 3696 facit.
3371 3643 3596 3697 Fratres
3625 3657 3726 3696 au-

2125 3740 2238 3788 tem
2285 3731 2507 3788 Domini
2564 3731 2825 3804 appellat,
2877 3730 3147 3787 Jacobum
3201 3731 3721 3801 Hierosolymorum

2126 3821 2463 3893 episcopum,
2493 3829 2548 3876 et
2573 3823 2760 3888 Josen,
2819 3828 2876 3877 et
2913 3820 3219 3886 Simonem,
3263 3826 3320 3874 et
3363 3818 3586 3885 Judam,
3626 3819 3722 3890 qui

2125 3909 2321 3966 fratres
2351 3911 2577 3966 Domini
2602 3910 2873 3966 nominati
2893 3917 3039 3976 sunt,
3087 3909 3158 3965 ob
3206 3906 3428 3980 Josephi
3453 3923 3581 3963 cum
3612 3908 3721 3963 vir-

2125 3999 2248 4073 gine
2276 4002 2512 4071 Deipara
2541 3999 3038 4071 desponsationem.

2196 4091 2374 4147 Vens.
2401 4095 2455 4145 6.
2505 4109 2534 4143 α
2560 4096 2673 4146 Aut
2704 4090 2855 4145 solus
2881 4105 2982 4161 ego
3011 4097 3065 4143 et
3101 4088 3386 4144 Barnabas
3403 4104 3524 4144 non
3549 4086 3719 4144 habe-

2124 4195 2253 4235 mus
2283 4187 2610 4250 potestatem
2636 4178 2742 4235 hoc
2765 4178 3039 4236 faciendi?
3071 4202 3096 4226 ιι
3123 4181 3244 4234 Ηοο
3274 4186 3378 4246 est,
3409 4192 3520 4232 non
3559 4177 3720 4233 habe-

2124 4284 2251 4325 mus
2280 4277 2710 4341 potestatem,ut
2747 4269 2908 4326 otiosi
2928 4269 3196 4333 vivamus.
3227 4268 3386 4338 171
3410 4267 3721 4324 acnihilum

2123 4369 2437 4430 operantes,
2487 4359 2820 4431 adiscipulis
2845 4360 3121 4430 alamurl?
3167 4358 3480 4414 Barnabam
3535 4364 3722 4412 autem

2123 4465 2289 4522 quem
2335 4465 2527 4506 secum
2570 4449 2852 4522 diligentia
2887 4449 3033 4505 circa
3063 4449 3204 4504 hanc
3235 4463 3352 4504 rem
3401 4447 3721 4520 participem

2123 4547 2318 4608 norat,
2372 4539 2604 4596 minime
2649 4538 2955 4596 occultavit.
3017 4541 3158 4595 Nam
3213 4545 3270 4593 et
3317 4536 3405 4592 ille
3441 4535 3720 4608 operando

2120 4628 2417 4686 victitabat.

2192 4723 2378 4777 Vnus.
2409 4725 2442 4775 7
2455 4761 2469 4778 .
2497 4739 2526 4773 (ι
2557 4719 2689 4792 Quis
2711 4721 2906 4776 militat
2925 4717 3210 4792 stipendiis
3252 4716 3365 4773 suis
3387 4721 3674 4790 unquam?
3693 4739 3716 4764 υ

2119 4810 2248 4867 Hoc
2292 4819 2396 4877 est,
2428 4810 2542 4866 suis
2567 4810 2846 4868 alimentis
2870 4812 2892 4865 ?
2919 4811 3128 4866 Omnes
3157 4807 3302 4866 enim
3326 4807 3417 4880 qui
3453 4807 3717 4874 militant,

2120 4915 2150 4954 e
2187 4899 2407 4972 publico
2435 4900 2676 4956 aluntur.
2723 4899 2956 4956 Pulchre
3013 4908 3198 4956 autem
3245 4914 3365 4955 rem
3429 4898 3722 4954 militarem

2121 4989 2272 5061 prius
2301 4989 2505 5061 posuit.
2531 4991 2668 5047 Hac
2696 4991 2848 5046 enim
2884 4991 3196 5062 apostolicae
3224 4988 3494 5046 functioni
3531 5000 3724 5044 conve-

2119 5079 2222 5149 nit,
2257 5089 2481 5152 propter
2509 5080 2717 5137 bellum
2733 5080 3106 5153 spiritualium
3127 5078 3390 5136 hostium.

2196 5276 2222 5302 α
2270 5253 2408 5324 Quis
2446 5251 2660 5325 plantat
2716 5253 2958 5320 vineam,
3011 5259 3068 5307 et
3121 5250 3189 5306 de
3218 5248 3402 5306 fructu
3445 5249 3568 5321 ejus
3605 5263 3717 5304 non

2121 5343 2283 5402 edit?
2307 5368 2332 5392 ιι
2361 5346 2484 5400 Hoc
2499 5343 2752 5415 exemplo
2777 5341 3024 5398 laborem
3053 5348 3109 5396 et
3129 5340 3406 5411 ingentem
3431 5338 3719 5395 calamita-

2119 5442 2232 5490 tem
2262 5441 2426 5506 atque
2455 5449 2649 5488 curam
2679 5430 2956 5487 indicavit.
2982 5432 3105 5486 Non
3130 5429 3267 5486 dixit
3285 5435 3489 5492 autem,
3511 5429 3718 5484 Totum

2117 5522 2365 5581 fructum
2395 5522 2508 5580 edit
2535 5540 2547 5578 :
2588 5521 2708 5590 sed,
2736 5545 2762 5570 α
2800 5524 2882 5578 De
2901 5518 3113 5576 fructu.
3149 5541 3174 5568 υ
3206 5520 3396 5590 Neque
3421 5517 3579 5588 dixit,
3596 5517 3720 5590 quis

1813 5643 1999 5704 Variae
2044 5644 2350 5704 lectiones.

480 5771 520 5804 ⁹¹
550 5769 582 5837 ἢ
612 5769 699 5824 οὒκ
725 5786 802 5827 m.
879 5769 925 5805 ⁹²
949 5773 1128 5824 τοῦτον
1153 5785 1206 5827 o.
1281 5768 1327 5803 ⁸³
1352 5768 1626 5842 ἀργοῦντας
1656 5785 1708 5824 0.
1784 5767 1830 5804 “
1854 5769 2028 5823 τούτου
2048 5785 2103 5827 0.
