4090 6426
325 455 428 509 667

1340 453 1856 510 THEOPHYLACTI
1897 452 2258 511 BULGARIE
2293 455 2612 513 ARCHIEP.

3521 461 3622 515 668

316 593 428 636 non
472 576 688 635 ditescit
720 593 789 635 ex
818 577 1042 635 fructu?
1071 577 1186 645 sed,
1224 601 1249 628 α
1276 581 1403 636 Non
1432 579 1546 636 edit
1576 584 1600 635 P
1626 602 1651 629 ιο
1676 579 1877 653 ubique
1903 619 1917 644 ,

2052 579 2192 642 ιἘκ
2239 586 2332 642 τοῦ
2361 587 2592 662 καρποῦ.
2646 611 2671 636 υ
2704 581 2822 644 οὐδὲ
2877 574 3023 658 εἶπε,
3052 581 3150 652 Τίς
3196 583 3256 644 οὗ
3303 585 3524 644 πλουτεῖ
3566 587 3625 647 ἐκ

324 667 472 743 quod
520 665 593 725 ad
635 683 797 724 usum
842 676 899 724 et
942 667 1330 724 necessitatem
1377 668 1627 740 pertinet,
1672 685 1918 743 quaerere

323 760 652 823 admonens,
679 773 790 813 non
815 757 962 829 quod
984 759 1329 830 superﬂuum
1352 767 1453 814 est.

400 871 427 898 ι
460 847 595 918 Quis
625 847 795 920 pascit
823 863 1063 920 gregem,
1087 856 1142 902 et
1167 846 1391 903 delacte
1407 849 1526 921 ejus
1566 865 1680 905 non
1709 847 1864 904 edit?
1890 875 1914 900 ιι

321 941 450 996 Non
473 937 632 1002 dixit,
668 936 869 994 Vendit
890 937 1147 1008 pecudes,
1180 953 1340 994 easve
1365 936 1518 1005 edat,
1573 946 1670 994 aut
1696 941 1922 997 univer-

323 1044 449 1085 sum
474 1027 580 1092 lac,
613 1026 738 1096 sed,
773 1050 798 1075 α
827 1031 911 1084 De
938 1028 1114 1084 lacte:
1153 1051 1179 1077 ι
1221 1027 1515 1084 ostendens
1557 1028 1719 1086 nobis
1775 1029 1926 1103 quod

325 1117 542 1175 modica
561 1117 938 1173 consolatione
957 1117 1243 1174 doctorem
1268 1127 1597 1175 contentum
1619 1135 1735 1176 esse
1756 1136 1925 1192 opor-

328 1215 460 1275 teat,
491 1223 554 1264 ac
621 1207 927 1263 necessario
1013 1209 1180 1264 victu.
1273 1209 1377 1264 Per
1429 1217 1707 1280 pastorem
1774 1225 1923 1278 vero,

331 1313 589 1371 magnam
625 1311 818 1354 curam
866 1297 1130 1356 indicavit
1183 1313 1350 1372 quam
1405 1297 1695 1356 doctorem
1741 1315 1930 1372 gerere

226 1416 232 1421 -
334 1395 606 1461 oporteat.

400 1481 581 1535 Vens.
615 1483 672 1533 8.
716 1501 743 1528 ι
803 1477 1070 1550 Nunquid
1103 1477 1422 1534 secundum
1478 1478 1764 1535 hominem
1811 1477 1930 1536 haec

333 1566 460 1624 dico
492 1571 604 1624 ?an
627 1576 681 1624 et
704 1568 791 1624 lex
819 1567 936 1624 haec
949 1583 1064 1622 non
1096 1566 1266 1623 dicit?
1294 1590 1320 1616 ιι
1353 1569 1475 1623 Hoc
1513 1574 1615 1636 est,
1659 1571 1818 1624 Anne
1860 1584 1930 1624 ex

331 1657 465 1714 solis
522 1657 780 1713 humanis
847 1657 1112 1727 exemplis
1169 1657 1272 1712 ista
1333 1656 1530 1729 probo,
1590 1673 1696 1714 nec
1750 1657 1928 1715 habeo

331 1746 625 1818 Scripturae
655 1747 1080 1802 testimonium?
1132 1748 1365 1802 Possum
1407 1746 1666 1818 equidem
1700 1746 1933 1804 demon-

331 1844 525 1898 strare.
551 1835 699 1908 quod
727 1834 847 1892 haec
864 1838 982 1891 Deo
1001 1835 1244 1906 placeant
1275 1855 1286 1890 :
1311 1835 1583 1908 siquidem
1601 1845 1652 1893 et
1671 1837 1777 1905 lex,
1803 1853 1926 1910 quae

332 1942 442 1982 non
472 1936 556 1980 est
596 1925 841 1981 humana
874 1925 970 1982 sed
995 1925 1198 1992 divina,
1228 1924 1351 1982 haec
1379 1926 1636 1998 praecipit.

403 2018 580 2071 Vens.
606 2019 660 2070 9.
694 2039 716 2063 ‹ι
736 2016 1016 2087 Scriptum
1054 2015 1310 2070 estenim
1339 2015 1394 2070 in
1414 2015 1532 2087 lege
1562 2016 1742 2089 Moysi
1771 2037 1784 2073 :
1808 2018 1932 2074 Non

333 2105 577 2177 alligabis
618 2121 680 2161 os
709 2106 832 2161 bovi
852 2105 1129 2165 trituranti
1163 2106 1208 2160 ε.
1247 2129 1272 2154 ιι
1316 2107 1398 2160 Ex
1424 2105 1753 2173 abundanti,
1785 2107 1932 2177 quod

335 2196 472 2266 vult,
492 2195 792 2252 conﬁrmat
823 2212 835 2246 :
864 2193 1017 2252 unde
1059 2203 1112 2251 et
1139 2193 1309 2252 boum
1339 2195 1661 2268 exemplum
1703 2195 1932 2268 profert.

408 2399 434 2425 α
466 2375 729 2448 Nunquid
753 2375 819 2432 de
839 2375 1012 2432 bobus
1035 2391 1165 2432 cura
1191 2383 1274 2432 est
1303 2378 1424 2432 Deo
1452 2379 1476 2433 Ρ
1512 2397 1536 2422 υ
1566 2373 1710 2444 Quid
1740 2373 1939 2448 igitur?

339 2468 540 2522 Nonne
569 2467 762 2521 curat?
790 2465 1033 2521 Omnino
1057 2472 1244 2532 certe;
1275 2463 1427 2536 atqui
1454 2479 1566 2520 non
1594 2463 1687 2528 ita,
1706 2471 1771 2519 ut
1791 2463 1936 2536 leges

338 2560 410 2616 de
435 2559 503 2617 iis
515 2560 744 2616 sanciat.
774 2559 939 2616 Aliud
964 2560 1152 2631 itaque
1178 2557 1440 2632 quiddam
1469 2573 1563 2629 per
1585 2557 1936 2615 clementiam

340 2665 470 2722 erga
501 2651 662 2706 bruta
704 2649 1075 2718 adumbravit,
1109 2664 1368 2704 exercens
1410 2648 1675 2704 nimirum
1709 2646 1938 2704 Iudaeos

343 2739 399 2795 in
431 2738 614 2796 studio
649 2749 704 2796 et
728 2756 919 2796 amore
949 2754 1078 2811 erga
1121 2738 1376 2794 doctores
1406 2753 1562 2794 suos.
1603 2736 1742 2794 Hinc
1772 2753 1940 2809 porro

343 2828 630 2897 discimus,
686 2829 837 2902 quod
885 2844 1228 2902 quaecunque
1263 2826 1320 2882 in
1357 2829 1544 2882 Veteri
1586 2830 1940 2884 Testamento

345 2917 415 2974 de
445 2917 616 2974 brutis
645 2918 974 2973 animalibus
994 2917 1144 2973 dicta
1172 2925 1320 2986 sunt,
1350 2916 1419 2973 ad
1439 2915 1750 2989 ,hominum
1791 2915 1942 2973 insti-

347 3008 625 3065 tutionem
652 3007 990 3064 conducunt.

415 3099 600 3155 Vnus.
639 3104 723 3154 10.
761 3119 788 3148 ι(
827 3104 912 3155 An
941 3105 1166 3169 propter
1197 3113 1302 3153 nos
1331 3097 1450 3154 haec
1481 3096 1724 3153 'omnino
1753 3095 1884 3154 dicit
1913 3102 1937 3153 ?

347 3195 577 3260 prOpter
600 3203 701 3244 nos
741 3187 891 3245 enim
930 3187 1130 3258 scripta
1173 3195 1326 3243 sunt.
1389 3209 1414 3234 ν
1443 3216 1517 3228 -
1548 3209 1573 3235 α
1608 3186 1870 3255 Omnino,
1913 3209 1936 3234 υ

2027 674 2120 730 τοῦ
2150 677 2391 750 καρποῦ;
2423 672 2542 732 ἀλλ’
2570 695 2602 729 α
2634 675 2751 734 Οὐκ
2781 671 2940 733 ἐσθίει
2971 697 2984 712 ·
3022 677 3306 754 πανταχοῦ
3335 674 3396 734 τὸ
3433 678 3628 756 χρειῶ-

2030 761 2112 828 δες
2139 765 2314 834 ζητεῖν
2345 768 2648 841 παραινῶν,
2673 765 2732 824 οὖ
2761 762 2826 823 τὸ
2868 761 3135 846 περιττόν.

2113 875 2138 903 ι
2158 852 2256 918 Τίς
2283 852 2554 929 ποιμαίνει
2577 853 2808 930 ποίμνην
2825 899 2842 928 ,
2888 853 2983 912 καὶ
3012 854 3074 912 ἐκ
3111 859 3203 913 τοῦ
3230 851 3494 932 γάλακτος
3533 856 3628 914 αὖ·

2029 943 2124 1012 τῆς
2153 943 2249 999 οὐκ
2281 941 2477 1017 ἐσθίεις
2510 965 2539 1001 ι)
2575 945 2697 1004 Οὐκ
2723 935 2901 1018 εἶπεν,
2932 944 3016 1002 ὅτι
3044 942 3231 1004 Πωλεῖ
3261 941 3328 1001 τὰ
3363 942 3632 1024 πρόϐατα,

2031 1030 2067 1104 ἦ
2091 1073 2106 1099 ,
2148 1030 2353 1092 Ἐσθίει
2381 1037 2552 1092 ταῦτα
2572 1078 2588 1106 ,
2631 1032 2665 1105 ἢ
2697 1034 2780 1094 Τὸ
2804 1033 2948 1112 γάλα
2975 1041 3084 1091 πᾶν
3103 1077 3118 1103 ,
3152 1033 3292 1105 ἀλλ’,
3337 1059 3362 1084 σι
3408 1031 3510 1093 Ἐκ
3539 1039 3631 1094 τοῦ

2031 1121 2295 1198 γάλακτος
2318 1145 2332 1158 ο
2363 1150 2386 1174 ι
2419 1122 2670 1182 δεικνύων
2694 1128 2824 1200 ἡμῖν
2844 1169 2862 1200 ,
2885 1122 2968 1183 ὅτι
2999 1131 3167 1202 μικρᾷ
3198 1122 3515 1204 παραμυθίᾳ
3538 1122 3628 1183 τὸν

2033 1212 2357 1270 διδάσκαλον
2387 1213 2664 1290 ἀρκεῖσθαι
2706 1215 2784 1272 δεῖ
2807 1211 2878 1289 9³,
2905 1211 2997 1270 καὶ
3139 1211 3407 1294 ἀναγκαίᾳ
3445 1217 3634 1295 τροφῇ.

2034 1299 2152 1374 Τὴν
2183 1301 2238 1361 δὲ
2283 1303 2486 1376 πολλὴν
2520 1302 2844 1380 κηδεμονίαν
2879 1302 3118 1375 ἐδήλωσε
3139 1345 3158 1380 ,
3195 1300 3284 1362 διὰ
3315 1308 3408 1362 τοῦ
3437 1303 3635 1382 ποιμέ-

2033 1414 2158 1470 νος,
2189 1390 2256 1463 ἣν
2282 1392 2358 1450 δεῖ
2382 1391 2525 1471 ἔχειν
2546 1391 2635 1450 τὸν
2662 1392 3008 1456 διδάσκαλον,

2119 1508 2143 1535 α
2174 1481 2270 1552 Μὴ
2297 1480 2435 1539 κατὰ
2479 1481 2753 1563 ἄνθρωπον
2800 1486 2968 1540 ταῦτα
3019 1481 3194 1555 λέγω;
3241 1478 3276 1554 ἢ
3327 1480 3450 1562 οὐχὶ
3482 1479 3576 1541 καὶ
3608 1483 3638 1541 6

2037 1571 2195 1649 νόμος
2218 1577 2390 1630 ταῦτα
2421 1570 2595 1650 λέγει,
2625 1599 2649 1624 ι
2695 1569 2996 1644 Τουτέστι,
3057 1569 3148 1645 Μὴ
3180 1571 3242 1629 ἐκ
3281 1573 3387 1629 τῶν
3435 1571 3642 1650 ἀνθρω-

2039 1659 2205 1721 πίνων
2234 1660 2408 1738 μόνων
2449 1660 2858 1740 ὑποδειγμάτων
2885 1667 3056 1721 ταῦτα
3094 1664 3356 1734 συνιστῶ,
3401 1660 3497 1718 οὑκ
3525 1660 3636 1740 ἔχω

2043 1747 2097 1808 δὲ
2131 1750 2221 1810 καὶ
2268 1749 2377 1809 ἀπὸ
2417 1755 2512 1823 τῇς
2541 1753 2586 1812 Γ
2589 1755 2757 1833 ραφῆς
2789 1749 3113 1831 μαρτυρίανς
3153 1747 3313 1830 Ἐχω
3355 1747 3522 1818 δεῖξαι
3553 1748 3635 1808 ὅτι

2039 1841 2131 1898 καὶ
2160 1843 2236 1920 τῷ
2265 1841 2391 1920 Θεῷ
2421 1846 2590 1899 ταῦτα
2621 1841 2792 1914 δοκεῖ,
2819 1841 2910 1900 καὶ
2953 1842 2982 1898 6
3008 1838 3194 1918 νόμος,
3233 1840 3286 1906 ὃς
3315 1840 3411 1899 οὐκ
3439 1836 3640 1920 ἀνθρώ-

1962 1944 2010 2006 Β
2041 1953 2191 1998 πινος
2211 1975 2228 2003 ,
2263 1930 2401 1989 ἀλλὰ
2436 1931 2570 1997 θεῖός
2602 1932 2741 1999 ἐστι,
2770 1935 2941 1989 ταῦτα
2972 1926 3287 2008 διαγορεύει.

2122 2047 2147 2074 α
2181 2018 2278 2081 Ἔν
2303 2019 2406 2100 γὰρ
2435 2023 2509 2100 τῷ
2540 2021 2776 2088 Μωσέως
2799 2019 2946 2100 νόμῳ
2973 2017 3268 2098 γέγραπται
3295 2041 3309 2056 ο
3343 2019 3426 2078 Οὔ
3458 2017 3640 2099 φιμώ-

2044 2133 2153 2176 σεις
2208 2113 2329 2189 βοῦν
2364 2111 2626 2170 ἀλοῶντα.
2663 2131 2693 2168 n
2742 2109 2846 2170 Ἐκ
2896 2108 3204 2188 περιουσίας
3251 2107 3642 2178 κατασκευάζει

2043 2198 2073 2258 ὃ
2105 2199 2351 2278 βούλεται
2377 2223 2392 2237 ο
2424 2198 2511 2258 διὰ
2557 2205 2711 2261 τοῦτο
2753 2199 2848 2260 καὶ
2894 2198 2955 2258 τὸ
3000 2199 3106 2256 τῶν
3154 2199 3293 2278 βοῶν
3323 2197 3643 2280 παρεισάγει

2047 2289 2344 2368 ὑπόδειγμα
2373 2289 2444 2346 9°.

2135 2405 2160 2432 α
2327 2383 2431 2439 τῶν
2485 2382 2622 2456 βοῶν
2679 2377 2830 2456 μέλει
2879 2381 2958 2460 τῷ
3009 2379 3179 2457 Θεῷ;
3234 2397 3266 2434 )
3311 2374 3385 2438 Τί
3411 2367 3534 2449 οῦνς
3586 2377 3646 2436 οὗ

2051 2469 2234 2546 μέλει;
2266 2468 2375 2528 Ναὶ
2406 2467 2620 2536 πάντως
2639 2491 2653 2506 ⁶
2684 2469 2804 2528 ἀλλ’
2828 2471 2930 2550 οὐχ
2960 2466 3125 2535 οὕτως
3143 2511 3159 2540 ,
3179 2465 3317 2525 ὥστε
3343 2465 3436 2525 καὶ⁸
3459 2465 3648 2542 νόμους

2047 2557 2246 2617 τιθέναι
2287 2559 2408 2638 περὶ
2451 2557 2675 2618 τούτων.
2704 2553 2880 2618 ⁶Ωστε
2921 2557 3054 2617 ἄλλο
3091 2581 3143 2615 τι
3166 2555 3410 2636 ᾐνίττετο
3439 2555 3525 2615 διὰ
3555 2559 3648 2628 τῇς

2049 2650 2122 2714 εἷς
2165 2647 2235 2707 τὰ
2265 2648 2434 2728 ἄλογα
2483 2648 2917 2730 φιλανθρωπίας,
2972 2647 3312 2726 ἐγγυμνάζων
3362 2643 3482 2710 τοὺς
3521 2643 3652 2705 Ἰου-

2050 2736 2225 2804 δαίους
2349 2740 2421 2806 εἷς
2451 2736 2572 2805 τοὺς
2615 2737 2968 2803 διδασκάλους
3011 2738 3237 2816 σπουδῇ.
3288 2733 3566 2796 Ἐντεῦθεν
3594 2735 3649 2794 δὲ

2053 2827 2420 2904 μανθάνομεν,
2452 2827 2554 2899 ὅτι,
2595 2827 2694 2886 ὅσα
2741 2826 2863 2907 περὶ
2896 2825 3101 2904 ἀλόγων
3136 2827 3187 2884 ἐν
3313 2823 3536 2903 Παλαιᾷ
3566 2822 3653 2882 λέ·

2052 2920 2332 2997 γεταιέεῖς
2360 2917 2456 2991 τὴν
2485 2921 2589 2976 τῶν
2626 2916 2916 2998 ἀνθρώπων
2939 2918 3177 2975 συντελεῖ
3198 2915 3571 2976 διδασκαλίαν.

2135 3125 2160 3150 ι
2215 3093 2290 3157 ’Ἢ
2353 3096 2424 3156 δι’
2480 3097 2626 3174 ἡμᾶς
2697 3092 2912 3164 πάντως
2979 3095 3158 3175 λέγει,
3217 3095 3302 3154 Δι’
3362 3097 3506 3171 ἡμᾶς
3553 3091 3657 3174 γὰρ

2053 3186 2283 3268 ἐγράφη.
2316 3211 2342 3240 ι
2387 3187 2503 3263 Τὸ,
2551 3213 2575 3238 ιι
2623 3183 2883 3258 Πάντως,
2910 3212 2932 3236 ι
2977 3187 3050 3250 ὥς
3085 3182 3180 3243 ἐπὶ
3227 3180 3657 3262 ὁμολογουμένου

349 3277 507 3350 quasi
527 3277 596 3333 de
619 3293 680 3333 re
717 3276 964 3334 confessa
989 3277 1193 3350 posuit,
1234 3285 1295 3334 ut
1336 3277 1417 3334 ita
1446 3276 1686 3333 auditori
1716 3277 1937 3332 nullum

2052 3279 2276 3336 τέθεικεν
2297 3323 2314 3354 ,
2341 3275 2429 3334 ἵνα
2461 3273 2537 3353 μὴ
2568 3275 2897 3356 συγχωρήσῃ
2921 3320 2939 3350 ,
2999 3273 3131 3351 μηδ’
3163 3277 3337 3333 ὁτιοῦν
3388 3273 3656 3332 ἀντειπεῖν

350 3367 759 3425 contradicendi
794 3368 979 3424 locum
1006 3367 1297 3440 relinquat.

451 3480 477 3506 «ι
514 3457 788 3529 Quoniam
814 3458 868 3513 in
892 3473 986 3530 spe
1026 3457 1208 3527 debet,
1240 3458 1332 3530 qui
1377 3465 1517 3525 arat,
1557 3473 1732 3513 arare.
1767 3479 1791 3506 ι
1823 3457 1946 3513 Hoc

349 3556 453 3616 est,
488 3557 794 3620 praeceptor
828 3564 923 3620 spe
951 3548 1422 3620 compensationis
1462 3555 1518 3604 et
1562 3546 1949 3603 retributionis

351 3652 504 3694 arare
531 3654 596 3694 ac
641 3638 893 3694 laborare
939 3639 1123 3695 debet.

427 3751 452 3776 α
486 3730 551 3782 Et
588 3726 679 3800 qui
731 3727 974 3794 triturat,
1028 3735 1092 3783 ut
1140 3728 1215 3784 sit
1251 3727 1524 3801 particeps
1553 3727 1669 3800 spei
1724 3741 1861 3792 suae,
1887 3725 1947 3781 in

353 3832 470 3890 spe.
515 3839 541 3866 ι»
575 3820 626 3871 Α
653 3817 862 3872 semine
887 3815 957 3872 ad
979 3831 1163 3871 aream
1193 3817 1407 3885 transit,
1436 3817 1644 3872 multos
1674 3814 1948 3888 apostolo-

352 3923 477 3963 rum
503 3908 734 3963 sudores
780 3905 913 3961 inde
936 3905 1008 3961 ob
1045 3906 1207 3976 172
1238 3907 1428 3962 oculos
1454 3921 1661 3976 ponens
1699 3927 1714 3960 :
1739 3921 1869 3961 nam
1897 3911 1954 3960 et

355 3997 457 4070 ipsi
478 4005 652 4064 arant,
677 4005 733 4052 et
759 4011 942 4051 aream
981 3993 1277 4067 frugesque
1297 4004 1509 4052 terunt.
1559 3993 1834 4064 Quoniam
1855 4007 1953 4048 au-

353 4098 472 4145 tem
502 4091 570 4156 is,
595 4087 688 4159 qui
717 4095 856 4154 arat,
889 4095 1075 4157 sperat
1105 4094 1325 4141 tantum
1356 4105 1369 4141 :
1402 4085 1492 4157 qui
1525 4101 1658 4141 vero
1701 4085 1953 4153 triturat,

352 4178 473 4250 jam
493 4178 660 4232 etiam
687 4175 869 4246 aliqua
911 4189 971 4229 re
1001 4172 1224 4241 fruitur,
1292 4183 1583 4245 propterea
1606 4174 1767 4243 dixit,
1803 4174 1956 4245 «Qui

357 4267 603 4332 triturat,
625 4264 738 4336 spei
757 4279 872 4320 suae
902 4263 1174 4334 particeps
1198 4271 1298 4318 est.
1339 4286 1364 4311 ι)
1397 4266 1479 4320 Ne
1509 4265 1632 4336 quis
1669 4265 1838 4337 igitur
1868 4266 1955 4321 di-

359 4369 448 4416 cat
495 4378 508 4416 :
538 4359 679 4430 Quid
707 4373 838 4430 ergo
869 4361 892 4413 ?
935 4361 1042 4414 Tot
1072 4365 1464 4429 tantorumque
1513 4357 1786 4414 sudorum
1817 4358 1956 4414 hanc

361 4450 539 4508 solam
573 4449 889 4505 mercedem
918 4447 1018 4504 das
1042 4447 1323 4519 apostolis,
1357 4452 1420 4502 ut
1451 4447 1666 4502 alantur
1693 4453 1952 4506 tantum?

359 4541 576 4614 adjecit,
612 4564 637 4589 α
689 4543 751 4597 In
782 4555 898 4611 spe,
944 4562 968 4588 ν
1025 4537 1344 4594 futurorum
1377 4536 1624 4592 videlicet
1651 4536 1951 4594 bonorum.

2054 3371 2133 3447 τῷ
2166 3370 2427 3446 ἀκροατῇ.

2137 3482 2162 3510 α
2191 3452 2322 3516 c'01:
2369 3455 2452 3514 ἐπ’
2485 3453 2658 3513 ἐλπίδι
2711 3452 2910 3535 ὀφείλει
2958 3457 2986 3514 6
3017 3453 3276 3532 ἀροτριῶν
3327 3451 3602 3532 ἀροτριᾷν.
3634 3475 3660 3502 ι

2057 3543 2378 3619 Τουτέστιν,
2404 3547 2432 3602 6
2468 3544 2786 3611 διδάσκαλος
2816 3542 3014 3626 ὀφείλει
3049 3544 3329 3624 ἀροτριᾷν,
3355 3545 3446 3601 καὶ
3473 3549 3663 3623 κοπιᾷν

2058 3637 2149 3698 ἐπ’
2185 3635 2360 3695 ἐλπίδι
2387 3633 2619 3711 ἀμοιϐῆς
2653 3634 2745 3693 καὶ
2790 3631 3146 3709 ἀντιμισθίας.

2151 3748 2181 3783 α
2217 3723 2324 3785 Καὶ
2354 3728 2381 3782 6
2423 3725 2633 3800 ἀλοῶν,
2664 3727 2757 3796 τῆς
2801 3723 3015 3790 ἐλπίδος
3065 3725 3226 3782 αὑτοῦ
3261 3721 3541 3802 μετέχειν,
3579 3721 3661 3780 ἐπ’

2062 3814 2254 3874 ἐλπίδι.
2283 3837 2314 3869 ν
2350 3813 2480 3874 Ἀπὸ
2528 3819 2619 3872 τοῦ
2650 3814 2851 3894 σπόρου
2897 3812 2985 3871 ἐπὶ
3028 3811 3124 3883 τὴν
3173 3809 3358 3870 ἅλωνα
3391 3812 3661 3888 μετῆλθε,

2059 3907 2342 3964 κάντεῦθεν
2374 3905 2492 3970 τοὺς
2536 3903 2761 3969 πολλοὺς
2811 3903 3038 3981 ἱδρῶτας
3084 3904 3188 3961 τῶν
3225 3901 3539 3961 ἀποστόλων
3574 3901 3668 3976 ἔμ-

2064 3995 2264 4075 φαίνων
2291 4019 2305 4032 υ
2338 3993 2418 4052 ὅτι
2463 3991 2557 4051 καὶ
2602 3994 2752 4051 αὐτοὶ
2786 3993 2880 4052 καὶ
2911 3993 3196 4072 ἀροτριῶσι
3233 3991 3326 4050 καὶ
3356 3990 3454 4060 τὴν
3481 3989 3666 4048 ἅλωνα

2065 4083 2320 4163 τρίϐουσι.
2355 4081 2582 4152 Ἐπειδὴ
2613 4081 2669 4141 δὲ
2711 4086 2739 4141 6
2771 4080 2867 4159 μὲν
2910 4083 3172 4162 ἀροτριῶν
3216 4077 3417 4147 ἐλπίζει
3465 4079 3662 4163 μόνον,

2071 4155 2111 4233 δ’
2129 4173 2184 4231 δὲ
2217 4175 2391 4231 ἀλοῶν
2425 4173 2518 4232 καὶ
2550 4155 2809 4231 ἀπολαύει
2837 4155 3110 4243 ᾔδη’τινός
3139 4188 3154 4204 ⁸
3191 4169 3277 4228 διὰ
3305 4172 3461 4228 τοῦτο
3499 4155 3665 4242 εἶπεν,

2067 4262 2148 4322 ὅτι
2197 4290 2218 4316 ι
2253 4263 2323 4323 Ὁ
2355 4264 2527 4322 ἀλοῶν
2568 4268 2664 4334 τῆς
2716 4261 2928 4329 ἐλπίδος
2977 4263 3138 4320 αὑτοῦ
3187 4256 3424 4337 μετέχει.
3461 4283 3486 4310 ι
3537 4254 3666 4318 Ἵνα

2077 4342 2164 4411 οὖν
2198 4352 2273 4428 μή
2322 4377 2404 4420 τις
2455 4350 2580 4431 εἴπῃ
2617 4374 2630 4388 ⁸
2662 4349 2735 4412 Τί
2782 4340 2903 4424 οῦνς
2961 4352 3066 4408 τῶν
3124 4347 3391 4409 τοσούτων
3430 4345 3670 4428 ἱδρώτων

2066 4445 2231 4517 μόνην
2291 4442 2492 4511 ταύτην
2551 4439 2784 4517 ἀμοιϐὴν
2832 4439 2987 4508 δίδως
3034 4439 3145 4505 τοῖς
3207 4435 3562 4516 ἀποστόλοις,
3609 4435 3672 4496 τὸ

2064 4530 2348 4613 τρέφεσθαι
2380 4531 2567 4608 μόνον;
2619 4528 2946 4610 προσέθηκεν
2977 4551 2990 4566 ι
3023 4555 3048 4582 σι
3087 4526 3214 4588 Ἐπ’
3255 4526 3432 4588 ἐλπίδι
3461 4544 3477 4561 ⁸
3515 4546 3671 4584 τουτ-

361 4613 542 4702 Quare
595 4638 649 4687 et
676 4629 764 4687 illa
813 4628 1040 4701 quidem
1083 4643 1306 4702 sperare
1335 4635 1573 4698 oportet,
1616 4627 1712 4684 sed
1737 4627 1941 4684 interiit

2067 4619 2208 4696 ἐστι,
2240 4626 2308 4702 τῇ
2347 4627 2453 4681 τῶν
2506 4621 2814 4698 μελλόντων
2837 4618 2889 4657 9⁷
2943 4619 3177 4697 ἀγαθῶν.
3235 4614 3407 4678 "Date
3456 4617 3534 4674 δεῖ
3577 4613 3674 4693 μὲν
3735 4623 3737 4625 ’

364 4723 529 4780 etiam
553 4721 644 4777 ali.

433 4813 610 4867 Vnus.
646 4815 732 4865 ll.
758 4834 783 4859 (ι
817 4810 877 4866 Si
897 4824 1001 4864 nos
1027 4807 1184 4864 vobis
1212 4806 1514 4880 Spiritualia
1533 4798 1956 4876 Seminavimus,

362 4917 633 4973 magnum
685 4907 768 4954 est
794 4898 840 4954 si
890 4913 996 4954 nos
1047 4906 1223 4954 vestra
1274 4898 1515 4955 carnalia
1569 4901 1890 4955 metamus?
1932 4922 1956 4947 ιο

365 4991 472 5049 Rei
525 4991 838 5062 aequitatem
862 4989 951 5045 hic
973 4988 1226 5045 ostendit.
1254 4991 1376 5044 Non
1407 4988 1554 5046 enim
1583 4988 1736 5060 paria
1769 4987 1961 5044 reddi-

362 5082 452 5149 tis,
482 5080 682 5154 inquit,
718 5096 815 5152 pro
846 5079 912 5134 iis
951 5095 1076 5151 quae
1114 5079 1416 5150 accepistis.
1466 5082 1578 5134 Nos
1623 5079 1772 5134 enim
1803 5079 1961 5149 spiri-

367 5171 537 5228 tualia
575 5170 726 5226 vobis
758 5169 1169 5237 seminavimus,
1203 5185 1300 5224 vos
1319 5177 1504 5225 autem
1536 5169 1776 5225 carnalia
1804 5168 1964 5224 nobis

366 5260 615 5318 redditis.
654 5262 918 5333 Magnum
942 5259 1113 5331 igitur
1153 5261 1258 5314 hoc
1287 5262 1401 5314 est?

439 5354 617 5407 Vnus.
656 5356 740 5405 12.
777 5373 802 5398 α
834 5349 999 5418 Quod
1028 5349 1072 5403 si
1093 5348 1179 5403 alii
1202 5348 1492 5420 potestatis
1518 5356 1713 5404 vestrae
1741 5346 1963 5418 partici-

369 5457 465 5513 pes
504 5449 662 5508 sunt,
689 5455 876 5496 nonne
913 5439 1092 5512 potius
1123 5454 1228 5495 nos
1255 5441 1278 5494 Ρ
1311 5460 1340 5488 »
1381 5441 1655 5494 Doctores
1689 5436 1962 5508 quosdam

442 5569 468 5606 ε
496 5571 660 5622 Deut.
692 5580 841 5631 xxv,
868 5570 923 5620 4.

2067 4713 2288 4770 κάκεῖνα
2321 4710 2581 4786 ἐλπίζειν,
2612 4706 2752 4780 πλὴν
2795 4707 2886 4768 καὶ
2930 4707 3238 4788 τρέφεσθαι.

2148 4828 2172 4854 α
2203 4803 2272 4861 Εἰ
2301 4803 2455 4877 ἡμεῖς
2495 4803 2618 4876 ὑμῖν
2644 4797 2713 4858 τὰ
2755 4795 3095 4874 πνευματικὰ
3135 4795 3461 4878 ἐσπείραμεν
3481 4839 3499 4870 ,
3531 4792 3673 4873 μέγα

2070 4891 2116 4950 εἷ
2163 4894 2321 4968 ἡμεῖς
2370 4892 2518 4964 ὑμῶν
2578 4890 2647 4948 τὰ
2685 4885 2920 4968 σαρκικὰ
2969 4886 3286 4966 θερίσομεν,
3348 4912 3372 4939 υ
3400 4884 3672 4944 Ἐνταῦθα

2069 4981 2132 5040 τὸ
2173 4980 2377 5038 δίκαιον
2422 4977 2653 5037 δείκνυσι
2700 4985 2792 5037 τοῦ
2821 4975 3158 5057 πράγματος.
3205 4976 3287 5035 Οὐ
3329 4972 3433 5055 γὰρ
3471 4971 3670 5049 ὃμοια,

2073 5070 2237 5151 φησὶ,
2289 5069 2492 5141 δίδοτε,
2547 5058 2619 5125 ὧν
2657 5065 2896 5127 ἐλάϐετε.
3001 5063 3191 5142 Ἡμεῖς
3244 5064 3341 5141 μὲν
3392 5061 3496 5142 γὰρ
3547 5064 3671 5136 ὑμῖν

2073 5157 2394 5237 ἐσπείραμεν
2437 5154 2806 5230 πνευματικὰ,
2845 5158 2993 5231 ὑμεῖς
3040 5155 3095 5212 δὲ
3136 5152 3368 5234 σαρκικὰ
3415 5155 3545 5230 ἡμῖν
3575 5151 3675 5209 ἀν-

2073 5247 2287 5310 τιδίοτε.
2320 5247 2477 5322 Μέγα
2512 5237 2601 5304 οὖν
2639 5243 2796 5305 τοῦτό
2831 5246 3003 5319 ἐστινς

2156 5363 2180 5390 α
2244 5339 2313 5398 Εἰ
2369 5338 2522 5396 ἄλλοι
2567 5340 2662 5408 τῆς
2710 5335 2947 5404 ἐξουσίας
2996 5335 3145 5409 ὑμῶν
3204 5330 3552 5412 μετέχουσιν,
3617 5330 3677 5388 οὖ

2075 5429 2259 5508 πολλῷ
2297 5428 2500 5505 μᾶλλον
2544 5431 2701 5504 ἡμεῖς
2725 5447 2741 5500 ;
2773 5453 2799 5477 ι
2829 5423 3380 5489 Ψευδοδιδασκάλους
3408 5419 3554 5488 τινὰς
3584 5419 3679 5477 αἷ-

1761 5634 1952 5694 Variae
1995 5635 2304 5695 lectiones.

447 5779 490 5814 ’⁵
523 5780 622 5850 Ἀρή
653 5794 703 5836 ο·
779 5778 824 5813 9⁸
853 5780 1167 5853 παράδειγμα
1188 5796 1242 5838 ο.
1321 5779 1368 5814 ³⁷
1405 5784 1492 5848 τῆς
1517 5780 1799 5854 μελλούσης
1828 5779 2222 5851 μισθαποδοσέας
2242 5794 2294 5833 0.
