4090 6448
336 505 431 560 671
1351 504 1863 562 THEOPHYLACTI
1902 505 2261 562 BULGARIA‘]
2298 507 2612 563 ARCHIEP.

3536 507 3639 560 672

330 626 637 684 efferantur
652 629 878 686 alentes.
923 631 1046 686 Non
1076 628 1225 686 enim
1247 638 1312 687 tu
1345 630 1443 687 alis
1469 631 1678 702 ipsum,
1718 631 1920 703 inquit,

2040 631 2200 711 φησὶ,
2234 634 2437 714 τρέφεις
2469 630 2660 708 αὐτὸν,
2695 629 2922 714 ἀλλάμτὸ
2947 629 3097 712 ἔργον
3126 629 3284 689 αὐτοῦ
3311 675 3326 702 ,
3354 628 3416 688 τὸ
3448 632 3638 710 Εὐαγ-

334 732 528 774 verum
544 733 682 791 opus
706 718 850 792 ejus,
865 735 1061 792 nempe
1080 720 1453 792 Evangelium.
1470 723 1542 776 Et
1555 720 1751 788 vivere,
1775 719 1931 790 dixit,

335 822 450 863 non
477 809 760 880 negotiari,
789 825 964 881 neque
985 811 1271 866 thesauros
1297 810 1578 882 colligere.

406 900 582 954 Vnus.
605 906 690 955 15.
707 922 730 948 κ
755 903 870 972 Ego
892 916 1020 957 vero
1040 900 1194 956 nullo
1215 900 1418 956 horum
1443 916 1566 956 sum
1589 914 1786 956 usus.»
1808 901 1933 956 Hoc

333 995 438 1056 est,
488 1004 666 1060 neque
709 989 969 1061 quopiam
1005 991 1386 1061 exemplorum
1413 1005 1538 1062 quae
1583 1004 1931 1045 commemo-

333 1079 468 1148 ravi,
519 1095 698 1153 neque
721 1080 812 1136 illo
841 1081 1051 1137 Veteris
1095 1080 1460 1150 Testamenti,
1513 1095 1697 1152 neque
1727 1078 1930 1136 Christi

336 1168 618 1235 mandato,
650 1178 757 1226 uta
783 1170 936 1226 vobis
962 1170 1136 1226 alerer
1167 1186 1292 1226 sum
1333 1185 1493 1226 usus.

407 1281 434 1308 α
471 1261 596 1316 Non
621 1269 808 1316 autem
842 1261 1031 1334 scripsi
1084 1260 1226 1328 haec,
1256 1269 1320 1315 ut
1356 1261 1434 1316 ita
1486 1259 1622 1315 ﬁant
1651 1259 1710 1314 in
1739 1274 1849 1315 me.
1899 1282 1924 1308 ι

332 1351 414 1406 Ne
451 1349 572 1422 quis
601 1349 704 1421 ipsi
751 1350 915 1417 dicat;
983 1349 1126 1422 Quid
1180 1351 1360 1407 inde?
1417 1349 1632 1406 etiamsi
1675 1347 1929 1406 nondum

329 1454 466 1495 usus
493 1439 587 1508 sis,
625 1439 684 1495 in
710 1449 996 1512 posterum
1039 1449 1225 1498 tamen
1254 1441 1662 1511 uteris,.atque
1713 1453 1778 1493 eo
1817 1439 1925 1495 ista

329 1527 512 1586 dicis:
566 1529 670 1585 hoc
717 1531 905 1587 statim
937 1531 1178 1604 corrigit,
1229 1554 1255 1580 α
1293 1533 1418 1588 Non
1447 1530 1638 1601 scripsi
1696 1528 1844 1597 haec,
1898 1554 1924 1580 ν

327 1617 613 1690 inquiens,
645 1641 670 1669 α
714 1628 777 1675 ut
819 1619 894 1678 ita
924 1620 1058 1677 ﬁant
1080 1621 1138 1678 in
1165 1636 1280 1693 me,
1310 1642 1336 1668 ι
1368 1620 1475 1676 hoc
1524 1626 1628 1690 est,
1657 1621 1739 1677 Ut
1787 1619 1925 1676 acci-

334 1707 501 1781 piam.

409 1799 684 1854 «Bonum
713 1807 796 1854 est
821 1801 968 1856 enim
1015 1801 1150 1857 mihi
1198 1803 1379 1873 potius
1428 1805 1596 1875 mori,
1641 1823 1808 1879 quam
1863 1814 1926 1862 ut

328 1886 562 1959 gloriam
605 1903 786 1944 meam
825 1890 949 1961 quis
1002 1900 1247 1948 evacuet.
1283 1916 1309 1942 ι»
1354 1894 1491 1966 Ego,
1521 1894 1722 1968 inquit,
1780 1895 1924 1952 fama

2041 721 2238 798 γέλιον.
2272 711 2435 798 καὶ,
2477 745 2504 781 ι(
2548 725 2693 803 Ζῇν,
2727 743 2754 779 ι
2799 711 2942 781 εἶπεν
2967 763 2984 795 ,
3034 722 3130 779 οὐκ
3170 718 3636 800 Ἐμπορεύεσθαι,

2041 809 2156 870 οὐδὲ
2175 855 2190 883 ,
2236 811 2615 891 Θησαυρίζειν.

2123 927 2146 951 κ
2193 899 2339 978 Ἐγὼ
2371 900 2426 962 δὲ
2464 901 2613 961 οὐδὲν
2648 898 2967 980 ἐχρησάμην
2995 896 3221 980 τούτων.
3259 926 3281 951 ι
3311 897 3637 972 Τουτέστιν,

2040 987 2182 1049 Οὔτε
2211 989 2312 1048 τινὶ
2339 992 2444 1048 τῶν
2479 988 2932 1069 παραδειγμάτων
2951 1032 2967 1061 ,
3021 978 3093 1046 ῶν
3145 977 3293 1047 εἶπον
3313 1033 3328 1059 ,
3376 985 3496 1047 οὔτε
3527 994 3637 1053 τοῖς

2039 1081 2133 1149 τῆς
2166 1081 2446 1153 Παλαιᾶς,
2479 1082 2599 1138 οὔτε
2629 1081 2704 1158 τῷ
2735 1076 3067 1156 ἐπιτάγματι
3105 1082 3196 1137 τοῦ
3222 1079 3456 1158 Χριστοῦ
3482 1078 3640 1157 ἐχρη-

2039 1167 2217 1244 σάμην
2239 1213 2255 1240 ,
2296 1172 2369 1235 εἷς
2399 1168 2460 1228 τὸ
2491 1168 2774 1250 τρέφεσθαι
2816 1170 2948 1248 παρ’
2977 1169 3148 1242 ὑμῶν.

2118 1283 2142 1310 α
2175 1259 2294 1318 Οὐκ
2345 1257 2554 1338 ἔγραψα
2614 1258 2670 1318 δὲ
2712 1261 2924 1330 ταῦτα,
2983 1253 3072 1314 ἵνα
3121 1254 3258 1314 οὕτω
3299 1255 3534 1338 -γένηται
3584 1258 3638 1316 ἐν

2036 1345 2230 1424 ἐμοί.»
2286 1335 2406 1407 Ἵνα
2455 1335 2531 1424 μη
2585 1371 2661 1413 τις
2721 1345 2845 1425 εἴπῃ
2900 1346 3045 1425 αὐτῷ
3079 1369 3091 1382 ·
3139 1345 3212 1406 Τί
3268 1335 3393 1417 οῧν;
3456 1345 3503 1403 εἰ
3562 1343 3639 1421 μὴ

2036 1436 2252 1516 ἐχρήσω
2276 1444 2398 1510 νῦν,
2443 1437 2573 1515 πρὸς
2617 1435 2670 1495 δὲ
2715 1435 2776 1494 τὸ
2826 1435 3019 1512 μέλλον
3068 1434 3248 1514 βούλει
3297 1433 3636 1513 χρήσασθαι,

2035 1527 2127 1583 καὶ
2177 1523 2264 1584 διὰ
2313 1533 2466 1586 τοῦτο
2495 1530 2666 1584 ταῦτα
2695 1523 2866 1602 λέγεις
2911 1547 2924 1560 ο
2957 1525 3347 1604 ἐπιδιορθοῦται
3394 1521 3637 1604 ταχέως,

2035 1613 2118 1673 ὅτι
2147 1641 2171 1666 ι
2189 1616 2307 1675 Οὐκ
2337 1614 2576 1697 ἔγραψα,
2603 1611 2690 1673 ἵνα
2722 1613 2860 1672 οὕτω
2886 1612 3161 1692 γένηταιοι
3192 1611 3486 1686 τουτέστιν,
3515 1607 3636 1673 Ἵνα

2035 1703 2322 1780 λαμϐάνω.

2112 1819 2139 1848 α
2171 1794 2351 1855 Καλὸν
2378 1792 2481 1874 γάρ
2513 1816 2602 1870 μοι
2635 1793 2839 1870 μᾶλλον
2878 1797 3161 1852 ἀποθανεῖν
3184 1838 3201 1870 ,
3225 1792 3260 1864 ἢ
3292 1791 3351 1851 τὸ
3375 1789 3634 1872 καύχημά

2035 1905 2138 1960 μου
2178 1881 2268 1942 ἵνα
2310 1907 2388 1950 τις
2414 1881 2620 1962 κενώσῃ
2645 1935 2657 1946 ,
2687 1903 2716 1939 ι)
2756 1883 3052 1963 Αἱροῦμαι,
3084 1882 3212 1964 φησὶ
3234 1926 3250 1955 ,
3279 1882 3481 1959 μᾶλλον
3520 1883 3636 1939 δια-

329 1977 503 2048 perire
531 1978 710 2050 potius
739 1980 997 2050 optarim,
1021 1996 1190 2053 quam
1211 1981 1358 2054 quod
1381 1962 1618 2040 evacuet
1629 1962 1923 2057 quispiam,

2036 1977 2296 2053 φθαρῆναι
2328 1975 2506 2053 λιμῷ,
2539 1971 2573 2042 ἢ
2610 1971 2697 2030 ἵνα
2727 1962 2932 2052 κενώσῃ
2961 1995 3037 2039 τις
3059 2017 3075 2041 ,
3101 1973 3374 2044 τουτέστι,
3405 1969 3634 2048 μάταιον

328 2065 436 2122 hoc
477 2075 580 2136 est,
627 2082 823 2124 vanam
869 2077 926 2124 et
968 2085 1198 2126 vacuam
1244 2072 1502 2129 ostendat
1540 2073 1926 2145 gloriationem

329 2171 532 2212 meam.
597 2156 1000 2214 Gloriationem
1069 2167 1255 2215 autem
1313 2160 1486 2230 dixit,
1560 2178 1670 2234 quo
1741 2163 1926 2235 gaudii

324 2260 610 2301 excessum
662 2245 937 2303 ostendat.
995 2249 1205 2304 Forsan
1261 2251 1410 2306 enim
1469 2251 1665 2323 aliquis
1739 2252 1924 2310 dicere

329 2335 621 2406 potuisset,
676 2338 894 2393 Revera
965 2337 1099 2394 nihil
1159 2337 1390 2411 quidem
1463 2341 1704 2412 accepit,
1768 2343 1923 2416 atqui

329 2438 578 2481 moerens
606 2441 669 2481 ac
697 2425 888 2498 lugens
935 2443 1055 2483 non
1096 2427 1412 2500 accipiebat.
1444 2431 1681 2486 Tantum
1735 2431 1924 2504 igitur,

325 2513 530 2586 inquit,
594 2515 751 2572 abest
803 2525 864 2573 ut
921 2533 1043 2575 eam
1087 2519 1158 2575 ob
1208 2535 1332 2577 rem
1375 2520 1688 2591 contrister,
1739 2530 1801 2579 ut
1868 2532 1926 2581 et

326 2601 532 2661 idcirco
561 2605 780 2678 glorier.
1503 2681 1505 2683 ι

399 2694 574 2753 Vnus.
621 2701 708 2752 16.
745 2721 769 2747 α
798 2697 852 2754 Si
889 2698 1034 2755 enim
1084 2701 1469 2773 evangelizem,
1510 2717 1624 2757 non
1671 2710 1756 2758 est
1782 2701 1924 2759 mihi

326 2783 582 2856 gloriatio
637 2805 649 2841 :
700 2787 994 2844 necessitas
1066 2789 1216 2846 enim
1279 2789 1415 2846 mihi
1466 2791 1757 2846 incumbit.
1829 2793 1925 2848 Va;

328 2882 512 2930 autem
541 2875 673 2932 mihi
697 2885 804 2946 est,
833 2876 876 2933 si
906 2893 1021 2934 non
1051 2879 1513 2952 evangelizavero.
1551 2902 1576 2928 ι›
1610 2880 1758 2950 Quid
1796 2882 1925 2938 ais?

367 2979 438 3020 on
463 2964 563 3019 tibi
593 2966 785 3039 gloriae
808 2967 930 3022 loco
951 2967 1188 3038 ducitur,
1220 2969 1524 3040 praedicare
1555 2970 1924 3042 evangelium,

328 3053 426 3109 sed
454 3054 591 3110 citra
641 3055 876 3112 aliorum
901 3057 1181 3127 impensas
1209 3074 1274 3113 ac
1295 3067 1578 3130 sumptum
1603 3058 1922 3130 praedicare,

328 3143 428 3200 tibi
470 3144 656 3216 gloriae
683 3155 795 3211 est;
843 3145 1102 3218 Nunquid
1132 3146 1238 3203 hoc
1281 3147 1372 3202 illo
1420 3149 1600 3220 majus
1641 3152 1770 3204 est?
1818 3150 1925 3205 Mi-

328 3233 502 3301 nime,
535 3234 628 3290 sed
661 3235 1009 3308 Evangelium
1057 3237 1402 3306 annuntiare,
1453 3246 1790 3310 praeceptum
1845 3246 1926 3294 est

328 3338 392 3379 ac
446 3322 697 3380 debitum
733 3334 829 3380 :et
883 3325 929 3380 si
977 3325 1081 3380 hoc
1107 3326 1414 3397 perﬁciam,
1464 3327 1596 3383 nihil
1641 3335 1727 3384 est
1757 3344 1789 3384 a
1833 3344 1925 3384 me

336 3413 596 3484 praeclare
625 3422 679 3469 et
715 3414 918 3470 eximie
955 3413 1178 3470 factum.
1207 3418 1306 3472 Vae
1333 3417 1482 3472 enim
1524 3416 1683 3486 mihi,
1725 3417 1771 3473 si
1817 3434 1931 3474 non

334 3501 600 3574 impleam
625 3521 638 3559 :
664 3503 847 3560 caedat
871 3519 1112 3577 namque
1133 3505 1300 3578 plagis
1322 3506 1532 3572 multis,
1557 3507 1758 3579 quippe
1779 3506 1931 3580 quod

335 3591 665 3648 mandatum
693 3593 925 3649 Domini
977 3609 1090 3649 non
1143 3611 1264 3650 sum
1305 3605 1608 3652 exsecutus.
1656 3596 1766 3652 Sed
1811 3597 1931 3655 sine

335 3681 601 3753 impensis
632 3681 950 3754 praedicare,
981 3684 1277 3741 voluntatis
1303 3684 1483 3741 honor
1537 3685 1702 3758 174
1731 3694 1835 3754 est,
1875 3695 1931 3743 et

333 3779 621 3844 propterea
668 3773 922 3845 gloriatio
971 3782 1073 3830 est.
1132 3773 1287 3830 Istud
1336 3791 1484 3844 vero,
1539 3797 1565 3824 α
1623 3775 1930 3833 Necessitas

332 3860 468 3916 mihi
494 3861 782 3929 incumbit,
815 3882 841 3914 ι)
877 3879 992 3919 non
1013 3862 1080 3920 ad
1116 3863 1270 3920 liberi
1292 3863 1500 3920 arbitrii
1525 3864 1926 3935 sublationem;

333 3948 428 4005 sed
457 3949 525 4006 ad
546 3951 959 4023 oppositionem
990 3951 1260 4028 libertatis
1284 3952 1342 4008 in
1369 3953 1686 4024 accipiendo
1711 3952 1929 4011 dictum

331 4047 417 4096 est
460 4055 524 4094 ac
575 4049 801 4111 propter
844 4057 1025 4112 poenae
1074 4051 1309 4109 metum,
1353 4042 1402 4097 si
1448 4041 1502 4098 id
1547 4058 1659 4098 non
1701 4042 1926 4102 efﬁciat.

403 4131 584 4184 Vnus.
630 4137 715 4185 17.
749 4150 774 4182 α
805 4130 859 4186 Si
884 4130 1036 4186 enim
1062 4131 1252 4188 volens
1287 4130 1392 4187 hoc
1444 4147 1567 4204 ago,
1614 4134 1930 4190 mercedem

331 4216 546 4273 habeo:
585 4217 628 4273 si
657 4226 848 4274 autem
903 4219 1129 4285 invitus,
1161 4220 1496 4291 dispensatio
1541 4221 1675 4277 mihi
1725 4222 1931 4280 credita

332 4314 435 4362 est.
457 4328 483 4354 ν
512 4307 590 4375 Si,
617 4306 817 4379 inquit,
839 4307 1158 4380 praedicatio
1192 4310 1460 4382 Evangelii
1490 4325 1606 4366 non
1631 4319 1775 4366 esset
1796 4311 1930 4367 mihi

332 4395 683 4463 demandata,
720 4396 816 4453 sed
859 4413 889 4453 a
929 4399 1138 4470 meipso
1180 4399 1328 4455 istud
1369 4398 1630 4469 facerem,
1673 4400 1931 4457 haberem

332 4485 588 4556 equidem
635 4487 948 4544 mercedem
994 4504 1260 4557 magnam
1286 4497 1342 4544 et
1380 4489 1619 4544 multam
1652 4508 1665 4545 :
1698 4489 1859 4558 Quod
1885 4490 1930 4546 si

2038 2061 2132 2120 καὶ
2184 2063 2332 2122 κενὸν
2384 2061 2636 2140 ἀποδείξῃ
2671 2060 2732 2120 τὸ
2779 2061 3043 2142 καύχημά
3093 2085 3219 2138 μου.
3266 2059 3547 2140 Καύχημα
3578 2059 3634 2119 δὲ

2037 2143 2214 2227 εἶπεν,
2265 2148 2354 2210 ἵνα
2388 2150 2484 2222 τὴν
2535 2147 2834 2230 ὑπερϐολὴν
2888 2156 2982 2222 τῆς
3031 2159 3202 2230 χαρᾶς
3251 2149 3413 2227 δείξῃ.
3471 2148 3635 2216 Ἶσως

2034 2239 2138 2322 γὰρ
2182 2240 2245 2299 ἄν
2295 2264 2374 2308 τις
2421 2230 2600 2315 εἶπεν,
2635 2239 2716 2300 ὅτι
2748 2238 2980 2312 Ἀληθῶς
3026 2241 3122 2298 οὐκ
3174 2237 3447 2315 ἐλάμϐανε
3496 2238 3631 2314 μὲν,

2035 2331 2174 2402 πλὴν
2207 2329 2404 2389 στένων
2451 2329 2543 2388 καὶ
2593 2328 2916 2406 ὀδυνώμενος
2946 2333 3101 2388 τοῦτο
3143 2326 3328 2390 ἐποίει.
3366 2330 3634 2388 Τοσοῦτον

2033 2410 2156 2496 οῦν,
2190 2418 2347 2501 φησὶν
2375 2466 2391 2498 ,
2424 2417 2614 2500 ἀπέχω
2665 2420 2952 2479 λυπεῖσθαι
2981 2419 3028 2496 ⁵,
3061 2419 3142 2479 ὅτι
3189 2417 3281 2477 καὶ
3324 2419 3633 2499 καυχῶμαι.

2116 2720 2142 2746 ι
2175 2691 2309 2754 Ἐὰν
2335 2691 2438 2773 γὰρ
2468 2693 2926 2773 εὐαγγελίζωμαι,
2961 2693 3055 2751 οὐκ
3081 2691 3196 2752 ἔστι
3232 2715 3323 2768 μοι
3354 2689 3634 2771 καύχημασ

2035 2781 2242 2860 ἀνάγκη
2290 2781 2394 2860 γάρ
2439 2805 2529 2860 μοι
2579 2781 2865 2843 ἐπίκειται.
2909 2781 3055 2841 Οὐαὶ
3103 2782 3159 2840 δέ
3190 2782 3282 2857 μοί
3314 2783 3490 2852 ἐστιν,
3544 2778 3634 2838 ἐὰν

2035 2871 2110 2949 μὴ
2153 2871 2599 2949 εὐαγγελίζωμαι.
2656 2898 2680 2925 υ
2735 2873 2786 2932 Τ
2793 2870 2810 2929 ί
2845 2870 3047 2950 λέγεις
3093 2873 3188 2930 οὐκ
3221 2869 3334 2928 ἔστι
3368 2867 3630 2949 καύχημά

2035 2983 2117 3020 σοι
2154 2962 2215 3018 τὸ
2267 2960 2734 3038 εὐαγγελίζεσθαι,
2793 2960 2934 3018 ἀλλὰ
2990 2960 3046 3020 τὸ
3100 2958 3390 3026 ἀδαπάνως
3438 2957 3638 3037 κηρύσ-

2035 3073 2180 3123 σειν;
2235 3053 2421 3109 οὐκοῦν
2461 3055 2616 3108 τοῦτο
2649 3049 2848 3109 ἐκείνου
2898 3052 3105 3124 μεῖζον;
3149 3045 3391 3128 ⁷Ἄπαγε,
3437 3047 3596 3129 φησίν
3624 3070 3638 3086 ο

2035 3137 2174 3197 ἀλλὰ
2225 3137 2285 3198 τὸ
2338 3137 2432 3216 μὲν
2492 3139 2961 3216 εὐαγγελίζεσθαι,
3023 3138 3296 3216 ἐπίταγμά
3351 3139 3464 3197 ἐστι
3545 3137 3637 3196 καὶ

2035 3228 2225 3307 χρέος,
2259 3228 2350 3286 καὶ
2381 3227 2471 3288 ἐὰν
2501 3231 2690 3308 πληρῶ
2716 3233 2902 3303 τοῦτο,
2933 3226 3081 3288 οὐδὲν
3112 3227 3462 3305 κατόρθωμα.
3493 3226 3635 3287 Οὖαὶ

2039 3316 2142 3398 γάρ
2191 3342 2283 3395 μοι
2335 3317 2425 3376 ἐὰν
2467 3317 2541 3395 μὴ
2592 3321 2785 3398 πληρῶ
2818 3343 2831 3356 ο
2868 3317 3172 3397 δαρήσομαι
3213 3315 3318 3396 γὰρ
3369 3315 3545 3376 πολλὰ
3572 3317 3633 3389 ⁵,

2038 3409 2110 3472 ὡς
2155 3408 2217 3466 τὸ
2271 3406 2546 3486 ἐπίταγμα
2595 3412 2687 3466 τοῦ
2753 3407 3026 3469 Δεσπότου
3081 3405 3156 3483 μὴ
3203 3411 3390 3467 ποιῶν.
3444 3405 3524 3466 Τὸ
3577 3405 3631 3466 δὲ

2040 3495 2328 3563 ἀδαπάνως
2405 3495 2728 3577 κηρύσσειν,
2828 3494 3184 3578 προαιρέσεως
3264 3493 3541 3575 φιλοτιμία
3621 3517 3636 3532 ο

2033 3585 2123 3644 καὶ
2165 3586 2253 3644 διὰ
2282 3591 2436 3646 τοῦτο
2484 3586 2745 3665 καύχημά
2795 3589 2929 3646 ἐστι.
2958 3584 3038 3645 Τὸ
3081 3582 3168 3656 δὲ,
3221 3607 3249 3642 ‹‹
3283 3583 3513 3663 Ἀνάγκη
3549 3608 3638 3659 μοι

2034 3675 2334 3747 ἐπίκειται,
2363 3701 2385 3727 ν
2411 3675 2470 3734 οὗ
2503 3675 2633 3755 πρὸς
2666 3675 2932 3755 ἀναίρεσιν
2977 3679 3068 3732 τοῦ
3096 3673 3429 3742 αὖτεξουσίου
3449 3719 3463 3747 ,
3497 3675 3637 3732 ἀλλὰ

2034 3764 2162 3844 πρὸς
2215 3763 2620 3836 ἀντιδιαστολὴν
2661 3769 2754 3836 τῆς
2807 3763 3102 3840 ἐλευθερίας
3146 3768 3240 3835 τῆς
3274 3766 3327 3823 ἐν
3374 3767 3450 3842 τῷ
3494 3764 3636 3840 λαμ-

2035 3854 2214 3915 ϐάνειν
2262 3853 2500 3934 εἴρηται,
2556 3852 2648 3912 καὶ
2685 3853 2772 3914 διὰ
2821 3854 2912 3913 τὸν
2953 3851 3117 3935 φόϐον
3169 3855 3264 3937 τῆς
3299 3851 3386 3913 ἐπὶ
3433 3856 3511 3934 τῷ
3560 3853 3634 3932 μὴ

2033 3949 2256 4018 ποιῆσαι
2281 3943 2575 4012 κολάσεως.

2119 4146 2151 4182 α
2182 4127 2246 4186 Εἰ
2289 4125 2391 4204 γὰρ
2435 4124 2572 4185 ἑκὼν
2603 4129 2761 4184 τοῦτο
2790 4125 3047 4205 πράσσω,
3087 4124 3274 4202 μισθὸν
3305 4123 3415 4202 ἔχω
3442 4143 3470 4205 _°_
3503 4126 3547 4182 εἰ
3579 4123 3634 4182 δὲ

2038 4212 2214 4286 ἄκων,
2268 4213 2572 4291 οἰκονομίαν
2625 4214 3010 4291 πεπίστευμαι.
3063 4239 3088 4267 ιο
3142 4216 3209 4274 Εἰ
3271 4215 3364 4290 μὲν
3407 4203 3496 4271 οὖν
3541 4215 3636 4273 οὐκ

2038 4304 2425 4383 ἐνεχειρίσθην,
2485 4303 2644 4384 φησὶ,
2694 4303 2752 4363 τὸ
2803 4303 3088 4382 κήρυγμα,
3143 4304 3236 4362 ἀπ’
3286 4307 3518 4380 ἐμαυτοῦ
3581 4301 3636 4362 δὲ

2036 4398 2194 4453 τοῦτο
2246 4393 2454 4452 ἐποίουν
2481 4439 2498 4468 ,
2548 4394 2731 4470 μισθὸν
2783 4391 2892 4473 ἔχω
2935 4392 3100 4470 μέγαν
3126 4392 3420 4474 καὶγπολύν
3460 4412 3474 4426 ⁸
3506 4391 3638 4452 εἰδὲ

2037 4481 2432 4563 ἐνεχειρίσθην,
2485 4482 2750 4562 πρόδηλον
2789 4483 2868 4541 ὅτι
2911 4485 3006 4542 οὐκ
3059 4483 3154 4540 ἀπ’
3205 4485 3439 4559 ἐμαυτοῦ
3488 4487 3640 4542 τοῦτο

330 4573 460 4630 mihi
502 4577 863 4634 commissum
908 4586 1010 4645 est,
1066 4579 1418 4649 perspicuum
1447 4585 1533 4634 est
1573 4578 1716 4650 quod
1748 4595 1859 4634 non
1897 4596 1926 4636 a

2039 4577 2176 4633 ποιῶ
2199 4617 2215 4645 ,
2268 4573 2404 4632 ἀλλὰ
2436 4571 2771 4644 Δεσποτικὴν
2820 4571 3038 4641 ἐντολὴν
3070 4574 3278 4648 πληρῶ.
3323 4573 3499 4632 Τοῦτο
3529 4572 3635 4651 γάρ

2045 4664 2062 4680 9
2211 4661 2224 4680 \
2382 4658 2420 4680 ,Α
2679 4665 2721 4680 Ir
2766 4662 2778 4680 \
2826 4662 2850 4680 κ
2882 4661 2895 4680 \
2996 4666 3027 4678 κ
3181 4662 3198 4680 Ἰ
3315 4661 3334 4680 κ
3480 4659 3495 4680 Ι
3611 4663 3625 4680 \

328 4663 690 4736 meipsoistud
706 4665 869 4735 facio,
881 4665 977 4723 sed
991 4668 1211 4722 Domini
1227 4667 1790 4738 mandatumimpleo.
1807 4671 1929 4726 Hoc

331 4754 479 4809 enim
509 4763 593 4810 est
621 4756 768 4828 quod
797 4757 893 4824 ait,
929 4779 956 4805 (ι
988 4757 1216 4813 Invitus.
1258 4781 1282 4807 υ
1309 4757 1582 4826 Quocirca,
1637 4758 1788 4814 istaec
1834 4775 1923 4816 res

327 4859 442 4898 non
470 4851 554 4899 est
579 4844 759 4900 honor
783 4865 797 4902 :
827 4845 1298 4917 dispensationem
1323 4863 1568 4919 namque
1598 4847 1731 4903 mihi
1753 4847 1932 4905 credi-

323 4941 436 4988 tam
468 4932 818 4990 administro.
855 4935 1245 4992 Animadverte
1269 4944 1474 5000 autem,
1508 4952 1619 5008 quo
1649 4953 1759 4993 non
1783 4937 1931 4996 dixe-

325 5023 418 5093 rit,
444 5023 498 5080 Si
520 5025 940 5091 auteminvitus,
964 5025 1281 5082 mercedem
1315 5043 1424 5082 non
1445 5025 1623 5083 habeo
1645 5045 1657 5082 :
1678 5027 1928 5086 indicans

326 5113 474 5185 quod
512 5113 711 5171 habeat
739 5115 960 5187 quidem
1008 5116 1344 5185 mercedem,
1377 5116 1543 5174 etiam
1581 5118 1637 5173 in
1675 5119 1927 5190 promul-

327 5202 504 5275 gando
550 5206 863 5278 Evangelio,
914 5206 1086 5262 herile
1130 5207 1254 5262 licet
1304 5205 1628 5262 mandatum
1674 5207 1920 5279 impleat.

325 5292 641 5350 Absurdum
684 5295 836 5351 enim
862 5303 1025 5364 esset,
1054 5296 1102 5352 si
1132 5297 1381 5368 Apostoli
1423 5311 1618 5353 omnes
1657 5296 1920 5368 praedica-

328 5381 497 5438 tionis
568 5384 881 5440 mercedem
947 5401 1064 5441 non
1113 5385 1455 5456 acciperent;
1507 5385 1759 5442 sedenim
1805 5403 1920 5444 non

325 5471 514 5538 talem,
553 5473 774 5544 qualem
824 5474 916 5530 ille
944 5475 1039 5546 qui
1082 5475 1251 5546 gratis
1306 5473 1698 5547 praedicaverit.

392 5561 570 5616 Vnus.
602 5567 686 5618 18.
707 5587 732 5612 α
765 5563 901 5633 Quae
916 5564 1084 5636 igitur
1106 5572 1191 5620 est
1215 5569 1460 5623 merces?
1479 5573 1539 5620 ut
1553 5566 1914 5638 Evangelium

2038 4664 2149 4722 ἐστι
2177 4661 2273 4736 τὸ,
2316 4690 2340 4714 σι
2382 4658 2566 4722 Ἄκων.
2595 4691 2620 4715 ιο
2679 4662 2786 4723 Καὶ
2821 4661 2908 4720 διὰ
2938 4666 3093 4720 τοῦτο
3145 4662 3205 4719 οὗ
3255 4659 3531 4742 φιλοτιμία
3576 4663 3636 4720 τὸ

2036 4761 2264 4832 πρᾶγμα
2299 4770 2315 4787 ⁸
2347 4751 2650 4828 οἰκονομίαν
2681 4752 2783 4832 γὰρ
2814 4749 3181 4826 ἐμπιστευθεὶς
3203 4797 3220 4829 ,
3272 4751 3459 4809 διοικῶ
3499 4750 3634 4810 ταύ-

2038 4831 2156 4914 την.
2185 4839 2334 4920 Ὅρα
2361 4840 2414 4900 δὲ
2441 4885 2456 4914 ,
2484 4840 2564 4899 ὅτι
2605 4843 2700 4900 οὐκ
2731 4831 2906 4912 εἶπεν,
2940 4842 3006 4899 Εἰ
3033 4840 3086 4898 δὲ
3113 4838 3278 4912 ἄκων,
3307 4840 3493 4916 μισθὸν
3541 4840 3637 4898 οὐκ

2038 4929 2148 5010 ἔχω
2178 4954 2193 4968 ο
2216 4927 2417 4998 δεικνὺς
2445 4927 2526 4989 ὅτι
2554 4929 2666 5011 ἔχει
2711 4929 2807 5007 μὲν
2855 4929 3041 5004 μισθὸν
3075 4928 3166 4986 καὶ
3197 4931 3284 4988 ἐπὶ
3324 4931 3400 5009 τῷ
3431 4928 3634 5010 κηρύσ-

2036 5043 2178 5093 σειν,
2229 5021 2274 5078 εἷ
2313 5022 2403 5077 καὶ
2435 5018 2707 5098 ἐπίταγμα
2752 5016 3076 5078 Δεσποτικὸν
3124 5021 3343 5096 πληροῖ.
3402 5015 3631 5077 Ἄτοπον

2032 5109 2155 5188 γὰρ,
2177 5114 2223 5168 εἰ
2255 5111 2302 5167 οἱ
2329 5109 2617 5169 ἀπόστολοι
2647 5109 2834 5174 πάντες
2885 5109 2943 5166 οὗ
2977 5105 3238 5188 λήψονται
3275 5107 3461 5186 μισθὸν
3494 5107 3628 5186 ὗπὲρ

2031 5186 2391 5278 διν-ἐκήρυξαν
2423 5217 2436 5234 ⁸
2463 5197 2602 5272 πλὴν
2642 5199 2701 5258 οὗ
2741 5201 3014 5273 τοιοῦτον,
3047 5186 3157 5256 οἷον
3209 5197 3302 5257 καὶ
3352 5202 3380 5258 ὁ
3413 5196 3626 5256 ἀδαπά-

2032 5314 2132 5358 νως
2161 5288 2409 5372 κηρύξας.

3334 5515 3361 5527 ν

2106 5587 2131 5613 α
2163 5559 2264 5627 Τίς
2292 5551 2379 5620 οὖν
2411 5563 2438 5620 ὃ
2469 5559 2651 5639 μισθός
2677 5584 2694 5633 ;
2726 5558 2846 5621 Ἵνα
2878 5559 3377 5641 εὐαγγελιζόμενος,
3413 5558 3630 5618 ἀδάπα-

1711 5691 1898 5750 Variae
1941 5693 2234 5752 lectiones.

399 5777 420 5809 ‘
453 5780 540 5829 τοῦ
567 5776 828 5830 λυπεῖσθαι
853 5794 930 5832 m.
1007 5778 1026 5810 ⁵
1053 5779 1240 5840 πολλάς
1269 5797 1321 5837 ο,
