4090 6406
434 354 540 406 673

1324 345 1680 402 EXPOSITIO
1723 347 1788 402 IN
1831 345 2040 401 EPIST.
2085 344 2104 400 1
2141 347 2234 402 AD
2271 349 2428 404 COR.
2469 379 2539 391 —
2580 352 2728 408 CAP.
2773 355 2855 409 IX.

3636 366 3740 421 674

429 497 516 533 νον
564 471 712 544 θήσω
756 471 816 531 τὸ
866 469 1192 551 Εὖαγγέλιον
1241 474 1332 530 τοῦ
1391 473 1658 551 Χριστοῦ,
1716 471 1789 538 εἷς
1834 469 1894 530 τὸ
1951 468 2026 548 μὴ

2147 470 2470 544 praedicans,
2495 475 2614 532 sine
2633 483 2860 549 sumptu
2889 493 3087 551 ponam
3123 480 3478 556 Evangelium
3509 485 3740 558 Christi,

427 561 876 642 καταχρήσασθαι
1038 560 1247 641 ἐξουσίᾳ
1298 585 1398 639 μου
1430 563 1482 618 ἐν
1511 563 1588 640 τῷ
1637 559 1968 640 Εὗαγγελίῳ.
2005 586 2028 610 ι·

427 658 480 716 Τ
481 653 719 714 ουτέστιν
743 698 762 731 ,
807 656 835 710 ὃ
886 651 1078 730 μείζων
1125 652 1311 730 μισθὸς
1348 651 1440 712 καὶ
1470 650 1823 730 καυχήματος
1853 650 1994 718 ἄξιος
2014 694 2030 724 ,

426 743 515 802 ἵνα
559 741 635 820 μὴ
664 742 1108 822 καταχρήσωμαι
1138 746 1209 823 τῇ
1241 741 1450 821 ἐξουσίᾳ
1469 787 1484 813 ,
1534 741 1805 802 τουτέστιν
1825 786 1842 813 ,
1896 739 2032 809 ὅλως

425 832 764 913 χρήσωμαι·
815 832 914 903 τὴν
964 830 1066 912 γὰρ
1125 832 1308 900 ἅπλῶς
1372 835 1614 911 χρῆσιν,
1691 829 2031 912 κατάχρησιν

426 920 694 999 ὠνόμασε.
733 923 1026 999 Πανταχοῦ
1069 919 1125 980 δὲ
1167 919 1405 988 ἐξουσίαν
1455 920 1516 978 τὸ
1569 927 1796 1000 πρᾶγμα
1845 921 2035 992 καλεῖ,

430 1009 635 1078 δεικνὺς
660 1055 677 1082 ,
710 1009 793 1068 ὅτι
825 1009 943 1069 οὐδὲ
969 1011 1016 1067 οἱ
1047 1008 1414 1090 λαμϐάνοντες
1440 1010 1752 1090 ἡμάρτανόν
1789 1033 1862 1068 τι.
1889 1035 1912 1064 ιι
1938 1008 2034 1069 Ἐν

429 1103 507 1180 τῷ
541 1097 852 1180 Εὗαγγελίῳ
888 1121 917 1156 »
955 1098 1010 1157 δὲ
1035 1142 1052 1172 ,
1085 1089 1260 1172 εἶπεν,
1304 1096 1394 1158 ἵνα
1427 1089 1605 1178 δείξῃ,
1640 1095 1722 1158 ὅτι
1755 1101 1782 1158 ὁ
1815 1099 2035 1178 εὖαγγε·

428 1188 701 1267 λιζόμενος
743 1189 837 1248 καὶ
887 1189 1323 1271 πονῶν,ὀφείλει
1369 1187 1671 1268 λαμϐάνειν
1705 1210 1720 1226 ο
1769 1192 1798 1248 ὁ
1838 1187 1894 1248 δὲ
1941 1191 2034 1269 ἀρ-

432 1284 541 1359 γῶν
574 1280 619 1356 θ,
662 1277 745 1342 οὔ.
907 1301 928 1309 ’

511 1488 536 1515 α
571 1457 884 1539 Ἐλεύθερος
937 1457 1042 1540 γὰρ
1093 1457 1165 1520 ὢν
1195 1461 1255 1520 ἐκ
1292 1457 1542 1535 πάντων,
1590 1467 1756 1520 πᾶσιν
1805 1455 2036 1538 ἐμαυτὸν

440 1547 750 1624 ἐδούλωσα,
782 1548 869 1607 ἵνα
925 1548 1045 1617 τοὺς
1094 1549 1339 1617 πλείονας
1369 1551 1634 1627 κερδήσω.
1681 1573 1709 1607 ι)
1747 1549 1826 1610 Τὸ
1877 1548 2036 1608 πλέον

2143 571 2206 619 ut
2251 579 2367 619 non
2399 565 2598 621 abutar
2626 574 2897 638 potestate
2935 585 3055 626 mea
3095 568 3151 626 in
3206 575 3521 648 Evangelio.
3559 601 3584 628 ιι
3618 581 3742 636 Hoc

2141 659 2245 721 est,
2276 653 2459 726 major
2486 663 2568 711 est
2597 671 2829 726 merces,
2860 657 3130 731 dignaque
3156 661 3506 734 gloriatione,
3540 675 3601 723 ut
3627 684 3739 726 non

2141 742 2342 798 abutar
2390 752 2656 815 potestate
2697 762 2838 816 mea,
2892 748 2948 804 id
2990 758 3094 818 est,
3133 752 3363 808 omnino
3404 762 3549 811 utar.
3596 757 3735 814 Sim-

2144 830 2347 903 plicem
2418 833 2570 891 enim
2632 851 2815 902 usum,
2867 839 3100 895 abusum
3156 841 3466 912 appellavit.
3511 844 3740 918 Ubique

2145 929 2332 977 autem
2387 924 2698 996 negotium,
2746 934 3077 998 potestatem
3128 930 3414 1000 nominat,
3444 935 3740 993 ostendens

2146 1010 2316 1083 quod,
2341 1027 2519 1085 neque
2548 1015 2879 1086 accipientes
2901 1028 3199 1089 peccarunt
3226 1020 3546 1094 quidquam.
3601 1048 3626 1074 ιι
3673 1028 3742 1082 In

2148 1101 2465 1174 Evangelia,
2488 1126 2513 1152 ι»
2539 1113 2723 1160 autem
2739 1104 2908 1173 dixit;
2937 1107 3019 1162 uti
3040 1107 3112 1163 ob
3138 1109 3329 1165 oculos
3350 1121 3543 1183 ponat,
3571 1115 3740 1186 quod,

2143 1187 2189 1246 is
2235 1190 2330 1262 qui
2372 1193 2644 1266 Evangelii
2708 1195 3005 1252 ministerio
3047 1196 3329 1271 fungatur,
3372 1201 3616 1274 adeoque
3662 1204 3740 1260 Ia-

2149 1277 2330 1349 boret,
2388 1281 2636 1354 accipere
2713 1283 2905 1355 debet;
2969 1285 3062 1360 qui
3114 1296 3299 1344 autem
3358 1291 3570 1348 otiosus
3637 1301 3739 1360 est,

2150 1383 2396 1427 minime.

2219 1461 2401 1517 Vnns.
2436 1467 2522 1519 19.
2556 1485 2581 1514 «ι
2609 1465 2754 1520 Nam
2787 1481 2917 1521 cum
2946 1465 3085 1523 liber
3112 1482 3292 1525 essem
3347 1484 3414 1526 ex
3456 1471 3738 1544 omnibus,

2146 1551 2404 1607 omnium
2445 1567 2538 1608 me
2561 1569 2786 1611 servum
2830 1552 3037 1622 feci,ut
3064 1557 3246 1628 plures
3287 1558 3689 1619 lucrifacerem.
3725 1585 3753 1613 ι»

439 1640 622 1718 λέγει,
673 1637 754 1697 ὅτι
812 1640 895 1700 Οὐ
941 1638 1100 1716 μόνον
1152 1641 1247 1699 οὐκ
1298 1638 1526 1715 ἔλαϐον,
1575 1639 1748 1698 καίτοι
1797 1638 2036 1707 ἐξουσίαν

2153 1638 2316 1708 Quod
2363 1640 2548 1712 majus
2590 1649 2692 1710 est,
2742 1641 2896 1700 dicit.
2950 1647 3075 1702 Non
3121 1647 3326 1715 solum,
3386 1649 3586 1723 inquit,
3641 1667 3751 1708 non

441 1729 582 1810 ἔχων
609 1751 622 1766 ·
659 1727 796 1786 ἀλλὰ
826 1727 918 1787 καὶ
953 1729 1220 1810 ἐλεύθερος
1261 1727 1367 1803 ὢν,
1419 1730 1511 1788 καὶ
1541 1729 1710 1788 οὐδενὶ
1754 1729 2040 1805 ὖποκείμε-

439 1842 527 1884 νος
549 1865 565 1893 ,
612 1816 729 1877 οὐδὲ
763 1817 1002 1896 ἀνάγκην
1034 1816 1172 1898 ἔχων
1193 1863 1210 1892 ,
1256 1827 1419 1877 πᾶσιν
1463 1817 1732 1877 ἐδούλωσα
1762 1818 1995 1894 ἐμαυτόν
2023 1840 2038 1856 ⁸

441 1909 546 1987 οὐχ
587 1907 662 1966 ἑνὶ
686 1907 778 1966 καὶ
810 1906 958 1966 δυσὶν
981 1953 998 1984 ,
1035 1908 1172 1966 ἀλλὰ
1216 1913 1283 1988 τῇ
1324 1906 1606 1988 οἰκουμένῃ
1631 1927 1646 1942 ο
1699 1909 1800 1987 οὐχ
1843 1905 1932 1965 ἵνα
1972 1908 2043 1974 ὣς

444 1995 607 2064 κόλαξ
633 1995 811 2076 ἀρέσω
842 2041 860 2072 ,
892 1998 1010 2057 ἀλλ’
1041 1995 1130 2054 ἵνα
1165 1995 1285 2065 τοὺς
1313 1997 1564 2065 πλείονας
1613 1998 1859 2077 κερδήσω
1880 2019 1895 2037 ο
1925 1995 2044 2064 τοὺς

437 2084 542 2167 γὰρ
588 2086 795 2154 πάντας
809 2131 825 2160 ,
866 2085 1170 2166 ἀμήχανον.

520 2388 547 2417 α
601 2359 713 2424 Καὶ
749 2358 1002 2439 ἐγενόμην
1043 2358 1150 2425 τοῖς
1190 2357 1464 2423 Ἰουδαίοις
1506 2359 1576 2425 ὡς
1623 2357 1918 2430 Ἰουδαῖος,
1952 2356 2038 2416 ἵνα

438 2452 735 2517 Ἰουδαίους
794 2447 1062 2529 κερδήσω.
1125 2472 1150 2501 ι
1219 2446 1354 2508 ⁰Οτε
1405 2446 1683 2528 περιέτεμε
1751 2447 2035 2526 Τιμόθεον.

397 2571 400 2574 ’
437 2543 558 2600 Οὐκ
588 2531 702 2600 εἶπε
737 2535 791 2598 δὲ
817 2583 834 2612 ,
863 2537 1146 2612 Ἰουδαῖος,
1187 2536 1306 2595 ἀλλ’
1326 2580 1341 2605 ,
1386 2564 1410 2588 κ
1441 2535 1544 2604 ⁶Ως
1571 2535 1822 2604 Ἰουδαῖος
1842 2581 1859 2614 ,
1894 2564 1918 2588 ι
1951 2535 2039 2595 ἵνα

437 2629 584 2709 δείξῃ
614 2629 694 2688 ὅτι
719 2627 993 2703 οἰκονομία
1025 2625 1087 2685 τὸ
1124 2636 1350 2707 πρᾶγμα
1383 2616 1478 2697 ἦν.

519 2837 543 2864 α
577 2811 702 2874 Τοῖς
728 2806 830 2866 ὑπὸ
858 2806 1018 2884 νόμον
1039 2851 1056 2879 ,
1097 2805 1166 2872 ὡς
1199 2804 1299 2864 ὑπὸ
1327 2803 1486 2882 νόμον
1513 2850 1529 2879 ,
1563 2802 1652 2863 ἵνα
1693 2803 1811 2872 τοὺς
1839 2803 1941 2863 ὕπὸ
1965 2804 2042 2863 νό-

409 2902 414 2905 ’
447 2920 548 2975 μον
576 2895 843 2978 κερδήσω.
881 2920 913 2952 ιι
947 2894 1090 2958 Τοὺς
1136 2895 1500 2976 προσηλύτους
1543 2893 1725 2972 λέγει,
1839 2892 1959 2962 τοὺς
1988 2892 2040 2962 ἐξ

441 2985 717 3046 Ἰουδαίων
750 2985 846 3064 μὲν
879 2982 1099 3051 πιστοὺς
1145 2983 1452 3061 γενομένους
1475 3028 1490 3054 ,
1538 2983 1615 3041 ἔτι
1666 2984 1722 3043 δὲ
1753 2988 1846 3043 τοῦ
1877 2987 2039 3059 νόμου

437 3075 799 3157 ἐξεχομένους.
851 3074 1100 3152 Ἐγένετο
1147 3073 1203 3131 δὲ
1257 3079 1461 3146 ταῦτα,
1516 3071 1604 3132 ὅτε
1658 3071 1910 3154 ἐξύρατο,
1949 3073 2036 3132 ὅτε

434 3164 597 3224 ἔθυσε
628 3165 697 3225 τὰ
727 3169 818 3224 τοῦ
844 3167 1126 3238 ἁγνισμοῦ.
1158 3164 1346 3222 Ταῦτα
1371 3161 1426 3222 δὲ
1450 3161 1617 3222 ἐποίει
1647 3165 1993 3240 οἰκονομικῶς
2017 3207 2033 3236 ,

439 3254 533 3314 καὶ
561 3253 678 3314 κατ’
708 3252 991 3327 ἐπίδειξιν,
1035 3248 1123 3310 ἵνα
1152 3248 1273 3318 τοὺς
1302 3254 1515 3324 ἀληθῶς
1558 3257 1728 3312 ταῦτα
1758 3257 2038 3322 ποιοῦντας

443 3343 796 3424 διορθώσηται
808 3389 819 3400 .

525 3545 554 3580 ε
595 3525 722 3591 Τοῖς
769 3521 1019 3601 ἀνόμοις,
1065 3525 1137 3591 ὣς
1195 3523 1410 3600 ἄνομος.
1473 3548 1498 3577 ι
1553 3521 1803 3600 Ἆνόμους
1849 3519 2035 3600 λέγει,

436 3610 559 3680 τοὺς
609 3613 686 3689 μὴ
745 3611 833 3671 τὸν
888 3613 1053 3690 νόμον
1108 3618 1199 3672 τοῦ
1231 3612 1469 3676 Μωσέως
1521 3611 1783 3692 ἔχοντας,
1832 3609 1954 3679 τοὺς
1984 3610 2037 3681 ἐξ

436 3703 598 3762 ἐθνῶν
623 3752 638 3780 ,
676 3691 780 3770 οἶος
825 3693 890 3775 ἦν
943 3701 1235 3783 Κορνήλιος
1265 3725 1278 3739 ·
1323 3693 1399 3769 οἷς
1429 3700 1520 3759 καὶ
1563 3691 1737 3767 αὐτοῖς
1763 3701 1787 3739 ⁷
1825 3701 2037 3781 ἐπιφοι-

433 3794 575 3868 τῶν,
613 3791 1002 3869 συγκατέϐαινε
1159 3791 1409 3872 ἀσθενείᾳ
1442 3791 1636 3850 αὐτῶν.
1669 3787 1749 3850 Ἢ
1798 3789 2038 3858 καὶτοὺς

433 3879 737 3955 Ἕλληνας,
769 3880 954 3961 ὥσπερ
981 3884 1144 3953 ἡνίκα
1183 3882 1311 3962 πρὸς
1354 3879 1657 3952 Ἀθηναίους
1701 3877 1964 3958 διελέγετο
1985 3879 2034 3954 ⁸,

438 3969 546 4028 ἀπὸ
590 3975 683 4028 τοῦ
716 3969 845 4049 παρ’
876 3972 1048 4038 αὐτοῖς
1082 3974 1268 4050 βωμοῦ
1297 3972 1496 4044 ὁμιλῶν
1545 3971 1722 4036 αὐτοῖς
1743 4014 1760 4047 ,
1812 3969 1904 4027 καὶ
1939 3969 2040 4050 οὐχ

435 4060 508 4126 ὡς
537 4059 661 4138 περὶ
689 4061 834 4120 Θεοῦ
864 4067 955 4119 τοῦ
999 4061 1270 4140 Χριστοῦ,
1314 4058 1434 4119 ἀλλ’
1469 4061 1539 4126 ὡς
1583 4058 1707 4139 περὶ
1756 4056 2038 4139 ἀνθρώπου

434 4147 722 4210 διδάσκων.
756 4150 840 4210 Οὐ
875 4149 978 4229 γὰρ
1009 4150 1218 4208 ἀκούειν
1250 4149 1486 4228 ἐχώρουν
1526 4147 1761 4208 τοιοῦτόν
1789 4171 1842 4206 τι
1868 4170 1881 4184 ο
1913 4147 2036 4206 ἀλλ’

434 4237 529 4296 ἕνα
558 4240 662 4296 τῶν
705 4241 832 4319 παρ’
881 4239 1057 4304 αὐτοῖς
1095 4237 1508 4319 θεοποιηθέντων
1552 4238 1645 4296 καὶ
1695 4243 1876 4296 τοῦτον
1927 4235 2037 4296 ἐνό-

437 4329 590 4401 μιζον
627 4348 641 4363 ο
688 4316 800 4394 οἶος
838 4324 1147 4407 Ἡρακλῆς,
1196 4318 1301 4395 οἶος
1349 4324 1688 4398 Ἀσκληπιός.
1737 4328 2038 4406 Πανταχοῦ

2154 1729 2364 1800 accepi,
2422 1730 2639 1786 etiamsi
2669 1740 3001 1804 potestatem
3043 1733 3307 1792 haberem
3341 1756 3354 1793 :
3387 1741 3753 1798 verumetiam

2152 1816 2286 1873 liber
2340 1835 2466 1875 cum
2518 1835 2732 1889 essem,
2797 1829 2854 1878 et
2915 1822 3123 1879 nemini
3179 1825 3496 1897 subjectus,
3573 1845 3752 1903 neque

2152 1908 2544 1966 necessitatem
2585 1908 2817 1980 habens,
2853 1912 3109 1969 omnibus
3144 1922 3332 1970 tamen
3371 1916 3648 1989 meipsum
3695 1919 3752 1975 in

2153 1998 2478 2056 servitutem
2541 1999 2727 2072 redegi
2782 2019 2796 2057 :
2858 2017 2972 2057 non
3026 2001 3138 2072 uni,
3187 2012 3283 2060 aut
3331 2005 3584 2077 duobus,
3653 2008 3750 2066 sed

2151 2087 2408 2146 universo
2455 2097 2725 2146 terrarum
2775 2090 2938 2148 orbi:
2973 2107 3085 2147 non
3127 2101 3186 2148 ut
3235 2092 3534 2152 adulatoris
3579 2096 3750 2153 instar

2154 2176 2426 2248 placeam,
2467 2187 2730 2235 caeterum
2769 2187 2831 2236 ut
2876 2181 3060 2252 plures
3107 2182 3446 2240 lucrifaciam
3490 2203 3502 2240 :
3554 2201 3750 2244 omnes

2152 2267 2324 2334 enim,
2355 2268 2706 2341 impossibile.

2225 2359 2403 2413 Vnus.
2445 2364 2534 2413 20.
2571 2382 2595 2408 ιι
2629 2361 2699 2414 Et
2745 2358 2921 2417 factus
2962 2377 3088 2418 sum
3112 2362 3317 2420 Iudaeis
3347 2372 3609 2438 tanquam
3647 2367 3750 2422 Ju-

2155 2445 2307 2502 daeus
2334 2455 2398 2502 ut
2423 2446 2647 2504 Iudaeos
2672 2448 2868 2505 lucrer.
2896 2469 2925 2502 ι)
2958 2453 3188 2524 Nempe,
3242 2453 3475 2526 quando
3504 2455 3744 2511 circum-
3845 2455 3848 2457 λ

2151 2535 2282 2592 cidit
2326 2536 2707 2595 Timotheum.
2756 2541 2882 2596 Non
2931 2548 3115 2597 autem
3159 2542 3317 2612 dixit,
3348 2542 3593 2611 Judaeus,
3626 2544 3744 2613 sed,

2157 2648 2184 2675 α
2225 2625 2407 2683 Veluti
2461 2627 2710 2696 Judaeus,
2763 2650 2789 2677 ιο
2832 2633 2894 2684 ut
2941 2631 3203 2688 ostendat
3251 2631 3400 2704 quod
3455 2634 3747 2705 negotium

2151 2714 2484 2787 dispensatio
2508 2726 2640 2773 erat.

2227 2829 2251 2854 ει
2279 2806 2353 2862 Iis
2406 2807 2498 2878 qui
2548 2816 2680 2864 sunt
2716 2808 2816 2865 sub
2855 2809 2995 2882 lege,
3043 2810 3202 2883 quasi
3237 2811 3339 2868 sub
3379 2811 3492 2885 lege
3542 2827 3745 2881 essem,

2155 2903 2215 2951 ut
2257 2910 2353 2952 eos
2393 2896 2484 2968 qui
2531 2897 2635 2952 sub
2659 2898 2808 2970 lege,
2863 2901 3055 2957 Iucrer.
3106 2920 3134 2954 »
3181 2901 3492 2974 Proselytas
3537 2902 3746 2958 intelli-

2152 2986 2250 3056 git,
2290 2987 2371 3041 vel
2425 3001 2520 3043 eos
2567 2986 2658 3059 qui
2706 3004 2769 3054 ex
2819 2989 3028 3046 Iudaeis
3073 2989 3200 3047 ﬁdei
3253 2999 3595 3048 accesserant
3643 2991 3748 3048 ad-

2147 3075 2256 3132 huc
2307 3083 2496 3132 tamen
2550 3078 2670 3150 lege
2716 3076 3112 3136 detinerentur.
3181 3081 3346 3136 Facta
3389 3091 3573 3138 autem
3616 3089 3748 3137 sunt

2148 3166 2292 3235 haec,
2320 3166 2548 3238 quando
2587 3183 2744 3223 rasus
2771 3175 2876 3238 est,
2924 3168 3148 3241 quando
3207 3184 3332 3242 quae
3373 3169 3444 3226 ad
3491 3170 3743 3242 puriﬁca-

2149 3256 2360 3312 tionem
2414 3256 2673 3326 attinent,
2721 3257 2936 3314 obtulit.
2988 3261 3123 3316 Haac
3153 3268 3341 3316 autem
3383 3275 3480 3332 per
3516 3260 3742 3332 dispen-

2148 3345 2420 3402 sationem
2452 3346 2709 3416 faciebat,
2756 3348 2892 3404 etin
2920 3349 3175 3420 speciem,
3211 3359 3273 3406 ut
3300 3365 3397 3407 eos
3440 3350 3535 3422 qui
3557 3366 3748 3407 revera

2148 3434 2252 3492 ista
2281 3434 2542 3504 facerent,
2572 3440 2924 3510 corrigerent.

2221 3528 2394 3583 Vens.
2420 3531 2508 3581 21.
2539 3545 2566 3578 ‹‹
2586 3525 2747 3597 175
2777 3528 2884 3583 lllis
2903 3527 2996 3600 qui
3019 3528 3264 3603 sinelege
3283 3537 3462 3598 erant,
3482 3538 3747 3604 tanquam

2145 3614 2264 3671 sine
2316 3616 2431 3688 lege
2480 3630 2680 3672 essem.
2729 3640 2752 3664 υ
2797 3619 2940 3690 Lege
2989 3627 3242 3674 carentes
3294 3635 3389 3675 eos
3436 3619 3601 3688 dicit,
3646 3619 3747 3692 qui

2147 3702 2323 3777 legem
2372 3705 2681 3762 Mosaicam
2729 3721 2847 3761 non
2899 3705 3195 3774 habebant,
3244 3707 3338 3780 qui
3380 3723 3444 3763 ex
3494 3708 3748 3780 gentibus

2147 3801 2323 3858 erant,
2362 3794 2535 3867 qualis
2566 3803 2682 3850 erat
2710 3795 2995 3852 Cornelius
3031 3815 3043 3851 :
3076 3795 3148 3852 ad
3180 3786 3320 3868 quos
3342 3797 3433 3852 ille
3457 3795 3740 3864 accedens,

2145 3883 2454 3940 infirmitati
2502 3899 2698 3940 eorum
2746 3884 3148 3956 acquiescebat.
3228 3886 3325 3941 Vel
3379 3886 3602 3942 Graecos
3657 3885 3742 3940 in-

2147 3971 2361 4041 telligit,
2413 3972 2581 4029 veluti
2635 3971 2858 4045 quando
2905 3973 3168 4030 adversus
3221 3973 3587 4032 Athenienses
3641 3973 3748 4030 dis~

2113 4065 2128 4078 ‘
2149 4061 2405 4134 putabat,
2435 4061 2501 4118 ad
2533 4077 2710 4132 aram,
2741 4077 2864 4134 quae
2887 4062 3034 4135 apud
3081 4063 3228 4136 ipsos
3253 4071 3391 4130 erat,
3425 4078 3742 4120 sermonem

2147 4152 2478 4208 instituens:
2512 4161 2567 4209 et
2594 4153 2663 4209 de
2717 4152 2959 4221 Christo,
3000 4168 3113 4209 non
3169 4162 3434 4225 tanquam
3479 4152 3550 4210 de
3601 4157 3743 4222 Deo,

2148 4241 2246 4298 sed
2275 4250 2536 4315 tanquam
2585 4242 2652 4299 dc
2683 4242 2927 4310 homine,
2977 4243 3205 4300 docens.
3243 4246 3386 4300 Nam
3441 4242 3553 4300 tale
3609 4243 3744 4316 quid

2147 4332 2339 4388 audire
2375 4348 2490 4388 non
2521 4339 2807 4404 poterant;
2840 4331 2934 4389 sed
2965 4340 3021 4388 et
3045 4333 3225 4404 ipsum
3255 4333 3489 4389 deorum
3515 4349 3744 4390 suorum

437 4415 492 4474 δὲ
519 4414 615 4490 τὸ,
645 4443 668 4469 ιι
691 4414 821 4489 Ὡς,
855 4441 877 4468 ι
908 4406 1251 4497 πρόσκειται,
1279 4415 1367 4478 ἵνα
1395 4415 1600 4496 μάθῃς,
1626 4415 1710 4476 ὅτι
1736 4414 2036 4475 ἐπεδείκνυ-

2150 4421 2452 4494 quemdam
2503 4421 2926 4492 arbitrabantur,
2974 4423 3153 4495 qualis
3200 4423 3506 4492 Hercules,
3567 4423 3746 4495 qualis

435 4527 496 4563 το
525 4509 692 4564 ταῦτα
713 4549 732 4582 ,
765 4507 862 4565 οὒκ
894 4504 968 4564 ὢν
1000 4508 1230 4579 ἀληθῶς.

518 4803 544 4828 κ
575 4777 594 4854 (
616 4775 707 4849 Μὴ
734 4775 807 4835 ὢν
831 4775 1022 4855 ἄνομος
1047 4778 1188 4838 Θεοῦ
1205 4823 1221 4854 ,
1246 4777 1365 4836 ἀλλ’
1391 4773 1605 4852 ἔννομος
1632 4775 1916 4856 Χριστοῦ),
1948 4773 2036 4834 ἴνα

437 4866 680 4946 κερδήσω
711 4867 963 4945 ἀνόμους.
994 4888 1026 4926 »
1057 4863 1178 4927 Ἵνα
1223 4866 1300 4943 μὴ
1330 4865 1577 4946 νομίσῃς,
1605 4864 1686 4924 ὅτι
1729 4864 2035 4942 μετεϐλήθη

433 4953 534 5028 τὴν
603 4955 855 5034 γνώμην,
920 4955 1047 5036 πρὸς
1097 4955 1322 5033 ἀνόμους
1379 4953 1782 5032 διαλεγόμενος,
1849 4953 2030 5035 φησί’

430 5064 460 5101 α
495 5043 589 5116 Μὴ
618 5043 692 5102 ὢν
725 5044 916 5121 ἄνομος
945 5050 1088 5108 Θεοῦ
1120 5068 1132 5082 ·
1165 5068 1194 5105 ι)
1251 5044 1369 5102 ἀντὶ
1399 5049 1491 5102 τοῦ
1516 5089 1532 5117 ,
1567 5045 1644 5122 μὴ
1681 5044 1756 5102 ὢν
1798 5043 1897 5112 ἔξω
1930 5045 2036 5101 τῶν

429 5131 605 5211 νόμων
630 5139 724 5193 τοῦ
753 5135 929 5210 Θεοῦ,
959 5136 1077 5193 ἀλλ’
1107 5134 1325 5210 ἔννομος
1347 5157 1361 5170 ·
1384 5132 1476 5192 καὶ
1507 5133 1608 5214 οὐχ
1638 5131 1820 5200 ἁπλῶς
1844 5130 2038 5193 Ἔννο·

434 5245 532 5298 μος
551 5267 568 5298 ,
603 5221 743 5283 ἀλλὰ
769 5250 794 5274 ιι
824 5225 1069 5302 Χριστοῦ
1093 5268 1109 5296 ,
1148 5251 1174 5276 ι»
1204 5224 1504 5296 τουτέστιν,
1540 5226 1632 5281 τοῦ
1675 5220 2036 5302 παλαιοτέρου

429 5310 595 5388 νόμου
623 5311 950 5393 ὕψηλότερον
987 5313 1151 5392 νόμον
1188 5313 1326 5394 ἔχων
1345 5357 1361 5386 ,
1396 5313 1486 5370 τὸν
1515 5317 1606 5372 τοῦ
1633 5311 1890 5393 Χριστοῦ.
1926 5309 2033 5371 Καὶ

431 5399 486 5458 τί
512 5400 574 5459 τὸ
614 5401 832 5482 κέρδος,
864 5429 889 5455 ι
917 5399 1042 5462 Ἵνα
1071 5402 1318 5482 κερδήσω
1358 5401 1608 5480 ἀνόμους.
1647 5425 1680 5459 ι

2149 4511 2510 4584 Αἰδουιδρὶιιε.
2579 4511 2805 4585 Ubique
2857 4519 3046 4567 autem
3099 4511 3398 4583 apponitur
3454 4511 3743 4582 particula,

2149 4624 2174 4649 α
2217 4604 2528 4672 Tanquam,
2583 4624 2608 4649 υ
2654 4601 2736 4658 uti
2787 4600 2989 4670 discas,
3038 4600 3185 4673 quod
3233 4599 3353 4656 haec
3392 4598 3449 4654 in
3499 4600 3742 4672 speciem

2146 4690 2454 4759 ostentarit,
2484 4690 2608 4746 talis
2637 4705 2825 4746 revera
2854 4705 2964 4745 non
2994 4689 3278 4745 exsistens.

2225 4798 2252 4832 ιι
2281 4780 2440 4847 (Cum
2483 4780 2599 4835 sine
2650 4781 2768 4852 lege
2804 4778 2907 4834 Dei
2959 4795 3070 4835 non
3122 4794 3321 4848 essem,
3384 4777 3482 4836 sed
3526 4779 3579 4835 in
3629 4778 3743 4851 lege

2145 4868 2366 4940 Christi)
2390 4877 2455 4925 ut
2481 4884 2576 4925 eos
2603 4868 2695 4940 qui
2738 4869 2854 4924 sine
2883 4867 2999 4941 lege
3044 4877 3242 4934 essent,
3273 4867 3667 4926 lucrifacerem.
3713 4887 3739 4922 ››

2146 4960 2230 5015 Ne
2281 4959 2562 5014 existimes
2615 4957 2764 5030 quod
2806 4959 3140 5016 sententiam
3183 4959 3431 5027 mutarit,
3480 4975 3608 5015 cum
3673 4957 3744 5014 ad

2149 5048 2362 5122 exleges
2407 5047 2743 5119 disputaret;
2798 5070 2824 5096 ‹‹
2878 5049 3020 5105 Cum
3077 5064 3189 5104 non
3237 5063 3437 5115 essem,
3483 5070 3508 5096 ιο
3541 5045 3740 5118 inquit,

2153 5159 2178 5186 α
2223 5137 2431 5211 absque
2464 5137 2578 5210 lege
2633 5138 2781 5194 Dei:
2829 5138 2985 5208 quasi
3035 5137 3202 5206 dicat,
3229 5153 3355 5194 cum
3405 5151 3515 5190 non
3562 5150 3742 5191 essem

2151 5235 2302 5285 extra
2350 5227 2450 5282 Dei
2507 5226 2669 5300 leges,
2723 5226 2814 5282 sed
2869 5224 2923 5281 in
2967 5226 3127 5298 lege:
3162 5241 3268 5281 nec
3313 5223 3639 5295 simpliciter
3688 5225 3744 5279 in

2148 5317 2288 5390 lege,
2319 5331 2510 5372 verum
2557 5316 2612 5371 in
2643 5315 2758 5389 lege
2800 5314 3000 5371 Christi
3036 5335 3048 5371 :
3079 5313 3185 5370 hoc
3231 5321 3337 5384 est,
3386 5321 3574 5369 vetere
3625 5311 3746 5384 lege

2141 5406 2584 5479 prestantiorem
2606 5403 2827 5472 habens,
2851 5403 3052 5460 Christi
3077 5403 3360 5460 nimirum.
3391 5406 3594 5475 Ecqua:
3617 5402 3747 5460 inde

2143 5494 2511 5554 commoditas
2536 5497 2562 5551 Ρ
2582 5497 2664 5552 Ut
2685 5491 3026 5551 lucrifaciam
3041 5508 3156 5563 eos,
3185 5492 3281 5566 qui
3310 5500 3439 5549 sunt
3460 5490 3575 5547 sine
3602 5491 3743 5563 lege.

1822 5587 2016 5649 Variae
2058 5588 2363 5649 lectiones.

506 5677 531 5714 δ
557 5677 615 5731 οὗ
646 5675 746 5750 μὴν
771 5681 795 5733 ὁ
824 5676 991 5750 ἀργῶν
1016 5695 1076 5737 0.
1153 5678 1172 5713 ⁷
1196 5676 1266 5736 ἴσ.
1299 5677 1461 5743 αὖτός.
1539 5677 1560 5714 ⁸
1588 5677 1786 5752 ἔλεγεν.
