4110 6414
376 349 477 402 675

441 471 613 526 Vnus.
646 471 736 523 22.
787 484 818 519 (ι
847 467 1046 523 Factus
1073 478 1200 521 sum
1227 462 1462 520 inﬁrmis
1499 470 1768 536 tanquam
1807 461 1969 518 inﬁr-
1999 466 2056 532 Α

367 573 513 626 mus,
543 565 606 612 ut
645 555 896 612 inﬁrmos
929 551 1332 610 lucrifacerem.
1365 571 1394 606 ι)
1431 551 1674 608 Perinde
1720 567 1784 608 ac
1821 565 1971 608 nunc

370 646 526 704 vobis
565 645 747 702 factus
776 660 924 712 sum,
977 643 1048 700 ob
1088 642 1418 699 imbecillam
1445 650 1688 699 vestram
1744 640 1972 697 scanda-

371 736 548 807 lisque
574 734 728 792 facile
756 732 1057 789 obnoxiam
1086 740 1354 801 mentem,
1405 747 1534 788 cum
1562 731 1714 787 nolui
1755 747 1785 786 a
1820 729 1975 786 vobis

375 825 468 883 ali.
501 823 819 896 Quinetiam
868 821 1039 878 sicubi
1088 837 1239 890 eum,
1270 821 1343 878 ob
1394 820 1709 878 auditorum
1734 818 1975 875 inﬁrmi-

373 923 572 982 tatem,
598 913 681 969 vel
706 911 774 969 de
805 911 923 968 Filli
960 910 1182 980 deitate,
1208 910 1292 966 vel
1321 909 1391 967 de
1421 911 1659 982 Spiritus
1685 908 1974 966 divinitate

373 1020 486 1060 non
532 1002 820 1076 perspicue
860 1001 1220 1058 disserentem
1263 999 1648 1072 conspexeris;
1701 1007 1822 1056 tum
1869 1013 1973 1054 no-

376 1093 524 1151 veris
550 1094 736 1164 ipsum
785 1089 1025 1148 inﬁrmis
1052 1097 1322 1162 tanquam
1367 1090 1650 1146 inﬁrmum
1689 1089 1826 1146 ﬁeri.

449 1207 475 1234 ιι
528 1182 796 1240 Omnibus
869 1180 1046 1238 factus
1116 1196 1243 1237 sum
1310 1180 1514 1250 omnia,
1597 1187 1662 1236 ut
1744 1177 1974 1236 omnino

373 1271 654 1347 quosdam
699 1270 943 1328 facerem
997 1270 1192 1326 salvos.
1260 1293 1288 1319 ιο
1337 1272 1411 1326 Et
1468 1268 1600 1342 quid
1655 1270 1828 1326 multa
1884 1283 1976 1324 re-

377 1379 632 1421 censeam
675 1367 699 1419 ?
742 1360 1018 1419 Omnibus
1048 1376 1139 1417 me
1176 1360 1533 1432 attemperavi
1582 1377 1597 1416 :
1656 1359 1821 1432 Atqui
1863 1374 1976 1415 non

377 1467 578 1509 omnes
613 1459 827 1508 servate
854 1459 1204 1522 exspectans,
1229 1464 1421 1506 verum
1461 1457 1525 1505 ut
1551 1463 1754 1523 paucos
1777 1448 1973 1505 saltem

373 1541 552 1598 salvos
599 1539 886 1597 facerem:
936 1538 1084 1612 quod
1129 1546 1188 1595 et
1227 1537 1610 1596 admirabilius
1668 1545 1773 1594 est.
1832 1539 1976 1594 Nam

375 1631 468 1703 qui
518 1630 711 1687 uberes
765 1626 979 1685 fructus
1005 1636 1208 1700 sperat,
1251 1627 1296 1684 si
1333 1628 1425 1684 ille
1457 1627 1691 1696 laboret,
1738 1642 1854 1682 non
1895 1633 1978 1682 est

382 1719 518 1776 adeo
569 1717 936 1775 mirandum:
987 1716 1136 1790 quod
1179 1726 1372 1773 autem
1417 1717 1626 1790 exiguae
1663 1717 1743 1773 rei
1780 1715 1971 1789 gratia,

376 1807 688 1880 modicique
717 1805 926 1863 fructus
963 1771 1125 1862 causa
1159 1806 1329 1863 tantis
1359 1771 1640 1864 laboribus
1675 1822 1734 1864 se
1769 1771 1972 1862 defati-

2086 1825 2185 1869 τως
2205 1845 2222 1874 ,
2250 1821 2280 1859 ι)
2339 1771 2677 1880 πρωέθηκὲ,
2710 1771 3187 1878 παραμυθούμενός
3231 1792 3554 1854 διδάσκοντα

369 1897 536 1972 gavit,
594 1896 701 1952 hoc
746 1911 877 1952 sane
927 1912 1193 1970 magnum
1237 1905 1346 1954 est.
1383 1919 1408 1947 ι
1458 1897 1759 1954 Omnino»
1787 1903 1974 1952 autem

370 1987 647 2060 apposuit,
660 1983 1097 2042 consolationem
1115 1987 1367 2059 praebens
1382 1986 1730 2044 docentibus.
1746 1984 1976 2043 Etiamsi

1302 336 1819 395 THEOPHYLACTI
1857 331 2222 390 BULGARIIE
2257 332 2576 389 ARCHIEP.

3583 323 3688 378 676

2169 481 2200 514 α
2237 456 2543 536 Ἐγενόμην
2581 462 2692 524 τοῖς
2733 452 3005 514 ἀσθενέσιν
3035 455 3107 522 ὣς
3149 448 3404 525 ἀσθενὴς,
3447 447 3538 507 ἵνα
3566 445 3688 515 τοὺς

2081 549 2316 614 ἀσθενεῖς
2342 545 2606 628 κερδήσω.
2643 571 2667 598 ι
2710 539 2932 625 Ὥσπερ
2967 549 3057 603 νῦν
3091 542 3214 620 ὑμῖν
3246 539 3334 600 διὰ
3359 538 3457 611 τὴν
3487 540 3685 628 ἀσθενῆ

2082 639 2232 715 ὑμῶν
2261 636 2354 696 καὶ
2394 626 2837 695 εὖσκανδάλιστον
2878 632 3097 712 γνώμην
3121 676 3138 705 ,
3175 630 3250 709 μὴ
3283 629 3514 702 θελήσας
3545 627 3630 709 ὕφ’
3663 626 3688 664 ⁹

2081 729 2231 802 ὑμῶν
2277 730 2564 808 τραφῆναι.
2653 723 2816 784 Ἀλλὰ
2881 721 2974 782 καὶ
3035 720 3160 780 ὅταν
3213 718 3329 799 ἴδῃς
3371 717 3551 808 αὐτὸν-
3612 715 3688 795 μὴ

2082 818 2284 895 τρανῶς
2394 805 2530 894 ’περὶ
2559 817 2653 886 τῆς
2700 818 2792 873 τοῦ
2835 813 2970 872 Υίοῦ
3021 809 3266 884 θεότητος
3289 855 3306 887 ,
3359 805 3394 879 ἢ
3440 805 3564 888 περὶ
3597 809 3691 878 τῆς

2081 911 2174 966 τοῦ
2234 904 2546 982 Πνεύματος
2609 902 2866 981 λέγοντα,
2916 899 3003 959 διὰ
3066 899 3163 972 τὴν
3239 897 3518 958 ἀσθένειαν
3581 899 3687 955 τῶν

2083 993 2379 1054 ἀκουόντων
2401 1037 2416 1066 ,
2464 992 2557 1052 καὶ
2584 991 2705 1052 τότε
2750 990 2862 1050 ἴσθι
2911 990 3069 1050 αὐτὸν
3114 987 3352 1067 γίνεσθαι
3381 995 3489 1054 τοῖς
3521 990 3688 1046 ἀσθε-

2082 1083 2224 1145 νέσιν
2260 1086 2332 1151 ὣς
2361 1084 2581 1155 ἀσθενῆ.

2169 1196 2201 1229 α
2232 1176 2359 1238 Τοῖς
2391 1179 2526 1231 πᾶσι
2573 1171 2764 1250 γέγονα
2794 1169 2864 1230 τὰ
2894 1169 3104 1242 πάντα,
3153 1165 3244 1228 ἵνα
3294 1165 3510 1234 πάντως
3540 1165 3686 1232 τινὰς

2085 1262 2244 1322 σώσω
2277 1261 2348 1324 ⁴⁰.
2383 1283 2413 1321 ι)
2462 1261 2573 1322 Καὶ
2617 1260 2667 1319 τί
2691 1260 2865 1320 πολλὰ
2895 1263 3369 1339 καταριθμοῦμαι;
3399 1258 3528 1321 Τοῖς
3555 1263 3687 1313 πᾶσι

2085 1350 2420 1431 συγκατέϐην
2454 1375 2468 1388 ⁸
2517 1349 2694 1410 καίτοι
2747 1373 2807 1428 γε
2852 1352 2911 1408 οὖ
2955 1349 3162 1414 πάντας
3205 1345 3391 1415 σώζειν
3443 1345 3680 1426 προσδο-

2085 1445 2225 1516 κῶν,
2255 1441 2372 1501 ἀλλ’
2423 1439 2512 1501 ἵνα
2543 1439 2637 1500 καὶ
2684 1439 2890 1517 ὀλίγους
2917 1437 3093 1520 [σώσω
3127 1456 3142 1472 ⁸
3177 1435 3206 1495 ὃ
3237 1437 3331 1496 καὶ
3368 1431 3688 1512 θαυμασιώ-

2083 1555 2255 1613 τερον.
2289 1531 2367 1592 Τὸ
2417 1530 2512 1609 μὲν
2567 1527 2670 1610 γὰρ
2727 1528 3008 1598 ἐλπίζοντα
3055 1526 3295 1606 μεγάλην
3351 1522 3681 1605 ἐπικαρπίαν

2085 1629 2297 1696 πονεῖν,
2326 1623 2384 1680 οὗ
2433 1625 2682 1681 τοσοῦτον
2726 1617 3032 1696 θαυμαστόν
3066 1639 3080 1654 ·
3128 1615 3190 1675 τὸ
3241 1614 3297 1675 δὲ
3347 1615 3441 1675 καὶ
3484 1614 3686 1692 μικρῶν

2085 1710 2242 1771 ἕνεκα
2274 1715 2506 1770 τοσαῦτα
2537 1714 2754 1789 μοχθεῖν
2779 1707 2854 1781 ⁴¹,
2887 1711 3044 1765 τοῦτο
3073 1705 3236 1785 μέγα.
3265 1704 3346 1765 Τὸ
3376 1702 3457 1780 δὲ,
3483 1731 3508 1754 ι
3535 1705 3689 1763 Πάν-

3558 1814 3582 1858 ς
3607 1790 3684 1853 ⁸³.

2085 1889 2204 1952 Κᾶν
2234 1889 2338 1972 γὰρ
2375 1887 2449 1966 μὴ
2487 1888 2604 1956 τοὺς
2650 1886 2852 1953 πάντας
2899 1883 3141 1965 διασώσῃ
3196 1907 3275 1952 τις
3295 1929 3316 1960 ,
3351 1881 3566 1947 πάντως
3614 1903 3674 1959 γε

2083 1980 2289 2060 ὀλίγους
2319 1977 2580 2059 διασώσῃ.
2624 1979 2835 2039 Οὐκοῦν
2881 1977 2976 2035 οὐκ
3016 1975 3218 2056 ὀφείλει
3267 1975 3601 2052 ἀποναρκᾷν.

374 2076 530 2134 enim
583 2090 698 2132 non
764 2089 966 2132 omnes
1028 2075 1304 2149 quispiam
1381 2084 1686 2146 conservet,
1745 2075 1980 2134 omnino
2025 2078 2212 2126 tamen
2244 2084 2451 2143 paucos
2496 2067 2756 2125 servabit.
2805 2065 2937 2123 Otio
2970 2065 3158 2139 itaque
3198 2071 3514 2136 torpescere
3548 2074 3662 2115 non

377 2164 559 2223 debet.

448 2257 632 2312 Vsus.
658 2259 748 2311 23.
781 2277 808 2304 α
827 2255 950 2311 Hoc
975 2263 1163 2312 autem
1188 2254 1326 2312 facio
1352 2264 1574 2328 propter
1596 2254 1974 2329 Evangelium,

374 2353 438 2402 ut
460 2343 728 2418 particeps
756 2344 878 2417 ejus
909 2343 1139 2402 efﬁciar.
1173 2369 1198 2395 ιο
1236 2347 1590 2419 Evangelium
1618 2345 1751 2402 dicit
1771 2344 1976 2410 ﬁdeles,

378 2433 474 2508 qui
514 2449 612 2507 per
648 2433 1008 2507 Evangelium
1049 2444 1356 2506 servantur,
1398 2435 1878 2508 quemadmodum
1921 2442 1981 2491 et

381 2538 546 2596 supra
574 2521 716 2579 dixit
745 2540 759 2578 :
792 2548 815 2571 α
851 2525 930 2580 Ex
964 2524 1259 2597 Evangelio
1294 2525 1488 2592 vivere,
1527 2549 1553 2575 υ
1593 2541 1714 2598 pro,
1761 2541 1826 2583 ex
1867 2539 1984 2582 cre-

376 2612 654 2671 dentibus.
692 2615 771 2670 Ut
797 2611 987 2685 igitur,
1022 2614 1223 2687 inquit,
1271 2615 1518 2672 ﬁdelium
1572 2630 1793 2673 coronae
1844 2631 1984 2672 con-

377 2718 501 2760 sors
543 2702 934 2773 ﬁeri.possim,
983 2712 1270 2776 propterea
1305 2705 1425 2762 haec
1453 2705 1595 2762 facio
1628 2721 1780 2763 :non
1831 2704 1984 2778 quod

383 2791 504 2864 ipse
533 2807 630 2862 pro
659 2791 916 2848 mercede
950 2790 1069 2848 haec
1106 2793 1332 2863 faceret,
1378 2810 1581 2852 verum
1619 2803 1684 2851 ut
1711 2795 1815 2850 illis
1861 2810 1983 2866 per-

376 2879 630 2937 suaderet
656 2880 846 2936 omnia
881 2896 980 2952 pro
1028 2880 1294 2941 fratribus
1320 2883 1527 2954 facere,
1579 2900 1676 2957 spe
1701 2883 1982 2941 bonorum

376 2984 763 3042 supernorum.
821 2969 1116 3028 Considera
1175 2971 1360 3029 autem
1419 2975 1540 3046 ejus
1582 2973 1978 3043 humilitatem,

2165 2295 2190 2324 α
2225 2269 2396 2330 Τοῦτο
2420 2267 2474 2326 δὲ
2507 2268 2644 2326 ποιῶ
2683 2264 2770 2324 διὰ
2790 2263 2849 2324 τὸ
2878 2260 3213 2344 Εὖαγγέλιον
3234 2306 3249 2336 ,
3279 2259 3368 2319 ἵνα
3390 2281 3683 2339 συγκοινω-

2085 2359 2169 2427 νὸς
2202 2359 2362 2417 αὐτοῦ
2388 2355 2651 2436 γένωμαι.
2691 2381 2716 2408 ι
2745 2352 3074 2434 Εὖαγγέλιον
3118 2350 3266 2430 λέγει
3293 2349 3412 2416 τοὺς
3436 2346 3690 2422 πιστοὺς,

2088 2447 2210 2518 τοὺς
2271 2448 2357 2505 διὰ
2403 2435 2498 2506 τοῦ
2554 2443 2881 2522 Εὖαγγελίου
2930 2441 3261 2521 σωζομένους
3291 2463 3306 2478 ·
3365 2438 3548 2520 ὥσπερ
3597 2435 3692 2499 καὶ

2091 2537 2339 2618 ἀνωτέρω
2388 2538 2564 2608 εἶπεν,
2606 2557 2636 2594 (ι
2661 2535 2767 2596 Ἐκ
2811 2537 2905 2594 τοῦ
2952 2531 3275 2618 Εὗαγγελίου
3327 2533 3419 2609 ζῇν
3441 2574 3458 2604 ,
3503 2550 3534 2587 ιι
3574 2525 3692 2586 ἀντὶ

2093 2633 2183 2688 τοῦ
2206 2673 2221 2703 ,
2255 2629 2315 2686 ἐκ
2343 2627 2447 2685 τῶν
2493 2625 2875 2686 πιστευόντων.
2918 2621 3044 2684 Ἵνα
3087 2618 3209 2691 οὖν,
3263 2618 3431 2703 φησὶ,
3485 2619 3690 2690 δυνηθῶ

2091 2719 2414 2788 κοινωνῆσαι
2465 2717 2568 2774 τῶν
2615 2714 2886 2795 στεφάνων
2933 2719 3040 2780 τοῖς
3095 2714 3301 2779 πιστοῖς
3320 2755 3338 2784 ,
3401 2707 3488 2767 διὰ
3535 2711 3690 2767 τοῦτο

2088 2811 2260 2865 ταῦτα
2309 2807 2445 2864 ποιῶ
2478 2827 2491 2842 ·
2544 2805 2640 2864 οὒκ
2698 2800 2886 2875 ἐπειδὴ
2937 2801 3094 2870 αὐτὸς
3148 2799 3236 2860 ἐπὶ
3289 2801 3463 2878 μισθῷ
3518 2799 3690 2856 ταῦτα

2089 2895 2292 2968 ἐποίει,
2326 2893 2446 2954 ἀλλ’
2491 2892 2580 2953 ἵνα
2611 2891 2840 2960 ἐκείνους
2895 2889 3058 2972 πείσῃ
3114 2897 3285 2950 ποιεῖν
3337 2888 3514 2948 πάντα
3559 2884 3689 2965 ὑπὲρ

2089 2989 2196 3044 τῶν
2227 2987 2500 3066 ἀδελφῶν,
2549 2985 2634 3044 ἐπ’
2670 2981 2846 3042 ἐλπίδι
2885 2984 2991 3040 τῶν
3038 2979 3149 3040 ἄνω
3197 2981 3430 3059 ἀγαθῶν.
3456 2975 3605 3058 Ὅρα
3634 2974 3690 3034 δὲ

379 3058 461 3115 uti
493 3059 539 3116 is
569 3059 662 3133 qui
692 3059 900 3131 primas
947 3061 1175 3130 meruit,
1203 3061 1257 3118 in
1295 3064 1461 3135 176
1502 3063 1777 3120 bonorum
1833 3078 1981 3120 com-

2097 3058 2611 3156 ταπεινοφροσύνην,
2646 3077 2758 3138 πῶς
2811 3073 2838 3129 ὁ
2885 3073 2989 3129 τῶν
3036 3058 3313 3150 πρωτείων
3362 3067 3537 3156 ἄξιος,
3582 3068 3692 3132 τοῖς

377 3148 748 3206 municatione
775 3163 835 3204 se
875 3147 1197 3222 simpliciter
1234 3151 1492 3210 ﬁdelibus
1527 3152 1841 3227 conjungit.

449 3332 632 3388 Vsus.
693 3338 781 3391 24.
818 3356 843 3384 α
897 3333 1136 3390 Nescitis
1187 3334 1358 3408 quod,
1399 3335 1495 3410 qui
1544 3334 1606 3393 in
1635 3335 1816 3395 stadio
1853 3354 1988 3395 cur-

378 3427 530 3487 runt,
577 3436 772 3478 omnes
840 3422 1064 3495 quidem
1121 3433 1370 3496 currunt,
1428 3425 1527 3484 sed
1581 3443 1724 3485 unus
1790 3428 1989 3501 accipit

376 3507 643 3566 brabeum
680 3516 704 3568 Ρ
740 3535 764 3561 ››
810 3515 1122 3586 Postquam
1167 3515 1484 3573 ostenderat
1533 3517 1683 3590 quod
1729 3516 1986 3576 fratribus

375 3597 817 3658 condescendere
887 3611 1166 3675 oporteat,
1228 3605 1485 3680 deinceps
1531 3606 1809 3680 aliquanto
1869 3617 1987 3666 ter-

374 3686 592 3745 ribilius
619 3705 744 3746 cum
769 3691 839 3748 iis
865 3691 1106 3750 disserit.
1131 3694 1292 3766 Quod
1318 3703 1505 3753 autem
1533 3697 1633 3766 ait,
1663 3697 1984 3772 hujusmodi

373 3783 502 3832 est:
544 3781 626 3834 Ne
674 3779 1002 3838 existimetis
1043 3783 1193 3854 quod
1245 3785 1581 3860 simulatque
1628 3787 1986 3859 credidistis,

374 3865 503 3922 etin
532 3868 792 3926 Ecclesiae
817 3871 1057 3928 stadium
1088 3873 1316 3946 ingressi
1358 3875 1508 3944 estis,
1536 3877 1688 3935 istud
1723 3879 1876 3936 vobis
1912 3879 1985 3936 ad

373 3955 612 4013 salutem
638 3957 914 4017 sufﬁciat:
942 3962 1417 4034 quemadmodum
1457 3981 1634 4038 neque
1661 3967 1728 4025 iis
1752 3967 1982 4038 sufﬁcit,

375 4052 438 4099 ut
462 4045 786 4117 simpliciter
815 4060 1067 4120 currant,
1100 4052 1207 4108 nisi
1244 4053 1353 4111 hoc
1379 4055 1544 4112 etiam
1585 4057 1750 4131 adsit,
1781 4066 1848 4115 ut
1900 4059 1982 4115 in-
2009 4063 2020 4073 '

381 4132 607 4205 culpate
662 4137 892 4207 scilicet,
940 4147 998 4196 et
1059 4141 1129 4198 ad
1157 4150 1367 4200 metam
1405 4161 1601 4219 usque.
1642 4147 1990 4221 Quapropter

377 4228 436 4278 et
473 4221 568 4279 ille
609 4225 761 4282 solus
790 4227 886 4298 qui
913 4228 989 4285 ita
1017 4230 1218 4301 currit,
1245 4233 1512 4292 brabeum
1550 4238 1792 4310 accipit:
1829 4240 1981 4311 quod

378 4326 475 4368 vos
497 4313 880 4384 periclitamini
904 4334 976 4374 ne
1001 4320 1297 4394 accipiatis,
1323 4323 1460 4383 dum
1478 4336 1701 4400 propter
1727 4330 1979 4389 scientiae

373 4400 582 4489 scilicet
632 4403 1020 4476 perfectionem
1091 4409 1291 4471 fratres
1369 4419 1746 4489 contemnitis,
1805 4419 1979 4478 idolo-

374 4488 662 4566 thytisque
709 4494 1010 4555 farcimini.

447 4582 628 4639 Vens.
682 4590 773 4654 24,
805 4591 900 4643 25.
935 4611 962 4636 α
994 4588 1082 4646 Sic
1135 4593 1359 4662 currite,
1392 4603 1455 4652 ut
1479 4597 1975 4671 comprehendatis.

373 4670 578 4729 Omnis
617 4681 806 4731 autem
838 4677 930 4749 qui
959 4687 1156 4750 certat,
1189 4681 1257 4738 ab
1288 4685 1545 4743 omnibus
1570 4670 1628 4743 se
1655 4687 1913 4746 abstinet.
1947 4713 1974 4740 ν

374 4759 625 4829 Debetis,
678 4763 874 4835 inquit,
928 4782 1170 4834 currere.
1221 4795 1245 4821 α
1281 4783 1340 4829 ut
1383 4775 1891 4848 comprehendatis.
1950 4803 1976 4830 ν

375 4851 498 4939 ῌοε
525 4857 711 4939 autem
755 4853 875 4911 sine
910 4855 1180 4918 cbaritate
1221 4878 1332 4920 non
1364 4864 1446 4935 ﬁt,
1496 4882 1665 4939 quam
1713 4883 1812 4925 vos
1861 4884 1975 4926 non

373 4937 604 5028 habetis,
635 4941 852 4999 etiamsi
884 4944 1157 5017 perfectos
1192 4967 1290 5009 vos
1319 4937 1542 5025 putetis,
1573 4957 1721 5028 quod
1746 4957 1976 5016 minime

370 5026 530 5084 vobis
575 5031 804 5105 contigit
853 5050 867 5088 :
910 5035 1158 5095 nondum
1191 5041 1342 5098 enim
1383 5026 1844 5117 apprehendistis.
1889 5051 1978 5105 ln-

372 5130 550 5210 nuens
574 5129 761 5210 autem
792 5124 946 5196 quod
977 5127 1151 5184 multa
1181 5130 1262 5188 eis
1309 5131 1554 5200 deerant,
1590 5137 1793 5209 quippe
1822 5138 1974 5210 quod

373 5207 518 5277 gula,
545 5217 601 5266 et
625 5209 938 5284 fornicatio,
980 5223 1036 5271 et
1067 5218 1301 5277 ebrietas
1338 5221 1485 5293 apud
1513 5207 1621 5281 eos
1655 5207 1973 5300 regnabant,

2092 3163 2277 3231 ἁπλῶς
2321 3155 2525 3230 πιστοῖς
2572 3161 2758 3221 ἑαυτὸν
2803 3158 3081 3220 συντάττει
3111 3161 3166 3218 ἐν
3302 3155 3552 3238 κοινωνία
3581 3157 3687 3214 τῶν

2094 3255 2334 3331 ἀγαθῶν.

2179 3364 2208 3401 ιι
2239 3345 2356 3404 Οὐκ
2393 3340 2571 3401 οἴδατε
2601 3339 2682 3421 ὅτι
2710 3345 2759 3403 oi
2805 3342 2857 3400 ἐν
2901 3337 3104 3421 σταδίῳ
3148 3337 3460 3420 τρέχοντες,
3495 3333 3690 3401 πάντες

2093 3429 2190 3510 μὲν
2225 3432 2502 3513 τρέχουσιν
2525 3477 2543 3510 ,
2577 3420 2648 3497 εἶς
2678 3429 2735 3490 δὲ
2765 3429 3034 3507 λαμϐάνει
3055 3420 3116 3488 τὸ
3151 3427 3435 3508 βραϐεῖον;
3469 3452 3496 3479 ιι
3528 3422 3688 3485 Μετὰ

2091 3520 2152 3581 τὸ
2181 3520 2346 3590 δεῖξαι
2366 3565 2382 3594 ,
2409 3521 2490 3580 ὅτι
2516 3523 2596 3581 δεῖ
2630 3518 3076 3600 συγκαταϐαίνειν
3103 3525 3212 3584 τοῖς
3245 3518 3498 3598 ἀδελφοῖς
3519 3558 3536 3589 ,
3569 3515 3688 3573 λοι-

2092 3609 2190 3670 πὸν
2236 3610 2666 3690 πληκτικώτερον
2719 3610 2896 3676 αὐτοῖς
2934 3607 3259 3685 διαλέγεται.
3297 3604 3377 3666 ⁸0
3428 3604 3484 3665 δὲ
3514 3601 3658 3683 λέγει

2091 3699 2326 3761 τοιοῦτόν
2358 3701 2470 3760 ἐστι
2503 3722 2516 3738 ο
2557 3698 2655 3771 Μὴ
2693 3701 2947 3776 νομίσητε
2971 3743 2989 3774 ,
3032 3694 3116 3756 ὅτι
3149 3695 3335 3766 ἐπειδὴ
3381 3693 3692 3754 ἐπιστεύσα-

2091 3812 2181 3862 τε,
2215 3788 2306 3850 καὶ
2337 3791 2408 3856 εἷς
2435 3789 2494 3848 τὸ
2514 3789 2728 3848 στάδιον
2758 3792 2852 3860 τῆς
2879 3785 3212 3859 Ἐκκλησίας
3247 3783 3556 3856 είσήλθετε,
3582 3781 3686 3856 ἤδη

2092 3879 2246 3960 ἀρκεῖ
2273 3885 2426 3938 τοῦτο
2453 3882 2580 3956 ὑμῖν
2625 3880 2697 3946 εἷς
2727 3875 2998 3957 σωτηρίαν
3028 3898 3043 3914 ·
3085 3873 3269 3956 ὥσπερ
3320 3872 3441 3932 οὐδὲ
3472 3871 3690 3960 ἐκείνοις

2089 3959 2152 4027 τὸ
2205 3966 2411 4049 τρέχειν
2484 3967 2665 4034 ἁπλῶς
2693 4015 2705 4038 ,
2789 3970 2835 4026 εἷ
2889 3965 2966 4043 μὴ
3027 3963 3385 4046 προσγένηται
3442 3963 3535 4022 καὶ
3589 3959 3688 4036 τὸ,

2092 4055 2422 4131 ἀμέμπτως,
2480 4055 2573 4116 καὶ
2626 4055 2685 4115 τὸ
2741 4055 2902 4136 μέχρι
2955 4053 3233 4136 τέρματος.
3289 4052 3384 4114 Διὸ
3413 4051 3506 4112 καὶ
3537 4049 3692 4124 μόνος

2090 4145 2354 4223 λαμϐάνει
2392 4145 2452 4204 τὸ
2499 4143 2748 4226 βαρϐεῖον
2785 4149 2815 4204 ὃ
2844 4143 2984 4204 οὕτω
3022 4142 3236 4226 δραμών
3270 4142 3316 4183 ³³
3348 4165 3362 4180 ·
3388 4141 3518 4221 ὅπερ
3540 4142 3692 4216 ὑμεῖς

2088 4235 2411 4296 κινδυνεύετε
2440 4235 2516 4314 μὴ
2547 4234 2732 4295 λαϐεῖν
2753 4281 2770 4310 ,
2800 4235 2888 4295 διὰ
2927 4238 3023 4309 τὴν
3065 4232 3378 4306 τελειότητα
3408 4233 3564 4302 δῆθεν
3597 4231 3692 4298 τῆς

2087 4325 2332 4406 γνώσεως
2375 4329 2827 4407 καταφρονοῦντες
2855 4326 2960 4407 τῶν
2995 4325 3236 4406 ἀδελφῶν
3256 4370 3275 4401 ,
3325 4320 3418 4382 καὶ
3462 4323 3568 4380 τῶν
3601 4319 3682 4377 εἰ·

2087 4415 2395 4476 δωλοθύτων
2428 4415 2831 4498 ἐμφορούμενοι.

2169 4621 2193 4648 α
2219 4593 2382 4656 Οὕτω
2410 4592 2627 4676 τρέχετε
2646 4642 2663 4671 ,
2691 4591 2780 4653 ἵνα
2809 4592 3174 4667 καταλάϐητε.
3213 4597 3333 4663 Πᾶς
3364 4590 3418 4652 δὲ
3447 4592 3689 4670 ὁάγωνι-

2088 4684 2338 4762 ζόμενος,
2393 4683 2569 4745 πάντα
2617 4685 3013 4764 ἐγκρατεύεται.
3066 4709 3097 4740 ιι
3156 4683 3474 4765 Ὀφείλετε,
3521 4677 3688 4760 φησὶ,

2089 4775 2334 4856 τρέχειν,
2379 4795 2409 4832 ι)
2463 4771 2552 4832 ἵνα
2585 4773 2952 4846 καταλάϐητε.
2989 4796 3017 4831 ι
3057 4777 3236 4834 Τοῦτο
3283 4771 3340 4832 δὲ
3386 4769 3550 4853 χωρὶς
3595 4773 3692 4840 τῆς

2081 4864 2294 4944 ἀγάπης
2322 4865 2381 4922 οὗ
2427 4862 2664 4942 γίνεται,
2712 4863 2778 4936 ἣν
2820 4868 2970 4940 ὑμεῖς
3015 4866 3110 4922 οὐκ
3159 4860 3310 4943 ἔχετε
3333 4907 3350 4940 ,
3380 4863 3427 4920 εἰ
3462 4859 3555 4918 καὶ
3593 4881 3689 4917 τε·-

2082 4953 2253 5022 λείους
2286 4951 2502 5020 ἑαυτοὺς
2533 4952 2770 5031 νομίζετε
2809 4978 2821 4991 ·
2848 4952 2979 5033 ὅπερ
3031 4954 3127 5011 οὐκ
3177 4952 3319 5011 ἔστιν
3344 4974 3358 4988 °
3384 4948 3534 5011 οὔπω
3577 4946 3684 5028 γὰρ

2083 5041 2430 5104 κατελάϐετε.
2469 5042 2837 5119 Αἷνιττόμενος
2868 5042 2961 5120 δὲ,
2999 5040 3081 5101 ὅτι
3111 5040 3252 5102 κατὰ
3283 5040 3459 5100 πολλὰ
3511 5035 3686 5098 ἐλλεί-

2081 5155 2243 5193 ποντο
2269 5131 2357 5213 [
2407 5130 2638 5212 ἐλείπ.],
2671 5131 2765 5192 ἅτε
2807 5131 3234 5211 γαστριμαργίας
3286 5133 3338 5189 ἓν
3371 5129 3550 5194 αὐτοῖς
3590 5128 3687 5202 έμ-

2084 5219 2499 5299 πολιτευομένης
2523 5267 2541 5295 ,
2588 5221 2681 5283 καὶ
2723 5223 3000 5302 πορνείας,
3039 5220 3132 5280 καὶ
3168 5220 3370 5299 μέθης,
3421 5220 3580 5299 φησὶν
3612 5216 3692 5276 ὅτι

1766 5308 1956 5370 Variae
2001 5311 2301 5374 lectiones.

448 5374 470 5408 ⁹
525 5377 607 5448 ἀφ’
663 5396 714 5436 0.
823 5383 864 5416 ¹⁰
912 5385 1140 5456 κερδήσω
1194 5405 1248 5444 0.
1350 5391 1388 5425 “
1443 5397 1620 5448 πονεῖν
1675 5412 1750 5452 m.

1857 5399 1897 5432 ¹²
1940 5401 2053 5464 τοὺς
2104 5403 2428 5466 διδάσκοντας
2479 5419 2557 5459 m.

2663 5401 2707 5435 ¹³
2761 5400 2964 5463 ἐκείνοις
3013 5401 3071 5454 τὸ
3126 5401 3366 5472 δραμεῖν,
3426 5397 3560 5451 ἀλλὰ
3616 5399 3699 5450 δεῖ

377 5455 460 5506 καὶ
486 5459 684 5556 Δμέχρις
736 5461 886 5516 αὺτοῦ
941 5471 1028 5519 τοῦ
1085 5467 1313 5539 βραϐείου
1367 5475 1626 5543 σπεύδειν,
1701 5478 1787 5532 καὶ
1837 5482 1981 5534 πάντα

2086 5487 2229 5537 ποιεῖν
2306 5487 2422 5556 πρὸς
2471 5483 2530 5536 τδ
2585 5487 2734 5538 τοῦτο
2797 5482 2996 5536 λαϐεῖν.
3061 5485 3129 5539 Ut
3158 5455 3506 5551 .simplz'citer
3570 5495 3690 5534 cur-

378 5541 682 5636 ,ῗθά
719 5549 923 5612 oportet
965 5551 1029 5603 ιιι
1077 5564 1246 5619 usque
1303 5555 1378 5610 ad
1437 5541 1688 5615 brabeum
1733 5563 2080 5635 perveniant;
2142 5541 2434 5636 omniaque
2489 5566 2709 5632 faciant
2757 5564 2831 5619 ad
2878 5562 3021 5618 illud
3067 5541 3493 5633 accipiendum:
3544 5558 3693 5630 quod

378 5622 490 5684 vos,
518 5624 625 5673 etc.
