4110 6402
391 355 502 410 677

1294 348 1645 408 EXPOSITIO
1682 348 1750 405 IN
1788 346 2000 404 EPIST.
2037 348 2058 403 Ι
2093 349 2186 405 AD
2225 350 2384 407 COR.
2424 379 2496 392 —
2535 352 2686 406 CAP.
2723 352 2784 406 X.

3596 361 3698 414 678

391 503 419 530 α
452 477 526 538 ⁸0
556 475 965 556 ἀγωνιζόμενος,
995 473 1174 535 πάντα
1221 475 1596 556 ἐγκρατεύεται
1622 497 1636 515 ο
1675 495 1704 533 »
1751 476 1810 534 οὖ
1840 473 1988 532 τοῦδε

2117 475 2228 533 ideo
2257 476 2388 533 dicit
2422 495 2436 533 :
2469 499 2493 524 «
2525 476 2629 550 Qui
2659 483 2855 546 certat,
2884 477 2955 533 ab
2989 477 3254 534 omnibus
3280 494 3340 536 se
3367 478 3625 550 abstinet,
3670 507 3695 534 η

391 565 491 645 μὲν
516 567 878 648 ἀπεχόμενος,
909 570 1000 625 τοῦ
1030 563 1085 625 δὲ
1116 564 1178 625 ού
1203 564 1276 644 ⁸⁸,
1297 564 1434 624 ἀλλὰ
1462 564 1702 628 πάντων.
1721 562 1994 641 Ἐπίγνω-

389 680 452 716 τε
481 647 571 715 οὖν
596 701 614 730 ,
650 647 814 716 πόσον
844 655 1122 728 λείπεσθε,
1169 654 1262 714 καὶ⁵
1309 653 1507 732 μάθετε
1558 654 1645 714 τὸν
1691 652 1887 735 τρόπον
1925 652 1992 711 δι’

390 736 455 806 οὑ
480 745 980 827 στεφανωθήσεσθε,
1011 745 1172 825 ἤγουν
1205 743 1671 826 ὶγκρατευόμενοι.

477 945 503 972 α
535 916 767 978 Ἐκεῖνοι
797 915 893 994 μὲν
923 910 1012 978 οὖν
1035 961 1052 990 ,
1096 916 1182 976 ἵνα
1214 915 1442 998 φθαρτὸν
1478 912 1734 998 στέφανον
1782 913 1989 975 ἀπολά-

398 1007 570 1066 ϐωσιν
610 1030 624 1045 °
673 1011 830 1085 ἡμεῖς
880 1007 936 1069 δὲ
987 1006 1276 1088 ἄφθαρτον.
1315 1033 1341 1058 ν
1376 1004 1747 1085 Ἐντρεπτικὸς
1775 1007 1804 1063 ὁ
1845 1004 1998 1083 λόγος

395 1089 549 1166 οἶτος
578 1120 593 1135 ο
626 1095 677 1156 εἴ
702 1121 763 1177 γε
799 1101 988 1158 ἐκεῖνοι
1033 1095 1188 1156 ἕνεκα
1229 1101 1460 1178 φθαρτοῦ
1505 1096 1764 1177 στεφάνου
1795 1096 1994 1173 ἐγκρα-

395 1187 639 1248 τεύονται
666 1211 680 1226 ·
726 1191 880 1266 ἡμεῖς
926 1185 984 1245 δὲ
1033 1190 1187 1245 τοῦτο
1260 1185 1321 1244 οὗ
1377 1189 1632 1263 ποιοῦμεν
1695 1183 1853 1244 ἕνεκα
1906 1187 1998 1242 τοῦ

398 1277 690 1358 ἀφθάρτου.

489 1389 519 1426 α
547 1365 694 1444 Ἐγὼ
721 1363 892 1426 τοίνυν
922 1363 1060 1424 οὕτω
1098 1361 1276 1446 τρέχω
1317 1365 1389 1432 ὣς
1437 1365 1535 1423 οὔκ
1581 1363 1819 1436 ἀδήλως.
1851 1386 1882 1420 n
1925 1361 1999 1424 Τί

400 1456 629 1530 ἔστιτὸ,
665 1477 696 1516 α
743 1457 862 1516 Οὔκ
909 1455 1156 1528 ἀδήλως;
1205 1479 1230 1507 ι
1259 1452 1560 1529 Τουτέστι,
1621 1455 1812 1515 Πάντα
1863 1452 2000 1530 μετὰ

401 1551 604 1606 σκοποῦ
650 1549 814 1620 ποιῶ,
849 1544 942 1604 καὶ
995 1542 1363 1624 περιτέμνων,
1406 1545 1498 1603 καὶ
1547 1542 1860 1624 ξυρόμενος,
1905 1542 2000 1602 καὶ

401 1633 548 1697 οὖδὲν
580 1636 696 1708 εἰκῆ
726 1634 820 1694 καὶ
851 1633 1028 1713 μάτην
1049 1680 1065 1707 ,
1094 1631 1278 1713 ὥσπερ
1325 1635 1498 1710 ὑμεῖς.
1557 1635 1656 1701 Τίς
1682 1633 1786 1714 γὰρ
1817 1637 1844 1693 ὁ
1874 1655 1996 1691 axo-

400 1725 502 1792 πὸς
530 1730 620 1785 τοῦ
657 1724 726 1785 τὰ
755 1725 1076 1784 εἰδωλόθυτα
1115 1723 1330 1800 ἐσθίειν,
1359 1722 1552 1804 ἑτέρων
1584 1722 2000 1800 ἀπολλυμένων;

2101 582 2214 622 non
2244 566 2314 622 ab
2343 566 2449 622 hoc
2491 566 2597 623 sibi
2643 575 2980 638 temperans,
3011 567 3079 623 ab
3129 567 3223 624 illo
3253 585 3380 625 vero
3409 587 3555 641 non;
3601 574 3701 631 sed

2101 654 2170 711 ab
2209 655 2485 712 omnibus.
2523 656 2813 728 Agnoscite
2855 655 3016 730 igitur
3045 666 3317 730 quantum
3347 660 3500 717 vobis
3532 662 3698 730 desit,

2102 743 2405 818 disciteque
2448 746 2683 802 modum
2731 760 2828 818 per
2868 760 3037 819 quem
3079 748 3447 818 coronemini,
3498 765 3703 823 nempe

2103 832 2152 890 si
2178 841 2549 906 temperantes
2577 835 2716 891 sitis.

2180 945 2206 972 α
2247 923 2331 979 Illi
2381 923 2624 996 quidem,
2671 932 2735 980 ut
2776 924 3184 997 corruptibilem
3237 941 3504 983 coronam
3555 929 3703 986 acci-

2105 1011 2280 1084 piant,
2315 1029 2418 1070 nos
2458 1030 2591 1070 vero
2620 1015 3116 1087 incorruptibilem.
3148 1033 3176 1067 »
3230 1016 3428 1072 Sermo
3460 1016 3550 1072 hic
3594 1034 3707 1089 pu-

2105 1100 2302 1159 dorem
2364 1102 2591 1160 faciens.
2659 1104 2944 1176 Siquidem
3013 1105 3086 1160 illi
3152 1104 3224 1161 ob
3288 1107 3704 1177 corruptibilem

2106 1207 2372 1249 coronam
2414 1195 2694 1251 abstinent
2725 1216 2737 1251 :
2784 1211 2885 1252 nos
2913 1210 3041 1252 vero
3083 1194 3190 1252 hoc
3213 1211 3326 1252 non
3370 1195 3603 1254 facimus
3632 1197 3704 1254 ob

2106 1281 2601 1356 incorruptibilem.

2178 1375 2362 1431 Vnns.
2408 1381 2497 1431 26.
2535 1399 2560 1425 α
2608 1377 2723 1448 Ego
2752 1376 2922 1448 igitur
2963 1377 3044 1434 sic
3072 1394 3256 1446 curro,
3302 1395 3416 1434 non
3449 1378 3607 1450 quasi
3643 1377 3704 1435 in

2107 1461 2401 1521 incertum.
2438 1489 2462 1514 υ
2482 1465 2738 1535 Quidest,
2771 1486 2798 1518 «
2823 1469 3016 1523 Nonin
3031 1469 3342 1524 incertum?
3375 1493 3397 1516 ο
3430 1469 3579 1525 Istud
3599 1476 3704 1538 est,

2108 1553 2294 1610 omnia
2320 1554 2376 1610 in
2405 1564 2616 1611 certum
2646 1572 2874 1629 scopum
2899 1557 3096 1631 dirigo,
3121 1573 3250 1613 cum
3272 1558 3705 1627 circumcidens,

2109 1650 2230 1699 tum
2264 1659 2438 1712 rasus,
2476 1645 2723 1718 nihilque
2769 1654 2981 1703 temere
3025 1663 3090 1704 ac
3137 1646 3339 1704 frustra
3386 1647 3709 1716 admittens,

2112 1733 2584 1804 quemadmodum
2627 1752 2741 1792 vos.
2793 1736 2931 1808 Quis
2984 1736 3131 1792 enim
3195 1752 3394 1809 scopus
3443 1747 3529 1794 est
3587 1753 3714 1794 esus

403 1815 596 1882 Οὐδεὶς
618 1815 850 1883 πάντως.
893 1814 1074 1874 Ὥστε
1103 1813 1310 1891 ἀλόγως
1340 1817 1492 1872 ποιοῦ
1505 1837 1618 1880 ντες
1640 1816 1794 1892 ὑμεῖς
1829 1818 2008 1889 τοῦτο,

2119 1821 2276 1880 idolis
2323 1825 2655 1894 oblatorum,
2717 1826 2835 1882 aliis
2895 1825 3022 1882 inde
3072 1827 3463 1898 pereuntibus?
3520 1827 3712 1884 nullus

403 1904 616 1978 ἀδήλως
646 1903 862 1986 τρέχετε
891 1902 983 1962 καὶ
1027 1901 1313 1980 ἀσκόπως,
1365 1903 1458 1961 καὶ
1489 1901 1690 1980 μάτην.
1745 1901 1846 1968 Ὠς
1895 1902 2004 1980 ἄριο

403 2018 525 2063 στος
581 1994 637 2054 δὲ
689 1995 1034 2066 διδάσκαλος,
1079 1992 1271 2062 ἑαυτὸν
1332 1994 1406 2060 εἷς
1460 1992 1521 2050 τὸ
1575 1992 1736 2072 μέσον
1789 1990 1999 2064 τίθησιν

404 2085 726 2164 ὑπόδειγμα.

496 2288 528 2326 α
553 2268 716 2327 Οὖτω
743 2264 1015 2339 πυκτεύω,
1050 2267 1122 2334 ὣς
1149 2267 1243 2325 οὖκ
1276 2263 1406 2344 ἀέρα
1444 2262 1630 2344 δέρων.
1661 2291 1686 2319 ι
1711 2263 1872 2344 Ἐχω
1904 2259 2008 2342 γὰρ

404 2354 467 2416 δν
519 2355 742 2431 πλήξω,
769 2358 1013 2416 τουτέστι
1039 2401 1056 2430 ,
1111 2355 1198 2414 τὸν
1251 2353 1496 2414 διάϐολον
1521 2374 1538 2390 '
1573 2357 1722 2432 ὑμεῖς
1763 2354 1819 2412 δὲ
1850 2352 2007 2412 αὐτὸν

407 2445 470 2505 οὗ
497 2445 791 2521 πλήττετε,
822 2445 963 2506 ἀλλὰ
997 2445 1177 2523 μάτην
1309 2442 1603 2518 τελειότητι
1629 2447 1724 2516 τῆς
1761 2442 2008 2523 γνώσεως

404 2534 692 2617 κέχρησθε.

496 2653 520 2677 π
556 2624 695 2686 Ἀλλ’
725 2628 1022 2697 ὑπωπιάζω
1048 2647 1150 2703 μου
1178 2623 1240 2684 τὸ
1269 2625 1459 2700 σῶμα,
1487 2622 1578 2682 καὶ
1609 2623 1955 2702 δουλαγωγῶ.
1984 2647 2008 2674 υ

404 2712 671 2775 Ἐνταῦθα
703 2715 949 2796 ἐμφαίνει
994 2713 1180 2782 αὖτοὺς
1211 2713 1306 2774 καὶ
1341 2712 1742 2795 γαστριμαργίᾳ
1778 2733 2008 2792 κατεχο-

406 2804 633 2883 μένους,
680 2805 772 2864 καὶ
833 2804 1099 2887 προφάσει
1147 2803 1479 2877 τελειότητος
1537 2804 1737 2875 ταύτην
1789 2803 2009 2881 ἐκθερα-

408 2893 688 2962 πεύοντας.
737 2893 958 2976 Ἔγωγε
987 2895 1162 2955 τοίνυν
1188 2941 1206 2973 ,
1256 2893 1426 2976 φησὶ,
1471 2892 1646 2953 πάντα
1686 2891 1843 2952 πόνον
1877 2894 2010 2950 ὑπο-

409 2983 590 3061 μένω,
645 2983 784 3046 ὥστε
832 2983 1112 3068 σωφρόνως
1167 2987 1284 3061 ζῇν.
1325 3006 1354 3042 ε
1409 2981 1742 3051 Ὑπωπιάζω
1796 3010 1821 3035 κ
1877 2979 2005 3061 γὰρ,

408 3073 651 3134 τουτέστι
679 3120 697 3148 ,
741 3073 990 3136 πυκτεύω
1027 3073 1158 3155 πρὸς
1188 3072 1250 3133 τὸ
1287 3077 1444 3152 σῶμα
1475 3097 1487 3112 ο
1521 3073 1740 3132 ὑπώπια
1773 3071 1877 3151 γὰρ
1908 3071 2004 3131 λέ·-

2117 1913 2368 1970 omnino.
2398 1915 2635 1971 Proinde
2663 1916 2804 1972 citra
2831 1916 3107 1972 rationem
3139 1933 3238 1972 vos
3280 1915 3388 1972 hoc
3413 1915 3707 1986 facientes,

2115 2003 2334 2060 curritis
2405 2005 2634 2073 incerte,
2707 2006 2954 2079 citraque
3017 2022 3269 2079 scopum,
3347 2014 3404 2063 et
3482 2006 3704 2062 frustra.

2115 2094 2319 2166 Optimi
2347 2111 2477 2152 vero
2517 2099 2871 2168 praeceptoris
2907 2097 3080 2154 instar
3107 2097 3349 2170 seipsum
3379 2098 3434 2153 in
3463 2097 3711 2155 medium

2115 2184 2327 2252 statuit,
2359 2186 2595 2258 exempli
2637 2187 2774 2243 vice.

2192 2296 2218 2323 ‹‹
2259 2275 2348 2332 Sic
2419 2293 2622 2348 pugno,
2675 2293 2793 2334 non
2844 2279 3001 2350 quasi
3062 2295 3252 2336 aerem
3301 2278 3618 2335 verberans.
3685 2302 3710 2328 ιο

2116 2364 2308 2420 Habeo
2341 2365 2491 2420 enim
2535 2381 2700 2438 quem
2741 2366 2952 2437 feriam,
3002 2385 3203 2441 nempe
3249 2369 3548 2424 diabolum.
3597 2370 3715 2424 Vos

2112 2462 2300 2509 autem
2342 2454 2525 2524 ipsum
2559 2472 2673 2511 non
2705 2455 2898 2525 feritis,
2942 2457 3037 2513 sed
3062 2456 3262 2514 frustra
3293 2457 3541 2513 scientia:
3585 2472 3713 2528 per-

2114 2539 2354 2600 fectione
2389 2544 2471 2600 usi
2517 2545 2672 2602 estis.

2184 2635 2366 2690 Vens.
2390 2641 2481 2690 27.
2531 2656 2556 2684 ‹‹
2603 2639 2815 2693 Verum
2839 2637 3050 2709 castigo
3093 2653 3296 2710 corpus
3319 2652 3534 2705 meum,
3568 2645 3624 2693 et
3655 2638 3714 2692 in

2111 2722 2439 2779 servitutem
2472 2723 2684 2797 redigo.
2721 2749 2747 2774 η
2781 2725 2885 2782 Hic
2913 2726 3118 2782 indicat
3146 2743 3242 2783 eos
3271 2734 3392 2782 tum
3423 2725 3714 2798 gulositate

2113 2811 2386 2879 detentos,
2438 2822 2560 2870 tum
2601 2830 2727 2871 eam
2774 2815 3130 2888 perfectionis
3177 2825 3442 2888 praetextu
3501 2815 3710 2871 fovere.

2114 2903 2232 2975 Ego
2287 2903 2477 2976 igitur,
2529 2905 2723 2978 inquit,
2774 2921 3003 2963 omnem
3052 2906 3296 2963 sustineo
3341 2906 3607 2974 laborem,
3656 2913 3720 2962 ut

2114 2991 2297 3049 sobrie
2359 2993 2564 3051 vivam.
2627 2992 2924 3054 Ὑπωπιάζω
2983 2995 3101 3068 γὰρ,
3173 2996 3280 3052 hoc
3338 3004 3440 3066 est,
3531 3010 3718 3068 pugno

2116 3091 2334 3152 contra,
2401 3100 2620 3157 corpus,
2675 3083 2910 3139 Ύπώπιοι
2964 3089 3115 3143 enim
3161 3086 3420 3144 dicuntur
3462 3087 3712 3151 vulnera,

409 3187 596 3243 γονται
632 3137 699 3224 τά
733 3166 835 3227 ὑπὸ
880 3164 1000 3226 τοὺς
1030 3137 1333 3250 ὀερθαλμρὺς
1369 3137 1667 3244 ’τραύματα
1689 3209 1705 3236 ,
1747 3137 1797 3221 ἃ.
1830 3137 1882 3220 ἐν
1930 3162 2008 3240 τῷ

2119 3187 2244 3244 quae
2272 3173 2375 3230 sub
2404 3175 2613 3242 oculos,
2653 3175 2998 3248 inﬂiguntur,
3031 3176 3162 3233 dum
3199 3177 3397 3250 pugnis
3425 3175 3719 3232 contendi-

413 3253 694 3314 πυκτεύειν
741 3254 994 3334 ἐγίνοντο,
1047 3243 1156 3315 Τὸν
1208 3243 1298 3313 οὖν
1350 3243 1530 3331 ἀγῶνα
1574 3253 1663 3312 τὸν
1707 3248 1873 3310 πολὺν
1924 3250 2013 3310 τὸν

413 3342 547 3423 πρὸς
596 3343 691 3416 τὴν
740 3344 896 3425 φύσιν
953 3342 1210 3405 δείκνυσι.
1283 3341 1543 3421 Τυραννὶς
1600 3340 1705 3422 γὰρ
1754 3339 2014 3417 μεγίστη,

412 3432 508 3515 καὶ
550 3434 864 3507 ἀντίπαλος,
890 3433 1052 3515 φησὶ,
1082 3433 1248 3512 μέγας
1294 3432 1412 3494 ἕστὶ
1453 3431 1514 3491 τὸ
1545 3433 1722 3509 σῶμα.
1772 3429 1927 3492 Ἐπεὶ
1958 3430 2015 3488 δὲ

411 3512 594 3598 εἶπεν,
646 3552 669 3577 α
722 3512 1086 3598 Ὑπωπιάζω,
1139 3549 1164 3578 ι
1223 3521 1317 3583 καὶ
1367 3519 1692 3604 τραυμάτων
1744 3517 2014 3598 ἐμνήσθη,

411 3612 653 3694 ἐπήγαγε
683 3611 957 3691 συντόμως
984 3631 999 3647 ⁶
1045 3637 1074 3670 ε
1121 3613 1232 3673 Καὶ
1274 3613 1597 3691 δουλαγωγῶ
1626 3629 1640 3643 ·
1675 3607 1764 3668 ἵνα
1805 3610 2012 3689 μάθῃς,

411 3701 494 3763 ὅτι
535 3705 631 3763 οὔκ
661 3704 846 3784 ἄγχειν
880 3701 1010 3762 αὑτὸ
1037 3703 1145 3776 δεῖ,
1180 3702 1297 3762 ἀλλ’
1327 3704 1398 3769 ὣς
1427 3702 1610 3760 δοῦλον
1655 3699 2014 3781 ἀφηνιάζοντα

412 3792 834 3872 καταστέλλειν,
867 3792 962 3853 καὶ
991 3790 1312 3852 ὑποτάσσειν
1346 3813 1360 3828 ·
1391 3790 1420 3851 δ
1466 3790 1724 3849 δεσπότου
1757 3789 1891 3864 ἐστὶ,
1925 3787 2016 3848 καὶ

415 3883 477 3943 οὖ
523 3883 807 3962 πολεμίου.
856 3881 1011 3950 Τινὲς
1067 3880 1121 3942 δὲ
1147 3925 1164 3955 ,
1223 3909 1247 3934 ιι
1279 3879 1617 3950 Ὑπωπιάζω
1661 3879 1728 3952 ⁸⁵,
1777 3877 2015 3938 ἰδικώτε-

419 3995 508 4054 ρον
553 3974 800 4053 εἷρῆοθαι
851 3977 1092 4046 νοοῦσιν,
1142 3969 1261 4031 ἀντὶ
1301 3974 1426 4048 τοῦ,
1460 3971 1624 4050 Λιμῷ
1673 3967 2017 4054 παραδίδωμι

414 4048 805 4144 τοῦτοξθοπερ
828 4064 932 4140 ,οὑκ
973 4060 1116 4122 ἔστιν
1150 4083 1164 4100 ο
1189 4059 1459 4130 ὑποπιέζω
1501 4048 1637 4140 γὰρ,
1673 4048 1894 4140 ὤφειλεν
1945 4048 2019 4118 εἷ-

416 4173 526 4211 ναι.

502 4450 526 4476 ιι
561 4421 772 4496 Μήπως
801 4420 979 4489 ἄλλοις
1026 4417 1255 4502 κηρύξας
1278 4465 1296 4494 ,
1350 4417 1508 4488 αὑτὸς
1559 4417 1810 4496 ἀδόκιμος
1858 4418 2022 4498 γένω-

422 4536 545 4591 μαι.
575 4539 600 4567 ι
628 4513 737 4574 Καὶ
768 4509 856 4572 διὰ
883 4511 1068 4571 τούτου
1102 4508 1566 4592 νηφαλαιωτέρους
1597 4509 1617 4587 [
1715 4541 1795 4554 —
1817 4509 2016 4590 λεωτ.]

421 4601 610 4671 αὖτοὺς
635 4602 798 4663 ποιεῖ.
836 4602 904 4662 Εἰ
950 4599 1053 4682 γὰρ
1102 4599 1267 4676 ἐμοὶ,
1307 4599 1503 4682 φησὶν,
1553 4601 1650 4658 οὐκ
1688 4601 1840 4678 ἀρκεῖ
1889 4600 2019 4678 πρὸς

421 4693 689 4770 σωτηρίαν
717 4691 782 4750 τὸ
819 4688 1047 4772 κηρύξαι
1081 4688 1175 4750 καὶ
1201 4685 1445 4766 διδάξαι,
1478 4688 1524 4747 εἶ
1558 4685 1634 4765 μὴ
1679 4686 1766 4746 διὰ
1801 4687 2016 4748 πάντων

421 4780 651 4859 ἐμαυτὸν
707 4779 944 4854 ἄληπτον
998 4778 1386 4860 παρασχοίμην
1442 4794 1458 4812 ⁸
1537 4782 1652 4844 πῶς
1701 4781 1852 4854 ὑμεῖς
1910 4777 2016 4836 ἀπὸ

421 4873 518 4942 ἧς
559 4871 790 4941 πίστεως
828 4868 991 4950 μόνης
1023 4869 1357 4943 σωθήσεσθε,
1406 4869 1659 4928 τοσοῦτον
1705 4869 1891 4927 παθῶν
1922 4869 2019 4940 ἡτ-

426 4983 658 5040 τωμενοι
681 4990 696 5034 ;

996 5077 1290 5140 ΚΕΦΑΛ.
1324 5073 1400 5136 I'.

506 5244 530 5270 σ
561 5217 646 5278 Οὖ
686 5215 824 5325 θέλω
852 5215 908 5276 δὲ
937 5219 1075 5325 ὑμεῖς
1099 5217 1306 5325 ἀγνοεῖν
1325 5259 1360 5325 I,‘
1383 5212 1599 5325 €180.36:
1619 5257 1636 5288 ,
1658 5211 1740 5272 ὅτι
1769 5213 1818 5325 οἳ
1859 5211 2022 5325 ⁸πατεί·

427 5329 510 5386 ρες
537 5309 692 5384 ἡμῶν
719 5305 912 5372 πάντες
949 5306 1050 5365 ὑπὸ
1079 5304 1183 5379 τὴν.
1217 5303 1438 5384 νεφέλην
1494 5302 1632 5375 ⁵ἦσαν
1652 5347 1666 5374 ,
1706 5302 1798 5361 καὶ
1829 5303 2025 5370 πάντες

425 5394 514 5456 διὰ
543 5402 639 5468 τῆς
673 5395 944 5468 θαλάσσης
967 5396 1199 5466 διῆλθον.
1234 5420 1258 5446 ι
1301 5393 1607 5470 Καταλέγει
1655 5392 1836 5451 πόσων
1865 5391 2022 5464 ἠξιώ-

429 5490 601 5559 θησαν
632 5487 845 5568 δωρεῶν
895 5487 944 5545 οῖ
995 5484 1248 5546 Ἰουδαῖοι
1280 5481 1387 5541 ἀπὸ
1429 5483 1572 5543 Θεοῦ
1604 5502 1618 5517 ⁸
1670 5481 1761 5541 καὶ
1793 5481 2022 5544 δείκνυσι

2046 4382 2101 4450 D

2121 3269 2230 3320 tur.
2284 3265 2579 3321 Certamen
2605 3264 2770 3337 igitur
2811 3265 2962 3338 quod
3009 3274 3093 3322 est
3128 3266 3288 3336 177
3321 3265 3586 3322 adversus
3617 3280 3720 3320 na-

2121 3357 2326 3418 turam,
2395 3368 2664 3426 magnum
2736 3369 2856 3411 esse
2917 3354 3143 3411 iudicat.
3226 3355 3494 3429 Tyrannis
3572 3353 3720 3410 enim

2121 3442 2366 3498 maxima
2418 3451 2503 3499 est
2547 3444 2817 3515 corporis,
2865 3451 2920 3499 et
2949 3443 3313 3513 adversarius,
3358 3443 3556 3516 inquit,
3599 3459 3719 3499 ma-

2123 3544 2285 3602 gnus,
2333 3531 2515 3603 ipsum
2561 3547 2782 3605 corpus.
2830 3537 3126 3605 Postquam
3157 3549 3308 3602 vero,
3360 3557 3386 3582 «
3435 3537 3649 3606 Pugno,
3692 3555 3719 3582 ιο

2121 3618 2374 3685 dixisset,
2424 3629 2480 3676 et
2527 3622 2816 3678 vulnerum
2865 3623 3206 3678 mentionem
3243 3619 3485 3690 fecisset,
3534 3622 3722 3678 statim

2124 3708 2331 3777 intulit,
2391 3733 2416 3760 ι
2469 3714 2531 3766 Et
2575 3711 2635 3766 in
2679 3712 2997 3767 servitutem
3047 3711 3232 3782 redigo
3285 3729 3299 3766 :
3365 3734 3390 3758 ι»
3444 3719 3504 3766 ut
3545 3711 3725 3767 discas

2123 3797 2273 3870 quod
2294 3814 2408 3854 non
2447 3807 2668 3871 oportet
2709 3800 3052 3873 strangulare
3080 3799 3256 3871 ipsum
3303 3800 3384 3855 vel
3416 3798 3719 3867 suffocare;

2122 3888 2221 3945 sed
2267 3889 2434 3945 veluti
2481 3887 2751 3946 effrenem
2795 3905 3012 3946 servum
3042 3889 3334 3946 humiliare
3380 3898 3543 3960 atque
3587 3889 3724 3945 sub-

2125 3976 2282 4048 dere;
2326 3979 2476 4052 quod
2517 3979 2726 4035 domini
2773 3988 2876 4048 est,
2913 3996 3027 4036 non
3066 3979 3256 4035 hostis.
3302 3979 3566 4036 Nonnulli
3600 3994 3724 4035 ver-

2124 4065 2261 4124 bum
2326 4065 2650 4135 Ὑπωπιάζω,
2709 4069 2887 4142 magis
2959 4068 3180 4142 proprie
3237 4068 3446 4126 dictum
3502 4075 3722 4141 putant,

2125 4171 2226 4229 pro
2263 4173 2330 4214 eo
2369 4159 2515 4230 quod
2549 4166 2654 4228 est,
2685 4157 2823 4215 fami
2849 4157 3008 4216 trado
3039 4175 3240 4231 corpus
3268 4174 3475 4215 meum.
3515 4161 3725 4215 Verum

2127 4260 2192 4302 ea
2238 4246 2617 4320 interpretatio
2660 4247 2872 4304 nullius
2926 4256 3011 4305 est
3063 4247 3339 4304 momenti
3391 4265 3405 4304 :
3452 4254 3730 4321 oporteret

2129 4334 2275 4391 enim
2311 4352 2431 4393 esse
2475 4335 2773 4399 Ὗποπιέζω.

2204 4447 2230 4474 α
2271 4427 2354 4483 Ne
2396 4441 2506 4499 quo
2559 4426 2749 4496 modo,
2794 4442 2922 4483 cum
2953 4427 3075 4485 aliis
3124 4425 3558 4499 praedicaverint,
3610 4426 3728 4498 ipse

2125 4515 2393 4588 reprobus
2421 4515 2648 4572 efficiar.
2681 4539 2706 4564 ι
2736 4519 2839 4572 Per
2869 4515 2975 4572 hoc
2995 4518 3164 4572 etiam
3193 4531 3288 4570 eos
3307 4515 3485 4586 magis
3510 4515 3730 4571 sobrios

2127 4605 2325 4662 reddit.
2349 4606 2405 4661 Si
2431 4606 2576 4662 enim
2593 4605 2751 4674 mihi,
2777 4605 2976 4678 inquit,
2997 4621 3108 4660 non
3132 4605 3264 4660 satis
3285 4611 3369 4659 est
3383 4602 3452 4659 ad
3471 4602 3727 4666 salutem.

2127 4695 2422 4768 praedicare
2440 4712 2503 4751 ac
2519 4695 2738 4762 docere,
2759 4695 2870 4751 nisi
2889 4696 3167 4765 meipsum
3187 4691 3729 4765 irreprehensibilem

2129 4784 2190 4840 in
2233 4783 2490 4840 omnibus
2521 4785 2792 4856 praebeam
2827 4805 2838 4839 :
2891 4782 3175 4856 quomodo
3216 4798 3313 4838 vos
3359 4798 3428 4838 ex
3474 4782 3594 4838 sola
3624 4781 3732 4838 fide

2129 4872 2264 4930 salvi
2293 4871 2463 4942 eritis,
2496 4872 2586 4946 qui
2615 4871 3000 4929 aﬂectionibus
3028 4871 3164 4930 adeo
3189 4869 3586 4928 succumbitisi'

2756 5091 2998 5148 CAPUT
3034 5092 3111 5146 Χ.

2204 5222 2382 5276 Vens.
2431 5223 2484 5274 1.
2535 5235 2565 5271 ι(
2611 5216 2755 5275 Nolo
2799 5222 2992 5272 autem
3033 5229 3133 5270 vos
3181 5211 3456 5284 ignorare,
3504 5209 3722 5280 fratres,

2133 5309 2282 5383 quod
2334 5317 2514 5381 patres
2555 5307 2726 5363 nostri
2775 5320 2973 5361 omnes
3028 5301 3130 5358 sub
3181 5300 3330 5356 nube
3377 5300 3622 5367 fuerunt,
3675 5309 3739 5356 et

2133 5415 2334 5457 omnes
2363 5415 2456 5470 per
2483 5413 2635 5453 mare
2655 5395 3007 5452 transierunt.
3037 5416 3061 5442 η
3085 5399 3491 5448 commemorat
3514 5390 3736 5462 quantis

2129 5487 2291 5546 donis
2334 5486 2512 5544 Judaei
2555 5503 2586 5543 a
2617 5489 2736 5543 Deo
2779 5483 2972 5542 donati
3012 5483 3142 5550 sint,
3183 5487 3577 5553 monstratque
3604 5487 3734 5552 post.

1822 5579 2015 5640 Variae
2056 5579 2361 5640 lectiones.

503 5674 545 5708 ¹⁵
567 5675 742 5730 τούτου
769 5673 815 5727 δ’
843 5672 902 5728 οὗ
931 5689 984 5732 0.
1063 5672 1107 5708 ίδ
1134 5670 1192 5726 τὸ
1217 5669 1490 5734 ὑπωπιάζω
1517 5686 1595 5727 m.
