4110 6406
453 364 556 416 679

1419 353 1934 410 THEOPHYLACTI
1975 349 2334 407 BULGARIzE
2363 348 2677 405 ARCHIEP.

3645 347 3751 402 680

445 491 596 541 tanta
621 482 768 540 dona
801 480 1094 555 plerosque
1113 495 1224 536 non
1245 479 1516 553 placuisse
1537 483 1676 536 Deo.
1702 481 1835 535 Hac
1855 487 2042 534 autem

2159 473 2294 550 μετὰ
2337 473 2430 542 τὰς
2461 471 2928 553 δωρεὰς”ταότας,
2967 469 3088 539 τοὺς
3127 468 3353 539 πολλοὺς
3406 470 3482 547 μὴ
3527 469 3753 548 ἀρέσαν-

449 573 583 630 dicit
611 573 848 628 innuens
877 569 1027 642 quod
1055 569 1533 642 quemadmodum
1562 568 1669 624 illis
1694 582 1808 624 non
1833 563 2044 640 profuit

449 663 618 718 tantis
647 661 754 717 frui
782 660 964 728 donis,
994 659 1216 732 quando
1248 659 1468 731 quidem
1494 675 1617 731 qua:
1637 673 1862 714 suarum
1891 662 2044 712 erant

449 750 706 824 partium,
750 749 853 820 ipsi
899 765 1013 804 non
1036 747 1339 821 adjecerint
1367 747 1821 818 adhibuerintque
1859 765 1871 800 :
1903 745 2044 802 hanc

450 840 523 896 ad
555 839 824 895 rationem
874 853 1048 909 neque
1095 836 1248 892 vobis
1296 837 1430 892 ﬁdes
1482 835 1745 908 proderit,
1795 843 1848 891 et
1895 835 2043 908 quod

451 927 825 1000 spiritualibus
847 925 1124 998 mysteriis
1151 924 1338 981 donati
1369 927 1522 992 estis,
1554 925 1660 980 nisi
1689 932 1745 980 et
1778 939 1872 979 vos
1896 925 2046 995 ipsos

450 1016 656 1089 dignos
701 1015 1046 1072 exhibueritis
1079 1014 1173 1071 Dei
1204 1015 1404 1087 gratia.
1443 1038 1466 1063 ιι
1517 1015 1741 1076 Omnes,
1774 1034 1802 1065 »
1839 1013 2040 1084 inquit,

455 1130 480 1155 ιι
522 1106 625 1162 sub
665 1106 813 1162 nube
857 1103 1102 1161 fuerunt.
1154 1123 1183 1157 η
1235 1103 1509 1176 Expandit
1550 1103 1693 1159 enim
1735 1103 1941 1158 nubem
1986 1103 2044 1158 in

453 1196 853 1268 protectionem
901 1195 1052 1266 ipsis,
1101 1214 1128 1246 «
1175 1202 1229 1250 et
1274 1210 1369 1266 per
1419 1209 1576 1250 mare
1615 1193 1966 1248 transierunt.
2011 1213 2038 1239 ι

524 1380 696 1433 Vsns.
733 1382 785 1432 2.
822 1399 845 1425 ι
875 1377 948 1431 Et
975 1390 1166 1431 omnes
1196 1375 1254 1430 in
1285 1379 1504 1431 Mosem
1531 1374 1798 1447 baptizati
1825 1374 2046 1431 fuerunt

451 1465 506 1522 in
532 1467 698 1536 nube,
724 1475 780 1522 et
805 1465 863 1521 in
895 1465 1053 1521 mari.
1093 1485 1118 1516 «
1163 1467 1284 1520 Hoc
1313 1472 1417 1532 est,
1448 1464 1662 1521 umbrae
1691 1480 1814 1536 quae
1841 1479 1872 1520 a
1901 1465 2045 1520 nube

454 1555 830 1627 proveniebat,
853 1555 1129 1626 marisque
1153 1554 1415 1609 transitus
1433 1569 1563 1610 cum
1580 1556 1735 1610 Mose
1755 1553 2045 1626 participes

451 1654 629 1701 erant.
662 1646 801 1702 Cum
835 1644 981 1700 enim
1011 1644 1188 1714 ipsum
1221 1643 1462 1714 primum
1495 1643 1727 1700 transire
1757 1643 2042 1712 vidissent,

2150 587 2244 631 τας
2277 567 2354 644 τῷ
2385 566 2534 644 Θεῷ.
2578 565 2769 623 Ταῦτα
2809 561 2863 620 δὲ
2906 560 3077 640 λέγει,
3127 560 3354 634 δεικνὺς,
3395 557 3476 620 ὅτι
3525 557 3751 640 Ὥσπερ

2154 653 2380 720 ἐκείνους
2430 655 2523 712 οὐκ
2550 651 2723 724 ὤνησε
2770 651 2831 710 τὸ
2855 653 3120 711 τοσούτων
3163 653 3468 710 ἀπολαῦσαι
3507 651 3754 728 δωρεῶν,

2153 741 2336 814 ἐπειδὴ
2367 742 2432 800 τὰ
2463 745 2593 822 παρ’
2627 744 2831 800 ἑαυτῶν
2861 743 2920 800 οὗ
2951 739 3285 822 παρέσχοντο
3320 741 3369 778 ¹⁶
3393 756 3411 775 ⁶
3439 738 3606 806 οὕτως
3632 737 3752 798 οὐδὲ

2153 833 2294 908 ὑμᾶς
2322 832 2588 912 ὠφελήσει
2622 836 2655 902 ἡ
2696 830 2902 902 πίστις,
2934 832 3028 890 καὶ
3077 830 3139 888 τὸ
3169 828 3476 908 μυστηρίων
3511 828 3746 900 ἀξιωθῆ-

2152 943 2239 977 ναι
2281 923 2694 995 πνευματικῶν,
2747 921 2792 978 εἰ
2837 918 2914 997 μὴ
2964 918 3056 978 καὶ
3097 918 3269 988 ἀξίους
3312 918 3530 987 ἑαυτοὺς
3572 917 3754 996 παρά-

2153 1031 2334 1089 σχοιτε
2381 1015 2476 1083 τῆς
2507 1015 2598 1068 τοῦ
2645 1012 2788 1090 Θεοῦ
2831 1009 3069 1090 χάριτος.
3117 1031 3145 1066 ιι
3193 1009 3431 1080 Πάντες,
3475 1035 3499 1061 ι
3555 1007 3748 1088 φησὶν,

2152 1126 2177 1152 α
2211 1098 2311 1158 ὑπὸ
2339 1097 2434 1170 τὴν
2477 1098 2698 1178 νεφέλην
2747 1089 2902 1170 ἦσαν.
2954 1120 2984 1156 ι)
3034 1097 3328 1159 Διεπέτασε
3381 1100 3485 1179 γὰρ
3525 1097 3750 1177 νεφέλην

2153 1189 2223 1256 εἰς
2279 1187 2482 1260 σκέπην
2540 1190 2752 1261 αὐτοῖς,
2800 1215 2824 1241 α
2859 1187 2950 1246 καὶ
3003 1188 3091 1246 διὰ
3144 1191 3240 1260 τῆς
3294 1187 3568 1260 θαλάσσης
3598 1187 3748 1256 διῆλ-

2155 1283 2260 1339 θον.
2292 1305 2318 1330 ιι

2243 1396 2265 1420 ει
2308 1368 2418 1427 Καὶ
2447 1366 2640 1434 πάντες
2681 1370 2752 1434 εἰς
2780 1364 2871 1426 τὸν
2921 1369 3127 1438 Μωσῆν
3178 1365 3577 1439 ἐϐαπτίσθησαν
3604 1363 3652 1404 ⁸⁷
3694 1366 3748 1424 έν

2152 1461 2218 1538 τῇ
2248 1455 2438 1537 νεφέλῃ
2457 1501 2472 1528 ,
2498 1457 2590 1515 καὶ
2619 1459 2670 1516 ἓν
2792 1455 3059 1538 θαλάσσῃ.
3097 1482 3123 1508 ιι
3155 1457 3441 1529 Τουτέστι,
3465 1459 3542 1536 τῷ
3571 1457 3748 1534 Μωσῇ

2154 1546 2507 1620 ἐκοινώνησαν
2542 1550 2636 1618 τῆς
2669 1568 2726 1604 τε
2769 1546 2872 1606 ὑπὸ
2918 1544 3014 1618 τὴν
3054 1546 3276 1628 νεφέλην
3322 1553 3503 1617 σκιᾶς,
3534 1545 3750 1616 καὶτῆς

2157 1636 2329 1696 διόδου
2356 1641 2450 1707 τῆς
2482 1637 2771 1703 θαλάσσης.
2812 1635 3038 1704 Ἰδόντες
3064 1638 3167 1718 γὰρ
3201 1636 3358 1696 αὐτὸν
3387 1639 3597 1715 πρῶτον
3629 1636 3748 1693 δια-

451 1733 568 1788 ausi
593 1743 718 1788 sunt
744 1741 799 1787 et
827 1731 924 1803 ipsi
958 1731 1114 1802 aquis
1141 1747 1259 1788 sese
1283 1732 1520 1788 credere.
1554 1731 2042 1801 Quemadmodum

2156 1725 2357 1800 ϐάντα,
2393 1725 2802 1804 κατετόλμησαν
2835 1727 2926 1785 καὶ
2966 1728 3114 1786 αὐτοὶ
3144 1730 3248 1786 τῶν
3275 1725 3482 1784 ὑδάτων
3515 1747 3528 1760 ο
3565 1723 3750 1804 ὥσπερ

451 1831 506 1878 et
534 1821 678 1893 apud
714 1837 817 1877 nos
847 1821 935 1888 ﬁt;
971 1821 1208 1892 primum
1243 1821 1464 1877 Christo
1498 1838 1594 1893 pro
1630 1820 1793 1878 nobis
1824 1830 2044 1878 mortuo

451 1919 506 1968 et
551 1911 804 1977 excitato,
837 1909 1188 1982 baptizamur
1219 1919 1276 1966 et
1303 1911 1424 1982 ipsi,
1471 1919 1715 1967 mortem
1755 1911 1922 1982 ipsius
1951 1926 2047 1982 per

458 1999 899 2068 immersionem,
922 2008 975 2055 et
1016 2000 1480 2056 resurrectionem
1527 2017 1622 2072 per
1651 2001 2043 2067 emersionem,

451 2090 754 2146 imitantes.
817 2091 881 2144 ln
939 2093 1169 2162 Moysen
1223 2089 1386 2161 igitur
1436 2089 1885 2161 baptizabantur,
1941 2088 2047 2145 hoc

451 2187 554 2246 est,
607 2177 785 2250 ipsum
848 2178 1043 2234 ducem
1087 2178 1397 2234 habuerunt
1445 2179 1791 2250 baptismatis
1837 2177 2044 2250 figurae.

452 2270 601 2323 Nam
643 2267 812 2340 ﬁgura
847 2267 1192 2340 baptismatis
1218 2275 1366 2335 erat;
1416 2283 1542 2323 cum
1573 2267 1722 2340 quod
1769 2269 1872 2324 sub
1901 2267 2045 2322 nube

451 2364 612 2422 esset,
644 2366 764 2412 tum
794 2357 944 2428 quod
983 2373 1132 2413 mare
1176 2356 1429 2412 Rubrum
1459 2356 1755 2412 transierit.

523 2446 699 2501 Vaas.
733 2452 784 2502 3.
824 2467 848 2493 ιι
887 2447 958 2500 Et
987 2461 1184 2502 omnes
1211 2447 1466 2500 eamdem
1491 2461 1670 2502 escam
1701 2444 2043 2516 spiritualem

450 2534 873 2604 manducarunt,
902 2544 959 2591 et
985 2551 1174 2591 omnes
1197 2535 1454 2591 eumdem
1486 2545 1674 2607 potum
1706 2535 2044 2606 spiritualem

451 2624 727 2680 biberunt.
768 2649 793 2672 ι
846 2624 1080 2680 Perinde
1115 2641 1180 2680 ac
1216 2641 1319 2681 nos
1350 2633 1474 2696 post
1521 2623 1812 2696 baptisma,
1846 2639 2046 2695 corpus

451 2713 806 2769 Dominicum
873 2712 1302 2783 manducamus;
1363 2714 1442 2769 sic
1509 2730 1712 2770 manna
1773 2713 1876 2784 ipsi
1923 2721 2048 2785 post

455 2817 608 2857 mare
648 2803 946 2874 trajectum
990 2804 1412 2859 manducarunt.
1469 2806 1538 2858 Et
1578 2802 2046 2874 quemadmodum

458 2906 560 2947 nos
597 2891 922 2961 sanguinem
972 2893 1138 2963 178
1180 2892 1410 2947 Domini
1458 2891 1722 2961 bibimus,
1769 2892 1848 2948 sic
1892 2893 1970 2947 illi
2017 2909 2047 2949 e

2155 1817 2246 1877 καὶ
2276 1817 2357 1898 ἐφ’
2391 1819 2581 1893 ἡμῶν,
2625 1820 2833 1894 πρῶτον
2878 1815 2931 1854 ⁴⁸
2980 1820 3070 1876 τοῦ
3117 1817 3352 1896 Χριστοῦ
3395 1813 3751 1881 ἀποθανόντος

2152 1905 2243 1966 καὶ
2274 1905 2625 1978 ἀναστάντος,
2661 1904 3027 1984 βαπτιζόμεθα
3069 1905 3159 1964 καὶ
3208 1905 3394 1978 αὐτοὶ,
3431 1902 3751 1982 μιμούμενοι

2151 1995 2240 2054 τὸν
2269 1995 2492 2054 θάνατον
2525 1994 2611 2054 διὰ
2643 1999 2736 2067 τῆς
2765 1995 3134 2067 καταδύσεως,
3175 1996 3266 2052 καὶ
3306 1994 3402 2068 τὴν
3456 1994 3750 2052 ἀνάστασιν

2153 2084 2240 2144 διὰ
2260 2088 2352 2156 τῆς
2378 2084 2700 2151 ἀναδόσεως.
2725 2115 2745 2136 ο
2776 2086 2870 2152 Εἰς
2891 2084 2979 2142 τὸν
3011 2087 3219 2156 Μωσῆν
3235 2073 3324 2142 οὖν
3348 2082 3749 2156 ἐϐαπτίζοντο,-

2155 2173 2270 2233 ἄντὶ
2327 2179 2450 2246 τοῦ,
2486 2174 2644 2232 αὐτὸν
2697 2174 2935 2254 ἀρχηγὸν
2989 2173 3149 2254 ἔσχον
3188 2177 3282 2232 τοῦ
3318 2172 3493 2254 κτύπου
3535 2177 3626 2231 τοῦ
3659 2175 3753 2251 βα-

2150 2262 2448 2340 πτίσματος
2478 2285 2492 2300 ο
2520 2259 2682 2330 τύπος
2725 2261 2829 2342 γὰρ
2881 2263 3254 2341 βαπτίσματος
3310 2253 3406 2335 ἧν,
3450 2260 3510 2322 τό
3548 2284 3606 2320 τε
3648 2260 3754 2320 ὕπὸ

2150 2352 2244 2424 τὴν
2275 2349 2493 2432 νεφέλην
2521 2343 2655 2411 εἶναι
2687 2400 2700 2422 ,
2739 2352 2832 2410 καὶ
2863 2353 2926 2413 τὸ
2957 2350 3053 2424 τὴν
3082 2353 3353 2412 θάλασσαν
3387 2353 3628 2413 διελθεῖν.

2233 2470 2256 2494 α
2289 2443 2397 2502 Καὶ
2426 2442 2624 2510 πάντες
2658 2442 2718 2501 τὸ
2748 2442 2874 2500 αὐτὸ
2905 2445 3100 2522 βρῶμα
3129 2441 3490 2519 πνευματικὸν
3516 2440 3710 2520 ἔφαγον
3733 2482 3750 2513 ,

2153 2530 2242 2590 καὶ
2273 2531 2466 2598 πάντες
2490 2532 2548 2592 τὸ
2578 2530 2704 2589 αὐτὸ
2735 2531 2888 2606 πόμα
2914 2531 3274 2609 πνευματικὸν
3298 2530 3464 2592 ἔπιον.
3489 2557 3514 2584 ι
3533 2527 3755 2609 Ὠσπερ

2154 2621 2308 2697 ἡμεῖς
2365 2621 2500 2698 μετὰ
2547 2621 2609 2680 τὸ
2642 2624 3038 2700 βαπτισθῆναι,
3084 2622 3145 2681 τὸ
3193 2625 3352 2698 σῶμα
3403 2619 3648 2694 ἐσθίομεν
3694 2619 3756 2679 τὸ

2155 2709 2486 2770 Δεσποτικόν
2521 2731 2533 2744 ·
2565 2709 2702 2769 οὕτω
2732 2710 2791 2769 τὸ
2832 2712 3005 2788 μάννα
3035 2711 3224 2769 ἐκεῖνοι
3250 2709 3388 2788 μετὰ
3411 2709 3512 2786 ,τὴν
3541 2708 3753 2768 θάλασ-

2157 2822 2274 2860 σαν.
2309 2799 2420 2859 Καὶ
2455 2795 2636 2879 ὥσπερ
2683 2804 2836 2876 ἡμεῖς
2881 2799 2943 2859 τὸ
2972 2789 3114 2876 αἷμα
3161 2806 3254 2860 τοῦ
3295 2799 3570 2860 Δεσπότου
3599 2797 3756 2858 πίνο-

2159 2911 2294 2964 μενο
2345 2887 2508 2955 οὕτως
2562 2891 2750 2947 ἐκεῖνοι
2796 2888 2856 2947 τὸ
2912 2891 2973 2948 ἐκ
3046 2892 3143 2961 τῆς
3203 2889 3500 2968 ἄκροτόμου
3557 2886 3758 2965 πέτρας

456 2979 714 3054 praedura
763 2989 910 3051 petra
941 2997 1144 3052 aquam
1174 2981 1563 3036 scaturientem
1607 2981 1882 3038 biberunt.
1929 2983 2049 3053 Spi-

2156 2976 2466 3037 ἇναϐλόσαν
2495 2975 2658 3056 ὕδωρ.
2715 2978 3067 3054 Πνευματικὰ
3113 2978 3374 3048 δὲταῦτα
3407 2979 3573 3056 λέγει,
3607 2980 3756 3036 ἐπει·

454 3067 670 3124 ritualia
707 3076 892 3124 autem
942 3067 1060 3125 haac
1109 3067 1259 3135 dicit,
1309 3069 1572 3141 quoniam
1621 3070 1724 3124 etsi
1773 3069 2052 3126 sensibilia

458 3157 678 3228 fuerint,
713 3157 950 3213 naturali
995 3167 1183 3214 tamen
1225 3159 1415 3214 ordine
1458 3158 1604 3215 facta
1644 3175 1760 3214 non
1792 3158 1923 3226 sint,
1956 3158 2051 3214 sed

460 3248 627 3320 gratia
686 3247 956 3320 spirituali
1008 3266 1024 3302 :
1076 3255 1263 3320 utpote
1303 3263 1427 3320 qua:
1474 3265 1586 3304 una
1639 3265 1766 3305 cum
1821 3263 2052 3320 corpore

457 3336 670 3393 animas
698 3336 935 3404 alebant,
965 3345 1022 3392 et
1050 3337 1116 3393 ad
1147 3336 1312 3394 ﬁdem
1338 3337 1725 3410 perducebant.

528 3429 710 3483 VBBS.
757 3433 811 3482 4.
849 3450 873 3474 α
906 3427 1177 3483 Bibebant
1205 3428 1350 3484 enim
1381 3443 1447 3484 ex
1487 3428 1757 3500 spirituali
1792 3436 2052 3500 sequente
2134 3476 2137 3478 .

458 3533 553 3573 eos
594 3525 747 3590 petra
781 3537 794 3572 :
827 3527 976 3588 petra
1019 3527 1208 3574 autem
1249 3527 1368 3574 erat
1393 3519 1666 3575 Christus.
1723 3542 1747 3567 ι
1785 3520 1945 3590 Quod
1980 3519 2050 3576 ad

454 3607 641 3663 cibum
687 3607 900 3675 attinet,
931 3623 1041 3662 non
1086 3616 1204 3664 erat
1247 3623 1386 3680 opus
1424 3607 1863 3666 confirmatione.
1906 3612 2050 3666 Nam

457 3696 706 3768 protinus
755 3695 1048 3752 inusitatus
1097 3705 1230 3754 erat.
1283 3701 1366 3754 De
1414 3703 1544 3768 potu
1587 3713 1736 3767 vero,
1782 3699 2049 3770 quoniam

453 3785 566 3841 sola
609 3785 1065 3857 suppeditationis
1094 3787 1236 3842 ratio
1272 3787 1533 3842 inusitata
1557 3796 1695 3856 crat,
1728 3789 2064 3858 probatione.

452 3874 682 3947 indiget.
731 3875 876 3931 Dicit
917 3875 1100 3948 itaque
1126 3876 1275 3949 quod
1303 3893 1412 3934 non
1457 3885 1628 3949 petras
1657 3886 1851 3934 natura
1882 3878 2049 3935 istum

452 3965 830 4036 suppeditabat
865 3965 1135 4036 (alioquin
1179 3966 1324 4021 enim
1371 3974 1428 4022 et
1455 3977 1618 4022 antea
1658 3967 2048 4036 scaturiisset),

453 4068 646 4109 verum
692 4053 791 4108 alia
834 4055 1088 4124 quaedam
1132 4063 1285 4124 petra
1333 4055 1632 4126 spiritualia
1682 4064 1860 4112 totum
1911 4073 2050 4128 prae-

453 4140 618 4209 stitit,
639 4157 835 4212 nempe
856 4141 1129 4197 Christus.
1167 4163 1192 4190 ιι
1212 4143 1502 4214 Sequente,
1531 4166 1555 4192 υ
1577 4153 1764 4201 autem
1785 4143 1947 4209 dixit,
1971 4145 2051 4201 uti

457 4229 714 4284 ostendat
758 4229 1037 4284 Christum
1087 4231 1192 4285 illis
1236 4232 1434 4302 ubique
1484 4244 1813 4304 praesentem
1859 4231 2050 4304 fuisse,

455 4326 620 4389 atque
661 4317 923 4374 miracula
954 4319 1140 4374 omnia
1173 4318 1478 4390 perfecisse.

531 4409 704 4464 Vens.
735 4414 790 4464 5.
821 4430 845 4455 α
878 4407 986 4464 Sed
1020 4424 1134 4464 non
1165 4409 1218 4464 in
1250 4410 1496 4482 pluribus
1525 4427 1723 4468 eorum
1747 4411 2050 4484 beneplaci-

456 4503 576 4552 tum
623 4505 705 4552 est
751 4500 863 4552 Deo
897 4515 909 4550 :
942 4501 1084 4554 Nam
1130 4500 1385 4570 prostrati
1435 4509 1567 4556 sunt
1594 4501 1647 4556 in
1677 4501 1900 4558 deserto
1925 4501 1974 4570 ιι,
2017 4521 2048 4556 ››

455 4587 784 4657 Quanquam
829 4589 976 4642 Deus
1024 4587 1198 4643 multa
1235 4588 1547 4646 dilectionis
1593 4605 1707 4647 sua:
1747 4590 1904 4662 signa
1940 4591 2052 4647 illis

453 4673 792 4742 ostenderat,
837 4676 1116 4749 tantisque
1143 4676 1305 4733 bonis
1329 4678 1582 4752 dignatus
1610 4689 1729 4736 erat
1755 4697 1769 4734 :
1802 4689 2052 4736 attamen

456 4763 514 4818 in
563 4763 830 4834 plerisque
864 4779 1058 4820 eorum
1105 4782 1220 4821 non
1268 4776 1351 4823 est
1394 4768 1697 4825 oblectatus
1741 4789 1755 4826 :
1803 4769 1859 4826 id
1905 4770 2052 4826 enim

459 4851 749 4924 signiﬁcat,
817 4851 1106 4919 οὖδόκησεν.
1167 4859 1293 4911 Non
1342 4857 1492 4913 enim
1537 4874 1729 4915 omnes
1775 4859 2052 4932 reprobati

453 4949 604 5008 sunt,
641 4941 736 4997 sed
767 4941 1027 5014 plerique.
1060 4946 1201 5001 Cum
1225 4955 1434 5013 autem,
1472 4970 1498 4996 α
1533 4948 1805 5014 Pluribus,
1841 4972 1867 4997 ιο
1896 4947 2050 5016 dicit,

452 5030 696 5087 ostendit
719 5031 868 5102 quod
895 5031 1034 5088 nihil
1065 5034 1377 5107 eosjuverit
1409 5035 1704 5094 multitudo
1739 5038 2052 5111 :siquidem

451 5120 558 5192 ipsi
609 5137 735 5193 erga
787 5120 1200 5179 benefactorem
1269 5124 1574 5182 dilectionis
1619 5126 1888 5184 indicium
1940 5144 2054 5184 non

451 5209 730 5266 dederant.
779 5212 974 5279 Porro,
1016 5229 1116 5284 per
1163 5237 1188 5263 ιι
1241 5215 1504 5272 Prostrati
1551 5225 1700 5286 sunt,
1737 5241 1762 5266 ι)
1811 5217 2052 5274 subitam

524 5337 552 5376 ¹¹
583 5345 731 5402 Psal.
761 5359 890 5417 cvr,
931 5353 1013 5403 t4.

2085 4345 2136 4408 D

2163 3067 2226 3139 δὴ
2255 3067 2300 3103 ¹⁰
2325 3067 2374 3124 εἶ
2405 3066 2496 3126 καὶ
2534 3067 2764 3140 αἰσθητὰ
2802 3059 2974 3143 ἦσαν,
3006 3070 3125 3127 ἀλλ’
3155 3069 3214 3128 οὐ
3244 3071 3443 3146 φύσεως
3473 3066 3756 3146 ἀκολουθία

2163 3156 2420 3233 ἐγίνοντο,
2467 3155 2607 3215 ἀλλὰ
2656 3157 2841 3236 χάριτι
2893 3162 3261 3239 πνευματικῇ,
3307 3157 3566 3236 τρέφοντα
3620 3153 3758 3233 μετὰ

2160 3251 2252 3305 τοῦ
2296 3247 2542 3323 σώματος
2591 3245 2685 3305 καὶ
2735 3245 2829 3315 τὰς
2883 3248 3086 3326 ψυχὰς,
3160 3245 3252 3306 καὶ
3309 3247 3382 3313 εἷς
3434 3245 3611 3304 πίστιν
3672 3246 3758 3303 ἐν·

2165 3335 2362 3414 άγοντα
2372 3382 2383 3395 .

2249 3449 2276 3483 α
2309 3422 2536 3486 Ἐπινον
2567 3424 2670 3506 γὰρ
2716 3429 2774 3487 ἐκ
2810 3428 2916 3506 τῆς
2960 3429 3323 3504 πνευματικῆς
3369 3423 3759 3506 ἀκολουθούσης

2159 3513 2354 3596 πέτρας
2385 3538 2398 3552 ·
2431 3521 2464 3587 ἡ
2490 3516 2544 3573 δὲ
2584 3503 2756 3597 πέτρα
2797 3505 2862 3587 ἦν
2893 3518 2920 3572 6
2951 3503 3200 3595 Χριστός.
3234 3545 3258 3569 ιι
3292 3514 3428 3596 Περὶ
3458 3514 3511 3552 ²⁰
3537 3514 3634 3590 μὲν
3667 3503 3757 3573 οὖν

2161 3607 2254 3674 τῆς
2284 3608 2479 3685 τροφῆς
2518 3605 2665 3664 οὐδὲν
2713 3606 2903 3677 ἐδεήθη
2957 3609 3294 3677 κατασκευῆς
3327 3623 3341 3640 ⁶
3389 3603 3602 3663 αὐτόθεν
3650 3602 3755 3682 γὰρ

2157 3685 2220 3766 ἦν
2268 3696 2687 3774 παρηλλαγμένη
2725 3713 2738 3727 ⁸
2772 3695 2859 3754 ἐπὶ
2903 3694 2958 3754 δὲ
3001 3700 3091 3753 τοῦ
3124 3701 3323 3767 ποτοῦ,
3358 3692 3542 3766 ἐπειδὴ
3579 3695 3608 3751 6
3635 3693 3756 3772 τρόο

2157 3806 2253 3852 πος
2299 3787 2392 3855 ἧς
2441 3783 2699 3862 χορηγίας
2751 3783 2906 3860 μόνος
2948 3781 3394 3864 παρηλλαγμένος
3439 3774 3546 3857 ἦν,
3585 3806 3754 3841 κατα.

2158 3878 2350 3944 σκευῆς
2396 3873 2608 3946 ἐδεήθη.
2649 3873 2754 3933 Καί
2797 3896 2986 3953 φησιν,
3026 3872 3108 3932 ὅτι
3155 3875 3280 3954 Οὐχ
3327 3878 3360 3946 ἡ
3412 3877 3508 3944 τῆς
3558 3872 3756 3952 πέτρας

2161 3961 2312 4041 φύσις
2345 3971 2497 4021 τοῦτο
2526 3962 2772 4041 ἐχορήγει
2903 3964 3004 4042 γὰρ
3048 3963 3112 4022 ἂν
3155 3964 3246 4024 καὶ
3289 3963 3393 4045 πρὸ
3432 3961 3621 4023 τούτου
3666 3965 3759 4021 ἄν·

2160 4049 2440 4128 ἔϐλυσεν),
2472 4048 2593 4108 ἀλλ’
2625 4050 2779 4127 ἑτέρα
2827 4074 2907 4118 τις
2952 4052 3287 4126 πνευματικὴ
3329 4051 3500 4132 πέτρα
3544 4050 3604 4108 τὸ
3651 4059 3760 4110 πᾶν

2160 4140 2442 4220 εἰργάσατο
2455 4138 2783 4220 ,τουτέστιν
2805 4187 2822 4213 ,
2847 4145 2874 4199 6
2906 4143 3154 4220 Χριστός.
3204 4146 3255 4204 Τ
3258 4143 3285 4202 ὸ
3317 4141 3404 4215 δὲ,
3441 4164 3471 4200 α
3501 4139 3757 4200 Ἀκολου-

2160 4228 2378 4300 θούσης,
2405 4255 2427 4280 ι
2451 4219 2611 4300 εἶπεν,
2643 4228 2730 4288 ἵνα
2762 4229 2924 4310 δείξῃ,
2955 4219 3036 4289 ὅτι
3063 4231 3214 4299 αὐτὸς
3245 4223 3310 4304 ἦν
3342 4235 3370 4290 6
3414 4228 3603 4310 παρὼν
3649 4232 3754 4290 αὖ-

2161 4321 2269 4384 τοῖς
2297 4323 2574 4398 πανταχοῦ
2593 4363 2608 4393 ,
2639 4319 2731 4378 καὶ
2761 4319 2940 4380 πάντα
2971 4325 3412 4399 θαυματουργῶν.

2251 4407 2454 4466 «Ἀλλ’
2504 4411 2598 4467 οὐκ
2633 4411 2684 4468 ἐν
2731 4409 2838 4476 τοῖς
2885 4409 3124 4470 πλείοσιν
3173 4413 3348 4470 αὐτῶν
3404 4409 3687 4481 εὐδόκησεν
3729 4414 3760 4470 6

2161 4497 2296 4564 Θεός
2330 4519 2344 4535 ·
2374 4497 2821 4576 κατεστρώθησαν
2871 4501 2975 4579 γὰρ
3019 4501 3073 4558 έν
3122 4505 3190 4580 τῇ
3236 4499 3442 4580 ἐρήμῳ.
3493 4528 3516 4554 ι
3557 4503 3621 4561 Εἰ
3655 4501 3748 4558 καὶ

2159 4587 2371 4665 ἀγάπης
2400 4588 2664 4667 τεκμήρια
2703 4589 2876 4648 πολλὰ
2923 4589 3228 4659 ἐπεδείξατο
3265 4593 3292 4650 6
3337 4589 3473 4657 Θεὸς
3502 4589 3632 4670 πρὸς
3661 4592 3764 4649 αὖ·-

2157 4675 2311 4748 τοὺς,
2358 4676 2450 4735 καὶ
2505 4679 2770 4736 τοσούτων
2821 4677 3008 4745 αὖτοὺς
3057 4681 3269 4758 ἀγαθῶν
3309 4679 3533 4751 ἠξίωσεν
3565 4703 3580 4717 ο
3612 4677 3760 4754 ὅμως

2159 4765 2254 4822 οὐκ
2282 4765 2480 4844 ἠρέσθη
2502 4813 2513 4833 ,
2548 4766 2743 4846 φησὶν,
2792 4767 2879 4826 ἐπὶ
2927 4769 3034 4834 τοῖς
3079 4770 3316 4828 πλείοσιν
3348 4770 3520 4827 αὐτῶν
3545 4790 3558 4804 ·
3606 4773 3763 4828 τοῦτο

2161 4855 2263 4933 γὰρ
2308 4855 2402 4931 τὸ,
2459 4882 2482 4908 α
2539 4854 2865 4928 Εὐδόκησεν.
2899 4881 2923 4909 ι
2963 4859 3045 4917 Οὔ
3093 4857 3196 4936 γὰρ
3249 4857 3759 4935 ἆπεδοκιμάσθησαν

2159 4943 2381 5018 πάντες,
2421 4945 2542 5002 ἀλλ’
2571 4947 2618 5003 οἱ
2662 4946 2894 5013 πλείους.
2930 4943 3036 5006 Διὰ
3079 4945 3133 5004 δὲ
3179 4951 3272 5006 τοῦ
3317 4948 3520 5015 εἰπεῖν,
3570 4968 3598 5005 α
3631 4949 3762 5013 Τοῖς

2159 5032 2399 5102 πλείοσι,
2441 5056 2468 5089 ι
2525 5035 2674 5106 δηλοῖ
2711 5035 2804 5093 καὶ
2861 5033 2942 5093 ὅτι
2995 5034 3058 5093 τὸ
3107 5038 3305 5106 πλῆθος
3358 5035 3549 5104 αὐτοὺς
3609 5036 3759 5096 οὐδὲν

2159 5120 2333 5191 ὤνησε
2355 5169 2370 5195 ,
2398 5121 2531 5182 διότι
2570 5122 2638 5181 τὰ
2668 5128 2761 5194 τῆς
2812 5123 3025 5200 ἀγάπης
3055 5123 3204 5183 αὐτοὶ
3245 5127 3341 5184 οὐκ
3396 5124 3762 5186 ἐπεδείκνυντο

2161 5211 2292 5290 πρὸς
2317 5211 2404 5270 τὸν
2435 5211 2716 5293 εὐεργέτην
2743 5212 2816 5274 2⁸.
2833 5212 2937 5274 Διὰ
2963 5214 3018 5274 δὲ
3035 5219 3150 5292 τοῦ,
3179 5240 3200 5265 ιι
3221 5212 3712 5296 Κατεστρώθησαν,
3736 5239 3763 5269 ι

1845 5426 2042 5486 Varias
2087 5427 2394 5489 lectiones.

526 5547 566 5581 ¹⁸
613 5551 932 5619 προσέθεντο,
981 5548 1091 5617 ἤτοι
1142 5553 1367 5624 παρέχοι,
1431 5570 1486 5611 ο.

453 5645 544 5694 την
585 5644 664 5684 m.

1591 5551 1632 5588 ⁸⁷
1676 5554 2030 5618 ἐϐαπτίζοντοῗ
2053 5573 2108 5614 ο.
2182 5557 2228 5594 ¹⁸
2277 5559 2472 5629 πρώτου
2519 5573 2572 5615 ο.

2681 5556 2725 5592 ¹⁹
2786 5557 2913 5612 διότι
2967 5574 3022 5616 o.
3117 5559 3163 5595 ²⁰
3207 5558 3288 5615 ἐπί
3337 5577 3393 5618 o.
3470 5560 3508 5596 ²¹
3575 5560 3760 5616 δεσπό-
