4110 6418
431 415 528 470 681

1347 417 1700 476 EXPOSITIO
1740 421 1808 475 ΙΝ
1847 419 2056 478 EPIST.
2097 423 2190 478 AD
2228 423 2390 482 ROM.
2435 455 2503 468 —-
2546 426 2697 484 CAP.
2737 430 2796 484 X.

3621 437 3726 493 682

425 539 525 611 τὴν
569 537 764 618 ἀθρόαν
809 540 980 599 αὐτῶν
1011 539 1312 616 ἀπώλειαν,
1356 543 1570 614 καὶτὰς
1600 543 1888 618 θεηλάτους
1930 570 1994 605 κο

2130 563 2326 607 eorum
2368 551 2798 611 destructionem
2845 552 3070 624 indicat,
3120 571 3418 629 poenasque
3463 559 3731 618 divinitus

425 629 609 695 λάσεις
642 628 910 709 ἐμφαίνει.

510 744 536 774 α
567 718 757 776 Ταῦτα
781 718 837 779 δὲ
861 719 1016 779 τύποι
1061 722 1214 798 ἡμῶν
1258 721 1611 798 ἐγενήθησαν,
1646 726 1719 792 εἰς
1752 722 1813 782 τὸ
1847 724 1922 800 μὴ
1953 716 2023 784 εἶ-

425 831 514 866 ναι
563 813 706 883 ἡμᾶς
750 808 1080 886 ἐπιθυμητὰς
1122 814 1226 869 τῶν
1281 814 1498 889 κακῶν,
1554 811 1728 882 καθὼς
1788 817 2022 874 κάκεῖνοι

425 897 792 975 ἐπεθύμησαν.
847 919 877 956 u
930 897 1144 978 ⁰Ωσπερ
1196 902 1250 958 αἱ
1309 899 1603 981 εὐεργεσίαι
1647 901 1805 962 τύποι
1854 895 2014 978 ἦσαν,

424 985 566 1045 οὕτω
611 985 704 1046 καὶ
753 988 809 1046 αἱ
853 988 1118 1054 κολάσεις.
1171 987 1420 1048 Δείκνυσι
1453 987 1543 1062 δὲ,
1583 992 1683 1070 οὐχ
1726 989 1806 1049 ὅτι
1856 995 2019 1052 κολα-

423 1074 713 1147 σθήσονται
744 1075 940 1153 μόνον,
973 1076 1092 1138 ἀλλ’
1139 1079 1218 1136 ὅτι
1263 1079 1356 1136 καὶ
1408 1079 1660 1158 μειζόνως
1711 1080 1746 1150 ἢ
1790 1082 2014 1161 ἐκεῖνοι,

421 1162 534 1247 ὅσῳ
582 1166 758 1225 ἐκεῖνα
813 1165 911 1242 μὲν
969 1166 1160 1240 τύπος,
1219 1171 1390 1226 ταῦτα
1463 1166 1520 1227 δὲ
1572 1169 1816 1241 ἀλήθεια.
1908 1172 2018 1232 Καὶ

420 1251 604 1334 ὥσπερ
648 1258 702 1314 ἐν
747 1256 861 1322 ταῖς
891 1257 1112 1337 δωρεαῖς
1151 1261 1184 1327 ἡ
1215 1257 1452 1336 ὑπεροχὴ
1473 1301 1489 1329 ,
1522 1256 1658 1316 οὕτω
1695 1260 1786 1318 καὶ
1819 1263 1870 1318 ἐν
1901 1269 2017 1328 ταῖς

420 1343 727 1406 κολάσεσιν.
761 1343 945 1405 Εἰπὼν
975 1345 1065 1418 δὲ,
1101 1366 1133 1404 α
1162 1344 1540 1423 Ἐπιθυμητὰς
1584 1351 1797 1424 κακῶν,
1830 1375 1855 1402 ι
1885 1356 2014 1409 καθ·

417 1433 610 1502 ολικῶς
657 1434 779 1514 περὶ
827 1434 1006 1506 πάσης
1051 1433 1242 1501 κακίας
1281 1434 1460 1514 λέγει,
1503 1436 1686 1508 ἐπειδὴ
1728 1438 1820 1496 καὶ
1863 1448 2012 1498 πᾶσα

417 1522 582 1582 κακία
611 1523 664 1593 ἐξ
702 1524 1003 1598 ἐπιθυμίας.
1053 1515 1190 1585 Εἶτα
1219 1524 1311 1583 καὶ
1360 1527 1480 1584 κατ’
1520 1515 1656 1593 εἶδος
1707 1526 1881 1600 τίθησι
1917 1528 2013 1597 τὰς

415 1611 627 1678 κακίας.
659 1613 734 1674 Τί
771 1614 827 1672 δὲ
864 1615 1052 1674 ἐκεῖνοι
1091 1613 1468 1689 ἐπεθύμησαν;
1519 1615 1762 1694 Σκόροδα
1789 1663 1806 1694 ,
1839 1619 2003 1698 κρέα,

415 1702 562 1769 θεοὺς
590 1701 781 1776 ἰδίους,
816 1707 889 1771 ὣς
928 1705 1020 1764 καὶ
1047 1702 1200 1772 αὐτὸς
1224 1703 1312 1764 διὰ
1342 1707 1447 1762 τῶν
1480 1703 1596 1777 ἑξῆς
1626 1707 1776 1777 δηλοῖ
1801 1706 1897 1778 τὴν
1929 1711 2008 1767 εἷ-

415 1792 801 1873 δωλολατρείαν
837 1795 1012 1854 αὐτῶν
1026 1841 1039 1855 .

495 2001 520 2029 α
552 1973 706 2047 Μηδὲ
737 1975 1122 2058 εἰδωλολάτραι
1150 1977 1388 2056 γίνεσθε,
1418 1979 1594 2050 καθώς
1636 2005 1770 2049 τινες
1802 1983 2007 2056 αὐτῶν,

411 2060 594 2144 ὥσπερ
637 2063 936 2144 γέγραπται
971 2084 986 2100 ⁶
1041 2065 1324 2127 Ἐκάθισεν
1380 2071 1408 2128 ὁ
1458 2070 1581 2136 λαὸς
1637 2079 1861 2152 φαγεῖν,
1915 2071 2006 2130 καὶ

413 2161 590 2226 πιεῖν,
648 2153 740 2214 καὶ
792 2154 1091 2228 ἀνέστησαν
1141 2157 1368 2226 παίζειν.
1433 2186 1457 2212 ιο
1521 2162 1742 2236 Πρῶτον
1804 2159 2005 2220 τούτων

410 2243 741 2303 καθάπτεται
793 2249 900 2304 τῶν
953 2248 1006 2304 ἐν
1054 2253 1161 2312 τοῖς
1213 2247 1497 2316 εἰδωλείοις
1547 2249 1860 2323 ἐσθιόντων,
1916 2251 2008 2309 καὶ

411 2332 815 2410 δείκνυσιν,ὄτι
856 2331 1040 2414 ὥσπερ
1085 2336 1274 2393 ἐκεῖνοι
1320 2337 1426 2396 ἀπὸ
1468 2340 1893 2418 γαστριμαργίας
1935 2342 2008 2408 εἰς

408 2421 846 2504 εἷδωλολατρείαν
899 2422 1084 2483 ἔπεσον
1134 2423 1350 2504 (χοροὺς
1399 2425 1504 2506 γὰρ
1549 2427 1836 2497 στήσαντες
1884 2427 2006 2508 περὶ

407 2511 497 2571 τὸν
528 2511 764 2592 μόσχον,
817 2513 1030 2582 ἔπαιζον
1075 2513 1374 2594 ἔμπροσθεν
1425 2521 1586 2575 αὐτοῦ
1616 2538 1628 2552 ·
1663 2545 1686 2570 ιο
1731 2516 1869 2576 οὕτω
1915 2511 2007 2576 καὶ

407 2603 548 2678 ὑμᾶς
581 2601 813 2670 κίνδυνος
842 2608 915 2672 εἷς
955 2603 1153 2676 ταύτην
1192 2613 1403 2678 πεσεῖν,
1436 2606 1542 2664 ἀπὸ
1589 2611 1679 2664 τοῦ
1732 2605 1800 2665 τὰ
1849 2609 2004 2667 εἴδω-

404 2691 603 2751 λόθυτα
649 2690 736 2750 διὰ
784 2692 1210 2774 γαστριμαργίαν
1269 2694 1484 2756 ἐσθίειν.
1545 2693 1755 2767 "ﬂore,
1816 2702 1917 2756 ποῦ
1970 2702 2003 2769 ἡ

406 2781 636 2841 δοκοῦσα
680 2783 944 2856 τελειότης
973 2806 1104 2857 σου,
1146 2782 1274 2844 ὅταν
1331 2785 1402 2852 εἰς
1457 2784 1894 2867 εἰδωλολατρείαν
1927 2785 2006 2855 ἐξ·

406 2869 559 2952 ἄγῃς

489 2988 513 3014 α
547 2959 703 3033 Μηδὲ
756 2959 1095 3040 πορνεύωμεν
1125 2961 1201 3036 2³,
1253 2961 1427 3030 καθώς
1465 2988 1599 3030 τινες
1633 2965 1802 3022 αὐτῶν
1847 2965 2004 3047 ἐπόρ-

403 3073 616 3123 νευσαν,
660 3048 754 3110 καὶ
795 3049 986 3110 ἔπεσον
1025 3053 1078 3110 ἐν
1105 3061 1203 3134 μιᾷ
1238 3052 1417 3133 ἡμέρᾳ
1447 3053 1613 3114 εἴκοσι
1657 3061 1794 3132 τρεῖς
1825 3057 2005 3135 χιλιά-

402 3142 508 3209 δες.
542 3168 566 3193 ι
603 3139 776 3200 Πάλιν
827 3143 919 3212 τῆς
969 3139 1220 3221 πορνείας
1271 3143 1581 3218 μέμνηται,
1756 3144 2002 3226 συνεχείᾳ

402 3235 498 3290 τοῦ
518 3230 739 3310 ἐλέγχου
775 3230 1169 3310 ἀνυσιμώτερον
1195 3232 1284 3291 τὸν
1313 3231 1471 3308 λόγον
1497 3235 1682 3292 ποιῶν.
1723 3233 1834 3294 Καὶ
1865 3234 1999 3306 αὕτη

404 3318 523 3390 δὲἡ
579 3319 816 3400 ἁμαρτία
853 3318 962 3377 ἀπὸ
1011 3319 1438 3401 γαστριμαργίας
1484 3321 1710 3398 γίνεται.
1765 3323 1902 3381 Πότε
1945 3324 2001 3382 δὲ

400 3408 592 3468 ἔπεσον
619 3407 786 3469 εἴκοσι
814 3412 953 3488 τρεῖς
992 3409 1260 3488 χιλιάδες
1294 3406 1428 3468 "Ore
1459 3412 1599 3469 κατὰ
1628 3410 1723 3480 τὴν
1754 3410 1999 3488 συμϐου-

398 3496 501 3569 λὴν
533 3499 769 3578 Βαλαὰμ
810 3500 866 3557 αἱ
908 3497 1286 3567 Μαδιανίτιδες
1316 3506 1559 3576 γυναῖκες
1590 3501 1676 3557 ἐπὶ
1709 3506 1802 3573 τῆς
1826 3524 2000 3581 παρα-

399 3585 598 3657 τάξεως
647 3592 923 3670 φανεῖσαι,
973 3587 1094 3655 τοὺς
1139 3587 1421 3668 νεωτέρους
1459 3588 1873 3670 ἐφειλκύσαντο,
1906 3591 1998 3649 καὶ

399 3677 488 3737 διὰ
513 3682 608 3750 τῆς
637 3679 887 3760 πορνείας
934 3679 1006 3744 εἷς
1047 3678 1109 3738 τὸ
1138 3683 1294 3738 θῦσαι
1337 3682 1414 3758 τῷ
1456 3677 1772 3759 Βεελφεγὼρ
1817 3679 1998 3749 ἐξεκα-

395 3766 623 3827 λέσαντο
650 3767 864 3836 τούτους
886 3811 903 3841 ,
952 3767 1046 3827 καὶ
1095 3766 1287 3827 ἔπεσεν
1337 3769 1366 3825 ὁ
1417 3766 1544 3834 λαὸς
1574 3769 1628 3825 ἐν
1756 3769 2024 3848 «apud?

401 3855 494 3928 ξει.

480 3974 504 4003 σι
534 3947 694 4021 Μηδὲ
729 3946 1124 4028 ἐκπειράζωμεν
1152 3945 1240 4006 τὸν
1268 3944 1502 4027 Χριστὸν
1521 3993 1538 4024 ,
1577 3947 1752 4015 καθὼς
1799 3948 1892 4007 καί
1919 3972 1996 4008 τι·

395 4060 480 4106 νες
531 4041 706 4097 αὐτῶν
764 4036 1050 4118 ἐπείρασαν
1102 4037 1175 4110 33,
1227 4035 1320 4096 καὶ
1368 4035 1470 4096 ὑπὸ
1515 4040 1621 4096 τῶν
1675 4037 1846 4116 ὄφεων
1892 4040 1995 4096 ἄπ-

396 4125 620 4189 ώλοντο.
653 4155 679 4181 ιι
706 4127 1016 4208 Ἐμφαίνει,
1051 4123 1130 4185 ὅτι
1159 4131 1209 4187 οἱ
1243 4125 1516 4206 Κορίνθιοι
1554 4127 1852 4205 ἐπείραζον,
1887 4153 1989 4200 ση-

398 4225 527 4292 μεῖα
563 4219 950 4289 ἐπιζητοῦντες.

480 4335 505 4359 ιι
538 4306 690 4380 Μηδὲ
719 4307 1000 4386 γογγύζετε
1021 4350 1039 4380 ,
1072 4304 1248 4373 καθὼς
1274 4304 1364 4364 καί
1395 4329 1530 4373 τινες
1563 4309 1737 4365 αὐτῶν
1769 4306 1991 4386 ἐγόγγυ-

396 4399 514 4470 ζον,
559 4399 650 4456 καὶ
681 4397 960 4457 ἀπώλοντο
992 4397 1094 4455 ὑπὸ
1135 4403 1227 4455 τοῦ
1275 4397 1606 4473 ὀλοθρευτοῦ.
1653 4423 1675 4448 ι
1704 4395 1995 4471 Τουτέστι,

2041 1853 2089 1916 Β

2138 640 2330 697 illatas.

2133 641 2247 696 ilt
2318 685 2330 697 .

2157 641 2376 771 laVallis.
2421 720 2475 770 6.
2523 737 2550 764 «ι
2599 716 2732 772 Haec
2772 723 2957 772 autem
3006 715 3200 789 ﬁgurae
3245 727 3451 776 nostra;
3478 719 3726 789 fuerunt,

2133 809 2195 857 ut
2250 819 2362 859 non
2408 803 2584 861 simus
2644 806 3103 878 concupiscentes
3151 808 3442 878 malorum,
3488 809 3628 865 sicut
3673 819 3728 867 et

2130 891 2208 948 illi
2250 894 2662 966 concupierunt.
2697 915 2726 949 »
2774 896 3262 966 Quemadmodum
3306 897 3571 954 beneﬁcia
3613 900 3724 972 typi

2127 981 2375 1051 fuerunt,
2439 983 2512 1040 ita
2559 992 2615 1039 et
2674 1000 2873 1057 poenae.
2929 986 3140 1042 Iudicat
3186 995 3372 1042 autem
3417 987 3568 1059 quod
3611 1005 3724 1044 non

2125 1072 2310 1128 solum
2355 1088 2516 1143 paena
2545 1072 2870 1141 afﬁcientur,
2912 1090 3104 1130 verum
3134 1075 3302 1131 etiam
3332 1084 3484 1131 tanto
3514 1076 3724 1148 majore

2129 1177 2294 1232 quam
2335 1161 2429 1228 illi,
2459 1171 2667 1234 quanto
2708 1163 2799 1218 illa
2842 1163 3064 1234 quidem
3098 1172 3257 1237 typus
3313 1163 3548 1232 fuerint,
3608 1166 3720 1222 ista

2126 1267 2278 1321 vero,
2322 1251 2522 1308 veritas
2572 1271 2585 1308 :
2634 1267 2699 1307 ac
2745 1252 3220 1324 quemadmodum
3268 1253 3321 1308 in
3370 1253 3530 1310 donis
3578 1270 3720 1326 prae-

2123 1341 2410 1410 cellebant,
2459 1342 2540 1397 sic
2579 1349 2634 1396 et
2673 1342 2729 1396 in
2767 1342 2964 1414 poenis.
3014 1342 3216 1398 Dicens
3262 1351 3448 1400 autem
3491 1366 3516 1392 α
3569 1345 3717 1400 Con-

2123 1431 2463 1504 cupiscentes
2492 1431 2788 1502 malorum,
2823 1456 2846 1479 -
2896 1433 3201 1503 generatim
3229 1432 3297 1488 de
3321 1432 3470 1488 omni
3507 1434 3717 1489 malitia

2121 1521 2386 1592 loquitur,
2427 1519 2877 1592 quandoquidem
2907 1531 2963 1577 et
2986 1537 3152 1577 omne
3183 1522 3378 1578 vitium
3407 1538 3472 1577 ex
3502 1537 3718 1579 concu-

2121 1610 2384 1682 piscentia
2410 1611 2603 1665 oritur.
2641 1609 2849 1666 Deinde
2873 1611 3158 1682 Speciatim
3187 1611 3260 1666 ita
3290 1611 3417 1666 vitia
3449 1621 3710 1668 recenset.

2121 1700 2269 1773 Quid
2311 1708 2494 1755 autem
2537 1700 2608 1754 illi
2646 1700 3046 1771 expetiverint?
3094 1700 3269 1768 Allia,
3315 1716 3538 1768 carnes,
3585 1717 3714 1773 pro-

2119 1789 2265 1861 prios
2285 1789 2442 1854 deos,
2474 1788 2552 1844 uti
2583 1797 2640 1844 et
2667 1789 2780 1860 ipse
2810 1804 2908 1860 per
2937 1804 3002 1844 ea
3025 1804 3150 1861 quae
3173 1797 3484 1862 sequuntur
3519 1804 3717 1846 eorum

2122 1879 2494 1936 idololatriam
2532 1876 2803 1950 patefacit.

2189 1972 2368 2026 Vens.
2401 1976 2455 2025 7.
2511 1993 2534 2015 ι
2584 1970 2772 2040 Neque
2827 1967 3131 2024 idololatraa
3192 1965 3526 2037 efﬁciamini,
3576 1968 3715 2024 sicut

2115 2058 2344 2132 quidam
2389 2074 2453 2114 ex
2499 2057 2651 2130 ipsis,
2699 2056 3172 2129 quemadmodum
3229 2057 3490 2128 scriptum
3549 2065 3635 2112 est
3695 2075 3709 2112 :

2117 2148 2270 2206 Sedit
2300 2149 2534 2221 populus
2565 2147 2900 2203 manducare
2944 2156 3001 2202 et
3022 2146 3230 2214 bibere,
3261 2155 3316 2202 et
3352 2155 3714 2202 surrexerunt

2117 2239 2303 2294 ludere
2340 2236 2376 2292 ί.
2431 2261 2456 2286 ι
2499 2238 2745 2292 Primum
2802 2252 2896 2292 eos
2947 2236 3141 2307 carpit,
3190 2235 3282 2308 qui
3327 2236 3387 2292 in
3433 2235 3716 2292 idolorum

2116 2327 2358 2384 delubris
2387 2327 2764 2399 epulabantur,
2798 2325 3093 2382 ostendens
3135 2324 3304 2397 quod,
3349 2325 3712 2395 quemadmo-

2115 2416 2248 2472 dum
2298 2417 2373 2472 illi
2411 2432 2442 2472 a
2490 2415 2786 2486 gulositate
2833 2413 2902 2470 ad
2944 2415 3222 2470 idolorum
3267 2413 3476 2481 cultum
3506 2413 3714 2486 delapsi

2115 2506 2227 2561 sint
2279 2505 2508 2572 (choros
2561 2506 2710 2578 enim
2759 2511 3064 2559 statuentes
3125 2503 3267 2558 circa
3318 2503 3569 2571 vitulum,
3629 2503 3713 2557 lu-

2113 2591 2318 2650 debant
2345 2603 2473 2651 ante
2501 2595 2736 2666 ipsum),
2768 2593 2850 2649 sic
2871 2592 3175 2664 periculum
3204 2600 3306 2660 est,
3338 2607 3408 2647 ne
3437 2601 3494 2646 et
3517 2608 3613 2647 vos
3643 2591 3714 2648 ad

2115 2683 2482 2740 idololatriam
2549 2681 2969 2755 provolvamini,
3031 2698 3160 2738 cum
3229 2698 3293 2737 ex
3345 2681 3488 2754 gulae
3546 2697 3712 2737 suasu

2113 2773 2277 2830 idolis
2307 2773 2598 2829 immolata
2626 2771 2803 2828 editis.
2830 2771 3084 2828 Ubinam
3101 2771 3272 2844 igitur
3300 2769 3563 2842 perfectio
3594 2778 3711 2836 tua,

2113 2863 2162 2920 si
2183 2863 2251 2920 ad
2277 2862 2641 2918 idololatriam
2665 2859 3008 2933 perduceris?

2186 2956 2368 3010 Vnus.
2398 2959 2452 3009 8.
2485 2975 2510 3001 ει
2546 2955 2736 3023 Neque
2762 2950 2928 3021 179
2941 2947 3295 3017 fornicemur,
3321 2948 3462 3004 sicut
3483 2948 3712 3020 quidam

2113 3058 2180 3100 ex
2209 3043 2344 3114 ipsis
2373 3040 2625 3097 fornicati
2653 3048 2806 3108 sunt,
2836 3048 2893 3095 et
2922 3039 3236 3096 ceciderunt
3262 3054 3372 3094 uno
3399 3037 3488 3094 die
3519 3037 3707 3109 viginti

2112 3132 2215 3187 tria
2245 3131 2438 3186 millia.
2486 3154 2513 3180 ν
2545 3134 2762 3186 Rursus
2790 3128 3139 3186 scortationis
3179 3127 3450 3192 meminit,
3482 3142 3550 3182 ex
3597 3125 3709 3182 fre-

2109 3221 2334 3294 quentia
2380 3219 2820 3292 reprehensionis
2866 3218 3173 3275 orationem
3203 3215 3572 3272 efﬁcaciorem
3621 3215 3708 3270 fa-

2109 3311 2280 3367 ciens.
2327 3311 2620 3366 Peccatum
2663 3317 2852 3364 autem
2883 3307 3026 3363 istud
3054 3323 3086 3362 a
3125 3305 3505 3379 gastrimargia
3536 3304 3705 3376 proﬁ-

2109 3401 2352 3456 ciscitur.
2385 3398 2616 3471 Quando
2650 3414 2780 3454 vero
2814 3397 3001 3470 viginti
3027 3396 3132 3451 tria
3163 3395 3331 3450 millia
3358 3395 3708 3451 ceciderunt?

2109 3489 2337 3560 Quando
2366 3489 2518 3560 juxta
2557 3488 2853 3544 consilium
2877 3486 3125 3553 Balaam,
3171 3483 3556 3540 Madianitides
3582 3499 3706 3539 mu-

2109 3579 2270 3636 lieres
2308 3579 2451 3651 apud
2492 3577 2800 3634 exercitum
2834 3575 2984 3641 visae,
3021 3575 3254 3646 juvenes
3300 3573 3368 3628 ad
3417 3588 3537 3628 sese
3580 3588 3704 3645 per-

2106 3677 2415 3737 traxerunt,
2459 3677 2619 3740 atque
2648 3683 2745 3722 eos
2783 3681 2880 3737 per
2909 3662 3298 3719 scortationem
3331 3660 3704 3733 pelliciebant,

2106 3766 2170 3814 ut
2209 3773 2429 3814 sacrum
2459 3755 2706 3814 facerent
2740 3752 3101 3825 Beelphegor,
3130 3766 3194 3807 ac
3238 3749 3440 3806 cecidit
3468 3749 3703 3822 populus

2105 3847 2161 3904 in
2200 3847 2336 3904 acie.

2177 3941 2354 3995 Vnns.
2394 3942 2449 3993 9.
2494 3953 2525 3989 α
2560 3937 2758 4007 Neque
2785 3940 3064 3989 tentemus
3093 3929 3390 3999 Christum,
3434 3927 3700 4000 quemad-

2105 4028 2336 4086 modum
2378 4035 2435 4084 et
2463 4025 2689 4099 quidam
2732 4025 2980 4096 ipsorum
3020 4028 3393 4087 teutaverunt,
3434 4026 3488 4073 et
3513 4033 3545 4073 a
3585 4033 3702 4074 ser-

2104 4116 2362 4190 pentibus
2407 4116 2707 4188 perierunt.
2778 4137 2804 4162 ι»
2854 4111 3042 4168 Innuit
3086 4108 3401 4166 Corinthios
3443 4115 3700 4176 tentasse,

2103 4206 2240 4264 dum
2275 4207 2429 4279 signa
2471 4211 2804 4278 qumrerent.

2173 4301 2351 4354 Vsus.
2388 4303 2476 4352 10.
2525 4318 2551 4344 «ι
2583 4297 2772 4365 Neque
2803 4289 3180 4357 murmuretis,
3208 4296 3270 4344 ut
3297 4287 3523 4360 quidam
3554 4289 3701 4360 ipso-

2099 4404 2228 4444 rum
2261 4393 2683 4442 murmurarunt
2710 4391 2766 4439 et
2793 4381 3077 4453 perierunt
3097 4379 3168 4435 ab
3193 4379 3643 4434 exterminatore.
3673 4399 3700 4426 »

396 4486 666 4563 δυνάμεώς
706 4510 848 4554 τινος
900 4489 1291 4565 τιμωρητικῆς.
1345 4467 1651 4546 Αίνίττεται
1699 4484 1754 4544 δὲ
1805 4467 1994 4553 αὐτοὺς

2114 4480 2232 4533 Hoc
2269 4485 2375 4546 est,
2417 4491 2448 4532 a
2480 4475 2680 4529 virtute
2708 4471 2970 4544 quapiam
3002 4484 3218 4541 pmuam
3249 4467 3557 4539 inﬂigente.
3600 4468 3704 4521 Per

393 4576 486 4636 καὶ
534 4576 623 4635 διὰ
669 4576 890 4654 τούτου,
923 4574 1004 4634 ὅτι
1051 4577 1105 4634 ἐν
1155 4585 1263 4643 τοῖς
1299 4582 1614 4655 πειρασμοῖς
1669 4576 1766 4633 οὐκ
1809 4574 1992 4656 ἔφερον

391 4665 672 4745 γενναίως,
721 4665 837 4726 ἀλλ’
889 4666 1168 4745 ἐγόγγυζον
1215 4663 1458 4742 λέγοντες
1491 4685 1504 4699 ·
1558 4663 1702 4725 Πότε
1753 4662 1870 4736 ἥξει
1924 4664 1990 4723 τὰ

394 4756 605 4834 ἀγαθάς
641 4756 734 4815 καὶ
763 4755 863 4824 ἕως
894 4755 1022 4815 πότε
1059 4757 1114 4814 αἱ
1139 4755 1430 4831 κακώσεις;

505 4955 530 4981 «ι
583 4930 778 4988 Ταῦτα
829 4927 885 4986 δὲ
935 4927 1112 4986 πάντα
1155 4923 1310 4986 τύποι
1359 4924 1666 4985 συνέϐαινον
1730 4923 1948 4991 ἐκείνοις
1982 4946 1995 4960 ·

392 5017 600 5099 ἐγράφη
657 5018 712 5077 δὲ
755 5018 886 5098 πρὸς
936 5016 1200 5076 νουθεσίαν
1243 5018 1422 5094 ἡμῶν,
1477 5019 1549 5082 εἰς
1603 5012 1691 5081 οὓς
1751 5013 1819 5073 τὰ
1867 5013 1994 5084 τέλη

391 5111 497 5166 τῶν
524 5107 732 5166 αἰώνων
769 5106 1088 5179 κατήντησε.
1116 5133 1141 5159 ιι
1170 5105 1342 5166 Φοϐεῐ
1367 5103 1558 5173 αὐτοὺς
1583 5107 1660 5184 τῷ
1702 5126 1759 5162 τε
1790 5105 1957 5162 εἰπεῖν
1977 5146 1994 5175 ,

395 5194 476 5255 ὅτι
501 5225 526 5249 ε
555 5197 696 5276 Πρὸς
723 5195 993 5256 νουθεσίαν
1026 5198 1179 5273 ἡμῶν
1228 5195 1433 5274 ἐγράφη
1453 5242 1470 5268 ,
1521 5219 1546 5248 ιο
1596 5193 1686 5252 καὶ
1719 5193 1998 5274 ὀφείλομεν

397 5287 581 5346 λοιπὸν
625 5287 717 5346 καὶ
765 5290 920 5364 ἡμεῖς
965 5287 1264 5367 προσδοκᾷν
1298 5285 1578 5357 κολάσεις,
1618 5283 1708 5343 καὶ
1741 5282 2000 5364 φρικωδε-

400 5376 623 5457 στέρας,
671 5376 780 5459 ὅσῳ
830 5376 923 5436 καὶ
981 5375 1230 5455 μειζόνων
1300 5374 1692 5449 ἀπηλαύσαμεν
1743 5374 1952 5459 δωρεῶν
1983 5392 1998 5409 ο

399 5465 496 5526 καὶ
532 5468 609 5546 τῷ
638 5457 866 5547 ἀφιστᾷν
915 5468 1090 5534 αὐτοῖς
1131 5466 1192 5526 τὸ
1217 5464 1397 5540 τέλος,
1433 5464 1524 5522 καὶ
1571 5461 1875 5535 δεικνύναι,
1919 5457 2000 5517 ὅτι

477 5580 492 5618 ί
524 5581 700 5640 Exod.
732 5597 938 5652 xxxn,
969 5587 1022 5639 6.

2106 4566 2211 4622 hoc
2235 4574 2422 4622 autem
2445 4563 2645 4630 innuit,
2683 4559 2833 4633 quod
2857 4560 2912 4614 in
2929 4555 3327 4614 tentationibus
3353 4554 3703 4625 impatientes

2102 4655 2330 4724 fuerint,
2364 4669 2467 4710 nec
2508 4668 2600 4710 eas
2636 4666 2796 4721 aequo
2825 4648 3010 4705 animo
3044 4644 3389 4719 pertulerint,
3421 4641 3516 4697 sed
3547 4658 3704 4697 mur-

2105 4745 2467 4811 muraverint,
2513 4741 2754 4798 dicentes
2804 4757 2817 4794 :
2871 4735 3110 4808 Quando
3155 4732 3375 4789 venient
3421 4731 3598 4788 bona?
3645 4737 3704 4788 et

2104 4834 2347 4907 quandiu
2375 4832 2634 4889 duratura
2664 4839 2748 4885 est
2764 4827 3030 4897 afﬂictio?

2178 4927 2356 4981 Vsus.
2401 4931 2488 4978 ll.
2524 4944 2550 4969 α
2587 4923 2723 4976 Haec
2760 4925 2945 4974 autem
2983 4914 3175 4972 omnia
3204 4913 3265 4969 in
3295 4913 3465 4985 ﬁgura
3489 4910 3704 4967 contin-

2106 5014 2310 5087 gebant
2353 5012 2458 5068 illis
2494 5029 2506 5066 :
2547 5009 2749 5080 scripta
2797 5015 2929 5063 sunt
2972 5013 3157 5060 autem
3185 5003 3254 5058 ad
3301 5000 3705 5063 correptionem

2107 5113 2376 5170 nostram,
2407 5102 2464 5156 in
2514 5115 2654 5172 quos
2701 5098 2836 5154 ﬁnes
2883 5095 3215 5152 saeculorum
3261 5091 3618 5147 devenerunt.
3676 5109 3702 5134 ιο

2108 5199 2381 5252 Perterret
2408 5207 2524 5257 eos,
2556 5197 2612 5245 et
2657 5203 2785 5244 cum
2822 5185 2976 5252 dicit,
3011 5207 3036 5231 α
3071 5185 3204 5237 Haec
3248 5180 3446 5250 scripta
3476 5184 3608 5230 sunt
3635 5173 3706 5230 ad

2109 5282 2510 5355 correptionem
2536 5286 2806 5341 nostram,
2840 5298 2865 5323 ιο
2890 5286 3190 5344 poenasque
3219 5284 3321 5322 nos
3341 5268 3396 5321 in
3423 5273 3705 5338 posterum

2110 5353 2424 5445 exSpectare
2445 5369 2735 5433 debemus,
2766 5377 2969 5434 easque
2988 5367 3144 5415 tanto
3168 5356 3342 5428 magis
3362 5353 3702 5445 tremendas,

2111 5441 2318 5537 quanto
2351 5458 2565 5532 majora
2609 5452 2876 5514 beneﬁcia
2918 5446 3231 5521 accepimus
3276 5465 3289 5502 :
3328 5453 3540 5503 etcum
3578 5441 3708 5500 dicit

1797 5647 1987 5708 Variae
2027 5645 2327 5706 lectiones.

479 5733 523 5768 ”
551 5734 896 5808 πορνεΰσωμεν
925 5749 982 5791 0.
1058 5733 1104 5767 ³³
1128 5732 1433 5805 ἐξεπείραζον
1460 5747 1520 5790 ο·

623 5827 850 5881 ΡΑτιιοι.
890 5825 996 5881 Gn.
1039 5824 1257 5879 CXXIV.

3359 5799 3427 5854 22
