4110 6402
465 391 568 446 683

1487 381 2000 440 THEOPHYLACTI
2041 377 2406 437 BULGARIIE
2443 377 2760 436 ARCHIEP.

3665 375 3772 431 684

464 514 636 570 ﬁnem
676 510 810 582 ipsis
828 507 1142 577 imminere,
1195 507 1543 580 ostenditque
1590 508 1742 580 quod
1786 506 2052 579 supplicia

2169 507 2228 563 οὖ
2260 504 2575 585 πρόσκαιροι
2606 501 2893 582 τιμωρίαι,
2928 499 3046 561 ἀλλ’
3078 501 3133 559 αἱ
3164 498 3300 578 μετὰ
3335 497 3434 572 τὴν
3467 498 3771 560 συντέλειαν

462 618 576 659 non
632 599 987 672 temporaria,
1032 597 1126 654 sed
1183 597 1541 665 immortalia,
1588 613 1694 653 vos
1739 596 2056 653 suscitabat.

460 689 719 749 Tribunal
766 689 914 744 enim
974 686 1106 743 illud
1155 686 1274 759 jam
1333 702 1480 742 nunc
1537 701 1649 758 prae
1694 685 1904 742 foribus
1954 693 2061 752 est,

463 777 906 854 quandoquidem
935 775 1130 833 mundi
1160 784 1350 833 aetates
1377 775 1711 832 transierint.

535 872 714 926 Vsus.
751 873 838 923 12.
884 889 910 916 οι
939 870 1137 938 Itaque
1164 865 1257 937 qui
1286 881 1344 921 se
1379 865 1656 921 existimat
1683 872 1846 932 stare,
1886 861 2069 919 videat

465 973 536 1014 ne
577 957 756 1014 cadat.
801 979 827 1006 »
873 957 1119 1012 Rursum
1164 970 1260 1011 eos
1311 955 1506 1024 innuit,
1549 954 1642 1026 qui
1679 951 1918 1010 scientiae
1954 968 2062 1009 no-

465 1046 617 1103 mine
642 1045 1098 1101 intumescebant.
1144 1044 1469 1116 Quanquam
1509 1043 1658 1099 enim
1689 1051 1743 1098 te
1782 1050 1923 1098 stare
1946 1042 2064 1098 exi-

467 1135 678 1199 stimas,
707 1143 915 1203 metue,
960 1134 1164 1206 inquit,
1193 1149 1266 1190 ne
1293 1131 1479 1189 cadas.
1531 1135 1679 1189 Nam
1707 1132 1892 1203 ipsum
1931 1146 2066 1188 sane

467 1223 764 1294 conﬁdere,
811 1223 960 1296 quod
998 1231 1130 1290 stes,
1173 1222 1376 1279 indicio
1422 1230 1507 1279 est
1547 1221 1696 1295 quod
1734 1237 1847 1277 non
1890 1229 2002 1277 stes
2047 1239 2062 1272 :

469 1313 667 1370 videris
689 1313 868 1379 enim;
915 1328 1030 1369 non
1073 1327 1262 1368 revera
1290 1319 1424 1368 stas.
1471 1314 1554 1366 Ac
1581 1311 1800 1367 etiamsi
1827 1310 2066 1366 maxime

467 1409 601 1468 stes,
634 1401 807 1458 facilis
832 1411 914 1458 est
949 1417 1046 1473 per
1063 1401 1438 1474 arrogantiam
1468 1400 1671 1472 lapsus.

537 1493 708 1549 Vsus.
743 1497 827 1548 13.
864 1510 891 1543 «
915 1490 1172 1548 Tentatio
1200 1506 1298 1547 vos
1325 1504 1444 1548 non
1472 1489 1634 1561 cepit,
1664 1489 1772 1545 nisi
1798 1488 2064 1545 humana.

469 1579 669 1638 Fidelis
713 1589 897 1636 autem
942 1583 1112 1648 Deus,
1162 1578 1255 1652 qui
1301 1595 1413 1635 non
1449 1578 1684 1651 patietur
1729 1593 1827 1634 vos
1867 1576 2067 1633 tentari

466 1685 630 1742 supra
659 1669 714 1726 id
753 1668 904 1741 quod
934 1668 1185 1740 potestis,
1211 1667 1310 1724 sed
1340 1667 1504 1723 faciet
1529 1668 1692 1723 etiam
1721 1683 1850 1724 cum
1880 1674 2064 1722 tenta-

2174 595 2425 654 ἀθάνατοι
2469 591 2799 661 διαδέξονται
2836 593 2994 670 ὑμᾶς.
3021 590 3169 662 Ἤδη
3200 587 3303 669 γὰρ
3344 588 3406 648 τὸ
3436 587 3775 668 δικαστήριον

2172 685 2341 742 ἐκεῖνο
2388 682 2477 742 ἐπὶ
2527 682 2739 763 θύραις,
2793 680 2976 754 ἐπειδὴ
3012 681 3328 739 τελευτῶσιν
3359 681 3408 740 οἱ
3449 682 3543 737 τοῦ
3572 677 3776 755 κόσμου

2173 776 2381 841 αἰῶνες.

2255 889 2280 915 ι
2311 861 2483 923 εὨστε
2529 864 2557 920 ὃ
2601 861 2773 920 δοκῶν
2841 860 3060 919 ἑστάναι
3122 856 3366 940 βλεπέτω
3406 856 3484 936 μὴ
3535 854 3701 936 πέσῃ.
3741 883 3769 910 ι

2175 949 2350 1012 Πάλιν
2393 949 2510 1017 τοὺς
2541 950 2628 1010 ἐπὶ
2670 954 2736 1029 τῇ
2765 949 2960 1029 γνώσει
3008 949 3147 1026 μέγα
3184 951 3513 1030 φρονοῦντας
3554 945 3776 1005 αἰνίττε-

2171 1043 2362 1103 ται.Εἷ
2402 1039 2504 1120 γὰρ
2548 1039 2640 1099 καὶ
2684 1038 2907 1098 ἑστάναι
2937 1038 3204 1115 νομίζεις,
3235 1035 3466 1097 εὐλαϐοῦ
3504 1033 3582 1112 ²⁴,
3614 1034 3774 1116 φησὶ,

2175 1130 2250 1207 μὴ
2276 1130 2444 1208 πέσῃς
2474 1152 2488 1166 ο
2528 1128 2620 1188 καὶ
2664 1129 2790 1189 αὐτὸ
2821 1128 2917 1207 μὲν
2964 1127 3068 1210 γὰρ
3107 1126 3170 1186 τὸ
3204 1128 3417 1208 θαῤῥεῖν
3439 1169 3456 1198 ,
3487 1124 3572 1184 ὅτι
3614 1123 3775 1198 ἔστη-

2173 1243 2300 1295 κας,
2350 1217 2469 1279 οὐδὲ
2522 1217 2738 1277 ἑστάναι
2785 1217 2922 1280 ἐστί.
3003 1219 3190 1284 Δοκεῖς
3234 1215 3362 1295 γὰρ,
3412 1216 3509 1274 οὐκ
3560 1215 3774 1286 ἀληθῶς

2173 1309 2406 1384 ἕστηκας
2437 1332 2450 1346 ·
2495 1310 2542 1368 εἰ
2597 1307 2652 1369 δὲ
2699 1307 2790 1367 καὶ
2836 1306 3011 1381 ἔστιν,
3063 1303 3281 1387 εὐχερὴς
3336 1303 3389 1373 ἐξ
3438 1301 3692 1372 ἀπονοίας
3740 1305 3775 1374 ἡ

2175 1402 2396 1466 πτῶσις.

2255 1517 2278 1541 σι
2313 1485 2622 1568 Πειρασμὸς
2644 1488 2780 1562 ὑμᾶς
2816 1486 2912 1544 οὐκ
2938 1484 3174 1566 εἴληφεν,
3206 1484 3252 1542 εἰ
3283 1481 3358 1559 μὴ
3396 1480 3727 1560 ἀνθρώπινος
3757 1502 3772 1518 ο

2174 1577 2358 1645 πιστὸς
2405 1579 2462 1636 δε
2505 1579 2533 1634 ὃ
2564 1576 2739 1650 Θεὸς,
2775 1573 2830 1642 ὃς
2877 1579 2971 1635 οὐκ
3031 1574 3175 1634 ἐάσει
3231 1575 3371 1649 ὑμᾶς
3420 1574 3775 1651 πειρασθῆναι

2175 1666 2306 1746 ὑπὲρ
2335 1665 2363 1726 ὃ
2393 1665 2614 1725 δύνασθε
2637 1710 2655 1740 ,
2697 1664 2836 1722 ἀλλὰ
2868 1661 2963 1722 σὺν
3009 1665 3088 1736 τῶ
3132 1663 3419 1740 πειρασμῷ
3442 1659 3654 1732 ποιήσει
3683 1658 3777 1718 καὶ

463 1758 614 1814 tione
640 1766 986 1830 proventum,
1021 1765 1084 1812 ut
1129 1756 1346 1830 possitis
1374 1757 1657 1814 sustinere.
1706 1780 1732 1806 ν
1765 1756 1905 1826 Quia
1936 1771 2061 1828 per-

2173 1756 2270 1828 τὴν
2301 1756 2517 1814 ἔκϐασιν
2537 1802 2553 1830 ,
2577 1759 2667 1813 τοῦ
2696 1751 2950 1812 δύνασθαι
2981 1755 3120 1828 ὑμᾶς
3155 1754 3481 1830 ὑπενεγκεῖν.
3515 1773 3548 1806 ι
3583 1748 3774 1810 Ἐπει-

463 1846 740 1904 terrefecit
787 1863 883 1903 eos
932 1846 1144 1914 dicens,
1201 1865 1232 1900 ι(
1296 1846 1403 1921 Qui
1452 1861 1511 1902 se
1567 1847 1844 1903 existimat
1893 1853 2060 1913 stare,

462 1935 648 1992 videat
708 1952 778 1991 ne
825 1935 1006 2005 cadat,
1054 1955 1084 1988 »
1132 1943 1315 1992 essent
1355 1951 1509 2004 vero,
1554 1936 1646 2008 qui
1702 1951 1814 1992 non
1861 1949 2066 2007 paucas

455 2026 575 2098 jam
627 2025 964 2082 tentationes
1010 2025 1422 2093 sustinuissent;
1484 2040 1552 2080 ne
1589 2024 1856 2094 dicerent,
1914 2021 2065 2092 Quid

463 2130 570 2171 nos
598 2109 1007 2186 perterrefaciS?
1042 2115 1242 2169 multas
1265 2113 1417 2169 enim
1447 2113 1687 2186 perpessi
1715 2113 2062 2178 tentationes,

461 2219 580 2260 non
619 2211 804 2260 tamen
847 2203 1261 2266 succubuimus.
1297 2202 1395 2270 ait,
1444 2205 1570 2258 Non
1617 2202 1764 2272 cepit
1804 2218 1901 2258 vos
1941 2211 2063 2257 ten-

468 2293 608 2349 tatio
651 2294 753 2350 nisi
801 2292 1017 2348 modica
1064 2301 1121 2349 et
1161 2292 1446 2348 moderata
1495 2307 1509 2345 :
1562 2290 1870 2348 humanum
1913 2291 2063 2347 enim

468 2381 674 2454 ubique
700 2381 982 2438 modicum
1023 2389 1201 2437 vocat.
1254 2380 1467 2437 Deinde
1505 2397 1695 2437 rursus
1724 2380 2062 2449 consolatur,

466 2471 800 2543 persuadens
844 2471 945 2540 eis,
974 2478 1038 2525 ut
1075 2471 1130 2526 in
1167 2473 1348 2526 Deum
1376 2471 1717 2534 intueantur,
1762 2470 1860 2543 qui
1889 2470 2063 2527 ﬁdelis

469 2569 570 2627 est,
620 2560 727 2617 hoc
756 2568 858 2629 est,
903 2575 1082 2627 verus,
1123 2575 1224 2615 nec
1261 2559 1557 2616 mentietur
1603 2575 1877 2632 unquam.
1928 2562 2063 2617 Pro-

466 2649 792 2721 misitlso
807 2648 973 2718 enim,
990 2671 1015 2696 ‹‹
1039 2649 1254 2716 Venite,
1273 2672 1298 2697 υ
1323 2648 1599 2720 inquiens,
1615 2671 1640 2698 α
1670 2649 2059 2719 quilaboratis,

460 2746 516 2794 et
559 2755 659 2811 ego
689 2739 931 2794 reﬁciam
960 2754 1058 2794 vos
1081 2750 1120 2796 J.
1155 2761 1182 2787 ι»
1210 2739 1338 2793 Non
1369 2737 1511 2793 sinet
1546 2737 1712 2810 igitur
1737 2753 1835 2794 vos
1863 2738 2064 2794 tentari

462 2826 602 2881 ultra
629 2826 768 2882 vires
809 2835 1036 2895 vestras,
1076 2827 1174 2883 sed
1219 2827 1582 2883 tentationem
1622 2826 1827 2882 viribus
1870 2828 2063 2884 vestris

460 2915 886 2987 respondentem
916 2915 1126 2971 adoriri
1157 2931 1254 2972 vos
1280 2914 1457 2971 faciet.
1494 2918 1618 2970 Imo
1647 2915 1853 2987 quaevis
1874 2924 2064 2972 tenta-

460 3005 542 3061 tio
589 3006 733 3062 vires
779 3014 987 3061 vestras
1015 3014 1328 3074 exsuperat,
1360 3004 1467 3060 nisi
1513 3005 1603 3060 ille
1631 3005 1915 3061 auxilietur
1960 3022 2062 3062 vo-

459 3094 565 3162 bis,
611 3104 666 3149 et
697 3093 914 3150 felicem
956 3103 1213 3150 eventum
1265 3093 1525 3165 prmbeat,
1574 3093 1678 3150 hoc
1723 3102 1829 3164 est,
1861 3093 2059 3151 libera-
2100 3075 2145 3139 C

455 3183 670 3240 tionem
698 3201 728 3240 a
775 3185 1192 3250 tentationibus,
1237 3200 1365 3239 cum
1410 3183 1708 3239 tentatione
1756 3203 1770 3238 :
1817 3184 1922 3241 hoc
1955 3193 2056 3253 est,

456 3275 710 3341 celerem,
739 3284 794 3330 et
817 3274 980 3330 simul
1010 3284 1175 3347 atque
1205 3273 1471 3330 invaserit
1497 3273 1758 3341 tentatio;
1793 3275 1869 3329 ita
1894 3283 1957 3330 ut
1986 3275 2058 3331 ob

458 3363 700 3419 subitam
737 3363 1117 3419 liberationem
1156 3379 1220 3419 ea
1250 3362 1402 3418 vobis
1429 3361 1737 3419 tolerabilis
1765 3363 2056 3420 efficiatur.

466 3476 491 3501 «ι
531 3453 715 3509 Faciet
749 3452 903 3509 enim
953 3453 1184 3521 exitum,
1227 3475 1254 3502 ν
1298 3451 1496 3523 inquit,
1530 3470 1559 3505 (ί
1584 3460 1646 3508 ut
1689 3467 1788 3508 vos
1830 3451 2062 3510 sufferre

460 3541 680 3615 queatis
709 3559 724 3598 :
760 3565 785 3590 ι»
829 3541 936 3598 hoc
963 3551 1068 3610 est,
1097 3549 1159 3597 ut
1184 3540 1360 3598 facilis
1403 3539 1559 3598 vobis
1587 3541 1838 3600 videatur
1881 3550 2056 3599 tenta-

463 3631 544 3687 tio
571 3639 628 3688 et
664 3631 983 3688 tolerabilis.

527 3817 708 3870 Vsus.
742 3818 825 3869 14.
885 3837 910 3862 α
943 3815 1257 3884 Propterea,
1327 3811 1526 3870 fratres
1598 3813 1728 3880 mei,
1761 3812 1932 3887 fugite
1989 3815 2059 3873 ab

457 3903 736 3959 idolorum
785 3903 1014 3957 cultura.
1061 3926 1086 3950 ιι
1136 3903 1276 3957 Cum
1314 3917 1410 3958 eos
1457 3901 1673 3959 abunde
1717 3905 1850 3960 satis
1879 3905 2060 3961 incre-

455 3993 682 4065 puisset,
710 3991 936 4047 tandem
969 3991 1220 4046 medetur
1247 3991 1403 4061 ipsis,
1435 3991 1632 4049 fratres
1660 4009 1880 4048 vocans.
1916 3996 2062 4049 Non-

453 4081 590 4136 dum
633 4091 819 4136 tamen
861 4079 1134 4151 prohibet,
1180 4080 1480 4149 quominus
1527 4079 1851 4152 idolothytis
1880 4082 2059 4137 absti-

457 4178 649 4236 neant,
694 4185 762 4224 ne
791 4167 985 4224 fratres
1011 4165 1289 4236 offendat;
1314 4168 1409 4224 sed
1441 4185 1558 4225 rem
1584 4169 1758 4240 ipsam
1801 4171 1855 4226 in
1880 4171 2057 4242 seipsa

459 4258 866 4314 consideratam
909 4258 1201 4328 vituperat,
1249 4257 1615 4314 idololatriam
1644 4275 1868 4324 vocans,
1900 4260 2054 4315 subi-

456 4356 683 4419 tumque
745 4348 813 4403 ab
861 4347 955 4402 illa
1015 4362 1290 4404 secessum
1343 4349 1642 4420 postulans.
1698 4372 1726 4399 ‹ι
1777 4349 1973 4422 Fugite
2027 4373 2054 4398 υ

461 4437 631 4504 enim,
661 4435 860 4508 inquit.

530 4530 708 4584 Vsus.
745 4533 827 4582 15.
879 4547 906 4578 ‹‹
929 4527 1219 4598 Tanquam
1265 4526 1623 4598 prudentibus
1661 4528 1878 4600 loquor,
1902 4525 2052 4599 judi-

455 4627 576 4674 cate
625 4633 724 4674 vos
771 4615 919 4688 quod
968 4615 1108 4672 dico.
1169 4616 1309 4688 Quia
1375 4633 1637 4690 magnam
1685 4617 1786 4674 illis
1832 4618 2054 4690 culpam

456 4705 669 4776 inussit,
701 4706 1074 4763 idololatriam
1117 4707 1416 4762 nominans
1461 4706 1515 4762 id
1555 4706 1704 4784 quod
1741 4706 2052 4779 patrabant,

457 4795 605 4851 verbi
651 4795 1006 4866 asperitatem
1052 4794 1290 4867 mitigat,
1341 4795 1601 4868 ipsosque
1673 4812 1799 4852 reos
1840 4795 2055 4869 judices

460 4882 747 4940 constituit
791 4882 875 4950 (id
900 4881 1049 4955 quod
1076 4881 1223 4940 illius
1272 4891 1376 4951 est,
1427 4885 1521 4956 qui
1549 4885 1788 4956 propriis
1825 4885 2055 4942 rationi-

459 4972 564 5030 bus
602 4987 702 5029 ceu
746 4971 891 5027 veris
936 4970 1214 5044 conﬁdit).
1258 4975 1383 5028 Non
1423 4987 1562 5042 Opus
1605 4972 1805 5043 habeo,
1854 4973 2050 5047 inquit,

452 5062 570 5118 aliis
595 5060 890 5134 iudicibus,
921 5077 1016 5117 vos
1041 5070 1306 5133 tauquam
1333 5060 1627 5134 prudentes
1644 5062 1906 5134 judicate.

521 5153 702 5209 Vsus.
736 5159 822 5208 16.
858 5176 880 5200 ει
905 5152 1056 5208 Calix
1086 5150 1506 5219 benedictionis,
1536 5152 1623 5207 cui
1651 5152 2051 5226 benedicimus,

451 5257 634 5298 nonne
678 5241 1106 5298 communicatio
1142 5241 1427 5313 sanguinis
1455 5241 1654 5298 Christi
1699 5246 1818 5299 est?
1868 5267 1894 5294 ιν
1927 5246 2050 5301 Hoc

449 5340 550 5400 est,
587 5332 966 5388 Eucharistiaa.
1017 5332 1269 5389 Manibus
1296 5331 1448 5388 enim
1477 5346 1606 5389 eum
1633 5341 1903 5402 tenentes,
1946 5334 2046 5392 be-

526 5463 541 5505 ῖ
580 5462 777 5519 Matth.
806 5477 898 5531 XI,
929 5465 1021 5520 28.

2158 5333 2252 5402 τῆς
2309 5331 2687 5411 Εὐχαριστίας.

2176 1844 2239 1917 δὴ
2291 1845 2546 1925 ἐφόϐησεν
2586 1842 2808 1921 αὖτοὺς,
2869 1841 3031 1925 εἰπών
3082 1861 3096 1877 ⁸
3144 1868 3168 1894 ι
3220 1839 3291 1900 ⁸0
3339 1840 3507 1899 δοκῶν
3551 1837 3772 1897 ἑστάναι

2177 1922 2424 2015 βλεπέτω
2470 1931 2546 2010 μὴ
2574 1931 2713 2013 πέσῃ
2746 1954 2762 1969 ο
2809 1957 2835 1985 ι
2865 1922 3005 2003 ἦσαν
3037 1929 3092 1990 δὲ
3120 1931 3348 1998 πολλοὺς
3396 1926 3773 2006 ὑπενεγκόντες

2174 2025 2277 2096 ἤδη
2310 2021 2669 2105 πειρασμοὺς,
2710 2021 2798 2079 ἵνα
2830 2017 2903 2098 μὴ
2931 2019 3130 2100 λέγωσι
3160 2041 3176 2057 ο
3205 2018 3277 2079 Τί
3320 2022 3464 2093 ἡμᾶς
3492 2015 3769 2098 ἐκφοϐεῖςὲ

2172 2113 2398 2180 πολλοὺς
2443 2111 2547 2193 γὰρ
2584 2110 2962 2185 ὑπομείναντες
2995 2106 3327 2186 πειρασμοὺς
3359 2109 3419 2167 οὗ
3468 2106 3764 2167 πεπτώκα-

2174 2227 2271 2280 μεν
2299 2227 2312 2240 ·
2344 2201 2535 2284 φησὶν,
2559 2201 2640 2261 ὅτι
2671 2203 2788 2260 Οὐκ
2827 2199 3040 2280 εἴληφεν
3073 2202 3211 2274 ὑμᾶς
3240 2195 3575 2277 πειρασμὸς,
3615 2199 3660 2254 εἷ
3692 2193 3768 2272 μὴ

2174 2291 2358 2373 μικρὸς
2405 2289 2497 2350 καὶ
2553 2289 2854 2373 σύμμετρος
2911 2313 2924 2326 ’
2952 2287 3281 2368 ἀνθρώπινον
3333 2287 3438 2366 γὰρ
3489 2289 3769 2367 πανταχοῦ

2170 2381 2230 2442 τὸ
2261 2369 2447 2461 μικρὸν
2484 2385 2657 2440 καλεῖ.
2706 2369 2841 2440 Εἶτα
2872 2381 3268 2459 παραμυθεῖται
3305 2376 3470 2435 πάλιν
3492 2420 3510 2453 ,
3561 2374 3652 2434 ἐπὶ
3681 2374 3773 2434 τὸν

2171 2471 2310 2532 Θεὸν
2340 2472 2541 2551 ἀφορᾷν
2585 2469 2772 2536 αὐτοὺς
2816 2469 3010 2528 πείθων
3035 2513 3050 2540 ,
3097 2466 3152 2533 ὃς
3193 2464 3378 2533 πιστός
3412 2469 3562 2538 ἔστι,
3609 2488 3762 2526 τουτ-

2170 2561 2349 2636 έστιν,
2402 2559 2638 2633 ἀληθὴς,
2691 2557 2782 2618 καὶ
2829 2559 2888 2618 οὐ
2943 2555 3309 2638 διαψεύσεται.
3370 2553 3771 2633 Ἐπηγγείλατο

2170 2650 2272 2729 γάρ
2303 2673 2316 2687 °
2349 2677 2372 2701 σι
2403 2652 2600 2719 Δεῦτε,
2633 2650 2681 2706 οἱ
2719 2650 3039 2719 κοπιῶντες,
3086 2645 3177 2705 καὶ
3207 2643 3503 2705 ἀναπαύσω
3550 2648 3709 2720 ὑμᾶς,
3743 2671 3769 2696 ι

2171 2766 2196 2793 α
2229 2743 2348 2799 Οὐκ
2373 2738 2517 2798 ἐάσει
2545 2729 2634 2796 οὖν
2669 2740 3020 2817 πειρασθῆναι
3055 2738 3192 2813 ὑμᾶς
3221 2734 3352 2815 ὑπὲρ
3399 2733 3428 2793 ὃ
3453 2732 3709 2807 δύνασθε,
3743 2758 3770 2786 ι

2171 2827 2311 2888 ἀλλὰ
2363 2828 2452 2887 τὸν
2505 2825 2805 2904 πειρασμὸν
2878 2826 3134 2904 ἀνάλογον
3325 2825 3475 2899 ὑμῶν
3545 2821 3768 2899 δυνάμει

2169 2916 2380 2988 ποιήσει
2405 2920 2640 2976 ἐπελθεῖν
2675 2940 2685 2950 ο
2722 2917 2926 2993 μᾶλλον
2973 2913 3028 2973 δὲ
3080 2923 3185 2981 πᾶς
3228 2912 3525 2992 πειρασμὸς
3571 2913 3766 2988 μείζων

2171 3010 2266 3077 τῆς
2294 3006 2551 3085 ὑμετέρας
2579 3006 2633 3044 2⁵
2687 3004 2990 3082 δυνάμεως,
3032 3005 3078 3062 εἰ
3120 3003 3197 3081 μὴ
3233 3005 3425 3070 ἐκεῖνος
3477 3002 3766 3082 βοηθήσει,

2173 3124 2196 3149 ι
2219 3096 2310 3155 καὶ
2341 3095 2550 3166 ποιήσει
2570 3093 2666 3166 τὴν
2688 3094 2926 3166 ἔκϐασιν,
2951 3120 2974 3146 ι
2996 3091 3027 3150 ὅ
3053 3093 3186 3168 ἐστι,
3208 3091 3302 3163 τὴν
3329 3091 3654 3170 ἀπαλλαγὴν
3676 3096 3768 3150 τοῦ

2167 3191 2485 3265 πειρασμοῦ,
2515 3212 2539 3236 σι
2566 3184 2658 3244 σὺν
2687 3189 2765 3263 τῷ
2790 3185 3078 3263 πειρασμῷ
3107 3200 3120 3215 ’
3156 3209 3179 3236 ι»
3209 3180 3451 3241 τουτέστι
3472 3228 3488 3260 ,
3523 3187 3770 3259 ταχεῖαν,

2166 3274 2256 3334 καὶ
2311 3273 2425 3350 ἅμα
2476 3277 2553 3355 τῷ
2584 3274 2842 3346 ,ἐπελθεῖν
2892 3275 3014 3347 ὑμῖν
3044 3270 3097 3311 ²⁶
3135 3272 3224 3332 τὸν
3265 3270 3560 3351 πειρασμόν
3582 3292 3596 3307 ·
3626 3267 3768 3328 ὥστε

2167 3365 2257 3423 καὶ
2303 3363 2391 3422 διὰ
2423 3365 2518 3436 τὴν
2553 3364 2774 3442 ταχεῖαν
2821 3361 3141 3440 ἀπαλλαγὴν
3188 3361 3415 3442 φορητὸν
3462 3361 3586 3436 ὑμῖν
3616 3361 3770 3438 γενέ-

2167 3459 2289 3512 σθαι
2317 3457 2518 3515 τοῦτον.
2569 3480 2594 3508 α
2632 3451 2855 3523 Ποιήσει
2903 3451 3005 3530 γὰρ
3054 3451 3151 3522 τὴν
3201 3450 3461 3522 ἔκϐασιν,
3501 3471 3530 3507 ι)
3569 3449 3764 3531 φησὶν,

2166 3542 2342 3602 ἕνεκεν
2383 3565 2410 3601 (ι
2440 3547 2531 3602 τοῦ
2564 3542 2617 3581 ²⁷
2645 3543 2933 3613 δυνηθῆναι
2981 3543 3122 3617 ὑμᾶς
3167 3542 3474 3618 ὑπενεγκεῖν
3506 3557 3521 3572 ⁸
3555 3565 3579 3592 Iv
3604 3561 3768 3598 τουτ-

2168 3631 2311 3691 έστιν
2335 3677 2351 3708 ,
2384 3631 2611 3714 ἐλαφρὸν
2647 3634 2774 3710 ὑμῖν
2814 3634 3042 3712 φανῆναι
3071 3628 3160 3687 τὸν
3208 3627 3506 3710 πειρασμὸν
3549 3629 3641 3688 καὶ
3671 3629 3768 3688 άν-

2142 3737 2148 3742 ’
2167 3722 2340 3782 εκτόν.

2258 3833 2287 3868 (ι
2316 3809 2538 3888 Διόπερ,
2576 3809 2796 3889 ἀδελφοί
2823 3833 2924 3885 μου
2946 3854 2961 3880 ,
3010 3806 3239 3889 φεύγετε
3273 3807 3380 3867 ἀπὸ
3420 3811 3515 3879 τῆς
3547 3809 3768 3867 εἰδωλο-

2165 3898 2494 3978 λατρείας.»
2536 3899 2761 3969 Ἐπειδὴ
2795 3901 2989 3964 ἱκανῶς
3033 3899 3209 3956 αὐτῶν
3253 3897 3575 3979 καθήψατο,
3620 3902 3769 3976 θερα-

2165 3988 2318 4048 πεύει
2382 3988 2598 4061 λοιπὸν,
2650 3987 2905 4070 ἀδελφοὺς
2959 3985 3144 4054 αὐτοὺς
3192 3987 3410 4046 καλῶνο
3460 3987 3635 4047 οὐκέτι
3677 3987 3768 4062 δὲ,

2167 4077 2256 4136 διὰ
2285 4079 2382 4149 τὴν
2437 4082 2541 4136 τῶν
2596 4079 2838 4159 ἀδελφῶν
2887 4075 3132 4156 βλάϐην,
3179 4077 3370 4136 κωλύει
3429 4076 3618 4143 αὖτοὺς
3661 4076 3768 4136 ἀπὸ

2167 4169 2271 4224 τῶν
2305 4165 2702 4240 εἰδωλοθύτων,
2743 4167 2861 4226 ἀλλ’
2907 4167 3036 4224 αὖτό
3085 4164 3204 4224 καθ’
3257 4168 3391 4224 αὑτὸ
3438 4165 3499 4225 τὸ
3538 4174 3766 4245 πρᾶγμα

2167 4255 2483 4328 διαϐάλλει,
2532 4255 2970 4336 εἷδωλολατρείαν
3016 4255 3331 4330 ὀνομάζων,
3385 4254 3478 4316 καὶ
3533 4255 3628 4327 τὴν
3672 4278 3766 4314 τα·

2167 4349 2319 4425 χεῖαν
2355 4343 2451 4402 ἀπ’
2485 4347 2644 4407 αὑτοῦ
2691 4344 3031 4427 ἀναχώρησιν
3081 4345 3346 4407 ἀπαιτῶν.
3389 4366 3420 4404 (ι
3453 4343 3697 4424 Φεύγετε
3726 4366 3756 4404 υ

2087 4467 2137 4530 D
2167 4434 2298 4516 γὰρ,
2328 4435 2509 4530 φησίν.

2255 4547 2285 4583 α
2327 4524 2429 4593 Ὣς
2478 4525 2748 4605 φρονίμοις
2795 4525 2968 4604 λέγω,
3016 4525 3218 4605 κρίνετε
3264 4528 3412 4600 ὑμεῖς
3462 4522 3495 4584 ὅ
3519 4547 3680 4604 φημι.
3730 4550 3758 4576 ι

2164 4611 2390 4687 Ἐπειδὴ
2427 4614 2569 4694 μέγα
2625 4616 2872 4695 ἔγκλημα
2903 4617 3082 4684 αὐτοῖς
3122 4617 3397 4694 προσῆψεν
3419 4657 3436 4688 ,
3477 4616 3766 4673 εἰδωλολα-

2162 4703 2342 4784 τρείαν
2390 4705 2659 4782 ὀνομάσας
2711 4703 2739 4765 ὃ
2793 4703 3044 4777 ἐποίουν,
3096 4701 3434 4764 καταλεαίνει
3482 4702 3543 4763 τὸ
3589 4701 3763 4784 τραχὺ

2162 4797 2254 4853 τοῦ
2283 4791 2475 4868 λόγου,
2520 4793 2612 4853 καὶ
2653 4792 2843 4863 αὐτοὺς
2884 4791 3004 4859 τοὺς
3049 4795 3364 4859 ὑπευθύνους
3410 4792 3594 4871 κριτὰς
3637 4797 3767 4851 καθ-

2165 4880 2261 4951 ίζει
2305 4881 2467 4962 (ὅπερ
2517 4883 2831 4964 θαρῤοῦντός
2880 4884 2995 4942 ἐστι
3043 4890 3150 4949 τοῖς
3203 4880 3415 4948 οἰκείοις
3457 4881 3629 4961 λόγοις
3671 4879 3763 4954 ²⁸,

2163 4974 2233 5037 ὣς
2276 4971 2547 5047 ἀληθέσι),
2594 4972 2687 5030 καί
2729 4996 2890 5055 φησιν
2926 4992 2941 5008 '
2989 4972 3073 5032 Οὗ
3125 4969 3316 5050 δέομαι
3368 4971 3562 5051 ἑτέρων
3604 4972 3764 5030 δικα-

2165 5063 2337 5138 στῶν,
2368 5063 2516 5139 ὑμεῖς
2547 5063 2618 5129 ὣς
2650 5062 2898 5143 φρόνιμοι
2928 5061 3156 5143 κρίνετε.

2245 5177 2270 5203 α
2325 5150 2404 5211 Τὸ
2432 5150 2684 5231 ποτήριον
2713 5156 2808 5225 τῆς
2852 5149 3133 5229 εὐλογίας,
3175 5147 3204 5210 ὃ
3244 5152 3594 5228 εὐλογοῦμεν,
3637 5148 3764 5231 οὖχὶ

2162 5239 2408 5298 κοινωνία
2433 5248 2524 5301 τοῦ
2559 5238 2786 5318 αἵματος
2813 5246 2904 5300 τοῦ
2934 5243 3168 5320 Χριστοῦ
3203 5243 3375 5315 ἐστινς
3414 5265 3440 5292 ι
3474 5240 3764 5319 Τουτέστι,

2775 5330 2906 5391 Ἐπὶ
2954 5331 3138 5412 χεῖρας
3209 5328 3314 5410 γὰρ
3364 5328 3493 5390 αὐτὸ
3545 5328 3767 5410 ἔχοντες

1828 5535 2018 5596 Variae
2061 5539 2383 5602 lectiones.‘

523 5666 566 5699 ’³
604 5664 737 5718 ἀλλὰ
757 5666 912 5736 φοϐοῦ
939 5682 1016 5723 m.
1089 5665 1133 5700 ³⁵
1161 5664 1398 5738 ἡμετέρας
1427 5683 1481 5724 0.
1557 5667 1600 5703 ²⁶
1627 5666 1750 5740 ἡμῖν
1781 5685 1834 5727 0.
1911 5670 1954 5704 ’τ
1985 5673 2113 5726 ὥστε
2143 5689 2220 5729 m.
2300 5673 2344 5708 ²⁸
2371 5673 2638 5747 λογισμοῖς
2669 5690 2720 5731 0.
