4110 6424
336 445 442 498 685
1239 445 1598 502 EXPOSITIO
1638 447 1703 501 IN
1745 446 1955 502 EPIST.
1999 447 2015 500 l
2057 448 2148 502 AD
2188 447 2346 504 COR.
2385 476 2458 488 —
2494 446 2644 502 CAP.
2686 447 2746 500 X.
3545 452 3648 503 686

337 568 659 644 εὐλογοῦμεν
717 565 808 626 καὶ
864 569 1277 649 εὐχαριστοῦμεν
1341 574 1418 651 τῷ
1468 571 1529 630 τὸ
1586 560 1723 647 αἷμα
1774 572 1933 630 αὐτοῦ

2057 572 2178 628 nedi
2199 573 2378 628 cimus
2404 572 2472 638 ei,
2506 578 2562 627 et
2594 570 2798 642 gratias
2826 569 3044 642 agimus
3092 571 3162 638 ei,
3204 569 3295 643 qui
3326 571 3645 645 sanguinem

337 655 473 737 ὓπὲρ
519 659 668 734 ἡμῶν
726 657 1005 741 ἐκχέαντι,
1057 659 1148 718 καὶ
1207 659 1452 741 ἀῤῥήτων
1514 662 1725 737 ἀγαθῶν
1777 659 1933 729 ἀξιώ-

2055 677 2222 718 suum
2253 678 2358 735 pro
2379 662 2542 718 nobis
2572 659 2786 728 effudit,
2821 659 3229 734 ineffabiliaque
3262 662 3406 718 bona
3452 663 3505 718 in
3543 680 3646 720 nos

337 768 514 805 σαντι.
556 747 676 807 Οὐκ
705 737 821 806 εἶπε
864 746 959 821 δὲ,
989 747 1211 827 Μετοχὴ
1282 737 1465 822 ⁷οἶλλιῖι,
1529 777 1553 803 ι
1586 750 1885 820 Κοινωνία,
1912 780 1934 802 ιι

2047 751 2303 807 contulit.
2337 755 2460 807 Non
2489 749 2628 805 dixit
2654 757 2863 819 autem,
2884 749 3257 821 Participatio,
3279 751 3376 806 sed
3413 775 3438 800 α
3481 753 3649 808 Com-

331 833 424 894 ἵνα
457 835 614 895 πλέον
643 860 695 894 τι
725 836 977 914 δηλώσῃ,
1015 835 1112 909 τὴν
1160 839 1328 916 ἄκραν
1373 838 1558 898 ἕνωσιν
1604 839 1831 912 δηλαδή.
1861 839 1938 900 *Ο

2046 836 2363 907 municatio,
2413 859 2438 885 ν
2479 844 2539 891 ut
2588 835 2792 908 aliquid
2826 837 3185 892 excellentius
3226 836 3452 905 indicet,
3491 854 3643 893 sum-

337 924 394 983 δὲ
418 925 563 1004 λέγει
588 969 605 1000 ,
637 927 871 986 τοιοῦτόν
904 928 1046 986 ἐστιν
1068 973 1085 1005 ,
1114 923 1196 985 ὅτι
1223 929 1397 987 Τοῦτο
1425 928 1485 986 τὸ
1518 931 1570 986 ἐν
1599 931 1674 1009 τῷ
1700 932 1939 1010 ποτηρίῳ

2047 942 2197 982 mam
2236 935 2371 998 puta
2399 926 2683 982 unionem.
2729 925 2888 995 Quod
2915 932 3107 982 autem
3147 926 3296 994 dicit,
3337 926 3651 1000 hujusmodi

338 1014 425 1088 ὂν,
473 1014 643 1074 ἐκεῖνό
694 1017 808 1074 ἐστι
859 1014 920 1074 τὸ
964 1016 1072 1075 ἀπὸ
1119 1020 1215 1086 τῆς
1267 1019 1496 1098 πλευρᾶς
1547 1022 1740 1098 ῥεῦσαν
1779 1043 1792 1054 ·
1845 1017 1938 1076 καὶ

2048 1024 2178 1071 est:
2222 1017 2343 1071 Hoc
2385 1014 2538 1088 quod
2575 1015 2633 1070 in
2678 1015 2850 1070 calice
2903 1023 3005 1080 est,
3063 1015 3192 1071 illud
3249 1024 3332 1072 est
3382 1015 3531 1088 quod
3585 1031 3652 1072 ex

336 1104 540 1165 ἕκείνου
592 1104 1092 1182 μεταλαμϐάνοντες
1113 1152 1128 1180 ,
1171 1107 1330 1187 [καὶ]
1364 1113 1713 1184 κοινωνοῦμεν
1737 1109 1762 1181 ,Ῠ
1792 1131 1939 1168 τουτ-

2051 1104 2250 1160 Christi
2298 1104 2471 1160 latere
2520 1103 2736 1160 efﬂuxit
2784 1121 2796 1158 :
2830 1113 2886 1159 et
2915 1121 2979 1160 ex
3010 1121 3076 1161 eo
3101 1105 3452 1177 accipientes,
3489 1121 3644 1160 com-

337 1194 484 1254 ἐστιν
507 1238 524 1266 ,
564 1192 821 1270 ἑνούμεθα
866 1198 942 1275 τῷ
968 1197 1207 1275 Χριστῷ.
1236 1198 1353 1254 Οὐκ
1387 1195 1698 1277 αἰσχύνεσθε
1737 1191 1824 1256 οὖν
1845 1244 1861 1273 ,
1895 1187 1939 1256 (ἶ)

2047 1195 2430 1261 municamus,
2464 1194 2568 1249 hoc
2591 1202 2695 1259 est,
2728 1194 2952 1250 unimur
2977 1193 3212 1251 Christo.
3246 1197 3443 1251 Nonne
3469 1194 3649 1266 itaque

342 1283 642 1363 Κορίνθιοι,
687 1283 778 1342 ἐπὶ
824 1283 884 1344 τὸ
914 1285 1168 1363 ποτήριου
1206 1289 1310 1344 τῶν
1357 1285 1588 1344 εἰδώλων
1619 1286 1896 1366 τρέχοντες
1919 1331 1935 1359 ,

2048 1299 2146 1339 vos
2185 1284 2374 1355 pudet,
2433 1300 2465 1338 0
2517 1283 2808 1349 Corinthii,
2839 1283 2908 1338 ab
2958 1283 3065 1340 isto
3117 1284 3283 1340 calice
3323 1283 3414 1355 qui
3458 1300 3553 1340 vos
3580 1283 3650 1341 ab

337 1372 448 1433 ἀπὸ
479 1373 663 1432 τούτου
709 1378 821 1450 τοῦς
845 1374 1102 1454 ποτηρίου
1148 1379 1241 1433 τοῦ
1299 1379 1403 1434 τῶν
1436 1376 1671 1435 εἰδώλων
1708 1379 1844 1454 ὑμᾶς
1886 1375 1938 1415 ²⁹

1920 1375 1938 1413 9
2047 1373 2209 1430 idolis
2235 1372 2498 1442 liberavit,
2531 1373 2601 1430 ad
2630 1373 2911 1429 idolorum
2941 1374 3200 1446 poculum
3223 1377 3543 1430 accurrere?

337 1463 746 1532 ἀπαλλαξαντος
759 1481 778 1541 ;

423 1580 450 1607 α
478 1553 583 1613 Τὸν
615 1553 771 1632 ἄρτον
803 1551 858 1612 ὃν
900 1555 1136 1631 κλῶμεν,
1181 1556 1300 1634 οὐχὶ
1349 1553 1598 1613 κοινωνία
1624 1559 1718 1614 τοῦ
1751 1554 1938 1632 σώμα-

2124 1582 2148 1608 α
2209 1559 2368 1615 Panis
2405 1574 2570 1631 quem
2615 1557 2949 1631 frangimus,
2997 1575 3182 1616 nonne
3219 1559 3651 1619 communicatio

335 1665 425 1710 τος
452 1650 545 1703 τοῦ
595 1643 832 1722 Χριστοῦ
881 1647 1028 1718 ἐστι;
1079 1641 1308 1723 »θθπερ
1351 1645 1437 1702 ἐπὶ
1483 1651 1573 1704 τοῦ
1607 1651 1834 1723 σταυροῦ
1880 1647 1938 1705 οὖ

2055 1649 2301 1720 corporis
2338 1647 2537 1703 Christi
2561 1657 2643 1704 est
2671 1653 2724 1705 Ρ»
2759 1649 2920 1718 Quod
2956 1651 3230 1705 Dominus
3261 1650 3317 1706 in
3355 1666 3517 1706 cruce
3541 1668 3653 1708 non

337 1732 599 1792 πέπονθεν
631 1735 659 1791 ὃ
694 1732 886 1810 Κύριος
920 1732 1150 1814 (ὀστοῦν
1174 1733 1278 1814 γὰρ
1309 1736 1470 1793 αὐτοῦ
1499 1737 1556 1792 οὖ
1593 1734 1931 1816 συνετρίϐη),

2050 1736 2405 1809 patiebatur(
2450 1753 2512 1792 os
2555 1737 2703 1792 enim
2761 1744 2881 1807 ejus
2940 1737 3152 1794 nullum
3198 1746 3279 1794 est
3333 1740 3653 1808 contritum)

335 1827 495 1882 τοῦτο
525 1827 611 1880 νῦν
642 1822 927 1900 ὑπομένει,
963 1823 1029 1882 δι’
1056 1827 1201 1902 ἡμᾶς
1239 1822 1674 1901 κατακλώμενος.
1714 1853 1738 1880 κ
1770 1823 1875 1886 ⁸³ον
1898 1849 1927 1883 ι)

2047 1825 2153 1882 hoc
2185 1826 2303 1899 jam
2351 1826 2608 1895 sustinet,
2657 1842 2784 1882 cum
2814 1835 3038 1899 propter
3074 1843 3176 1884 nos
3218 1826 3510 1900 frangitur.
3568 1831 3655 1885 ln-

349 1878 486 1882 π--κ
969 1878 1008 1882 ν-
1239 1878 1674 1901 .-γ----τ-
1731 1878 1736 1880 ὴ
1806 1878 1921 1886 ν--ν

336 1913 445 1993 γὰρ
473 1934 505 1970 n
541 1915 772 1990 κλῶμεν,
819 1936 846 1971 »
887 1913 1036 1993 φησί.
1081 1941 1103 1967 α
1155 1913 1417 1974 Κοινωνία
1468 1914 1522 1973 δὲ
1566 1920 1656 1974 τοῦ
1689 1914 1937 1991 σώματος

2048 1878 2148 1882 τ---
2351 1878 2608 1895 "vim-
2664 1878 2784 1882 nm
2815 1878 2870 1898 τ-
2891 1878 3030 1899 ντη-
3074 1878 3174 1884 -ν-
3219 1878 3510 1900 --τ--ο--νυ
3569 1878 3633 1885 ---

2049 1915 2166 1987 quit
2192 1915 2360 1982 enim,
2381 1939 2406 1964 ιι
2433 1917 2616 1986 Quem
2642 1914 2964 1986 frangimus.
2989 1936 3128 1969 »—«
3155 1917 3488 1974 Communio
3513 1941 3538 1967 ››
3561 1933 3656 1974 au-

338 2008 434 2062 τοῦ
467 2004 702 2082 Χριστοῦ
735 2005 902 2075 ἐστιν,
927 2025 955 2061 ι)
1002 1994 1173 2077 εἶπεν,
1208 2005 1323 2063 ἀντὶ
1350 2010 1442 2063 τοῦ
1467 2050 1483 2082 ,
1523 2003 1745 2086 θΩσπερ
1773 2007 1938 2064 ἐκεῖνο

2047 2011 2163 2061 tem
2211 2027 2237 2053 κ
2269 2007 2515 2077 corporis
2557 2006 2753 2064 Christi
2781 2013 2884 2070 est,
2918 2029 2942 2053 »
2986 2022 3084 2077 pro
3109 2022 3176 2063 eo
3207 2006 3346 2063 dixit
3368 2005 3515 2078 quod
3551 2016 3653 2076 est,

335 2092 402 2151 τὸ
430 2094 590 2169 σῶμα
621 2091 825 2165 ἥνωται
872 2097 949 2174 τῷ
1001 2095 1249 2174 Χριστῷ,
1302 2093 1439 2152 οὕτω
1478 2093 1569 2153 καὶ
1597 2101 1754 2173 ἡμεῖς
1793 2097 1937 2176 αὐτῷ

2048 2093 2531 2166 Quemadmodum
2553 2095 2689 2152 illud
2718 2110 2918 2169 corpus
2947 2097 3166 2152 Christo
3196 2098 3413 2154 unitum
3434 2103 3538 2164 est,
3576 2098 3656 2154 sic

339 2180 431 2239 διὰ
461 2186 553 2240 τοῦ
583 2181 744 2262 ἄρτου
773 2181 959 2242 τούτου
992 2184 1273 2259 ἑνούμεθα.

2049 2191 2104 2238 et
2128 2199 2228 2239 nos
2262 2183 2363 2254 ipsi
2407 2201 2502 2256 per
2537 2201 2738 2257 panem
2760 2186 2908 2245 hunc
2958 2187 3205 2244 unimur.

431 2293 463 2330 α
484 2269 617 2332 Ὀτι
653 2263 725 2338 εἷς
759 2272 914 2351 ἄρτος
935 2321 947 2342 ,
988 2272 1080 2332 καὶ
1105 2272 1162 2331 ἓν
1193 2275 1354 2349 σῶμα
1389 2275 1436 2333 οἱ
1464 2273 1656 2334 πολλοί
1686 2277 1879 2352 ἐσμεν.
1914 2303 1935 2325 ιι

2120 2275 2300 2330 Vnus.
2336 2281 2420 2330 17.
2449 2296 2475 2323 «
2509 2276 2782 2344 Quoniam
2813 2294 2958 2333 unus
2981 2278 3160 2350 panis,
3187 2285 3239 2334 et
3264 2295 3436 2335 unum
3457 2295 3657 2352 corpus

341 2358 569 2432 Ἐπειδὴ
601 2353 715 2420 εἶπε
741 2380 756 2394 ⁸
787 2388 810 2414 ιι
849 2362 1108 2423 Κοινωνία
1140 2368 1230 2422 τοῦ
1261 2361 1509 2440 σώματός
1541 2366 1652 2423 ἐστι
1679 2381 1694 2397 ⁸
1729 2386 1757 2421 »
1801 2363 1861 2423 τὸ
1885 2364 1939 2424 δὲ

2051 2362 2215 2417 multi
2241 2379 2456 2420 sumus.
2480 2387 2506 2412 η
2537 2366 2673 2433 Quia
2687 2365 2921 2435 dixerat,
2955 2389 2980 2416 α
3014 2367 3463 2425 Communicatio
3493 2370 3651 2441 181

338 2455 620 2509 κοινωνοῦν
686 2448 862 2530 ἕτερόν
928 2454 1068 2511 ἐστιν
1116 2452 1312 2512 ἐκείνου
1373 2444 1431 2512 οἷ
1483 2457 1741 2532 κοινωνεῖ,
1777 2477 1791 2491 ο
1850 2458 1938 2512 νῦν

2048 2452 2292 2522 corporis
2344 2461 2445 2518 est,
2496 2476 2520 2501 ιι
2573 2454 2988 2513 communicans
3033 2464 3218 2512 autem
3265 2456 3413 2513 aliud
3477 2465 3558 2513 est
3590 2457 3657 2513 ab

340 2539 578 2599 δείκνυσι
601 2539 660 2599 τὸ
683 2545 890 2615 μεῖζον,
940 2541 1030 2600 καί
1060 2565 1217 2622 φησιν
1238 2587 1253 2614 ,
1293 2541 1374 2600 ὅτι
1407 2542 1534 2602 αὐτό
1566 2544 1727 2619 ἐσμεν
1770 2543 1941 2602 ἐκεῖνο

2050 2554 2115 2594 eo
2147 2538 2304 2610 cujus
2370 2540 2646 2613 particeps
2691 2551 2774 2611 est
2807 2561 2818 2597 :
2852 2543 2964 2616 iam
3009 2543 3195 2616 majus
3251 2543 3514 2616 quiddam
3557 2544 3654 2601 de-

339 2628 404 2688 τὸ
430 2633 609 2704 σῶμα.
652 2629 724 2691 Τί
761 2630 864 2711 γάρ
893 2633 1033 2689 ἐστιν
1065 2636 1092 2690 ὁ
1122 2632 1313 2712 ἄρτοςς
1369 2635 1542 2708 Σῶμα
1578 2634 1836 2712 Χριστοῦ.
1870 2632 1942 2691 Τί

2052 2637 2346 2696 monstrat,
2370 2629 2648 2702 inquiens,
2668 2630 2829 2700 Quod
2855 2631 2990 2687 illud
3009 2633 3191 2704 ipsum
3209 2649 3408 2705 corpus
3442 2649 3653 2691 sumus.

341 2718 400 2777 δὲ
448 2717 680 2798 γίνονται
728 2721 776 2778 οἱ
832 2721 1380 2798 μεταλαμϐάνοντες;
1435 2725 1610 2796 Σῶμα
1660 2725 1901 2800 Χριστοῦ
1928 2747 1940 2760 ο

2052 2718 2193 2788 Quid
2232 2719 2383 2774 enim
2453 2728 2538 2775 est
2575 2722 2776 2790 panis?
2821 2737 3024 2793 corpus
3053 2721 3276 2779 Christi.
3311 2722 3455 2792 Quid
3479 2733 3662 2781 autem

342 2807 465 2888 οὐχὶ
497 2809 726 2886 σώματα
753 2811 926 2869 πολλὰ
949 2853 965 2880 ,
1010 2810 1152 2894 ἄλλα
1179 2813 1337 2889 σῶμα
1369 2810 1450 2872 ἕν.
1491 2811 1750 2894 Καθάπερ
1776 2809 1881 2891 γὰρ
1917 2815 1945 2870 ὁ

2053 2805 2194 2861 ﬁunt
2221 2806 2300 2861 illi
2341 2808 2434 2880 qui
2476 2810 2840 2882 participent?
2890 2827 3093 2882 corpus
3121 2811 3358 2867 Christi:
3395 2829 3508 2869 non
3542 2830 3661 2870 cor-

343 2896 504 2976 ἄρτος
533 2901 592 2956 ἐκ
624 2900 835 2958 πολλῶν
867 2898 1075 2960 κόκκων
1103 2891 1174 2968 εἶς
1200 2900 1402 2978 γίνεται
1425 2925 1438 2939 ο
1465 2900 1604 2961 οὕτω
1632 2891 1733 2960 καὶ*
1769 2901 1941 2979 ἡμεῖς,

2055 2911 2188 2968 pora
2208 2897 2407 2964 multa,
2434 2898 2529 2954 sed
2557 2915 2728 2954 unum
2755 2916 2978 2972 corpus.
3003 2900 3489 2971 Quemadmodum
3511 2904 3661 2959 enim

344 2987 537 3047 πολλοὶ
563 2987 737 3065 ὄντες,
771 2988 828 3047 ἓν
851 2989 1102 3068 γινόμεθα
1134 2993 1293 3067 σῶμα
1326 2990 1583 3071 Χριστοῦ.

2055 2985 2210 3058 panis
2248 3002 2313 3041 ex
2345 2987 2535 3043 multis
2575 2991 2757 3060 granis
2799 3006 2940 3046 unus
2985 2990 3257 3056 efficitur,
3319 2991 3400 3047 sic
3436 3000 3492 3048 et
3537 3008 3661 3061 nos,

2059 3074 2220 3131 multi
2255 3092 2382 3131 cum
2435 3077 2624 3148 simus,
2661 3095 2836 3134 unum
2883 3077 3161 3135 efﬁcimur
3205 3096 3403 3152 corpus
3436 3080 3663 3138 Christi.

469 3156 495 3175 ο
729 3161 739 3172 ι
805 3160 821 3179 ι
987 3162 1003 3184 ,
1126 3165 1156 3179 κ.
1257 3160 1270 3181 ι
1368 3161 1391 3182 ν
1527 3163 1538 3170 -
1677 3162 1692 3184 ι
1987 3156 2033 3186 υ

440 3160 568 3237 (ιι,οἱ
599 3157 702 3238 γὰρ
744 3183 938 3227 παντες
979 3184 1038 3220 εκ
1067 3185 1157 3220 του
1199 3165 1308 3230 ἑνος
1357 3186 1517 3242 αρτου
1565 3187 1879 3243 μετεχομεν.
1910 3188 1942 3221 )9

2135 3187 2162 3214 α
2186 3165 2394 3222 Omnes
2427 3167 2573 3222 enim
2598 3183 2667 3223 ex
2705 3185 2815 3224 uno
2846 3183 2986 3240 pane
3028 3169 3442 3242 participamus.
3477 3189 3506 3222 »
3559 3171 3666 3225 Ita-

344 3245 520 3308 Ὥστε
549 3248 640 3307 καὶ
687 3252 842 3327 σῶμα
878 3249 930 3309 ἕν
974 3251 1155 3326 ἐσμεν.
1211 3254 1340 3318 Πῶς
1387 3243 1475 3310 οὖν
1508 3254 1566 3310 οὖ
1612 3253 1947 3335 φυλάττομεν

2059 3271 2167 3327 que
2195 3264 2249 3311 et
2283 3271 2458 3312 unum
2492 3271 2705 3312 sumus.
2753 3258 2934 3326 Quare
2971 3257 3138 3330 igitur
3188 3259 3519 3315 charitatem
3549 3275 3665 3315 non

344 3336 446 3408 τὴν
495 3339 733 3416 ἀγάπην,
764 3337 856 3398 καὶ
886 3339 1138 3418 γινόμεθα
1184 3340 1276 3399 καὶ
1321 3341 1460 3400 κατὰ
1494 3347 1646 3402 τοῦτο
1679 3341 1770 3414 ἕν;
1823 3343 1952 3403 Καί-

2060 3344 2436 3413 observamus,
2475 3354 2531 3400 et
2564 3361 2738 3400 unum
2773 3345 3078 3402 secundum
3128 3347 3237 3403 hoc
3279 3362 3498 3419 quoque
3545 3347 3661 3404 efﬁ-

347 3450 432 3486 τοι
456 3450 516 3503 γε
539 3432 566 3486 ὁ
593 3428 762 3500 Θεὸς,
793 3428 956 3510 φησὶ,
983 3430 1044 3488 τὸ
1074 3433 1232 3508 σῶμα
1262 3431 1427 3488 αὐτοῦ
1471 3429 1556 3489 διὰ
1595 3437 1752 3490 τοῦτο
1785 3431 1946 3490 δίδω-

2056 3433 2272 3489 cimur?
2295 3435 2466 3504 Atqui
2496 3437 2668 3501 Deus,
2696 3434 2894 3507 inquit,
2937 3444 3230 3508 propterea
3251 3453 3453 3508 corpus
3499 3453 3663 3494 suum

354 3539 439 3575 σιν
466 3519 598 3592 ἡμῖν
616 3561 632 3591 ,
656 3515 745 3576 ἵνα
776 3516 946 3598 ἑνώσῃ
977 3522 1124 3597 ἡμᾶς
1141 3564 1156 3592 ,
1193 3518 1285 3579 καὶ
1315 3519 1445 3598 πρὸς
1471 3522 1654 3579 ἑαυτὸν
1671 3567 1686 3597 ,
1711 3519 1952 3600 καὶπρὸς

2057 3521 2219 3578 nobis
2253 3522 2440 3591 tradit,
2484 3531 2548 3578 ut
2567 3523 2722 3578 uniat
2757 3540 2878 3591 nos,
2906 3540 3038 3580 cum
3081 3541 3209 3596 erga
3236 3525 3504 3596 seipsum,
3537 3534 3664 3584 tum

349 3605 632 3676 ἀλλήλους.
661 3605 888 3678 Ἐπειδὴ
933 3607 1034 3687 γὰρ
1073 3613 1102 3680 ἡ
1151 3608 1382 3689 προτέρα
1427 3613 1520 3680 τῆς
1569 3610 1763 3690 σαρκὸς
1798 3609 1948 3689 φύσις

2059 3625 2162 3666 nos
2181 3611 2322 3666 inter
2344 3627 2444 3667 nos
2473 3620 2689 3668 mutuo.
2731 3612 2868 3684 Quia
2887 3612 3034 3668 enim
3059 3613 3210 3684 prior
3247 3614 3429 3670 carnis
3458 3624 3665 3673 nostra:

349 3693 555 3774 ἐφθάρη
595 3695 696 3753 ὕπὸ
729 3700 824 3766 τῆς
854 3696 1153 3776 ἁμαρτίας,
1194 3698 1286 3758 καὶ
1319 3700 1456 3770 ζωῆς
1488 3696 1692 3776 ἐγένετο
1724 3697 1946 3780 ἔρημος,

2053 3707 2252 3755 natura
2304 3708 2558 3771 corrupta
2595 3709 2712 3757 erat
2760 3717 2789 3756 a
2840 3709 3082 3774 peccato,
3123 3703 3338 3774 vitaque
3376 3702 3662 3774 destituta,

346 3781 546 3842 ἔδωκεν
595 3787 725 3862 ἡμῖν
768 3785 866 3858 τὴν
914 3787 1103 3844 ἑαυτοῦ
1153 3786 1528 3867 ἀναμάρτητον
1579 3787 1670 3846 καὶ
1707 3786 1948 3866 ζωηρὰν,

2059 3787 2212 3845 dedit
2260 3788 2419 3844 nobis
2445 3805 2604 3845 suam
2653 3790 2768 3862 ipse
2796 3790 2976 3847 omnis
3006 3792 3212 3864 peccati
3263 3799 3567 3862 expertem,
3601 3801 3657 3849 et

348 3871 538 3948 ὁμοίαν
567 3872 621 3932 δὲ
656 3877 786 3950 ἡμῖν
839 3874 1047 3955 σάρκα,
1079 3879 1148 3942 ὡς
1196 3875 1258 3934 ἂν
1301 3878 1465 3948 αὐτῆς
1497 3875 1948 3953 μεταλαμϐάνον-

2062 3877 2266 3946 vivam,
2291 3877 2533 3934 similem
2578 3887 2767 3935 tamen
2805 3879 2965 3935 nobis
2993 3895 3238 3949 carnem,
3271 3889 3335 3935 ut
3361 3895 3484 3935 eam
3507 3895 3659 3937 assu-

349 3983 464 4032 τες,
519 3961 649 4040 πρὸς
693 3963 856 4035 αὐτὴν
915 3967 1338 4045 ἄνακραθῶμεν,
1387 3966 1478 4024 καὶ
1527 3965 1771 4044 ζήσωμεν
1825 3968 1949 4024 ἀνα-

2060 3975 2306 4035 mentes,
2361 3968 2417 4022 in
2467 3967 2645 4040 ipsam
2689 3969 3142 4040 permisceamur,
3183 3978 3239 4024 et
3278 3969 3394 4025 sine
3435 3979 3662 4040 peccato

350 4053 638 4132 μαρτήτως
652 4095 669 4126 ,
703 4059 772 4121 ὼς
805 4051 998 4114 ἔνεστι.

2063 4056 2312 4114 vivamus
2336 4065 2602 4130 quatenus
2633 4057 2775 4114 licet.

443 4167 468 4195 ι
506 4139 740 4201 Βλέπετε
766 4142 856 4202 τὸν
891 4142 1112 4223 Ἰσραὴλ
1132 4141 1272 4204 κατὰ
1291 4143 1466 4225 σάρκα
1490 4168 1503 4182 ·
1534 4145 1650 4224 οὐχὶ
1681 4149 1730 4205 οἱ
1750 4145 1947 4205 ἐσθίον-

2131 4147 2314 4202 Vnus.
2361 4151 2448 4203 18.
2499 4168 2526 4196 «ι
2590 4147 2786 4204 Videte
2829 4146 2999 4204 Israél
3043 4150 3353 4209 secundum
3418 4169 3667 4214 carnem.

351 4252 442 4296 τες
481 4229 574 4296 τὰς
623 4231 805 4300 θυσίας
849 4231 1089 4294 κοινωνοὶ
1135 4238 1224 4291 τοῦ
1278 4234 1654 4312 θυσιαστηρίου
1712 4235 1873 4309 εἰσίν,
1914 4257 1942 4292 ι)

2063 4237 2261 4293 Nonne
2286 4236 2377 4307 qui
2414 4235 2590 4292 edunt
2626 4236 2856 4304 hostias,
2877 4239 3062 4294 altaris
3101 4249 3232 4296 sunt
3261 4243 3596 4315 participes?
3633 4268 3657 4294 ι)

355 4317 488 4380 Ἀπὸ
545 4323 645 4379 τῶν
729 4322 1079 4402 παχυτέρων,
1158 4322 1328 4404 φησὶ,
1416 4321 1778 4402 παιδεύθητε,
1871 4323 1954 4383 ὅτι

2071 4327 2120 4380 Α
2143 4325 2500 4382 crassioribus
2524 4325 2784 4398 exemplis
2801 4369 2816 4397 ,
2862 4327 3057 4401 inquit,
3079 4327 3274 4386 discite
3302 4332 3455 4404 quod
3497 4332 3665 4390 idolo-

353 4407 607 4468 κοινωνία
664 4409 894 4469 εἰδώλων
948 4411 1061 4470 ἐστὶ
1126 4413 1187 4470 τὸ
1269 4414 1397 4492 παρ’
1472 4415 1618 4491 ὓμῶν
1678 4412 1954 4492 γενόμενον

2068 4431 2196 4470 rum
2225 4415 2548 4472 communio
2573 4417 2648 4472 sit
2694 4415 2752 4472 id
2780 4418 2932 4489 quod
2980 4433 3013 4474 ει
3059 4420 3216 4476 vobis
3254 4422 3483 4492 geritur.
3511 4423 3667 4480 Dixit

357 4441 607 4468 κῡινωνια
664 4441 894 4469 ειοωΛων
948 4441 1061 4470 εστι
1126 4441 1187 4470 το
1269 4441 1380 4492 παρ
1472 4441 1618 4491 υμων
1715 4441 1954 4491 ενομενον

478 4521 584 4575 γιν.
701 4521 730 4558 (ι
765 4501 923 4560 Κατὰ
962 4500 1134 4580 σάρκα
1179 4501 1234 4560 δὲ
1282 4500 1541 4582 Ἰσραὴλ,
1583 4526 1612 4558 »
1649 4441 1792 4560 εἶπεν
1817 4548 1832 4573 ,
1883 4503 1956 4570 ὡς

2070 4441 2196 4470 ῑιιω
2225 4441 2548 4472 cuuuuuuw
2573 4441 2648 4472 su.
2694 4441 2752 4472 iu
2780 4441 2932 4489 quuu
2980 4441 3013 4474 ξι
3060 4441 3216 4476 VODIS
3254 4441 3483 4492 geritur.
3511 4441 3666 4480 leu

2071 4512 2278 4574 autem,
2311 4528 2337 4554 «ι
2372 4504 2539 4561 lsraél
2556 4505 2866 4563 secundum
2895 4523 3138 4576 carnem,
3175 4531 3200 4557 »
3227 4510 3386 4581 quasi
3431 4511 3538 4582 ipsi
3556 4511 3666 4568 sint

359 4588 534 4646 αὐτῶν
578 4587 715 4646 κατὰ
748 4592 975 4668 Πνεῦμα
1016 4589 1197 4650 ὄντων.
1231 4589 1434 4652 Σκόπει
1468 4591 1554 4664 δὲ,
1591 4593 1704 4660 πῶς
1745 4592 1829 4649 ἐπὶ
1862 4591 1958 4669 μὲν

2070 4594 2376 4651 secundum
2417 4595 2704 4666 Spiritum.
2747 4598 2965 4667 Reputa
3013 4612 3140 4654 vero
3178 4604 3363 4653 tecum
3386 4598 3533 4669 quod
3555 4615 3671 4657 non

357 4679 468 4736 τῶν
500 4676 766 4739 Ἰουδαίων
797 4681 894 4738 οὐκ
935 4669 1081 4739 εἶπεν
1107 4727 1124 4757 ,
1175 4679 1255 4739 ὅτι
1307 4686 1384 4761 τῷ
1425 4684 1552 4761 Θεῷ
1585 4687 1918 4740 κοινωνοῦσιν
1943 4725 1958 4752 ,

2071 4681 2265 4739 dixerit
2283 4683 2351 4739 de
2377 4683 2603 4752 Iudaeis,
2624 4683 2775 4756 quod
2809 4701 2934 4741 cum
2955 4689 3074 4741 Deo
3097 4687 3530 4757 communicent,
3572 4689 3671 4746 sed

362 4767 503 4826 ἀλλὰ
524 4813 542 4844 ,
575 4794 599 4821 α
630 4769 888 4828 Κοινωνοὶ
910 4774 1000 4828 τοῦ
1027 4769 1403 4849 θυσιαστηρίου
1436 4771 1559 4833 εἰσί,
1595 4798 1618 4823 n
1650 4769 1764 4831 Καὶ
1785 4770 1886 4849 γὰρ
1910 4769 1961 4806 ³ο

2072 4794 2096 4820 α
2134 4772 2436 4843 Participes
2457 4773 2643 4829 altaris
2662 4782 2811 4830 sunt.
2843 4793 2872 4827 »
2901 4777 3044 4831 Nam
3067 4776 3144 4844 id,
3172 4776 3320 4850 quod
3347 4781 3468 4834 Deo
3493 4793 3678 4851 segre-

363 4859 440 4935 τῷ
474 4857 602 4936 θεῷ
635 4859 1047 4939 ἀφοριζόμενον,
1081 4863 1157 4940 τῷ
1193 4859 1551 4941 θυσιαστηρίῳ
1577 4860 1962 4937 ἐπιτιθέμενον,

2075 4869 2264 4933 gatum
2291 4870 2428 4930 erat,
2475 4877 2585 4919 ara:
2614 4863 2934 4935 impositum
2963 4865 3410 4923 comburebatur.
3449 4870 3512 4923 ln
3555 4885 3674 4925 cor-

365 4947 700 5006 κατεκαίετο·
742 4952 830 5006 ἐπὶ
882 4948 938 5006 δὲ
974 4953 1066 5008 τοῦ
1105 4948 1354 5024 σώματος
1401 4956 1491 5009 τοῦ
1548 4953 1816 5030 Χριστοῦ,
1864 4951 1965 5029 οὐχ

2076 4965 2209 5021 pore
2239 4959 2425 5005 autem
2453 4950 2650 5006 Christi
2707 4968 2816 5007 non
2852 4953 2931 5008 sic
2965 4969 3024 5008 se
3077 4971 3164 5010 res
3194 4953 3360 5010 habet
3391 4973 3405 5010 :
3469 4956 3566 5014 sed
3594 4965 3678 5012 est

367 5033 536 5102 οὕτως
575 5057 590 5073 ο
645 5036 782 5096 ἀλλὰ
837 5038 1086 5098 κοινωνία
1138 5043 1230 5098 τοῦ
1280 5038 1525 5114 σώματος
1584 5046 1677 5100 τοῦ
1728 5042 1964 5118 Χριστοῦ

2078 5039 2510 5096 communicatio
2545 5041 2798 5112 corporis
2828 5043 3056 5098 Christi.
3093 5047 3215 5099 Non
3238 5045 3387 5100 enim
3416 5060 3546 5107 arae.
3578 5045 3675 5102 sed

369 5125 534 5185 ἐστιν.
591 5127 674 5186 Οὐ
731 5124 834 5206 γὰρ
884 5133 974 5186 τοῦ
1029 5129 1440 5209 θυσιαστηρίου,
1499 5128 1634 5209 ἀλλ’,
1663 5132 1823 5189 αὖτοῦ
1876 5134 1967 5187 τοῦ

2080 5128 2253 5200 ipsius
2279 5128 2485 5184 Christi
2525 5129 2813 5202 participes
2840 5131 3135 5187 eflicimur.
3204 5134 3457 5188 Metuens
3489 5131 3681 5204 igitur,

371 5215 610 5292 Χριστοῦ
640 5214 686 5251 ³⁸
745 5216 985 5276 κοινωνοὶ
1031 5218 1305 5294 γινόμεθα.
1360 5218 1554 5285 Δείσας
1591 5207 1714 5296 οὖν,
1761 5217 1969 5296 μήποτε

2082 5234 2152 5273 ne
2193 5218 2268 5273 illi
2299 5219 2590 5275 audientes
2642 5221 2791 5293 quod
2826 5224 2975 5276 Deus
3013 5221 3347 5277 sacriﬁcium
3394 5221 3505 5277 illic
3530 5223 3675 5278 acci-

371 5305 714 5364 ὓπολάϐωσιν
775 5309 823 5364 οἱ
883 5305 1192 5384 ἀκούοντες,
1256 5306 1336 5364 ὅτι
1394 5307 1509 5366 ἐπεὶ
1553 5311 1580 5366 ὁ
1633 5309 1727 5380 τὴν
1787 5306 1968 5366 θυσίαν

2083 5308 2257 5379 piens,
2300 5309 2530 5365 nocendi
2570 5318 2897 5380 potestatem
2929 5309 3111 5377 habet,
3152 5311 3499 5380 suspicentur
3536 5311 3681 5369 idola

375 5393 486 5452 ἐκεῖ
528 5393 951 5473 προσδεχόμενος
979 5395 1151 5469 Θεὸς,
1195 5395 1428 5466 ἠδύνατο
1462 5397 1698 5477 βλάψαι,
1745 5395 1849 5475 ἄρα
1879 5396 1972 5455 καὶ

2095 5396 2267 5452 etiam
2306 5397 2424 5453 istic
2475 5398 2808 5454 sacriﬁcium
2838 5398 3157 5470 accipientia
3177 5439 3192 5468 ,
3219 5398 3307 5468 iis,
3335 5399 3429 5472 qui
3451 5416 3564 5455 non
3589 5417 3675 5458 sa.

372 5480 442 5540 τὰ
473 5481 570 5551 τὴν
601 5485 788 5543 θυσίαν
840 5487 1064 5545 ἐνταῦθα
1093 5483 1442 5561 λαμϐάνοντα
1485 5485 1681 5546 εἴδωλα
1725 5485 1978 5544 δύνανται

1422 5510 1442 5543 ι
1485 5485 1681 5546 εἴδωλα
1725 5485 1978 5544 δύνανται
2087 5487 2357 5558 criﬁcant,
2387 5503 2588 5544 nocere
2616 5503 2797 5560 posse,
2827 5488 3045 5545 intulit:

376 5571 583 5653 βλάψαι
611 5572 731 5642 τοὺς
757 5573 838 5650 μὴ
869 5573 1089 5642 θύοντας
1110 5618 1128 5648 ,
1177 5573 1418 5656 ἐπήγαγε
1442 5597 1457 5612 ο

1775 5654 1963 5715 Varia
2005 5655 2308 5719 lectiones.

447 5731 492 5765 ³³
519 5731 646 5799 ἡμᾶς
674 5750 726 5789 o.
805 5733 848 5767 3°
872 5735 956 5788 καὶ
981 5733 1080 5806 γὰρ
1103 5735 1388 5790 κατεκαίετο
1407 5734 1466 5790 τὸ
1490 5734 1826 5808 ἐπιτιθέμενον
1850 5751 1905 5793 o.
1981 5735 2022 5770 ³³
2054 5736 2240 5807 Κυρίου
2268 5752 2324 5794 0.
