  <div class='ocr_page' id='page_1' title='image "/cluster/home/n/w/nwhite01/storage/ocr_20150623/124:no.2/coo.31924054870294/351.png"; bbox 0 0 4110 6414; ppageno 0'>
   <div class='ocr_carea' id='block_1_1' title="bbox 539 445 642 500">
    <p class='ocr_par' dir='ltr' id='par_1_1' title="bbox 539 445 642 500">
     <span class='ocr_line' id='line_1_1' title="bbox 539 445 642 500; baseline -0.01 0"><span class='ocrx_word' id='word_1_1' title='bbox 539 445 642 500; x_wconf 82' lang='grc'><strong>687</strong></span> 
     </span>
    </p>
   </div>
   <div class='ocr_carea' id='block_1_2' title="bbox 615 563 2222 638">
    <p class='ocr_par' dir='ltr' id='par_1_2' title="bbox 615 563 2222 638">
     <span class='ocr_line' id='line_1_2' title="bbox 615 563 2222 638; baseline -0.001 -14"><span class='ocrx_word' id='word_1_2' title='bbox 615 569 794 624; x_wconf 69' lang='lat' dir='ltr'><strong>Vens.</strong></span> <span class='ocrx_word' id='word_1_3' title='bbox 831 571 918 623; x_wconf 82' lang='lat'><strong>19.</strong></span> <span class='ocrx_word' id='word_1_4' title='bbox 949 587 976 615; x_wconf 76' lang='grc' dir='ltr'>«ι</span> <span class='ocrx_word' id='word_1_5' title='bbox 1019 565 1169 637; x_wconf 85' lang='lat' dir='ltr'><strong>Quid</strong></span> <span class='ocrx_word' id='word_1_6' title='bbox 1209 563 1379 637; x_wconf 87' lang='lat' dir='ltr'><strong>igitur</strong></span> <span class='ocrx_word' id='word_1_7' title='bbox 1397 563 1562 622; x_wconf 78' lang='lat' dir='ltr'><strong>dico?</strong></span> <span class='ocrx_word' id='word_1_8' title='bbox 1589 568 1716 622; x_wconf 89' lang='lat' dir='ltr'><strong>Non</strong></span> <span class='ocrx_word' id='word_1_9' title='bbox 1747 565 1893 638; x_wconf 91' lang='lat' dir='ltr'><strong>quod</strong></span> <span class='ocrx_word' id='word_1_10' title='bbox 1921 565 2133 622; x_wconf 88' lang='lat' dir='ltr'><strong>idolum</strong></span> <span class='ocrx_word' id='word_1_11' title='bbox 2162 565 2222 630; x_wconf 88' lang='grc' dir='ltr'><strong>Α</strong></span> 
     </span>
    </p>
   </div>
   <div class='ocr_carea' id='block_1_3' title="bbox 543 653 2131 728">
    <p class='ocr_par' dir='ltr' id='par_1_3' title="bbox 543 653 2131 728">
     <span class='ocr_line' id='line_1_3' title="bbox 543 653 2131 728; baseline -0.001 -16"><span class='ocrx_word' id='word_1_12' title='bbox 543 656 752 728; x_wconf 85' lang='lat' dir='ltr'><strong>aliquid</strong></span> <span class='ocrx_word' id='word_1_13' title='bbox 775 655 866 723; x_wconf 98' lang='lat' dir='ltr'><strong>sit,</strong></span> <span class='ocrx_word' id='word_1_14' title='bbox 883 663 982 712; x_wconf 89' lang='lat' dir='ltr'><strong>aut</strong></span> <span class='ocrx_word' id='word_1_15' title='bbox 1009 655 1159 728; x_wconf 93' lang='lat' dir='ltr'><strong>quod</strong></span> <span class='ocrx_word' id='word_1_16' title='bbox 1186 654 1344 712; x_wconf 89' lang='lat' dir='ltr'><strong>idolis</strong></span> <span class='ocrx_word' id='word_1_17' title='bbox 1373 654 1723 711; x_wconf 84' lang='lat' dir='ltr'><strong>immolatum</strong></span> <span class='ocrx_word' id='word_1_18' title='bbox 1743 655 1818 710; x_wconf 91' lang='lat' dir='ltr'><strong>sit</strong></span> <span class='ocrx_word' id='word_1_19' title='bbox 1837 653 2041 726; x_wconf 90' lang='lat' dir='ltr'><strong>aliquid</strong></span> <span class='ocrx_word' id='word_1_20' title='bbox 2063 658 2087 711; x_wconf 69' lang='grc' dir='ltr'><strong>Ρ</strong></span> <span class='ocrx_word' id='word_1_21' title='bbox 2107 680 2131 704; x_wconf 77' lang='grc' dir='ltr'>ι»</span> 
     </span>
    </p>
   </div>
   <div class='ocr_carea' id='block_1_4' title="bbox 545 744 2137 818">
    <p class='ocr_par' dir='ltr' id='par_1_4' title="bbox 545 744 2137 818">
     <span class='ocr_line' id='line_1_4' title="bbox 545 744 2137 818; baseline -0.001 -16"><span class='ocrx_word' id='word_1_22' title='bbox 545 747 670 802; x_wconf 92' lang='lat' dir='ltr'><strong>Non</strong></span> <span class='ocrx_word' id='word_1_23' title='bbox 715 745 870 818; x_wconf 89' lang='lat' dir='ltr'><strong>quasi</strong></span> <span class='ocrx_word' id='word_1_24' title='bbox 927 744 1086 802; x_wconf 89' lang='lat' dir='ltr'><strong>idolis</strong></span> <span class='ocrx_word' id='word_1_25' title='bbox 1122 744 1199 801; x_wconf 86' lang='lat' dir='ltr'><strong>vis</strong></span> <span class='ocrx_word' id='word_1_26' title='bbox 1228 744 1406 816; x_wconf 86' lang='lat' dir='ltr'><strong>aliqua</strong></span> <span class='ocrx_word' id='word_1_27' title='bbox 1446 744 1669 811; x_wconf 86' lang='lat' dir='ltr'><strong>inesset,</strong></span> <span class='ocrx_word' id='word_1_28' title='bbox 1714 753 1770 800; x_wconf 93' lang='lat' dir='ltr'><strong>et</strong></span> <span class='ocrx_word' id='word_1_29' title='bbox 1813 744 1897 800; x_wconf 86' lang='lat' dir='ltr'><strong>vel</strong></span> <span class='ocrx_word' id='word_1_30' title='bbox 1935 760 2137 800; x_wconf 89' lang='lat' dir='ltr'><strong>nocere</strong></span> 
     </span>
    </p>
   </div>
   <div class='ocr_carea' id='block_1_5' title="bbox 542 833 2134 906">
    <p class='ocr_par' dir='ltr' id='par_1_5' title="bbox 542 833 2134 906">
     <span class='ocr_line' id='line_1_5' title="bbox 542 833 2134 906; baseline 0.001 -18"><span class='ocrx_word' id='word_1_31' title='bbox 542 834 629 890; x_wconf 83' lang='lat' dir='ltr'><strong>vel</strong></span> <span class='ocrx_word' id='word_1_32' title='bbox 659 833 918 906; x_wconf 85' lang='lat' dir='ltr'><strong>prodesse</strong></span> <span class='ocrx_word' id='word_1_33' title='bbox 966 835 1306 906; x_wconf 89' lang='lat' dir='ltr'><strong>potuissent,</strong></span> <span class='ocrx_word' id='word_1_34' title='bbox 1345 833 1548 890; x_wconf 90' lang='lat' dir='ltr'><strong>idcirco</strong></span> <span class='ocrx_word' id='word_1_35' title='bbox 1589 834 1661 891; x_wconf 89' lang='lat' dir='ltr'><strong>ab</strong></span> <span class='ocrx_word' id='word_1_36' title='bbox 1689 834 1752 890; x_wconf 91' lang='lat' dir='ltr'><strong>iis</strong></span> <span class='ocrx_word' id='word_1_37' title='bbox 1781 849 1879 890; x_wconf 90' lang='lat' dir='ltr'><strong>vos</strong></span> <span class='ocrx_word' id='word_1_38' title='bbox 1921 833 2134 890; x_wconf 86' lang='lat' dir='ltr'><strong>abduco</strong></span> 
     </span>
    </p>
   </div>
   <div class='ocr_carea' id='block_1_6' title="bbox 542 921 2136 997">
    <p class='ocr_par' dir='ltr' id='par_1_6' title="bbox 542 921 2136 997">
     <span class='ocr_line' id='line_1_6' title="bbox 542 921 2136 997; baseline -0.001 -18"><span class='ocrx_word' id='word_1_39' title='bbox 542 926 765 994; x_wconf 91' lang='lat' dir='ltr'><strong>(neque</strong></span> <span class='ocrx_word' id='word_1_40' title='bbox 794 924 940 980; x_wconf 91' lang='lat' dir='ltr'><strong>enim</strong></span> <span class='ocrx_word' id='word_1_41' title='bbox 975 924 1276 997; x_wconf 89' lang='lat' dir='ltr'><strong>quidquam</strong></span> <span class='ocrx_word' id='word_1_42' title='bbox 1311 933 1438 980; x_wconf 92' lang='lat' dir='ltr'><strong>sunt</strong></span> <span class='ocrx_word' id='word_1_43' title='bbox 1479 923 1938 995; x_wconf 90' lang='lat' dir='ltr'><strong>omnino)verum</strong></span> <span class='ocrx_word' id='word_1_44' title='bbox 1987 921 2136 994; x_wconf 92' lang='lat' dir='ltr'><strong>quod</strong></span> 
     </span>
    </p>
   </div>
   <div class='ocr_carea' id='block_1_7' title="bbox 541 1012 2130 1084">
    <p class='ocr_par' dir='ltr' id='par_1_7' title="bbox 541 1012 2130 1084">
     <span class='ocr_line' id='line_1_7' title="bbox 541 1012 2130 1084; baseline -0.001 -16"><span class='ocrx_word' id='word_1_45' title='bbox 541 1028 654 1068; x_wconf 91' lang='lat' dir='ltr'><strong>non</strong></span> <span class='ocrx_word' id='word_1_46' title='bbox 688 1012 956 1070; x_wconf 79' lang='lat' dir='ltr'><strong>offeratur</strong></span> <span class='ocrx_word' id='word_1_47' title='bbox 1006 1013 1226 1069; x_wconf 88' lang='lat' dir='ltr'><strong>victima</strong></span> <span class='ocrx_word' id='word_1_48' title='bbox 1265 1014 1509 1070; x_wconf 91' lang='lat' dir='ltr'><strong>Domino</strong></span> <span class='ocrx_word' id='word_1_49' title='bbox 1558 1023 1678 1070; x_wconf 93' lang='lat' dir='ltr'><strong>tuo.</strong></span> <span class='ocrx_word' id='word_1_50' title='bbox 1721 1012 1892 1070; x_wconf 79' lang='lat' dir='ltr'><strong>Infert</strong></span> <span class='ocrx_word' id='word_1_51' title='bbox 1917 1012 2083 1084; x_wconf 83' lang='lat' dir='ltr'><strong>igitur</strong></span> <span class='ocrx_word' id='word_1_52' title='bbox 2117 1029 2130 1067; x_wconf 90' lang='lat'>:</span> 
     </span>
    </p>
   </div>
   <div class='ocr_carea' id='block_1_8' title="bbox 613 1102 2130 1176">
    <p class='ocr_par' dir='ltr' id='par_1_8' title="bbox 613 1102 2130 1176">
     <span class='ocr_line' id='line_1_8' title="bbox 613 1102 2130 1176; baseline -0.001 -18"><span class='ocrx_word' id='word_1_53' title='bbox 613 1104 792 1159; x_wconf 71' lang='lat' dir='ltr'><strong>Vens.</strong></span> <span class='ocrx_word' id='word_1_54' title='bbox 827 1108 919 1158; x_wconf 85' lang='lat'><strong>20.</strong></span> <span class='ocrx_word' id='word_1_55' title='bbox 946 1125 971 1153; x_wconf 75' lang='grc' dir='ltr'><strong>α</strong></span> <span class='ocrx_word' id='word_1_56' title='bbox 996 1102 1100 1160; x_wconf 88' lang='lat' dir='ltr'><strong>Sed</strong></span> <span class='ocrx_word' id='word_1_57' title='bbox 1130 1103 1279 1175; x_wconf 93' lang='lat' dir='ltr'><strong>quod</strong></span> <span class='ocrx_word' id='word_1_58' title='bbox 1299 1119 1421 1175; x_wconf 58' lang='lat' dir='ltr'><strong>quae</strong></span> <span class='ocrx_word' id='word_1_59' title='bbox 1450 1112 1639 1176; x_wconf 86' lang='lat' dir='ltr'><strong>gentes</strong></span> <span class='ocrx_word' id='word_1_60' title='bbox 1668 1103 1990 1170; x_wconf 88' lang='lat' dir='ltr'><strong>immolant,</strong></span> <span class='ocrx_word' id='word_1_61' title='bbox 2017 1102 2130 1158; x_wconf 72' lang='lat' dir='ltr'><strong>dae-</strong></span> 
     </span>
    </p>
   </div>
   <div class='ocr_carea' id='block_1_9' title="bbox 541 1191 2135 1264">
    <p class='ocr_par' dir='ltr' id='par_1_9' title="bbox 541 1191 2135 1264">
     <span class='ocr_line' id='line_1_9' title="bbox 541 1191 2135 1264; baseline -0.002 -17"><span class='ocrx_word' id='word_1_62' title='bbox 541 1191 748 1247; x_wconf 90' lang='lat' dir='ltr'><strong>moniis</strong></span> <span class='ocrx_word' id='word_1_63' title='bbox 771 1193 1098 1261; x_wconf 89' lang='lat' dir='ltr'><strong>immolent,</strong></span> <span class='ocrx_word' id='word_1_64' title='bbox 1129 1200 1186 1248; x_wconf 89' lang='lat' dir='ltr'><strong>et</strong></span> <span class='ocrx_word' id='word_1_65' title='bbox 1204 1208 1320 1248; x_wconf 89' lang='lat' dir='ltr'><strong>non</strong></span> <span class='ocrx_word' id='word_1_66' title='bbox 1348 1197 1489 1249; x_wconf 88' lang='lat' dir='ltr'><strong>Deo.</strong></span> <span class='ocrx_word' id='word_1_67' title='bbox 1522 1217 1548 1241; x_wconf 81' lang='grc'><strong>››</strong></span> <span class='ocrx_word' id='word_1_68' title='bbox 1576 1195 1656 1248; x_wconf 89' lang='lat' dir='ltr'><strong>Ne</strong></span> <span class='ocrx_word' id='word_1_69' title='bbox 1687 1193 1850 1264; x_wconf 84' lang='lat' dir='ltr'><strong>igitur</strong></span> <span class='ocrx_word' id='word_1_70' title='bbox 1866 1191 2135 1248; x_wconf 89' lang='lat' dir='ltr'><strong>accurrite</strong></span> 
     </span>
    </p>
   </div>
   <div class='ocr_carea' id='block_1_10' title="bbox 541 1279 2139 1352">
    <p class='ocr_par' dir='ltr' id='par_1_10' title="bbox 541 1279 2139 1352">
     <span class='ocr_line' id='line_1_10' title="bbox 541 1279 2139 1352; baseline -0.001 -16"><span class='ocrx_word' id='word_1_71' title='bbox 541 1279 611 1337; x_wconf 90' lang='lat' dir='ltr'><strong>ad</strong></span> <span class='ocrx_word' id='word_1_72' title='bbox 642 1280 830 1337; x_wconf 81' lang='lat' dir='ltr'><strong>hostes</strong></span> <span class='ocrx_word' id='word_1_73' title='bbox 872 1280 1097 1337; x_wconf 91' lang='lat' dir='ltr'><strong>Domini</strong></span> <span class='ocrx_word' id='word_1_74' title='bbox 1129 1283 1315 1338; x_wconf 86' lang='lat' dir='ltr'><strong>vestri.</strong></span> <span class='ocrx_word' id='word_1_75' title='bbox 1347 1285 1490 1338; x_wconf 88' lang='lat' dir='ltr'><strong>Nam</strong></span> <span class='ocrx_word' id='word_1_76' title='bbox 1534 1283 1600 1351; x_wconf 90' lang='lat' dir='ltr'><strong>si,</strong></span> <span class='ocrx_word' id='word_1_77' title='bbox 1649 1297 1842 1338; x_wconf 89' lang='lat' dir='ltr'><strong>mensa</strong></span> <span class='ocrx_word' id='word_1_78' title='bbox 1887 1280 2036 1352; x_wconf 85' lang='lat' dir='ltr'><strong>regia</strong></span> <span class='ocrx_word' id='word_1_79' title='bbox 2063 1279 2139 1336; x_wconf 90' lang='lat' dir='ltr'><strong>di-</strong></span> 
     </span>
    </p>
   </div>
   <div class='ocr_carea' id='block_1_11' title="bbox 541 1370 2134 1450">
    <p class='ocr_par' dir='ltr' id='par_1_11' title="bbox 541 1370 2134 1450">
     <span class='ocr_line' id='line_1_11' title="bbox 541 1370 2134 1450; baseline 0.001 -25"><span class='ocrx_word' id='word_1_80' title='bbox 541 1370 734 1450; x_wconf 83' lang='lat' dir='ltr'><strong>missa,</strong></span> <span class='ocrx_word' id='word_1_81' title='bbox 776 1370 846 1428; x_wconf 91' lang='lat' dir='ltr'><strong>ad</strong></span> <span class='ocrx_word' id='word_1_82' title='bbox 893 1371 1392 1428; x_wconf 85' lang='lat' dir='ltr'><strong>condemnatorum</strong></span> <span class='ocrx_word' id='word_1_83' title='bbox 1472 1387 1724 1428; x_wconf 89' lang='lat' dir='ltr'><strong>mensam</strong></span> <span class='ocrx_word' id='word_1_84' title='bbox 1800 1384 2134 1437; x_wconf 89' lang='lat' dir='ltr'><strong>accurreres,</strong></span> 
     </span>
    </p>
   </div>
   <div class='ocr_carea' id='block_1_12' title="bbox 543 1459 2136 1532">
    <p class='ocr_par' dir='ltr' id='par_1_12' title="bbox 543 1459 2136 1532">
     <span class='ocr_line' id='line_1_12' title="bbox 543 1459 2136 1532; baseline -0.001 -18"><span class='ocrx_word' id='word_1_85' title='bbox 543 1460 776 1516; x_wconf 92' lang='lat' dir='ltr'><strong>omnino</strong></span> <span class='ocrx_word' id='word_1_86' title='bbox 809 1475 1083 1532; x_wconf 87' lang='lat' dir='ltr'><strong>peccares;</strong></span> <span class='ocrx_word' id='word_1_87' title='bbox 1128 1477 1241 1516; x_wconf 90' lang='lat' dir='ltr'><strong>non</strong></span> <span class='ocrx_word' id='word_1_88' title='bbox 1263 1460 1412 1532; x_wconf 92' lang='lat' dir='ltr'><strong>quod</strong></span> <span class='ocrx_word' id='word_1_89' title='bbox 1450 1470 1670 1517; x_wconf 87' lang='lat' dir='ltr'><strong>noceret</strong></span> <span class='ocrx_word' id='word_1_90' title='bbox 1708 1460 1794 1516; x_wconf 91' lang='lat' dir='ltr'><strong>illa</strong></span> <span class='ocrx_word' id='word_1_91' title='bbox 1839 1459 2136 1531; x_wconf 89' lang='lat' dir='ltr'><strong>quidquam</strong></span> 
     </span>
    </p>
   </div>
   <div class='ocr_carea' id='block_1_13' title="bbox 543 1547 2139 1623">
    <p class='ocr_par' dir='ltr' id='par_1_13' title="bbox 543 1547 2139 1623">
     <span class='ocr_line' id='line_1_13' title="bbox 543 1547 2139 1623; baseline -0.001 -20"><span class='ocrx_word' id='word_1_92' title='bbox 543 1558 638 1604; x_wconf 92' lang='lat' dir='ltr'><strong>aut</strong></span> <span class='ocrx_word' id='word_1_93' title='bbox 658 1549 894 1621; x_wconf 86' lang='lat' dir='ltr'><strong>juvaret,</strong></span> <span class='ocrx_word' id='word_1_94' title='bbox 924 1558 1187 1606; x_wconf 75' lang='lat' dir='ltr'><strong>caeterum</strong></span> <span class='ocrx_word' id='word_1_95' title='bbox 1235 1550 1384 1622; x_wconf 92' lang='lat' dir='ltr'><strong>quod</strong></span> <span class='ocrx_word' id='word_1_96' title='bbox 1415 1550 1609 1623; x_wconf 86' lang='lat' dir='ltr'><strong>injuria</strong></span> <span class='ocrx_word' id='word_1_97' title='bbox 1667 1549 1813 1606; x_wconf 91' lang='lat' dir='ltr'><strong>istud</strong></span> <span class='ocrx_word' id='word_1_98' title='bbox 1859 1547 2139 1604; x_wconf 82' lang='lat' dir='ltr'><strong>videretur</strong></span> 
     </span>
    </p>
   </div>
   <div class='ocr_carea' id='block_1_14' title="bbox 543 1639 953 1712">
    <p class='ocr_par' dir='ltr' id='par_1_14' title="bbox 543 1639 953 1712">
     <span class='ocr_line' id='line_1_14' title="bbox 543 1639 953 1712; baseline 0 -18"><span class='ocrx_word' id='word_1_99' title='bbox 543 1653 750 1695; x_wconf 72' lang='lat' dir='ltr'><strong>mensa:</strong></span> <span class='ocrx_word' id='word_1_100' title='bbox 774 1639 953 1712; x_wconf 75' lang='lat' dir='ltr'><strong>regiae.</strong></span> 
     </span>
    </p>
   </div>
   <div class='ocr_carea' id='block_1_15' title="bbox 619 1727 2137 1801">
    <p class='ocr_par' dir='ltr' id='par_1_15' title="bbox 619 1727 2137 1801">
     <span class='ocr_line' id='line_1_15' title="bbox 619 1727 2137 1801; baseline -0.002 -16"><span class='ocrx_word' id='word_1_101' title='bbox 619 1751 644 1778; x_wconf 76' lang='grc' dir='ltr'>ι</span> <span class='ocrx_word' id='word_1_102' title='bbox 687 1729 828 1785; x_wconf 88' lang='grc' dir='ltr'>ΝοΙο</span> <span class='ocrx_word' id='word_1_103' title='bbox 853 1736 1040 1784; x_wconf 90' lang='lat' dir='ltr'><strong>autem</strong></span> <span class='ocrx_word' id='word_1_104' title='bbox 1064 1744 1159 1785; x_wconf 92' lang='lat' dir='ltr'><strong>vos</strong></span> <span class='ocrx_word' id='word_1_105' title='bbox 1194 1729 1485 1801; x_wconf 87' lang='lat' dir='ltr'><strong>participes</strong></span> <span class='ocrx_word' id='word_1_106' title='bbox 1510 1728 1921 1786; x_wconf 74' lang='lat' dir='ltr'><strong>daemoniorum</strong></span> <span class='ocrx_word' id='word_1_107' title='bbox 1949 1727 2090 1788; x_wconf 82' lang='lat' dir='ltr'><strong>ﬁeri,</strong></span> <span class='ocrx_word' id='word_1_108' title='bbox 2112 1748 2137 1775; x_wconf 70' lang='grc' dir='ltr'><strong>η</strong></span> 
     </span>
    </p>
   </div>
   <div class='ocr_carea' id='block_1_16' title="bbox 1551 437 2816 497">
    <p class='ocr_par' dir='ltr' id='par_1_16' title="bbox 1551 437 2816 497">
     <span class='ocr_line' id='line_1_16' title="bbox 1551 437 2816 497; baseline -0.004 0"><span class='ocrx_word' id='word_1_109' title='bbox 1551 439 2070 497; x_wconf 81' lang='lat' dir='ltr'><strong>THEOPHYLACTI</strong></span> <span class='ocrx_word' id='word_1_110' title='bbox 2110 437 2470 494; x_wconf 73' lang='lat' dir='ltr'><strong>BULGARLE</strong></span> <span class='ocrx_word' id='word_1_111' title='bbox 2508 438 2816 495; x_wconf 83' lang='lat' dir='ltr'><strong>ARCHIEP.</strong></span> 
     </span>
    </p>
   </div>
   <div class='ocr_carea' id='block_1_17' title="bbox 3740 435 3845 491">
    <p class='ocr_par' dir='ltr' id='par_1_17' title="bbox 3740 435 3845 491">
     <span class='ocr_line' id='line_1_17' title="bbox 3740 435 3845 491; baseline 0.029 -3"><span class='ocrx_word' id='word_1_112' title='bbox 3740 435 3845 491; x_wconf 77' lang='lat'><strong>688</strong></span> 
     </span>
    </p>
   </div>
   <div class='ocr_carea' id='block_1_18' title="bbox 2342 554 3844 645">
    <p class='ocr_par' dir='ltr' id='par_1_18' title="bbox 2342 554 3844 645">
     <span class='ocr_line' id='line_1_18' title="bbox 2342 554 3844 645; baseline -0.002 -24"><span class='ocrx_word' id='word_1_113' title='bbox 2342 587 2371 621; x_wconf 82' lang='grc' dir='ltr'>(ι</span> <span class='ocrx_word' id='word_1_114' title='bbox 2399 563 2470 625; x_wconf 91' lang='grc' dir='ltr'>Τί</span> <span class='ocrx_word' id='word_1_115' title='bbox 2494 554 2584 624; x_wconf 63' lang='grc' dir='ltr'><strong>οὖν</strong></span> <span class='ocrx_word' id='word_1_116' title='bbox 2613 586 2784 645; x_wconf 83' lang='grc' dir='ltr'>φημι;</span> <span class='ocrx_word' id='word_1_117' title='bbox 2834 561 2915 621; x_wconf 78' lang='grc' dir='ltr'><strong>ὅτι</strong></span> <span class='ocrx_word' id='word_1_118' title='bbox 2947 560 3160 621; x_wconf 85' lang='grc' dir='ltr'>εἴδωλόν</span> <span class='ocrx_word' id='word_1_119' title='bbox 3199 559 3253 619; x_wconf 86' lang='grc' dir='ltr'><strong>τί</strong></span> <span class='ocrx_word' id='word_1_120' title='bbox 3282 559 3422 619; x_wconf 81' lang='grc' dir='ltr'>ἐστιν</span> <span class='ocrx_word' id='word_1_121' title='bbox 3446 577 3464 633; x_wconf 86' lang='lat'><strong>;</strong></span> <span class='ocrx_word' id='word_1_122' title='bbox 3509 557 3546 630; x_wconf 79' lang='grc' dir='ltr'><strong>ἢ</strong></span> <span class='ocrx_word' id='word_1_123' title='bbox 3575 558 3655 618; x_wconf 78' lang='grc' dir='ltr'>ὅτι</span> <span class='ocrx_word' id='word_1_124' title='bbox 3685 559 3844 618; x_wconf 75' lang='grc' dir='ltr'>εἰδω-</span> 
     </span>
    </p>
   </div>
   <div class='ocr_carea' id='block_1_19' title="bbox 2247 647 3843 731">
    <p class='ocr_par' dir='ltr' id='par_1_19' title="bbox 2247 647 3843 731">
     <span class='ocr_line' id='line_1_19' title="bbox 2247 647 3843 731; baseline -0.003 -19"><span class='ocrx_word' id='word_1_125' title='bbox 2247 652 2461 712; x_wconf 85' lang='grc' dir='ltr'>λόθυτόν</span> <span class='ocrx_word' id='word_1_126' title='bbox 2492 653 2544 711; x_wconf 88' lang='grc' dir='ltr'><strong>τί</strong></span> <span class='ocrx_word' id='word_1_127' title='bbox 2575 655 2716 712; x_wconf 80' lang='grc' dir='ltr'>ἐστιν</span> <span class='ocrx_word' id='word_1_128' title='bbox 2747 651 2834 725; x_wconf 80' lang='grc'><strong>³²;</strong></span> <span class='ocrx_word' id='word_1_129' title='bbox 2882 673 2911 709; x_wconf 77' lang='lat' dir='ltr'><strong>u</strong></span> <span class='ocrx_word' id='word_1_130' title='bbox 2944 651 3068 731; x_wconf 81' lang='grc' dir='ltr'><strong>Οὐχ</strong></span> <span class='ocrx_word' id='word_1_131' title='bbox 3117 652 3189 718; x_wconf 80' lang='grc' dir='ltr'>ὣς</span> <span class='ocrx_word' id='word_1_132' title='bbox 3236 648 3389 728; x_wconf 77' lang='grc' dir='ltr'>ἰσχύν</span> <span class='ocrx_word' id='word_1_133' title='bbox 3439 671 3560 708; x_wconf 89' lang='grc' dir='ltr'>τινα</span> <span class='ocrx_word' id='word_1_134' title='bbox 3612 647 3843 728; x_wconf 76' lang='grc' dir='ltr'>ἐχόντων</span> 
     </span>
    </p>
   </div>
   <div class='ocr_carea' id='block_1_20' title="bbox 2246 737 3844 820">
    <p class='ocr_par' dir='ltr' id='par_1_20' title="bbox 2246 737 3844 820">
     <span class='ocr_line' id='line_1_20' title="bbox 2246 737 3844 820; baseline -0.003 -20"><span class='ocrx_word' id='word_1_135' title='bbox 2246 747 2351 801; x_wconf 82' lang='grc' dir='ltr'><strong>τῶν</strong></span> <span class='ocrx_word' id='word_1_136' title='bbox 2403 744 2664 814; x_wconf 81' lang='grc' dir='ltr'><strong>εἰδώλων,</strong></span> <span class='ocrx_word' id='word_1_137' title='bbox 2705 741 2797 800; x_wconf 81' lang='grc' dir='ltr'><strong>καὶ</strong></span> <span class='ocrx_word' id='word_1_138' title='bbox 2843 740 3150 818; x_wconf 83' lang='grc' dir='ltr'><strong>δυναμένων</strong></span> <span class='ocrx_word' id='word_1_139' title='bbox 3204 741 3409 820; x_wconf 75' lang='grc' dir='ltr'>βλάψαι</span> <span class='ocrx_word' id='word_1_140' title='bbox 3446 737 3482 809; x_wconf 82' lang='grc' dir='ltr'>ἢ</span> <span class='ocrx_word' id='word_1_141' title='bbox 3531 739 3844 820; x_wconf 72' lang='grc' dir='ltr'>ὠφελῆσαι,</span> 
     </span>
    </p>
   </div>
   <div class='ocr_carea' id='block_1_21' title="bbox 2248 826 3845 912">
    <p class='ocr_par' dir='ltr' id='par_1_21' title="bbox 2248 826 3845 912">
     <span class='ocr_line' id='line_1_21' title="bbox 2248 826 3845 912; baseline -0.002 -22"><span class='ocrx_word' id='word_1_142' title='bbox 2248 834 2441 912; x_wconf 83' lang='grc' dir='ltr'>ἆπάγω</span> <span class='ocrx_word' id='word_1_143' title='bbox 2494 833 2691 891; x_wconf 89' lang='grc' dir='ltr'>τούτων</span> <span class='ocrx_word' id='word_1_144' title='bbox 2741 834 2879 910; x_wconf 74' lang='grc' dir='ltr'>ὑμᾶς</span> <span class='ocrx_word' id='word_1_145' title='bbox 2909 849 2924 864; x_wconf 84' lang='grc'><strong><em>⁸</em></strong></span> <span class='ocrx_word' id='word_1_146' title='bbox 2984 831 3103 890; x_wconf 82' lang='grc' dir='ltr'>οὐδὲ</span> <span class='ocrx_word' id='word_1_147' title='bbox 3158 830 3261 910; x_wconf 82' lang='grc' dir='ltr'>γὰρ</span> <span class='ocrx_word' id='word_1_148' title='bbox 3313 827 3444 888; x_wconf 80' lang='grc' dir='ltr'>εἰσὶν</span> <span class='ocrx_word' id='word_1_149' title='bbox 3502 826 3674 897; x_wconf 77' lang='grc' dir='ltr'>ὅλως·</span> <span class='ocrx_word' id='word_1_150' title='bbox 3725 830 3845 888; x_wconf 80' lang='grc' dir='ltr'>ἀλλ’</span> 
     </span>
    </p>
   </div>
   <div class='ocr_carea' id='block_1_22' title="bbox 2247 916 3838 1001">
    <p class='ocr_par' dir='ltr' id='par_1_22' title="bbox 2247 916 3838 1001">
     <span class='ocr_line' id='line_1_22' title="bbox 2247 916 3838 1001; baseline 0.001 -23"><span class='ocrx_word' id='word_1_151' title='bbox 2247 920 2326 979; x_wconf 81' lang='grc' dir='ltr'><strong>ὅτι</strong></span> <span class='ocrx_word' id='word_1_152' title='bbox 2378 925 2436 981; x_wconf 80' lang='grc' dir='ltr'>οὐ</span> <span class='ocrx_word' id='word_1_153' title='bbox 2468 922 2796 1001; x_wconf 83' lang='grc' dir='ltr'><strong>προσάγεται</strong></span> <span class='ocrx_word' id='word_1_154' title='bbox 2827 920 2886 978; x_wconf 85' lang='grc' dir='ltr'><strong>τὸ</strong></span> <span class='ocrx_word' id='word_1_155' title='bbox 2914 921 3165 999; x_wconf 84' lang='grc' dir='ltr'>θυόμενον</span> <span class='ocrx_word' id='word_1_156' title='bbox 3213 921 3290 999; x_wconf 89' lang='grc' dir='ltr'><strong>τῷ</strong></span> <span class='ocrx_word' id='word_1_157' title='bbox 3330 916 3578 999; x_wconf 86' lang='grc' dir='ltr'>Δεσπότῃ</span> <span class='ocrx_word' id='word_1_158' title='bbox 3613 921 3691 999; x_wconf 87' lang='grc' dir='ltr'><strong>τῷ</strong></span> <span class='ocrx_word' id='word_1_159' title='bbox 3739 919 3838 998; x_wconf 83' lang='grc' dir='ltr'><strong>σῷ.</strong></span> 
     </span>
    </p>
   </div>
   <div class='ocr_carea' id='block_1_23' title="bbox 2246 1003 2684 1092">
    <p class='ocr_par' dir='ltr' id='par_1_23' title="bbox 2246 1003 2684 1092">
     <span class='ocr_line' id='line_1_23' title="bbox 2246 1003 2684 1092; baseline -0.007 -21"><span class='ocrx_word' id='word_1_160' title='bbox 2246 1011 2520 1092; x_wconf 78' lang='grc' dir='ltr'>Ἐπιφέρει</span> <span class='ocrx_word' id='word_1_161' title='bbox 2551 1003 2639 1070; x_wconf 63' lang='grc' dir='ltr'><strong>οὖν</strong></span> <span class='ocrx_word' id='word_1_162' title='bbox 2671 1035 2684 1048; x_wconf 78' lang='grc' dir='ltr'><strong><em>ο</em></strong></span> 
     </span>
    </p>
   </div>
   <div class='ocr_carea' id='block_1_24' title="bbox 2334 1096 3845 1175">
    <p class='ocr_par' dir='ltr' id='par_1_24' title="bbox 2334 1096 3845 1175">
     <span class='ocr_line' id='line_1_24' title="bbox 2334 1096 3845 1175; baseline -0.001 -16"><span class='ocrx_word' id='word_1_163' title='bbox 2334 1123 2364 1159; x_wconf 80' lang='grc' dir='ltr'>(ι</span> <span class='ocrx_word' id='word_1_164' title='bbox 2394 1100 2534 1161; x_wconf 84' lang='grc' dir='ltr'>Ἀλλ’</span> <span class='ocrx_word' id='word_1_165' title='bbox 2562 1100 2641 1160; x_wconf 78' lang='grc' dir='ltr'><strong>ὅτι</strong></span> <span class='ocrx_word' id='word_1_166' title='bbox 2670 1098 2704 1158; x_wconf 81' lang='grc' dir='ltr'>ἂ</span> <span class='ocrx_word' id='word_1_167' title='bbox 2726 1097 2834 1159; x_wconf 92' lang='grc' dir='ltr'>θύει</span> <span class='ocrx_word' id='word_1_168' title='bbox 2857 1099 2924 1159; x_wconf 77' lang='grc' dir='ltr'><strong>τὰ</strong></span> <span class='ocrx_word' id='word_1_169' title='bbox 2957 1099 3078 1172; x_wconf 82' lang='grc' dir='ltr'>ἔθνη</span> <span class='ocrx_word' id='word_1_170' title='bbox 3099 1145 3114 1171; x_wconf 93' lang='grc'><strong>,</strong></span> <span class='ocrx_word' id='word_1_171' title='bbox 3147 1096 3437 1175; x_wconf 81' lang='grc' dir='ltr'><strong>δαιμονίοις</strong></span> <span class='ocrx_word' id='word_1_172' title='bbox 3479 1096 3590 1156; x_wconf 84' lang='grc' dir='ltr'>θύει</span> <span class='ocrx_word' id='word_1_173' title='bbox 3611 1144 3630 1174; x_wconf 90' lang='grc'><strong>,</strong></span> <span class='ocrx_word' id='word_1_174' title='bbox 3653 1096 3756 1157; x_wconf 79' lang='grc' dir='ltr'><strong>καὶ</strong></span> <span class='ocrx_word' id='word_1_175' title='bbox 3785 1098 3845 1157; x_wconf 80' lang='grc' dir='ltr'>οὗ</span> 
     </span>
    </p>
   </div>
   <div class='ocr_carea' id='block_1_25' title="bbox 2247 1186 3846 1270">
    <p class='ocr_par' dir='ltr' id='par_1_25' title="bbox 2247 1186 3846 1270">
     <span class='ocr_line' id='line_1_25' title="bbox 2247 1186 3846 1270; baseline -0.003 -20"><span class='ocrx_word' id='word_1_176' title='bbox 2247 1192 2390 1270; x_wconf 88' lang='grc' dir='ltr'>Θεῷ.</span> <span class='ocrx_word' id='word_1_177' title='bbox 2429 1212 2459 1248; x_wconf 80' lang='grc' dir='ltr'>(ι</span> <span class='ocrx_word' id='word_1_178' title='bbox 2487 1189 2584 1259; x_wconf 82' lang='grc' dir='ltr'>Μὴ</span> <span class='ocrx_word' id='word_1_179' title='bbox 2609 1193 2783 1248; x_wconf 84' lang='grc' dir='ltr'>τοίνυν</span> <span class='ocrx_word' id='word_1_180' title='bbox 2819 1189 3038 1270; x_wconf 81' lang='grc' dir='ltr'><strong>τρέχετε</strong></span> <span class='ocrx_word' id='word_1_181' title='bbox 3079 1187 3167 1248; x_wconf 71' lang='grc' dir='ltr'><strong>ἐπὶ</strong></span> <span class='ocrx_word' id='word_1_182' title='bbox 3203 1186 3324 1255; x_wconf 76' lang='grc' dir='ltr'>τοὺς</span> <span class='ocrx_word' id='word_1_183' title='bbox 3355 1186 3572 1266; x_wconf 55' lang='grc' dir='ltr'>ἐΑθροὺς</span> <span class='ocrx_word' id='word_1_184' title='bbox 3616 1191 3712 1246; x_wconf 77' lang='grc' dir='ltr'><strong>τοῦ</strong></span> <span class='ocrx_word' id='word_1_185' title='bbox 3744 1192 3846 1247; x_wconf 74' lang='lat' dir='ltr'><strong>Ae-</strong></span> 
     </span>
    </p>
   </div>
   <div class='ocr_carea' id='block_1_26' title="bbox 2246 1277 3843 1358">
    <p class='ocr_par' dir='ltr' id='par_1_26' title="bbox 2246 1277 3843 1358">
     <span class='ocr_line' id='line_1_26' title="bbox 2246 1277 3843 1358; baseline -0.003 -19"><span class='ocrx_word' id='word_1_186' title='bbox 2246 1279 2443 1339; x_wconf 90' lang='grc' dir='ltr'>σπότου</span> <span class='ocrx_word' id='word_1_187' title='bbox 2475 1282 2622 1356; x_wconf 76' lang='grc' dir='ltr'>ὑμῶν</span> <span class='ocrx_word' id='word_1_188' title='bbox 2655 1303 2666 1315; x_wconf 90' lang='grc'>·</span> <span class='ocrx_word' id='word_1_189' title='bbox 2695 1281 2786 1338; x_wconf 77' lang='grc' dir='ltr'>καὶ</span> <span class='ocrx_word' id='word_1_190' title='bbox 2815 1281 2918 1358; x_wconf 82' lang='grc' dir='ltr'>γὰρ</span> <span class='ocrx_word' id='word_1_191' title='bbox 2945 1283 2991 1338; x_wconf 82' lang='grc' dir='ltr'><strong>εἰ</strong></span> <span class='ocrx_word' id='word_1_192' title='bbox 3020 1279 3306 1358; x_wconf 84' lang='grc' dir='ltr'>βασιλικὴν</span> <span class='ocrx_word' id='word_1_193' title='bbox 3338 1278 3486 1358; x_wconf 82' lang='grc' dir='ltr'>ἀφεὶς</span> <span class='ocrx_word' id='word_1_194' title='bbox 3529 1277 3796 1356; x_wconf 88' lang='grc' dir='ltr'>τράπεζαν</span> <span class='ocrx_word' id='word_1_195' title='bbox 3825 1319 3843 1350; x_wconf 94' lang='grc'><strong>,</strong></span> 
     </span>
    </p>
   </div>
   <div class='ocr_carea' id='block_1_27' title="bbox 2248 1367 3844 1450">
    <p class='ocr_par' dir='ltr' id='par_1_27' title="bbox 2248 1367 3844 1450">
     <span class='ocr_line' id='line_1_27' title="bbox 2248 1367 3844 1450; baseline -0.001 -22"><span class='ocrx_word' id='word_1_196' title='bbox 2248 1370 2457 1450; x_wconf 78' lang='grc' dir='ltr'>ἔτρεχες</span> <span class='ocrx_word' id='word_1_197' title='bbox 2503 1370 2590 1428; x_wconf 74' lang='grc' dir='ltr'><strong>ἐπὶ</strong></span> <span class='ocrx_word' id='word_1_198' title='bbox 2616 1368 2710 1440; x_wconf 82' lang='grc' dir='ltr'><strong>τὴν</strong></span> <span class='ocrx_word' id='word_1_199' title='bbox 2737 1373 2842 1428; x_wconf 84' lang='grc' dir='ltr'><strong>τῶν</strong></span> <span class='ocrx_word' id='word_1_200' title='bbox 2887 1368 3189 1428; x_wconf 83' lang='grc' dir='ltr'>καταδίκων</span> <span class='ocrx_word' id='word_1_201' title='bbox 3215 1412 3232 1442; x_wconf 94' lang='grc'><strong>,</strong></span> <span class='ocrx_word' id='word_1_202' title='bbox 3275 1367 3487 1435; x_wconf 89' lang='grc' dir='ltr'>πάντως</span> <span class='ocrx_word' id='word_1_203' title='bbox 3519 1367 3844 1447; x_wconf 82' lang='grc' dir='ltr'>ἡμάρτανες⁶</span> 
     </span>
    </p>
   </div>
   <div class='ocr_carea' id='block_1_28' title="bbox 2247 1454 3846 1540">
    <p class='ocr_par' dir='ltr' id='par_1_28' title="bbox 2247 1454 3846 1540">
     <span class='ocr_line' id='line_1_28' title="bbox 2247 1454 3846 1540; baseline -0.003 -21"><span class='ocrx_word' id='word_1_204' title='bbox 2247 1463 2346 1540; x_wconf 77' lang='grc' dir='ltr'>οὐχ</span> <span class='ocrx_word' id='word_1_205' title='bbox 2375 1459 2456 1518; x_wconf 73' lang='grc' dir='ltr'><strong>ὅτι</strong></span> <span class='ocrx_word' id='word_1_206' title='bbox 2482 1458 2744 1518; x_wconf 88' lang='grc' dir='ltr'>ἔϐλαπτεν</span> <span class='ocrx_word' id='word_1_207' title='bbox 2779 1459 2952 1532; x_wconf 84' lang='grc' dir='ltr'>ἐκείνη</span> <span class='ocrx_word' id='word_1_208' title='bbox 2973 1503 2987 1530; x_wconf 95' lang='grc'><strong>,</strong></span> <span class='ocrx_word' id='word_1_209' title='bbox 3019 1458 3053 1530; x_wconf 82' lang='grc' dir='ltr'>ἢ</span> <span class='ocrx_word' id='word_1_210' title='bbox 3083 1458 3278 1538; x_wconf 84' lang='grc' dir='ltr'>ὠφέλει</span> <span class='ocrx_word' id='word_1_211' title='bbox 3303 1457 3380 1535; x_wconf 82' lang='grc'><strong>³³,</strong></span> <span class='ocrx_word' id='word_1_212' title='bbox 3415 1458 3536 1517; x_wconf 85' lang='grc' dir='ltr'>ἀλλ’</span> <span class='ocrx_word' id='word_1_213' title='bbox 3576 1454 3655 1516; x_wconf 75' lang='grc' dir='ltr'>ὅτι</span> <span class='ocrx_word' id='word_1_214' title='bbox 3695 1455 3846 1537; x_wconf 81' lang='grc' dir='ltr'>ὕϐρις</span> 
     </span>
    </p>
   </div>
   <div class='ocr_carea' id='block_1_29' title="bbox 2251 1546 3493 1629">
    <p class='ocr_par' dir='ltr' id='par_1_29' title="bbox 2251 1546 3493 1629">
     <span class='ocr_line' id='line_1_29' title="bbox 2251 1546 3493 1629; baseline -0.002 -21"><span class='ocrx_word' id='word_1_215' title='bbox 2251 1549 2420 1608; x_wconf 84' lang='grc' dir='ltr'>ἐδόκει</span> <span class='ocrx_word' id='word_1_216' title='bbox 2450 1553 2604 1608; x_wconf 80' lang='grc' dir='ltr'>τοῦτο</span> <span class='ocrx_word' id='word_1_217' title='bbox 2634 1553 2726 1621; x_wconf 77' lang='grc' dir='ltr'><strong>τῆς</strong></span> <span class='ocrx_word' id='word_1_218' title='bbox 2761 1550 3040 1628; x_wconf 77' lang='grc' dir='ltr'>βασιλικῆς</span> <span class='ocrx_word' id='word_1_219' title='bbox 3067 1547 3333 1629; x_wconf 84' lang='grc' dir='ltr'>τραπέζης</span> <span class='ocrx_word' id='word_1_220' title='bbox 3364 1546 3417 1586; x_wconf 78' lang='lat'><strong>33</strong></span> <span class='ocrx_word' id='word_1_221' title='bbox 3438 1549 3493 1605; x_wconf 69' lang='lat'><strong>&quot;.</strong></span> 
     </span>
    </p>
   </div>
   <div class='ocr_carea' id='block_1_30' title="bbox 2333 1719 3847 1800">
    <p class='ocr_par' dir='ltr' id='par_1_30' title="bbox 2333 1719 3847 1800">
     <span class='ocr_line' id='line_1_30' title="bbox 2333 1719 3847 1800; baseline 0.004 -24"><span class='ocrx_word' id='word_1_222' title='bbox 2333 1752 2357 1776; x_wconf 71' lang='grc' dir='ltr'><strong>α</strong></span> <span class='ocrx_word' id='word_1_223' title='bbox 2403 1725 2485 1784; x_wconf 79' lang='grc' dir='ltr'><strong>Οὔ</strong></span> <span class='ocrx_word' id='word_1_224' title='bbox 2525 1723 2660 1782; x_wconf 86' lang='grc' dir='ltr'>θέλω</span> <span class='ocrx_word' id='word_1_225' title='bbox 2691 1722 2748 1781; x_wconf 86' lang='grc' dir='ltr'>δὲ</span> <span class='ocrx_word' id='word_1_226' title='bbox 2780 1728 2918 1798; x_wconf 75' lang='grc' dir='ltr'>ὑμᾶς</span> <span class='ocrx_word' id='word_1_227' title='bbox 2946 1720 3228 1790; x_wconf 72' lang='grc' dir='ltr'>κοινωνοὺς</span> <span class='ocrx_word' id='word_1_228' title='bbox 3275 1724 3379 1780; x_wconf 82' lang='grc' dir='ltr'><strong>τῷν</strong></span> <span class='ocrx_word' id='word_1_229' title='bbox 3433 1719 3719 1800; x_wconf 77' lang='grc' dir='ltr'>δαιμονίων</span> <span class='ocrx_word' id='word_1_230' title='bbox 3762 1721 3847 1798; x_wconf 80' lang='grc' dir='ltr'><strong>γί-</strong></span> 
     </span>
    </p>
   </div>
   <div class='ocr_carea' id='block_1_31' title="bbox 543 1811 2139 1892">
    <p class='ocr_par' dir='ltr' id='par_1_31' title="bbox 543 1817 2139 1891">
     <span class='ocr_line' id='line_1_31' title="bbox 543 1817 2139 1891; baseline -0.002 -17"><span class='ocrx_word' id='word_1_231' title='bbox 543 1818 598 1874; x_wconf 85' lang='grc' dir='ltr'><strong>5ἰ</strong></span> <span class='ocrx_word' id='word_1_232' title='bbox 641 1819 790 1874; x_wconf 90' lang='lat' dir='ltr'><strong>enim</strong></span> <span class='ocrx_word' id='word_1_233' title='bbox 824 1817 1120 1889; x_wconf 88' lang='lat' dir='ltr'><strong>mysticam</strong></span> <span class='ocrx_word' id='word_1_234' title='bbox 1152 1833 1404 1874; x_wconf 85' lang='lat' dir='ltr'><strong>mensam</strong></span> <span class='ocrx_word' id='word_1_235' title='bbox 1455 1818 1870 1891; x_wconf 87' lang='lat' dir='ltr'><strong>participantes,</strong></span> <span class='ocrx_word' id='word_1_236' title='bbox 1922 1817 2139 1874; x_wconf 90' lang='lat' dir='ltr'><strong>Christo</strong></span> 
     </span>
    </p>
   </div>
   <div class='ocr_carea' id='block_1_32' title="bbox 2245 1811 3843 1892">
    <p class='ocr_par' dir='ltr' id='par_1_32' title="bbox 2253 1811 3843 1892">
     <span class='ocr_line' id='line_1_32' title="bbox 2253 1811 3843 1892; baseline -0.003 -18"><span class='ocrx_word' id='word_1_237' title='bbox 2253 1821 2456 1874; x_wconf 89' lang='grc' dir='ltr'>νεσθαι.</span> <span class='ocrx_word' id='word_1_238' title='bbox 2494 1841 2518 1865; x_wconf 69' lang='grc' dir='ltr'><strong>υ</strong></span> <span class='ocrx_word' id='word_1_239' title='bbox 2552 1815 2621 1873; x_wconf 84' lang='grc' dir='ltr'>Εἰ</span> <span class='ocrx_word' id='word_1_240' title='bbox 2668 1814 2770 1892; x_wconf 83' lang='grc' dir='ltr'>γὰρ</span> <span class='ocrx_word' id='word_1_241' title='bbox 2799 1816 2894 1884; x_wconf 79' lang='grc' dir='ltr'><strong>τῆς</strong></span> <span class='ocrx_word' id='word_1_242' title='bbox 2939 1815 3198 1890; x_wconf 81' lang='grc' dir='ltr'>μυστικῆς</span> <span class='ocrx_word' id='word_1_243' title='bbox 3264 1811 3534 1890; x_wconf 83' lang='grc' dir='ltr'>τραπέζης</span> <span class='ocrx_word' id='word_1_244' title='bbox 3581 1811 3843 1892; x_wconf 88' lang='grc' dir='ltr'>μετέχον-</span> 
     </span>
    </p>
   </div>
   <div class='ocr_carea' id='block_1_33' title="bbox 542 1907 2138 1980">
    <p class='ocr_par' dir='ltr' id='par_1_33' title="bbox 542 1907 2138 1980">
     <span class='ocr_line' id='line_1_33' title="bbox 542 1907 2138 1980; baseline -0.001 -17"><span class='ocrx_word' id='word_1_245' title='bbox 542 1908 1002 1964; x_wconf 90' lang='lat' dir='ltr'><strong>communicant:</strong></span> <span class='ocrx_word' id='word_1_246' title='bbox 1056 1907 1378 1965; x_wconf 68' lang='lat' dir='ltr'><strong>daemonum</strong></span> <span class='ocrx_word' id='word_1_247' title='bbox 1433 1924 1685 1964; x_wconf 85' lang='lat' dir='ltr'><strong>mensam</strong></span> <span class='ocrx_word' id='word_1_248' title='bbox 1734 1907 2138 1980; x_wconf 90' lang='lat' dir='ltr'><strong>participantes,</strong></span> 
     </span>
    </p>
   </div>
   <div class='ocr_carea' id='block_1_34' title="bbox 544 1995 1745 2054">
    <p class='ocr_par' dir='ltr' id='par_1_34' title="bbox 544 1995 1745 2054">
     <span class='ocr_line' id='line_1_34' title="bbox 544 1995 1745 2054; baseline 0 -1"><span class='ocrx_word' id='word_1_249' title='bbox 544 1995 898 2054; x_wconf 61' lang='lat' dir='ltr'><strong>damonibus</strong></span> <span class='ocrx_word' id='word_1_250' title='bbox 925 1996 1073 2053; x_wconf 88' lang='lat' dir='ltr'><strong>haud</strong></span> <span class='ocrx_word' id='word_1_251' title='bbox 1111 1997 1278 2054; x_wconf 90' lang='lat' dir='ltr'><strong>dubio</strong></span> <span class='ocrx_word' id='word_1_252' title='bbox 1309 1999 1745 2054; x_wconf 89' lang='lat' dir='ltr'><strong>communicant.</strong></span> 
     </span>
    </p>
   </div>
   <div class='ocr_carea' id='block_1_35' title="bbox 618 2084 2140 2158">
    <p class='ocr_par' dir='ltr' id='par_1_35' title="bbox 618 2084 2140 2158">
     <span class='ocr_line' id='line_1_35' title="bbox 618 2084 2140 2158; baseline -0.001 -16"><span class='ocrx_word' id='word_1_253' title='bbox 618 2087 802 2143; x_wconf 71' lang='lat' dir='ltr'><strong>Vens.</strong></span> <span class='ocrx_word' id='word_1_254' title='bbox 844 2092 937 2142; x_wconf 87' lang='lat'><strong>2|.</strong></span> <span class='ocrx_word' id='word_1_255' title='bbox 982 2109 1009 2136; x_wconf 79' lang='grc' dir='ltr'>ι</span> <span class='ocrx_word' id='word_1_256' title='bbox 1045 2087 1208 2157; x_wconf 79' lang='lat'><strong>182</strong></span> <span class='ocrx_word' id='word_1_257' title='bbox 1242 2089 1366 2143; x_wconf 85' lang='lat' dir='ltr'><strong>Non</strong></span> <span class='ocrx_word' id='word_1_258' title='bbox 1396 2088 1623 2158; x_wconf 89' lang='lat' dir='ltr'><strong>potestis</strong></span> <span class='ocrx_word' id='word_1_259' title='bbox 1658 2087 1885 2143; x_wconf 91' lang='lat' dir='ltr'><strong>calicem</strong></span> <span class='ocrx_word' id='word_1_260' title='bbox 1915 2084 2140 2142; x_wconf 90' lang='lat' dir='ltr'><strong>Domini</strong></span> 
     </span>
    </p>
   </div>
   <div class='ocr_carea' id='block_1_36' title="bbox 547 2175 2140 2249">
    <p class='ocr_par' dir='ltr' id='par_1_36' title="bbox 547 2175 2140 2249">
     <span class='ocr_line' id='line_1_36' title="bbox 547 2175 2140 2249; baseline 0 -17"><span class='ocrx_word' id='word_1_261' title='bbox 547 2175 764 2242; x_wconf 87' lang='lat' dir='ltr'><strong>bibere,</strong></span> <span class='ocrx_word' id='word_1_262' title='bbox 786 2184 842 2232; x_wconf 90' lang='lat' dir='ltr'><strong>et</strong></span> <span class='ocrx_word' id='word_1_263' title='bbox 868 2175 1092 2232; x_wconf 89' lang='lat' dir='ltr'><strong>calicem</strong></span> <span class='ocrx_word' id='word_1_264' title='bbox 1110 2177 1532 2233; x_wconf 67' lang='lat' dir='ltr'><strong>daemoniorum.</strong></span> <span class='ocrx_word' id='word_1_265' title='bbox 1561 2201 1586 2226; x_wconf 66' lang='grc' dir='ltr'><strong>ν</strong></span> <span class='ocrx_word' id='word_1_266' title='bbox 1619 2177 1758 2232; x_wconf 88' lang='lat' dir='ltr'><strong>Cum</strong></span> <span class='ocrx_word' id='word_1_267' title='bbox 1789 2193 1886 2249; x_wconf 91' lang='lat' dir='ltr'><strong>per</strong></span> <span class='ocrx_word' id='word_1_268' title='bbox 1910 2177 2140 2233; x_wconf 91' lang='lat' dir='ltr'><strong>modum</strong></span> 
     </span>
    </p>
   </div>
   <div class='ocr_carea' id='block_1_37' title="bbox 548 2263 2140 2340">
    <p class='ocr_par' dir='ltr' id='par_1_37' title="bbox 548 2263 2140 2340">
     <span class='ocr_line' id='line_1_37' title="bbox 548 2263 2140 2340; baseline 0.002 -20"><span class='ocrx_word' id='word_1_269' title='bbox 548 2263 962 2321; x_wconf 83' lang='lat' dir='ltr'><strong>adhortationis</strong></span> <span class='ocrx_word' id='word_1_270' title='bbox 1005 2265 1238 2334; x_wconf 86' lang='lat' dir='ltr'><strong>dixerat,</strong></span> <span class='ocrx_word' id='word_1_271' title='bbox 1258 2267 1402 2322; x_wconf 90' lang='lat' dir='ltr'><strong>Nolo</strong></span> <span class='ocrx_word' id='word_1_272' title='bbox 1439 2282 1536 2322; x_wconf 94' lang='lat' dir='ltr'><strong>vos</strong></span> <span class='ocrx_word' id='word_1_273' title='bbox 1565 2267 1855 2340; x_wconf 88' lang='lat' dir='ltr'><strong>participes</strong></span> <span class='ocrx_word' id='word_1_274' title='bbox 1882 2282 2002 2323; x_wconf 88' lang='lat' dir='ltr'><strong>esse</strong></span> <span class='ocrx_word' id='word_1_275' title='bbox 2030 2265 2140 2323; x_wconf 75' lang='lat' dir='ltr'><strong>dae-</strong></span> 
     </span>
    </p>
   </div>
   <div class='ocr_carea' id='block_1_38' title="bbox 546 2353 2137 2428">
    <p class='ocr_par' dir='ltr' id='par_1_38' title="bbox 546 2353 2137 2428">
     <span class='ocr_line' id='line_1_38' title="bbox 546 2353 2137 2428; baseline 0 -18"><span class='ocrx_word' id='word_1_276' title='bbox 546 2353 892 2423; x_wconf 89' lang='lat' dir='ltr'><strong>moniorum,</strong></span> <span class='ocrx_word' id='word_1_277' title='bbox 969 2369 1041 2410; x_wconf 90' lang='lat' dir='ltr'><strong>ne</strong></span> <span class='ocrx_word' id='word_1_278' title='bbox 1094 2355 1398 2411; x_wconf 87' lang='lat' dir='ltr'><strong>admonitio</strong></span> <span class='ocrx_word' id='word_1_279' title='bbox 1461 2356 1561 2411; x_wconf 90' lang='lat' dir='ltr'><strong>ista</strong></span> <span class='ocrx_word' id='word_1_280' title='bbox 1638 2356 1795 2413; x_wconf 85' lang='lat' dir='ltr'><strong>ﬂocci</strong></span> <span class='ocrx_word' id='word_1_281' title='bbox 1847 2355 2137 2428; x_wconf 90' lang='lat' dir='ltr'><strong>pendatur,</strong></span> 
     </span>
    </p>
   </div>
   <div class='ocr_carea' id='block_1_39' title="bbox 544 2443 2137 2517">
    <p class='ocr_par' dir='ltr' id='par_1_39' title="bbox 544 2443 2137 2517">
     <span class='ocr_line' id='line_1_39' title="bbox 544 2443 2137 2517; baseline 0.001 -19"><span class='ocrx_word' id='word_1_282' title='bbox 544 2459 646 2515; x_wconf 92' lang='lat' dir='ltr'><strong>per</strong></span> <span class='ocrx_word' id='word_1_283' title='bbox 693 2443 921 2500; x_wconf 90' lang='lat' dir='ltr'><strong>modum</strong></span> <span class='ocrx_word' id='word_1_284' title='bbox 961 2444 1247 2502; x_wconf 69' lang='lat' dir='ltr'><strong>sententiae</strong></span> <span class='ocrx_word' id='word_1_285' title='bbox 1295 2445 1564 2517; x_wconf 80' lang='lat' dir='ltr'><strong>negativae</strong></span> <span class='ocrx_word' id='word_1_286' title='bbox 1601 2461 1747 2501; x_wconf 89' lang='lat' dir='ltr'><strong>nunc</strong></span> <span class='ocrx_word' id='word_1_287' title='bbox 1794 2445 1928 2502; x_wconf 92' lang='lat' dir='ltr'><strong>illud</strong></span> <span class='ocrx_word' id='word_1_288' title='bbox 1955 2447 2137 2516; x_wconf 90' lang='lat' dir='ltr'><strong>ipsum</strong></span> 
     </span>
    </p>
   </div>
   <div class='ocr_carea' id='block_1_40' title="bbox 544 2533 2133 2606">
    <p class='ocr_par' dir='ltr' id='par_1_40' title="bbox 544 2533 2133 2606">
     <span class='ocr_line' id='line_1_40' title="bbox 544 2533 2133 2606; baseline 0.001 -17"><span class='ocrx_word' id='word_1_289' title='bbox 544 2533 748 2604; x_wconf 89' lang='lat' dir='ltr'><strong>posuit,</strong></span> <span class='ocrx_word' id='word_1_290' title='bbox 784 2555 810 2582; x_wconf 76' lang='grc' dir='ltr'>«ι</span> <span class='ocrx_word' id='word_1_291' title='bbox 863 2536 992 2591; x_wconf 93' lang='lat' dir='ltr'><strong>Non</strong></span> <span class='ocrx_word' id='word_1_292' title='bbox 1039 2535 1289 2605; x_wconf 91' lang='lat' dir='ltr'><strong>potestis,</strong></span> <span class='ocrx_word' id='word_1_293' title='bbox 1338 2557 1362 2583; x_wconf 68' lang='grc' dir='ltr'><strong>υ</strong></span> <span class='ocrx_word' id='word_1_294' title='bbox 1396 2535 1668 2606; x_wconf 90' lang='lat' dir='ltr'><strong>inquiens,</strong></span> <span class='ocrx_word' id='word_1_295' title='bbox 1700 2557 1726 2584; x_wconf 75' lang='grc' dir='ltr'><strong>α</strong></span> <span class='ocrx_word' id='word_1_296' title='bbox 1757 2535 1984 2591; x_wconf 88' lang='lat' dir='ltr'><strong>calicem</strong></span> <span class='ocrx_word' id='word_1_297' title='bbox 2014 2538 2133 2591; x_wconf 93' lang='lat' dir='ltr'><strong>Do-</strong></span> 
     </span>
    </p>
   </div>
   <div class='ocr_carea' id='block_1_41' title="bbox 545 2622 1777 2694">
    <p class='ocr_par' dir='ltr' id='par_1_41' title="bbox 545 2622 1777 2694">
     <span class='ocr_line' id='line_1_41' title="bbox 545 2622 1777 2694; baseline 0.002 -17"><span class='ocrx_word' id='word_1_298' title='bbox 545 2622 683 2678; x_wconf 89' lang='lat' dir='ltr'><strong>mini</strong></span> <span class='ocrx_word' id='word_1_299' title='bbox 713 2622 922 2694; x_wconf 88' lang='lat' dir='ltr'><strong>bibere,</strong></span> <span class='ocrx_word' id='word_1_300' title='bbox 953 2631 1008 2680; x_wconf 88' lang='lat' dir='ltr'><strong>et</strong></span> <span class='ocrx_word' id='word_1_301' title='bbox 1029 2625 1255 2680; x_wconf 87' lang='lat' dir='ltr'><strong>calicem</strong></span> <span class='ocrx_word' id='word_1_302' title='bbox 1279 2625 1711 2682; x_wconf 85' lang='lat' dir='ltr'><strong>daemoniorum.</strong></span> <span class='ocrx_word' id='word_1_303' title='bbox 1750 2647 1777 2674; x_wconf 67' lang='grc' dir='ltr'><strong>η</strong></span> 
     </span>
    </p>
   </div>
   <div class='ocr_carea' id='block_1_42' title="bbox 617 2713 2142 2787">
    <p class='ocr_par' dir='ltr' id='par_1_42' title="bbox 617 2713 2142 2787">
     <span class='ocr_line' id='line_1_42' title="bbox 617 2713 2142 2787; baseline 0.003 -20"><span class='ocrx_word' id='word_1_304' title='bbox 617 2733 644 2760; x_wconf 82' lang='lat'><strong><em>«</em></strong></span> <span class='ocrx_word' id='word_1_305' title='bbox 673 2714 800 2768; x_wconf 87' lang='lat' dir='ltr'><strong>Non</strong></span> <span class='ocrx_word' id='word_1_306' title='bbox 825 2713 1058 2784; x_wconf 88' lang='lat' dir='ltr'><strong>potestis</strong></span> <span class='ocrx_word' id='word_1_307' title='bbox 1083 2729 1295 2770; x_wconf 58' lang='lat' dir='ltr'><strong>mensae</strong></span> <span class='ocrx_word' id='word_1_308' title='bbox 1324 2715 1559 2770; x_wconf 88' lang='lat' dir='ltr'><strong>Domini</strong></span> <span class='ocrx_word' id='word_1_309' title='bbox 1606 2715 1901 2787; x_wconf 86' lang='lat' dir='ltr'><strong>participes</strong></span> <span class='ocrx_word' id='word_1_310' title='bbox 1928 2724 2142 2785; x_wconf 88' lang='lat' dir='ltr'><strong>esse,et</strong></span> 
     </span>
    </p>
   </div>
   <div class='ocr_carea' id='block_1_43' title="bbox 545 2801 2137 2878">
    <p class='ocr_par' dir='ltr' id='par_1_43' title="bbox 545 2801 2137 2878">
     <span class='ocr_line' id='line_1_43' title="bbox 545 2801 2137 2878; baseline 0.003 -22"><span class='ocrx_word' id='word_1_311' title='bbox 545 2815 758 2857; x_wconf 69' lang='lat' dir='ltr'><strong>mensa:</strong></span> <span class='ocrx_word' id='word_1_312' title='bbox 795 2801 1221 2859; x_wconf 73' lang='lat' dir='ltr'><strong>dazmoniorum.</strong></span> <span class='ocrx_word' id='word_1_313' title='bbox 1244 2827 1268 2851; x_wconf 75' lang='grc' dir='ltr'><strong>η</strong></span> <span class='ocrx_word' id='word_1_314' title='bbox 1300 2806 1380 2858; x_wconf 82' lang='lat' dir='ltr'><strong>Ex</strong></span> <span class='ocrx_word' id='word_1_315' title='bbox 1397 2804 1531 2859; x_wconf 89' lang='lat' dir='ltr'><strong>solis</strong></span> <span class='ocrx_word' id='word_1_316' title='bbox 1555 2804 1880 2862; x_wconf 89' lang='lat' dir='ltr'><strong>nominibus</strong></span> <span class='ocrx_word' id='word_1_317' title='bbox 1918 2805 2137 2878; x_wconf 89' lang='lat' dir='ltr'><strong>probat,</strong></span> 
     </span>
    </p>
   </div>
   <div class='ocr_carea' id='block_1_44' title="bbox 544 2889 1744 2964">
    <p class='ocr_par' dir='ltr' id='par_1_44' title="bbox 544 2889 1744 2964">
     <span class='ocr_line' id='line_1_44' title="bbox 544 2889 1744 2964; baseline 0.004 -20"><span class='ocrx_word' id='word_1_318' title='bbox 544 2889 696 2962; x_wconf 91' lang='lat' dir='ltr'><strong>quod</strong></span> <span class='ocrx_word' id='word_1_319' title='bbox 725 2890 794 2945; x_wconf 92' lang='lat' dir='ltr'><strong>ab</strong></span> <span class='ocrx_word' id='word_1_320' title='bbox 824 2890 1147 2962; x_wconf 89' lang='lat' dir='ltr'><strong>idolothytis</strong></span> <span class='ocrx_word' id='word_1_321' title='bbox 1173 2892 1445 2948; x_wconf 89' lang='lat' dir='ltr'><strong>abstinere</strong></span> <span class='ocrx_word' id='word_1_322' title='bbox 1477 2902 1744 2964; x_wconf 86' lang='lat' dir='ltr'><strong>Oporteat.</strong></span> 
     </span>
    </p>
   </div>
   <div class='ocr_carea' id='block_1_45' title="bbox 615 2981 2140 3058">
    <p class='ocr_par' dir='ltr' id='par_1_45' title="bbox 615 2981 2140 3058">
     <span class='ocr_line' id='line_1_45' title="bbox 615 2981 2140 3058; baseline 0.005 -23"><span class='ocrx_word' id='word_1_323' title='bbox 615 2981 792 3036; x_wconf 78' lang='lat' dir='ltr'><strong>Vsns.</strong></span> <span class='ocrx_word' id='word_1_324' title='bbox 821 2983 911 3035; x_wconf 87' lang='lat'><strong>22.</strong></span> <span class='ocrx_word' id='word_1_325' title='bbox 935 2998 964 3033; x_wconf 88' lang='lat'>«</span> <span class='ocrx_word' id='word_1_326' title='bbox 996 2984 1084 3036; x_wconf 82' lang='lat' dir='ltr'><strong>An</strong></span> <span class='ocrx_word' id='word_1_327' title='bbox 1102 2997 1462 3053; x_wconf 85' lang='lat' dir='ltr'><strong>provocamus</strong></span> <span class='ocrx_word' id='word_1_328' title='bbox 1493 2984 1828 3040; x_wconf 80' lang='lat' dir='ltr'><strong>Dominum?</strong></span> <span class='ocrx_word' id='word_1_329' title='bbox 1855 2985 2140 3058; x_wconf 83' lang='lat' dir='ltr'><strong>Numquid</strong></span> 
     </span>
    </p>
   </div>
   <div class='ocr_carea' id='block_1_46' title="bbox 541 3066 2139 3145">
    <p class='ocr_par' dir='ltr' id='par_1_46' title="bbox 541 3066 2139 3145">
     <span class='ocr_line' id='line_1_46' title="bbox 541 3066 2139 3145; baseline 0.004 -21"><span class='ocrx_word' id='word_1_330' title='bbox 541 3066 803 3124; x_wconf 88' lang='lat' dir='ltr'><strong>fortiores</strong></span> <span class='ocrx_word' id='word_1_331' title='bbox 848 3084 914 3126; x_wconf 92' lang='lat' dir='ltr'><strong>eo</strong></span> <span class='ocrx_word' id='word_1_332' title='bbox 943 3075 1184 3127; x_wconf 80' lang='lat' dir='ltr'><strong>sumus?</strong></span> <span class='ocrx_word' id='word_1_333' title='bbox 1217 3094 1243 3120; x_wconf 78' lang='grc' dir='ltr'><strong>ιι</strong></span> <span class='ocrx_word' id='word_1_334' title='bbox 1301 3072 1424 3140; x_wconf 87' lang='lat' dir='ltr'><strong>Quo</strong></span> <span class='ocrx_word' id='word_1_335' title='bbox 1474 3071 1785 3142; x_wconf 86' lang='lat' dir='ltr'><strong>pudefaciat</strong></span> <span class='ocrx_word' id='word_1_336' title='bbox 1811 3073 1978 3145; x_wconf 91' lang='lat' dir='ltr'><strong>ipsos,</strong></span> <span class='ocrx_word' id='word_1_337' title='bbox 2033 3074 2139 3132; x_wconf 93' lang='lat' dir='ltr'><strong>hoc</strong></span> 
     </span>
    </p>
   </div>
   <div class='ocr_carea' id='block_1_47' title="bbox 2247 1901 3844 1982">
    <p class='ocr_par' dir='ltr' id='par_1_47' title="bbox 2247 1901 3844 1982">
     <span class='ocr_line' id='line_1_47' title="bbox 2247 1901 3844 1982; baseline -0.003 -18"><span class='ocrx_word' id='word_1_338' title='bbox 2247 1929 2365 1978; x_wconf 88' lang='grc' dir='ltr'>τες,</span> <span class='ocrx_word' id='word_1_339' title='bbox 2402 1908 2706 1962; x_wconf 80' lang='grc' dir='ltr'>κοινωνοῦσι</span> <span class='ocrx_word' id='word_1_340' title='bbox 2744 1904 2962 1981; x_wconf 80' lang='grc' dir='ltr'>Χριστῷ</span> <span class='ocrx_word' id='word_1_341' title='bbox 2989 1927 3001 1938; x_wconf 92' lang='grc'>·</span> <span class='ocrx_word' id='word_1_342' title='bbox 3035 1903 3082 1960; x_wconf 77' lang='grc' dir='ltr'><strong>οἱ</strong></span> <span class='ocrx_word' id='word_1_343' title='bbox 3106 1901 3371 1979; x_wconf 85' lang='grc' dir='ltr'>δαιμόνων</span> <span class='ocrx_word' id='word_1_344' title='bbox 3407 1901 3671 1982; x_wconf 78' lang='grc' dir='ltr'>τραπέζης</span> <span class='ocrx_word' id='word_1_345' title='bbox 3704 1924 3844 1978; x_wconf 85' lang='grc' dir='ltr'>μετ-</span> 
     </span>
    </p>
   </div>
   <div class='ocr_carea' id='block_1_48' title="bbox 2249 1990 3435 2075">
    <p class='ocr_par' dir='ltr' id='par_1_48' title="bbox 2249 1990 3435 2075">
     <span class='ocr_line' id='line_1_48' title="bbox 2249 1990 3435 2075; baseline -0.002 -22"><span class='ocrx_word' id='word_1_346' title='bbox 2249 1996 2489 2075; x_wconf 35' lang='grc' dir='ltr'>ἔχοντες,</span> <span class='ocrx_word' id='word_1_347' title='bbox 2530 1995 2686 2063; x_wconf 78' lang='grc' dir='ltr'>δῆλον</span> <span class='ocrx_word' id='word_1_348' title='bbox 2717 1990 2798 2050; x_wconf 79' lang='grc' dir='ltr'><strong>ὅτι</strong></span> <span class='ocrx_word' id='word_1_349' title='bbox 2826 1991 3042 2069; x_wconf 90' lang='grc' dir='ltr'>δαίμοσι</span> <span class='ocrx_word' id='word_1_350' title='bbox 3072 1997 3435 2051; x_wconf 73' lang='grc' dir='ltr'>κοινωνοῦσιν.</span> 
     </span>
    </p>
   </div>
   <div class='ocr_carea' id='block_1_49' title="bbox 2330 2079 3846 2160">
    <p class='ocr_par' dir='ltr' id='par_1_49' title="bbox 2330 2079 3846 2160">
     <span class='ocr_line' id='line_1_49' title="bbox 2330 2079 3846 2160; baseline -0.005 -16"><span class='ocrx_word' id='word_1_351' title='bbox 2330 2110 2354 2137; x_wconf 74' lang='grc' dir='ltr'><strong>α</strong></span> <span class='ocrx_word' id='word_1_352' title='bbox 2387 2086 2469 2144; x_wconf 85' lang='grc' dir='ltr'><strong>Οὖ</strong></span> <span class='ocrx_word' id='word_1_353' title='bbox 2501 2082 2724 2140; x_wconf 81' lang='grc' dir='ltr'>δύνασθε</span> <span class='ocrx_word' id='word_1_354' title='bbox 2755 2080 3009 2160; x_wconf 83' lang='grc' dir='ltr'>ποτήριον</span> <span class='ocrx_word' id='word_1_355' title='bbox 3048 2079 3247 2159; x_wconf 89' lang='grc' dir='ltr'>Κυρίου</span> <span class='ocrx_word' id='word_1_356' title='bbox 3295 2079 3501 2160; x_wconf 84' lang='grc' dir='ltr'>πίνειν,</span> <span class='ocrx_word' id='word_1_357' title='bbox 3549 2079 3641 2138; x_wconf 77' lang='grc' dir='ltr'>καὶ</span> <span class='ocrx_word' id='word_1_358' title='bbox 3673 2079 3846 2153; x_wconf 87' lang='grc' dir='ltr'>ποτή-</span> 
     </span>
    </p>
   </div>
   <div class='ocr_carea' id='block_1_50' title="bbox 2252 2168 3850 2255">
    <p class='ocr_par' dir='ltr' id='par_1_50' title="bbox 2252 2168 3850 2255">
     <span class='ocr_line' id='line_1_50' title="bbox 2252 2168 3850 2255; baseline -0.003 -23"><span class='ocrx_word' id='word_1_359' title='bbox 2252 2197 2357 2255; x_wconf 81' lang='grc' dir='ltr'>ριον</span> <span class='ocrx_word' id='word_1_360' title='bbox 2433 2171 2737 2248; x_wconf 88' lang='grc' dir='ltr'>δαιμονίων.</span> <span class='ocrx_word' id='word_1_361' title='bbox 2802 2197 2828 2223; x_wconf 78' lang='grc' dir='ltr'>ιο</span> <span class='ocrx_word' id='word_1_362' title='bbox 2888 2169 3116 2241; x_wconf 77' lang='grc' dir='ltr'>Ἐπειδὴ</span> <span class='ocrx_word' id='word_1_363' title='bbox 3177 2173 3230 2228; x_wconf 86' lang='grc' dir='ltr'><strong>ἐν</strong></span> <span class='ocrx_word' id='word_1_364' title='bbox 3281 2168 3426 2238; x_wconf 82' lang='grc' dir='ltr'>τάξει</span> <span class='ocrx_word' id='word_1_365' title='bbox 3485 2168 3850 2250; x_wconf 81' lang='grc' dir='ltr'>παραινέσεως</span> 
     </span>
    </p>
   </div>
   <div class='ocr_carea' id='block_1_51' title="bbox 2249 2253 3849 2338">
    <p class='ocr_par' dir='ltr' id='par_1_51' title="bbox 2249 2253 3849 2338">
     <span class='ocr_line' id='line_1_51' title="bbox 2249 2253 3849 2338; baseline -0.003 -16"><span class='ocrx_word' id='word_1_366' title='bbox 2249 2253 2396 2323; x_wconf 71' lang='grc' dir='ltr'>εἶπεν</span> <span class='ocrx_word' id='word_1_367' title='bbox 2427 2285 2442 2302; x_wconf 75' lang='grc' dir='ltr'><strong>ο</strong></span> <span class='ocrx_word' id='word_1_368' title='bbox 2467 2290 2491 2314; x_wconf 75' lang='grc' dir='ltr'><strong>α</strong></span> <span class='ocrx_word' id='word_1_369' title='bbox 2519 2263 2600 2320; x_wconf 83' lang='grc' dir='ltr'><strong>Οὐ</strong></span> <span class='ocrx_word' id='word_1_370' title='bbox 2630 2259 2765 2320; x_wconf 85' lang='grc' dir='ltr'>θέλω</span> <span class='ocrx_word' id='word_1_371' title='bbox 2789 2264 2926 2338; x_wconf 75' lang='grc' dir='ltr'>ὑμᾶς</span> <span class='ocrx_word' id='word_1_372' title='bbox 2953 2258 3232 2327; x_wconf 81' lang='grc' dir='ltr'>κοινωνοὺς</span> <span class='ocrx_word' id='word_1_373' title='bbox 3260 2263 3366 2318; x_wconf 80' lang='grc' dir='ltr'><strong>τῶν</strong></span> <span class='ocrx_word' id='word_1_374' title='bbox 3398 2258 3686 2336; x_wconf 82' lang='grc' dir='ltr'>δαιμονίων</span> <span class='ocrx_word' id='word_1_375' title='bbox 3710 2257 3849 2337; x_wconf 81' lang='grc' dir='ltr'>γίνε-</span> 
     </span>
    </p>
   </div>
   <div class='ocr_carea' id='block_1_52' title="bbox 2249 2345 3852 2431">
    <p class='ocr_par' dir='ltr' id='par_1_52' title="bbox 2249 2345 3852 2431">
     <span class='ocr_line' id='line_1_52' title="bbox 2249 2345 3852 2431; baseline -0.004 -19"><span class='ocrx_word' id='word_1_376' title='bbox 2249 2359 2407 2412; x_wconf 83' lang='grc' dir='ltr'>σθαι’</span> <span class='ocrx_word' id='word_1_377' title='bbox 2469 2376 2490 2405; x_wconf 72' lang='lat'><strong><em>»</em></strong></span> <span class='ocrx_word' id='word_1_378' title='bbox 2535 2347 2622 2408; x_wconf 80' lang='grc' dir='ltr'><strong>ἵνα</strong></span> <span class='ocrx_word' id='word_1_379' title='bbox 2672 2349 2748 2427; x_wconf 82' lang='grc' dir='ltr'><strong>μὴ</strong></span> <span class='ocrx_word' id='word_1_380' title='bbox 2798 2349 3111 2431; x_wconf 89' lang='grc' dir='ltr'>παραίνεσις</span> <span class='ocrx_word' id='word_1_381' title='bbox 3160 2352 3566 2430; x_wconf 84' lang='grc' dir='ltr'>καταφρονηθῇ,</span> <span class='ocrx_word' id='word_1_382' title='bbox 3602 2349 3654 2406; x_wconf 78' lang='grc' dir='ltr'>ἐν</span> <span class='ocrx_word' id='word_1_383' title='bbox 3702 2345 3852 2415; x_wconf 80' lang='grc' dir='ltr'>τάξει</span> 
     </span>
    </p>
   </div>
   <div class='ocr_carea' id='block_1_53' title="bbox 2248 2435 3848 2520">
    <p class='ocr_par' dir='ltr' id='par_1_53' title="bbox 2248 2435 3848 2520">
     <span class='ocr_line' id='line_1_53' title="bbox 2248 2435 3848 2520; baseline -0.004 -20"><span class='ocrx_word' id='word_1_384' title='bbox 2248 2440 2564 2520; x_wconf 77' lang='grc' dir='ltr'>ἀποφάσεως</span> <span class='ocrx_word' id='word_1_385' title='bbox 2593 2443 2683 2496; x_wconf 80' lang='grc' dir='ltr'><strong>νῦν</strong></span> <span class='ocrx_word' id='word_1_386' title='bbox 2717 2440 2845 2498; x_wconf 78' lang='grc' dir='ltr'>αὐτὸ</span> <span class='ocrx_word' id='word_1_387' title='bbox 2889 2439 3149 2511; x_wconf 83' lang='grc' dir='ltr'>τέθεικεν,</span> <span class='ocrx_word' id='word_1_388' title='bbox 3188 2438 3352 2498; x_wconf 77' lang='grc' dir='ltr'>εἰπών</span> <span class='ocrx_word' id='word_1_389' title='bbox 3379 2460 3394 2476; x_wconf 78' lang='grc'><strong>⁸</strong></span> <span class='ocrx_word' id='word_1_390' title='bbox 3433 2464 3459 2490; x_wconf 74' lang='grc' dir='ltr'><strong>α</strong></span> <span class='ocrx_word' id='word_1_391' title='bbox 3497 2437 3580 2499; x_wconf 77' lang='grc' dir='ltr'><strong>Οὔ</strong></span> <span class='ocrx_word' id='word_1_392' title='bbox 3625 2435 3848 2496; x_wconf 85' lang='grc' dir='ltr'>δύνασθε</span> 
     </span>
    </p>
   </div>
   <div class='ocr_carea' id='block_1_54' title="bbox 2246 2525 3759 2610">
    <p class='ocr_par' dir='ltr' id='par_1_54' title="bbox 2246 2525 3759 2610">
     <span class='ocr_line' id='line_1_54' title="bbox 2246 2525 3759 2610; baseline -0.003 -18"><span class='ocrx_word' id='word_1_393' title='bbox 2246 2531 2497 2609; x_wconf 86' lang='grc' dir='ltr'>ποτήριον</span> <span class='ocrx_word' id='word_1_394' title='bbox 2525 2528 2728 2610; x_wconf 87' lang='grc' dir='ltr'>Κυρίου</span> <span class='ocrx_word' id='word_1_395' title='bbox 2762 2529 2958 2601; x_wconf 86' lang='grc' dir='ltr'>πίνειν,</span> <span class='ocrx_word' id='word_1_396' title='bbox 2990 2528 3080 2586; x_wconf 78' lang='grc' dir='ltr'><strong>καὶ</strong></span> <span class='ocrx_word' id='word_1_397' title='bbox 3111 2527 3362 2607; x_wconf 86' lang='grc' dir='ltr'>ποτήριον</span> <span class='ocrx_word' id='word_1_398' title='bbox 3389 2525 3696 2604; x_wconf 86' lang='grc' dir='ltr'>δαιμονίων.</span> <span class='ocrx_word' id='word_1_399' title='bbox 3734 2552 3759 2578; x_wconf 73' lang='grc' dir='ltr'><strong><em>ι</em></strong></span> 
     </span>
    </p>
   </div>
   <div class='ocr_carea' id='block_1_55' title="bbox 2333 2704 3841 2788">
    <p class='ocr_par' dir='ltr' id='par_1_55' title="bbox 2333 2704 3841 2788">
     <span class='ocr_line' id='line_1_55' title="bbox 2333 2704 3841 2788; baseline 0.001 -24"><span class='ocrx_word' id='word_1_400' title='bbox 2333 2732 2365 2764; x_wconf 75' lang='grc' dir='ltr'>(ι</span> <span class='ocrx_word' id='word_1_401' title='bbox 2395 2711 2478 2769; x_wconf 81' lang='grc' dir='ltr'><strong>Οὐ</strong></span> <span class='ocrx_word' id='word_1_402' title='bbox 2503 2707 2720 2768; x_wconf 86' lang='grc' dir='ltr'>δύνασθε</span> <span class='ocrx_word' id='word_1_403' title='bbox 2745 2706 3010 2788; x_wconf 87' lang='grc' dir='ltr'>τραπέζης</span> <span class='ocrx_word' id='word_1_404' title='bbox 3035 2706 3237 2787; x_wconf 86' lang='grc' dir='ltr'>Κυρίου</span> <span class='ocrx_word' id='word_1_405' title='bbox 3275 2706 3520 2787; x_wconf 85' lang='grc' dir='ltr'>μετέχειν</span> <span class='ocrx_word' id='word_1_406' title='bbox 3541 2749 3558 2780; x_wconf 93' lang='grc'><strong>,</strong></span> <span class='ocrx_word' id='word_1_407' title='bbox 3584 2704 3677 2765; x_wconf 71' lang='grc' dir='ltr'><strong>καὶ</strong></span> <span class='ocrx_word' id='word_1_408' title='bbox 3701 2728 3841 2787; x_wconf 87' lang='grc' dir='ltr'>τρα-</span> 
     </span>
    </p>
   </div>
   <div class='ocr_carea' id='block_1_56' title="bbox 2245 2795 3848 2874">
    <p class='ocr_par' dir='ltr' id='par_1_56' title="bbox 2245 2795 3848 2874">
     <span class='ocr_line' id='line_1_56' title="bbox 2245 2795 3848 2874; baseline -0.003 -16"><span class='ocrx_word' id='word_1_409' title='bbox 2245 2797 2409 2868; x_wconf 82' lang='grc' dir='ltr'>πέζης</span> <span class='ocrx_word' id='word_1_410' title='bbox 2442 2796 2748 2874; x_wconf 85' lang='grc' dir='ltr'>δαιμονίων.</span> <span class='ocrx_word' id='word_1_411' title='bbox 2794 2817 2822 2854; x_wconf 75' lang='grc' dir='ltr'><strong>η</strong></span> <span class='ocrx_word' id='word_1_412' title='bbox 2856 2796 2959 2856; x_wconf 87' lang='grc' dir='ltr'>Ἐκ</span> <span class='ocrx_word' id='word_1_413' title='bbox 3005 2796 3177 2874; x_wconf 87' lang='grc' dir='ltr'>μόνων</span> <span class='ocrx_word' id='word_1_414' title='bbox 3207 2799 3311 2856; x_wconf 83' lang='grc' dir='ltr'><strong>τῷν</strong></span> <span class='ocrx_word' id='word_1_415' title='bbox 3354 2795 3627 2872; x_wconf 80' lang='grc' dir='ltr'>ὀνομάτων</span> <span class='ocrx_word' id='word_1_416' title='bbox 3676 2817 3848 2854; x_wconf 85' lang='grc' dir='ltr'>κατα-</span> 
     </span>
    </p>
   </div>
   <div class='ocr_carea' id='block_1_57' title="bbox 2250 2873 3644 2965">
    <p class='ocr_par' dir='ltr' id='par_1_57' title="bbox 2250 2873 3644 2965">
     <span class='ocr_line' id='line_1_57' title="bbox 2250 2873 3644 2965; baseline 0.003 -21"><span class='ocrx_word' id='word_1_417' title='bbox 2250 2888 2496 2954; x_wconf 86' lang='grc' dir='ltr'>σκευάζει</span> <span class='ocrx_word' id='word_1_418' title='bbox 2523 2931 2541 2962; x_wconf 96' lang='grc'><strong>,</strong></span> <span class='ocrx_word' id='word_1_419' title='bbox 2579 2885 2639 2944; x_wconf 82' lang='grc' dir='ltr'><strong>τὸ</strong></span> <span class='ocrx_word' id='word_1_420' title='bbox 2667 2887 2771 2943; x_wconf 88' lang='grc' dir='ltr'>δεῖν</span> <span class='ocrx_word' id='word_1_421' title='bbox 2804 2873 3098 2965; x_wconf 76' lang='grc' dir='ltr'>ἀπέχεσθαι</span> <span class='ocrx_word' id='word_1_422' title='bbox 3127 2888 3232 2944; x_wconf 82' lang='grc' dir='ltr'><strong>τῶν</strong></span> <span class='ocrx_word' id='word_1_423' title='bbox 3268 2884 3644 2948; x_wconf 80' lang='grc' dir='ltr'>εἰδωλοθύτων.</span> 
     </span>
    </p>
   </div>
   <div class='ocr_carea' id='block_1_58' title="bbox 2330 2973 3840 3056">
    <p class='ocr_par' dir='ltr' id='par_1_58' title="bbox 2330 2973 3840 3056">
     <span class='ocr_line' id='line_1_58' title="bbox 2330 2973 3840 3056; baseline 0.005 -28"><span class='ocrx_word' id='word_1_424' title='bbox 2330 3005 2355 3028; x_wconf 78' lang='grc' dir='ltr'><strong>ιι</strong></span> <span class='ocrx_word' id='word_1_425' title='bbox 2397 2974 2476 3035; x_wconf 73' lang='grc' dir='ltr'><strong>’Ἡ</strong></span> <span class='ocrx_word' id='word_1_426' title='bbox 2523 2977 2933 3054; x_wconf 78' lang='grc' dir='ltr'>παραζηλοῦμεν</span> <span class='ocrx_word' id='word_1_427' title='bbox 2965 2973 3052 3033; x_wconf 85' lang='grc' dir='ltr'><strong>τὸν</strong></span> <span class='ocrx_word' id='word_1_428' title='bbox 3096 2973 3334 3055; x_wconf 86' lang='grc' dir='ltr'>Κύριον;</span> <span class='ocrx_word' id='word_1_429' title='bbox 3378 2973 3454 3054; x_wconf 88' lang='grc' dir='ltr'><strong>μὴ</strong></span> <span class='ocrx_word' id='word_1_430' title='bbox 3503 2973 3840 3056; x_wconf 72' lang='grc' dir='ltr'>ἰσχυρότεροι</span> 
     </span>
    </p>
   </div>
   <div class='ocr_carea' id='block_1_59' title="bbox 2248 3062 3844 3144">
    <p class='ocr_par' dir='ltr' id='par_1_59' title="bbox 2248 3062 3844 3144">
     <span class='ocr_line' id='line_1_59' title="bbox 2248 3062 3844 3144; baseline 0.002 -20"><span class='ocrx_word' id='word_1_431' title='bbox 2248 3067 2407 3124; x_wconf 80' lang='grc' dir='ltr'>αὓτοῦ</span> <span class='ocrx_word' id='word_1_432' title='bbox 2482 3068 2687 3142; x_wconf 81' lang='grc' dir='ltr'>ἐσμεν;</span> <span class='ocrx_word' id='word_1_433' title='bbox 2766 3063 3159 3144; x_wconf 84' lang='grc' dir='ltr'>Ἐντρεπτικῶς</span> <span class='ocrx_word' id='word_1_434' title='bbox 3217 3069 3370 3124; x_wconf 79' lang='grc' dir='ltr'>τοῦτο</span> <span class='ocrx_word' id='word_1_435' title='bbox 3447 3064 3701 3127; x_wconf 88' lang='grc' dir='ltr'>τέθεικεν.</span> <span class='ocrx_word' id='word_1_436' title='bbox 3761 3062 3844 3126; x_wconf 60' lang='grc' dir='ltr'><strong>*Η</strong></span> 
     </span>
    </p>
   </div>
   <div class='ocr_carea' id='block_1_60' title="bbox 542 3151 2139 3236">
    <p class='ocr_par' dir='ltr' id='par_1_60' title="bbox 542 3157 2136 3236">
     <span class='ocr_line' id='line_1_60' title="bbox 542 3157 2136 3236; baseline 0.005 -24"><span class='ocrx_word' id='word_1_437' title='bbox 542 3157 726 3229; x_wconf 90' lang='lat' dir='ltr'><strong>posuit</strong></span> <span class='ocrx_word' id='word_1_438' title='bbox 749 3176 763 3214; x_wconf 90' lang='lat'><strong>:</strong></span> <span class='ocrx_word' id='word_1_439' title='bbox 789 3160 936 3214; x_wconf 89' lang='lat' dir='ltr'><strong>Num</strong></span> <span class='ocrx_word' id='word_1_440' title='bbox 957 3166 1262 3228; x_wconf 90' lang='lat' dir='ltr'><strong>tentamus,</strong></span> <span class='ocrx_word' id='word_1_441' title='bbox 1279 3159 1480 3232; x_wconf 87' lang='lat' dir='ltr'><strong>inquit,</strong></span> <span class='ocrx_word' id='word_1_442' title='bbox 1511 3170 1567 3216; x_wconf 91' lang='lat' dir='ltr'><strong>et</strong></span> <span class='ocrx_word' id='word_1_443' title='bbox 1591 3161 1911 3219; x_wconf 90' lang='lat' dir='ltr'><strong>lacessimus</strong></span> <span class='ocrx_word' id='word_1_444' title='bbox 1937 3165 2136 3236; x_wconf 91' lang='lat' dir='ltr'><strong>Deum,</strong></span> 
     </span>
    </p>
   </div>
   <div class='ocr_carea' id='block_1_61' title="bbox 2245 3151 3849 3236">
    <p class='ocr_par' dir='ltr' id='par_1_61' title="bbox 2256 3151 3849 3236">
     <span class='ocr_line' id='line_1_61' title="bbox 2256 3151 3849 3236; baseline -0.001 -23"><span class='ocrx_word' id='word_1_445' title='bbox 2256 3154 2607 3236; x_wconf 87' lang='grc' dir='ltr'>πειράζομεν,</span> <span class='ocrx_word' id='word_1_446' title='bbox 2661 3153 2823 3232; x_wconf 75' lang='grc' dir='ltr'>φησὶ,</span> <span class='ocrx_word' id='word_1_447' title='bbox 2870 3151 2962 3212; x_wconf 76' lang='grc' dir='ltr'>καὶ</span> <span class='ocrx_word' id='word_1_448' title='bbox 3008 3153 3405 3232; x_wconf 87' lang='grc' dir='ltr'>παρακνίζομεν</span> <span class='ocrx_word' id='word_1_449' title='bbox 3445 3153 3534 3213; x_wconf 82' lang='grc' dir='ltr'><strong>τὸν</strong></span> <span class='ocrx_word' id='word_1_450' title='bbox 3575 3154 3748 3228; x_wconf 81' lang='grc' dir='ltr'>Θεὸν,</span> <span class='ocrx_word' id='word_1_451' title='bbox 3801 3159 3849 3214; x_wconf 82' lang='grc' dir='ltr'><strong>εἰ</strong></span> 
     </span>
    </p>
   </div>
   <div class='ocr_carea' id='block_1_62' title="bbox 541 3247 2140 3323">
    <p class='ocr_par' dir='ltr' id='par_1_62' title="bbox 541 3247 2140 3323">
     <span class='ocr_line' id='line_1_62' title="bbox 541 3247 2140 3323; baseline 0.006 -20"><span class='ocrx_word' id='word_1_452' title='bbox 541 3255 733 3304; x_wconf 90' lang='lat' dir='ltr'><strong>utrum</strong></span> <span class='ocrx_word' id='word_1_453' title='bbox 763 3247 959 3320; x_wconf 91' lang='lat' dir='ltr'><strong>punire</strong></span> <span class='ocrx_word' id='word_1_454' title='bbox 989 3265 1094 3305; x_wconf 90' lang='lat' dir='ltr'><strong>nos</strong></span> <span class='ocrx_word' id='word_1_455' title='bbox 1125 3249 1319 3320; x_wconf 91' lang='lat' dir='ltr'><strong>possit,</strong></span> <span class='ocrx_word' id='word_1_456' title='bbox 1342 3248 1414 3306; x_wconf 92' lang='lat' dir='ltr'><strong>ad</strong></span> <span class='ocrx_word' id='word_1_457' title='bbox 1429 3249 1613 3307; x_wconf 90' lang='lat' dir='ltr'><strong>hostes</strong></span> <span class='ocrx_word' id='word_1_458' title='bbox 1643 3252 1760 3323; x_wconf 90' lang='lat' dir='ltr'><strong>ejus</strong></span> <span class='ocrx_word' id='word_1_459' title='bbox 1778 3253 2094 3312; x_wconf 90' lang='lat' dir='ltr'><strong>secedentes</strong></span> <span class='ocrx_word' id='word_1_460' title='bbox 2113 3256 2140 3311; x_wconf 87' lang='lat'><strong>?</strong></span> 
     </span>
    </p>
   </div>
   <div class='ocr_carea' id='block_1_63' title="bbox 544 3335 2141 3412">
    <p class='ocr_par' dir='ltr' id='par_1_63' title="bbox 544 3335 2141 3412">
     <span class='ocr_line' id='line_1_63' title="bbox 544 3335 2141 3412; baseline 0.006 -21"><span class='ocrx_word' id='word_1_461' title='bbox 544 3335 754 3393; x_wconf 88' lang='lat' dir='ltr'><strong>Deinde</strong></span> <span class='ocrx_word' id='word_1_462' title='bbox 782 3337 852 3393; x_wconf 91' lang='lat' dir='ltr'><strong>ad</strong></span> <span class='ocrx_word' id='word_1_463' title='bbox 880 3338 1183 3394; x_wconf 89' lang='lat' dir='ltr'><strong>absurdum</strong></span> <span class='ocrx_word' id='word_1_464' title='bbox 1210 3338 1514 3410; x_wconf 91' lang='lat' dir='ltr'><strong>perducens</strong></span> <span class='ocrx_word' id='word_1_465' title='bbox 1543 3341 1876 3412; x_wconf 88' lang='lat' dir='ltr'><strong>orationem,</strong></span> <span class='ocrx_word' id='word_1_466' title='bbox 1911 3366 1934 3392; x_wconf 79' lang='grc' dir='ltr'><strong>α</strong></span> <span class='ocrx_word' id='word_1_467' title='bbox 1960 3347 2141 3401; x_wconf 88' lang='lat' dir='ltr'><strong>Num-</strong></span> 
     </span>
    </p>
   </div>
   <div class='ocr_carea' id='block_1_64' title="bbox 540 3425 2136 3501">
    <p class='ocr_par' dir='ltr' id='par_1_64' title="bbox 540 3425 2136 3501">
     <span class='ocr_line' id='line_1_64' title="bbox 540 3425 2136 3501; baseline 0.006 -21"><span class='ocrx_word' id='word_1_468' title='bbox 540 3425 677 3498; x_wconf 89' lang='lat' dir='ltr'><strong>quid</strong></span> <span class='ocrx_word' id='word_1_469' title='bbox 707 3425 987 3496; x_wconf 83' lang='lat' dir='ltr'><strong>fortiores,</strong></span> <span class='ocrx_word' id='word_1_470' title='bbox 1024 3451 1050 3477; x_wconf 83' lang='lat'><strong>»</strong></span> <span class='ocrx_word' id='word_1_471' title='bbox 1083 3428 1283 3500; x_wconf 90' lang='lat' dir='ltr'><strong>inquit,</strong></span> <span class='ocrx_word' id='word_1_472' title='bbox 1310 3451 1335 3478; x_wconf 75' lang='grc' dir='ltr'><strong>α</strong></span> <span class='ocrx_word' id='word_1_473' title='bbox 1390 3429 1509 3501; x_wconf 89' lang='lat' dir='ltr'><strong>ipso</strong></span> <span class='ocrx_word' id='word_1_474' title='bbox 1552 3435 1787 3488; x_wconf 83' lang='lat' dir='ltr'><strong>sumus?</strong></span> <span class='ocrx_word' id='word_1_475' title='bbox 1843 3455 1870 3481; x_wconf 74' lang='grc' dir='ltr'><strong>ν</strong></span> <span class='ocrx_word' id='word_1_476' title='bbox 1921 3432 2136 3490; x_wconf 86' lang='lat' dir='ltr'><strong>dictum</strong></span> 
     </span>
    </p>
   </div>
   <div class='ocr_carea' id='block_1_65' title="bbox 539 3513 2136 3580">
    <p class='ocr_par' dir='ltr' id='par_1_65' title="bbox 539 3513 2136 3580">
     <span class='ocr_line' id='line_1_65' title="bbox 539 3513 2136 3580; baseline 0.006 -10"><span class='ocrx_word' id='word_1_477' title='bbox 539 3513 673 3572; x_wconf 92' lang='lat' dir='ltr'><strong>illud</strong></span> <span class='ocrx_word' id='word_1_478' title='bbox 710 3517 1018 3574; x_wconf 89' lang='lat' dir='ltr'><strong>Mosaicum</strong></span> <span class='ocrx_word' id='word_1_479' title='bbox 1051 3517 1207 3575; x_wconf 92' lang='lat' dir='ltr'><strong>valde</strong></span> <span class='ocrx_word' id='word_1_480' title='bbox 1237 3521 1435 3576; x_wconf 89' lang='lat' dir='ltr'><strong>acriter</strong></span> <span class='ocrx_word' id='word_1_481' title='bbox 1458 3520 1529 3576; x_wconf 90' lang='lat' dir='ltr'><strong>iis</strong></span> <span class='ocrx_word' id='word_1_482' title='bbox 1577 3520 1634 3576; x_wconf 90' lang='lat' dir='ltr'><strong>in</strong></span> <span class='ocrx_word' id='word_1_483' title='bbox 1680 3522 2008 3578; x_wconf 91' lang='lat' dir='ltr'><strong>memoriam</strong></span> <span class='ocrx_word' id='word_1_484' title='bbox 2041 3539 2136 3580; x_wconf 91' lang='lat' dir='ltr'><strong>re-</strong></span> 
     </span>
    </p>
   </div>
   <div class='ocr_carea' id='block_1_66' title="bbox 538 3608 2133 3670">
    <p class='ocr_par' dir='ltr' id='par_1_66' title="bbox 538 3608 2133 3670">
     <span class='ocr_line' id='line_1_66' title="bbox 538 3608 2133 3670; baseline 0.006 -11"><span class='ocrx_word' id='word_1_485' title='bbox 538 3618 741 3660; x_wconf 81' lang='lat' dir='ltr'><strong>vocans</strong></span> <span class='ocrx_word' id='word_1_486' title='bbox 774 3623 788 3660; x_wconf 90' lang='lat'><strong>:</strong></span> <span class='ocrx_word' id='word_1_487' title='bbox 841 3628 867 3654; x_wconf 70' lang='grc' dir='ltr'><strong>α</strong></span> <span class='ocrx_word' id='word_1_488' title='bbox 913 3608 1301 3664; x_wconf 85' lang='lat' dir='ltr'><strong>Provocarunt</strong></span> <span class='ocrx_word' id='word_1_489' title='bbox 1328 3623 1419 3664; x_wconf 92' lang='lat' dir='ltr'><strong>me</strong></span> <span class='ocrx_word' id='word_1_490' title='bbox 1449 3608 1508 3664; x_wconf 91' lang='lat' dir='ltr'><strong>in</strong></span> <span class='ocrx_word' id='word_1_491' title='bbox 1549 3624 1664 3665; x_wconf 93' lang='lat' dir='ltr'><strong>non</strong></span> <span class='ocrx_word' id='word_1_492' title='bbox 1700 3613 1821 3667; x_wconf 91' lang='lat' dir='ltr'><strong>Deo</strong></span> <span class='ocrx_word' id='word_1_493' title='bbox 1879 3631 1891 3667; x_wconf 92' lang='lat'>:</span> <span class='ocrx_word' id='word_1_494' title='bbox 1923 3611 1995 3668; x_wconf 88' lang='lat' dir='ltr'><strong>ad</strong></span> <span class='ocrx_word' id='word_1_495' title='bbox 2021 3613 2133 3670; x_wconf 90' lang='lat' dir='ltr'><strong>ira-</strong></span> 
     </span>
    </p>
   </div>
   <div class='ocr_carea' id='block_1_67' title="bbox 537 3693 1953 3758">
    <p class='ocr_par' dir='ltr' id='par_1_67' title="bbox 537 3693 1953 3758">
     <span class='ocr_line' id='line_1_67' title="bbox 537 3693 1953 3758; baseline 0.007 -10"><span class='ocrx_word' id='word_1_496' title='bbox 537 3693 798 3750; x_wconf 91' lang='lat' dir='ltr'><strong>cundiam</strong></span> <span class='ocrx_word' id='word_1_497' title='bbox 846 3710 939 3751; x_wconf 90' lang='lat' dir='ltr'><strong>me</strong></span> <span class='ocrx_word' id='word_1_498' title='bbox 975 3698 1400 3754; x_wconf 88' lang='lat' dir='ltr'><strong>concitaverunt</strong></span> <span class='ocrx_word' id='word_1_499' title='bbox 1428 3697 1485 3753; x_wconf 92' lang='lat' dir='ltr'><strong>in</strong></span> <span class='ocrx_word' id='word_1_500' title='bbox 1520 3698 1682 3756; x_wconf 90' lang='lat' dir='ltr'><strong>idolis</strong></span> <span class='ocrx_word' id='word_1_501' title='bbox 1706 3694 1891 3758; x_wconf 81' lang='lat' dir='ltr'><strong>suis“.</strong></span> <span class='ocrx_word' id='word_1_502' title='bbox 1926 3723 1953 3751; x_wconf 68' lang='grc' dir='ltr'><strong>ν</strong></span> 
     </span>
    </p>
   </div>
   <div class='ocr_carea' id='block_1_68' title="bbox 610 3785 2133 3859">
    <p class='ocr_par' dir='ltr' id='par_1_68' title="bbox 610 3785 2133 3859">
     <span class='ocr_line' id='line_1_68' title="bbox 610 3785 2133 3859; baseline 0.006 -20"><span class='ocrx_word' id='word_1_503' title='bbox 610 3785 787 3841; x_wconf 75' lang='lat' dir='ltr'><strong>VBRS.</strong></span> <span class='ocrx_word' id='word_1_504' title='bbox 833 3791 921 3840; x_wconf 87' lang='lat'><strong>23.</strong></span> <span class='ocrx_word' id='word_1_505' title='bbox 957 3809 982 3835; x_wconf 80' lang='grc' dir='ltr'><strong>α</strong></span> <span class='ocrx_word' id='word_1_506' title='bbox 1036 3787 1240 3843; x_wconf 87' lang='lat' dir='ltr'><strong>Omnia</strong></span> <span class='ocrx_word' id='word_1_507' title='bbox 1268 3787 1409 3843; x_wconf 91' lang='lat' dir='ltr'><strong>mihi</strong></span> <span class='ocrx_word' id='word_1_508' title='bbox 1461 3788 1644 3859; x_wconf 87' lang='lat' dir='ltr'><strong>licent,</strong></span> <span class='ocrx_word' id='word_1_509' title='bbox 1679 3789 1775 3845; x_wconf 91' lang='lat' dir='ltr'><strong>sed</strong></span> <span class='ocrx_word' id='word_1_510' title='bbox 1803 3806 1917 3846; x_wconf 93' lang='lat' dir='ltr'><strong>non</strong></span> <span class='ocrx_word' id='word_1_511' title='bbox 1945 3793 2133 3848; x_wconf 90' lang='lat' dir='ltr'><strong>omnia</strong></span> 
     </span>
    </p>
   </div>
   <div class='ocr_carea' id='block_1_69' title="bbox 534 3871 2133 3951">
    <p class='ocr_par' dir='ltr' id='par_1_69' title="bbox 534 3871 2133 3951">
     <span class='ocr_line' id='line_1_69' title="bbox 534 3871 2133 3951; baseline 0.007 -23"><span class='ocrx_word' id='word_1_512' title='bbox 534 3871 852 3943; x_wconf 88' lang='lat' dir='ltr'><strong>expediunt.</strong></span> <span class='ocrx_word' id='word_1_513' title='bbox 903 3898 928 3924; x_wconf 74' lang='grc' dir='ltr'><strong>ιι</strong></span> <span class='ocrx_word' id='word_1_514' title='bbox 978 3877 1059 3932; x_wconf 91' lang='lat' dir='ltr'><strong>Ne</strong></span> <span class='ocrx_word' id='word_1_515' title='bbox 1087 3876 1209 3948; x_wconf 91' lang='lat' dir='ltr'><strong>quis</strong></span> <span class='ocrx_word' id='word_1_516' title='bbox 1260 3877 1332 3932; x_wconf 91' lang='lat' dir='ltr'><strong>illi</strong></span> <span class='ocrx_word' id='word_1_517' title='bbox 1357 3877 1624 3949; x_wconf 87' lang='lat' dir='ltr'><strong>objiciat:</strong></span> <span class='ocrx_word' id='word_1_518' title='bbox 1674 3879 1968 3951; x_wconf 88' lang='lat' dir='ltr'><strong>Tantisper</strong></span> <span class='ocrx_word' id='word_1_519' title='bbox 1996 3881 2133 3939; x_wconf 90' lang='lat' dir='ltr'><strong>dum</strong></span> 
     </span>
    </p>
   </div>
   <div class='ocr_carea' id='block_1_70' title="bbox 535 3965 2132 4037">
    <p class='ocr_par' dir='ltr' id='par_1_70' title="bbox 535 3965 2132 4037">
     <span class='ocr_line' id='line_1_70' title="bbox 535 3965 2132 4037; baseline 0.007 -20"><span class='ocrx_word' id='word_1_520' title='bbox 535 3976 676 4032; x_wconf 91' lang='lat' dir='ltr'><strong>pura</strong></span> <span class='ocrx_word' id='word_1_521' title='bbox 706 3978 836 4018; x_wconf 92' lang='lat' dir='ltr'><strong>cum</strong></span> <span class='ocrx_word' id='word_1_522' title='bbox 878 3965 1220 4021; x_wconf 88' lang='lat' dir='ltr'><strong>conscientia</strong></span> <span class='ocrx_word' id='word_1_523' title='bbox 1250 3965 1685 4037; x_wconf 89' lang='lat' dir='ltr'><strong>manducavero,</strong></span> <span class='ocrx_word' id='word_1_524' title='bbox 1719 3968 1869 4024; x_wconf 91' lang='lat' dir='ltr'><strong>istud</strong></span> <span class='ocrx_word' id='word_1_525' title='bbox 1900 3967 2132 4028; x_wconf 86' lang='lat' dir='ltr'><strong>faciendi</strong></span> 
     </span>
    </p>
   </div>
   <div class='ocr_carea' id='block_1_71' title="bbox 537 4052 2130 4130">
    <p class='ocr_par' dir='ltr' id='par_1_71' title="bbox 537 4052 2130 4130">
     <span class='ocr_line' id='line_1_71' title="bbox 537 4052 2130 4130; baseline 0.009 -26"><span class='ocrx_word' id='word_1_526' title='bbox 537 4058 870 4120; x_wconf 86' lang='lat' dir='ltr'><strong>potestatem</strong></span> <span class='ocrx_word' id='word_1_527' title='bbox 900 4052 1075 4110; x_wconf 89' lang='lat' dir='ltr'><strong>habeo</strong></span> <span class='ocrx_word' id='word_1_528' title='bbox 1106 4056 1336 4124; x_wconf 89' lang='lat' dir='ltr'><strong>:Certe,</strong></span> <span class='ocrx_word' id='word_1_529' title='bbox 1367 4055 1565 4128; x_wconf 90' lang='lat' dir='ltr'><strong>inquit,</strong></span> <span class='ocrx_word' id='word_1_530' title='bbox 1598 4057 1782 4113; x_wconf 89' lang='lat' dir='ltr'><strong>omnia</strong></span> <span class='ocrx_word' id='word_1_531' title='bbox 1817 4058 1921 4114; x_wconf 89' lang='lat' dir='ltr'><strong>tibi</strong></span> <span class='ocrx_word' id='word_1_532' title='bbox 1947 4059 2130 4130; x_wconf 93' lang='lat' dir='ltr'><strong>licent,</strong></span> 
     </span>
    </p>
   </div>
   <div class='ocr_carea' id='block_1_72' title="bbox 539 4139 2131 4214">
    <p class='ocr_par' dir='ltr' id='par_1_72' title="bbox 539 4139 2131 4214">
     <span class='ocr_line' id='line_1_72' title="bbox 539 4139 2131 4214; baseline 0.009 -21"><span class='ocrx_word' id='word_1_533' title='bbox 539 4139 990 4212; x_wconf 88' lang='lat' dir='ltr'><strong>quandoquidem</strong></span> <span class='ocrx_word' id='word_1_534' title='bbox 1020 4143 1226 4214; x_wconf 89' lang='lat' dir='ltr'><strong>proprii</strong></span> <span class='ocrx_word' id='word_1_535' title='bbox 1253 4145 1464 4201; x_wconf 91' lang='lat' dir='ltr'><strong>arbitrii</strong></span> <span class='ocrx_word' id='word_1_536' title='bbox 1503 4145 1768 4203; x_wconf 91' lang='lat' dir='ltr'><strong>dominus</strong></span> <span class='ocrx_word' id='word_1_537' title='bbox 1796 4161 1828 4203; x_wconf 89' lang='lat' dir='ltr'><strong>a</strong></span> <span class='ocrx_word' id='word_1_538' title='bbox 1853 4151 1971 4205; x_wconf 92' lang='lat' dir='ltr'><strong>Deo</strong></span> <span class='ocrx_word' id='word_1_539' title='bbox 1999 4167 2131 4206; x_wconf 87' lang='lat' dir='ltr'><strong>con-</strong></span> 
     </span>
    </p>
   </div>
   <div class='ocr_carea' id='block_1_73' title="bbox 535 4225 2132 4304">
    <p class='ocr_par' dir='ltr' id='par_1_73' title="bbox 535 4225 2132 4304">
     <span class='ocr_line' id='line_1_73' title="bbox 535 4225 2132 4304; baseline 0.009 -24"><span class='ocrx_word' id='word_1_540' title='bbox 535 4225 686 4283; x_wconf 89' lang='lat' dir='ltr'><strong>ditus</strong></span> <span class='ocrx_word' id='word_1_541' title='bbox 733 4243 792 4284; x_wconf 92' lang='lat' dir='ltr'><strong>es</strong></span> <span class='ocrx_word' id='word_1_542' title='bbox 825 4245 1051 4286; x_wconf 88' lang='lat' dir='ltr'><strong>:verum</strong></span> <span class='ocrx_word' id='word_1_543' title='bbox 1102 4231 1208 4288; x_wconf 91' lang='lat' dir='ltr'><strong>hoc</strong></span> <span class='ocrx_word' id='word_1_544' title='bbox 1235 4232 1415 4304; x_wconf 89' lang='lat' dir='ltr'><strong>ipsum</strong></span> <span class='ocrx_word' id='word_1_545' title='bbox 1447 4243 1510 4290; x_wconf 95' lang='lat' dir='ltr'><strong>ut</strong></span> <span class='ocrx_word' id='word_1_546' title='bbox 1555 4233 1710 4304; x_wconf 89' lang='lat' dir='ltr'><strong>edas,</strong></span> <span class='ocrx_word' id='word_1_547' title='bbox 1741 4252 1857 4292; x_wconf 91' lang='lat' dir='ltr'><strong>non</strong></span> <span class='ocrx_word' id='word_1_548' title='bbox 1904 4240 2132 4296; x_wconf 89' lang='lat' dir='ltr'><strong>omnino</strong></span> 
     </span>
    </p>
   </div>
   <div class='ocr_carea' id='block_1_74' title="bbox 535 4314 2130 4399">
    <p class='ocr_par' dir='ltr' id='par_1_74' title="bbox 535 4314 2130 4399">
     <span class='ocr_line' id='line_1_74' title="bbox 535 4314 2130 4399; baseline 0.011 -31"><span class='ocrx_word' id='word_1_549' title='bbox 535 4314 638 4370; x_wconf 91' lang='lat' dir='ltr'><strong>tibi</strong></span> <span class='ocrx_word' id='word_1_550' title='bbox 661 4317 899 4388; x_wconf 88' lang='lat' dir='ltr'><strong>expedit.</strong></span> <span class='ocrx_word' id='word_1_551' title='bbox 953 4319 1134 4376; x_wconf 91' lang='lat' dir='ltr'><strong>Isthac</strong></span> <span class='ocrx_word' id='word_1_552' title='bbox 1158 4321 1305 4377; x_wconf 89' lang='lat' dir='ltr'><strong>enim</strong></span> <span class='ocrx_word' id='word_1_553' title='bbox 1329 4324 1710 4395; x_wconf 87' lang='lat' dir='ltr'><strong>progrediens,</strong></span> <span class='ocrx_word' id='word_1_554' title='bbox 1750 4325 1806 4380; x_wconf 93' lang='lat' dir='ltr'><strong>in</strong></span> <span class='ocrx_word' id='word_1_555' title='bbox 1834 4325 1976 4382; x_wconf 91' lang='lat' dir='ltr'><strong>idola</strong></span> <span class='ocrx_word' id='word_1_556' title='bbox 2008 4343 2130 4399; x_wconf 90' lang='lat' dir='ltr'><strong>pro-</strong></span> 
     </span>
    </p>
   </div>
   <div class='ocr_carea' id='block_1_75' title="bbox 537 4402 2127 4487">
    <p class='ocr_par' dir='ltr' id='par_1_75' title="bbox 537 4402 2127 4487">
     <span class='ocr_line' id='line_1_75' title="bbox 537 4402 2127 4487; baseline 0.009 -28"><span class='ocrx_word' id='word_1_557' title='bbox 537 4402 825 4476; x_wconf 89' lang='lat' dir='ltr'><strong>pendebis,</strong></span> <span class='ocrx_word' id='word_1_558' title='bbox 858 4407 1108 4480; x_wconf 90' lang='lat' dir='ltr'><strong>ipsorum</strong></span> <span class='ocrx_word' id='word_1_559' title='bbox 1138 4425 1357 4468; x_wconf 90' lang='lat' dir='ltr'><strong>mensas</strong></span> <span class='ocrx_word' id='word_1_560' title='bbox 1380 4411 1703 4484; x_wconf 84' lang='lat' dir='ltr'><strong>frequenter</strong></span> <span class='ocrx_word' id='word_1_561' title='bbox 1729 4415 2127 4487; x_wconf 89' lang='lat' dir='ltr'><strong>participando.</strong></span> 
     </span>
    </p>
   </div>
   <div class='ocr_carea' id='block_1_76' title="bbox 623 4495 2210 4581">
    <p class='ocr_par' dir='ltr' id='par_1_76' title="bbox 623 4495 2210 4581">
     <span class='ocr_line' id='line_1_76' title="bbox 623 4495 2210 4581; baseline 0.01 -32"><span class='ocrx_word' id='word_1_562' title='bbox 623 4517 648 4543; x_wconf 74' lang='grc' dir='ltr'><strong>α</strong></span> <span class='ocrx_word' id='word_1_563' title='bbox 681 4495 884 4554; x_wconf 90' lang='lat' dir='ltr'><strong>Omnia</strong></span> <span class='ocrx_word' id='word_1_564' title='bbox 910 4498 1046 4554; x_wconf 93' lang='lat' dir='ltr'><strong>mihi</strong></span> <span class='ocrx_word' id='word_1_565' title='bbox 1075 4501 1260 4568; x_wconf 90' lang='lat' dir='ltr'><strong>licent,</strong></span> <span class='ocrx_word' id='word_1_566' title='bbox 1303 4509 1359 4556; x_wconf 90' lang='lat' dir='ltr'><strong>at</strong></span> <span class='ocrx_word' id='word_1_567' title='bbox 1405 4517 1518 4558; x_wconf 90' lang='lat' dir='ltr'><strong>non</strong></span> <span class='ocrx_word' id='word_1_568' title='bbox 1553 4503 1739 4559; x_wconf 83' lang='lat' dir='ltr'><strong>omnia</strong></span> <span class='ocrx_word' id='word_1_569' title='bbox 1771 4503 2068 4564; x_wconf 61' lang='lat' dir='ltr'><strong>aediﬁcant.</strong></span> <span class='ocrx_word' id='word_1_570' title='bbox 2098 4530 2125 4557; x_wconf 78' lang='grc' dir='ltr'>ι»</span> <span class='ocrx_word' id='word_1_571' title='bbox 2159 4518 2210 4581; x_wconf 85' lang='lat' dir='ltr'><strong>D</strong></span> 
     </span>
    </p>
   </div>
   <div class='ocr_carea' id='block_1_77' title="bbox 531 4590 2135 4667">
    <p class='ocr_par' dir='ltr' id='par_1_77' title="bbox 531 4590 2135 4667">
     <span class='ocr_line' id='line_1_77' title="bbox 531 4590 2135 4667; baseline 0.003 -18"><span class='ocrx_word' id='word_1_572' title='bbox 531 4595 721 4663; x_wconf 87' lang='lat' dir='ltr'><strong>Neque</strong></span> <span class='ocrx_word' id='word_1_573' title='bbox 767 4590 866 4646; x_wconf 82' lang='lat' dir='ltr'><strong>tibi</strong></span> <span class='ocrx_word' id='word_1_574' title='bbox 903 4590 1146 4662; x_wconf 90' lang='lat' dir='ltr'><strong>prodest,</strong></span> <span class='ocrx_word' id='word_1_575' title='bbox 1198 4590 1395 4662; x_wconf 90' lang='lat' dir='ltr'><strong>inquit,</strong></span> <span class='ocrx_word' id='word_1_576' title='bbox 1426 4591 1566 4648; x_wconf 90' lang='lat' dir='ltr'><strong>sicut</strong></span> <span class='ocrx_word' id='word_1_577' title='bbox 1597 4601 1654 4648; x_wconf 91' lang='lat' dir='ltr'><strong>et</strong></span> <span class='ocrx_word' id='word_1_578' title='bbox 1689 4602 1848 4651; x_wconf 91' lang='lat' dir='ltr'><strong>antea</strong></span> <span class='ocrx_word' id='word_1_579' title='bbox 1871 4595 2002 4667; x_wconf 90' lang='lat' dir='ltr'><strong>dixi,</strong></span> <span class='ocrx_word' id='word_1_580' title='bbox 2045 4614 2135 4655; x_wconf 91' lang='lat' dir='ltr'><strong>ne-</strong></span> 
     </span>
    </p>
   </div>
   <div class='ocr_carea' id='block_1_78' title="bbox 533 4679 2136 4760">
    <p class='ocr_par' dir='ltr' id='par_1_78' title="bbox 533 4679 2136 4760">
     <span class='ocr_line' id='line_1_78' title="bbox 533 4679 2136 4760; baseline 0.003 -23"><span class='ocrx_word' id='word_1_581' title='bbox 533 4696 640 4754; x_wconf 94' lang='lat' dir='ltr'><strong>que</strong></span> <span class='ocrx_word' id='word_1_582' title='bbox 671 4679 828 4736; x_wconf 88' lang='lat' dir='ltr'><strong>fratri</strong></span> <span class='ocrx_word' id='word_1_583' title='bbox 865 4687 961 4736; x_wconf 93' lang='lat' dir='ltr'><strong>tuo</strong></span> <span class='ocrx_word' id='word_1_584' title='bbox 995 4701 1006 4736; x_wconf 93' lang='lat'>:</span> <span class='ocrx_word' id='word_1_585' title='bbox 1037 4680 1223 4752; x_wconf 91' lang='lat' dir='ltr'><strong>ipsum</strong></span> <span class='ocrx_word' id='word_1_586' title='bbox 1249 4681 1399 4736; x_wconf 91' lang='lat' dir='ltr'><strong>enim</strong></span> <span class='ocrx_word' id='word_1_587' title='bbox 1443 4697 1557 4737; x_wconf 91' lang='lat' dir='ltr'><strong>non</strong></span> <span class='ocrx_word' id='word_1_588' title='bbox 1596 4682 1852 4753; x_wconf 72' lang='lat' dir='ltr'><strong>aediﬁcat,</strong></span> <span class='ocrx_word' id='word_1_589' title='bbox 1883 4688 2018 4757; x_wconf 88' lang='lat' dir='ltr'><strong>quin</strong></span> <span class='ocrx_word' id='word_1_590' title='bbox 2040 4705 2136 4760; x_wconf 87' lang='lat' dir='ltr'><strong>po-</strong></span> 
     </span>
    </p>
   </div>
   <div class='ocr_carea' id='block_1_79' title="bbox 534 4768 2135 4850">
    <p class='ocr_par' dir='ltr' id='par_1_79' title="bbox 534 4768 2135 4850">
     <span class='ocr_line' id='line_1_79' title="bbox 534 4768 2135 4850; baseline 0.006 -25"><span class='ocrx_word' id='word_1_591' title='bbox 534 4770 646 4825; x_wconf 91' lang='lat' dir='ltr'><strong>tius</strong></span> <span class='ocrx_word' id='word_1_592' title='bbox 695 4768 930 4825; x_wconf 90' lang='lat' dir='ltr'><strong>destruit</strong></span> <span class='ocrx_word' id='word_1_593' title='bbox 977 4785 1040 4824; x_wconf 89' lang='lat' dir='ltr'><strong>ac</strong></span> <span class='ocrx_word' id='word_1_594' title='bbox 1087 4769 1282 4824; x_wconf 82' lang='lat' dir='ltr'><strong>evertit</strong></span> <span class='ocrx_word' id='word_1_595' title='bbox 1304 4770 1476 4842; x_wconf 90' lang='lat' dir='ltr'><strong>ipsius</strong></span> <span class='ocrx_word' id='word_1_596' title='bbox 1522 4771 1711 4828; x_wconf 85' lang='lat' dir='ltr'><strong>ﬁdem.</strong></span> <span class='ocrx_word' id='word_1_597' title='bbox 1765 4774 1904 4830; x_wconf 92' lang='lat' dir='ltr'><strong>Cum</strong></span> <span class='ocrx_word' id='word_1_598' title='bbox 1953 4777 2135 4850; x_wconf 90' lang='lat' dir='ltr'><strong>itaque</strong></span> 
     </span>
    </p>
   </div>
   <div class='ocr_carea' id='block_1_80' title="bbox 536 4857 2134 4935">
    <p class='ocr_par' dir='ltr' id='par_1_80' title="bbox 536 4857 2134 4935">
     <span class='ocr_line' id='line_1_80' title="bbox 536 4857 2134 4935; baseline 0.004 -21"><span class='ocrx_word' id='word_1_599' title='bbox 536 4872 714 4929; x_wconf 89' lang='lat' dir='ltr'><strong>neque</strong></span> <span class='ocrx_word' id='word_1_600' title='bbox 736 4865 810 4928; x_wconf 87' lang='lat' dir='ltr'><strong>te,</strong></span> <span class='ocrx_word' id='word_1_601' title='bbox 845 4873 1021 4929; x_wconf 90' lang='lat' dir='ltr'><strong>neque</strong></span> <span class='ocrx_word' id='word_1_602' title='bbox 1050 4857 1283 4916; x_wconf 88' lang='lat' dir='ltr'><strong>fratrem</strong></span> <span class='ocrx_word' id='word_1_603' title='bbox 1333 4859 1576 4932; x_wconf 87' lang='lat' dir='ltr'><strong>adjuvet,</strong></span> <span class='ocrx_word' id='word_1_604' title='bbox 1631 4861 1762 4935; x_wconf 93' lang='lat' dir='ltr'><strong>quid</strong></span> <span class='ocrx_word' id='word_1_605' title='bbox 1813 4863 1918 4922; x_wconf 90' lang='lat' dir='ltr'><strong>hoc</strong></span> <span class='ocrx_word' id='word_1_606' title='bbox 1955 4864 2134 4924; x_wconf 82' lang='lat' dir='ltr'><strong>facis?</strong></span> 
     </span>
    </p>
   </div>
   <div class='ocr_carea' id='block_1_81' title="bbox 604 5041 2131 5115">
    <p class='ocr_par' dir='ltr' id='par_1_81' title="bbox 604 5041 2131 5115">
     <span class='ocr_line' id='line_1_81' title="bbox 604 5041 2131 5115; baseline 0.003 -19"><span class='ocrx_word' id='word_1_607' title='bbox 604 5043 780 5096; x_wconf 77' lang='lat' dir='ltr'><strong>Vsns.</strong></span> <span class='ocrx_word' id='word_1_608' title='bbox 831 5045 919 5095; x_wconf 73' lang='lat'><strong>2-1.</strong></span> <span class='ocrx_word' id='word_1_609' title='bbox 967 5063 992 5089; x_wconf 70' lang='grc' dir='ltr'><strong>α</strong></span> <span class='ocrx_word' id='word_1_610' title='bbox 1038 5042 1217 5096; x_wconf 89' lang='lat' dir='ltr'><strong>Nemo</strong></span> <span class='ocrx_word' id='word_1_611' title='bbox 1258 5041 1408 5114; x_wconf 89' lang='lat' dir='ltr'><strong>quod</strong></span> <span class='ocrx_word' id='word_1_612' title='bbox 1439 5057 1602 5098; x_wconf 92' lang='lat' dir='ltr'><strong>suum</strong></span> <span class='ocrx_word' id='word_1_613' title='bbox 1630 5050 1713 5098; x_wconf 83' lang='lat' dir='ltr'><strong>est</strong></span> <span class='ocrx_word' id='word_1_614' title='bbox 1767 5053 2000 5115; x_wconf 71' lang='lat' dir='ltr'><strong>quaerat,</strong></span> <span class='ocrx_word' id='word_1_615' title='bbox 2034 5042 2131 5100; x_wconf 93' lang='lat' dir='ltr'><strong>sed</strong></span> 
     </span>
    </p>
   </div>
   <div class='ocr_carea' id='block_1_82' title="bbox 532 5129 2128 5204">
    <p class='ocr_par' dir='ltr' id='par_1_82' title="bbox 532 5129 2128 5204">
     <span class='ocr_line' id='line_1_82' title="bbox 532 5129 2128 5204; baseline 0.002 -19"><span class='ocrx_word' id='word_1_616' title='bbox 532 5130 767 5203; x_wconf 88' lang='lat' dir='ltr'><strong>quisque</strong></span> <span class='ocrx_word' id='word_1_617' title='bbox 824 5129 973 5202; x_wconf 92' lang='lat' dir='ltr'><strong>quod</strong></span> <span class='ocrx_word' id='word_1_618' title='bbox 1006 5131 1247 5202; x_wconf 87' lang='lat' dir='ltr'><strong>proximi</strong></span> <span class='ocrx_word' id='word_1_619' title='bbox 1279 5140 1380 5188; x_wconf 91' lang='lat' dir='ltr'><strong>est.</strong></span> <span class='ocrx_word' id='word_1_620' title='bbox 1433 5154 1458 5181; x_wconf 85' lang='lat'><strong>»</strong></span> <span class='ocrx_word' id='word_1_621' title='bbox 1497 5134 1579 5189; x_wconf 89' lang='lat' dir='ltr'><strong>Ne</strong></span> <span class='ocrx_word' id='word_1_622' title='bbox 1619 5147 1836 5204; x_wconf 88' lang='lat' dir='ltr'><strong>quaeras</strong></span> <span class='ocrx_word' id='word_1_623' title='bbox 1880 5149 2020 5190; x_wconf 90' lang='lat' dir='ltr'><strong>num</strong></span> <span class='ocrx_word' id='word_1_624' title='bbox 2066 5143 2128 5190; x_wconf 90' lang='lat' dir='ltr'><strong>tu</strong></span> 
     </span>
    </p>
   </div>
   <div class='ocr_carea' id='block_1_83' title="bbox 603 5223 1218 5298">
    <p class='ocr_par' dir='ltr' id='par_1_83' title="bbox 603 5223 1218 5298">
     <span class='ocr_line' id='line_1_83' title="bbox 603 5223 1218 5298; baseline 0.007 -16"><span class='ocrx_word' id='word_1_625' title='bbox 603 5223 630 5260; x_wconf 63' lang='grc' dir='ltr'><strong>κ</strong></span> <span class='ocrx_word' id='word_1_626' title='bbox 685 5231 852 5285; x_wconf 90' lang='lat' dir='ltr'><strong>Deut.</strong></span> <span class='ocrx_word' id='word_1_627' title='bbox 887 5243 1093 5298; x_wconf 83' lang='lat' dir='ltr'><strong>xxxn,</strong></span> <span class='ocrx_word' id='word_1_628' title='bbox 1124 5235 1218 5286; x_wconf 87' lang='lat'><strong>21.</strong></span> 
     </span>
    </p>
   </div>
   <div class='ocr_carea' id='block_1_84' title="bbox 2257 3241 3848 3324">
    <p class='ocr_par' dir='ltr' id='par_1_84' title="bbox 2257 3241 3848 3324">
     <span class='ocr_line' id='line_1_84' title="bbox 2257 3241 3848 3324; baseline 0 -20"><span class='ocrx_word' id='word_1_629' title='bbox 2257 3244 2478 3304; x_wconf 88' lang='grc' dir='ltr'>δύναται</span> <span class='ocrx_word' id='word_1_630' title='bbox 2498 3243 2726 3324; x_wconf 75' lang='grc' dir='ltr'>κολάσαι</span> <span class='ocrx_word' id='word_1_631' title='bbox 2757 3247 2900 3321; x_wconf 79' lang='grc' dir='ltr'>ἡμᾶς</span> <span class='ocrx_word' id='word_1_632' title='bbox 2921 3243 3065 3324; x_wconf 43' lang='grc' dir='ltr'>,πρὸς</span> <span class='ocrx_word' id='word_1_633' title='bbox 3108 3241 3227 3311; x_wconf 77' lang='grc' dir='ltr'>τοὺς</span> <span class='ocrx_word' id='word_1_634' title='bbox 3266 3241 3487 3323; x_wconf 75' lang='grc' dir='ltr'>ἐχθροὺς</span> <span class='ocrx_word' id='word_1_635' title='bbox 3517 3244 3675 3304; x_wconf 74' lang='grc' dir='ltr'>αὐτοῦ</span> <span class='ocrx_word' id='word_1_636' title='bbox 3706 3245 3848 3304; x_wconf 82' lang='grc' dir='ltr'>ἀπο-</span> 
     </span>
    </p>
   </div>
   <div class='ocr_carea' id='block_1_85' title="bbox 2247 3321 3848 3415">
    <p class='ocr_par' dir='ltr' id='par_1_85' title="bbox 2247 3321 3848 3415">
     <span class='ocr_line' id='line_1_85' title="bbox 2247 3321 3848 3415; baseline 0.001 -23"><span class='ocrx_word' id='word_1_637' title='bbox 2247 3338 2578 3415; x_wconf 70' lang='grc' dir='ltr'>χωροῦνταςς</span> <span class='ocrx_word' id='word_1_638' title='bbox 2647 3321 2783 3392; x_wconf 71' lang='grc' dir='ltr'>Εἶτα</span> <span class='ocrx_word' id='word_1_639' title='bbox 2855 3321 2932 3399; x_wconf 82' lang='grc' dir='ltr'>εἷς</span> <span class='ocrx_word' id='word_1_640' title='bbox 2983 3321 3187 3391; x_wconf 32' lang='grc' dir='ltr'>-ἄτοπον</span> <span class='ocrx_word' id='word_1_641' title='bbox 3239 3321 3462 3411; x_wconf 56' lang='grc' dir='ltr'>ἀποίνων</span> <span class='ocrx_word' id='word_1_642' title='bbox 3517 3334 3606 3391; x_wconf 83' lang='grc' dir='ltr'><strong>τὸν</strong></span> <span class='ocrx_word' id='word_1_643' title='bbox 3655 3332 3848 3412; x_wconf 88' lang='grc' dir='ltr'>λόγον,</span> 
     </span>
    </p>
   </div>
   <div class='ocr_carea' id='block_1_86' title="bbox 2246 3421 3851 3504">
    <p class='ocr_par' dir='ltr' id='par_1_86' title="bbox 2246 3421 3851 3504">
     <span class='ocr_line' id='line_1_86' title="bbox 2246 3421 3851 3504; baseline -0.001 -21"><span class='ocrx_word' id='word_1_644' title='bbox 2246 3422 2413 3504; x_wconf 79' lang='grc' dir='ltr'>φησί’</span> <span class='ocrx_word' id='word_1_645' title='bbox 2446 3450 2468 3476; x_wconf 79' lang='grc' dir='ltr'>ι</span> <span class='ocrx_word' id='word_1_646' title='bbox 2500 3421 2595 3494; x_wconf 82' lang='grc' dir='ltr'><strong>Μὴ</strong></span> <span class='ocrx_word' id='word_1_647' title='bbox 2637 3421 2969 3502; x_wconf 73' lang='grc' dir='ltr'>ἰσχυρότεροι</span> <span class='ocrx_word' id='word_1_648' title='bbox 3017 3423 3180 3481; x_wconf 76' lang='grc' dir='ltr'>αὐτοῦ</span> <span class='ocrx_word' id='word_1_649' title='bbox 3225 3424 3426 3501; x_wconf 82' lang='grc' dir='ltr'>ἐσμεν;</span> <span class='ocrx_word' id='word_1_650' title='bbox 3478 3450 3504 3475; x_wconf 76' lang='grc' dir='ltr'><strong>ν</strong></span> <span class='ocrx_word' id='word_1_651' title='bbox 3536 3422 3851 3502; x_wconf 79' lang='grc' dir='ltr'>ἀναμιμνή-</span> 
     </span>
    </p>
   </div>
   <div class='ocr_carea' id='block_1_87' title="bbox 2246 3511 3851 3593">
    <p class='ocr_par' dir='ltr' id='par_1_87' title="bbox 2246 3511 3851 3593">
     <span class='ocr_line' id='line_1_87' title="bbox 2246 3511 3851 3593; baseline 0 -22"><span class='ocrx_word' id='word_1_652' title='bbox 2246 3536 2387 3574; x_wconf 89' lang='grc' dir='ltr'>σκων</span> <span class='ocrx_word' id='word_1_653' title='bbox 2430 3511 2483 3551; x_wconf 60' lang='grc'><strong>³⁸</strong></span> <span class='ocrx_word' id='word_1_654' title='bbox 2532 3511 2734 3592; x_wconf 89' lang='grc' dir='ltr'>σφόδρα</span> <span class='ocrx_word' id='word_1_655' title='bbox 2785 3513 3090 3584; x_wconf 83' lang='grc' dir='ltr'>πληκτικῷς</span> <span class='ocrx_word' id='word_1_656' title='bbox 3121 3516 3215 3585; x_wconf 78' lang='grc' dir='ltr'><strong>τῆς</strong></span> <span class='ocrx_word' id='word_1_657' title='bbox 3263 3515 3560 3586; x_wconf 81' lang='grc' dir='ltr'>Μωσαϊκῆς</span> <span class='ocrx_word' id='word_1_658' title='bbox 3591 3512 3797 3593; x_wconf 79' lang='grc' dir='ltr'>ῥήσεως</span> <span class='ocrx_word' id='word_1_659' title='bbox 3833 3535 3851 3552; x_wconf 81' lang='grc' dir='ltr'><strong><em>ο</em></strong></span> 
     </span>
    </p>
   </div>
   <div class='ocr_carea' id='block_1_88' title="bbox 2244 3600 3850 3684">
    <p class='ocr_par' dir='ltr' id='par_1_88' title="bbox 2244 3600 3850 3684">
     <span class='ocr_line' id='line_1_88' title="bbox 2244 3600 3850 3684; baseline 0.001 -26"><span class='ocrx_word' id='word_1_660' title='bbox 2244 3631 2268 3658; x_wconf 78' lang='grc' dir='ltr'>(ι</span> <span class='ocrx_word' id='word_1_661' title='bbox 2301 3601 2792 3682; x_wconf 71' lang='grc' dir='ltr'>Παρεζήλωσάνξμε</span> <span class='ocrx_word' id='word_1_662' title='bbox 2818 3603 2905 3661; x_wconf 82' lang='grc' dir='ltr'><strong>ἐπ’</strong></span> <span class='ocrx_word' id='word_1_663' title='bbox 2930 3604 2989 3661; x_wconf 82' lang='grc' dir='ltr'>οὐ</span> <span class='ocrx_word' id='word_1_664' title='bbox 3020 3604 3170 3683; x_wconf 87' lang='grc' dir='ltr'>Θεῷ,</span> <span class='ocrx_word' id='word_1_665' title='bbox 3191 3603 3545 3684; x_wconf 87' lang='grc' dir='ltr'>παρώργισάν</span> <span class='ocrx_word' id='word_1_666' title='bbox 3577 3600 3674 3679; x_wconf 77' lang='grc' dir='ltr'>μὲν</span> <span class='ocrx_word' id='word_1_667' title='bbox 3706 3604 3759 3660; x_wconf 81' lang='grc' dir='ltr'><strong>ἐν</strong></span> <span class='ocrx_word' id='word_1_668' title='bbox 3791 3602 3850 3643; x_wconf 73' lang='grc'><strong>³⁵</strong></span> 
     </span>
    </p>
   </div>
   <div class='ocr_carea' id='block_1_89' title="bbox 2244 3692 2899 3760">
    <p class='ocr_par' dir='ltr' id='par_1_89' title="bbox 2244 3692 2899 3760">
     <span class='ocr_line' id='line_1_89' title="bbox 2244 3692 2899 3760; baseline -0.005 -7"><span class='ocrx_word' id='word_1_669' title='bbox 2244 3694 2352 3760; x_wconf 83' lang='grc' dir='ltr'>τοῖς</span> <span class='ocrx_word' id='word_1_670' title='bbox 2383 3692 2614 3759; x_wconf 79' lang='grc' dir='ltr'>εἰδώλοις</span> <span class='ocrx_word' id='word_1_671' title='bbox 2649 3694 2844 3753; x_wconf 76' lang='grc' dir='ltr'>αὑτῶν.</span> <span class='ocrx_word' id='word_1_672' title='bbox 2867 3713 2899 3750; x_wconf 73' lang='grc' dir='ltr'>ι)</span> 
     </span>
    </p>
   </div>
   <div class='ocr_carea' id='block_1_90' title="bbox 2334 3780 3846 3864">
    <p class='ocr_par' dir='ltr' id='par_1_90' title="bbox 2334 3780 3846 3864">
     <span class='ocr_line' id='line_1_90' title="bbox 2334 3780 3846 3864; baseline 0 -24"><span class='ocrx_word' id='word_1_673' title='bbox 2334 3804 2363 3841; x_wconf 86' lang='grc' dir='ltr'>(ι</span> <span class='ocrx_word' id='word_1_674' title='bbox 2395 3782 2586 3842; x_wconf 89' lang='grc' dir='ltr'>Πάντα</span> <span class='ocrx_word' id='word_1_675' title='bbox 2622 3805 2712 3860; x_wconf 91' lang='grc' dir='ltr'><strong>μοι</strong></span> <span class='ocrx_word' id='word_1_676' title='bbox 2742 3780 2976 3853; x_wconf 80' lang='grc' dir='ltr'>ἔξεστιν,</span> <span class='ocrx_word' id='word_1_677' title='bbox 3010 3783 3130 3842; x_wconf 77' lang='grc' dir='ltr'>ἀλλ’</span> <span class='ocrx_word' id='word_1_678' title='bbox 3175 3785 3234 3840; x_wconf 83' lang='grc' dir='ltr'>οὖ</span> <span class='ocrx_word' id='word_1_679' title='bbox 3266 3782 3446 3842; x_wconf 88' lang='grc' dir='ltr'>πάντα</span> <span class='ocrx_word' id='word_1_680' title='bbox 3493 3781 3770 3864; x_wconf 84' lang='grc' dir='ltr'>συμφέρει.</span> <span class='ocrx_word' id='word_1_681' title='bbox 3810 3807 3846 3840; x_wconf 64' lang='grc' dir='ltr'><strong>π</strong></span> 
     </span>
    </p>
   </div>
   <div class='ocr_carea' id='block_1_91' title="bbox 2242 3869 3848 3951">
    <p class='ocr_par' dir='ltr' id='par_1_91' title="bbox 2242 3869 3848 3951">
     <span class='ocr_line' id='line_1_91' title="bbox 2242 3869 3848 3951; baseline -0.001 -19"><span class='ocrx_word' id='word_1_682' title='bbox 2242 3871 2360 3934; x_wconf 88' lang='grc' dir='ltr'>Ἵνα</span> <span class='ocrx_word' id='word_1_683' title='bbox 2405 3870 2480 3950; x_wconf 82' lang='grc' dir='ltr'><strong>μή</strong></span> <span class='ocrx_word' id='word_1_684' title='bbox 2528 3896 2606 3940; x_wconf 87' lang='grc' dir='ltr'><strong>τις</strong></span> <span class='ocrx_word' id='word_1_685' title='bbox 2639 3869 2763 3950; x_wconf 75' lang='grc' dir='ltr'>εἴπῃ</span> <span class='ocrx_word' id='word_1_686' title='bbox 2799 3873 2977 3951; x_wconf 84' lang='grc' dir='ltr'>αὐτῷ,</span> <span class='ocrx_word' id='word_1_687' title='bbox 3041 3870 3119 3929; x_wconf 77' lang='grc' dir='ltr'>ὅτι</span> <span class='ocrx_word' id='word_1_688' title='bbox 3165 3870 3322 3930; x_wconf 79' lang='grc' dir='ltr'>Μετὰ</span> <span class='ocrx_word' id='word_1_689' title='bbox 3370 3875 3606 3951; x_wconf 83' lang='grc' dir='ltr'>καθαρᾶς</span> <span class='ocrx_word' id='word_1_690' title='bbox 3653 3871 3848 3932; x_wconf 80' lang='grc' dir='ltr'>ἐσθίων</span> 
     </span>
    </p>
   </div>
   <div class='ocr_carea' id='block_1_92' title="bbox 2243 3959 3839 4041">
    <p class='ocr_par' dir='ltr' id='par_1_92' title="bbox 2243 3959 3839 4041">
     <span class='ocr_line' id='line_1_92' title="bbox 2243 3959 3839 4041; baseline -0.001 -19"><span class='ocrx_word' id='word_1_691' title='bbox 2243 3959 2590 4033; x_wconf 79' lang='grc' dir='ltr'>συνειδήσεως</span> <span class='ocrx_word' id='word_1_692' title='bbox 2621 3959 2855 4028; x_wconf 81' lang='grc' dir='ltr'>ἐξουσίαν</span> <span class='ocrx_word' id='word_1_693' title='bbox 2887 3959 2998 4041; x_wconf 84' lang='grc' dir='ltr'>ἔχω</span> <span class='ocrx_word' id='word_1_694' title='bbox 3035 3964 3192 4018; x_wconf 79' lang='grc' dir='ltr'>τοῦτο</span> <span class='ocrx_word' id='word_1_695' title='bbox 3238 3968 3408 4018; x_wconf 89' lang='grc' dir='ltr'>ποιεῖν</span> <span class='ocrx_word' id='word_1_696' title='bbox 3440 3984 3454 3999; x_wconf 81' lang='grc' dir='ltr'><strong>ο</strong></span> <span class='ocrx_word' id='word_1_697' title='bbox 3485 3961 3621 4034; x_wconf 80' lang='grc' dir='ltr'>Ναὶ,</span> <span class='ocrx_word' id='word_1_698' title='bbox 3663 3961 3839 4041; x_wconf 78' lang='grc' dir='ltr'>φησὶ,</span> 
     </span>
    </p>
   </div>
   <div class='ocr_carea' id='block_1_93' title="bbox 2242 4046 3850 4130">
    <p class='ocr_par' dir='ltr' id='par_1_93' title="bbox 2242 4046 3850 4130">
     <span class='ocr_line' id='line_1_93' title="bbox 2242 4046 3850 4130; baseline 0.001 -21"><span class='ocrx_word' id='word_1_699' title='bbox 2242 4051 2420 4111; x_wconf 88' lang='grc' dir='ltr'>πάντα</span> <span class='ocrx_word' id='word_1_700' title='bbox 2469 4050 2565 4126; x_wconf 88' lang='grc' dir='ltr'><strong>μέν</strong></span> <span class='ocrx_word' id='word_1_701' title='bbox 2609 4072 2689 4108; x_wconf 89' lang='grc' dir='ltr'><strong>σοι</strong></span> <span class='ocrx_word' id='word_1_702' title='bbox 2725 4046 2925 4117; x_wconf 82' lang='grc' dir='ltr'>ἔξεστιν</span> <span class='ocrx_word' id='word_1_703' title='bbox 2951 4093 2968 4125; x_wconf 90' lang='grc'><strong>,</strong></span> <span class='ocrx_word' id='word_1_704' title='bbox 3014 4047 3067 4086; x_wconf 74' lang='grc'><strong><em>³⁵</em></strong></span> <span class='ocrx_word' id='word_1_705' title='bbox 3099 4050 3283 4121; x_wconf 83' lang='grc' dir='ltr'>ἐπειδὴ</span> <span class='ocrx_word' id='word_1_706' title='bbox 3335 4049 3490 4116; x_wconf 77' lang='grc' dir='ltr'>αὐτὸς</span> <span class='ocrx_word' id='word_1_707' title='bbox 3519 4048 3669 4130; x_wconf 77' lang='grc' dir='ltr'>παρὰ</span> <span class='ocrx_word' id='word_1_708' title='bbox 3697 4052 3850 4111; x_wconf 72' lang='grc' dir='ltr'>Θεοῦ</span> 
     </span>
    </p>
   </div>
   <div class='ocr_carea' id='block_1_94' title="bbox 2242 4135 3854 4222">
    <p class='ocr_par' dir='ltr' id='par_1_94' title="bbox 2242 4135 3854 4222">
     <span class='ocr_line' id='line_1_94' title="bbox 2242 4135 3854 4222; baseline 0.001 -24"><span class='ocrx_word' id='word_1_709' title='bbox 2242 4136 2574 4208; x_wconf 81' lang='grc' dir='ltr'>αὖτεξούσιος</span> <span class='ocrx_word' id='word_1_710' title='bbox 2645 4135 2862 4218; x_wconf 86' lang='grc' dir='ltr'>γέγονας</span> <span class='ocrx_word' id='word_1_711' title='bbox 2887 4161 2900 4174; x_wconf 91' lang='grc'><strong>·</strong></span> <span class='ocrx_word' id='word_1_712' title='bbox 2960 4137 3078 4195; x_wconf 82' lang='grc' dir='ltr'>ἀλλ’</span> <span class='ocrx_word' id='word_1_713' title='bbox 3160 4140 3218 4196; x_wconf 84' lang='grc' dir='ltr'>οὗ</span> <span class='ocrx_word' id='word_1_714' title='bbox 3293 4138 3508 4205; x_wconf 90' lang='grc' dir='ltr'>πάντως</span> <span class='ocrx_word' id='word_1_715' title='bbox 3582 4138 3854 4222; x_wconf 78' lang='grc' dir='ltr'>συμφέρει</span> 
     </span>
    </p>
   </div>
   <div class='ocr_carea' id='block_1_95' title="bbox 2242 4226 3855 4308">
    <p class='ocr_par' dir='ltr' id='par_1_95' title="bbox 2242 4226 3855 4308">
     <span class='ocr_line' id='line_1_95' title="bbox 2242 4226 3855 4308; baseline 0.001 -20"><span class='ocrx_word' id='word_1_716' title='bbox 2242 4249 2324 4289; x_wconf 89' lang='grc' dir='ltr'><strong>σοι</strong></span> <span class='ocrx_word' id='word_1_717' title='bbox 2375 4227 2437 4287; x_wconf 80' lang='grc' dir='ltr'><strong>τὸ</strong></span> <span class='ocrx_word' id='word_1_718' title='bbox 2467 4227 2655 4287; x_wconf 82' lang='grc' dir='ltr'>ἐσθίειν</span> <span class='ocrx_word' id='word_1_719' title='bbox 2690 4245 2705 4259; x_wconf 85' lang='grc'><strong><em>⁸</em></strong></span> <span class='ocrx_word' id='word_1_720' title='bbox 2755 4229 2861 4308; x_wconf 85' lang='grc' dir='ltr'>ὁδῷ</span> <span class='ocrx_word' id='word_1_721' title='bbox 2909 4226 3013 4307; x_wconf 78' lang='grc' dir='ltr'>γὰρ</span> <span class='ocrx_word' id='word_1_722' title='bbox 3057 4227 3400 4307; x_wconf 88' lang='grc' dir='ltr'>προϐαίνων,</span> <span class='ocrx_word' id='word_1_723' title='bbox 3435 4228 3666 4288; x_wconf 86' lang='grc' dir='ltr'>διάθεσιν</span> <span class='ocrx_word' id='word_1_724' title='bbox 3710 4227 3855 4300; x_wconf 76' lang='grc' dir='ltr'>ἕξεις</span> 
     </span>
    </p>
   </div>
   <div class='ocr_carea' id='block_1_96' title="bbox 2240 4317 3851 4399">
    <p class='ocr_par' dir='ltr' id='par_1_96' title="bbox 2240 4317 3851 4399">
     <span class='ocr_line' id='line_1_96' title="bbox 2240 4317 3851 4399; baseline -0.001 -20"><span class='ocrx_word' id='word_1_725' title='bbox 2240 4319 2372 4396; x_wconf 84' lang='grc' dir='ltr'>πρὸς</span> <span class='ocrx_word' id='word_1_726' title='bbox 2416 4317 2485 4377; x_wconf 84' lang='grc' dir='ltr'><strong>τὰ</strong></span> <span class='ocrx_word' id='word_1_727' title='bbox 2541 4317 2768 4394; x_wconf 84' lang='grc' dir='ltr'>εἴδωλα,</span> <span class='ocrx_word' id='word_1_728' title='bbox 2820 4321 2898 4399; x_wconf 88' lang='grc' dir='ltr'><strong>τῷ</strong></span> <span class='ocrx_word' id='word_1_729' title='bbox 2955 4319 3189 4398; x_wconf 81' lang='grc' dir='ltr'>συνεχῶς</span> <span class='ocrx_word' id='word_1_730' title='bbox 3243 4319 3508 4378; x_wconf 87' lang='grc' dir='ltr'>κοινωνεῖν</span> <span class='ocrx_word' id='word_1_731' title='bbox 3539 4320 3660 4378; x_wconf 76' lang='grc' dir='ltr'><strong>⁴τῷν</strong></span> <span class='ocrx_word' id='word_1_732' title='bbox 3713 4342 3851 4398; x_wconf 88' lang='grc' dir='ltr'>τρα-</span> 
     </span>
    </p>
   </div>
   <div class='ocr_carea' id='block_1_97' title="bbox 2238 4409 3754 4480">
    <p class='ocr_par' dir='ltr' id='par_1_97' title="bbox 2238 4409 3754 4480">
     <span class='ocr_line' id='line_1_97' title="bbox 2238 4409 3754 4480; baseline 0.001 -13"><span class='ocrx_word' id='word_1_733' title='bbox 2238 4413 2409 4478; x_wconf 81' lang='grc' dir='ltr'>πεζῶν</span> <span class='ocrx_word' id='word_1_734' title='bbox 2444 4409 2635 4468; x_wconf 84' lang='grc' dir='ltr'>αὖτῷν.</span> <span class='ocrx_word' id='word_1_735' title='bbox 3353 4417 3355 4420; x_wconf 42' lang='grc'><em>⁴</em></span> <span class='ocrx_word' id='word_1_736' title='bbox 3509 4421 3516 4428; x_wconf 83' lang='grc'><em>’</em></span> <span class='ocrx_word' id='word_1_737' title='bbox 3750 4477 3754 4480; x_wconf 92' lang='lat'><strong><em>_</em></strong></span> 
     </span>
    </p>
   </div>
   <div class='ocr_carea' id='block_1_98' title="bbox 2331 4489 3838 4575">
    <p class='ocr_par' dir='ltr' id='par_1_98' title="bbox 2331 4489 3838 4575">
     <span class='ocr_line' id='line_1_98' title="bbox 2331 4489 3838 4575; baseline -0.004 -18"><span class='ocrx_word' id='word_1_738' title='bbox 2331 4521 2361 4557; x_wconf 87' lang='grc'><strong>(‹</strong></span> <span class='ocrx_word' id='word_1_739' title='bbox 2391 4498 2582 4558; x_wconf 89' lang='grc' dir='ltr'>Πάντα</span> <span class='ocrx_word' id='word_1_740' title='bbox 2613 4519 2705 4575; x_wconf 87' lang='grc' dir='ltr'><strong>μοι</strong></span> <span class='ocrx_word' id='word_1_741' title='bbox 2747 4496 2974 4571; x_wconf 80' lang='grc' dir='ltr'>ἔξεστιν,</span> <span class='ocrx_word' id='word_1_742' title='bbox 3008 4499 3213 4574; x_wconf 22' lang='grc' dir='ltr'>ἀλλ’,οὖ</span> <span class='ocrx_word' id='word_1_743' title='bbox 3241 4498 3428 4575; x_wconf 9' lang='grc' dir='ltr'>πάντα,</span> <span class='ocrx_word' id='word_1_744' title='bbox 3459 4489 3766 4574; x_wconf 77' lang='grc' dir='ltr'>οἰκοδομεῖ.</span> <span class='ocrx_word' id='word_1_745' title='bbox 3810 4526 3838 4550; x_wconf 69' lang='grc' dir='ltr'>ι»</span> 
     </span>
    </p>
   </div>
   <div class='ocr_carea' id='block_1_99' title="bbox 2244 4573 3848 4669">
    <p class='ocr_par' dir='ltr' id='par_1_99' title="bbox 2244 4576 3848 4669">
     <span class='ocr_line' id='line_1_99' title="bbox 2244 4576 3848 4669; baseline -0.003 -20"><span class='ocrx_word' id='word_1_746' title='bbox 2244 4586 2386 4649; x_wconf 80' lang='grc' dir='ltr'>Οὔτε</span> <span class='ocrx_word' id='word_1_747' title='bbox 2413 4587 2495 4647; x_wconf 76' lang='grc' dir='ltr'><strong>σοὶ</strong></span> <span class='ocrx_word' id='word_1_748' title='bbox 2525 4586 2780 4668; x_wconf 77' lang='grc' dir='ltr'>συμφέρει</span> <span class='ocrx_word' id='word_1_749' title='bbox 2805 4631 2822 4659; x_wconf 93' lang='grc'><strong>,</strong></span> <span class='ocrx_word' id='word_1_750' title='bbox 2851 4588 2981 4669; x_wconf 81' lang='grc' dir='ltr'>φησὶ</span> <span class='ocrx_word' id='word_1_751' title='bbox 3009 4632 3024 4662; x_wconf 95' lang='grc'><strong>,</strong></span> <span class='ocrx_word' id='word_1_752' title='bbox 3058 4576 3189 4646; x_wconf 80' lang='grc' dir='ltr'>καθὸ</span> <span class='ocrx_word' id='word_1_753' title='bbox 3214 4587 3306 4648; x_wconf 82' lang='grc' dir='ltr'><strong>καὶ</strong></span> <span class='ocrx_word' id='word_1_754' title='bbox 3336 4583 3622 4667; x_wconf 80' lang='grc' dir='ltr'>προλαϐὼν</span> <span class='ocrx_word' id='word_1_755' title='bbox 3651 4578 3848 4665; x_wconf 71' lang='grc' dir='ltr'>εἶπον,</span> 
     </span>
    </p>
   </div>
   <div class='ocr_carea' id='block_1_100' title="bbox 2245 4675 3848 4758">
    <p class='ocr_par' dir='ltr' id='par_1_100' title="bbox 2245 4675 3848 4758">
     <span class='ocr_line' id='line_1_100' title="bbox 2245 4675 3848 4758; baseline 0 -22"><span class='ocrx_word' id='word_1_756' title='bbox 2245 4677 2362 4736; x_wconf 83' lang='grc' dir='ltr'>οὔτε</span> <span class='ocrx_word' id='word_1_757' title='bbox 2402 4679 2480 4758; x_wconf 90' lang='grc' dir='ltr'><strong>τῷ</strong></span> <span class='ocrx_word' id='word_1_758' title='bbox 2512 4678 2723 4756; x_wconf 79' lang='grc' dir='ltr'>ἀδελφῷ</span> <span class='ocrx_word' id='word_1_759' title='bbox 2760 4699 2857 4736; x_wconf 91' lang='grc' dir='ltr'><strong>σου</strong></span> <span class='ocrx_word' id='word_1_760' title='bbox 2895 4697 2907 4710; x_wconf 83' lang='grc'><em>’</em></span> <span class='ocrx_word' id='word_1_761' title='bbox 2936 4678 2994 4735; x_wconf 84' lang='grc' dir='ltr'>οὗ</span> <span class='ocrx_word' id='word_1_762' title='bbox 3039 4675 3142 4756; x_wconf 79' lang='grc' dir='ltr'><strong>γὰρ</strong></span> <span class='ocrx_word' id='word_1_763' title='bbox 3175 4679 3444 4753; x_wconf 79' lang='grc' dir='ltr'>οἰκοδομεῖ</span> <span class='ocrx_word' id='word_1_764' title='bbox 3490 4676 3668 4749; x_wconf 73' lang='grc' dir='ltr'>αὐτὸν,</span> <span class='ocrx_word' id='word_1_765' title='bbox 3699 4677 3848 4736; x_wconf 81' lang='grc' dir='ltr'>ἀλλὰ</span> 
     </span>
    </p>
   </div>
   <div class='ocr_carea' id='block_1_101' title="bbox 2246 4766 3846 4846">
    <p class='ocr_par' dir='ltr' id='par_1_101' title="bbox 2246 4766 3846 4846">
     <span class='ocr_line' id='line_1_101' title="bbox 2246 4766 3846 4846; baseline 0.002 -21"><span class='ocrx_word' id='word_1_766' title='bbox 2246 4770 2448 4843; x_wconf 80' lang='grc' dir='ltr'>μᾶλλον</span> <span class='ocrx_word' id='word_1_767' title='bbox 2479 4772 2759 4846; x_wconf 86' lang='grc' dir='ltr'>καθαιρεῖ,</span> <span class='ocrx_word' id='word_1_768' title='bbox 2787 4766 2881 4824; x_wconf 80' lang='grc' dir='ltr'><strong>καὶ</strong></span> <span class='ocrx_word' id='word_1_769' title='bbox 2903 4766 3277 4826; x_wconf 85' lang='grc' dir='ltr'>κατασκάπτει</span> <span class='ocrx_word' id='word_1_770' title='bbox 3309 4767 3406 4838; x_wconf 86' lang='grc' dir='ltr'><strong>τὴν</strong></span> <span class='ocrx_word' id='word_1_771' title='bbox 3439 4766 3617 4826; x_wconf 89' lang='grc' dir='ltr'>πίστιν</span> <span class='ocrx_word' id='word_1_772' title='bbox 3651 4767 3846 4829; x_wconf 77' lang='grc' dir='ltr'>αὐτοῦ.</span> 
     </span>
    </p>
   </div>
   <div class='ocr_carea' id='block_1_102' title="bbox 2241 4853 3854 4936">
    <p class='ocr_par' dir='ltr' id='par_1_102' title="bbox 2241 4853 3854 4936">
     <span class='ocr_line' id='line_1_102' title="bbox 2241 4853 3854 4936; baseline -0.001 -21"><span class='ocrx_word' id='word_1_773' title='bbox 2241 4853 2424 4915; x_wconf 69' lang='grc' dir='ltr'>Ἵὶστε</span> <span class='ocrx_word' id='word_1_774' title='bbox 2482 4853 2599 4913; x_wconf 77' lang='grc' dir='ltr'>ἐπεὶ</span> <span class='ocrx_word' id='word_1_775' title='bbox 2661 4855 2781 4915; x_wconf 81' lang='grc' dir='ltr'>οὔτε</span> <span class='ocrx_word' id='word_1_776' title='bbox 2823 4853 2884 4913; x_wconf 86' lang='grc' dir='ltr'>σὲ</span> <span class='ocrx_word' id='word_1_777' title='bbox 2931 4855 3153 4934; x_wconf 77' lang='grc' dir='ltr'>ὠφελεῖ,</span> <span class='ocrx_word' id='word_1_778' title='bbox 3199 4853 3316 4913; x_wconf 80' lang='grc' dir='ltr'>οὔτε</span> <span class='ocrx_word' id='word_1_779' title='bbox 3352 4854 3440 4914; x_wconf 75' lang='grc' dir='ltr'><strong>τὸν</strong></span> <span class='ocrx_word' id='word_1_780' title='bbox 3491 4856 3742 4936; x_wconf 76' lang='grc' dir='ltr'>ἀδελφὸν,</span> <span class='ocrx_word' id='word_1_781' title='bbox 3792 4855 3854 4914; x_wconf 87' lang='grc' dir='ltr'><strong>τί</strong></span> 
     </span>
    </p>
   </div>
   <div class='ocr_carea' id='block_1_103' title="bbox 2239 4947 3494 5017">
    <p class='ocr_par' dir='ltr' id='par_1_103' title="bbox 2239 4947 3494 5017">
     <span class='ocr_line' id='line_1_103' title="bbox 2239 4947 3494 5017; baseline -0.01 -13"><span class='ocrx_word' id='word_1_782' title='bbox 2239 4953 2392 5006; x_wconf 78' lang='grc' dir='ltr'>τοῦτο</span> <span class='ocrx_word' id='word_1_783' title='bbox 2421 4952 2620 5017; x_wconf 85' lang='grc' dir='ltr'>ποιεῑς;</span> <span class='ocrx_word' id='word_1_784' title='bbox 3191 4971 3196 4976; x_wconf 64' lang='grc' dir='ltr'><strong>ι</strong></span> <span class='ocrx_word' id='word_1_785' title='bbox 3297 4955 3299 4958; x_wconf 78' lang='lat'><em>‘</em></span> <span class='ocrx_word' id='word_1_786' title='bbox 3395 4951 3398 4954; x_wconf 82' lang='grc'><strong>’</strong></span> <span class='ocrx_word' id='word_1_787' title='bbox 3491 4947 3494 4954; x_wconf 89' lang='grc'><em>’</em></span> 
     </span>
    </p>
   </div>
   <div class='ocr_carea' id='block_1_104' title="bbox 2328 5032 3846 5110">
    <p class='ocr_par' dir='ltr' id='par_1_104' title="bbox 2328 5032 3846 5110">
     <span class='ocr_line' id='line_1_104' title="bbox 2328 5032 3846 5110; baseline -0.003 -15"><span class='ocrx_word' id='word_1_788' title='bbox 2328 5056 2358 5094; x_wconf 74' lang='grc' dir='ltr'><strong>α</strong></span> <span class='ocrx_word' id='word_1_789' title='bbox 2405 5032 2616 5106; x_wconf 71' lang='grc' dir='ltr'>Μηδεὶς</span> <span class='ocrx_word' id='word_1_790' title='bbox 2644 5033 2704 5093; x_wconf 88' lang='grc' dir='ltr'><strong>τὸ</strong></span> <span class='ocrx_word' id='word_1_791' title='bbox 2757 5035 2944 5092; x_wconf 77' lang='grc' dir='ltr'>ἑαυτοῦ</span> <span class='ocrx_word' id='word_1_792' title='bbox 2995 5033 3253 5110; x_wconf 81' lang='grc' dir='ltr'>ζητείτω,</span> <span class='ocrx_word' id='word_1_793' title='bbox 3299 5033 3440 5094; x_wconf 74' lang='grc' dir='ltr'>ἀλλὰ</span> <span class='ocrx_word' id='word_1_794' title='bbox 3487 5033 3671 5094; x_wconf 80' lang='grc' dir='ltr'>τὸτοῦ</span> <span class='ocrx_word' id='word_1_795' title='bbox 3701 5035 3846 5108; x_wconf 85' lang='grc' dir='ltr'>πλη-</span> 
     </span>
    </p>
   </div>
   <div class='ocr_carea' id='block_1_105' title="bbox 2239 5121 3846 5203">
    <p class='ocr_par' dir='ltr' id='par_1_105' title="bbox 2239 5121 3846 5203">
     <span class='ocr_line' id='line_1_105' title="bbox 2239 5121 3846 5203; baseline 0 -21"><span class='ocrx_word' id='word_1_796' title='bbox 2239 5122 2349 5183; x_wconf 91' lang='grc' dir='ltr'>σίον</span> <span class='ocrx_word' id='word_1_797' title='bbox 2376 5121 2617 5192; x_wconf 80' lang='grc' dir='ltr'>ἕκαστος.</span> <span class='ocrx_word' id='word_1_798' title='bbox 2649 5149 2674 5178; x_wconf 70' lang='grc' dir='ltr'><strong>ι</strong></span> <span class='ocrx_word' id='word_1_799' title='bbox 2708 5123 2800 5197; x_wconf 84' lang='grc' dir='ltr'><strong>Μὴ</strong></span> <span class='ocrx_word' id='word_1_800' title='bbox 2827 5123 2973 5196; x_wconf 82' lang='grc' dir='ltr'>ζήτει</span> <span class='ocrx_word' id='word_1_801' title='bbox 3011 5125 3278 5203; x_wconf 22' lang='grc' dir='ltr'>τοῦτο,αεῖ</span> <span class='ocrx_word' id='word_1_802' title='bbox 3308 5123 3370 5182; x_wconf 83' lang='grc' dir='ltr'><strong>σὺ</strong></span> <span class='ocrx_word' id='word_1_803' title='bbox 3412 5124 3600 5192; x_wconf 84' lang='grc' dir='ltr'>ἐσθίεις</span> <span class='ocrx_word' id='word_1_804' title='bbox 3624 5127 3846 5203; x_wconf 78' lang='grc' dir='ltr'>καθαρᾷ</span> 
     </span>
    </p>
   </div>
   <div class='ocr_carea' id='block_1_106' title="bbox 1943 5303 2476 5363">
    <p class='ocr_par' dir='ltr' id='par_1_106' title="bbox 1943 5303 2476 5363">
     <span class='ocr_line' id='line_1_106' title="bbox 1943 5303 2476 5363; baseline -0.002 -1"><span class='ocrx_word' id='word_1_805' title='bbox 1943 5303 2132 5363; x_wconf 70' lang='lat' dir='ltr'><strong>Variae</strong></span> <span class='ocrx_word' id='word_1_806' title='bbox 2177 5304 2476 5362; x_wconf 85' lang='lat' dir='ltr'><strong>lectiones.</strong></span> 
     </span>
    </p>
   </div>
   <div class='ocr_carea' id='block_1_107' title="bbox 600 5413 3842 5492">
    <p class='ocr_par' dir='ltr' id='par_1_107' title="bbox 600 5413 3842 5492">
     <span class='ocr_line' id='line_1_107' title="bbox 600 5413 3842 5492; baseline 0.006 -43"><span class='ocrx_word' id='word_1_807' title='bbox 600 5419 644 5452; x_wconf 72' lang='lat' dir='ltr'><strong>ax</strong></span> <span class='ocrx_word' id='word_1_808' title='bbox 700 5413 915 5488; x_wconf 71' lang='grc' dir='ltr'>ἐφοϐήθη</span> <span class='ocrx_word' id='word_1_809' title='bbox 977 5419 1150 5488; x_wconf 76' lang='grc' dir='ltr'>μήπως</span> <span class='ocrx_word' id='word_1_810' title='bbox 1211 5417 1389 5480; x_wconf 80' lang='grc' dir='ltr'>δόξωσι</span> <span class='ocrx_word' id='word_1_811' title='bbox 1437 5422 1591 5473; x_wconf 80' lang='grc' dir='ltr'>ταῦτα</span> <span class='ocrx_word' id='word_1_812' title='bbox 1642 5419 1808 5490; x_wconf 81' lang='grc' dir='ltr'>λέγειν</span> <span class='ocrx_word' id='word_1_813' title='bbox 1856 5419 2003 5472; x_wconf 70' lang='grc' dir='ltr'>αὐτὸν</span> <span class='ocrx_word' id='word_1_814' title='bbox 2061 5419 2127 5482; x_wconf 80' lang='grc' dir='ltr'>ὡς</span> <span class='ocrx_word' id='word_1_815' title='bbox 2203 5419 2346 5492; x_wconf 66' lang='grc' dir='ltr'>ἰσχὺν</span> <span class='ocrx_word' id='word_1_816' title='bbox 2415 5417 2636 5490; x_wconf 78' lang='grc' dir='ltr'>ἐχόντων</span> <span class='ocrx_word' id='word_1_817' title='bbox 2689 5417 2785 5473; x_wconf 82' lang='grc' dir='ltr'><strong>τῶν</strong></span> <span class='ocrx_word' id='word_1_818' title='bbox 2841 5417 3082 5474; x_wconf 78' lang='grc' dir='ltr'>εἰδώλων.</span> <span class='ocrx_word' id='word_1_819' title='bbox 3151 5417 3244 5472; x_wconf 83' lang='grc' dir='ltr'><strong>Καί</strong></span> <span class='ocrx_word' id='word_1_820' title='bbox 3289 5437 3436 5488; x_wconf 84' lang='grc' dir='ltr'>φησιν</span> <span class='ocrx_word' id='word_1_821' title='bbox 3502 5420 3579 5472; x_wconf 79' lang='grc' dir='ltr'><strong>ὅτι</strong></span> <span class='ocrx_word' id='word_1_822' title='bbox 3625 5417 3722 5488; x_wconf 72' lang='grc' dir='ltr'><strong>οὐχ</strong></span> <span class='ocrx_word' id='word_1_823' title='bbox 3767 5417 3842 5481; x_wconf 82' lang='grc' dir='ltr'>ὣς</span> 
     </span>
    </p>
   </div>
   <div class='ocr_carea' id='block_1_108' title="bbox 526 5499 2139 5572">
    <p class='ocr_par' dir='ltr' id='par_1_108' title="bbox 526 5499 2091 5572">
     <span class='ocr_line' id='line_1_108' title="bbox 526 5499 2091 5572; baseline 0.003 -24"><span class='ocrx_word' id='word_1_824' title='bbox 526 5499 811 5568; x_wconf 73' lang='grc' dir='ltr'>δυναμένων</span> <span class='ocrx_word' id='word_1_825' title='bbox 859 5500 1042 5570; x_wconf 75' lang='grc' dir='ltr'>βλάψαι</span> <span class='ocrx_word' id='word_1_826' title='bbox 1092 5501 1121 5564; x_wconf 86' lang='grc' dir='ltr'>ἢ</span> <span class='ocrx_word' id='word_1_827' title='bbox 1170 5499 1426 5566; x_wconf 61' lang='grc' dir='ltr'>ὠφελῆσαι</span> <span class='ocrx_word' id='word_1_828' title='bbox 1479 5507 1572 5554; x_wconf 83' lang='grc' dir='ltr'><strong>τῶν</strong></span> <span class='ocrx_word' id='word_1_829' title='bbox 1623 5500 1860 5564; x_wconf 80' lang='grc' dir='ltr'>εἰδώλων,</span> <span class='ocrx_word' id='word_1_830' title='bbox 1913 5499 2091 5572; x_wconf 81' lang='grc' dir='ltr'>ἆπάγω</span> 
     </span>
    </p>
   </div>
   <div class='ocr_carea' id='block_1_109' title="bbox 2245 5499 3841 5572">
    <p class='ocr_par' dir='ltr' id='par_1_109' title="bbox 2245 5499 3841 5571">
     <span class='ocr_line' id='line_1_109' title="bbox 2245 5499 3841 5571; baseline -0.006 -9"><span class='ocrx_word' id='word_1_831' title='bbox 2245 5520 2336 5554; x_wconf 81' lang='grc' dir='ltr'>των</span> <span class='ocrx_word' id='word_1_832' title='bbox 2393 5500 2519 5571; x_wconf 77' lang='grc' dir='ltr'><strong>ὓμᾶς</strong></span> <span class='ocrx_word' id='word_1_833' title='bbox 2566 5517 2638 5556; x_wconf 92' lang='lat' dir='ltr'><strong>m.</strong></span> <span class='ocrx_word' id='word_1_834' title='bbox 2687 5504 2772 5559; x_wconf 65' lang='lat' dir='ltr'><strong>Sit</strong></span> <span class='ocrx_word' id='word_1_835' title='bbox 2823 5501 3057 5571; x_wconf 79' lang='lat' dir='ltr'><strong>aliquid.</strong></span> <span class='ocrx_word' id='word_1_836' title='bbox 3117 5500 3382 5568; x_wconf 61' lang='lat' dir='ltr'><strong>fl&#39;z&#39;mebat,</strong></span> <span class='ocrx_word' id='word_1_837' title='bbox 3436 5516 3502 5554; x_wconf 83' lang='lat' dir='ltr'><strong>nc</strong></span> <span class='ocrx_word' id='word_1_838' title='bbox 3548 5499 3661 5554; x_wconf 75' lang='lat' dir='ltr'><strong>lucc</strong></span> <span class='ocrx_word' id='word_1_839' title='bbox 3711 5515 3841 5554; x_wconf 81' lang='lat' dir='ltr'><strong>eum</strong></span> 
     </span>
    </p>
   </div>
   <div class='ocr_carea' id='block_1_110' title="bbox 529 5578 3839 5652">
    <p class='ocr_par' dir='ltr' id='par_1_110' title="bbox 529 5578 3839 5652">
     <span class='ocr_line' id='line_1_110' title="bbox 529 5578 3839 5652; baseline -0.001 -18"><span class='ocrx_word' id='word_1_840' title='bbox 529 5580 733 5645; x_wconf 73' lang='lat' dir='ltr'><strong>dicere,</strong></span> <span class='ocrx_word' id='word_1_841' title='bbox 781 5585 1038 5649; x_wconf 79' lang='lat' dir='ltr'><strong>putarent</strong></span> <span class='ocrx_word' id='word_1_842' title='bbox 1063 5621 1082 5652; x_wconf 92' lang='lat'><strong>,</strong></span> <span class='ocrx_word' id='word_1_843' title='bbox 1115 5583 1277 5650; x_wconf 77' lang='lat' dir='ltr'><strong>quasi</strong></span> <span class='ocrx_word' id='word_1_844' title='bbox 1303 5582 1466 5635; x_wconf 74' lang='lat' dir='ltr'><strong>idolis</strong></span> <span class='ocrx_word' id='word_1_845' title='bbox 1486 5585 1567 5635; x_wconf 75' lang='lat' dir='ltr'><strong>vis</strong></span> <span class='ocrx_word' id='word_1_846' title='bbox 1597 5583 1781 5652; x_wconf 73' lang='lat' dir='ltr'><strong>aliqua</strong></span> <span class='ocrx_word' id='word_1_847' title='bbox 1805 5586 2002 5639; x_wconf 70' lang='lat' dir='ltr'><strong>inesset</strong></span> <span class='ocrx_word' id='word_1_848' title='bbox 2020 5602 2037 5634; x_wconf 91' lang='lat'><strong><em>:</em></strong></span> <span class='ocrx_word' id='word_1_849' title='bbox 2068 5583 2212 5636; x_wconf 77' lang='lat' dir='ltr'><strong>unde</strong></span> <span class='ocrx_word' id='word_1_850' title='bbox 2245 5585 2328 5637; x_wconf 87' lang='lat' dir='ltr'><strong>ait</strong></span> <span class='ocrx_word' id='word_1_851' title='bbox 2431 5584 2550 5638; x_wconf 85' lang='lat' dir='ltr'><strong>Non</strong></span> <span class='ocrx_word' id='word_1_852' title='bbox 2579 5584 2710 5651; x_wconf 75' lang='lat' dir='ltr'><strong>quia</strong></span> <span class='ocrx_word' id='word_1_853' title='bbox 2729 5583 2829 5636; x_wconf 73' lang='lat' dir='ltr'><strong>illa</strong></span> <span class='ocrx_word' id='word_1_854' title='bbox 2854 5584 3034 5637; x_wconf 87' lang='lat' dir='ltr'><strong>obesse</strong></span> <span class='ocrx_word' id='word_1_855' title='bbox 3051 5583 3280 5651; x_wconf 76' lang='lat' dir='ltr'><strong>possint,</strong></span> <span class='ocrx_word' id='word_1_856' title='bbox 3309 5584 3405 5635; x_wconf 86' lang='lat' dir='ltr'><strong>aut</strong></span> <span class='ocrx_word' id='word_1_857' title='bbox 3423 5580 3703 5650; x_wconf 85' lang='lat' dir='ltr'><strong>prodesse,</strong></span> <span class='ocrx_word' id='word_1_858' title='bbox 3734 5578 3839 5632; x_wconf 75' lang='lat' dir='ltr'><strong>id-</strong></span> 
     </span>
    </p>
   </div>
   <div class='ocr_carea' id='block_1_111' title="bbox 527 5661 1973 5730">
    <p class='ocr_par' dir='ltr' id='par_1_111' title="bbox 527 5661 1973 5730">
     <span class='ocr_line' id='line_1_111' title="bbox 527 5661 1973 5730; baseline 0.003 -19"><span class='ocrx_word' id='word_1_859' title='bbox 527 5661 661 5712; x_wconf 69' lang='lat' dir='ltr'><strong>circo</strong></span> <span class='ocrx_word' id='word_1_860' title='bbox 710 5661 778 5712; x_wconf 82' lang='lat' dir='ltr'><strong>ab</strong></span> <span class='ocrx_word' id='word_1_861' title='bbox 830 5664 902 5714; x_wconf 74' lang='lat' dir='ltr'><strong>iis</strong></span> <span class='ocrx_word' id='word_1_862' title='bbox 954 5676 1043 5716; x_wconf 84' lang='lat' dir='ltr'><strong>vos</strong></span> <span class='ocrx_word' id='word_1_863' title='bbox 1100 5663 1326 5717; x_wconf 77' lang='lat' dir='ltr'><strong>abduco.</strong></span> <span class='ocrx_word' id='word_1_864' title='bbox 1404 5661 1449 5694; x_wconf 83' lang='grc'><strong>³³</strong></span> <span class='ocrx_word' id='word_1_865' title='bbox 1498 5661 1736 5725; x_wconf 79' lang='grc' dir='ltr'>ἔϐλαπτες</span> <span class='ocrx_word' id='word_1_866' title='bbox 1783 5661 1973 5730; x_wconf 80' lang='grc' dir='ltr'>ἐκείνην</span> 
     </span>
    </p>
   </div>
   <div class='ocr_carea' id='block_1_112' title="bbox 529 5736 1990 5813">
    <p class='ocr_par' dir='ltr' id='par_1_112' title="bbox 529 5736 1990 5813">
     <span class='ocr_line' id='line_1_112' title="bbox 529 5736 1990 5813; baseline 0.023 -34"><span class='ocrx_word' id='word_1_867' title='bbox 529 5739 571 5770; x_wconf 75' lang='lat'><strong>35</strong></span> <span class='ocrx_word' id='word_1_868' title='bbox 597 5736 676 5790; x_wconf 74' lang='grc' dir='ltr'>ἐπὶ</span> <span class='ocrx_word' id='word_1_869' title='bbox 705 5753 757 5794; x_wconf 85' lang='grc' dir='ltr'><strong>ο,</strong></span> <span class='ocrx_word' id='word_1_870' title='bbox 832 5739 876 5773; x_wconf 72' lang='grc'><strong>³6</strong></span> <span class='ocrx_word' id='word_1_871' title='bbox 908 5739 1023 5791; x_wconf 76' lang='grc' dir='ltr'>ἀλλ’</span> <span class='ocrx_word' id='word_1_872' title='bbox 1044 5740 1100 5794; x_wconf 75' lang='grc' dir='ltr'>οὗ</span> <span class='ocrx_word' id='word_1_873' title='bbox 1127 5743 1285 5794; x_wconf 84' lang='grc' dir='ltr'>πάντα</span> <span class='ocrx_word' id='word_1_874' title='bbox 1314 5745 1560 5813; x_wconf 79' lang='grc' dir='ltr'>συμφέρει.</span> <span class='ocrx_word' id='word_1_875' title='bbox 1953 5751 1956 5754; x_wconf 48' lang='grc'><strong>’</strong></span> <span class='ocrx_word' id='word_1_876' title='bbox 1987 5759 1990 5762; x_wconf 68' lang='grc'><strong>’</strong></span> 
     </span>
    </p>
   </div>
   <div class='ocr_carea' id='block_1_113' title="bbox 2023 5658 3828 5737">
    <p class='ocr_par' dir='ltr' id='par_1_113' title="bbox 2023 5658 3828 5737">
     <span class='ocr_line' id='line_1_113' title="bbox 2023 5658 3828 5737; baseline 0.001 -23"><span class='ocrx_word' id='word_1_877' title='bbox 2023 5663 2054 5729; x_wconf 84' lang='grc' dir='ltr'>ἢ</span> <span class='ocrx_word' id='word_1_878' title='bbox 2102 5663 2307 5734; x_wconf 76' lang='grc' dir='ltr'>ὠφέλεις</span> <span class='ocrx_word' id='word_1_879' title='bbox 2366 5678 2419 5719; x_wconf 92' lang='lat'><strong>0.</strong></span> <span class='ocrx_word' id='word_1_880' title='bbox 2459 5735 2467 5737; x_wconf 71' lang='lat'><em>_</em></span> <span class='ocrx_word' id='word_1_881' title='bbox 2506 5662 2598 5736; x_wconf 50' lang='grc' dir='ltr'><strong>ἓδέ</strong></span> <span class='ocrx_word' id='word_1_882' title='bbox 2650 5665 2940 5724; x_wconf 81' lang='grc' dir='ltr'>δεσποτικῆς</span> <span class='ocrx_word' id='word_1_883' title='bbox 2997 5677 3054 5719; x_wconf 94' lang='lat'><strong>0.</strong></span> <span class='ocrx_word' id='word_1_884' title='bbox 3131 5661 3175 5694; x_wconf 76' lang='lat'><strong>3&quot;</strong></span> <span class='ocrx_word' id='word_1_885' title='bbox 3231 5658 3598 5731; x_wconf 77' lang='grc' dir='ltr'>ἀναμιμνήσκει</span> <span class='ocrx_word' id='word_1_886' title='bbox 3652 5659 3705 5712; x_wconf 82' lang='grc' dir='ltr'>δὲ</span> <span class='ocrx_word' id='word_1_887' title='bbox 3764 5674 3828 5715; x_wconf 90' lang='lat'><strong>0.</strong></span> 
     </span>
    </p>
   </div>
  </div>
