4110 6412
497 411 592 464 691

1517 403 2033 460 THEOPHYLACTI
2074 403 2436 459 BULGARIIE
2476 403 2790 460 ARCHIEP.

3699 405 3801 460 692

496 536 639 609 quit,
685 532 783 590 sed
835 531 999 588 vestri
1041 545 1232 587 curam
1261 544 1414 603 gero,
1453 543 1525 586 ne
1577 529 2027 586 condemnemini
2074 547 2086 584 :

2215 528 2321 588 ἰλλ’
2359 533 2544 608 ὑμῶν,
2586 529 2676 588 ἵνα
2726 529 2802 607 μὴ
2847 531 3323 610 καταγινώσκησθε
3355 544 3372 562 ⁶
3435 527 3518 588 διὸ
3563 527 3656 587 καὶ
3704 529 3799 588 ἐπ-

497 625 704 682 idcirco
753 621 972 679 addidit
1003 642 1016 678 :

571 737 598 763 α
627 717 708 772 Ut
736 711 869 784 quid
905 711 1057 767 enim
1087 709 1306 768 libertas
1334 727 1461 768 mea
1495 711 1778 785 judicatur
1812 709 1882 764 ab
1912 708 2089 763 aliena

497 801 870 859 conscientia?
903 823 928 849 υ
984 801 1112 856 Non
1150 799 1467 868 observare,
1519 809 1575 856 et
1631 814 1743 855 non
1785 796 2090 871 prohiberi,

498 893 813 948 libertatem
849 889 1004 946 dicit.
1055 891 1172 961 Ego
1201 890 1372 958 enim,
1403 889 1603 962 inquit,
1649 888 1814 944 libere
1863 895 1922 943 et
1974 885 2094 942 sine

499 979 881 1038 observatione
905 993 1115 1046 vescor,
1149 981 1382 1037 Graecus
1405 995 1535 1034 vero
1558 994 1650 1034 me
1680 975 2093 1044 condemnabit,

497 1069 702 1128 Fabula
741 1075 846 1137 est,
882 1067 1155 1140 inquiens,
1193 1067 1630 1125 Christianorum
1658 1066 1848 1139 religio
1879 1084 1894 1122 :
1941 1065 2096 1121 aiunt

499 1158 721 1232 quidem
750 1157 894 1214 idola
933 1171 1051 1213 sese
1087 1158 1380 1223 exsecrari,
1419 1167 1475 1214 et
1519 1157 1743 1214 interim
1785 1172 1848 1213 ea
1878 1171 2001 1228 quae
2030 1154 2095 1210 iis

501 1249 684 1305 oblata
717 1255 851 1304 sunt
873 1247 1103 1303 libenter
1129 1247 1448 1304 comedunt.

569 1342 736 1394 Vens.
761 1344 850 1394 30.
878 1360 904 1386 ιι
931 1337 1102 1408 Siego
1124 1353 1252 1392 cum
1279 1339 1458 1409 gratia
1493 1337 1781 1409 participo,
1824 1335 1956 1408 quid
1981 1335 2095 1391 bla-

500 1427 760 1500 sphemor
784 1426 1005 1499 ejus'rei
1046 1426 1221 1498 gratia
1238 1469 1252 1496 ,
1280 1443 1378 1498 pro
1401 1443 1506 1498 qua
1529 1428 1728 1499 gratias
1751 1431 1886 1499 ago?
1907 1449 1929 1473 ι›
1956 1428 2094 1497 Ego,

500 1518 699 1590 inquit,
743 1517 907 1572 libere
937 1516 1201 1588 participo
1239 1525 1516 1572 creaturas
1562 1516 1690 1584 Dei,
1725 1531 1822 1586 per
1863 1515 2094 1588 gratiam

503 1608 607 1664 Dei
639 1622 761 1680 quae
793 1621 880 1661 me
906 1606 1156 1662 stabilem
1187 1613 1242 1661 et
1278 1605 1503 1660 ﬁrmum
1534 1603 1681 1668 fecit,
1710 1604 1850 1660 adeo
1880 1613 1940 1660 ut
1963 1604 2096 1660 nihil

503 1697 787 1754 observem
821 1716 832 1751 :
865 1703 920 1750 at
953 1695 1185 1753 Graecus
1241 1694 1641 1750 conviciabitur
1691 1693 1849 1760 mihi,
1900 1695 2102 1766 quippe

502 1787 596 1859 qui
620 1785 876 1841 simulem
929 1800 1018 1839 me
1046 1783 1193 1839 idola
1247 1782 1412 1855 184
1447 1782 1675 1854 quidem
1709 1782 1919 1856 fugere,
1945 1793 2002 1840 et
2025 1793 2112 1839 ta-

500 1891 628 1934 men
651 1890 745 1946 per
759 1873 946 1946 gulam
969 1873 1048 1929 eis
1073 1871 1360 1928 immolata
1390 1871 1700 1929 comedam.
1723 1872 1884 1944 Quod
1903 1879 2090 1929 autem

498 1965 700 2039 adjicit,
728 1986 754 2012 α
813 1964 924 2019 Pro
953 1978 1064 2035 quo
1111 1962 1312 2034 gratias
1337 1978 1461 2034 ago,
1492 1985 1518 2011 ι
1573 1961 1892 2034 hujusmodi
1941 1972 2029 2019 est
2084 1980 2097 2016 :

497 2058 639 2128 Ego,
663 2051 867 2125 inquit,
908 2050 1108 2124 gratias
1130 2067 1232 2123 ago
1261 2053 1405 2118 Deo,
1437 2050 1591 2124 quod
1630 2051 1766 2107 adeo
1797 2067 1891 2108 me
1916 2053 2094 2109 excel-

501 2160 624 2201 sum
662 2142 812 2210 fecit,
863 2157 929 2197 ac
973 2140 1205 2197 Judaica
1233 2141 1549 2197 humilitate
1596 2140 1994 2208 sublimiorem,
2041 2149 2100 2197 ut

503 2234 826 2290 nullatenus
869 2229 1056 2286 laedar.
1091 2231 1321 2286 Graecus
1358 2237 1563 2299 autem,
1606 2238 1666 2285 ut
1708 2228 1839 2298 dixi,
1877 2229 2101 2286 scanda-

505 2324 703 2379 lizatur
738 2329 794 2376 et
841 2318 1213 2392 blasphemat.

575 2414 756 2469 Vnus.
790 2416 882 2466 31.
923 2433 950 2458 ι
1000 2409 1126 2465 Sive
1155 2424 1286 2481 ergo
1321 2409 1692 2473 manducatis,
1722 2410 1836 2465 sive
1879 2409 2100 2477 bibitis,

502 2502 614 2558 sive
633 2498 782 2556 aliud
805 2497 938 2571 quid
966 2496 1163 2566 facitis,
1187 2498 1376 2555 omnia
1406 2499 1460 2553 in
1485 2499 1717 2570 gloriam
1741 2499 1841 2554 Dui
1863 2497 2047 2555 facite.
2072 2521 2097 2548 ιι

504 2591 728 2658 Omnia,
761 2589 962 2661 inquit,
1004 2586 1163 2643 facite
1220 2587 1288 2644 ad
1329 2587 1560 2660 gloriam
1611 2589 1717 2644 Dei
1751 2608 1762 2643 :
1794 2590 1948 2660 quasi
1978 2603 2102 2660 quae

503 2697 655 2737 nunc
693 2680 831 2735 fiant
867 2695 897 2733 a
929 2677 1098 2746 vobis,
1141 2677 1208 2732 ad
1240 2678 1338 2732 Dei
1370 2678 1770 2733 contumeliam
1809 2679 1942 2745 sint,
1990 2679 2100 2734 imo

501 2769 681 2841 potius
722 2767 1142 2839 blasphemiam.
1170 2766 1470 2823 Manducat
1505 2782 1634 2840 ergo
1683 2767 1996 2838 quisquam,
2017 2767 2098 2823 vel

506 2859 645 2914 bibit
688 2857 741 2912 in
793 2857 1028 2929 gloriam
1063 2856 1180 2926 Dei,
1237 2855 1454 2927 quando
1510 2858 1791 2912 neminem
1841 2855 2099 2926 offendit,

505 2947 722 3020 quando
748 2963 862 3002 non
891 2954 952 3001 ut
985 2946 1208 3016 gulosus
1239 2953 1336 3002 aut
1360 2945 1654 3017 voluptatis
1683 2954 1926 3001 sectator
1965 2962 2100 3018 epu-

511 3038 688 3104 latur;
728 3035 824 3091 sed
849 3035 1000 3091 velut
1037 3035 1083 3090 is
1117 3036 1210 3105 qui
1261 3051 1463 3106 corpus
1495 3051 1823 3092 conservare
1854 3035 1983 3091 velit
2029 3033 2100 3092 ad

504 3126 719 3182 virtutis
757 3125 1155 3197 Operationem.
1197 3125 1443 3182 Omnino
1477 3132 1664 3180 autem
1708 3139 2102 3196 quamcunque

2199 619 2397 700 ήγαγεν
2429 641 2443 656 '

2283 735 2306 761 σι
2339 707 2462 768 Ἵνα
2493 707 2545 767 τί
2575 708 2677 790 γὰρ
2706 713 2740 781 ἦ
2789 708 3056 790 ἐλευθερία
3101 731 3203 785 μου
3235 706 3471 788 κρίνεται
3500 705 3603 766 ὕπὸ
3633 707 3803 779 ἄλλης

2205 798 2583 872 συνειδήσεως;
2617 825 2640 852 υ
2699 797 3044 877 Ἰἰλευθερίαν
3085 797 3147 856 τὸ
3181 795 3597 877 ἀπαρατήρητον
3626 795 3798 876 λέγει,

2205 885 2296 945 καὶ
2326 887 2616 948 ἀκώλυτον.
2669 886 2817 966 Ἐγὼ
2851 887 2946 966 μὲν
2989 885 3126 966 γὰρ’,
3158 887 3318 964 φησὶν
3339 931 3354 959 ,
3385 886 3670 966 ἐλευθέρως
3709 885 3804 945 καὶ

2207 975 2633 1056 ἀπαρατηρήτως
2686 976 2845 1036 ἐσθίω
2877 1001 2889 1014 °
2935 980 2964 1036 ὁ
3010 975 3064 1034 δὲ
3104 975 3312 1047 ’Ἕλλην
3347 983 3656 1052 κατακρινεῖ
3696 999 3762 1051 με
3785 1021 3804 1054 ,

2206 1065 2297 1124 καὶ
2325 1067 2433 1145 ἐρεῖ
2465 1089 2477 1104 ο
2510 1070 2691 1133 Μῦθος
2717 1068 2782 1126 τὰ
2826 1068 3168 1146 Χριστιανῶν
3208 1084 3221 1099 ⁶
3253 1063 3322 1123 τὰ
3351 1065 3548 1123 εἴδωλα
3586 1064 3804 1142 λέγουσι

2209 1156 2619 1234 βδελύττεσθαι,
2693 1155 2784 1216 καὶ
2849 1155 2917 1215 τὰ
2991 1157 3166 1222 αὐτοῖς
3235 1155 3464 1233 θυόμενα
3517 1155 3808 1235 προθύμως

2209 1244 2464 1305 ἐσθίουσιν
2475 1295 2488 1308 .

2296 1359 2324 1390 α
2359 1337 2426 1395 Εἰ
2453 1336 2558 1414 ἐγὼ
2600 1336 2782 1416 χάριτι
2827 1335 3068 1414 μετέχω,
3105 1334 3157 1393 τί
3205 1338 3632 1417 βλασφημοῦμαι
3670 1333 3809 1414 ὑπὲρ

2207 1416 2265 1484 οῦ
2297 1424 2400 1502 ἐγὼ
2442 1428 2770 1506 εὖγαριστῶς
2822 1449 2849 1483 ))
2884 1424 3032 1502 Ἐγὼ
3066 1424 3159 1500 μὲν
3192 1425 3430 1505 μετέχω,
3481 1424 3644 1505 φησὶ,
3691 1428 3798 1481 τῶν

2209 1521 2300 1572 τοῦ
2351 1517 2489 1575 Θεοῦ
2535 1515 2844 1590 κτισμάτων
2888 1513 3169 1591 ἐλευθέρως
3229 1513 3314 1572 διὰ
3365 1517 3463 1585 τὴν
3509 1513 3668 1594 χάριν
3713 1517 3807 1572 τοῦ

2210 1607 2352 1663 Θεοῦ
2404 1604 2499 1675 τὴν
2532 1605 2832 1674 ποιήσασάν
2889 1627 2954 1679 με
3004 1605 3212 1682 ἑδραῖον
3244 1603 3333 1662 καὶ
3374 1603 3616 1680 στερεὸν,
3665 1599 3809 1662 ὥστε

2217 1694 2380 1772 μηδὲν
2421 1702 2844 1775 παρατηρεῖσθαι
2875 1717 2888 1730 ·
2923 1695 3044 1752 ἀλλ’
3088 1697 3116 1752 δ
3157 1689 3370 1765 θΕλλην
3418 1692 3810 1774 βλασφημήσει

2220 1807 2318 1862 με,
2351 1787 2420 1850 ὡς
2467 1785 2878 1865 ὑποκρινόμενον
2932 1784 3142 1864 φεύγειν
3190 1782 3260 1842 τὰ
3308 1782 3545 1855 εἴδωλα,
3595 1783 3687 1842 καὶ
3719 1784 3809 1845 διὰ

2220 1875 2646 1954 γαστριμαργίαν
2680 1875 2838 1934 πάλιν
2875 1873 2940 1932 τὰ
2981 1877 3039 1931 ἐκ
3068 1873 3266 1932 τούτων
3299 1873 3558 1932 ἐσθίοντα.
3594 1873 3675 1933 Τὸ
3719 1873 3812 1950 δὲ,

2216 1991 2238 2016 α
2261 1963 2432 2045 ⁶Υπὲρ
2463 1956 2520 2023 οὗ
2552 1963 2655 2044 ἐγὼ
2687 1967 3008 2045 εὐχαριστῶ,
3032 1989 3056 2013 υ
3087 1961 3319 2022 τοιοῦτόν
3357 1964 3521 2034 ἐστιν,
3550 1961 3630 2020 ὅτι
3662 1961 3808 2042 Ἐγὼ

2211 2051 2306 2130 μὲν
2339 2056 2638 2133 εὐχαριστῶ
2665 2058 2739 2133 τῷ
2768 2055 2893 2134 Θεῷ
2915 2101 2930 2129 ,
2961 2051 3041 2111 ὅτι
3065 2054 3205 2111 οὕτω
3239 2075 3304 2128 με
3339 2050 3537 2132 ὑψηλὸν
3561 2051 3803 2126 ἐποίησε,

2211 2141 2303 2200 καὶ
2335 2142 2630 2214 Ἰουδαϊκῆς
2655 2144 3030 2216 ταπεινότητος
3063 2142 3320 2219 ἀνώτερον
3344 2186 3360 2212 ,
3392 2145 3462 2208 ὡς
3492 2142 3804 2218 μηδαμόθεν

2213 2232 2542 2310 βλάπτεσθαι
2570 2254 2582 2268 ⁸
2610 2231 2752 2306 ἀλλ’,
2793 2230 2922 2312 ὅπερ
2959 2232 3088 2313 ἔφην
3112 2278 3128 2306 ,
3163 2233 3191 2288 ὁ
3217 2229 3427 2302 Ἕλλην
3461 2231 3805 2300 σκανδαλίζε-

2209 2343 2298 2380 ται
2326 2321 2416 2380 καὶ
2450 2326 2787 2402 βλασφημεῖ.

2290 2440 2312 2463 ιι
2329 2411 2455 2472 Εἴτε
2471 2404 2559 2470 οὖν
2575 2415 2797 2486 ἐσθίετε,
2817 2410 2925 2470 εἴτε
2948 2411 3149 2483 πίνετε,
3176 2409 3281 2469 εἴτε
3308 2434 3356 2469 τι
3381 2417 3598 2482 ποιεῖτε,
3623 2409 3801 2471 πάντα

2209 2504 2277 2567 εἰς
2300 2501 2452 2568 δόξαν
2474 2504 2616 2562 Θεοῦ
2641 2503 2870 2562 ποιεῖτε.
2907 2529 2932 2555 υ
2969 2533 3050 2546 -
3087 2522 3116 2557 ι)
3157 2499 3348 2560 Πάντα
3369 2545 3386 2572 ,
3422 2500 3574 2580 φησὶ,
3599 2508 3804 2559 ποιεῖτε

2208 2593 2280 2658 εἰς
2329 2591 2478 2659 δόξαν
2511 2593 2690 2663 Θεοῦ,
2733 2594 2805 2658 ὡς
2836 2590 2901 2649 τά
2951 2613 3009 2668 γε
3053 2597 3142 2649 νῦν
3190 2590 3447 2666 γινόμενα
3492 2591 3620 2668 παρ’
3649 2592 3801 2664 ὑμῶν

2211 2679 2390 2748 ἀδοξία
2423 2681 2534 2739 ἐστὶ
2558 2686 2650 2739 τοῦ
2679 2682 2854 2757 Θεοῦ,
2889 2680 3092 2757 μᾶλλον
3126 2677 3180 2737 δὲ
3214 2679 3556 2759 βλασφημία.
3602 2676 3808 2738 Ἐσθίει

2209 2769 2265 2828 δέ
2302 2794 2380 2836 τις
2429 2771 2499 2836 εἷς
2549 2770 2698 2839 δόξαν
2731 2772 2873 2830 Θεοῦ
2918 2770 3009 2827 καὶ
3041 2768 3215 2839 πίνει,
3259 2768 3385 2825 ὅταν
3410 2767 3486 2844 μὴ
3512 2768 3597 2826 ἐπὶ
3630 2791 3808 2825 σκαν-

2209 2860 2356 2938 δάλῳ
2404 2859 2581 2932 τινὸς,
2633 2859 2758 2917 ὅταν
2796 2859 2870 2936 μὴ
2925 2857 3363 2937 γαστρίμαργος,
3411 2855 3446 2928 ἢ
3489 2858 3805 2937 φιλήδονος,

2210 2952 2328 3008 ἀλλ’
2357 2952 2426 3015 ὣς
2458 2952 2620 3008 θέλων
2671 2957 2986 3029 συγκρατεῖν
3028 2948 3089 3006 τὸ
3141 2951 3297 3022 σῶμα
3339 2946 3465 3026 πρὸς
3520 2946 3615 3017 τὴν
3646 2949 3810 3026 ἐργα-

2210 3039 2328 3098 σίαν
2361 3044 2453 3109 τῆς
2498 3041 2687 3116 ἀρετῆς
2722 3039 2799 3078 ⁴²·
2832 3040 2923 3098 καὶ
2949 3039 3132 3102 ἁπλῶς
3162 3036 3216 3093 δὲ
3265 3046 3370 3094 πᾶν
3402 3045 3630 3116 πρᾶγμα
3664 3043 3812 3095 ποιεῖ

2207 3153 2284 3194 τις
2307 3130 2378 3197 εἷς
2410 3127 2564 3196 δόξαν
2590 3130 2765 3202 Θεοῦ,
2789 3128 2915 3188 ὅταν
2949 3129 3088 3205 μήτε
3119 3126 3278 3184 ἄλλον
3315 3127 3529 3206 βλάπτῃ
3567 3127 3808 3184 σκανδα-

506 3232 625 3274 rem
675 3215 728 3270 in
757 3213 986 3286 gloriam
1028 3214 1129 3270 Dei
1179 3213 1455 3286 quispiam
1489 3214 1624 3285 agit,
1662 3214 1882 3286 quando
1917 3229 2099 3286 neque

2215 3219 2390 3292 λίζων,
2427 3217 2561 3294 μήτε
2585 3219 2789 3292 ἑαυτὸν,
2820 3211 2948 3294 οἷον,
2987 3221 3057 3285 ὡς
3103 3216 3546 3298 ἀνθρωπάρεσκος
3595 3218 3764 3275 ποιῶν
3791 3261 3810 3291 ,

507 3305 678 3361 alium
725 3304 986 3360 seandalo
1035 3303 1296 3375 quopiam
1332 3302 1497 3371 laedit,
1569 3319 1749 3375 neque
1816 3303 2106 3374 seipsum;

507 3409 710 3465 nempe
741 3393 1056 3449 hominibus
1101 3393 1316 3464 placere
1338 3391 1588 3462 studens,
1632 3393 1716 3448 vel
1785 3409 1852 3449 ex
1898 3391 2106 3449 affectu

511 3484 694 3554 aliquo
716 3482 1062 3554 perturbato.

582 3574 764 3629 Vnus.
801 3577 892 3627 32.
924 3595 950 3621 ιι
991 3572 1115 3628 Sine
1140 3570 1450 3628 offensione
1493 3579 1666 3628 estote
1718 3579 1773 3627 et
1807 3570 2014 3628 Judaais
2051 3579 2108 3628 et

513 3663 740 3730 Graecis,
777 3671 832 3718 et
877 3661 1130 3719 Ecclesia:
1165 3662 1281 3719 Dei.
1324 3685 1346 3710 ››
1374 3664 1493 3718 Hoc
1521 3670 1622 3728 est,
1655 3661 1864 3717 nullam
1892 3661 2106 3732 vitupe-

509 3753 737 3808 rationis
786 3753 1138 3808 occasionem
1183 3751 1390 3807 nemini
1432 3752 1760 3823 prabentes.
1811 3752 2108 3824 Continget

512 3851 695 3898 autem
724 3840 850 3910 hoc,
889 3841 934 3896 si
976 3857 1153 3912 neque
1182 3841 1458 3907 Judmum,
1508 3857 1682 3913 neque
1721 3843 1980 3898 Graecum
2026 3839 2108 3898 of-

507 3929 821 3998 fendamus,
846 3947 1024 4002 neque
1044 3933 1213 3986 etiam
1241 3929 1438 3985 fratres
1463 3948 1476 3982 :
1510 3945 1639 3985 nam
1669 3930 1742 3985 illi
1773 3939 1902 3986 sunt
1923 3930 2112 3986 Eccle-

517 4019 615 4077 sia:
657 4021 782 4076 Dei.
803 4020 1070 4088 Observa,
1097 4019 1244 4091 quod
1276 4019 1459 4090 majus
1479 4027 1582 4088 est,
1604 4020 1801 4074 ultimo
1845 4023 1966 4075 loco
1989 4035 2113 4090 pro-

518 4109 664 4164 tulit.
692 4112 832 4164 Nam
866 4117 923 4164 et
949 4108 1084 4164 alios
1097 4109 1166 4164 ad
1194 4106 1358 4162 ﬁdem
1396 4108 1668 4163 attrahere
1705 4108 1987 4175 convenit,
2011 4123 2112 4163 nec

513 4197 737 4252 interim
756 4205 940 4252 tamen
957 4196 1152 4253 fratres
1168 4197 1441 4269 persequi.
1475 4197 1690 4252 lndicat
1707 4206 1896 4252 autem
1917 4213 2114 4253 omnes

515 4301 581 4340 ex
622 4286 729 4341 hoc
757 4284 1020 4354 offensos,
1050 4286 1200 4358 quod
1248 4286 1525 4342 idolorum
1581 4286 1885 4342 immolatis
1930 4301 2108 4342 vesce-

518 4382 726 4431 rentur.

589 4467 761 4521 Vens.
794 4468 882 4520 33.
937 4488 961 4513 α
982 4465 1135 4522 Sicut
1163 4472 1218 4522 et
1241 4481 1340 4538 ego
1366 4481 1460 4536 per
1490 4466 1676 4521 omnia
1701 4467 1958 4522 omnibus
1998 4466 2111 4538 pla-

2214 3307 2248 3379 ἢ
2282 3307 2366 3366 διά
2394 3332 2512 3368 τινα
2542 3313 2757 3386 ἐμπαθῆ
2797 3306 3080 3386 λογισμόν.

2295 3599 2321 3626 «ι
2357 3570 2708 3648 Ἀπρόσκοποι
2740 3569 2945 3647 γίνεσθε
2977 3567 3066 3626 καὶ
3098 3566 3374 3632 Ἰουδαίοις
3409 3565 3500 3624 καὶ
3542 3561 3811 3638 ειἝλλησι,

2216 3659 2308 3719 καὶ
2356 3665 2421 3740 τῇ
2469 3658 2772 3740 Ἐκκλησία
2816 3663 2908 3716 τοῦ
2952 3661 3118 3717 Θεοῦ.
3149 3681 3177 3712 io
3204 3655 3498 3726 Τουτέστι,
3533 3652 3809 3729 μηδεμίαν

2220 3751 2406 3826 μηδενὶ
2425 3750 2590 3828 ψόγου
2607 3750 2659 3786 ’⁵³
2687 3748 3010 3826 παρέχοντες
3043 3744 3304 3826 ἀφορμήν.
3328 3740 3529 3805 Ἔσται
3547 3744 3608 3804 δὲ
3640 3749 3819 3815 τοῦτο,

2219 3839 2309 3898 ἐὰν
2353 3838 2490 3915 μήτε
2535 3838 2828 3909 Ἰουδαῖον,
2867 3840 3002 3914 μήτε
3039 3835 3292 3907 Ἕλληνα
3343 3836 3821 3909 σκανδαλίζωμεν,

2221 3929 2355 4006 μήτε
2401 3927 2506 4005 μὴν
2552 3926 2671 3994 τοὺς
2725 3928 2978 4008 ἀδελφούς
3015 3951 3027 3963 ·
3079 3917 3221 3983 οὗτοι
3273 3923 3376 4003 γὰρ
3422 3929 3460 4008 ᾗ
3514 3921 3818 3996 Ἐκκλησία

2220 4004 2310 4078 τοῦ
2347 4004 2510 4076 Θεοῦ’
2542 4015 2691 4096 ⁰¹Ορα
2725 4015 2814 4088 δὲ,
2839 4004 2900 4073 τὸ
2926 4016 3104 4091 μεῖζον
3138 4015 3365 4092 ἔσχατον
3401 4004 3516 4072 εἶπε
3546 4037 3561 4052 ’
3588 4013 3680 4072 καὶ
3710 4010 3818 4091 γὰρ

2221 4108 2310 4166 καὶ
2331 4105 2449 4173 τοὺς
2474 4106 2662 4172 ἄλλους
2684 4107 2994 4188 ἐφέλκεσθαι
3024 4104 3282 4182 προσήκει
3305 4102 3432 4182 πρὸς
3463 4105 3560 4172 τὴν
3583 4101 3766 4160 πίστιν
3803 4124 3818 4139 ο

2223 4199 2280 4255 οὐ
2337 4195 2441 4273 μὴν
2495 4195 2587 4254 καὶ
2643 4196 2762 4263 τοὺς
2819 4193 3072 4275 ἀδελφοὺς
3131 4192 3363 4254 διώκειν.
3421 4191 3710 4273 Ἐμφαίνει
3761 4191 3821 4250 δὲ

2223 4286 2423 4351 πάντας
2452 4287 2512 4343 ἐκ
2541 4287 2729 4346 τούτου
2769 4283 3306 4362 σκανδαλιζομένους,
3353 4283 3413 4341 ἐκ
3437 4286 3529 4341 τοῦ
3560 4281 3628 4342 τὰ
3665 4281 3820 4340 εἰδω-

2220 4375 2413 4435 λόθυτα
2444 4374 2659 4434 ἐσθίειν.

2307 4492 2330 4519 ιι
2372 4462 2563 4532 Καθὼς
2609 4463 2761 4542 κάγὼ
2802 4465 2982 4524 πάντα
3022 4471 3187 4521 πᾶσιν
3235 4461 3472 4542 ἀρέσκω,
3525 4460 3602 4538 μὴ
3645 4462 3819 4532 ζητῶν

520 4571 641 4622 ceo,
686 4571 799 4610 non
837 4570 1086 4626 quaerens
1133 4557 1280 4628 quod
1324 4554 1458 4609 mihi
1501 4555 1635 4609 utile
1687 4564 1790 4624 est,
1826 4555 1923 4612 sed
1960 4556 2103 4628 quod

2219 4557 2277 4614 τὸ
2304 4557 2536 4631 ἐμαυτοῦ
2569 4554 2866 4634 συμφέρον,
2902 4552 3041 4612 ἀλλὰ
3073 4551 3132 4610 τὸ
3154 4556 3258 4610 τῶν
3292 4553 3508 4610 πολλῶν
3531 4596 3548 4621 ,
3580 4546 3669 4607 ἵνα
3702 4572 3819 4608 σω-

516 4645 727 4713 multis,
759 4653 821 4699 ut
843 4645 980 4700 salvi
1012 4645 1164 4700 fiant.
1197 4645 1510 4700 lmitatores
1555 4644 1666 4699 mei
1706 4653 1903 4712 estote,
1956 4645 2104 4702 sicut

518 4741 574 4789 et
601 4749 704 4803 ego
727 4735 955 4790 Christi.
990 4759 1013 4782 υ
1046 4738 1346 4806 Postquam
1372 4735 1550 4806 magni
1578 4733 1859 4806 quidpiam
1882 4735 1986 4790 illis
2011 4735 2111 4790 im-

519 4831 794 4893 posuerat,
815 4811 940 4879 reOs
961 4839 1054 4879 eos
1080 4823 1282 4880 faciens
1299 4833 1353 4880 et
1367 4823 1690 4880 Judaeorum
1713 4834 1767 4879 et
1783 4827 2111 4882 Graecorum

516 4926 697 4976 noxae,
731 4911 973 4983 seipsum
992 4913 1045 4967 in
1072 4913 1316 4968 medium
1347 4913 1594 4984 protulit,
1615 4922 1676 4969 ut
1709 4915 1966 4969 ostendat
1988 4930 2102 4970 rem

517 5001 665 5056 haud
688 5016 805 5057 esse
826 5000 1128 5057 difficilem.
1153 5003 1258 5076 Qui
1292 5019 1416 5059 vero
1429 5019 1593 5059 suum
1617 5002 1973 5060 commodum
1997 5019 2110 5060 non

518 5091 812 5162 quaesierit,
829 5092 1000 5164 liquet
1045 5108 1109 5148 ex
1134 5093 1357 5160 multis,
1404 5108 1526 5165 quae
1557 5109 1722 5165 supra
1770 5109 2114 5152 commemo-

514 5180 674 5242 ravit.
706 5205 730 5229 «ι
772 5181 1068 5252 Omnibus,
1100 5205 1124 5232 »
1154 5182 1355 5255 inquit,
1388 5205 1414 5230 α
1455 5180 1630 5238 factus
1651 5198 1775 5238 sum
1807 5183 2028 5253 omnia;
2082 5209 2107 5235 ιο

516 5270 754 5326 maxime
806 5288 934 5328 vero
966 5289 1030 5328 ex
1055 5289 1120 5328 eo
1145 5273 1292 5345 quod
1321 5272 1526 5343 optavit
1554 5273 1844 5328 anathema
1866 5288 1985 5329 esse
2008 5293 2111 5348 pro

514 5355 801 5416 fratribus.
820 5384 843 5409 α
869 5362 1178 5418 lmitatores
1199 5387 1223 5410 »
1243 5363 1431 5434 igitur,
1450 5361 1650 5434 inquit,
1673 5386 1696 5409 ‹‹
1716 5363 1823 5418 mei
1840 5370 2038 5422 estote.
2059 5395 2108 5441 ιο,

519 5446 656 5504 Illud
694 5465 846 5518 vero,
891 5474 916 5499 α
967 5450 1457 5521 Quemadmodum
1486 5461 1541 5508 et
1575 5467 1676 5524 ego
1705 5452 1928 5520 Christi,
1972 5479 1996 5504 π
2043 5479 2113 5520 ne

2221 4650 2371 4707 θῶσι.
2402 4645 2653 4720 Μιμηταί
2689 4668 2789 4722 μου
2819 4643 3023 4721 γίνεσθε
3046 4688 3060 4717 ,
3101 4642 3272 4708 καθὼς
3301 4638 3454 4718 κάγὼ
3484 4643 3742 4719 Χριστοῦ.
3778 4660 3811 4697 n

2222 4733 2378 4795 Ἐπεὶ
2424 4735 2477 4792 δὲ
2509 4733 2560 4771 ⁸⁵³
2585 4733 2606 4753 “
2641 4733 2780 4811 μέγα
2827 4735 2997 4797 αὐτοῖς
3041 4730 3288 4799 ἐπέταξεν
3309 4777 3327 4807 ,
3369 4730 3683 4796 ὑπευθύνους
3717 4729 3822 4787 αὖ-

2221 4823 2335 4890 τοὺς
2375 4823 2543 4892 δείξας
2579 4823 2624 4864 “
2661 4824 2752 4882 καὶ
2798 4827 2892 4893 τῆς
2941 4819 3224 4892 Ἑλλήνων
3275 4818 3490 4890 καὶτῆς
3543 4817 3821 4878 Ἰουδαίων

2223 4913 2428 4993 βλάϐης
2454 4957 2470 4985 ,
2517 4912 2701 4971 ἑαυτὸν
2752 4914 2822 4979 εἷς
2852 4913 2912 4971 τὸ
2959 4910 3118 4987 μέσον
3155 4909 3504 4988 παρήγαγεν,
3539 4906 3626 4967 ἵνα
3676 4905 3821 4984 δείξῃ

2219 5004 2276 5060 τὸ
2325 5014 2552 5084 πρᾶγμα
2601 5001 2800 5083 ῥοίδιον.
2858 5004 2983 5068 Πῶς
3033 5002 3086 5058 δὲ
3112 5003 3232 5084 “oux
3276 4999 3448 5069 ἐζήτει
3503 4998 3564 5056 τὸ
3626 4999 3821 5084 ἑαυτοῦ

2223 5093 2487 5176 συμφέρον
2507 5139 2522 5167 ,
2553 5093 2611 5151 ἐκ
2641 5094 2852 5150 πολλῶν
2889 5093 3070 5162 δῆλον,
3105 5081 3177 5148 ῶν
3205 5090 3297 5148 καὶ
3322 5087 3609 5168 προλαϐὼν
3644 5074 3820 5159 εἶπεν,

2222 5182 2301 5241 ὅτι
2343 5211 2364 5234 α
2400 5186 2526 5248 Τοῖς
2555 5191 2688 5240 πᾶσι
2730 5181 2921 5259 γέγονα
2970 5180 3038 5240 τὰ
3068 5180 3245 5238 πάντα
3271 5197 3284 5212 ⁸
3323 5199 3353 5234 n
3396 5179 3634 5253 μάλιστα
3666 5175 3718 5234 δὲ
3767 5175 3826 5246 ἐξ

2222 5265 2294 5332 ῶν
2321 5272 2508 5340 εὔξατο
2539 5271 2778 5346 ἀνάθεμα
2813 5261 2946 5329 εἶναι
2979 5270 3111 5348 ὑπὲρ
3136 5273 3242 5327 τῶν
3274 5269 3516 5348 ἀδελφῶν
3541 5266 3615 5328 ⁴⁵.
3648 5292 3671 5317 α
3709 5268 3823 5325 Μι-

2225 5363 2392 5440 μηταί
2439 5383 2540 5438 μου
2593 5362 2820 5439 γίνεσθε.
2855 5381 2884 5416 ι)
2920 5361 3001 5419 Τὸ
3037 5360 3089 5417 δὲ
3115 5403 3129 5430 ,
3186 5379 3213 5413 α
3247 5355 3431 5421 Καθὼς
3485 5353 3637 5432 κάγὼ
3670 5359 3824 5434 Χρι-

2223 5458 2346 5513 στοῦ
2365 5498 2381 5525 ,
2413 5473 2441 5510 ι)
2489 5452 2564 5527 μή
2605 5448 2854 5519 ἀλαζόνος
2883 5448 3037 5528 λόγον
3065 5449 3118 5487 ⁴⁶
3145 5445 3376 5527 νοήσῃς,
3407 5445 3547 5505 ἀλλὰ
3585 5467 3824 5525 προτρε-

1912 5538 2103 5603 Varia:
2153 5547 2456 5605 lectiones.

587 5617 630 5650 ⁴²
681 5620 840 5688 ψυχῆς
889 5637 940 5676 o.

516 5697 559 5730 ⁵⁸
583 5697 740 5769 λόγου
769 5700 1014 5772 λογισμὸν
1051 5718 1110 5760 0.

1018 5621 1063 5655 ⁴³
1115 5624 1268 5695 λόγου
1321 5639 1374 5681 ο.
1449 5623 1542 5660 ⁸³*
1588 5624 1755 5693 ἐπειδὴ
1808 5644 1865 5684 0.
1940 5629 1983 5664 “
2018 5635 2224 5704 ποιήσας
2246 5650 2297 5690 0.

2379 5631 2420 5666 ⁸⁵
2451 5631 2521 5684 Τὸ
2562 5629 2642 5696 δὲ,
2700 5629 2910 5702 μιμηταί
2969 5647 3065 5699 μου
3111 5629 3241 5700 γίνε.
3296 5627 3460 5688 καθὼς
3507 5624 3592 5679 κά.
3645 5624 3704 5681 Χ.
3765 5640 3824 5682 0.
