4110 6416
449 433 551 487 693

1367 432 1724 489 EXPOSITIO
1764 435 1829 489 IN
1869 431 2075 489 EPIST.
2122 432 2141 486 l
2178 432 2284 500 AD
2308 431 2468 488 COR.
2507 461 2576 471 —-
2612 431 2762 488 CAP.
2804 432 2866 486 X.

3654 434 3758 489 694

444 555 678 635 πομένου
710 559 916 635 μᾶλλον
941 562 1015 627 εἷς
1055 557 1163 631 τὴν·
1187 557 1431 636 μίμησιν.
1477 562 1546 620 Εἰ
1577 559 1679 640 γὰρ
1710 558 1817 639 ἐγὼ
1837 605 1854 635 ,
1882 558 2046 636 φησὶ,

2158 563 2318 628 putes
2363 556 2667 629 arrogantis
2697 571 2820 613 esse
2847 570 3182 621 sermonem,
3205 571 3397 614 verum
3416 557 3761 615 adhortantis

448 648 684 728 Χριστὸν
734 649 1090 726 ἐμιμησάμην
1141 649 1230 708 τὸν
1277 650 1762 730 καταφρονήσαντα
1811 651 1902 708 xui
1953 652 2046 719 τῆς

447 740 638 795 ἑαυτοῦ
694 741 829 810 ζωῆς
880 740 1016 817 ὑπὲρ
1076 744 1168 799 τοῦ
1213 742 1371 811 ζῆσαι
1425 745 1598 813 ὑμᾶς,
1647 738 1797 819 πόσῳ
1843 740 2045 815 μᾶλλον

448 829 600 902 ὑμεῖς
627 826 723 903 ἐμέ
746 846 763 901 ;
792 828 873 887 Οὐ
906 827 1009 907 γὰρ
1038 834 1289 888 τοσοῦτον
1320 826 1425 907 ἐγὼ
1447 831 1595 907 ὑμῶν
1626 830 1901 908 κρείττων,
1924 827 2046 888 ὅσον

444 919 645 985 ἐκεῖνος
677 917 838 994 ἐμοῦ,
872 918 902 975 6
927 918 1143 976 πάντων
1177 920 1510 999 ἀσυγκρίτως
1544 918 1842 999 ὑπερέχων.

1019 1107 1313 1169 ΚΕΦΑΛ.
1359 1107 1480 1170 IA'.

528 1258 556 1285 α
582 1231 831 1293 Ἐπαινῶ
879 1230 934 1290 δὲ
963 1234 1133 1307 ὑμᾶς,
1183 1230 1439 1313 ἀδελφοὶ,
1470 1231 1552 1291 ὅτι
1578 1231 1754 1291 πάντα
1803 1256 1905 1309 μου
1946 1229 2047 1309 μέ-

446 1326 679 1397 μνησθε.
719 1349 744 1375 ιι
773 1318 1002 1393 Ἐπειδὴ
1033 1322 1121 1381 τὸν
1154 1322 1275 1402 περὶ
1326 1325 1429 1380 τῶν
1480 1320 1838 1381 εἰδωλοθύτων
1890 1323 2048 1401 λόγον

446 1409 747 1492 ἀπήρτισε,
795 1410 918 1489 περὶ
966 1410 1215 1487 μεγάλων
1266 1410 1428 1486 ὄντα,
1488 1418 1580 1470 νῦν
1626 1410 1941 1492 κουφότερόν
1994 1434 2047 1471 τι

445 1499 750 1581 ἁμάρτημα
777 1501 1093 1580 διορθοῦται.
1135 1499 1306 1560 Εἴωθε
1335 1500 1438 1579 γὰρ
1471 1501 1668 1579 μεταξὺ
1701 1506 1805 1559 τῶν
1839 1500 2045 1580 βαρέων

444 1587 515 1647 τὰ
558 1591 852 1670 κουφότερα
896 1590 1267 1669 ἁμαρτήματα
1314 1589 1536 1651 τιθέναι.
1569 1592 1642 1652 Τί
1676 1593 1729 1649 δὲ
1761 1596 1917 1649 τοῦτο
1947 1581 2044 1664 ἧν;

450 1682 523 1738 Αἱ
573 1678 669 1755 μὲν
705 1688 949 1755 γυναῖκες
997 1680 1438 1739 ἀκατακάλυπτοι
1474 1681 1525 1720 ⁴⁷
1572 1681 1663 1739 xui
1694 1679 1922 1760 ηὔχοντο
1953 1681 2046 1739 καὶ

446 1768 810 1849 προεφήτευον
878 1768 998 1845 (xui
1071 1769 1173 1848 γὰρ
1228 1770 1320 1827 καὶ
1379 1774 1627 1848 γυναῖκες
1687 1771 2042 1849 προεφήτευον

443 1858 599 1935 τότε)
625 1877 641 1894 ⁸
672 1862 721 1917 οἱ
749 1857 805 1916 δέ
837 1858 1020 1938 ἄνδρες
1043 1858 1251 1935 ἐκόμων
1279 1909 1291 1929 ,
1324 1858 1417 1918 ἅτε
1451 1863 1503 1919 ἐν
1536 1861 1822 1941 φιλοσοφίᾳ
1848 1859 2047 1939 διατρί-

444 1950 667 2026 ψαντες,
697 1948 789 2006 καὶ
813 1946 896 2006 ὅτε
927 1948 1175 2030 ηὔχοντο,
1198 1948 1291 2008 xui
1318 1948 1403 2008 ὅτε
1424 1950 1807 2030 προεφήτευον.
1852 1953 2044 2010 Ταῦτα

445 2035 501 2095 ὃὲ
551 2034 773 2097 Ἑλλτνι
837 2042 871 2056 ’⁸
966 2038 978 2057 ’
1116 2029 1153 2111 ἦ
1321 2036 1388 2099 Ἐ
1464 2042 1475 2061 ³
1560 2031 1593 2065 τ
1777 2040 1797 2098 i
1923 2040 1935 2060 ’

478 2082 502 2095 ..
708 2076 719 2105 ι
775 2061 871 2097 κου
920 2062 1085 2113 νομου
1157 2062 1272 2100 σαν.
1392 2063 1482 2099 πει
1532 2064 1622 2099 ουν
1676 2062 1775 2121 περ
1848 2062 2043 2098 τουτων

442 2126 745 2205 παρῄνεσεν
776 2127 991 2203 αὐτοῖς,
1044 2127 1170 2195 ἴσως
1214 2127 1303 2189 ὅτε
1346 2135 1561 2208 παρ’ἧν,
1594 2130 1645 2198 ἐξ
1682 2133 1854 2188 αὐτῶν
1902 2127 1955 2188 δὲ
1997 2130 2044 2187 οἱ

446 2214 547 2292 μὲν
594 2215 932 2289 ὑπήκουσαν,
966 2218 1013 2275 οἱ
1064 2217 1120 2276 δὲ
1179 2218 1518 2291 ἠπείθησαν·
1573 2221 1704 2301 φησὶ
1755 2218 1884 2301 περὶ
1938 2222 2044 2277 τῶν

444 2306 822 2364 ὑπακουόντων
855 2304 932 2379 ⁴⁸,
967 2303 1050 2365 ὅτι
1084 2306 1363 2367 «Ἐπαινῶ
1397 2311 1571 2385 ὑμᾶς,
1615 2306 1696 2368 ὅτι
1722 2309 1897 2368 πάντα
1942 2332 2044 2385 μου

2076 1995 2126 2060 Β

2156 646 2339 718 potius
2352 645 2424 701 ad
2450 646 2840 702 imitationem.
2872 647 2926 701 Si
2951 646 3098 701 enim
3118 662 3243 718 ego,
3264 646 3460 719 inquit,
3480 648 3759 705 Christum

2156 736 2406 793 imitatus
2443 752 2587 805 sum,
2633 737 2726 809 qui
2756 736 2929 792 vitam
2974 752 3131 792 suam
3169 738 3523 809 contempsit,
3567 747 3631 793 ut
3657 754 3761 795 nos

2158 826 2422 894 vivamus,
2444 836 2651 898 quanto
2673 826 2853 899 potius
2871 842 2966 882 vos
2978 842 3069 882 me
3085 826 3431 882 imitabimini
3446 830 3469 881 Ρ
3483 830 3601 883 Non
3615 828 3761 884 enim

2157 930 2258 987 ego
2288 923 2441 971 tanto
2489 932 2614 971 sum
2664 917 2865 971 melior
2911 916 3088 983 vobis,
3133 923 3345 988 quanto
3383 916 3471 972 ille
3518 932 3628 987 me,
3667 918 3761 990 qui

2155 1019 2352 1061 omnes
2374 1003 2878 1078 incomparabiliter
2894 1005 3186 1061 antecellit.

2774 1131 3008 1188 CAPUT
3034 1132 3135 1187 XI.

2227 1240 2411 1295 Vens.
2448 1244 2498 1294 1.
2537 1261 2562 1287 α
2603 1237 2795 1294 Laudo
2842 1246 3027 1295 autem
3056 1254 3175 1307 vos,
3223 1238 3441 1305 fratres,
3479 1240 3630 1312 quod
3669 1256 3765 1313 per

2158 1328 2345 1384 omnia
2374 1328 2485 1383 mei
2517 1344 2796 1384 memores
2815 1328 2961 1384 estis.
2988 1350 3014 1377 ιο
3047 1327 3320 1384 Absoluto
3348 1328 3417 1385 de
3444 1328 3765 1403 idolothytis

2158 1432 2443 1485 sermone,
2477 1418 2679 1489 quippe
2727 1419 2824 1488 qui
2870 1417 2939 1473 de
2990 1419 3213 1490 magnis
3243 1427 3381 1487 erat,
3412 1435 3560 1475 nunc
3588 1419 3764 1476 levius

2156 1505 2437 1579 quoddam
2469 1516 2751 1578 peccatum
2777 1506 2938 1578 185
2959 1508 3200 1580 corrigit.
3232 1509 3373 1563 Nam
3399 1508 3542 1564 inter
3570 1508 3764 1564 delicta

2156 1597 2426 1668 graviora,
2466 1596 2670 1651 leviora
2700 1597 2965 1651 collocare
2994 1598 3153 1652 solet.
3210 1597 3355 1668 Quid
3399 1608 3583 1653 autem
3615 1597 3763 1653 istud

2156 1685 2290 1741 ﬁet?
2333 1685 2577 1741 Femina
2601 1685 2822 1756 quidem
2855 1701 2963 1740 non
2995 1686 3172 1740 velato
3201 1687 3380 1757 capite
3410 1687 3665 1753 orabant,
3696 1702 3761 1742 ac

2157 1773 2590 1830 vaticinabantur
2614 1776 2765 1843 (nam
2795 1782 2850 1828 et
2876 1773 3091 1830 femina
3124 1783 3255 1829 tunc
3283 1773 3587 1846 prophetia
3616 1775 3763 1832 dono

2156 1865 2317 1920 clara
2358 1869 2557 1931 erant),
2585 1863 2679 1918 viri
2720 1873 2928 1932 autem,
2958 1864 3159 1934 quippe
3201 1865 3293 1935 qui
3326 1864 3383 1918 in
3415 1864 3760 1935 philoSOphia

2159 1953 2359 2009 versati
2400 1961 2607 2024 essent,
2650 1969 2869 2008 comam
2930 1951 3273 2019 nutriebant,
3337 1969 3466 2008 cum
3532 1951 3757 2023 quando

2150 2050 2396 2110 orarent,
2414 2052 2536 2099 tum
2560 2042 2782 2114 quando
2802 2042 3212 2113 prophetarent.
3240 2043 3375 2098 Hac
3397 2057 3525 2097 vero
3542 2043 3757 2099 Graca

2151 2132 2564 2187 consuetudinis
2594 2140 2773 2187 erant.
2807 2132 2945 2202 Quia
2997 2131 3159 2202 igitur
3210 2130 3278 2187 de
3328 2131 3473 2187 hisce
3528 2147 3623 2187 eos
3659 2130 3759 2187 ad-

2152 2230 2467 2293 monuerat,
2510 2220 2695 2277 forsan
2738 2236 2865 2277 cum
2915 2229 3119 2293 prasto
3162 2228 3326 2288 esset,
3358 2230 3519 2293 atque
3564 2236 3757 2276 eorum

2153 2311 2377 2383 quidam
2406 2311 2495 2365 alii
2522 2312 3058 2381 obtemperaverant,
3105 2310 3192 2365 alii
3232 2326 3360 2366 vero
3395 2327 3507 2365 non
3542 2310 3759 2366 obtem-

446 2395 741 2471 μέμνησθε.
778 2423 802 2447 ι
851 2395 1042 2455 Καίτοι
1090 2420 1148 2472 γε
1200 2396 1255 2455 ἓν
1312 2389 1376 2468 ἧν
1428 2404 1611 2470 τοῦτο,
1659 2398 1780 2477 περὶ
1830 2402 1917 2457 τοῦ
1969 2398 2045 2475 μὴ

2155 2408 2505 2471 paraverant;
2537 2399 2607 2455 de
2655 2399 3041 2455 obedicutibus
3071 2398 3269 2470 inquit,
3317 2423 3341 2447 α
3378 2398 3571 2454 Laudo
3630 2414 3746 2469 vos,

443 2491 621 2563 κομᾷν
676 2484 793 2550 τοὺς
822 2484 1015 2567 ἄνδρας
1052 2507 1065 2521 ⁸
1112 2485 1231 2543 ἀλλ’
1262 2488 1405 2564 ὅμως
1452 2488 1641 2561 αὐτὸς,
1692 2513 1715 2538 κ
1761 2486 1981 2559 Πάντα,
2014 2513 2039 2538 ν

444 2571 611 2654 φησὶ,
655 2596 684 2630 (ι
708 2572 981 2651 μέμνησθέ
1014 2597 1132 2651 μου.
1172 2596 1202 2633 ι)
1262 2573 1364 2634 Ἀεὶ
1410 2576 1512 2657 γὰρ
1543 2574 1695 2635 εἴωθε
1733 2579 1905 2657 σοφῶς
1932 2600 2049 2651 μα-

442 2664 659 2722 λάττειν
708 2672 817 2731 τοῖς
852 2664 1088 2732 ἐπαίνοις
1134 2663 1253 2733 τοὺς
1286 2663 1393 2724 ἀπὸ
1442 2664 1641 2725 τούτων
1696 2668 2050 2745 βελτιωθῆναι

444 2752 941 2831 προσδοκωμένους.

535 3030 561 3057 α
599 3004 709 3066 Καὶ
734 3005 909 3075 καθὼς
937 3006 1227 3086 παρέδωκα
1257 3013 1379 3086 ὑμῖν
1409 3054 1424 3083 ,
1467 3007 1561 3076 τὰς
1597 3007 1922 3088 παραδόσεις
1950 3034 2046 3070 κα·

446 3092 657 3173 τέχετε.
710 3122 735 3149 ι
761 3096 1043 3157 Ἐντεῦθεν
1097 3100 1292 3171 δῆλον,
1337 3098 1417 3157 ὅτι
1448 3097 1538 3157 καὶ
1579 3099 1829 3181 ἀγράφως
1873 3099 2051 3161 πολλὰ

446 3183 729 3263 παρέδωκε
753 3189 844 3248 καὶ
876 3186 1031 3256 αὐτὸς
1067 3187 1157 3246 xui
1193 3190 1244 3247 οἱ
1279 3188 1460 3247 λοιποὶ
1493 3186 1803 3251 ἀπόστολοι.

535 3387 567 3421 ι
596 3365 756 3428 Θέλω
786 3366 840 3425 δὲ
874 3370 1013 3446 ὑμᾶς
1055 3366 1250 3427 εἰδέναι
1271 3415 1288 3442 ,
1329 3367 1412 3426 ὅτι
1441 3367 1636 3435 παντὸς
1678 3367 1861 3451 ἀνδρὸς
1895 3373 1929 3443 ἧ
1961 3394 2052 3430 κε-

448 3452 596 3535 φαλὴ
642 3459 670 3514 6
692 3458 922 3535 Χριστός
964 3460 1099 3516 ἐστι.
1135 3484 1158 3509 υ
1196 3462 1355 3517 Δοκεῖ
1385 3455 1519 3534 μὲν,
1554 3456 1674 3516 ὅσον
1707 3460 1767 3517 ἐκ
1808 3463 1904 3530 τῆς
1929 3462 2050 3519 ἀκο-

444 3546 659 3613 λουθίας
712 3547 1051 3623 διαλέγεσθαι
1098 3548 1228 3628 πρὸς
1285 3546 1404 3615 τοὺς
1452 3549 1540 3606 ὑπ’
1584 3550 1745 3607 αὐτοῦ
1796 3551 2046 3608 ἐπαινου-

447 3632 637 3712 μένους
668 3636 756 3693 ἐπὶ
788 3640 865 3718 τῷ
892 3639 1139 3717 κατέχειν
1186 3637 1279 3703 τὰς
1322 3637 1648 3717 παραδόσεις
1670 3660 1683 3674 ο
1712 3642 1777 3718 τῇ
1827 3638 2048 3719 ἀληθείᾳ

444 3725 538 3803 δὲξ,
567 3724 689 3792 τοὺς
729 3726 1123 3797 ἀπειθήσαντας
1170 3726 1737 3809 διορθοῦταιηΠαντὸς
1779 3726 1833 3785 δὲ
1866 3728 2051 3809 ἀνδρὸς

448 3812 692 3893 ἀκούων,
734 3820 825 3874 τοῦ
856 3819 1050 3874 πιστοῦ
1080 3815 1188 3874 νόει
1222 3816 1460 3896 κεφαλὴν
1491 3805 1626 3873 εἶναι
1670 3817 1758 3875 τὸν
1783 3817 2045 3895 Χριστόν.

445 3905 521 3963 Οἱ
551 3903 655 3984 γὰρ
679 3904 860 3964 πιστοί
886 3907 1043 3982 ἐσμεν
1070 3908 1232 3983 σῶμα
1265 3907 1423 3964 αὐτοῦ
1450 3952 1467 3978 ,
1501 3906 1620 3985 οὐχὶ
1644 3906 1735 3963 καὶ
1761 3909 1806 3965 οἱ
1831 3903 2050 3978 "Enn-

444 4016 529 4060 νες
555 4017 569 4030 ·
598 3991 736 4054 ὥστε
765 3992 881 4053 οὐδὲ
911 3993 1118 4077 κεφαλὴ
1149 3994 1362 4053 ἐκείνων
1397 3998 1426 4055 6
1460 3994 1719 4077 Χριστός.

539 4198 563 4224 κ
592 4171 816 4254 Κεφαλή
849 4173 904 4231 δὲ
932 4174 1177 4250 γυναικὸς
1227 4176 1255 4232 6
1285 4174 1421 4254 ἀνήρ
1442 4196 1455 4211 ο
1487 4173 1693 4256 κεφαλὴ
1726 4172 1779 4234 δὲ
1811 4178 2048 4256 Χριστοῦ

456 4264 488 4318 6
515 4261 675 4329 Θεός.
698 4290 722 4315 ιι
752 4263 976 4339 Κεφαλὴ
1004 4264 1253 4341 γυναικὸς
1285 4269 1313 4324 6
1341 4263 1508 4344 ἀνὴρ,
1552 4263 1640 4324 διὰ
1668 4265 1728 4323 τὸ
1757 4265 2047 4375 κατάρχειν

492 4352 509 4372 Ἰ
552 4354 585 4368 ~
680 4353 726 4375 ν
880 4359 911 4373 Ν
945 4352 991 4375 8‘
1168 4358 1185 4373 ἢ
1212 4354 1225 4375 \
1274 4357 1290 4375 ι
1330 4358 1378 4375 n
1414 4355 1427 4375 ἵ
1526 4357 1549 4375 Ν
1583 4355 1595 4375 \
1669 4354 1682 4374 \
1754 4353 1777 4375 ν

450 4352 614 4421 αὐτῆς
636 4376 649 4388 ·
680 4353 912 4433 Χριστοῦ
941 4352 995 4411 δὲ
1031 4354 1235 4435 κεφαλὴ
1270 4357 1297 4412 6
1327 4355 1493 4424 Θεὸς,
1521 4355 1609 4413 διὰ
1635 4354 1694 4413 τὸ
1720 4353 1882 4422 αἴτιος
1914 4352 2048 4415 εἶναι

445 4441 642 4519 αὐτοῦ,
672 4444 743 4510 ὣς
787 4442 979 4522 Πατὴρ
1021 4444 1175 4503 Υἱοῦ.
1210 4445 1293 4503 Οὐ
1324 4446 1399 4503 δεῖ
1428 4444 1531 4523 γὰρ
1562 4443 1630 4501 τὰ
1660 4446 1783 4522 περὶ
1814 4447 2049 4525 κεφαλῆς

445 4532 697 4610 εἰρημένα
727 4532 923 4608 ὁμοίως
953 4535 1044 4591 xui
1090 4533 1178 4593 ἐπὶ
1220 4535 1459 4614 Χριστοῦ
1489 4532 1848 4611 ἐκλαμϐάνειν
1879 4554 1893 4568 ⁸
1926 4536 2045 4594 ἀλλ’

442 4623 599 4697 ἡμῶν
632 4620 727 4698 μὲν
774 4621 978 4703 κεφαλὴ
1029 4625 1057 4680 6
1097 4625 1362 4705 Χριστὸς,
1416 4622 1505 4681 καὶ
1551 4626 1621 4690 ὡς
1663 4624 1997 4703 Δημιουργὸς
2022 4668 2040 4698 ,
2071 4619 2124 4682 D

442 4709 539 4769 xui
566 4713 635 4777 ὡς
660 4710 908 4787 σώματος
954 4713 1114 4771 αὐτοῦ
1171 4714 1337 4771 ὄντων
1389 4715 1582 4789 ἡμῶνο
1629 4717 1656 4771 6
1706 4712 1759 4771 δὲ
1812 4714 2042 4795 Πατὴρ,

442 4800 680 4880 Χριστοῦ
706 4801 943 4882 κεφαλὴ,
978 4805 1049 4869 ὣς
1096 4802 1261 4871 αἴτιος
1306 4804 1484 4860 αὐτοῦ.
1536 4803 1605 4860 Εἰ
1660 4802 1714 4861 δὲ
1761 4802 1853 4861 xui
1904 4804 2043 4861 κατὰ

443 4887 775 4968 ἀνθρώπινον
819 4890 1066 4959 ἐκλάϐοις
1093 4891 1257 4959 οὕτως
1289 4894 1530 4969 εἰρῆσθαι
1578 4890 1667 4950 τὸν
1700 4892 1920 4971 Πατέρα
1949 4897 2040 4951 τοῦ

443 4980 679 5056 Χριστοῦ
734 4980 1000 5060 κεφαλὴν,
1052 4978 1233 5061 ὥσπερ
1288 4980 1442 5047 αὐτὸς
1490 4983 1519 5039 6
1561 4982 1799 5061 Χριστὸς
1848 4980 2041 5062 ἐλέχθη

439 5071 598 5144 ἡμῶν
627 5070 873 5149 κεφαλὴ,
908 5068 1053 5128 οὐδὲν
1098 5070 1286 5135 ἀσεϐές
1308 5093 1322 5106 ⁸
1354 5068 1469 5127 ἐπεὶ
1498 5071 1589 5128 xui
1619 5071 1758 5139 Θεὸς
1789 5073 1815 5127 6
1846 5069 2044 5151 Πατὴρ

438 5158 658 5235 λέγεται
684 5163 778 5216 τοῦ
828 5160 1065 5238 Χριστοῦ
1095 5161 1237 5219 κατὰ
1282 5159 1342 5217 τὸ
1371 5158 1721 5240 ἀνθρώπινον.
1752 5159 1909 5220 Ἐπεὶ
1939 5159 2041 5240 γὰρ

441 5253 575 5325 ἡμῖν
616 5249 927 5326 ὡμοιῶσθαι
974 5248 1025 5286 ⁴⁹
1072 5246 1418 5322 κατεδέξατο,
1459 5250 1551 5308 καὶ
1601 5248 1826 5330 ἀδελφὸς
1882 5252 2037 5326 ἡμῶν

441 5336 775 5418 ἐχρημάτισε
820 5338 911 5397 xui
940 5338 1177 5417 κεφαλὴ,
1223 5338 1373 5396 οὐδὲν
1420 5337 1597 5398 καινὸν
1649 5341 1693 5397 εἰ
1729 5337 1819 5397 xui
1852 5337 1919 5397 τὰ
1949 5342 2044 5409 τῆς

440 5425 815 5496 ταπεινώσεως
844 5426 1084 5506 ὀνόματα
1122 5425 1484 5509 καταδέχεται
1512 5426 1585 5507 ⁵ο,
1632 5429 1725 5488 καὶ
1754 5427 1842 5488 τὸν
1890 5428 2030 5488 κατὰ

2153 2489 2302 2562 quod
2329 2506 2423 2561 per
2461 2489 2649 2544 omnia
2698 2489 2807 2544 mei
2840 2504 3111 2544 memores
3141 2488 3295 2544 estis.
3332 2511 3358 2537 ν
3409 2489 3582 2559 Atqui
3614 2488 3757 2544 inter

2155 2587 2352 2635 catera
2398 2579 2541 2635 istuc
2587 2595 2762 2634 unum
2792 2586 2932 2643 erat,
2976 2577 3045 2633 de
3085 2593 3244 2633 coma
3289 2593 3405 2633 non
3461 2577 3758 2633 nutrienda

2155 2685 2252 2741 per
2281 2669 2464 2735 viros;
2493 2668 2607 2739 ipse
2633 2676 2815 2723 tamen
2862 2691 2887 2715 «ι
2920 2670 3021 2723 Per
3051 2666 3257 2735 omnia,
3292 2690 3316 2716 ιι
3349 2667 3553 2739 inquit,
3588 2690 3613 2715 α
3645 2667 3753 2723 mei

2157 2758 2507 2813 meministis.
2546 2780 2571 2807 ιι
2604 2760 2833 2828 Semper
2861 2757 3010 2812 enim
3034 2757 3311 2828 sapienter
3336 2756 3633 2827 praconiis
3662 2772 3758 2813 eos

2158 2848 2328 2904 lenire
2357 2848 2517 2918 solet,
2556 2846 2625 2903 de
2652 2846 2856 2918 quibus
2894 2862 3021 2917 spes
3062 2854 3165 2914 est,
3196 2847 3346 2919 quod
3372 2862 3467 2919 per
3494 2846 3594 2901 ista
3627 2861 3757 2918 pos-

2158 2937 2271 2993 sint
2294 2937 2354 2992 in
2385 2936 2668 2993 meliorem
2689 2944 2897 2992 statum
2921 2935 3115 3008 redigi.

2229 3028 2403 3083 Vsus.
2431 3031 2484 3081 2.
2521 3050 2546 3075 α
2603 3025 3089 3096 Quemadmodum
3137 3023 3339 3081 tradidi
3364 3024 3540 3091 vobis,
3591 3023 3763 3082 tradi-

2156 3117 2337 3172 tiones
2371 3116 2690 3172 continetis.
2720 3139 2745 3164 »
2775 3116 2920 3171 Hinc
2936 3114 3286 3186 perspicuum
3320 3112 3402 3182 ﬁt,
3425 3112 3573 3185 quod
3612 3112 3760 3170 haud

2164 3222 2334 3279 pauca
2404 3206 2522 3263 sine
2570 3205 2791 3278 scriptis
2834 3205 3169 3263 tradiderint
3193 3213 3249 3260 et
3300 3204 3414 3276 ipse
3450 3212 3508 3260 et
3562 3202 3758 3275 reliqui

2159 3296 2413 3368 apostoli.

2232 3388 2414 3441 Vens.
2442 3390 2494 3440 8.
2532 3407 2558 3433 α
2590 3383 2729 3440 Volo
2758 3391 2945 3439 autem
2975 3398 3074 3439 vos
3100 3383 3259 3449 scire,
3298 3380 3447 3453 quod
3470 3381 3763 3454 cujuslibet

2159 3473 2257 3529 viri
2283 3482 2448 3544 caput
2473 3472 2722 3528 Christus
2751 3480 2850 3527 est.
2905 3495 2930 3521 ι»
2962 3471 3199 3527 Videtur
3223 3470 3447 3542 quidem
3477 3480 3755 3543 quantum

2158 3579 2191 3620 a
2228 3562 2525 3619 verborum
2579 3560 2966 3633 consequentia
2995 3560 3289 3633 colligitur,
3340 3559 3413 3615 ad
3452 3575 3548 3616 eos
3595 3559 3761 3617 verba

2158 3650 2356 3720 facere,
2398 3666 2542 3723 quos
2587 3666 2652 3706 eo
2682 3648 2948 3717 laudavit,
2987 3648 3136 3721 quod
3161 3658 3431 3720 pracepta
3455 3649 3567 3704 sive
3589 3648 3759 3705 tradi-

2156 3741 2333 3797 tiones
2380 3740 2758 3797 observassent
2801 3756 2817 3794 :
2869 3754 3058 3795 revera
3118 3745 3303 3793 autem
3369 3738 3760 3811 immorigeros

2158 3829 2403 3902 corrigit.
2429 3831 2571 3887 Cum
2600 3844 2732 3885 vero
2773 3827 3068 3901 cujuslibet
3103 3826 3199 3882 viri
3220 3833 3385 3897 caput
3432 3841 3549 3882 esse
3592 3826 3759 3882 Chri-

2157 3929 2309 3977 stum
2336 3918 2512 3985 audis,
2565 3918 2633 3974 de
2661 3917 2806 3973 fideli
2846 3918 2988 3973 istuc
3038 3915 3333 3988 intelligas.
3389 3918 3531 3971 Nam
3570 3915 3759 3972 ﬁdeles

2160 4025 2262 4066 nos
2292 4024 2486 4065 sumus
2515 4023 2713 4080 corpus
2742 4007 2947 4079 ipsius;
2985 4022 3100 4063 non
3124 4013 3313 4061 autem
3349 4005 3530 4061 Graci
3553 4003 3757 4062 inlide-

2157 4101 2239 4157 les
2268 4116 2283 4156 :
2307 4115 2481 4171 quare
2506 4114 2607 4154 nec
2628 4105 2795 4169 caput
2824 4096 3047 4152 illorum
3088 4094 3356 4152 Christus.

2233 4212 2260 4239 α
2300 4190 2474 4260 Caput
2515 4197 2701 4244 autem
2730 4185 2981 4242 mulieris
3010 4186 3120 4253 vir;
3168 4192 3331 4256 caput
3374 4200 3503 4240 vero
3554 4185 3759 4241 Christi

2159 4283 2328 4337 Deus.
2371 4301 2395 4327 ιι
2442 4278 2620 4350 Caput
2658 4276 2843 4333 uxoris
2872 4275 3105 4332 maritus
3160 4284 3265 4343 est,
3292 4283 3576 4346 propterea
3605 4273 3757 4347 quod

2157 4369 2475 4427 dominetur
2502 4368 2560 4423 in
2584 4383 2705 4423 eam
2739 4384 2752 4422 :
2786 4366 2985 4422 Christi
3030 4381 3157 4421 vero
3193 4374 3357 4436 caput
3408 4367 3579 4433 Deus,
3607 4365 3757 4437 quod

2157 4461 2231 4515 sit
2250 4460 2368 4532 ejus
2391 4473 2577 4521 causa,
2626 4465 2690 4512 ut
2718 4459 2879 4513 Pater
2904 4455 3041 4512 Filii.
3090 4457 3220 4510 Non
3251 4461 3471 4525 oportet
3496 4452 3646 4509 enim
3688 4469 3753 4509 ea

2157 4566 2281 4621 qua
2310 4547 2381 4605 de
2408 4548 2582 4618 capite
2606 4546 2754 4603 dicta
2783 4552 2933 4614 sunt,
2964 4561 3027 4600 ex
3057 4559 3218 4615 aquo
3255 4542 3323 4599 de
3347 4542 3562 4598 Christo
3591 4542 3746 4597 intel-

2157 4620 2319 4702 ligere
2348 4646 2363 4684 :
2410 4644 2601 4685 verum
2645 4634 2901 4682 nostrum
2932 4624 3155 4697 quidem
3176 4631 3341 4694 caput
3368 4630 3451 4678 est
3477 4620 3752 4692 Christus,

2154 4728 2210 4775 et
2257 4726 2525 4790 quatenus
2569 4724 2655 4773 est
2708 4724 2927 4772 creator
2974 4723 3187 4782 noster,
3236 4720 3290 4767 et
3335 4719 3603 4784 quatenus
3649 4726 3753 4768 nos

2151 4824 2344 4863 sumus
2371 4808 2545 4879 ipsius
2572 4822 2791 4878 corpus.
2820 4803 3026 4861 Christi
3053 4811 3238 4859 autem
3264 4809 3430 4873 caput
3460 4803 3620 4856 Pater
3641 4809 3753 4869 est,

2151 4914 2252 4953 ceu
2278 4912 2440 4952 causa
2461 4896 2649 4968 ipsius.
2695 4895 2787 4950 Sin
2805 4895 2962 4967 juxta
2977 4893 3380 4951 humanitatem
3414 4890 3651 4963 accipias
3678 4890 3756 4946 sic

2153 4986 2363 5043 dictum
2390 5001 2507 5042 esse
2536 4988 2753 5040 Patrem
2775 4983 2979 5041 Christi
3018 4992 3218 5055 caput,
3249 4981 3471 5053 perinde
3506 4996 3570 5036 ac
3592 4978 3753 5037 Chri-

2154 5086 2271 5133 stus
2338 5075 2520 5132 dictus
2560 5083 2643 5131 est
2691 5082 2856 5146 caput
2933 5082 3213 5138 nostrum,
3269 5071 3406 5126 nihil
3461 5067 3753 5140 impietatis

2154 5165 2437 5223 admittis:
2503 5164 2951 5237 quandoquidem
3040 5171 3095 5216 et
3144 5164 3297 5215 Deus
3346 5162 3508 5215 Pater
3553 5156 3755 5213 Christi

2153 5256 2355 5312 dicitur
2409 5253 2714 5311 secundum
2768 5250 3200 5308 humanitatem.
3234 5248 3374 5318 Quia
3418 5246 3569 5302 enim
3594 5245 3756 5301 nobis

2153 5345 2446 5401 assimilari
2490 5344 2752 5417 dignatus
2780 5350 2883 5408 est,
2937 5347 2991 5394 et
3030 5336 3199 5393 frater
3225 5345 3434 5405 noster,
3489 5343 3546 5392 et
3589 5344 3757 5407 caput

2155 5445 2415 5492 nostrum
2438 5432 2631 5502 audiit,
2661 5431 2794 5487 nihil
2825 5444 3028 5488 novum
3058 5435 3161 5495 est,
3191 5427 3235 5483 si
3271 5435 3326 5483 et
3353 5424 3759 5483 humiliationis

1835 5581 2030 5641 Varia
2077 5582 2380 5641 lectiones.

518 5730 561 5763 ⁸⁷
601 5729 1037 5794 ἀκατακαλύπτως
1058 5747 1111 5790 0.
1188 5732 1232 5767 ⁸⁸
1260 5732 1642 5789 ὓπακουσάντων
1668 5748 1721 5790 0.
1802 5733 1844 5767 ‘9
1889 5733 2201 5807 ὁμοιωθῆναι
2228 5748 2282 5790 0.
2358 5730 2404 5766 ⁸⁰
2426 5729 2719 5801 ἀναδέχεται
2751 5742 2806 5784 o.
