4110 6408
429 404 531 457 695

1443 400 1958 457 THEOPHYLACTI
1997 400 2358 455 BULGARIE
2396 401 2714 458 ARCHIEP.

3623 408 3726 462 696

422 526 647 582 nomina
692 526 944 597 recipiat,
963 540 1029 582 ac
1045 540 1172 582 eum
1200 525 1290 597 qui
1305 526 1460 598 juxta
1490 525 1835 582 divinitatem
1856 528 1998 582 Patei

2132 524 2228 597 τὴν
2287 525 2513 600 θεότητα
2569 529 2793 608 Πατέρα
2848 530 2962 610 ἔχει
3029 529 3264 609 κεφαλὴν
3324 529 3464 590 κατὰ
3513 530 3574 590 τὸ
3625 533 3726 590 ἂν·

421 623 526 682 est,
543 623 704 687 caput
723 614 928 671 habeat
955 614 1258 671 secundum
1283 614 1684 672 humanitatem
1701 631 1880 684 suam,
1899 624 2018 672 tan-

425 721 591 778 quam
631 705 929 776 principem
961 713 1015 759 et
1044 707 1223 760 Deum
1245 721 1429 762 suum.

497 797 661 851 Vsus
710 801 763 850 4.
802 816 826 841 ιι
880 793 1076 849 Omnis
1118 794 1200 848 vir
1247 810 1409 851 orans
1439 806 1534 852 aut
1571 797 1926 870 prophetans,
1957 795 2016 849 in

421 884 600 955 capite
629 884 855 951 habens,
895 884 1148 953 deturpat
1191 894 1356 956 caput
1405 903 1588 942 suum.
1624 911 1650 936 ιο
1680 887 1874 943 Virum
1903 900 2015 940 non

421 973 650 1030 omnino
704 982 867 1044 caput
905 972 1119 1043 operire
1183 974 1454 1044 prohibet,
1507 976 1604 1032 sed
1654 978 1711 1033 in
1767 974 2016 1032 oratione

418 1071 636 1118 tantum
649 1071 702 1118 et
716 1060 1000 1132 pr0phetia
1015 1103 1028 1116 .
1056 1064 1169 1117 Nec
1191 1062 1350 1131 dixit,
1372 1067 1571 1120 Tectus
1591 1073 1771 1137 caput,
1799 1078 2012 1128 verum,

425 1174 450 1200 σι
490 1155 555 1207 In
582 1151 761 1221 capite
793 1151 1022 1218 habens,
1057 1173 1084 1200 ι
1111 1159 1176 1206 ut
1199 1151 1410 1208 auferat
1435 1170 1547 1209 non
1577 1156 1757 1210 solum
1783 1151 2012 1209 velatio-

419 1257 549 1296 nem
602 1257 696 1311 per
729 1241 953 1311 pileum,
982 1257 1170 1296 verum
1214 1243 1380 1296 etiam
1443 1245 1608 1315 186
1643 1261 1738 1315 per
1766 1257 2011 1298 comam.

420 1333 567 1385 Nam
593 1330 688 1402 qui
717 1346 932 1385 comam
959 1331 1150 1397 nutrit,
1176 1331 1340 1386 etiam
1377 1332 1432 1387 in
1470 1334 1644 1405 capite
1691 1332 1875 1399 habet,
1916 1347 2009 1386 co-

415 1435 564 1474 mam
625 1419 890 1475 videlicet.
971 1421 1072 1488 Qui
1115 1436 1248 1475 vero
1292 1421 1562 1492 pudefacit
1595 1433 1762 1495 caput
1812 1421 2015 1478 suum?

415 1510 552 1580 Quia
584 1525 710 1563 cum
745 1510 992 1580 princeps
1032 1510 1123 1576 sit,
1185 1510 1373 1582 suique.
1406 1511 1566 1581 juris,
1614 1528 1672 1567 se
1720 1514 1836 1584 ipse
1875 1515 2011 1588 jugo

414 1599 618 1652 subdit.
648 1599 823 1668 Caput
844 1599 992 1652 enim
1040 1607 1346 1668 contegere,
1385 1609 1468 1655 est
1499 1611 1818 1671 potestatem
1848 1607 2009 1676 capiti

413 1678 721 1748 imponere.
775 1681 912 1733 Nam
944 1679 1140 1748 capitis
1165 1688 1547 1750 tegumentum
1576 1691 1659 1737 est
1686 1684 2007 1742 dominato-

409 1767 489 1822 ris
532 1766 664 1832 vice,
697 1768 1027 1839 signumque
1055 1768 1409 1839 subjectionis
1436 1813 1449 1825 .
1479 1773 1572 1825 Vel
1604 1771 1752 1828 hunc
1790 1774 1856 1830 ad
1887 1792 2006 1831 mo-

409 1846 582 1902 dum:
629 1846 909 1902 Pudefacit
949 1848 1228 1903 Christum
1280 1860 1445 1920 caput
1513 1867 1700 1922 suum,
1763 1856 2004 1925 seipsum

407 1935 675 1991 nimirum
723 1936 1063 1991 imminuens
1105 1954 1169 1993 ac
1194 1938 1440 1995 libertate
1466 1941 1701 2011 privans.
1737 1946 1818 2000 Ut
1855 1945 2004 2001 enim

407 2025 664 2097 exiguum
687 2041 885 2096 corpus
917 2026 1190 2096 pudcfacit
1208 2037 1394 2098 caput,
1419 2030 1498 2084 sic
1530 2031 1622 2102 qui
1653 2048 1683 2086 a
1715 2035 1836 2088 Deo
1863 2034 2003 2090 liber

406 2115 602 2186 suique
636 2115 778 2186 juris
816 2114 990 2170 factus
1019 2124 1123 2182 est,
1162 2117 1409 2188 seipsum
1455 2128 1642 2174 autem
1697 2121 2001 2189 imminuit,

403 2219 468 2260 ac
488 2204 653 2259 veluti
677 2205 780 2259 sub
811 2213 1078 2275 potestate
1095 2215 1258 2274 esset,
1292 2208 1366 2261 ita
1387 2223 1445 2262 se
1469 2209 1745 2281 contegit;
1780 2211 2002 2268 Christo

403 2293 565 2364 capiti
593 2294 728 2364 ejus,
762 2301 1030 2366 tanquam
1058 2295 1326 2366 corporis,
1349 2305 1430 2352 est
1456 2297 1662 2353 decori.
1695 2301 1816 2356 Non
1844 2301 2006 2358 fuerit

402 2392 587 2438 autem
604 2383 702 2437 abs
721 2399 779 2438 re
804 2399 1076 2454 quaerere,
1099 2401 1196 2440 cur
1221 2386 1386 2440 veluti
1404 2386 1623 2456 culpam
1642 2397 1697 2444 et
1717 2401 2000 2460 peccatum

405 2471 549 2527 istuc
593 2473 896 2543 Apostolus
939 2475 1196 2543 posuerit.
1266 2477 1418 2530 Inter
1457 2477 1629 2532 multa
1717 2479 1824 2535 alia
1878 2497 1999 2552 qua

402 2577 529 2617 cum
575 2565 689 2617 viro
730 2570 851 2618 tum
900 2562 1139 2630 femina,
1178 2563 1256 2619 illi
1285 2581 1486 2637 nempe
1511 2567 1568 2621 in
1602 2566 1852 2635 dominii,
1875 2570 2000 2627 huic

401 2651 460 2706 in
499 2650 854 2722 subjectiouis
881 2652 1036 2723 signa
1075 2653 1278 2709 tradita
1321 2664 1501 2722 erant,
1545 2657 1688 2714 istud
1715 2660 1904 2728 etiam,
1936 2671 2000 2718 ut

401 2740 492 2796 ille
516 2741 738 2812 quidem
769 2750 932 2812 caput
968 2743 1198 2812 aperiat,
1231 2743 1332 2799 ista
1371 2754 1557 2801 autem
1595 2755 1767 2819 tegat,
1799 2749 1868 2804 iis
1897 2767 1996 2822 pro

401 2829 656 2900 symbolo
683 2829 872 2885 datum
923 2839 1058 2886 erat.
1091 2833 1386 2901 Quomodo
1439 2835 1605 2907 igitur
1631 2837 1792 2908 culpa
1821 2849 1992 2908 vacet,

402 2926 615 2974 natura
633 2919 774 2989 leges
801 2921 1188 2992 pratergredi;
1221 2937 1284 2977 ac
1307 2923 1487 2979 virum
1517 2925 1742 2996 quidem
1773 2944 1991 2984 comam

397 3009 630 3074 nutrire,
657 3009 944 3064 mulierem
968 3025 1100 3065 vero
1120 3019 1326 3067 retecto
1347 3029 1464 3068 esse
1487 3016 1692 3086 capite?
1723 3018 1836 3072 Hoc
1861 3033 1994 3090 ergo

397 3096 564 3166 tollit,
595 3113 695 3152 ceu
725 3099 1060 3169 arrogantia
1089 3099 1328 3172 signum,
1360 3117 1484 3173 qua
1520 3119 1631 3158 non
1665 3121 1834 3176 pauca
1861 3123 1994 3164 sane

2125 615 2415 696 θρώπινον,
2449 622 2520 685 ὡς
2549 617 2784 700 ἄρχοντα
2817 623 2974 679 αὑτοῦ
2992 666 3010 698 ,
3042 620 3133 679 xui
3159 626 3231 688 ὣς
3263 620 3406 682 Θεὸν
3431 625 3614 683 αὑτοῦ.

2217 828 2239 852 α
2272 798 2388 862 Πᾶς
2414 795 2550 876 ἀνὴρ
2571 797 2993 878 προσευχόμενος
3016 796 3050 868 ἢ
3077 798 3422 880 προφητεύων
3445 845 3460 872 ,
3494 801 3634 860 κατὰ
3673 800 3718 838 ⁵¹

2124 891 2362 972 κεφαλῆς
2409 885 2582 964 ἔχων,
2625 887 2967 968 καταισχύνει
3022 888 3116 960 τὴν
3165 890 3405 968 κεφαλὴν
3451 893 3640 953 αὑτοῦ.
3693 919 3718 946 ι

2125 983 2243 1041 Οὐκ
2291 977 2373 1034 ἀεὶ
2419 975 2612 1034 κωλύει
2653 977 2740 1033 τὸν
2793 977 2959 1055 ἄνδρα
2998 978 3542 1056 κατακαλύπτεσθαι,
3577 979 3722 1039 ἀλλὰ

2126 1070 2282 1145 μόνον
2310 1072 2360 1127 ἐν
2393 1070 2665 1146 προσευχῇ
2695 1065 2786 1125 xui
2819 1067 3136 1149 προφητείᾳ,
3170 1070 3290 1128 Οὐκ
3331 1058 3446 1128 εἷπε
3480 1069 3533 1128 δὲ
3560 1114 3577 1142 ,
3614 1073 3722 1131 Κε-

2127 1155 2460 1235 καλυμμένος
2504 1155 2600 1223 τὴν
2643 1156 2906 1235 κεφαλὴν,
2959 1159 3140 1231 ἀλλὰ,
3197 1179 3224 1216 (ι
3275 1158 3434 1219 Κατὰ
3486 1164 3725 1242 κεφαλῆς

2128 1247 2304 1327 ἔχων,
2355 1273 2377 1298 ιι
2415 1243 2503 1302 ἵνα
2558 1244 2718 1324 ἀνέλῃ
2773 1250 2829 1305 οὗ
2893 1248 3058 1320 μόνον
3106 1249 3167 1307 τὸ
3218 1251 3723 1312 κατακαλύπτεσθαι

2121 1336 2320 1417 ἱματίῳ
2351 1336 2422 1407 ⁵2,
2454 1334 2590 1392 ἀλλὰ
2625 1336 2716 1393 xui
2761 1338 2900 1414 κόμῃ
2933 1360 2947 1374 ⁸
2997 1337 3085 1395 xui
3132 1341 3160 1395 ὃ
3205 1343 3385 1414 κομῶν
3435 1339 3540 1418 γὰρ
3578 1343 3722 1402 κατὰ

2122 1428 2356 1506 κεφαλῆς
2394 1423 2539 1502 ἔχει,
2581 1425 2678 1495 τὴν
2703 1426 2872 1500 κόμην
2906 1427 3131 1498 δηλαδή.
3164 1429 3290 1494 Πῶς
3322 1428 3377 1486 δὲ
3418 1433 3718 1511 καταισχύ-

2123 1541 2200 1575 νει
2259 1513 2354 1586 τὴν
2401 1512 2636 1594 κεφαλὴν
2688 1518 2881 1587 αὓτοῦς
2931 1516 3078 1575 Διότι
3129 1517 3310 1595 ἄρχων
3351 1516 3577 1596 γεγονὼς
3625 1523 3718 1582 καὶ

2118 1603 2486 1676 ἐξουσιαστὴς,
2515 1603 2614 1661 ὑπὸ
2642 1601 2876 1670 ἐξουσίαν
2912 1612 3052 1663 ποιεῖ
3089 1605 3294 1665 ἑαυτόν.
3355 1609 3436 1667 Τὸ
3465 1606 3570 1687 γὰρ
3611 1634 3714 1669 κε-

2118 1695 2381 1773 καλύφθαι
2471 1689 2563 1762 τὴν
2628 1694 2862 1772 κεφαλὴν
2979 1694 3213 1760 ἐξουσίαν
3289 1697 3579 1756 ἐπιτιθέναι
3648 1706 3718 1781 τῇ

2118 1787 2325 1862 κεφαλῇ
2377 1787 2514 1842 ἐστιν
2547 1805 2560 1819 ·
2590 1782 2706 1840 ἀντὶ
2735 1782 2837 1863 γὰρ
2881 1783 3217 1852 ἔξουσιαστοῦ
3247 1787 3358 1844 ἐστι
3386 1787 3446 1846 τὸ
3492 1787 3579 1848 ἐπὶ
3623 1793 3720 1862 τῆς

2117 1875 2352 1953 κεφαλῆς
2403 1870 2700 1948 κάλυμμα,
2732 1871 2824 1931 καὶ
2869 1873 3087 1950 σημεῖον
3137 1878 3427 1953 ὑποταγῆς.
3485 1873 3564 1937 Ἦ
3623 1879 3715 1939 καὶ

2114 1961 2251 2021 οὕτω
2284 1984 2296 1996 ·
2347 1959 2708 2041 Καταισχύνει
2741 1963 2828 2021 τὸν
2859 1964 3094 2043 Χριστὸν
3124 1963 3220 2035 τὴν
3250 1964 3487 2045 κεφαλὴν
3524 1971 3714 2048 αὑτοῦ,

2112 2051 2560 2130 κατασμικρύνων
2598 2051 2802 2123 δηλαδὴ
2839 2053 3025 2111 ἑαυτὸν
3047 2052 3139 2110 καὶ
3161 2055 3497 2135 ἀνελεύθερον
3519 2061 3711 2122 ποιῶν.

2111 2139 2214 2207 ⁶Ως
2239 2141 2340 2221 γὰρ
2376 2142 2436 2199 τὸ
2483 2141 2671 2217 μικρὸν
2711 2145 2868 2217 σῶμα
2912 2144 3259 2220 καταισχύνει
3288 2143 3386 2215 τὴν
3426 2146 3667 2227 κεφαλήν
3699 2171 3714 2186 ·

2111 2229 2250 2289 οὕτω
2279 2229 2372 2290 xui
2420 2234 2448 2289 ὃ
2504 2230 2604 2288 ὑπὸ
2663 2234 2807 2291 Θεοῦ
2867 2232 2962 2309 μὲν
3012 2232 3240 2312 γεγονὼς
3294 2235 3563 2315 ἐλεύθερος
3616 2238 3710 2296 καὶ

2111 2320 2477 2396 αὐτεξούσιος,
2508 2319 2954 2401 κατασμικρύνων
3003 2322 3057 2381 δὲ
3109 2323 3330 2398 ἑαυτὸν,
3361 2324 3452 2382 καὶ
3503 2329 3572 2393 ὡς
3614 2327 3709 2386 ὑπ’

2109 2409 2347 2478 ἐξουσίαν
2395 2408 2522 2467 ὄντα
2583 2408 2719 2468 οὕτω
2774 2412 3094 2484 καλύπτων,
3147 2415 3219 2480 εἷς
3276 2414 3534 2494 αἰσχύνην
3588 2418 3707 2478 ἐστὶ

2108 2500 2376 2579 Χριστοῦ,
2408 2497 2462 2564 ὅς
2497 2500 2609 2557 ἐστι
2645 2502 2848 2580 κεφαλὴ
2897 2501 3088 2574 αὐτοῦ,
3129 2505 3198 2567 ὡς
3228 2502 3492 2579 σώματος.
3536 2503 3712 2576 Ἄξιον

2109 2590 2164 2647 δὲ
2199 2592 2462 2662 ζητῆσαι,
2505 2587 2645 2654 τίνος
2691 2588 2868 2648 ἕνεκεν
2913 2594 2982 2657 ὥς
3027 2590 3276 2669 ἔγκλημα
3321 2599 3475 2653 τοῦτο
3503 2595 3712 2669 τίθησιν

2116 2682 2144 2736 ὁ
2174 2677 2507 2744 Ἀπόστολος.
2560 2678 2842 2754 Σύμϐολον
2873 2679 3082 2738 δέδοται
3111 2685 3188 2762 τῷ
3215 2682 3364 2762 ἀνδρὶ
3393 2683 3484 2742 καὶ
3515 2690 3581 2766 τῇ
3613 2709 3710 2762 γυ-

2104 2767 2268 2826 ναικί·
2291 2770 2366 2846 τῷ
2397 2765 2520 2844 μὲν,
2553 2771 2648 2838 τῆς
2678 2770 2869 2848 ἀρχῆς·
2893 2773 2957 2846 τῇ
2991 2769 3068 2843 δὲ,
3093 2775 3188 2842 τῆς
3204 2775 3510 2851 ξῦποταγῆς,
3531 2765 3601 2834 πο
3615 2776 3708 2834 Χλὰ

2106 2857 2202 2932 μὲν
2238 2855 2332 2914 καὶ
2382 2856 2545 2928 ἄλλα,
2580 2857 2668 2914 καὶ
2709 2863 2865 2916 τοῦτο
2905 2857 2969 2930 δὴ
3005 2859 3066 2918 τὸ
3109 2859 3197 2918 τὸν
3230 2859 3324 2936 μὲν
3355 2865 3706 2924 ἀκατακάλυ-

2103 2967 2234 3003 πτον
2269 2935 2401 3003 εἶναι
2422 2990 2438 3017 ,
2472 2945 2566 3016 τὴν
2599 2945 2653 3003 δὲ
2684 2947 3034 3028 κεκαλύφθαι.
3067 2951 3188 3015 Πῶς
3223 2935 3310 3008 οῦν
3333 2953 3427 3010 οὐκ
3458 2951 3706 3033 ἔγκλημα

2103 3032 2163 3092 τὸ
2191 3033 2310 3100 τοὺς
2342 3035 2509 3115 έδρους
2560 3039 2654 3104 τῆς
2702 3034 2906 3114 φύσεως
2958 3038 3418 3118 παραϐαίνεσθαι,
3474 3042 3567 3101 xui
3614 3032 3705 3104 τὸν

2105 3122 2199 3200 μὲν
2234 3123 2400 3207 ἄνδρα
2441 3133 2652 3204 κομᾷν,
2694 3124 2789 3195 τὴν
2842 3125 2896 3185 δὲ
2945 3136 3174 3205 γυναῖκα
3227 3131 3699 3207 ἀνακεκαλύφθαις

396 3185 454 3241 in
486 3186 649 3242 rebus
682 3188 1060 3244 ecclesiasticis
1088 3199 1141 3245 et
1170 3198 1344 3246 vastat
1378 3200 1432 3246 et
1453 3193 1648 3262 perdit.
1673 3194 1817 3251 Hinc
1846 3199 1992 3254 enim

2106 3185 2116 3200 ι
2335 3185 2344 3206 .
2507 3185 2574 3204 ..
2635 3185 2651 3200 ι
2751 3185 2760 3195 .
2957 3185 2999 3205 ,ν
3130 3185 3133 3186 ν
3234 3185 3699 3207 ηνην---..-τ-..-,

2106 3215 2278 3273 Τοῦτο
2332 3202 2420 3272 οῦν
2476 3214 2682 3292 ἀναιρεῖ
2737 3217 2807 3281 ὡς
2854 3217 3131 3282 αὐθαδείας
3186 3222 3440 3295 σημεῖον,
3495 3226 3590 3293 τῆς
3641 3225 3703 3283 οὗ

401 3277 658 3331 oriuntur
684 3276 946 3342 hareses,
984 3294 1048 3332 ex
1107 3278 1493 3350 hocscilicet,
1548 3283 1697 3354 quod
1751 3302 1811 3339 ea
1857 3303 1981 3358 qua

399 3363 610 3436 legibus
682 3366 980 3422 constituta
1037 3377 1186 3437 sunt,
1244 3373 1641 3444 Luuusquisque
1700 3382 1985 3448 transgre-

393 3454 591 3510 diatur.

467 3546 646 3600 Vens.
680 3550 732 3600 5.
770 3568 794 3593 «
827 3546 1021 3602 Omnis
1069 3556 1256 3604 autem
1286 3551 1488 3606 mulier
1529 3567 1696 3607 orans
1724 3563 1821 3610 aut
1865 3572 1994 3627 pro-

397 3633 635 3706 phetans
685 3652 795 3690 non
833 3639 1012 3692 velato
1062 3639 1240 3710 capite
1293 3639 1555 3712 deturpat
1589 3652 1756 3715 caput
1796 3661 1986 3715 suum;

395 3739 566 3778 unum
606 3724 751 3778 enim
781 3733 836 3779 et
858 3724 1010 3781 idem
1040 3735 1145 3792 est,
1178 3743 1242 3783 ac
1271 3729 1314 3783 si
1349 3745 1472 3785 rasa
1500 3739 1660 3787 esset.
1687 3755 1713 3780 ι
1749 3735 1992 3792 Fuerunt

392 3820 578 3867 autem
631 3821 684 3868 et
711 3812 932 3870 femina
981 3816 1282 3886 pr0phetia
1330 3824 1411 3885 (ut
1459 3818 1723 3888 diximus)
1777 3823 1989 3881 donum

392 3900 770 3967 habentes,'ut
797 3903 1026 3974 Philippi
1049 3905 1174 3961 ﬁlia
1203 3908 1432 3977 aliaque.
1458 3910 1669 3966 multa.
1694 3913 1990 3980 Quomodo

389 4006 518 4046 vero
551 3991 826 4062 pudefacit
870 4002 1032 4063 caput
1065 4001 1265 4052 suum?
1319 3997 1455 4065 Quia
1489 3998 1776 4070 fugitivum
1805 4003 1988 4074 quod-

389 4079 521 4134 dam
548 4090 711 4148 caput
757 4082 1015 4152 ostendit,
1046 4093 1110 4138 ut
1138 4100 1261 4155 qua
1290 4085 1556 4143 defecerit
1583 4106 1614 4145 a
1658 4091 1858 4148 tradita
1883 4094 1987 4150 sibi

391 4184 421 4223 a
458 4171 576 4224 Deo
609 4178 893 4240 potestate.
925 4173 1151 4228 Noveris
1177 4183 1365 4232 autem
1400 4179 1552 4250 quod
1582 4179 1835 4236 virumiu
1865 4199 1989 4238 ora-

392 4257 542 4313 tione
571 4266 624 4313 et
655 4259 944 4329 prOphetia
977 4270 1117 4317 vetet
1146 4279 1262 4318 esse
1289 4273 1434 4322 tecto
1466 4269 1664 4338 capite,
1694 4271 1988 4328 mulierem

390 4362 518 4401 vero
547 4363 659 4402 non
690 4350 820 4403 solis
850 4349 999 4406 hisce
1047 4351 1155 4408 illis
1202 4356 1563 4427 temporibus,
1609 4374 1800 4415 verum
1839 4377 1987 4416 sem-

386 4451 501 4507 per.
533 4439 655 4493 Hoc
675 4440 823 4493 enim
845 4439 1070 4512 vultper
1093 4443 1193 4497 hoc
1207 4446 1352 4515 quod
1382 4447 1462 4501 ait
1497 4465 1508 4500 :
1545 4470 1570 4494 «ι
1597 4450 1788 4504 Unum
1833 4451 1983 4506 enim

387 4532 444 4580 et
472 4525 616 4582 idem
659 4536 743 4583 est
769 4544 831 4584 ac
861 4530 906 4584 si
953 4546 1079 4587 rasa
1112 4542 1274 4588 esset.
1309 4555 1338 4584 »
1371 4537 1514 4590 Nam
1546 4536 1684 4592 sicut
1710 4538 1812 4609 ipsi
1843 4555 1982 4594 nun-
2016 4504 2064 4566 Β

386 4631 554 4688 quam
585 4632 698 4672 non
724 4627 883 4690 turpe
932 4629 1072 4675 esset
1099 4621 1236 4688 radi,
1261 4623 1336 4677 ita
1365 4625 1533 4680 etiam
1563 4626 1734 4694 istud,
1782 4644 1984 4701 nempe

384 4705 536 4760 nudo
576 4707 754 4776 capite
793 4708 1068 4764 incedere.
1120 4713 1260 4766 Nam
1307 4728 1465 4768 coma
1524 4719 1827 4786 tegumenti
1868 4719 1984 4774 vice

386 4801 486 4849 est.
515 4794 615 4849 Illa
646 4795 828 4866 itaque
868 4813 992 4869 qua
1023 4809 1405 4869 tegumentum
1437 4799 1647 4875 abjicit,
1677 4806 1872 4864 similis
1902 4816 1985 4864 est

384 4881 462 4937 illi
496 4898 620 4954 qua
647 4901 867 4941 comam
895 4887 1114 4959 abjecit.

457 5076 641 5131 Vsus.
677 5083 728 5131 6.
767 5100 791 5124 α
812 5077 864 5133 Si
887 5079 1033 5134 enim
1063 5095 1171 5135 non
1195 5082 1406 5136 velatur
1433 5083 1657 5152 mulier,
1681 5086 1984 5144 tondeatur

381 5165 577 5221 etiam:
615 5167 671 5221 Si
703 5175 889 5222 autem
917 5175 1076 5239 turpe
1105 5179 1186 5225 est
1224 5171 1441 5226 mulieri
1483 5175 1695 5230 tonderi
1735 5177 1816 5231 vel
1840 5178 1974 5246 radi,

380 5255 608 5308 veletur.
644 5277 669 5304 ιι
704 5255 897 5312 Adhuc
927 5258 1185 5324 ostendit,
1219 5259 1369 5330 quod
1405 5263 1633 5318 retectio
1658 5266 1850 5337 capitis
1891 5284 1979 5323 ra-

381 5355 524 5398 sura
551 5344 744 5400 similis
789 5353 901 5413 est;
933 5354 988 5401 et
1015 5348 1488 5419 quemadmodum
1535 5353 1641 5410 ista
1688 5364 1849 5430 turpe
1878 5367 1983 5429 est,

2105 3301 2274 3383 μικρὰ
2319 3303 2716 3380 λυμαινομένης
2765 3316 2872 3372 τοῖς
2923 3307 3384 3378 ἐκκλησιαστικοῖς
3432 3314 3696 3390 πράγμα-

2103 3415 2207 3450 σιν.
2255 3392 2528 3451 Ἐντεῦθεν
2571 3392 2673 3472 γὰρ
2708 3394 2798 3452 xui
2829 3397 2884 3452 αἱ
2932 3393 3190 3476 αἱρέσεις,
3240 3401 3299 3457 ἐκ
3345 3404 3438 3458 τοῦ
3471 3399 3695 3462 ἕκαστον

2099 3479 2168 3539 τὰ
2195 3481 2552 3558 νενομισμένα
2590 3484 2909 3562 παρεξιέναι.

2191 3592 2219 3628 (ι
2257 3574 2418 3630 Πᾶσα
2469 3570 2522 3630 δὲ
2571 3573 2702 3650 γυνὴ
2755 3576 3160 3654 προσευχομένη
3210 3575 3244 3648 ἢ
3293 3580 3700 3659 προφητεύουσα

2105 3661 2542 3743 ἀκατακαλύπτῳ
2573 3666 2637 3741 τῇ
2677 3666 2884 3742 κεφαλῇ
2942 3665 3290 3745 καταισχύνει
3321 3669 3415 3738 τὴν
3459 3673 3707 3748 κεφαλὴν

2099 3753 2261 3840 αὑτῆς
2295 3767 2308 3781 ·
2365 3748 2419 3808 ἓν
2459 3751 2559 3828 γάρ
2613 3754 2723 3812 ἐστι
2782 3751 2873 3812 xui
2919 3753 2977 3811 τὸ
3023 3754 3152 3813 αὐτὸ
3194 3759 3262 3835 τῇ
3304 3755 3622 3840 ἐξυρημένῃ.
3664 3787 3695 3818 ιο

2096 3827 2276 3897 ’Ἦσαν
2307 3839 2433 3917 γὰρ,
2463 3841 2593 3918 ὅπερ
2633 3841 2833 3921 ἔφημεν
2855 3887 2870 3914 ,
2913 3844 3003 3900 xui
3035 3827 3313 3920 γυναῖκες,
3353 3827 3413 3905 τό
3443 3827 3696 3929 ᾖάρισμα

2097 3933 2191 3998 τῆς
2221 3931 2544 4008 προφητείας
2572 3928 2825 4009 ἔχουσαι,
2860 3933 2932 3998 ὡς
2965 3937 3021 3992 αἱ
3053 3931 3334 3993 Φιλίππου
3372 3939 3654 4020 θυγατέρες
3678 3988 3694 4016 ,

2097 4017 2188 4075 xui
2221 4017 2381 4108 ἄλλαι
2425 4019 2641 4076 πολλαί.
2681 4023 2808 4086 Πῶς
2852 4020 2905 4078 δὲ
2949 4024 3296 4102 καταισχύνει
3328 4026 3424 4096 τὴν
3459 4017 3694 4108 κεφαλὴν

2098 4109 2296 4178 αὕτῆς;
2328 4105 2460 4165 "On
2490 4108 2699 4186 φυγάδα
2732 4109 2783 4146 ⁵³
2813 4110 2930 4170 τινὰ
2977 4110 3074 4182 τὴν
3117 4113 3352 4194 κεφαλὴν
3384 4105 3697 4178 ἀποδείκνυ-

2098 4217 2214 4267 σιν,
2271 4197 2631 4255 ἆποσταθεῖσα
2689 4201 2783 4269 τῆς
2841 4202 3289 4275 ἐμπιστευθείσης
3347 4209 3482 4286 αὐτῇ
3543 4209 3694 4288 παρὰ

2095 4283 2238 4344 Θεοῦ
2269 4284 2522 4353 ἐξουσίας.
2553 4286 2696 4347 Ἴσθι
2725 4288 2810 4361 δὲ,
2852 4289 2934 4348 ὅτι
2960 4290 3048 4348 τὸν
3089 4292 3184 4368 μὲν
3209 4294 3375 4372 ἄνδρα
3395 4341 3410 4369 ,
3441 4283 3512 4363 ὥς
3538 4283 3691 4378 εἴρη-

2095 4395 2214 4446 ται,
2245 4375 2297 4431 ἐν
2420 4381 2692 4457 προσευχῇ
2743 4376 2834 4436 xui
2876 4381 3174 4462 προφητείᾳ
3202 4380 3250 4415 ⁵⁴
3295 4383 3490 4442 κωλύει
3520 4375 3690 4445 κεκα-

2093 4461 2289 4542 λύφθαι
2321 4487 2334 4500 ·
2380 4463 2479 4535 τὴν
2537 4464 2594 4523 δὲ
2642 4471 2866 4544 γυναῖκα
2923 4469 2982 4526 οὗ
3028 4461 3186 4546 μόνον
3236 4473 3288 4529 ἐν
3341 4473 3543 4543 τούτοις
3587 4479 3693 4546 τοῖς

2093 4561 2322 4630 καιροῖς,
2355 4552 2492 4611 ἀλλὰ
2531 4554 2621 4613 καὶ
2667 4554 2767 4616 ἀεί.
2812 4559 2984 4617 Τοῦτο
3030 4559 3132 4637 γὰρ
3168 4561 3411 4639 βούλεται
3461 4563 3547 4624 διὰ
3594 4573 3689 4626 τοῦ

2091 4642 2258 4700 εἰπεῖν
2278 4687 2294 4713 ,
2339 4665 2369 4700 a
2399 4642 2490 4700 Ἐν
2516 4644 2617 4722 γὰρ
2652 4645 2742 4702 xui
2772 4645 2831 4703 τὸ
2875 4647 3005 4705 αὐτό
3050 4651 3164 4708 ἐστι
3193 4653 3259 4730 τῇ
3290 4651 3600 4735 ἐξυρημένῃ.
3634 4678 3665 4714 n

2090 4729 2302 4810 Ὥσπερ
2358 4730 2462 4813 γὰρ
2514 4735 2597 4792 ἀεὶ
2627 4736 2762 4813 αὐτῇ
2810 4734 2870 4793 τὸ
2921 4735 3201 4815 ἐξυρῆσθαι
3246 4729 3505 4820 αἰσχρὸν,
3549 4729 3688 4805 οὕτω

2092 4820 2295 4892 δηλαδὴ
2361 4822 2452 4879 xui
2498 4822 2558 4881 τὸ
2613 4824 3072 4906 ἀποκεκαλύφθαι.
3112 4826 3181 4887 Ἣ
3235 4828 3336 4910 γὰρ
3379 4832 3521 4909 κόμη
3573 4837 3687 4894 ἀντὶ

2092 4909 2449 4987 καλύμματός
2472 4913 2636 4971 ἐστιν.
2689 4911 2860 4973 ’Ὠστε
2880 4920 2911 4984 ἡ
2936 4909 3318 4978 ἀποϐάλλουσα
3341 4920 3401 4979 τὸ
3426 4923 3687 5004 κάλυμμα

2090 5003 2157 5078 τῇ
2187 4999 2281 5070 τὴν
2311 4999 2484 5076 κόμην
2512 5001 2926 5084 ἀποϐαλλομένῃ
2970 5005 3158 5069 ἔοικεν.

2174 5117 2197 5139 σι
2238 5089 2299 5148 Εἰ
2330 5089 2430 5167 γὰρ
2459 5093 2516 5149 οὗ
2547 5094 3014 5154 κατακαλύπτεται
3057 5097 3226 5172 γυνὴ,
3260 5098 3351 5158 καὶ
3382 5101 3647 5178 κειράσθω
3674 5129 3688 5143 ο

2093 5179 2140 5236 εἰ
2189 5177 2242 5235 δὲ
2309 5179 2530 5259 αἰσχρὸν
2579 5182 2790 5260 γυναικὶ
2855 5186 2915 5242 τὸ
2983 5185 3264 5266 κείρασθαι
3404 5177 3690 5268 ξυρᾶσθαι,

2095 5270 2674 5333 κατακαλυπτέσθω.»
2741 5273 3022 5349 Ἐπιμένει
3074 5276 3306 5354 δεικνὺς,
3342 5277 3423 5338 ὅτι
3475 5285 3508 5352 ἡ
3558 5285 3690 5341 ἀνα-

2092 5356 2320 5438 κάλυψις
2489 5359 2700 5440 ξυρήσει
2750 5361 2929 5423 ἔοικε·
2989 5365 3083 5426 καὶ
3135 5364 3318 5449 ὥσπερ
3375 5370 3548 5447 ἐκείνη
3598 5374 3688 5432 αἰ-

1795 5479 1988 5542 Varia
2035 5485 2342 5553 lectiones.

451 5579 492 5613 ⁸¹
544 5583 890 5666 προφητεύων,
936 5585 1176 5658 κάλυμμα
1217 5587 1342 5642 κατὰ
1387 5605 1466 5646 m.
1592 5592 1636 5627 ⁵³
1673 5594 1844 5666 ἱμάτια
1886 5613 1941 5655 ο.

2077 5601 2122 5636 ³³
2167 5604 2244 5660 ὅτι
2292 5606 2556 5678 δραπετίαν
2601 5608 2747 5682 (xui,
2800 5612 3126 5685 δραπετεὶαν)
3184 5615 3296 5670 τινὰ
3350 5618 3436 5671 καὶ

380 5658 466 5714 τὸν
495 5679 570 5713 κε·
604 5660 754 5720 ama.
785 5662 1161 5720 ἀποστατοῦσαν
1190 5672 1278 5736 τῆς
1305 5667 1644 5743 ἐπισταθείσης
1795 5676 1841 5711 ⁸³
1871 5681 2072 5754 νηστείᾳ
2101 5698 2157 5742 ο.

3491 5622 3689 5693 φυγάδα
