4110 6410
379 390 479 445 697

1251 388 1601 446 EXPOSITIO
1640 389 1707 446 IN
1745 389 1955 447 EPIST.
1996 390 2018 446 Ι
2054 391 2147 446 AD
2186 389 2344 446 COR.
2385 419 2456 432 —
2495 391 2651 448 CAP.
2692 392 2776 448 XI.

3577 393 3682 450 698

376 512 572 597 σξιρὸν,
622 509 764 572 οὕτω
817 512 911 572 καὶ
967 511 1127 587 αὕτη.
1187 511 1290 575 Διὰ
1341 513 1396 574 δὲ
1443 513 1644 574 τούτων
1696 514 1788 574 καὶ
1843 514 1952 597 ὅπει

2089 515 2163 572 ita
2178 524 2235 572 et
2263 515 2352 571 illa
2387 534 2401 572 :
2432 518 2538 572 Per
2566 515 2686 572 haec
2702 523 2890 574 autem
2929 515 2989 572 id
3029 514 3180 588 quod
3209 531 3376 587 supra
3426 514 3538 572 dixi
3563 515 3681 572 sub-

374 593 522 662 εἶπον
577 600 862 684 ἐμφαίνει,
914 600 998 663 ὅτι
1040 603 1121 662 ἀεὶ
1152 603 1381 686 αἰσχρὸν
1505 605 1718 682 γυναικὶ
1747 607 1808 664 τὸ
1843 593 1972 665 an;

372 692 721 775 κεκαλύφθαι.

460 806 490 840 α
525 782 682 863 Ἀνὴρ
729 782 828 860 μὲν
871 782 974 865 γὰρ
1027 784 1124 842 οὐκ
1177 781 1376 864 ὀφείλει
1428 783 1969 860 κατακαλύπτεσθαι,

367 871 534 955 είκὼν
567 873 658 932 καὶ
689 873 813 942 δόξα
844 874 984 934 Θεοῦ
1012 871 1288 954 ὑπάρχων.
1335 897 1362 930 ι)
1402 874 1633 955 Πρώτην
1671 875 1766 952 μὲν
1793 876 1968 935 αἰτίαν

367 952 543 1038 εἶκεν,
574 960 654 1022 ὅτι
687 963 923 1045 κεφαλὴν
949 963 1061 1042 ἔχει
1090 952 1470 1042 τὸν-Χριστὸν,
1503 963 1595 1024 καὶ
1621 967 1679 1024 οὐ
1703 966 1781 1023 δεῖ
1809 964 1967 1024 αὐτὸν

367 1051 700 1128 κεκαλύφθαι
731 1075 746 1090 ο
797 1055 887 1110 νῦν
923 1051 976 1109 δὲ
1010 1050 1100 1110 καὶ
1149 1053 1395 1132 δευτέραν
1439 1051 1644 1126 τίθησιν
1667 1099 1683 1128 ,
1725 1053 1803 1113 ὅτι
1842 1055 1964 1122 δόξα

364 1142 510 1203 Θεοῦ
546 1145 660 1202 ἐστι
680 1163 706 1222 ί·
737 1141 1039 1214 τουτέστιν,
1067 1139 1304 1222 ὕπαρχος
1331 1143 1474 1202 Θεοῦ
1494 1188 1510 1215 ,
1552 1143 1644 1204 καὶ
1674 1147 1828 1203 εἰκὼν
1861 1149 1962 1204 αὐ-

363 1237 482 1290 τοῦ.
519 1236 615 1292 Δεῖ
645 1221 733 1290 οὖν
754 1231 844 1291 τὸν
878 1232 1113 1311 ἄρχοντα
1156 1237 1249 1289 τοῦ
1278 1232 1664 1308 παμϐασιλέως
1700 1233 1837 1311 μετὰ
1859 1239 1964 1294 τῶν

365 1319 654 1398 συμϐόλων
693 1325 788 1392 τῆς
827 1324 994 1402 ἀρχῆς
1039 1323 1183 1400 αὐτῷ
1216 1321 1625 1400 ἐπιφαίνεσθαι,
1657 1322 1821 1402 ἤγουν
1866 1329 1960 1396 τῆς

363 1409 817 1470 ἀκατακαλύπτου
873 1413 1108 1492 κεφαλῆς
1142 1431 1156 1446 ·
1213 1409 1348 1482 αὕτη
1396 1411 1499 1492 γὰρ
1549 1412 1816 1490 σύμϐολον
1869 1421 1963 1473 τοῦ

362 1497 440 1576 μὴ
479 1499 569 1558 ὑπ’
602 1498 839 1566 ἐξουσίαν
882 1488 1019 1558 εἶναί
1077 1523 1180 1558 τινι
1209 1503 1314 1558 τῶν
1348 1488 1592 1578 ἐπιγείων
1621 1488 1720 1561 τὸν
1769 1503 1958 1586 ἄνδρα,

363 1590 486 1648 ἀλλ’
523 1590 681 1647 αὐτὸν
715 1589 898 1669 ἄρχειν
935 1589 1150 1647 πάντων
1176 1638 1190 1666 ,
1224 1594 1295 1656 ὣς
1317 1591 1494 1649 εἰκόνα
1522 1593 1690 1653 Θεοῦ.

451 1705 477 1731 α
510 1678 653 1749 Γυνὴ
685 1677 738 1738 δὲ
769 1677 894 1747 δόξα
943 1680 1125 1757 ἀνδρός
1160 1681 1292 1739 ἐστι.
1327 1707 1350 1732 υ
1387 1682 1701 1758 Τουτέστιν,
1732 1681 1834 1742 ὑπὸ
1868 1689 1960 1742 τοῦ

364 1767 556 1846 ἀνδρὸς
587 1767 853 1850 ἄρχεται·
900 1769 978 1827 δεῖ
1020 1760 1108 1828 οὖν
1142 1767 1306 1840 αὐτὴν
1361 1770 1499 1847 μετὰ
1539 1774 1645 1829 τῶν
1676 1771 1958 1849 συμϐόλων

357 1861 456 1930 τῆς
485 1859 758 1936 ὑποταγῆς
784 1857 1084 1940 φαίνεσθαι,
1115 1856 1270 1918 ἅτινά
1303 1861 1415 1919 ἐστι
1439 1859 1500 1920 τὸ
1529 1860 1962 1943 συγκεκαλύφθαι

356 1945 456 2019 τὴν
487 1947 749 2028 κεφαλήν.
1424 1987 1434 1995 -

449 2059 480 2095 α
509 2039 590 2098 Οὔ
621 2038 725 2118 γάρ
753 2039 892 2097 ἐστιν
936 2036 1070 2116 ἀνὴρ
1121 2041 1182 2098 ἐκ
1212 2037 1491 2118 γυναικὸς,
1542 2040 1682 2100 ἀλλὰ
1734 2039 1865 2121 γυνὴ
1909 2042 1963 2113 ἐξ

357 2125 564 2205 ἀνδρός.
603 2126 712 2188 Καὶ
741 2126 843 2208 γὰρ
875 2129 970 2187 οὐκ
1021 2127 1237 2201 ἐκτίσθη
1269 2126 1403 2208 ἀνὴρ
1433 2129 1520 2187 διὰ
1562 2128 1660 2201 τὴν
1704 2136 1962 2210 γυναῖκα,

353 2215 496 2275 ἀλλὰ
525 2215 660 2297 γυνὴ
707 2217 792 2275 διὰ
825 2217 916 2275 τὸν
963 2217 1149 2296 ἄνδρα.
1183 2246 1209 2270 ιο
1263 2218 1377 2284 Τὰς
1409 2219 1581 2287 αἰτίας
1629 2217 1775 2298 λέγει
1804 2223 1872 2279 δι’
1902 2222 1964 2290 ἃς

351 2305 609 2386 ὓπερέχει
636 2308 664 2364 ὁ
693 2305 830 2388 ἀνὴρ
859 2311 953 2378 τ’ἧς
983 2307 1229 2386 γυναικός
1261 2331 1274 2345 ·
1309 2306 1392 2367 ὅτι
1419 2332 1474 2367 τε
1508 2310 1568 2367 ἐκ
1599 2313 1695 2380 τῆς
1729 2313 1963 2393 πλευρᾶς

354 2396 516 2456 αὐτοῦ
563 2400 596 2466 ἡ
630 2393 799 2475 γυνὴ,
848 2397 939 2456 καὶ
970 2395 1049 2456 ὅτι
1088 2399 1184 2457 οὐκ
1234 2399 1434 2466 ἐκεῖνος
1466 2399 1534 2458 δι’
1569 2399 1804 2475 ἐκείνην,
1838 2403 1960 2461 ἀλλ’

353 2483 532 2557 ἐκείνη
556 2486 623 2544 δι’
644 2488 842 2545 ἐκεῖνον
867 2486 942 2548 ⁵⁵.
959 2515 1001 2571 ξ
1036 2486 1361 2565 Ποιήσωμεν
1391 2516 1415 2540 ιι
1448 2487 1574 2566 γὰρ,
1605 2489 1760 2570 φησὶ,
1785 2519 1808 2542 σι
1833 2495 1961 2571 βοη-

352 2573 442 2634 θὸν
476 2576 643 2656 αύτῷ.
689 2601 718 2632 n
760 2578 887 2643 Πῶς
931 2565 1022 2635 οὖν
1063 2579 1092 2635 ὁ
1141 2576 1276 2658 ἀνὴρ
1328 2577 1769 2659 κατακαλύψεται
1820 2581 1959 2639 οὕτω

349 2665 593 2739 τιμηθεὶς
625 2665 728 2725 ὑπὸ
770 2666 950 2740 Θεοῦ;
994 2665 1076 2727 Τὸ
1131 2666 1237 2746 γὰρ
1289 2671 1383 2740 τῆς
1435 2669 1684 2746 γυναικὸς
1731 2669 1957 2750 ἁρπάζει

352 2757 569 2835 σχῆμα,
598 2754 691 2814 καὶ
718 2754 911 2815 ταύτὸν
936 2756 1114 2834 ποιεῖ,
1147 2757 1446 2838 ὡσπερανεὶ
1475 2757 1715 2836 διάδημα
1747 2759 1954 2834 λαϐὼν,

349 2848 510 2902 τοῦτο
536 2843 633 2922 μὲν
657 2847 973 2929 ἀποῤῥίψειε
1000 2849 1097 2918 τῆς
1125 2849 1385 2928 κεφαλῆς,
1410 2847 1650 2908 δουλικὸν
1684 2847 1738 2908 δὲ
1769 2855 1956 2931 σχῆμα

357 2932 543 2996 λάϐοι.

441 3043 470 3079 α
497 3023 601 3082 Διὰ
628 3027 788 3083 τοῦτο
821 3023 1022 3104 ὀφείλει
1051 3028 1086 3097 ἡ
1117 3024 1246 3104 γυνὴ
1279 3025 1518 3093 ἐξουσίαν
1563 3027 1704 3106 ἔχειν
1734 3027 1823 3088 ἐπὶ
1861 3033 1954 3102 τῆς

2080 605 2280 672 innuit,
2311 621 2603 678 nunquam
2653 620 2770 662 non
2814 612 2974 678 turpe
3015 619 3154 673 esse,
3194 604 3489 662 mulierem
3516 614 3680 678 caput

2079 710 2240 750 suum
2258 703 2499 766 retegere
2530 695 2611 750 vel
2630 693 2861 752 nudare.

2149 785 2329 841 Vens.
2351 791 2408 840 7.
2440 808 2467 834 σι
2494 785 2590 841 Vir
2611 785 2838 857 quidem
2859 800 2973 841 non
3009 783 3176 841 debet
3191 783 3380 852 velari,
3413 784 3695 857 quoniam,

2077 874 2261 947 imago
2290 884 2346 930 et
2393 874 2566 948 gloria
2588 875 2695 931 Dei
2723 881 2828 931 est.
2882 898 2906 923 υ
2949 874 3194 930 Primam
3227 873 3452 946 quidem
3514 874 3676 945 187

2076 980 2302 1020 causam
2357 964 2519 1033 dixit,
2569 964 2718 1037 quod
2757 964 3037 1022 Christum
3079 971 3246 1036 caput
3301 962 3520 1030 habeat,
3576 980 3680 1020 nec

2076 1063 2328 1126 oporteat
2346 1055 2528 1126 ipsum
2551 1055 2680 1127 tegi:
2704 1054 2827 1128 jam
2849 1071 2979 1111 vero
2996 1053 3295 1110 secundam
3319 1054 3499 1126 ponit,
3529 1052 3680 1125 quod

2075 1144 2248 1215 gloria
2298 1145 2400 1200 Dei
2464 1144 2556 1215 sit,
2620 1143 2727 1201 hoc
2773 1153 2878 1213 est,
2944 1144 3178 1201 vicarius
3241 1143 3345 1198 Dei
3410 1151 3465 1198 et
3495 1143 3678 1216 imago

2074 1233 2270 1305 ipsius.
2318 1236 2552 1305 Oportet
2581 1234 2761 1306 itaque
2790 1251 2917 1291 eum
2962 1234 3053 1306 qui
3081 1233 3290 1289 summi
3329 1233 3678 1304 imperatoris

2073 1321 2216 1378 vices
2274 1323 2434 1395 gerit,
2481 1339 2610 1379 cum
2641 1323 2854 1395 imperii
2886 1323 2967 1379 sui
2997 1321 3304 1394 insignibus
3329 1337 3521 1377 coram
3555 1322 3677 1392 ipso

2073 1427 2360 1484 apparere,
2382 1412 2489 1468 hoc
2514 1422 2616 1479 est,
2648 1423 2836 1484 aperto
2875 1413 3072 1486 capite.
3107 1411 3264 1468 Istud
3292 1411 3448 1468 enim
3473 1410 3674 1466 indicio

2070 1510 2175 1570 est,
2208 1502 2389 1558 virum
2445 1503 2574 1558 nulli
2620 1511 2854 1560 terrena:
2893 1502 3146 1574 potestati
3191 1517 3312 1558 esse
3366 1500 3673 1569 subditum,

2071 1591 2169 1648 sed
2198 1591 2380 1663 ipsum
2426 1592 2694 1648 dominari
2742 1593 3029 1659 omnibus,
3055 1608 3155 1647 ceu
3199 1590 3503 1662 imaginem
3554 1591 3674 1645 Dei.

2146 1703 2173 1729 ιι
2205 1682 2402 1736 Mulier
2439 1690 2626 1738 autem
2653 1682 2822 1754 gloria
2853 1682 2955 1736 viri
2989 1697 3092 1750 es.,
3131 1703 3155 1728 ι
3188 1682 3310 1735 Hoc
3354 1689 3456 1748 est,
3486 1680 3678 1735 mariti

2071 1769 2383 1827 dominatui
2416 1771 2636 1827 subdita
2675 1779 2781 1828 est.
2827 1773 3006 1841 Quare
3047 1786 3148 1842 par
3175 1777 3278 1836 est,
3303 1778 3365 1824 ut
3392 1785 3520 1824 cum
3542 1769 3674 1824 sub-

2069 1860 2328 1934 jectionis
2375 1876 2490 1918 suae
2527 1859 2746 1918 indiciis
2787 1868 3067 1934 appareat,
3107 1875 3232 1932 quae
3259 1866 3390 1914 sunt
3418 1866 3671 1916 contecto

2073 1966 2193 2008 esse
2222 1951 2420 2023 capite.

2144 2042 2319 2097 Vens.
2372 2046 2487 2109 8,9.
2525 2065 2551 2089 α
2582 2043 2709 2097 Νοη
2758 2041 2910 2098 enim
2960 2040 3044 2096 vir
3070 2057 3134 2098 ex
3184 2041 3416 2098 muliere
3443 2049 3548 2113 est,
3575 2041 3671 2098 sed

2071 2130 2273 2187 mulier
2299 2147 2364 2188 ex
2395 2132 2536 2187 viro.
2565 2130 2787 2187 Etenim
2806 2147 2919 2186 non
2961 2139 3046 2187 est
3083 2139 3300 2188 creatus
3331 2132 3412 2187 vir
3445 2135 3668 2204 propter

2072 2221 2382 2290 mulierem,
2423 2222 2518 2278 sed
2543 2222 2748 2277 mulier
2792 2229 3018 2293 pr0pter
3045 2221 3244 2279 virum.
3283 2243 3310 2272 ι)
3352 2223 3558 2278 Causas
3587 2221 3672 2278 di-

2069 2311 2145 2366 cit
2193 2320 2416 2383 propter
2443 2328 2583 2383 quas
2630 2312 2714 2366 vir
2742 2312 2960 2368 mulieri
3013 2322 3258 2384 praeest:
3313 2312 3576 2369 nimirum
3619 2319 3674 2368 et

2071 2401 2198 2474 quia
2240 2401 2443 2456 mulier
2476 2417 2544 2456 ex
2590 2401 2693 2456 viri
2721 2410 2871 2457 costa
2927 2409 3030 2466 est,
3063 2410 3122 2457 et
3150 2403 3275 2475 quia
3316 2403 3400 2458 vir
3428 2417 3543 2457 non
3590 2411 3674 2460 est

2069 2497 2292 2561 pr0pter
2325 2489 2502 2558 illam,
2525 2489 2619 2545 sed
2645 2489 2758 2560 illa,
2790 2498 3014 2562 propter
3036 2490 3238 2560 ipsum.
3272 2514 3296 2537 «ι
3321 2491 3614 2547 Faciamus
3641 2513 3664 2539 ιι

2068 2579 2244 2645 enim,
2274 2579 2471 2650 inquit,
2511 2602 2537 2627 α
2567 2578 2906 2652 adjutorium
2949 2579 3048 2650 ipsi
3074 2583 3134 2634 ω.
3168 2599 3197 2632 »
3237 2580 3341 2650 Qui
3390 2580 3555 2650 igitur
3590 2580 3670 2636 vir

2067 2677 2411 2742 contegetnr,
2455 2671 2546 2741 qui
2577 2677 2734 2725 tanto
2789 2669 2999 2726 honore
3029 2687 3060 2725 a
3088 2673 3208 2725 Deo
3263 2669 3499 2726 affectus
3546 2673 3668 2726 est?

2067 2757 2309 2814 Feminae
2356 2758 2502 2814 enim
2555 2758 2807 2814 habitum
2837 2758 2944 2815 sibi
2972 2759 3183 2830 arripit,
3215 2775 3278 2814 ac
3328 2759 3556 2831 perinde
3586 2758 3667 2816 fa-

2065 2847 2162 2914 cit,
2193 2863 2256 2904 ac
2285 2847 2330 2902 si
2365 2847 2622 2904 diadema
2677 2864 2839 2905 suum
2876 2849 3056 2920 capite
3098 2857 3376 2921 arreptum
3419 2849 3663 2920 abjiciat,

2066 2937 2427 3010 habitumque
2475 2939 2730 2994 servilem
2791 2947 3054 2995 assumat.

2136 3030 2316 3084 Vens.
2350 3033 2435 3084 10.
2473 3046 2503 3080 ι(
2531 3030 2880 3100 Quapropter
2900 3028 3102 3083 mulier
3125 3026 3291 3084 debet
3317 3035 3663 3099 potestatem

348 3116 587 3194 κεφαλῆς
611 3113 697 3171 διὰ
729 3111 849 3180 τοὺς
874 3114 1149 3192 ἀγγέλους.
1183 3141 1208 3168 ιι
1242 3115 1346 3176 Διὰ
1374 3116 1441 3174 τὰ
1473 3115 1727 3196 εἰρημένα
1759 3119 1952 3192 πάντα,

357 3224 376 3225 W
411 3224 417 3225 κ
443 3203 475 3225 η]
589 3204 605 3225 ἳ
681 3203 716 3225 I‘
807 3207 824 3225 ι
967 3201 982 3225 \
1051 3202 1066 3224 λ
1170 3208 1201 3223 ~
1237 3203 1283 3225 ’Υ
1426 3205 1472 3225 Iv
1541 3211 1562 3225 Α
1701 3205 1716 3225 Ι
1770 3207 1799 3225 Δ
1831 3210 1848 3225 \

2065 3115 2265 3174 habere
2308 3117 2363 3173 in
2407 3118 2603 3189 capite,
2661 3125 2883 3190 propter
2928 3118 3173 3188 angelos.
3229 3140 3254 3165 ιο
3287 3119 3516 3190 Propter
3547 3118 3666 3176 haec

349 3203 511 3281 φησὶν
535 3247 552 3276 ,
579 3203 777 3284 ὀφείλει
798 3207 832 3274 ἡ
861 3201 992 3282 γυνὴ
1017 3202 1078 3262 τὸ
1109 3208 1202 3262 τοῦ
1229 3203 1624 3275 ἐξουσιάζεσθαι
1655 3205 1946 3283 σύμϐολον,

347 3293 619 3364 τουτέστι,
671 3291 730 3350 τὸ
775 3292 1039 3370 κάλυμμα
1094 3292 1238 3374 ἔχειν
1289 3294 1377 3354 ἐπὶ
1429 3299 1526 3368 τῆς
1574 3298 1840 3377 κεφαλῆς,
1903 3301 1949 3356 εἰ

353 3379 483 3457 μήτι
507 3381 669 3457 ἄλλο,
700 3381 817 3448 τοὺς
849 3381 1112 3460 ἀγγέλους
1143 3381 1434 3460 αἰδουμένη
1458 3431 1476 3462 ,
1505 3383 1593 3443 ἵνα
1629 3385 1704 3464 μὴ
1736 3388 1828 3446 καὶ
1857 3390 1949 3444 αὖ-

348 3473 456 3538 τοῖς
496 3475 568 3538 ὡς
609 3471 960 3553 ἀναίσχυντος
987 3471 1264 3552 φαίνηται.
1302 3469 1529 3556 σΩσπερ
1559 3475 1662 3554 γὰρ
1691 3474 1752 3534 τὸ
1781 3499 1948 3534 κατα-

346 3558 712 3622 καλύπτεσθαι
775 3561 924 3621 κάτω
970 3561 1138 3622 νεύειν
1195 3566 1592 3644 παρασκευάζει
1645 3564 1737 3623 καὶ
1778 3565 1949 3644 ἐντρέ-

343 3656 563 3722 πεσθαι,
599 3650 773 3711 καὶτὸ
798 3656 890 3710 τοῦ
930 3649 1228 3732 ἀρχομένου
1260 3657 1452 3732 σχῆμα
1483 3654 1778 3731 διατηρεῖν
1811 3655 1950 3712 οὕτω

343 3739 404 3799 τὸ
441 3739 872 3822 ἀνακεκαλύφθαι
916 3741 1296 3821 ἀναισχυντίαν
1341 3742 1607 3822 ἐμφαίνει·
1656 3742 1723 3815 ἣν
1772 3744 1863 3801 καὶ
1900 3746 1948 3802 οἱ

345 3829 456 3895 τοῖς
493 3833 708 3898 πιστοῖς
754 3829 1122 3911 παρεπόμενοι
1161 3829 1379 3911 ἄγγελοι
1443 3831 1823 3912 βδελύσσονται
1872 3833 1945 3894 ⁵⁸.

350 3919 583 3995 Κλήμης
627 3918 682 3978 δὲ
712 3923 740 3979 ὃ
792 3917 1155 4001 Στρωματεὺς
1200 3920 1452 4000 ἀγγέλους
1497 3921 1684 3995 ἐνόησε
1735 3945 1948 4002 περιερ-

343 4008 554 4088 γότερον
579 4053 596 4084 ,
644 4007 764 4078 τοὺς
803 4014 898 4082 τῆς
929 4008 1265 4083 Ἐκκλησίας
1309 4010 1562 4079 δικαίους.
1615 4014 1945 4072 Κατακαλυ-

343 4100 557 4157 πτέσθω
593 4099 739 4179 γὰρ,
796 4099 993 4180 φησὶν,
1039 4096 1127 4160 ἵνα
1180 4100 1257 4178 μὴ
1311 4099 1527 4170 τούτους
1577 4104 1650 4170 εἷς
1697 4105 1946 4183 πορνείαν

349 4187 706 4268 σκανδαλίσῃ.

431 4305 451 4328 α
482 4279 638 4348 Πλὴν
662 4277 781 4338 οὔτε
807 4279 943 4359 ἀνὴρ
975 4278 1141 4360 χωρὶς
1162 4279 1438 4358 γυναικὸς,
1473 4277 1592 4340 οὔτε
1619 4279 1751 4358 γυνὴ
1784 4281 1947 4361 χωρὶς

345 4367 573 4446 ἀνδρὸς,
613 4373 666 4429 ἐν
720 4369 922 4450 Κυρίῳ.
959 4397 983 4421 ν
1035 4371 1227 4428 Ταῦτα
1280 4369 1457 4447 λέγει,
1503 4372 1688 4442 ἐπειδή
1741 4373 1944 4444 πολλὴν

2061 3207 2254 3264 omnia
2278 3207 2558 3279 praedicta,
2585 3207 2785 3280 inquit,
2821 3207 3020 3263 mulier
3042 3207 3100 3262 in
3126 3208 3298 3280 capite
3313 3223 3414 3264 suo
3445 3208 3666 3281 signum

2058 3297 2258 3353 habere
2297 3297 2462 3353 debet
2507 3297 2870 3368 subjectionis
2916 3313 3051 3366 suae,
3083 3306 3467 3370 tegumentum
3515 3299 3661 3356 vide-

2061 3387 2213 3455 licet,
2244 3387 2289 3442 si
2321 3387 2458 3442 nihil
2488 3387 2657 3455 aliud,
2715 3387 2937 3458 angelos
2983 3397 3173 3443 tamen
3229 3389 3484 3459 reverita,
3516 3405 3586 3445 ne
3611 3397 3666 3445 et

2058 3475 2194 3548 ipsis
2227 3484 2492 3550 tanquam
2538 3477 2830 3547 impudens
2873 3476 3141 3532 videatur.
3196 3480 3278 3535 Ut
3307 3478 3456 3534 enim
3491 3477 3664 3535 obve-

2059 3567 2170 3622 lare
2210 3574 2394 3637 caput,
2444 3566 2634 3622 oculos
2675 3566 2966 3622 demittere
3011 3565 3164 3634 facit,
3196 3575 3251 3622 et
3283 3568 3661 3637 verecundari,

2057 3655 2304 3728 adeoque
2355 3654 2558 3711 subditi
2599 3654 2839 3710 formam
2887 3670 3142 3723 servare;
3189 3657 3268 3712 sic
3297 3657 3536 3713 revelato
3565 3674 3664 3713 ca-

2057 3745 2171 3818 pite
2211 3745 2448 3817 ingredi,
2502 3744 2904 3816 impudentiam
2961 3743 3223 3812 declarat,
3262 3761 3430 3816 quam
3483 3755 3538 3802 et
3563 3763 3663 3802 an-

2056 3831 2180 3905 geli,
2213 3833 2310 3906 qui
2353 3833 2697 3890 Christianos
2741 3832 3098 3900 comitantur,
3127 3841 3502 3888 exsecrantur.
3539 3833 3658 3888 Cle-

2056 3938 2213 3978 mens
2262 3939 2399 3979 vero
2447 3923 2840 3978 Stromatensis
2871 3921 3165 3988 curiosius,
3195 3938 3291 3994 per
3315 3921 3561 3993 angelos,
3602 3922 3658 3977 in

2058 4012 2302 4069 Ecclesia
2323 4013 2502 4086 justos
2530 4012 2814 4069 intellexit.
2849 4012 3147 4068 Obveletur
3176 4011 3562 4084 enim,inquit,
3593 4027 3660 4069 ne

2054 4100 2156 4158 hos
2179 4103 2249 4160 ad
2279 4101 2709 4160 fornicationem
2743 4100 3095 4159 scandalizet.

2128 4289 2416 4342 Vnns.11.
2449 4307 2475 4334 α
2517 4286 2922 4341 Verumtamen
2952 4299 3133 4357 neque
3154 4284 3235 4341 vir
3271 4285 3390 4341 sine
3410 4285 3659 4355 muliere,

2055 4392 2234 4448 neque
2265 4375 2466 4432 mulier
2502 4376 2620 4431 sine
2653 4375 2788 4443 viro,
2821 4375 2876 4430 in
2907 4375 3177 4431 Domino.
3211 4401 3233 4423 υ
3269 4376 3404 4432 Haec
3448 4375 3662 4448 adjicit,

339 4459 608 4538 ὑπεροχὴν
654 4449 976 4538 δέδωκείτῷ
1029 4460 1212 4537 ἀνδρὶ,
1266 4459 1473 4535 δείξας,
1527 4459 1609 4519 ὅτι
1641 4465 1673 4531 ἡ
1718 4460 1849 4540 γυνὴ
1881 4462 1932 4530 ἐξ

2065 4466 2177 4540 ιυὶδ
2205 4466 2508 4538 plurimum
2533 4465 2881 4521 excellentiae
2929 4465 3048 4520 viro
3078 4465 3326 4530 dederat,
3367 4481 3663 4520 common-

339 4549 502 4606 αὐτοῦ
533 4547 624 4606 καὶ
672 4547 739 4606 δι’
786 4548 944 4608 αὐτὸν
995 4549 1088 4609 καὶ
1142 4549 1229 4609 ὑπ’
1276 4550 1449 4609 αὐτόν.
1482 4548 1608 4612 Ἵνα
1655 4540 1744 4610 οὖν
1796 4550 1932 4622 μήτε

339 4635 462 4702 τοὺς
507 4636 698 4717 ἄνδρας
739 4637 914 4719 ἐπάρῃ
947 4640 1105 4699 πλέον
1135 4643 1225 4698 τοῦ
1258 4637 1495 4712 δέοντος,
1545 4641 1682 4719 μήτε
1732 4640 1936 4708 ἐκείνας

338 4726 682 4808 ταπεινώσῃ,
709 4727 897 4808 φησὶν,
932 4728 1014 4789 ὅτι
1054 4731 1263 4800 ἀληθῶς
1297 4729 1391 4807 μὲν
1425 4733 1477 4788 ἐν
1518 4735 1585 4812 τῇ
1628 4729 1816 4811 πρώτῃ
1842 4731 1938 4804 δη-

341 4815 596 4897 μιουργίᾳ
646 4817 790 4878 οὕτω
829 4817 1012 4896 γέγονε
1049 4817 1182 4898 γυνὴ
1220 4817 1273 4887 ἐξ
1325 4820 1509 4899 ἀνδρός
1543 4840 1557 4855 ·
1601 4823 1692 4878 νῦν
1725 4819 1778 4878 δὲ
1821 4819 1940 4880 οὔτε

338 4903 478 4986 ἀνὴρ
511 4906 672 4986 χωρὶς
718 4907 966 4985 γυναικὸς
994 4917 1268 4987 γεννᾶται.
1323 4935 1347 4961 α
1391 4908 1546 4981 Πλὴν
1578 4910 1632 4967 ἐν
1669 4911 1874 4990 Κυρίῳο
1908 4935 1937 4966 ι)

335 4997 613 5068 τουτέστι,
642 5001 734 5055 τοῦ
758 4998 900 5057 Θεοῦ
926 4999 988 5056 τὸ
1020 5007 1127 5056 πᾶν
1160 5003 1436 5065 ποιοῦντος
1456 5045 1470 5070 ,
1500 4997 1593 5057 καὶ
1621 5001 1944 5078 ζωογονοῦν-

336 5108 427 5153 τος
450 5083 512 5142 τὸ
537 5085 780 5165 σπέρμα,
805 5087 898 5144 καὶ
920 5086 1017 5158 τὴν
1047 5087 1256 5168 μήτραν
1289 5087 1626 5169 ῥωννύοντος.

431 5196 463 5234 α
488 5171 711 5254 Ὥσπερ
740 5175 844 5255 γὰρ
871 5181 906 5248 ἡ
950 5175 1082 5255 γυνὴ
1125 5178 1185 5237 ἐκ
1234 5183 1326 5235 τοῦ
1367 5178 1585 5258 ἀνδρὸς,
1630 5178 1770 5237 οὕτω
1797 5177 1887 5237 καὶ
1919 5182 1948 5238 ὁ

338 5260 480 5342 ἀνὴρ
506 5263 592 5322 διὰ
620 5268 714 5337 τῆς
745 5265 1010 5344 γυναικός.
1045 5293 1070 5320 ιο
1095 5265 1164 5327 Ἣ
1205 5265 1301 5344 μὲν
1327 5265 1461 5346 γυνὴ
1487 5311 1503 5338 ,
1539 5265 1696 5347 φησὶν
1714 5313 1729 5340 ,
1762 5269 1824 5327 ἐκ
1852 5273 1946 5328 τοῦ

338 5353 529 5434 ἀνδρός
549 5375 562 5388 ·
593 5355 670 5413 ἔτι
697 5354 802 5435 γὰρ
839 5355 1139 5437 παραμένει
1184 5360 1260 5437 τῷ
1290 5355 1440 5438 ἀνδρὶ
1482 5361 1637 5417 τοῦτο
1665 5355 1936 5440 ἀκέραιον,

414 5548 454 5578 ³
495 5541 637 5599 Gen.
677 5556 750 5611 ιι,
786 5547 874 5598 18.

2041 4563 2226 4615 strans
2242 4556 2392 4629 quod
2417 4555 2619 4611 mulier
2648 4571 2715 4611 ex
2740 4556 2880 4626 ipso,
2910 4563 2964 4610 et
2989 4562 3214 4625 propter
3238 4553 3444 4624 ipsum,
3475 4562 3529 4609 et
3557 4555 3658 4611 sub

2043 4645 2164 4720 ipso
2189 4647 2278 4702 sit.
2325 4647 2407 4702 Ne
2455 4646 2622 4717 igitur
2650 4646 2798 4701 viros
2840 4644 2957 4715 plus
2983 4659 3149 4715 quam
3194 4659 3292 4716 par
3330 4643 3404 4698 sit
3441 4641 3653 4712 efferat,

2045 4753 2226 4810 neque
2250 4736 2369 4793 illas
2391 4735 2694 4807 deprimat,
2721 4737 2952 4802 Revera,
2983 4733 3180 4804 inquit,
3212 4734 3266 4788 in
3298 4733 3473 4805 prima
3501 4747 3655 4788 crea-

2048 4827 2200 4883 tione
2228 4825 2304 4882 ita
2345 4826 2540 4881 mulier
2570 4841 2599 4881 e
2624 4825 2746 4881 viro
2794 4824 3018 4880 condita
3050 4823 3154 4880 fuit
3213 4843 3225 4879 :
3261 4841 3412 4880 nunc
3467 4832 3656 4880 autem

2051 4933 2124 4974 ne
2165 4915 2249 4972 vir
2296 4915 2520 4987 quidem
2559 4915 2675 4970 sine
2724 4915 2954 4970 muliere
2985 4915 3242 4971 nascitur.
3281 4937 3305 4963 οι
3357 4917 3660 4971 Verumta-

2054 5021 2182 5062 men
2212 5005 2268 5060 in
2293 5005 2564 5072 Domino,
2584 5027 2610 5054 η
2631 5003 2739 5060 hoc
2763 5013 2866 5072 est,
2893 5007 3014 5061 Deo
3044 5005 3368 5061 universum
3395 5003 3659 5071 faciente,

2054 5103 2109 5152 et
2133 5094 2440 5150 viviﬁcante
2468 5109 2676 5161 semen,
2703 5097 3104 5166 matricemque
3144 5091 3510 5149 confortante.

2125 5187 2306 5241 Vnns.
2338 5191 2420 5239 t2.
2456 5208 2482 5232 α
2521 5186 2658 5241 Nam
2689 5184 2830 5240 sicut
2866 5183 3070 5238 mulier
3105 5183 3174 5238 de
3213 5183 3350 5248 viro,
3389 5182 3464 5236 ita
3494 5189 3548 5237 et
3575 5181 3656 5237 vir

2054 5291 2152 5349 per
2197 5275 2507 5332 mulierem.
2548 5297 2573 5323 ιο
2626 5274 2827 5331 Mulier
2877 5271 3126 5346 quidem,
3172 5272 3372 5343 inquit,
3419 5287 3486 5328 ex
3542 5271 3656 5327 viro

2061 5373 2164 5433 est;
2216 5381 2351 5422 nam
2385 5365 2567 5424 adhuc
2593 5364 2710 5422 viro
2749 5363 2855 5422 hoc
2904 5363 3180 5435 integrum
3208 5368 3399 5432 restat,
3452 5361 3651 5418 mulie-

1747 5624 1936 5685 Variae
1979 5626 2278 5686 lectiones.

415 5721 460 5756 ⁵⁸
492 5719 642 5775 αὐτὸν
674 5736 728 5776 o.
806 5720 852 5755 ⁸⁸
889 5719 1314 5792 βδελυχθήσονται
1347 5739 1400 5779 ο.
