4110 6410
437 408 541 460 699

1437 407 1951 463 THEOPHYLACTI
1991 402 2353 461 BULGARLE
2391 402 2709 460 ARCHIEP.

3643 401 3748 455 700

428 546 552 587 rem
583 547 647 586 ex
688 531 809 603 ipso
839 530 1005 603 188
1047 546 1184 587 esse.
1216 531 1313 588 Vir
1339 540 1526 588 autem
1572 541 1660 590 est
1707 549 1805 604 per
1841 530 2033 588 mulie-

2154 529 2213 589 τὸ
2255 527 2310 598 ἐξ
2355 529 2513 589 αὐτοῦ
2546 519 2681 588 εἶναι
2726 526 2823 601 τὴν
2881 535 3127 606 γυναῖκα⁶
3172 529 3202 584 ὁ
3233 525 3286 585 δὲ
3338 523 3472 604 ἀνὴρ
3521 523 3607 586 διὰ
3655 527 3753 598 τῆς

428 635 574 687 rem,
600 617 658 675 id
695 627 798 686 est,
828 620 1022 674 mulier
1052 628 1137 676 est
1187 619 1440 676 ministra
1475 620 1812 693 generationi
1849 619 2033 676 homi-

430 709 552 764 nis:
604 709 789 779 potior
831 717 1018 764 autem
1062 709 1312 780 operatio
1350 711 1579 766 seminis
1620 718 1722 779 est,
1759 710 1835 764 ita
1861 717 1922 764 ut
1952 707 2032 764 vir

429 813 548 853 non
598 797 818 870 proprie
868 797 1087 852 dicatur
1125 813 1188 853 ex
1224 797 1424 853 femina
1465 815 1605 868 esse,
1636 797 1736 854 sed
1781 814 1846 854 ex
1884 805 2038 870 patre

437 903 538 944 suo
560 903 656 958 per
702 886 1016 954 mulierem,
1057 897 1119 942 ut
1148 903 1272 959 quae
1302 888 1462 944 fuerit
1495 889 1746 944 ministra
1779 887 1847 943 ad
1868 903 2038 960 gene-

438 975 734 1032 rationem.
781 979 868 1031 De
890 975 1131 1031 Domino
1165 985 1353 1032 autem
1392 978 1591 1034 Paulus
1617 994 1733 1033 non
1766 978 1847 1032 sic
1873 975 2036 1044 dixit,

440 1065 541 1122 sed
589 1067 794 1120 Natum
833 1080 896 1119 ex
943 1064 1170 1120 muliere
1201 1067 1298 1121 ait.
1348 1067 1548 1123 Metuit
1592 1067 1744 1122 enim
1781 1066 1860 1123 uti
1896 1081 2038 1138 prae-

442 1154 718 1225 positione
751 1178 775 1204 ει
807 1159 932 1224 Per,
960 1177 985 1202 ι
1016 1171 1087 1210 ne
1119 1156 1301 1212 locum
1339 1156 1492 1212 daret
1517 1157 1794 1214 haereticis
1821 1157 2040 1212 calum-

440 1245 650 1313 niandi,
698 1244 848 1316 quod
897 1261 992 1316 per
1052 1245 1346 1316 Virginem,
1399 1247 1556 1318 quasi
1621 1263 1716 1318 per
1762 1246 2031 1309 canalem,

437 1334 766 1389 transierit:
813 1335 896 1390 vel
934 1335 1081 1404 quod
1139 1335 1255 1391 sine
1315 1336 1417 1391 viri
1479 1352 1802 1409 congressu,
1866 1335 2037 1392 solius

440 1422 611 1494 ipsius
637 1423 778 1478 uteri
805 1422 1011 1480 fructus
1041 1431 1178 1481 erat.

513 1629 542 1659 ‹‹
582 1610 782 1666 Omnia
808 1618 992 1666 autem
1022 1627 1087 1665 ex
1114 1613 1252 1666 Deo.
1291 1635 1315 1660 ι»
1347 1613 1472 1668 Νοη
1502 1613 1618 1680 viri,
1646 1613 1849 1684 inquit,
1876 1612 2036 1670 istud

444 1712 582 1768 Opus
599 1708 703 1768 est,
726 1700 822 1755 sed
855 1701 976 1756 Dei.
1000 1700 1162 1772 Quod
1183 1701 1230 1756 si
1258 1702 1440 1756 omnia
1472 1703 1566 1758 Dei
1593 1703 1830 1774 potentia
1861 1703 2020 1770 liaut,

2149 618 2393 698 γυναικὸς
2412 666 2428 692 ,
2460 617 2761 694 τουτέστιν,
2812 622 2846 689 ἡ
2874 615 3005 696 γυνὴ
3050 615 3290 682 διάκονός
3323 615 3436 674 ἔστι
3561 613 3749 694 γεννή-

2151 732 2232 769 σει
2256 714 2349 768 τοῦ
2395 707 2704 788 ἀνθρώπουο
2751 712 2786 779 ἡ
2817 707 3013 766 πλείων
3060 705 3117 765 δὲ
3157 703 3394 784 ἐνέργεια
3440 709 3534 764 τοῦ
3584 705 3747 784 σπέρ-

2151 799 2318 878 ματός
2346 799 2508 858 ἐστιν.
2542 796 2712 856 Ὥστε
2743 801 2770 856 ὃ
2803 796 2935 876 ἀνὴρ
2974 797 3070 856 οὐκ
3100 793 3166 854 ἂν
3195 792 3409 874 λεχθείη
3456 793 3650 872 κυρίως
3681 796 3744 853 ἐκ

2151 893 2243 961 τῆς
2291 887 2568 966 γυναικὸς,
2623 889 2741 945 ἀλλ’
2797 888 2856 946 ἐκ
2904 891 2998 946 τοῦ
3053 883 3254 964 πατρὸς
3287 884 3448 943 αὐτοῦ
3515 882 3605 943 διὰ
3651 887 3748 956 τῆς

2151 978 2429 1054 γυναικὸς,
2461 980 2531 1042 ὡς
2563 976 2809 1035 διακόνου
2837 973 3125 1056 γενομένης
3170 972 3302 1050 πρὸς
3339 971 3440 1056 τὴν
3468 972 3742 1051 γέννησιν.

2153 1051 2282 1128 ίΕπὶ
2313 1067 2365 1125 δὲ
2393 1071 2483 1125 τοῦ
2512 1065 2711 1146 Κυρίου
2740 1068 2768 1124 ὁ
2805 1051 3016 1130 ΙΙ-αῦλος
3043 1064 3144 1143 οὐχ
3174 1061 3340 1128 οὕτως
3386 1051 3568 1134 εἶπεν,
3599 1060 3740 1121 ἀλλὰ

2152 1157 2473 1233 Γενόμενον,
2523 1156 2682 1236 φησὶν
2708 1199 2724 1227 ,
2760 1156 2820 1214 ἐκ
2865 1152 3134 1234 γυναικός.
3176 1150 3453 1233 Ἐφοϐήθη
3502 1150 3608 1234 γὰρ
3649 1155 3746 1232 τῇ,

2159 1271 2189 1305 α
2225 1246 2328 1308 Διὰ
2347 1291 2362 1319 ,
2396 1270 2427 1302 n
2453 1244 2700 1326 προθέσει
2732 1243 3072 1324 χρήσασθαι,
3099 1241 3187 1302 ἵνα
3217 1240 3294 1316 μὴ
3332 1241 3410 1318 δῷ
3431 1239 3617 1320 χώραν
3638 1248 3751 1310 τοῖς

2155 1341 2434 1418 αἱρετικοῑς
2463 1335 2669 1412 λέγειν,
2719 1334 2799 1394 ὅτι
2843 1336 2912 1401 ὥς
2945 1333 3030 1391 διὰ
3061 1333 3298 1402 σωλῆνος
3341 1332 3437 1399 τῆς
3476 1328 3750 1418 Παρθένου

2155 1417 2362 1501 διῆλθεν
2398 1449 2412 1462 ’
2470 1424 2506 1496 ἢ
2564 1423 2656 1482 καὶ
2709 1423 2842 1483 διότι
2896 1421 3082 1501 ἀνδρὸς
3115 1500 3122 1501 η
3138 1421 3215 1496 μὴ
3287 1417 3751 1500 παρεισελθόντος,

2153 1520 2352 1601 καρπὸς
2379 1520 2472 1588 τῆς
2498 1512 2699 1581 κοιλίας
2730 1515 2890 1583 αὐτῆς
2923 1511 3082 1588 μόνης
3105 1500 3194 1582 ἧν.

2234 1597 2258 1662 '.
2289 1607 2376 1669 Τὰ
2399 1607 2452 1664 δὲ
2482 1603 2656 1662 πάντα
2687 1604 2747 1662 ἐκ
2766 1608 2858 1660 τοῦ
2878 1603 3045 1662 Θεοῦ.
3077 1629 3099 1652 ι
3125 1601 3208 1661 Οὖ
3230 1604 3322 1659 τοῦ
3351 1597 3562 1676 ἀνδρὸς,
3595 1599 3749 1678 φησὶ,

2153 1707 2310 1760 τοῦτο
2339 1695 2662 1774 κατόρθωμα
2687 1737 2703 1765 ,
2749 1692 2890 1750 ἀλλὰ
2937 1695 3032 1749 τοῦ
3061 1691 3228 1752 Θεοῦ.
3263 1691 3331 1750 Εἰ
3372 1687 3546 1747 τοίνυν
3574 1690 3751 1750 πάντα

441 1786 663 1860 ipseque
712 1789 983 1846 ordinavit
1019 1791 1265 1847 virorum
1304 1799 1360 1847 et
1401 1792 1694 1849 mulierum
1723 1809 1850 1863 res,
1899 1794 2030 1849 nolii

2162 1795 2227 1870 τῇ
2251 1793 2340 1847 τοῦ
2384 1787 2525 1846 Θεοῦ
2554 1782 2774 1857 δυνάμει
2807 1779 3074 1859 γίνονται,
3124 1779 3277 1846 αὐτὸς
3311 1776 3368 1838 δὲ
3403 1775 3654 1870 {toﬁs-7‘
3682 1778 3752 1840 τὰ

439 1884 598 1932 contr
610 1877 846 1948 adicere,
870 1878 968 1935 sed
995 1880 1332 1952 obtempera.

503 2060 686 2115 VEBS.
723 2064 808 2114 13.
866 2082 891 2107 α
940 2061 1091 2114 Inter
1135 2074 1232 2114 vos
1260 2059 1411 2130 ipsos
1432 2059 1691 2130 judicate.
1719 2083 1746 2109 ιι
1790 2064 2037 2116 Rursum

436 2165 533 2206 eos
577 2148 794 2220 judices
834 2149 1142 2219 constituit,
1195 2149 1413 2206 abunde
1441 2159 1496 2206 et
1533 2151 1753 2223 copiose
1791 2159 2038 2208 astruens

437 2238 587 2310 quod
611 2237 758 2293 velit.

515 2351 539 2375 ι
584 2329 756 2382 Decet
791 2327 1079 2382 mulierem
1121 2343 1232 2383 non
1275 2328 1510 2385 velatam
1560 2345 1720 2386 orare
1750 2333 2029 2387 Deum?»

435 2415 538 2470 Hic
580 2415 845 2487 quiddam
890 2415 1207 2472 horribilius
1257 2417 1478 2487 indicat,
1526 2435 1725 2492 nempe
1767 2419 1922 2493 quod
1964 2421 2037 2478 ad

433 2508 612 2560 Deum
645 2504 838 2578 injuria
863 2513 1128 2561 recurrat.

506 2595 680 2649 Vens.
716 2599 800 2661 14,
836 2601 924 2651 15.
959 2619 982 2645 (ι
1024 2598 1218 2652 Nonne
1244 2605 1438 2652 natura
1468 2598 1692 2670 quidem
1729 2599 1848 2671 ipsa
1878 2598 2038 2655 docet

434 2699 550 2750 vos,
583 2684 734 2756 quod
758 2684 836 2739 vir
855 2685 1096 2756 quidem,
1125 2687 1170 2741 si
1216 2702 1438 2742 comam
1467 2688 1701 2755 nutriat,
1733 2689 2037 2760 ignominia

433 2781 516 2827 est
544 2773 653 2828 illi:
689 2772 886 2828 mulier
913 2783 1118 2843 autem,
1170 2776 1213 2830 si
1240 2792 1458 2831 cernam
1507 2778 1733 2842 nutriat,
1765 2778 1930 2850 gloria
1960 2785 2041 2834 est

435 2861 718 2916 illi?Nam
767 2879 927 2917 coma
961 2879 1056 2934 pro
1096 2865 1367 2921 velamine
1403 2867 1450 2920 ei
1479 2865 1608 2922 data
1649 2876 1751 2922 est.
1791 2888 1813 2913 υ
1861 2868 2037 2939 Ecqui

437 2957 520 3006 est
558 2950 860 3023 ignominia
891 2951 1031 3020 viro,
1059 2953 1102 3008 si
1131 2970 1350 3009 comam
1379 2959 1577 3011 curet?
1623 2957 1764 3025 Quia
1793 2957 2040 3014 mulieris

437 3039 682 3095 habitum
729 3041 986 3109 assumit,
1022 3058 1256 3114 cumque
1303 3045 1554 3116 princeps
1574 3047 1907 3102 constitutus
1951 3047 2041 3116 sit,

2160 1866 2282 1960 περὶ
2335 1879 2435 1934 τῶν
2488 1874 2690 1952 ἀνδρῶν
2720 1870 2812 1930 καὶ
2858 1873 2964 1929 τῶν
3011 1871 3275 1950 γυναικῶν
3296 1915 3316 1946 ,
3351 1867 3428 1946 μὴ
3473 1866 3746 1950 ἀντίλεγε,

2150 1970 2291 2034 ἀλλὰ
2329 1966 2532 2026 πείθου.

2235 2086 2263 2120 α
2332 2058 2426 2118 Ἐν
2487 2054 2612 2131 ὑμῖν
2675 2052 2852 2118 αὐτοῖς
2907 2049 3146 2130 κρίνατε.
3197 2069 3228 2106 n
3313 2045 3490 2107 Πάλιν
3551 2049 3744 2118 αὖτοὺς

2146 2154 2349 2222 καθίζει
2405 2141 2695 2220 δικαστὰς,
2752 2142 2815 2201 ἐκ
2876 2139 3184 2221 περιουσίας
3239 2137 3656 2209 κατασκευάζων
3719 2138 3750 2200 ὃ

2147 2246 2304 2304 θέλει.

2231 2355 2261 2387 α
2324 2325 2536 2406 Πρέπον
2584 2321 2698 2381 ἐστὶ
2753 2317 2964 2400 γυναικὶ
3011 2317 3456 2378 ἀκατακάλυπτον
3507 2319 3583 2397 τῷ
3622 2317 3751 2401 Θεῷ

2143 2420 2566 2501 προσεύχεσθαι;
2595 2434 2624 2470 ››
2661 2411 2931 2472 Ἐνταῦθα
2959 2405 3322 2486 φοϐερώτερόν
3353 2406 3409 2447 ⁵⁸
3436 2429 3486 2466 τι
3517 2405 3750 2468 αἰνίττε-

2147 2497 2237 2570 ται
2261 2555 2277 2586 ,
2309 2507 2390 2567 ὅτι
2414 2504 2544 2582 πρὸς
2573 2501 2713 2561 Θεὸν
2759 2504 2794 2572 ἡ
2820 2497 2968 2576 ὕϐρις
2996 2497 3303 2586 ἀνατρέχει.

2233 2584 2271 2657 (ι-
2308 2595 2385 2655 Ἢ
2423 2592 2547 2654 οὐδὲ
2581 2590 2717 2664 αὐτὴ
2745 2593 2778 2660 ἡ
2810 2587 2964 2670 φύσις
2996 2589 3134 2664 ὑμᾶς
3175 2584 3449 2657 διδάσκει,
3477 2584 3562 2644 ὅτι
3607 2584 3743 2666 ἀνὴρ

2149 2688 2247 2766 μὲν
2284 2687 2373 2748 ἐὰν
2405 2691 2550 2764 κομξι⁹
2569 2726 2584 2753 ,
2615 2679 2804 2757 ἀτιμία
2834 2679 2980 2757 αὐτῷ
3004 2679 3116 2736 ἐστι
3150 2699 3178 2766 ’φ
3199 2674 3333 2754 γυνὴ
3363 2673 3421 2766 δὲ
3457 2672 3548 2766 ἐάν
3577 2683 3748 2758 κομᾷ,

2147 2762 2270 2846 δόξα
2306 2779 2442 2847 αὖτῇ
2469 2762 2649 2845 ἐστιν;
2692 2769 2774 2828 ὅτι
2809 2772 2842 2840 ἡ
2886 2768 3029 2843 κόμη
3072 2764 3192 2824 ἀντὶ
3221 2762 3570 2844 περιϐολαίου
3601 2766 3746 2827 δέδο-

2144 2841 2233 2925 ταί
2263 2841 2485 2938 αὐτῇ...»
2541 2841 2666 2928 “Si:
2720 2857 2775 2916 δὲ
2807 2841 2996 2934 ἀτιμία
3028 2854 3079 2890 ⁵⁸
3111 2857 3188 2935 τῷ
3235 2841 3387 2933 ἀνδρὶ
3424 2851 3486 2912 τὸ
3531 2863 3744 2938 κομᾷνς

2145 2951 2280 3013 Ὀτι
2335 2933 2525 3034 σχῆμα
2574 2948 2822 3027 γυναικὸς
2871 2933 3284 3021 ἀναλαμϐάνει,
3331 2942 3444 3034 καὶγ
3478 2933 3667 3024 ἄρχειν
3692 2942 3747 2981 ⁸⁸)

2151 3033 2397 3124 ταχθεὶς,
2430 3042 2491 3102 τὸ
2539 3044 2632 3112 τῆς
2677 3039 2948 3115 ὑποταγῆς
2978 3033 3244 3124 σύμϐολον
3283 3033 3625 3124 ἀναδέχεται.

435 3131 792 3203 subjectionis
816 3133 1032 3204 signum
1059 3134 1270 3204 recipit.
1311 3135 1529 3190 Mulieri
1561 3144 1742 3190 autem
1772 3153 1931 3192 coma
1961 3145 2033 3192 esl

2147 3121 2359 3212 γυναικὶ
2395 3132 2449 3191 δὲ
2482 3129 2606 3198 δόξα
2651 3132 2687 3201 ἡ
2735 3127 2914 3204 κόμη,
2968 3123 3051 3183 ὅτι
3099 3124 3357 3204 φυλάττει
3400 3121 3496 3195 τὴν
3542 3123 3741 3183 οἰκείαν

430 3221 643 3292 gloriae,
671 3221 928 3292 quoniam
980 3222 1263 3293 proprium
1305 3224 1557 3280 ordinem
1599 3233 1799 3280 servat.
1851 3226 2040 3283 Cuivis

433 3317 618 3366 autem
647 3310 705 3365 in
734 3310 968 3381 gloriam
998 3311 1148 3366 cedit
1177 3313 1262 3366 sui
1300 3321 1477 3369 status
1530 3313 1858 3370 observatio.
1893 3315 2038 3385 Quid

430 3415 559 3455 vero
606 3415 892 3454 necessum
940 3409 1024 3455 est
1061 3401 1205 3456 aliud
1235 3401 1414 3458 adhuc
1455 3403 1889 3473 operimentum.
1936 3421 2031 3476 pe-

435 3488 586 3560 plum
639 3488 849 3544 scilicet
876 3488 1095 3558 addere,
1124 3491 1169 3545 si
1199 3507 1357 3547 coma
1403 3502 1484 3547 est
1510 3493 1881 3549 velamentum
1909 3498 1931 3550 Ρ
1958 3498 2038 3552 Ut

433 3593 547 3632 non
573 3594 636 3633 ex
664 3578 781 3632 sola
811 3586 1024 3646 natura,
1058 3595 1244 3634 verum
1277 3581 1446 3636 etiam
1477 3597 1540 3636 ex
1577 3583 1801 3640 consilio
1841 3592 1898 3640 et
1934 3599 2037 3640 vo-

432 3666 660 3722 luntatis
688 3667 952 3722 electione
978 3668 1380 3740 subjectionem
1407 3670 1665 3726 fateatur.

499 3759 680 3813 Vnus.
714 3763 797 3812 16.
836 3776 862 3809 ‹‹
928 3757 982 3813 Si
1014 3759 1135 3829 quis
1180 3766 1370 3815 autem
1413 3759 1630 3816 videtur
1658 3763 2037 3820 contentiosus

428 3862 569 3915 esse,
595 3862 697 3901 nos
717 3847 884 3901 talem
913 3849 1369 3904 consuetudinem
1399 3867 1510 3904 non
1544 3850 1832 3920 habemus,
1855 3869 2035 3924 neque

433 3936 694 3992 Ecclesiae
723 3936 846 3992 Dei.
894 3960 919 3984 ι»
969 3938 1353 3993 Contentionis
1398 3939 1564 4009 igitur
1601 3948 1702 4010 est,
1754 3941 1806 3995 in
1846 3941 2032 4013 hujus-

433 4024 585 4080 modi
634 4025 799 4079 rebus
845 4025 1102 4080 reluctari
1150 4043 1266 4082 non
1320 4028 1548 4084 rationis
1600 4038 1656 4084 et
1699 4030 2024 4088 intellectus.

432 4113 890 4184 Quandoquidem
942 4114 1088 4169 enim
1141 4115 1405 4172 Corinthii
1434 4117 1704 4188 sapientes
1735 4119 1906 4175 videri
1935 4136 2034 4175 vo-

429 4203 630 4269 lentes,
678 4217 778 4272 per
804 4203 1151 4275 syllogismos
1175 4203 1405 4261 fortasse
1463 4207 1866 4277 renitebantur,
1908 4225 2026 4265 rem

426 4290 840 4345 indifferentem
877 4307 996 4346 esse
1036 4293 1390 4349 ostendentes
1421 4314 1434 4349 :
1467 4299 1606 4364 Nos,
1636 4297 1830 4370 inquit,
1862 4299 2029 4354 talem

429 4380 882 4435 consuetudinem
934 4397 1044 4437 non
1077 4381 1363 4453 habemus,
1422 4386 1536 4442 sive
1586 4388 1656 4443 ita
1703 4388 2028 4458 altercandi,

428 4469 541 4524 sive
568 4478 631 4524 ut
658 4470 737 4524 vir
766 4470 986 4542 quidem
1034 4488 1249 4528 comam
1278 4475 1511 4544 nutriat;
1543 4477 1738 4532 mulier
1767 4494 1893 4532 vero
1923 4495 2034 4535 non

428 4559 738 4615 obvelatum
789 4569 955 4632 caput
1001 4571 1156 4632 gerat
1207 4563 1364 4620 :imo
1415 4581 1483 4620 ne
1522 4567 1641 4621 aliae.
1670 4567 1916 4638 quidem,
1947 4569 2028 4624 in-

427 4648 564 4720 quit,
612 4649 868 4705 Ecclesiae
891 4652 1015 4706 Dei.
1047 4655 1231 4720 Quare
1275 4670 1383 4708 non
1423 4655 1582 4710 nobis
1610 4656 1738 4711 solis
1765 4657 2027 4714 adversa-

428 4737 583 4804 mini,
623 4754 814 4793 verum
847 4740 1014 4795 etiam
1055 4742 1322 4798 universa
1364 4744 1638 4808 Ecclesiae.
1690 4746 1800 4802 Ista
1843 4757 2028 4804 autem

427 4826 694 4897 pudorem
727 4828 1019 4894 incutiunt,
1067 4831 1315 4902 cogendo
1360 4833 1561 4888 scilicet
1615 4835 1914 4906 auditores,
1959 4855 2030 4894 ne

424 4915 729 4986 quidquam
771 4925 969 4988 praeter
1021 4921 1379 4992 apostolicam
1432 4924 1892 4982 consuetudinem
1943 4926 2026 4983 fa-

427 5005 592 5060 ciant.

496 5097 677 5152 ths.
722 5103 806 5152 17.
844 5120 868 5145 «ι
903 5099 1025 5154 Hoc
1053 5107 1238 5155 autem
1303 5101 1628 5173 praecipiens
1657 5119 1774 5158 non
1804 5103 1968 5162 laudo
2002 5130 2026 5156 ιο

420 5185 907 5252 Quemadmodum
957 5189 989 5242 ii
1045 5189 1134 5258 qui
1181 5189 1423 5260 primum
1475 5191 1843 5261 crediderant,
1877 5212 2031 5251 com-

423 5277 607 5328 munia
638 5276 825 5331 omnia
873 5276 1161 5346 habentes,
1196 5281 1570 5336 communiter
1612 5283 1980 5353 epulabantur
2011 5306 2027 5342 :

419 5362 497 5417 sic
543 5379 640 5434 per
664 5365 963 5436 quamdam
990 5383 1184 5422 eorum
1235 5368 1618 5437 imitationem,
1649 5371 1863 5430 etiamsi
1912 5392 2024 5432 non

422 5451 560 5509 adeo
613 5454 778 5525 189
831 5464 1100 5525 exactam,
1153 5456 1444 5529 Corinthii,
1497 5462 1654 5518 statis
1698 5464 2029 5535 quibusdam

2143 3222 2314 3291 τάξιν.
2341 3221 2490 3300 Τιμὴ
2533 3219 2588 3278 δὲ
2618 3217 2828 3298 ἑκάστῳ
2855 3220 2890 3287 ἡ
2921 3219 3017 3286 τῆς
3045 3212 3242 3282 τάξεως
3269 3213 3314 3250 ⁸⁸
3365 3212 3604 3295 φυλακή.
3635 3213 3739 3274 Διὰ

2143 3312 2196 3370 τί
2222 3312 2276 3372 δὲ
2308 3315 2385 3372 δεῖ
2426 3313 2523 3390 καὶ
2555 3307 2730 3390 ἕτερον
2777 3304 3122 3386 περιϐόλαιον
3154 3302 3530 3380 προστιθέναι,
3563 3303 3625 3361 τὸ
3653 3307 3749 3374 τῆς

2143 3389 2495 3481 καλύπτρας,
2530 3397 2577 3458 εἴ
2603 3389 2664 3476 γε
2696 3400 2730 3469 ἡ
2761 3394 2905 3474 κόμη
2943 3392 3284 3474 περιϐόλαιόν
3313 3395 3488 3468 ἐστιν;
3522 3390 3644 3453 Ἵνα
3672 3392 3748 3468 μὴ

2145 3491 2251 3550 ἀπὸ
2284 3496 2378 3563 τῆς
2421 3490 2632 3572 φύσεως
2675 3486 2870 3562 μόνης,
2916 3482 3057 3544 ἀλλὰ
3103 3482 3318 3556 καὶτῆς
3369 3482 3738 3565 προαιρέσεως

2141 3581 2238 3654 τὴν
2272 3578 2547 3659 ὑποταγὴν
2577 3580 2835 3658 ὁμολογῇ.

2225 3787 2249 3812 α
2279 3761 2348 3820 Εἰ
2378 3757 2437 3817 δέ
2465 3781 2543 3825 τις
2577 3759 2724 3816 δοκεῖ
2753 3753 3047 3836 φιλόνεικος
3089 3741 3257 3825 εἶναι,
3302 3752 3460 3830 ἡμεῖς
3485 3751 3738 3825 τοιαύτην

2144 3848 2426 3920 συνήθειαν
2457 3849 2550 3906 οὗκ
2575 3845 2792 3926 ἔχομεν,
2827 3842 2944 3903 οὐδὲ
2975 3847 3030 3902 αἱ
3061 3840 3383 3915 Ἐκκλησίαι
3409 3847 3500 3902 τοῦ
3531 3846 3696 3906 Θεοῦ.
3716 3869 3743 3896 υ

2142 3937 2487 4004 Φιλονεικίας
2535 3936 2671 4014 ἄρα,
2725 3935 2787 3994 τὸ
2835 3932 3143 3994 ἀντιτείνειν
3187 3933 3242 3992 ἄν
3291 3941 3404 4000 τοῖς
3453 3930 3742 4007 τοιούτοις,

2143 4027 2261 4086 ἀλλ’
2293 4029 2352 4085 οὐ
2402 4029 2660 4104 λογισμοῦ
2716 4023 2808 4083 καὶ
2859 4023 3138 4090 συνέσεως.
3193 4021 3421 4094 Ἐπειδὴ
3473 4021 3576 4104 γὰρ
3621 4023 3748 4090 ἴσως

2141 4121 2188 4176 οἳ
2238 4115 2502 4195 Κορίνθιοι
2553 4115 2860 4194 σοφίζεσθαι
2913 4111 3255 4193 βουλόμενοι,
3305 4111 3601 4172 ἀντέτεινον
3647 4112 3735 4170 διὰ

2141 4208 2513 4283 συλλογισμῶν
2535 4248 2550 4277 ,
2581 4203 2867 4284 ἀδιάφορον
2913 4201 3204 4268 δεικνύντες
3245 4201 3306 4261 τὸ
3333 4209 3561 4281 πρᾶγμα
3592 4224 3605 4238 ·
3631 4225 3740 4282 φη-

2141 4296 2255 4370 σὶν,
2292 4295 2374 4352 ὅτι
2410 4292 2600 4370 Ἡμεῖς
2628 4293 2911 4364 συνήθειαν
2944 4289 3190 4363 τοιαύτην
3230 4293 3326 4350 οὐκ
3368 4289 3562 4370 ἔχομεν
3583 4311 3598 4328 ’
3627 4290 3748 4363 ἤτοι

2064 4409 2115 4471 D
2143 4390 2234 4442 τοῦ
2283 4383 2633 4465 φιλονεικεῖν,
2677 4381 2710 4454 ἢ
2751 4389 2872 4455 τοῦ,
2913 4381 3002 4441 τὸν
3051 4378 3146 4457 μὲν
3189 4380 3354 4458 ἄνδρα
3395 4389 3604 4460 κομᾷν,
3635 4379 3732 4451 τὴν

2145 4473 2200 4532 δὲ
2229 4481 2453 4553 γυναῖκα
2487 4472 2562 4549 μὴ
2595 4470 2923 4551 κεκαλύφθαι
2956 4494 2969 4508 ·
3015 4469 3135 4528 ἀλλ’
3179 4468 3300 4530 οὐδὲ
3331 4471 3386 4528 αἱ
3419 4469 3580 4528 ἄλλαι
3612 4468 3740 4528 Ἐκ·

2138 4564 2390 4636 κλησίαι,
2434 4562 2617 4637 φησίν.
2663 4558 2838 4621 ’Ὥστε
2870 4562 2971 4640 οὖχ
2993 4563 3124 4635 ἡμῖν
3158 4563 3336 4636 μόνοις
3370 4562 3698 4618 ἐναντιοῦσθε
3720 4603 3737 4632 ,

2139 4653 2278 4713 ἀλλὰ
2304 4654 2395 4713 καὶ
2415 4657 2562 4729 πάσῃ
2588 4657 2654 4732 τῇ
2679 4651 2979 4732 Ἐκκλησία
2999 4649 3074 4708 ⁸³.
3101 4649 3463 4731 Ἐντρεπτικὸι
3487 4648 3543 4709 δὲ
3567 4649 3738 4709 ταῦτά

2135 4747 2268 4821 εἶσι,
2316 4747 2650 4802 συνωθοῦντα
2681 4741 2800 4810 τοὺς
2847 4739 3166 4819 ἀκούοντας,
3215 4739 3380 4819 μηδὲν
3435 4738 3584 4821 παρὰ
3637 4739 3733 4812 τὴν

2137 4835 2494 4906 ἀποστολικήν
2524 4834 2804 4908 συνήθειαν
2833 4836 3026 4896 ποιεῖν.

2223 5128 2248 5154 α
2279 5104 2456 5160 Τοῦτο
2481 5101 2536 5159 δὲ
2558 5099 2949 5179 παραγγέλλων
2979 5099 3072 5160 οὐκ
3101 5101 3321 5162 ἐπαινῶ.
3345 5121 3374 5157 ο)
3405 5097 3635 5181 Ὥσπερ
3682 5105 3734 5161 οἱ

2138 5193 2190 5249 ἐν
2237 5193 2378 5271 ἀρχῇ
2437 5192 2852 5264 πιστεύσαντες,
2903 5188 3055 5250 κοινὰ
3095 5190 3276 5248 πάντα
3315 5188 3523 5270 ἔχοντες
3574 5196 3725 5272 κοινῇ

2137 5285 2390 5341 ἑστιῶντο
2438 5305 2453 5320 ⁸
2524 5280 2663 5341 οὕτω
2726 5279 2867 5340 κατά
2923 5302 3042 5340 τινα
3098 5280 3328 5356 μίμησιν
3380 5278 3582 5339 τούτων
3658 5281 3735 5358 ⁸³,

2141 5374 2186 5429 εἷ
2245 5371 2336 5430 καὶ
2394 5370 2470 5448 μὴ
2521 5370 2750 5450 ἀκριϐῆ,
2794 5373 2848 5428 ἐν
2903 5367 3145 5449 Κορίνθῳ
3191 5368 3331 5428 κατά
3378 5393 3523 5437 τινας
3575 5372 3738 5452 ῥητὰς

2140 5459 2378 5541 ἡμέρας,
2427 5460 2656 5540 ἑορτίους
2705 5457 2869 5535 ἴσως,
2935 5462 3084 5539 κοινῇ
3132 5458 3430 5539 εὐωχοῦντο
3483 5459 3619 5537 μετὰ
3668 5460 3730 5522 τὸ

1820 5599 2007 5660 Variae
2051 5603 2348 5664 lectiones.

496 5697 537 5730 ⁵⁷
564 5696 756 5762 ἐπέταξε
777 5715 828 5756 0.
905 5700 950 5735 ⁸⁸
973 5703 1181 5775 φοϐερόν
1202 5720 1262 5762 ο.
1337 5705 1381 5740 ⁵9
1407 5705 1537 5761 ἐστίν
1569 5724 1622 5766 o.
1699 5709 1744 5744 ⁶⁰
1767 5709 1796 5762 ὁ
1820 5711 1993 5782 ἄρχων
2021 5729 2078 5770 o.
2157 5713 2197 5749 ⁶¹
2229 5715 2435 5776 πίστεως
2459 5729 2517 5771 0.
2594 5715 2638 5748 ⁶²
2665 5713 2928 5788 οἰκουμένη
2956 5730 3008 5771 o.
3082 5715 3127 5749 ⁶⁸
3155 5715 3330 5770 τούτου
3375 5731 3454 5771 m.
