4110 6408
456 427 557 479 70f

1383 424 1741 482 EXPOSITIO
1780 425 1847 479 IN
1885 424 2098 480 EPIST.
2140 425 2159 480 1
2196 425 2289 481 ΑΙ)
2331 424 2494 481 COR.
2533 455 2602 467 —
2640 425 2791 481 CAP.
2835 427 2919 481 XI.

3662 430 3767 485 702

458 548 782 626 μεταλαϐεῖν
832 554 937 609 τῶν
988 550 1332 633 μυστηρίων,
1383 555 1489 611 τῶν
1539 550 1634 630 μὲν
1684 549 2042 610 πλουτούντων

2162 549 2374 621 diebus,
2398 549 2553 607 festis
2582 550 2842 620 fortasse,
2882 559 3010 624 post
3036 552 3427 625 mysteriorum
3458 552 3763 625 participa-

456 638 807 719 εἰσφερόντων
832 639 901 698 τὰ
925 642 1196 719 ἐδέσματα
1217 688 1235 720 ,
1268 645 1369 700 τῶν
1399 640 1453 701 δὲ
1481 639 1724 713 πενήτων
1756 642 1845 698 ὑπ’
1878 641 2054 699 αὐτῶν

455 729 799 806 καλουμένων
843 730 935 788 καὶ
964 730 1318 805 ἑστιωμένων.
1350 730 1454 791 Διὰ
1478 730 1650 790 τοίνυν
1674 729 1767 797 τὰς
1798 731 2052 812 διχοστα-

454 817 573 886 σίας
622 820 876 901 διεφθάρη
920 820 983 881 τὸ
1029 820 1333 888 θαυμαστὸν
1385 825 1540 880 τοῦτο
1598 819 1689 879 καὶ
1730 820 2053 901 φιλάλληλον

452 908 544 966 καὶ
579 909 862 992 φιλόσοφον
892 908 1038 981 ἔθος,
1092 910 1183 969 καὶ
1231 913 1290 970 οὗ
1319 910 1469 992 παρὰ
1520 910 1734 969 πάντων
1788 911 2047 988 ἐτηρεῖτο.

453 988 657 1079 Γράφει
711 988 801 1058 οὖν
846 1001 875 1058 ὁ
927 1001 1141 1067 Παῦλος
1188 988 1553 1080 διορθούμενος
1579 1023 1593 1037 ·
1637 1000 1729 1058 καὶ
1761 999 1812 1057 ἐν
1856 997 1951 1075 μὲν
1978 1002 2053 1079 τῷ

451 1089 558 1168 πρὸ
618 1088 806 1147 τούτου
864 1090 1201 1166 ἐγκλήματι,
1261 1090 1441 1160 ἐπειδὴ
1499 1087 1724 1155 πολλοὺς
1781 1080 1893 1169 εἶχε
1935 1086 2054 1156 τοὺς

452 1177 832 1254 πειθομένους,
870 1200 897 1235 ιι
929 1178 1169 1239 Ἐπαινῶ
1200 1178 1255 1238 δὲ
1304 1182 1442 1257 ὑμᾶς
1463 1224 1477 1253 ,
1518 1200 1548 1237 ›)
1586 1177 1744 1261 φησίν
1769 1204 1783 1217 ·
1827 1181 2051 1237 ἐνταῦθα

452 1265 507 1324 δὲ
548 1267 722 1333 ἄλλως
766 1266 977 1347 ἔχοντος
1006 1274 1096 1327 τοῦ
1144 1267 1491 1348 πράγματος,
1524 1268 1657 1348 φησί
1688 1286 1703 1300 ·
1740 1295 1762 1320 υ
1793 1271 1967 1328 Τοῦτο
1995 1265 2049 1327 δὲ

451 1358 842 1434 παραγγέλλων
888 1361 983 1416 οὐκ
1014 1360 1213 1416 ἐπαινῶ
1246 1381 1259 1395 ⁸
1295 1386 1316 1408 ιι
1349 1356 1616 1417 τουτέστιν
1636 1405 1652 1432 ,
1697 1361 1815 1420 Οὐκ
1846 1360 2049 1417 ἐπαινῶ

451 1449 624 1523 ὑμᾶς,
676 1446 755 1503 ὅτι
805 1446 941 1514 ὅλως
988 1448 1343 1527 παραγγέλλω
1396 1450 1521 1523 ὑμῖν
1569 1447 1692 1529 περὶ
1736 1448 1958 1525 τούτου,
1991 1439 2049 1507 οὗ

453 1536 635 1613 μέλλω
678 1538 849 1615 ἐρεῖν,
885 1535 977 1595 καὶ
1028 1540 1297 1617 παραινῶ.
1353 1532 1510 1597 Ἔδει
1552 1537 1655 1618 γὰρ
1706 1540 1795 1619 ἀφ’
1844 1541 2045 1597 ἑαυτῶν

450 1624 736 1697 συνιέντας,
769 1626 905 1702 μήτε
938 1626 1249 1709 ἁμαρτῆσαι
1278 1625 1413 1695 δλως
1438 1676 1452 1705 ,
1503 1626 1641 1705 μήτε
1685 1627 2049 1709 παραγγελίας

451 1716 726 1789 δεηθῆναι.

534 1925 555 1950 ι
585 1896 717 1957 "Ou
748 1902 842 1959 οὐκ
883 1903 954 1967 εἷς
979 1899 1038 1958 τὸ
1067 1909 1301 1979 κρεῖττον
1323 1948 1338 1975 ,
1373 1900 1513 1960 ἀλλὰ
1541 1902 1611 1970 εἰς
1640 1901 1701 1960 τὸ
1727 1893 1887 1973 ἧττον
1918 1925 2040 1961 συν-
2074 1888 2123 1952 Β

449 1987 684 2067 ἔρχεσθε.
714 2010 743 2045 n
807 1986 960 2048 Ἔδει
1004 1991 1143 2066 ὑμᾶς
1179 1992 1255 2059 εἰς
1299 1992 1361 2051 τὸ
1402 1998 1640 2071 κρεῖττον
1691 1989 1998 2069 προϐαίνειν
2023 2036 2040 2065 ,

446 2078 541 2136 καὶ
585 2076 679 2144 τὰς
721 2079 1047 2147 συνελεύσεις
1090 2086 1355 2139 ποιεῖσθαι
1403 2079 1806 2161 φιλοτιμοτέρας
1847 2105 1860 2119 ο
1892 2084 2042 2159 ὑμεῖς

446 2167 501 2226 δὲ
534 2167 881 2238 ἠλαττώσατε
914 2169 1005 2228 καὶ
1038 2170 1095 2229 τὸ
1125 2170 1230 2243 ἤδη
1265 2175 1539 2250 κρατῆσαν
1590 2170 1704 2238 ἔθος
1736 2194 1749 2208 °
1781 2170 1873 2229 καὶ
1915 2195 2035 2230 συν-

445 2256 664 2337 έρχεσθε
717 2257 815 2335 μὲν
875 2259 928 2315 ἐν
959 2264 1025 2340 τῇ
1080 2269 1178 2341 μιᾷ
1230 2259 1569 2341 Ἐκκλησία,
1626 2262 1684 2319 οὖ
1740 2260 1846 2338 μὴν
1901 2260 2041 2321 ὥστε

443 2348 793 2406 συνδειπνεῖν.
837 2351 1012 2409 Τοῦτο
1060 2340 1148 2407 οὖν
1202 2351 1349 2423 ἐστι,
1405 2372 1435 2408 ι(
1462 2340 1542 2410 Τὸ
1573 2342 1730 2422 ἧττον
1765 2374 1779 2388 ο
1812 2376 1838 2403 ι
1888 2374 2044 2411 τουτο

445 2436 588 2497 ἔστιν
604 2482 621 2509 ,
652 2435 730 2497 Ὃ
767 2440 1081 2497 ἐλαττοῦσθε
1095 2486 1106 2496 .

527 2556 552 2579 σι
586 2528 808 2607 Πρῶτον
844 2526 938 2604 μὲν
978 2527 1104 2609 γὰρ,
1141 2528 1538 2609 συνερχομένων
1590 2532 1643 2588 ἐν
1791 2528 2040 2602 Ἐκκλη-

442 2615 557 2695 σίᾳ,
590 2616 766 2676 ἀκούω
804 2617 1082 2696 σχίσματα
1114 2623 1167 2678 έν
1212 2620 1334 2693 ὑμῖν
1362 2616 1645 2698 ὑπάρχειν.
1683 2645 1707 2670 ι·
1739 2623 1855 2680 Οὐκ
1887 2620 2040 2688 εὐθὺς

443 2708 515 2771 εἰς
565 2705 655 2764 τὸν
702 2706 826 2786 περὶ
871 2711 977 2765 τῶν
1023 2712 1296 2788 τραπεζῶν
1338 2708 1493 2788 λόγον
1544 2707 1846 2782 εἰσϐάλλει,
1897 2712 2039 2773 ἀλλὰ

441 2795 699 2877 πρότερον
750 2796 974 2868 πλήττει
1025 2798 1252 2869 αὐτοὺς,
1309 2800 1389 2858 ὅτι
1434 2800 1714 2879 σχίσματα
1762 2802 1815 2859 ἐν
1860 2801 2040 2869 αὐτοῖς

441 2890 566 2947 εἰσι.
624 2886 733 2946 Καὶ
779 2892 882 2966 γὰρ
913 2886 1078 2956 ὅντως
1127 2890 1259 2949 διότι
1306 2889 1696 2969 ἀπεσχισμένον.
1750 2880 1914 2967 ἦσαν,
1950 2890 2038 2950 διὰ

438 2983 596 3037 10510
624 2977 731 3056 ἰδίᾳ
757 2976 938 3047 ἤσθιον
968 2976 1212 3046 ἕκαστος.

531 3087 561 3123 α
591 3066 699 3125 Καὶ
752 3065 910 3147 μέρος
952 3091 1004 3125 τι
1037 3067 1293 3131 πιστεύω.
1345 3090 1374 3127 ››
1412 3065 1531 3130 Ἵνα
1564 3067 1640 3147 μὴ
1674 3070 1862 3129 εἴπωσι
1890 3093 1906 3109 °
1963 3070 2038 3132 Τί

2160 639 2369 697 tionem
2417 640 2796 698 communiter
2838 640 3303 710 convivabantur,
3352 641 3620 700 divitibus
3667 642 3764 699 ni-

2162 730 2369 786 mirum
2407 728 2612 786 fercula
2656 729 3036 799 afferentibus,
3074 730 3406 803 pauperibus
3458 740 3643 789 autem
3692 732 3762 789 ab

2162 819 2297 892 ipsis
2325 819 2393 876 ad
2423 820 2672 877 convivia
2698 821 2929 878 vocatis.
2955 825 3031 878 At
3055 838 3152 894 per
3187 820 3557 877 dissensiones
3584 821 3762 878 admi-

2161 908 2371 966 randus
2400 910 2493 966 ille
2521 910 2686 979 ritus,
2716 925 2828 983 quo
2858 918 3052 967 mutua
3082 910 3345 977 charitas,
3376 919 3434 966 et
3458 910 3757 968 christiana

2158 998 2507 1072 philosophia
2536 1000 2945 1069 continebatur,
2970 1009 3263 1071 corruptus
3285 1009 3391 1069 est,
3422 1016 3525 1056 nec
3554 1000 3624 1057 ab
3648 1016 3763 1057 om.

2156 1088 2318 1145 nibus
2345 1090 2684 1146 servabatur.
2712 1090 2913 1146 Scribit
2940 1090 3108 1162 igitur
3137 1090 3361 1158 Paulus,
3396 1099 3457 1146 ut
3488 1090 3596 1147 hoc
3628 1105 3759 1146 cor-

2160 1179 2319 1252 rigat.
2373 1180 2516 1236 Cum
2568 1188 2752 1236 autem
2800 1179 2861 1235 in
2909 1179 3246 1252 precedenti
3306 1180 3503 1236 delicto
3552 1180 3762 1237 multos

2158 1272 2476 1330 obedientes
2492 1274 2737 1341 haberet,
2770 1298 2795 1323 ιο
2824 1274 3034 1331 Laudo
3054 1290 3172 1342 vos,
3214 1297 3237 1321 ι
3257 1273 3437 1343 inquit
3467 1291 3481 1328 :
3506 1272 3600 1329 hic
3627 1289 3756 1330 vero

2156 1378 2315 1418 secus
2360 1362 2601 1419 habente
2649 1379 2726 1428 re,
2771 1386 2796 1413 α
2845 1366 2967 1420 Hoc
3007 1372 3194 1420 autem
3255 1363 3582 1434 pracipiens
3640 1379 3757 1419 non

2154 1452 2343 1521 laudo,
2372 1472 2402 1507 ι)
2436 1454 2516 1511 ait
2543 1474 2555 1510 :
2588 1454 2693 1510 hoc
2722 1462 2827 1523 est,
2856 1471 2969 1510 non
2999 1454 3161 1510 laudo
3205 1470 3323 1522 vos,
3354 1453 3505 1526 quod
3536 1470 3760 1523 prorsus

2155 1541 2261 1599 hac
2295 1542 2365 1598 de
2398 1559 2481 1608 re,
2515 1542 2587 1599 de
2623 1560 2728 1616 qua
2779 1543 3030 1600 dicturus
3059 1560 3206 1611 sum,
3250 1544 3570 1615 praecipiam
3606 1543 3758 1599 vobis

2153 1640 2207 1687 et
2241 1632 2522 1689 adhorter.
2550 1633 2814 1705 Oportuit
2836 1634 2990 1689 enim
3023 1642 3087 1689 ut
3128 1649 3226 1704 per
3260 1649 3357 1689 vos
3383 1634 3528 1705 ipsos
3552 1633 3758 1689 intelli-

2151 1730 2364 1794 gentes,
2395 1736 2499 1778 nec
2521 1722 2824 1794 peccaretis
2856 1721 3108 1790 omnino,
3138 1737 3242 1777 nec
3286 1730 3565 1795 praecepto
3600 1721 3745 1779 indi-

2150 1810 2373 1883 geretis.

2228 1927 2256 1955 ‹‹
2279 1903 2437 1975 Quod
2455 1920 2567 1961 non
2590 1904 2647 1961 in
2667 1904 2883 1967 melius,
2909 1904 3005 1961 sed
3028 1904 3085 1959 in
3101 1902 3347 1959 deterius
3371 1903 3703 1960 convenitis.
3727 1927 3754 1955 ιο

2152 1993 2397 2050 Decebat
2436 2010 2535 2050 vos
2574 1994 2645 2050 ad
2706 1994 2941 2050 meliora
2982 1991 3259 2066 progredi,
3323 2000 3752 2065 conventusque

2150 2080 2330 2139 facere
2356 2083 2686 2140 liberaliores
2722 2102 2736 2141 :
2772 2099 2868 2140 vos
2898 2092 3083 2139 autem
3121 2080 3602 2148 consuetudinem,
3630 2098 3755 2154 quae

2150 2171 2465 2229 obtinuerat
2508 2172 2651 2245 apud
2696 2189 2814 2241 vos,
2879 2171 3265 2239 imminuistis;
3326 2186 3391 2227 ac
3451 2172 3753 2229 convenitis

2147 2262 2374 2335 quidem
2408 2262 2465 2318 in
2508 2279 2616 2319 una
2659 2262 2915 2331 Ecclesia,
2957 2279 3069 2318 non
3103 2273 3288 2318 tamen
3332 2268 3394 2317 ut
3444 2260 3608 2317 simul
3638 2277 3753 2319 cae-

2146 2351 2309 2407 netis.
2358 2353 2480 2409 Hoc
2521 2352 2685 2426 igitur
2725 2361 2811 2410 est
2842 2376 2869 2402 α
2900 2352 3184 2422 Deterius,
3234 2374 3261 2401 ν
3310 2350 3365 2408 id
3394 2359 3499 2421 est,
3551 2350 3609 2408 in
3644 2367 3754 2425 quo

2149 2440 2407 2498 deﬁcitis.

2221 2533 2401 2587 Vens.
2429 2536 2513 2587 18.
2544 2554 2570 2580 α
2598 2531 2845 2591 Primum
2871 2531 3101 2604 quidem
3123 2530 3575 2587 convenientibus
3596 2531 3755 2588 vobis

2150 2616 2207 2673 in
2235 2620 2500 2689 Ecclesia,
2530 2619 2698 2677 audio
2744 2620 3044 2677 schismata
3075 2620 3217 2676 inter
3244 2635 3343 2676 vos
3379 2634 3516 2676 esse.
3552 2638 3581 2672 »
3623 2622 3753 2677 Non

2146 2708 2333 2765 statim
2361 2709 2678 2783 aggreditur
2706 2725 3021 2766 sermonem
3074 2708 3143 2765 de
3179 2709 3404 2776 mensis,
3460 2708 3558 2765 sed
3599 2709 3754 2780 prius

2149 2814 2245 2855 eos
2282 2798 2430 2869 ferit,
2471 2798 2624 2872 quod
2668 2799 2966 2855 schismata
2989 2800 3135 2855 inter
3175 2815 3271 2855 eos
3316 2807 3496 2855 essent
3563 2819 3576 2855 :
3622 2814 3752 2855 nam

2148 2904 2336 2944 revera
2407 2889 2535 2960 quia
2600 2887 2756 2945 divisi
2797 2896 2973 2957 erant,
3033 2888 3240 2945 idcirco
3292 2888 3552 2961 privatim
3607 2902 3754 2944 unus

2147 2978 2383 3051 quisque
2417 2977 2643 3034 edebat.

2223 3090 2248 3116 α
2290 3069 2360 3122 Et
2399 3083 2465 3123 ex
2494 3075 2649 3139 parte
2685 3067 2870 3125 credo.
2910 3087 2940 3120 »ι
2980 3070 3065 3124 Ne
3116 3067 3323 3134 dicant,
3375 3066 3515 3136 Quid
3562 3073 3749 3122 autem

440 3154 544 3240 γαρ
568 3156 612 3213 εἰ
633 3156 917 3235 ψεύδονται
938 3158 985 3215 οἱ
1017 3157 1393 3226 διαϐάλλοντες
1417 3182 1433 3232 ;
1466 3157 1606 3232 οὔτε,
1634 3159 1717 3218 ὅτι
1746 3160 1994 3220 Πιστεύω
2014 3207 2031 3239 ,

2149 3160 2186 3218 si
2233 3161 2578 3217 mentiuntur
2598 3161 3024 3218 calumniatores
3073 3162 3284 3217 nostri?
3330 3163 3518 3232 Neque
3561 3160 3754 3231 credo,

440 3236 618 3316 εἶπεν,
663 3244 752 3304 ἵνα
802 3244 877 3323 μὴ
921 3247 1425 3327 ἄναισχυντοτέρους
1453 3248 1653 3330 ποιήσῃ
1683 3273 1697 3288 ·
1752 3248 1907 3322 οὔτε,
1956 3248 2036 3308 ὅτι

442 3334 706 3411 Ἀπιστῶ,
739 3333 824 3393 ἵνα
869 3334 945 3414 μὴ
976 3335 1098 3415 δόξῃ
1150 3338 1326 3414 μάτην
1373 3341 1625 3421 ἐπιτιμᾷν
1647 3362 1661 3377 ο
1715 3338 1855 3399 ἀλλὰ
1878 3384 1892 3413 ,
1924 3343 2036 3400 Μι-

440 3424 564 3505 κρόν
611 3448 693 3499 τι,
744 3428 905 3507 φησὶ,
954 3426 1227 3486 πιστεύω’
1278 3426 1393 3505 ἅμα
1446 3428 1498 3486 δὲ
1548 3430 1638 3488 καὶ
1688 3429 1856 3503 εἰκὸς,
1901 3428 2037 3506 μηδὲ

438 3515 642 3585 πάντας
692 3515 1041 3597 παραϐαίνειν
1090 3515 1153 3576 τὸ
1181 3516 1327 3592 ἔθος,
1368 3517 1487 3577 ἀλλ’
1521 3520 1581 3577 ἐκ
1631 3518 1821 3598 μέρους
1872 3521 2036 3589 τινάς.

527 3719 555 3755 ιι
586 3700 683 3757 Δεῖ
709 3696 813 3777 γὰρ
862 3696 954 3754 καὶ
1003 3694 1231 3774 αἱρέσεις
1287 3698 1340 3756 ἐν
1382 3700 1502 3776 ὑμῖν
1540 3688 1700 3759 εἶναι.
1742 3724 1766 3751 ν
1814 3699 1896 3759 Οὖ
1942 3700 2035 3770 τὰς

434 3790 541 3847 τῶν
587 3788 870 3864 δογμάτων
921 3785 1147 3865 αἱρέσεις
1192 3786 1363 3865 λέγει,
1405 3787 1545 3846 ἀλλὰ
1598 3787 1693 3856 τὰς
1725 3790 1828 3846 τῶν
1863 3791 2032 3851 τοιού-

435 3901 541 3935 των
576 3876 891 3956 σχισμάτων
914 3920 929 3951 ,
959 3875 1051 3943 τὰς
1089 3876 1210 3955 περὶ
1240 3880 1344 3936 τῶν
1386 3880 1685 3957 τραπεζῶν.
1719 3879 1792 3939 Τί
1834 3877 1891 3937 δέ
1919 3880 2035 3941 ἐστι

437 3967 529 4038 τὸ,
570 3987 601 4023 ιι
634 3971 760 4039 Δεῖ;
804 3966 917 4025 ἀντὶ
949 3971 1071 4041 105,
1124 3966 1430 4045 ἐνδέχεται,
1459 3966 1495 4040 ἢ
1541 3967 1663 4040 καὶ,
1691 3966 1772 4026 ὅτι
1797 3968 2031 4048 Ἀνάγκη

436 4054 579 4113 ἐστὶν
626 4056 933 4139 ἀνθρώπους
964 4054 1114 4122 ὄντας
1154 4059 1295 4132 ὑμᾶς
1344 4056 1419 4132 μὴ
1453 4057 1653 4125 πάντας
1700 4059 2028 4139 ὀρθοποδεῖν.

432 4144 537 4204 Διὰ
584 4148 737 4202 τοῦτο
787 4135 876 4203 οὖν
911 4145 1001 4204 καὶ
1054 4146 1328 4205 πιστεύων
1380 4144 1562 4225 ὥσπερ
1610 4148 1702 4206 καὶ
1754 4151 1782 4206 ὁ
1836 4147 2035 4226 Κύριος

438 4224 581 4292 εἶπεν
612 4255 626 4269 ·
668 4256 697 4291 (ι
721 4232 947 4313 Ἀνάγκη
989 4236 1154 4294 ἐλθεῖν
1186 4235 1253 4293 τὰ
1298 4224 1613 4311 σκάνδαλα,
1661 4258 1690 4295 ››
1731 4239 1848 4295 ἀντὶ
1892 4224 1983 4299 105
2009 4286 2027 4318 ,

440 4323 597 4383 Ἐπεὶ
649 4325 869 4409 πονηροί
927 4326 1057 4383 εἰσιν
1137 4327 1189 4384 ἐν
1263 4329 1340 4407 τῷ
1396 4325 1617 4409 κόσμῳ,
1675 4326 1882 4406 ἀνάγκη
1941 4329 2033 4389 καὶ

436 4412 712 4471 σκάνδαλα
744 4404 879 4471 εἶναι
898 4458 916 4487 ,
953 4412 1047 4472 καὶ
1075 4404 1345 4495 ἔρχεσθαι.

520 4525 552 4561 ε
575 4500 695 4565 Ἵνα
721 4506 768 4562 οἱ
799 4505 1009 4581 δόκιμοι
1047 4505 1261 4585 φανεροὶ
1292 4506 1547 4583 γένωνται
1581 4507 1633 4564 ἐν
1685 4508 1830 4583 ὖμῖν.
1854 4528 1884 4565 n
1924 4507 2029 4583 Τὸ,

447 4616 476 4651 ιι
500 4592 616 4653 Ἵνα
635 4638 652 4669 ,
681 4617 708 4651 ι)
765 4595 991 4652 ἐνταῦθα
1035 4598 1131 4653 οὐκ
1177 4596 1525 4674 αἰτιολογικόν
1556 4598 1696 4655 ἐστιν
1719 4644 1734 4672 ,
1770 4596 1909 4654 ἀλλὰ
1938 4602 2031 4669 τῆς

436 4682 704 4748 ἐκϐάσεως
732 4688 823 4743 τοῦ
863 4682 1210 4763 πράγματος,
1234 4688 1305 4751 ὡς
1347 4686 1680 4766 πολλαχόθεν
1713 4689 1894 4758 δῆλον.
1927 4686 2033 4747 Ἐκ

436 4772 541 4851 γὰρ
589 4778 679 4831 τοῦ
708 4770 827 4839 τοὺς
860 4773 1334 4854 ἀλαζονικωτέρους
1382 4775 1457 4853 μὴ
1498 4776 1884 4856 καταδέχεσθαι
1934 4775 2032 4848 τὴν

434 4862 668 4921 ἑστίασιν
709 4868 1054 4944 φανεροῢνται
1101 4867 1147 4922 οἱ
1202 4864 1439 4941 δόκιμοι,
1492 4867 1794 4940 τουτέστιν,
1831 4866 1878 4925 οἵ
1933 4867 2032 4927 πέ-

434 4975 623 5026 νητες,
666 4953 747 5011 ὅτι
798 4953 1012 5034 φέρουσι
1068 4953 1438 5035 παρορώμενοι
1465 4972 1480 4988 ⁶
1526 4954 1778 5036 πρότερον
1833 4955 1889 5017 δὲ
1929 4957 2026 5015 οὐκ

435 5042 649 5123 ἐφαίνετ
689 5048 724 5115 ἡ
758 5043 1012 5123 καρτερία
1058 5048 1255 5107 αὐτῶν.
1317 5042 1398 5105 Ἦ
1450 5045 1693 5120 δοκίμους
1734 5043 1877 5125 λέγει
1916 5044 2039 5112 τοὺς

433 5133 515 5189 ἔτι
541 5131 602 5189 τὸ
632 5134 745 5200 ἔθος
772 5133 1133 5215 φυλάττοντας
1162 5152 1178 5170 ⁶
1225 5135 1285 5193 οὐ
1327 5134 1428 5215 γὰρ
1458 5137 1655 5203 πάντες
1702 5139 1858 5195 τοῦτο
1888 5158 2041 5215 παρ-

433 5222 651 5285 ἔλυσαν.
704 5225 830 5283 Τῶν
884 5213 972 5283 οὖν
1033 5224 1459 5303 παραλυσάντων
1515 5224 1789 5302 ἀδοκίμων
1843 5247 2038 5307 φαινο-

432 5312 607 5389 μένων
626 5357 643 5383 ,
679 5316 728 5373 οἱ
759 5313 1110 5395 φυλάττοντες
1160 5320 1512 5396 φανεροῦνται
1540 5318 1610 5382 ὡς
1639 5315 1873 5395 δόκιμοι.

527 5583 1001 5666 «Συνερχομένων
1048 5576 1137 5646 οὖν
1183 5589 1331 5666 ὑμῶν
1363 5587 1450 5647 ἐπὶ
1480 5587 1541 5648 τὸ
1591 5589 1747 5667 αὐτὸ,
1790 5590 1885 5652 οὖκ
1928 5588 2044 5651 ἔστι

508 5727 536 5753 ιι
568 5718 770 5775 Matth.
803 5732 993 5788 xvru,
1024 5727 1075 5779 7.

2148 3249 2303 3317 dixit,
2348 3266 2417 3306 ne
2455 3250 2888 3322 impudentiores
2929 3250 3095 3307 faciat
3144 3270 3158 3308 :
3192 3268 3369 3320 neque
3399 3266 3507 3305 non
3557 3249 3753 3319 credo,

2146 3356 2217 3395 ne
2242 3340 2495 3396 videatur
2523 3356 2618 3397 eos
2647 3339 2849 3397 frustra
2876 3340 3196 3413 objurgare;
3228 3339 3344 3407 sed,
3370 3342 3571 3396 Parum
3596 3338 3756 3411 quid-

2146 3428 2277 3485 dam
2330 3427 2518 3497 credo,
2584 3429 2783 3501 inquit.
2834 3430 3147 3486 Verisimile
3216 3430 3351 3485 item
3409 3437 3514 3496 est,
3574 3444 3757 3500 neque

2146 3534 2345 3575 omnes
2374 3534 2588 3575 morem
2614 3519 2788 3575 istum
2818 3519 3149 3591 transgredi,
3180 3518 3274 3575 sed
3291 3535 3358 3575 ex
3399 3526 3555 3591 parte
3587 3533 3753 3591 quos-

2146 3606 2299 3663 dam.

2216 3699 2392 3753 Vens.
2431 3703 2513 3753 l9.
2551 3721 2575 3745 ιι
2610 3699 2847 3768 Oportet
2887 3697 3034 3753 enim
3088 3705 3143 3752 et
3176 3696 3412 3752 haereses
3456 3697 3603 3752 inter
3655 3714 3752 3753 vos

2145 3801 2288 3842 esse.
2314 3805 2344 3839 ι)
2371 3788 2492 3841 Non
2532 3786 2860 3858 dogmatum
2891 3785 3128 3842 haereses
3159 3786 3318 3851 dicit,
3349 3785 3447 3840 sed
3471 3786 3745 3842 schisma-

2144 3883 2263 3931 tum
2296 3875 2633 3945 huiusmodi,
2691 3876 2761 3931 de
2791 3875 2994 3930 mensis
3039 3875 3261 3930 scilicet.
3297 3873 3446 3944 Quid
3493 3890 3623 3930 vero
3649 3883 3747 3944 est,

2150 3987 2175 4014 α
2205 3967 2475 4037 Oportet?
2501 3990 2523 4015 ιι
2563 3981 2685 4038 pro,
2710 3965 2971 4036 possibile
3004 3972 3108 4033 est,
3149 3966 3230 4020 vel
3264 3979 3487 4019 necesse
3516 3972 3600 4020 est
3626 3980 3748 4034 vos,

2144 4075 2274 4116 cum
2305 4059 2558 4115 homines
2597 4060 2716 4115 sitis
2736 4099 2751 4126 ,
2780 4075 2893 4114 non
2936 4074 3132 4114 omnes
3160 4068 3307 4114 recta
3338 4058 3565 4130 ingredi.
3598 4061 3753 4115 Hanc

2140 4153 2310 4227 igitur
2337 4151 2409 4208 ob
2438 4168 2559 4209 rem
2605 4153 2777 4209 etiam
2820 4151 2986 4208 credo
3038 4171 3051 4209 :
3086 4152 3309 4224 perinde
3354 4168 3418 4207 ac
3474 4153 3750 4209 Dominus

2144 4246 2313 4303 etiam
2343 4246 2520 4303 dixit:
2580 4270 2605 4296 α
2652 4250 2888 4303 Necesse
2935 4255 3020 4303 est
3059 4248 3243 4303 venire
3272 4246 3525 4302 scandala
3566 4259 3597 4289 η
3652 4267 3665 4303 :
3722 4271 3745 4298 ,ι

2138 4336 2243 4393 hoc
2271 4347 2374 4405 est,
2402 4340 2542 4395 Cum
2571 4337 2728 4408 pravi
2757 4338 2865 4393 sint
2902 4336 2960 4393 in
3010 4337 3248 4405 mundo,
3300 4353 3419 4394 esse
3458 4346 3513 4393 et
3560 4338 3747 4395 venire

2141 4426 2399 4483 scandala
2429 4442 2651 4482 necesse
2683 4435 2785 4482 est.

2217 4543 2245 4571 ιι
2276 4524 2357 4579 Ut
2383 4521 2477 4594 qui
2501 4521 2716 4592 probati
2755 4528 2906 4588 sunt,
2935 4519 3221 4574 manifesti
3254 4519 3389 4575 ﬁant
3414 4519 3468 4573 in
3502 4519 3680 4574 vobis.
3720 4540 3750 4573 ιι

2140 4615 2488 4687 Conjunctio,
2517 4636 2542 4663 α
2576 4616 2676 4680 Ut,
2712 4637 2735 4662 ιι
2769 4614 2853 4669 hic
2881 4630 2991 4669 non
3022 4622 3104 4668 est
3144 4613 3394 4676 causalis,
3427 4613 3523 4668 sed
3568 4613 3639 4669 ad
3671 4623 3754 4675 re!

2140 4717 2399 4765 eventum
2450 4716 2506 4766 et
2548 4709 2757 4765 exitum
2810 4708 3067 4781 pertinet,
3122 4707 3197 4763 uti
3257 4706 3443 4763 multis
3503 4706 3561 4760 in
3613 4707 3751 4763 locis

2142 4798 2493 4871 perspicuum
2534 4806 2635 4853 est.
2670 4800 2811 4854 Cum
2859 4798 3011 4853 enim
3050 4796 3459 4869 arrogantiores
3500 4812 3755 4853 commu-

2140 4904 2265 4941 nem
2300 4888 2466 4944 istam
2495 4904 2714 4945 coenam
2740 4904 2853 4943 non
2892 4888 3217 4959 acciperent,
3250 4886 3749 4943 manifestabantur

2146 4977 2380 5048 probati,
2432 4976 2491 5033 id
2541 4986 2647 5045 est,
2700 4993 2988 5050 pauperes,
3048 4978 3197 5050 quod
3246 4978 3515 5049 patienter
3578 4975 3753 5031 ferant

2146 5082 2263 5123 sese
2291 5067 2493 5140 negligi
2533 5085 2547 5124 :
2581 5076 2741 5124 antea
2780 5076 2965 5123 autem
3002 5084 3114 5122 non
3156 5066 3457 5137 apparebat
3499 5080 3751 5135 perseve-

2149 5157 2329 5213 rantia
2377 5172 2593 5213 eorum.
2648 5157 2745 5214 Vel
2796 5158 3055 5227 probatos
3086 5156 3223 5212 dicit
3250 5170 3363 5217 eos,
3396 5156 3490 5225 qui
3537 5169 3753 5209 morem

2149 5262 2327 5304 coenae
2368 5246 2549 5303 adhuc
2587 5246 2973 5302 custodiebant
3013 5260 3165 5300 :non
3212 5243 3361 5299 enim
3418 5244 3582 5314 190
3620 5259 3750 5299 eum

2150 5352 2341 5393 omnes
2392 5336 2769 5392 dissolverant.
2829 5338 2967 5392 Cum
3020 5334 3188 5405 igitur
3249 5331 3605 5388 dissolventes
3660 5348 3754 5388 re-

2152 5426 2308 5499 probi
2350 5433 2698 5499 apparerent,
2741 5424 3096 5481 observantes
3191 5420 3609 5478 manifestantur
3649 5437 3751 5479 ceu

2220 5515 2391 5571 obati.

2192 5531 2391 5572 ronau.

2154 5531 2188 5589 Ρ
2224 5607 2411 5663 νεεδ.
2442 5610 2531 5661 20.
2568 5626 2595 5654 ι
2622 5602 3090 5662 Convenientibus
3118 5601 3282 5677 igitur
3310 5602 3469 5659 vobis
3495 5602 3551 5658 in
3580 5600 3747 5670 idem,
