4110 6418
492 423 598 475 705

1393 420 1747 478 EXPOSITIO
1788 421 1852 476 IN
1891 421 2100 477 EPIST.
2143 421 2163 477 l
2202 423 2295 478 AD
2335 424 2489 480 COR.
2535 456 2600 467 —
2642 428 2793 483 CAP.
2834 431 2920 486 XI.

3694 441 3798 494 706

576 565 609 605 α
633 543 767 607 Ὅτι
815 548 845 607 ὁ
876 543 1070 626 Κύριος
1109 543 1315 618 Ἰησοῦς
1357 545 1410 603 ἐν
1555 546 1740 620 νυκτὶ,
1861 546 2082 627 παρεδί-

2266 557 2450 613 Vnus.
2483 557 2572 610 24.
2609 576 2636 603 α
2687 554 2970 625 Quoniam
2997 556 3275 614 Dominus
3313 560 3494 628 Jesus,
3532 561 3592 618 in
3637 572 3804 634 nocte

487 636 645 746 8:10,
691 634 889 746 {136w
938 636 1136 746 ἄρτον,
1168 634 1258 695 καὶ
1296 634 1688 746 εὐχὶαριστήσας
1720 634 1950 744 ἔκλασε,
1988 637 2083 696 καὶ

2200 665 2309 724 qua
2349 645 2690 712 tradebatur,
2738 646 2948 718 accepit
2985 662 3211 717 panem,
3250 655 3305 704 et
3344 657 3638 722 postquam
3676 670 3798 727 gra-

489 724 605 785 εἶπε
630 748 645 764 ο
675 726 918 798 Λάϐετε,
953 724 1149 804 φάγετε
1172 747 1187 763 ο
1232 724 1392 785 τοῦτό
1435 749 1536 803 μου
1568 726 1680 785 ἐστὶ
1724 724 1784 784 τὸ
1823 728 1982 805 σῶμα
2022 727 2085 787 τὸ

2196 739 2294 795 tias
2322 737 2541 810 egisset,
2576 734 2752 807 fregit,
2799 750 2864 791 ac
2906 734 3064 802 dixit,
3095 735 3362 808 Accipite,
3415 724 3747 798 manducate
3782 761 3795 799 :

488 815 624 897 ὖπὲρ
668 818 821 892 ὑμῶν
868 813 1163 893 κλώμενον.
1194 836 1225 873 ›)
1268 812 1665 892 Ἀναμνήσθητε
1687 860 1704 889 ,
1756 815 1949 896 φησὶν,
2003 815 2084 875 ὅτι

2196 831 2313 885 Hoc
2336 835 2422 883 est
2448 841 2651 897 corpus
2675 839 2887 892 meum,
2914 823 3059 896 quod
3097 841 3195 896 pro
3239 826 3395 883 vobis
3436 826 3718 901 frangitur.
3768 856 3793 881 ι

486 906 687 978 ταύτην
717 904 952 985 ἐσχάτην
1000 908 1127 985 ὖμῖν
1170 905 1366 964 δέδωκε
1414 902 1510 976 τὴν
1543 904 1923 985 μυσταγωγίαν
1945 950 1961 980 ,
1995 905 2086 964 καὶ

489 997 545 1055 ἐν
569 984 815 1076 αὐτῇγτῇ
834 993 983 1054 νυκτὶ
1083 992 1409 1076 σφάττεσθαι
1437 992 1629 1071 ἔμελλε
1649 984 1790 1073 "xui
1820 993 1910 1052 τὸν
1951 1017 2090 1075 προ-

487 1084 647 1158 δότην
679 1075 793 1165 εἶχε
816 1084 1088 1145 συνέστιον
1109 1075 1164 1124 ⁵⁸
1186 1106 1199 1121 ⁶
1222 1082 1315 1143 καὶ
1341 1082 1403 1142 σὺ
1427 1082 1671 1152 ἀπαξιοῖς
1699 1083 1788 1143 τὸν
1822 1084 2046 1165 ἀδελφόν
2068 1108 2085 1159 ;

489 1175 602 1236 Καὶ
650 1176 931 1255 ἐδιδάχθης
982 1172 1077 1252 μὲν
1133 1175 1465 1256 εὐχαριστεῖν
1498 1195 1513 1210 ο
1563 1172 1655 1232 καί⁵
1701 1172 1805 1253 γὰρ
1848 1177 2090 1242 κάκεῖνος

489 1263 848 1347 εὐχαρίστησε
868 1312 885 1339 ,
932 1264 1100 1324 τύπον
1135 1269 1263 1341 ἡμῖν
1311 1263 1485 1330 διδούς
1516 1281 1533 1299 ·
1565 1260 1753 1331 ἀνάξια
1786 1265 1840 1323 δὲ
1870 1270 1964 1337 τῆς
2009 1267 2092 1324 εὐο

486 1354 772 1437 χαριστίας
833 1362 1032 1433 ποιεῖς,
1101 1352 1327 1433 ὑϐρίζων
1383 1352 1479 1425 τὴν
1552 1351 1918 1430 Ἐκκλησίαν,
1997 1354 2091 1413 καὶ

487 1446 772 1513 πεινῶντος
823 1444 1026 1519 ἄλλου,
1078 1443 1233 1513 αὐτὸς
1266 1442 1498 1521 μεθύων.
1556 1444 1667 1504 Καὶ
1707 1450 1736 1505 ὁ
1787 1442 1882 1522 μὲν
1927 1452 2090 1502 πᾶσιν

488 1524 607 1595 εἷπε
636 1537 859 1606 κοινῶς,
894 1561 915 1586 σι
942 1532 1177 1608 Λάϐετε,
1212 1533 1429 1614 φάγετε,
1454 1559 1480 1586 ι
1500 1536 1592 1593 καὶ
1620 1540 1814 1608 ταῦτα,
1843 1533 1903 1592 τὸ
1933 1537 2092 1610 σῶμα

489 1625 685 1694 αὐτοῦ,
728 1624 757 1684 ὃ
815 1622 948 1705 ὑπὲρ
995 1624 1220 1684 πάντων
1272 1622 1459 1695 ἐπίσης
1515 1623 1741 1698 ἔκλασε,
1795 1623 1968 1690 διδοὺς
2023 1625 2094 1690 εἷς

492 1717 717 1775 θάνατον
747 1738 762 1755 ο
792 1713 856 1774 σὺ
887 1715 942 1774 δὲ
969 1712 1021 1752 ⁶⁹
1048 1713 1449 1795 προλαμϐάνεις
1472 1714 1660 1773 ἐσθίων
1679 1757 1695 1788 ,
1727 1714 1822 1775 καὶ
1853 1712 1971 1775 οὐδὲ
2004 1711 2095 1772 τὸν

2192 914 2612 981 Recordamini,
2642 914 2843 986 inquit,
2875 914 3025 985 quod
3069 914 3215 970 hanc
3243 916 3493 972 ultimam
3524 919 3679 975 vobis
3700 920 3798 976 de-

2192 1007 2339 1065 derit
2379 1004 2816 1073 institutionem;
2856 1003 3115 1075 quodque
3158 1020 3221 1061 ea
3266 1004 3435 1062 etiam
3481 1016 3645 1064 nocte
3689 1025 3799 1082 qua

2195 1096 2523 1153 mactandus
2564 1101 2701 1161 erat,
2752 1094 2930 1165 ipsum
2978 1093 3320 1165 proditorem
3366 1097 3657 1154 convivam
3696 1099 3798 1155 ha-

2198 1186 2378 1243 buerit
2426 1204 2440 1241 :
2482 1188 2550 1240 Et
2595 1193 2655 1240 tu
2708 1182 2935 1239 fratrem
2978 1191 3137 1240 tuum
3187 1185 3473 1258 indignum
3512 1187 3729 1259 judicas
3776 1192 3800 1244 ἓ

2202 1275 2444 1332 Edoctus
2483 1291 2541 1330 cs
2590 1273 2759 1329 etiam
2796 1274 2999 1344 gratias
3044 1290 3232 1345 agere;
3265 1276 3718 1347 quandoquidem
3746 1285 3802 1333 et

2199 1366 2288 1423 ille
2337 1364 2542 1439 gratias
2596 1362 2803 1436 egerit,
2846 1364 3155 1434 exemplum
3210 1364 3371 1421 nobis
3426 1366 3736 1437 relinquens
3782 1384 3796 1421 :

2200 1456 2349 1529 atqui
2377 1464 2438 1511 tu
2483 1453 2706 1526 indigna
2754 1455 3051 1525 gratiarum
3095 1455 3314 1511 actione
3356 1456 3681 1525 committis,
3718 1456 3799 1511 in-

2193 1545 2395 1618 juriam
2451 1543 2691 1599 inferens
2734 1544 3011 1612 Ecclesiae,
3077 1544 3293 1615 alioque
3352 1546 3625 1602 esuriente
3687 1546 3802 1617 ipse

2199 1633 2504 1690 inebriaris.
2548 1635 2625 1688 At
2670 1648 2796 1689 vero
2856 1632 2945 1688 ille
2988 1635 3359 1690 communiter
3412 1635 3670 1691 omnibus
3720 1634 3801 1692 di-

2202 1725 2311 1789 xit,
2351 1721 2631 1793 Accipite,
2680 1722 2853 1786 edite,
2881 1722 3045 1793 idque
3074 1738 3272 1795 corpus
3300 1739 3459 1780 suum
3478 1766 3493 1791 ,
3524 1724 3670 1797 quod
3701 1740 3802 1795 pro

490 1805 666 1865 κοινὸν
712 1805 871 1886 ἄρτον
920 1807 990 1873 εἰς
1034 1806 1096 1864 τὸ
1139 1803 1299 1865 μέσον
1340 1800 1517 1880 τίθης,
1548 1803 1667 1863 οὐδὲ
1720 1805 1854 1886 κλᾷς
1907 1802 2089 1876 αὐτὸν,

2203 1813 2464 1870 omnibus
2509 1827 2578 1869 ex
2611 1826 2770 1883 {equo
2823 1810 3017 1883 fregit,
3058 1812 3112 1867 in
3162 1822 3401 1869 mortem
3445 1814 3696 1881 tradens;
3740 1823 3798 1871 tu

488 1893 579 1955 ἵνα
764 1896 982 1965 πολλοῖς
1001 1938 1019 1971 ,
1051 1895 1192 1956 ἀλλὰ
1218 1897 1398 1977 σαυτῷ
1424 1892 1691 1975 κατέχεις.

581 2198 607 2224 α
670 2171 847 2231 T0310
877 2172 1077 2231 ποιεῖτε
1126 2170 1199 2237 εἰς
1246 2167 1345 2243 τὴν
1393 2167 1529 2245 ἐμὴν
1578 2164 1897 2245 ἀνάμνησιν.
1934 2188 1967 2221 ι
2020 2163 2092 2225 Τί

491 2261 692 2342 λέγεις;
740 2264 807 2321 Εἰ
838 2259 933 2339 μὲν
974 2262 1109 2322 Υῑοῦ
1145 2258 1445 2331 ἀνάμνησιν
1498 2256 1534 2330 ἢ
1585 2255 1800 2335 Πατρὸς
1856 2253 2087 2328 ἐποίεις,

492 2351 734 2429 ἐπλήγης
780 2349 846 2409 ἂν
898 2349 1002 2409 ὑπὸ
1030 2353 1123 2409 103
1174 2347 1494 2420 συνειδότος,
1547 2348 1593 2405 εἰ
1646 2345 1723 2422 μὴ
1773 2345 1843 2404 τὰ
1880 2366 2090 2422 νενομι-

493 2439 666 2518 σμένα
686 2439 1033 2520 ἐπλήρωσας,
1066 2437 1159 2497 καὶ
1185 2438 1417 2511 πένητας
1459 2434 1717 2502 ἐκάλεσας
1742 2455 1756 2470 ο
1791 2433 2091 2511 ἀνάμνησιν

493 2529 549 2590 δὲ
604 2532 769 2590 τελῶν
815 2534 910 2589 103
943 2528 1219 2589 Δεσπότου
1243 2575 1258 2602 ,
1306 2525 1426 2586 οὐδὲ
1480 2525 1746 2606 τραπέζης
1805 2523 1988 2591 ἁπλῶς
2039 2522 2092 2562 ⁷⁰

495 2620 812 2699 μεταδίδως.

580 2733 609 2768 ¢
641 2708 925 2776 Ὡσαύτως
969 2707 1062 2767 καὶ
1108 2706 1169 2767 τὸ
1212 2702 1467 2786 ποτήριον
1500 2702 1638 2780 μετὰ
1666 2701 1730 2763 τὸ
1774 2702 2090 2775 δειπνῆσαι,

491 2804 662 2883 λέγων
692 2819 708 2836 °
738 2804 914 2863 T0310
939 2800 1001 2859 τὸ
1032 2799 1285 2883 ποτήριον
1312 2801 1349 2869 ἡ
1384 2794 1556 2867 Καινὴ
1588 2792 1833 2867 Διαθήκη
1862 2794 2006 2853 ἐστὶν
2038 2795 2089 2851 ἐν

490 2879 578 2974 τῷ⁷
754 2890 965 2975 αἱξματι.
990 2917 1015 2943 ιο
1044 2879 1227 2950 ’Ἦσαν
1260 2886 1354 2946 καὶ
1385 2888 1440 2945 ἐν
1573 2886 1796 2966 Παλαιᾷ
1826 2883 2089 2964 ποτήρια,

493 2971 552 3043 2;
571 2972 648 3049 οἷς
674 2971 735 3041 τὸ
764 2971 900 3057 αἷμα
941 2982 1047 3039 τῶν
1091 2976 1299 3057 ἀλόγων
1330 2974 1582 3036 ἔσπενδον
1618 2973 1756 3053 μετὰ
1801 2973 1863 3033 τὸ
1907 2978 2092 3047 θῦσαι,

492 3072 659 3154 φιάλῃ
708 3069 801 3131 καὶ
831 3068 1070 3149 ποτηρίῳ
1116 3072 1275 3128 τοῦτο
1324 3065 1625 3146 δεχόμενοι.
1674 3062 1821 3154 Ἀντί
1851 3068 1945 3123 103
1973 3060 2091 3154 Aa?-

492 3152 656 3240 ματος
680 3161 854 3222 τοίνυν
884 3165 991 3219 τῶν
1036 3158 1276 3240 ἀλόγων,
1314 3154 1344 3216 δ
1385 3156 1483 3229 τὴν
1525 3152 1779 3216 Παλαιὰν
1808 3152 2085 3226 Διαθήκην

2202 1919 2331 1959 vero
2361 1900 2574 1959 edendo
2622 1902 2936 1971 antevertis,
2976 1917 3157 1972 neque
3199 1918 3555 1959 communem
3600 1919 3800 1975 panem

2122 1974 2171 2038 Β
2202 1995 2256 2049 iu
2280 1992 2520 2049 medium
2566 1990 2751 2063 ponis,
2806 2006 2981 2062 neque
3047 1990 3250 2064 frangis
3290 1991 3471 2064 ipsum
3517 1974 3802 2049 utiidetur

2202 2083 2417 2152 multis,
2443 2096 2637 2137 verum
2665 2080 2761 2135 tibi
2790 2081 2893 2151 ipsi
2916 2081 3180 2137 contines.

2277 2197 2302 2222 «ι
2335 2176 2459 2229 Hoc
2486 2170 2645 2227 facite
2665 2170 2721 2225 in
2747 2186 2929 2226 meam
2955 2170 3564 2229 commemorationem.
3601 2196 3625 2222 »
3656 2173 3800 2241 Quid

2201 2263 2311 2320 ais?
2352 2261 2407 2317 Si
2457 2260 2576 2317 Filii
2632 2259 2713 2315 vel
2768 2259 2949 2315 Patris
3012 2262 3595 2317 commemorationem
3658 2260 3799 2317 face-

2200 2369 2309 2423 res,
2350 2350 2681 2408 conscientia
2744 2357 2839 2405 tua
2894 2350 3177 2420 perculsus
3238 2366 3409 2418 esses,
3491 2350 3596 2407 nisi
3661 2352 3800 2407 ritus

2201 2457 2397 2500 omnes
2451 2438 2789 2512 perfecisses,
2834 2454 2899 2493 ac
2937 2454 3206 2511 pauperes
3247 2440 3532 2496 invitasses
3578 2461 3590 2497 :
3643 2457 3799 2496 com-

2200 2530 2662 2587 memorationem
2695 2537 2878 2583 autem
2918 2528 3141 2582 Domini
3183 2526 3403 2597 faciens,
3450 2545 3521 2585 ne
3548 2545 3799 2586 mensam

2200 2621 2421 2694 quidem
2450 2628 2605 2675 tuam
2635 2617 2948 2689 simpliciter
2976 2618 3244 2688 impertis.

2271 2714 2453 2767 Vnus.
2494 2714 2580 2765 25.
2634 2732 2660 2757 α
2707 2707 2975 2764 Similiter
3016 2714 3072 2762 et
3098 2707 3324 2762 calicem
3354 2716 3647 2780 postquam
3682 2725 3799 2766 caa-

2201 2809 2408 2869 nasset,
2453 2798 2646 2855 dicens
2678 2815 2691 2852 :
2723 2797 2829 2852 Hic
2858 2797 2999 2852 calix
3029 2799 3244 2852 Novum
3274 2799 3687 2854 Testamentum
3719 2808 3803 2855 est

2200 2892 2260 2947 in
2288 2905 2415 2947 meo
2458 2888 2747 2962 sanguine.
2784 2910 2810 2935 ι
2842 2889 3089 2943 Fuerunt
3115 2887 3280 2941 etiam
3325 2887 3382 2940 in
3409 2888 3586 2943 Veteri
3616 2891 3805 2944 Testa-

2202 2988 2398 3037 mento
2447 2979 2661 3051 pocula,
2704 2976 2905 3049 quibus
2965 2976 3292 3047 sanguinem
3350 2976 3639 3033 brutorum
3680 2986 3805 3049 post

2203 3071 2486 3128 victimam
2529 3068 2777 3125 oblatam
2819 3066 3075 3135 libarent,
3119 3081 3283 3138 quem
3315 3065 3497 3138 phiala
3523 3074 3577 3122 et
3607 3067 3802 3139 poculo

2196 3160 2558 3234 excipiebant.
2626 3159 2735 3215 Pro
2788 3157 3057 3229 sanguine
3107 3156 3291 3228 itaque
3339 3155 3658 3227 brutorum,
3706 3157 3800 3229 qui

492 3237 810 3333 ἐσφράγισε,
864 3250 927 3309 τὸ
968 3250 1093 3328 ἐμὸν
1144 3237 1282 3324 αἷμα
1334 3250 1424 3305 νῦν
1471 3244 1693 3320 τίθημι,
1739 3241 1838 3333 Silv
1882 3242 2086 3333 Καινὴν

2197 3254 2372 3309 Vetus
2422 3252 2845 3306 Testamentum
2925 3245 3094 3303 veluti
3166 3246 3342 3317 sigillo
3416 3246 3801 3319 consignabat,

489 3323 763 3416 Διαθήκην
792 3323 1217 3421 νέπισφραγίζων.
1247 3335 1343 3409 Μὴ
1383 3333 1682 3415 θορυϐηθῇς
1715 3323 1806 3393 οὖν
1821 3378 1840 3406 ,
1866 3330 2090 3410 αἵματος

488 3429 717 3490 ἀκούων.
746 3429 855 3492 Καὶ
892 3430 995 3509 γὰρ
1036 3430 1081 3488 εἰ
1119 3428 1180 3488 τὸ
1203 3429 1310 3486 τῶν
1340 3424 1549 3504 ἀλόγων
1583 3422 1742 3493 ἐδέξω
1773 3427 1827 3484 ἐν
1960 3426 2090 3484 Πα-

489 3523 657 3603 λαιᾷ,
686 3519 839 3602 πόσῳ
870 3521 1073 3598 μᾶλλον
1102 3516 1165 3577 τὸ
1200 3522 1340 3577 θεῖον
1369 3518 1495 3589 v3v;

578 3808 609 3845 ιι
638 3786 813 3847 Τοῦτο
858 3792 1056 3845 ποιεῖτε
1099 3782 1285 3852 ὁσάκις
1328 3783 1392 3843 ἂν
1422 3783 1639 3858 πίνητε,
1690 3783 1761 3849 εἰς
1810 3780 1909 3853 τὴν
1955 3780 2089 3859 ἐμὴν

489 3874 811 3953 ἀνάμνησιν.
842 3902 866 3929 ιο
896 3873 1008 3936 Καὶ
1036 3872 1123 3933 διὰ
1152 3879 1245 3934 103
1273 3873 1557 3953 ποτηρίου,
1608 3872 1766 3952 φησὶν
1791 3918 1806 3950 ,
1844 3870 2092 3953 ἀνάμνη-

489 3989 575 4026 σιν
602 3968 770 4033 τελεῖς
813 3968 908 4024 103
950 3968 1281 4026 Δεσποτικοῢ
1335 3963 1593 4023 θανάτου.
1646 3964 1771 4027 Πῶς
1813 3950 1902 4020 οὐν
1936 3960 2093 4029 αὐτὸς

488 4054 646 4132 μόνος
686 4054 857 4122 πίνεις
915 4054 1006 4113 καὶ
1036 4052 1282 4131 μεθύεις,
1340 4058 1434 4113 τοῦ
1484 4056 1705 4133 φρικτοῦ
1732 4050 1777 4088 ⁷⁴
1831 4049 2090 4131 ποτηρίου

486 4154 653 4205 πᾶσιν
683 4143 871 4216 ἐπίσης
903 4141 1139 4211 δοθέντος
1154 4166 1172 4217 ;

580 4256 610 4292 α
640 4233 864 4301 Ὁσάκις
910 4230 1015 4312 γὰρ
1054 4231 1118 4291 ἂν
1150 4229 1365 4304 ἐσθίητε
1396 4230 1487 4289 τὸν
1521 4230 1679 4308 άρτον
1726 4234 1910 4289 τοῦτον
1937 4275 1953 4303 ,
1996 4228 2090 4289 καὶ

489 4324 554 4383 τὸ
589 4322 837 4402 ποτήριον
865 4326 1022 4381 τοῦτο
1068 4320 1287 4397 πίνητε,
1334 4319 1424 4378 τὸν
1475 4318 1703 4377 θάνατον
1748 4323 1842 4377 103
1891 4319 2091 4400 Κυρίου

490 4412 885 4491 καταγγέλλετε
941 4410 1097 4491 ἄχρις
1136 4408 1189 4445 ⁷²
1219 4409 1283 4467 ἂν
1337 4408 1486 4486 ἔλθῃ.
1553 4435 1577 4461 υ
1637 4407 1835 4480 Οὕτω,
1888 4408 2087 4489 φησὶν,

2194 3355 2387 3396 meum
2431 3354 2532 3411 ego
2574 3352 2719 3393 nunc
2767 3336 3088 3409 sanguinem
3158 3350 3329 3405 pono,
3377 3338 3595 3391 Novum
3638 3338 3803 3392 Testa

2196 3438 2448 3485 mentum
2490 3443 2558 3484 eo
2592 3443 2693 3484 ceu
2722 3426 2903 3499 sigillo
2949 3426 3226 3481 muniens.
3258 3427 3339 3482 Ne
3367 3425 3604 3481 turberis
3634 3424 3805 3496 igitur

2194 3518 2522 3591 sanguinem
2552 3517 2800 3574 audiens.
2833 3518 2977 3572 Nam
3012 3516 3055 3569 si
3106 3514 3511 3570 irrationalium
3540 3529 3799 3587 pecorum

2194 3608 2513 3681 sanguinem
2559 3605 2810 3678 accepisti
2854 3605 2915 3661 in
2944 3603 3131 3661 Veteri
3172 3607 3549 3673 Testamento,
3594 3612 3802 3675 quanto

2196 3698 2381 3770 potius
2408 3712 2560 3752 nunc
2588 3696 2885 3752 divinum?

2272 3810 2300 3836 ει
2342 3789 2463 3842 Hoc
2486 3785 2668 3853 facite,
2696 3785 2915 3856 quoties
2944 3783 3210 3852 biberitis,
3236 3782 3292 3838 in
3331 3796 3514 3837 meam
3556 3796 3804 3838 comme-

2197 3876 2588 3933 merotionem.
2624 3898 2650 3924 ν
2686 3877 2792 3931 Per
2844 3874 3103 3946 poculum
3148 3869 3551 3942 istuc,'inquit,
3593 3885 3806 3926 memo-

2196 3967 2333 4023 riam
2364 3965 2499 4021 facis
2552 3964 2859 4021 Dominicis
2898 3963 3116 4018 mortis.
3173 3962 3281 4034 Qui
3334 3961 3496 4032 igitur
3543 3968 3604 4015 tu
3646 3960 3799 4016 solus

2198 4056 2343 4113 bibis
2363 4063 2418 4111 et
2459 4054 2771 4124 inebriaris,
2825 4052 3114 4110 tremendo
3159 4051 3267 4109 isto
3319 4050 3489 4107 calice
3536 4048 3803 4106 omnibus

2198 4162 2266 4203 ex
2292 4161 2451 4217 aequo
2486 4145 2726 4201 tradito?

2268 4238 2448 4293 Vnns.
2478 4240 2576 4292 26.
2616 4234 2893 4304 «Quoties
2931 4232 3078 4290 enim
3120 4230 3342 4289 ederitis
3388 4245 3594 4302 panem
3634 4228 3803 4297 hunc,

2196 4325 2421 4382 calicem
2464 4325 2610 4381 hunc
2636 4323 2904 4389 biberitis,
2949 4330 3191 4379 mortem
3238 4320 3470 4378 Domini
3515 4320 3806 4376 annuntia-

2196 4415 2326 4471 bitis
2355 4415 2530 4472 donec
2558 4416 2758 4471 veniat.
2789 4436 2814 4462 υ
2851 4416 2951 4477 Eo,
2980 4413 3180 4485 inquit,
3213 4410 3417 4466 affectu
3442 4409 3651 4466 debetis
3681 4424 3800 4465 esse

489 4500 725 4582 ὀφείλετε
784 4503 1115 4573 διακεῖσθαι,
1160 4498 1461 4578 ὡσπερανεὶ
1511 4499 1566 4556 ἐν
1618 4498 1753 4576 αὐτῇ
1794 4498 1969 4578 ἐκείνῃ

2204 4504 2425 4571 imbuti,
2452 4504 2675 4577 perinde
2743 4503 2895 4575 quasi
2936 4502 2994 4558 in
3030 4502 3124 4557 illa
3165 4502 3282 4571 ipsa
3323 4499 3519 4554 essetis
3553 4513 3804 4569 vespera,

489 4590 729 4672 ἑσπέρᾳ,
778 4591 870 4650 καὶ
914 4589 999 4648 ἐπ’
1034 4590 1196 4660 αὐτῆς
1240 4588 1480 4664 κείμενοι
1527 4591 1623 4658 τῆς
1669 4585 1951 4660 στιϐάδος,
1995 4586 2089 4646 καὶ

488 4682 617 4760 παρ’
670 4681 835 4740 αὐτοῦ
887 4684 980 4738 103
1030 4680 1270 4760 Χριστοῦ
1296 4675 1683 4755 λαμϐάνοντες
1738 4676 1831 4745 τὴν
1885 4676 2091 4740 θυσίαν.

490 4769 636 4832 Αὐτὸ
665 4769 769 4851 γὰρ
816 4767 985 4829 ἐκεῖνο
1016 4768 1094 4828 ’τὸ
1125 4765 1337 4828 δεῖπνόν
1373 4770 1522 4841 ἐστι,
1575 4766 1666 4826 καὶ
1701 4765 1859 4825 αὐτὸν
1894 4768 2091 4826 ἐκεῖνον

487 4858 580 4918 τὸν
622 4860 845 4920 θάνατον
894 4858 1369 4938 καταγγέλλομεν,
1400 4856 1697 4931 τουτέστιν,
1738 4856 2085 4917 ὑποδεικνύο-

489 4972 587 5027 μεν
608 4996 626 5028 ,
661 4950 788 5029 ἄχρι
816 4952 911 5022 τῆς
939 4948 1184 5029 δευτέρας
1209 4946 1521 5026 παρουσίας.

577 5062 604 5097 τ
642 5037 847 5112 Ὥστε,
877 5036 931 5104 ὃς
976 5036 1040 5095 ἂν
1074 5036 1219 5117 ἐσθίῃ
1265 5037 1355 5095 τὸν
1401 5036 1560 5116 ἄρτον
1609 5039 1831 5113 τοῦτον,
1884 5035 1920 5108 ἢ
1958 5035 2087 5117 πίνῃ

487 5130 551 5188 τὸ
578 5127 830 5209 ποτήριον
876 5132 969 5187 103
1021 5126 1225 5209 Κυρίου
1272 5125 1523 5201 ἀναξίως,
1576 5124 1757 5205 ἔνοχος
1803 5125 1955 5184 ἔσται
1997 5131 2089 5186 103

487 5216 739 5296 σώματος
768 5217 861 5276 καὶ
891 5213 1118 5293 αἵματος
1158 5219 1252 5275 103
1294 5216 1517 5297 Κυρίου.
1555 5241 1580 5268 ι
1620 5213 1826 5282 Αὐτοὺς
1859 5214 2089 5275 αἰνίττε-

487 5332 580 5367 ται
609 5305 832 5375 ἀναξίως
879 5305 1426 5385 μεταλαμϐάνοντας,
1472 5306 1543 5371 ὡς
1586 5307 1942 5385 περιορῶντας
1970 5304 2090 5373 τοὺς

487 5398 741 5471 πένητας.
773 5398 899 5465 Πῶς
941 5395 998 5456 δὲ
1035 5395 1215 5476 ἔνοχος
1255 5394 1455 5473 γίνεται
1497 5393 1776 5476 δ’ἀναξίως
1810 5398 2089 5473 μεταλαμ-

488 5487 695 5561 ϐάνων;
723 5484 820 5554 Ὡς
851 5485 943 5544 καὶ
976 5474 1367 5565 αὐτὸςνέκχέας
1410 5482 1471 5543 τὸ
1505 5474 1663 5561 αἷμα.
1714 5481 1938 5567 Ὥσπερ
1984 5484 2088 5566 γὰρ

2200 4594 2488 4666 eidemque
2514 4592 2908 4651 accumberetis
2951 4599 3097 4659 toro,
3130 4598 3184 4645 et
3212 4587 3281 4643 ab
3316 4588 3435 4658 ipso
3464 4586 3682 4643 Christo
3710 4601 3803 4643 ac-

2201 4683 2452 4755 ciperetis
2476 4684 2803 4741 sacrificium
2848 4680 3014 4738 istud.
3048 4680 3144 4735 llla
3191 4678 3305 4750 ipsa
3336 4676 3486 4732 enim
3509 4689 3668 4730 caana
3697 4683 3801 4740 est,

2203 4774 2436 4830 etillam
2466 4773 2643 4846 ipsam
2673 4781 2913 4829 mortem
2965 4768 3383 4835 annuntiamus,
3430 4765 3536 4821 hoc
3569 4772 3656 4821 est
3700 4763 3801 4821 de-

2201 4870 2597 4932 monstramus,
2629 4862 2697 4920 ad
2722 4860 3025 4919 secundum
3054 4873 3227 4931 usque
3258 4858 3377 4930 ejus
3410 4855 3727 4913 adventum.

2270 5044 2433 5099 Vnus.
2460 5047 2547 5098 27.
2574 5064 2599 5092 ι
2629 5043 2819 5113 Itaque
2845 5040 3156 5114 quicunque
3182 5034 3803 5104 manducaveritpanem

2198 5130 2365 5201 hunc,
2399 5140 2494 5188 aut
2519 5131 2718 5188 biberit
2740 5131 2967 5187 calicem
2997 5128 3224 5184 Domini
3272 5127 3513 5197 indigne,
3543 5138 3670 5179 reus
3696 5122 3803 5178 erit

2196 5222 2447 5294 corporis
2472 5230 2525 5278 et
2550 5221 2832 5294 sanguinis
2857 5217 3095 5275 Domini.
3132 5240 3158 5265 ιι
3195 5216 3357 5285 192
3402 5217 3553 5285 Ipsos
3581 5210 3803 5282 oblique

2196 5311 2513 5385 perstringit
2531 5311 2757 5383 indigne
2784 5309 3206 5371 manducantes,
3236 5301 3680 5376 quandoquidem
3706 5316 3801 5355 no-

2196 5418 2293 5477 pes
2330 5402 2627 5475 negligant.
2659 5402 2779 5471 Qua
2817 5415 2946 5455 vero
2969 5396 3180 5453 ratione
3209 5409 3339 5451 reus
3367 5392 3431 5448 fit
3454 5391 3545 5462 qui
3576 5389 3802 5461 indigne

2195 5492 2465 5551 assumit?
2509 5491 2743 5548 Perinde
2778 5488 3039 5545 nimirum
3076 5502 3141 5543 ac
3179 5485 3294 5559 ipse
3327 5482 3419 5555 qui
3459 5478 3787 5552 sanguinem

1899 5619 2087 5680 Variae
2128 5620 2435 5681 lectiones.

560 5748 605 5783 ⁸⁸
633 5748 952 5803 συνεσθίοντα
978 5763 1032 5806 o.
1110 5746 1153 5783 6°
1184 5746 1268 5800 καὶ
1298 5746 1354 5801 σύ
1381 5762 1434 5804 0.
1513 5746 1557 5781 ⁷ο
1591 5745 1757 5809 αὐτοῖς
1784 5760 1839 5804 ο.
1916 5745 1958 5780 ⁷¹
2014 5748 2308 5802 δεσποτικοῦ
2342 5761 2396 5801 0.

2474 5744 2517 5777 "3
2546 5744 2639 5805 ἕως
2661 5758 2716 5799 0.
