4110 6408
305 405 411 458 707

1328 395 1842 453 THEOPHYLACTI
1881 393 2239 450 BULGARIE
2278 391 2595 448 ARCHIEP.

3503 387 3610 442 708

303 523 524 582 Domini
550 523 826 581 effuderit.
847 525 931 581 Ut
945 523 1094 579 enim
1120 522 1214 594 qui
1236 530 1357 579 tum
1379 529 1732 595 pupugerunt
1751 519 1904 578 Chri-

2016 519 2108 579 καὶ
2139 518 2258 579 τότε
2289 519 2337 578 οἱ
2376 516 2757 589 κεντήσαντες,
2787 516 2886 595 οὐχ
2927 513 3013 572 ἵνα
3044 512 3233 572 πίωσιν
3283 511 3573 582 ἐκέντησαν
3592 554 3609 584 ,

304 624 474 684 stum,
502 632 616 672 non
646 624 708 671 ut
734 614 983 670 biberent
1011 622 1378 686 pupugerunt,
1422 627 1612 670 verum
1639 621 1700 668 ut
1726 609 1905 668 effun-

304 704 500 762 derent
529 723 543 760 :
570 705 652 760 sic
677 703 898 777 indigne
928 703 1134 770 bibens,
1183 702 1425 774 nihilque
1460 702 1591 758 inde
1619 699 1906 759 commodi

303 793 571 854 referens.
618 793 943 866 sanguinem
979 791 1176 849 frustra
1207 789 1433 848 effudit.
1483 794 1680 858 Porro,
1721 789 1902 847 Judaei

303 883 527 957 quidem
579 882 950 938 dilacerarunt
1002 881 1146 954 regis
1171 880 1524 954 chlamydem
1573 889 1671 937 :at
1697 881 1789 953 qui
1821 879 1902 935 in-

303 973 472 1046 digne
509 972 830 1040 manducat,
869 972 925 1028 in
971 988 1193 1029 caenum
1221 979 1277 1029 et
1323 972 1379 1027 in
1424 972 1629 1039 lutum,
1658 972 1905 1028 animam

301 1079 460 1121 suam
487 1061 755 1129 videlicet,
788 1064 931 1119 hanc
957 1061 1310 1136 chlamydem
1337 1061 1545 1134 injecit.
1577 1063 1771 1118 Nonne
1799 1059 1901 1132 igi-

302 1160 395 1209 tur
423 1168 521 1225 par
550 1159 607 1208 et
647 1152 878 1208 minime
924 1151 1205 1208 dissimilis
1248 1159 1332 1208 est
1381 1151 1717 1224 ignominia?
1763 1153 1903 1207 Pro-

301 1249 490 1315 pterea
520 1249 578 1298 et
605 1241 723 1314 ipse
752 1240 903 1298 istius
927 1257 1060 1297 reus
1086 1249 1189 1298 est.

371 1334 554 1388 Vsus.
586 1337 680 1386 28.
729 1351 755 1379 α
791 1331 998 1387 Probet
1025 1340 1214 1387 autem
1241 1329 1485 1402 seipsum
1517 1329 1718 1399 homo,
1746 1336 1802 1385 et
1827 1327 1906 1385 sic

303 1418 376 1476 de
421 1436 558 1492 pane
614 1419 707 1475 illo
756 1419 908 1486 edat,
964 1427 1021 1476 et
1083 1419 1152 1476 de
1210 1420 1378 1477 calice
1430 1418 1605 1475 bibat.
1659 1443 1686 1469 ι
1726 1419 1905 1476 Paulo

302 1508 363 1564 in
402 1525 561 1566 more
607 1515 715 1578 est,
761 1508 936 1564 sicubi
994 1507 1054 1564 in
1107 1507 1352 1564 medium
1395 1507 1704 1580 cujuspiam
1749 1523 1906 1579 argu-

304 1598 487 1654 menti
554 1597 804 1655 inciderit
872 1595 1020 1654 aliud
1087 1597 1484 1664 necessarium,
1555 1597 1664 1653 hoc
1732 1595 1904 1652 etiam

301 1695 630 1758 pertractare
663 1705 677 1741 :
725 1685 1198 1758 quemadmodum
1225 1689 1531 1742 etiamnum
1575 1685 1681 1742 alio
1708 1701 1904 1758 propo-

300 1776 411 1833 sito
443 1783 768 1848 argumento
797 1775 868 1832 de
898 1776 1124 1843 mensis,
1147 1776 1309 1832 simul
1333 1785 1500 1849 atque
1524 1775 1578 1831 in
1609 1775 1904 1848 mysterio-

298 1881 425 1922 rum
449 1880 763 1921 sermonem
800 1863 1015 1932 indicit,
1042 1865 1187 1922 hunc
1227 1866 1394 1922 veluti
1427 1865 1677 1922 maxime
1705 1881 1902 1922 neces-

299 1955 510 2012 sarium
554 1953 808 2023 absolvit,
859 1971 924 2010 ac
957 1969 1236 2011 summam
1283 1955 1560 2011 bonorum
1605 1962 1896 2025 monstrat,

295 2059 424 2100 cum
454 2060 583 2115 pura
603 2043 942 2100 conscientia
984 2043 1266 2112 accedere,
1289 2045 1472 2116 aitque
1521 2061 1538 2101 :
1569 2047 1697 2102 Non
1735 2044 1906 2102 alium

298 2133 400 2190 tibi
427 2133 681 2206 judicem
720 2133 986 2205 praeficio,
1028 2148 1218 2190 verum
1251 2134 1490 2205 teipsum
1531 2134 1756 2207 tibiipsi.
1797 2138 1906 2192 Ju-

299 2223 419 2280 dica
446 2223 616 2297 igitur
641 2231 694 2278 et
715 2223 932 2295 explora
962 2223 1355 2279 conscientiam
1390 2231 1568 2294 tuam,
1617 2232 1674 2280 et
1707 2225 1786 2280 sic
1812 2239 1902 2280 ac-

298 2312 451 2380 cede,
482 2328 598 2368 non
625 2314 846 2384 quando
872 2312 1075 2368 fuerint
1112 2311 1285 2383 feria,
1333 2311 1432 2370 sed
1460 2313 1682 2385 quando
1705 2329 1905 2386 purum

300 2402 542 2474 teipsum
575 2418 641 2458 ac
665 2402 894 2475 dignum
921 2401 1218 2458 inveneris.

372 2494 552 2548 Vens.
581 2497 672 2549 29.
708 2513 734 2540 «ι
778 2491 883 2562 Qui
913 2491 1060 2547 enim
1089 2490 1390 2548 manducat
1415 2499 1470 2548 et
1494 2490 1637 2548 bibit
1662 2490 1902 2564 indigne,

295 2579 571 2654 judicium
623 2580 723 2637 sibi
772 2580 1071 2638 manducat
1115 2588 1170 2636 et
1232 2580 1385 2637 bibit.
1433 2603 1460 2630 ι
1511 2584 1636 2638 Non
1680 2591 1904 2655 propter

300 2671 688 2743 mysteriorum
709 2679 960 2726 naturam
985 2673 1006 2738 (
1031 2670 1116 2725 hae
1144 2671 1325 2726 cenim
1359 2679 1490 2726 sunt
1519 2670 1771 2743 vivifica),
1813 2687 1902 2728 ve-

302 2775 430 2816 rum
461 2768 687 2831 propter
729 2758 1041 2815 accedentis
1070 2759 1426 2830 iniquitatem
1478 2777 1495 2817 ε
1529 2761 1903 2833 quemadmo-

299 2847 436 2905 dum
461 2859 518 2904 et
538 2849 618 2904 sol
649 2847 822 2904 oculis
845 2849 1116 2920 corruptis
1145 2857 1229 2905 est
1253 2849 1472 2905 noxius.

374 2958 400 2986 α
433 2938 555 2992 Non
584 2936 887 3008 dijudicans
925 2953 1124 3009 corpus
1146 2938 1398 2994 Domini.
1434 2961 1459 2987 ν
1493 2939 1614 2995 Hoc
1646 2945 1750 3008 est,
1786 2953 1904 2996 non

300 3027 614 3098 explorans,
644 3042 760 3082 non
788 3027 1098 3099 intelligens
1136 3027 1437 3098 proposita:
1468 3028 1545 3083 rei
1585 3028 1904 3100 amplitudi-

297 3131 448 3171 nem.
501 3116 554 3173 Si
597 3117 749 3171 enim
798 3116 1138 3172 disceremus
1177 3131 1424 3188 unquam
1463 3118 1722 3189 quisnam
1755 3127 1905 3176 esset

2015 611 2133 670 ἀλλ’
2165 632 2178 646 ⁸
2206 607 2295 667 ἵνα
2323 607 2578 687 ἐκχέωσιν
2611 629 2625 644 ’
2657 606 2798 667 οὕτω
2826 604 2920 664 καὶ
2947 609 2975 664 6
3016 602 3240 672 ἀναξίως
3278 602 3376 680 μὲν
3406 599 3606 678 πίνων,

2014 697 2181 776 μηδὲν
2232 696 2288 756 δὲ
2342 698 2577 756 ἐντεῦθεν
2628 693 3027 774 καρπούμενος,
3098 692 3272 770 μάτην
3321 690 3498 770 ἐξέχεε
3551 689 3612 749 τὸ

2013 779 2170 866 αἷμα.
2207 789 2319 848 Καὶ
2348 791 2398 847 οἳ
2446 785 2541 863 μὲν
2595 784 2843 845 Ἰουδαῖοι
2888 781 3166 865 διέῤῥηξαν
3205 787 3299 841 τοῦ
3351 777 3615 858 βασιλέως

2012 877 2108 950 τὴν
2139 876 2396 958 χλαμύδα
2429 899 2443 913 ·
2473 879 2502 935 6
2530 874 2584 934 δὲ
2624 875 2848 944 ἀναξίως
2879 875 3143 934 κοινωνῶν
3162 917 3177 944 ,
3215 872 3288 938 εἰς
3321 868 3577 958 βόρϐορον
3597 916 3612 942 ,

2016 969 2110 1040 τὴν
2140 950 2312 1027 ἀὑτοῦ
2343 989 2482 1046 φημι
2532 965 2740 1047 ψυχὴν,
2787 963 2986 1036 ταύτην
3036 961 3302 1023 ἐνέϐαλεν.
3343 950 3481 1041 ’Ἆρα
3514 960 3610 1018 οὐκ

2012 1059 2103 1132 ἴση
2226 1055 2453 1136 ἀτιμία,
2503 1055 2591 1116 διὰ
2643 1059 2798 1114 τοῦτο
2845 1051 2939 1114 καὶ
2969 1052 3124 1120 αὐτὸς
3178 1050 3374 1124 ταύτης
3434 1048 3617 1129 ἔνοχός

2015 1151 2151 1210 ἐστι.

2101 1348 2133 1383 α
2164 1322 2518 1402 Δοκιμαζέτω
2562 1322 2618 1383 δὲ
2665 1321 2939 1403 ἄνθρωπος
2979 1318 3167 1381 ἑαυτὸν
3186 1365 3202 1396 ,
3235 1319 3327 1379 καὶ
3357 1319 3524 1386 οὕτως
3553 1317 3616 1377 ἐκ

2013 1421 2106 1476 τοῦ
2157 1415 2316 1496 ἄρτου
2363 1413 2618 1489 ἐσθιέτω,
2669 1415 2760 1472 καὶ
2806 1414 2867 1472 ἐκ
2901 1417 2995 1472 τοῦ
3024 1409 3278 1488 ποτηρίου
3322 1409 3540 1468 πινέτω.
3575 1430 3603 1464 ι)

2015 1505 2220 1566 Εἶωθεν
2269 1507 2296 1563 6
2329 1507 2575 1574 Παῦλος,
2619 1501 2835 1563 ἐπειδὰν
2887 1505 2939 1560 ἐν
2969 1499 3116 1582 μέσῳ
3139 1503 3192 1541 ⁷³
3231 1499 3370 1566 τινὸς
3416 1498 3612 1558 ὑποθέ-

2015 1619 2147 1664 σεως
2196 1594 2349 1674 ἑτέρα
2409 1593 2694 1674 ἀναγκαίοι-
2731 1593 3089 1672 παρεμπέσῃ,
3139 1589 3231 1650 καὶ
3279 1589 3476 1661 ταύτην
3517 1590 3615 1647 ἐπ-

2015 1671 2322 1766 εξέρχεσθάι
2353 1701 2365 1716 ·
2407 1681 2588 1761 ὥσπερ
2634 1671 2722 1740 οῦν
2772 1671 2863 1741 καὶ
2910 1687 3002 1740 νῦν
3037 1679 3222 1761 ἑτέρας
3261 1681 3615 1758 προκειμένης

2013 1774 2309 1841 ὑποθέσεως
2341 1777 2434 1845 τῆς
2486 1774 2607 1851 περὶ
2655 1774 2761 1831 τῶν
2809 1775 3116 1848 τραπεζῶν,
3169 1770 3354 1842 ἐπειδή
3403 1771 3475 1836 εἰς
3525 1768 3614 1826 τὸν

2018 1869 2123 1924 τῶν
2154 1863 2456 1944 μυστηρίων
2504 1863 2718 1922 ἐνέπεσε
2763 1861 2942 1938 λόγον,
2993 1859 3398 1940 ἐπεξεργάζεται
3429 1865 3613 1917 τοῦτον

2019 1958 2087 2021 ὥς
2143 1951 2597 2032 ἀναγκαιότατον,
2660 1951 2752 2011 καὶ
2801 1951 2860 2010 τὸ
2902 1950 3189 2031 κεφάλαιον
3237 1953 3344 2008 τῶν
3400 1951 3612 2027 ἀγαθῶν

2016 2043 2381 2116 ὓποδείκνυσι,
2414 2041 2476 2102 τὸ
2508 2041 2644 2120 μετὰ
2691 2045 2925 2121 καθαροῦ
2957 2038 3235 2119 προσιέναι
3269 2037 3565 2104 συνειδότος
3599 2059 3612 2074 ·

2013 2132 2102 2192 καί
2129 2156 2322 2214 φησιν,
2354 2130 2435 2192 ὅτι
2467 2135 2590 2211 Οὐχ
2617 2127 3086 2214 ἕτερον-δικαστὴν
3115 2132 3317 2211 ἐφιστῶ
3353 2152 3460 2206 σοι,
3496 2125 3613 2188 ἀλλ’

2014 2222 2202 2282 ἑαυτὸν
2232 2224 2433 2303 σαυτῷ.
2492 2222 2727 2283 Δίκασον
2778 2211 2867 2280 οῦν
2911 2224 2987 2300 τῷ
3033 2221 3292 2279 συνειδότι
3344 2242 3475 2292 σου,
3524 2217 3616 2277 καὶ

2013 2311 2151 2371 οὕτω
2181 2302 2437 2394 πρόσιθι,
2469 2311 2543 2390 μὴ
2577 2311 2707 2372 ὅταν
2731 2309 2887 2393 ἑορτὴ
2969 2309 3040 2385 ⁷³³,
3074 2311 3189 2369 ἀλλ’
3219 2307 3343 2368 ὅταν
3376 2307 3611 2389 καθαρὸν

2014 2403 2234 2462 σεαυτὸν
2265 2403 2356 2462 καὶ
2387 2402 2528 2472 ἀξιον
2560 2401 2737 2484 εὕρῃς.

2103 2514 2134 2551 (ι
2159 2491 2227 2554 Ὁ
2257 2491 2358 2572 γὰρ
2391 2492 2577 2552 ἐσθίων
2627 2490 2720 2550 καὶ
2750 2489 2918 2550 πίνων
2967 2489 3188 2560 ἀναξίως
3236 2491 3402 2569 κρῖμα
3441 2491 3616 2569 ἐαυτῷ

2012 2581 2172 2642 ἐσθίει
2201 2581 2294 2641 καὶ
2324 2581 2487 2643 πίνει.
2520 2608 2544 2635 υ
2573 2583 2655 2642 Οὐ
2701 2580 2788 2639 διὰ
2830 2579 2926 2653 τὴν
2965 2583 3070 2638 τῶν
3111 2579 3421 2660 μυστηρίων
3459 2578 3615 2661 φύσιν

2015 2675 2224 2752 (ταῦτα
2272 2671 2374 2754 γὰρ
2426 2671 2670 2752 ζωηρὰ),
2721 2671 2860 2730 ἀλλὰ
2900 2670 2988 2730 διὰ
3020 2669 3116 2742 τὴν
3167 2675 3261 2730 τοῦ
3309 2668 3616 2748 προσιόντος

2013 2761 2334 2834 ἀναξιότητα
2364 2785 2377 2798 ·
2429 2761 2612 2841 ὥσπερ
2656 2760 2748 2820 καὶ
2792 2763 2820 2819 6
2869 2760 3017 2834 ἤλιος
3056 2761 3162 2829 τοῖς
3203 2759 3296 2828 τὰς
3330 2759 3474 2842 ὄψεις
3499 2760 3610 2818 διε-

2017 2853 2332 2934 φθαρμένοις
2367 2850 2644 2932 βλαϐερός.

2095 2970 2120 2994 «
2153 2941 2245 3015 Μὴ
2277 2940 2556 3021 διακρίνων
2584 2940 2644 3000 τὸ
2685 2941 2845 3015 σῶμα
2872 2944 2965 2999 τοῦ
2999 2937 3226 3019 Κυρίου.
3256 2965 3283 2993 ι
3310 2938 3567 3000 Τουτέστι
3589 2983 3606 3012 ,

2014 3030 2090 3109 μὴ
2122 3030 2400 3104 ἐξετάζων,
2429 3029 2504 3108 μὴ
2541 3033 2730 3090 ἐννοῶν
2761 3030 2815 3068 ⁷⁵
2839 3028 2901 3087 τὸ
2939 3033 3034 3088 τοῦ
3063 3029 3416 3108 προκειμένου
3451 3027 3614 3107 μέγε-

2012 3125 2117 3187 θος.
2153 3122 2218 3181 Εἰ
2249 3119 2352 3201 γὰρ
2399 3121 2658 3198 μάθοιμεν
2708 3119 2788 3186 τίς
2817 3117 2947 3178 ποτέ
2997 3121 3139 3180 ἐστιν
3173 3123 3200 3177 6
3231 3117 3608 3198 προκείμενος,

301 3205 393 3276 qui
423 3204 582 3260 nobis
611 3205 955 3277 proponitur,
1004 3221 1114 3262 non
1158 3188 1537 3278 indigeremus
1577 3208 1776 3276 altero,
1805 3208 1904 3266 sed

2014 3211 2071 3269 οὖ
2104 3188 2409 3287 δεησόμέθά
2445 3188 2652 3290 ἑτέρου,
2694 3207 2811 3268 ἀλλ’
2854 3207 2982 3268 αὐτὸ
3032 3212 3192 3268 τοῦτο
3240 3188 3431 3289 νῆφειηὶ
3473 3188 3616 3285 ἡμᾶς

299 3291 448 3348 istud
476 3293 660 3364 ipsum
690 3309 794 3348 nos
815 3294 1030 3351 sobrios
1054 3293 1328 3352 redderet.

371 3385 554 3441 Vnns.
586 3390 674 3440 30.
710 3406 736 3433 α
781 3383 916 3443 Ideo
952 3384 1099 3441 inter
1131 3401 1227 3442 vos
1257 3385 1417 3441 multi
1445 3385 1680 3456 inﬁrmi,
1711 3396 1768 3444 et
1797 3386 1902 3443 im-

297 3473 541 3543 becilles,
577 3483 634 3532 et
658 3474 943 3531 dormiunt
991 3475 1172 3532 multi.
1206 3498 1234 3527 ι
1265 3476 1517 3548 Accipite
1547 3475 1902 3535 demonstra-

296 3563 510 3618 tionem
536 3563 604 3620 ab
634 3563 700 3619 iis
728 3579 851 3636 quae
880 3564 1023 3635 apud
1053 3579 1151 3621 vos
1181 3565 1533 3637 contingunt.
1579 3565 1722 3623 Hinc
1756 3568 1905 3625 enim

299 3651 611 3708 immaturae.
669 3660 897 3722 mortes,
954 3653 1248 3725 morbique
1304 3652 1578 3718 diuturni,
1635 3671 1700 3711 eo
1755 3657 1906 3730 quod

299 3740 459 3796 multi
501 3740 726 3814 indigne
772 3750 1076 3798 assumant.
1125 3742 1268 3815 Quid
1317 3743 1525 3817 igitur?
1555 3747 1698 3801 Num
1729 3745 1768 3802 ii
1811 3747 1904 3819 qui

297 3830 369 3887 ad
396 3839 706 3888 extremam
750 3847 922 3904 usque
962 3839 1300 3888 senectutem
1343 3832 1652 3892 incolumes
1676 3851 1905 3892 servan-

295 3927 407 3988 tur,
439 3929 658 3993 peccata
691 3937 804 3977 non
829 3920 1159 3978 admittunt?
1190 3923 1422 3979 Peccant
1457 3940 1592 3980 sane
1620 3943 1636 3980 :
1663 3926 1761 3981 sed
1791 3941 1906 3982 non

297 4008 460 4082 hujus
522 4010 788 4082 temporis
845 4025 1023 4082 poenae
1063 4012 1197 4067 solae
1255 4011 1478 4085 indigne
1520 4014 1907 4072 accedentibus

297 4097 582 4155 destinatae
620 4107 751 4154 sunt
787 4117 800 4154 :
842 4099 940 4154 sed
978 4100 1036 4154 in
1068 4098 1252 4156 futuro
1293 4117 1515 4174 quoque
1565 4103 1767 4160 saeculo
1797 4104 1907 4160 illis

297 4189 547 4260 graviora
589 4195 718 4242 sunt
743 4187 1031 4258 reposita:
1085 4202 1264 4260 neque
1289 4189 1378 4245 hic
1414 4205 1518 4247 nos
1560 4192 1737 4263 puniti
1763 4208 1907 4249 esse-

298 4291 446 4344 mus,
476 4275 575 4332 nisi
604 4275 1044 4347 deliquissemus,
1073 4277 1298 4348 perinde
1343 4294 1408 4336 ac
1431 4280 1548 4351 ipse
1569 4280 1687 4352 jam
1717 4280 1903 4338 infert.

371 4367 551 4422 Vens.
583 4369 673 4420 31.
710 4382 738 4417 α
767 4364 824 4421 Si
872 4365 1016 4420 enim
1051 4381 1153 4422 nos
1189 4367 1340 4439 ipsos
1359 4368 1758 4440 judicaremus,
1792 4385 1908 4427 non

290 4453 690 4528 judicaremur.
742 4476 767 4503 ο
793 4456 918 4510 Non
961 4454 1121 4524 dixit,
1163 4456 1220 4512 Si
1249 4472 1349 4512 nos
1377 4458 1528 4530 ipsos
1555 4461 1908 4531 puniremus,

2015 3299 2438 3380 παρασκευάσει.

2105 3410 2136 3449 α
2170 3387 2274 3449 Διὰ
2301 3395 2458 3448 τοῦτο
2486 3392 2538 3450 ἐν
2561 3390 2688 3467 ὑμῖν
2707 3387 2897 3448 πολλοὶ
2926 3389 3159 3455 ἀσθενεῖς
3190 3386 3280 3446 καὶ
3309 3387 3575 3469 ἀρῤωστοι
3597 3431 3614 3462 ,

2011 3477 2106 3538 καὶ
2147 3482 2441 3557 κοιμῶνται
2481 3477 2676 3538 ἱκανοί.
2715 3498 2744 3534 ι
2787 3476 2892 3538 Ἐκ
2933 3480 3039 3536 τῶν
3072 3479 3200 3558 παρ’
3225 3481 3348 3554 ὑμῖν
3386 3477 3609 3556 γινομέ-

2011 3591 2116 3626 νων
2167 3569 2359 3629 λάϐετε
2406 3568 2502 3636 τὰς
2548 3566 2860 3637 ἀποδείξεις.
2918 3565 3025 3626 Διὰ
3075 3573 3232 3626 τοῦτο
3285 3567 3390 3646 γὰρ
3450 3568 3616 3649 ἄωροι

2012 3657 2260 3737 θάνατοι,
2291 3658 2381 3717 καὶ
2414 3657 2618 3737 μακραὶ
2649 3657 2826 3731 νόσοι,
2876 3656 3008 3715 διότι
3056 3655 3282 3725 ἀναξίως
3329 3658 3611 3736 μεταλαμ-

2016 3746 2239 3808 ϐάνουσι
2267 3748 2478 3812 πολλοί.
2531 3746 2601 3808 Τί
2647 3741 2771 3821 οὖν,
2807 3749 2854 3807 οἱ
2885 3745 3067 3805 ἄνοσοι
3104 3747 3420 3826 τηρούμενοι
3451 3747 3612 3827 μέχρι

2018 3837 2315 3917 βαθυτάτου
2361 3839 2577 3915 γήρως,
2610 3839 2709 3916 οὐχ
2751 3834 3179 3916 ἁμαρτάνουσιν,
3225 3835 3616 3915 Ἁμαρτάνουσι

2015 3926 2111 4004 μὲν
2131 3971 2147 3999 ,
2179 3926 2299 3987 ἀλλ’
2330 3930 2432 4006 οὔχ
2461 3930 2516 3985 αἱ
2547 3928 2774 3986 ἐνταῦθα
2796 3923 3044 3992 κολάσεις
3071 3923 3234 4001 μόναι
3263 3934 3370 3992 τοῖς
3394 3925 3617 3995 ἀναξίως

2012 4022 2345 4092 προσιοῦσιν,
2381 4017 2500 4074 ἀλλ’
2533 4016 2643 4075 ἐκεῖ
2666 4012 3023 4094 χαλεπώτερα
3069 4016 3248 4082 αὐτοῖς
3274 4015 3612 4075 ἀπόκεινται.

2012 4102 2202 4181 εΗμεῖς
2230 4107 2283 4164 δὲ
2309 4107 2418 4164 οὐδ’
2454 4103 2517 4164 ἂν
2560 4106 2783 4165 ἐνταῦθα
2809 4104 3174 4179 ἕκολάσθημεν
3194 4149 3209 4176 ,
3240 4105 3286 4163 εἰ
3329 4103 3404 4181 μή
3437 4108 3612 4184 ἡμαρο

2011 4193 2239 4274 τάνομεν
2267 4217 2282 4232 ·
2307 4193 2490 4274 ὥσπερ
2517 4194 2580 4268 δὴ
2605 4194 2698 4253 καὶ
2727 4193 2883 4260 αὖτὸς
2921 4191 3160 4274 ἐπιφέρει
3190 4215 3206 4230 ·

2105 4384 2134 4422 α
2160 4365 2226 4458 lii
2250 4363 2598 4458 γὰρέαυτοὺς
2623 4367 2932 4458 ἐκρίνομεν,
2970 4367 3066 4426 οὖκ
3108 4365 3170 4458 ἂν
3204 4364 3608 4458 ἐκρινόμεθα.)

2018 4454 2139 4514 Οὔκ
2160 4454 2302 4515 εἶπεν
2325 4502 2340 4531 ,
2366 4457 2432 4516 Εἰ
2461 4457 2678 4524 ἑαυτοὺς
2709 4459 3033 4535 ἐκολάζομεν
3055 4499 3072 4528 ,
3107 4456 3248 4517 ἀλλὰ
3280 4459 3463 4535 μόνον,
3496 4482 3518 4507 «ι
3553 4455 3617 4513 Εἰ

295 4542 393 4599 sed
433 4552 672 4612 tantum,
705 4567 731 4594 ι
775 4545 830 4602 Si
853 4543 1232 4616 judicaremus
1266 4569 1290 4597 ιο
1324 4556 1379 4603 et
1405 4548 1902 4608 condemnaremus

2017 4543 2292 4624 ἐκρίνομεν
2316 4573 2342 4599 ι
2383 4546 2474 4604 καὶ
2511 4547 2973 4623 κατεγινώσκομεν
3001 4548 3236 4620 ἑαυτῶν,
3268 4547 3364 4606 οὒκ
3404 4544 3468 4604 ἂν
3497 4542 3616 4605 οὐδὲ

293 4648 397 4690 nos
431 4634 600 4706 ipsos,
619 4650 690 4690 ne
731 4634 822 4690 hic
871 4635 1100 4707 quidem
1142 4636 1650 4696 condemnaremur
1689 4655 1722 4696 a
1763 4643 1906 4709 Deo,

296 4738 484 4778 verum
521 4733 577 4778 et
605 4723 890 4794 praesentia
915 4733 971 4779 et
996 4723 1186 4781 futura
1215 4726 1476 4798 supplicia
1507 4726 1907 4801 effugeremus.

371 4812 550 4868 Vsus.
582 4817 673 4868 32.
727 4835 752 4861 ιι
804 4815 945 4869 Cum
974 4824 1160 4870 autem
1206 4831 1237 4870 a
1285 4803 1543 4873 Domino.
1563 4817 1904 4890 judicamur,

293 4901 644 4970 corripimur,
689 4909 753 4956 ut
785 4917 899 4956 non
936 4917 1064 4958 cum
1109 4904 1320 4961 mundo
1381 4905 1840 4964 condemnemur.
1873 4929 1901 4958 ι»

301 4991 464 5062 193
503 4989 966 5062 Quandoquidem
1008 5007 1130 5048 rem
1179 4993 1316 5050 adeo
1364 4994 1542 5051 levem
1584 5004 1642 5052 et
1686 4996 1901 5053 facilem

292 5096 404 5136 non
439 5079 700 5146 facimus,
743 5079 850 5137 hoc
879 5089 964 5136 est
999 5081 1150 5154 quod
1174 5098 1277 5139 nos
1307 5083 1457 5156 ipsos
1487 5101 1604 5141 non
1633 5086 1903 5144 condem-

292 5183 520 5237 namus;
552 5185 729 5241 neque
779 5172 926 5225 Deus
969 5171 1256 5227 nobiscum
1283 5174 1420 5229 adeo
1449 5173 1748 5230 crudeliter
1771 5175 1902 5248 agit,

295 5273 485 5314 verum
521 5258 607 5314 hic
648 5258 873 5331 corripit
904 5267 959 5315 et
1000 5261 1254 5334 castigat,
1301 5273 1362 5318 ut
1404 5263 1515 5319 illic
1555 5265 1903 5322 misereatur.

297 5345 645 5418 Castigamur
696 5349 848 5405 enim
888 5348 1000 5418 hic,
1061 5350 1270 5423 inquit;
1314 5367 1427 5407 non
1480 5353 1762 5425 punimur,
1811 5353 1907 5411 sed

299 5451 331 5492 a
358 5438 521 5494 Patre
545 5438 935 5508 admonemur,
965 5460 992 5489 ι
1035 5454 1104 5496 ne
1131 5455 1261 5497 cum
1289 5441 1523 5514 mundo,
1556 5465 1584 5493 av
1616 5443 1675 5500 id
1695 5451 1804 5512 est,
1833 5443 1908 5500 in-

2016 4634 2242 4692 ἐνταῦθα
2291 4637 2710 4716 κατεκρινόμεθα
2760 4636 2908 4718 παρὰ
2961 4641 3052 4695 τοῦ
3108 4639 3286 4710 Θεοῦ,
3344 4636 3466 4694 ἀλλ’
3528 4634 3616 4702 ἐξ-

2015 4723 2302 4802 εφεύγομεν
2335 4725 2399 4784 ἂν
2427 4725 2516 4785 καὶ
2543 4726 2634 4793 τὰς
2661 4729 2887 4785 ἐνταῦθα
2917 4725 3162 4793 κολάσεις
3181 4772 3198 4802 ,
3231 4726 3324 4784 καὶ
3354 4724 3451 4791 τὰς
3483 4727 3610 4784 ἐκεῖ.

2109 4834 2137 4870 ‹‹
2170 4813 2484 4892 Κρινόμενοι
2518 4816 2568 4875 δὲ
2599 4815 2699 4874 ὑπὸ
2731 4815 2962 4895 Κυρίου,
2984 4815 3344 4892 παιδευόμεθα
3368 4860 3381 4884 ,
3416 4813 3503 4872 ἵνα
3535 4813 3610 4890 μὴ

2017 4900 2111 4960 σὺν
2158 4907 2234 4981 τῷ
2282 4904 2470 4984 κόσμῳ
2513 4909 2940 4985 κατακριθῶμεν.
2979 4931 3003 4959 ι
3044 4905 3305 4980 Ἐπειδὴ,
3350 4903 3481 4986 φησὶ
3508 4951 3522 4977 ,
3556 4903 3616 4962 τὸ

2016 4990 2155 5050 οὕτω
2201 4996 2394 5070 κοῦφον
2425 4993 2516 5052 καὶ
2549 4996 2775 5076 ἐλαφρὸν
2818 4997 2876 5053 οὖ
2923 5001 3208 5071 ποιοῦμεν,
3236 4994 3477 5054 τουτέστι
3503 5039 3519 5068 ,
3547 4991 3609 5050 τὸ

2014 5080 2432 5160 καταγινώσκειν
2457 5082 2510 5122 ⁷⁸
2561 5087 2800 5156 ἑαυτῶν,
2848 5084 2967 5142 οὐδὲ
3012 5083 3178 5151 οὕτως
3227 5085 3453 5164 ἀφειδῶς
3484 5088 3612 5158 ἡμῖν

2017 5172 2044 5226 6
2064 5170 2200 5238 Θεὸς
2224 5171 2522 5252 κέχρηται,
2555 5175 2674 5232 ἀλλ’
2705 5163 2809 5233 ὦδε
2831 5173 3074 5232 παιδεύει
3093 5221 3108 5248 ,
3139 5172 3224 5232 ἵνα
3261 5163 3368 5232 ἐκεῖ
3402 5172 3617 5248 ἐλεήσῃ.

2021 5260 2395 5336 Παιδευόμεθα
2424 5262 2525 5343 γὰρ
2546 5309 2565 5340 ,
2598 5263 2755 5340 φησὶν
2776 5307 2791 5336 ,
2835 5253 2970 5334 ὧδε,
3013 5265 3070 5322 οὐ
3102 5263 3436 5338 κολαζόμεθα
3460 5306 3475 5334 ,
3506 5260 3622 5321 ἀλλ’

2017 5347 2122 5407 ὕπὸ
2158 5351 2369 5431 Πατρὸς
2397 5352 2778 5428 νουθετούμεθα
2801 5397 2817 5428 ,
2847 5378 2872 5406 ι
2902 5351 2989 5412 ἵνα
3020 5353 3095 5428 μὴ
3121 5352 3216 5411 σὺν
3246 5357 3322 5432 τῷ
3352 5353 3560 5431 κόσμῳ,
3585 5372 3614 5407 ι

2013 5442 2286 5516 τουτέστι,
2334 5444 2456 5510 τοῖς
2495 5440 2772 5521 ἀπίστοις,
2806 5446 3214 5522 κατακριθῶμεν
3262 5443 3394 5504 ἐκεῖ.
3448 5444 3620 5521 Περι-

1712 5560 1901 5620 Variae
1946 5562 2248 5626 lectiones.

370 5681 412 5713 τέ’
444 5682 595 5751 μέσον
623 5696 679 5738 0.
754 5679 798 5712 7"
826 5679 902 5748 εἴη
933 5698 987 5737 0.
1063 5681 1109 5716 ⁷⁵
1141 5683 1266 5755 μηδὲ
1294 5690 1421 5739 νοῶν
1449 5701 1504 5742 0.
1581 5685 1626 5722 ⁷⁸
1655 5687 1973 5758 κατακρίνειν
2004 5703 2086 5746 m.
