4110 6414
382 411 492 466 709

1302 412 1657 469 EXPOSlTIO
1694 414 1762 469 IN
1803 415 2004 470 EPIST.
2045 416 2086 472 l.
2126 417 2218 473 AD
2259 421 2416 476 COR.
2455 451 2526 462 ——
2563 424 2713 479 CAP.
2754 426 2863 480 Xll.

3599 432 3703 484 710

381 533 717 624 σπούδαστοι
750 533 854 614 γὰρ
884 533 1027 624 όντες
1053 536 1182 618 Θεῷ
1210 537 1257 596 οἱ
1286 536 1499 614 πιστοὶ,
1529 528 1634 598 ὧδε
1659 538 1978 618 ἀπολαμϐά-

2096 541 2367 614 ﬁdelibus,
2402 546 2515 603 illic
2545 547 3009 604 condemnemur.
3059 552 3196 607 Nam
3228 552 3485 624 quoniam
3513 553 3703 611 ﬁdeles

379 646 536 684 νουσι
567 623 662 692 τὰς
691 623 963 704 ἁμαρτίας
995 625 1193 685 αὐτῶν.

473 828 505 861 α
535 802 712 866 Ὥστε
729 849 748 881 ,
778 805 1000 886 ἀδελφοί
1022 830 1143 884 μου,
1166 809 1561 894 *συνερχόμενοι
1592 813 1666 882 εἷς
1687 812 1748 872 τὸ
1773 815 1982 894 φαγεῖν,

381 895 651 982 ἀλλήλους
681 896 982 974 ἐκδέχεσθε.
1021 920 1053 953 ι
1111 887 1276 966 Αὖθις
1417 887 1524 960 -τὸν
1557 902 1682 982 περὶ
1728 887 1830 962 τίῖύν
1859 887 1984 964 virs-

379 983 556 1056 νήτων
606 976 734 1058 ἧλθε
782 985 1014 1066 λόγονη
1029 985 1151 1064 μεθ’
1201 988 1230 1047 ὃ
1293 990 1530 1066 ἐμνήσθη
1579 976 1852 1051 κόλάσεων
1891 993 1982 1054 καὶ

379 1073 649 1136 θανάτων.
680 1073 796 1137 Καὶ
824 1062 923 1136 οὖκ
964 1062 1109 1134 εἶπεν
1133 1122 1150 1154 ,
1201 1062 1479 1151 Ἀλλήλοις
1509 1062 1770 1158 μετάδοτε
1791 1126 1807 1155 ,
1838 1083 1980 1158 ἀλλ’,

379 1189 406 1215 ι
438 1162 782 1244 Ἐκδέχεσθε,
805 1192 831 1217 ιι
870 1165 1120 1224 δεικνύων
1147 1164 1233 1228 ὅτι
1257 1168 1411 1228 κοινά
1440 1171 1546 1229 εἰσι
1574 1169 1643 1230 τὰ
1672 1172 1842 1232 ἐκεῖσε
1867 1174 1980 1231 εἷσ-

378 1252 685 1334 φερόμενα,
731 1253 825 1314 καὶ
875 1254 955 1314 δεῖ
1001 1255 1283 1334 ἆναμένειν
1346 1255 1444 1332 τὴν
1495 1259 1681 1333 κοινὴν
1731 1260 1978 1322 συνέλευ-

383 1365 490 1401 σιν.

467 1432 602 1523 «ᾹΕῙ
630 1429 689 1523 δέ
717 1455 814 1523 ’τις
855 1441 1054 1516 πεινᾷ,
1103 1435 1156 1495 ἐν
1208 1434 1339 1516 οἴκῳ
1389 1437 1632 1501 ἐσθιέτω.
1673 1464 1705 1498 ι)
1753 1439 1974 1523 Ἐντρε-

375 1519 562 1610 πτικὸς
589 1525 619 1581 ὃ
661 1521 816 1602 λόγος
845 1546 858 1561 ο
909 1525 982 1592 ὥς
1018 1523 1124 1603 γὰρ
1167 1527 1394 1596 παιδίοις
1440 1529 1844 1610 δυσχεραίνουσι
1889 1519 1975 1592 διὰ

375 1609 440 1670 τὸ
485 1615 710 1692 πεινῇν,
769 1613 948 1681 αὖτοῖς
995 1613 1334 1694 διαλέγεται,
1401 1617 1493 1678 καὶ
1541 1609 1974 1702 γαστριμαργίαν

376 1699 556 1758 αὖτῶν
602 1701 1016 1781 καταγινώσκει.
1086 1704 1184 1764 Διὸ
1230 1705 1321 1764 καὶ
1372 1706 1571 1788 ἐξάγων
1628 1699 1830 1780 αὖτοὺς
1862 1699 1973 1772 άπὸ

374 1790 473 1884 τῇς
501 1787 868 1884 Ἐκαλησίας,
917 1794 991 1860 εἰς
1036 1793 1134 1868 τὴν
1175 1795 1347 1856 οἰκίαν
1400 1799 1792 1880 παραπέμπει·
1840 1803 1970 1884 ὅπερ

373 1880 435 1938 οὗ
466 1879 634 1958 μικρὰ
663 1879 890 1960 αἰσχύνη
901 1927 916 1944 .

461 1991 493 2025 α
532 1967 654 2031 Ἵνα
703 1969 780 2050 μὴ
821 1974 893 2040 εἰς
943 1980 1114 2055 κρῖμα
1160 1973 1515 2056 συνέρχησθε.
1567 2002 1596 2037 n
1651 1980 1975 2056 Τουτέστιν,

497 2057 708 2137 βλάϐην
733 2063 916 2135 ὑμῶν,
956 2062 1045 2122 καὶ
1083 2065 1155 2133 εἷς
1184 2066 1521 2146 κατάκρισιν.
1553 2067 1658 2129 Διὰ
1681 2075 1840 2130 τοῦτο
1871 2072 1977 2151 γὰρ

373 2147 680 2223 ὥρίσθησαν
723 2152 777 2209 αἱ
825 2151 1192 2242 συνελεύσεις,
1240 2154 1326 2214 ἵνα
1377 2158 1668 2242 ὠφελῆσθιξ⁸
1701 2162 1752 2217 ἐν
1794 2147 1978 2242 ἆγάπῂ

373 2239 794 2318 συνερχόμενοι·
830 2243 876 2300 εἰ
927 2241 983 2301 δὲ
1029 2241 1106 2320 μὴ
1131 2288 1152 2325 ν,
1189 2247 1396 2325 βέλτιον
1438 2237 1573 2308 οἴκοι
1618 2237 1777 2311 εἶναι.
1811 2237 1982 2313 Τοῦτο

371 2326 634 2423 δὲᾳλέγει,
668 2329 902 2423 ούχᾼῖνα
953 2331 1086 2393 οἴκοι
1115 2324 1286 2410 ὦσιν,
1339 2336 1458 2394 ἀλλ’
1502 2335 1591 2397 ἵνα
1631 2343 1855 2423 μᾶλλονξ
1882 2345 1982 2402 αὖ·

369 2414 496 2485 τοὺς
521 2417 574 2458 ⁷⁷
603 2418 962 2501 ἐφελκύσηται
986 2423 1118 2506 πρὸς
1145 2424 1206 2484 τὸ
1237 2427 1589 2506 συνέρχεσθαι
1612 2433 1684 2502 ὡς
1715 2431 1814 2490 δεῖ.

464 2688 714 2780 ιιΤὰΛδὲ
756 2691 951 2768 λοιπὰ,
1000 2697 1072 2764 ὡς
1113 2695 1180 2757 ἂν
1231 2698 1403 2775 ἔλθω,
1456 2699 1799 2780 διατάξομαι.
1833 2725 1862 2763 ››
1899 2703 1981 2766 Ἦ

376 2777 505 2872 περὶ
528 2778 748 2872 Δἑτέρων
797 2786 952 2843 τινῶν
997 2784 1453 2867 ἁμαρτανομένων
1497 2794 1626 2872 παρ’
1659 2777 1836 2861 αὐτοῖς
1882 2795 1974 2854 καὶ

377 2867 644 2945 δεομένων
671 2871 932 2952 διαταγῆς
961 2873 1206 2954 λέγει,ἢ
1255 2879 1379 2961 περὶ
1425 2867 1590 2940 αὗτοῖί
1636 2883 1826 2942 τούτου
1875 2908 1976 2965 φησι

377 2955 500 3051 σὶν,
552 2956 654 3051 ότι.
681 2961 822 3030 εἰκός
868 2966 978 3023 ἐστι
1021 2965 1170 3034 τινὰς
1213 2955 1525 3047 ἀπολογίαις
1575 2955 1976 3051 χρήσασθαίά8

373 3047 508 3129 πρὸς
539 3039 750 3142 delum
782 3074 797 3090 ο
828 3053 968 3112 ἀλλὰ
997 3054 1129 3124 τέως
1179 3055 1306 3134 μὲν,
1342 3058 1376 3117 ἃ
1398 3039 1974 3142 ἐίπονᾞυλαττέσθω-

370 3160 496 3234 σαν.
537 3140 598 3199 Εἰ
629 3139 686 3198 δέ
714 3163 794 3207 τις
837 3142 1021 3234 ἔτερόν
1062 3169 1116 3234 τι
1148 3144 1258 3226 ἔχει
1286 3146 1460 3224 λέγειν
1479 3193 1498 3221 ,
1527 3139 1738 3229 τῇνέμῇ
1770 3177 1974 3234 παρου-

2097 636 2217 690 Deo
2245 635 2353 691 sint
2395 651 2565 707 cum,
2604 647 2960 710 peccatorum
3004 654 3232 697 suorum
3270 645 3577 702 mercedem
3608 646 3698 703 hic

2098 725 2397 796 accipiunt.

2167 815 2336 869 Vens.
2376 819 2468 870 33.
2515 838 2540 864 α
2587 818 2803 888 Itaque,
2850 816 3064 888 fratres,
3104 835 3234 876 cum
3277 821 3589 878 convenitis
3625 823 3696 880 ad

2092 902 2562 973 manducandum,
2607 906 2746 962 alter
2808 907 3043 965 alterum
3108 918 3435 982 exspectate.
3492 935 3517 960 ιο
3564 914 3698 968 Post

2091 1012 2379 1069 poenarum
2423 999 2725 1072 mortisque
2756 1001 3119 1072 mentionem,
3144 1019 3338 1059 rursus
3379 1005 3448 1060 ad
3477 1021 3696 1062 sermo-

2090 1103 2220 1144 nem
2257 1087 2327 1144 de
2366 1090 2695 1160 pauperibus
2736 1090 2901 1146 redit.
2949 1095 3073 1147 Non
3107 1103 3292 1149 autem
3333 1094 3509 1164 dixit,
3540 1095 3696 1151 Alter

2090 1176 2241 1232 alteri
2284 1177 2655 1248 impertimini,
2694 1179 2814 1248 sed,
2863 1199 2889 1235 ((
2941 1183 3284 1254 Exspectate,
3331 1206 3356 1231 ιο
3399 1184 3696 1241 ostendens

2088 1268 2416 1323 communia
2441 1283 2559 1324 esse
2590 1285 2714 1340 qua
2747 1270 2879 1326 illuc
2905 1271 3227 1343 alferantnr,
3258 1271 3520 1346 quodque
3544 1290 3694 1331 com-

2089 1356 2272 1412 munis
2296 1367 2599 1414 conventus
2622 1359 2692 1414 sit
2719 1361 3128 1431 exspectandus.

2159 1448 2340 1503 Vnus.
2373 1452 2462 1503 34.
2507 1471 2532 1497 α
2576 1448 2634 1503 Si
2665 1450 2788 1520 quis
2817 1461 3002 1507 autem
3036 1452 3226 1522 esurit,
3261 1453 3412 1511 domi
3449 1454 3687 1512 mandu-

2085 1541 2190 1592 cet.
2237 1558 2262 1585 ιι
2295 1537 2488 1592 Sermo
2525 1538 2629 1594 iste
2670 1538 3051 1609 pudefaciendi
3081 1541 3193 1598 vim
3250 1545 3411 1600 habet
3462 1565 3477 1601 :
3511 1545 3690 1618 loqui-

2081 1631 2176 1680 tur
2201 1626 2349 1681 enim
2376 1626 2453 1682 eis
2491 1636 2754 1700 tanquam
2789 1630 2972 1698 pueris
2999 1629 3242 1687 inediam
3273 1649 3417 1705 aegre
3449 1634 3686 1690 ferenti-

2082 1712 2205 1781 bus,
2249 1713 2607 1787 ipsorumque
2655 1717 3008 1788 gnlositatem
3049 1721 3402 1778 condemnat.
3443 1725 3588 1780 Hinc
3637 1733 3692 1780 et

2082 1817 2178 1858 eos
2205 1803 2275 1858 ab
2316 1805 2556 1860 Ecclesia
2596 1805 2856 1875 educens,
2890 1807 2944 1862 in
2969 1825 3128 1865 suam
3163 1810 3428 1884 cujusque
3457 1813 3691 1870 domum

2009 1918 2057 1981 Β
2084 1893 2342 1958 remittit,
2373 1909 2494 1964 quae
2523 1911 2634 1950 non
2663 1896 2858 1966 exigua
2884 1906 2966 1952 est
2994 1899 3309 1970 ignominia.

2162 2004 2187 2030 α
2220 1983 2298 2038 Ut
2339 1998 2450 2037 non
2484 1984 2551 2038 ad
2587 1984 2862 2054 judicium
2909 1987 3256 2044 conveniatis.
3310 2012 3335 2036 ιο
3372 1989 3437 2045 Id
3484 1997 3587 2056 est,
3619 1991 3690 2047 ad

2090 2070 2494 2127 detrimentum
2511 2082 2774 2141 vestrum,
2800 2083 2855 2129 et
2875 2076 2944 2131 ad
2969 2077 3515 2135 condemnationem.
3549 2084 3682 2135 Eam

2092 2161 2240 2216 enim
2269 2161 2340 2217 ob
2377 2178 2603 2218 causam
2632 2172 2760 2218 sunt
2788 2167 3070 2221 constituti
3105 2176 3428 2234 conventus,
3459 2178 3523 2224 ut
3549 2171 3690 2226 alter

2094 2249 2164 2305 ab
2192 2251 2365 2307 altero
2407 2262 2653 2322 Juvetur,
2691 2253 2821 2309 dum
2852 2256 2906 2310 in
2938 2256 3208 2313 charitate
3254 2274 3580 2332 congregem
3602 2260 3696 2315 ini.

2091 2339 2253 2408 Quod
2281 2341 2326 2395 si
2370 2341 2477 2397 hoc
2505 2358 2616 2397 non
2654 2343 2768 2412 ﬁat,
2811 2345 2982 2400 satius
3010 2355 3093 2402 est
3133 2355 3194 2401 ut
3222 2349 3370 2404 domi
3429 2365 3523 2404 vos
3551 2365 3687 2404 con-

2090 2431 2321 2487 tineatis.
2357 2435 2477 2488 Hoc
2517 2441 2702 2488 autem
2739 2451 2852 2490 non
2897 2434 3020 2491 ideo
3063 2437 3216 2502 dicit,
3258 2447 3318 2493 ut
3357 2439 3506 2495 domi
3551 2441 3687 2507 sint,

2089 2531 2352 2577 caeterum
2398 2529 2460 2576 ut
2500 2537 2594 2578 eos
2637 2523 2813 2595 magis
2853 2525 3096 2581 attrahat
3135 2543 3244 2598 quo
3282 2527 3429 2584 sicut
3471 2538 3688 2601 oportet

2088 2611 2436 2667 conveniant.

2165 2719 2195 2752 ‹‹
2225 2703 2432 2757 Caetera
2462 2709 2648 2757 autem
2677 2718 2805 2758 cum
2853 2720 3052 2760 venero
3080 2705 3389 2777 diSponam.
3427 2731 3452 2758 υ
3494 2709 3589 2764 Vel
3618 2709 3686 2765 de

2090 2789 2206 2846 aliis
2257 2791 2531 2846 nonnullis
2560 2791 2805 2862 ipsorum
2834 2795 3089 2865 peccatis,
3118 2811 3240 2866 qua:
3276 2813 3416 2868 opus
3445 2797 3687 2854 habeant

2085 2879 2493 2948 emendatione,
2526 2882 2609 2935 vel
2640 2881 2710 2937 de
2738 2882 2844 2937 hoc
2871 2883 2987 2954 ipso
3048 2885 3315 2955 loquitur,
3358 2888 3506 2959 quod
3544 2889 3682 2944 veri-

2084 2969 2258 3024 simile
2299 2977 2383 3024 est
2424 2969 2638 3040 aliquos
2679 2970 3049 3028 defensionem
3101 2991 3292 3044 parare
3329 2976 3592 3034 adversus
3621 2995 3685 3036 ea

2085 3074 2210 3130 quae
2235 3057 2366 3123 dixi,
2409 3075 2599 3114 verum
2628 3061 2851 3116 interim
2883 3079 3006 3135 qua:
3053 3063 3160 3119 dixi
3209 3066 3548 3123 custodiant.
3593 3069 3686 3124 Sin

2086 3148 2382 3220 quisquam
2413 3148 2560 3205 aliud
2591 3149 2896 3223 quidquam
2943 3151 3143 3208 habeat
3170 3155 3317 3226 quod
3346 3156 3479 3211 mihi
3516 3157 3678 3228 dicat,

373 3223 470 3324 σία
509 3231 678 3324 τοῦτό
714 3223 995 3310 τηρείσθω.
1057 3223 1318 3316 Ἐχςροϐεῖ
1361 3223 1417 3296 δὲ
1469 3223 1673 3309 αὐτοὺς.
1711 3223 1782 3310 ὧς
1831 3223 1971 3324 παρ-

2085 3236 2144 3292 in
2171 3253 2362 3294 meum
2410 3238 2466 3295 id
2494 3238 2793 3296 adventum
2835 3257 3006 3313 usque
3057 3253 3328 3300 servetur.
3366 3248 3561 3302 Terret
3583 3264 3684 3305 au-

375 3315 624 3414 ἐσόμενος
649 3316 737 3378 ἴνα
767 3324 1148 3385 κατασταλῶσι
1175 3315 1268 3386 καὶ
1291 3327 1707 3409 διορθώσωνται,
1738 3331 1788 3392 εἴ
1813 3357 1864 3393 τι

375 3405 557 3474 καλῶς
584 3407 775 3489 ἔχοιεν.

941 3550 1234 3615 ΚΕΦΑΔ.
1285 3550 1401 3615 ΙΒ¹.

457 3727 484 3756 ι
517 3701 654 3783 Περὶ
676 3703 732 3763 δὲ
751 3707 858 3764 τῶν
883 3712 1257 3785 πνευματικῶν
1275 3759 1290 3785 ,
1317 3711 1570 3794 ἀδελφοὶ,
1594 3717 1652 3774 οὗ
1677 3713 1814 3775 θέλω
1835 3719 1973 3794 ὑμᾶς

371 3789 601 3869 ἀγνοεῖν.
639 3821 665 3847 υ
689 3796 989 3874 Τουτέστι,
1022 3801 1128 3858 τῶν
1173 3803 1529 3881 χαρισμάτων
1559 3810 1652 3864 τοῦ
1704 3807 1967 3884 Πνεύμα-

372 3903 484 3979 τος.
505 3879 603 3979 Δ⁶Η
629 3883 683 3942 δὲ
715 3885 959 3979 ὑπόθεσις
997 3888 1129 3979 αὕτη
1159 3879 1180 3928 ’γ
1316 3894 1696 3962 πιστεύσαντες
1735 3899 1792 3955 ἐν
1825 3879 1969 3979 ἀρχῇ

370 3968 468 4028 καὶ
500 3973 924 4063 βαπτισθέντες,
941 3977 1134 4047 πάντες
1159 3980 1211 4020 79
1257 3980 1316 4040 τὸ
1347 3985 1574 4060 Πνεῦμα
1612 3968 1933 4063 ἐλάμϐανον.
1953 4009 1966 4024 ⁸

371 4059 490 4118 ἐπεὶ
521 4059 578 4152 δέ
616 4061 842 4142 ἀόρατον
889 4057 954 4140 ἧν
998 4075 1189 4142 τοῦτο,
1233 4071 1451 4152 ἔλεγχος
1483 4057 1732 4148 αἰσθητὸς
1769 4077 1970 4138 ἐδίδοτο

370 4152 472 4219 τῆς
515 4151 674 4244 αύτοῧ
721 4154 1020 4244 ἐνεργείας,
1077 4159 1169 4218 καὶ
1221 4159 1257 4231 ἢ
1303 4151 1570 4240 γλώσσαις
1622 4165 1880 4244 ἐλάλουν,
1931 4167 1966 4240 ἢ

371 4239 762 4335 ane-riuum,
910 4249 1397 4335 ἓθαυματούργουν.
1457 4253 1616 4330 Παρὰ
1673 4239 1969 4335 Κορινθίοις

369 4317 461 4424 οὖν
491 4317 578 4424 διὰ
607 4333 673 4424 τὰ
701 4317 1020 4414 χαρίσματα
1041 4317 1274 4407 ’στάσέις
1308 4331 1444 4414 ἦσαν
1465 4385 1482 4414 ,
1526 4317 1630 4401 τίῦν
1664 4368 1722 4403 τε
1753 4317 1968 4424 μείζονά

371 4417 759 4496 λαμϐανόντων
806 4426 1202 4505 ἐπαιρομένων,
1236 4428 1330 4488 καὶ
1369 4433 1476 4491 τῶν
1517 4431 1775 4493 ἐλάττονα
1799 4483 1816 4516 ,
1849 4437 1965 4495 δια-

373 4508 700 4611 φθονούγτων
752 4513 990 4583 ἐκείνοις.
1030 4515 1264 4578 Ἔπειτα
1316 4510 1454 4593 ἦσαν
1485 4522 1577 4580 καὶ
1623 4508 1836 4602 μάντείς
1888 4552 1964 4586 τι·
1992 4547 2046 4611 D

370 4594 471 4695 ιιές⁵
506 4597 598 4695 καί
640 4603 1110 4695 ψευδοπροφῆται,
1172 4607 1267 4668 καὶ
1321 4610 1590 4695 δυσχερῶς
1624 4594 1965 4695 ’διεκρίνοντο

371 4684 484 4746 ἀπὸ
513 4691 618 4747 τῶν
653 4684 1186 4777 ἐνθέων-προφητῶν.
1239 4700 1435 4760 Πάντα
1475 4692 1565 4760 οὖν
1603 4684 1775 4764 ταῦτα
1818 4707 1966 4789 διορ-

377 4780 590 4855 θοῦται,
619 4780 712 4840 καὶ
735 4785 950 4865 πρῶτον
973 4786 1034 4846 τὸ
1061 4790 1165 4846 τῶν
1204 4788 1464 4865 μάντεων.

458 4986 485 5012 σι
512 4961 713 5023 Οἴδατε
745 4963 836 5055 ,ὅτι
877 4966 966 5028 ὅτε
994 4967 1117 5044 ἔθνη
1166 4961 1298 5044 ἦτε,
1346 4971 1478 5055 πρὸς
1535 4973 1602 5033 τὰ
1651 4975 1847 5036 εἴδωλα
1899 4977 1968 5036 τὰ

369 5047 560 5144 ᾆφωνα
615 5055 688 5122 ὥς
724 5053 795 5144 ,ἂν
847 5055 1074 5136 ἤγεσθε,
1123 5047 1474 5139 ἀπαγόμενοι.
1505 5084 1536 5122 υ
1595 5067 1830 5144 Σημεῖον
1885 5067 1968 5126 δί-

369 5139 503 5198 δωσι
531 5145 622 5202 τοῦ
655 5143 894 5219 μάντεως
935 5146 1027 5207 καὶ
1054 5155 1148 5209 τοῦ
1181 5150 1454 5232 προφήτου
1487 5175 1502 5191 ο
1532 5155 1627 5213 καί
1655 5139 1809 5236 φησιν
1841 5203 1855 5232 ,
1887 5155 1967 5217 ὅτι

369 5229 424 5287 ἓν
454 5229 562 5325 τοῖς
585 5232 824 5302 εἰδώλοις
871 5233 923 5295 εἴ
959 5261 1038 5307 τις
1077 5229 1426 5318 ἐμαντεύετο,
1469 5229 1967 5325 κατασὶεθεὶςῖπὸ

370 5317 673 5397 πνεύματος
721 5325 1059 5405 ἀκαθάρτου,
1114 5334 1186 5398 ὡς
1238 5330 1300 5390 ἂν
1365 5333 1734 5412 ἀπαγόμενος,
1799 5336 1965 5404 οὕτως

367 5407 573 5502 εἵλκετο
600 5411 719 5502 ’ὕπὸ
760 5419 854 5475 τοῦ
907 5417 1210 5493 πνεύματος
1261 5407 1560 5500 δεδεμένος,
1610 5426 1758 5484 οὐδὲν
1813 5430 1964 5502 εἰδὼς

367 5488 443 5559 ὧν
474 5497 530 5536 ⁸ο
577 5498 792 5584 ἔλεγεν,
841 5505 962 5566 ἀλλ’
1013 5488 1310 5585 ἐξεστηκὼς
1348 5488 1441 5573 atad.
1487 5488 1738 5593 μέμηνώς
1770 5538 1783 5553 ’
1844 5525 1873 5580 ὁ

2085 3334 2198 3382 tem
2218 3342 2313 3383 eos
2341 3336 2610 3399 tanquam
2638 3329 2948 3398 adfuturus,
2977 3340 3038 3388 ut
3065 3333 3272 3390 interea
3303 3337 3566 3407 temporis
3593 3337 3686 3394 de-

2084 3415 2310 3472 mittant
2355 3417 2583 3489 cristas,
2627 3427 2684 3474 et
2730 3421 3040 3493 corrigant,
3084 3423 3133 3478 si
3185 3423 3319 3496 quid
3383 3441 3497 3482 non
3540 3428 3680 3484 bene

2086 3504 2347 3562 habeant.

2688 3598 2929 3656 CAPUT
2976 3603 3110 3656 X11.

2153 3752 2330 3810 Vens.
2367 3759 2413 3809 l.
2445 3775 2470 3802 α
2501 3755 2585 3809 De
2610 3753 2979 3826 spiritualibus
3012 3765 3198 3813 autem
3224 3759 3353 3815 nolo
3393 3777 3488 3818 vos
3516 3762 3676 3834 igno-

2081 3855 2224 3909 rare,
2255 3841 2474 3898 fratres.
2517 3866 2543 3893 ι
2585 3845 2706 3899 Hoc
2752 3853 2855 3911 est,
2895 3844 2963 3902 de
3002 3846 3160 3902 donis
3198 3849 3450 3918 Spiritus.
3497 3856 3679 3925 Argu-

2080 3938 2331 3985 mentum
2361 3939 2547 3986 autem
2575 3941 2660 3988 est
2679 3933 2998 4005 hujusmodi
3030 3955 3042 3991 :
3073 3939 3283 3994 Omnes
3305 3941 3401 4011 qui
3426 3940 3483 3995 in
3521 3943 3677 4014 prin-

2080 4019 2224 4090 cipio
2263 4019 2611 4076 crediderant
2650 4030 2704 4077 et
2745 4023 3009 4094 baptizati
3057 4036 3234 4094 erant,
3277 4029 3539 4100 Spiritum
3586 4048 3677 4088 ac-

2079 4107 2378 4180 cipiebant.
2434 4111 2570 4179 Quia
2617 4127 2745 4168 vero
2792 4113 2840 4169 is
2895 4114 3183 4171 invisibilis
3231 4127 3372 4186 erat,
3429 4121 3682 4178 sensibile

2077 4197 2299 4270 signum
2341 4197 2573 4256 dabatur
2611 4203 2944 4274 operationis
2994 4205 3188 4276 ipsius,
3231 4216 3400 4281 atque
3443 4220 3540 4267 aut
3579 4211 3678 4267 lin-

2077 4287 2200 4359 guis
2237 4288 2620 4360 loquebantur,
2667 4299 2762 4347 aut
2809 4294 3235 4365 prophetabant,
3282 4309 3376 4355 aut
3414 4301 3680 4358 miracula

2076 4376 2330 4433 edebant.
2376 4378 2544 4450 Apud
2586 4381 2903 4438 Corinthios
2933 4383 3125 4456 itaque
3154 4385 3548 4445 charismatum
3577 4408 3681 4448 no-

2075 4466 2224 4522 mine
2261 4466 2552 4524 seditiones
2589 4479 2795 4526 exortzc
2836 4482 3010 4541 erant,
3053 4473 3192 4530 adeo
3234 4485 3296 4531 ut
3336 4479 3425 4548 qui
3469 4480 3678 4552 majora

2077 4553 2220 4611 dona
2255 4567 2604 4629 acceperant,
2648 4559 2976 4617 efferrentur
3007 4580 3020 4617 :
3061 4563 3152 4634 qui
3201 4581 3327 4620 vero
3360 4567 3576 4625 minora
3606 4571 3677 4626 il-

2074 4643 2138 4699 lis
2181 4644 2501 4702 inviderent.
2544 4649 2800 4720 Insuper,
2833 4660 2981 4706 vates
3007 4652 3218 4723 aliquot
3251 4661 3306 4707 et
3337 4656 3677 4728 pseudOpro-

2079 4733 2259 4805 phetw
2310 4735 2553 4805 fuerunt,
2607 4738 2699 4809 qui
2742 4738 3035 4796 difﬁculter
3081 4757 3110 4797 a
3157 4741 3348 4798 divinis
3395 4746 3678 4817 prophetis

2086 4821 2250 4894 194
2268 4821 2733 4882 discernebantur.
2755 4829 2964 4884 Cuncta
2991 4829 3153 4901 igitur
3177 4831 3294 4889 haec
3317 4833 3371 4888 in
3393 4835 3677 4893 meliorem

2077 4919 2284 4967 statum
2321 4921 2560 4984 revocat,
2598 4931 2662 4970 ac
2699 4915 2939 4986 primum
2968 4919 3114 4990 quod
3147 4919 3218 4976 ad
3258 4930 3405 4978 vates
3443 4926 3670 4982 attinet.

2148 5001 2332 5057 Vens.
2375 5007 2429 5056 2.
2471 5024 2496 5051 α
2530 5003 2714 5059 Nostis
2736 5006 2887 5077 quod
2926 5009 3144 5080 quando
3174 5019 3364 5082 gentes
3387 5015 3578 5082 eratis,
3609 5013 3675 5070 ad

2076 5089 2245 5159 idola,
2274 5091 2746 5163 quemadmodum
2789 5095 3155 5164 ducebamini,
3194 5101 3411 5156 abducti
3459 5103 3600 5159 sitis.
3649 5128 3673 5152 ι»

2077 5179 2307 5248 Signum
2345 5180 2441 5237 dat
2474 5182 2609 5238 vatis
2649 5192 2705 5239 et
2740 5185 3019 5256 prOphetze
3062 5205 3076 5243 :
3107 5188 3188 5256 Si,
3231 5189 3500 5260 inquiens,
3529 5193 3675 5264 apud

2076 5269 2227 5326 idola
2273 5271 2464 5343 aliquis
2498 5273 2907 5341 vaticinaretur,
2947 5291 2975 5330 a
3009 5276 3206 5346 spiritu
3248 5278 3538 5336 immundo
3575 5282 3672 5339 de-

2075 5367 2259 5414 tentus
2286 5376 2387 5415 ceu
2429 5370 2614 5433 raptus
2643 5371 2700 5418 et
2739 5362 3030 5432 abductus,
3059 5365 3137 5420 sic
3167 5367 3479 5436 rapiebatur
3508 5386 3538 5426 a
3569 5373 3675 5444 spi-

2074 5449 2180 5505 ritu
2226 5447 2449 5522 ligatus,
2490 5451 2623 5507 nihil
2676 5453 2854 5508 sciens
2898 5467 3090 5510 eorum
3137 5473 3261 5530 quae
3301 5455 3529 5527 diceret,
3577 5463 3674 5520 sed

2072 5538 2234 5610 plane
2290 5548 2443 5597 extra
2503 5555 2563 5597 se
2602 5541 2936 5601 constitutus
2981 5551 3037 5602 et
3075 5545 3298 5604 insanus
3346 5565 3359 5603 :
3405 5549 3676 5623 propheta

1754 5623 1952 5686 Variae
2010 5628 2310 5694 lectiones.

443 5687 486 5723 ⁷⁷
518 5689 662 5756 adi-:1);
683 5708 737 5751 0'
813 5694 858 5730 ’⁷⁸
883 5697 1099 5768 χρᾶσθαι
1124 5715 1180 5758 o.
1255 5698 1302 5736 7’
1326 5704 1525 5769 πάντως
1548 5723 1603 5765 o.
1682 5708 1727 5744 ⁸ο
1759 5712 1788 5764 ὅ
1815 5729 1867 5771 0.
