4110 6404
477 424 574 476 7H

1483 413 2002 471 THEOPHYLACTI
2037 413 2396 469 BULGAHUE
2434 413 2752 469 ARCHIEP.

3677 419 3783 472 712

477 551 663 600 autem
703 557 818 599 non
859 541 964 609 sic;
1004 556 1196 598 verum
1218 539 1264 596 is
1308 546 1492 596 mente
1534 539 1719 596 sobria
1755 546 1953 595 cuncta
1998 537 2057 593 lo

2186 539 2461 618 προφήτης
2488 541 2589 618 οὔχ
2635 537 2832 611 οὕτως,
2880 537 3019 597 ἀλλὰ
3071 536 3208 616 μετὰ
3255 539 3488 606 διανοίας
3515 539 3784 622 νηφούσης

475 633 680 705 quitur.
711 635 836 689 Hoc
866 631 1034 703 igitur
1062 637 1144 685 est
1174 629 1410 701 primum
1439 629 1660 702 signum
1690 629 1834 685 vatis
1863 627 2072 684 daemo-

475 722 638 790 niaci,
664 729 721 778 et
747 722 1030 793 pr0phetze
1057 720 1242 776 divini.

550 815 728 868 Vens.
763 816 814 866 3.
841 810 973 866 Ideo
1004 818 1202 865 notum
1241 808 1395 864 vobis
1427 806 1591 876 facio,
1624 807 1774 880 quod
1812 821 1976 863 nemo
2015 805 2074 861 in

475 901 681 973 Spiritu
701 901 803 956 Dei
821 901 1069 972 loquens,
1085 898 1218 954 dicit
1241 897 1531 954 anathema
1558 900 1753 953 Jesum
1778 914 1792 952 :
1824 903 1882 953 et
1907 909 2072 952 nemo

476 997 658 1062 potest
717 989 899 1046 dicere
965 989 1266 1044 Dominum
1331 991 1542 1053 Jesum,
1593 987 1698 1042 nisi
1760 986 1818 1041 in
1867 985 2072 1057 Spiritu

473 1087 682 1136 sancto.
719 1101 746 1127 ι
794 1079 982 1135 Etiam
1023 1077 1130 1134 hoc
1167 1077 1264 1133 tibi
1301 1078 1517 1148 signum
1557 1077 1630 1132 sit
1676 1075 1834 1143 vatis,
1873 1090 2074 1146 nempe

473 1168 764 1237 exsecrari,
817 1167 1214 1239 blasphemare,
1245 1167 1610 1238 conviciisque
1665 1165 1936 1221 incessere
1981 1166 2070 1220 Je-

471 1273 634 1315 sum:
669 1256 952 1329 propheta:
993 1273 1140 1324 vero,
1189 1256 1333 1312 haud
1367 1257 1498 1312 citra
1541 1255 1878 1328 praeconium
1913 1254 2070 1309 nomi

470 1363 601 1404 nare
623 1348 852 1404 Domini
913 1362 1137 1403 nomen.
1182 1345 1327 1416 Quid
1367 1346 1530 1416 igitur
1565 1343 1945 1400 catechumeni
1994 1341 2071 1399 fa-

470 1437 659 1494 ciunt?
701 1436 996 1508 Quomodo
1039 1437 1131 1492 isti
1193 1435 1446 1490 nondum
1498 1435 1762 1490 habentes
1802 1433 2070 1504 Spiritum

470 1527 1038 1594 sanctum,nominant
1059 1527 1297 1581 Jesum?
1335 1527 1538 1580 Verum
1563 1524 1635 1580 de
1675 1523 1756 1578 his
1781 1538 1928 1578 nunc
1953 1538 2069 1577 non

468 1625 552 1672 est
575 1632 779 1683 sermo,
806 1625 1069 1672 caeterum
1097 1614 1168 1670 de
1205 1613 1460 1669 ﬁdelibus
1487 1621 1542 1668 et
1564 1612 1894 1668 inﬁdelibus.
1919 1610 2067 1685 Quid

465 1721 594 1762 vero
614 1705 938 1762 daemones?
961 1707 1156 1761 Nonne
1186 1719 1388 1759 nomen
1417 1702 1641 1758 Domini
1666 1702 2067 1758 nominabant?

463 1796 618 1862 Imo;
645 1795 738 1850 sed
763 1794 949 1867 ﬂagris
985 1794 1111 1851 caesi
1151 1802 1206 1849 et
1250 1792 1426 1848 coacti
1466 1800 1662 1863 suapte
1692 1807 1822 1848 vero
1869 1800 2067 1864 sponte

463 1891 521 1939 et
546 1883 649 1939 nisi
678 1885 1021 1955 vapulantes,
1046 1897 1354 1954 nunquam.

533 1975 712 2030 Van.
740 1981 795 2031 4.
824 1995 850 2022 α
883 1972 1198 2034 Divisiones
1219 1980 1407 2026 autem
1431 1970 1708 2027 donorum
1731 1978 1882 2036 sunt,
1913 1969 2064 2026 idem

461 2079 590 2120 vero
635 2063 890 2135 Spiritus.
949 2085 974 2112 υ
1027 2064 1166 2117 Cum
1212 2061 1515 2118 discrimen
1563 2061 1713 2116 inter
1759 2075 1956 2116 verum
2011 2067 2066 2115 et

456 2151 662 2210 falsum
692 2152 1020 2224 prophetam
1063 2150 1385 2217 indicasset,
1425 2151 1594 2205 etiam
1633 2150 1702 2205 de
1739 2148 1903 2206 donis
1942 2148 2064 2220 Spi-

459 2243 598 2298 ritus
621 2242 864 2308 disserit,
895 2249 956 2298 ut
979 2255 1076 2296 eos
1100 2241 1270 2296 etiam
1294 2239 1559 2311 corrigat,
1590 2239 1682 2311 qui
1721 2238 1778 2294 in
1810 2238 1927 2294 istis
1949 2238 2058 2294 dis-

458 2331 763 2388 sident.Ac
791 2331 1030 2402 primum
1068 2344 1197 2386 eum
1241 2338 1418 2398 curat,
1465 2329 1561 2401 qui
1613 2327 1800 2383 minus
1846 2327 2059 2383 donum

457 2421 682 2492 accepit,
715 2435 781 2476 ac
825 2429 1112 2492 propterea
1156 2427 1371 2476 moeret.
1421 2420 1532 2475 Cur
1572 2418 1718 2474 enim
1764 2417 1938 2484 doles,
1966 2418 2059 2473 in-

455 2512 594 2584 quit,
623 2509 773 2583 quod
801 2525 914 2566 non
957 2518 1174 2566 tantum
1219 2509 1473 2580 accepisti
1509 2516 1675 2580 atque
1720 2506 1895 2563 alius?
1933 2510 2058 2564 Non

455 2600 607 2657 enim
637 2600 884 2656 debitum
915 2607 1020 2668 est,
1053 2599 1151 2655 sed
1187 2598 1458 2654 charisma
1509 2605 1566 2653 et
1593 2597 1822 2654 donum.
1867 2599 2058 2668 Itaque

455 2690 659 2762 gratias
687 2705 809 2762 age,
854 2688 1001 2761 quod
1041 2687 1176 2743 nihil
1217 2688 1315 2744 tibi
1359 2691 1505 2744 Deus
1545 2703 1678 2743 cum
1709 2686 1931 2755 debeat,
1964 2685 2066 2741 ali-

453 2778 582 2850 quid
606 2794 737 2834 sane
756 2778 1007 2834 dederit:
1052 2778 1167 2834 imo
1210 2793 1338 2834 vero
1389 2777 1536 2832 idem
1583 2785 1686 2844 est,
1731 2776 1828 2848 qui
1868 2784 1926 2831 et
1965 2775 2062 2832 tibi

454 2876 511 2924 et
539 2868 613 2923 illi
640 2868 872 2940 largitus
909 2875 993 2924 est
1024 2870 1190 2923 Deus.
1231 2870 1354 2923 Non
1385 2867 1537 2923 enim
1585 2866 1684 2922 tibi
1712 2865 1935 2938 angelus
1964 2865 2055 2922 de-

2183 630 2360 686 πάντα
2431 627 2714 708 φθέγγεται
2763 648 2778 663 ο
2829 626 2969 689 ὥστε
3053 633 3212 687 τοῦτο
3284 631 3498 709 πρῶτον
3553 635 3778 708 σημεῖον

2184 717 2423 793 μάντεως
2455 716 2834 794 δαιμονιώδους
2863 717 2956 777 καὶ
2981 717 3259 799 προφήτου
3289 717 3454 778 θείου.

2269 828 2300 864 α
2349 804 2444 867 Διὸ
2492 806 2731 886 γνωρίζω
2759 810 2929 885 ὑμῖν,
2974 806 3054 866 ὅτι
3107 807 3274 873 οὐδεὶς
3323 805 3604 884 Πνεύματι
3635 810 3780 869 Θεοῦ

2179 895 2392 967 λαλῶν,
2428 895 2572 974 λέγει
2625 897 2863 972 ἀνάθεμα
2893 895 3098 968 Ἰησοῦν
3128 919 3142 932 ο
3196 894 3289 955 καὶ
3340 896 3508 963 οὐδεὶς
3553 897 3780 957 δύναται

2179 987 2342 1043 εἰπεῖν
2376 983 2573 1063 Κύριον
2624 985 2869 1059 Ἰησοῦν,
2926 989 2972 1046 εἰ
3029 984 3104 1062 μὴ
3136 989 3190 1046 ἐν
3223 986 3504 1064 Πνεύματι
3553 987 3708 1068 ἁγίῳ.
3740 1010 3772 1046 ιι

2184 1074 2293 1134 Καὶ
2343 1079 2523 1143 τοῦτο,
2566 1077 2735 1156 φησὶ,
2783 1075 3004 1150 σημεῖον
3063 1079 3202 1133 ἔστω
3250 1098 3335 1135 σοι
3383 1075 3658 1154 μάντεως,
3715 1078 3779 1138 τὸ

2181 1162 2594 1239 ἀναθεματίζειν
2621 1211 2636 1236 ,
2671 1163 2790 1236 ἤτοι
2833 1165 3171 1244 βλασφημεῖν
3215 1165 3309 1224 καὶ
3351 1167 3661 1244 κακολογεῖν
3689 1166 3780 1226 τὸν

2178 1251 2390 1326 Ἰησοῦν
2421 1275 2436 1290 ο
2467 1253 2558 1312 καὶ
2588 1245 2688 1326 αὖ,
2717 1252 2992 1334 προφήτου
3012 1253 3120 1336 ,ᾼᾲτὸ
3149 1253 3423 1331 ὀνομάζειν
3455 1256 3702 1336 εὐφήμως
3725 1255 3774 1293 ⁸⁸

2177 1343 2236 1401 τὸ
2265 1347 2358 1402 τοῦ
2397 1340 2601 1422 Κυρίου
2652 1342 2843 1420 ὄνομα.
2878 1343 2952 1403 Τί
2992 1334 3081 1402 οὖν
3111 1345 3159 1403 οἱ
3187 1334 3619 1424 κατηχούμενος
3663 1352 3780 1415 πῶς

2177 1432 2252 1507 μὴ
2303 1433 2507 1512 ἔχοντες
2562 1431 2710 1491 οὔπω
2785 1435 3004 1509 Πνεῦμα
3073 1432 3254 1510 ἅγιον,
3310 1433 3628 1508 ὀνομάζουσι
3686 1436 3778 1494 τὸν

2176 1521 2413 1599 Ἰησοῦνς
2447 1523 2586 1582 Ἀλλ’
2623 1523 2682 1581 οὖ
2727 1522 2849 1602 περὶ
2897 1521 3099 1582 τούτων
3147 1527 3236 1580 νῦν
3268 1525 3296 1580 6
3341 1522 3494 1600 λόγος
3515 1569 3532 1600 ,
3566 1523 3691 1604 περὶ
3723 1525 3778 1565 ⁸³

2176 1612 2231 1671 δὲ
2268 1615 2472 1670 πιστῶν
2518 1611 2609 1670 καὶ
2641 1610 2902 1672 ἀπίστων.
2933 1613 3006 1672 Τί
3048 1611 3102 1670 δὲ
3135 1613 3183 1670 οἱ
3213 1610 3483 1686 δαίμονες;
3514 1614 3610 1671 οὐκ
3638 1615 3776 1673 ὠνό-

2175 1703 2340 1778 μαζον
2403 1701 2462 1760 τὸ
2514 1699 2682 1778 ὄνομα
2731 1706 2824 1760 τοῦ
2876 1699 3115 1779 Κυρίου;
3170 1701 3332 1762 Ἀλλὰ
3397 1703 3776 1780 μαστιζόμενοι

2174 1789 2267 1850 καὶ
2313 1791 2736 1867 ἀναγκαζόμενοι
2768 1813 2781 1826 ·
2824 1791 3032 1859 ἑκόντες
3088 1790 3145 1850 δὲ
3198 1790 3290 1851 καὶ
3343 1793 3418 1869 μὴ
3480 1793 3773 1869 μαστιγού-

2089 1871 2138 1933 Β
2176 1903 2321 1957 μενοι
2352 1881 2603 1956 μηδαμοῦ
2630 1880 2707 1941 ⁸³.

2263 1990 2291 2026 (ι
2340 1969 2636 2049 Διαιρέσεις
2687 1969 2742 2028 δὲ
2788 1969 3148 2050 χαρισμάτων
3214 1971 3351 2043 εἰσὶ,
3411 1972 3490 2032 τὸ-
3535 1971 3589 2032 δὲ
3645 1973 3776 2033 αὐτὸ

2173 2060 2418 2136 Πνεῦμα.
2452 2086 2477 2111 ιο
2516 2059 2673 2118 Μετὰ
2705 2058 2764 2117 τὸ
2797 2059 2962 2127 δεῖξαι
2997 2060 3048 2099 ⁸⁵
3092 2059 3190 2131 τὴν
3221 2060 3481 2141 διαφορὰν
3512 2070 3604 2122 τοῦ
3638 2086 3774 2144 προ-

2174 2148 2340 2228 φήτου
2384 2151 2594 2209 καὶτοῦ
2625 2150 3066 2230 ψευδοπροφήτου
3088 2195 3104 2224 ,
3152 2151 3244 2209 καὶ
3274 2150 3398 2230 περὶ
3448 2155 3552 2211 τῶν
3605 2176 3770 2234 χαρι-

2169 2239 2388 2316 σμάτων
2419 2239 2470 2277 ⁸⁵
2501 2240 2664 2319 φησὶν
2689 2284 2705 2310 ,
2751 2237 2840 2298 ἵνα
2871 2239 2963 2297 καὶ
2995 2239 3114 2306 τοὺς
3147 2242 3198 2298 ἐν
3245 2239 3448 2307 τούτοις
3495 2243 3776 2304 διστασιάο

2168 2332 2350 2397 ζοντας
2395 2328 2772 2408 διορθώσηται.
2829 2328 2936 2388 Καὶ
2985 2333 3198 2410 πρῶτον
3253 2329 3530 2407 θεραπεύει
3571 2331 3660 2390 τὸν
3714 2332 3776 2393 τὸ

2167 2417 2382 2476 ἔλαττον
2425 2418 2670 2497 χάρισμα
2725 2416 2995 2492 λαϐόντα,
3039 2419 3132 2477 καὶ
3163 2418 3249 2478 διὰ
3278 2424 3434 2479 τοῦτο
3469 2423 3770 2500 ἀλγοῦντα.

2167 2506 2320 2574 Τίνος
2349 2506 2452 2587 γὰρ
2495 2507 2670 2566 ἕνεκεν
2702 2509 2902 2585 ἀλγεῖς,
2941 2506 3021 2565 ὅτι
3052 2510 3148 2567 οὐκ
3176 2507 3366 2576 ἔλαϐες
3396 2507 3518 2568 ὅσον
3559 2509 3769 2591 ἕτερος

2179 2595 2272 2666 Μὴ
2306 2596 2409 2676 γὰρ
2460 2596 2646 2678 ὀφειλή
2704 2601 2879 2670 ἐστιν,
2937 2597 3078 2656 ἀλλὰ
3130 2598 3372 2678 χάρισμα
3429 2598 3520 2658 καὶ
3575 2601 3767 2680 δωρεά.

2174 2683 2345 2745 Ὥστε
2395 2686 2733 2766 εὐχαρίστει,
2798 2684 2880 2746 ὅτι
2923 2687 3072 2746 οὐδέν
3105 2709 3187 2746 σοι
3238 2688 3462 2768 ὀφείλων
3513 2692 3540 2748 6
3595 2689 3769 2768 Θεὸς,

2175 2776 2310 2842 ὅλως
2331 2775 2384 2814 ⁸⁸
2415 2776 2614 2836 δέδωκέ
2643 2800 2693 2835 τι
2719 2800 2732 2813 ·
2789 2775 2928 2836 ἀλλὰ
2964 2777 3055 2836 καὶ
3087 2781 3114 2836 6
3146 2777 3301 2843 αὐτός
3346 2779 3458 2836 ἐστι
3488 2777 3652 2858 δοτὴρ
3681 2780 3772 2838 καὶ

2177 2865 2258 2924 σοὶ
2289 2865 2517 2944 κάκείνῳ
2549 2869 2576 2923 6
2604 2864 2763 2932 Θεός.
2817 2867 2899 2926 Οὗ
2933 2865 3036 2945 γὰρ
3077 2865 3162 2926 σοὶ
3202 2865 3300 2941 μὲν
3349 2866 3568 2945 ἄγγελος
3603 2869 3768 2928 δέδω-

454 2955 553 3021 dit,
590 2955 668 3012 illi
708 2928 837 3012 vvero
876 2960 1026 3012 Deus
1064 2973 1078 3009 :
1123 2971 1314 3012 verum
1351 2955 1498 3011 idem
1529 2955 1745 3026 utrique
1784 2928 2050 3026 Spiritus.

2171 2978 2259 3013 κεν
2287 3002 2303 3031 ,
2339 2928 2522 3036 ἐκείνω
2561 2954 2616 3014 δὲ
2648 2958 2676 3013 6
2695 2928 2832 3023 Θεός
2858 2974 2872 2989 ⁶
2917 2928 3057 3016 ἀλλὰ
3089 2955 3152 3014 τὸ
3179 2928 3307 3014 αὐτὸ
3338 2928 3568 3034 Πνεῦμα,
3591 2960 3764 3040 ἀμφοο

525 3139 703 3194 Vnus.
723 3139 778 3191 5.
813 3159 837 3185 σι
863 3140 946 3192 Ac
972 3134 1270 3191 divisiones
1291 3133 1764 3190 ministrationum
1788 3141 1934 3199 sunt,
1957 3132 2056 3190 sed

453 3225 602 3282 idem
636 3225 928 3282 Dominus.
968 3246 992 3270 »
1024 3223 1281 3282 Meminit
1304 3231 1357 3278 et
1387 3223 1528 3291 Filii,
1559 3231 1822 3295 tanquam
1848 3222 2057 3280 datoris

455 3318 752 3372 bonorum.
779 3318 1079 3372 Dolentem
1119 3330 1284 3387 porro
1315 3313 1514 3387 majori
1561 3313 1936 3370 consolatione
1966 3329 2053 3370 re-

451 3407 658 3474 ﬁciens,
693 3428 719 3454 ιι
767 3404 1251 3472 Ministrationum,
1284 3423 1311 3456 ι)
1342 3404 1499 3460 dixit.
1538 3403 1642 3475 Qui
1686 3403 1833 3459 enim
1873 3403 2054 3459 chari-

451 3496 643 3552 smatis
688 3495 1019 3551 vocabulum
1061 3493 1362 3559 audiverat,
1407 3501 1463 3548 et
1508 3493 1695 3548 minus
1743 3501 2049 3565 acceperat,

451 3585 684 3643 fortasse
707 3585 831 3658 angi
862 3593 1030 3656 queat
1059 3584 1268 3653 animo,
1296 3600 1396 3640 ceu
1444 3583 1589 3638 circa
1617 3583 1827 3640 donum
1859 3584 2052 3639 immi-

451 3683 620 3731 nutus
664 3693 679 3731 :
717 3675 811 3747 qui
849 3690 980 3730 vero
1026 3673 1316 3729 ministerii
1361 3688 1555 3729 vocem
1601 3673 1891 3739 audiverit,
1938 3688 2052 3729 non

449 3765 528 3822 ita
556 3785 568 3822 :
594 3764 802 3821 laboris
837 3764 990 3821 enim
1015 3771 1070 3819 et
1093 3761 1313 3819 sudoris
1338 3762 1442 3817 hoc
1473 3771 1561 3818 est
1581 3762 1866 3818 indicium.
1900 3762 2048 3832 Quid

449 3854 600 3911 enim
643 3854 815 3922 doles,
851 3853 896 3910 si
932 3853 1100 3909 alium
1141 3853 1262 3924 plus
1289 3867 1453 3925 quam
1491 3860 1546 3908 te
1581 3851 1835 3909 laborare
1864 3851 2047 3926 jussit,

451 3959 679 4018 parcens
707 3943 956 4000 videlicet
987 3943 1122 3998 tibi?

522 4037 703 4090 Vsus.
740 4039 795 4088 6.
849 4056 874 4081 ει
920 4032 1234 4088 Divisiones
1279 4031 1442 4087 etiam
1486 4031 1867 4103 operationum
1898 4036 2047 4100 sunt,

449 4122 598 4179 idem
623 4139 750 4178 vero
795 4126 946 4178 Deus
975 4121 1066 4192 qui
1096 4129 1354 4193 Operatur
1401 4121 1585 4176 omnia
1618 4120 1675 4176 in
1704 4121 1979 4177 omnibus.
2017 4143 2046 4170 ιι

451 4212 628 4268 Patris
674 4211 763 4267 hic
792 4211 1134 4267 mentionem
1171 4209 1322 4278 facit,
1364 4210 1455 4281 qui
1495 4219 1754 4282 operatur
1777 4210 1962 4266 omnia
1991 4211 2048 4264 in

2169 3067 2354 3124 τεροις.

2258 3158 2287 3193 (ι
2343 3134 2451 3195 Καὶ
2512 3135 2796 3215 διαιρέσεις
2861 3137 3138 3195 διακονιῶν
3211 3137 3372 3210 εἰσιν,
3423 3141 3452 3197 6
3507 3136 3561 3196 δὲ
3615 3137 3771 3206 αὐτὸς

2168 3221 2386 3304 Κύριος.
2442 3251 2465 3277 ››
2505 3225 2796 3299 Μέμνηται
2840 3224 2931 3284 καὶ
2976 3229 3068 3284 τοῦ
3109 3227 3274 3298 Υἶοῦ,
3300 3230 3372 3292 ὼς
3415 3227 3633 3305 δοτῆρος
3660 3229 3767 3286 τῶν

2167 3316 2400 3391 ἀγαθῶν.
2458 3313 2953 3393 Παραμυθούμενος
3007 3313 3062 3372 δὲ
3119 3313 3282 3372 πλέον
3331 3314 3421 3374 τὸν
3465 3316 3764 3393 ἀλγοῦντα,

2175 3423 2203 3459 ι(
2232 3407 2528 3463 Διακονιῶν
2549 3446 2567 3474 ,
2599 3427 2631 3459 κ
2661 3394 2826 3463 εἶπεν.
2869 3403 2938 3464 Ὁ
2965 3403 3059 3480 μὲν
3098 3402 3202 3480 γὰρ
3231 3403 3479 3483 χάρισμα
3509 3403 3764 3484 ἀκούσας,

2165 3493 2257 3552 καὶ
2291 3493 2508 3552 ἔλαττον
2548 3492 2767 3570 λαϐὼν,
2802 3492 2928 3559 ἴσως
2978 3492 3043 3552 ἂν
3097 3494 3375 3572 ἀλγήσειεν
3413 3498 3484 3562 ὥς
3535 3496 3768 3554 ἐλαττω-

2164 3581 2268 3649 θεὶς
2298 3582 2420 3663 περὶ
2469 3581 2563 3653 τὴν
2597 3582 2800 3663 δωρεάν
2834 3605 2848 3619 ο
2881 3585 2909 3640 6
2957 3583 3012 3641 δὲ
3061 3581 3364 3657 διακονίαν,
3399 3585 3497 3665 οὐχ
3525 3583 3718 3660 ὁμοίως
3751 3607 3765 3622 ο

2164 3673 2325 3732 πόνου
2381 3670 2485 3751 γὰρ
2539 3671 2633 3731 καὶ
2679 3674 2901 3753 ἱδρῶτος
2950 3669 3268 3732 ἐνδεικτικὸν
3334 3679 3506 3735 τοῦτο.
3553 3676 3626 3735 Τί
3661 3675 3764 3754 γὰρ

2163 3761 2371 3840 ἀλγεῖς,
2418 3763 2465 3820 εἰ
2494 3759 2672 3842 ἔτερον
2713 3760 2936 3821 πλείονα
2980 3765 3215 3833 πονῆσαι
3244 3759 3297 3812 ⁸7
3336 3761 3580 3823 ἐκέλευσε
3600 3807 3618 3836 ,
3665 3767 3764 3822 σοῦ

2161 3851 2475 3930 φεισάμενος
2493 3874 2510 3927 ;

2248 4050 2278 4086 α
2328 4026 2437 4089 Καὶ
2489 4027 2771 4108 διαιρέσεις
2819 4027 3192 4110 ἐνεργημάτων
3237 4029 3404 4102 εἰσὶν,
3439 4033 3467 4090 6
3497 4029 3554 4090 δὲ
3598 4030 3759 4098 αὐτὸς

2159 4116 2296 4183 Θεὸς
2322 4121 2350 4176 6
2382 4118 2608 4197 ἐνεργῶν
2642 4119 2710 4177 τὰ
2757 4117 2934 4177 πάντα
2965 4121 3017 4178 ἐν
3061 4129 3248 4181 πᾶσιν.
3299 4141 3330 4178 α
3368 4118 3636 4180 Ἐνταῦθα
3670 4121 3763 4180 καὶ

2157 4211 2248 4265 τοῦ
2299 4207 2513 4286 Πατρὸς
2549 4207 2823 4284 ἐμνήσθη,
2870 4207 2926 4275 ὃς
2969 4210 3172 4288 ἐνεργεῖ
3220 4207 3289 4268 τὰ
3336 4208 3672 4287 ἐνεργήματα
3705 4211 3760 4268 ἐν

452 4300 711 4358 omnibus
762 4299 1033 4356 ﬁdelibus.
1093 4301 1170 4356 En
1217 4299 1305 4356 hic
1349 4300 1680 4356 Trinitatem
1726 4299 2044 4372 perfectam.

2168 4307 2297 4356 πᾶσι
2352 4303 2460 4362 τοῖς
2504 4305 2730 4364 πιστοῖς.
2783 4297 2892 4356 Καὶ
2941 4297 3052 4355 ἰδού
3107 4321 3192 4357 σοι
3246 4301 3280 4369 ἡ
3329 4297 3498 4376 Τριὰς
3529 4301 3762 4378 ἀπηρτι-

450 4394 676 4446 Donum
705 4397 910 4459 autem,
953 4397 1011 4444 et
1046 4389 1310 4461 operatio,
1353 4398 1409 4446 et
1447 4389 1838 4456 ministerium,
1887 4389 2049 4460 195

450 4479 644 4537 eadem
708 4487 870 4549 sunt,
917 4478 1021 4536 etsi
1081 4479 1399 4535 nominibus
1456 4477 1743 4536 differunt.
1799 4479 2052 4550 Equalia

449 4571 599 4627 enim
628 4579 756 4627 sunt
793 4585 920 4643 quae
952 4585 981 4625 a
1023 4569 1228 4641 Spiritu
1271 4577 1329 4625 et
1374 4569 1510 4626 Filio
1553 4577 1608 4624 et
1636 4570 1798 4623 Patre
1828 4567 2047 4624 dantur.

451 4659 586 4716 Vide
627 4668 814 4716 autem
859 4657 1142 4731 quomodo
1199 4657 1442 4731 Spiritus
1487 4657 1743 4713 meminit
1784 4657 2047 4728 primum,

450 4759 727 4821 postremo
765 4765 895 4806 vero
936 4750 1128 4819 Patris,
1169 4764 1367 4807 eorum
1416 4762 1584 4804 causa
1631 4745 1725 4820 qui
1753 4747 1811 4803 in
1852 4747 2046 4804 ordine

447 4839 681 4894 nimium
710 4847 838 4895 sunt
857 4838 1079 4895 curiosi.

519 4930 700 4985 Vens.
729 4933 781 4984 7.
819 4950 843 4976 «
876 4927 1059 4985 Cuivis
1084 4935 1272 4984 autem
1313 4926 1474 4984 datur
1514 4924 1885 4982 manifestatio
1921 4925 2042 4998 Spi-

447 5019 582 5075 ritus
607 5018 677 5074 ad
704 5017 1022 5074 utilitatem.
1065 5040 1090 5067 ο
1139 5020 1220 5074 Ne
1249 5018 1369 5088 quis
1411 5016 1578 5085 dicat,
1629 5015 1769 5088 Quid
1806 5016 1850 5071 si
1895 5015 2044 5072 idem

447 5109 520 5164 sit
546 5108 838 5177 Dominus,
885 5116 942 5164 et
970 5105 1117 5162 idem
1158 5106 1411 5178 Spiritus,
1455 5115 1510 5161 et
1539 5105 1684 5161 idem
1711 5108 1881 5173 Deus,
1913 5121 2042 5161 cum

447 5214 548 5271 ego
611 5199 825 5254 interim
885 5197 1069 5252 minus
1129 5196 1466 5267 acceperim?
1530 5196 1643 5250 Hoc
1683 5195 1802 5261 tibi,
1847 5195 2042 5266 inquit,

445 5288 579 5344 utile
622 5296 738 5344 erat
781 5295 838 5343 et
865 5284 1199 5342 conferebat.
1244 5284 1475 5356 Spiritus
1502 5293 1686 5340 autem
1717 5283 2045 5341 manifesta-

448 5376 649 5432 tionem
677 5377 830 5449 signa
867 5375 1025 5432 dixit.
1074 5378 1173 5430 Per
1216 5373 1334 5430 haec
1381 5374 1531 5430 enim
1564 5374 2047 5430 demonstrabatur

447 5467 713 5539 Spiritum
777 5465 1010 5522 libenter
1061 5464 1117 5520 in
1160 5463 1449 5536 baptizatis
1490 5465 1846 5522 commorari.
1902 5463 2048 5532 Quid

2163 4385 2358 4462 σμένη.
2414 4385 2675 4466 Χάρισμα
2740 4386 2830 4459 δὲ,
2881 4384 2973 4445 καὶ
3013 4387 3317 4466 ἐνέργημα,
3373 4388 3465 4446 καὶ
3520 4387 3760 4447 διακονία

2160 4474 2330 4534 ταύτά
2378 4477 2547 4547 εἰσιν,
2581 4477 2626 4533 εἰ
2675 4475 2766 4533 καὶ
2819 4485 2926 4541 τοῖς
2972 4475 3199 4551 ὀνόμασι
3246 4477 3620 4556 διαφέρουσινο
3666 4475 3758 4537 ἴσα

2160 4562 2265 4644 γὰρ
2315 4564 2383 4622 τὰ
2412 4563 2561 4642 παρὰ
2606 4571 2696 4623 τοῦ
2731 4564 3042 4641 Πνεύματος
3091 4564 3182 4624 καὶ
3232 4567 3363 4624 Υἱοῦ
3413 4566 3505 4624 καὶ
3548 4566 3760 4644 Πατρὸς

2161 4654 2432 4730 διδόμενα.
2487 4652 2640 4734 "Ope:
2697 4654 2782 4726 δὲ,
2834 4657 2946 4720 πῶς
2991 4658 3089 4712 τοῦ
3139 4653 3454 4732 Πνεύματος
3520 4655 3758 4731 ἐμνήσθη

2159 4747 2402 4822 πρῶτον,
2457 4745 2766 4802 τελευταῖον
2810 4743 2866 4802 δὲ
2916 4747 3012 4802 τοῦ
3045 4741 3292 4822 Πατρὸς,
3346 4743 3435 4803 διὰ
3484 4742 3605 4811 τοὺς
3657 4743 3755 4817 τὴν

2157 4831 2304 4900 τάξιν
2333 4833 2861 4912 περιεργαζομένους.

2240 4942 2272 4979 (ζ
2307 4921 2560 5002 Ἑκάστῳ
2585 4923 2639 4980 δὲ
2673 4921 2876 4982 δίδοται
2915 4926 2949 4994 ἡ
2981 4920 3273 5002 φανέρωσις
3310 4929 3402 4982 τοῦ
3432 4920 3751 4998 Πνεύματος

2153 5011 2281 5090 πρὸς
2310 5011 2368 5070 τὸ
2405 5011 2690 5091 συμφέρον.
2718 5032 2749 5069 ›)
2791 5009 2914 5071 Ἵνα
2963 5011 3039 5088 μὴ
3072 5013 3201 5090 λέγῃ
3241 5035 3320 5079 τις
3349 5034 3363 5048 ·
3412 5009 3486 5070 Τί
3516 5011 3644 5092 γὰρ,
3697 5013 3744 5071 εἶ

2150 5103 2178 5158 6
2210 5100 2365 5166 αὐτὸς
2411 5103 2604 5178 Κύριος
2628 5146 2644 5172 ,
2687 5101 2781 5160 καὶ
2823 5100 2882 5160 τὸ
2927 5101 3057 5158 αὐτὸ
3093 5103 3359 5178 Πνεῦμα,
3400 5101 3490 5160 καὶ
3530 5104 3558 5158 6
3591 5100 3751 5168 αὐτὸς

2154 5189 2318 5260 Θεὸς,
2353 5188 2458 5268 ἐγὼ
2505 5190 2560 5248 δὲ
2591 5191 2810 5249 ἔλαττον
2842 5189 3068 5262 ἔλαϐον;
3103 5191 3265 5271 φησὶν
3287 5235 3302 5263 ,
3337 5190 3417 5250 ὅτι
3461 5191 3634 5251 Τοῦτό
3663 5213 3750 5250 σοι

2156 5276 2423 5360 συνέφερε.
2477 5278 2798 5359 Φανέρωσιν
2828 5277 2884 5338 δὲ
2927 5284 3017 5339 τοῦ
3053 5279 3401 5358 Πνεύματος,
3431 5279 3498 5338 τὰ
3547 5283 3750 5356 σημεῖα

2154 5367 2317 5444 λέγει.
2373 5366 2478 5428 Διὰ
2519 5368 2721 5428 τούτων
2773 5367 2876 5448 γὰρ
2929 5369 3192 5428 ἐδείκνυτο
3243 5369 3305 5430 τὸ
3363 5371 3591 5446 Πνεῦμα
3648 5377 3756 5432 τοῖς

2161 5458 2526 5534 βαπτισθεῖσιν
2616 5461 3036 5540 ἐμφιλοχωροῦν.
3111 5457 3292 5518 "Dare
3389 5457 3441 5517 τί
3525 5461 3755 5536 ἀλγείς;

1847 5544 2034 5603 Variae
2079 5546 2382 5607 lectiones.

520 5644 560 5678 εί
589 5644 851 5715 προθύμως
879 5660 933 5699 0.
1081 5642 1124 5676 ⁸³
1179 5641 1314 5695 ἀλλὰ
1368 5645 1478 5715 περὶ
1502 5660 1555 5701 o.

453 5725 496 5758 ⁸⁸
530 5722 601 5780 ἴσ.
639 5725 794 5796 ὅμως.
872 5722 918 5761 ⁸⁷
947 5727 1150 5790 ποιῆσαι
1179 5740 1232 5780 0.

1707 5643 1752 5678 ⁸³
1787 5645 2055 5716 μηδαμῶς,
2095 5645 2180 5698 καὶ
2227 5643 2449 5717 οὗδαμοῦ
2479 5661 2530 5701 0.

2682 5647 2724 5681 ⁸³
2777 5645 3034 5709 ἀποδεῖξαι
3081 5664 3136 5704 ο.
3284 5647 3329 5681 ⁸⁵
3380 5646 3649 5718 θαυμάτων
3698 5662 3754 5702 ο.
