4110 6406
352 396 460 450 713

1241 394 1597 454 EXPOSITIO
1634 397 1703 453 IN
1741 395 1953 452 EPIST.
1994 394 2016 450 Ι
2052 397 2145 451 AD
2184 396 2345 454 COR.
2381 427 2456 438 —
2491 397 2642 453 CAP.
2683 399 2797 453 ΧΠ.

3562 403 3667 457 714

356 518 475 581 Κάν
496 543 557 580 τε
585 518 693 601 γὰρ
742 524 921 598 μεῖζον
967 519 1097 602 ἔχῃς
1132 521 1417 603 χάρισμα,
1452 521 1553 582 κᾶν
1603 545 1664 582 τε
1697 521 1952 597 ἔλαττον,

2065 520 2232 595 igitur
2272 522 2468 580 doles?
2498 522 2623 580 Sive
2655 521 2803 579 enim
2849 521 3046 595 majus,
3103 523 3220 580 sive
3262 524 3449 582 minus
3495 524 3664 584 habes

348 610 611 671 δείκνυσιν
632 610 712 687 ⁸⁸,
748 609 832 669 ὅτι
875 608 1014 692 ἔχεις
1038 611 1100 671 τὸ
1137 614 1371 686 Πνεῦμα
1396 634 1412 650 °
1437 613 1528 672 καὶ
1554 611 1608 672 τί
1653 635 1736 672 σοι
1767 612 1956 692 μέλει;

440 813 473 851 ι
498 780 574 878 τῼ
622 790 720 878 μέν
765 790 853 878 6rd
902 797 995 852 τοῦ
1026 791 1347 868 Πνεύματος
1399 791 1603 853 δίδοται
1653 790 1807 872 λόγος
1867 818 1956 854 σο-

345 881 494 963 φίας.
534 870 564 940 ᾖ
603 872 735 942 Οἶον
787 870 931 961 εἶχεν
980 879 1266 955 Ἰωάννης,
1318 886 1348 941 6
1378 886 1475 955 τῆς
1524 870 1751 961 βροντῆς
1799 884 1906 951 υἱός
1942 909 1955 923 ·

348 961 463 1031 οἷον
497 972 653 1039 αὖτὸς
699 973 728 1030 6
780 973 1020 1039 Παῦλος.
1054 969 1376 1048 Σημείωσαι
1424 972 1481 1031 δὲ
1534 973 1629 1049 τὸ,
1669 993 1699 1029 α
1728 972 1864 1047 Διὰ,
1916 995 1945 1033 ››

348 1060 440 1118 ἐπὶ
472 1064 565 1119 τοῦ
607 1059 944 1136 Πνεύματος.

434 1178 461 1203 σι
486 1146 668 1230 Ἄλλῳ
689 1147 744 1208 δὲ
775 1149 928 1227 λόγος
948 1149 1195 1227 γνώσεως
1221 1148 1361 1209 κατὰ
1394 1151 1451 1210 τὸ
1484 1151 1617 1211 αὐτὸ
1648 1154 1891 1229 Πνεῦμα.
1917 1176 1947 1211 n

345 1229 513 1313 Οἶον,
544 1229 690 1320 εἶχον
721 1241 769 1299 οἱ
809 1238 999 1299 πολλοὶ
1028 1242 1134 1299 τῶν
1162 1242 1398 1313 πιστῶν,
1440 1244 1632 1317 γνῶσιν
1674 1240 1772 1316 μὲν
1802 1242 1957 1323 ἔχον-

349 1352 436 1397 τες
466 1329 653 1407 αὐτοὶ,
696 1328 887 1397 ἄλλους
922 1327 977 1388 δὲ
1022 1328 1232 1399 διδάξαι
1282 1329 1359 1413 μὴ
1409 1329 1699 1410 ἰσχύοντες.
1747 1330 1819 1393 Ἣ
1851 1334 1955 1413 γὰρ

351 1418 516 1500 σοφία
563 1417 840 1491 διδάσκει,
889 1416 1084 1499 σάφειά
1133 1442 1213 1487 τις
1274 1407 1409 1478 οὖσα
1433 1407 1572 1491 ,ηὼς
1625 1419 1719 1479 καὶ
1770 1422 1956 1479 διασα-

350 1513 528 1590 φοῦσα
569 1506 637 1568 τὰ
682 1509 915 1587 κρυπτά.
970 1511 1263 1588 Πανταχοῦ
1312 1508 1368 1567 δὲ
1419 1516 1514 1569 τοῦ
1570 1511 1734 1569 αὐτοῦ
1787 1512 1954 1571 Πνεύ-

352 1622 520 1671 ματος
575 1597 882 1675 μέμνηται,
958 1596 1437 1678 παραμυθούμενος
1460 1644 1478 1673 ,
1564 1602 1637 1666 ὡς
1692 1600 1952 1668 πολλάκις

350 1687 602 1767 εἴρηται,
635 1687 724 1746 τὸν
752 1686 813 1746 τὸ
837 1685 1059 1746 ἔλαττον
1088 1686 1350 1749 λαϐόντα.

2066 609 2304 683 donum,
2342 611 2582 669 ostendit
2600 611 2872 684 Spiritum
2916 611 2973 668 in
2994 621 3050 668 te
3076 628 3217 670 esse.
3246 617 3320 671 Et
3347 614 3485 688 quid
3516 616 3662 673 ultra

2065 717 2223 759 cures
2243 705 2268 759 Ρ

2136 794 2309 849 Vnus.
2337 798 2394 849 8.
2421 816 2447 843 α
2480 792 2591 848 Alii
2619 791 2844 865 quidem
2865 808 2960 865 per
2979 791 3248 864 Spiritum
3268 792 3435 851 datur
3477 809 3664 852 sermo

2064 882 2367 953 sapientiae.
2404 906 2431 932 ι
2470 882 2699 952 Qualem
2727 881 2966 938 habebat
2982 885 3228 939 Joannes
3254 884 3470 939 tonitru
3498 884 3663 951 ﬁlius,

2064 971 2283 1043 qualem
2319 979 2375 1027 et
2401 972 2517 1043 ipse
2544 972 2767 1028 Paulus.
2799 972 3043 1028 Observa
3073 980 3265 1029 autem
3319 973 3666 1046 praepositio-

2063 1076 2219 1130 nem,
2251 1083 2277 1111 ιι
2305 1063 2431 1129 Per,
2460 1083 2485 1111 υ
2511 1060 2743 1133 Spiritui
2770 1060 2859 1117 hic
2878 1062 3163 1134 applicari.

2139 1173 2166 1200 ιι
2202 1149 2313 1205 Alii
2351 1157 2540 1207 autem
2566 1165 2752 1207 sermo
2780 1151 3046 1219 scientiae,
3069 1152 3376 1210 secundum
3401 1151 3664 1212 eumdem

2062 1239 2345 1312 Spiritum.
2376 1261 2403 1289 ιο
2429 1239 2667 1312 Qualem
2708 1239 2983 1297 habebant
3007 1241 3250 1314 plerique
3279 1241 3546 1311 ﬁdelium,
3567 1243 3662 1315 qui

2062 1328 2165 1401 ipsi
2205 1328 2431 1401 quidem
2447 1330 2739 1386 scientiam
2768 1329 3056 1402 habentes,
3101 1331 3237 1388 alios
3286 1329 3490 1389 docere
3547 1347 3663 1389 non

2063 1426 2336 1491 poterant.
2413 1419 2689 1491 Sapientia
2765 1435 3007 1493 namque
3064 1420 3251 1491 docet,
3307 1421 3665 1495 perspicuitas

2060 1508 2318 1579 quaedam
2346 1508 2602 1578 existens,
2634 1524 2759 1580 quae
2787 1508 3113 1567 abscondita
3138 1508 3476 1567 manifestat.
3525 1511 3667 1568 Ubi-

2059 1612 2168 1669 que
2221 1605 2408 1654 autem
2455 1597 2700 1670 ejusdem
2752 1598 2993 1671 Spiritus
3044 1599 3318 1669 meminit,
3367 1600 3667 1658 consolans

2061 1689 2162 1756 (ut
2187 1686 2388 1759 saepius
2426 1686 2638 1743 dictum
2668 1692 2685 1754 )
2723 1703 2876 1756 eum,
2908 1688 3005 1760 qui
3034 1689 3217 1744 minus
3244 1698 3554 1761 acceperat.

444 1798 475 1836 α
525 1774 732 1858 Ἑτέρῳ
781 1775 838 1835 δὲ
882 1775 1089 1852 πίστις,
1140 1778 1196 1834 ἐν
1243 1779 1323 1857 τῷ
1376 1780 1519 1858 αὐτῷ
1573 1775 1873 1855 Πνεύματι.
1916 1804 1944 1840 »

2128 1778 2303 1833 Vnus.
2329 1781 2384 1831 9.
2435 1800 2461 1826 ι
2489 1776 2601 1833 Alii
2629 1784 2819 1833 autem
2851 1777 3011 1845 ﬁdes,
3048 1778 3104 1833 in
3132 1777 3331 1835 eodem
3374 1779 3605 1851 Spiritu.
3636 1802 3661 1827 ι

349 1868 482 1947 Οὐχ
508 1869 545 1938 ἡ
574 1872 681 1926 τῶν
709 1865 1015 1943 δογμάτων,
1051 1863 1171 1926 ἀλλ’
1199 1869 1235 1939 ἡ
1280 1869 1384 1927 τῶν
1414 1868 1673 1946 σημείων,
1706 1871 1739 1941 ἡ
1764 1869 1856 1930 καὶ
1887 1872 1952 1932 τὰ

348 1954 451 2035 ὄρη
482 1958 813 2033 μεθιστῶσα.

434 2072 460 2100 ι
477 2045 658 2128 Ἄλλῳ
686 2043 744 2104 δὲ
761 2043 1079 2126 χαρίσματα
1108 2043 1377 2125 ἰαμάτων,
1408 2047 1463 2105 ἓν
1490 2049 1568 2127 τῷ
1599 2047 1745 2129 αὐτῷ
1779 2051 1956 2112 Πνεύ-

351 2159 508 2214 ματι.
539 2164 564 2190 ι
592 2134 676 2196 Τὸ
705 2133 1015 2216 θεραπεύειν
1064 2144 1246 2197 πᾶσαν
1292 2135 1446 2197 νόσον
1480 2135 1574 2195 καὶ
1620 2145 1800 2198 πᾶσαν
1849 2166 1955 2220 μα·

347 2224 568 2289 λακίαν.

444 2336 475 2373 (ι
502 2313 683 2396 Ἄλλῳ
729 2315 785 2376 δὲ
825 2314 1169 2396 ἐνεργήματα
1220 2314 1516 2393 δυνάμεων.
1562 2336 1592 2374 n
1643 2309 1817 2384 Οὗτος
1864 2316 1954 2374 καὶ

346 2410 707 2487 τιμωρεῖσθαι
755 2404 989 2478 ἠδύνατο
1041 2404 1163 2474 τοὺς
1216 2407 1482 2480 ἀπειθεῖς,
1542 2409 1613 2473 ὡς
1664 2410 1692 2465 6
1743 2406 1955 2472 Παῦλος

348 2495 599 2575 ἕπήρωσε
638 2495 726 2556 τὸν
774 2494 1018 2572 Ἐλύμαν
1042 2539 1060 2569 ,
1091 2496 1185 2556 καὶ
1226 2498 1255 2554 6
1288 2496 1494 2576 Πέτρος
1523 2494 1767 2555 Ἀνανίαν
1808 2497 1952 2554 ἀνεῖ-

349 2588 443 2644 λεν
488 2608 503 2622 ·
528 2584 658 2667 ὅπερ
683 2587 735 2667 ξὸ
763 2583 831 2644 τὰ
873 2583 1191 2665 χαρίσματα
1222 2588 1329 2645 τῶν
1358 2583 1605 2663 ἰαμάτων
1637 2582 1824 2644 λαϐὼν
1860 2585 1953 2643 οὐκ

349 2667 520 2755 εἶχεν.

444 2787 476 2824 α
504 2764 688 2849 Ἄλλῳ
717 2764 773 2826 δὲ
814 2763 1147 2847 προφητεία,
1176 2765 1327 2846 ἄλλῳ
1360 2762 1417 2824 δὲ
1460 2764 1748 2847 διακρίσεις
1778 2788 1954 2825 πνευ-

351 2852 561 2932 μάτων.
597 2875 631 2915 ι
668 2855 931 2917 Τουτέστι
955 2899 973 2930 ,
1010 2854 1071 2915 τὸ
1121 2855 1318 2915 εἰδέναι
1340 2900 1360 2935 ,
1392 2854 1473 2922 τίς
1506 2858 1533 2913 6
1563 2854 1952 2936 πνευματικὸς,

350 2944 447 3004 καὶ
474 2944 557 3013 τίς
581 2947 611 3004 6
652 2944 730 3023 μὴ
767 2942 1129 3025 πνευματικός
1154 2965 1168 2979 ·
1219 2944 1298 3013 τίς
1344 2947 1373 3003 6
1404 2943 1707 3027 προφήτης,
1736 2944 1829 3005 καὶ
1874 2944 1951 3011 τίς

350 3036 381 3092 6
406 3033 675 3096 ἀπατεών.

2060 1868 2186 1922 Non
2238 1864 2375 1922 ﬁdes
2410 1866 2756 1939 dogmatum,
2803 1865 2903 1923 sed
2945 1866 3362 1936 miraculorum,
3404 1882 3530 1940 quae
3574 1870 3660 1925 vel

2063 1963 2281 2012 montes
2302 1955 2618 2012 transfert°.

2139 2068 2165 2095 ι
2192 2045 2301 2101 Alii
2346 2053 2533 2102 autem
2580 2044 2731 2102 dona
2774 2046 3166 2115 sanationum,
3207 2046 3266 2102 in
3315 2046 3513 2104 eodem
3545 2048 3664 2121 Spi-

2058 2134 2193 2194 ritu.
2220 2157 2247 2185 »
2269 2137 2352 2193 Ut
2372 2142 2531 2193 curet
2556 2150 2789 2192 omnem
2808 2135 3201 2209 aegritudinem
3229 2143 3284 2194 et
3312 2136 3655 2209 languorem.

2137 2318 2320 2376 Vsus.
2372 2323 2461 2375 10.
2499 2339 2525 2368 α
2558 2319 2665 2375 Alii
2714 2327 2904 2377 autem
2930 2321 3280 2393 operationes
3308 2319 3602 2377 virtutum.
3636 2344 3661 2370 ι»

2062 2408 2171 2463 Iste
2214 2406 2596 2465 inobedientes
2647 2409 2817 2466 etiam
2842 2410 3067 2481 ’punire
3100 2409 3328 2483 ιροῑιιίι,
3358 2417 3421 2466 ut
3464 2410 3666 2467 Paulus

2062 2497 2349 2554 excaecavit
2375 2500 2656 2570 Elymam,
2686 2507 2743 2555 et
2768 2502 2963 2575 Petrus
2995 2500 3272 2556 Ananiam
3300 2500 3525 2557 sustulit
3560 2515 3575 2556 :
3607 2498 3668 2557 id

2062 2587 2212 2660 quod
2255 2603 2373 2644 non
2408 2589 2760 2645 sanationum
2811 2589 3089 2662 accipiens
3118 2590 3275 2659 dona
3328 2588 3588 2647 habebat.

2136 2788 2162 2815 ιι
2192 2765 2301 2821 Alii
2357 2774 2547 2823 autem
2595 2767 2902 2839 prophetia,
2946 2768 3035 2823 alii
3090 2783 3222 2826 vero
3302 2768 3665 2827 discretiones

2061 2854 2379 2927 spirituum.
2410 2878 2438 2905 ι
2463 2858 2585 2913 Hoc
2614 2864 2720 2925 est,
2750 2866 2814 2914 ut
2841 2857 3002 2923 sciat,
3041 2857 3298 2929 quisnam
3345 2858 3668 2931 spiritualis,

2062 2952 2120 3001 et
2143 2945 2268 3018 quis
2302 2962 2416 3003 non
2443 2946 2773 3018 spiritualis;
2800 2948 2927 3020 quis
2954 2947 3265 3021 prapheta,
3304 2956 3361 3005 et
3402 2948 3528 3021 quis
3551 2949 3667 3007 im-

2072 3043 2279 3108 postor.

442 3145 475 3183 ιι
521 3119 701 3205 Ἄλλῳ
743 3124 798 3184 δὲ
832 3124 983 3204 “γίνη
1023 3126 1284 3202 γλωσσῶν
1317 3144 1332 3160 ⁸
1379 3124 1530 3206 ἄλλῳ
1584 3123 1641 3183 δὲ
1702 3126 1959 3206 ἑρμηνεία

2147 3144 2174 3178 α
2208 3124 2311 3181 Alii
2341 3133 2528 3183 autem
2570 3141 2775 3199 genera
2800 3127 3144 3201 linguarum,
3186 3127 3280 3184 alii
3309 3143 3440 3184 vero
3494 3127 3662 3186 inter-

347 3215 635 3293 γλωσσῶν.
668 3240 719 3297 »γ
750 3212 904 3276 Πολὺ
960 3215 1023 3297 τὸ
1058 3216 1164 3273 τῶν
1212 3215 1473 3294 γλωσσῶν
1520 3213 1767 3295 χάρισμα
1810 3214 1958 3297 παρὰ

355 3303 652 3382 Κορινθίοις
698 3296 763 3377 ἦν
787 3348 804 3377 ,
838 3304 920 3385 ἐφ’
967 3294 1013 3385 ᾧ
1064 3302 1158 3364 καὶ
1206 3306 1409 3382 μᾶλλον
1458 3294 1841 3381 ἐθρασύνοντο,
1889 3294 1958 3372 ὧς

350 3393 557 3452 δοθέντι
600 3393 799 3474 πρώτῳ
854 3402 963 3462 τοῖς
995 3393 1344 3468 ἀποστόλοις,
1376 3392 1471 3453 καὶ
1519 3394 1608 3453 διὰ
1654 3399 1811 3455 τοῦτ’»
1862 3396 1953 3454 δο-

350 3487 537 3543 κοῦντι
566 3483 765 3563 μείζονι
794 3486 899 3542 τῶν
944 3482 1148 3547 ἄλλων.
1182 3482 1261 3545 Τὸ
1301 3484 1347 3543 δ’
1378 3484 1481 3565 οὔχ
1512 3481 1681 3552 οὕτως
1711 3483 1847 3563 ἔχει.
1875 3486 1957 3545 Τὸ

350 3572 463 3653 γὰρ
512 3576 604 3645 τῆς
645 3573 995 3642 διδασκαλίας
1043 3573 1289 3655 χάρισμα
1338 3576 1516 3650 μεῖζον
1540 3617 1557 3645 ,
1589 3571 1683 3632 καὶ
1711 3577 1748 3645 ἡ
1782 3575 1956 3653 ἑρμη-

347 3662 467 3722 νεία
513 3664 620 3722 τῶν
693 3665 951 3743 γλωσσῶν
1016 3663 1210 3740 μείζων
1264 3666 1361 3721 τοῦ
1424 3661 1612 3730 ἁπλῶς
1682 3661 1957 3742 γλώσσαις

350 3754 559 3813 λαλεῖν.
591 3751 912 3813 Οἰκειότατα
945 3750 1001 3812 δὲ
1032 3752 1125 3814 ἐπὶ
1162 3754 1269 3812 τῶν
1313 3753 1605 3831 γλωσσῶν,
1646 3772 1678 3811 ιι
1712 3753 1853 3826 Γένη
1873 3798 1889 3830 ,
1919 3774 1948 3810 n

354 3831 507 3915 εἷπε,
541 3840 798 3925 διαφορὰς
824 3844 995 3902 αὐτῶν
1021 3842 1149 3922 γένη
1171 3840 1427 3911 καλέσας.

438 4032 464 4059 ιι
484 4004 678 4067 Πάντα
704 4004 759 4065 δὲ
783 4006 1177 4087 ταῦταξὺεργεῖ
1199 4006 1259 4066 τὸ
1281 4005 1336 4066 ἓν
1362 4005 1537 4065 καὶτὸ
1558 4003 1687 4065 αὐτὸ
1709 4007 1955 4084 Πνεῦμα,

357 4096 577 4175 διαιρῶν
623 4093 736 4176 ἰδίᾳ
785 4094 999 4178 ἑκάστῳ
1046 4093 1221 4163 καθὼς
1254 4094 1527 4176 βούλεται.
1563 4116 1594 4154 ιι
1636 4098 1814 4156 Πάλιν
1858 4094 1956 4167 τὴν

355 4185 528 4256 αὖτὴν
554 4184 900 4265 παραμυθίαν
928 4186 1135 4259 τίθησιν
1155 4231 1173 4262 ,
1199 4184 1282 4244 ὅτι
1305 4185 1365 4242 τὸ
1394 4183 1521 4242 αὐτὸ
1548 4186 1773 4262 Πνεῦμα
1810 4186 1955 4265 ἐνερ-

353 4273 443 4352 γεῖ
495 4274 696 4335 πάντα.
747 4272 1123 4354 Ἐπιστομίζει
1152 4273 1205 4315 39
1255 4273 1312 4335 δὲ
1353 4275 1558 4351 μᾶλλον
1605 4272 1694 4333 τὸν
1752 4277 1954 4356 ἀπαρε-

2066 3216 2298 3287 pretatio
2337 3215 2671 3289 linguarum.
2724 3239 2751 3266 ι
2802 3217 3140 3275 Abundabat
3164 3218 3314 3290 apud
3350 3217 3670 3276 Corinthios

2058 3303 2373 3376 linguarum
2431 3303 2665 3371 donum;
2694 3304 2822 3362 hinc
2862 3306 3032 3362 etiam
3069 3306 3447 3376 conﬁdebant,
3506 3307 3663 3380 quasi

2062 3393 2309 3465 primum
2336 3393 2392 3450 id
2417 3396 2680 3466 apostolis
2707 3403 2853 3451 esset
2884 3395 3107 3466 datum,
3128 3412 3196 3452 ac
3224 3406 3518 3469 propterea
3542 3397 3667 3455 aliis

2063 3480 2222 3539 donis
2265 3483 2623 3541 excellentius
2666 3485 2737 3540 sit
2772 3485 2970 3543 visum.
3004 3485 3178 3559 Atqui
3222 3484 3278 3542 id
3306 3486 3385 3542 sic
3411 3503 3529 3543 non
3562 3487 3667 3543 ha-

2064 3570 2177 3640 bet;
2202 3571 2479 3644 siquidem
2526 3573 2789 3631 doctrinae
2814 3572 3031 3629 donum
3060 3575 3235 3645 majus
3260 3583 3365 3645 est,
3409 3583 3467 3632 et
3490 3576 3670 3634 inter-

2067 3661 2297 3734 pretatio
2323 3660 2633 3734 linguarum
2675 3662 2856 3734 major
2887 3672 2992 3731 est,
3022 3678 3193 3736 quam
3216 3663 3546 3736 simpliciter
3569 3666 3669 3721 lin-

2067 3750 2192 3823 guis
2219 3750 2391 3823 loqui.
2413 3750 2589 3808 Valde
2622 3751 2846 3824 proprie
2871 3760 3059 3807 autem
3085 3751 3155 3809 de
3184 3751 3387 3824 linguis
3410 3752 3665 3825 loquens,

2070 3860 2097 3887 α
2125 3854 2358 3911 genera,
2383 3858 2413 3893 ν
2455 3840 2620 3910 dixit,
2660 3841 2905 3915 ipsarum
2950 3838 3291 3898 differentias
3335 3856 3535 3914 genera
3572 3858 3668 3915 ap-

2065 3928 2296 3999 pellans.

2136 4019 2318 4075 Vsus.
2346 4022 2430 4073 ιι.
2475 4037 2502 4065 α
2551 4017 2757 4074 Omnia
2786 4026 2973 4075 autem
3003 4018 3122 4077 haec
3150 4028 3410 4093 operatur
3433 4036 3576 4079 unus
3610 4030 3667 4079 et

2066 4107 2214 4164 idem
2245 4106 2499 4179 Spiritus,
2522 4106 2776 4164 dividens
2803 4109 3038 4166 seorsim
3060 4110 3360 4184 unicuique
3379 4120 3439 4169 ut
3463 4112 3602 4169 vult.
3629 4136 3656 4163 ι.

2066 4199 2281 4253 Rursus
2310 4196 2559 4253 eamdem
2591 4197 3031 4255 consolationem
3060 4201 3243 4271 ponit,
3292 4216 3499 4274 nempe
3517 4202 3668 4276 quod

2066 4285 2216 4343 idem
2240 4287 2477 4358 Spiritus
2498 4294 2760 4359 operatur
2786 4290 2998 4345 omnia.
3027 4290 3202 4364 Magis
3220 4300 3407 4348 autem
3425 4292 3669 4351 obstruit

356 4363 617 4440 σ’κόμενον
664 4363 754 4424 ἐπὶ
921 4365 1173 4445 διανομῇ.
1236 4393 1262 4419 α
1317 4361 1508 4452 Καθὼς
1545 4384 1577 4452 ιι
1610 4364 1713 4442 γὰρ
1733 4386 1783 4452 _«
1834 4363 1954 4445 βού-

2071 4392 2167 4434 ora
2194 4379 2360 4450 196
2383 4392 2599 4447 eorum,
2625 4375 2717 4449 qui
2744 4376 2914 4435 talem
2954 4377 3101 4437 haud
3127 4361 3303 4452 aequo
3336 4382 3524 4439 animo
3546 4383 3667 4440 dis-

356 4456 545 4528 λεται,
572 4474 603 4512 n
636 4443 1005 4535 transigebat)
1036 4443 1131 4513 xui»
1170 4461 1312 4514 ποιεῖ
1340 4477 1353 4492 ·
1386 4451 1477 4512 καὶ
1507 4450 1573 4510 σὺ
1604 4454 1683 4521 τίς
1716 4443 1766 4513 εἷ
1804 4443 1842 4513 6-
1877 4455 1954 4533 μὴ

358 4542 748 4623 ἇρεσκόμενος;
806 4544 1125 4621 Σημείωσαι
1179 4543 1234 4604 δὲ
1306 4542 1367 4603 τὸ
1424 4540 1623 4623 ῥητὸν,
1698 4541 1787 4602 διὰ
1840 4544 1959 4613 τοὺς

361 4633 853 4713 Πνευματομάχους
895 4656 909 4670 ·
952 4634 1012 4693 οὗ
1058 4633 1195 4714 γὰρ,
1225 4631 1420 4699 Καθὼς
1463 4631 1772 4709 κελεύεται,
1801 4633 1959 4709 ἀλλὰ,

360 4742 392 4779 α
430 4719 621 4789 Καθὼς
654 4722 921 4802 βούλεται.
957 4751 981 4775 ιι
1008 4720 1181 4782 θΩστε
1214 4721 1492 4793 Δεσπότης
1523 4721 1615 4779 καὶ
1643 4724 1802 4792 Θεός.
1850 4723 1964 4785 Καὶ

356 4811 485 4887 οὐκ,
511 4809 876 4894 Ἐνεργεῖται,
909 4810 1056 4888 ἀλλ’,
1114 4839 1141 4865 α
1181 4812 1422 4894 Ἐνεργεῖ
1445 4858 1461 4887 ,
1496 4833 1525 4868 »
1576 4811 1758 4895 ὥσπερ
1797 4814 1891 4874 καὶ
1934 4817 1963 4873 6

360 4899 562 4983 Πατήρ
594 4924 609 4939 ·
648 4924 678 4962 ιι
703 4899 771 4963 Ὀ
800 4903 1027 4984 ἐνεργῶν
1067 4930 1093 4957 ιο
1130 4901 1273 4984 γὰρ,
1317 4899 1487 4983 φησὶ,
1524 4921 1559 4955 α
1586 4900 1656 4961 τὰ
1697 4901 1879 4964 πάντα
1908 4904 1963 4963 ἐν

358 4997 521 5053 πᾶσι.
556 5019 582 5045 ο

448 5106 476 5135 α
512 5078 773 5162 Καθάπερ
803 5077 908 5161 γὰρ
949 5080 1011 5141 τὸ
1059 5082 1219 5159 σῶμα
1266 5079 1321 5141 ἓν
1370 5084 1485 5144 ἔστι
1508 5130 1527 5159 ,
1559 5082 1653 5144 καὶ
1684 5082 1822 5158 μέλη
1854 5081 1966 5163 ἔχει

357 5169 536 5231 πολλᾶ
557 5214 575 5244 ,
603 5168 779 5231 πάντα
810 5168 866 5229 δὲ
897 5169 1038 5249 μέλη
1070 5175 1166 5231 τοῦ
1197 5170 1473 5249 σώματος,
1503 5172 1680 5232 πολλὰ
1709 5170 1838 5232 ὄντα
1856 5217 1874 5246 ,
1910 5172 1965 5233 ἓν

356 5260 523 5338 σῶμά
548 5261 689 5320 ἐστιν
715 5282 730 5298 ⁸
774 5258 914 5319 οὕτω
953 5259 1048 5320 καὶ
1095 5264 1125 5319 6
1165 5261 1417 5341 Χριστός.
1470 5284 1501 5322 n
1568 5262 1679 5323 Καὶ
1736 5261 1844 5323 ἀπὸ
1875 5269 1968 5324 τοῦ

360 5348 510 5411 κατὰ
558 5348 620 5410 τὸ
648 5353 812 5430 σῶμα
848 5349 1242 5431 ὕποδείγματος
1289 5355 1690 5434 παραμυθεῖται
1732 5351 1824 5413 τὸν
1867 5353 1968 5413 λυ-

433 5491 469 5523 ⁰
496 5494 704 5552 Matth.
731 5508 889 5564 xvu,
924 5500 1011 5553 t9.

2064 4467 2442 4540 pensationem
2473 4466 2674 4522 ferunt.
2705 4469 2850 4524 Nam
2874 4489 2901 4515 α
2933 4468 3035 4525 Uti
3065 4467 3205 4536 vult,
3232 4490 3259 4517 ι
3288 4468 3485 4541 inquit,
3515 4471 3589 4527 ita
3612 4478 3669 4527 et

2065 4556 2218 4616 facit.
2244 4560 2328 4615 Tu
2356 4574 2488 4615 vero
2509 4557 2635 4631 quis
2662 4573 2718 4613 es
2737 4559 2832 4629 qui
2857 4558 3000 4614 istud
3034 4574 3178 4632 aegre
3225 4557 3393 4618 feras?
3424 4561 3667 4620 Observa

2069 4657 2255 4707 autem
2283 4649 2429 4706 istud
2476 4648 2535 4704 in
2575 4647 2812 4719 Spiritus
2862 4649 3037 4706 sancti
3083 4649 3425 4708 adversarios
3452 4650 3668 4709 dictum

2071 4753 2191 4795 esse
2225 4757 2238 4794 :
2270 4753 2385 4793 non
2408 4735 2557 4793 enim
2588 4734 3073 4807 Quemadmodum
3097 4736 3344 4808 jubetur,
3382 4736 3501 4807 sed,
3537 4761 3564 4789 α
3587 4741 3670 4797 Ut

2071 4828 2207 4885 vult.
2241 4849 2268 4877 ι
2302 4828 2493 4898 Itaque
2518 4825 2800 4881 Dominus
2828 4832 2885 4881 et
2908 4826 3062 4883 Deus
3089 4833 3197 4883 est.
3225 4828 3365 4897 Nec,
3390 4825 3668 4897 Efﬂcitur,

2073 4915 2193 4985 sed,
2223 4940 2247 4966 α
2280 4917 2579 4989 Operatur,
2614 4937 2641 4964 ι»
2694 4930 2851 4987 atque
2884 4931 2948 4972 ac
2998 4918 3205 4974 Pater:
3264 4917 3446 4990 inquit
3500 4918 3668 4987 enim,

2078 5026 2109 5061 (ι
2135 5006 2245 5080 Qui
2276 5015 2538 5079 operatur
2565 5005 2753 5061 omnia
2783 5005 2841 5061 in
2870 5007 3147 5064 omnibus.
3180 5030 3207 5055 ι

2147 5099 2319 5153 Vnus.
2354 5102 2443 5153 12.
2478 5118 2505 5146 α
2536 5096 2688 5153 Sicut
2706 5096 2856 5153 enim
2876 5111 3078 5169 corpus
3100 5112 3274 5153 unum
3300 5104 3405 5167 est,
3423 5104 3481 5153 et
3503 5112 3676 5153 mem-

2077 5187 2177 5244 bra
2225 5186 2391 5244 habet
2421 5186 2596 5243 multa
2629 5207 2641 5243 :
2674 5187 2862 5243 omnia
2902 5194 3091 5244 autern
3131 5187 3384 5243 membra
3426 5188 3678 5260 corporis

2079 5278 2253 5333 multa
2282 5292 2413 5334 cum
2464 5277 2597 5347 sint,
2631 5292 2803 5333 unum
2848 5283 2978 5332 sunt
3008 5290 3210 5347 corpus
3244 5294 3259 5331 :
3291 5276 3373 5332 sic
3413 5284 3474 5332 et
3520 5276 3677 5334 (mri—

2077 5371 2219 5420 stus.
2256 5384 2283 5413 a
2315 5362 2588 5434 Exemplo
2644 5377 2677 5418 a
2716 5376 2948 5433 corpore
2975 5368 3223 5434 sumpto,
3265 5360 3583 5419 consolatur
3610 5362 3679 5419 il-

1769 5567 1961 5631 Variae
2006 5570 2305 5633 lectiones.

441 5709 491 5747 ⁸⁸
520 5708 778 5765 δείκνυται
801 5725 862 5768 0.
947 5709 993 5745 ⁸¹³
1026 5709 1228 5783 μᾶλλον
1255 5709 1309 5767 δὲ
1335 5711 1422 5766 καὶ
1444 5710 1749 5787 ἐπιστομίζει
1777 5729 1832 5772 ο.

654 5801 893 5858 Ρετιιοῐ..
933 5801 1032 5858 Ga.
1076 5801 1294 5857 CXXIV.

3294 5810 3363 5863 23
