4110 6438
470 416 573 468 715
1487 407 2002 465 THEOPHYLACTI
2039 406 2399 464 BULGARLE
2434 405 2753 463 ARCHIEP.
3674 408 3778 461 716

463 538 583 593 lum
626 536 718 609 qui
765 536 839 592 ob
868 536 1050 592 minus
1089 533 1301 591 donum
1326 534 1716 604 contristatur,
1770 532 2045 591 ostendam

2182 532 2446 611 πούμενον
2484 532 2573 592 ἐπὶ
2604 534 2679 612 τῷ
2709 529 3302 611 ἕλάττονιίχαρίσματι,
3332 527 3582 589 δεικνύων
3607 530 3780 611 αὐτῷ,

466 630 616 703 quod
656 629 791 686 nihil
843 629 919 686 sit
940 629 1294 686 imminutus.
1354 628 1435 686 Ut
1458 628 1609 685 enim
1646 644 1846 701 corpus
1885 644 2045 684 unun:

2174 619 2256 682 ὅτι
2293 624 2388 683 οὐκ
2438 622 2768 694 ἠλάττωται.
2824 619 3044 698 Ὥσπερ
3088 619 3191 701 γὰρ
3241 619 3302 680 τὸ
3356 622 3517 698 σῶμα
3565 619 3661 680 xui
3718 619 3776 680 ἓν

467 729 551 776 est
588 728 645 777 et
689 720 893 787 multa,
934 735 1000 776 eo
1035 718 1188 791 quod
1233 719 1485 775 membra
1527 717 1771 775 continet
1821 735 1836 774 :
1884 718 1963 774 sic
2006 728 2045 776 e1

2171 715 2285 772 ἐστι
2312 713 2403 771 xui
2430 711 2607 770 πολλὰ
2639 712 2725 772 διὰ
2754 710 2816 770 τὸ
2841 710 2979 786 μέλη
3003 709 3144 790 ἔχειν
3172 732 3187 748 ο
3222 707 3362 768 οὕτω
3403 709 3496 769 xui
3527 708 3598 769 τὰ
3628 708 3772 788 μέλη

466 810 714 866 membra
737 817 792 865 et
832 808 1001 865 multa
1034 815 1164 864 sunt
1210 815 1267 865 et
1292 823 1492 875 unum,
1516 822 1582 865 eo
1619 807 1767 880 quod
1792 808 1851 863 iu
1879 824 2045 865 unum

2169 800 2262 859 xui
2288 800 2463 861 πολλά
2492 802 2596 861 εἶσι
2626 800 2716 861 xui
2741 799 2796 860 ἓν
2814 843 2833 874 ,
2866 799 2954 860 διὰ
2979 799 3040 859 τὸ
3069 802 3143 866 εἷς
3184 797 3242 858 ἓν
3274 801 3432 875 σῶμα
3473 800 3769 862 συντελεῖν.

465 915 668 972 corpus
704 906 1183 971 coagmentantur.
1224 898 1339 955 Ubi
1370 898 1534 969 igitur
1574 897 1885 955 differentia
1912 901 1935 954 Ρ
1963 899 2045 955 ubi

2174 892 2288 951 Ποῦ
2318 890 2489 950 τοίνυν
2518 896 2553 963 ἡ
2598 889 2862 971 διαφοράς
2888 894 2992 949 ποῦ
3018 889 3078 949 τὸ
3106 892 3318 966 μεῖζον;
3365 893 3469 972 ποῦ
3498 887 3560 948 τὸ
3597 889 3763 949 ἔλατ-

466 988 669 1061 majus,
698 988 791 1045 ubi
812 988 1031 1045 minus?
1066 987 1254 1044 omnia
1275 986 1425 1044 enim
1440 1002 1616 1043 unum
1647 995 1778 1043 sunt
1803 1005 1818 1044 :
1844 1010 1870 1041 ε
1896 989 2009 1059 Sic,
2029 1012 2056 1039 ι

463 1078 662 1149 inquit,
692 1101 719 1128 οι
744 1078 1016 1147 Christus,
1055 1101 1083 1128 ν
1110 1077 1167 1135 id
1196 1085 1300 1146 est,
1336 1077 1538 1134 Christi
1569 1077 1831 1133 Ecclesia.
1874 1078 2061 1148 Quan-

466 1167 764 1240 doquidem
793 1168 943 1224 enim
962 1168 1215 1225 Christus
1243 1174 1411 1239 caput
1433 1175 1517 1224 est
1543 1166 1821 1235 Ecclesia,
1852 1167 1928 1223 sic
1948 1169 2061 1223 Ec-

463 1257 685 1314 clesiam
724 1258 1035 1314 nominavit
1078 1273 1110 1314 a
1143 1258 1337 1331 capite.
1384 1255 1623 1313 Perinde
1653 1258 1805 1313 enim
1842 1264 1906 1313 ut
1940 1272 2061 1313 cor-

464 1362 567 1418 pus
596 1356 649 1403 et
690 1355 853 1420 caput
885 1363 1029 1403 unus
1079 1355 1208 1404 sunt
1234 1347 1432 1417 homo,
1473 1346 1823 1403 consimilem
1869 1346 1941 1402 ad
1967 1361 2057 1403 ra-

462 1436 695 1505 tionem,
755 1436 1057 1493 Ecclesiam
1104 1445 1161 1494 et
1204 1436 1502 1502 Christum,
1553 1436 1723 1492 veluti
1762 1452 1961 1507 corpus
2001 1444 2059 1492 et

462 1533 647 1598 caput,
696 1542 870 1581 unum
916 1541 1035 1582 esse
1069 1525 1270 1594 sciens,
1318 1541 1420 1598 pro
1477 1525 1718 1581 Ecclesia
1769 1525 2051 1581 Christum

458 1615 664 1687 posuit.
696 1616 840 1671 Dicit
868 1615 1053 1688 igitur,
1092 1615 1323 1688 quodin
1355 1614 1590 1671 Ecclesia
1613 1630 1835 1687 quoque
1878 1631 2055 1672 unum

459 1704 736 1777 quoddam
767 1719 961 1761 omnes
988 1720 1202 1774 sumus,
1232 1704 1449 1761 etiamsi
1471 1720 1545 1761 ex
1590 1704 1822 1762 diversis
1844 1704 2056 1763 ordini-

459 1793 561 1849 bus
575 1793 645 1850 sit
670 1793 1087 1851 concinnatum.

529 1884 704 1939 Vsus.
735 1888 821 1939 13.
858 1907 883 1932 α
915 1883 1128 1973 Etenim
1162 1883 1221 1973 in
1263 1899 1373 1940 uno
1398 1883 1609 1956 Spiritu
1638 1898 1835 1973 omnes
1851 1898 1968 1973 nos
1992 1883 2051 1938 in
2085 1910 2132 1973 Β

2168 1000 2298 1057 τον;
2345 980 2524 1039 πάντα
2552 980 2658 1061 γὰρ
2703 969 2762 1038 ἔν
2813 981 2979 1040 ἐστιν.
3030 1006 3056 1033 ι
3101 977 3289 1045 Οὕτως
3320 999 3351 1037 n
3409 969 3542 1054 οὖν,
3597 980 3772 1062 φησι,

2174 1095 2199 1121 κ
2238 1067 2347 1129 Καὶ
2374 1071 2404 1127 ὁ
2440 1067 2669 1149 Χριστός
2700 1086 2719 1105 ⁶
2752 1094 2777 1122 υ
2813 1067 3079 1129 τουτέστιν
3103 1113 3122 1145 ,
3167 1073 3201 1143 ἡ
3224 1073 3324 1128 τοῦ
3355 1068 3599 1148 Χριστοῦ
3626 1067 3768 1130 Ἐκ-

2167 1158 2389 1229 κλησία.
2418 1156 2573 1219 Ἐπεὶ
2616 1158 2719 1237 γὰρ
2749 1157 2957 1238 κεφαλή
2992 1161 3134 1217 ἐστιν
3165 1159 3194 1216 ὁ
3222 1156 3455 1238 Χριστὸς
3499 1162 3596 1231 τῆς
3624 1156 3767 1220 Ἐκ-

2164 1246 2420 1322 κλησίας,
2462 1245 2603 1307 οὕτω
2648 1247 2745 1319 τὴν
2793 1245 3127 1321 Ἐκκλησίαν
3176 1247 3460 1325 ὠνόμασεν
3511 1247 3620 1307 ἀπὸ
3666 1251 3768 1318 τῆς

2164 1340 2415 1418 κεφαλῆς.
2451 1337 2713 1418 Καθάπερ
2757 1336 2861 1419 γὰρ
2906 1335 2966 1396 τὸ
3011 1340 3171 1414 σῶμα
3218 1337 3309 1396 xui
3340 1342 3375 1411 ἡ
3425 1337 3636 1420 κεφαλὴ
3690 1328 3764 1406 εἶς

2164 1428 2308 1486 ἐστιν
2339 1426 2609 1507 ἄνθρωπος
2638 1450 2650 1464 ·
2692 1425 2831 1485 οὕτω
2874 1427 2965 1486 xui
2996 1427 3095 1499 τὴν
3146 1426 3481 1499 Ἐκκλησίαν
3526 1426 3621 1487 καὶ
3668 1426 3761 1489 τὸν

2161 1515 2427 1595 Χριστὸν,
2457 1520 2528 1584 ὡς
2565 1519 2724 1593 σῶμα
2754 1516 2846 1575 xui
2874 1514 3110 1600 κεφαλὴν
3130 1564 3147 1593 ,
3182 1516 3239 1576 ἓν
3280 1516 3464 1591 εἰδὼς,
3510 1516 3632 1577 ἀντὶ
3660 1520 3758 1590 τῆς

2161 1604 2483 1680 Ἐκκλησίας
2524 1606 2613 1665 τὸν
2665 1605 2896 1685 Χριστὸν
2942 1605 3164 1669 τέθεικε.
3210 1606 3364 1680 Φησὶ
3412 1605 3587 1668 τοίνυν
3613 1653 3631 1683 ,
3674 1605 3759 1666 ὅτι

2160 1695 2250 1755 xui
2280 1700 2333 1754 ἐν
2478 1696 2777 1778 Ἐκκλησία
2823 1694 2879 1756 ἓν
2926 1720 2979 1755 τι
3022 1696 3216 1765 πάντες
3256 1695 3451 1776 ἐσμὲν,
3480 1699 3530 1757 εἰ
3560 1696 3656 1758 xui
3683 1698 3747 1758 ἔκ

2161 1785 2421 1867 διαφόρων
2450 1786 2740 1865 ταγμάτων
2771 1785 3069 1863 σύγκειται.

2251 1874 2419 1936 «Καὶ
2454 1874 2559 1956 γὰρ
2600 1877 2656 1936 ἐν
2705 1875 2782 1933 ἑνὶ
2824 1875 3104 1952 Πνεύματι
3140 1875 3336 1943 πάντες
3375 1879 3533 1953 ἡμεῖς
3577 1878 3651 1943 είς
3694 1874 3758 1936 ἓν

2200 1967 2234 1982 ~

456 1987 632 2028 unum
686 1988 889 2044 corpus
938 1971 1201 2044 baptizati
1250 1987 1468 2042 sumus,
1522 1973 1638 2030 sive
1682 1972 1884 2042 Judaei,
1937 1974 2045 2029 sive

2162 1967 2318 2043 σῶμα
2362 1963 2789 2043 ἐϐαπτίσθημεν,
2843 1964 2947 2024 εἴτε
2976 1965 3259 2040 Ἰουδαῖοι,
3300 1963 3409 2024 εἴτε
3449 1961 3740 2039 Ἕλληνες,

453 2061 705 2133 gentiles,
735 2061 848 2117 sive
870 2061 1032 2131 servi,
1063 2062 1177 2118 sive
1221 2060 1397 2119 liberi.
1431 2085 1457 2111 ν
1484 2062 1699 2119 Iudicat
1735 2061 1853 2134 jam
1880 2078 2050 2131 nunc,

453 2150 741 2223 quomodo
761 2151 1006 2207 Ecclesia
1040 2151 1382 2208 assimiletur
1400 2152 1566 2208 unius
1593 2152 1842 2224 corporis
1866 2168 2050 2209 exem-

454 2239 546 2311 plo
571 2238 826 2311 inquiens
853 2258 866 2297 :
899 2239 1013 2296 Sub
1042 2255 1157 2296 uno
1196 2240 1507 2313 eodemque
1543 2240 1751 2313 Spiritu
1791 2257 1894 2297 nos
1924 2256 2049 2298 om-

452 2344 573 2398 nes,
601 2337 657 2385 et
683 2344 787 2402 ego
834 2329 1003 2386 etiam
1058 2330 1173 2401 ipse
1212 2330 1437 2400 Paulus,
1477 2329 1733 2403 baptizati
1776 2346 1968 2387 sumus
1995 2331 2049 2387 iu

451 2432 629 2475 unum
655 2434 881 2491 corpus,
923 2419 1029 2476 hoc
1057 2427 1138 2476 est
1165 2426 1230 2477 ut
1261 2419 1438 2477 simus
1466 2435 1641 2475 unum
1671 2436 1891 2493 corpus.
1922 2423 2051 2478 Non

450 2508 603 2565 enim
631 2508 690 2564 in
717 2508 828 2565 alio
865 2508 1087 2581 quidem
1109 2517 1194 2573 tu,
1222 2509 1285 2565 in
1321 2510 1430 2566 alio
1481 2524 1607 2566 vero
1639 2525 1739 2583 ego
1786 2510 2049 2582 baptizati

447 2613 640 2654 sumus
690 2598 920 2669 Spiritu,
971 2614 1163 2654 verum
1224 2598 1282 2655 in
1329 2598 1542 2657 eodem.
1579 2598 1824 2657 Proinde
1870 2616 2049 2673 neque

447 2701 551 2757 ego
590 2686 856 2759 quiddam
875 2696 929 2744 te
946 2688 1300 2744 excellentius
1328 2687 1526 2745 habeo.
1559 2691 1703 2745 Nam
1733 2711 1759 2738 α
1782 2692 1847 2744 lu
1872 2706 2047 2748 unum

446 2791 648 2847 corpus
699 2776 956 2847 baptizati
1003 2793 1216 2847 sumus,
1273 2800 1300 2827 ι
1352 2794 1472 2850 pro,
1509 2780 1590 2835 Ut
1641 2778 1818 2835 simus
1870 2796 2048 2836 unum

446 2881 668 2937 corpus,
682 2874 739 2922 et
760 2867 791 2920 J
797 2866 936 2923 udaai
952 2875 1007 2923 et
1024 2867 1230 2939 Graci,
1262 2874 1319 2924 et
1360 2867 1503 2924 servi
1534 2876 1591 2925 et
1620 2867 1802 2924 liberi.
1827 2868 1885 2925 Si
1915 2885 2045 2942 ergo

447 2953 587 3011 adeo
634 2953 958 3028 disjuuctos,
988 2964 1254 3031 tantoque
1269 2956 1559 3013 intervallo
1600 2956 1890 3028 distantes,
1916 2960 2044 3031 Spi-

446 3045 586 3100 ritus
642 3044 927 3117 conjunxit
969 3054 1134 3119 atque
1165 3047 1345 3103 univit
1385 3046 1609 3103 :multo
1658 3047 1835 3120 magis
1886 3057 2044 3120 post-

442 3147 613 3205 quam
637 3150 811 3190 unum
834 3133 964 3191 facti
992 3150 1209 3204 sumus,
1251 3151 1365 3192 non
1390 3134 1657 3192 debemus
1706 3136 2037 3209 contristari,

442 3237 542 3279 ceu
571 3221 868 3280 discrimen
888 3224 1164 3297 quoddam
1189 3224 1262 3282 sit
1289 3224 1437 3281 inter
1464 3240 1588 3283 nos.

514 3334 544 3362 α
580 3313 648 3369 Et
674 3328 873 3370 omnes
907 3330 1021 3372 uno
1049 3315 1263 3387 Spiritu
1284 3314 1458 3387 potati
1500 3330 1714 3373 sumus.
1757 3337 1785 3365 ι»
1813 3316 2045 3373 Videtur

443 3399 536 3457 hic
562 3401 714 3475 loqui
736 3402 806 3460 de
850 3419 1041 3460 mensa
1074 3403 1393 3473 Dominica,
1414 3412 1470 3461 et
1506 3403 1576 3461 de
1615 3420 1756 3477 pane
1807 3414 1863 3461 et
1895 3406 2041 3464 vino.

440 3491 583 3547 Cum
627 3492 775 3550 enim
813 3492 963 3562 dicit,
1020 3493 1227 3565 Spiritu
1256 3493 1353 3566 qui
1400 3494 1610 3565 potavit
1651 3510 1777 3564 nos,
1814 3505 2044 3569 utraque

439 3579 722 3652 indicavit,
756 3598 959 3655 nempe
1011 3582 1343 3656 sanguinem
1380 3590 1438 3639 et
1462 3599 1706 3640 carnem.
1754 3588 2043 3642 Verumta-

440 3685 569 3728 men
596 3671 777 3729 verius
824 3680 927 3741 est,
966 3672 1119 3745 quod
1144 3672 1233 3729 hic
1275 3672 1533 3746 loquatur
1569 3673 1638 3730 de
1663 3690 1883 3732 accessu
1912 3676 2044 3749 Spi-

440 3760 598 3829 ritus,
627 3762 725 3834 qui
752 3762 917 3819 nobis
945 3770 1072 3834 post
1116 3761 1389 3834 baptisma
1430 3763 1726 3836 contingit,
1769 3773 1824 3821 et
1853 3766 2042 3838 prius-

437 3866 608 3924 quam
636 3859 984 3908 sacramenta
1023 3851 1375 3908 accedamus.
1410 3868 1440 3906 ι(
1482 3853 1662 3909 Potati
1713 3860 1903 3912 autem
1940 3872 2041 3912 su-

439 3955 588 4009 mus,
612 3963 637 3989 ιο
654 3939 792 3996 dixit
811 3956 906 4013 per
921 3940 1305 4013 metaphoram
1327 3948 1605 4013 sumptam
1635 3942 1703 3999 ab
1728 3944 2036 4013 arboribus,

440 4043 564 4101 quae
591 4028 793 4087 eodem
836 4028 985 4087 fonte
1010 4030 1332 4103 irrigantur.
1386 4033 1551 4088 Unus
1594 4032 1758 4106 igitur
1799 4034 2039 4107 Spiritus

440 4118 651 4188 potavit
676 4133 801 4188 nos,
828 4127 885 4176 et
914 4119 1078 4191 197
1108 4120 1388 4194 irrigavit,
1409 4128 1465 4177 et
1492 4136 1665 4177 unum
1689 4138 1892 4196 corpus
1918 4139 2037 4181 esse

437 4205 588 4263 fecit.

510 4298 688 4354 Vens.
728 4302 798 4354 14
828 4321 853 4348 ιι
887 4299 1105 4356 Etenim
1134 4315 1332 4372 corpus
1364 4316 1480 4357 non
1509 4308 1596 4358 est
1622 4316 1798 4358 unum
1849 4318 2033 4360 mem-

438 4386 622 4452 brum,
648 4386 749 4445 sed
799 4388 988 4446 multa.
1024 4414 1048 4438 ι
1104 4392 1187 4447 Ne
1213 4390 1450 4458 mireris,
1509 4390 1708 4464 inquit,
1759 4391 1910 4464 quod
1951 4401 2035 4449 tot

436 4492 566 4533 cum
590 4476 788 4548 simus,
819 4494 994 4536 unum
1024 4492 1223 4552 corpus
1256 4481 1448 4538 simus.
1479 4481 1707 4537 Etenim
1746 4489 1802 4537 et
1828 4481 1889 4537 in
1932 4482 2033 4538 hu-

437 4582 608 4624 mano
636 4584 864 4641 corpore
899 4585 932 4625 a
976 4568 1167 4627 multis
1182 4569 1448 4628 membris
1476 4585 1653 4626 unum
1696 4584 1900 4643 corpus
1950 4581 2035 4629 est

435 4657 699 4714 invenire.

504 4747 690 4804 Vnus.
725 4752 919 4817 15,16.
958 4771 984 4798 α
1018 4748 1074 4806 Si
1103 4748 1299 4806 dixerit
1322 4765 1439 4823 pes,
1464 4750 1593 4823 quia
1610 4752 1740 4807 Non
1764 4766 1889 4807 sum
1909 4768 2029 4810 ma-

432 4851 557 4905 nus,
579 4851 692 4892 non
720 4852 848 4893 sum
899 4837 971 4894 de
1010 4854 1240 4912 corpore
1269 4858 1283 4895 :
1322 4855 1463 4897 num
1484 4848 1773 4912 propterea
1801 4858 1917 4899 non
1944 4851 2030 4899 est

431 4925 502 4981 de
525 4930 799 4998 corpore?
824 4930 896 4983 Et
922 4927 967 4985 si
993 4928 1192 4985 dixerit
1242 4930 1412 4999 auris,
1461 4930 1726 5001 quoniam
1755 4946 1874 4987 non
1901 4947 2027 4989 sum

429 5015 641 5085 oculus,
672 5030 790 5072 non
819 5031 947 5074 sum
991 5017 1060 5074 de
1090 5033 1360 5091 corpore:
1405 5034 1542 5075 num
1581 5028 1868 5093 propterea
1913 5038 2027 5079 non

427 5113 513 5163 est
537 5106 607 5163 de
644 5109 920 5178 corpore?
952 5130 976 5156 ι
1020 5107 1328 5165 Introducit
1358 5108 1615 5165 membra
1663 5110 1941 5182 loquentia
1971 5120 2029 5169 et

430 5195 859 5265 murmurantia,
909 5196 1059 5269 quod
1089 5198 1204 5254 sint
1252 5197 1377 5254 aliis
1428 5197 1692 5257 inferiora
1733 5218 1748 5256 :
1790 5208 1852 5256 ut
1890 5200 2025 5257 dum

426 5284 665 5342 ostendit
710 5285 1094 5343 membrorum
1160 5286 1742 5346 obmurmurationem
1791 5289 2027 5347 absurde

423 5372 646 5444 factam,
664 5372 976 5447 pudefaciat
998 5390 1094 5431 eos
1118 5376 1212 5448 qui
1237 5377 1292 5431 in
1318 5376 1567 5434 Ecclesia
1594 5379 2026 5437 obmurmurant

420 5472 713 5537 propterea
751 5463 902 5537 quod
930 5466 1182 5523 nonnulli
1232 5466 1361 5538 ipsis
1414 5466 1529 5523 sint
1560 5472 1828 5543 majores.
1864 5471 2027 5528 Ponit

2160 2052 2265 2112 εἴτε
2312 2055 2529 2131 δοῦλοι,
2567 2054 2673 2113 εἴτε
2721 2053 2999 2133 ἐλεύθεροι.
3037 2080 3061 2107 ιι
3105 2057 3219 2116 Νῦν
3274 2054 3505 2114 δείκνυσι
3559 2057 3672 2123 πῶς
3720 2060 3756 2129 ἡ

2160 2142 2458 2216 Ἐκκλησία
2485 2142 2625 2204 ἔοικε
2669 2146 2745 2225 τῷ
2788 2147 2880 2202 τοῦ
2913 2144 3025 2213 ἑνὸς
3069 2142 3319 2223 σώματος
3360 2144 3715 2222 ὑποδείγματι
3739 2189 3759 2219 ,

2159 2232 2250 2293 καί
2281 2256 2475 2315 φησιν,
2527 2232 2608 2293 ὅτι
2656 2233 2801 2296 ⁶Υπὸ
2847 2235 3012 2294 αὐτοῦ
3041 2238 3135 2294 τοῦ
3163 2234 3254 2295 xui
3288 2234 3401 2304 ἑνὸς
3438 2233 3759 2312 Πνεύματος

2163 2325 2311 2400 ἡμεῖς
2338 2322 2532 2387 πάντες
2554 2369 2572 2404 ,
2602 2322 2696 2384 xui
2730 2321 2836 2402 ἐγὼ
2862 2325 2891 2382 ὃ
2922 2325 3172 2399 Παῦλος,
3204 2323 3407 2407 [φασὶν
3428 2322 3482 2407 ,]
3520 2323 3757 2383 ἐϐαπτί-

2157 2418 2359 2491 σθημεν
2386 2414 2459 2481 εἰς
2486 2412 2541 2472 ἓν
2559 2403 2750 2491 σῶμα,
2773 2411 3071 2489 τουτέστιν,
3095 2412 3233 2473 ὥστε
3252 2403 3305 2451 δθ
3330 2403 3546 2474 εἷναι-ἓν
3570 2418 3757 2491 σῶμα.

2156 2504 2239 2564 Οὐ
2269 2503 2373 2583 γὰρ
2398 2506 2451 2562 ἐν
2479 2502 2625 2585 ἄλλῳ
2651 2501 2748 2582 μὲν
2776 2503 2841 2563 σὺ
2859 2548 2875 2577 ,
2901 2505 2954 2563 ἓν
2985 2503 3133 2585 ἄλλῳ
3166 2503 3221 2563 δε
3269 2502 3375 2582 ἐγὼ
3414 2502 3755 2579 ἐϐαπτίσθη-

2157 2615 2253 2667 μεν
2301 2592 2617 2670 Πνεύματι,
2676 2591 2795 2653 ἀλλ’
2850 2596 2904 2653 ἐν
2956 2596 3034 2674 τῷ
3081 2594 3248 2674 αὐτῷ.
3283 2591 3456 2654 "ﬂare
3499 2591 3619 2654 οὐδὲ
3648 2587 3759 2673 ἐγὼ

2154 2678 2266 2794 ἔξω
2294 2682 2455 2742 πλέον
2558 2686 2678 2794 σοῦ.
2730 2704 2772 2791 «ἱ
2807 2685 2905 2794 Edif
2938 2709 2965 2737 ι
3000 2682 3103 2794 La?
3153 2682 3282 2794 «ἢέν
3320 2686 3479 2791 ⁶σῶμα
3520 2682 3757 2794 ἐϐαπτί-

2155 2776 2379 2848 σθημεν.
2420 2798 2447 2826 ιι
2495 2770 2639 2832 Ἀντὶ
2680 2775 2772 2832 τοῦ
2784 2819 2808 2845 ,
2839 2770 2964 2833 Ἵνα
3008 2770 3155 2851 ὦμεν
3197 2772 3254 2831 ἓν
3282 2776 3440 2851 σῶμα
3468 2770 3561 2832 xui
3605 2771 3748 2833 Ἰου-

2156 2860 2292 2921 δαῖοι
2333 2861 2429 2921 καὶ
2457 2861 2722 2935 Ἕλληνες
2744 2905 2761 2935 ,
2800 2861 2894 2922 καὶ
2940 2863 3116 2922 δοῦλοι
3152 2862 3245 2923 καὶ
3275 2862 3559 2943 ἐλεύθεροι.
3598 2864 3663 2926 Ei
3694 2863 3751 2922 δὲ

2151 2949 2271 3018 τοὺς
2299 2955 2548 3012 τοσοῦτον
2596 2950 2939 3026 διεστηκότας
2967 2951 3141 3025 ἥνωσε
3170 2952 3231 3012 τὸ
3260 2954 3517 3032 Πνεῦμα,
3549 2953 3737 3033 πολλῷ

2154 3041 2356 3117 μᾶλλον
2404 3040 2541 3118 μετὰ
2586 3040 2647 3101 τὸ
2679 3039 2924 3121 γενέσθαι
2973 3041 3055 3117 ἓν,
3104 3043 3199 3102 οὔκ
3242 3043 3521 3124 ὀφείλομεν
3564 3043 3749 3102 λυπεῖ-

2152 3135 2302 3206 σθαι,
2326 3133 2401 3201 ὥς
2431 3133 2688 3213 διαφορᾶς
2715 3154 2853 3200 τινος
2880 3129 3044 3207 οὔσης
3071 3133 3125 3192 ἐν
3154 3136 3313 3213 ἡμῖν.

2235 3335 2259 3364 ι
2303 3307 2413 3371 Καὶ
2440 3308 2635 3380 πάντες
2679 3312 2754 3379 εἷς
2780 3308 2836 3370 ἓν
2882 3311 3109 3389 Πνεῦμα
3148 3310 3533 3389 ἐποτίσθημεν.
3566 3336 3592 3366 ι
3632 3314 3747 3373 Δο⁶

2153 3407 2236 3459 κεῖ
2283 3398 2380 3477 μὲν
2422 3400 2593 3478 λέγειν
2638 3398 2762 3480 περὶ
2793 3404 2887 3473 τῆς
2918 3404 3284 3478 πνευματικῆς
3314 3400 3614 3483 τραπέζης,
3646 3405 3741 3461 τοῦ

2152 3510 2209 3547 τε
2236 3486 2397 3569 ἄρτου
2428 3488 2472 3524 ⁹¹
2508 3486 2600 3548 xui
2638 3496 2728 3551 τοῦ
2759 3489 2922 3550 οἴνου.
2961 3492 3187 3567 Πνεῦμα
3221 3489 3324 3571 γὰρ
3362 3489 3527 3550 εἰπὼν
3564 3488 3626 3550 τὸ
3651 3513 3753 3550 πο-

2151 3578 2305 3637 τίσαν
2334 3583 2513 3656 ἡμᾶς,
2542 3579 2821 3661 ἀμφότερα
2856 3579 3092 3653 ἐδήλωσε
3111 3622 3132 3655 ,
3160 3580 3223 3641 τό
3254 3603 3314 3640 τε
3352 3571 3489 3658 αἷμα
3524 3580 3618 3640 καὶ
3650 3581 3750 3652 τὴν

2154 3668 2353 3746 σάρκα.
2420 3667 2577 3741 Πλὴν
2620 3668 2681 3728 τὸ
2711 3670 3117 3752 ἀληθέστερον,
3144 3668 3241 3742 τὴν
3290 3670 3621 3752 ἐπιφοίτησιν
3652 3676 3750 3731 τοῦ

2150 3755 2466 3836 Πνεόματός
2510 3782 2668 3838 φησιν
2701 3760 2954 3835 ἐνταῦθα,
3000 3757 3096 3832 τὴν
3149 3758 3257 3819 ἀπὸ
3298 3765 3391 3821 τοῦ
3425 3759 3743 3840 βαπτίσμα-

2148 3870 2233 3916 τος
2282 3849 2351 3915 ei;
2396 3853 2539 3925 ἡμᾶς
2591 3848 2912 3931 γενομένην,
2969 3849 3059 3909 xui
3104 3849 3210 3930 πρὸ
3262 3853 3368 3909 τῶν
3410 3850 3742 3931 μυστηρίων.

2156 3957 2184 3993 (ι
2216 3935 2613 4013 Ἐποτίσθημεν
2648 3936 2702 3997 δὲ
2735 3966 2760 3991 ι
2791 3928 2970 4013 εἶπεν,
3014 3938 3120 3999 ἀπὸ
3145 3928 3453 4021 μεταφορᾶς
3484 3928 3741 3998 τῶν-δέν-

2146 4026 2282 4105 δρων
2314 4024 2456 4109 [καὶ]
2499 4028 2604 4085 τῶν
2647 4028 2709 4087 ἐκ
2746 4032 2840 4100 τῆς
2878 4029 3042 4100 αὐτῆς
3082 4026 3499 4109 ἀρδευῘο]μένων
3540 4032 3739 4107 πηγῆς.

2144 4112 2247 4174 ⁶Εν
2283 4105 2387 4200 οὖη
2416 4117 2640 4194 Πνεῦμα
2665 4117 2902 4178 ἐπότισεν
2940 4122 3083 4196 ἡμᾶς
3112 4105 3205 4178 καὶ
3234 4105 3498 4200 ἥρῦευσε,
3541 4105 3642 4179 καὶ.
3678 4118 3736 4178 εν

2146 4206 2305 4283 σῶμα
2337 4194 2475 4264 εἶναι
2507 4205 2747 4280 ἐποίησε.

2231 4316 2263 4353 α
2308 4294 2417 4355 Καὶ
2447 4295 2551 4375 γὰρ
2598 4295 2660 4354 τὸ
2702 4298 2862 4374 σῶμα
2918 4297 3015 4358 οὐκ
3066 4296 3209 4357 ἔστιν
3257 4295 3312 4357 ἓν
3354 4298 3548 4378 μέλος,
3596 4298 3739 4359 ἀλλὰ

2143 4384 2339 4445 πολλά.
2370 4411 2397 4437 ι
2447 4384 2543 4457 Μὴ
2575 4386 2887 4467 θαυμάσῃς,
2922 4387 3113 4469 φησὶν,
3160 4388 3206 4446 εἰ
3232 4394 3471 4449 τοσοῦτοι
3510 4387 3653 4456 ὄντες
3682 4386 3740 4447 εν

2145 4473 2304 4550 σῶμά
2336 4476 2514 4552 ἐσμεν.
2567 4475 2679 4536 Καὶ
2714 4476 2817 4555 γὰρ
2849 4476 2941 4535 xui
2974 4477 3062 4536 ἐπὶ
3107 4482 3198 4537 τοῦ
3254 4476 3585 4558 ἀνθρωπίνου
3629 4477 3737 4538 σώ-

2143 4587 2311 4642 ματος
2338 4564 2446 4623 ἀπὸ
2472 4566 2684 4626 πολλῶν
2714 4568 2893 4643 μελῶν
2923 4566 2975 4627 ἓν
3016 4569 3175 4646 σῶμα
3207 4566 3352 4627 ἔστιν
3376 4572 3575 4649 εὓρεῖν.

2219 4774 2246 4800 ι
2275 4746 2406 4809 Ἐὰν
2436 4748 2560 4830 εἴπῃ
2603 4752 2633 4809 δ
2662 4754 2826 4827 ποῦς,
2863 4749 2945 4810 ὅτι
2986 4754 3105 4812 Οὐκ
3153 4751 3263 4829 εἰμὶ
3296 4750 3417 4833 χεὶρ
3438 4799 3455 4826 ,
3483 4752 3581 4812 οὐκ
3622 4751 3735 4829 εἰμὶ

2140 4838 2198 4895 ἐκ
2243 4842 2335 4897 τοῦ
2384 4837 2661 4916 σώματος’
2699 4843 2759 4900 οὖ
2808 4842 2960 4923 παρὰ
3000 4846 3154 4923 τοῦτο
3204 4844 3301 4901 οὐκ
3345 4838 3489 4900 ἔστιν
3542 4842 3603 4901 ἐκ
3640 4846 3737 4901 τοῦ

2138 4924 2419 5003 σώματος;
2448 4931 2560 4990 Καὶ
2591 4928 2682 4989 ἐὰν
2720 4931 2846 5008 εἴπῃ
2877 4922 2938 4991 τὸ
2966 4922 3085 5006 οῦς,
3118 4930 3199 4991 ὅτι
3230 4933 3349 4993 Οὐκ
3391 4929 3503 5006 εἰμὶ
3533 4932 3737 5011 ὀφθαλ-

2138 5014 2261 5094 μὸς,
2308 5018 2404 5076 οὐκ
2446 5017 2556 5095 εἰμὶ
2599 5023 2660 5079 ἐκ
2697 5025 2788 5079 τοῦ
2838 5018 3084 5098 σώματος
3108 5043 3123 5059 ο
3174 5024 3233 5080 οὐ
3272 5019 3423 5102 παρὰ
3450 5024 3610 5080 τοῦτο
3638 5022 3738 5081 οὒκ

2136 5108 2276 5165 ἐστιν
2308 5108 2369 5167 ἐκ
2398 5112 2492 5169 τοῦ
2539 5107 2825 5188 adipata-oc;
2870 5136 2895 5164 ν
2947 5110 3173 5190 Εἷσάγει
3223 5111 3291 5169 τὰ
3337 5109 3477 5188 μέλη
3518 5110 3735 5192 φθεγγό-

2137 5219 2273 5273 μενα
2304 5196 2398 5256 καὶ
2437 5199 2759 5277 γογγύζοντα
2803 5199 2892 5260 διὰ
2935 5199 2995 5259 τὸ
3022 5202 3370 5273 ἠλαττῶσθαι
3397 5202 3504 5258 τῶν
3552 5200 3733 5260 ἄλλων

2135 5288 2309 5362 μελῶν
2338 5333 2355 5365 ,
2392 5286 2476 5347 ἵνα
2511 5288 2599 5347 διὰ
2630 5295 2721 5348 τοῦ
2750 5290 2919 5360 δεῖξαι
2948 5288 3039 5350 τὸν
3073 5287 3378 5370 γογγυσμὸν
3409 5294 3515 5349 τῶν
3558 5291 3737 5366 μελῶν

2134 5375 2453 5457 παραλόγως
2497 5377 2805 5457 γινόμενον,
2846 5378 3073 5461 ἐντρέψῃ
3125 5379 3249 5447 τοὺς
3297 5380 3353 5439 ἕν
3498 5377 3734 5451 Ἐκκλη-

2134 5402 2453 5457 παραλογως
2497 5402 2805 5457 γινομενον,
2846 5402 2935 5439 εντ
2971 5402 3073 5461 εψῃ
3125 5402 3249 5447 τους
3297 5402 3353 5439 εν
3389 5402 3458 5459 τῃ
3518 5402 3727 5451 ικκΛηε

2134 5463 2227 5547 σίᾳ
2257 5468 2634 5547 γογγύζοντας,
2667 5467 2754 5529 διὰ
2797 5468 2860 5532 τὸ
2905 5402 3041 5530 εἷναί
3072 5493 3218 5538 τινας
3271 5468 3481 5549 μείζους
3526 5471 3727 5529 αὐτῶν.

1819 5622 2005 5684 Variae
2047 5624 2357 5691 lectiones.

485 5706 529 5739 9°
557 5707 626 5770 εἰς
648 5710 707 5762 τό
731 5725 787 5764 ο.
866 5709 907 5744 ⁰¹
937 5711 1160 5765 τουτέστι
1190 5714 1278 5764 τοῦ
1308 5711 1459 5782 ἄρτου
1488 5727 1542 5769 ο.
