4110 6420
368 451 473 502 717

1271 451 1624 510 EXPOSITIO
1660 451 1728 508 IN
1765 452 1974 508 EPIST.
2017 453 2036 507 Ι
2074 454 2165 507 AD
2204 454 2362 509 (ΞΟΠ.
2407 484 2472 493 -
2499 453 2651 509 CAP.
2693 455 2806 511 XII.

3567 463 3676 514 718

361 572 560 645 Τίθησι
590 572 648 632 δὲ
696 575 792 634 δύο
828 573 967 654 ἄκρα
987 621 1003 650 ,
1052 577 1190 636 πόδα
1237 577 1330 636 καὶ
1360 578 1526 650 ἀκοήν
1558 601 1572 616 ο
1605 578 1697 638 καὶ
1741 580 1800 636 οὗ
1832 587 1957 637 ποιε’

2083 587 2272 634 autem
2299 577 2411 634 duo
2435 586 2696 648 extrema,
2729 577 2926 651 pedem
2967 585 3023 634 et
3049 594 3264 637 aurem.
3313 583 3427 637 Nec
3465 582 3670 654 pedem

364 663 458 722 τὸν
502 661 641 722 πόδα
672 666 752 744 τῷ
782 666 1040 746 ὀφθαλμῷ
1068 667 1477 747 διαλεγόμενον,
1509 669 1648 726 ἀλλὰ
1694 671 1763 748 τῇ
1791 668 1968 746 ὀλίγον

366 752 706 833 ὑπερεχούσῃ
765 757 930 813 αὐτοῦ
989 754 1148 836 χειρί.
1246 756 1361 829 Τὴν
1436 755 1614 834 μέντοι
1669 758 1836 829 ἀκοὴν
1893 761 1970 838 τῷ

363 845 625 925 ὀφθαλμῷ
691 844 894 922 εἰσάγει
927 847 1326 925 ’διαλεγομένην
1372 870 1387 885 ο
1442 846 1525 905 ἀεὶ
1581 844 1685 927 γὰρ
1746 848 1807 906 οὗ
1865 855 1972 914 τοῖς

364 932 572 1015 σφόδρα
609 933 985 1014 ὑπερέχουσιν,
1032 936 1173 995 ἀλλὰ
1218 937 1326 1005 τοῖς
1375 935 1550 1015 ὀλίγον
1604 935 1970 1010 ἀναϐεϐηκόσι

363 1027 572 1104 φθονεῖν
603 1021 882 1100 εἰώθαμεν.
934 1025 1116 1097 Φησὶν
1147 1017 1268 1101 οὖν,
1293 1025 1375 1084 ὅτι
1422 1025 1553 1085 Ἐὰν
1585 1025 1708 1106 εἴπῃ
1740 1028 1768 1084 6
1791 1032 1926 1094 ποῦς
1952 1074 1968 1102 ,

363 1110 451 1170 ὅτι
477 1111 611 1169 διότι
647 1113 744 1170 οὐκ
788 1112 898 1192 ἔχω
940 1114 1034 1184 τὴν
1079 1113 1248 1192 μέσην
1277 1113 1462 1194 χώραν
1503 1118 1572 1180 ὡς
1598 1119 1630 1185 ἡ
1662 1114 1783 1196 χεὶρ
1803 1162 1820 1193 ,
1849 1117 1969 1175 ἀλλ’

361 1200 622 1260 ὑποκάτω
652 1200 870 1261 πάντων
905 1203 1034 1279 εἰμὶ,
1080 1204 1176 1263 οὐκ
1207 1203 1318 1280 εἰμὶ
1355 1203 1511 1285 μέρος
1551 1211 1644 1262 τοῦ
1675 1203 1921 1282 σώματος
1954 1229 1968 1244 ·

362 1290 426 1348 οὔ
473 1290 624 1371 παρὰ
663 1295 848 1365 τοῦτο,
898 1291 1016 1350 ἀντὶ
1059 1297 1183 1363 τοῦ,
1238 1291 1372 1351 διότι
1423 1294 1518 1352 οὐκ
1563 1292 1677 1352 ἔστι
1706 1297 1850 1372 χεὶρ,
1882 1295 1970 1352 διὰ

360 1383 521 1438 τοῦτο
548 1379 826 1461 οὖκμέστιν
877 1382 935 1438 ἐκ
975 1386 1070 1439 τοῦ
1120 1379 1404 1461 σώματοςς
1456 1384 1539 1442 Οὖ
1592 1383 1697 1459 γὰρ
1747 1387 1775 1441 6
1808 1382 1969 1451 τόπος

365 1473 510 1527 ποιεῖ
530 1469 592 1527 τὸ
619 1457 756 1527 εἶναι
789 1469 948 1550 μέρος
979 1476 1071 1530 τοῦ
1114 1457 1397 1548 σώματος,
1426 1471 1460 1543 ἢ
1505 1470 1580 1548 μὴ
1606 1457 1790 1549 εἶναι,
1829 1472 1969 1532 ἀλλὰ

363 1557 431 1616 τὸ
459 1562 732 1632 ἡνῶσθαι,
761 1558 796 1630 ἢ
835 1558 909 1637 μὴ
932 1563 1193 1640 ἡνῷσθαι.
1223 1560 1507 1628 Ὡσαύτως
1529 1562 1622 1620 καὶ
1653 1561 1742 1620 ἐὰν
1771 1565 1805 1634 ἡ
1834 1560 1968 1634 ἀκοὴ

366 1647 528 1726 εἴπῃ,
560 1647 816 1731 ὅτι-Διότι
845 1651 940 1708 οὐκ
967 1650 1076 1727 εἰμὶ
1114 1648 1416 1731 ὀφθαλμὸς,
1451 1650 1833 1726 ἀποϐάλλομαι
1875 1652 1968 1710 καὶ

364 1735 429 1795 τὸ
457 1734 592 1804 ὅλως
631 1727 764 1796 εἶναι
807 1736 966 1820 μέρος
1004 1745 1095 1798 τοῦ
1141 1738 1390 1818 σώματος
1417 1762 1431 1777 ο
1467 1742 1527 1800 οὗ
1558 1739 1648 1799 διὰ
1677 1744 1834 1800 τοῦτο
1875 1740 1968 1799 καὶ

364 1825 506 1898 αὐτὴ
535 1830 630 1886 οὐκ
656 1827 808 1888 ἔσται
836 1830 897 1888 ἐκ
933 1833 1026 1888 τοῦ
1073 1827 1349 1906 σώματος;
1383 1828 1545 1890 Ἀλλὰ
1586 1830 1674 1889 τὸν
1720 1828 1773 1898 ἐξ
1799 1834 1969 1909 ἀρχῆς

2083 683 2213 724 cum
2234 669 2392 726 oculo
2421 667 2783 725 disserentem
2804 666 3036 737 inducit,
3057 668 3155 726 sed
3171 685 3300 726 cum
3328 687 3521 739 manu,
3547 673 3669 745 ipso

2081 757 2482 829 aliquantulum
2523 757 2825 830 superiore.
2859 757 3127 814 Auditum
3154 767 3340 815 autem
3367 760 3673 819 introducit

2081 862 2211 903 cum
2249 849 2407 904 oculo
2449 847 2849 920 disputantem;
2881 847 2958 904 eis
3007 849 3158 904 enim
3186 848 3282 920 qui
3320 849 3480 922 longe
3507 851 3669 907 nobis

2079 938 2492 1009 supereminent
2517 953 2803 1009 nunquam
2842 937 3086 994 invidere
3147 938 3411 1009 solemus,
3457 939 3557 996 sed
3607 940 3673 996 iis

2079 1027 2170 1098 qui
2199 1027 2359 1098 paulo
2382 1027 2546 1083 altius
2570 1027 2956 1084 ascenderunt.
2991 1027 3083 1083 Ait
3139 1027 3309 1100 igitur
3341 1047 3354 1084 :
3397 1028 3564 1101 Quod
3621 1030 3669 1087 si

2078 1115 2284 1172 dixerit
2313 1132 2423 1187 pes,
2457 1117 2582 1188 quia
2611 1132 2725 1173 non
2755 1116 2930 1174 habeo
2965 1116 3216 1174 medium
3262 1119 3453 1175 locum
3505 1134 3666 1191 aeque

2078 1219 2141 1261 ac
2159 1221 2379 1278 manus,
2411 1206 2510 1262 sed
2537 1222 2665 1263 sum
2689 1207 2943 1263 omnium
2972 1207 3218 1278 iniimus,
3237 1223 3355 1264 non
3381 1223 3506 1264 sum
3533 1225 3666 1282 ergo

2078 1309 2206 1366 pars
2230 1295 2474 1368 corporis
2523 1314 2538 1351 :
2577 1296 2843 1370 numquid
2888 1305 3194 1369 propterea,
3252 1297 3360 1354 hoc
3407 1306 3493 1354 est
3538 1299 3667 1371 quia

2077 1401 2190 1441 non
2212 1395 2297 1443 est
2326 1402 2543 1454 manus,
2574 1403 2686 1443 non
2715 1394 2800 1443 est
2823 1385 2952 1443 ideo
2985 1402 3050 1443 ex
3078 1403 3309 1458 corpore
3327 1390 3351 1442 Ρ
3369 1389 3493 1444 Non
3515 1388 3664 1444 enim

2079 1475 2234 1532 locus
2271 1485 2353 1532 est
2405 1477 2466 1532 in
2496 1493 2684 1546 causa,
2740 1493 2842 1534 cur
2867 1477 2938 1534 sit
2967 1492 3091 1548 pars
3135 1478 3405 1549 corporis,
3434 1478 3518 1534 vel
3554 1495 3668 1534 non

2078 1563 2152 1618 sit
2183 1580 2372 1620 verum
2403 1564 2553 1636 quod
2592 1566 2811 1637 corpori
2849 1565 3070 1621 unitum
3112 1565 3186 1622 sit
3214 1567 3296 1622 vel
3324 1581 3461 1622 non.
3503 1568 3666 1622 Hunc

2076 1651 2148 1708 ad
2174 1653 2407 1709 modum
2454 1654 2499 1709 si
2530 1654 2677 1710 auris
2721 1654 2936 1723 dixerit,
2977 1655 3118 1725 Quia
3147 1671 3259 1711 non
3284 1671 3412 1712 sum
3449 1657 3666 1727 oculus,

2075 1757 2200 1798 eam
2227 1743 2298 1799 ob
2337 1757 2562 1799 causam
2593 1743 2760 1799 orbor
2788 1744 3018 1800 omnino
3056 1759 3142 1814 eo,
3169 1752 3232 1800 ut
3253 1744 3362 1800 sim
3394 1761 3520 1817 pars
3548 1762 3670 1802 cor-

2077 1831 2228 1905 poris
2258 1851 2270 1887 :
2318 1848 2454 1888 num
2480 1841 2766 1905 propterea
2797 1841 2851 1889 et
2869 1833 2986 1904 ipsa
3011 1848 3124 1888 non
3144 1834 3250 1888 erit
3284 1849 3350 1888 ex
3387 1850 3619 1906 corpore
3648 1841 3670 1891 Ρ

363 1916 505 1997 αὐτῇ
551 1915 814 1996 ταχθέντα
845 1916 1006 1978 τόπον
1040 1918 1268 1998 ἔχουσα,
1317 1920 1410 1978 καὶ
1440 1918 1538 1992 τὴν
1570 1917 1770 1978 οἰκείαν
1818 1908 1957 2002 ἐνερ-

2075 1922 2249 1994 Atqui
2274 1937 2402 1978 cum
2429 1921 2612 1978 locum
2651 1921 2758 1978 sibi
2791 1939 2821 1977 a
2848 1921 3115 1994 principio
3171 1921 3507 1979 destinatum
3538 1925 3668 1980 reti-

362 2011 537 2085 γοῦσα
582 2006 885 2086 ἐνέργειαν,
923 2007 1015 2066 καὶ
1062 2008 1197 2082 αὕτη
1248 2007 1398 2068 ἔσται
1451 2008 1608 2089 μέρος
1657 2010 1749 2068 καὶ
1807 2009 1965 2086 μέλος

361 2100 456 2154 τοῦ
490 2095 758 2174 σώματος.
792 2094 970 2157 Ὥστε
999 2099 1091 2156 καὶ
1121 2096 1187 2156 σὺ
1240 2103 1268 2158 6
1310 2102 1478 2158 δοκῶν
1526 2098 1586 2156 τὸ
1616 2099 1832 2158 ἔλαττον
1864 2102 1962 2157 λα-

361 2183 477 2244 ϐεῖν
505 2186 747 2268 χάρισμα
768 2231 786 2260 ,
835 2186 910 2263 μὴ
938 2186 1183 2266 γόγγυζε.
1217 2188 1393 2268 Μέρος
1423 2186 1527 2268 γὰρ
1569 2178 1619 2248 εἶ
1652 2193 1742 2248 τοῦ
1774 2187 1962 2260 σώμα-

359 2296 449 2340 τος
478 2279 573 2346 τῆς
606 2275 935 2348 Ἐκκλησίας
985 2279 1218 2354 Χριστοῦ
1241 2322 1258 2352 ,
1297 2279 1344 2335 εἰ
1375 2278 1468 2336 καὶ
1497 2279 1586 2338 τὸν
1617 2278 1767 2336 κάτω
1800 2277 1961 2338 τόπον

359 2361 573 2442 ἔλαχες.
605 2364 742 2425 Τότε
783 2364 840 2423 δὲ
887 2366 981 2425 οὔκ
1020 2356 1069 2424 εἷ
1097 2365 1283 2443 μέλος,
1314 2366 1440 2427 ὅταν
1474 2367 1775 2446 ἀποσχίσῃς
1802 2390 1961 2426 σεαυ-

357 2453 482 2527 τὸν,
535 2453 628 2512 καὶ
674 2458 769 2526 τῆς
814 2454 1050 2523 ἕνώσεως
1086 2457 1419 2536 ἀποῤῥαγῇς.
1476 2455 1732 2517 Φύλαττε
1786 2459 1958 2514 τοίνυν

357 2540 460 2614 τήν
491 2542 678 2604 ἕνωσιν
701 2589 719 2623 ,
744 2543 836 2603 ἐὰν
866 2544 1020 2626 θέλῃς
1051 2535 1396 2622 εἶναιμέλος.

449 2745 481 2784 (ι
526 2726 593 2785 Εἰ
643 2723 761 2784 ὅλον
793 2724 855 2784 τὸ
904 2727 1062 2803 σῶμα
1105 2725 1414 2808 ὀφθαλμὸς,
1455 2732 1559 2785 ποῦ
1602 2730 1636 2798 ἡ
1682 2724 1857 2805 ἀκοή;
1891 2727 1961 2786 Εἰ

354 2812 482 2873 ὅλον
512 2813 684 2891 ἀκοὴ,
714 2819 815 2875 ποῦ
847 2819 881 2887 ἡ
920 2815 1210 2897 ὄσφρησις;
1260 2841 1285 2870 υ
1310 2813 1534 2886 Ἐπειδὴ
1572 2817 1846 2895 ὀφθαλμοῦ
1869 2814 1960 2875 καὶ

357 2903 519 2971 ποδὸς
558 2903 833 2982 ἐμνήσθη,
885 2903 977 2963 καὶ
1017 2908 1179 2977 ἀκοῆς
1224 2904 1316 2966 καὶ
1358 2905 1565 2984 χειρὸς,
1619 2905 1710 2964 καὶ
1759 2905 1958 2985 ἤγαγεν

357 2992 552 3060 αὐτοὺς
579 2996 651 3061 εἷς
681 2992 882 3054 ἔννοιαν
917 2997 1011 3066 τῆς
1045 2997 1311 3075 ὓπεροχῆς
1331 2995 1423 3054 καὶ
1453 2999 1546 3066 τῆς
1580 2995 1919 3063 ἐλαττώσεως
1939 3043 1955 3076 ,

353 3083 450 3142 καὶ
487 3081 574 3142 διὰ
606 3088 761 3143 τοῦτο
788 3085 949 3143 πάλιν
995 3084 1134 3152 εἰκὸς
1170 3076 1234 3157 ἧν
1269 3083 1458 3153 αὐτοὺς
1487 3087 1802 3160 λυπεῖσθαι,
1834 3086 1954 3166 οὐχὶ

356 3179 792 3253 παραμυθεῖσθαι
836 3197 849 3211 ο

355 3252 508 3338 ἐστὶ,
559 3262 786 3343 διάφορα
818 3252 951 3322 εἶναι
997 3263 1337 3344 χαρίσματα.
1379 3265 1447 3323 Εἷ
1471 3264 1574 3344 γὰρ
1601 3262 1658 3322 ἓν
1709 3252 1958 3344 μέλοςήῆν

356 3352 420 3410 τὸ
477 3354 634 3428 σῶμα
681 3353 838 3426 ὅλον,
905 3361 1007 3413 ποῦ
1062 3343 1130 3412 τὰ
1184 3352 1380 3429 λοιπά;
1431 3355 1550 3412 Οὖκ
1593 3351 1819 3432 αἰσχύνῃ
1869 3343 1960 3413 οῦν

353 3445 593 3502 τοσαῦτα
625 3441 776 3520 ’μέλη
821 3441 1135 3518 ἐκϐάλλων,
1190 3443 1280 3502 καὶ
1333 3441 1554 3502 σεαυτὸν
1596 3443 1752 3518 μόνον
1796 3442 1956 3511 ἀξιῶν

353 3521 492 3590 εἶναι
513 3554 529 3607 ;

435 3649 462 3675 ιι
495 3624 608 3682 Νῦν
640 3623 695 3681 δὲ
735 3625 764 3682 6
792 3622 930 3688 Θεὸς
957 3621 1104 3681 ἔθετο
1136 3621 1205 3681 τὰ
1237 3621 1373 3701 μέλη
1396 3667 1413 3700 ,
1439 3621 1492 3680 ἓν
1521 3621 1743 3681 ἕκαστον
1775 3623 1953 3682 αὐτῶν

345 3713 409 3769 ἐν
438 3713 517 3792 τῷ
546 3709 789 3789 σώματι,
844 3711 1021 3778 καθὼς
1063 3715 1313 3784 ἠθέλησε.
1348 3734 1378 3772 ›)
1425 3712 1690 3789 Μεγάλως
1737 3712 1953 3770 ἐπιστο-

350 3799 496 3878 μίζει
528 3800 714 3869 αὐτοὺς
743 3801 831 3861 διὰ
850 3807 942 3861 τοῦ
982 3801 1177 3880 λέγειν,
1214 3803 1294 3860 ὅτι
1324 3805 1352 3861 6
1385 3801 1524 3868 Θεὸς
1566 3799 1828 3876 ἠθέλησε,
1859 3797 1953 3858 καὶ

348 3890 620 3972 ἀφώρισεν
663 3891 738 3950 ἑνὶ
781 3891 989 3969 ἑκάστῳ
1034 3891 1185 3969 μέλει
1216 3891 1304 3950 τὸν
1351 3895 1541 3950 οἰκεῖον
1570 3888 1731 3949 τόπον
1764 3891 1952 3970 (τοῦτο

348 3979 455 4060 γὰρ
487 3981 737 4058 σημαίνει
765 3981 853 4057 τὸ,
907 4001 936 4038 (ι
958 3977 1156 4041 Ἕθετο
1185 4007 1208 4032 ιι
1229 3983 1271 4060 ),
1302 3979 1396 4040 καὶ
1443 3980 1563 4040 οὔτε
1596 3981 1623 4038 6
1653 3985 1784 4045 ποῦς
1813 3979 1950 4060 ἔχων

345 4069 440 4129 τὸν
463 4069 634 4149 [κάτω
661 4071 820 4130 τόπον
862 4071 1058 4150 ὀφείλει
1090 4072 1271 4148 ἀλγεῖν
1308 4089 1324 4104 ⁶
1360 4071 1500 4131 οὕτω
1545 4068 1648 4150 γὰρ
1693 4068 1950 4141 ἠθέλησεν

346 4161 380 4217 6
407 4158 580 4237 Θεὸς,
606 4160 697 4219 καὶ
725 4166 882 4220 τοῦτο
910 4162 1054 4241 αὖτῷ
1081 4160 1372 4241 συμφέρει,
1399 4160 1460 4219 τὸ
1492 4159 1641 4219 κάτω
1668 4158 1944 4240 τετάχθαι.

347 4247 500 4309 Οὔτε
529 4252 563 4320 ἡ
593 4248 798 4329 κεφαλὴ
831 4248 928 4322 τὴν
961 4249 1074 4307 ἄνω
1104 4249 1288 4330 χώραν
1317 4249 1515 4330 ἔχουσα
1534 4297 1549 4322 ,
1579 4247 1779 4328 ὀφείλει
1805 4247 1952 4308 ἐπαί-

347 4343 557 4417 ρεσθαι’
591 4337 830 4420 [τοῦτο]
860 4339 962 4420 γὰρ
994 4339 1136 4398 Θεοῦ
1169 4342 1302 4411 ἐστι,
1326 4344 1482 4398 τοῦτο
1511 4341 1608 4397 οὐκ
1640 4339 1802 4410 αὐτῆς
1822 4360 1951 4396 κατ-

343 4427 587 4504 όρθωμα.
627 4419 826 4496 Οὕτως
859 4419 947 4489 οῦν
996 4428 1089 4486 καὶ
1121 4428 1207 4487 ἐπὶ
1245 4434 1340 4502 τῆς
1377 4427 1728 4504 Ἐκκλησίας,
1757 4431 1786 4486 6
1817 4426 1952 4494 Θεὸς

346 4515 507 4599 ἔθετοΔ
529 4523 709 4578 τοῦτον
747 4508 882 4578 εἶναι
925 4517 1106 4592 κάτω,
1128 4519 1220 4576 καὶ
1250 4517 1517 4599 συμφέρει
1545 4518 1692 4596 αὖτῷ
1723 4540 1735 4553 ·
1767 4520 1948 4575 κάκεῖ-

342 4628 434 4664 νον
458 4595 594 4666 εἶναι
624 4608 734 4668 ἄνω
760 4632 773 4646 ·
805 4606 898 4666 καὶ
929 4607 1008 4667 δεῖ
1041 4607 1130 4668 καὶ
1155 4613 1342 4668 τοῦτον
1391 4605 1632 4687 στέργειν
1651 4650 1670 4686 ,
1703 4608 1946 4666 κάκεῖνον

348 4695 428 4772 μὴ
462 4695 704 4776 αἴρεσθαι
736 4698 808 4754 ⁹².

435 4900 465 4939 ε
499 4880 567 4940 Εἰ
597 4878 652 4938 δὲ
672 4872 736 4954 ἧν
757 4878 826 4940 τὰ
857 4879 1034 4940 πάντα
1058 4879 1110 4940 ἓν
1144 4880 1328 4959 μέλος,
1357 4885 1462 4940 ποῦ
1493 4880 1554 4940 τὸ
1585 4884 1778 4956 σῶμας
1811 4879 1946 4939 Νυνὶ

342 4967 402 5028 δὲ
433 4968 609 5028 πολλὰ
653 4968 747 5046 μὲν
781 4971 918 5046 μέλη
944 5017 959 5047 ,
989 4969 1044 5029 ἓν
1073 4972 1127 5030 δὲ
1159 4975 1339 5047 σῶμα.
1385 4993 1413 5028 »
1447 4967 1598 5051 "Ope:
1631 4970 1820 5051 σοφίαν
1848 4969 1946 5037 ’Ἓξ

345 5061 509 5117 αὐτοῦ
537 5061 724 5120 τούτου
757 5061 1086 5138 ἐπιστομίζει
1125 5058 1344 5132 αὐτοὺς,
1389 5067 1482 5120 τοῦ
1526 5061 1802 5124 δοκοῦντος
1838 5061 1944 5138 ,ἐμ-

344 5151 517 5207 ποιεῖν
554 5147 648 5220 τὴν
683 5149 1048 5229 μικροψυχίαν
1073 5197 1091 5225 ,
1139 5149 1280 5229 φημὶ
1317 5148 1373 5207 δὲ
1416 5154 1510 5208 τοῦ
1543 5148 1767 5229 διάφορα
1813 5137 1945 5207 εἶναι

344 5174 517 5207 ποιειν
554 5174 648 5220 την
683 5174 1048 5229 μικροψυὰέαν
1073 5197 1091 5225 ,
1139 5174 1280 5229 φημι
1317 5174 1373 5207 οε
1416 5174 1510 5208 του
1543 5174 1767 5229 οιαφορα
1813 5174 1943 5207 εινοιι

341 5235 414 5318 τὰ
443 5237 778 5318 ξ’χαρίσματα
803 5283 821 5312 ,
854 5174 954 5299 καῖ
991 5239 1064 5314 μὴ
1106 5230 1244 5298 εἶναι
1270 5238 1487 5316 ἰσότιμα
1516 5238 1590 5300 9³.
1626 5239 1698 5297 Εἰ
1733 5236 1837 5315 γὰρ
1868 5235 1943 5313 μὴ

340 5317 484 5398 ἦσαν
511 5317 754 5408 ἷδιάφορα
789 5327 958 5406 μέλη,
1002 5328 1108 5388 οὐδ’
1142 5329 1205 5386 ἂν
1253 5326 1306 5388 ἓν
1348 5317 1608 5408 σῶμαγῆν
1635 5349 1649 5364 ·
1687 5323 1762 5402 μὴ
1798 5327 1946 5394 ὄντος

344 5417 400 5478 δὲ
441 5415 554 5486 ἑνὸς
600 5407 889 5497 σώματος,
937 5418 1053 5478 οὐδὲ
1102 5418 1341 5495 ἰσοτιμία
1397 5418 1461 5476 ἂν
1510 5407 1596 5489 ἦν.
1630 5419 1744 5477 Νῦν
1772 5415 1827 5474 δὲ
1862 5415 1948 5474 διὰ

338 5511 496 5565 τοῦτο
525 5507 764 5586 ἰσοτιμία
798 5508 942 5567 ἐστὶν
975 5511 1030 5566 ἐν
1061 5517 1196 5567 πᾶσι
1220 5553 1237 5582 ,
1268 5509 1402 5567 διότι
1442 5509 1514 5574 εἷς
1541 5506 1595 5566 ἓν
1629 5507 1789 5584 σῶμα
1821 5529 1947 5563 συν-

893 3179 981 3232 νῦν
1027 3173 1328 3247 δείκνυσιν,
1370 3171 1450 3232 ὅτι
1499 3173 1639 3233 οὕτω
1688 3173 1956 3255 συμφέρον

2068 3193 2238 3250 quam
2287 3177 2726 3233 consolationem
2760 3175 3006 3247 accipere

2070 2021 2223 2081 neat,
2254 2012 2636 2082 propriamque
2665 2011 3045 2083 operationem
3075 2020 3350 2083 operetur,
3381 2012 3499 2084 ipsa
3535 2030 3667 2086 quo-

2071 2116 2182 2173 que
2211 2101 2315 2157 erit
2338 2109 2394 2156 et
2423 2101 2735 2158 membrum
2767 2108 2824 2158 et
2863 2117 2991 2174 pars
3018 2102 3286 2172 corporis.
3336 2102 3572 2160 Proinde
3603 2113 3657 2160 ct

2071 2199 2152 2259 tu,
2178 2190 2270 2263 qui
2309 2190 2519 2247 donum
2560 2191 2743 2247 minus
2787 2192 3062 2262 accepisse
3094 2190 3316 2260 videris,
3369 2192 3482 2248 noli
3511 2209 3662 2250 mur-

2072 2295 2307 2336 murare.
2336 2281 2652 2337 Membrum
2687 2280 2835 2337 enim
2865 2296 2922 2337 es
2947 2281 3220 2346 Ecclesiae,
3250 2297 3374 2354 quae
3404 2290 3490 2338 est
3536 2299 3666 2338 cor-

2072 2385 2172 2442 pus
2200 2369 2426 2434 Cbristi,
2459 2369 2678 2426 etiamsi
2735 2368 3057 2426 inferiorem
3103 2370 3292 2426 locum
3347 2379 3542 2427 nactus
3573 2388 3651 2428 cs.

2071 2461 2217 2514 Tum
2248 2475 2373 2514 vero
2403 2475 2512 2514 non
2533 2475 2592 2515 es
2619 2459 2958 2528 membrum,
2989 2476 3117 2515 cum
3151 2459 3386 2531 teipsum
3413 2460 3661 2517 abscide—

2069 2547 2169 2616 ris,
2199 2556 2364 2619 atque
2387 2549 2456 2603 ab
2489 2549 2702 2604 unitate
2750 2549 2968 2604 avulsus
3001 2547 3192 2604 fueris.
3225 2549 3496 2606 Conserva
3549 2551 3652 2621 igi-

2070 2646 2164 2694 tur
2192 2640 2476 2706 unitatem,
2513 2637 2557 2692 si
2585 2638 2666 2694 vis
2691 2652 2810 2694 esse
2853 2637 3192 2693 membrum.

2145 2732 2324 2784 Vnus.
2361 2734 2443 2784 l7.
2479 2751 2502 2776 α
2533 2727 2587 2782 Si
2612 2734 2794 2782 totum
2809 2743 3008 2798 corpus
3038 2728 3252 2795 oculus,
3280 2728 3376 2784 ubi
3403 2727 3660 2786 auditus?

2073 2817 2126 2876 Si
2153 2827 2339 2874 totum
2373 2817 2608 2885 auditus,
2654 2817 2746 2872 ubi
2776 2815 3047 2872 olfactus?
3085 2840 3106 2866 ι)
3139 2817 3273 2886 Quia
3301 2817 3444 2872 oculi
3473 2827 3530 2874 et
3570 2835 3659 2889 pe-

2070 2908 2156 2965 dis
2195 2908 2551 2977 meminerat,
2583 2915 2639 2962 et
2669 2905 2888 2963 auditus
2919 2914 2974 2962 et
3003 2921 3220 2977 manus,
3249 2923 3449 2978 eosque
3480 2908 3537 2962 in
3561 2924 3653 2963 ex-

2069 2998 2335 3055 cellentiae
2377 2996 2730 3068 defectusque
2765 2995 3160 3068 cogitationem
3227 2996 3541 3068 induxerat,
3595 3014 3660 3054 ac

2071 3088 2363 3144 verisimile
2391 3095 2534 3143 esset
2563 3101 2754 3143 rursus
2790 3086 2942 3157 ipsos
2979 3101 3280 3142 maerorem
3319 3085 3445 3142 inde
3476 3087 3658 3156 potius

3055 3193 3068 3230 :
3111 3191 3260 3231 nunc
3302 3175 3543 3231 ostendit
3584 3176 3659 3233 ita

2068 3266 2436 3325 commodum
2463 3282 2602 3335 esse,
2629 3274 2692 3322 ut
2719 3266 2831 3322 sint
2870 3265 3086 3321 diversa
3114 3265 3280 3321 dona.
3316 3269 3454 3321 Nam
3499 3264 3542 3321 si
3567 3273 3654 3321 to-

2065 3364 2190 3414 tum
2211 3372 2410 3428 corpus
2437 3353 2586 3411 foret
2616 3369 2790 3410 unum
2817 3352 3159 3420 membrum,
3195 3353 3423 3409 ubinam
3449 3353 3655 3426 reliqua

2065 3449 2393 3502 manerent?
2436 3446 2564 3500 Non
2607 3444 2774 3517 igitur
2824 3443 2993 3515 pudet
3014 3451 3089 3511 te,
3136 3443 3229 3515 qui
3267 3450 3348 3499 tot
3401 3443 3657 3501 membra

2063 3535 2233 3608 ejicis,
2259 3544 2314 3592 et
2361 3543 2414 3592 te
2451 3534 2633 3591 solum
2661 3533 2896 3604 dignum
2952 3548 3072 3588 esse
3092 3532 3347 3604 judicas?

2132 3627 2312 3681 Vnus.
2351 3629 2435 3680 18.
2471 3645 2496 3672 (ι
2532 3625 2693 3678 Nunc
2731 3629 2914 3677 autem
2943 3620 3130 3691 posuit
3179 3624 3332 3677 Deus
3373 3622 3647 3690 membra,

2062 3713 2500 3786 unumquodque
2526 3726 2719 3768 eorum
2737 3711 2798 3766 in
2820 3725 3071 3781 corpore,
3099 3709 3250 3764 sicut
3274 3709 3469 3766 voluit.
3504 3734 3531 3761 ιι
3560 3714 3663 3768 Ve-

2063 3802 2346 3859 hementer
2369 3817 2464 3858 eos
2502 3799 2831 3871 compescit,
2870 3813 3000 3855 cum
3049 3797 3156 3867 ait,
3193 3798 3342 3870 quod
3378 3799 3525 3855 Deus
3563 3815 3662 3856 vo-

2061 3893 2184 3962 luit,
2233 3908 2296 3948 ac
2344 3890 2651 3963 segregavit
2696 3888 2864 3960 198
2916 3885 3184 3943 unicuivis
3226 3886 3478 3942 membro
3531 3903 3662 3960 pro-

2062 3982 2244 4056 prium
2273 3981 2457 4036 locum
2512 3978 2603 4050 (id
2658 3979 2806 4034 enim
2854 3976 3157 4048 signiﬁcat,
3201 3998 3227 4024 α
3273 3975 3468 4032 Posuit
3520 3977 3566 4046 Ι)
3607 3987 3663 4034 et

2062 4071 2212 4144 quod
2261 4085 2438 4140 neque
2489 4083 2606 4140 pes,
2663 4067 2788 4140 quia
2836 4065 3093 4121 inﬁmum
3127 4065 3312 4122 locum
3379 4065 3655 4137 obtineat,

2062 4176 2208 4232 agre
2259 4157 2401 4215 ferre
2455 4157 2673 4214 debeat.
2715 4155 2808 4213 Sic
2861 4155 3014 4211 enim
3043 4157 3195 4210 Deus
3248 4154 3658 4228 voluit:atque

2061 4250 2167 4307 hoc
2195 4249 2296 4321 ipsi
2329 4247 2563 4316 confert,
2596 4245 2653 4302 in
2685 4245 2802 4302 imo
2853 4244 2975 4301 loco
3013 4245 3255 4316 positum
3285 4261 3422 4301 esse.
3469 4247 3660 4318 Neque

2062 4347 2227 4412 caput
2272 4353 2594 4410 supremum
2638 4335 2822 4392 locum
2871 4333 3104 4403 habens,
3153 4343 3440 4407 propterea
3496 4335 3660 4393 debet

2061 4429 2266 4486 efferri.
2296 4428 2400 4484 Dei
2428 4427 2575 4483 enim
2605 4425 2732 4493 hoc,
2760 4440 2875 4482 non
2915 4424 3086 4496 ipsius
3137 4440 3277 4496 opus
3314 4433 3420 4480 est.
3467 4425 3653 4483 Consi-

1979 4489 2029 4550 D
2059 4520 2253 4576 milem
2281 4517 2353 4574 ad
2395 4516 2627 4573 modum
2652 4515 2707 4570 in
2720 4489 2972 4570 'Ecclesi-a
3006 4517 3158 4569 Deus
3175 4489 3478 4570 constituit
3507 4514 3655 4572 hunc

2055 4624 2172 4667 esse
2201 4606 2540 4675 inferiorem,
2558 4604 2612 4662 id
2631 4603 2780 4677 quod
2798 4605 2905 4676 ipsi
2928 4601 3152 4675 prodest
3182 4618 3197 4657 :
3226 4601 3386 4657 illum
3417 4617 3545 4658 vero
3564 4618 3658 4659 su-

2058 4699 2352 4772 periorem.
2383 4703 2564 4769 Atque
2607 4694 2753 4751 hunc
2790 4699 3010 4766 oportet
3046 4706 3144 4748 sua
3173 4699 3324 4749 sorte
3349 4707 3467 4748 esse
3509 4707 3653 4749 con-

2058 4797 2308 4859 tentum,
2342 4787 2499 4844 illum
2522 4800 2651 4841 vero
2686 4799 2798 4840 non
2837 4782 3036 4839 attolli.

2125 4882 2306 4938 Van.
2333 4884 2421 4947 I9,
2441 4882 2531 4933 20.
2553 4893 2580 4929 «
2611 4873 2773 4944 Quod
2795 4873 2844 4928 si
2863 4881 3048 4929 essent
3072 4871 3258 4929 omnia
3283 4888 3455 4932 unum
3480 4888 3654 4929 mem-

2055 4970 2240 5037 brum,
2268 4967 2613 5038 ubicorpus?
2639 4967 2802 5020 Nunc
2825 4970 3016 5020 autem
3041 4962 3290 5018 membra
3319 4962 3514 5031 multa,
3536 4979 3654 5019 cor-

2055 5075 2158 5133 pus
2208 5074 2335 5114 vero
2386 5071 2560 5113 unum
2615 5062 2718 5110 est.
2771 5076 2796 5102 ν
2852 5052 3240 5109 Animadverte
3312 5052 3651 5124 sapientiam.

2053 5152 2176 5206 Hoc
2202 5148 2321 5220 ipso
2359 5163 2455 5202 ora
2501 5145 2746 5217 ipsorum
2778 5143 3034 5209 obstruit,
3081 5139 3231 5212 quod
3271 5140 3564 5197 videbatur
3594 5141 3659 5196 il.

2053 5240 2118 5297 lis
2168 5252 2358 5310 parere
2402 5233 2937 5307 pusillanimitatem;
2994 5245 3216 5299 nempe,
3261 5229 3411 5300 quod
3441 5227 3653 5286 diversa

2053 5329 2169 5387 sint
2203 5327 2560 5393 charismata,
2591 5321 2849 5395 quodque
2885 5334 2998 5374 non
3029 5318 3142 5372 sint
3193 5317 3312 5388 pari
3339 5317 3551 5374 honore
3569 5318 3650 5374 di-

2057 5437 2184 5494 gna.
2204 5418 2328 5475 Nisi
2353 5415 2509 5473 enim
2546 5420 2732 5471 essent
2770 5410 2993 5467 diversa
3013 5407 3292 5475 membra,
3320 5423 3499 5481 neque
3523 5423 3651 5464 cor-

2059 5526 2159 5582 pus
2189 5523 2366 5565 unum
2409 5511 2555 5562 esset
2586 5522 2600 5560 :
2628 5499 2776 5573 quod
2823 5500 2866 5556 si
2917 5513 3117 5571 corpus
3147 5512 3258 5554 non
3283 5505 3428 5557 esset
3448 5514 3649 5567 unum,

1747 5667 1938 5728 Variae
1983 5666 2287 5725 lectiones.

413 5759 458 5794 93
478 5759 760 5831 ἐπαίρεσθαι
786 5776 862 5816 m.
939 5759 985 5795 93
1017 5759 1262 5830 ἰσοτιμίαν
1298 5777 1348 5815 u.
