4110 6474
486 478 594 532 719
1484 466 2002 526 THEOPHYLACTI
2039 463 2398 521 BULGARLE
2434 462 2749 518 ARCHIEP.
3682 461 3787 514 720

478 609 601 658 tum
629 614 741 656 non
770 606 914 655 esset
934 597 1163 654 honoris
1190 596 1496 669 aaqualitas.
1547 598 1580 652 J
1584 610 1674 651 am
1696 608 1826 651 vero
1847 608 1975 649 eam
1996 591 2067 648 ob

2190 591 2402 647 τελοῦσι
2450 589 2520 649 τὰ
2565 586 2762 647 πάντα.
2810 583 2986 647 Ὥστε
3034 588 3096 645 ἐκ
3141 589 3232 646 τοῦ
3277 583 3503 669 διάφορα
3536 573 3671 642 εἶναι
3717 583 3786 643 τὰ

477 705 598 747 rem
625 690 685 747 in
704 688 964 746 omnibus
985 694 1071 744 est
1098 686 1250 743 idem
1272 687 1531 757 pretium,
1546 685 1693 757 quod
1718 685 1907 741 omnia
1927 682 2077 739 idem

2188 679 2358 757 μέλη,
2390 679 2732 737 ἀποτελεῖται
2764 675 2819 734 ἓν
2869 678 3028 753 σῶμα
3058 698 3073 713 ο
3104 676 3165 733 ἐκ
3196 679 3289 734 τοῦ
3327 664 3387 733 ἓν
3426 664 3562 733 εῖναι
3592 675 3785 753 σῶμα,

480 794 685 852 corpus
705 778 1013 852 perﬁciant.
1039 779 1237 848 Itaque
1257 776 1382 847 quia
1407 776 1624 832 diversa
1640 772 1893 830 membra
1924 780 2075 841 sunt,

2187 765 2422 844 ἰσοτιμία
2449 766 2562 825 ἐστὶ
2591 775 2758 844 πᾶσι,
2786 767 2906 825 κατ’
2932 762 3065 823 αὐτὸ
3102 768 3293 842 τοῦτο,
3323 764 3458 823 καθὸ
3499 764 3785 823 συντελοῦ-

480 851 605 923 ideo
621 851 795 924 unum
816 882 1014 939 corpus
1037 865 1338 939 perﬁcitur.
1359 864 1498 934 Quia
1520 879 1649 921 vero
1665 878 1838 921 unum
1854 876 2072 934 corpus,

2184 879 2265 915 σιν
2316 859 2386 923 εἷς
2419 854 2529 922 ἑνὸς
2572 854 2818 931 σώματος
2864 852 3249 933 συμπλήρωσιν
3275 876 3290 892 ·
3332 852 3426 913 καὶ
3457 851 3560 933 γάρ
3602 876 3733 935 φησι
3768 875 3782 890 ο

483 957 611 1014 ideo
639 956 886 1030 ejusdem
937 955 1222 1029 dignitatis
1252 962 1381 1011 sunt
1425 955 1632 1023 omnia,
1680 969 1744 1009 ex
1793 952 1899 1008 hoc
1927 952 2071 1022 ipso,

1590 970 1632 1023 a,
1680 969 1744 1009 ex
1793 952 1899 1008 hoc
1927 952 2071 1022 ipso,
2190 972 2216 997 ι
2246 944 2436 1006 Πολλὰ
2467 944 2562 1021 μὲν
2590 946 2726 1022 μέλη
2749 989 2765 1018 ,
2795 942 2851 1002 ἓν
2882 942 2938 1003 δὲ
2967 946 3150 1021 σῶμα.
3187 971 3213 996 ιι

480 1046 631 1117 quod
674 1046 866 1103 omnia
883 1054 1080 1103 coeant
1104 1054 1159 1102 et
1180 1045 1633 1117 compaginentur
1656 1042 1729 1099 ad
1762 1042 1923 1098 unius
1941 1042 2187 1113 corporis
2218 1042 2712 1114 complementum.
2752 1042 2845 1099 Ait
2865 1041 3050 1099 enim:
3080 1063 3107 1092 ιι
3140 1041 3316 1099 Multa
3338 1042 3567 1115 quidem
3600 1058 3767 1100 mem~

483 1136 601 1204 bra,
633 1152 834 1208 corpus
862 1152 989 1192 vero
1018 1151 1213 1191 unum.
1264 1156 1291 1185 »

554 1228 737 1283 Vnus.
770 1232 833 1281 21
873 1249 898 1273 «ι
932 1229 1055 1282 Νοη
1086 1233 1269 1296 potest
1298 1233 1488 1281 autem
1521 1223 1715 1280 oculus
1750 1223 1929 1279 dicere
1953 1237 2070 1277 ma-

2268 1248 2292 1275 ι
2327 1223 2410 1283 Οὗ
2439 1222 2660 1282 δύναται
2704 1220 2757 1280 δὲ
2782 1221 3052 1303 ὀφθαλμὸς
3079 1223 3245 1282 εἰπεῖν
3389 1220 3549 1303 χειρί·
3578 1224 3782 1304 Χρείαν

482 1316 601 1385 nui,
625 1317 800 1388 Opera
827 1323 925 1373 tua
946 1330 1057 1370 non
1078 1314 1299 1386 indigeo
1329 1332 1342 1368 :
1367 1322 1464 1370 aut
1490 1314 1691 1370 iterum
1745 1320 1909 1383 caput
1934 1310 2079 1384 pedi-

2186 1334 2281 1371 σου
2311 1313 2405 1370 οὐκ
2428 1312 2541 1392 ἔχω
2572 1333 2586 1349 ο
2614 1310 2650 1383 ἢ
2691 1310 2856 1371 πάλιν
2890 1314 2926 1383 ἡ
2972 1310 3179 1392 κεφαλὴ
3209 1320 3319 1381 τοῖς
3364 1312 3493 1371 ποσί
3519 1335 3534 1351 ο
3578 1312 3778 1394 Χρείαν

484 1406 604 1476 bus,
659 1407 832 1477 Opera
877 1413 1058 1462 vestra
1110 1420 1223 1460 non
1252 1404 1495 1477 indigeo.
1547 1426 1573 1452 ιι
1605 1403 1817 1460 Pacatis
1854 1401 1975 1472 jam
2002 1401 2078 1455 eis

2186 1403 2333 1479 ὑμῶν
2386 1403 2481 1461 οὐκ
2525 1400 2654 1481 ἔχω.
2714 1429 2737 1453 ι
2794 1400 3171 1469 Καταστείλας
3213 1401 3334 1470 τοὺς
3385 1405 3456 1461 τὰ
3516 1402 3774 1463 ἐλάττονα

482 1496 575 1568 qui
605 1495 819 1552 minora
843 1495 1174 1551 charismata
1194 1502 1537 1566 acceperant,
1564 1492 1636 1549 ad
1660 1507 1756 1549 eos
1775 1507 1923 1547 nunc
1949 1505 2075 1546 ver-

2184 1490 2497 1572 χαρίσματα
2529 1490 2776 1570 ἔχοντας,
2804 1495 2897 1549 νῦν
2942 1490 3075 1571 πρὸς
3112 1488 3233 1558 τοὺς
3261 1490 3332 1549 τὰ
3377 1490 3593 1566 μείζονα
3624 1491 3775 1572 ἔχον-

482 1584 551 1642 ba
584 1583 734 1652 facit,
765 1585 856 1658 qui
882 1585 1091 1657 majora
1136 1583 1438 1653 habebant,
1481 1597 1647 1655 seque
1684 1597 1812 1654 erga
1850 1580 2075 1636 inferio-

2184 1603 2309 1652 τας,
2342 1578 2435 1639 καὶ
2467 1579 2948 1660 κατεπαιρομένους
2973 1582 3078 1637 τῶν
3126 1579 3519 1660 ὓποδεεστέρων
3541 1627 3558 1653 ,
3600 1580 3778 1641 διαλέ-

482 1691 572 1731 res
583 1674 883 1731 insolenter
897 1674 1180 1746 gerebant.
1205 1676 1281 1731 Ut
1300 1673 1470 1738 enim,
1493 1672 1694 1744 inquit,
1718 1669 1913 1727 oculus
1960 1685 2075 1726 non

2183 1692 2355 1747 γεται.
2386 1666 2608 1749 Ὥσπερ
2649 1668 2773 1751 γὰρ,
2825 1668 3021 1750 φησὶν,
3071 1670 3131 1728 οὖ
3181 1668 3399 1729 δύναται
3446 1673 3475 1726 ὁ
3510 1670 3777 1749 ὀφθαλμὸς

484 1772 668 1837 potest
703 1763 884 1821 dicere
936 1762 1163 1835 reliquis
1210 1761 1502 1831 membris,
1556 1761 1723 1817 Vobis
1768 1775 1907 1833 opus
1961 1775 2073 1815 non

2183 1759 2355 1837 λέγειν
2383 1769 2489 1825 τοῖς
2514 1760 2718 1825 λοιποῖς
2756 1758 2939 1837 μέλεσι
2968 1782 2982 1795 ·
3016 1786 3042 1813 ιι
3073 1758 3275 1839 Χρείαν
3304 1760 3456 1836 ὑμῶν
3481 1761 3577 1818 οὔκ
3607 1756 3717 1837 ἔχω
3741 1782 3768 1817 ι)

481 1853 658 1910 habeo
706 1851 841 1925 (uno
892 1867 1139 1925 namque
1183 1850 1493 1921 deficiente,
1540 1850 1817 1907 claudicat
1889 1856 2073 1905 totum

2187 1845 2330 1938 (ξνδς
2360 1846 2763 1938 γὰρ-»ἐνδέοντος
2787 1894 2802 1925 ,
2835 1846 3063 1938 χωλεόει
3100 1847 3162 1907 τὸ
3188 1856 3296 1938 πᾶν
3336 1851 3497 1925 σῶμα
3565 1870 3584 1938 ’Δ
3611 1845 3777 1915 οὕτως

485 1958 685 2015 corpus
712 1943 755 2012 ),
789 1941 871 1998 sic
894 1956 1073 2015 neque
1094 1940 1186 2013 qui
1215 1941 1429 2013 majora
1479 1940 1811 1996 charismata
1840 1952 2066 2009 accepe-
2105 1934 2108 1937 ’

2180 1934 2299 1994 οὐδὲ
2349 1938 2398 1996 οἱ
2444 1936 2512 1996 τὰ
2556 1937 2770 2015 μείζονα
2824 1937 3096 2019 εἰληφότες
3156 1936 3473 2018 χαρίσματα
3525 1935 3777 1997 δύνανται

478 2039 629 2101 runt,
685 2032 935 2088 attollere
1001 2046 1121 2087 sese
1177 2038 1408 2102 possunt
1432 2029 1693 2085 adversus
1740 2042 1838 2084 eos
1877 2026 2075 2099 quibus

2182 2024 2493 2105 ἐπαίρεσθαι
2565 2026 2703 2087 κατὰ
2752 2029 2859 2086 τῶν
2910 2027 2979 2087 τὰ
3033 2026 3286 2087 ἐλάττονα
3343 2025 3636 2109 εἰληφότων
3694 2027 3770 2091 ⁰⁴.

477 2130 607 2179 sunt
632 2122 874 2178 minora.
902 2121 1111 2176 Eorum
1162 2119 1311 2174 enim
1349 2127 1406 2174 et
1443 2118 1549 2190 ipsi
1600 2132 1765 2189 opera
1800 2114 2069 2189 indigent,

2182 2114 2457 2194 Χρῄζουσι
2494 2114 2597 2196 γὰρ
2628 2118 2829 2190 αὐτῶν,
2879 2119 2952 2183 ὥς
2991 2117 3087 2176 οὐκ
3124 2116 3271 2185 ὄντες
3310 2117 3595 2198 αὖτάρκεις
3625 2117 3777 2177 αὐτοὶ

474 2219 668 2284 utpote
687 2211 782 2283 qui
813 2210 916 2267 soli
944 2224 1057 2265 non
1087 2206 1371 2265 sufﬁciunt
1390 2207 1460 2264 ad
1488 2207 1796 2263 Ecclesiam
1820 2204 1919 2262 Dei
1946 2204 2074 2263 aedi-

2181 2202 2331 2280 μόνοι
2350 2204 2447 2277 τὴν
2482 2204 2809 2277 Ἐκκλησίαν
2842 2206 3159 2282 οἰκοδομεῖν.
3210 2208 3407 2273 Καλῶς
3448 2197 3503 2265 δὲ
3534 2197 3650 2266 εἶπε
3678 2206 3739 2266 τὸ
3761 2252 3777 2281 ,

476 2301 768 2357 ﬁcandam.
792 2297 1026 2358 Pulchre
1089 2306 1278 2355 autem
1330 2296 1490 2366 dixit,
1543 2318 1571 2349 «
1612 2299 1741 2354 Non
1796 2304 2000 2369 potest.
2041 2319 2067 2345 ι

2181 2317 2206 2345 ι
2236 2293 2318 2354 Οὗ
2365 2293 2601 2353 δύναται.
2637 2318 2669 2351 ιν
2714 2293 2833 2356 Κᾶν
2871 2293 2977 2376 γὰρ
3002 2294 3179 2355 πολλὰ
3208 2294 3334 2376 θέλῃ
3361 2339 3379 2374 ,
3412 2297 3608 2377 φησὶν,
3654 2297 3781 2357 ἀλλ’

474 2390 703 2447 Etiamsi
751 2403 996 2462 namque
1023 2388 1202 2445 multa
1238 2387 1389 2457 velit,
1418 2387 1618 2461 inquit,
1643 2402 1760 2444 non
1780 2387 1863 2443 sic
1877 2394 2069 2443 tamen

1598 2406 1618 2457 ξ,
1643 2402 1760 2444 non
1780 2387 1863 2443 sic
1877 2394 2069 2443 tamen
2177 2382 2277 2464 οὔχ
2305 2382 2471 2451 οὕτως
2498 2383 2609 2465 ἔχει
2636 2383 2840 2466 φύσεως
2868 2384 2930 2443 τὸ
2969 2392 3221 2466 πρᾶγμα.

473 2480 641 2537 habet
682 2480 765 2537 rei
821 2488 1038 2536 natura.

544 2572 725 2628 νεεδ.
752 2574 845 2638 22,
892 2576 981 2626 23.
1014 2591 1041 2619 ι
1080 2568 1189 2625 Sed
1235 2569 1413 2626 multo
1448 2569 1624 2638 magis
1654 2583 1779 2640 quat
1806 2568 2066 2625 videntur

2255 2590 2280 2618 ι
2311 2561 2472 2623 Ἀλλὰ
2498 2564 2681 2644 πολλῷ
2728 2564 2934 2642 μᾶλλον
2970 2563 3039 2623 τὰ
3078 2565 3336 2626 δοκοῦντα
3377 2564 3519 2644 μέλη
3545 2569 3640 2627 τοῦ
3665 2566 3777 2627 σώ-

471 2661 723 2718 membra
758 2658 1008 2732 corporis
1046 2658 1349 2715 inﬁrmiora
1384 2675 1525 2728 esse,
1556 2659 1862 2716 necessaria
1892 2666 2062 2715 sunt:

2176 2674 2343 2727 ματος
2389 2652 2742 2733 ἀσθενέστερα
2789 2653 3049 2735 ὕπάρχειν
3102 2654 3373 2735 ἀναγκαῖά
3402 2658 3539 2718 ἐστι.
3596 2656 3706 2717 Καὶ
3738 2657 3778 2717 ἃ

470 2758 526 2807 et
553 2765 677 2822 qua:
696 2758 958 2822 putamus
1002 2748 1332 2821 ignobiliora
1371 2764 1493 2805 esse
1534 2749 1812 2821 corporis,
1836 2747 1925 2804 his
1964 2746 2066 2803 ho-

2173 2741 2432 2820 δοκοῦμεν
2501 2741 2794 2822 ἀτιμότερα
2871 2741 3005 2803 εἶναι
3062 2749 3156 2804 τοῦ
3224 2743 3473 2823 σώματος
3495 2790 3513 2819 ,
3571 2744 3784 2815 τούτοις

468 2854 663 2895 norem
686 2837 1153 2895 abundantiorem
1171 2836 1580 2895 circumdamus
1619 2857 1633 2894 :
1662 2846 1720 2894 et
1746 2852 1870 2910 quae
1894 2836 2065 2892 inho-

2171 2831 2333 2907 τιμὴν
2381 2833 2761 2911 περισσοτέραν
2813 2833 3181 2912 περιτίθεμεν,
3229 2838 3323 2893 καὶ
3368 2832 3439 2893 τὰ
3486 2835 3782 2914 ἀσχήμονα

356 2990 363 2995 _
473 2935 627 2984 uesta
672 2936 802 2983 sunt
827 2934 1039 2997 nostra,
1070 2925 1535 2982 abundantiorem
1574 2926 1929 2982 honestatem
1959 2925 1979 2981 ι

2172 2922 2327 2994 ἡμῶν
2360 2921 2746 3001 περισσοτέραν
2795 2921 2956 3000 τιμὴν
2988 2922 3122 3003 ἔχει.
3156 2948 3181 2975 ιι
3218 2925 3330 2984 Νῦν
3363 2923 3661 3001 δείκνυσιν,
3692 2926 3789 2988 ὅτι

470 3017 625 3074 bent.
658 3038 685 3066 ι
718 3014 938 3072 [ndicat
958 3015 1078 3088 jam
1096 3015 1245 3086 quod
1274 3023 1329 3071 et
1352 3014 1651 3072 commoda
1670 3023 1729 3072 et
1758 3016 2061 3072 necessaria

2171 3008 2263 3067 καὶ
2287 3009 2519 3089 χρειώδη
2542 3010 2634 3070 καὶ
2667 3012 2937 3090 ἀναγκαῖά
2962 3014 3065 3071 εἶσι
3089 3011 3157 3070 τὰ
3181 3014 3441 3073 δοκοῦντα
3472 3015 3732 3075 ἐλάττονα
3758 3040 3786 3056 -

469 3107 585 3164 sint
608 3121 733 3179 qua:
763 3104 1022 3162 videntur
1067 3119 1187 3161 esse
1214 3104 1451 3160 minora.
1501 3104 1771 3161 Videntur
1791 3104 1943 3161 enim
1974 3106 2061 3160 in-

2169 3099 2382 3158 δοκοῦσι
2440 3098 2545 3180 γὰρ
2596 3099 2884 3173 ἐλάττονα,
2932 3104 3032 3160 οὐκ
3078 3102 3181 3161 εἰσὶ
3214 3101 3289 3163 δέ.
3352 3102 3494 3164 Τίνα
3548 3104 3606 3164 δέ
3658 3106 3788 3167 ἔστι

465 3195 689 3266 feriora,
716 3193 815 3252 sed
840 3210 955 3251 non
980 3201 1125 3250 sunt.
1161 3194 1298 3264 Qua;
1338 3209 1466 3250 vero
1494 3202 1623 3250 sunt
1658 3193 1777 3251 haec
1804 3208 1929 3267 qua;
1955 3195 2060 3250 im-

2169 3194 2373 3267 ταῦτα,
2404 3186 2473 3247 τὰ
2502 3189 2852 3273 ἀσθενέστερα
2894 3191 2989 3270 μὲν
3032 3191 3285 3253 δοκοῦντα
3314 3191 3407 3252 καὶ
3431 3193 3727 3276 ἀτιμότερα
3751 3241 3780 3270 ,

464 3285 750 3342 becilliora
778 3283 1005 3355 quidem
1032 3284 1313 3354 videntur,
1336 3291 1394 3340 et
1418 3282 1607 3340 minus
1629 3283 1887 3353 honesta,
1904 3293 1959 3341 et
1977 3282 2058 3339 in-

2175 3278 2442 3357 ἀναγκαῖα
2490 3277 2545 3337 δὲ
2593 3278 2750 3353 ὄντα,
2796 3281 2952 3348 Τινὲς
3008 3281 3107 3360 μὲν
3132 3280 3220 3365 *τὰ
3266 3283 3553 3360 γεννητικὰ
3608 3284 3780 3365 μόριά

464 3375 632 3432 terim
678 3383 871 3431 tamen
942 3374 1245 3431 necessaria
1296 3376 1473 3429 sunt?
1519 3373 1785 3430 Nonnulli
1848 3373 2058 3442 dicunt,

2169 3390 2359 3447 φασιν;
2416 3366 2451 3425 ἃ
2497 3369 2707 3428 δοκοῦσι
2755 3368 2853 3447 μὲν
2893 3369 3063 3448 ἄτιμα
3112 3360 3249 3430 εἶναι
3294 3372 3389 3431 καὶ
3436 3360 3728 3454 ἀσχήμονα
3762 3399 3774 3414 ·

464 3464 717 3521 membra
751 3462 1033 3538 genitalia,
1058 3476 1183 3536 quae
1228 3462 1484 3519 videntur
1506 3462 1732 3535 quidem
1756 3463 1937 3520 minus
1956 3462 2058 3520 ho-

2166 3460 2417 3516 τοσοῦτον
2444 3455 2502 3514 δέ
2533 3462 2665 3517 εἰσιν
2696 3461 2963 3537 ἀναγκαῖα
2983 3504 3000 3533 ,
3033 3458 3172 3519 ὥστε
3201 3460 3327 3519 ἄνευ
3372 3463 3551 3522 αὐτῶν
3587 3464 3708 3523 οὐδὲ
3744 3469 3774 3525 ὁ

464 3562 618 3611 uesta
659 3561 715 3609 et
760 3552 1065 3609 indecora:
1121 3566 1292 3623 usque
1350 3552 1487 3609 adeo
1534 3560 1722 3610 autem
1759 3555 2057 3611 necessaria

2168 3544 2278 3625 βίος
2333 3545 2497 3609 ἐστίν.
2554 3545 2718 3608 Ἀλλὰ
2766 3547 2859 3607 καὶ
2905 3548 3065 3626 τιμὴν
3128 3551 3515 3633 περισσοτέραν
3568 3552 3777 3624 τούτοις

464 3651 614 3712 sunt,
644 3650 710 3698 ut
737 3642 855 3699 sine
892 3641 977 3698 his
1032 3657 1105 3698 ne
1153 3641 1262 3697 vita
1309 3641 1531 3714 quidem
1570 3650 1821 3701 constare
1851 3645 2059 3716 queat?

2165 3634 2499 3715 περιτίθεμεν
2541 3657 2555 3670 ·
2589 3635 2688 3696 κᾶν
2730 3636 2836 3718 γὰρ
2875 3639 3068 3716 γυμνός
3097 3661 3177 3706 τις
3205 3636 3287 3713 εἴη
3323 3638 3446 3699 ὅλον
3470 3638 3532 3700 τὸ
3578 3646 3773 3721 σῶμα,

462 3736 696 3807 Insuper
722 3732 989 3805 majorem
1040 3732 1206 3803 199
1236 3731 1340 3788 illis
1364 3730 1634 3789 honorem
1684 3732 2052 3792 attribuimus.

2163 3724 2333 3783 ταῦτά
2364 3749 2425 3804 γε
2464 3726 2561 3784 οὐκ
2608 3726 2857 3807 ἀνέχεται
2892 3728 3069 3806 γυμνὰ
3113 3728 3230 3807 ἐᾷν.
3275 3728 3429 3797 Τινὲς
3458 3728 3512 3789 δὲ
3555 3732 3771 3792 ἀσθενέ-

462 3825 577 3881 Etsi
622 3823 774 3881 enim
815 3823 1111 3895 quisquam
1156 3830 1276 3877 toto
1324 3836 1560 3895 corpore
1579 3822 1761 3880 nudus
1806 3825 1902 3895 sit,
1953 3826 2056 3882 ista

2164 3837 2327 3893 στερα
2374 3816 2505 3892 μὲν,
2561 3817 2831 3893 ἀναγκαῖα
2876 3816 2965 3891 δὲ,
3016 3815 3136 3883 τοὺς
3190 3818 3495 3898 ὀφθαλμούς
3553 3844 3719 3901 φασιν
3754 3844 3768 3859 ·

458 3922 647 3971 tamen
681 3911 877 3970 nudari
902 3927 1015 3967 non
1045 3912 1270 3983 patitur.
1305 3912 1547 3969 Nonnuli
1591 3928 1721 3969 vero
1744 3930 1840 3986 per
1878 3914 2055 3971 imbe-

2165 3904 2342 3985 μικροὶ
2390 3904 2495 3984 γὰρ
2540 3903 2682 3972 ὄντες
2710 3904 2822 3983 ξκαὶ
2862 3908 2965 3964 τῶν
3014 3905 3191 3965 ἄλλων
3223 3909 3401 3984 μελῶν
3443 3910 3764 3972 ἀσθενέστε-

466 4004 678 4060 cilliora
707 4001 958 4074 quidem,
990 3999 1086 4057 sed
1104 4001 1407 4057 necessaria
1434 4010 1648 4071 tamen,
1678 4003 2050 4060 oculosintel-

2164 4016 2283 4072 ροι,
2342 3993 2757 4069 ἀναγκαιότατοί
2804 3996 2958 4056 εἰσιν.
2995 3992 3311 4080 Ἀτιμότερα
3356 3996 3412 4056 δὲ
3455 3997 3547 4057 καὶ
3584 4001 3766 4080 ἀσχή-

458 4092 655 4165 ligant,
684 4091 777 4165 qui
804 4106 934 4147 cum
963 4089 1118 4162 parvi
1175 4090 1287 4146 sint
1311 4106 1376 4146 ac
1408 4090 1630 4164 reliquis
1684 4093 1913 4149 artubus
1964 4093 2053 4148 in-

2166 4104 2329 4158 μονα,
2360 4080 2496 4156 [robe
2539 4081 2723 4149 πόδας.
2771 4082 2914 4151 Τούς
2955 4106 3013 4142 τε
3055 4074 3144 4141 οὖν
3196 4085 3501 4165 ὀφθαλμοὺς
3558 4074 3770 4162 πολλῆς

460 4181 757 4248 ﬁrmiores,
803 4178 1085 4252 imprimis
1160 4187 1351 4237 tamen
1394 4189 1525 4237 sunt
1593 4181 1903 4238 necessarii.
1950 4185 2057 4239 Per

2164 4168 2408 4252 ἀξιοῦμεν
2460 4170 2817 4248 κηδεμονίας,
2861 4174 2934 4239 ὡς
2984 4174 3220 4239 ἀσθενεῖς
3250 4196 3264 4209 ο
3310 4173 3404 4231 καὶ
3434 4172 3556 4242 τοὺς
3594 4178 3769 4249 πόδας

460 4269 791 4343 ignobiliora
819 4250 947 4325 vero
974 4276 1032 4325 et
1053 4267 1363 4338 inhonesta,
1409 4268 1595 4342 pedes.
1622 4270 1830 4327 Oculos
1867 4270 2054 4341 itaque

2164 4258 2217 4317 δὲ
2258 4250 2327 4317 αὖ
2352 4256 2620 4337 σκέπομεν
2664 4260 2757 4319 καὶ
2785 4261 3037 4342 προνοίας
3086 4261 3361 4342 ἀξιοῦμεν,
3408 4269 3583 4324 καίτοι
3610 4265 3767 4328 κάτω

458 4374 657 4431 magna
684 4374 815 4415 cura
860 4356 1167 4430 dignamur,
1206 4372 1308 4413 ceu
1350 4358 1685 4414 imbecillos.
1722 4357 1896 4415 Pedes
1923 4374 2047 4414 rur-

2168 4347 2474 4426 κειμένους,
2515 4350 2606 4407 καὶ
2657 4349 2881 4430 ἀτίμους
2924 4351 3228 4422 δοκοῦντας.
3288 4351 3525 4413 Δύναται
3573 4355 3634 4414 δέ
3684 4381 3767 4427 τις

458 4462 555 4505 sus
583 4446 926 4519 contegimus
955 4455 1012 4503 et
1060 4446 1403 4513 obvelamus,
1433 4462 1496 4502 ac
1524 4447 1756 4503 sollicite
1784 4446 1893 4502 illis
1919 4463 2049 4519 pro-

463 4536 748 4585 sninimns-
776 4536 1028 4585 quamvis
1067 4535 1323 4585 inferiore
1343 4535 1462 4585 loco
1490 4535 1680 4585 nositi-
1718 4551 1781 4585 ac
1822 4535 2052 4585 honoris

2164 4441 2351 4509 νοῆσαι
2396 4438 2536 4585 ’ἱρεῖς
2566 4437 2737 4507 τάξεις
2768 4442 2822 4499 ἐν
2854 4449 2963 4508 τοῖς
3004 4439 3309 4519 λεγομένοις
3338 4442 3391 4482 9³
3415 4462 3429 4478 ⁸
3456 4446 3528 4510 ὣς
3556 4444 3624 4505 τὰ
3659 4446 3762 4520 μὲν

2165 4529 2359 4585 ἀσθενῆ
2389 4551 2412 4585 ε
2438 4551 2522 4585 ναι
2546 4528 2638 4585 καὶ
2664 4531 2936 4585 ἀναγκαῖα
2958 4574 2974 4585 .
3001 4534 3243 4585 καθάπερ
3281 4534 3328 4585 οἱ
3354 4532 3621 4585 ὀφθαλμοί
3641 4557 3655 4572 σ
3690 4536 3762 4585 τὰ

463 4536 748 4607 spicimus,
776 4536 1028 4609 quamvis
1066 4535 1323 4591 inferiore
1342 4535 1462 4591 loco
1490 4535 1681 4607 positi,
1718 4551 1781 4591 ac
1822 4535 2052 4594 honoris

2165 4529 2359 4600 ἀσθενῆ
2389 4528 2522 4587 εἶναι
2546 4528 2638 4589 καὶ
2664 4531 2936 4610 ἀναγκαῖα
2957 4574 2974 4605 ,
3001 4534 3243 4611 καθάπερ
3281 4534 3328 4591 οἱ
3354 4532 3621 4613 ὀφθαλμοί
3641 4557 3655 4572 ·
3690 4536 3762 4594 τὰ

456 4625 616 4684 vacui
658 4640 779 4681 esse
832 4624 1147 4681 videantur.
1190 4623 1403 4679 Poterit
1441 4631 1627 4680 autem
1662 4624 1934 4697 quispiam
1962 4626 2053 4684 hic

2163 4616 2218 4676 δὲ
2245 4617 2411 4694 ἄτιμα
2429 4664 2444 4690 ,
2475 4618 2719 4700 καθάπερ
2742 4622 2792 4678 οἱ
2817 4620 2973 4690 πόδες
3005 4642 3021 4659 ο
3062 4620 3131 4681 τὰ
3156 4619 3211 4680 δὲ
3239 4621 3560 4702 ἀσχήμονα,
3590 4624 3761 4685 καθά-

454 4723 571 4772 tres
594 4714 816 4772 ordines
846 4714 1144 4785 intelligere
1172 4712 1229 4768 in
1253 4712 1341 4767 his
1379 4727 1503 4785 quae
1542 4712 1691 4770 dicta
1714 4723 1863 4787 sunt;
1893 4731 2050 4772 nem-

1065 4729 1144 4771 ere
1172 4712 1229 4768 in
1253 4712 1341 4767 his
1379 4727 1503 4785 quae
1542 4712 1691 4770 dicta
1714 4723 1863 4787 sunt;
1893 4731 2050 4772 nem.
2160 4728 2262 4787 περ
2288 4706 2358 4765 τὰ
2387 4706 2688 4786 γεννητικά.

458 4820 547 4875 pe,
576 4802 683 4860 alia
708 4802 935 4875 quidem
962 4809 1091 4857 sunt
1117 4799 1343 4857 inﬁrma
1370 4808 1425 4857 et
1467 4800 1795 4871 necessaria,
1825 4812 1889 4861 ut
1916 4820 2050 4863 ocu-

456 4892 492 4948 li
520 4910 533 4947 :
575 4889 682 4947 alia
710 4906 838 4947 vero
872 4889 1102 4946 honoris
1129 4905 1324 4959 vacua,
1381 4897 1442 4946 ut
1476 4890 1684 4963 pedes:
1718 4893 1819 4950 alia
1868 4893 2048 4953 defor-

453 4980 567 5037 mia
596 4979 712 5036 sive
740 4978 1050 5042 inhonesta,
1104 4985 1167 5035 ut
1209 4980 1487 5051 genitalia.

522 5072 703 5127 Vsus.
726 5074 818 5127 24.
845 5090 871 5117 α
904 5071 1144 5125 Honesta
1170 5078 1355 5125 autem
1378 5079 1572 5127 nostra
1592 5073 1794 5130 nullius
1809 5084 1989 5147 egent.
2015 5100 2041 5126 υ

2239 5096 2263 5125 α
2301 5070 2391 5132 Τὰ
2422 5069 2478 5129 δὲ
2505 5069 2817 5151 εὐσχήμονα
2846 5074 3082 5157 ἡμῶνΑοῦ
3107 5073 3296 5155 χρείαν
3326 5075 3464 5157 ἔχει.
3505 5104 3531 5130 ιι
3555 5074 3677 5140 Ἵνα
3704 5073 3757 5116 ⁹⁶

450 5164 534 5219 Ne
556 5161 679 5234 quis
701 5160 867 5231 dicat,
898 5161 1168 5230 Quasnam
1199 5159 1319 5218 haec
1356 5170 1440 5219 est
1468 5163 1634 5231 ratio,
1664 5170 1727 5218 ut
1748 5166 2048 5238 prospicia-

2160 5158 2237 5237 μή
2266 5183 2345 5227 τις
2383 5158 2508 5239 εἴπῃ
2536 5182 2551 5198 ·
2605 5160 2715 5221 Καὶ
2761 5169 2908 5231 ποῖος
2961 5153 3115 5232 οὗτος
3135 5153 3303 5247 λόγος
3323 5153 3619 5247 ,τπρονοεῖν
3646 5169 3752 5227 τῶν

448 5267 575 5308 mus
618 5249 921 5308 inhonestis
967 5258 1131 5324 atque
1198 5248 1554 5323 ignobilibus,
1622 5250 1853 5309 honesta
1915 5271 2043 5313 vero

2158 5249 2479 5329 ἀσχημόνων
2508 5249 2598 5309 καὶ
2631 5249 2838 5326 ἀτίμων
2858 5296 2876 5330 ,
2921 5245 3275 5335 καταφρόνεῖν
3319 5252 3376 5314 δὲ
3415 5245 3520 5313 τῶν
3553 5258 3751 5337 εὐσχη-

446 5339 845 5411 despiciamus?
890 5343 1014 5397 Non
1075 5340 1431 5414 despicimus,
1483 5343 1580 5408 ait,
1629 5342 1730 5399 sed
1780 5343 1870 5401 illa
1895 5346 2041 5402 nulla

2154 5338 2366 5418 μόνων;
2406 5340 2488 5400 Οὔ
2537 5345 3012 5422 καταφρονοῦμεν,
3054 5341 3248 5424 φησὶν,
3280 5343 3407 5403 ἀλλ’
3441 5346 3618 5405 ἐκεῖνα
3665 5346 3748 5405 οὗ·

443 5438 632 5488 nostra
658 5445 793 5487 cura
842 5445 984 5503 opus
1004 5428 1246 5503 habent;
1298 5436 1495 5504 utpote
1526 5446 1652 5505 quae
1683 5430 1850 5491 decus
1876 5450 2041 5493 suum

443 5535 475 5577 a
504 5530 708 5578 natura
747 5518 975 5578 habent.

2013 5451 2041 5493 [ι
2154 5427 2297 5497 δενὸς
2326 5427 2380 5499 ἐξ
2410 5432 2565 5508 ἡμῶν
2595 5430 2834 5503 δέονται,
2861 5430 3015 5512 φύσει
3038 5434 3100 5493 τὸ
3128 5432 3404 5515 εὔσχημον
3424 5433 3636 5516 ἔχοντα.

442 5535 475 5577 a
504 5530 708 5579 natura
748 5528 975 5578 habent.

1828 5651 2016 5715 Variae
2059 5655 2366 5721 lectiones.

510 5762 554 5798 9"
585 5763 805 5833 ἐχόντων
837 5779 892 5821 o.
980 5760 1025 5798 9⁸
1059 5764 1359 5834 σωζομένοις
1386 5780 1439 5821 0.
1517 5763 1562 5800 9⁸
1596 5768 1942 5838 καταστολῆς,
1973 5772 2041 5835 ὡς
2070 5771 2128 5826 τδ
2156 5776 2439 5844 πρόσωπον,
2463 5771 2514 5829 αἱ
2536 5774 2695 5847 χεῖρες
2728 5792 2737 5807 ⁶
2770 5774 2858 5832 ἵνα
2886 5778 2985 5850 γάρ
3013 5794 3062 5835 o.
