4110 6434
383 448 480 500 ’721

1296 447 1646 506 EXPOSITIO
1686 450 1753 505 IN
1790 449 2000 506 EPIST.
2039 449 2061 507 Ι
2097 451 2189 506 AD
2230 450 2387 507 COR.
2426 481 2496 493 —
2535 451 2682 507 CAP.
2726 453 2834 506 ΧΠ.

472 592 507 627 α
537 567 681 632 Ἀλλ’
726 573 757 631 ὅ
786 570 926 640 Θεὸς
966 571 1284 652 συνεκέρασε
1328 574 1389 632 τὸ
1419 577 1594 652 σῶμα.
1648 596 1678 634 »
1720 575 1897 636 Ὥστε
1942 577 1988 635 εῗ
2017 581 2075 641 Α

3592 459 3697 511 722

2173 599 2201 627 α
2248 576 2351 633 Sed
2377 579 2529 634 Deus
2555 576 2723 634 simul
2777 577 3106 648 temperavit
3148 593 3371 650 corpu.
3408 602 3436 631 ι)
3468 580 3524 638 Si
3554 596 3687 655 ergo

389 659 742 741 συνεκέρασε,
774 662 867 721 καὶ
910 660 966 722 ἓν
1015 661 1254 735 ἐποίησε·
1303 663 1365 723 τὸ
1391 663 1494 745 γὰρ
1528 664 1876 745 κιρνώμενον,
1930 666 1962 726 ἓ

2095 666 2440 737 temperavit,
2460 674 2584 723 tum
2620 682 2791 723 unum
2820 665 2949 723 fecit
2991 685 3005 722 :
3036 665 3188 739 quod
3217 667 3370 725 enim
3397 669 3687 740 miscetur,

387 748 609 828 γίνεται·
665 751 761 811 καὶ
789 757 895 813 ποῦ
927 751 1110 813 λοιπὸν
1156 753 1212 811 ἐν
1243 756 1322 836 τῷ
1367 752 1443 813 ἑνὶ
1491 754 1553 814 τὸ
1585 756 1761 834 μεῖζον
1791 758 1885 817 καὶ
1923 757 1962 816 τέ

2092 769 2267 811 unum
2292 755 2375 812 ﬁt.
2400 758 2473 812 Et
2491 755 2581 812 ubi
2603 754 2864 829 deinceps
2891 756 2946 813 in
2978 771 3094 814 uno
3125 756 3311 829 majus
3340 764 3396 814 et
3435 759 3621 817 minus
3649 762 3671 815 Ρ

385 839 604 902 ἔλαττον
616 867 634 919 ;

473 934 634 1015 (3T1?
685 935 988 1014 ὑστεροῦντι
1043 931 1425 1015 περισσοτέραν
1475 935 1595 1004 δοὺς
1642 935 1838 1015 τιμὴν,
1894 936 1983 996 ἵνα

379 1020 456 1098 μὴ
590 1013 872 1104 σχίσματα
923 1024 981 1082 ἐν
1018 1024 1095 1105 τῷ
1119 1013 1125 1015 ⁷
1148 1013 1384 1101 σώματι.
1445 1050 1471 1078 ιο
1519 1027 1638 1087 Οὔκ
1684 1013 1801 1086 εἶπε
1820 1070 1839 1104 ,
1883 1030 1981 1109 Τῷ

374 1112 683 1191 ἀσχήμονι,
712 1114 747 1185 ἢ
779 1114 856 1194 τῷ
906 1112 1104 1194 ἀτίμῳ,
1149 1113 1310 1187 ἀλλὰ,
1358 1141 1383 1168 α
1413 1116 1512 1196 Τῷ
1567 1118 1893 1197 ὕστεροῦντι.
1939 1138 1970 1176 n

368 1201 540 1261 Οὐδὲν
599 1202 706 1283 γὰρ
753 1201 906 1284 φύσει
936 1202 1184 1283 ἄσχημον
1215 1202 1251 1275 ἢ
1292 1202 1505 1280 ἄτιμον.
1554 1205 1976 1287 Περισσοτέραν,

370 1291 526 1370 φησὶ,
563 1291 761 1351 δέδωκε
788 1290 950 1369 τιμὴν
991 1295 1070 1373 τῷ
1104 1294 1431 1372 ὑστεροῦντι.
1460 1294 1554 1365 Μὴ
1585 1296 1762 1377 τοίνυν
1811 1297 1976 1377 ἀλγῇς

369 1380 532 1441 πλέον
564 1380 823 1457 τιμηθείς.
873 1380 983 1441 Καὶ
1031 1388 1066 1455 ἡ
1101 1381 1271 1460 αἰτία,
1321 1379 1409 1441 ἵνα
1459 1382 1534 1462 μὴ
1657 1386 1712 1443 ἐν
1742 1388 1818 1465 τῷ
1858 1375 1971 1445 σώ-

369 1492 503 1545 ματι
537 1470 839 1551 σχίσματα.
872 1472 942 1531 Εἰ
971 1468 1076 1551 γὰρ
1106 1469 1175 1529 τὰ
1220 1470 1316 1549 μὲν
1344 1471 1437 1531 καὶ
1466 1473 1572 1532 ἀπὸ
1619 1478 1715 1547 τῆς
1743 1474 1969 1556 φύσεως,

366 1558 461 1617 καὶ
493 1558 601 1619 ἀπὸ
646 1563 743 1631 τῆς
785 1557 1053 1641 ἡμετέρας
1097 1559 1445 1639 ἐθεραπεύετο
1488 1563 1756 1643 προνοίας·
1799 1564 1868 1625 τὰ
1917 1566 1973 1625 δὲ

368 1645 491 1708 οὐδὲ
518 1653 615 1722 τῆς
641 1650 772 1731 παρ’
805 1651 961 1727 ἡμῶν
1010 1647 1221 1721 ἠξιοῦτο
1267 1651 1610 1730 κηδεμονίας,
1645 1655 1973 1735 ἀπεσχίσθη-

366 1759 469 1797 σαν
498 1735 565 1797 ἂν
595 1737 863 1812 ἀλλήλων,
895 1735 972 1818 μὴ
1003 1737 1276 1818 δυνάμενα
1306 1741 1480 1822 φέρειν
1522 1741 1611 1802 τὸν
1656 1743 1968 1821 σύνδεσμον·

2161 930 2346 987 Vsns.
2374 934 2465 986 25.
2508 951 2533 978 α
2562 931 2634 986 Et
2676 927 2767 985 cui
2810 928 3017 1001 deerat,
3076 929 3545 988 abundantiorem
3578 934 3684 988 tri-

2086 1016 2307 1075 buendo
2368 1018 2659 1088 honorem,
2716 1034 2786 1076 ne
2824 1018 3125 1077 schismata
3154 1020 3264 1076 sint
3291 1019 3346 1075 in
3374 1036 3623 1093 corpore.
3656 1046 3681 1072 ι»

2085 1108 2214 1164 Non
2239 1108 2397 1177 dixit,
2426 1108 2681 1167 Deformi
2705 1118 2761 1167 et
2787 1109 3033 1179 ignobili,
3060 1110 3178 1179 sed,
3212 1134 3237 1161 α
3273 1111 3563 1168 Deﬁcienti
3600 1132 3612 1167 :
3648 1138 3675 1163 ιι

2083 1194 2217 1252 nihil
2237 1198 2385 1254 enim
2414 1207 2612 1255 natura
2638 1198 2990 1256 inhonestum
3021 1198 3117 1255 aut
3140 1199 3400 1272 ignobile.
3447 1202 3670 1259 Exube-

2083 1286 2407 1357 rantiorem,
2438 1287 2635 1361 inquit,
2663 1288 2929 1360 impertiit
2946 1289 3217 1346 honorem
3242 1289 3292 1345 ei
3322 1290 3415 1362 qui
3466 1290 3677 1349 deerat.

2081 1374 2162 1430 Ne
2216 1374 2383 1448 igitur
2437 1375 2648 1445 doleas,
2699 1393 2828 1434 cum
2878 1378 3080 1451 majori
3132 1379 3346 1435 honore
3393 1378 3672 1437 afﬁciaris.

2080 1462 2253 1520 Causa
2279 1474 2381 1534 est,
2426 1482 2498 1523 ne
2542 1466 2834 1523 schismata
2865 1467 2979 1524 sint
3018 1466 3075 1522 in
3112 1482 3362 1539 corpore.
3416 1468 3475 1525 Si
3526 1471 3676 1526 enim

2077 1553 2185 1610 alia
2221 1554 2447 1627 quidem
2496 1564 2553 1612 et
2593 1573 2625 1613 a
2666 1565 2861 1614 natura
2886 1570 2942 1615 et
2986 1574 3019 1613 a
3076 1566 3269 1615 nostra
3324 1559 3675 1632 providentia

2077 1652 2268 1701 curata
2311 1655 2513 1715 essent,
2542 1647 2649 1703 alia
2674 1663 2805 1704 vero
2827 1664 2895 1704 ne
2924 1654 3112 1704 nostra
3144 1648 3370 1721 quidem
3410 1650 3676 1710 sollicitu-

2076 1732 2203 1791 dine
2231 1734 2458 1809 dignata
2491 1746 2696 1805 essent,
2725 1737 2903 1795 divisa
2925 1736 3157 1794 fuissent
3175 1739 3319 1794 inter
3347 1754 3407 1795 se
3447 1749 3671 1806 mutuo.

365 1827 803 1908 ἀποσχισθέντων
834 1826 890 1887 δὲ
936 1827 1171 1905 τούτων,
1213 1829 1305 1889 καὶ
1335 1828 1403 1889 τὰ
1440 1831 1603 1891 λοιπὰ
1632 1833 1695 1892 ἂν
1731 1833 1960 1908 ἐϐλάϐη,

2078 1839 2391 1881 connexum
2418 1825 2563 1882 ferre
2585 1842 2698 1882 non
2737 1826 2996 1882 valentia.
3056 1826 3160 1883 His
3209 1843 3342 1883 vero
3390 1828 3669 1899 discissis,

365 1914 460 1977 ἅτε
486 1921 580 1977 τοῦ
620 1916 869 1993 σώματος
920 1916 1259 1999 σχιζομένου.
1296 1918 1392 1992 Μὴ
1423 1919 1598 1980 τοίνυν
1631 1921 1767 1999 μηδὲ
1797 1927 1964 2001 ὑμεῖς,

362 2004 547 2087 φησὶν,
577 2010 627 2067 οἱ
669 2005 738 2066 τὰ
770 2005 935 2085 μείζω
976 2005 1190 2088 ἔχοντες
1236 2008 1571 2090 χαρίσματα,
1605 2012 1964 2090 ἐπεμϐαίνητε

360 2102 472 2165 τοῖς
506 2096 806 2173 ἐλάττοσιν,
848 2095 940 2156 ἵνα
987 2096 1064 2175 μὴ
1113 2096 1326 2158 ἐκείνων
1371 2101 1828 2180 ἀποσχιζομένων,
1872 2103 1963 2163 καὶ

362 2187 515 2263 ὑμεῖς
547 2186 805 2267 βλαϐῆτε.

443 2302 471 2328 ι
502 2273 669 2337 Ἀλλᾶ
714 2276 776 2337 τὸ
820 2279 952 2337 αὐτὸ
995 2272 1130 2357 ὖπὲρ
1178 2276 1425 2350 ἀλλήλων
1471 2283 1770 2361 μεριμνῶσι
1812 2282 1863 2321 9⁷
1893 2283 1962 2344 τὰ

360 2364 526 2445 μέλη.
586 2392 612 2420 ι
652 2368 737 2427 Οὔ
778 2366 959 2446 μόνον,
1008 2366 1192 2449 φησὶν,
1225 2365 1316 2451 ἵνα
1367 2368 1442 2447 μὴ
1494 2371 1852 2451 ἀποσχίζηται
1893 2373 1962 2432 τὰ

358 2454 522 2533 μέλη,
573 2457 693 2515 ἀλλ’
719 2453 833 2516 ἵνατ
856 2454 948 2516 καὶ
977 2459 1011 2527 ἡ
1040 2455 1227 2534 ἀγάπη
1343 2458 1519 2531 πολλὴ
1568 2449 1673 2519 καὶὴ
1714 2460 1957 2537 ὁμόνοια.

360 2544 473 2607 Καὶ
518 2548 548 2604 ὃ
580 2546 766 2624 μέγας,
804 2544 937 2628 ὑπὲρ
986 2550 1085 2634 τοῦ
1134 2552 1326 2626 μικροῦ
1370 2549 1635 2630 φροντίζει
1667 2550 1762 2611 καὶ
1810 2576 1961 2634 μερι-

358 2643 486 2715 μνᾷ,
534 2637 635 2716 οὐχ
664 2634 879 2710 ἅπλῶς,
926 2633 1066 2695 ἀλλὰ
1112 2635 1174 2695 τὸ
1226 2636 1373 2697 αὐτό·
1410 2638 1714 2719 τουτέστιν,
1748 2640 1834 2701 ἵνα
1864 2647 1961 2716 τῆς

356 2724 525 2798 αὐτῆς
561 2729 639 2807 τῷ
681 2725 900 2806 μεγάλῳ
946 2724 1197 2805 προνοίας
1246 2727 1494 2809 ἀπολαύῃ
1535 2729 1627 2789 καὶ
1673 2734 1702 2790 δ
1750 2732 1954 2812 μικρός.

354 2813 519 2874 οὕτω
571 2818 696 2893 γοῦν
760 2814 996 2887 ἀκάνθης
1052 2816 1422 2894 ἐμπεσούσης,
1479 2818 1573 2879 καὶ
1754 2822 1955 2902 πτέρνῃ

354 2904 708 2993 ἐμπαγείσης,
753 2902 874 2965 ὅλον
904 2903 965 2963 τὸ
1006 2907 1167 2982 σῶμα
1217 2907 1525 2967 αἰσθάνεται
1569 2902 1951 2993 καὶνμεριμνᾷ⁶

352 2991 563 3076 κεφαλὴ
608 2992 819 3068 κόπτει,
865 2996 1025 3059 νῶτος
1054 2995 1462 3074 συγκάμπτεται
1511 2996 1588 3073 9⁸,
1622 3001 1831 3082 γαστὴρ
1862 2991 1953 3061 καὶ

2070 1928 2246 1986 neque
2260 1914 2471 1986 reliqua
2492 1915 2921 1986 permansissent
2941 1914 3113 1983 salva,
3146 1930 3247 1970 ceu
3283 1916 3528 1987 :corpore
3542 1917 3667 1989 jam

2074 2010 2222 2059 secto
2246 2019 2310 2060 ac
2357 2004 2546 2061 scisso.
2579 2006 2662 2062 Ne
2713 2005 2877 2078 igitur
2903 2020 3002 2062 vos
3031 2004 3332 2077 majoribus
3370 2004 3669 2063 charisma-

2073 2090 2222 2148 tibus
2253 2092 2494 2150 decorati
2542 2094 2812 2167 insurgite
2868 2093 2925 2149 in
2959 2092 3268 2165 inferiores,
3321 2109 3394 2151 ne
3447 2096 3671 2152 resectis

2071 2179 2177 2238 illis
2206 2197 2303 2238 vos
2329 2182 2730 2240 detrimentum
2777 2183 3091 2255 patiamini.

2150 2293 2174 2320 α
2206 2271 2315 2328 Sed
2340 2271 2488 2329 idem
2508 2289 2608 2345 pro
2631 2289 2690 2330 se
2716 2281 2918 2331 mutuo
2944 2273 3175 2330 sollicita
3200 2273 3316 2330 sint
3346 2275 3664 2331 membra.»

2074 2364 2198 2417 Non
2220 2360 2426 2431 solum,
2457 2362 2655 2435 inquit,
2697 2371 2759 2419 ut
2794 2379 2909 2419 non
2958 2363 3357 2420 abscindantur
3410 2366 3670 2421 membra

2071 2464 2136 2505 ac
2170 2448 2498 2517 dissideant,
2544 2468 2738 2508 verum
2789 2461 2851 2508 ut
2879 2451 3097 2508 dilectio
3145 2452 3215 2508 sit
3252 2452 3424 2509 multa
3451 2462 3506 2509 et
3530 2470 3669 2509 con-

2068 2538 2276 2595 cordia.
2309 2542 2376 2595 Et
2410 2541 2506 2613 qui
2545 2540 2721 2612 major
2770 2549 2871 2613 est,
2906 2540 3143 2596 minoris
3172 2556 3365 2597 curam
3391 2542 3551 2615 gerit,
3581 2552 3664 2599 at-

2067 2644 2173 2700 que
2212 2629 2479 2686 sollicitus
2530 2638 2612 2686 est
2661 2646 2773 2686 non
2818 2628 3156 2701 simpliciter,
3209 2630 3305 2687 sed
3353 2630 3525 2701 idem;
3557 2632 3668 2688 hoc

2068 2724 2151 2774 est
2183 2725 2244 2774 ut
2271 2718 2462 2776 eadem
2486 2735 2649 2789 sane,
2693 2736 2802 2793 qua
2846 2735 3104 2791 magnus,
3136 2719 3481 2791 providentia
3511 2722 3663 2777 frua-

2066 2816 2158 2864 tur
2186 2815 2243 2864 et
2265 2809 2463 2864 minor.
2509 2812 2587 2865 Ita
2624 2809 2778 2881 spina
2832 2808 3111 2867 incidente
3176 2809 3540 2883 calcaneoque
3590 2814 3667 2867 in-

2066 2897 2196 2963 ﬁxa,
2236 2905 2418 2954 totum
2447 2914 2648 2969 corpus
2702 2898 2870 2955 sentit
2898 2907 2954 2954 et
2992 2898 3289 2954 so1licitum
3340 2908 3445 2967 est;
3498 2911 3665 2973 caput

2064 3002 2123 3043 se
2178 2987 2422 3056 inclinat,
2456 2985 2688 3045 dorsum
2735 2987 3056 3056 inﬂectitur,
3111 2996 3300 3044 venter
3340 2997 3396 3044 et
3451 2988 3664 3048 femora

353 3082 520 3163 μηροὶ
566 3080 972 3157 συστέλλονται,
1022 3084 1288 3163 ὀφθαλμοὶ
1335 3090 1500 3168 ὁρῶσι
1558 3088 1694 3163 μετὰ
1750 3076 1952 3162 πολλῆς

2066 3076 2487 3147 contrahuntur,
2511 3078 2655 3135 oculi
2680 3078 2851 3134 multa
2872 3094 3003 3134 cum
3024 3077 3395 3135 sollicitudine
3438 3078 3663 3136 intuen-

482 3172 772 3253 φροντίδος,
806 3148 982 3254 χεῖρες
1033 3148 1297 3254 ἐξαιροῦσι
1351 3148 1413 3235 τὸ
1455 3148 1643 3257 πανέν.

2066 3174 2164 3236 tur,
2193 3181 2396 3223 manus
2423 3167 2571 3239 quod
2616 3167 2845 3225 inﬁxum
2887 3176 3006 3225 erat
3032 3168 3303 3225 eximunt.
3340 3170 3413 3225 Et
3440 3168 3510 3226 de
3551 3186 3659 3229 cae-

346 3262 459 3320 τῶν
483 3261 657 3321 ἄλλων
687 3261 900 3339 ὁμοίως.

436 3377 462 3403 α
516 3350 626 3412 Καὶ
677 3350 783 3411 εἴτε
830 3350 1034 3431 πάσχει
1073 3353 1130 3413 ἲν
1173 3352 1357 3434 μέλος,
1410 3356 1727 3437 συμπάσχει
1772 3360 1949 3419 πάντα

346 3438 419 3498 τὰ
463 3440 623 3518 μέλη·
664 3440 772 3501 εἴτε
819 3441 1094 3515 δοξάζεται
1142 3444 1200 3503 ἓν
1229 3446 1410 3522 μέλος,
1447 3447 1727 3527 συγχαίρει
1770 3450 1948 3509 πάντα

343 3530 417 3589 τὰ
451 3532 614 3609 μέλη.
665 3558 692 3584 ιι
724 3529 792 3593 Ἡ
842 3531 945 3614 γὰρ
976 3532 1201 3615 ἀκριϐὴς
1248 3532 1434 3603 ἕνωσις
1491 3536 1670 3604 κοινὰς
1715 3538 1950 3598 ποιεῖται

344 3620 445 3688 τὰς
493 3620 794 3702 συμφορὰς,
855 3624 946 3683 καὶ
996 3625 1089 3691 τὰς
1140 3625 1533 3703 εὐδοκιμήσεις.
1584 3625 1748 3686 Οὕτω
1801 3634 1947 3705 γοῦν,

344 3714 420 3779 ὧς
451 3708 703 3789 εἴπομεν,
730 3716 828 3784 ἧς
850 3712 1079 3794 πτέρνης
1104 3714 1399 3791 πλαγείσης
1429 3715 1451 3797 [
1546 3716 1744 3796 πληγ.]
1775 3717 1951 3777 πάντα

346 3800 686 3882 συμπάσχει·
722 3800 913 3876 πάλιν,
966 3808 1322 3883 στεφανοῦται
1352 3809 1386 3877 ἡ
1420 3804 1663 3885 κεφαλὴ,
1716 3806 1807 3867 καὶ
1845 3816 1953 3876 τοῖς

344 3892 552 3957 λοιποῖς
581 3890 765 3967 μέλεσι
813 3890 938 3960 δόξα
985 3892 1078 3951 καὶ
1106 3892 1276 3974 χαρὰ,
1316 3893 1586 3975 ὀφθαλμοί
1631 3898 1734 3954 εἰσι
1774 3898 1952 3973 καλοὶ,

344 3981 443 4039 καὶ
469 3982 532 4040 τὸ
558 3987 667 4039 πᾶν
697 3983 856 4058 σῶμα
882 3983 1028 4041 δοκεῖ
1048 3982 1233 4045 καλόν.

427 4174 454 4200 σι
484 4146 674 4227 Ὑμεῖς
725 4148 781 4208 δέ
832 4151 950 4209 ἐστε
1006 4153 1166 4227 σῶμα
1220 4151 1489 4229 Χριστοῦ,
1546 4150 1639 4210 καὶ
1686 4152 1825 4230 μέλη
1889 4156 1951 4216 ἐκ

342 4236 560 4318 μέρους.
617 4264 642 4290 ι
686 4237 812 4298 Ἵνα
860 4239 936 4316 μὴ
981 4237 1192 4298 εἴπωσι·
1243 4239 1316 4301 Τί
1362 4239 1494 4320 πρὸς
1536 4244 1682 4319 ἡμᾶς
1739 4244 1800 4301 τὸ
1857 4252 1949 4305 τοῦ

342 4324 596 4405 σώματος
643 4327 738 4388 καὶ
794 4330 899 4387 τῶν
948 4330 1123 4405 μελῶν
1180 4329 1559 4410 παράδειγμα;
1615 4330 1806 4411 φησὶν,
1867 4334 1950 4393 ὅτι

342 4416 456 4477 Καὶ
506 4418 654 4492 ὖμεῖς
697 4419 818 4476 ἐστε
866 4419 1025 4493 σῶμα
1074 4418 1308 4500 Χριστοῦ
1361 4418 1453 4477 καὶ
1507 4417 1665 4496 μέλη·
1705 4417 1868 4496 ὥστε,
1902 4426 1947 4482 εί

338 4503 407 4563 τὸ
434 4505 761 4585 ἀνθρώπινον
791 4509 951 4583 σῶμα
981 4510 1040 4566 οὖ
1071 4508 1151 4566 δεῖ
1185 4505 1515 4581 στασιάζειν,
1561 4508 1713 4588 πόσῳ
1745 4514 1948 4587 μᾶλλον
1977 4486 2027 4548 D

342 4593 410 4653 τὸ
447 4598 542 4653 τοῦ
587 4597 858 4676 Χριστοῦς
911 4594 1134 4669 Ἐπειδὴ
1185 4597 1240 4657 δὲ
1286 4599 1382 4656 οὐκ
1429 4598 1579 4658 αὐτοὶ
1627 4600 1778 4678 μόνοι
1822 4625 1947 4662 συν-

344 4683 611 4764 επλήρουν
642 4683 705 4744 τὸ
752 4688 912 4763 σῶμα
946 4690 1037 4745 τοῦ
1068 4689 1338 4764 Χριστοῦ,
1380 4687 1500 4745 ἀλλ’
1530 4690 1579 4747 οἱ
1621 4695 1675 4749 ἐν
1704 4689 1854 4771 πάσῃ
1884 4696 1949 4773 τῇ

342 4772 633 4855 οἰκουμένῃ
664 4774 862 4834 πιστοί·
914 4776 1211 4854 προσέθηκε
1253 4775 1351 4851 τὸ,
1400 4801 1425 4827 α
1480 4776 1591 4837 Καὶ
1622 4777 1780 4855 μέλη.
1820 4806 1846 4833 ι
1880 4783 1949 4842 Εἰ

341 4860 451 4942 γὰρ
492 4862 689 4941 καὶμὴ
738 4867 899 4941 σῶμα
940 4864 1231 4945 ὁλόκληρον
1262 4856 1423 4943 ἦσαν,
1473 4868 1594 4926 ἀλλ’
1650 4860 1740 4927 οὖν
1789 4870 1944 4947 μέλη·

342 4951 440 5011 καὶ
470 4956 671 5027 ταῦτα,
704 4979 730 5007 α
768 4955 828 5013 ἐκ
859 4951 1084 5034 μέρους,
1116 4982 1142 5006 ιι
1176 4954 1452 5030 τουτέστι,
1490 4954 1669 5016 πάντα
1701 4957 1768 5017 τὰ
1795 4959 1951 5037 μέλη,

346 5040 469 5101 ἀλλ’
499 5043 560 5101 ἐκ
606 5043 816 5124 μέρους.
847 5044 1009 5105 Κατὰ
1054 5043 1151 5121 μὲν
1196 5046 1299 5127 γὰρ
1340 5044 1440 5116 τὴν
1478 5048 1531 5104 ἐν
1560 5049 1686 5124 ὑμῖν
1715 5049 1955 5123 Ἐκκλη-

344 5130 470 5190 σίαν
506 5136 666 5210 σῶμα
693 5135 929 5213 Χριστοῦ
985 5137 1143 5212 ἐστε,
1177 5137 1250 5202 ὣς
1297 5136 1584 5215 ὁλόκληρος
1630 5137 1952 5212 Ἐκκλησία·

345 5220 482 5301 πρὸς
527 5221 583 5282 δὲ
633 5220 731 5293 τὴν
786 5222 1105 5303 ἁπανταχοῦ
1149 5228 1246 5295 τῆς
1292 5224 1601 5301 οἰκουμένης
1666 5228 1952 5299 καθολικὴν

347 5310 715 5385 Ἐκκλησίαν,
756 5302 825 5384 ἧς
872 5312 934 5373 τὸ
973 5302 1130 5391 σῶμα
1181 5312 1499 5385 συνέστηκεν
1544 5318 1604 5375 ἐκ
1646 5319 1750 5374 τῶν
1785 5319 1956 5377 ἁπαν-

349 5404 522 5480 ταχοῦ
552 5401 895 5486 Ἐκκλησιῶν
916 5449 935 5481 ,
968 5401 1090 5483 ἔχον
1118 5403 1355 5485 κεφαλὴν
1390 5404 1478 5464 τὸν
1525 5406 1780 5485 Χριστὸν,
1817 5407 1954 5486 μέλη

351 5490 504 5567 ἐστὶ,
536 5490 597 5552 ὲκ
623 5497 718 5553 τοῦ
745 5483 880 5552 εἶναι
908 5492 1068 5574 μέρος
1097 5483 1229 5575 πρὸς
1257 5494 1443 5567 αὐτήν.

2056 3255 2189 3312 teris
2228 3256 2500 3313 similiter.

2126 3347 2313 3402 Vnns.
2333 3352 2423 3403 26.
2443 3368 2469 3394 α
2496 3349 2567 3402 Et
2581 3346 2693 3403 sive
2715 3348 2922 3419 patitur
2940 3364 3111 3404 unum
3132 3347 3470 3419 membrum,
3504 3366 3662 3407 com-

2060 3434 2343 3506 patiuntur
2378 3435 2569 3492 omnia
2598 3427 2859 3493 membra'
2890 3455 2902 3491 :
2929 3437 3043 3493 sive
3109 3437 3451 3509 gloriﬁcatur
3479 3456 3657 3496 unum

2059 3523 2397 3592 membrum,
2447 3524 2794 3596 congaudent
2849 3526 3035 3581 omnia
3098 3528 3269 3597 200
3321 3529 3591 3585 membra.
3631 3555 3654 3579 ιι

2058 3614 2265 3669 Exacta
2291 3612 2437 3668 enim
2483 3614 2800 3685 conjunctio
2849 3629 3181 3671 communes
3207 3614 3339 3671 facit
3379 3616 3661 3674 calamita-

2058 3710 2139 3758 tes
2170 3710 2226 3758 et
2264 3702 2487 3773 glorias.
2532 3701 2793 3770 Proinde,
2821 3709 2884 3757 ut
2926 3702 3046 3774 jam
3082 3701 3344 3771 diximus,
3398 3706 3653 3763 calcaneo

2060 3790 2343 3848 vulnerato
2372 3799 2556 3848 totum
2590 3806 2792 3855 corpus
2820 3790 3082 3848 condolet
3112 3806 3396 3862 :rursum,
3419 3794 3463 3850 si
3487 3807 3655 3867 caput

2059 3889 2375 3949 coronetur,
2402 3881 2629 3954 reliquis
2654 3879 2781 3937 inde
2809 3879 3077 3937 membris
3122 3890 3178 3937 et
3205 3880 3379 3953 gloria
3430 3891 3490 3939 et
3517 3900 3655 3956 gau-

2056 3970 2215 4026 dium
2243 3971 2505 4044 emergit;
2539 3970 2680 4027 oculi
2710 3980 2840 4026 sunt
2869 3970 3106 4043 pulchri,
3149 3986 3214 4027 ac
3237 3978 3423 4028 totum
3451 3988 3656 4045 corpus

2056 4057 2367 4116 formosum
2394 4068 2643 4132 apparet.

2128 4152 2308 4206 Vnus.
2341 4155 2431 4204 27.
2471 4172 2496 4198 α
2534 4152 2642 4207 Vos
2688 4158 2876 4206 autem
2924 4149 3053 4205 estis
3100 4166 3302 4223 corpus
3336 4151 3559 4221 Christi,
3596 4163 3655 4211 et

2055 4239 2309 4295 membra
2329 4254 2395 4296 ex
2443 4247 2617 4311 parte.
2648 4262 2670 4288 ο
2697 4241 2782 4295 Ne
2822 4239 3026 4309 dicant,
3056 4240 3261 4312 Ecquid
3301 4240 3371 4297 ad
3409 4257 3512 4299 nos
3535 4259 3658 4300 cor-

2055 4329 2203 4401 poris
2234 4337 2290 4384 et
2334 4330 2719 4386 membrorum
2756 4329 3097 4386 similitudo?
3128 4333 3273 4401 imo,
3315 4331 3520 4404 inquit,
3554 4350 3652 4391 vos

2054 4419 2187 4475 estis
2209 4434 2411 4491 corpus
2433 4418 2632 4476 Christi
2673 4427 2729 4476 et
2752 4418 3025 4476 membra.
3053 4423 3233 4491 Quare
3260 4420 3307 4477 si
3341 4420 3655 4480 humanum

2057 4523 2259 4579 corpus
2304 4524 2417 4564 non
2447 4516 2702 4580 oporteat
2744 4525 2775 4565 a
2806 4524 2864 4564 se
2883 4508 3195 4578 dissentire,
3224 4519 3433 4581 quanto
3466 4511 3657 4569 minus

2056 4613 2258 4669 corpus
2287 4596 2532 4653 Christi?
2577 4598 2719 4667 Quia
2750 4614 2878 4653 vero
2921 4613 3035 4653 non
3082 4596 3184 4668 ipsi
3216 4598 3318 4653 soli
3346 4600 3648 4657 constitue-

2055 4686 2190 4743 bant
2216 4702 2415 4757 corpus
2436 4687 2661 4755 Christi,
2694 4687 2791 4744 sed
2832 4702 3027 4743 omnes
3079 4686 3136 4741 in
3166 4686 3426 4743 universo
3477 4696 3653 4745 terra-

2056 4791 2183 4832 rum
2207 4776 2340 4831 orbe
2363 4776 2573 4845 ﬁdeles,
2599 4776 2875 4848 apposuit,
2903 4799 2929 4825 α
2953 4778 3025 4831 Et
3047 4775 3314 4832 membra.
3359 4799 3386 4827 ν
3415 4777 3650 4835 Etiamsi

2058 4866 2205 4923 enim
2228 4882 2341 4921 non
2361 4874 2546 4922 totum
2565 4882 2766 4938 corpus
2778 4875 2982 4934 essent,
2998 4867 3252 4922 membra
3273 4875 3421 4923 certe
3456 4877 3617 4925 erant
3641 4887 3654 4922 :

2058 4956 2224 5028 idque
2271 4979 2297 5005 α
2340 4957 2421 5011 Ex
2448 4963 2620 5029 parte,
2666 4978 2695 5007 ι
2738 4955 2843 5011 hoc
2872 4964 2957 5012 est
3007 4957 3193 5012 omnia
3225 4956 3452 5029 quidem
3482 4974 3659 5015 mem-

2060 5044 2181 5113 bra,
2204 5044 2320 5113 sed,
2347 5060 2414 5101 ex
2453 5053 2627 5116 parte.
2681 5048 2829 5102 Nam
2859 5045 3041 5117 quoad
3096 5047 3400 5103 Ecclesiam
3425 5047 3653 5119 quidem

2060 5149 2186 5207 quae
2232 5134 2376 5207 apud
2420 5151 2521 5190 vos
2559 5143 2662 5203 est,
2691 5151 2893 5206 corpus
2940 5135 3142 5193 Christi
3214 5136 3343 5192 estis
3384 5144 3657 5207 quatenus

2060 5223 2269 5296 integra
2304 5224 2543 5280 Ecclesia
2578 5242 2591 5278 :
2624 5224 2804 5298 quoad
2849 5240 2979 5278 vero
3022 5222 3353 5279 catholicam
3406 5239 3502 5295 per
3529 5224 3658 5279 uni-

2062 5328 2286 5369 versum
2335 5321 2613 5371 terrarum
2644 5314 2841 5370 orbem
2886 5311 3207 5381 Ecclesiam,
3242 5313 3406 5384 cujus
3451 5329 3653 5385 corpus

2066 5403 2328 5460 omnibus
2372 5404 2575 5475 passim
2630 5404 2889 5461 Ecclesiis
2946 5409 3194 5469 constat,
3246 5408 3412 5475 caput
3452 5402 3660 5460 habens

2066 5491 2369 5562 Christum,
2406 5494 2656 5551 membra
2696 5493 2827 5550 estis
2849 5533 2866 5561 ,
2897 5508 2964 5550 eo
3018 5492 3167 5565 quod
3194 5500 3447 5564 respectu
3490 5492 3656 5557 illius,

2067 5596 2195 5652 pars
2216 5582 2353 5638 sitis.

1744 5687 1934 5749 Variae
1977 5689 2276 5750 lectiones.

421 5764 466 5800 ⁵⁷
495 5764 575 5820 ἀεὶ
601 5767 820 5837 μεριμνᾷ
869 5780 926 5823 0.
1000 5763 1046 5800 ³⁸
1073 5765 1412 5837 συγκύπτεται
1437 5782 1488 5822 o.
