4110 6410
463 432 568 481 723

533 554 713 609 Vnns.
766 554 857 605 28.
914 568 941 599 (ι
969 549 1042 604 Et
1064 545 1200 603 alios
1237 543 1461 617 quidem
1491 542 1671 614 posuit
1699 545 1851 598 Deus
1878 538 1934 593 in
1951 539 2068 616 Ec-l
2090 541 2141 603 Α

468 642 652 712 elesia,
687 640 925 713 primum
968 636 1268 710 apostolos,
1298 632 1494 691 deinde
1519 631 1828 704 prophetas.
1856 653 1878 677 η
1911 630 2058 682 Deus

462 733 646 805 posuit
706 748 720 785 :
792 743 962 800 quare
1007 727 1172 798 igitur
1211 733 1266 781 te
1321 728 1444 780 Deo
1503 721 1770 794 Opponis?
1807 718 2060 788 Principc

465 829 651 878 autem
681 820 804 876 loco
851 817 1131 889 apostolos
1164 816 1418 881 collocat,
1467 829 1567 868 ceu
1604 810 1854 866 omnium
1883 809 2056 864 bono-

465 927 592 969 rum
633 910 801 967 duces
851 927 865 961 :
915 904 1160 962 secundo
1198 905 1515 976 prophetas,
1557 917 1666 957 non
1696 899 1909 955 Veteris
1936 897 2056 969 qui-

463 1002 588 1058 dem
625 996 964 1056 Testamenti
994 995 1108 1064 (illi
1136 995 1291 1050 enim
1321 992 1391 1048 ad
1445 995 1718 1047 Joannem
1760 1004 1936 1060 usque
1989 987 2057 1043 de

464 1090 664 1149 Christi
695 1087 932 1145 adventu
945 1085 1228 1143 vaticinati
1253 1088 1438 1149 sunt),
1463 1081 1558 1138 sed
1583 1096 1676 1136 eos
1701 1080 1795 1151 qui
1826 1079 1878 1133 in
1899 1081 2056 1135 Novo

465 1182 821 1235 Testamento
865 1184 992 1248 post
1046 1173 1246 1232 Christi
1290 1172 1587 1228 adventum
1633 1167 2054 1241 pr0phetabant,

459 1269 650 1341 quales
675 1267 899 1323 fuerunt
933 1263 1165 1336 Philippi
1196 1262 1340 1330 ﬁlia,
1369 1260 1540 1334 qualis
1584 1259 1810 1332 Agabus
1828 1300 1843 1326 ,
1871 1258 2054 1329 quales

460 1359 550 1414 alii
581 1356 878 1414 innumeri.
927 1358 1105 1426 Larga
1168 1353 1315 1408 enim
1362 1360 1418 1408 et
1458 1349 1742 1406 abundans
1767 1357 1887 1404 erat
1936 1346 2054 1403 hac

459 1449 634 1520 gratia
659 1446 912 1519 Spiritus,
962 1445 1021 1499 in
1048 1443 1236 1515 quavis
1259 1440 1524 1496 Ecclesia.
1583 1439 1834 1495 Primum
1867 1445 2052 1492 autem

458 1546 512 1593 et
539 1536 842 1593 secundum
889 1533 1095 1606 posuit,
1128 1539 1188 1588 ut
1214 1531 1530 1603 linguarum
1565 1529 1714 1585 dono
1777 1527 2046 1598 relinqua-

457 1635 548 1683 tur
575 1634 881 1700 postremus
906 1624 1075 1687 locus,
1108 1629 1164 1679 et
1189 1623 1268 1677 sic
1294 1636 1408 1688 eos,
1439 1620 1532 1692 qui
1553 1619 1624 1674 ob
1652 1618 1710 1674 id
1747 1615 2046 1673 effereban-

459 1726 550 1773 tur
573 1715 856 1788 reprimat.

533 1828 559 1853 α
590 1776 776 1861 Tertio
804 1802 1075 1859 doctores.
1114 1823 1140 1850 »
1168 1799 1440 1872 PrOpheta
1483 1797 1709 1871 quidem
1748 1796 1940 1852 omnia
1984 1811 2044 1852 ex
2082 1776 2123 1836 Β

457 1893 660 1966 Spiritu
689 1892 949 1963 loquitur,
979 1890 1179 1946 doctor
1204 1898 1386 1946 autem
1419 1905 1451 1945 a
1496 1889 1674 1960 seipso
1701 1905 1716 1942 :
1762 1894 2047 1958 propterea

454 1983 683 2040 tertium
708 1982 894 2038 locum
924 1979 1152 2036 obtinet.

532 2092 559 2124 ι(
610 2071 826 2128 Deinde
862 2070 1110 2138 virtutes,
1161 2075 1288 2141 post
1336 2066 1540 2139 gratias
1595 2065 1964 2122 curationum.
2019 2088 2044 2114 ιι

456 2162 706 2218 Virtutes
751 2169 808 2216 et
841 2158 1107 2216 sanabant
1143 2164 1404 2229 agrotos,
1441 2164 1498 2211 et
1526 2155 1825 2227 puniebant
1853 2155 2047 2212 adver-

461 2251 669 2308 sarios:
699 2249 847 2306 dona
884 2256 1074 2305 autem
1111 2247 1467 2302 curationum
1500 2245 1772 2300 sanabant
1801 2252 2044 2301 tantum.

457 2341 600 2396 Hinc
624 2338 757 2395 illud
786 2339 915 2394 huic
957 2337 1260 2408 anteponit.
1311 2336 1548 2406 Utrique
1589 2343 1779 2390 tamen
1827 2335 2047 2401 horum,

457 2431 550 2503 qui
582 2445 715 2485 vero
754 2427 951 2485 doctor
1002 2435 1107 2494 est,
1159 2425 1428 2482 antelatus
1483 2432 1585 2491 est,
1644 2426 1734 2497 qui
1784 2425 2050 2480 nimirum

459 2519 570 2575 vita
599 2527 655 2574 et
706 2517 873 2574 verbo
912 2516 1096 2573 docet.

529 2631 555 2656 α
585 2607 1011 2679 Opitulatioues,
1061 2603 1500 2677 gubernationes.
1534 2626 1560 2652 ι)
1609 2605 1731 2659 Hoc
1761 2611 1845 2658 est
1867 2601 2050 2658 fovere

461 2697 734 2764 inﬁrmos,
752 2703 808 2751 et
834 2695 1159 2767 gubernare,
1193 2693 1465 2764 ‘adeoque
1494 2692 1813 2764 dispensare
1839 2709 1899 2749 ea
1929 2707 2052 2764 qua

459 2788 692 2843 fratrum
755 2792 904 2840 sunt.
955 2786 1090 2840 Hac
1114 2783 1267 2838 enim
1311 2782 1529 2838 etiamsi
1587 2790 1793 2838 nostra
1831 2798 2051 2853 quoque

464 2874 759 2946 diligentia
807 2873 935 2940 sint,
968 2866 1282 2928 Dei'tamen
1310 2870 1453 2927 dona
1475 2886 1594 2928 esse
1623 2870 1870 2926 afﬁrmat
1913 2887 2055 2943 :per—

462 2963 701 3020 suadens
727 2962 888 3019 nobis
914 2969 974 3018 ut
1002 2962 1141 3034 grati
1189 2962 1386 3028 simus,
1419 2976 1484 3016 ac
1511 2967 1575 3016 ut
1611 2960 1668 3015 in
1705 2960 1861 3016 illum
1882 2961 2054 3032 respi-

467 3054 700 3121 ciamus,
754 3067 856 3129 nec
907 3051 1079 3106 simus
1121 3052 1283 3121 201
1310 3049 1551 3120 superbi.

538 3165 564 3192 α
597 3145 816 3199 Genera
844 3141 1182 3212 linguarum.
1210 3143 1605 3195 »Postremum
1635 3138 1741 3194 hoc
1761 3138 1960 3210 posuit,
1991 3147 2055 3196 ut

470 3231 730 3288 cohibeat
753 3245 846 3286 eos
864 3229 958 3301 qui
977 3229 1141 3301 hujus
1169 3229 1394 3284 nomine
1427 3228 1835 3300 superbiebant.

540 3317 720 3376 Vn‘ns.
745 3325 930 3388 29,30.
949 3341 973 3366 α
991 3317 1276 3390 Numquid
1292 3333 1485 3374 omnes
1501 3318 1755 3388 apostoli?
1781 3319 2052 3391 numquid

466 3425 661 3466 omnes
688 3407 1007 3480 propheta?
1036 3407 1304 3479 numquid
1333 3423 1526 3463 omnes
1567 3406 1862 3464 doctores?
1888 3424 2051 3462 num-

465 3489 598 3561 quid
633 3503 825 3545 omnes
862 3488 1128 3544 virtutes?
1155 3487 1424 3558 numquid
1453 3503 1647 3544 omnes
1676 3488 1822 3544 dona
1851 3488 2055 3544 habent

465 3579 850 3635 curationum?
903 3576 1176 3650 numquid
1224 3593 1418 3633 omnes
1449 3577 1646 3649 linguis
1702 3578 2054 3649 loquuntur?

466 3667 732 3739 numquid
768 3682 965 3723 omnes
1007 3667 1468 3738 interpretantur?
1519 3690 1544 3716 »
1594 3666 1736 3737 Quia
1766 3668 2053 3724 verisimile

467 3765 588 3812 erat
612 3772 706 3812 eos
743 3756 922 3827 potius
950 3755 1137 3812 dolere
1158 3795 1173 3822 ,
1204 3772 1302 3812 ceu
1329 3756 1635 3828 majoribus
1665 3764 1722 3812 et
1739 3757 2051 3814 minoribus

465 3847 626 3902 donis
647 3862 746 3916 per
786 3846 1259 3902 enumerationem
1288 3845 1673 3916 manifestatis,
1700 3863 1889 3903 rursus
1913 3863 2054 3904 con-

467 3936 676 3991 solatur
703 3934 1010 3990 inferiores.
1044 3933 1192 4006 Quid
1227 3933 1402 4001 doles,
1449 3936 1649 4007 inquit,
1686 3938 1834 4009 quod
1865 3935 2052 3993 forsan

462 4040 577 4080 non
606 4023 810 4080 habeas
858 4023 1248 4095 prophetiam?
1294 4025 1487 4097 Cogita
1527 4042 1716 4083 rursus
1759 4027 2043 4098 propheta

466 4113 656 4169 deesse
681 4112 831 4184 quod
881 4111 982 4168 tibi
1031 4111 1185 4168 adest
1217 4130 1230 4166 :
1262 4120 1316 4168 et
1367 4113 1516 4186 quod
1544 4115 1637 4170 alii
1671 4124 1774 4184 est,
1804 4117 1892 4172 alii
1935 4132 2048 4172 non

464 4210 567 4258 est.
586 4204 780 4273 Itaque
807 4200 911 4257 hoc
924 4199 1273 4258 commodius
1283 4211 1366 4259 est
1394 4203 1553 4260 vobis
1572 4212 1626 4261 et
1644 4206 1854 4273 utilius,
1877 4205 2052 4261 sicha-

464 4291 594 4347 bere
612 4305 730 4346 sese
755 4305 844 4346 res
882 4290 1162 4360 Ecclesia,
1187 4300 1251 4348 ut
1269 4294 1496 4365 quilibet
1517 4295 1760 4367 proximi
1783 4295 2048 4366 indigeat.

543 4474 721 4528 Vens.
756 4477 844 4526 31.
882 4493 908 4523 ‹‹
939 4472 1290 4530 Emulamini
1338 4485 1525 4534 autem
1554 4477 1698 4534 dona
1743 4477 1994 4534 meliora.
2028 4501 2053 4527 ιι

469 4561 656 4617 Tacite
683 4559 859 4617 innuit
884 4561 1037 4635 quod
1091 4563 1192 4620 sibi
1242 4564 1354 4620 sint
1389 4566 1488 4638 ipsi
1536 4565 1596 4622 in
1619 4581 1781 4623 causa
1828 4583 1928 4622 cur
1955 4569 2061 4624 mi-

465 4667 603 4708 nora
655 4651 802 4707 dona
826 4650 1118 4724 accipiant.
1185 4654 1324 4709 Cum
1355 4656 1505 4711 enim
1540 4655 1695 4725 dicit,
1759 4680 1783 4705 α
1816 4660 2058 4714 jEmula-

467 4737 630 4804 mini,
659 4759 686 4786 ι
715 4737 1058 4809 diligentiam
1111 4749 1171 4796 et
1213 4753 1477 4800 conatum
1524 4745 1773 4817 ipsorum
1815 4748 2058 4818 postulat

463 4836 520 4885 et
543 4826 814 4898 majorem
845 4843 971 4901 erga
998 4829 1298 4901 spiritualia
1326 4833 1698 4905 cupiditatem.
1751 4839 1868 4892 Nec
1893 4835 2054 4908 dixit,

463 4918 699 4989 Majora,
739 4917 857 4986 sed,
896 4941 921 4967 α
977 4920 1226 4988 Meliora,
1268 4945 1292 4970 η
1342 4922 1449 4979 hoc
1477 4933 1589 4993 est,
1623 4925 1868 4982 utiliora.

531 5031 557 5058 α
584 5011 656 5064 Et
703 5007 885 5065 adhuc
939 5010 1382 5069 excellentiorem
1431 5014 1579 5071 viam
1630 5016 1783 5073 vobis
1817 5017 2050 5076 demon-

462 5105 600 5154 stro.
661 5120 687 5148 ι»
725 5103 907 5170 Atque
946 5115 1055 5154 una
1093 5117 1224 5157 cum
1253 5101 1339 5158 his
1371 5109 1388 5169 (
1423 5101 1526 5158 hoc
1572 5105 1720 5162 enim
1759 5109 2049 5180 signiﬁcat,

457 5210 482 5234 ι
530 5189 601 5242 Et
641 5187 822 5245 adhuc
847 5207 876 5241 »
916 5187 1010 5256 )si
1038 5191 1269 5246 omnino
1312 5191 1658 5250 amulatores
1702 5196 1817 5252 sitis
1871 5198 2052 5254 chari—

453 5284 718 5346 smatum,
745 5277 1067 5335 monstrabo
1103 5280 1258 5335 vobis
1291 5280 1438 5336 viam
1473 5283 1772 5354 quamdam
1805 5301 1902 5357 per
1947 5288 2048 5362 hy-

452 5366 736 5436 perbolen,
768 5367 873 5424 hoc
919 5376 1020 5437 est,
1057 5368 1331 5437 eximiam,
1358 5386 1482 5442 qua
1515 5371 1583 5428 ad
1631 5374 1814 5432 omnia
1866 5376 2046 5434 chari-

452 5464 628 5512 smata
662 5457 932 5528 perducit.
961 5457 1296 5514 Charitatem
1318 5469 1505 5517 autem
1521 5463 1791 5537 intelligit.

1489 413 1998 471 THEOPHYLAC’I‘I
2038 409 2394 465 BULGARl/E
2432 410 2745 467 ARCHIEP.

3661 410 3765 462 ’724

2259 563 2281 588 α
2314 537 2424 598 Καὶ
2479 535 2566 602 οὒς
2616 537 2710 614 μὲν
2760 535 2906 595 ἔθετο
2955 539 2984 594 6
3029 535 3166 600 Θεὸς
3221 536 3272 592 ἐν
3323 538 3389 612 τῇ
3444 533 3760 612 Ἐκκλησίᾳ,

2171 629 2379 706 πρῶτον
2425 625 2768 699 ἀποστόλους,
2825 625 3066 706 δεύτερον
3112 624 3405 704 προφήτας.
3445 651 3470 677 ιο
3517 622 3585 682 Ὁ
3628 624 3765 689 Θεὸς

2170 716 2332 776 ἔθετο’
2383 719 2491 782 πῶς
2531 706 2618 774 οῦν
2669 716 2956 794 ἀντιτάττῃ
3007 718 3084 794 τῷ
3136 717 3295 794 Θεῷς
3352 713 3650 793 Προτάττει
3708 711 3763 771 δὲ

2168 805 2286 874 τοὺς
2358 805 2706 880 ἀποστόλους,
2770 807 2840 872 ὣς
2910 804 3125 862 πάντων
3185 807 3289 862 τῶν
3361 805 3572 882 ἀγαθῶν
3633 825 3762 882 χορ-

2167 895 2326 972 ηγούς
2372 895 2441 930 ⁹⁹’
2475 894 2742 974 δευτέρους
2777 893 2833 952 δὲ
2864 893 2982 960 τοὺς
3025 891 3299 973 προφήτας
3329 892 3449 973 οὐχὶ
3495 896 3591 965 τῆς
3643 895 3758 952 Πα-

2168 987 2321 1053 λαιᾶς
2353 984 2368 1018 ⁴
2405 984 2623 1065 (ἐκεῖνοι
2653 982 2755 1064 γὰρ
2787 984 2884 1051 ἕως
2913 982 3164 1043 Ἰωάννου
3195 982 3599 1064 προεφήτευσαν
3639 982 3763 1058 περὶ

2167 1078 2259 1145 τῆς
2307 1080 2396 1134 τοῦ
2447 1077 2680 1154 Χριστοῦ
2729 1071 3068 1154 παρουσίας),
3121 1068 3271 1131 ἀλλᾶ
3303 1070 3419 1139 τοὺς
3485 1070 3622 1150 μετὰ
3664 1072 3760 1144 τὴν

2167 1166 2404 1242 Χριστοῦ
2459 1162 2757 1241 παρουσίαν
2826 1166 2878 1222 ἐν
2930 1167 2998 1243 τῇ
3069 1165 3243 1241 Καινῇ
3301 1160 3754 1242 προφητεύοντας·

2166 1245 2270 1312 οἶαι
2301 1257 2356 1314 αἱ
2389 1253 2672 1314 Φιλίππου
2704 1242 3013 1334 θυγατέρες,
3063 1244 3167 1320 οἶος
3199 1250 3442 1330 Ἄγαϐος,
3483 1242 3580 1310 οἶοι
3611 1251 3760 1309 ἄλλοι

2168 1345 2364 1423 μυρίον
2407 1342 2633 1424 δαψιλὴς
2665 1343 2767 1422 γὰρ
2795 1335 2860 1415 ἦν
2903 1347 2938 1414 ἡ
2970 1342 3124 1422 χάρις
3155 1340 3287 1413 αὕτη
3323 1348 3414 1401 τοῦ
3447 1340 3760 1417 Πνεύματος

2165 1437 2216 1493 ἐν
2267 1433 2466 1512 ἑκάστῃ
2499 1432 2823 1515 Ἐκκλησία.
2877 1435 3103 1512 Πρῶτον
3148 1430 3201 1488 δὲ
3248 1431 3339 1488 καὶ
3381 1431 3620 1510 δεύτερον
3668 1430 3757 1488 τί-

2165 1527 2335 1598 θησιν,
2368 1521 2454 1581 ἵνα
2483 1522 2544 1581 τὸ
2588 1526 2691 1582 τῶν
2731 1524 2986 1600 γλωσσῶν
3035 1520 3284 1601 χάρισμα
3327 1518 3551 1600 ἔσχατον
3576 1518 3757 1593 τάξας,

2163 1613 2488 1692 καταστείλῃ
2521 1611 2641 1680 τοὺς
2669 1612 2757 1670 ἐπὶ
2795 1611 2963 1693 τούτῳ
2996 1609 3392 1692 ἐπαιρομένους.

2251 1794 2499 1874 «Τρίτον
2550 1793 2913 1859 διδασκάλους.
2973 1820 2997 1847 υ
3067 1789 3137 1852 Ὁ
3186 1789 3282 1870 μὲν
3321 1789 3425 1870 γὰρ
3485 1788 3760 1871 προφήτης

2158 1883 2335 1944 πάντα
2381 1882 2488 1942 ἀπὸ
2519 1888 2613 1942 τοῦ
2648 1881 2961 1960 Πνεύματος
2990 1880 3273 1964 φθέγγεται
3295 1925 3310 1954 ,
3343 1883 3372 1938 6
3415 1879 3470 1938 δὲ
3501 1878 3760 1938 διδάσκα-

2157 1976 2265 2046 λος,
2291 1973 2384 2033 καὶ
2419 1971 2646 2032 οἴκοθεν·
2680 1971 2768 2031 διὰ
2795 1977 2951 2032 τοῦτο
2981 1961 3151 2052 τρίτος
3175 1961 3348 2037 οὗτος.

2241 2090 2266 2117 α
2311 2060 2550 2124 Ἔπειτα
2600 2063 2870 2139 δυνάμεις,
2918 2053 3032 2122 εἶτα
3064 2059 3383 2142 χαρίσματα
3427 2058 3695 2136 ἰαμάτων.
3738 2085 3761 2112 υ

2162 2156 2233 2214 Αἱ
2282 2153 2528 2227 δυνάμεις
2570 2151 2660 2211 καὶ
2708 2155 2865 2213 ἰῶντο
2912 2151 3032 2218 τοὺς
3079 2152 3334 2224 ἀσθενεῖς,
3385 2149 3475 2208 καὶ
3514 2147 3760 2217 ἐκόλαζον

2159 2241 2278 2310 τοὺς
2309 2241 2590 2309 ἐναντίουςο
2637 2239 2704 2300 τὰ
2753 2240 2810 2300 δὲ
2855 2242 3172 2320 χαρίσματα
3223 2243 3329 2299 τῶν
3371 2238 3616 2316 ἰαμάτων
3669 2238 3763 2314 μό-

2159 2355 2244 2391 νον
2292 2335 2465 2392 ἷῶντο·
2500 2331 2587 2390 διὰ
2617 2335 2772 2390 τοῦτο
2819 2332 2988 2390 ἐκεῖνο
3035 2329 3221 2389 τούτου
3262 2328 3592 2410 προτίθησιν.
3629 2327 3761 2404 Ἀμ-

2160 2419 2391 2502 φοτέρων
2445 2421 2624 2498 μέντοι
2693 2419 2891 2479 τούτων
2941 2422 2970 2478 6
3021 2418 3211 2499 τῳόντι
3259 2418 3572 2486 διδάσκαλος
3621 2441 3758 2498 προ-

2163 2512 2338 2585 ετέθη,
2370 2511 2424 2578 ὅς
2451 2514 2565 2571 ἐστι
2595 2510 2801 2582 δηλαδὴ
2831 2512 2860 2568 6
2894 2511 2960 2568 δι’
2992 2510 3147 2590 ἔργου
3171 2507 3263 2567 καὶ
3287 2510 3444 2587 λόγου
3470 2505 3754 2566 διδάσκων.

2242 2628 2268 2654 α
2296 2601 2645 2681 Ἀντιλήψεις,
2691 2599 3056 2678 κυϐερνήσεις.
3117 2626 3140 2650 »
3193 2596 3482 2674 Τουτέστι,
3525 2596 3585 2655 τὸ
3634 2600 3757 2655 ἀντ-

2165 2690 2379 2769 έχεσθαι
2408 2694 2512 2748 τῶν
2560 2693 2817 2765 ἀσθενῶν,
2851 2690 2945 2748 καὶ
2992 2689 3052 2747 τὸ
3080 2686 3366 2768 κυϐερνᾷν,
3400 2687 3518 2759 ἤτοι
3563 2687 3759 2746 οἰκονο-

2165 2787 2280 2853 μεῖν
2310 2779 2377 2839 τὰ
2409 2783 2514 2838 τῶν
2551 2781 2814 2860 ἀδελφῶν.
2859 2782 3045 2839 Ταῦτα
3080 2778 3136 2838 δὲ
3165 2779 3210 2835 εἰ
3252 2778 3344 2836 καὶ
3387 2783 3480 2849 τῆς
3504 2775 3766 2860 ἡμετέρας

2165 2869 2266 2928 εἶσὶ
2297 2871 2551 2942 σπουδῆς,
2604 2869 2746 2946 ὅμως
2800 2872 2892 2927 καὶ
2920 2876 3014 2928 τοῦ
3063 2872 3208 2930 Θεοῦ
3259 2866 3577 2946 χαρίσματα
3629 2855 3768 2924 εἶναι

2161 2957 2328 3037 λέγει,
2393 2957 2584 3018 πείθων
2653 2961 2796 3036 ἡμᾶς
2849 2957 3195 3038 εὐχαρίστους
3268 2947 3439 3031 εἶναι,
3489 2956 3580 3014 καὶ
3634 2955 3768 3035 πρὸς

2081 3025 2124 3088 C
2163 3050 2358 3108 ἐκεῖνον
2393 3053 2614 3128 ἀφορᾷν,
2648 3048 2744 3108 καὶ
2792 3048 2867 3126 μὴ
2897 3047 3231 3128 ἐπαίρεσθαι.

2244 3164 2267 3190 «ι
2298 3136 2438 3210 Γένη
2478 3142 2756 3218 γλωσσῶν.
2795 3165 2818 3189 ιο
2843 3135 3118 3216 Ἐσχατον
3150 3140 3305 3196 τοῦτο
3344 3136 3612 3208 τέθεικεν,
3671 3131 3764 3192 ἵνα

2163 3226 2422 3307 συστείλῃ
2451 3225 2569 3294 τοὺς
2609 3227 2697 3285 ἐπὶ
2725 3226 2896 3307 τούτῳ
2938 3227 3437 3303 ἀλαζονευομένους.

2242 3344 2263 3369 α
2302 3317 2398 3388 Μὴ
2449 3315 2643 3384 πάντες
2699 3316 3020 3390 ἀπόστολοι,
3079 3315 3156 3393 μὴ
3204 3314 3400 3382 πάντες
3447 3316 3761 3394 προφῆται;

2162 3404 2236 3482 μὴ
2289 3407 2484 3473 πάντες
2532 3406 2874 3479 διδάσκαλοι;
2926 3405 2999 3481 μὴ
3061 3405 3254 3472 πάντες
3306 3405 3592 3482 δυνάμεις;
3665 3403 3765 3477 Μὴ

2160 3495 2352 3563 πάντες
2419 3495 2736 3575 χαρίσματα
2811 3496 3055 3572 ἰαμάτων
3133 3496 3347 3575 ἔχουσις
3424 3493 3499 3572 μὴ
3573 3493 3770 3561 πάντες

2160 3583 2428 3661 γλώσσαις
2485 3587 2741 3663 λαλοῦσι;
2806 3583 2882 3663 μὴ
2949 3585 3144 3652 πάντες
3206 3583 3682 3662 διερμηνεύουσιν;
3741 3611 3766 3635 ιι

2162 3673 2388 3746 ’,Επειδὴ
2424 3674 2559 3741 εἰκὸς
2603 3666 2668 3748 ἦν
2728 3673 2916 3742 αὐτοὺς
2971 3676 3174 3752 μᾶλλον
3230 3675 3500 3751 ἀλγῆσαι,
3544 3675 3616 3740 ὡς
3661 3695 3766 3752 φα-

2162 3765 2491 3844 νερωθέντων
2551 3767 2658 3823 τῶν
2712 3763 2963 3841 μειζόνων
3023 3763 3114 3822 καὶ
3156 3765 3262 3821 τῶν
3305 3762 3598 3822 ἐλαττόνων
3660 3786 3766 3842 χα-

2166 3854 2436 3933 ρισμάτων
2492 3852 2579 3910 διὰ
2643 3856 2740 3924 τῆς
2791 3853 3230 3932 ἀπαριθμήσεως,
3282 3852 3443 3911 πάλιν
3503 3872 3768 3933 παραμυ-

2163 3948 2330 4001 θεῐται
2373 3941 2495 4008 τοὺς
2537 3940 2840 4008 ἐλάττονας.
2885 3945 2936 4000 Τ
2941 3942 2958 3999 ί
3005 3940 3126 4019 γὰρ,
3179 3939 3357 4020 φησὶν,
3413 3941 3622 4017 ἀλγεῖς,
3681 3939 3768 4002 ὅτι

2163 4034 2256 4090 οὐκ
2287 4031 2428 4110 ἔχεις
2476 4029 2636 4109 τυχὸν
2681 4028 2707 4063 ²
2761 4029 3119 4109 προφητείαν;
3163 4027 3450 4100 Ἐννόησον
3495 4027 3576 4086 ὅτι
3627 4028 3770 4108 ἔχεις

2163 4117 2228 4178 σὺ
2257 4118 2438 4192 πάλιν,
2489 4117 2518 4177 ὃ
2563 4122 2590 4176 6
2633 4117 2910 4199 προφήτης
2958 4119 3053 4176 οὐκ
3099 4116 3232 4196 ἔχει’
3269 4117 3360 4175 καὶ
3389 4117 3518 4196 ὅπερ
3567 4115 3767 4196 ἄλλος,

2164 4207 2322 4274 ἄλλος
2351 4210 2446 4266 οὐκ
2476 4206 2612 4287 ἔχει.
2647 4202 2822 4266 ’Ώστε
2852 4211 3008 4268 τοῦτο
3036 4209 3302 4288 συμφέρον
3331 4209 3455 4284 ὑμῖν
3501 4205 3592 4264 καὶ
3622 4206 3766 4285 ὠφε-

2163 4296 2472 4378 λιμώτερον,
2521 4295 2583 4355 τὸ
2631 4295 2793 4363 οὕτως
2837 4295 2999 4378 ἔχειν,
3027 4296 3117 4355 ἵνα
3146 4294 3369 4363 ἕκαστος
3412 4301 3502 4356 τοῦ
3534 4296 3766 4368 πλησίον

2080 4392 2132 4455 D
2169 4387 2368 4459 δέηται.

2251 4505 2274 4530 α
2311 4479 2548 4550 Ζηλοῦτε
2580 4475 2634 4536 δὲ
2661 4475 2734 4537 τὰ
2770 4477 3085 4558 χαρίσματα
3120 4475 3189 4536 τὰ
3233 4476 3526 4556 κρείττονα.
3561 4502 3586 4526 ι»
3612 4475 3767 4559 ᾘνί-

2169 4567 2292 4636 ξατο
2320 4566 2520 4645 ἠρέμα,
2565 4565 2648 4627 ὅτι
2692 4567 2839 4626 αὐτοὶ
2879 4565 3040 4626 αἴτιοί
3096 4569 3197 4626 εἶσι
3253 4569 3348 4625 τοῦ
3389 4565 3459 4624 τὰ
3507 4564 3765 4624 ἐλάττονα

2167 4657 2368 4716 λαϐεῖν’
2415 4658 2500 4716 διὰ
2549 4656 2652 4736 γὰρ
2695 4661 2785 4714 τοῦ
2829 4661 3015 4730 εἰπεῖν,
3065 4683 3090 4708 ι
3132 4659 3400 4728 Ζηλοῦτε,
3448 4681 3474 4706 ν
3504 4652 3601 4726 τὴν
3635 4658 3767 4732 παρ’

2165 4747 2394 4806 ἐκείνων.
2422 4747 2658 4818 σπουδὴν
2709 4749 2948 4820 ἀπαιτεῖ,
2999 4744 3094 4804 καὶ
3144 4743 3240 4815 τὴν
3271 4743 3441 4803 πλείω
3477 4741 3764 4820 ἐπιθυμίαν

2164 4836 2286 4917 περὶ
2338 4833 2408 4894 τὰ
2457 4833 2819 4912 πνευματικά.
2871 4833 2981 4894 Καὶ
3040 4835 3136 4892 οὐκ
3173 4824 3310 4905 εἶπε,
3358 4832 3444 4893 Τὰ
3515 4833 3759 4911 μείζονα,

2166 4925 2325 5003 ἀλλὰ,
2363 4951 2389 4976 α
2431 4924 2520 4985 Τὰ
2550 4923 2848 5003 κρείττονα,
2883 4949 2906 4976 ιι
2937 4923 3210 4998 τουτέστι,
3251 4922 3318 4981 τὰ
3345 4920 3758 5002 ὠφελιμώτερα.

2245 5042 2271 5068 «ι
2324 5015 2433 5075 Καὶ
2480 5012 2559 5072 ἔτι
2599 5016 2718 5072 καθ’
2761 5010 3064 5092 ὑπερϐολὴν
3111 5013 3230 5070 ὁδὸν
3269 5015 3393 5089 ὑμῖν
3429 5011 3689 5089 δείκνυμι.
3740 5040 3762 5064 υ

2169 5103 2276 5166 Καὶ
2320 5103 2457 5181 μετὰ
2485 5103 2686 5162 τούτων
2721 5105 2897 5181 (τοῦτο
2923 5101 3028 5182 γὰρ
3061 5103 3212 5173 δηλοῖ
3256 5102 3339 5178 τὸ,
3369 5129 3396 5155 ιι
3440 5099 3550 5162 Καὶ
3585 5100 3663 5160 ἔτι
3697 5104 3760 5179 ι»)

2163 5191 2252 5253 ἐὰν
2305 5195 2440 5262 ὅλως
2513 5192 2750 5266 ζηλωταὶ
2822 5191 3105 5272 ὕπάρχητε
3171 5189 3558 5272 χαρισμάτων,
3608 5190 3762 5258 δείξω

2161 5286 2284 5360 ὑμῖν
2339 5281 2466 5359 μίαν
2529 5281 2645 5341 ὁδὸν
2695 5280 2812 5341 καθ’
2865 5279 3202 5363 ὑπερϐολὴν,
3248 5279 3538 5356 τουτέστιν,
3587 5281 3755 5359 ὕπερ-

2157 5374 2417 5453 έχουσαν,
2463 5371 2580 5444 ἥτις
2625 5371 2771 5450 φέρει
2813 5370 2903 5431 ἐπὶ
2955 5371 3133 5431 πάντα
3161 5370 3231 5429 τὰ
3261 5369 3603 5451 χαρίσματα.
3638 5369 3754 5439 Τὴν

2159 5463 2374 5541 ἀγάπην
2406 5461 2463 5522 δὲ
2494 5461 2651 5541 λέγει.

1842 5603 2032 5665 Varia
2075 5607 2380 5667 lectiones.

521 5696 566 5729 ’9
597 5696 849 5769 ἀρχηγούς
879 5716 933 5756 0.
1013 5701 1027 5734 ¹
1057 5702 1172 5764 τοὺς
1201 5704 1439 5767 παλαιούς
1467 5723 1519 5762 0.
1599 5708 1619 5741 ²
1648 5713 1821 5779 τυχεῖν
1862 5727 1917 5767 0.
