4110 6466
413 440 517 492 72$

982 558 1277 622 ΚΕΦΑΑ.
1328 549 1443 620 II’.

502 707 533 745 α
562 685 696 747 Ἐὰν
746 694 865 752 ταῖς
913 684 1183 764 γλώσσαις
1232 686 1382 743 λαλῶ
1425 686 1530 743 τῶν
1584 682 1876 764 ἀνθρώπων
1920 682 2011 742 καὶ

411 778 518 836 τῶν
564 776 843 856 ἀγγέλων,
897 773 1112 851 ἀγάπην
1162 772 1217 833 δὲ
1268 774 1343 851 μὴ
1391 774 1521 855 ἔχω,
1571 773 1763 853 γέγονα
1815 772 2013 853 χαλκὸς

408 869 587 948 ἠχῶν,
615 866 709 925 καὶ
738 866 764 904 ³
794 864 1069 942 κύμϐαλον
1098 864 1378 933 ἀλαλάζον.
1419 892 1446 916 ιο
1476 866 1597 926 Οὖκ
1628 864 1773 930 εὐθὺς
1800 862 2010 922 ὖπέδει-

411 956 495 1025 ξεν
526 958 703 1024 αὐτοῖς
742 953 839 1028 τὴν
870 955 1017 1028 ὁδὸν,
1050 953 1188 1013 ἀλλὰ
1231 954 1494 1035 συγκρίνει
1547 954 1709 1025 αὐτὴν
1755 953 2008 1034 πρότερον

410 1048 542 1127 πρὸς
586 1045 649 1105 τὸ
680 1046 864 1106 δοκοῦν
915 1046 1092 1113 αὐτοῖς
1130 1044 1376 1125 χάρισμα
1407 1034 1540 1104 εἶναι
1574 1047 1784 1121 μεῖζον,
1817 1042 1876 1101 τὸ
1904 1046 2007 1101 τῶν

409 1138 699 1216 γλωσσῶν,
745 1133 839 1195 καὶ
894 1133 1126 1194 δείκνυσι
1187 1132 1389 1207 ταύτην
1443 1133 1775 1213 ἀσυγκρίτως
1822 1132 2009 1193 τούτου

410 1223 804 1306 ὑπερέχουσαν,
831 1222 918 1283 ναὶ
963 1222 1070 1302 μὴν
1116 1222 1207 1282 καὶ
1253 1226 1358 1282 τῶν
1405 1225 1608 1283 λοιπῶν
1644 1221 1860 1283 πάντων
1902 1246 2009 1303 χα-

411 1315 714 1395 ρισμάτων,
761 1312 852 1372 καὶ
904 1311 1025 1373 τότε
1077 1312 1421 1386 ἀξιοπόθητον
1474 1312 1771 1394 ἀποφαίνει.
1823 1315 1868 1373 Γ
1870 1312 2013 1371 λώσ-

411 1428 510 1473 σας
552 1405 609 1466 δὲ
659 1403 978 1485 ἀνθρώπων,
1031 1407 1137 1462 τῶν
1187 1404 1507 1484 ἁπανταχοῦ
1552 1407 1646 1475 τῆς
1698 1403 2009 1481 οἰκουμένης

409 1497 571 1554 ἐθνῶν
600 1517 782 1575 φησιν.
832 1497 952 1554 Οὔκ
1002 1492 1324 1573 ἀρκούμενος
1366 1492 1422 1553 δὲ
1467 1492 1660 1574 τούτῳ,
1701 1491 1793 1551 καὶ
1824 1491 2007 1572 ἑτέραν

410 1582 617 1657 τίθησιν
659 1581 981 1663 θπερϐολήν·
1041 1606 1069 1640 α
1116 1585 1255 1650 Ταῖς
1300 1585 1405 1642 τῶν
1450 1582 1724 1660 ἀγγέλων,
1767 1608 1794 1636 ιο
1848 1580 2004 1663 φησὶ,

421 1694 452 1732 ιι
478 1672 764 1753 γλώσσαιςι
800 1700 827 1727 ι
876 1674 977 1753 οὐχ
1006 1669 1088 1731 ὅτι
1132 1673 1180 1731 οἱ
1226 1671 1441 1751 ἄγγελοι
1482 1672 1729 1750 γλώσσας
1776 1670 2005 1751 ἔχουσιν,

411 1760 554 1823 ἀλλὰ
602 1762 837 1844 κρεῖττόν
885 1787 937 1822 τι
971 1763 1214 1836 δηλῶσαι
1259 1763 1454 1837 θέλων,
1495 1761 1589 1821 καὶ
1631 1761 1693 1820 τὸ
1748 1760 2007 1844 ὑπερέχον

409 1857 517 1913 τῶν
561 1840 903 1935 ἀνθρωπίνων
941 1854 966 1893 ⁴
997 1856 1278 1931 γλωσσῶν,
1314 1852 1400 1911 διὰ
1442 1856 1596 1910 τοῦτο
1648 1851 1813 1919 οὕτως
1845 1840 2008 1911 εἶπεν.

411 1942 677 2022 Ἀγγέλοις
707 1942 813 2024 γὰρ
843 1943 867 1979 ⁸
911 1945 1154 2024 γλῶσσα,
1199 1946 1235 2014 ἡ
1265 1941 1419 2023 νοερὰ
1448 1942 1580 2022 πρὸς
1606 1941 1667 2001 τὸ
1706 1942 1955 2013 ἀλλήλοις
1984 1941 2009 1977 ⁰

413 2032 705 2092 διαδιδόναι
751 2032 822 2092 τὰ
873 2037 987 2092 θεῖα
1039 2032 1286 2109 νοήματα
1333 2031 1570 2109 δύναμις.
1623 2030 1753 2092 Ἀπὸ
1809 2030 1864 2091 δὲ
1915 2035 2007 2091 τοῦ

408 2122 673 2203 ἡμετέρου
702 2124 927 2203 ὀργάνου
966 2122 1166 2196 ταύτην
1213 2122 1525 2201 ὠνόμασεν,
1578 2120 1761 2202 ὥσπερ
1790 2121 1882 2181 καὶ
1910 2120 2007 2199 τὸ,

416 2233 450 2271 α
478 2215 603 2274 Πᾶν
628 2212 755 2293 γόνυ
778 2212 984 2294 κάμψει
1031 2211 1379 2292 ἐπουρανίων.
1415 2231 1446 2269 ι)
1500 2214 1584 2272 Οὔ
1612 2211 1715 2292 γὰρ
1744 2213 1878 2269 ὀστᾶ
1917 2210 2008 2270 καὶ

407 2307 573 2383 νεῦρα
628 2300 875 2384 ἔχουσιν,
928 2301 1069 2362 ἀλλὰ
1127 2302 1226 2374 τὴν
1286 2300 1671 2379 ἐπιτεταμένην
1736 2300 2008 2382 ὖποταγὴν

406 2391 664 2463 ἕδήλωσε.
722 2416 748 2446 ιι
787 2391 987 2472 Γέγονα
1046 2412 1077 2449 ι)
1113 2391 1202 2469 δὲ,
1233 2391 1395 2472 φησὶ,
1447 2412 1479 2449 α
1523 2390 1727 2473 χαλκὸς
1763 2394 1936 2471 ἠχῶν·
1972 2414 2003 2447 ι

406 2482 709 2556 τουτέστιν,
741 2481 920 2563 φωνὴν
969 2483 1066 2558 μὲν
1119 2480 1306 2561 ἀφιεὶς,
1358 2483 1476 2551 εἰκῆ
1526 2481 1583 2541 δὲ
1630 2481 2005 2561 φθεγγόμενος,

405 2571 500 2629 καὶ
529 2570 757 2653 ὀχληρὸς
787 2569 880 2647 ὢν,
933 2570 1137 2650 μηδένα
1188 2569 1242 2630 δὲ
1277 2572 1523 2653 ὠφελῶν,
1566 2569 1654 2631 διὰ
1688 2569 1749 2629 τὸ
1793 2568 2008 2649 ἀγάπης

408 2660 751 2743 ἐστερῆσθαι.

500 2867 532 2905 α
562 2845 670 2906 Καὶ
702 2844 792 2905 ἐὰν
825 2843 935 2926 ἔχω
973 2839 1331 2925 προφητείαν,
1369 2840 1461 2901 καὶ
1486 2842 1610 2901 εἰδῶ
1637 2840 1706 2901 τὰ
1736 2838 2007 2919 μυστήρια

408 2932 625 3007 πάντα,
655 2932 747 2994 καὶ
768 2942 949 2994 πᾶσαν
981 2930 1079 3005 τὴν
1108 2936 1326 3012 γνῶσιν.
1358 2953 1390 2990 ι)
1419 2933 1544 3012 Οὐχ
1584 2932 1766 2998 ἁπλῶς
1794 2952 2007 3011 προφη-

409 3023 586 3098 τείαν,
614 3021 755 3083 ἀλλὰ
784 3024 883 3096 τὴν
924 3022 1253 3104 ἀκροτάτην,
1274 3020 1366 3079 καὶ
1396 3020 1570 3080 πάντα
1592 3022 1791 3080 εἰδυῖαν
1816 3019 1882 3077 τὰ
1910 3043 2010 3097 μυ-

409 3112 625 3194 στήρια.
682 3113 886 3174 Σκόπει
915 3112 991 3187 δὲ,
1020 3115 1137 3179 πῶς
1166 3110 1257 3171 ἐπὶ
1289 3109 1385 3187 μὲν
1414 3115 1517 3170 τῶν
1559 3113 1817 3191 γλωσσῶν
1859 3108 2007 3169 οὐδὲν

1311 431 1665 489 EXPOSITIO
1704 432 1772 488 lN
1810 432 2017 487 EPIST.
2061 431 2081 487 Ι
2116 430 2209 486 AD
2250 429 2407 486 COR.
2451 459 2519 469 —
2558 430 2708 484 CAP.
2753 430 2883 485 Xlll.

2039 560 2094 624 Α

3611 438 3722 488 ’726

2696 554 2937 611 CAPUT
2982 558 3141 611 XIII.

2189 691 2371 746 Vsus.
2400 694 2425 745 1
2461 732 2474 745 .
2500 711 2527 739 ι
2556 687 2611 746 Si
2643 688 2842 763 linguis
2872 689 3168 747 hominum
3196 691 3393 765 loquar
3418 702 3473 751 et
3496 694 3716 767 angelo-

2119 795 2270 847 rum,
2289 779 2613 836 charitatem
2653 788 2841 836 autem
2866 796 2980 837 non
2998 780 3253 855 habeam,
3286 782 3464 841 factus
3490 801 3617 840 sum
3644 800 3720 842 aes

2119 884 2344 936 sonans,
2400 868 2483 925 vel
2538 869 2851 942 cymbalum
2910 869 3170 927 tiuniens.
3207 893 3229 921 ι
3266 872 3431 929 Haud
3471 882 3716 930 actutum

2117 960 2554 1017 submonstravit
2594 960 2675 1016 eis
2715 961 2885 1028 viam,
2925 961 3022 1018 sed
3061 972 3352 1036 comparat
3405 980 3527 1021 eam
3567 966 3719 1037 prius

2115 1065 2246 1106 cum
2272 1049 2418 1106 dono
2441 1048 2590 1122 quod
2621 1050 2756 1122 ipsis
2785 1049 3073 1108 videbatur
3100 1068 3217 1109 esse
3243 1053 3424 1124 potius
3445 1096 3462 1122 ,
3503 1053 3713 1127 lingua-

2117 1156 2246 1196 rum
2276 1139 2549 1209 videlicet,
2580 1140 2931 1213 ostenditque
2959 1141 3102 1199 hanc
3124 1142 3264 1199 illud
3304 1144 3717 1216 incomparabi-

2116 1229 2240 1285 liter
2262 1229 2607 1297 antecellere,
2645 1230 2761 1285 imo
2790 1238 2844 1286 et
2867 1240 3065 1288 caetera
3101 1232 3293 1289 omnia
3335 1233 3669 1290 charismata
3701 1252 3714 1289 :

2114 1326 2171 1374 et
2188 1326 2308 1373 tum
2330 1333 2454 1374 eam
2493 1318 2720 1391 dignam
2753 1334 2872 1375 esse
2896 1321 2994 1387 ait,
3020 1336 3145 1393 qua:
3165 1322 3236 1378 ab
3265 1322 3531 1379 omnibus
3559 1336 3715 1393 expe-

2113 1414 2282 1463 tatur.
2334 1407 2579 1480 Linguas
2624 1415 2811 1464 autem
2860 1407 3174 1477 hominum,
3212 1420 3536 1467 cunctarum
3584 1426 3715 1483 gen-

2115 1498 2257 1553 tium
2316 1496 2522 1569 ubique
2566 1506 2839 1555 terrarum
2905 1502 3378 1557 commorantium
3439 1498 3717 1573 intelligit.

2115 1589 2231 1642 Nec
2261 1587 2365 1643 hoc
2385 1596 2698 1658 contentus,
2717 1589 2881 1644 aliam
2924 1591 3079 1660 ponit
3106 1591 3524 1647 excellentiam:
3557 1613 3583 1640 α
3608 1596 3721 1648 An-

2115 1676 2603 1749 gelorumlinguis,
2637 1699 2664 1726 ι
2698 1677 2877 1748 inquit
2907 1696 2919 1732 :
2951 1694 3061 1733 non
3104 1678 3253 1750 quod
3283 1679 3461 1752 angeli
3508 1680 3722 1753 linguas

2116 1763 2409 1833 habebant,
2457 1764 2553 1821 sed
2612 1774 2677 1821 ut
2729 1765 3013 1837 quiddam,
3075 1768 3227 1839 quod
3283 1766 3544 1824 humanis
3614 1768 3719 1824 lin-

2040 1890 2087 1953 Β
2118 1854 2241 1927 guis
2272 1854 2626 1911 excellentius
2671 1863 2842 1924 esset,
2888 1854 3177 1922 indicaret,
3222 1856 3300 1912 sic
3340 1856 3499 1913 dixit.
3530 1861 3715 1929 Ange-

2113 1943 2294 2001 lorum
2314 1944 2467 2000 enim
2498 1944 2678 2017 lingua
2708 1952 2791 2001 est
2820 1944 3202 2001 intellectualis
3230 1946 3313 2002 vis
3333 1962 3441 2017 qua
3462 1946 3566 2002 sibi
3589 1961 3716 2002 mu—

2114 2040 2212 2089 tuo
2250 2033 2566 2090 divinarum
2614 2050 2804 2091 rerum
2820 2035 3163 2091 intellectum
3214 2051 3279 2091 ac
3308 2034 3521 2092 divinas
3567 2035 3716 2108 cogi-

2110 2123 2355 2181 tationes
2394 2124 2738 2195 impertiunt.
2791 2126 2843 2179 Α
2879 2131 3068 2181 nostro
3112 2132 3303 2180 autem
3354 2140 3562 2196 organo
3589 2140 3716 2181 eam

2113 2210 2446 2282 nominavit,
2500 2210 2974 2284 quemadmodum
3027 2220 3083 2267 et
3150 2210 3307 2281 illud,
3358 2235 3385 2262 ι
3447 2211 3722 2268 Flectetur

2119 2314 2287 2355 omne
2328 2315 2472 2371 genu
2507 2302 2817 2358 caelestium
2852 2313 2900 2358 P.
2954 2323 2981 2351 an
3010 2304 3139 2359 Non
3172 2303 3318 2358 enim
3348 2316 3472 2358 ossa
3514 2309 3573 2358 et
3595 2317 3721 2358 ner-

2112 2404 2209 2445 vos
2260 2387 2492 2459 habent,
2537 2390 2633 2447 sed
2686 2406 2965 2447 summam
2999 2390 3403 2464 subjectionem
3430 2389 3717 2447 indicavit.

2119 2499 2145 2527 ι
2185 2479 2391 2534 Factus
2440 2494 2593 2547 um,
2630 2502 2657 2528 υ
2709 2480 2924 2551 inquit,
2982 2502 3009 2528 α
3058 2494 3135 2535 aes
3181 2494 3405 2548 sonans,
3443 2478 3549 2534 hoc
3578 2502 3605 2527 ι
3635 2486 3722 2534 est

2113 2582 2305 2623 vocem
2359 2567 2585 2640 quidem
2636 2568 2825 2637 edens,
2865 2578 3072 2624 temere
3114 2576 3305 2625 autem
3364 2569 3612 2640 loquens,
3655 2581 3720 2622 ac

2113 2656 2424 2713 turbulenta
2455 2654 2760 2730 proferens,
2799 2657 3002 2730 quibus
3030 2657 3243 2715 nemini
3282 2658 3519 2730 prosim,
3547 2671 3720 2729 quan-

2115 2746 2415 2820 doquidem
2447 2745 2719 2803 charitate
2762 2748 2870 2803 sim
2918 2747 3238 2804 destitutus.

2187 2838 2366 2892 Vsus.
2389 2842 2439 2893 2.
2477 2858 2503 2885 ι
2524 2839 2595 2893 Et
2610 2837 2657 2892 si
2682 2838 2849 2907 202
2869 2835 3113 2892 habuero
3136 2834 3507 2907 praphetiam,
3534 2843 3589 2892 et
3615 2851 3714 2891 no-

2116 2926 2292 2981 verim
2321 2926 2584 2999 mysteria
2627 2920 2835 2992 omnia,
2862 2934 2919 2982 et
2942 2941 3170 2982 omnem
3199 2924 3508 2982 scientiam.
3542 2946 3570 2973 ι
3594 2927 3720 2982 Non

2115 3015 2433 3088 simpliciter
2463 3016 2832 3088 prophetiam,
2886 3015 2986 3072 sed
3015 3016 3255 3072 maxime
3313 3013 3631 3082 sublimem,
3662 3023 3719 3071 et

2117 3120 2242 3177 qua:
2270 3105 2525 3177 mysteria
2554 3106 2740 3162 omnia
2751 3105 2984 3161 noverit.
3006 3104 3249 3161 Observa
3271 3110 3458 3160 autem
3485 3103 3636 3176 quod
3652 3103 3725 3160 de

410 3188 559 3262 εἶπεν
628 3194 763 3262 εἶναι
821 3200 1021 3283 κέρδοςο
1097 3201 1185 3261 ἐπὶ
1248 3200 1306 3260 δὲ
1357 3204 1454 3272 τῆς
1526 3188 1887 3281 προφητείας,
1955 3196 2017 3257 τὸ

2121 3195 2322 3267 linguis
2349 3195 2577 3268 quidem
2602 3195 2816 3252 nullam
2845 3194 3145 3251 utilitatem
3171 3193 3313 3250 dixit
3330 3208 3454 3265 quae
3477 3193 3559 3249 eis
3584 3193 3723 3250 ines-

414 3290 607 3351 εἷδέναι
641 3291 708 3351 τὰ
756 3293 1026 3371 μυστήρια
1067 3290 1269 3364 πάντα,
1320 3289 1414 3349 καὶ
1440 3298 1623 3351 πᾶσαν
1661 3288 1758 3361 τὴν
1789 3291 2007 3367 γνῶσιν.

416 3478 424 3493 ⁵
500 3494 530 3529 α
572 3471 684 3535 Καὶ
716 3471 807 3533 ἐὰν
844 3473 957 3554 ἔχω
989 3479 1170 3531 πᾶσαν
1195 3470 1290 3544 τὴν
1320 3470 1522 3534 πίστιν.
1557 3492 1588 3530 n
1629 3470 1751 3530 Ἵνα
1785 3469 1860 3546 μὴ
1891 3470 2010 3527 καθ’

414 3560 639 3622 ἕκαστον
681 3561 852 3641 λέγων
913 3562 1141 3643 ὀχληρὸς
1172 3560 1454 3643 φαίνηται,
1515 3559 1603 3621 ἐπὶ
1646 3559 1743 3632 τὴν
1803 3557 2011 3635 μητέρα

411 3650 506 3710 καὶ
534 3651 628 3725 τήν
660 3651 839 3732 πηγὴν
873 3642 1126 3711 ἁπάντων
1157 3642 1313 3725 ἦλθε,
1356 3650 1453 3723 τὴν
1490 3649 1695 3725 πίστιν,
1743 3647 1837 3707 καὶ
1876 3646 2011 3706 ταύ-

407 3764 509 3815 την
538 3752 736 3804 πᾶσαν.

508 3852 539 3889 ιι
563 3826 733 3893 Ὥστε
777 3829 868 3891 καὶ
905 3832 1003 3911 ὄρη
1038 3829 1372 3907 μεθιστάναι,
1405 3827 1624 3907 ἀγάπην
1663 3825 1723 3887 δὲ
1754 3828 1850 3886 οὐκ
1879 3824 2011 3907 ἔχω,

412 3921 564 3982 οὖδέν
615 3923 749 4001 εἶμι,
806 3945 838 3979 ιι
871 3921 1095 3992 Ἐπειδὴ
1145 3920 1317 3980 ἐδόκει
1356 3923 1464 3988 τοῖς
1508 3916 1829 3998 παχυτέροις
1873 3918 2011 3996 μέγα

411 4012 474 4071 τὸ
526 4012 859 4088 μεθιστάνειν
924 4012 992 4072 τὰ
1043 4011 1172 4092 ὄρη,
1215 4007 1402 4069 τούτου
1479 4008 1635 4068 ἕνεκα
1705 4007 2010 4084 ἐπεμνήσθη

414 4103 593 4175 αὐτοῦ,
633 4104 733 4182 οὐχ
764 4101 843 4160 ὅτι
895 4106 1049 4161 τοῦτο
1096 4102 1254 4179 μόνον
1307 4098 1531 4158 δύναται
1565 4102 1599 4169 ἡ
1629 4106 1780 4156 πᾶσα
1810 4096 2007 4164 πίστις’

411 4190 473 4251 τὸ
522 4191 626 4271 γὰρ
671 4192 769 4272 ὄρη
820 4189 1151 4269 μεθιστάνειν
1196 4193 1225 4249 ὁ
1275 4188 1474 4269 Κύριος
1519 4190 1695 4267 μικρῷ
1724 4185 1875 4267 μέρει
1918 4190 2012 4259 τῆς

412 4277 645 4348 πίστεως
683 4282 1024 4353 ἀνατίθησιν,
1056 4278 1239 4339 εἰπών·
1304 4301 1333 4338 ιι
1362 4276 1495 4338 Ἐὰν
1527 4277 1686 4357 ἔχητε
1720 4274 1901 4335 πίστιν
1940 4280 2012 4344 ὥς

413 4368 606 4430 κόκκον
654 4367 941 4438 σινάπεως.
984 4395 1010 4421 ι
1063 4367 1212 4449 Ὅρα
1259 4366 1335 4441 δὲ,
1380 4369 1495 4433 πῶς
1536 4364 1623 4425 διὰ
1670 4367 1761 4437 τῆς
1805 4389 2011 4446 προφη-

410 4458 557 4528 τείας
598 4459 690 4519 καὶ
739 4464 837 4532 τῆς
888 4458 1116 4527 πίστεως
1165 4458 1344 4517 πάντα
1392 4455 1462 4515 τὰ
1500 4455 1815 4536 χαρίσματα
1853 4477 2004 4534 περι-

412 4547 622 4608 έλαϐενο
667 4545 703 4621 ἢ
738 4548 843 4629 γὰρ
891 4549 946 4608 ἐν
988 4548 1181 4627 λόγοις,
1227 4546 1348 4619 ἢέν
1394 4544 1599 4625 ἔργοις,
1645 4542 1749 4603 εἰσὶ
1776 4542 1845 4603 τὰ
1874 4544 2008 4603 θαύ-

412 4661 583 4717 ματα.
615 4628 757 4701 Οὖκγ
781 4628 901 4698 εἷπε
953 4636 1043 4713 δὲ,
1077 4640 1159 4697 ὅτι
1203 4635 1446 4716 Ἇγάπην
1494 4635 1569 4713 μὴ
1622 4633 1782 4714 ἔχων,
1826 4634 2013 4714 μικρός

412 4730 527 4807 εἰμι
559 4727 650 4788 καὶ
683 4727 922 4805 εὐτελὴς,
955 4727 1094 4803 ἀλλ’,
1130 4754 1155 4782 ι
1182 4725 1355 4788 Οὐδέν
1395 4726 1524 4803 εἶμι.
1559 4751 1584 4777 ι

506 4840 535 4877 ιι
564 4818 676 4900 [Qui
704 4817 795 4878 ἐὰν
827 4816 1061 4900 ψωμίσω
1109 4816 1290 4878 πάντα
1336 4814 1404 4874 τὰ
1449 4811 1761 4894 ὑπάρχοντά
1800 4836 1924 4891 μου.
1976 4833 2007 4870 ο

412 4907 537 4969 Οὔκ
577 4897 746 4981 εἶπεν,
794 4897 933 4969 Ἐὰν
969 4908 1044 4966 δῶ
1095 4905 1254 4985 μέρος
1302 4908 1397 4977 τῆς
1441 4902 1625 4969 οὐσίας
1682 4925 1808 4979 μου,
1850 4901 2010 4973 ἀλλὰ,

2120 3292 2233 3353 set;
2264 3292 2322 3340 at
2370 3284 2440 3341 de
2468 3284 2761 3356 prophetia
2804 3283 2911 3340 hoc
2935 3284 3096 3353 dixit,
3127 3283 3182 3340 Si
3212 3284 3463 3340 noverim
3513 3289 3719 3354 myste-

2119 3373 2200 3430 ria
2236 3374 2445 3443 omnia,
2487 3383 2545 3430 et
2588 3389 2813 3430 omnem
2842 3374 3153 3430 scientiam.

2196 3485 2220 3511 ι
2252 3465 2324 3519 Et
2371 3464 2417 3519 si
2452 3463 2700 3519 habuero
2743 3478 2973 3520 omnem
2998 3462 3195 3519 ﬁdem.
3239 3485 3267 3512 ι
3314 3464 3399 3519 Ne
3448 3462 3726 3535 sigillatim

2119 3551 2353 3608 dicendo
2396 3552 2663 3609 molestus
2704 3552 2983 3620 videatur,
3013 3552 3087 3608 ad
3130 3558 3369 3607 matrem
3426 3559 3485 3608 et
3512 3550 3725 3609 fontem

2121 3642 2398 3711 omnium,
2430 3641 2601 3699 ﬁdem
2624 3641 2890 3715 pervenit,
2927 3656 3161 3714 eamque
3183 3655 3433 3698 omnem.

2195 3857 2225 3892 ι(
2250 3841 2333 3896 Ut
2360 3845 2579 3895 montes
2607 3836 2965 3907 transferam,
2991 3834 3319 3893 charitatem
3367 3843 3554 3893 autem
3606 3853 3721 3895 non

2119 3927 2376 3997 habeam,
2403 3927 2539 3983 nihil
2560 3944 2709 3984 sum.
2739 3946 2771 3981 »
2805 3928 2945 3999 Quia
2972 3925 3259 3983 videbatur
3279 3941 3549 3997 magnum
3602 3941 3723 3984 esse

2119 4017 2437 4074 rudioribus
2482 4025 2707 4074 montes
2753 4016 3073 4084 transferre,
3120 4024 3409 4088 propterea
3461 4014 3583 4087 ejus
3646 4017 3726 4073 rei

2120 4107 2396 4176 meminit,
2427 4123 2543 4163 non
2602 4106 2753 4179 quod
2784 4106 2890 4163 hoc
2918 4106 3102 4162 solum
3161 4105 3335 4177 possit
3376 4112 3495 4161 tota
3534 4104 3672 4161 ﬁdes
3702 4124 3715 4161 :

2118 4212 2248 4253 nam
2280 4206 2499 4253 montes
2522 4196 2845 4264 transferre,
2873 4196 2956 4252 vel
2985 4194 3224 4252 modicae
3272 4194 3398 4251 ﬁdei
3428 4195 3570 4267 parti
3596 4198 3714 4252 Do-

2120 4285 2305 4341 minus
2344 4285 2571 4342 ascribit
2605 4304 2619 4341 :
2647 4304 2676 4337 ‹‹
2704 4285 2761 4341 Si
2793 4285 3061 4352 habeatis,
3106 4302 3136 4337 »
3171 4283 3452 4357 inquiens,
3486 4305 3513 4333 α
3544 4282 3715 4341 ﬁdem

2118 4383 2183 4432 ut
2209 4391 2442 4449 granum
2471 4375 2674 4447 sinapis
2694 4387 2744 4431 ιι.
2777 4397 2804 4425 ιο
2834 4375 3083 4431 Observa
3101 4383 3287 4430 autem
3311 4374 3404 4429 hic
3433 4372 3725 4447 quomodo

2121 4481 2216 4538 per
2248 4466 2600 4539 prophetiam
2627 4473 2682 4521 et
2698 4464 2866 4521 ﬁdem
2896 4464 3083 4521 omnia
3115 4463 3447 4521 charismata
3476 4478 3729 4535 compre-

2040 4595 2093 4661 Β
2117 4553 2311 4611 hendit
2342 4576 2355 4612 :
2387 4563 2483 4611 aut
2506 4554 2660 4610 enim
2713 4554 2771 4610 in
2808 4553 3003 4661 verbis.
3039 4553 3122 4654 vel
3172 4552 3433 4625 operibus
3463 4559 3595 4661 sunt
3622 4552 3727 4607 mi-

2118 4643 2326 4701 racula.
2355 4645 2483 4700 Non
2536 4643 2678 4701 dixit
2714 4651 2903 4700 autem
2945 4641 3287 4701 Charitatem
3326 4656 3440 4696 non
3488 4638 3727 4709 habens,

2122 4732 2378 4789 modicus
2406 4748 2533 4789 sum
2565 4741 2621 4789 et
2650 4733 2790 4800 vilis,
2818 4746 3031 4801 verum,
3068 4753 3095 4779 α
3136 4729 3283 4787 Nihil
3310 4744 3452 4785 sum.
3485 4750 3513 4777 ι

2193 4824 2378 4879 Vsns.
2410 4830 2466 4879 3.
2514 4840 2545 4875 ι(
2596 4824 2668 4878 Et
2695 4822 2741 4879 si
2781 4821 3114 4879 distribuero
3152 4820 3209 4876 in
3242 4819 3394 4875 cibos
3423 4833 3731 4891 pauperum

2125 4927 2322 4969 omnes
2360 4911 2655 4969 facultates
2682 4926 2853 4968 meas.
2884 4934 2910 4961 ιο
2957 4912 3085 4968 Non
3112 4909 3282 4976 dixit,
3304 4909 3359 4966 Si
3392 4917 3604 4982 partem
3632 4908 3732 4965 ali-

423 5018 454 5056 α
482 4997 569 5058 Τὰ
590 4996 790 5058 πάντα⁴
814 5021 845 5054 ιι
872 4994 963 5055 καὶ
995 5001 1092 5056 οὐκ
1117 4986 1252 5068 εἶπε,
1278 4997 1391 5071 Δῶ,
1420 4993 1581 5067 ἀλλὰ,
1616 5015 1646 5052 α
1667 4991 1948 5069 Ψωμίσω·
1978 5013 2009 5049 ι)

2121 5016 2291 5074 quam
2310 5000 2642 5059 facultatum
2680 5017 2937 5058 mearum
2961 5000 3192 5071 dedero,
3218 4999 3337 5069 sed,
3373 5022 3399 5049 α
3428 5000 3673 5056 Omnes:
3703 5021 3729 5048 ι

414 5086 556 5147 ὥστε
591 5087 942 5169 προσκεῖσθαι
1080 5085 1295 5165 δαπάνῃ
1324 5083 1418 5143 καὶ
1448 5082 1546 5157 τὴν
1594 5081 1889 5155 διακονίαν,
1919 5079 2014 5152 τὴν

2123 5106 2229 5147 nec
2247 5090 2405 5160 dixit,
2426 5091 2667 5161 Dedero,
2703 5090 2819 5157 sed,
2847 5110 2875 5143 «
2901 5093 2965 5147 In
2986 5090 3142 5147 cibos
3178 5088 3534 5155 distribuero,
3557 5105 3588 5140 »
3638 5094 3735 5142 aut

415 5177 540 5255 μετ’
568 5176 876 5253 ἐπιμελείας
902 5175 1100 5249 πάσης.

2124 5181 2370 5254 sumptui
2399 5181 2773 5239 ministerium
2794 5196 2922 5237 cum
2940 5181 3096 5236 omni
3124 5177 3407 5250 diligentia
3423 5176 3731 5251 adjiciatur.

502 5293 527 5319 ι
561 5264 674 5329 Καὶ
720 5266 812 5325 ἐὰν
866 5268 1095 5347 παραδῶ
1140 5264 1202 5326 τὸ
1251 5261 1410 5340 σῶμά
1441 5284 1566 5339 μου,
1600 5258 1691 5319 ἵνα
1733 5259 2017 5333 καυθήσω-

2202 5294 2230 5321 «ι
2262 5274 2336 5328 Et
2360 5270 2405 5329 si
2428 5269 2637 5328 dedero
2665 5285 2867 5343 corpus
2894 5284 3085 5327 meum
3114 5274 3177 5322 ut
3229 5266 3472 5335 ardeam,
3499 5265 3734 5323 charita-

423 5380 544 5436 μαι,
578 5356 794 5437 ἀγάπην
847 5355 905 5417 δὲ
947 5355 1027 5436 μὴ
1071 5354 1207 5437 ἔχω,
1250 5354 1399 5414 οὐδὲν
1452 5351 1777 5434 ὠφελοῦμαι.
1831 5377 1857 5406 ι
1904 5353 2023 5411 Οὐκ

2128 5366 2250 5418 tem
2272 5368 2463 5419 autem
2490 5376 2606 5417 non
2626 5360 2884 5427 habeam,
2914 5357 3057 5416 nihil
3082 5355 3223 5414 mihi
3255 5353 3503 5429 prodest.
3532 5378 3558 5405 ι
3606 5357 3737 5413 Non

508 5510 533 5544 ι’
554 5499 794 5573 Philipp.
817 5515 893 5570 ιι,
925 5504 1014 5557 10.
1102 5508 1125 5544 ει
1143 5497 1340 5555 Matth.
1372 5510 1536 5566 xvn,
1562 5501 1651 5553 20.

1818 5566 2005 5626 Varie
2053 5567 2352 5627 lectiones.

496 5733 518 5768 ³
548 5732 581 5801 ἤ
608 5748 667 5790 o.
744 5732 764 5766 ⁸
787 5730 1061 5805 ἀνθρώπων
1089 5746 1147 5789 o.
1221 5729 1244 5766 ⁸
1270 5731 1324 5786 δέ
1347 5746 1398 5788 o.
1475 5730 1499 5765 ⁸
1544 5728 1824 5799 ἀλλήλους,
1859 5728 1963 5783 καὶ
1991 5727 2232 5798 ἀλλήλων
2262 5744 2316 5785 ο.
