4110 6456
365 454 469 507 727

1386 439 1902 503 THEOPHYLACTI
1939 437 2297 493 BULGARIE
2334 436 2650 493 ARCHIEP.

3570 435 3678 487 728

365 574 522 643 dixit,
554 574 629 629 Ut
666 569 896 640 moriar,
948 569 1045 626 sed
1095 566 1247 642 quod
1278 566 1530 623 omnium
1577 565 1971 624 difﬁcillimum

2080 552 2245 637 εἶπεν,
2294 560 2421 625 Ἵνα
2468 560 2738 633 ἀποθάνω,
2787 557 2908 618 ἀλλ’
2945 556 2974 618 8
3018 556 3407 639 ¹χαλεπώτερον
3459 555 3675 617 πάντων

366 663 686 730 videbatur,
715 660 901 716 vivum
948 658 1271 733 quempiam
1298 656 1572 720 comburi,
1622 671 1806 728 neque
1855 654 1963 711 hoc

365 753 496 809 citra
517 751 851 808 charitatem
867 747 1126 822 prodesse
1149 746 1302 803 dicit.
1324 750 1394 801 At
1415 744 1616 802 dixerit
1642 743 1917 817 quispiam
1945 762 1960 799 :

367 840 665 913 Quomodo
712 839 828 896 ﬁeri
874 844 1055 911 potest
1089 844 1151 891 ut
1185 834 1463 907 quispiam
1501 850 1591 891 res
1636 850 1764 890 suas
1803 840 1859 889 et
1887 831 1959 887 fa-

366 933 602 989 cultates
628 930 685 986 in
710 942 978 1002 pauperes
1026 925 1320 982 distribuat
1359 924 1477 981 sine
1501 923 1813 980 charitate?
1856 922 1964 979 Hic

369 1018 684 1094 responderi
714 1025 920 1092 potest,
950 1015 1034 1073 vel
1077 1014 1229 1088 quod
1281 1013 1339 1071 id
1372 1013 1522 1088 quod
1563 1029 1677 1070 non
1699 1021 1802 1080 est,
1830 1020 1964 1069 tan-

370 1127 535 1184 quam
579 1110 673 1178 sit,
730 1106 980 1180 posuerit
1037 1123 1052 1160 :
1094 1104 1317 1177 perinde
1360 1118 1425 1161 ac
1472 1119 1602 1160 cum
1651 1104 1731 1159 ait
1765 1119 1779 1159 :
1825 1124 1853 1152 α
1905 1101 1961 1159 Si

370 1200 451 1257 vel
475 1197 703 1271 angelus
744 1197 830 1253 vel
872 1212 977 1252 nos
1006 1194 1371 1268 praedicemus
1399 1192 1557 1250 vobis
1602 1191 1965 1265 Evangelium

368 1296 732 1362 praeterquam
760 1285 911 1360 quod
938 1284 1219 1357 accepistis
1246 1298 1271 1332 τ
1298 1301 1312 1340 :
1344 1306 1370 1333 ι
1420 1282 1572 1356 atqui
1600 1297 1781 1355 neque
1821 1282 1964 1354 ipse,

364 1394 549 1452 neque
584 1376 761 1451 angeli
791 1375 943 1434 aliud
973 1374 1328 1447 Evangelium
1368 1372 1751 1429 annuntiaturi
1782 1379 1965 1428 erant.

364 1470 514 1540 Quin
550 1467 675 1523 aliis
696 1465 966 1539 plerisque
984 1464 1125 1522 locis
1171 1461 1431 1537 quaedam
1459 1462 1594 1519 dicit
1618 1461 1962 1534 hujusmodi.

365 1558 460 1614 Vel
490 1556 643 1629 quod
679 1554 955 1629 quispiam
1006 1554 1125 1610 sine
1169 1553 1433 1610 charitate
1483 1551 1655 1624 possit
1686 1551 1857 1607 etiam
1882 1550 1964 1607 in-

367 1647 567 1720 opibus
589 1644 798 1718 largiri,
823 1659 953 1701 cum
976 1659 1093 1700 non
1119 1658 1193 1700 ex
1230 1642 1438 1699 affectu
1462 1657 1591 1715 erga
1618 1655 1889 1713 pauperes
1908 1639 1963 1697 id

2072 651 2276 726 ἐδόκει,
2302 652 2364 713 τὸ
2410 650 2583 721 ζῶντά
2611 674 2730 709 τινα
2761 652 3135 725 κατακαῆναι,
3168 647 3287 706 οὐδὲ
3313 646 3473 706 τοῦτό
3516 669 3675 728 φησιν

2071 743 2291 824 ὠφελεῖν
2346 741 2512 823 χωρὶς
2579 739 2813 818 ἀγάπης.
2896 736 3038 797 Ἀλλ’
3095 735 3233 796 εἴποι
3285 759 3363 805 τις
3414 736 3498 796 ἄν’
3548 739 3676 805 Πῶς

2071 833 2185 891 ἔστι
2216 831 2434 912 δυνατὸν
2478 830 2724 912 ψωμίσαι
2747 828 2817 888 τὰ
2846 826 3161 908 ὑπάρχοντα
3205 824 3370 907 χωρὶς
3424 825 3675 906 ἀγάπης

2070 917 2259 982 Ἔστιν
2309 910 2399 979 οὖν
2439 910 2639 992 εἰπεῖν,
2672 919 2753 978 ὅτι
2781 915 2817 988 ἢ
2867 918 2928 978 τὸ
2973 919 3069 977 οὐκ
3115 913 3172 976 ὃν
3222 919 3291 982 ὥς
3330 914 3387 976 ὂν
3434 915 3675 987 ὓπέθετο,

2072 1008 2255 1090 ὥσπερ
2298 1009 2424 1070 ὅταν
2459 1009 2613 1089 λέγῃ’
2674 1028 2701 1065 ιθ
2736 1006 2875 1068 Ἐὰν
2906 1006 3125 1085 ἄγγελος
3171 1005 3207 1079 ἣ
3262 1009 3417 1084 ἡμεῖς
3459 1008 3680 1085 εὐαγγε-

2073 1098 2341 1177 λιζώμεθα
2390 1102 2537 1175 ὑμῖν,
2584 1096 2715 1178 παρ’
2760 1096 2790 1157 δ
2835 1095 3169 1177 παρελάϐετε
3222 1117 3253 1153 ι)
3324 1093 3502 1155 καίτοι
3558 1094 3677 1155 οὔτε

2076 1188 2248 1268 αὐτὸς,
2298 1187 2418 1249 οὔτε
2463 1188 2685 1267 ἄγγελος
2743 1185 2966 1265 ἔμελλεν
3011 1184 3168 1266 ἕτερα
3225 1184 3676 1264 εὐαγγελίζεσθαι.

2079 1278 2189 1339 Καὶ
2233 1280 2477 1358 ἀλλαχοῦ
2535 1278 2812 1356 πολλαχοῦ
2861 1279 3085 1336 τοιαῦτα
3116 1272 3299 1354 λέγει’
3349 1272 3385 1346 ἢ
3431 1276 3514 1333 ὅτι
3563 1273 3678 1334 ἔστι

2076 1367 2167 1427 καὶ
2214 1368 2381 1448 χωρὶς
2429 1366 2639 1444 ἀγάπης
2686 1365 2924 1443 διδόναι,
2984 1363 3110 1423 ὅταν
3158 1362 3235 1441 μὴ
3281 1361 3368 1422 διὰ
3412 1361 3510 1435 τὴν
3553 1362 3683 1442 πρὸς

2077 1455 2195 1523 τοὺς
2245 1455 2520 1533 δεομένους
2570 1454 2926 1532 συμπάθειαν,
2975 1451 3118 1512 ἀλλὰ
3164 1451 3251 1510 διὰ
3279 1450 3376 1526 τὴν
3426 1455 3675 1532 ἀνθρωπ-

2074 1545 2355 1625 αρέσκειαν
2403 1545 2636 1624 γίνηται.
2692 1542 2848 1604 Μετὰ
2896 1540 3111 1623 ἀγάπης
3157 1540 3213 1600 δὲ
3265 1539 3493 1622 γίνεται,
3551 1540 3677 1599 ὅταν

2073 1638 2145 1704 ὡς
2196 1632 2531 1715 συμπάσχων
2594 1633 2687 1693 καὶ
2735 1629 3142 1714 περικαιόμενός
3194 1653 3275 1697 τις
3324 1634 3482 1689 τοῦτο
3523 1633 3674 1709 ποιῇ.

370 1736 488 1806 ﬁat,
517 1750 711 1792 verum
753 1741 816 1790 ut
848 1732 1169 1790 hominibus
1218 1732 1453 1805 placeat.
1499 1732 1642 1789 Cum
1668 1729 1964 1789 dilectione
2007 1739 2193 1790 autem
2240 1732 2322 1800 ﬁt,
2379 1730 2603 1805 quando
2637 1730 2802 1787 veluti
2850 1728 3192 1803 compatiens
3242 1735 3300 1785 et
3344 1727 3681 1785 inﬂamma—

369 1834 460 1883 tus
485 1825 754 1883 charitate
776 1822 883 1880 hoc
914 1822 1099 1881 faciat.

439 1919 621 1973 Vnns.
663 1920 717 1971 4.
756 1936 783 1964 ι
835 1913 1084 1971 Charitas
1124 1912 1335 1985 patiens
1365 1920 1470 1980 est,
1520 1911 1758 1986 benigna
1788 1919 1894 1968 est.
1930 1935 1955 1960 ιι
1990 1917 2039 1980 Β

348 2005 637 2078 Deinceps
665 2003 949 2060 charitatis
982 2000 1183 2059 indicia
1211 2002 1501 2074 percurrit,
1532 2015 1598 2057 ac
1628 2001 1810 2074 primo
1845 2001 1968 2059 loco

367 2094 841 2168 longanimitatem
868 2092 1047 2164 ponit,
1087 2090 1328 2148 radicem
1356 2090 1543 2147 omnis
1585 2089 1966 2163 philosophiae.

366 2182 727 2257 Longanimis
749 2181 899 2238 enim
922 2190 1006 2237 est
1029 2180 1125 2254 qui
1168 2180 1321 2237 lento
1341 2189 1395 2236 et
1422 2195 1625 2252 magno
1654 2187 1739 2236 est
1761 2180 1968 2237 animo.

372 2273 514 2343 Quia
542 2288 674 2330 vero
700 2271 932 2328 nonnuli
962 2285 1081 2327 non
1100 2269 1170 2326 ad
1198 2268 1608 2342 philosophiam
1639 2268 1971 2341 longanimi-

372 2372 485 2419 tate
521 2361 605 2419 usi
655 2367 808 2429 sunt,
850 2359 950 2416 sed
977 2374 1125 2431 saepe
1169 2374 1266 2416 eos
1323 2359 1416 2432 qui
1465 2358 1598 2431 ipsis
1628 2357 1966 2426 irascuntur,

371 2453 487 2509 risu
520 2459 576 2508 et
610 2448 934 2508 scommatis
960 2448 1318 2521 excipientes,
1352 2463 1455 2504 ceu
1485 2448 1836 2521 longanimes
1859 2449 1970 2505 sci-

372 2541 519 2610 licet,
544 2541 603 2597 in
630 2554 798 2598 causa
825 2546 977 2609 sunt,
1023 2547 1086 2595 ut
1111 2539 1197 2596 ira
1240 2537 1419 2611 magis
1442 2537 1902 2595 excandescerent
1951 2556 1967 2593 :

375 2631 544 2704 203
575 2638 889 2703 pr0pterea,
923 2652 950 2679 α
979 2629 1228 2700 Benigna
1259 2636 1363 2695 est,
1390 2648 1419 2678 ι
1465 2627 1668 2699 inquit,
1696 2626 1964 2697 charitas,

373 2720 481 2777 hoc
503 2727 587 2777 est
606 2727 893 2776 mansueta
917 2726 1022 2787 est,
1051 2717 1323 2775 candidos
1353 2724 1409 2772 et
1430 2716 1754 2773 innocentes
1782 2732 1972 2774 more:

372 2807 609 2876 indicat;
626 2824 740 2865 non
767 2817 827 2864 ut
850 2807 925 2863 illi
945 2806 1222 2880 praedicti,
1239 2805 1457 2862 subdoli
1498 2815 1555 2862 et
1580 2805 1813 2862 morosi.
1836 2808 1973 2862 Haec

375 2905 569 2956 autem
593 2896 759 2966 dixit,
803 2910 1064 2954 morosos
1107 2905 1162 2953 et
1212 2894 1585 2953 contentiosos
1607 2894 1757 2967 apud
1784 2896 1973 2952 Corin-

376 2986 524 3044 thios
544 3002 795 3059 carpens.

454 3099 481 3126 σι
513 3078 639 3133 Non
667 3075 979 3133 aemulatur.
1026 3098 1053 3125 ι
1094 3075 1215 3131 Hoc
1254 3081 1339 3131 est
1364 3089 1478 3131 non
1520 3073 1750 3131 invidet.
1786 3076 1975 3131 Potest

380 3166 527 3223 enim
556 3165 755 3239 aliquis
772 3173 830 3222 et
848 3164 1182 3238 longanimis
1203 3179 1348 3233 esse,
1402 3172 1459 3220 et
1480 3163 1702 3221 interim
1748 3164 1971 3223 invidiae

2161 1935 2193 1972 α
2220 1911 2293 1973 ⁶Η
2341 1912 2526 1991 ἀγάπη
2580 1915 2936 1991 μακροθυμεῖ,
2980 1906 3357 1990 χρηστεύεται.
3396 1928 3428 1966 ιι
3484 1906 3684 1968 Λοιπὸν

2079 2001 2401 2083 διεξέρχεται
2442 2005 2538 2074 τῆς
2593 2001 2805 2080 ἀγάπης
2846 1998 2916 2058 τὰ
2974 1998 3345 2078 γνωρίσματα,
3400 1995 3495 2057 καὶ
3532 1996 3686 2078 πρώ-

2077 2116 2175 2165 την
2222 2092 2318 2165 τὴν
2350 2089 2720 2173 μακροθυμίαν
2775 2088 2996 2160 τίθησι,
3030 2087 3126 2159 τὴν
3183 2087 3329 2168 ῥίζαν
3362 2086 3541 2160 πάσης
3591 2108 3685 2167 φι-

2078 2181 2354 2263 λοσοφίας.
2407 2179 2769 2259 Μακρόθυμος
2809 2178 2914 2258 γὰρ
2958 2180 2987 2237 ὁ
3038 2177 3254 2256 μακρὰν
3301 2175 3395 2236 καὶ
3445 2174 3685 2255 μεγάλην

2078 2269 2220 2350 ἔχων
2271 2268 2470 2351 ψυχήν.
2506 2266 2730 2341 Ἐπειδὴ
2763 2268 2820 2326 δέ
2846 2291 2981 2335 τινες
3012 2267 3109 2326 οὐκ
3141 2269 3213 2334 εἷς
3248 2265 3563 2348 φιλοσοφίαν

2082 2358 2426 2441 μακροθυμίᾳ
2477 2356 2807 2438 κέχρηνται,
2862 2356 3002 2417 ἀλλὰ
3061 2355 3320 2422 πολλάκις
3384 2354 3505 2422 τοὺς
3566 2354 3687 2414 κατ’

2080 2452 2252 2508 αὐτῶν
2299 2448 2666 2529 ὀργιζομένους
2715 2448 3064 2525 διαγελῶντες
3110 2444 3202 2503 καὶ
3255 2442 3685 2524 εἰρωνευόμενοι,

2078 2541 2149 2607 ὡς
2191 2539 2344 2609 δῆθεν
2396 2536 2754 2617 μακρόθυμοι,
2803 2536 3007 2615 μᾶλλον
3058 2532 3244 2601 αὖτοὺς
3294 2538 3535 2594 ποιοῦσιν
3593 2536 3686 2594 ἐκ·

2078 2626 2322 2687 καίεσθαι
2476 2627 2630 2707 ὀργῇ’
2688 2624 2776 2683 διὰ
2807 2625 3139 2707 τοῦτό-,φησι
3196 2624 3284 2694 τὸ,
3327 2650 3353 2675 ι
3406 2621 3688 2702 Χρηστεύ-

2080 2740 2224 2791 εται,
2271 2741 2297 2769 ιο
2344 2704 2461 2774 ἀντὶ
2511 2704 2631 2788 τού,
2677 2713 2913 2795 χρηστὸν
2962 2704 3088 2785 ἦθος
3124 2713 3221 2772 καὶ
3272 2712 3473 2772 ἄκακον
3527 2711 3689 2772 ἐνδεία-

2080 2825 2299 2865 κνυταν
2348 2807 2450 2885 οὐχ
2496 2807 2567 2872 ὡς
2593 2803 2782 2863 ἐκεῖνοί
2820 2826 2883 2885 γε
2912 2805 2963 2863 οἱ
2999 2804 3263 2879 ῥηθέντες,
3303 2800 3529 2861 ὕπουλοι
3589 2801 3687 2861 καὶ

2080 2894 2383 2967 κακοήθεις.
2443 2895 2636 2955 Ταῦτα
2689 2893 2746 2953 δὲ
2799 2892 2915 2952 εἷπε
2986 2892 3387 2971 καθαπτόμενος
3459 2894 3565 2950 τῶν
3632 2892 3688 2951 ἐν

2082 2984 2423 3065 Κορινθίοιςτ
2452 2982 2762 3064 φιλονείκων
2792 2980 2885 3042 καὶ
2915 2980 3181 3041 ὑπούλων.

2162 3100 2190 3129 ι
2218 3076 2301 3135 Οὐ
2339 3074 2513 3147 ζηλοῖ.
2550 3100 2577 3125 ι
2624 3070 2941 3145 Τουτέστιν,
2992 3072 3050 3131 οὗ
3099 3068 3398 3150 βασκαίνει⁶
3435 3068 3550 3129 ἔστι
3580 3068 3685 3148 γὰρ

2081 3163 2173 3223 καὶ
2210 3161 2555 3243 μακρόθυμόν
2592 3186 2712 3221 τινα
2764 3153 2919 3232 εἶναι,
2962 3159 3054 3219 καὶ
3087 3160 3598 3243 βασκαίνειν’“ἀλλ’
3647 3157 3685 3230 ἥ

379 3252 584 3312 affectu
612 3237 884 3311 laborare.
904 3237 1117 3310 Verum
1145 3252 1385 3309 charitas
1404 3251 1569 3308 etiam
1608 3252 1717 3309 hoc
1752 3252 1969 3326 effugit.

2083 3276 2160 3353 γε.
2179 3237 2376 3353 ἀγάπη
2389 3252 2482 3313 καὶ
2509 3256 2665 3353 τοῦτο
2705 3249 3050 3353 διαπέφευγε.
3088 3237 3276 3312 *Τοῦτο
3323 3247 3379 3311 δὲ
3428 3237 3567 3328 εἶπε,
3600 3250 3687 3309 διὰ

378 3345 502 3401 Hoc
544 3350 737 3399 autem
777 3343 930 3409 dixit,
983 3351 1211 3415 propter
1263 3341 1476 3400 invidos
1524 3342 1799 3416 quosdam
1825 3343 1973 3417 apud

376 3432 718 3490 Corinthios.

456 3542 486 3576 α
514 3525 642 3580 Non
660 3523 773 3595 agit
800 3538 1111 3596 perperam.
1136 3547 1161 3573 ι»
1194 3522 1261 3580 Id
1289 3531 1393 3591 est,
1422 3538 1539 3579 non
1565 3524 1975 3596 praecipitanter

376 3613 507 3685 agit,
537 3612 634 3670 sed
668 3612 1007 3685 prudentem
1026 3612 1198 3670 efﬁcit
1222 3620 1278 3669 et
1300 3612 1528 3669 ﬁrmum
1550 3628 1679 3669 eum
1700 3614 1786 3670 cui
1807 3614 1968 3671 inest.

425 3704 615 3775 έρπερος
670 3702 817 3758 enim
861 3711 966 3771 est,
998 3703 1095 3775 qui
1150 3702 1205 3758 in
1248 3701 1485 3758 sublime
1525 3702 1758 3773 tollitur,
1814 3702 1971 3775 levis,

378 3790 628 3849 stolidus.
668 3793 792 3848 Hoc
810 3802 999 3849 autem
1021 3791 1090 3848 ad
1111 3808 1207 3849 eos
1234 3793 1491 3864 pertinet,
1521 3791 1617 3865 qui
1647 3792 1792 3850 leves
1818 3801 1977 3852 erant

377 3881 525 3954 apud
572 3897 686 3952 eos,
744 3897 1129 3954 novorumque
1182 3881 1439 3939 studiosi.

451 3994 477 4019 «ι
508 3974 634 4028 Non
672 3971 913 4028 inﬂatur.
957 3991 988 4025 io
1020 3972 1161 4029 Fieri
1203 3971 1352 4028 enim
1381 3979 1565 4044 potest
1590 3979 1655 4027 ut
1698 3973 1973 4046 quispiam

377 4061 568 4118 omnia
618 4061 738 4135 jam
786 4070 1224 4118 commemorata
1284 4062 1427 4118 bona
1468 4062 1687 4133 habeat,
1730 4079 1794 4119 ac
1847 4080 1973 4136 pro-

378 4157 566 4222 pterea
605 4149 827 4205 inﬂetur
855 4168 869 4205 :
894 4165 1090 4205 verum
1117 4149 1349 4206 charitas
1375 4150 1523 4208 istud
1557 4168 1666 4208 non
1690 4152 1805 4224 agit
1838 4173 1850 4209 :
1876 4168 1976 4209 cae-

375 4249 559 4295 terum
585 4253 716 4294 cum
746 4239 865 4311 jam
895 4240 1348 4297 commemoratis
1387 4239 1546 4297 bonis
1602 4240 1886 4299 humiliter
1914 4257 1975 4299 se

378 4327 534 4399 gerit.
580 4329 704 4382 Hoc
733 4343 864 4384 vero
900 4328 971 4385 ad
1000 4337 1321 4402 arrogantes
1372 4330 1630 4401 pertinet.

448 4419 629 4474 Vnns.
680 4423 734 4474 5.
762 4439 787 4466 α
824 4421 951 4475 Non
986 4418 1218 4491 pudeﬁt.
1254 4442 1281 4469 ι
1312 4421 1433 4476 Hoc
1477 4430 1583 4490 est,
1630 4438 1741 4478 non
1789 4421 1974 4479 solum

2086 3341 2205 3411 τοὺς
2233 3344 2287 3402 ἐν
2317 3342 2497 3409 αὐτοῖς
2533 3340 2559 3380 ⁸
2590 3340 2917 3422 βασκάνους.

2173 3546 2204 3584 ιι
2227 3526 2309 3586 Οὔ
2335 3524 2741 3607 περπερεύεται.
2778 3543 2808 3581 n
2850 3520 3159 3597 Τουτέστιν,
3186 3524 3247 3582 οὗ
3278 3521 3686 3603 προπετεύεται,

2086 3614 2225 3675 ἀλλὰ
2282 3614 2495 3675 συνετὸν
2552 3613 2829 3695 ἐργάζεται
2883 3612 2975 3673 καὶ
3031 3610 3297 3691 βεϐηκότα
3338 3610 3425 3672 τὸν
3469 3611 3685 3692 ἔχοντα’

2084 3706 2345 3786 πὲρπερος
2386 3704 2411 3743 9
2439 3706 2544 3785 γάρ
2574 3706 2718 3764 ἐστιν
2759 3706 2788 3762 ὁ
2818 3700 3292 3781 μετεωριζόμενος,
3340 3703 3369 3761 ὁ
3410 3708 3619 3782 κοῦφος,
3661 3704 3690 3761 ὅ

2086 3794 2497 3875 βλακευόμενος’
2547 3792 2638 3853 καὶ
2682 3799 2834 3854 τοῦτο
2886 3792 2941 3851 δὲ
2991 3791 3124 3873 πρὸς
3172 3791 3293 3858 τοὺς
3322 3789 3453 3872 παρ’
3499 3793 3681 3859 αὐτοῖς

2084 3885 2306 3965 κούφους
2333 3884 2425 3943 καὶ
2448 3883 2810 3963 νεωτερικούς.

2167 3996 2196 4031 σ
2228 3976 2311 4035 Οὐ
2340 3976 2638 4053 φυσιοῦται.
2673 3992 2702 4027 n
2742 3969 2904 4030 Ἔστι
2935 3970 3040 4050 γὰρ
3072 3970 3141 4028 τὰ
3184 3967 3549 4048 προειρημένα
3584 3968 3683 4044 μὲν

2082 4064 2260 4123 πάντα
2314 4060 2487 4139 ἀγαθὰ
2522 4060 2683 4139 ἔχειν,
2731 4065 3045 4140 φυσιοῦσθαι
3074 4058 3129 4117 δὲ
3184 4056 3274 4118 ἐπὶ
3303 4056 3523 4125 τούτοις·
3555 4060 3675 4117 ἀλλ’

2080 4157 2114 4225 ἡ
2146 4151 2332 4229 ἀγάπη
2363 4151 2481 4210 οὐδὲ
2529 4152 2686 4207 τοῦτο
2724 4148 2859 4229 ἔχει,
2909 4148 3052 4206 ἀλλὰ
3097 4146 3237 4224 μετὰ
3283 4150 3390 4204 τῶν
3425 4145 3689 4228 ῥηθέντων

2085 4245 2295 4319 ἀγαθῶν
2371 4241 2790 4318 ταπεινοφρονεῖ.
2878 4237 3021 4318 Πρὸς
3100 4233 3157 4295 δὲ
3236 4235 3356 4303 τοὺς
3418 4235 3682 4304 ἀλαζόνας

2085 4336 2260 4390 τοῦτο.

2176 4441 2206 4477 ιι
2235 4420 2353 4480 Οὔκ
2377 4422 2697 4499 ἀσχημονεῖ.
2724 4437 2754 4475 ι)
2793 4416 3099 4491 Τουτέστιν,
3126 4417 3184 4475 οὗ
3212 4415 3370 4493 μόνον
3389 4418 3447 4474 οὖ
3471 4419 3691 4495 φυσιοῦ-

378 4521 494 4562 non
522 4506 766 4577 inﬂatur,
792 4507 888 4565 sed
913 4508 1121 4565 etiamsi
1147 4509 1467 4583 turpissima
1488 4510 1725 4583 patiatur
1751 4520 1971 4583 propter

2094 4533 2204 4584 ται,
2232 4511 2353 4569 ἀλλ’
2384 4512 2431 4568 εἰ
2464 4506 2557 4568 καὶ
2604 4507 2671 4566 τὰ
2710 4505 2963 4604 αἴσχιστα
3011 4506 3169 4566 πάθοι
3217 4505 3305 4565 διὰ
3350 4504 3443 4604 τὸν
3471 4504 3693 4604 ἀγαπώῖ-

385 4594 726 4663 adamatum,
779 4613 891 4654 non
921 4598 1219 4655 arbitratur
1259 4614 1375 4654 rem
1429 4599 1590 4655 istam
1634 4614 1754 4656 esse
1804 4601 1978 4673 turpi-

381 4684 635 4743 tudinem
659 4703 723 4744 ac
752 4688 1112 4760 ignominiam
1142 4709 1156 4744 :
1204 4688 1682 4761 quemadmodum
1729 4697 1785 4746 et
1820 4690 1976 4747 Chri-

386 4784 505 4832 stus
532 4776 605 4832 ob
634 4776 988 4834 dilectionem
1013 4794 1182 4851 quam
1207 4794 1335 4851 erga
1356 4795 1458 4835 nos
1487 4779 1702 4849 habuit,
1730 4780 1974 4853 ignomi-

379 4864 598 4921 niosam
638 4882 861 4923 crucem
914 4884 1029 4924 non
1056 4867 1239 4924 solum
1291 4869 1521 4940 recepit,
1560 4884 1753 4925 verum
1811 4871 1979 4927 etiam

380 4954 616 5028 gloriam
669 4956 999 5028 peculiarem
1056 4958 1292 5029 putavit.
1332 4959 1544 5015 Poteris
1571 4958 1740 5015 etiam
1786 4959 1861 5016 ita
1898 4961 1978 5016 in-

378 5044 620 5117 telligere
640 5084 657 5112 ,
690 5068 716 5095 «
748 5048 875 5103 Non
905 5045 1133 5119 pudeﬁt,
1187 5070 1213 5095 υ
1245 5063 1370 5119 pro,
1395 5063 1511 5103 non
1537 5047 1733 5120 injuria
1782 5048 1978 5117 afﬁcit,

2098 4622 2273 4676 μενον,
2322 4601 2423 4679 οὐχ
2488 4602 2700 4675 ἡγεῖται
2759 4596 2820 4655 τὸ
2869 4605 3099 4677 πρᾶγμα
3162 4593 3544 4675 ἀσχημοσύνην
3602 4594 3694 4652 καὶ

2087 4688 2319 4758 ἀδοξίαν·
2357 4687 2540 4766 ὥσπερ
2586 4686 2679 4746 καὶ
2728 4690 2756 4745 ὃ
2798 4685 3032 4766 Χριστὸς
3099 4683 3188 4743 διὰ
3227 4684 3323 4757 τὴν
3366 4683 3499 4764 πρὸς
3548 4688 3697 4761 ἡμᾶς

2091 4777 2308 4856 ἀγάπην
2357 4778 2446 4838 τὸν
2501 4776 2691 4853 ἄτιμον
2740 4775 2967 4855 σταυρὸν
3019 4776 3079 4832 οὖ
3139 4773 3297 4850 μόνον
3347 4770 3695 4845 κατεδέξατο,

2091 4868 2230 4927 ἀλλὰ
2260 4867 2351 4927 καὶ
2391 4867 2545 4935 δόξαν
2576 4864 2774 4925 οἰκείαν
2804 4864 3065 4942 ἡγήσατο.
3112 4862 3343 4933 Νοήσεις
3372 4862 3427 4920 δὲ
3459 4860 3551 4921 καὶ
3599 4862 3692 4920 03-

2088 4979 2165 5013 τω
2184 4957 2270 5031 τὸ,
2311 4977 2339 5012 ¢
2370 4956 2490 5017 Οὗκ
2520 4956 2843 5033 ἀσχημονεῖ,
2883 4978 2909 5007 υ
2945 4950 3066 5011 ἀντὶ
3089 4956 3200 5023 τοῦ,
3223 4951 3321 5031 οὐχ
3348 4948 3569 5031 ὕϐρίζει.
3600 4952 3685 5010 Οὔ

2090 5045 2174 5104 δὲν
2235 5042 2339 5123 γὰρ
2400 5041 2870 5123 ἀσχημονέστερον
2922 5041 3196 5122 ὑϐριστοῦ.
3262 5039 3408 5119 Πρὸς
3459 5040 3513 5099 δὲ
3573 5038 3694 5107 τοὺς

375 5131 513 5189 nihil
526 5134 680 5191 enim
705 5138 921 5209 turpius
935 5144 1020 5194 est
1035 5136 1261 5209 injurio.
1276 5138 1401 5193 Hoc
1414 5145 1602 5195 autem
1616 5137 1688 5195 ad
1703 5136 1971 5197 fastuosos

2091 5132 2566 5214 ἀσυγκαταϐάτους
2592 5138 2770 5194 τοῦτο.

419 5224 636 5280 ertinet.

380 5239 636 5295 pertinet.

450 5334 477 5361 ι
516 5315 643 5369 Non
664 5314 863 5386 quaerit
880 5329 1005 5387 quae
1033 5330 1131 5371 sua
1158 5323 1311 5383 sunt,
1354 5331 1469 5372 non
1509 5315 1777 5374 irritatur.
1803 5341 1829 5367 ιο
1861 5319 1979 5375 Μο-

377 5400 509 5458 dum
536 5402 773 5475 explicat
799 5403 1083 5477 quomodo
1128 5419 1243 5461 non
1284 5404 1527 5476 pudeﬁat
1553 5406 1811 5464 charitas.
1840 5410 1976 5465 Pro—

448 5558 473 5587 "
510 5554 693 5613 Galat.
718 5569 766 5626 ι,
792 5561 847 5613 8.

2176 5332 2207 5369 ιι
2235 5311 2318 5371 Οὐ
2350 5313 2499 5383 ζητεῖ
2524 5308 2593 5369 τὰ
2641 5312 2867 5385 ἑαυτῆς,
2921 5310 2981 5368 οὗ
3030 5306 3407 5389 παροξύνεται.
3465 5334 3492 5361 ι
3530 5305 3690 5386 Λέγει

2086 5399 2175 5460 τὸν
2204 5399 2400 5482 τρόπον
2420 5444 2438 5476 ,
2488 5403 2600 5468 πῶς
2631 5402 2726 5459 οὐκ
2755 5402 3072 5480 ἀσχημονεῖ.
3104 5397 3271 5473 Ὅτι,
3307 5397 3468 5479 φησὶ,
3512 5397 3574 5457 τὸ
3603 5399 3690 5456 οἰκ

1772 5651 1963 5712 Variae
2003 5651 2288 5711 lectiones
2303 5699 2317 5715 .

447 5724 468 5759 "
495 5724 721 5800 Κορίνθῳ
747 5742 799 5784 0.
877 5726 898 5761 ⁸
922 5727 1048 5801 αὐτῇ
1072 5744 1127 5786 0.
1200 5730 1221 5763 °
1249 5729 1505 5802 ὑπέρτερος
1527 5746 1581 5786 0.
