4110 6410
371 416 476 471 729

1263 412 1622 471 EXPOSlTlO
1658 414 1728 470 IN
1764 414 1977 471 EPIST.
2018 414 2161 470 IAD
2206 413 2364 470 COR.
2404 442 2475 453 —
2514 412 2663 467 CAP.
2703 410 2850 467 Xlll.

3568 412 3675 468 730

370 548 513 601 κεῖον
544 537 814 621 συμφέρον
861 540 921 599 οὗ
968 541 1132 613 ζητεῖ,
1183 539 1326 599 ἀλλὰ
1363 540 1426 600 τὸ
1469 546 1563 601 τοῦ
1588 539 1836 613 πλησίον·
1879 538 1971 599 καὶ

2082 539 2289 612 prium,
2313 537 2521 611 inquit,
2536 534 2898 593 commodum
2917 549 3031 592 non
3045 534 3261 609 quaerit,
3285 534 3381 594 sed
3401 536 3674 609 proximi;

369 628 751 710 ἀσχημοσύνην
800 628 921 690 τότε
981 628 1033 668 ⁴⁰
1081 632 1324 709 ἡγεῖται,
1384 628 1509 689 ὅταν
1557 632 1963 711 ἀσχημονοῦντα

366 718 457 779 τὸν
482 717 707 791 πλησίον
738 717 816 796 μὴ
846 717 1150 801 ἀπαλλάξῃ.
1183 722 1359 782 Τοῦτο
1396 719 1452 779 δὲ
1495 720 1625 800 πρὸς
1653 719 1773 787 τοὺς
1802 722 1963 801 ὓπερ-

366 812 599 890 ορῶντας
638 858 643 861 .
683 811 787 869 τῶν
874 810 1098 869 λοιπῶν.
1174 808 1314 870 Ἀλλ’
1384 810 1505 871 οὐδὲ
1578 808 1964 888 παροξύνεται,

367 895 554 972 ἐπειδὴ
614 898 713 958 οὔκ
764 900 1089 980 ἀσχημονεῖ.
1155 898 1312 982 Ἀνὴρ
1368 899 1471 980 γὰρ
1527 900 1796 977 θυμώδης,
1869 901 1966 959 οὐκ

367 989 679 1069 εὐσχήμων.
707 986 878 1049 Ὥστε
909 990 1006 1049 οὐκ
1043 992 1339 1070 ἀσχημονεῖ
1365 994 1399 1061 ἡ
1432 989 1648 1069 ἀγάπη,
1686 989 1821 1050 διότι
1850 986 1967 1049 οὐδὲ

366 1076 738 1157 παροξύνεται·
773 1078 1079 1152 τουτέστιν,
1131 1083 1229 1139 οὐκ
1264 1081 1516 1161 ἀναπηδᾷ
1545 1081 1619 1148 εἷς
1672 1080 1715 1116 ¹¹
1784 1078 1965 1160 ὀργήν.

365 1169 544 1229 Τοῦτο
566 1166 697 1248 πρὸς
720 1165 842 1235 τοὺς
869 1166 1257 1250 ὑϐριζομένους.

446 1376 472 1403 ι
504 1349 590 1411 Οὔ
617 1349 882 1429 λογίζεται
910 1349 972 1410 τὸ
1013 1349 1199 1414 κακόν.
1227 1376 1252 1405 ι
1285 1349 1499 1430 Πάντα,
1528 1350 1696 1433 φησὶ,
1728 1350 1798 1412 τὰ
1823 1353 1968 1414 κακὰ

365 1438 676 1520 πάσχουσα,
727 1440 787 1500 οὗ
831 1438 1183 1521 παροξύνεται
1221 1442 1297 1509 εἰς
1343 1440 1526 1522 ὀργήνο
1575 1441 1668 1501 καὶ
1710 1443 1770 1501 οὗ
1810 1444 1968 1521 μόνον

362 1529 462 1588 οὐκ
509 1530 886 1609 ἀπεργάζεται
937 1528 989 1565 ⁴²
1043 1529 1104 1590 τὸ
1160 1529 1323 1590 κακὸν
1380 1530 1510 1613 πρὸς
1566 1530 1806 1608 ἄμυναν,
1850 1534 1968 1593 ἀλλ’

365 1619 491 1679 οὐδὲ
542 1619 828 1700 λογίζεται.
858 1617 1010 1700 Ὅρα
1061 1619 1118 1680 δὲ
1164 1629 1464 1702 πανταχοῦ,
1515 1625 1630 1689 πῶς
1686 1624 1746 1681 οὖ
1798 1622 1967 1703 λέγει,

360 1706 445 1766 ὅτι
475 1712 512 1779 ἡ
561 1711 747 1788 ἀγάπη
801 1711 953 1783 ζηλοῖ
993 1710 1110 1789 μὲν,
1151 1710 1293 1770 ἀλλὰ
1342 1710 1688 1790 περιγίνεται⁸
1745 1711 1781 1784 ἢ
1829 1736 1967 1795 παρ-

2071 636 2129 686 et
2175 628 2584 687 deformitatem
2628 634 2751 683 tum
2782 625 3028 682 maxime
3068 633 3228 697 putat
3278 641 3421 694 esse,
3453 643 3583 684 cum
3638 643 3673 685 a

2072 717 2412 793 turpitudine
2439 716 2759 791 proximum
2781 732 2894 772 non
2940 714 3196 773 arcuerit.
3230 717 3355 772 Hoc
3380 731 3512 774 vero
3538 732 3635 790 spe

2070 816 2184 865 ctat
2234 807 2306 865 ad
2357 822 2453 865 eos
2498 807 2592 880 qui
2640 806 2877 879 reliquos
2902 804 3351 863 contemnebant.
3390 808 3468 862 At
3492 822 3671 879 neque

2073 898 2342 971 irritatur,
2374 899 2831 976 quandoquidem
2872 914 2933 956 se
2955 898 3316 972 incomposite
3352 915 3465 957 non
3509 903 3674 973 gerit.

2070 992 2172 1050 Vir
2213 992 2366 1049 enim
2413 990 2713 1048 iracundus
2743 1005 2859 1047 non
2881 997 2966 1047 est
3000 989 3251 1048 decorus.
3283 988 3524 1047 Proinde
3552 1006 3667 1048 non

2074 1086 2311 1159 turpiter
2362 1085 2475 1159 agit
2504 1084 2763 1150 charitas,
2791 1083 2923 1156 quia
2966 1098 3084 1141 non
3128 1083 3508 1152 exacerbatur,
3562 1083 3670 1143 hoc

2075 1188 2182 1249 est,
2197 1180 2253 1236 in
2272 1179 2410 1236 iram
2432 1195 2548 1237 non
2566 1178 2802 1253 prosilit.
2826 1179 2952 1235 Hoc
2975 1176 3108 1235 facit
3130 1192 3232 1250 pro
3253 1176 3319 1234 iis
3343 1178 3441 1252 qui
3462 1178 3665 1252 injuria

2078 1272 2420 1331 afﬁciuntur.

2152 1384 2179 1413 α
2226 1366 2355 1421 Non
2399 1363 2606 1437 cogitat
2633 1362 2861 1420 malum.
2920 1383 2948 1412 ν
3001 1362 3230 1432 Omnia,
3281 1362 3483 1437 inquit,
3527 1365 3678 1422 mala

2080 1453 2295 1526 patiens
2340 1469 2455 1510 non
2482 1452 2840 1510 exacerbatur
2884 1451 2955 1509 ad
2984 1451 3333 1509 iracundiam
3391 1470 3406 1509 :
3456 1461 3513 1510 et
3559 1471 3671 1511 non

2079 1543 2262 1599 solum
2304 1558 2419 1601 non
2455 1552 2653 1599 contra
2689 1541 2824 1598 mali
2858 1541 3146 1615 quidpiam
3175 1542 3429 1612 molitur,
3458 1551 3522 1600 ut
3554 1560 3674 1601 sese

2080 1630 2388 1698 ulciscatur,
2443 1631 2538 1688 sed
2563 1647 2635 1688 ne
2683 1632 2890 1703 cogitat
2916 1631 3162 1703 quidem.
3193 1631 3439 1689 Observa
3487 1639 3674 1691 autem

2080 1721 2322 1793 undique
2338 1720 2619 1794 quomodo
2635 1736 2748 1777 non
2767 1719 2931 1787 dicat,
2958 1719 3106 1792 quod
3122 1720 3367 1778 charitas
3384 1722 3680 1780 atmuletur

362 1795 607 1901 οξύνετξι
786 1798 929 1901 ἀλλὰ
956 1808 1165 1901 κρατεῖ·
1190 1800 1477 1901 ἀλλὰίοωὲ
1503 1799 1599 1901 τὴν
1633 1800 1830 1901 ἀρχὴν,
1865 1826 1968 1884 φη-

2082 1810 2327 1882 quidem,
2354 1809 2450 1867 sed
2477 1810 2735 1882 superior
2761 1808 2941 1865 evadit
2969 1825 2983 1864 :
3012 1817 3119 1865 aut
3135 1809 3386 1866 irritatur
3426 1811 3681 1885 quidem,

362 1887 471 1960 σὶν,
529 1886 667 1956 ὅλως
711 1890 776 1971 ἐᾷ
838 1890 999 1969 φῦναί
1049 1912 1168 1949 τινα
1222 1889 1438 1950 κακίαψ
1494 1888 1679 1973 ὥσπερ
1732 1891 1824 1950 καὶ
1881 1893 1965 1953 ἐνο

2081 1899 2177 1957 sed
2206 1899 2497 1957 victoriam
2523 1898 2738 1956 obtinet
2778 1917 2792 1954 :
2823 1899 2941 1954 imo
2966 1913 3147 1971 neque
3170 1898 3241 1954 ab
3265 1898 3441 1966 initio,
3471 1900 3677 1973 inquit,

366 1980 560 2036 ταῢθα’
605 2000 635 2036 ε
688 1980 772 2040 Οὔ
808 1980 1077 2056 λογίζεται
1126 1976 1188 2041 τὸ
1238 1978 1428 2039 κακόν.
1484 2006 1509 2034 υ
1556 1982 1665 2041 Καὶ
1708 1986 1865 2042 τοῦτο
1918 1981 1974 2042 δὲ

2078 2004 2304 2062 prorsus
2347 1988 2500 2045 nasci
2525 1988 2660 2046 sinit
2682 1988 2924 2060 aliquam
2951 1987 3226 2044 malitiam
3253 2005 3267 2044 :
3301 1988 3671 2061 quemadmo-

363 2065 501 2144 πρὸς
530 2065 651 2136 τοὺς
680 2066 895 2143 αὐτοὺς,
927 2065 1015 2128 ἵνα
1048 2068 1124 2147 μὴ
1156 2068 1565 2151 ἀνθυϐρίζωσιν.

456 2366 483 2393 ι
520 2339 610 2401 Οὐ
648 2339 831 2421 χαίρει
859 2340 950 2401 ἐπὶ
975 2343 1047 2419 τῇ
1080 2340 1279 2423 ἀδικίᾳ.
1312 2367 1337 2394 υ
1376 2339 1692 2413 Τουτέστιν,
1737 2341 1835 2400 οὐκ
1883 2341 1971 2400 εὖ·

365 2428 678 2511 φραίνεται,
725 2428 852 2489 ὅταν
882 2452 963 2498 τις
1011 2430 1261 2504 ἀδικῆται
1279 2473 1299 2508 ,
1327 2427 1422 2489 καὶ
1449 2428 1841 2509 ἐπηρεάζηται,
1871 2431 1963 2491 καὶ

363 2521 546 2587 κακῶς
574 2517 781 2600 πάσχῃ.

453 2635 481 2662 σι
516 2609 813 2691 Συγχαίρει
862 2607 919 2670 δὲ
1048 2608 1290 2690 ἀληθείᾳ.
1327 2631 1358 2667 n
1397 2608 1543 2670 Ἀλλ’
1580 2607 1609 2667 δ
1638 2610 1820 2690 πολλῷ
1850 2613 1967 2688 μεῖ-

364 2700 487 2773 ζον,
551 2697 716 2779 φησὶ,
772 2698 1053 2779 συγχαίρει
1117 2696 1208 2759 ἐπὶ
1276 2704 1384 2766 τοῖς
1443 2700 1800 2776 εὖδοκιμοῦσι’
1875 2699 1966 2759 καὶ

361 2786 491 2846 ὅταν
536 2792 572 2860 ἡ
625 2787 847 2860 ἀλήθεια
893 2790 1189 2860 εὖοδοῢται,
1226 2788 1319 2846 καὶ
1367 2786 1520 2856 δόξαν
1568 2790 1767 2849 οἰκείαν
1813 2794 1965 2850 τοῦτο

362 2877 597 2955 ἡγεῖται.
629 2876 777 2959 Πρὸς
818 2876 877 2938 δὲ
903 2876 1023 2947 τοὺς
1050 2876 1348 2960 βασκάνους
1375 2882 1547 2937 τοῦτο.

445 3176 474 3203 ι
513 3150 705 3212 Πάντα
750 3151 948 3233 στέγει.
991 3178 1015 3206 ι
1049 3151 1163 3214 Καὶ
1206 3150 1405 3234 ὕϐρεις,
1452 3153 1545 3212 καὶ
1586 3153 1822 3233 πληγὰς,
1872 3153 1967 3214 καὶ

365 3239 608 3302 θάνατον·
655 3247 812 3302 τοῦτο
851 3242 959 3323 γὰρ
997 3242 1134 3326 αὐτῇ
1174 3247 1215 3316 ἡ
1270 3242 1610 3326 μακροθυμία
1660 3243 1967 3325 χαρίζεται,

365 3330 433 3403 ἢν
479 3340 755 3412 προσεῖναι
792 3322 939 3413 αὔτῇί
976 3322 1119 3393 sint.
1150 3332 1296 3413 Πρὸς
1342 3322 1399 3392 δέ
1439 3332 1561 3401 τοὺς
1616 3322 1961 3394 ἐπιϐουλευο-

366 3421 556 3500 μένους
586 3426 758 3483 τοῦτο.

451 3536 483 3565 α
518 3511 714 3573 Πάντα
740 3511 1008 3574 πιστεύει.
1036 3533 1065 3571 ι)
1100 3509 1253 3573 Ὅσα
1280 3510 1346 3571 ἂν
1377 3510 1515 3571 εἴποι
1539 3516 1567 3570 ὁ
1596 3511 1965 3592 ἀγαπώμενοςο

365 3599 458 3660 καὶ
487 3600 636 3661 οὐδὲν
685 3600 914 3663 ὕπουλον
961 3599 1084 3663 οὔτε
1130 3600 1286 3671 αὐτὸς
1327 3601 1381 3641 ⁴³
1428 3603 1602 3678 λαλεῖ,
1656 3602 1773 3663 οὔτε
1803 3603 1964 3665 ἀλλον

364 3692 548 3750 λαλεῖν
574 3689 759 3752 οἴεται.

456 3802 488 3841 ι
526 3782 717 3841 Πάντα
764 3781 986 3855 ἐλπίζει,
1029 3781 1208 3841 πάντα
1242 3780 1517 3860 ὑπομένει.
1558 3809 1583 3837 υ
1621 3785 1739 3844 Οὐκ
1769 3782 1966 3862 ἀπογι-

367 3870 580 3947 νώσκει,
613 3871 773 3954 φησὶ,
823 3879 916 3931 τοῦ
945 3871 1308 3951 ἀγαπωμένου
1353 3872 1425 3945 υ,
1470 3872 1587 3932 ἀλλ’
1627 3870 1827 3941 ἐλπίζει
1872 3874 1968 3954 αὖ·

369 3962 460 4020 τὸν
506 3962 590 4021 ἀεὶ
625 3950 713 4029 τεῖς
773 3961 835 4022 τὸ
879 3950 1118 4043 κρεῖττον
1163 3961 1473 4022 ὶπιδιδόναι.
1527 3964 1702 4023 Τοῦτο
1749 3961 1805 4021 δὲ
1850 3950 1965 4022 εἶπε

368 4050 499 4132 πρὸς
547 4050 667 4119 τοὺς
697 4050 1179 4129 ἀπογινώσκοντας.
1220 4052 1291 4110 Εἰ
1336 4052 1392 4112 δὲ
1424 4050 1516 4111 καὶ
1566 4050 1785 4119 ἐλπίσας
1832 4054 1965 4112 ἀπο-

367 4139 534 4221 τύχῃ,
587 4141 788 4201 ἐκείνου
953 4141 1117 4221 κακίᾳ
1164 4139 1635 4216 ἐναπομείναντος,
1675 4140 1822 4222 φέρει
1851 4164 1966 4219 γεν-

370 4230 530 4297 ναίως
558 4232 721 4290 αὐτοῦ
749 4229 817 4289 τὰ
853 4230 1234 4304 ἐλαττώματαο
1273 4253 1303 4286 α
1337 4231 1528 4291 Πάντα
1557 4254 1590 4288 κ
1619 4230 1747 4311 γὰρ,
1781 4234 1962 4313 φησὶν,

370 4347 396 4375 ιι
428 4320 704 4399 ὑπομένει.
760 4347 785 4374 ιι
839 4319 985 4401 Πρὸς
1034 4320 1090 4380 δὲ
1141 4319 1261 4387 τοὺς
1310 4320 1540 4387 εὐκόλως
1604 4322 1969 4399 διισταμένους

370 4433 546 4471 τουτο.

453 4524 479 4552 σι
510 4497 582 4559 Ἣ
614 4499 801 4580 ἀγάπη
834 4500 1085 4560 οὐδέποτε
1109 4499 1370 4560 ἐκπίπτει.
1405 4525 1436 4558 n
1468 4500 1773 4573 Τουτέστιν,
1811 4500 1964 4561 οὐδέ-

372 4610 502 4648 ποτε
548 4590 791 4671 ἀστοχεῖ,
851 4588 992 4649 ἀλλὰ
1044 4590 1224 4650 πάντα
1273 4595 1544 4670 310110900?
1602 4588 1660 4663 ἧ,
1721 4589 1751 4649 δ
1790 4598 1963 4669 κρεῖτ-

366 4701 490 4752 τον,
520 4680 637 4739 ἀντὶ
672 4685 784 4755 τοῦ,
830 4680 892 4739 οὖ
941 4678 1233 4753 διαλύεται,
1285 4680 1345 4739 οὖ
1380 4680 1762 4753 διακόπτεται,
1813 4681 1961 4739 οὐδέ-

368 4791 498 4828 ποτε
542 4769 803 4841 παύεται,
859 4768 998 4829 ἀλλὰ
1044 4769 1134 4828 καὶ
1182 4774 1235 4829 ἐν
1267 4773 1345 4850 τῷ
1398 4772 1645 4847 μέλλοντι
1688 4773 1837 4829 αἰῶνι
1869 4771 1963 4847 μέ-

366 4882 475 4929 νει,
528 4861 632 4918 τῶν
686 4862 862 4919 ἄλλων
915 4859 1170 4920 ἁπάντων
1225 4859 1705 4939 καταργουμένων,
1762 4863 1832 4928 ὥς
1876 4862 1963 4942 ἐφ-

366 4947 485 5021 εξῆς
513 4950 640 5028 ἐρεῖ.
1800 4999 1810 5007 ,

443 5067 470 5093 ε
532 5039 658 5100 Εἴτε
726 5038 779 5098 δὲ
854 5048 1175 5122 προφητεῖαι
1258 5042 1808 5120 καταργηθήσονται,
1860 5040 1963 5100 εἴτε

361 5133 604 5208 γλῶσσαι
653 5128 971 5190 παύσονται.
1044 5153 1073 5190 υ
1136 5129 1453 5200 Καταλέξας
1501 5135 1595 5202 τῆς
1640 5129 1853 5208 ἀγάπης
1896 5129 1964 5189 τὰ

364 5218 759 5299 βλαστήματα,
809 5219 971 5280 πάλιν
1025 5219 1189 5291 αὐτὴν
1233 5220 1324 5279 καὶ
1377 5221 1544 5300 ἑτέρῳ
1585 5219 1769 5300 τρόπῳ
1813 5223 1961 5300 ὕψοῖ,

358 5310 439 5388 τῷ
489 5308 660 5387 λέγειν
721 5307 813 5368 καὶ
867 5308 964 5381 τὴν
1022 5308 1352 5390 προφητείαν
1402 5309 1496 5368 καὶ
1546 5307 1652 5390 Ατὰς
1715 5308 1965 5387 γλώσσας

357 5395 508 5464 τέλος
558 5396 714 5469 ἕξειν,
748 5397 847 5469 τὴν
888 5397 944 5457 δὲ
982 5388 1199 5478 ἀγάπην
1252 5399 1474 5476 μόνιμον
1523 5388 1660 5458 εἶναι
1704 5398 1796 5458 καὶ
1846 5400 1965 5457 ἀτε-

356 5484 631 5561 λεύτητον.
679 5490 746 5549 Εἰ
772 5486 877 5569 γὰρ
923 5485 1017 5548 καὶ
1062 5490 1119 5548 αἱ
1164 5488 1510 5572 προφητεῖαι,
1554 5487 1647 5547 καὶ
1687 5490 1741 5548 αἱ
1771 5489 1965 5566 γλῶσ-

1996 3085 2043 3150 C

1995 4554 2047 4617 D

2077 2078 2213 2135 dum
2250 2086 2308 2136 et
2341 2078 2450 2146 hic,
2478 2098 2507 2129 «
2562 2080 2690 2135 Non
2726 2078 2954 2150 cogitat,
2984 2100 3011 2127 ιο
3063 2076 3270 2151 inquit,
3302 2101 3327 2127 ι
3354 2078 3588 2136 malum.
3638 2099 3668 2133 ιο

2076 2168 2200 2224 Ηοο
2226 2167 2360 2239 ipsis
2383 2167 2674 2225 Corinthiis
2692 2166 2907 2225 dictum
2934 2173 3041 2237 est,
3072 2181 3142 2225 ne
3171 2166 3244 2224 de
3270 2167 3491 2240 injuriis
3514 2168 3670 2242 inju-

2076 2256 2217 2312 riam
2240 2257 2512 2315 retalient.

2148 2347 2325 2403 Vnus.
2376 2351 2432 2401 6.
2468 2368 2494 2396 α
2528 2349 2658 2403 Non
2707 2345 2915 2419 gaudet
2942 2361 3109 2418 super
3135 2346 3446 2419 iniquitate.
3476 2370 3504 2398 ι
3547 2349 3671 2405 Hoc

2076 2434 2246 2507 204
2288 2442 2392 2502 est,
2446 2450 2558 2491 non
2619 2435 2976 2503 exhilaratur,
3033 2434 3079 2492 si
3126 2436 3417 2509 quisquam
3472 2437 3676 2510 injuria

2071 2523 2368 2593 afﬁciatur,
2403 2524 2654 2593 laedatur,
2703 2525 3047 2597 patiaturque
3076 2526 3242 2581 male.

2151 2636 2177 2663 α
2210 2613 2535 2687 Congaudet
2555 2622 2742 2671 autem
2777 2612 3022 2671 veritati.
3046 2634 3073 2664 α
3092 2615 3168 2669 At
3184 2613 3331 2686 quod
3349 2615 3529 2671 multo
3551 2631 3672 2673 ma-

2066 2703 2185 2777 jus,
2240 2704 2447 2776 inquit,
2482 2702 2800 2777 cougaudet
2826 2704 3097 2776 probatis,
3154 2712 3210 2759 et
3234 2705 3282 2761 si
3330 2705 3550 2776 quando
3580 2722 3679 2761 ve-

2074 2794 2211 2849 ritas
2236 2809 2562 2866 prosperum
2606 2809 2836 2850 cursum
2874 2794 3249 2862 nanciscatur,
3297 2794 3404 2851 hoc
3452 2809 3676 2868 quoque

2070 2883 2307 2956 gloriam
2339 2898 2505 2940 suam
2554 2883 2868 2941 arbitratur.
2923 2885 3048 2940 Hoc
3090 2892 3279 2941 autem
3328 2884 3399 2941 ad
3454 2884 3674 2942 invidos

2073 2970 2305 3031 dicitur.

2146 3153 2329 3210 Vsns.
2374 3160 2430 3209 7.
2456 3177 2480 3202 ιι
2517 3154 2727 3211 Omnia
2759 3153 2978 3211 suffert.
3008 3172 3040 3207 ν
3068 3155 3141 3211 Et
3164 3153 3390 3225 injurias
3416 3159 3473 3211 et
3490 3154 3678 3227 plagas

2073 3251 2132 3300 et
2151 3252 2409 3300 mortem.
2439 3244 2593 3300 Istud
2617 3246 2765 3300 enim
2789 3244 2839 3301 ei
2870 3244 3267 3317 longanimitas
3288 3244 3479 3315 donat,
3505 3261 3678 3318 quam

2070 3331 2264 3390 adesse
2302 3333 2354 3391 ei
2407 3332 2564 3390 dixit.
2618 3333 2705 3391 Ad
2746 3334 2978 3390 insidias
3024 3333 3318 3391 tendentes
3362 3333 3472 3391 hoc
3516 3335 3672 3392 dicit.

2153 3531 2182 3566 ιι
2230 3514 2431 3570 Omnia
2481 3514 2674 3571 credit.
2725 3532 2753 3567 ν
2816 3517 3175 3587 Quaecunque
3220 3514 3363 3571 dixit
3409 3515 3670 3584 dilectus,

2074 3602 2325 3676 nihilque
2353 3604 2664 3661 maleﬁcum
2692 3613 2791 3661 aut
2827 3603 3127 3661 ubdolum
3175 3620 3355 3677 neque
3408 3606 3526 3677 ipse
3582 3606 3671 3663 lo-

2073 3693 2285 3767 quitur,
2316 3709 2499 3766 neque
2526 3694 2694 3749 alium
2722 3693 2874 3765 loqui
2904 3692 3224 3750 arbitratur.

2148 3803 2178 3833 ‹‹
2208 3782 2407 3839 Omnia
2434 3791 2639 3854 sperat,
2672 3782 2857 3838 omnia
2888 3781 3135 3838 sustinet.
3185 3804 3212 3830 aa
3247 3784 3372 3839 Non
3419 3782 3673 3855 desperat

2073 3871 2145 3930 de
2177 3872 2397 3937 dilecto,
2426 3872 2523 3929 sed
2550 3876 2734 3945 spérat
2776 3888 2907 3929 eum
2954 3886 3170 3943 semper
3190 3870 3263 3929 ad
3288 3873 3488 3930 melius
3538 3889 3674 3945 pro-

2078 3976 2325 4018 movere.
2383 3963 2502 4018 Hoc
2530 3977 2662 4019 vero
2710 3960 2778 4018 ad
2801 3961 3150 4034 desperantes
3204 3960 3364 4018 dixit.
3418 3962 3583 4034 Quod
3628 3965 3670 4019 si

2075 4065 2206 4107 vero
2235 4067 2267 4107 a
2308 4065 2410 4108 sua
2464 4066 2562 4125 spe
2606 4050 2894 4120 exciderit,
2927 4050 3021 4107 illo
3055 4050 3113 4106 in
3160 4051 3369 4108 malitia
3412 4067 3667 4123 perseve-

2074 4149 2250 4210 rante,
2268 4150 2490 4198 strenue
2517 4141 2626 4198 fert
2652 4140 2798 4198 illius
2834 4140 3096 4213 deliquia.
3134 4160 3163 4194 ιι
3199 4142 3403 4198 Omnia
3435 4166 3461 4192 ν
3492 4142 3663 4214 enim,

2075 4229 2278 4303 inquit,
2323 4250 2352 4285 ε
2385 4231 2637 4289 sustinet.
2670 4254 2696 4280 ν
2741 4230 2831 4287 Ad
2857 4229 3022 4289 facile
3053 4230 3380 4290 dissidentes
3415 4234 3533 4291 hac
3577 4233 3661 4290 lo-

2079 4319 2290 4392 quitur.

2148 4508 2325 4563 Vsns.
2357 4511 2411 4562 8.
2447 4522 2475 4558 ι(
2515 4504 2765 4561 Charitas
2790 4519 3076 4576 nunquam
3103 4503 3326 4560 excidit.
3357 4527 3384 4553 ιο
3443 4505 3506 4560 ld
3559 4515 3664 4575 est,

2076 4610 2362 4667 nunquam
2404 4594 2644 4662 aberrat,
2692 4593 2789 4650 sed
2839 4594 3026 4649 omnia
3075 4591 3303 4663 perﬁcit.
3334 4593 3456 4659 Vel,
3515 4595 3666 4664 quod

2068 4697 2155 4745 est
2203 4688 2420 4757 melius,
2462 4688 2746 4760 signiﬁcat,
2778 4702 2893 4743 non
2921 4686 3260 4755 dissolvitur,
3308 4702 3419 4741 non
3459 4685 3663 4742 discin-

2068 4782 2219 4839 ditur
2240 4798 2420 4855 neque
2440 4796 2686 4853 unquam
2710 4781 2939 4848 desistit,
2984 4779 3084 4836 sed
3132 4780 3189 4835 in
3229 4778 3416 4837 futuro
3442 4796 3662 4854 quoque

2068 4872 2273 4930 saeculo
2300 4871 2582 4943 perdurat,
2604 4871 2725 4928 aliis
2751 4870 3015 4928 omnibus
3041 4869 3284 4939 abolitis,
3334 4870 3563 4944 perinde
3600 4887 3665 4927 ac

2070 4961 2218 5019 infra
2249 4961 2417 5019 dicet.

2144 5073 2170 5100 α
2228 5050 2354 5107 Sive
2403 5065 2535 5107 vero
2562 5048 2865 5122 prophetia
2891 5049 3281 5116 abolebuntur,
3309 5049 3425 5105 sive
3461 5048 3666 5119 lingua:

2071 5139 2383 5197 cessabunt.
2414 5163 2440 5189 ν
2466 5139 2937 5197 Commemoratis
2963 5138 3265 5196 dilectionis
3304 5136 3666 5210 germinibus,

2074 5245 2270 5286 rursus
2310 5228 2416 5286 alia
2455 5226 2699 5301 quadam
2737 5228 2953 5284 ratione
2998 5243 3125 5284 eam
3161 5227 3382 5296 exaltat,
3432 5226 3666 5283 dicendo

2074 5317 2427 5391 prophetiam
2472 5327 2528 5374 et
2551 5317 2773 5390 linguas
2802 5315 2975 5371 ﬁnem
3005 5316 3312 5383 habituras,
3341 5315 3665 5373 charitatem

2074 5423 2210 5467 vero
2236 5416 2660 5481 perman‘suram
2703 5406 2976 5476 stabilem,
3007 5405 3231 5478 ﬁneque
3254 5404 3570 5462 carituram.
3611 5408 3669 5464 Si

2073 5498 2223 5555 enim
2244 5497 2549 5572 prophetiae
2575 5505 2633 5554 et
2655 5497 2855 5571 linguae
2881 5495 2992 5553 sint
3010 5503 3235 5569 propter
3257 5496 3669 5569 susceptionem

1783 5614 1975 5675 Varia:
2016 5615 2320 5677 lectiones.

426 5730 471 5764 ¹⁰
496 5735 643 5785 τοῦτο
678 5745 738 5789 ο.
815 5731 852 5765 ¹¹
884 5732 1001 5801 πρὸς
1031 5749 1083 5788 υ.
1163 5731 1205 5766 ¹²
1224 5732 1581 5804 κατεργάζεται
1614 5748 1671 5789 0.
1753 5731 1796 5767 ¹⁸
1820 5729 1912 5784 ἴσ.
1950 5729 2075 5799 αὗτή
2105 5748 2160 5790 o.
2239 5733 2284 5768 “
2307 5730 2632 5806 ἠγαπημένου
2661 5749 2746 5793 ο.’
