4110 6424
407 399 502 452 73f
1419 396 1938 454 THEOPHYLAGTI
1978 397 2338 454 BULGARIJE
2376 398 2688 455 ARCHIEP.

3605 402 3711 455 782

403 521 550 590 ﬁdei,
581 520 691 581 ﬁde
713 521 957 595 undique
982 536 1223 595 expansa
1250 529 1306 579 et
1332 521 1624 594 explicata,
1649 523 1901 597 merique
1948 522 2005 579 in

2124 548 2208 584 σαι
2261 524 2349 583 διὰ
2390 522 2451 583 τὸ
2499 522 2597 595 τὴν
2642 523 2821 583 πίστιν
2860 522 3267 603 παραδεχθῆναί
3309 524 3433 597 εἰσι,
3475 526 3570 595 τῆς
3616 522 3708 583 πί-

402 612 671 685 pmsenti
698 609 947 686 quidem,
968 610 1272 685 praesertim
1300 627 1431 670 vero
1460 611 1516 668 in
1540 610 1749 670 futuro.

473 797 658 853 Vnns.
694 799 848 851 8—10.
877 810 908 847 α
954 792 1078 850 Sive
1102 792 1325 850 scientia
1362 793 1708 863 destruetur;
1737 808 1807 849 ex
1854 803 2007 867 parte

410 884 562 942 enim
601 883 1009 956 cognoscimus,
1030 890 1085 940 et
1129 899 1195 941 ex
1223 891 1375 956 parte
1395 884 1809 956 prophetamus.
1862 886 2007 941 Cum

409 982 598 1032 autem
658 972 873 1030 venerit
924 972 1076 1047 quod
1142 971 1452 1046 perfectum
1501 980 1603 1042 est,
1655 972 2010 1030 evacuabitur

413 1063 563 1138 quod
589 1078 655 1121 ex
680 1070 840 1136 parte
879 1070 983 1120 est.
1010 1082 1040 1117 »
1072 1063 1131 1121 Si
1157 1063 1383 1120 scientia
1419 1061 1689 1120 abolenda
1717 1071 1820 1131 est,
1848 1079 2009 1120 num-

413 1154 551 1229 quid
578 1155 748 1227 igitur
775 1154 833 1210 in
858 1152 1169 1226 ignorantia
1194 1152 1477 1209 vivemus?
1505 1153 1739 1210 Minime
1768 1171 1783 1208 :
1816 1168 2007 1210 verum

417 1244 489 1301 de
531 1243 757 1300 scientia
806 1259 875 1300 ex
905 1251 1078 1315 parte,
1109 1258 1205 1299 seu
1236 1242 1553 1315 imperfecta
1582 1242 1846 1316 loquitur,
1880 1259 2009 1315 per-

422 1333 548 1391 inde
581 1350 648 1390 ac
674 1334 795 1407 ipse
816 1333 1206 1406 interpretatur
1231 1332 1359 1400 hoc,
1391 1351 1423 1387 ι(
1468 1333 1709 1390 Scientia
1759 1349 1827 1389 ex
1858 1342 2009 1405 parte

424 1424 756 1494 abolebitur,
809 1445 837 1474 ε
886 1422 1209 1480 adveniente
1254 1423 1566 1496 cognitione
1623 1422 1878 1495 perfecta,
1920 1424 2009 1479 illa

419 1514 681 1571 nimirum
709 1528 834 1587 quae
870 1512 941 1571 ad
966 1513 1138 1569 vitam
1169 1511 1407 1569 futuram
1436 1521 1663 1587 spectat.
1693 1516 1822 1570 Non
1862 1512 2010 1569 enim

423 1605 663 1679 amplius
712 1603 1055 1661 tantumdem
1097 1603 1351 1673 sciemus,
1392 1603 1489 1660 sed
1542 1604 1700 1675 longe
1751 1603 1906 1674 plura
1957 1611 2014 1659 et

422 1696 672 1768 majora:
701 1693 1196 1768 quemadmodum,
1215 1692 1363 1766 quod
1387 1693 1591 1765 ubique
1610 1693 1681 1749 sit
1704 1696 1876 1763 Deus,
1903 1709 2011 1749 no-

418 1785 596 1841 vimus
622 1784 845 1857 quidem
871 1799 1057 1853 nunc;
1103 1781 1200 1840 sed
1226 1798 1338 1855 quo
1382 1782 1571 1853 modo,
1601 1782 1911 1840 nescimus.
1942 1785 2013 1838 Et

411 1874 557 1948 quod
613 1873 763 1947 virgo
810 1873 1041 1947 peperit,
1109 1872 1317 1930 scimus
1374 1893 1388 1931 :
1440 1888 1548 1945 qua
1600 1888 1727 1930 vero
1768 1873 2010 1941 ratione,

414 1962 664 2021 nondum
704 1963 960 2019 novimus
1003 1981 1016 2018 :
1041 1970 1101 2020 at
1135 1970 1269 2019 tunc
1287 1961 1553 2036 quiddam
1580 1962 1934 2019 excellentius
1958 1967 2015 2018 et

412 2052 764 2111 commodius
789 2052 861 2109 de
889 2052 979 2109 bis
1004 2052 1263 2109 sciemus.

482 2145 656 2201 Vsns.
681 2148 768 2199 ιι.
805 2164 830 2191 α
853 2143 995 2199 Cum
1015 2156 1197 2199 essem
1226 2140 1511 2212 parvulus.
1542 2164 1568 2192 ιι
1593 2141 1738 2197 Cum
1761 2140 2012 2211 dixisset,

411 2235 551 2290 Cum
596 2230 808 2288 venerit
836 2230 986 2304 quod
1025 2228 1335 2303 perfectum
1364 2238 1469 2299 est,
1502 2229 1822 2287 destruetur
1867 2231 2011 2304 quod

418 2333 503 2383 est
538 2341 605 2383 ex
666 2333 845 2398 parte,
886 2339 1033 2381 nunc
1075 2323 1242 2381 etiam
1287 2325 1605 2397 exemplum
1652 2324 1865 2397 profert
1905 2340 2012 2397 quo

417 2415 645 2485 indicat,
683 2423 955 2488 quantum
986 2414 1153 2485 205
1195 2414 1271 2471 sit
1296 2413 1623 2471 discriminis
1650 2413 1793 2470 inter
1819 2415 2014 2486 cogni-

415 2506 631 2561 tionem
663 2506 933 2578 temporis
959 2503 1144 2577 hujus,
1175 2512 1230 2560 et
1273 2502 1535 2560 futuram.
1586 2504 1696 2560 Hic
1748 2504 1894 2561 enim
1928 2505 2014 2559 in-

413 2593 659 2652 fantibus
684 2594 1081 2662 assimilamur,
1110 2600 1231 2649 tum
1247 2608 1379 2651 vero
1404 2592 1505 2649 viri
1534 2593 1765 2650 erimus.

488 2702 517 2736 ιι
543 2684 837 2756 Loquebar
860 2692 923 2739 ut
971 2682 1252 2755 parvulus.
1309 2704 1334 2731 ιι
1366 2684 1655 2755 Tanquam
1681 2681 1754 2739 ad
1798 2682 2016 2756 linguas

421 2773 645 2841 referat,
674 2773 827 2837 dicit,
863 2795 890 2823 οι
918 2772 1231 2846 Loquebar.
1265 2795 1293 2822 ιο

493 2883 521 2911 α
576 2861 867 2934 Sapiebam
901 2868 967 2917 ut
1005 2860 1282 2933 parvulus.
1316 2883 1345 2913 υ
1402 2862 1525 2918 Hoc
1579 2859 1650 2918 ad
1702 2858 2019 2933 prophetiae

418 2950 622 3008 referre
646 2950 889 3007 videtur.

496 3060 525 3094 α
561 3039 881 3114 Cogitabam
921 3046 984 3096 ut
1020 3039 1298 3111 parvulus.
1354 3062 1379 3089 υ
1411 3037 1497 3096 Ad
1524 3039 1826 3097 scientiam
1874 3039 2019 3096 istuc

426 3132 681 3205 pertinet.

494 3219 733 3292 Quando
782 3226 973 3277 autem
1026 3217 1208 3275 factus
1258 3235 1380 3276 sum
1444 3220 1548 3291 vir,
1589 3219 1844 3277 evacuavi
1897 3236 2020 3292 qua:

427 3316 587 3366 erant
615 3308 847 3381 parvuli.
880 3328 907 3359 ››
966 3309 1086 3363 Hoc
1109 3316 1213 3377 est,
1243 3307 1468 3381 quando
1515 3308 1573 3365 in
1602 3307 1789 3365 futuro
1816 3309 2019 3365 saeculo

425 3399 726 3455 viriliorem
769 3397 1019 3469 adeoque
1063 3396 1446 3468 perfectiorem
1489 3398 1863 3470 cognitionem
1912 3414 2019 3453 na—

424 3496 547 3546 ctus
586 3487 764 3555 fuero,
811 3494 933 3543 tum
975 3485 1293 3545 destruetur
1333 3488 1528 3560 exigua
1602 3488 2021 3560 infantibusque

431 3578 715 3650 adaequata
767 3575 1013 3646 scientia,
1078 3591 1246 3649 quam
1323 3576 1414 3634 hic
1487 3577 1774 3635 habemus.
1847 3576 2023 3635 Infert

428 3672 598 3744 igitur
655 3690 668 3729 :

498 3764 676 3819 Vsns.
713 3767 800 3819 12.
830 3779 859 3815 α
888 3762 1157 3819 Videmus
1184 3761 1334 3817 enim
1357 3776 1506 3818 nunc
1526 3776 1623 3833 per
1636 3761 1926 3834 speculum
1963 3762 2024 3818 in

426 3854 737 3925 aenigmate.
770 3874 795 3902 ιο
837 3853 1098 3910 Declarat
1124 3850 1180 3907 id
1210 3850 1359 3923 quod
1388 3850 1457 3907 de
1503 3852 1728 3920 parvulo
1757 3850 1920 3923 dixit,
1958 3868 2025 3910 ac

421 3943 761 3999 demonstrat
798 3941 945 4012 quod
974 3942 1215 3998 obscura
1245 3939 1502 4011 quaedam
1522 3941 1681 3997 nobis
1710 3942 1781 3997 sit
1809 3941 1898 3997 hic
1934 3957 2026 3998 co-

423 4031 619 4103 gnitio,
667 4038 791 4087 tum
817 4046 948 4087 vero
995 4030 1177 4103 magis
1212 4030 1501 4102 perspicua
1529 4031 1651 4089 erit.
1685 4053 1713 4080 α
1759 4030 2025 4088 Videmus

424 4120 594 4187 enim,
660 4142 687 4169 ››
737 4119 937 4191 inquit,
973 4139 1003 4172 ι(
1030 4135 1180 4175 nunc
1221 4134 1320 4190 per
1369 4120 1678 4192 speculum.
1731 4139 1763 4174 ιι
1813 4119 2027 4177 Deinde

423 4210 549 4281 quia
578 4208 864 4281 speculum
884 4208 1195 4281 expressius
1218 4207 1569 4267 demonstrat
1596 4209 1674 4266 rei
1715 4224 2026 4281 repraesen—

424 4306 555 4354 tatas
583 4297 966 4365 imitationem,
1006 4298 1232 4371 adjecit,
1287 4321 1312 4346 α
1347 4300 1413 4353 In
1458 4299 1752 4371 aenigmate
1791 4316 1806 4355 :
1862 4322 1887 4347 ι·
1939 4312 2027 4353 os-

424 4386 658 4444 tendens
718 4386 1099 4459 cognitionem
1154 4396 1484 4460 praesentem
1535 4386 1690 4444 valde
1753 4401 1824 4443 ex
1874 4393 2028 4458 parte

427 4491 545 4533 esse
581 4485 637 4532 et
664 4474 889 4534 exilem.

501 4588 529 4616 α
558 4567 714 4623 Tunc
738 4574 923 4623 autem
960 4563 1096 4622 facie
1126 4564 1197 4622 ad
1225 4563 1451 4622 faciem.
1486 4587 1515 4616 »
1545 4567 1673 4622 Non
1698 4563 1850 4635 quod
1877 4566 2028 4620 Deus

429 4654 624 4711 faciem
660 4653 882 4719 habeat,
922 4663 1186 4711 caeterum
1216 4663 1280 4711 ut
1308 4670 1404 4727 per
1431 4654 1538 4710 hoc
1581 4653 1841 4710 ostendat
1873 4669 2030 4725 aper-

428 4744 624 4801 tiorem
650 4753 707 4801 et
752 4743 1053 4817 planiorem
1080 4743 1476 4817 cognitionem,
1503 4751 1561 4799 et
1581 4742 1828 4804 omnino
1872 4759 2027 4799 reve-

431 4833 623 4889 latam.

505 4946 531 4973 α
568 4924 694 4978 Jam
745 4937 1015 4995 cognosco
1056 4938 1123 4980 ex
1150 4929 1328 4995 parte,
1385 4930 1522 4979 tunc
1575 4938 1702 4980 vero
1733 4938 2029 4996 agnoscam

432 5010 898 5084 quemadmodum
946 5020 1001 5069 et
1046 5013 1268 5084 agnitus
1292 5026 1443 5067 sum.
1483 5034 1509 5060 ν
1559 5012 1781 5085 Duplici
1823 5013 2031 5069 ratione

431 5102 577 5158 tollit
619 5100 963 5157 inflationem
1012 5101 1283 5174 ipsorum,
1314 5100 1613 5157 ostendens
1640 5102 2033 5174 particularem

430 5206 550 5248 esse
575 5191 948 5265 cognitionem
1000 5199 1346 5263 praesentem,
1381 5191 1639 5264 quodque
1679 5191 1832 5249 illam
1867 5208 1899 5249 a
1928 5208 2036 5249 no-

433 5279 517 5335 bis
547 5279 678 5351 ipsis
705 5295 819 5335 non
852 5279 1171 5336 habeamus.
1208 5281 1329 5334 Non
1349 5278 1495 5334 enim
1516 5295 1641 5353 ego,
1677 5280 1875 5353 inquit,
1902 5282 2031 5337 novi

441 5372 645 5440 Deum,
672 5367 770 5425 sed
805 5368 923 5441 ipse
946 5385 1037 5427 me
1064 5368 1301 5441 agnovit.
1331 5369 1564 5426 Perinde
1599 5370 1765 5443 igitur
1803 5379 1866 5427 ut
1895 5386 2039 5427 nunc

433 5458 549 5530 ipse
580 5474 673 5516 me
697 5459 872 5529 novit,
892 5467 949 5517 et
967 5459 1083 5532 ipse
1119 5458 1257 5515 mihi
1277 5459 1537 5532 accurrit,
1564 5460 1713 5518 hunc
1735 5459 2039 5519 admodum

2115 637 2282 682 στεως
2326 617 2606 694 πανταχοῦ
2656 611 3012 686 ἇπλωθείσης,
3082 610 3299 681 εἰκότως
3347 615 3422 680 ὣς
3465 614 3711 694 περιτταὶ

2115 706 2435 786 ἆργήσουσι,
2467 703 2561 764 καὶ
2590 709 2681 763 νῦν
2714 703 2837 781 μὲν,
2882 702 3120 780 μάλιστα
3150 701 3207 763 δὲ
3246 705 3390 765 τότε.

2201 817 2231 854 ε
2288 794 2415 855 Εἴτε
2453 798 2646 871 γνῶσις
2702 791 3196 873 καταργηθήσεται.
3243 793 3346 855 Ἐκ
3377 792 3568 875 μέρους
3608 792 3714 875 γὰρ

2115 884 2444 963 γινώσκομεν
2463 930 2482 963 ,
2550 884 2645 944 καὶ
2704 885 2766 943 ἐκ
2817 884 3009 964 μέρους
3058 882 3478 962 προφητεύομεν.
3534 881 3714 947 Ὅταν

2117 973 2173 1035 δὲ
2203 975 2330 1056 ἔλθῃ
2371 976 2433 1035 τὸ
2479 973 2710 1048 τέλειον,
2767 972 2889 1033 τότε
2932 971 2993 1032 τὸ
3044 976 3104 1032 ἐκ
3145 973 3337 1053 μέρους
3366 976 3714 1056 καταργηθή-

2117 1054 2313 1126 σεται(
2349 1092 2377 1118 ι
2413 1063 2547 1126 Ἐὰν
2597 1068 2630 1135 ἡ
2668 1066 2861 1142 γνῶσις
2907 1066 3311 1142 καταργηθῆναι
3363 1054 3559 1145 μέλλη,
3611 1054 3716 1143 ἆρα
3816 1098 3819 1101 -

2118 1156 2172 1213 ἐν
2230 1153 2468 1235 ἀγνωσία
2523 1154 2787 1230 μέλλομεν
2852 1152 3086 1233 διάγεινς
3144 1151 3244 1226 Μὴ
3299 1152 3520 1232 γίνοιτο*
3578 1152 3717 1214 ἀλλὰ

2117 1244 2239 1325 περὶ
2284 1249 2379 1317 τῆς
2428 1245 2488 1303 ἐκ
2535 1243 2728 1324 μέρους
2771 1240 3017 1320 γνώσεως
3067 1242 3245 1321 λέγει,
3300 1245 3374 1310 ὡς
3418 1243 3513 1302 καὶ
3563 1241 3719 1309 αὐτὸς

2118 1334 2397 1417 ἐρμηνεύει
2453 1338 2632 1407 τοῦτο,
2684 1330 2769 1392 ὅτι
2819 1337 2854 1405 ἡ
2912 1334 2975 1393 ἐκ
3026 1332 3219 1411 μέρους
3268 1335 3463 1411 γνῶσις
3512 1355 3718 1411 καταρ-

2116 1424 2439 1505 γηθήσεται,
2482 1428 2578 1495 τῆς
2624 1420 2829 1489 τελείας
2887 1420 2938 1461 ⁸⁵
2992 1420 3265 1495 ἐλθούσης,
3313 1420 3586 1497 δηλονότι,
3626 1425 3722 1494 τῆς

2120 1514 2261 1574 κατὰ
2306 1514 2402 1585 τὴν
2437 1512 2734 1591 μέλλουσαν
2765 1512 2930 1585 ζωήν.
2981 1512 3181 1592 Οὐκέτι
3227 1512 3328 1592 γὰρ
3358 1516 3596 1574 τοσαῦτα
3638 1511 3713 1570 εἰ·

2121 1604 2345 1683 σόμεθα,
2391 1603 2531 1663 ἀλλὰ
2570 1603 2754 1682 πολλῷ
2798 1600 3042 1662 πλείονα’
3085 1591 3224 1677 οἷον,
3256 1591 3338 1661 ὅτι
3371 1600 3469 1681 μὲν
3500 1624 3711 1661 παντα-

2121 1700 2221 1775 χοῦ
2275 1696 2414 1753 ἐστιν
2461 1697 2489 1753 ὁ
2537 1691 2704 1765 Θεὸς,
2756 1691 2975 1770 οἴδαμεν
3035 1698 3147 1752 νῦνο
3207 1691 3374 1767 ἀλλὰ,
3426 1694 3569 1766 πῶς,
3622 1692 3717 1751 οὐκ

2124 1787 2300 1862 ἴσμενο
2349 1783 2440 1844 καὶ
2486 1781 2569 1842 ὅτι
2621 1781 2718 1860 μὲν
2765 1782 2913 1842 ἔτεκε
2953 1780 3227 1862 παρθένος,
3278 1781 3453 1859 ἴσμεν
3497 1786 3612 1850 πῶς
3641 1780 3717 1853 δὲ,

2124 1874 2318 1935 οὐκέτι·
2347 1873 2465 1935 τότε
2494 1874 2548 1934 δὲ
2579 1872 2833 1951 εἰσόμεθά
2880 1896 2935 1933 τι
2961 1870 3125 1933 πλέον
3154 1870 3248 1932 καὶ
3294 1871 3562 1954 συμφέρον
3599 1869 3719 1950 περὶ

2117 1987 2337 2024 τουτων.

2204 2173 2237 2211 α
2265 2150 2405 2212 Ὅτε
2447 2151 2599 2229 ἤμην
2628 2148 2833 2223 νήπιος.
2864 2175 2890 2203 ι
2920 2147 3137 2227 Εἰπὼν,
3166 2146 3249 2207 ὅτι
3286 2150 3379 2206 τοῦ
3407 2145 3611 2207 τελείου
3634 2147 3722 2227 έρ-

2121 2240 2377 2322 χομένου,
2430 2247 2777 2322 καταργεῖται
2818 2238 2881 2299 τὸ
2914 2242 2975 2300 ἐκ
3018 2238 3236 2320 μέρους⁶
3268 2242 3360 2297 νῦν
3411 2236 3503 2296 καὶ
3548 2235 3725 2317 παρά-

2123 2320 2317 2410 δειγμα
2347 2335 2522 2412 φέρει,
2573 2320 2643 2389 δι’
2691 2320 2749 2391 οὗ
2800 2328 3081 2399 δείκνυσιν,
3140 2327 3261 2387 ὅσον
3306 2325 3366 2386 τὸ
3427 2324 3587 2403 μέσον
3631 2329 3723 2397 τῆς

2125 2425 2214 2480 νῦν
2262 2421 2506 2500 γνώσεως
2562 2419 2656 2480 καὶ
2703 2422 2798 2491 τῆς
2851 2419 2989 2479 τότε.
3041 2416 3163 2480 Νῦν
3220 2414 3319 2496 μὲν
3363 2416 3469 2499 γὰρ
3520 2414 3729 2489 νηπίοις

2126 2511 2396 2591 ἐοίκαμενο
2426 2509 2546 2571 τότε
2577 2510 2633 2569 δὲ
2665 2509 2847 2590 ἄνδρες
2876 2508 3122 2587 ἐσόμεθα.

2214 2705 2245 2743 α
2272 2682 2369 2749 Ὡς
2398 2681 2605 2754 νήπιοις
2656 2679 2897 2741 ἐλάλουν.
2935 2702 2967 2737 ιο
3001 2677 3105 2746 ⁶Ως
3150 2676 3283 2759 πρὸς
3338 2675 3436 2745 τὰς
3485 2674 3731 2756 γλώσσας

2125 2773 2208 2851 τὸ,
2238 2801 2262 2829 α
2295 2772 2584 2834 Ἐλάλουν.
2614 2797 2638 2823 υ

2207 2892 2233 2919 α
2263 2863 2362 2931 Ὡς
2402 2861 2589 2937 νήπιος
2619 2859 2887 2943 ἐφρόνουν.
2922 2886 2950 2913 ι
2983 2861 3160 2921 Τοῦτο
3188 2859 3261 2927 ὣς
3289 2856 3421 2939 πρὸς
3460 2855 3557 2927 τὰς
3600 2879 3729 2939 προσ

2128 2953 2366 3038 φητείας.

2057 3084 2105 3152 C
2142 3035 2152 3038 ⁷
2203 3073 2241 3152 Ξ
2288 3042 2392 3112 Ὡς
2434 3041 2624 3117 νήπιος
2675 3039 3008 3121 ἐλογιζόμην.
3041 3065 3068 3093 ιι
3113 3042 3291 3102 Τοῦτο
3338 3039 3412 3107 ὥς
3461 3035 3592 3120 πρὸς
3635 3035 3733 3109 τὴν

2168 3157 2279 3194 νωσ
2283 3158 2347 3192 ιν.

2132 3159 2420 3285 γνῗσΐὸτε
2478 3220 2535 3281 δὲ
2576 3220 2769 3303 γέγονα
2816 3218 2969 3301 ἀνὴρ,
3013 3217 3334 3300 κατήργηκα
3385 3216 3455 3277 τὰ
3493 3220 3588 3276 το⁶ὐ⁹
3632 3240 3733 3290 νη-

2132 3313 2273 3375 πίου.
2310 3340 2333 3368 ιο
2363 3310 2677 3383 Τουτέστιν,
2720 3308 2806 3370 ὅτε
2839 3310 2893 3369 έν
2919 3312 2995 3391 τῷ
3026 3309 3276 3386 μέλλοντι
3313 3307 3410 3381 τὴν
3441 3308 3734 3387 ἀνδρειοτέο

2133 3429 2227 3485 ραν
2282 3405 2331 3443 ’θ
2364 3405 2559 3480 γνῶσιν
2612 3400 2746 3480 ἔξω,
2794 3400 2916 3460 τότε
2970 3397 3441 3479 καταργηθήσεται
3481 3400 3514 3470 ἡ
3568 3396 3735 3477 μικρὰ

2130 3494 2224 3554 καὶ
2279 3492 2486 3564 νηπίοις
2551 3493 2756 3553 ἐοικυῖα
2824 3492 3042 3571 γνῶσις,
3099 3489 3167 3563 ἣν
3221 3491 3451 3551 ἐνταῦθα
3510 3486 3729 3569 ἔχομεν.

2131 3583 2411 3666 Ἐπιφὲρει
2458 3572 2573 3643 οὖν’

2214 3779 2238 3807 α
2274 3754 2559 3831 Βλέπομεν
2588 3751 2694 3833 γὰρ
2728 3751 2851 3833 ἄρτι
2882 3752 2948 3812 δι’
2994 3750 3255 3831 ἐσόπτρου
3285 3751 3340 3810 ἓν
3371 3749 3673 3828 αἰνίγματι.
3711 3776 3736 3803 ι

2135 3844 2427 3926 Σαφηνίζει
2469 3842 2530 3902 τὸ
2576 3840 2854 3921 εἰρημένον
2905 3840 3031 3918 περὶ
3080 3848 3174 3901 τοῦ
3226 3838 3440 3911 νηπίου,
3487 3839 3580 3898 καὶ
3622 3837 3732 3899 δεί-

2135 3957 2341 4004 κνυσιν,
2392 3930 2473 3991 ὅτι
2525 3929 2739 4009 ἀμυδρά
2779 3953 2860 3996 τις
2909 3931 3040 4005 ἡμῖν
3081 3929 3225 3986 ἐστιν
3277 3927 3398 4007 ἄρτι
3436 3931 3472 3998 ἡ
3520 3930 3733 4004 γνῶσις·

2134 4022 2253 4082 τότε
2291 4020 2347 4078 δὲ
2396 4018 2688 4099 τρανοτέρα
2739 4020 2910 4099 ἔσται.
2951 4044 2975 4071 ιι
3033 4015 3312 4094 Βλέπομεν
3355 4014 3459 4094 γὰρ
3497 4015 3620 4092 ἄρτι
3670 4017 3740 4074 δι’

2135 4095 2484 4188 ἐσόπτρουί»
2531 4095 2707 4187 φησίν.
2765 4095 2902 4167 Εἶτα
2956 4105 3141 4177 ἐπειδὴ
3192 4104 3254 4163 τὸ
3303 4102 3561 4183 ἔσοπτρον
3589 4104 3741 4161 ἐκτυ-

2136 4198 2373 4277 πώτερον
2445 4194 2678 4255 δείκνυσι
2739 4206 2833 4255 τοῦ
2897 4193 3287 4275 ἐμφαινομένου
3340 4190 3436 4264 τὴν
3487 4190 3741 4270 μίμησιν,

2136 4285 2436 4368 προσέθηκε
2492 4284 2578 4359 τὸ,
2629 4312 2655 4340 ι
2690 4284 2786 4346 Ἐν
2843 4282 3144 4365 αἰνίγματι,
3206 4312 3230 4339 ι
3274 4286 3391 4361 μεθ’
3445 4282 3742 4363 ὖπερϐολῆς

2137 4375 2339 4444 δεικνὺς
2366 4374 2463 4448 τὴν
2506 4382 2780 4458 παροῦσαν
2811 4378 3006 4455 γνῶσιν
3036 4372 3425 4454 μερικωτάτην.

2056 4456 2109 4519 D
2222 4492 2249 4521 ι
2281 4465 2422 4527 Τότε
2468 4464 2525 4525 δὲ
2557 4456 2842 4547 πρόσωπον
2890 4464 3020 4545 πρὸς
3065 4463 3379 4544 πρόσωπον.
3422 4482 3455 4521 n
3510 4460 3636 4540 Οὖχ
3672 4463 3742 4527 ὥς

2138 4558 2423 4636 πρόσωπον
2452 4560 2545 4615 τοῦ
2593 4557 2735 4617 Θεοῦ
2788 4554 3021 4637 ἔχοντος,
3075 4553 3216 4613 ἀλλὰ
3258 4551 3345 4611 διὰ
3394 4549 3580 4611 τούτου
3631 4550 3738 4609 δει-

2135 4646 2307 4707 κνύων
2359 4646 2457 4719 τὴν
2495 4644 2823 4727 σαφεστέραν
2874 4643 2968 4705 καὶ
3017 4641 3343 4724 τρανοτέραν
3390 4643 3619 4719 γνῶσιν,
3650 4638 3741 4700 καὶ

2139 4733 2676 4814 ἀνακεκαλυμμένην.

2220 4943 2245 4970 α
2270 4913 2421 4995 Ἄρτι
2473 4912 2719 4995 γινώσκω
2768 4914 2828 4973 ἐκ
2857 4911 3077 4995 μέρους·
3116 4909 3237 4971 τότε
3272 4908 3327 4970 δὲ
3376 4909 3758 4992 ἐπιγνώσομαι

2140 5003 2316 5071 καθὼς
2346 5004 2703 5082 ἐπεγνώσθην.
2737 5028 2762 5057 ιι
2791 5005 2981 5083 Διπλῇί
3005 5006 3252 5080 καθαιρεῖ
3294 4999 3355 5060 τὸ
3386 5000 3611 5083 φύσημα
3643 5002 3746 5058 αὗ-

2142 5097 2272 5173 τῶν,
2308 5091 2513 5160 δεικνὺς
2560 5092 2785 5172 μερικήν
2815 5115 2875 5152 τε
2921 5081 3084 5150 οὖσαν
3116 5090 3213 5163 τὴν
3261 5094 3353 5149 νῦν
3387 5081 3603 5170 γνῶσιν,
3651 5089 3747 5150 καὶ

2144 5185 2263 5245 οὐδὲ
2296 5183 2497 5258 ταύτην
2529 5183 2727 5243 οἴκοθεν
2778 5174 2960 5242 οὖσαν.
2988 5183 3072 5243 Οὐ
3122 5180 3225 5261 γὰρ
3255 5180 3401 5260 ξέγὼ,
3441 5182 3603 5259 φησὶν
3627 5224 3646 5257 ,
3691 5178 3746 5239 ἔ-

2143 5298 2282 5353 γνων
2311 5275 2399 5334 τὸν
2444 5275 2583 5335 Θεὸν
2610 5274 2687 5353 ¹⁷,
2716 5272 2834 5332 ἀλλ’
2865 5270 3021 5340 αὐτός
3069 5294 3137 5349 με
3178 5270 3484 5353 ἐγνώρισεν.
3531 5269 3748 5349 Ὥσπερ

2144 5354 2236 5423 οὖν
2286 5372 2375 5425 νῦν
2428 5363 2584 5434 αὐτός
2632 5386 2700 5441 με
2742 5362 2901 5441 ἔγνω,
2952 5362 3045 5422 καὶ
3096 5361 3251 5429 αὔτός
3291 5384 3381 5437 μοι
3426 5360 3745 5439 ἐπέδραμεν

2147 5452 2314 5520 οὕτως
2360 5452 2468 5533 ἐγὼ
2499 5455 2643 5534 αὐτῷ
2678 5453 3076 5532 ἐπιδραμοῦμαι
3116 5450 3239 5511 τότε
3279 5450 3532 5521 μειζόνως
3558 5448 3593 5522 ἢ
3622 5455 3738 5508 νῢνο

1841 5587 2040 5650 Variae
2083 5587 2380 5649 lectiones.

517 5698 560 5732 ⁸⁵
602 5698 886 5763 συντελείας
918 5716 973 5757 0.
1050 5701 1094 5737 ³⁸
1118 5701 1381 5774 ἁδροτέραν
1405 5717 1459 5760 0.
1536 5702 1578 5737 ¹⁷
1602 5701 1751 5758 αὖτόν
1779 5718 1835 5760 0.
