4110 6428
397 405 502 459 733

1257 402 1608 459 EXPOSlTlO
1653 405 1716 458 lN
1758 403 1963 458 EPIST.
2007 406 2025 459 I
2064 406 2155 460 AD
2196 407 2350 461 COR.
2394 439 2462 448 ——
2501 409 2650 463 CAP.
2695 411 2832 463 XIV.

3598 409 3705 462 734

393 527 578 609 ὥσπερ
627 531 654 586 ὁ
703 531 757 588 ἐν
808 529 984 588 σκότει
1034 528 1362 607 καθήμενος,
1418 528 1514 596 ἕως
1561 527 1657 606 μὲν
1697 532 1755 588 οὗ
1807 528 1996 608 βλέπει

2107 531 2209 603 ipsi
2237 539 2371 590 tunc
2405 548 2692 591 accurram
2727 533 2939 607 majore
2979 531 3289 606 ccgnitione
3305 548 3476 606 quam
3514 547 3700 589 nunc:

394 617 482 678 τὸν
517 617 700 692 ἥλιον,
730 620 825 677 οὐκ
865 618 1021 687 αὐτὸς
1069 618 1342 700 ἐπιτρέχει
1383 621 1462 700 τῷ
1494 617 1679 678 κάλλει
1709 623 1804 691 τ’ἧς
1844 621 1996 678 ἀκτῖ-

392 731 506 782 νος,
553 708 673 766 ἀλλ’
723 706 902 780 ἐκείνη
937 707 1200 767 δείκνυσιν
1252 706 1446 778 ἑαυτὴν
1497 708 1713 769 ἐπειδὰν
1764 708 1989 789 λάμψῃο

388 797 516 856 ὅταν
566 795 816 873 δὲιαῦτῆς
867 795 1082 870 δέξηται
1111 795 1206 868 τὴν
1240 795 1432 876 αἴγλην
1462 797 1530 872 ⁴⁸,
1559 797 1679 857 τότε
1710 797 1802 858 καὶ
1839 798 1996 866 αὐτὸς

388 886 568 946 διώκει
619 888 678 945 τὸ
727 889 868 967 φῶς.
915 889 1087 947 Τοῦτο
1139 877 1228 944 οὖν
1283 890 1398 947 ἐστι
1445 887 1532 962 τὸ,
1582 909 1612 946 ιι
1662 885 1854 956 Καθὼς
1901 887 1992 947 καὶ

388 975 756 1055 ἐπεγνώσθην
800 997 831 1035 n
879 977 979 1056 οὐχ
1019 975 1100 1036 ὅτι
1153 975 1316 1044 οὕτως
1360 978 1790 1058 ἀπαραλλάκτως
1837 977 1992 1036 αὐτὸν

387 1066 639 1143 εἰσόμεθα
658 1110 674 1143 ,
708 1068 826 1126 ἀλλ’
856 1065 938 1124 ὅτι
968 1064 1149 1147 ὥσπερ
1194 1066 1349 1135 αὐτὸς
1389 1069 1517 1142 ἡμῖν
1548 1068 1818 1146 ἐπέδραμε
1862 1073 1948 1126 νῦν
1970 1113 1987 1142 ,

387 1154 553 1224 οὕτως
608 1157 761 1232 ἡμεῖς
813 1155 1039 1235 ἑξόμεθα
1084 1156 1315 1216 αὐτοῧ⁴9
1366 1157 1523 1216 τότε’
1581 1157 1762 1236 ὥσπερ
1810 1157 1860 1216 εἴ
1912 1183 1990 1228 τις

385 1244 552 1326 εὑρὼν
589 1244 778 1326 βρέφος
808 1244 1014 1325 εὐγενὲς
1055 1244 1265 1306 ἐκτεθὲν
1286 1290 1302 1316 ,
1333 1247 1545 1306 ἀστεῖον
1577 1249 1654 1328 τῷ
1698 1247 1856 1322 εἴδει,
1893 1250 1989 1307 αὖ-

383 1335 470 1402 τὸς
499 1335 596 1412 μὲν
639 1334 879 1414 ἐπιγνοὺς
915 1335 1079 1411 αὐτὸ,
1114 1336 1388 1410 ἀνέλοιτο,
1434 1336 1528 1396 καὶ
1573 1339 1798 1413 κομιδῆς
1830 1336 1990 1406 ἀξιώ-

382 1448 490 1485 σειε
508 1469 528 1505 ,
552 1425 644 1485 καὶ
677 1427 900 1504 εὐγενῶς
932 1424 1244 1507 ἀνατρέφων
1264 1470 1280 1500 ,
1313 1428 1616 1485 τελευταῖον
1650 1427 1744 1486 καὶ
1773 1426 1987 1508 πλούτῳ

376 1515 723 1594 λαμπρύνει,
774 1515 868 1574 καὶ
902 1517 975 1583 εἷς
1013 1515 1083 1573 τὰ
1143 1515 1389 1594 βασίλεια
1437 1515 1734 1597 εἰσαγάγῃ·
1787 1517 1847 1577 τὸ
1890 1517 1984 1594 δὲ,

383 1603 484 1672 ἕως
527 1605 624 1682 μὲν
668 1603 858 1676 νήπιον
914 1603 1032 1678 εἴη,
1073 1604 1280 1671 οὐδενὸς
1333 1607 1707 1664 ἐπαισθάνοιτο
1755 1605 1985 1685 τούτων,

382 1693 503 1752 οὐδὲ
549 1693 886 1771 ἐπιγινώσκοι
923 1694 1021 1766 τὴν
1061 1694 1455 1776 φιλανθρωπίαν
1503 1701 1593 1754 τοῦ
1626 1695 1947 1774 ἀνελομένου
1974 1722 1986 1734 ·

381 1781 598 1841 ἐπειδὰν
659 1781 714 1842 δὲ
768 1783 1059 1864 ἀνδρωθείη
1079 1783 1152 1862 ²⁰,
1227 1789 1521 1856 τηνικαῦτα
1593 1785 1832 1862 ἐπιγνοίη
1894 1785 1983 1844 τὸν

2104 622 2576 695 quemadmodum
2613 624 2705 696 qui
2734 623 2790 680 in
2817 622 3060 679 tenebris
3081 620 3258 689 sedet,
3281 623 3547 696 tantisper
3565 621 3699 680 dum

2103 727 2217 769 non
2270 712 2520 770 intuetur
2571 714 2767 783 solem,
2795 713 2911 786 ipse
2957 727 3070 769 non
3098 711 3335 768 accurrit
3363 711 3434 769 ad
3462 711 3702 784 pulchri-

2105 801 2358 858 tudinem
2396 803 2558 872 radii,
2590 802 2688 859 sed
2738 803 2862 860 luce
2892 802 3096 859 emissa
3122 801 3372 874 seipsum
3398 800 3585 859 radius
3611 801 3704 858 de-

2101 899 2375 950 monstrat
2434 892 2696 966 :quando
2732 909 2859 949 vero
2887 892 3008 964 ipse
3053 889 3196 948 radii
3220 889 3494 965 fulgorem
3541 905 3702 947 acce-

2101 982 2269 1054 perit,
2293 991 2415 1039 tum
2460 992 2518 1040 et
2557 984 2672 1056 ipse
2701 983 3059 1056 persequitur
3111 980 3324 1038 lumen.
3383 981 3503 1037 Hoc
3535 979 3702 1054 igitur

2101 1081 2185 1130 est
2209 1073 2362 1145 quod
2386 1074 2484 1142 ait,
2516 1096 2542 1123 «ι
2565 1072 3060 1147 Quemadmodum
3076 1071 3333 1145 cognitus
3347 1085 3474 1128 sum
3499 1092 3514 1128 :
3543 1093 3571 1121 ν
3589 1086 3702 1128 nou

2100 1161 2254 1236 quod
2281 1162 2477 1220 eodem
2506 1179 2734 1235 prorsus
2762 1162 2930 1219 modo
2959 1162 3140 1235 ipsum
3166 1174 3556 1234 agnoscemus,
3612 1149 3702 1216 ve-

2099 1267 2227 1308 rum
2259 1250 2412 1324 quod
2441 1253 2584 1309 sicut
2611 1252 2727 1325 ipse
2753 1251 2824 1309 ad
2849 1267 2950 1308 nos
2982 1266 3132 1307 nunc
3179 1249 3491 1320 accesserit,
3518 1249 3600 1305 sic
3645 1257 3703 1306 et

2097 1358 2200 1398 nos
2226 1350 2360 1398 tunc
2388 1341 2753 1416 adjuugemur
2798 1341 2921 1414 ipsi.
2962 1340 3144 1399 Veluti
3194 1339 3238 1396 si
3266 1339 3388 1412 quis
3413 1339 3700 1396 inveniens

2097 1432 2400 1505 ingenuum
2428 1431 2698 1491 infantem
2726 1432 3062 1506 expositum,
3110 1427 3293 1488 forma
3327 1429 3601 1487 blandum
3644 1437 3700 1487 et

2094 1522 2476 1594 conspicuum,
2500 1524 2618 1596 ipse
2644 1522 2870 1595 quidem
2894 1520 3166 1578 infantem
3193 1535 3499 1592 agnoscens
3517 1519 3694 1589 tollat,

2095 1602 2535 1676 educationeque
2557 1603 2839 1676 dignetur,
2856 1603 3145 1675 ipsumque
3163 1600 3404 1674 ingenue
3431 1601 3693 1668 educans,

2093 1692 2325 1748 tandem
2371 1693 2569 1765 opibus
2615 1691 2963 1766 splendidum
3013 1691 3226 1761 reddat,
3279 1698 3335 1748 et
3371 1689 3441 1747 ad
3487 1690 3698 1764 regiam

2096 1781 2410 1838 introducat
2441 1800 2454 1838 :
2488 1797 2554 1838 ac
2577 1797 2711 1854 puer
2739 1781 2986 1855 quandiu
3014 1779 3199 1836 infans
3227 1780 3516 1849 manserit,
3551 1778 3691 1835 nihil

383 1871 688 1951 εὐεργέτην,
746 1872 838 1932 καὶ
896 1873 1051 1941 ἀξίως
1106 1872 1266 1932 αὐτὸν
1321 1872 1664 1952 ἀγαπήσειεν.
1712 1873 1850 1936 Ἰδού
1905 1900 1983 1936 σοι

2099 1873 2298 1928 horum
2346 1872 2567 1942 sentiat,
2620 1887 2794 1944 neque
2845 1869 3092 1928 tollentis
3136 1876 3402 1942 agnoscat
3438 1868 3695 1925 humani-

382 1960 472 2020 διὰ
513 1966 606 2020 τοῦ
657 1962 1041 2042 ὕποδείγματος
1073 1960 1405 2044 πεφώτισται
1451 1963 1512 2023 τὸ
1566 1964 1983 2044 συσκιαζόμενον

382 2053 434 2109 ἐν
465 2054 543 2132 τῷ
576 2053 743 2132 ῥητῷ.

461 2343 489 2367 ιι
536 2314 670 2376 Νυνὶ
718 2313 771 2374 δὲ
818 2315 966 2392 μένει
1012 2314 1221 2390 πίστις,
1266 2317 1443 2388 ἐλπὶς,
1492 2318 1712 2398 ἀγάπη,
1745 2319 1814 2378 τὰ
1860 2320 1984 2401 τρία

380 2409 587 2463 ταῦτα·
637 2404 830 2482 μείζων
880 2404 934 2463 δὲ
964 2406 1164 2464 τούτων
1208 2411 1238 2479 ἡ
1291 2407 1500 2485 ἀγάπη.
1529 2429 1559 2466 ›)
1598 2408 1722 2468 Εἰσὶ
1754 2409 1850 2486 μὲν
1896 2403 1985 2470 οὖν

377 2494 470 2552 καὶ
512 2497 784 2574 γλῶσσαι,
837 2494 929 2553 καὶ
963 2504 1318 2577 προφητεῖαι,
1365 2498 1456 2557 καὶ
1509 2496 1760 2576 γνώσεις,
1794 2502 1839 2558 εἰ
1891 2500 1984 2560 καὶ

380 2583 616 2665 ἀμυδραί
647 2585 778 2646 εἶσι·
828 2584 968 2656 πλὴν
1012 2589 1108 2658 τῆς
1149 2586 1379 2655 πίστεως
1428 2588 1682 2667 χύθείσης
1725 2592 1798 2656 εἷς
1840 2589 1983 2648 πάν-

379 2698 510 2748 τας,
545 2677 614 2740 ὡς
656 2673 748 2734 καὶ
781 2675 1029 2756 ἀνωτέρω
1074 2675 1317 2756 εἴρηται,
1346 2675 1582 2749 πάντη²¹
1627 2678 1948 2759 ἀργήσουσιν
1969 2703 1983 2717 ⁸

379 2767 412 2834 ἡ
467 2763 647 2842 μέντοι
699 2762 907 2837 πίστις,
960 2769 992 2837 ἡ
1040 2764 1224 2839 ἐλπὶς,
1267 2769 1300 2837 ἡ
1352 2765 1572 2846 ἀγάπη,
1623 2766 1985 2849 μονιμώτεραι

379 2850 576 2912 τούτων
630 2853 822 2932 (τοῦτο
864 2851 968 2936 γάρ
1000 2854 1250 2933 σημαίνει
1291 2853 1379 2915 διὰ
1423 2860 1518 2916 τοῦ
1548 2858 1746 2917 εἰπεῖν·
1787 2881 1816 2916 (ι
1852 2859 1986 2920 Νυνὶ

380 2942 435 3001 δὲ
471 2942 648 3019 μένει,
703 2967 735 2999 »
770 2943 867 3016 τὴν
897 2947 1230 3022 μονιμότητα
1270 2947 1443 3018 δηλῶν
1486 2949 1589 3006 τῶν
1635 2949 1862 3028 τριῶν),
1893 2948 1984 3008 καὶ

380 3030 582 3091 τούτων
621 3028 675 3090 δὲ
723 3034 896 3092 αὐτῶν
950 3035 1142 3111 μείζων
1190 3038 1224 3107 ἡ
1277 3034 1496 3114 ἀγάπη,
1529 3035 1713 3109 ἐπειδὴ
1764 3037 1857 3098 καὶ
1912 3039 1985 3106 εἷς

377 3123 464 3180 τὸν
496 3121 761 3200 μέλλοντα
795 3125 963 3183 αἰῶνα
996 3125 1428 3205 παρεκτείνεται.

459 3301 519 3380 [α
565 3302 695 3364 Νυνὶ
733 3301 789 3361 δὲ
826 3304 971 3381 μένει
1017 3304 1222 3379 πίστις,
1273 3305 1455 3379 ἐλπὶς,
1508 3307 1729 3384 ἀγάπη,
1760 3307 1827 3367 τὰ
1857 3309 1980 3388 τρία

382 3396 568 3451 ταῦτα.
616 3420 640 3444 υ
685 3394 954 3453 Ἐνταῦθα
1009 3393 1097 3469 δὲ,
1151 3395 1301 3476 φησὶ,
1358 3395 1700 3476 μονιμώτερά
1747 3399 1848 3457 εἶσι
1896 3399 1982 3458 πί-

381 3503 525 3555 στις,
573 3479 758 3554 ἐλπὶς,
814 3482 1024 3563 ἀγάπη.
1078 3485 1193 3555 Τῆς
1238 3483 1468 3552 πίστεως
1499 3484 1602 3566 γὰρ
1638 3490 1728 3545 τοῦ
1778 3487 1982 3568 κηρύγ-

380 3592 580 3645 ματος,
631 3573 703 3638 ὡς
749 3570 991 3650 εἴρηται,
1052 3578 1332 3654 πανταχοῦ
1379 3574 1738 3650 διαδοθείσης,
1791 3578 1846 3634 αἱ
1883 3577 1979 3654 μὲν

376 3661 617 3736 γλῶσσαι
674 3661 768 3720 καὶ
828 3661 882 3720 αἱ
937 3670 1260 3743 προφητεῖαι
1313 3663 1406 3722 καὶ
1467 3663 1536 3721 τὰ
1595 3663 1757 3723 λοιπὰ
1812 3665 1976 3747 χαρί-

377 3772 560 3827 σματα
623 3752 1011 3824 παυθήσονται.
1066 3750 1136 3812 Ἦ
1209 3750 1384 3821 πίστις
1445 3751 1534 3827 δὲ,
1588 3758 1622 3824 ἡ
1690 3751 1815 3834 περὶ
1876 3759 1981 3813 τῶν

376 3836 714 3916 μελλόντων,
757 3845 851 3912 τῆς
893 3865 951 3899 τε
994 3841 1219 3922 κρίσεως
1271 3841 1362 3900 καὶ
1408 3841 1843 3917 ἀνταποδόσεως,
1889 3844 1980 3903 καὶ

373 3933 409 4002 ἡ
445 3927 594 3997 ἐλπὶς
621 3932 726 3986 τῶν
767 3929 1042 4008 ἀμοιϐῶν,
1077 3931 1168 3990 καὶ
1194 3935 1229 4004 ἡ
1259 3932 1390 4014 πρὸς
1441 3931 1706 4004 ἀλλήλους
1749 3934 1935 4014 ἀγάπη
1957 3983 1973 4008 ,

378 4027 527 4095 μενεῖ
557 4018 714 4098 μέχρι
741 4021 1073 4094 συντελείας,
1105 4023 1174 4088 ὡς
1203 4020 1614 4104 χρειωδεστέρα.

455 4134 479 4159 α
526 4111 736 4177 Μείζων
771 4109 824 4167 δὲ
858 4108 1056 4168 τούτων
1078 4114 1112 4182 ἡ
1156 4109 1365 4188 ἀγάπη.
1400 4138 1423 4165 ιο
1457 4110 1676 4172 Τούτων
1733 4113 1789 4172 δὲ
1818 4113 1978 4172 πάλιν

373 4199 479 4254 τῶν
523 4198 903 4279 μονιμωτέρων
952 4199 1383 4280 κατορθωμάτων
1434 4203 1629 4277 μείζων
1676 4205 1710 4274 ἡ
1770 4203 1975 4282 ἀγάπη.

372 4289 491 4356 Τῆς
547 4287 848 4356 συντελείας
901 4288 1004 4370 γὰρ
1058 4288 1346 4362 ἐλθούσης,
1403 4293 1439 4362 ἡ
1494 4289 1589 4364 μὲν
1646 4290 1822 4360 πίστις
1887 4295 1976 4352 καὶ

370 4375 522 4444 ἐλπὶς
556 4375 954 4449 παυθήσονται·
985 4382 1020 4450 ἡ
1065 4377 1119 4437 δὲ
1166 4378 1351 4457 ἀγάπη
1397 4388 1568 4456 μενεῖ,
1620 4383 1972 4464 κραταιοτέρα

369 4463 622 4542 γινομένη
653 4465 746 4526 καὶ
778 4466 1129 4549 σφοδροτέρα.
1167 4467 1320 4530 COd.
1361 4470 1689 4550 Arundel.]

943 4611 1235 4673 ΚΕΦΑΛ.
1295 4609 1412 4673 ΙΔ’.

465 4753 494 4788 (ι
535 4732 767 4794 Διώκετε
817 4733 1204 4813 τὴνγάγάπην.
1255 4763 1278 4789 n
1311 4734 1539 4808 Ἐπειδὴ
1596 4736 1735 4817 μέγα
1785 4742 1976 4817 χρῆμα

366 4820 614 4904 ἀπέδειξε
667 4820 903 4901 ταύτην,
958 4823 1316 4904 προτρέπεται
1386 4825 1570 4886 λοιπὸν
1636 4828 1723 4886 ἐπ’
1784 4828 1972 4899 αὐτήν.

364 4911 491 4972 Οὔκ
520 4901 634 4971 εἶπε
672 4911 758 4986 δὲ,
791 4911 872 4972 ὅτι
914 4915 1276 4974 Ἀκολουθεῖτε
1325 4916 1488 4995 αὖτῇ,
1535 4915 1713 4994 ἀλλὰ,
1771 4939 1802 4976 ιι
1829 4917 1977 4978 Διώ-

365 5023 525 5074 κετε,
572 5025 604 5057 π
633 5000 730 5073 τὴν
765 5004 1153 5080 ἐπιτεταμένην
1179 5004 1417 5075 σπουδὴν
1465 5007 1728 5068 ἀπαιτῶν.
1762 5007 1974 5089 Πέφυγε

369 5092 478 5170 γὰρ
506 5089 558 5159 ἐξ
610 5093 791 5166 ἡμῶν,
841 5093 932 5152 καὶ
963 5094 1164 5154 πολλοῦ
1184 5092 1344 5174 χρεία
1375 5094 1608 5176 δρόμου,
1638 5091 1726 5155 ἵνα
1767 5099 1972 5177 φθάσω·

368 5203 471 5257 μεν
495 5179 721 5252 ταύτην.

457 5379 489 5416 α
531 5361 783 5446 Ζηλοῦτε,
801 5359 856 5417 δὲ
887 5355 954 5418 τὰ
984 5361 1353 5438 πνευματικοί⁹
1387 5363 1591 5439 μᾶλλον
1617 5362 1707 5444 δὲ,
1730 5361 1819 5423 ἵνα
1846 5390 1976 5446 προ-

365 5448 653 5529 φητεύητε.
692 5474 724 5506 π
757 5445 878 5538 Ἵνα
913 5448 989 5527 μὴ
1027 5450 1350 5528 νομίσωσιν,
1396 5451 1476 5510 ὅτι
1505 5452 1592 5511 διὰ
1618 5460 1778 5516 τοῦτο
1822 5445 1972 5538 ἐξῆρε

359 5538 460 5609 τήν
496 5538 748 5617 ἀγάπην,
778 5537 865 5597 ἵνα
898 5538 1068 5616 σϐέσῃ
1094 5539 1161 5598 τὰ
1188 5542 1538 5622 χαρίσματα,
1561 5545 1750 5625 ἐπάγει
1773 5570 1785 5584 ·
1816 5576 1842 5600 υ
1867 5537 1976 5621 Ζη-

2095 1970 2268 2018 tatem
2301 1981 2312 2016 :
2333 1961 2501 2018 simul
2517 1978 2581 2017 ac
2605 1977 2735 2018 vero
2751 1959 3070 2029 adoleverit,
3088 1956 3501 2015 benefactorem
3525 1973 3698 2032 agno-

2094 2061 2229 2122 scat,
2259 2051 2552 2126 dignisque
2576 2066 2703 2108 eum
2736 2049 3021 2106 beneﬁciis
3047 2056 3432 2122 prosequatur.
3479 2049 3565 2105 En
3587 2046 3694 2104 hoc

2089 2143 2210 2217 jam
2257 2142 2508 2215 exemplo
2550 2141 2887 2198 illustratum
2940 2147 3044 2209 est,
3097 2136 3249 2212 quod
3295 2137 3693 2195 adumbratum

2096 2231 2221 2289 fuit.

2166 2325 2353 2379 Vens.
2390 2325 2478 2379 13.
2501 2344 2527 2372 ι
2558 2325 2720 2379 Nunc
2744 2329 2930 2376 autem
2954 2326 3148 2376 manet
3179 2317 3335 2387 ﬁdes,
3358 2332 3506 2390 spes,
3523 2317 3696 2389 206

2095 2411 2352 2480 charitas,
2401 2411 2511 2468 tria
2563 2418 2705 2477 haec,
2743 2409 2841 2466 sed
2878 2408 3119 2465 maxima
3149 2409 3209 2464 in
3239 2407 3327 2464 his
3353 2407 3618 2464 charitas.
3657 2425 3686 2461 ν

2095 2504 2237 2558 Sunt
2281 2500 2514 2573 quidem
2559 2501 2869 2555 eliamnum
2918 2499 3129 2570 lingua:
3180 2504 3236 2554 et
3281 2496 3588 2570 prophetiae
3634 2503 3691 2552 et

2096 2590 2359 2657 scientiae,
2403 2590 2516 2645 sint
2561 2589 2689 2644 licet
2731 2588 2982 2644 obscura:
3012 2604 3026 2642 :
3054 2587 3210 2660 atqui
3260 2585 3368 2642 ﬁde
3404 2585 3460 2641 in
3501 2600 3694 2642 omnes

2096 2679 2319 2748 diffusa,
2343 2687 2404 2736 ut
2421 2695 2582 2751 supra
2607 2678 2816 2735 dictum
2835 2686 2935 2743 est,
2961 2677 3193 2733 omnino
3214 2675 3545 2732 cessabunt:
3575 2675 3692 2747 ipsa

2093 2779 2277 2826 tamen
2339 2769 2496 2838 ﬁdes,
2550 2784 2675 2839 Spes
2727 2775 2780 2823 et
2834 2767 3092 2836 charitas,
3137 2767 3256 2823 istis
3319 2765 3694 2822 diuturniores

2093 2868 2223 2916 sunt
2248 2858 2325 2926 (id
2351 2858 2498 2914 enim
2525 2857 2799 2930 signiﬁcat
2849 2873 2942 2929 per
2988 2856 3092 2913 hoc
3120 2855 3272 2929 quod
3311 2855 3411 2925 ait,
3448 2875 3479 2906 ‹‹
3533 2857 3695 2912 Nunc

2095 2959 2278 3006 autem
2304 2956 2513 3016 manet,
2548 2971 2572 2996 ν
2602 2947 2773 3003 trium
2815 2947 3050 3002 istorum
3078 2944 3427 3002 durationem
3479 2961 3545 3002 ac
3577 2953 3690 3001 sta-

2092 3038 2359 3095 bilitatem
2395 3037 2782 3105 denuntians);
2814 3044 2979 3107 atque
3003 3036 3147 3090 inter
3169 3035 3292 3091 haec
3310 3035 3417 3090 tria
3446 3033 3692 3090 charitas

2093 3129 2338 3185 maxima
2365 3136 2470 3197 est,
2499 3125 2953 3200 quandoquidem
2981 3133 3036 3181 et
3063 3125 3118 3182 in
3149 3124 3396 3182 futurum
3423 3123 3691 3182 seculum

2092 3219 2439 3275 extendatur.

2167 3327 2197 3362 (ι
2224 3312 2400 3367 Vnus.
2429 3313 2515 3364 13.
2541 3333 2567 3356 «ι
2601 3311 2758 3364 Nunc
2776 3315 2966 3364 autem
2997 3313 3186 3362 manet
3206 3304 3362 3374 ﬁdes,
3383 3319 3530 3377 spes,
3554 3303 3692 3361 cha-

2090 3398 2246 3467 ritas,
2299 3401 2402 3454 tria
2460 3398 2600 3454 hazc.
2653 3421 2678 3446 ιο
2735 3398 2855 3453 Ηοο
2885 3397 2942 3452 in
2972 3395 3095 3451 loco
3147 3394 3227 3450 ait
3279 3394 3468 3462 ﬁdem,
3511 3410 3690 3466 spem,

2090 3488 2415 3544 charitatem
2444 3485 2779 3542 durabiliora
2828 3501 2968 3542 esse.
3023 3487 3168 3541 Nam
3191 3483 3303 3540 ﬁde
3345 3483 3691 3556 praedicatio-

2089 3578 2175 3633 nis
2203 3577 2406 3648 ubique
2436 3575 2807 3640 disseminata,
2839 3575 2923 3630 uti
2943 3573 3157 3630 dictum
3187 3581 3290 3640 est,
3322 3573 3526 3646 linguae
3566 3573 3690 3646 qui-

2090 3666 2218 3723 dem
2255 3673 2308 3721 et
2332 3664 2636 3737 prophetiae
2685 3672 2998 3735 casteraque
3052 3663 3194 3717 dona
3232 3661 3548 3718 cessabunt.
3605 3663 3694 3720 Fi-

2089 3758 2185 3812 des
2208 3771 2359 3823 vero,
2391 3769 2517 3826 quae
2553 3761 2639 3810 est
2663 3752 2732 3808 de
2759 3753 2927 3808 rebus
2952 3750 3154 3807 futuris
3192 3758 3246 3805 et
3277 3749 3347 3806 de
3381 3751 3593 3822 judicio
3625 3769 3689 3808 ac

2088 3844 2472 3912 retributione,
2501 3859 2613 3898 non
2664 3857 2789 3915 spes
2836 3839 3052 3914 praemii
3091 3847 3146 3895 et
3206 3846 3401 3895 mutua
3439 3839 3688 3910 dilectio,

2086 3943 2278 4008 utpote
2322 3933 2500 4005 magis
2550 3929 2881 3999 necessaria,
2911 3927 2982 3986 ad
3020 3927 3566 3985 consummationem
3596 3943 3688 3985 us-

2087 4041 2193 4098 que
2217 4023 2644 4096 permanebunt.

2164 4136 2194 4166 ‹‹
2225 4113 2330 4171 Sed
2359 4114 2597 4169 maxima
2617 4111 2672 4166 in
2696 4109 2784 4166 his
2815 4107 3079 4165 charitas.
3112 4130 3137 4157 ν
3170 4110 3421 4165 Rursum
3452 4125 3519 4165 ex
3568 4108 3688 4165 istis

2089 4204 2382 4261 virtutibus
2405 4218 2531 4276 qua:
2563 4199 2930 4258 durabiliores
2948 4205 3102 4270 sunt,
3121 4197 3303 4271 major
3325 4205 3410 4255 est
3431 4198 3687 4256 charitas.

2088 4299 2226 4353 Nam
2273 4293 2383 4350 ﬁne
2424 4291 2746 4349 adveniente
2770 4288 2910 4346 ﬁdes
2951 4303 3082 4345 sane
3131 4305 3194 4345 ac
3223 4303 3348 4361 spes
3375 4289 3688 4359 cessabunt,

2085 4384 2326 4442 charitas
2355 4392 2560 4451 autem,
2588 4388 2776 4453 utpote
2822 4377 3023 4437 fortior
3057 4387 3114 4436 et
3150 4378 3528 4438 vehementior
3561 4378 3688 4438 red-

2004 4440 2055 4502 D
2085 4474 2223 4544 dita,
2254 4440 2623 4547 permanebit.

2668 4615 2912 4672 CAPUT
2951 4613 3106 4669 XIV.

2163 4747 2341 4803 Vens.
2378 4751 2429 4800 1.
2477 4761 2506 4795 α
2548 4739 2844 4799 Sectamini
2885 4735 3238 4796 charitatem.
3290 4761 3316 4788 ι
3372 4739 3511 4812 Quia
3565 4757 3687 4800 rem

2086 4851 2206 4893 esse
2234 4833 2464 4890 arduam
2513 4830 2842 4888 charitatem
2888 4827 3313 4899 demonstravit,
3358 4830 3688 4888 adhortatur

2085 4924 2338 4996 deinceps
2366 4922 2434 4979 ad
2459 4937 2603 4978 eam.
2633 4923 2759 4977 Non
2789 4927 2976 4976 autem
3003 4917 3162 4989 dixit,
3210 4920 3518 4994 Sequimini
3536 4936 3684 4992 eam,

2085 5015 2208 5084 sed,
2259 5013 2492 5080 Διώκετε,
2527 5011 2584 5068 id
2635 5020 2720 5066 est
2766 5008 3054 5066 sectamini
3094 5010 3210 5066 sive
3260 5010 3682 5084 persequimini;

2085 5105 2475 5162 vehementem
2501 5109 2760 5160 conatum
2799 5110 2963 5171 atque
3013 5099 3357 5171 diligentiam
3405 5109 3685 5172 expetens.

2087 5195 2300 5269 Effugit
2347 5196 2491 5253 enim
2525 5212 2556 5252 a
2593 5192 2753 5251 nobis
2781 5207 2951 5264 quare
2982 5193 3165 5248 multo
3215 5204 3377 5248 cursu
3405 5206 3543 5263 opus
3583 5198 3682 5258 est,

2085 5292 2150 5341 ut
2175 5301 2300 5342 eam
2327 5300 2711 5356 assequamur.

2161 5398 2187 5425 α
2244 5375 2607 5432 Ᾱῐωυιειηὶηἰ
2635 5370 2961 5447 spiritualia,
3011 5369 3187 5443 magis
3225 5376 3418 5426 autem
3449 5375 3512 5426 ut
3551 5383 3686 5440 pro-

2085 5465 2336 5537 phetetis.
2396 5487 2422 5513 ιο
2467 5467 2550 5523 Νε
2601 5464 2938 5521 arbitrentur
2994 5461 3148 5535 quod
3193 5465 3481 5533 propterea
3518 5458 3688 5516 chari-

2083 5562 2258 5612 tatem
2323 5554 2541 5624 extulit,
2599 5562 2663 5610 ut
2733 5551 3049 5625 exstinguat
3086 5550 3438 5622 charismata,
3496 5547 3684 5618 infert,

1773 5637 1965 5698 Variae
2011 5640 2323 5700 lectiones.

438 5727 480 5760 ¹⁸
515 5725 677 5797 αὐγήν
705 5741 762 5782 o.
843 5727 884 5761 ¹⁹
913 5727 1046 5800 αὖτῷ
1073 5744 1121 5784 ο.
1198 5729 1243 5764 ²⁰
1270 5728 1529 5801 ἀδρυνθείη
1563 5749 1614 5789 ο.
1694 5733 1736 5767 ²¹
1767 5736 1943 5800 πάντες
1974 5753 2028 5794 ο.
