4110 6406
388 418 492 471 735

390 645 501 702 pra:
543 629 758 687 caeteris
810 634 997 685 autem
1034 626 1405 701 prophetiam.
1456 628 1581 683 Hoc
1623 635 1807 684 autem
1849 626 1988 684 dixit

384 720 701 793 linguarum
788 732 973 787 causa,
1044 731 1285 789 quarum
1354 715 1579 772 nomine
1665 725 1984 787 arrogantes

385 817 562 867 erant.

458 900 635 956 Vens.
657 903 713 966 2,
737 901 793 953 3.
821 914 850 949 α
870 896 979 969 Qui
997 894 1143 953 enim
1163 894 1349 968 lingua
1369 894 1631 967 loquitur,
1664 894 1985 951 hominibus

386 1002 502 1045 non
529 987 791 1059 loquitur,
819 984 916 1043 sed
968 988 1106 1041 Deo.
1141 987 1322 1042 Nemo
1362 984 1511 1040 enim
1543 983 1696 1041 audit
1729 1007 1741 1039 :
1776 983 1983 1056 Spiritu

388 1084 576 1133 autem
602 1075 849 1147 loquitur
876 1073 1153 1148 mysteria.
1178 1072 1287 1144 Qui
1318 1089 1448 1130 vero
1491 1073 1783 1146 pr0phetat
1809 1072 1987 1149 homi-

388 1165 551 1222 nibus
576 1164 817 1236 loquitur
859 1162 1287 1222 aediﬁcationem
1316 1172 1373 1220 et
1417 1163 1863 1220 adhortationem
1931 1170 1987 1219 et

389 1253 849 1311 consolationem.
884 1276 911 1302 υ
951 1253 1194 1325 Linguas
1229 1268 1360 1309 cum
1413 1252 1700 1326 prophetia
1750 1250 1984 1319 confert,

390 1342 739 1415 ostenditque
802 1357 895 1399 eas
950 1357 1048 1415 per
1112 1358 1171 1399 se
1220 1357 1401 1414 neque
1452 1342 1689 1399 omnino
1745 1341 1985 1409 inutiles,

390 1448 570 1505 neque
598 1432 830 1489 omnino
855 1431 1198 1489 commodas.
1235 1456 1261 1481 ει
1286 1434 1413 1488 Non
1452 1452 1479 1481 ι
1512 1433 1664 1488 enim
1693 1455 1719 1481 ι
1752 1430 1987 1487 homini-

393 1524 494 1578 bus
523 1522 844 1594 loquuntur,
873 1521 974 1578 sed
1017 1524 1135 1577 Deo
1189 1540 1203 1577 :
1240 1544 1265 1571 υ
1294 1520 1401 1577 hoc
1428 1528 1531 1590 est,
1562 1536 1677 1577 non
1705 1520 1986 1577 intellectu

387 1610 563 1667 facilia
578 1619 632 1668 et
650 1620 837 1683 aperta
852 1609 1172 1667 hominibus
1189 1609 1405 1679 dicunt;
1429 1618 1691 1667 caeterum
1709 1611 1768 1665 in
1780 1608 1985 1682 Spiritu

386 1709 581 1758 sancto
598 1699 897 1772 loquuntur
923 1699 1203 1774 mysteria.
1238 1703 1519 1772 Quatenus
1542 1700 1730 1771 itaque
1765 1714 1832 1755 ex
1875 1699 1989 1771 Spi-

1409 410 1923 467 THEOPHYLACTI
1960 409 2313 467 BULGARUE
2348 409 2666 468 ARCHIEP.

394 562 417 590 α
477 537 840 597 Emulamini
877 536 1195 611 spiritualia,
1238 558 1266 585 ιι
1319 534 1428 594 hoc
1468 546 1573 606 est,
1621 536 1979 605 charismata,

2100 540 2245 597 λοῦτε
2288 535 2359 597 τὰ
2407 533 2746 615 πνευματικᾶ
2765 578 2782 609 ,

3583 404 3688 459 7³6

2837 562 2861 588 υ
2912 532 3185 606 τουτέστι,
3227 531 3296 592 τὰ
3341 528 3690 612 χαρίσματα,

2091 626 2368 708 ἐξαιρέτως
2423 626 2480 688 δὲ
2535 610 2632 698 τὴν
2678 623 3029 708 προφητείαν.
3084 626 3266 684 Τοῦτο
3318 610 3381 681 δέ
3425 610 3541 682 εἷπε
3605 617 3693 679 διὰ

2092 716 2186 785 τὰς
2209 706 2497 797 γλώσσας,
2530 719 2614 799 ἐφ’
2645 706 2902 783 αἶςίαῦτοὶ
2925 710 3327 786 ἠλαζονεύοντο.

2181 828 2212 866 α
2253 805 2320 866 Ὁ
2371 805 2473 886 γὰρ
2523 807 2704 865 λαλῶν
2752 803 2971 885 γλώσσῃ
3014 806 3109 863 οὐκ
3156 800 3454 882 ἀνθρώποις
3497 801 3689 873 λαλεῖ,

2092 895 2231 955 ἀλλὰ
2262 898 2339 976 τῷ
2370 897 2523 976 Θεῷ.
2566 892 2757 961 Οὐδεὶς
2795 892 2901 974 γὰρ
2948 891 3151 954 ἀκούει.
3187 890 3467 969 Πνεύματι
3499 888 3555 949 δὲ
3586 891 3692 948 λα-

2092 987 2177 1044 λεῖ
2223 982 2508 1064 μυστήρια.
2572 982 2643 1044 ’0
2689 981 2744 1042 δὲ
2794 980 3142 1064 προφητεύων
3201 980 3493 1060 ἀνθρώποις
3538 980 3698 1038 λαλεῖ

2092 1074 2374 1153 οἰκοδομὴν
2406 1072 2497 1133 καὶ
2539 1073 2878 1153 παράκλησιν
2931 1072 3023 1131 καὶ
3067 1070 3435 1151 παραμυθίαν.
3468 1090 3499 1129 ιι
3546 1069 3694 1145 Συγο

2092 1164 2259 1245 κρίνει
2308 1162 2401 1231 τὰς
2445 1162 2695 1240 γλώσσας
2744 1161 2879 1241 πρὸς
2920 1160 3017 1233 τὴν
3050 1159 3413 1243 προφητείαν,
3448 1158 3542 1219 καὶ
3574 1156 3695 1216 οὔτε

2093 1255 2267 1327 πάντη
2297 1252 2598 1335 ἀχρήστους
2640 1250 2870 1312 δείκνυσι
2899 1250 3125 1327 ταύτας,
3163 1249 3286 1310 οὔτε
3326 1249 3503 1322 πάντη
3546 1248 3694 1329 ὠφε-

2092 1343 2279 1420 λίμους
2336 1344 2453 1401 καθ’
2518 1340 2729 1410 ἑαυτάς.
2784 1342 2867 1401 Οὐ
2916 1339 3021 1421 γὰρ
3064 1339 3358 1421 ἀνθρώποις
3407 1341 3692 1412 λαλοῦσιν,

2097 1431 2237 1492 ἀλλὰ
2267 1434 2345 1512 τῷ
2383 1433 2546 1511 Θεῷ·
2584 1430 2854 1490 τουτέστιν
2876 1478 2889 1501 ,
2936 1431 3033 1490 οὔκ
3078 1429 3299 1503 εὖνόητα
3334 1428 3549 1507 λέγουσι
3587 1434 3697 1494 τοῖς

2096 1519 2387 1602 ἀνθρώποις
2415 1524 2506 1581 καὶ
2546 1524 2712 1602 σαφῆ,
2741 1521 2861 1579 ἀλλ’
2895 1521 2948 1578 ἐν
2981 1519 3117 1599 ἁγίῳ
3159 1516 3442 1596 Πνεύματι
3469 1518 3695 1576 λαλοῦσι

2096 1610 2390 1691 μυστήρια.
2436 1607 2616 1670 ’Ὥστε
2666 1609 2801 1669 καθὸ
2849 1608 2944 1687 μὲν
2995 1611 3055 1668 ἐκ
3104 1606 3419 1685 Πνεύματος
3446 1608 3697 1679 λαλοῦσι,

2096 1700 2237 1779 μέγα
2282 1701 2342 1759 τὸ
2379 1709 2643 1780 πρᾶγμα·
2691 1700 2823 1759 καθὸ
2876 1697 2932 1758 δὲ
2965 1700 3063 1757 οὔκ
3111 1694 3419 1777 ἀνθρώπους
3464 1696 3694 1777 ὠφελεῖ,

388 1791 498 1846 ritu
513 1790 926 1862 loquuntur,res
941 1789 1189 1862 profecto
1201 1797 1285 1845 est
1304 1788 1500 1846 ardua:
1516 1797 1786 1861 quatenus
1802 1797 1987 1845 autem

2100 1795 2326 1863 ἡττᾶται
2354 1793 2446 1861 τῆς
2486 1787 2835 1870 προφητείας.
2874 1788 3093 1860 Ἐκείνη
3137 1786 3240 1868 γὰρ
3274 1786 3367 1846 καὶ
3410 1788 3470 1845 ἐκ
3524 1784 3699 1846 Πνεύο

386 1879 708 1937 hominibus
724 1894 838 1936 non
868 1877 1113 1951 prodest,
1140 1876 1361 1936 inferior
1384 1887 1468 1936 est
1497 1878 1804 1951 prophetia.
1840 1882 1984 1935 Nam

384 1968 471 2025 illa
499 1976 552 2026 et
580 1984 648 2026 ex
691 1969 900 2041 Spiritu
947 1976 1056 2038 est,
1086 1975 1144 2025 et
1166 1967 1539 2035 commodior,
1578 1984 1698 2037 eos,
1748 1968 1847 2040 qui
1873 1983 1987 2024 non

383 2066 516 2115 sunt
535 2058 783 2127 stabiliti,
806 2057 1112 2123 aediﬁcans,
1134 2056 1415 2129 segniores
1435 2058 1736 2114 adhortans
1756 2066 1811 2113 et
1854 2056 1994 2113 exci-

386 2154 531 2215 tans,
578 2147 960 2220 pusillanimes
1006 2146 1260 2203 animans
1301 2154 1356 2203 et
1408 2147 1723 2203 consolans.
1767 2146 1991 2219 Ubique

388 2252 519 2310 ergo
543 2237 745 2296 Paulus
773 2236 907 2293 illud
943 2235 1098 2308 ponit
1126 2236 1321 2309 majus,
1347 2236 1498 2308 quod
1522 2242 1605 2292 est
1630 2235 1841 2293 utilius.

457 2420 720 2493 Vens“.
751 2444 776 2471 α
798 2421 907 2492 Qui
930 2420 1178 2493 loquitur
1198 2420 1405 2493 lingua,
1435 2422 1681 2494 seipsum
1710 2422 1983 2481 aediﬁcat:

387 2510 481 2585 qui
521 2518 712 2568 autem
755 2511 1064 2583 prophetat,
1114 2512 1424 2568 Ecclesiam
1462 2511 1720 2570 aedificat.
1752 2536 1779 2562 ι
1826 2514 1989 2570 Multi

384 2601 591 2674 linguis
662 2602 953 2674 loquentes
994 2615 1110 2657 non
1166 2610 1426 2673 poterant
1478 2602 1594 2659 aliis
1640 2604 1990 2676 interpretari

387 2705 514 2764 qua:
536 2689 807 2747 dicerent.
837 2690 931 2746 lsti
961 2689 1126 2761 igitur
1168 2690 1411 2763 sibiipsis
1438 2692 1572 2747 solis
1600 2692 1768 2749 utiles
1806 2701 1984 2749 erant.

389 2780 497 2853 Qui
553 2787 742 2836 autem
788 2778 1106 2852 praphetat,
1162 2795 1359 2836 omnes
1410 2780 1697 2837 audientes
1740 2780 1989 2853 juvabat.

389 2870 607 2940 Quanto
678 2868 845 2941 igitur
900 2870 1252 2940 praestantius
1301 2877 1384 2924 est
1440 2870 1740 2925 Ecclesiam
1795 2870 1994 2942 juvare

390 2957 573 3030 potius
602 2971 768 3029 quam
800 2972 997 3029 unum,
1021 2966 1176 3014 tanto
1204 2957 1374 3015 etiam
1403 2958 1602 3031 linguis
1626 2959 1994 3016 excellentior

392 3054 477 3103 est
503 3045 813 3119 prophetia.

462 3118 642 3192 Vnus.
674 3140 729 3193 5.
766 3158 791 3184 ι
822 3136 965 3192 Volo
1008 3142 1194 3191 autem
1232 3151 1327 3192 vos
1355 3152 1551 3193 omnes
1585 3137 1791 3211 linguis
1818 3136 1989 3211 loqui,
2031 3118 2071 3179 (ἶ

391 3225 572 3299 magis
609 3234 797 3281 autem
825 3233 884 3282 ut
903 3224 1260 3298 prophetetis.
1286 3248 1314 3276 η
1346 3227 1481 3296 Quia
1510 3242 1619 3283 non
1649 3227 1809 3299 pauci
1840 3227 1989 3299 apud

393 3330 491 3372 eos
518 3316 886 3388 loquebantur
907 3315 1125 3388 linguis,
1142 3330 1211 3370 ne
1239 3317 1405 3388 207
1429 3316 1677 3374 videatur
1691 3333 1757 3373 ex
1783 3317 1991 3374 invidia

390 3405 605 3477 linguas
647 3404 880 3473 elevare,
917 3427 943 3455 α
973 3404 1133 3473 Volo,
1169 3428 1195 3455 ιο
1227 3406 1429 3479 inquit,
1465 3430 1491 3455 α
1538 3422 1737 3463 omnes
1786 3408 1991 3480 linguis

393 3494 566 3568 loqui,
599 3517 627 3544 ι
653 3509 767 3551 non
795 3510 969 3551 unum
996 3503 1093 3551 aut
1119 3494 1281 3563 duos,
1311 3496 1492 3568 potius
1533 3504 1721 3553 tamen
1753 3497 1876 3553 volo
1926 3505 1993 3554 ut

393 3584 752 3658 prophetetis,
783 3592 1005 3657 propter
1023 3584 1293 3658 majorem
1321 3586 1620 3643 utilitatem
1649 3586 1877 3643 scilicet.

466 3696 492 3723 α
525 3673 705 3747 Major
727 3674 877 3731 enim
905 3682 990 3731 est
1004 3676 1097 3747 qui
1126 3675 1437 3748 prophetat,
1469 3692 1636 3749 quam
1667 3677 1760 3749 qui
1794 3676 1991 3748 linguis

391 3765 656 3837 loquitur,
687 3765 789 3821 nisi
815 3766 982 3821 etiam
1011 3765 1415 3837 interpretetur,
1464 3775 1525 3821 ut
1570 3767 1813 3823 Ecclesia
1861 3768 1993 3823 mdi-

393 3854 707 3911 ﬁcationem
755 3856 1004 3928 accipiat.
1042 3879 1067 3903 υ
1108 3856 1312 3927 Major,
1355 3855 1557 3929 inquit,
1588 3864 1671 3911 est
1698 3856 1990 3929 propheta,

395 3958 589 4001 verum
617 3960 684 4001 eo
710 3946 803 4017 qui
830 3954 1049 4001 tantum
1079 3944 1277 4017 linguis
1306 3946 1571 4017 loquitur,
1602 3961 1704 4002 nec
1724 3948 1992 4018 interpre-

395 4034 498 4091 tari
526 4035 699 4091 novit.
735 4036 881 4090 Nam
918 4034 968 4090 si
1008 4035 1164 4090 novit
1203 4034 1590 4106 interpretari,
1631 4036 1858 4108 aequalis
1913 4045 1995 4093 est

398 4123 681 4195 propheta:
736 4123 781 4178 is
831 4124 925 4194 qui
976 4122 1180 4194 linguis
1239 4123 1502 4195 loquitur.
1540 4124 1794 4181 Aidiﬁcat
1842 4125 1994 4181 enim

402 4212 727 4279 Eoclesiam,
757 4212 892 4267 dum
935 4211 1322 4283 interpretatur
1350 4227 1475 4285 quae
1518 4214 1752 4270 obscure
1804 4215 1859 4269 in
1895 4215 1995 4269 lin-

2097 1904 2287 1958 ματος,
2316 1879 2410 1938 καὶ
2455 1877 2875 1960 ὠφελιμωτέρα,
2930 1875 3051 1945 τοὺς
3091 1877 3442 1956 ἀστηρίκτους
3492 1875 3695 1934 οἰκοδο-

2098 1976 2301 2047 μοῦσα,
2331 1966 2452 2036 τοὺς
2484 1966 2874 2050 ῥᾳθυμοτέρους
2923 1967 3316 2045 παρακαλοῦσα
3359 1964 3452 2024 καὶ
3499 1964 3697 2041 διεγεί-

2098 2081 2292 2139 ρουσα,
2325 2056 2443 2125 τοὺς
2484 2057 2832 2139 ὀλιγοψύχους
2869 2055 3355 2135 παραμυθουμένη.
3396 2056 3691 2134 Πανταχοῦ

2096 2147 2269 2207 τοίνυν
2315 2149 2345 2206 6
2386 2149 2600 2214 Παῦλος
2647 2151 2817 2208 ἐκεῖνο
2865 2143 3070 2205 τίθεται
3120 2147 3334 2222 μεῖζον,
3384 2142 3446 2204 τὸ
3485 2143 3689 2225 ὠφελι-

2100 2259 2361 2316 μωτερον.

2179 2443 2203 2467 ι
2235 2414 2303 2475 Ὁ
2331 2416 2511 2474 λαλῶν
2543 2415 2761 2496 γλώσσῃ
2815 2412 2997 2473 ἑαυτὸν
3046 2412 3311 2490 οἰκοδομεῖ
3333 2435 3346 2449 ’
3391 2415 3420 2472 6
3470 2409 3525 2470 δὲ
3561 2433 3697 2492 προ-

2099 2503 2340 2586 φητεύων
2394 2503 2729 2576 Ἐκκλησίαν
2766 2504 3053 2581 οἰκοδομεῖ.
3103 2526 3134 2559 ι
3170 2500 3374 2562 Πολλοὶ
3426 2499 3698 2580 γλώσσαις

2097 2596 2379 2661 λαλοῦντες
2420 2596 2516 2653 οὐκ
2551 2591 2737 2673 ἴσχυον
2778 2592 2871 2651 καὶ
2903 2592 3098 2672 ἑτέροις
3145 2594 3469 2672 ἑρμηνεῦσαι
3503 2590 3539 2649 ἃ
3578 2590 3698 2648 ἔλε-

2099 2707 2189 2764 γον
2211 2683 2289 2745 ”.
2317 2675 2484 2745 Οὗτοι
2532 2682 2705 2742 τοίνυν
2754 2680 2972 2749 ἑαυτοὺς
3024 2682 3210 2759 μόνους
3243 2680 3501 2760 ὠφέλουν.
3542 2679 3613 2739 Ὁ
3645 2678 3701 2739 δὲ

2100 2772 2448 2855 προφητεύων
2510 2773 2714 2839 πάντας
2756 2769 2875 2839 τοὺς
2922 2772 3207 2837 ἀκούοντας
3255 2769 3467 2851 ὠφέλει.
3524 2768 3701 2831 Ὅσον

2102 2854 2191 2923 οὖν
2222 2854 2295 2923 τὸ
2326 2863 2488 2941 μέσον
2524 2866 2617 2922 τοῦ
2670 2861 2763 2921 ἕνα
2805 2862 3158 2943 ὠφελεῖσθαι,
3192 2860 3283 2919 καὶ
3330 2864 3424 2920 τοῦ
3456 2858 3701 2932 Ἐκκλη-

2102 2952 2254 3025 σίαν,
2291 2957 2541 3012 τοσοῦτον
2572 2951 2633 3011 τὸ
2665 2950 2826 3029 μέσον
2873 2954 2979 3010 τῶν
3007 2952 3267 3030 γλωσσῶν
3300 2949 3391 3009 καὶ
3419 2952 3514 3023 τῆς
3561 2973 3700 3031 προ-

2142 3044 2343 3116 ητείας.

2103 3067 2409 3192 φηῖεέἒλω
2453 3130 2507 3190 δὲ
2536 3130 2743 3199 πάντας
2774 3134 2913 3209 ὑμᾶς
2942 3128 3213 3209 γλώσσαις
3243 3131 3429 3190 λαλεῖν
3452 3151 3466 3166 °
3498 3131 3702 3207 μᾶλλον

2100 3222 2179 3295 δὲ,
2213 3219 2311 3279 ἵνα
2340 3221 2733 3303 προφητεύητε.
2771 3248 2795 3272 ιι
2840 3219 3069 3292 Ἐπειδὴ
3103 3218 3234 3300 παρ’
3274 3220 3449 3285 αὐτοῖς
3478 3219 3703 3279 ἐλάλουν

2099 3310 2369 3390 γλώσσαις
2418 3310 2636 3383 πολλοὶ,
2662 3309 2750 3368 ἵνα
2800 3309 2876 3388 μὴ
2907 3308 3028 3389 δόξῃ
3080 3309 3167 3369 διὰ
3207 3308 3393 3390 φθόνον
3430 3332 3702 3388 κατασμι-

2098 3400 2303 3481 κρύνειν
2332 3398 2426 3467 τὰς
2452 3398 2731 3479 γλώσσας,
2762 3422 2789 3457 α
2826 3397 3015 3473 Θέλω,
3046 3419 3076 3457 n
3114 3398 3273 3473 φησὶ,
3311 3422 3342 3455 ιι
3372 3400 3574 3465 πάντας
3600 3400 3700 3458 λα-

2099 3492 2241 3562 λεῖν,
2273 3512 2303 3547 n
2342 3491 2443 3569 οὐχ
2470 3488 2593 3564 ἕνα,
2633 3487 2669 3561 ἢ
2721 3488 2846 3549 δύο·
2897 3487 3036 3561 πλὴν
3069 3490 3310 3566 μᾶλλον,
3359 3487 3450 3547 ἵνα
3491 3511 3703 3570 προφη-

2098 3577 2289 3651 τεύητε
2309 3628 2321 3650 ,
2356 3578 2444 3637 διὰ
2471 3578 2532 3638 τὸ
2562 3577 3090 3659 πολυωφελέστερον.

2184 3696 2207 3721 α
2239 3668 2455 3738 Μείζων
2483 3668 2588 3749 γὰρ
2616 3674 2644 3730 6
2676 3668 3024 3750 προφητεύων
3076 3666 3111 3739 ἧ
3144 3671 3172 3725 6
3198 3668 3378 3727 λαλῶν
3408 3665 3702 3747 γλώσσαις,

2102 3758 2249 3826 ἐκτὸς
2288 3763 2333 3818 εἰ
2369 3756 2444 3835 μὴ
2473 3757 2838 3840 διερμηνεύει,
2870 3756 2958 3816 ἵνα
2996 3762 3031 3828 ἠ
3077 3757 3383 3829 Ἐκκλησία
3421 3758 3705 3835 οἰκοδομὴν

2100 3847 2271 3929 λάϐῃ.
2304 3874 2327 3900 ι
2359 3850 2607 3923 Μείζων,
2650 3849 2841 3929 φησὶν,
2877 3850 2906 3905 6
2935 3847 3211 3928 προφήτης
3227 3845 3316 3886 ³³·
3347 3846 3467 3906 ἀλλ’
3503 3848 3705 3907 ἐκείνου

2102 3943 2197 3997 τοῦ
2230 3935 2389 4013 μόνον
2441 3938 2711 4015 γλώσσαις
2752 3939 3070 4019 λαλοῦντος,
3124 3936 3197 4013 μὴ
3231 3937 3453 4019 εἰδότοςῄ
3475 3936 3528 3998 δὲ
3572 3938 3709 4019 διερ-

2105 4027 2373 4107 μηνεύειν.
2408 4014 2564 4088 Ἐπεὶ
2610 4025 2701 4087 ἐὰν
2732 4018 2841 4086 οἶδε
2888 4028 2981 4085 καὶ
3018 4014 3542 4107 διερμηνεύειν,ἰσός
3591 4014 3708 4085 ἐστι

2104 4122 2181 4197 τῷ
2227 4114 2474 4197 προφήτῃ
2516 4120 2544 4176 6
2583 4115 2853 4195 γλώσσαις
2893 4118 3096 4179 λαλῶν.
3132 4117 3423 4191 Οἰκοδομεῖ
3469 4113 3574 4195 γὰρ
3602 4115 3705 4187 τὴν

2106 4206 2443 4279 Ἐκκλησῖαν
2516 4205 2604 4266 διὰ
2690 4211 2787 4266 τοῦ
2847 4205 3153 4287 ἑρμηνεύειν
3212 4204 3280 4265 τὰ
3354 4206 3575 4285 ἀσαφῶς
3652 4208 3707 4266 ἐν

398 4314 508 4373 gua
529 4294 826 4356 dicuntur.
873 4303 1097 4356 Donum
1145 4301 1312 4357 etiam
1340 4309 1459 4358 erat
1485 4302 1895 4374 interpretatio,
1946 4311 1993 4359 el

2109 4296 2326 4392 γλώσσῃ
2373 4296 2661 4374 λεγόμενα.
2707 4295 2970 4392 Χάρισμα
3002 4296 3058 4355 δὲ
3105 4287 3169 4392 iv
3210 4295 3301 4354 καὶ
3430 4294 3708 4392 ἑρμηνεία,

399 4389 519 4447 aliis
544 4389 768 4462 quidem
796 4390 1054 4459 dabatur,
1102 4390 1197 4463 qui
1223 4390 1424 4465 linguis
1463 4392 1847 4465 loquebantur,
1880 4392 1993 4450 aliis

2111 4384 2203 4445 καὶ
2271 4386 2449 4453 ἄλλοις
2494 4387 2590 4463 μὲν
2639 4386 2840 4445 ἐδίδοτο
2891 4388 2996 4444 τῶν
3058 4383 3328 4465 γλώσσαις
3369 4384 3703 4460 λαλούντων,

400 4494 530 4536 vero
553 4495 665 4535 non
698 4478 954 4537 dabatur.

470 4571 652 4627 Vsus.
703 4576 756 4627 6.
806 4594 831 4621 α
867 4574 1027 4629 Nunc
1052 4579 1263 4639 autem,
1317 4570 1539 4639 fratres,
1597 4572 1642 4628 si
1696 4588 1899 4629 venero
1929 4573 1999 4630 ad

400 4674 499 4717 vos
526 4660 725 4733 linguis
758 4661 1014 4733 loquens,
1059 4661 1191 4735 quid
1219 4661 1374 4718 vobis
1412 4660 1674 4734 prodero,
1702 4662 1807 4719 nisi
1839 4663 1998 4720 vobis

398 4748 592 4821 loquar
617 4749 673 4804 in
701 4749 1047 4821 revelatione,
1103 4760 1199 4806 aut
1247 4750 1497 4818 scientia,
1549 4759 1645 4808 aut
1693 4752 1997 4824 prophetia,

399 4846 495 4893 aut
523 4837 817 4893 doctrina?
847 4858 875 4893 ιο
932 4839 1119 4895 Vultis
1163 4840 1303 4896 scire
1330 4840 1748 4899 incommodum
1788 4842 2000 4915 lingua-

402 4941 530 4983 rum
561 4940 685 4999 quaa
708 4942 818 4982 non
851 4933 1243 5000 exponuntur?
1272 4933 1405 4987 Esto
1453 4930 1604 5003 quod
1649 4946 1752 5004 ego
1801 4931 2002 4987 Paulus

404 5016 600 5073 doctor
627 5024 809 5073 vester
834 5017 1032 5090 loquor
1058 5018 1294 5091 linguis;
1325 5019 1421 5077 sed
1450 5018 1576 5077 inde
1618 5020 1689 5077 ad
1720 5019 2002 5077 auditores

400 5105 534 5161 nihil
591 5106 947 5163 emolumenti
1000 5109 1303 5179 proveniet,
1354 5108 1458 5165 nisi
1514 5109 1648 5182 quid
1695 5109 1887 5167 dixero
1945 5110 2000 5166 in

402 5196 754 5265 revelatione,
786 5197 892 5255 hoc
921 5205 1025 5266 est,
1075 5197 1547 5271 quemadmodum
1595 5208 2003 5256 consueverunt

405 5285 594 5343 dicere
632 5289 723 5360 qui
748 5288 1136 5346 revelationem
1170 5306 1203 5346 a
1227 5292 1338 5346 Deo
1361 5290 1536 5345 sortiti
1561 5298 1690 5347 sunt
1743 5308 1758 5347 :
1801 5305 1924 5364 quae
1948 5299 2003 5346 et

404 5375 520 5447 ipsa
540 5382 625 5432 est
651 5379 953 5449 prophetiae
989 5379 1222 5451 species,
1263 5395 1394 5435 cum
1448 5380 1641 5436 multis
1692 5382 2002 5438 astantibus

407 5466 672 5538 cujusque
708 5481 870 5525 sensa
895 5467 1177 5539 pateﬁant.
1241 5491 1267 5518 ιι
1299 5468 1398 5526 Vel
1429 5469 1775 5541 inscientia,
1810 5492 1838 5519 ι
1897 5469 2004 5525 hoc

2108 4474 2287 4544 ἄλλοις
2312 4477 2367 4534 δὲ
2398 4478 2493 4535 οὐκ
2522 4475 2744 4535 ἐδίδοτο.

2188 4593 2213 4617 σι
2257 4564 2391 4625 Νυνὶ
2432 4564 2507 4638 δὲ,
2547 4566 2781 4647 ἀδελφοὶ,
2811 4563 2902 4624 ἐὰν
2934 4564 3069 4623 ἔλθω
3101 4562 3233 4645 πρὸς
3272 4567 3411 4640 ὑμᾶς
3441 4562 3708 4643 γλώσσαις

2105 4656 2316 4732 λαλῶν,
2366 4653 2421 4713 τί
2465 4658 2604 4731 ὓμᾶς
2654 4652 2941 4735 ὠφελήσω,
2985 4654 3077 4714 ἐὰν
3113 4654 3189 4732 μὴ
3245 4654 3370 4729 ὑμῖν
3400 4652 3625 4725 λαλήσω
3656 4655 3711 4713 ἐν

2110 4746 2475 4825 ἀποκαλύψει,
2508 4744 2543 4814 ἢ
2577 4747 2629 4803 ἐν
2668 4744 2894 4824 γνώσει,
2930 4742 2966 4815 ἢ
3010 4745 3063 4801 ἐν
3092 4741 3423 4824 προφητείᾳ,
3458 4741 3493 4813 ἢ
3532 4744 3586 4801 ἐν
3630 4743 3713 4799 δι-

2108 4836 2283 4913 δαχῇ;
2320 4860 2343 4886 »
2370 4834 2569 4893 Θέλετε
2609 4837 2804 4911 γνῶναι
2832 4834 2892 4891 τὸ
2921 4830 3136 4913 ἀκερδὲς
3160 4835 3265 4891 τῶν
3299 4829 3713 4911 ἀνερμηνεύτων

2108 4925 2396 5000 γλωσσῶν;
2429 4920 2616 4982 Ἔστω
2646 4921 2751 5002 γὰρ
2802 4921 2881 4981 ὅτι
2922 4923 3031 5001 ἐγὼ
3080 4924 3295 4989 Παῦλος
3332 4926 3359 4980 6
3403 4921 3717 4988 διδάσκαλος

2110 5016 2257 5090 ὑμῶν
2302 5012 2596 5093 φθέγγομαι
2668 5013 2972 5090 γλώσσαις*
3036 5011 3157 5072 οὐδὲ
3232 5012 3399 5078 οὕτως
3458 5010 3609 5071 ἔσται
3666 5035 3718 5069 τι

2108 5101 2269 5161 πλέον
2301 5102 2405 5169 τοῖς
2436 5101 2745 5175 ἀκούουσιν,
2771 5102 2863 5160 ἐὰν
2894 5100 2970 5177 μή
2998 5125 3048 5159 τι
3084 5101 3220 5161 εῐπω
3248 5104 3301 5160 ἐν
3342 5100 3683 5181 ἀποκαλύψει
3703 5124 3717 5137 ·

2108 5191 2409 5265 τουτέστιν,
2457 5181 2543 5250 οἶα
2602 5194 2821 5251 εἰώθασι
2874 5191 3048 5272 λέγειν
3105 5194 3154 5251 οἱ
3205 5192 3594 5272 ἀποκαλύψεως
3658 5190 3718 5247 ἐκ

2110 5285 2251 5344 Θεοῦ
2292 5280 2569 5360 τυχόντες·
2612 5279 2642 5341 6
2670 5281 2763 5340 καὶ
2810 5270 2958 5339 αὖτὸί
2986 5270 3126 5347 εἶδος
3163 5270 3491 5362 προφητείας
3542 5277 3717 5352 ἐστὶν,

2112 5369 2237 5429 ὅταν
2280 5370 2578 5448 ἱσταμένων
2624 5372 2835 5431 πολλῶν
2886 5370 3340 5441 ἀποκαλύπτηται
3379 5369 3447 5429 τὰ
3494 5368 3718 5429 ἑκάστου

2109 5459 2375 5538 νοήματα.
2415 5486 2440 5515 α
2467 5460 2545 5521 Ἢ
2597 5462 2650 5519 ἕν
2696 5459 2892 5540 γνώσει
2922 5484 2985 5513 »ο
3019 5460 3321 5535 τουτέστιν,
3367 5449 3456 5520 οἶα
3508 5457 3708 5519 δύναν-

1804 5623 2004 5683 Variae
2046 5622 2345 5684 lectiones.

480 5708 523 5742 ²²
548 5708 779 5780 λέγουσιν
808 5724 863 5765 o.
938 5710 984 5744 ³³
1012 5710 1329 5782 προφητεύων
1360 5726 1435 5767 m.
