4110 6414
402 419 509 472 737

1265 416 1618 474 EXPOSITIO
1659 420 1726 475 IN
1765 420 1975 477 EPIST.
2019 422 2037 476 l
2076 422 2168 477 AD
2209 422 2364 478 COR.
2408 451 2478 463 —
2516 424 2667 478 CAP.
2711 425 2849 479 XIV.

3602 432 3707 486 738

397 565 489 600 ται
531 541 704 621 λέγειν
751 545 802 603 οἱ
857 544 1050 622 γνῶσιν
1099 541 1340 622 ἔχοντες,
1391 543 1484 603 καὶ
1538 545 1805 626 μυστήρια
1859 548 1999 607 Θεοῦ

2109 555 2192 603 est
2220 548 2396 620 qualia
2442 548 2622 604 dicere
2675 557 2906 620 possunt
2935 549 2972 604 ii
2995 551 3090 622 qui
3118 551 3401 608 scientiam
3438 551 3648 611 habent
3676 578 3700 604 υ

400 630 700 697 διαλύοντες
724 641 830 701 τοῖς
859 632 1164 694 ἀκούουσιν.
1204 661 1229 686 ι
1259 631 1338 695 Ἦ
1365 635 1419 692 ἐν
1445 635 1738 717 προφητείᾳ
1756 682 1772 711 ,
1804 658 1832 694 )›
1871 636 1998 697 ὅταν

397 723 490 782 καὶ
521 724 644 802 περὶ
690 727 794 784 τῶν
838 725 1240 805 παρελθόντων,
1282 723 1375 784 καὶ
1415 729 1519 786 τῶν
1546 725 1872 801 ἐνεστώτων,
1906 726 2000 787 καὶ

395 815 502 870 τῶν
559 813 864 889 μελλόντων
918 812 1234 892 διαλέγηταί
1274 838 1376 883 τις.
1421 814 1858 897 Καθολικώτερον
1895 816 1998 897 γὰρ

395 906 432 974 ἡ
483 904 782 985 προφητεία
835 902 933 976 ﬂ"
988 904 1340 986 ἀποκάλυψις.
1397 927 1427 962 α
1461 903 1539 966 Ἢ
1596 907 1648 966 ἐν
1703 909 1934 987 διδαχῇ·
1974 933 1999 961 ι

393 993 702 1068 τουτέστιν,
752 998 805 1054 ἐν
855 993 980 1052 εἴδει
1023 994 1400 1054 διδασκαλικοῦ
1451 995 1646 1074 λόγου,
1694 995 1822 1055 ὅταν
1872 996 1999 1077 περὶ

395 1081 621 1162 ἀρετῆς,
654 1082 780 1142 ὅταν
811 1082 934 1163 περὶ
966 1083 1248 1161 δογμάτων
1277 1085 1493 1162 γίνηται
1525 1089 1559 1156 ἡ
1599 1084 1844 1155 διάλεξις.
1888 1085 2000 1146 Καὶ

395 1174 430 1242 ἡ
463 1170 657 1252 διδαχή
689 1173 794 1253 γὰρ
842 1171 972 1252 πρὸς
1001 1172 1259 1253 ὠφέλειαν
1290 1176 1394 1233 τῶν
1434 1175 1732 1233 ἀκουόντων
1771 1174 1997 1252 γίνεται.

393 1261 553 1329 Τινὲς
584 1262 639 1323 δὲ
669 1263 763 1341 τὸ,
807 1283 837 1320 (ι
881 1262 978 1324 Ἐν
1012 1262 1352 1345 ἀποκαλύψει
1384 1287 1412 1323 ›)
1449 1264 1613 1331 οὕτως
1657 1265 1911 1339 ἐνόησαν,
1943 1265 2001 1324 τὸ

389 1349 638 1424 εὖληπτά
691 1377 808 1413 τινα
857 1352 950 1412 καὶ
997 1356 1142 1434 σαφῆ
1194 1354 1403 1432 λέγειν,
1454 1355 1546 1413 καὶ
1612 1356 1996 1432 ἀνακεκαλυμ-

395 1443 532 1519 μένα
557 1466 570 1480 ·
601 1441 694 1502 καὶ
722 1442 816 1517 τὸ,
853 1469 877 1497 ι
910 1442 1008 1504 Ἐν
1032 1442 1258 1523 γνώσει,
1297 1471 1321 1496 ι
1355 1443 1416 1503 τὸ
1440 1447 1605 1504 εἰπεῖν
1639 1445 1708 1506 τὰ
1733 1445 2001 1524 δυνάμενα

393 1537 724 1610 γνωσθῆναι.

483 1650 511 1676 σι
556 1621 751 1702 Ὅμως
776 1622 844 1683 τὰ
872 1622 1056 1706 ἄψυχα
1087 1625 1266 1706 φωνὴν
1295 1623 1528 1698 διδόντα,
1557 1625 1662 1685 εἴτε
1693 1626 1868 1700 αὐλὸς,
1894 1625 2000 1685 εἴτε

390 1712 587 1793 κιθάρα
605 1725 643 1791 ,‘l
669 1714 762 1772 ἐὰν
800 1713 1084 1785 διαστολὴν
1134 1723 1241 1782 τοῖς
1293 1714 1539 1796 φθόγγοις
1583 1714 1657 1793 μὴ
1690 1715 1846 1796 διδῷ,
1885 1721 2000 1784 πῶς

391 1803 758 1880 γνωσθήσεται
799 1803 861 1863 τὺ
907 1802 1258 1881 αὐλούμενον,
1300 1804 1336 1877 ἢ
1385 1805 1448 1864 τὸ
1490 1805 1924 1884 κιθαριζόμενον;
1976 1833 1999 1859 ι»

398 1893 511 1953 Καὶ
551 1893 602 1952 τί
650 1893 824 1973 λέγω,
873 1891 1061 1974 φησὶν,
1093 1890 1172 1952 ὅτι
1222 1893 1302 1974 ἐφ’
1348 1897 1504 1972 ἡμῶν
1551 1893 1767 1975 ἀκερδὲς
1816 1895 1911 1973 μὲν
1941 1894 2001 1955 τὸ

392 1981 624 2065 ἀσαφὲς,
672 1984 734 2044 τὸ
765 1985 820 2044 δὲ
852 1982 1016 2064 σαφὲς
1045 1983 1350 2063 ὠφέλιμοη
1386 1983 1497 2043 Καὶ
1536 1985 1638 2064 γὰρ
1672 1983 1765 2043 καὶ
1811 1987 1864 2044 ἐν
1893 1985 2000 2054 τοῖς

394 2072 620 2153 ἀψύχοις
666 2075 936 2154 ὀργάνοις,
991 2073 1084 2132 ἐὰν
1116 2073 1430 2147 διαστολὴν,
1475 2073 1754 2152 τουτέστι,
1783 2075 1992 2154 διάκρι-

392 2183 477 2220 σιν
507 2161 599 2221 καὶ
628 2164 918 2244 σαφήνειαν
950 2163 999 2221 οἳ
1028 2162 1267 2244 μφθόγγοι
1318 2161 1394 2240 μὴ
1425 2161 1628 2243 ἔχωσιν
1647 2209 1663 2237 ,
1696 2163 1836 2223 ἀλλὰ
1868 2187 1996 2244 συγ-

391 2250 666 2330 κεχυμένα
694 2251 763 2312 τὰ
810 2251 986 2311 πάντα
1019 2240 1178 2327 ὦσιν,
1207 2253 1268 2311 οὗ
1298 2252 1667 2330 γνωσθήσεται
1706 2253 1766 2313 τὸ
1797 2253 1996 2314 αὐλού-

395 2363 588 2416 μενον,
647 2341 769 2401 οὖδὲ
823 2340 1148 2424 ψυχαγωγία
1207 2340 1363 2402 ἔσται
1435 2344 1526 2402 καὶ
1583 2343 1874 2422 εὐφροσύνη
1936 2346 1995 2403 ἐκ

392 2453 582 2490 τουτου
589 2475 607 2491 ο

482 2545 509 2572 ι
561 2520 670 2580 Καὶ
711 2519 815 2600 γὰρ
869 2519 960 2580 ἐὰν
1008 2519 1205 2593 ἄδηλον
1260 2519 1441 2602 φωνὴν
1474 2519 1704 2601 σάλπιγξ
1754 2522 1864 2601 δῷ,
1917 2521 1996 2589 τίς

391 2610 865 2689 παρασκευάσεται
917 2613 990 2678 εἷς
1044 2609 1316 2691 πόλεμονς
1348 2639 1373 2662 ιι
1423 2612 1552 2670 Ἀπὸ
1592 2615 1700 2671 τῶν
1728 2615 1991 2691 περιττῶν

390 2698 483 2758 ἐπὶ
512 2698 579 2758 τὰ
613 2699 1001 2781 ἀναγκαιότερα
1045 2690 1206 2775 ἦλθε,
1241 2699 1334 2760 καὶ
1371 2699 1666 2781 σάλπιγγος
1696 2690 1990 2779 μέμνηται,

390 2787 487 2846 καί
537 2811 731 2871 φησιν,
781 2789 864 2849 ὅτι
914 2789 1006 2850 καὶ
1061 2789 1150 2849 ἐπὶ
1207 2789 1406 2863 ταύτης
1459 2791 1559 2849 εἶσὶ
1604 2789 1791 2872 ῥυθμοί
1833 2813 1992 2863 τινες,

389 2879 441 2937 οἱ
493 2877 591 2955 μὲν
632 2879 764 2961 πρὸς
808 2879 1041 2958 πόλεμον
1093 2880 1581 2959 παρασκευάζοντες
1609 2927 1622 2954 ,
1676 2881 1724 2939 οἱ
1778 2881 1832 2939 δὲ
1887 2879 1994 2938 ἀπὸ

389 2967 629 3045 πολέμου
669 2969 1114 3047 ἀνακαλούμενοι.
1147 2967 1284 3031 Ἐὰν
1325 2961 1414 3028 οῦν
1457 2971 1642 3051 ἀσαφῆ
1694 2969 1870 3051 φωνὴν
1916 2971 1989 3050 δῷ

390 3057 485 3116 καὶ
517 3059 745 3132 ἄδηλον,
777 3059 1148 3138 ἀπαράσκευοι
1177 3059 1390 3118 ἔσονται
1419 3061 1467 3119 ὃὶ
1510 3063 1865 3140 στρατιῶται,
1901 3059 1991 3120 καὶ

389 3145 445 3205 τί
471 3147 534 3208 τὸ
566 3145 752 3229 ὄφελος
775 3151 870 3220 τῆς
896 3150 1132 3231 ἀσαφοῦς
1153 3148 1320 3229 ἤχους
1336 3149 1419 3222 ²⁵ἱ

480 3259 514 3292 α
558 3236 718 3302 Οὕτω
747 3238 840 3296 καὶ
886 3241 1036 3316 ὑμεῖς
1063 3238 1151 3297 διὰ
1187 3243 1281 3310 τῆς
1318 3237 1564 3316 γλώσσης
1594 3237 1684 3297 ἐὰν
1730 3239 1805 3315 μὴ
1838 3239 1990 3311 εὔση-

2104 637 2349 710 adeoque
2386 639 2641 711 mysteria
2704 637 3049 696 auditoribus
3086 641 3376 712 explicant.
3430 665 3457 693 ι
3508 645 3609 701 Vel
3651 644 3708 701 in

2106 727 2426 800 prophetia,
2456 752 2482 777 υ
2517 727 2736 800 quando
2772 728 3051 801 quispiam
3093 730 3162 787 de
3189 731 3520 803 praeteritis,
3568 749 3703 806 prae-

2106 815 2354 872 sentibus
2381 820 2436 872 et
2465 815 2663 874 futuris
2692 817 2965 890 loquitur;
3002 817 3163 876 latius
3206 821 3353 876 enim
3383 828 3536 893 patet
3571 837 3698 894 pro-

2107 905 2289 977 phetia
2318 922 2482 978 quam
2507 907 2792 963 revelatio.
2821 930 2846 957 α
2869 908 2966 964 Vel
2994 908 3051 963 in
3078 908 3329 966 doctrina
3350 910 3389 977 ,ε
3406 932 3430 959 ι
3479 909 3584 966 hoc
3625 919 3709 967 est

2108 995 2162 1050 in
2199 995 2468 1052 sermonis
2519 994 2701 1052 forma
2751 997 2841 1068 qui
2890 997 3141 1060 instituit,
3185 1015 3314 1055 cum
3356 999 3425 1056 de
3475 1000 3701 1057 veritate

2107 1084 2192 1140 vel
2221 1085 2572 1157 dogmatibus
2617 1086 2922 1142 disseritur.
2953 1087 3214 1144 Doctrina
3250 1089 3399 1144 enim
3437 1088 3508 1145 ad
3539 1088 3704 1146 audi-

2106 1181 2294 1230 torum
2324 1174 2386 1230 fit
2404 1175 2790 1232 commodum.
2825 1177 3087 1233 Nonnulli
3107 1192 3255 1246 vero,
3278 1178 3429 1251 quod
3451 1179 3548 1243 ait,
3584 1197 3612 1232 α
3643 1182 3704 1234 In

2107 1263 2474 1333 revelatione,
2521 1288 2543 1313 ι
2582 1265 2658 1321 sic
2695 1265 3110 1333 intellexerunt,
3143 1265 3292 1338 quod
3337 1266 3531 1324 dicant
3571 1283 3698 1341 qua:

2108 1352 2264 1409 facile
2302 1354 2710 1426 intelligantur,
2739 1354 3138 1427 manifestaque
3169 1363 3225 1411 et
3252 1357 3542 1429 perspicua
3569 1357 3699 1413 sint.

2108 1444 2178 1497 Et
2203 1441 2359 1513 illud,
2392 1465 2417 1490 «ι
2443 1444 2507 1498 In
2535 1444 2782 1509 scientia,
2807 1468 2832 1493 ι»
2867 1445 3280 1518 intelligendum
3303 1454 3529 1518 putant,
3556 1446 3707 1520 quod

2108 1529 2299 1588 dicant
2352 1547 2477 1604 quae
2520 1533 2650 1590 sciri
2681 1535 3052 1607 cognoscique
3097 1544 3348 1607 possunt.

2181 1623 2357 1678 Vens.
2399 1628 2450 1677 7.
2484 1646 2507 1672 α
2543 1625 2748 1679 Tamen
2784 1624 3085 1681 inanimata
3112 1641 3308 1682 vocem
3335 1626 3524 1684 dantia
3546 1668 3560 1695 ,
3591 1627 3706 1684 sive

2109 1710 2272 1778 tibia,
2313 1711 2422 1767 sive
2453 1711 2692 1781 cithara,
2743 1713 2792 1769 si
2837 1713 3242 1772 distinctionem
3286 1731 3401 1772 non
3452 1715 3709 1772 dederint

2113 1815 2272 1868 sono,
2307 1800 2586 1872 quomodo
2630 1811 2994 1874 cognoscetur
3019 1803 3174 1875 quod
3227 1804 3306 1860 vel
3337 1804 3471 1862 tibia
3511 1807 3592 1861 vel
3624 1807 3705 1860 ci-

2036 1874 2084 1937 B
2113 1890 2269 1947 thara
2307 1890 2523 1947 canitur
2547 1896 2570 1949 ?
2599 1915 2623 1940 ιι
2653 1893 2798 1961 Quid
2826 1901 3011 1949 autem
3036 1874 3189 1963 dico,
3237 1895 3433 1966 inquit,
3469 1895 3618 1966 quod
3652 1897 3704 1952 in

2107 1979 2270 2036 nobis
2299 1979 2497 2037 inutile
2535 1991 2617 2037 est
2650 1982 2798 2054 quod
2845 1983 3141 2039 obscurum
3186 1993 3300 2052 est,
3343 1985 3692 2056 perspicuum

2106 2084 2236 2126 vero
2278 2078 2363 2126 est
2389 2070 2523 2126 utile
2562 2074 2584 2126 Ρ
2615 2074 2756 2127 Nam
2787 2081 2843 2128 et
2882 2073 2938 2128 in
2967 2073 3285 2130 inanimatis
3314 2075 3702 2131 instrumentis

2104 2160 2152 2216 si
2181 2160 2626 2231 distinctionem,
2680 2161 2787 2218 hoc
2832 2174 2914 2219 est
2953 2162 3343 2220 discretionem
3391 2172 3448 2220 et
3493 2165 3704 2237 perspi-

2105 2249 2366 2307 cuitatem
2409 2251 2531 2308 soni
2588 2267 2700 2308 non
2744 2251 3069 2322 habuerint,
3116 2253 3214 2311 sed
3270 2254 3457 2311 omnia
3502 2254 3708 2312 fuerint

2105 2339 2360 2407 confusa,
2390 2357 2505 2397 non
2533 2349 2856 2412 agnoscetur
2880 2341 3029 2415 quod
3074 2343 3205 2399 tibia
3237 2345 3579 2412 concinitur,
3617 2360 3708 2401 ne-

2104 2445 2212 2503 que
2241 2430 2554 2499 oblectatio,
2583 2447 2760 2503 neque
2792 2433 2983 2489 laetitia
3013 2431 3142 2489 inde
3182 2433 3487 2505 proveniet.

2173 2522 2348 2576 Vens.
2377 2525 2430 2576 8.
2467 2541 2496 2571 «
2526 2522 2747 2577 Etenim
2772 2521 2819 2577 si
2857 2521 2986 2577 tuba
3023 2537 3215 2578 vocem
3269 2523 3542 2580 incertam
3594 2523 3702 2580 de-

2102 2607 2261 2677 derit,
2294 2610 2418 2680 quis
2450 2610 2734 2682 parabitur
2760 2610 2830 2666 ad
2854 2610 3062 2667 bellum
3088 2615 3112 2668 Ρ
3145 2631 3174 2666 ι»
3206 2616 3257 2668 Α
3285 2613 3705 2684 supervacaneis

2104 2699 2176 2756 ad
2207 2699 2385 2772 magis
2425 2700 2732 2756 necessaria
2773 2700 2957 2767 venit,
2987 2701 3245 2774 tubaeque
3283 2702 3566 2774 meminit,
3613 2703 3703 2758 in-

2103 2789 2293 2862 quiens
2324 2805 2337 2842 :
2370 2791 2514 2846 Sunt
2550 2790 2610 2845 in
2637 2805 2699 2846 ea
2729 2789 3140 2848 modulationes
3161 2792 3445 2864 quaedam,
3471 2809 3704 2865 quarum

2101 2879 2219 2934 alite
2262 2878 2333 2935 ad
2379 2879 2582 2935 bellum
2631 2879 2970 2949 accendunt,
3002 2881 3120 2938 alia:
3166 2897 3197 2937 a
3236 2882 3377 2939 bello
3418 2891 3697 2939 revocant.

2103 2970 2274 3040 208
2302 2969 2464 3040 Quod
2494 2970 2538 3026 si
2561 2970 2855 3026 obscuram
2882 2979 2937 3027 et
2953 2971 3223 3028 incertam
3247 2988 3439 3029 vocem
3459 2971 3696 3037 dederit,

2101 3057 2357 3130 imparati
2408 3068 2574 3116 erunt
2601 3059 2826 3128 milites,
2864 3068 2920 3117 et
2966 3076 3090 3134 qua:
3139 3061 3362 3119 tandem
3405 3062 3600 3120 incerti
3645 3071 3700 3120 et

2105 3147 2323 3204 obscuri
2344 3149 2462 3206 soni
2491 3157 2576 3205 est
2618 3150 2828 3206 utilitas
2858 3152 2883 3206 ἓ

2172 3240 2350 3295 VBBS.
2381 3245 2436 3295 9.
2472 3262 2498 3288 ι
2525 3241 2604 3296 Ita
2625 3248 2683 3296 et
2709 3256 2806 3297 vos
2828 3255 2924 3312 per
2945 3240 3189 3314 linguam
3212 3242 3314 3299 nisi
3332 3242 3694 3301 manifestum

395 3348 494 3401 μον
546 3327 700 3405 λόγον
750 3330 886 3385 δῶτε
905 3309 932 3403 ,⁷
956 3330 1067 3394 πῶς
1114 3309 1486 3406 γνωσθήσεται
1527 3309 1589 3388 τὸ
1628 3309 1988 3405 λαλούμενον,

2100 3341 2416 3384 sermonem
2446 3327 2726 3398 dederitis,
2759 3309 3052 3401 quomodo
3071 3332 3275 3389 scietur
3304 3332 3360 3389 id
3383 3333 3530 3405 quod
3559 3333 3700 3390 dici-

390 3413 620 3477 Ἕσεσθε
643 3415 750 3497 γὰρ
780 3419 854 3484 εἰς
883 3417 1015 3496 ἀέρα
1059 3415 1364 3484 λαλοῦντες.
1406 3439 1434 3474 ta
1464 3413 1588 3477 Ἵνα
1638 3417 1713 3495 μὴ
1763 3417 1989 3477 εἴπωσι·

395 3505 508 3566 Kal
535 3504 586 3564 τί
618 3505 747 3583 πρὸς
774 3509 920 3583 ἡμᾶς
960 3507 1023 3566 τὸ
1055 3512 1146 3566 τοῦ
1179 3509 1344 3566 αὐλοῦ
1387 3507 1734 3588 παράδειγμα
1777 3508 1869 3567 καὶ
1898 3511 1994 3580 τῆς

392 3596 712 3675 σάλπιγγος
746 3595 927 3676 φησὶν,
961 3594 1040 3654 ὅτι
1074 3595 1186 3657 Καὶ
1214 3599 1364 3675 ὑμεῖς
1395 3595 1486 3656 ἐὰν
1519 3599 1592 3673 μὴ
1627 3595 1714 3654 διὰ
1765 3603 1857 3657 τοῦ
1889 3621 1991 3678 χα-

389 3685 648 3765 ρίσματος
699 3686 861 3744 αὐτοῦ
914 3685 1070 3758 [καὶ]
1113 3691 1206 3758 τῆς
1249 3686 1498 3765 γλώσσης
1546 3685 1782 3764 εὔσημον
1833 3685 1990 3765 λόγον

390 3774 510 3848 ⁴ἦτοι
569 3779 716 3856 σαφῆ
769 3776 941 3849 δῶτε,
995 3778 1113 3847 εἰκῆ
1164 3776 1256 3835 καὶ
1306 3776 1481 3855 μάτην
1531 3775 1740 3856 λέγετε,
1789 3776 1993 3844 οὐδενὸς

392 3863 694 3931 ἀκούοντος.
721 3864 804 3927 Τὸ
831 3863 935 3947 γὰρ
960 3875 1066 3925 πᾶν
1091 3865 1247 3925 τοῦτό
1275 3868 1416 3926 ἐστιν
1433 3911 1450 3939 ,
1470 3863 1559 3924 ἵνα
1586 3857 1908 3946 ἐπωφελὲςῇ
1931 3867 1993 3928 τὸ

391 3955 661 4035 χάρισμα.
699 3955 812 4016 Καὶ
840 3958 887 4014 εἷ
917 3955 1182 4037 ἀνωφελὲς
1217 3947 1283 4029 ἧν
1323 3956 1382 4015 τὸ
1424 3959 1528 4015 τῶν
1576 3958 1836 4036 γλωσσῶν
1879 3957 1988 4036 χά-

393 4067 590 4123 ρισμα,
632 4044 770 4113 τίνος
820 4043 997 4105 ἕνεκεν
1051 4045 1282 4120 ἐδίδοτο;
1330 4042 1418 4106 ἵνα
1469 4047 1746 4127 ὠφελῆται
1798 4045 1994 4113 ἐκεῖνος

392 4135 549 4211 μόνος
585 4140 613 4195 ὁ
639 4132 842 4216 Δλαϐὼν
878 4135 1036 4209 uinci;
1093 4137 1162 4197 Εἰ
1193 4133 1248 4194 δὲ
1279 4135 1370 4194 καὶ
1400 4137 1597 4216 ἑτέροις
1631 4137 1858 4212 ἔμελλεν
1898 4139 1996 4196 ἐπ-

387 4224 588 4306 ωφελὲς
617 4214 770 4298 εἶναι,
797 4222 1019 4305 ὤφειλεν
1047 4224 1084 4296 ἢ
1122 4227 1382 4285 αἰτεῖσθαι
1432 4214 1520 4285 τὸν
1573 4224 1733 4299 Θεὸν,
1766 4226 1866 4285 καὶ
1896 4223 1992 4298 τὴν

393 4315 675 4393 ἑρμηνείαν
705 4314 1000 4391 λαμϐάνειν
1030 4313 1117 4374 διὰ
1164 4314 1280 4395 βίου
1309 4313 1730 4397 κεκαθαρμένου,
1763 4313 1798 4386 ἢ
1845 4317 1994 4397 ἄλλῳ

393 4402 858 4484 προσέρχεσθαι²⁶
897 4407 972 4484 τῷ
1022 4403 1299 4486 δυναμένῳ
1347 4405 1676 4484 ἑρμηνεύειν.
1733 4405 1842 4464 Καὶ
1891 4404 1994 4486 γὰρ

392 4493 484 4550 καὶ
514 4495 542 4550 ὁ
576 4495 790 4560 Παῦλος
817 4491 1004 4552 τούτου
1041 4492 1200 4553 ἕνεκα
1227 4493 1394 4553 ταῦτά
1427 4517 1617 4575 φησιν,
1638 4491 1725 4552 ἵνα
1758 4498 1990 4572 συγκολ-

2099 3417 2242 3472 tur?
2270 3417 2443 3473 Eritis
2464 3419 2613 3473 enim
2659 3419 2718 3474 in
2757 3433 2886 3474 aera
2931 3420 3241 3492 loquentes.
3293 3445 3320 3471 ιι
3361 3424 3445 3478 Ne
3488 3422 3692 3492 dicant,

2097 3505 2244 3577 Quid
2284 3506 2353 3563 ad
2398 3522 2501 3562 nos
2553 3507 2702 3564 tibiae
2731 3509 2987 3579 tubaeque
3016 3511 3377 3582 exemplum?
3401 3513 3542 3584 Quia
3571 3528 3666 3569 vos
3685 3555 3700 3581 ,

2099 3595 2296 3666 inquit,
2328 3595 2437 3651 nisi
2485 3611 2583 3666 per
2630 3598 2812 3668 ipsum
2841 3598 3054 3655 donum
3097 3597 3410 3672 linguarum
3441 3601 3599 3672 plana
3647 3609 3702 3657 et

2100 3685 2381 3756 perspicua
2410 3685 2572 3741 verba
2596 3685 2908 3756 edideritis,
2937 3696 3152 3746 temere
3179 3698 3237 3745 et
3283 3688 3486 3746 frustra
3517 3691 3698 3763 loqui-

2099 3773 2265 3841 mini,
2311 3775 2535 3830 nemine
2573 3775 2842 3832 audiente.
2878 3778 3012 3832 Haac
3041 3777 3188 3834 enim
3226 3789 3308 3834 est
3350 3794 3588 3847 summa,
3636 3789 3699 3836 ut

2097 3862 2366 3920 charisma
2393 3864 2466 3918 sit
2518 3863 2674 3921 utile.
2718 3865 2775 3920 Si
2828 3881 2956 3922 vero
3007 3866 3199 3924 inutile
3225 3875 3341 3923 erat
3385 3867 3696 3939 linguarum

2099 3949 2332 4021 donum,
2367 3969 2466 4009 cur
2492 3953 2728 4010 dabatur
2753 3957 2776 4010 Ρ
2801 3957 2948 4011 Num
2977 3963 3040 4012 ut
3081 3956 3170 4011 ille
3211 3957 3362 4013 solus
3395 3957 3694 4014 utilitatem

2098 4042 2379 4114 percipiat,
2411 4044 2508 4116 qui
2548 4043 2680 4101 illud
2715 4046 2990 4117 acceperit
3018 4050 3041 4103 Ρ
3071 4045 3236 4116 Quod
3260 4046 3306 4102 si
3325 4047 3446 4103 aliis
3474 4062 3699 4120 quoque

2099 4131 2348 4188 futurum
2396 4141 2544 4190 esset
2585 4133 2741 4204 utile,
2771 4135 3018 4207 oportuit
3049 4137 3134 4191 vel
3164 4151 3357 4209 rogare
3385 4140 3564 4194 Deum
3585 4179 3602 4207 ,
3637 4147 3702 4194 ut

2099 4221 2605 4293 interpretationem
2643 4240 2740 4296 per
2779 4225 2954 4281 vitam
2979 4241 3012 4282 a
3041 4226 3188 4282 vitiis
3228 4235 3520 4300 purgatam
3561 4229 3702 4285 acci-

2101 4313 2233 4386 piat,
2273 4312 2354 4368 vel
2381 4313 2448 4370 ad
2489 4314 2660 4370 alium
2701 4315 3044 4388 quempiam,
3075 4317 3164 4372 cui
3192 4316 3590 4390 interpretandi
3621 4317 3704 4375 fa-

2100 4404 2276 4459 cultas
2303 4411 2408 4471 est,
2448 4403 2724 4460 accedere.
2767 4405 2942 4462 Divus
2966 4405 3117 4462 enim
3160 4407 3362 4463 Paulus
3410 4407 3535 4465 ideo
3582 4408 3700 4466 haec

2100 4491 2254 4561 dicit,
2281 4502 2347 4548 ut
2369 4508 2464 4549 eos
2486 4493 2629 4550 inter
2657 4509 2714 4550 se
2741 4503 2938 4551 mutuo
2968 4495 3291 4568 conjungat,
3322 4505 3378 4551 et
3407 4513 3479 4554 ne
3506 4498 3704 4554 existi-

391 4579 532 4661 λήσῃ
549 4581 602 4619 ²⁷
633 4582 824 4649 αὐτοὺς
867 4581 1146 4661 ἀλλήλοις,
1183 4582 1275 4641 καὶ
1324 4582 1400 4660 μὴ
1430 4562 1645 4642 δίωντάι
1676 4562 1988 4642 αὐτοὶ-ἑαυ-

2101 4590 2256 4639 ment
2275 4582 2424 4654 ipsos
2449 4582 2552 4639 sibi
2579 4583 2713 4656 ipsis
2731 4583 2984 4640 sufﬁcere
3000 4627 3014 4653 ,
3043 4562 3138 4640 sed
3157 4562 3446 4640 assumant
3472 4601 3569 4642 eos
3605 4589 3703 4658 qui

391 4660 515 4737 τοῖς
549 4671 829 4750 αὗτάρκεις
893 4660 1062 4748 εἶναι,
1110 4671 1252 4733 ἀλλὰ
1300 4671 1826 4754 προσλαμϐάνωνται
1872 4671 1991 4741 τοὺς

390 4761 486 4818 καὶ
533 4762 858 4841 ἑρμηνεῦσαι
908 4759 1263 4840 δυναμένους·
1309 4763 1432 4822 τότε
1479 4763 1580 4842 γὰρ
1612 4760 1748 4845 [καὶ]
1798 4762 1991 4844 ὠφελι-

393 4847 630 4929 μώτερον
667 4850 729 4910 τὸ
755 4851 1023 4932 χάρισμα.

482 4964 508 4992 α
553 4941 841 5018 Τοσαῦτα,
871 4943 916 5000 εἰ
948 4939 1132 5021 τύχοι,
1162 4940 1290 5018 γένη
1316 4944 1502 5023 φωνῶν
1528 4945 1658 5001 εἰσιν
1691 4942 1744 5000 ἐν
1772 4942 1990 5025 κόσμῳ,

390 5026 481 5087 καὶ
529 5029 678 5089 οὐδὲν
710 5034 882 5112 αὐτῶν
917 5032 1146 5112 ἄφωνον.
1178 5052 1208 5090 ι)
1254 5030 1542 5106 Τουτέστι,
1572 5036 1830 5091 τοσαῦται
1872 5055 1985 5105 φω-

389 5117 478 5177 ναὶ
528 5117 717 5200 ἔτυχον
764 5109 900 5179 εἶναι
949 5109 1000 5180 ἓν
1061 5124 1138 5201 τῷ
1188 5119 1417 5202 κόσμῳ,
1462 5123 1724 5194 Σκυθῶν,
1768 5120 1987 5194 Ἰνδῶν,

389 5209 660 5290 θρᾳιιῶν,
693 5209 785 5270 καὶ
833 5210 1008 5269 ἄλλων
1058 5212 1246 5284 ἐθνῶν,
1294 5211 1386 5270 καὶ
1431 5219 1606 5271 πᾶσαι
1654 5214 1710 5271 αἱ
1758 5213 1918 5294 φυλαὶ
1938 5211 1989 5249 ³⁸

387 5295 606 5377 λέγουσί
631 5323 720 5360 τι·
749 5299 870 5361 οὐδὲ
900 5301 1000 5384 γάρ
1032 5302 1164 5362 εἰσιν
1198 5299 1416 5383 ἄφωνοι.

481 5501 510 5540 ιι
551 5479 684 5543 Ἐὰν
719 5482 796 5562 μὴ
829 5483 952 5543 εἰδῶ
978 5473 1068 5542 οῦν
1097 5481 1195 5556 τὴν
1232 5482 1454 5564 δύναμιν
1493 5486 1588 5556 τῆς
1627 5486 1834 5565 φωνῆς,
1862 5483 1985 5544 ἔσο-

2098 4670 2442 4744 interpretari
2471 4673 2707 4745 possint.
2753 4674 2899 4731 Tum
2928 4673 3080 4731 enim
3103 4673 3295 4731 utilius
3320 4673 3430 4732 erit
3459 4673 3696 4732 donum.

2173 4955 2355 5012 Vnus.
2395 4960 2484 5012 10.
2519 4978 2547 5006 α
2575 4957 2712 5013 Tam
2744 4957 2952 5027 multa,
2982 4957 3029 5014 si
3059 4973 3146 5015 res
3169 4957 3338 5030 ferat,
3368 4975 3566 5034 genera
3607 4977 3700 5018 vo-

2097 5060 2228 5102 cum
2248 5052 2379 5101 sunt
2401 5044 2462 5102 in
2485 5045 2719 5114 mundo,
2743 5051 2800 5103 et
2820 5046 2958 5102 nihil
2981 5047 3232 5120 ipsorum
3250 5049 3370 5105 sine
3390 5066 3518 5107 voce
3537 5059 3640 5106 est.
3670 5076 3694 5100 ι

2097 5134 2221 5190 Hoc
2248 5141 2352 5202 est,
2382 5141 2466 5190 tot
2505 5149 2626 5192 esse
2655 5151 2818 5192 voces
2865 5136 2924 5190 in
2965 5137 3176 5193 mundo
3203 5136 3494 5209 contingit,
3542 5139 3704 5195 nimi-

2097 5239 2226 5280 rum
2265 5224 2616 5296 Scytharum,
2665 5224 2959 5292 Indorum,
3001 5225 3301 5294 Thracum,
3357 5227 3701 5302 aliarumque

2098 5313 2366 5387 gentium,
2415 5329 2721 5387 omnesque
2772 5315 2954 5388 populi
2995 5314 3198 5388 aliquid
3237 5315 3465 5387 dicunt;
3519 5333 3702 5393 neque

2099 5402 2248 5460 enim
2276 5409 2406 5459 sunt
2431 5403 2596 5461 muti.

2168 5493 2339 5550 Vnas.
2369 5499 2455 5550 ιι.
2499 5516 2527 5545 α
2560 5494 2618 5558 Si
2654 5509 2786 5569 ergo
2822 5495 3068 5554 nesciero
3096 5495 3354 5554 virtutem
3393 5499 3564 5570 vocis,
3603 5516 3700 5558 ero

1791 5573 1984 5634 Variae
2028 5574 2330 5634 lectiones.

461 5669 505 5702 “
547 5670 632 5724 καὶ
679 5669 711 5738 ἡ
751 5687 808 5729 o.
885 5671 932 5707 ’5
964 5671 1151 5735 Ἴσως
1215 5670 1408 5744 ἠχοῦς,
1457 5673 1512 5740 ἢ,
1565 5676 1656 5727 τοῦ
1709 5671 1925 5746 ἀσαφοῦς
1980 5671 2112 5744 ἤχου
2151 5687 2205 5729 0.

390 5750 473 5802 ναί
511 5766 567 5808 o.

2318 5671 2364 5706 '°
2418 5673 2778 5744 προσεύχεσθαι
2825 5691 2878 5733 o.
2981 5675 3026 5710 ³⁷
3075 5676 3356 5752 συγκαλέσῃ
3381 5693 3437 5737 0.
3515 5679 3561 5715 ³³
3595 5699 3698 5735 οω-
