4110 6410
427 444 531 496 739

1451 435 1966 493 THEOPHYLACTI
2005 431 2364 488 BULGARLE
2400 429 2714 486 ARCHIEP.

3633 424 3739 478 74νο

423 563 673 638 loquenti
726 561 1004 619 Barbarus
1048 569 1148 618 :et
1190 561 1285 634 qui
1317 561 1578 632 loquitur,
1630 561 1768 618 mihi
1815 561 2016 617 Barba-

2133 582 2230 634 μαι
2273 559 2349 635 τῷ
2397 558 2646 614 λαλοῦντι
2695 552 3014 638 Βάρϐαρος,
3064 551 3155 611 καὶ
3188 555 3216 610 6
3263 551 3472 638 λαλῶν,
3514 550 3570 608 ἐν
3619 548 3740 626 ἐμοὶ

423 671 538 712 rus.
571 675 598 702 υ
629 652 685 710 Si
709 653 988 726 ignorem,
1016 651 1220 724 inquit,
1248 649 1358 706 vim
1387 651 1555 720 vocis,
1578 652 1857 708 Barbarus
1881 649 2019 705 mihi

419 743 692 801 videbitur
744 742 838 816 qui
889 741 1154 813 loquitur,
1194 740 1300 797 hoc
1355 749 1438 796 est
1491 757 1608 797 non
1657 741 2021 812 intelligibilia

419 848 623 891 sonans
656 851 670 889 :
715 841 770 889 et
797 847 896 904 ego
933 831 1008 886 illi
1039 846 1230 887 rursus
1268 830 1548 888 Barbarus
1587 831 1874 897 censebor,
1908 845 2019 885 non

420 938 624 980 vocum
667 921 1007 980 sermonisve
1065 919 1233 990 vitio,
1281 921 1401 977 'sed
1441 928 1645 977 nostrae
1691 919 2020 993 ignorantiae

427 1027 615 1070 causa.

495 1120 675 1176 Vnus.
730 1123 814 1175 l2.
863 1139 890 1166 ι
933 1117 1022 1173 Sic
1051 1124 1109 1174 et
1158 1132 1276 1184 vos,
1321 1115 1447 1191 quia
1497 1117 1847 1174 aemulatores
1891 1117 2024 1175 estis

421 1207 736 1282 spirituum,
779 1205 853 1264 ad
889 1205 1318 1265 aediﬁcationem
1371 1206 1634 1264 Ecclesiae
1689 1207 1918 1280 quaerite
1961 1215 2022 1262 ut

421 1297 751 1356 exuberetis.
781 1319 810 1347 ν
837 1297 1103 1354 Nonnulli
1129 1296 1200 1353 ad
1223 1296 1342 1354 haec
1371 1297 1554 1366 verba,
1580 1320 1607 1347 α
1640 1298 1728 1354 Sic
1765 1306 1820 1354 et
1843 1312 1958 1365 vos,
1997 1319 2020 1345 υ

421 1398 693 1462 punctum
726 1385 977 1460 afﬁgunt,
1003 1396 1062 1444 et
1083 1386 1232 1442 hunc
1276 1386 1344 1443 ad
1390 1387 1625 1444 modum
1659 1387 2023 1459 interpretan-

421 1486 546 1535 tur:
575 1476 664 1534 Sic
690 1485 747 1534 et
770 1492 873 1534 vos
900 1475 1100 1550 linguis
1129 1476 1416 1548 loquentes
1451 1477 1658 1534 incerte
1687 1485 1741 1533 et
1767 1477 2020 1545 obscure,

421 1565 648 1624 Barbari
675 1566 938 1624 videmini
983 1565 1326 1623 auditoribus
1354 1589 1366 1623 :
1395 1565 1597 1624 deinde
1626 1565 1695 1623 ab
1741 1567 1847 1623 alio
1877 1566 2026 1640 prin-

423 1656 563 1729 cipio
587 1656 798 1730 legunt,
831 1678 860 1706 ιι
891 1655 1033 1726 Quia
1075 1657 1422 1713 aemulatores
1449 1657 1604 1713 estis.
1641 1679 1666 1706 ››
1695 1657 1867 1713 Divus
1890 1672 2022 1712 vero

422 1747 668 1803 Joannes
704 1745 1048 1818 conjunctim
1075 1745 1245 1819 legit:
1273 1769 1300 1796 α
1334 1749 1404 1803 Et
1430 1762 1528 1803 vos
1553 1747 1744 1819 igitur,
1775 1769 1801 1796 υ
1826 1746 2019 1819 inquit,

2137 646 2440 725 Βάρϐαρος.
2486 671 2510 697 ιι
2550 643 2679 705 Ἐὰν
2731 637 2818 703 οὖν
2875 641 2950 720 μὴ
2996 643 3193 721 διαγνῶ
3243 638 3342 712 τὴν
3385 637 3610 716 δύναμιν
3645 640 3742 709 τῆς

2135 740 2344 817 φωνῆς,
2401 733 2684 815 Βάρϐαρος
2741 732 2876 801 δόξει
2931 756 3021 808 μοι
3081 734 3110 789 6
3162 732 3374 806 λαλῶν,
3431 727 3740 800 τουτέστιν,

2136 826 2334 898 ἀνόητα
2392 823 2776 902 φθεγγόμενος·
2831 821 2985 900 κάγὼ
3040 820 3095 880 δὲ
3154 819 3340 899 ἐκείνῳ
3393 818 3617 896 ὁμοίωςσ
3678 819 3739 875 οὗ

2136 915 2222 975 διὰ
2262 915 2358 987 τὴν
2407 918 2514 972 τῶν
2558 915 2748 994 φωνῶν
2773 911 2993 990 κακίαν,
3026 909 3168 970 ἀλλὰ
3201 909 3289 970 διὰ
3327 907 3425 980 τὴν
3469 906 3738 987 ἡμετέραν

2136 1005 2350 1084 ἄγνοιαν
2363 1052 2376 1066 .

2219 1138 2247 1173 «
2295 1114 2454 1178 Οὕτω
2484 1113 2573 1173 καὶ
2605 1116 2778 1191 ὑμεῖς,
2819 1109 2935 1172 ἐπεὶ
2966 1109 3202 1182 ζηλωταί
3232 1112 3351 1170 ἐστε
3381 1107 3698 1184 πνευμάτων
3721 1153 3738 1181 ,

2135 1204 2264 1286 πρὸς
2301 1205 2398 1276 τὴν
2449 1201 2733 1280 οἰκοδομὴν
2765 1205 2858 1273 τῆς
2903 1198 3233 1270 Ἐκκλησίας
3279 1203 3485 1270 ζητεῖτε
3518 1197 3608 1257 ἵνα
3650 1221 3742 1257 πε-

2136 1296 2436 1375 ρισσεύητε.
2478 1318 2506 1352 ι
2542 1293 2696 1358 Τινὲς
2725 1293 2796 1359 εἷς
2827 1291 2923 1363 τὸ,
2966 1318 2990 1344 α
3032 1289 3196 1349 Οὕτω
3235 1288 3327 1348 καὶ
3356 1290 3524 1367 ὓμεῖς,
3554 1310 3582 1346 ››
3625 1286 3741 1346 στί-

2135 1389 2318 1464 ζουσι,
2352 1384 2442 1443 καὶ
2490 1382 2842 1462 ἑρμηνεύουσι
2895 1386 3081 1452 τοῦτο,
3117 1380 3197 1438 ὅτι
3238 1377 3398 1439 Οὕτω
3444 1378 3536 1437 καὶ
3590 1380 3741 1454 ὓμεῖς

2133 1475 2402 1556 γλώσσαις
2450 1475 2734 1538 λαλοῦντες
2781 1473 3024 1550 ἀσαφῶς,
3059 1468 3338 1548 Βάρϐαροι
3381 1470 3584 1528 δοκεῖτε
3632 1475 3741 1535 τοῖς

2135 1553 2411 1624 ἀκούουσιν
2433 1587 2444 1600 '
2479 1553 2594 1622 εἶτα
2626 1560 2725 1619 ἀπ’
2755 1561 2923 1633 ἄλλης
2972 1561 3143 1639 ἀρχῆς
3191 1557 3617 1636 ἀναγινώσκουσι
3645 1555 3736 1630 τὸ,

2141 1677 2172 1710 α
2217 1653 2378 1714 Ἐπεὶ
2422 1650 2657 1724 ζηλωταί
2701 1653 2843 1714 ἐστε.
2885 1671 2914 1708 n
2976 1646 3043 1710 Ὁ
3077 1647 3131 1707 δὲ
3177 1648 3437 1726 μακάριος
3483 1645 3740 1718 Ἰωάννης

2133 1745 2411 1811 συναπτῶς
2466 1741 2667 1819 ἀνέγνω
2695 1765 2706 1776 ·
2747 1739 2857 1799 Καὶ
2893 1741 3044 1815 ὑμεῖς
3076 1729 3196 1813 οὖν,
3241 1737 3429 1815 φησὶν,
3476 1735 3593 1796 ἐπεὶ
3642 1739 3738 1808 ζη-

429 1859 454 1884 ιι
480 1834 936 1908 quandoquidem
951 1835 1287 1892 aemulamini
1301 1835 1607 1908 spiritualia
1619 1836 1976 1904 charismata,
1993 1858 2016 1884 υ

2130 1835 2284 1891 λοῦτε
2335 1831 2401 1890 τὰ
2446 1829 2788 1906 πνευματικὰ
2837 1827 3188 1909 χαρίσματα,
3243 1826 3382 1884 Οέλω
3430 1823 3611 1904 κάγὼ,
3644 1822 3735 1881 καὶ

423 1924 547 1981 volo
584 1931 638 1981 et
663 1939 793 1997 ego,
819 1923 1070 1998 adeoque
1092 1925 1300 1998 recipio
1344 1926 1471 1992 hoc,
1509 1925 1732 1997 perinde
1767 1941 1834 1982 ac
1867 1925 2015 1996 prius

421 2013 533 2070 dixi
560 2031 574 2070 :
605 2016 1008 2071 Verumtanem
1032 2015 1264 2087 quaerite
1298 2022 1360 2070 ut
1401 2015 1712 2072 exuberetis
1749 2015 1818 2070 ad
1847 2013 2019 2070 aediﬁ-

419 2103 698 2160 cationem
757 2103 875 2158 sive
920 2101 1380 2159 commoditatem
1423 2103 1708 2161 Ecclesiae.
1779 2104 2020 2158 Tantum

419 2191 576 2248 enim
627 2191 783 2248 abest
817 2199 882 2246 ut
930 2206 1030 2248 vos
1079 2191 1404 2264 prohibeam
1445 2191 1644 2264 linguis
1670 2192 1843 2264 loqui,
1873 2199 1937 2246 ut
1966 2200 2022 2248 et

420 2279 703 2338 abundare
731 2295 830 2336 vos
856 2279 1040 2352 velim,
1073 2280 1244 2338 modo
1280 2281 1350 2338 ad
1379 2281 1657 2355 publicam
1685 2297 1780 2339 eas
1804 2281 2019 2340 utilita-

421 2379 542 2428 tem
569 2367 936 2427 transferatis.

490 2481 674 2538 Vnns.
707 2483 796 2536 13.
826 2499 854 2528 ι
885 2481 1182 2551 Propterea
1207 2479 1302 2552 qui
1351 2479 1538 2551 lingua
1588 2479 1857 2553 loquitur,
1898 2489 2020 2536 oret

419 2576 484 2626 ut
532 2567 948 2641 interpretetur.
1004 2591 1031 2619 ιο
1059 2567 1291 2626 Modum
1339 2570 1574 2643 explicat
1600 2586 1709 2643 quo
1763 2569 2019 2627 futurum

416 2666 501 2716 est
526 2666 591 2715 ut
615 2657 892 2716 charisma
921 2657 1062 2716 istuc
1105 2659 1164 2715 in
1193 2659 1474 2730 publicam
1513 2659 1810 2716 utilitatem
1835 2661 2016 2718 cedat.

421 2747 577 2815 Oret,
607 2745 808 2818 inquit,
845 2768 870 2794 α
893 2745 989 2818 qui
1015 2746 1201 2818 lingua
1228 2745 1492 2817 loquitur,
1529 2770 1555 2797 ιιι
1579 2755 1714 2804 utet
1747 2749 2018 2820 interpre-

416 2833 693 2891 tationem
720 2835 889 2906 209
931 2835 1178 2924 accipiat.
1215 2835 1451 2894 Proinde
1477 2837 1579 2908 ipsi
1606 2836 1709 2893 sibi
1760 2838 1819 2893 in
1855 2853 2020 2894 causa

420 2931 551 2981 sunt
574 2939 674 2980 cur
697 2938 813 2980 non
838 2921 1109 2996 accipiant
1131 2924 1666 2998 interpretationem,
1695 2934 1759 2983 ut
1782 2927 1876 3000 qui
1914 2927 2020 2984 hoc

418 3029 451 3069 a
480 3015 604 3070 Deo
628 3027 744 3070 non
789 3014 1091 3085 postulent.

488 3121 673 3180 Vnus.
708 3126 797 3176 14.
833 3143 859 3170 σι
889 3123 1035 3177 Nam
1065 3120 1110 3177 si
1138 3136 1292 3178 orem
1347 3123 1554 3196 lingua,
1607 3123 1834 3196 spiritus
1863 3141 2025 3184 meus

2131 1920 2466 2001 ἀποδέχομαι
2510 1926 2697 1994 τοῦτο,
2746 1921 2814 1983 ὡς
2858 1918 2950 1977 καὶ
2991 1919 3244 1996 προεῖπον
3273 1939 3284 1951 ·
3326 1913 3465 1986 πλὴν
3521 1917 3733 1986 ζητεῖτε

2125 2009 2213 2070 ἵνα
2249 2009 2598 2090 περισσεύητε
2642 2007 2769 2087 πρὸς
2808 2005 2905 2078 τὴν
2937 2003 3254 2083 οἰκοδομὴν,
3300 2003 3420 2076 ἤτοι
3470 2003 3732 2084 ὠφέλειαν

2131 2107 2224 2174 τ’ἤς
2283 2099 2634 2171 Ἐκκλησίας.
2698 2100 2963 2158 Τοσοῦτον
3029 2096 3131 2175 γὰρ
3188 2098 3328 2168 ὓμᾶς
3403 2095 3460 2151 οὐ
3519 2090 3735 2170 κωλύω,

2132 2190 2358 2271 [φησὶ,]
2387 2188 2653 2268 γλώσσαις
2681 2189 2862 2246 λαλεῖν
2882 2231 2899 2262 ,
2931 2183 3072 2244 ὥστε
3103 2184 3196 2243 καὶ
3232 2181 3561 2263 περισσεύειν
3595 2186 3733 2258 ὑμᾶς

2131 2279 2422 2360 βούλομαι,
2468 2278 2624 2357 μόνον
2675 2276 2737 2336 ἂν
2784 2275 2916 2357 πρὸς
2967 2275 3026 2334 τὸ
3071 2278 3218 2352 κοινῇ
3256 2273 3520 2354 συμφέρον
3576 2271 3738 2338 αὐτὸς

2131 2368 2599 2451 μεταχειρίζησοε.

2218 2501 2246 2536 τ
2295 2476 2494 2555 Διόπερ
2529 2480 2556 2534 6
2589 2476 2766 2534 λαλῶν
2797 2471 3016 2552 γλώσσῃ
3041 2469 3437 2555 προσευχέσθω
3467 2466 3554 2526 ἵνα
3599 2470 3737 2549 διερ-

2132 2565 2357 2647 μηνεύῃ.
2396 2594 2420 2618 ν
2451 2565 2664 2644 Τρόπον
2695 2563 2872 2642 λέγει,
2903 2563 2970 2620 δι’
3012 2553 3070 2620 οἷ
3099 2561 3157 2620 τὸ
3183 2562 3429 2641 χάρισμα
3462 2562 3620 2618 τοῦτο
3661 2561 3734 2626 εἷς

2130 2656 2388 2738 ὠφέλειαν
2440 2655 2591 2714 ἔσται
2634 2655 2868 2712 πολλῶν.
2929 2651 3318 2732 Προσευχέσθω
3363 2648 3496 2738 γὰρ,
3537 2647 3731 2738 φησὶχ,

2130 2752 2157 2806 6
2187 2729 2362 2806 λαλῶν
2409 2745 2629 2825 γλώσσῃ
2653 2791 2666 2815 ,
2699 2741 2787 2801 ἵνα
2822 2741 2912 2800 καὶ
2944 2729 3225 2822 ἑρμηνεῖαν
3257 2737 3422 2820 λάϐῃ.
3474 2732 3608 2818 Ἄρα
3644 2729 3734 2797 οῦν

2133 2835 2282 2896 αὐτοὶ
2333 2835 2494 2894 αἴτιοι
2535 2842 2625 2895 τοῦ
2656 2831 2731 2911 μὴ
2778 2830 3076 2909 λαμϐάνειν
3124 2830 3215 2890 καὶ
3268 2828 3362 2901 τὴν
3413 2826 3737 2908 ἑρμηνείαν,

2134 2927 2226 2986 ἅτε
2259 2925 2632 3004 μὴ.αἶτοῦντες
2661 2921 2808 3003 παρὰ
2837 2923 3003 2981 Θεοῦ.

2219 3145 2248 3181 α
2292 3121 2428 3182 Ἐὰν
2462 3121 2564 3202 γὰρ
2601 3119 2984 3201 προσεύχωμαι
3013 3115 3232 3196 γλώσσῃ
3253 3163 3266 3190 ,
3299 3113 3360 3172 1:6
3386 3115 3600 3202 nve’b’pj
3630 3138 3733 3189 μου

424 3219 566 3280 orat,
589 3226 750 3267 mens
769 3225 899 3266 vero
917 3225 1043 3266 mea
1066 3211 1184 3267 sine
1203 3210 1384 3268 fructu
1409 3193 1508 3269 est.
1536 3236 1564 3263 ιν
1592 3193 1854 3270 Nonnulli
1875 3217 2016 3287 apud

2133 3211 2517 3293 προσεύχεται,
2550 3214 2576 3269 6
2625 3210 2678 3270 δὲ
2708 3214 2827 3277 νοῦς
2859 3233 2959 3287 μου
3008 3205 3245 3285 ἄκαρπός
3284 3206 3444 3262 ἐστιν.
3486 3230 3511 3256 ι»
3549 3193 3733 3263 ῗΗσάν

419 3308 654 3370 veteres,
673 3299 882 3357 donum
914 3300 1181 3356 orationis
1205 3300 1262 3356 in
1287 3301 1470 3373 lingua
1489 3303 1835 3377 accipientes,
1851 3321 2014 3361 sona-

415 3387 553 3446 bant
578 3388 801 3462 quidem
821 3392 1118 3446 Persarum
1145 3397 1242 3446 aut
1267 3392 1653 3449 Romanorum
1683 3409 1836 3462 voce,
1865 3410 2020 3452 mens

416 3493 546 3536 vero
566 3494 758 3535 eorum
777 3477 1062 3551 ignorabat
1084 3479 1218 3552 quid
1237 3480 1530 3538 diceretur.
1555 3483 1651 3539 Ait
1671 3483 1851 3555 itaque
1871 3487 2014 3540 Pau-

416 3568 506 3624 lus
533 3585 547 3625 :
574 3591 600 3617 σι
654 3567 891 3640 Spiritus
919 3584 1077 3625 meus
1115 3577 1257 3637 orat,
1290 3589 1317 3621 η
1356 3571 1461 3626 hoc
1489 3579 1575 3629 est
1624 3571 1838 3630 donum
1867 3574 2016 3646 quod

418 3666 605 3714 movet
625 3657 891 3730 linguam,
915 3681 940 3708 ι
968 3674 1127 3716 mens
1146 3667 1335 3716 autem
1363 3675 1486 3717 mea
1504 3660 1624 3719 sine
1642 3659 1828 3719 fructu
1851 3672 1959 3732 est,
1987 3687 2012 3714 υ

415 3745 552 3803 nihil
580 3746 889 3819 intelligens
924 3762 1120 3806 eorum
1157 3764 1282 3820 quae
1309 3749 1584 3807 dicuntur.
1618 3751 2017 3810 Animadverte

415 3835 504 3894 hic
540 3836 824 3910 quomodo
852 3837 910 3893 in
942 3838 1209 3896 orationis
1236 3855 1505 3911 procursu
1531 3840 2014 3911 demonstraverit,

419 3927 534 3983 sola
565 3926 755 4000 lingua
784 3927 1131 4000 loquentem,
1161 3927 1261 3985 sibi
1287 3930 1450 3985 etiam
1473 3929 1726 3987 inutilem
1745 3947 1884 3989 esse.
1899 3933 2016 3987 Hac

411 4015 630 4073 ratione
656 4031 788 4073 sane
825 4015 984 4072 divus
1011 4019 1255 4073 Joannes
1288 4017 1717 4090 Chrysostomus
1747 4020 2018 4093 interpre-

413 4112 582 4161 tatur.
619 4105 860 4174 Quidam
880 4120 1010 4162 vero
1029 4105 1109 4162 sic
1127 4105 1442 4177 intelligunt
1469 4125 1482 4163 :
1503 4108 1560 4166 Si
1580 4108 1777 4182 loquar
1804 4110 2011 4181 lingua,

413 4207 530 4249 non
573 4201 762 4249 autem
790 4192 1140 4265 interpreter,
1189 4193 1413 4266 spiritus
1459 4211 1644 4265 meus,
1691 4199 1805 4256 sive
1835 4199 2015 4256 anima

415 4296 579 4350 mea,
607 4282 724 4354 ipsa
772 4296 871 4353 per
898 4283 1136 4354 seipsam
1173 4283 1442 4356 juvatur:
1471 4302 1632 4343 mens
1658 4296 1844 4345 autem
1891 4304 2014 4345 mea

412 4370 549 4427 citra
577 4368 820 4428 fructum
857 4379 968 4440 est,
993 4387 1124 4429 cum
1152 4381 1210 4430 et
1234 4373 1359 4430 aliis
1385 4391 1502 4432 non
1528 4376 1870 4434 commodet.
1903 4379 2013 4448 Qui

415 4476 543 4516 vero
557 4461 640 4517 sic
660 4461 940 4534 accipiunt
961 4460 1108 4519 hunc
1126 4469 1364 4533 textum,
1387 4473 1724 4534 metuerunt,
1754 4483 1875 4523 mea
1897 4469 2016 4541 qui-

2125 3327 2260 3369 τινες
2287 3300 2348 3360 1:6
2386 3300 2612 3360 παλαιὸν
2657 3298 2749 3358 καὶ
2781 3297 3028 3378 χάρισμα
3061 3297 3221 3374 εὐχῆς
3269 3294 3633 3370 λαμϐάνοντες
3673 3295 3727 3350 ἐν

2128 3391 2359 3471 γλώττῃ,
2392 3392 2482 3450 καὶ
2532 3389 2845 3469 ἐφθέγγοντο
2877 3386 2972 3464 μὲν
3001 3389 3068 3466 τῇ
3101 3387 3327 3461 Περσῶν
3356 3381 3391 3454 ἢ
3440 3381 3730 3471 Ῥωμαίων

2125 3462 2298 3564 φωνῇ,
2334 3485 2361 3538 6
2395 3480 2448 3539 δὲ
2500 3485 2615 3545 νοῦς
2660 3481 2752 3538 οὐκ
2797 3478 2914 3559 ᾔδει
2958 3476 3020 3535 τὸ
3059 3473 3365 3552 λεγόμενον.
3414 3470 3598 3546 Φησὶν
3644 3462 3734 3530 οὖν

2125 3563 2153 3630 6
2183 3573 2427 3648 Παῦλος,
2455 3570 2535 3628 ὅτι
2567 3595 2589 3620 α
2621 3569 2704 3629 T6
2734 3567 2942 3644 πνεῦμά
2969 3589 3070 3643 μου
3096 3563 3481 3644 προσεύχεται,
3511 3583 3541 3620 »
3575 3584 3731 3621 τουτ-

2125 3659 2272 3740 έστι,
2315 3659 2376 3718 τὸ
2418 3658 2664 3739 χάρισμα
2702 3659 2762 3719 τὸ
2807 3661 2981 3715 κινοῦν
3024 3652 3120 3725 τὴν
3159 3655 3410 3731 γλῶσσαν
3457 3674 3471 3689 ο
3532 3673 3560 3709 (ι
3596 3654 3622 3709 6
3677 3652 3731 3710 δὲ

2123 3754 2240 3818 νοῦς
2290 3774 2390 3829 μου
2442 3747 2680 3828 ἄκαρπός
2729 3750 2871 3821 ἐστι,
2920 3772 2940 3798 ι
2995 3741 3069 3821 μὴ
3121 3742 3311 3810 συνιείς
3354 3765 3405 3800 τι
3436 3745 3538 3801 τῶν
3579 3743 3732 3818 λεγο-

2124 3839 2316 3917 μένων.
2343 3838 2492 3918 ⁶¹Ορα
2524 3837 2613 3912 δὲ,
2648 3840 2760 3903 πῶς
2787 3838 2893 3917 δδῷ
2923 3832 3156 3913 προϊὼν,
3195 3829 3357 3900 ἔδειξε
3387 3831 3477 3891 τὸν
3506 3829 3728 3910 γλώσσῃ

2125 3929 2260 4008 μόνῃ
2308 3930 2605 4000 λαλοῦντα,
2654 3926 2922 4005 ἄχρηστον
2985 3923 3112 3982 ὄντα
3163 3921 3254 3980 καὶ
3311 3923 3510 4000 ἑαυτῷ.
3572 3921 3732 3981 Οὕτω

2123 4007 2243 4096 μὲν
2277 4022 2305 4078 6
2355 4020 2407 4076 ἐν
2458 4015 2624 4094 ἁγίοις
2679 4014 2954 4086 Ἰωάννης.
3011 4011 3167 4079 Τινὲς
3227 4009 3282 4069 δὲ
3335 4008 3537 4076 οὕτως’
3593 4007 3727 4069 Ἐὰν

2123 4109 2272 4166 λαλῶ
2323 4103 2560 4186 γλώσσῃ,
2613 4104 2686 4182 μὴ
2723 4103 3048 4186 διερμηνεύω
3106 4100 3192 4174 δὲ,
3248 4099 3309 4158 τὸ
3366 4099 3460 4176 μὲν
3512 4098 3727 4173 πνεῦμά

2125 4219 2257 4275 μου,
2289 4195 2408 4269 ἤτοι
2441 4199 2474 4267 ἡ
2521 4193 2670 4276 ψυχή
2709 4217 2828 4270 μου,
2875 4193 3011 4263 αὐτὴ
3057 4192 3175 4251 καθ’
3212 4187 3377 4261 αὑτὴν
3408 4186 3693 4267 ὠφελεῖται
3715 4209 3728 4221 ·

2123 4289 2152 4343 6
2185 4285 2240 4344 δὲ
2277 4290 2394 4354 νοῦς
2424 4307 2525 4362 μου
2571 4283 2808 4364 ἄκαρπός
2844 4285 2979 4356 ἐστι,
3011 4285 3088 4360 τῷ
3133 4277 3209 4358 μὴ
3249 4279 3341 4338 καὶ
3367 4277 3555 4344 ἄλλους
3583 4276 3725 4356 ὠφε-

2123 4378 2252 4434 λεῖν.
2305 4377 2376 4436 Οἳ
2425 4373 2479 4432 δὲ
2533 4372 2698 4442 οὕτως
2755 4370 3214 4450 ἐκλαμϐανόμενοι
3265 4367 3325 4426 τὸ
3375 4367 3562 4450 ῥητὸν,
3610 4367 3729 4443 ἐμοὶ

2127 4465 2333 4539 δοκεῖν,
2369 4463 2707 4544 ἐφοϐήθησαν
2744 4461 2804 4521 τὸ
2857 4465 2948 4520 τοῦ
2998 4463 3278 4522 Μοντανοῦ
3331 4454 3726 4538 παραλήρημα.

415 4548 548 4606 dem
570 4551 870 4622 sententia,
896 4553 1146 4609 Montani
1170 4553 1620 4612 deliramentum.
1655 4557 1836 4630 Hujus
1864 4559 2014 4614 modi

2127 4545 2299 4621 Οὗτος
2329 4555 2433 4634 γὰρ
2465 4552 2716 4625 τοιαύτην
2752 4550 2953 4632 αἵρεσιν
2985 4551 3194 4626 εἰσῆγεν
3216 4595 3232 4626 ,
3269 4544 3350 4604 ὅτι
3379 4548 3428 4604 oi
3458 4548 3728 4634 προφῆται

414 4654 654 4713 namque
698 4641 954 4699 haeresim
993 4641 1094 4699 iste
1143 4643 1474 4713 introduxit,
1523 4645 1676 4718 quod
1726 4647 2010 4720 propheta:

415 4730 647 4786 omnino
675 4746 787 4787 non
814 4729 1187 4803 intelligerent
1215 4747 1340 4804 quae
1376 4733 1649 4801 dicerent,
1680 4753 1871 4793 verum
1901 4738 2008 4809 spi-

414 4817 528 4872 ritu
555 4817 765 4874 detenti
803 4819 1052 4875 dicerent
1096 4820 1378 4893 quaedam,
1411 4839 1512 4881 nec
1537 4824 1905 4899 intelligerent
1933 4835 2012 4883 ta-

414 4921 541 4964 men
591 4922 717 4979 quae
761 4907 1030 4964 dicerent.
1078 4911 1154 4965 At
1190 4911 1296 4968 hoc
1331 4928 1445 4968 non
1484 4914 1652 4971 habet
1680 4915 1766 4971 hic
1801 4918 2008 4974 locum.

411 4999 536 5053 Non
566 4997 716 5053 enim
745 4996 815 5053 de
861 4998 1142 5070 prophetis
1189 4999 1294 5056 hoc
1333 5001 1472 5058 dixit
1497 5006 1820 5077 Apostolus,
1849 5006 2012 5062 nimi-

413 5101 539 5142 rum
567 5086 718 5160 quod
745 5102 860 5144 non
887 5087 1247 5162 intelligerent
1265 5106 1388 5162 quae
1411 5108 1444 5149 a
1467 5109 1526 5150 se
1543 5092 1879 5165 dicerentur,
1902 5111 2010 5153 cae-

416 5183 596 5233 terum
641 5177 709 5234 de
737 5177 802 5234 iis
836 5177 935 5251 qui
985 5177 1184 5251 linguis
1222 5181 1774 5259 loquunturzneque
1823 5186 1893 5243 de
1947 5187 2014 5242 iis

417 5265 702 5338 omnibus,
723 5266 821 5324 sed
836 5265 906 5324 de
929 5267 1290 5340 quibusdam.

484 5374 661 5430 Vnus.
699 5380 786 5430 15.
822 5399 849 5424 ι
880 5375 1026 5446 Quid
1049 5375 1216 5448 igitur
1251 5387 1336 5435 est
1358 5380 1570 5438 ?orabo
1594 5381 1814 5454 spiritu,
1835 5386 2008 5443 orabo

413 5470 471 5519 et
495 5471 680 5520 mente
705 5465 970 5536 :psallam
998 5467 1216 5538 spiritu,
1250 5470 1479 5540 psallam
1501 5479 1557 5526 et
1577 5481 1782 5530 mente.
1813 5497 1842 5525 ››
1867 5476 2010 5545 Quid

412 5551 598 5624 igitur,
624 5553 822 5626 inquit,
849 5562 933 5612 est
950 5557 1297 5614 commodius
1320 5563 1342 5615 Ρ
1365 5567 1422 5615 et
1446 5561 1577 5632 quid
1610 5578 1898 5620 necessum
1928 5575 2013 5622 est

413 5654 445 5696 a
494 5643 616 5699 Deo
667 5650 854 5714 petere
880 5643 904 5696 i’
926 5653 987 5701 ut
1022 5661 1249 5704 oremus
1299 5649 1491 5720 spiritu
1567 5650 1624 5709 id
1682 5662 1787 5722 est,
1825 5654 2004 5712 dono:

414 5744 606 5788 verum
666 5729 835 5789 etiam
885 5742 1091 5804 mente,
1137 5735 1244 5794 hoc
1291 5746 1404 5807 est,
1453 5747 1519 5796 ut
1576 5750 1758 5800 mente
1813 5745 2011 5801 intelli-

2122 4632 2448 4711 ἁπαξαπλῶς
2498 4645 2554 4702 οὖ
2591 4642 2836 4701 συνίεσαν
2888 4639 2922 4698 ἃ
2954 4639 3205 4712 ἐλάλουν,
3247 4634 3385 4694 ἀλλὰ
3415 4632 3722 4714 κατεχόμε-

2119 4755 2197 4792 νοι
2229 4732 2334 4790 ὑπὸ
2375 4740 2466 4793 τοῦ
2501 4731 2814 4808 Πνεύματος
2862 4727 3039 4806 ἔλεγόν
3087 4749 3238 4798 τινα,
3272 4727 3329 4784 οὖ
3360 4723 3558 4804 ᾔδεσαν
3605 4721 3658 4781 δὲ
3695 4720 3729 4780 ἃ

2121 4822 2325 4902 ἔλεγον.
2362 4820 2504 4882 Ἀλλ’
2551 4823 2645 4878 οὐκ
2676 4820 2793 4902 ἔχει
2816 4818 2999 4899 χώραν
3031 4821 3185 4876 τοῦτο
3218 4818 3464 4874 ἐνταῦθα.
3510 4815 3598 4902 Οὐ,
3623 4811 3726 4902 γὰρ

2123 4900 2244 4989 περῖ
2291 4915 2394 4970 τῶν
2426 4913 2712 4990 προφητῶν
2758 4901 2873 4967 εἶπε
2911 4912 3066 4966 τοῦτο
3111 4909 3140 4964 6
3182 4903 3522 4976 Ἀπόστολος,
3555 4900 3724 4990 τὸμὴ

2123 5000 2376 5074 συνιέναι,
2410 4989 2580 5081 φημὶ,
2628 4999 2695 5058 τὰ
2724 4998 3012 5076 λεγόμενα,
3069 4995 3210 5055 ἀλλὰ
3253 4994 3375 5073 περὶ
3413 4995 3516 5050 τῶν
3547 4989 3726 5069 γλώσ-

2121 5113 2237 5158 σαις
2292 5090 2596 5150 λαλούντων
2624 5113 2638 5127 ο
2689 5088 2783 5148 καὶ
2840 5086 2962 5147 οὐδὲ
3012 5086 3214 5146 τούτων
3278 5083 3528 5155 πάντων,
3582 5081 3724 5139 ἀλλά

2121 5203 2295 5241 τινων.

2212 5403 2242 5439 (ι
2283 5382 2356 5443 Τί
2387 5368 2474 5440 οῦν
2510 5385 2653 5458 ἐστι,
2694 5377 3054 5460 προσεύξομαι
3096 5379 3170 5458 τῷ
3222 5373 3514 5454 πνεύματι,
3551 5393 3723 5451 προσ-

2121 5470 2338 5548 εύξομαι
2381 5472 2434 5528 δὲ
2476 5474 2568 5528 καὶ
2611 5473 2685 5550 τῷ
2727 5465 2839 5528 νοῖο
2887 5469 3044 5549 ψαλῶ
3095 5471 3171 5546 τῷ
3218 5465 3521 5544 πνεύματι,
3566 5463 3724 5543 ψαλῶ

2121 5561 2212 5619 καὶ
2256 5566 2330 5642 τῷ
2362 5560 2459 5620 νοΐ.
2499 5589 2522 5614 ιι
2555 5560 2628 5621 Τί
2669 5551 2756 5619 οὖν
2789 5562 2937 5632 ἐστι,
2971 5557 3130 5635 φησὶ,
3177 5557 3238 5617 τὸ
3283 5552 3722 5636 ὠφελιμώτερονς

2119 5651 2211 5709 καὶ
2257 5653 2310 5708 τί
2357 5651 2464 5730 χρὴ
2515 5653 2677 5708 αἰτεῖν
2725 5648 2814 5707 τὸν
2862 5648 3034 5720 Θεόν;
3083 5647 3165 5708 T6
3211 5644 3603 5725 προσεύχεσθαι
3645 5643 3722 5719 τῷ

2123 5741 2407 5817 πνεύματι,
2459 5740 2726 5810 τουτέστι,
2758 5741 2834 5819 τῷ
2878 5738 3178 5818 χαρίσματι
3204 5761 3215 5773 ·
3257 5735 3392 5808 πλὴν
3445 5730 3586 5792 ἀλλὰ
3629 5731 3722 5788 καὶ
