4110 6406
337 405 436 458 741

1202 395 1555 455 EXPOSITIO
1594 396 1660 452 ΙΝ
1699 394 1907 451 EPIST.
1946 394 1965 448 Ῑ
2001 394 2094 449 AD
2133 396 2290 457 COR.
2331 432 2399 442 --
2437 402 2588 461 CAP.
2629 407 2764 463 XIV.

3546 416 3650 471 742

334 530 417 609 τῷ
443 521 553 587 v0i°
600 523 880 599 τουτέστι,
1018 523 1225 614 διανοίᾳ
1253 523 1485 584 συνιέναι
1530 521 1599 583 τὰ
1624 524 1720 594 τῆς
1749 522 1910 602 εὐχῆς
1932 543 1945 557 ·

2058 538 2241 614 gamus
2269 541 2393 601 qua
2419 545 2661 589 oramus.
2701 530 2856 589 Idem
2891 538 2945 589 et
2967 531 3036 590 de
3071 533 3294 607 psalmis
3326 536 3633 614 intelligen-

334 615 534 694 ὁμοίως
555 614 647 675 καὶ
680 614 768 674 ἐπὶ
796 618 889 675 τοῦ
918 614 1140 697 ψάλλειν
1161 612 1261 692 ³³3

422 727 453 765 α
500 702 663 767 Ἐπεὶ
691 703 783 767 ἐὰν
829 705 1118 785 εὖλογήσῃς
1146 706 1224 786 τῷ
1252 702 1535 781 πνεύματι,
1559 704 1587 761 6
1615 702 1939 781 ἀναπληρῶν

335 794 428 855 τὸν
458 795 622 856 τόπον
654 798 747 855 τοῦ
774 793 1024 868 ἰδιώτου,
1050 796 1163 862 πῶς
1209 795 1319 874 ἐρεῖ
1345 793 1407 852 τὸ
1452 793 1617 874 Ἀμὴν
1649 791 1738 852 ἐπὶ

335 883 684 967 εὐχαριστίᾳ,
739 883 923 957 ἐπειδή
974 882 1028 943 τί
1072 873 1247 962 λέγεις
1294 885 1391 943 οὐκ
1436 873 1616 958 οἶδενε
1644 904 1675 941 )›
1733 878 1939 956 Ὀταν,

335 974 495 1059 φησὶ,
514 973 747 1056 ψάλλῃς,
770 995 802 1034 (ι
818 972 908 1034 ἐὰν
924 972 1214 1055 εὐλογήσῃς
1229 976 1307 1055 τῷ
1327 973 1617 1050 πνεύματι,
1635 999 1659 1026 υ
1677 970 1941 1044 τουτέστι,

334 1067 417 1146 τῷ
444 1067 791 1145 πνευματικῷ
818 1062 1120 1147 χαρίσματι
1159 1062 1246 1124 διὰ
1275 1066 1370 1136 τῆς
1396 1062 1664 1143 γλώσσης,
1697 1089 1721 1115 α
1753 1065 1781 1121 6
1809 1063 1940 1119 ἀνα-

334 1155 561 1234 πληρῶν
588 1153 677 1214 τὸν
707 1153 869 1214 τόπον
909 1159 1001 1213 τοῦ
1027 1151 1264 1229 ἰδιώτου,
1292 1182 1317 1207 ιι
1348 1152 1640 1227 τουτέστιν,
1670 1155 1698 1210 6
1737 1151 1937 1225 λαῑκὸς,

342 1272 369 1297 α
397 1245 515 1311 πῶς
534 1244 647 1326 ἐρεῖ
666 1242 727 1303 τὸ
756 1242 926 1322 Ἀμὴν
956 1243 1042 1302 ἐπὶ
1254 1244 1425 1324 εὖχῇς
1454 1270 1480 1297 ιο
1504 1245 1614 1303 Σοῦ
1635 1241 1738 1323 γὰρ
1765 1241 1937 1302 εἰπόν-

334 1357 426 1401 τος
463 1332 561 1412 τὸ,
592 1334 688 1401 Εἰς
731 1331 852 1401 τοὺς
900 1333 1097 1401 αἰῶνας
1134 1335 1241 1391 τῶν
1292 1332 1534 1408 αἰώνων,
1582 1334 1801 1414 ἀσαφῶς
1846 1332 1937 1390 καὶ

335 1426 393 1484 ἓν
419 1424 673 1504 γλώσσῃ,
703 1425 801 1483 οὐκ
826 1422 1053 1496 ἤκουσεν
1082 1446 1097 1461 ·
1126 1421 1267 1483 ὥστε
1302 1423 1419 1483 οὔτε
1449 1424 1757 1504 ὠφελεῖται.

423 1535 457 1570 ι
511 1512 592 1575 Σὺ
637 1512 733 1591 μὲν
779 1511 884 1594 γὰρ
930 1515 1107 1583 καλῶς
1136 1514 1494 1594 εὐχαριστεῖς,
1535 1514 1654 1573 ἀλλ’
1685 1516 1713 1572 6
1762 1511 1939 1593 ἕτερος

337 1607 437 1664 οὐκ
465 1604 847 1682 οἰκοδομεῖται.
896 1626 929 1661 ν
960 1599 1083 1663 Ἵνα
1130 1602 1206 1682 μὴ
1258 1602 1379 1684 δόξῃ
1421 1605 1695 1671 παντελῶς
1740 1626 1939 1662 κατευ-

338 1690 562 1763 τελίζειν
609 1692 671 1752 τὸ
716 1691 993 1773 χάρισμα,
1041 1693 1172 1774 φησί
1197 1716 1212 1731 ’
1265 1692 1344 1754 Σὺ
1381 1691 1477 1771 μὲν
1512 1696 1691 1761 καλῶς
1720 1694 1940 1772 εὐχαρι-

339 1790 507 1857 στεῖς,
562 1779 703 1841 ἀλλὰ
746 1786 844 1855 τῆς
873 1786 967 1842 τοῦ
1013 1781 1242 1855 πλησίον
1291 1782 1551 1864 ὠφελείας
1603 1781 1680 1861 μῆ
1712 1781 1943 1862 προσού-

340 1895 440 1945 σης
458 1916 479 1950 ,
511 1872 779 1953 ἄχρηστος
805 1876 841 1945 ἠ
872 1871 1209 1953 εὐχαριστία.

434 1984 467 2022 ιι
499 1963 818 2043 Εὐχαριστῶ
860 1965 937 2044 τῷ
967 1963 1096 2043 Θεῷ
1126 1984 1259 2040 μου,
1299 1960 1513 2022 πάντων
1560 1964 1707 2039 ὑμῶν
1740 1962 1944 2039 μᾶλλον

340 2050 612 2131 γλώσσαις
644 2053 843 2112 λαλῶν.
871 2074 901 2112 u
939 2048 1063 2112 Ἵνα
1110 2050 1187 2130 μὴ
1218 2052 1591 2127 ὑπολάϐωσιν,
1634 2050 1714 2111 ὅτι
1750 2054 1820 2119 ὡς
1868 2049 1944 2129 μὴ

342 2142 487 2222 ἔχων
534 2148 686 2203 τοῦτο
729 2142 791 2201 τὸ
837 2140 1118 2223 χάρισμα,
1153 2142 1240 2202 διὰ
1272 2148 1429 2203 τοῦτο
1481 2141 1732 2212 εὖτελίζει
1782 2141 1942 2217 αὐτὸ,

343 2230 535 2314 φησὶν,
562 2230 646 2291 ὅτι
673 2230 849 2293 Πλέον
879 2233 1095 2292 πάντων
1115 2232 1383 2311 γλώσσαις
1409 2235 1579 2295 λαλῶ.

437 2343 468 2379 ιι
496 2321 639 2383 Ἀλλ’
688 2324 742 2380 ἐν
774 2321 1076 2404 Ἐκκλησία
1123 2322 1261 2381 θέλω
1310 2323 1468 2384 πέντε
1514 2322 1701 2403 λόγους
1730 2320 1818 2380 διὰ
1854 2323 1946 2380 τοῦ

345 2410 460 2481 νοός
491 2435 592 2489 μου
620 2412 883 2488 λαλῆσαι,
917 2410 1005 2469 ἵνα
1034 2412 1127 2471 καὶ
1179 2412 1371 2481 ἄλλους
1409 2411 1728 2492 κατηχήσω,
1755 2409 1791 2483 ἢ
1835 2434 1944 2488 μυ-

346 2502 491 2585 ρίους
516 2499 702 2581 λόγους
744 2504 797 2561 έν
849 2501 1094 2582 γλώσσῃ.
1126 2522 1157 2561 ι)
1194 2538 1274 2549 -
1314 2525 1342 2561 ιι
1387 2504 1489 2564 Διὰ
1524 2506 1617 2562 τοῦ
1648 2500 1762 2569 νοός
1801 2523 1902 2577 μου
1930 2523 1946 2538 ·

347 2618 373 2647 ι
391 2592 656 2667 τουτέστι,
679 2594 835 2652 Νοῶν
855 2592 946 2651 καὶ
972 2590 1129 2659 εἰδὼς
1153 2591 1360 2673 ἃλέγω,
1389 2594 1482 2652 καὶ
1509 2595 1834 2673 ἑρμηνεῦσαι
1855 2592 1946 2650 δυ·

344 2678 567 2760 νάμινος
604 2684 797 2759 ταῦτα,
843 2678 934 2741 ἵνα
965 2679 1058 2740 καὶ
1090 2682 1281 2751 ἄλλους
1312 2682 1596 2763 ὠφελήσω.
1648 2704 1680 2737 ιι
1717 2678 1801 2742 Ἦ
1841 2704 1949 2758 μυ·-

348 2771 491 2852 ρίους
545 2770 732 2848 λόγους
787 2770 839 2830 ἐν
897 2769 1117 2853 γλώσσῃ
1138 2795 1153 2809 ο
1205 2797 1237 2830 π
1301 2774 1595 2846 τουτέστιν,
1643 2769 1823 2832 Ὅταν
1871 2769 1946 2848 μὴ

346 2858 524 2941 ἰσχύω
576 2858 765 2929 αὖτοὺς
812 2861 1170 2942 ἑρμηνεῦσαι·
1214 2860 1335 2923 τότε
1382 2862 1484 2943 γὰρ
1532 2863 1605 2931 εἷς
1645 2860 1741 2941 ἐμὲ
1792 2860 1950 2939 μόνον

345 2956 385 3024 ἡ
432 2950 664 3031 ὠφέλεια
710 2949 1071 3028 περιίσταται.
1104 2950 1277 3012 Πέντε
1326 2951 1381 3011 δὲ
1428 2952 1614 3031 λόγους
1662 2950 1806 3031 λέγει
1848 2958 1953 3019 πᾶς

349 3038 670 3107 διδάσκαλος
684 3038 761 3117 ³ο,
796 3042 824 3099 6
862 3039 932 3099 τὰ
960 3041 1280 3116 κατάλληλα
1320 3041 1581 3126 φάρμακα
1614 3040 1816 3121 ἑκάστῃ
1845 3043 1950 3099 τῶν

348 3130 404 3189 ἐν
434 3135 568 3211 ἡμῖν
598 3130 757 3189 πέντε
781 3130 1078 3201 αἰσθήσεων
1102 3131 1409 3212 προσάγων.

441 3219 756 3301 ιιἏδιλφοὶ,
786 3220 861 3297 μὴ
914 3221 1129 3299 παιδίας
1150 3222 1354 3298 γίνεσθε
1397 3232 1515 3292 ταῖς
1560 3221 1766 3306 φρεσὶν,
1813 3222 1953 3282 ἀλλὰ

352 3313 424 3391 τῇ
451 3309 617 3391 κακία
643 3310 928 3382 νηπιάζετε
946 3333 961 3348 ’
1001 3311 1120 3379 ταῖς
1152 3311 1206 3370 δὲ
1233 3311 1387 3392 φρεσὶ
1432 3312 1622 3373 τέλειοι
1644 3312 1875 3392 γίνεσθε.
1906 3333 1936 3369 ι)

350 3398 510 3459 Μετὰ
537 3399 598 3460 τὸ
627 3397 793 3468 δεῖξαι
830 3399 893 3458 τὸ
942 3402 1049 3459 τῶν
1092 3402 1350 3478 γλωσσῶν
1380 3402 1660 3483 χάρισμα,
1714 3401 1862 3461 ποῖόν
1902 3400 1955 3460 τί

352 3492 505 3567 ἐστι,
536 3488 719 3549 λοιπὸν
748 3489 1172 3571 πληκτικωτέρῳ
1223 3491 1486 3571 κέχρηται
1533 3495 1609 3573 τῷ
1654 3490 1817 3574 λόγῳ,
1864 3490 1956 3551 καὶ

350 3580 591 3649 ὀνειδίζει
633 3579 811 3647 αὐτοῖς
861 3581 933 3647 ὡς
978 3578 1206 3640 παιδικὰ
1251 3586 1522 3661 φρονοῦσι.
1575 3580 1806 3653 Νηπίων
1852 3580 1955 3660 γάρ

351 3670 495 3728 ἐστιν
541 3668 853 3752 άληθῶςμτὸ
894 3667 1162 3752 τδιᾼμικρὰ
1203 3671 1515 3748 Θαυμάζειν,
1558 3669 1645 3728 διὰ
1684 3670 1745 3729 τὸ
1788 3668 1950 3750 τυχὸν

353 3756 693 3832 ἐκπληκτικὰ
737 3747 896 3835 εἶναι,
928 3748 1037 3818 οἶαί
1078 3747 1182 3819 itm
1217 3760 1309 3818 καὶ
1352 3764 1408 3819 αἱ
1438 3761 1711 3839 γλῶσσαι·
1760 3747 1955 3818 τῶνδὲ

352 3848 605 3928 μεγάλων
647 3849 1016 3931 κατέιφρονιῖν,
1050 3851 1124 3919 ὣς
1170 3848 1335 3928 μηδὲν
1383 3848 1735 3931 καινοπρεπὲς
1757 3849 1803 3888 ³⁸
1844 3850 1954 3927 ἐμ·-

352 3926 665 4020 φαινόντων,
714 3926 841 3997 οἶαί
872 3939 977 3999 εἶσι
1022 3941 1115 4000 καὶ
1171 3926 1239 4000 αἱ
1300 3926 1637 4021 προφητεῖαι.
1693 3926 1956 4020 Παραινεῖ

350 4028 525 4088 τοίνυν
577 4028 822 4095 αὗτοῖς³²
851 4030 1113 4104 ἐνταῦθα,
1154 4029 1243 4090 ἵνα
1290 4031 1368 4109 μὴ
1422 4030 1768 4110 ἐπαίρωνται,
1820 4028 1955 4107 μηδὲ

350 4117 686 4197 γινώσκωσιν
733 4117 922 4185 ἁπλῶς
973 4118 1026 4177 τί
1068 4121 1182 4179 ἐστι
1234 4120 1328 4180 καὶ
1376 4120 1566 4195 κακία,
1614 4123 1689 4189 ὥς
1724 4120 1845 4180 οὐδὲ
1888 4120 1956 4179 τὰ

352 4207 560 4277 νήπια·
611 4215 727 4276 ταῖς
781 4205 838 4266 δὲ
884 4208 1038 4289 φρεσὶ
1082 4209 1276 4270 τέλειοι
1337 4198 1472 4269 ῶσι·
1517 4210 1827 4287 τουτέστιν,
1869 4205 1955 4268 ἵνα

356 4298 668 4379 διακρίνωσι
712 4297 833 4357 τίνα
878 4297 1044 4375 μείζω
1093 4299 1188 4359 καὶ
1234 4298 1619 4382 ὠφελιμώτερα
1651 4302 1759 4360 τῶν
1801 4322 1955 4379 χαρι-

357 4386 603 4466 σμάτων.
640 4387 749 4449 Καὶ
777 4387 955 4457 ἄλλως
987 4389 1067 4465 δὲ,
1100 4390 1345 4463 νηπιάζει
1470 4390 1653 4472 κακίᾳ,
1693 4394 1721 4451 6
1752 4388 1958 4467 μηδένα

2050 613 2207 672 dum.

2118 706 2303 766 Vnns.
2337 715 2425 767 16.
2461 732 2489 763 ‹‹
2520 711 2793 784 Quoniam
2820 712 2865 771 si
2890 712 3034 771 bene
3071 712 3273 773 dixeris
3297 716 3518 790 spiritu,
3552 720 3643 792 qui

2045 797 2263 868 supplet
2280 799 2464 857 locum
2490 801 2696 875 idiota,
2724 803 3005 877 quomodo
3024 802 3177 861 dicet
3194 806 3377 862 Amen
3396 807 3467 864 ad
3493 816 3650 864 tuam

2043 886 2345 957 gratiarum
2390 891 2683 961 actionem,
2713 892 3165 967 quandoquidem
3194 894 3329 969 quid
3376 896 3529 953 dicas
3554 913 3651 954 ne-

2045 975 2150 1031 scit
2177 979 2203 1033 P
2244 1001 2271 1029 ι
2299 980 2535 1051 Quando
2564 982 2766 1055 psallis,
2796 983 2993 1056 inquit,
3039 984 3087 1042 si
3138 983 3493 1043 benedixeris
3541 987 3655 1059 spi-

2046 1068 2183 1133 ritu,
2229 1067 2337 1125 hoc
2364 1078 2478 1139 est,
2527 1070 2798 1143 spirituali
2827 1073 2976 1131 dono
3017 1073 3249 1147 lingua,
3303 1080 3330 1125 ἀι
3372 1076 3467 1148 qui
3514 1092 3653 1149 sup-

2047 1159 2158 1231 plet
2188 1157 2375 1217 idiota
2418 1160 2627 1230 locum,
2660 1184 2686 1210 »
2730 1160 2786 1219 id
2817 1172 2903 1219 est
2948 1162 3154 1233 laicus,
3182 1165 3464 1236 quomodo
3510 1165 3657 1222 dicet

2047 1251 2228 1305 Amen
2272 1248 2343 1306 ad
2368 1257 2525 1307 tuam
2550 1250 2859 1309 orationem
2887 1254 2912 1307 Ρ
2938 1255 3019 1310 Te
3043 1253 3191 1310 enim
3234 1253 3538 1325 dicentem,
3581 1257 3648 1312 In

2044 1339 2245 1396 sacula
2264 1340 2614 1412 saculorum,
2648 1340 2881 1399 obscure
2916 1349 2971 1399 et
2997 1357 3094 1416 per
3117 1342 3365 1418 linguam
3400 1361 3516 1402 non
3550 1360 3654 1402 au-

2044 1427 2200 1495 divit,
2230 1437 2286 1484 et
2315 1429 2547 1501 proinde
2572 1446 2683 1486 non
2706 1429 2957 1503 juvatur.

2117 1519 2297 1574 Vsns.
2339 1524 2427 1574 17.
2487 1539 2517 1570 «
2554 1522 2700 1576 Nam
2738 1528 2799 1576 tu
2836 1519 3063 1593 quidem
3100 1521 3239 1579 bene
3270 1522 3470 1597 gratias
3514 1525 3654 1598 agis,

2044 1605 2141 1663 sed
2167 1606 2304 1663 alter
2337 1623 2455 1665 non
2481 1607 2798 1665 adiﬁcatur.
2830 1632 2857 1657 ι·
2886 1611 2973 1667 Ne
3002 1610 3251 1668 videatur
3277 1613 3508 1670 omnino
3554 1613 3657 1670 do-

2043 1711 2182 1753 num
2227 1696 2363 1754 illud
2427 1698 2790 1770 vilipendere,
2834 1700 2918 1755 Tu
2968 1699 3223 1773 quidem,
3272 1702 3470 1774 inquit,
3522 1703 3662 1761 bene

2046 1786 2248 1858 gratias
2272 1788 2426 1859 agis,
2476 1787 2575 1844 sed
2621 1787 2856 1861 proximi
2896 1787 2978 1844 tui
3022 1790 3319 1849 commodo
3349 1807 3465 1848 non
3493 1807 3649 1849 acce-

1974 1902 2023 1966 B
2048 1875 2233 1946 dente,
2264 1876 2477 1934 inutilis
2514 1885 2601 1935 est
2628 1885 2726 1934 tua
2760 1878 3065 1951 gratiarum
3093 1879 3260 1936 actio.

2127 1969 2299 2024 Vnns.
2327 1974 2413 2025 18.
2448 1985 2479 2021 (ι
2504 1968 2723 2025 Gratias
2744 1983 2848 2041 ago
2868 1971 2989 2026 Deo
3013 1984 3161 2036 meo,
3184 1970 3335 2042 quod
3354 1970 3477 2045 plus
3496 1973 3654 2030 vobis

2052 2057 2313 2115 omnibus
2352 2057 2547 2130 linguis
2575 2058 2790 2131 loquar.
2821 2081 2848 2107 ιι
2880 2060 2962 2115 Ne
2996 2058 3338 2132 suspicentur
3365 2060 3517 2133 quod
3558 2079 3658 2120 ceu

2052 2162 2246 2204 carens
2272 2162 2339 2204 eo
2368 2147 2716 2217 charismate,
2743 2146 2871 2206 ideo
2916 2148 3101 2221 ipsum
3126 2150 3300 2206 elevet
3335 2166 3398 2207 ac
3423 2150 3652 2225 vilipen-

2049 2235 2167 2306 dat,
2197 2238 2325 2294 Plus
2342 2252 2513 2310 quam
2543 2253 2755 2307 omnes,
2781 2236 2979 2310 inquit,
3010 2239 3218 2313 linguis
3247 2239 3463 2312 loquor.

2124 2328 2318 2385 Vnns.
2365 2332 2454 2385 19.
2493 2349 2517 2378 «
2554 2326 2663 2385 Sed
2692 2328 2749 2384 in
2780 2328 3018 2385 Ecclesia
3048 2330 3171 2386 volo
3199 2329 3445 2402 quinque
3485 2330 3655 2388 verba

2055 2416 2229 2487 210
2258 2425 2449 2473 mente
2475 2432 2600 2473 mea
2621 2417 2796 2490 loqui,
2824 2425 2884 2474 ut
2913 2425 2969 2473 et
2996 2418 3132 2475 alios
3158 2418 3451 2488 instruam,
3475 2435 3646 2493 quam

2054 2504 2244 2562 decem
2268 2505 2447 2562 millia
2471 2505 2770 2562 verborum
2794 2506 2851 2561 in
2879 2507 3082 2578 lingua.
3110 2530 3137 2557 ι
3181 2530 3207 2557 α
3235 2510 3421 2565 Mente
3444 2523 3596 2577 mea;
3623 2528 3652 2561 η

2058 2593 2165 2651 hoc
2187 2604 2272 2652 est
2299 2594 2606 2669 intelligens
2633 2603 2690 2653 et
2716 2596 2896 2653 sciens
2922 2611 3047 2670 qua
3074 2596 3218 2665 dico,
3246 2605 3309 2654 ut
3327 2598 3419 2670 qui
3446 2598 3653 2669 possim

2058 2684 2403 2759 interpretari
2436 2686 2578 2754 hac,
2607 2694 2669 2744 ut
2698 2694 2753 2743 et
2790 2688 2924 2744 alios
2962 2686 3238 2760 adjuvem.
3272 2710 3299 2737 σι
3337 2688 3520 2761 Quam
3560 2686 3660 2745 de-

2058 2790 2182 2833 cem
2203 2775 2374 2832 millia
2395 2776 2453 2832 in
2481 2775 2691 2849 lingua,
2722 2799 2749 2826 »
2774 2776 2996 2850 quando
3020 2777 3285 2834 nimirum
3310 2793 3423 2834 non
3452 2776 3659 2850 possim

2058 2880 2120 2922 ea
2147 2864 2525 2937 interpretari:
2546 2874 2670 2922 tum
2697 2866 2847 2922 enim
2874 2865 2946 2923 ad
2965 2881 3057 2923 me
3075 2867 3260 2923 solum
3282 2866 3653 2937 commoditas

2058 2954 2215 3012 redit.
2240 2978 2265 3005 ι
2288 2956 2548 3029 Quinque
2571 2979 2597 3005 ιι
2612 2964 2799 3013 autem
2822 2979 2849 3007 α
2867 2956 3031 3013 verba
3052 2981 3077 3007 ιι
3099 2956 3237 3013 dicit
3260 2954 3509 3030 quisq'uis
3529 2957 3667 3014 alios

2056 3044 2327 3110 instituit,
2355 3046 2694 3103 medicinam
2736 3047 3154 3104 convenientem
3197 3047 3370 3105 cuivis
3407 3047 3654 3119 quinque

2066 3150 2328 3192 sensuum
2350 3142 2675 3192 nostrorum
2704 3134 2990 3193 adhibens.

2133 3228 2318 3282 Vans.
2349 3230 2442 3281 20.
2476 3247 2502 3273 κ
2532 3226 2771 3295 Fratres,
2812 3241 2886 3282 ne
2911 3225 3035 3283 sitis
3061 3224 3214 3299 pueri
3238 3224 3515 3295 sensibus,
3571 3228 3669 3283 sed

2063 3314 2272 3371 malitia
2349 3313 2595 3372 infantes
2653 3322 2861 3384 estote;
2925 3315 3178 3372 sensibus
3241 3331 3370 3372 vero
3438 3314 3665 3387 perfecti

2063 3409 2262 3460 estote.
2297 3426 2325 3453 ι
2365 3405 2668 3476 Postquam
2698 3404 3150 3463 commonstravit
3174 3406 3335 3477 quale
3361 3404 3434 3461 sit
3461 3404 3669 3479 lingua-

2064 3508 2193 3549 rum
2238 3491 2453 3549 donum
2471 3533 2489 3561 ,
2532 3492 2796 3566 deinceps
2847 3494 3125 3566 asperiore
3160 3509 3418 3551 sermone
3469 3496 3660 3561 utitur,

2064 3581 2407 3653 exprobrans
2431 3581 2507 3639 eis
2522 3583 2681 3655 quasi
2698 3582 2923 3655 puerilia
2937 3581 3341 3640 affectantibus.
3362 3582 3667 3640 lnfantium

2064 3671 2213 3728 enim
2253 3686 2447 3727 revera
2476 3678 2582 3739 est,
2634 3686 2722 3727 res
2758 3670 2986 3744 exiguas
3040 3669 3335 3740 admirari,
3360 3680 3654 3745 propterea

2064 3758 2217 3832 quod
2264 3757 2453 3815 forsan
2507 3757 2927 3815 admirationem
2965 3766 3023 3814 et
3068 3765 3354 3830 stuporem
3389 3758 3649 3827 excitent,

2064 3848 2253 3921 quales
2289 3856 2421 3905 sunt
2463 3848 2707 3921 lingua:
2739 3862 2939 3920 magna
2986 3861 3115 3904 vero
3159 3854 3550 3916 contemnere,
3601 3855 3664 3905 ut

2065 3954 2189 4013 qua
2242 3938 2378 3994 nihil
2407 3938 2611 3995 mirum
2658 3951 2773 4009 pra
2800 3952 2859 3994 se
2888 3935 3101 4007 ferant,
3129 3936 3318 4009 quales
3361 3944 3495 3993 sunt
3540 3953 3668 4010 pro—

2065 4028 2287 4102 phetia.
2314 4026 2656 4085 Adhortatur
2678 4026 2771 4083 hic
2800 4027 2991 4099 itaque
3019 4041 3137 4095 eos,
3174 4034 3240 4084 ut
3268 4041 3383 4083 non
3422 4023 3668 4083 efferan-

2066 4126 2176 4187 tur,
2192 4134 2308 4175 non
2335 4117 2621 4187 inﬂentur,
2645 4131 2825 4189 neque
2848 4116 3175 4189 simpliciter
3221 4116 3404 4173 sciant
3437 4116 3576 4189 quid
3597 4118 3671 4174 sit

2070 4209 2312 4278 malitia,
2354 4207 2647 4265 infantium
2676 4207 2851 4264 instar
2877 4227 2891 4265 :
2926 4215 3113 4265 mente
3141 4214 3329 4264 autem
3360 4206 3476 4263 sive
3502 4208 3674 4265 sensi-

2067 4299 2172 4357 bus
2210 4297 2429 4372 perfecti
2468 4298 2616 4368 sint;
2650 4297 2758 4354 hoc
2795 4304 2901 4365 est,
2942 4305 3009 4354 ut
3056 4296 3358 4370 diiudicent
3383 4311 3512 4371 qua
3557 4298 3675 4355 sint

2072 4388 2280 4462 majora
2328 4397 2384 4446 et
2432 4387 2810 4445 commodiora
2853 4387 3203 4445 charismata.
3257 4389 3566 4455 Praeterea,
3595 4388 3679 4444 in-

356 4480 682 4555 κακοποιῶν,
724 4475 843 4538 ἀλλ’
871 4478 1055 4561 ὥσπερ
1092 4478 1306 4559 νήπιον,
1331 4480 1531 4548 ἄκακος
1550 4503 1564 4517 ·
1595 4482 1711 4547 ταῖς
1739 4478 1795 4538 δὲ
1826 4501 1956 4559 φρε-

2077 4478 2197 4536 fans
2224 4487 2308 4536 est
2332 4478 2550 4547 militia,
2580 4476 2675 4551 qui
2727 4477 2940 4534 nemini
2971 4484 3055 4533 est
3080 4476 3335 4549 injurias,
3361 4491 3555 4532 verum
3587 4476 3678 4532 in-

357 4565 416 4625 σὶ
440 4566 635 4635 τέλειός
654 4568 823 4644 ἐστιν,
843 4570 873 4628 6
1005 4567 1086 4649 ὃς]
1116 4569 1253 4648 μετὰ
1278 4575 1369 4630 τοῦ
1393 4570 1595 4647 μηδένα
1622 4577 1950 4638 κακοποιεῖν,

357 4655 475 4717 ἔστι
511 4658 604 4717 καὶ
626 4658 871 4741 ὠφελῶν,
902 4660 996 4718 καὶ
1040 4662 1099 4719 οὗ
1140 4660 1297 4739 μόνον
1327 4662 1521 4721 κακίαν
1552 4659 1784 4742 φεύγων,
1816 4660 1956 4719 ἀλλὰ

357 4748 451 4808 καὶ
500 4748 690 4829 ἀρετὴν
733 4747 967 4823 διώκων,
1015 4750 1110 4810 καὶ
1154 4750 1435 4833 φυλάττων
1483 4751 1673 4811 ἑαυτὸν
1713 4749 1819 4809 ἀπὸ
1862 4754 1958 4810 τοῦ

358 4836 439 4914 μὴ
475 4837 805 4917 βλάπτεσθαι
851 4838 976 4920 περὶ
1013 4839 1080 4900 τὰ
1125 4840 1330 4922 καίρια.
1374 4839 1604 4921 ιὍμοιον
1650 4839 1823 4917 τούτῳ
1868 4838 1953 4919 τὸ,

366 4947 398 4986 ιι
429 4928 647 5013 Γίνεσθε
678 4927 924 5011 φρόνιμοι
967 4931 1041 4999 ὣς
1086 4931 1135 4992 οἱ
1161 4929 1322 5012 ὄφεις,
1354 4931 1447 4991 καὶ
1493 4930 1736 5014 ἀκέραιοι
1777 4934 1850 4999 ὥς
1900 4932 1955 4989 αἱ

354 5018 683 5099 περιστεραί.
714 5040 746 5078 u

451 5207 484 5246 ιι
512 5185 608 5249 Ἐν
740 5186 894 5271 νόμῳ
920 5188 1241 5272 γέγραπται,
1271 5188 1356 5250 ὅτι
1386 5187 1486 5251 Ἐν
1519 5187 1960 5271 ἕτερογλώσσαις,

360 5277 453 5337 καὶ
501 5278 556 5337 ἐν
600 5276 836 5360 χείλεσιν
880 5277 1077 5360 ἑτέροις
1104 5278 1327 5353 λαλήσω
1356 5282 1430 5361 τῷ
1470 5282 1585 5361 λαῷ
1628 5278 1820 5362 τούτῳ,
1869 5282 1961 5340 καὶ

360 5369 475 5427 οὐδ’
506 5365 673 5438 οὕτως
710 5369 1113 5432 εἰσακούσονταί
1144 5394 1267 5448 μου,
1310 5369 1455 5449 λέγει
1503 5370 1719 5452 Κύριος.
1754 5393 1784 5430 0
1831 5372 1959 5433 Πά-

435 5530 457 5557 ³
483 5521 684 5579 Matth.
716 5537 783 5593 κ,
818 5528 903 5580 19.
980 5525 998 5559 ‘
1023 5525 1129 5581 Isa.
1158 5538 1392 5593 xxvm,
1428 5528 1515 5580 ιι.

2064 4568 2232 4631 fantis
2258 4569 2317 4625 in
2337 4584 2553 4625 morem
2580 4568 2871 4624 innocens.
2902 4568 3091 4623 Mente
3118 4580 3249 4621 vero
3276 4565 3391 4620 sive
3419 4564 3675 4622 sensibus

2065 4658 2338 4733 perfectus
2356 4667 2462 4728 est,
2486 4657 2580 4731 qui
2602 4664 2971 4730 praterquam
2994 4654 3146 4727 quod
3165 4654 3375 4711 nemini
3394 4654 3684 4715 damnum.

2067 4749 2180 4818 det,
2195 4748 2354 4823 juvet
2376 4748 2546 4805 etiam
2564 4746 2726 4817 alios,
2751 4745 2960 4803 nedum
2985 4744 3179 4802 vitium
3206 4742 3445 4818 fugiens,
3474 4759 3671 4801 verum

2069 4839 2333 4896 virtutem
2382 4837 2548 4895 etiam
2590 4836 2921 4909 insequens,
2958 4835 3174 4908 sibique
3222 4849 3456 4906 cavens,
3507 4849 3580 4891 ne
3617 4834 3677 4889 in

2062 4929 2250 4998 rebus,
2280 4942 2404 5001 qua
2431 4926 2662 4999 alicujus
2685 4926 2799 4984 sint
2813 4926 3101 4996 momenti,
3120 4926 3396 4983 damnum
3418 4924 3676 4997 patiatur.

2066 5020 2214 5076 Huic
2246 5018 2413 5075 afﬁne
2435 5026 2520 5074 est
2552 5015 2693 5073 illud
2721 5034 2737 5073 :
2767 5039 2795 5066 ι
2828 5019 3025 5073 Estote
3057 5014 3362 5089 prudentes
3388 5014 3533 5072 sicut
3552 5028 3679 5071 ser-

2068 5118 2279 5183 pentes,
2304 5117 2361 5165 et
2386 5107 2664 5181 simplices
2687 5105 2831 5163 sicut
2857 5104 3135 5162 columbae
3154 5114 3196 5161 ³.
3227 5126 3254 5154 ιι

2140 5202 2324 5257 Vitas.
2357 5203 2444 5255 21.
2477 5220 2504 5248 ιι
2556 5197 2621 5253 In
2668 5195 2788 5268 lege
2848 5194 3000 5251 enim
3044 5193 3318 5265 scriptum
3356 5199 3443 5249 est
3474 5211 3489 5250 :
3519 5192 3678 5263 Quo-

2068 5290 2226 5347 niam
2267 5288 2384 5346 aliis
2437 5285 2674 5360 linguis,
2733 5292 2792 5343 et
2842 5282 3004 5340 labiis
3058 5282 3179 5339 aliis
3227 5282 3421 5354 loquar
3471 5282 3681 5355 populo

2070 5378 2230 5449 huic,
2277 5386 2333 5436 et
2367 5393 2468 5437 nec
2495 5376 2572 5434 sic
2600 5373 2887 5433 exaudient
2913 5372 3039 5447 mef,
3064 5370 3201 5431 dicit
3239 5371 3517 5430 Dominus
3538 5374 3561 5410 ι
3581 5413 3597 5429 .
3652 5395 3679 5423 ιν

1764 5614 1951 5676 Variae
1994 5616 2299 5677 lectiones.

434 5711 481 5746 ³⁸
505 5712 708 5786 ψαλμοῦ
732 5728 789 5770 o.
862 5710 910 5748 ’°
951 5712 1299 5777 διδασκαλικός
1323 5732 1376 5770 ο.
1452 5713 1496 5750 ⁸¹
1526 5715 2029 5786 καινοπρεπέστατον.
2103 5714 2148 5751 ³³
2176 5713 2349 5776 αὐτούς
2385 5728 2440 5769 ο.
