4110 6422
437 404 538 456 743

1462 392 1975 451 THEOPHYLACTI
2013 391 2371 449 BULGARLE
2408 389 2723 446 ARCHIEP.

3636 388 3743 444 744

434 529 649 582 Rursus
690 522 1034 597 prophetiam
1074 536 1204 578 cum
1258 519 1464 593 linguis
1510 528 1821 593 comparat,
1873 536 2020 576 mon-

2144 521 2226 579 λιν
2279 516 2549 597 συγκρίνει
2599 514 2696 587 τὴν
2750 513 3076 596 προφητείαν
3129 513 3261 595 πρὸς
3314 512 3411 580 τὰς
3463 510 3741 591 γλώσσας,

430 622 613 672 strans
639 613 817 687 ipsam
849 627 969 669 esse
1011 610 1457 668 excellentiorem
1486 628 1499 666 :
1531 619 1585 668 et
1614 609 1895 682 quomodo
1924 609 2030 666 hoc

434 704 549 773 ﬁat,
580 720 677 777 per
706 702 988 777 sequentia
1012 701 1240 774 planum
1276 699 1388 757 ﬁet.
1434 702 1641 773 Legem
1681 708 1871 756 autem
1903 700 2028 755 uni-

428 810 648 851 versum
703 795 875 850 Vetus
915 795 1337 849 Testamentum
1400 790 1675 862 appellare
1725 788 2026 846 consuevit.

431 887 731 957 Propterea
749 890 807 940 et
816 897 964 939 nunc
974 895 1097 954 quae
1110 883 1162 936 in
1180 880 1317 936 Isaia
1343 880 1678 947 scribuntur,
1690 879 1750 934 in
1768 880 1882 951 lege
1897 878 2030 935 dicit

432 989 550 1031 esse
577 974 798 1045 scripta.
847 972 992 1028 Cum
1037 985 1164 1026 vero
1191 970 1299 1036 ait,
1335 992 1361 1018 κ
1392 971 1584 1041 Neque
1626 969 1706 1025 sic
1736 968 2030 1025 exaudient

433 1078 546 1131 me,
588 1062 799 1119 indicat
837 1060 988 1134 quod
1039 1060 1189 1133 ipsos
1254 1060 1521 1115 attonitos
1564 1058 1795 1115 reddere
1850 1058 2030 1130 potuit

432 1152 792 1220 miraculum;
818 1149 971 1224 quod
1012 1151 1060 1205 si
1084 1164 1198 1207 non
1218 1149 1462 1221 persuasi
1487 1158 1666 1216 erant,
1699 1150 1945 1220 ipsorum
1974 1147 2027 1203 id

429 1242 602 1313 culpa.
652 1244 800 1298 Deus
841 1240 995 1297 enim
1023 1253 1147 1313 quae
1194 1253 1293 1295 sua
1322 1245 1472 1307 sunt,
1517 1253 1739 1309 semper
1782 1236 1934 1305 facit,
1963 1254 2026 1295 ac

430 1330 836 1402 providentiam
866 1345 1026 1385 suam
1056 1327 1334 1397 ostendit,
1365 1326 1586 1384 etiamsi
1615 1327 1752 1384 sciat
1790 1343 1885 1383 eos
1913 1344 2026 1385 non

430 1422 924 1494 obtemperaturos,
966 1426 1028 1476 ut
1054 1419 1167 1487 iam
1202 1417 1599 1475 inexcusabiles
1640 1417 1772 1473 sint.

501 1513 677 1568 Vnus.
707 1513 800 1566 22.
834 1532 860 1559 α
902 1512 1090 1581 Itaque
1118 1508 1316 1580 linguae
1362 1507 1420 1562 in
1465 1508 1687 1579 signum
1717 1514 1883 1576 sunt,
1912 1522 2024 1563 non

430 1600 712 1669 ﬁdelibus,
747 1600 844 1657 sed
888 1598 1219 1656 inﬁdelibus.
1265 1621 1291 1647 ν
1349 1598 1585 1671 Signum
1628 1606 1812 1653 autem
1857 1605 2026 1653 terret

430 1691 677 1763 quidem,
708 1706 821 1748 non
840 1690 1001 1746 docet
1022 1704 1148 1745 vero
1178 1702 1425 1760 prorsus,
1453 1702 1631 1760 neque
1647 1689 1827 1760 juvat,
1852 1704 2023 1760 quan-

427 1779 726 1853 doquidem
756 1788 811 1836 et
838 1794 985 1851 saepe
1018 1787 1237 1847 noceat,
1261 1776 1739 1851 quemadmodum
1762 1785 1819 1834 et
1842 1778 2021 1850 lingua

425 1870 1028 1943 sineinterpretatione,
1058 1867 1280 1940 perinde
1307 1883 1369 1924 ac
1394 1866 1538 1923 infra
1565 1866 1717 1937 dicit,
1750 1890 1775 1916 α
1802 1867 2020 1937 Dicent,

425 1959 577 2032 quod
616 1959 884 2055 insanitis.
917 1982 942 2055 ν
993 1958 1140 2029 Quin
1168 1958 1338 2055 etiam
1363 1958 1514 2029 signa
1544 1955 1862 2055 inﬁdelibus
1890 1956 2019 2055 data
2049 1993 2096 2055 B

424 2056 553 2105 sunt
578 2047 803 2106 :ﬁdeles
846 2050 1000 2105 enim
1042 2063 1161 2103 non
1189 2046 1397 2103 habent
1424 2061 1563 2118 opus
1600 2045 1785 2115 hisce,
1831 2054 1891 2102 ut
1924 2045 2019 2116 qui

415 2138 535 2211 jam
563 2138 753 2195 ﬁdeles
778 2138 907 2193 sint.

498 2249 526 2277 ιι
557 2225 856 2299 Pr0phetia
877 2227 983 2298 21
997 2228 1041 2297 ι
1074 2234 1263 2283 autem
1285 2241 1401 2283 non
1427 2224 1760 2289 inﬁdelibus,
1783 2224 1883 2282 sed
1906 2239 2020 2281 cre-

420 2316 700 2374 dentibus.
734 2338 764 2368 «
797 2316 1105 2389 Prophetia,
1138 2316 1337 2388 inquit,
1368 2314 1597 2389 prodest
1624 2314 1899 2383 ﬁdelibus,
1922 2330 2018 2371 eos

424 2405 741 2464 instituens.
764 2407 956 2463 Nonne
980 2406 1150 2479 igitur
1169 2414 1224 2461 et
1247 2404 1563 2462 inﬁdelibus
1590 2412 1675 2462 est
1693 2404 2019 2477 prophetia?

420 2495 596 2570 Ecqui
632 2496 887 2569 deinceps
922 2496 1081 2566 dicit,
1120 2519 1145 2545 α
1187 2495 1243 2552 Si
1294 2510 1488 2552 omnes
1529 2493 2015 2567 prophetaverint,

420 2586 760 2659 ingrediatur
804 2593 989 2643 autem
1022 2584 1293 2658 quispiam
1349 2584 1639 2641 inﬁdelis?
1685 2607 1711 2633 ιθ
1766 2587 1849 2640 En
1892 2583 2016 2640 istic

421 2674 735 2732 inﬁdelibus
764 2675 1050 2748 prophetia
1087 2675 1340 2731 inservit.
1373 2673 1589 2732 Poteris
1617 2673 1785 2747 igitur
1813 2672 2014 2739 dicere,

419 2780 534 2821 non
578 2765 781 2821 dixisse
826 2765 1159 2836 Apostolum
1221 2764 1475 2821 inutilem
1521 2778 1642 2819 esse
1702 2762 2019 2819 inﬁdelibus

422 2852 802 2927 prophetiam;
830 2853 927 2911 sed
976 2870 1089 2911 non
1135 2869 1257 2911 esse
1298 2854 1357 2909 in
1390 2854 1612 2925 signum
1658 2852 1764 2909 illis
1798 2853 2013 2922 inutile,

421 2952 484 3000 ut
509 2943 719 3014 lingua.
744 2944 1010 3016 Quocirca
1043 2952 1105 3001 ut
1131 2943 1457 3000 summatim
1485 2942 1693 3011 dicam,
1724 2942 1909 3013 lingua
1933 2951 2019 2999 est

420 3033 480 3089 in
524 3032 745 3106 signum
791 3031 1138 3102 inﬁdelibus,
1200 3032 1307 3088 hoc
1347 3038 1431 3088 est
1483 3038 1546 3088 ut
1588 3029 2013 3088 admirationem

420 3130 642 3179 moveat
678 3129 918 3179 tantum.
951 3121 1241 3194 Prophetia
1269 3136 1402 3177 vero
1430 3128 1487 3177 et
1514 3119 1769 3177 ﬁdelibus
1798 3129 1881 3177 est
1909 3122 2014 3178 uti-

2142 607 2236 666 καὶ
2272 606 2539 666 δείκνυσιν
2570 604 2737 676 αὐτὴν
2785 604 3147 684 ὑπερέχουσαν
3169 625 3184 641 ο
3223 601 3318 662 καὶ
3346 605 3476 676 πῶς,
3514 601 3604 661 διὰ
3631 604 3737 661 τῶν

2140 695 2255 767 ἑξῆς
2284 696 2472 769 δῆλον.
2507 695 2690 772 Νόμον
2735 695 2792 753 δὲ
2829 694 2928 767 τὴν
2969 690 3218 753 Παλαιὰν
3247 699 3430 751 πᾶσαν
3460 691 3609 751 εἴωθε
3640 716 3741 749 κα·

2138 787 2284 845 λεῖν·
2333 786 2413 846 διὸ
2459 786 2551 845 καὶ
2585 789 2674 843 νῦν
2720 783 2789 842 τὰ
2842 785 2897 843 ἐν
2946 786 3022 861 τῷ
3071 777 3275 861 Ἡσαΐᾳ
3306 783 3653 861 γεγραμμένα
3685 782 3739 839 ἐν

2138 879 2215 956 τῷ
2253 876 2399 957 νόμῳ
2448 872 2577 955 φησὶ
2606 873 2924 954 γεγράφθαι.
2958 871 3056 933 Ἐν
3091 870 3145 929 δὲ
3178 874 3255 950 τῷ
3294 871 3483 949 εἰπεῖν,
3535 892 3565 928 (ι
3607 871 3740 931 Οὐδ’

2137 963 2300 1031 οὕτως
2326 1006 2330 1031 ;
2357 962 2754 1024 εἰσακούσονταί
2808 986 2941 1038 μου,
2986 983 3016 1019 ι)
3056 959 3319 1020 δείκνυσιν
3357 958 3438 1020 ὅτι
3477 957 3743 1031 ἐκπλῆξαι

2138 1054 2327 1121 αὐτοὺς
2372 1053 2606 1126 ἠδύνατο
2654 1052 2712 1111 τὸ
2767 1057 2984 1129 θαῦμαο
3040 1052 3089 1109 εἰ
3130 1050 3189 1110 δὲ
3242 1053 3338 1112 οὐκ
3393 1049 3741 1123 ἐπείσθησαν,

2137 1144 2347 1202 ἐκείνων
2395 1144 2458 1204 τὸ
2490 1143 2759 1219 ἔγκλημα.
2783 1141 2855 1204 Ὀ
2884 1141 2987 1223 γὰρ
3033 1141 3170 1208 Θεὸς
3217 1138 3285 1200 τὰ
3315 1140 3479 1199 αδτοῦ
3512 1140 3742 1200 πάντοσε

2136 1241 2299 1307 ποιεῖ,
2349 1233 2438 1292 καὶ
2485 1232 2580 1304 τὴν
2623 1232 2873 1312 πρόνοιαν
2918 1236 3079 1291 αὑτοῦ
3109 1230 3356 1304 δεικνύει,
3390 1229 3566 1289 καίτοι
3590 1228 3742 1297 εἰδὼς

2135 1320 2366 1432 ἐκείνους
2417 1322 2494 1401 μὴ
2555 1320 3028 1399 πεισθησομένους,
3091 1322 3185 1390 ὣς.
3221 1319 3285 1379 ἂν
3340 1319 3739 1400 ἀναπολόγητοι

2134 1433 2287 1472 ωσιν.

2223 1523 2253 1559 (ι
2302 1500 2471 1561 Ὥστε
2501 1504 2555 1562 αἱ
2586 1504 2830 1580 γλῶσσαι
2860 1504 2933 1570 εἰς
2963 1500 3182 1577 σημεῖόν
3211 1500 3365 1576 εἰσιν,
3394 1500 3453 1559 οὗ
3496 1505 3606 1567 τοῖς
3634 1522 3732 1557 πι-

2133 1589 2445 1668 στεύουσιν,
2498 1589 2637 1649 ἀλλὰ
2686 1592 2793 1657 τοῖς
2838 1590 3103 1658 ἀπίστοις.
3172 1612 3202 1649 ι)
3264 1588 3346 1650 Τὸ
3401 1585 3457 1647 δὲ
3514 1596 3735 1665 σημεῖον

2131 1679 2419 1751 ἐκπλήττει
2469 1681 2565 1759 μὲν
2588 1727 2604 1756 ,
2641 1682 2701 1739 οὗ
2742 1680 2953 1748 πάντως
2983 1680 3039 1742 δὲ
3088 1680 3328 1740 διδάσκει
3361 1677 3453 1738 καὶ
3500 1679 3693 1761 ὠφελεῖ
3716 1702 3730 1715 ·

2131 1768 2292 1829 ὁπότε
2338 1770 2429 1829 καὶ
2486 1769 2718 1849 βλάπτει
2769 1771 3049 1841 πολλάκις,
3092 1769 3276 1849 ὥσπερ
3325 1772 3360 1840 ἡ
3392 1772 3516 1829 ἄνευ
3565 1771 3734 1848 ἑρμη-

2131 1857 2271 1925 νείας
2300 1862 2556 1938 γλῶσσα,
2606 1858 2746 1919 καθὰ
2791 1859 2993 1940 προϊών
3042 1883 3222 1941 φησιν,
3251 1859 3331 1919 ὅτι
3371 1882 3401 1918 (ι
3445 1858 3732 1941 Ἐροῧσιν,

2129 1945 2211 2007 ὅτι
2243 1948 2498 2026 μαίνεσθε
2521 1972 2535 1986 ⁶
2563 1971 2595 2008 n
2647 1948 2788 2009 ἀλλὰ
2818 1948 2924 2024 μὴν
2972 1949 3065 2009 καὶ
3095 1958 3203 2019 τοῖς
3238 1948 3481 2017 ἀπίστοις
3527 1949 3735 2008 δέδοται

2127 2037 2197 2095 τὰ
2241 2046 2441 2115 σημεῖα
2465 2063 2478 2076 ·
2515 2040 2564 2098 οἱ
2610 2038 2712 2119 γὰρ
2764 2039 2943 2101 πιστοὶ
2986 2042 3046 2100 οὐ
3085 2040 3297 2099 δέονται
3348 2038 3574 2117 τούτων,
3624 2037 3733 2112 ἤδη

2126 2127 2305 2186 πιστοὶ
2332 2128 2495 2197 ὄντες.

2218 2238 2248 2275 ‹‹
2275 2215 2343 2277 Ἦ
2373 2219 2427 2277 δὲ
2459 2220 2756 2301 προφητεία
2785 2224 2844 2279 οὗ
2876 2226 2984 2287 τοῖς
3026 2218 3301 2298 ἀπίστοις,
3334 2220 3475 2281 ἀλλὰ
3500 2230 3610 2290 τοῖς
3637 2245 3735 2281 πι-

2126 2304 2425 2368 στεύουσιν.
2470 2330 2501 2366 ι)
2545 2309 2615 2371 Ἦ
2651 2310 2950 2391 προφητεία
2972 2308 3177 2391 ,φησὶν
3198 2310 3447 2391 ,ὠφελεῖ
3489 2311 3607 2379 τοὺς
3633 2337 3731 2372 πι-

2126 2394 2311 2472 στοὺς,
2351 2405 2667 2479 κατηχοῢσα
2699 2389 2945 2468 τούτους.
2988 2389 3134 2481 Ἆρα
3188 2390 3277 2458 οὖν
3310 2389 3418 2460 καὶ
3453 2408 3563 2469 τοῖς
3599 2401 3735 2460 ἀπί-

2126 2507 2269 2553 στοις
2313 2489 2409 2547 οὖκ
2439 2490 2579 2551 ἔστιν
2626 2495 2661 2563 ἡ
2714 2488 3046 2571 προφητεία,
3096 2489 3331 2557 καὶπῶς
3378 2494 3733 2572 παρακατιὼν

2125 2575 2288 2652 λέγει,
2316 2576 2397 2636 ὅτι
2456 2600 2488 2637 α
2538 2578 2673 2640 Ἐὰν
2704 2579 2901 2647 πάντες
2938 2578 3369 2660 προφητεύωσιν,
3416 2580 3627 2661 εἰσέλθῃ
3677 2582 3736 2641 δέ

2124 2685 2204 2731 τις
2233 2664 2482 2753 ἄπιστος
2518 2668 2723 2753 »ῨἸδοὺ
2752 2670 2857 2749 γὰρ
2906 2669 3000 2729 καὶ
3033 2670 3142 2737 τοῖς
3161 2672 3427 2753 ῌάπίστοις
3456 2674 3490 2743 ἦ
3520 2693 3735 2753 προφη-

2125 2753 2263 2816 τεία.
2296 2752 2492 2817 Ἔστιν
2520 2752 2609 2819 οὖν
2642 2761 2835 2832 εἰπεῖν,
2884 2758 2966 2818 ὅτι
2996 2758 3095 2819 οὔκ
3141 2749 3284 2819 εἶπεν
3329 2763 3357 2817 ὁ
3396 2749 3734 2835 Ἀπόστολος,

2123 2841 2205 2903 ὅτι
2252 2848 2344 2906 οὐκ
2380 2847 2496 2907 ἔστι
2547 2848 2814 2930 χρήσιμος
2861 2854 2895 2923 ἡ
2945 2849 3247 2931 προφητεία
3300 2858 3410 2917 τοῖς
3455 2848 3733 2923 ἀπίστοις,

2126 2934 2244 2991 ἀλλ’
2294 2938 2563 3011 οὐκέστιν
2595 2941 2668 3007 εἰς
2714 2940 2934 3016 σημεῖον
2968 2938 3252 3019 ἀνωφελὲς,
3285 2941 3360 3008 ὥς
3403 2943 3438 3011 ἡ
3478 2942 3727 3019 γλῶσσα.

2122 3018 2295 3084 Ὥστε
2338 3028 2645 3102 συλλήϐδην
2693 3029 2893 3104 εἰπεῖν,
2928 3032 2960 3102 ἡ
3002 3018 3103 3107 μὲν
3150 3030 3363 3108 γλῶττα
3394 3031 3466 3097 εἰς
3494 3018 3733 3109 σημεῖόν

2125 3110 2239 3170 ἐστι
2284 3118 2391 3184 τοῖς
2428 3118 2693 3192 ἀπίστοις,
2723 3118 3019 3192 τουτέστιν,
3053 3122 3127 3187 εἰς
3156 3123 3218 3178 τὸ
3250 3118 3511 3192 ἐκπλῆξαι
3543 3120 3733 3197 μόνον’

418 3211 485 3268 lis
512 3219 568 3267 et
592 3210 926 3279 inﬁdelibus,
956 3212 1109 3284 ipsos
1139 3225 1406 3285 arguens,
1428 3208 1637 3267 etiamsi
1666 3226 1777 3267 non
1804 3209 2018 3269 dicatur

2126 3202 2159 3271 ἡ
2203 3202 2259 3263 δὲ
2288 3209 2591 3289 προφητεία
2619 3208 2713 3268 καὶ
2756 3216 2865 3275 τοῖς
2897 3212 3103 3277 πιστοῖς
3152 3211 3266 3269 ἐστι
3296 3209 3587 3290 χρήσιμος,
3639 3210 3733 3270 καὶ

422 3302 484 3357 in
507 3300 731 3373 signum
758 3301 838 3357 eis
866 3315 1003 3358 esse.

492 3482 673 3538 Vnns.
706 3485 801 3537 23.
832 3480 888 3539 Si
927 3481 1097 3554 igitur
1133 3480 1453 3538 convenerit
1480 3480 1723 3538 Ecclesia
1764 3482 2017 3538 universa

422 3570 481 3627 in
505 3586 701 3639 unum,
729 3577 785 3627 et
803 3585 996 3627 omnes
1024 3570 1223 3643 linguis
1252 3570 1571 3644 loquantur,
1597 3570 1805 3627 intrent
1829 3579 2017 3627 autem

419 3659 611 3717 idiota:
637 3668 692 3716 et
720 3658 987 3728 inﬁdeles,
1017 3676 1200 3717 nonne
1228 3658 1435 3729 dicent,
1469 3659 1618 3733 quod
1659 3660 1955 3717 insanitis?
1985 3682 2013 3711 ››

416 3751 605 3807 Tacite
630 3749 842 3807 indicat
865 3750 1014 3823 quod
1046 3751 1260 3807 occasio
1301 3750 1376 3807 sit
1398 3765 1562 3807 noxae
1606 3750 1775 3807 etiam
1804 3750 2014 3824 lingua,

420 3839 527 3896 nisi
568 3839 942 3912 interpretatio
979 3840 1292 3897 accesserit.
1344 3842 1467 3897 Hoc
1506 3847 1696 3896 autem
1732 3838 1897 3908 dicit,
1931 3838 2013 3896 fa-

418 3938 567 3987 stum
612 3945 808 3987 eorum
854 3929 1071 3987 tollens.
1126 3932 1272 3988 Cum
1315 3930 1463 3985 enim
1510 3929 1912 3986 arbitrarentur
1958 3945 2017 3986 se

418 4019 733 4091 linguarum
779 4018 1005 4075 nomine
1052 4034 1175 4075 esse
1230 4017 1621 4087 admirationi,
1673 4018 2013 4075 contrarium

417 4108 603 4182 potius
630 4109 838 4164 Paulus
859 4107 1130 4175 ostendit,
1153 4106 1303 4179 quod
1321 4107 1533 4164 scilicet
1554 4107 1623 4164 ad
1650 4107 2014 4180 ignominiam

416 4197 550 4269 ipsis
578 4203 728 4263 sunt,
767 4196 903 4253 dum
930 4204 1060 4253 sunt
1088 4196 1144 4252 in
1166 4211 1350 4268 causa,
1386 4212 1485 4253 cur
1524 4196 1765 4253 insanire
1792 4195 2017 4253 videan-

417 4295 525 4342 tur.
558 4287 643 4341 Ne
670 4293 857 4341 autem
892 4286 1175 4342 existimes
1200 4285 1349 4357 quod
1377 4285 1722 4342 charismatis
1742 4285 1850 4342 hoc
1874 4302 2018 4358 opus

417 4376 517 4445 sit,
554 4390 753 4447 nempe
794 4375 943 4447 quod
967 4375 1273 4449 ignominia
1321 4374 1528 4432 efﬁciat
1564 4374 1886 4444 habentem,
1918 4375 2015 4443 ait,

416 4462 732 4536 insipientes
778 4462 985 4535 dicent,
1023 4465 1172 4538 quod
1194 4464 1468 4522 insanitis.
1504 4486 1530 4514 α
1559 4463 1752 4522 Ιάἰοῑω
1784 4488 1809 4514 υ
1833 4463 2012 4533 enim,

419 4554 577 4623 dicit,
605 4576 631 4603 α
662 4562 759 4611 aut
776 4553 1046 4624 inﬁdeles,
1072 4577 1097 4604 ιο
1126 4553 1320 4627 quales
1333 4562 1491 4610 erant
1508 4554 1602 4627 qui
1633 4554 2012 4625 apostolorum

2049 3279 2227 3361 (Ῐιτοῖς
2280 3279 2564 3380 ἀπίστοις,
2586 3299 2881 3380 ἐλέγχουσα
2932 3297 3144 3377 αὐτοὺς,
3205 3279 3578 3368 κᾶν-ὀύίείς
3627 3323 3731 3375 ση-

2129 3392 2275 3461 μεῖον
2306 3388 2485 3454 αὐτοῖς
2515 3378 2652 3448 εἶναι
2682 3378 2928 3467 λέγηται.

2218 3499 2249 3536 α
2281 3476 2416 3539 Ἐὰν
2448 3469 2537 3540 οὖν
2582 3479 2808 3560 συνέλθῃ
2843 3484 2875 3551 ἡ
2914 3479 3219 3553 Ἐκκλησία
3269 3478 3369 3554 ὅλη
3423 3479 3729 3551 ἐπιτοαυτὸ,

2128 3567 2219 3626 καὶ
2259 3568 2455 3638 πάντες
2504 3571 2711 3630 λαλῶσι
2753 3568 3050 3649 γλώσσαις,
3097 3570 3372 3630 εἰσέλθωσι
3423 3570 3479 3631 δὲ
3522 3573 3733 3632 ἰδιῶται

2126 3653 2160 3727 ἢ
2222 3657 2468 3738 ἄπιστοι,
2524 3661 2622 3719 οὒκ
2676 3662 2884 3739 ἐροῦσιν
2942 3658 3023 3719 ὅτι
3084 3660 3365 3736 μαίνεσθε;
3416 3682 3448 3720 n
3515 3660 3732 3741 Ἦρέμα

2127 3747 2421 3824 δείκνυσιν,
2450 3749 2534 3810 ὅτι
2572 3748 2663 3809 καὶ
2693 3746 2941 3829 ἀφορμὴν
2977 3748 3183 3828 βλάϐης
3208 3749 3322 3831 ἔχει
3343 3750 3394 3786 ³³
3422 3754 3455 3823 ἡ
3483 3751 3729 3830 γλῶσσα,

2127 3835 2217 3896 ἐὰν
2261 3838 2337 3916 μὴ
2374 3840 2466 3899 καὶ
2498 3838 2783 3919 ἑρμηνείαν
2819 3840 2945 3920 ἔχῃ.
2978 3841 3155 3900 Τοῦτο
3186 3839 3242 3899 δέ
3271 3840 3414 3922 λέγει
3459 3843 3730 3921 καθαιρῶν

2127 3927 2301 3986 αὐτῶν
2332 3925 2393 3987 τὸ
2437 3928 2682 4009 φύσημα.
2717 3927 2880 3989 Ἐπεὶ
2909 3928 3013 4009 γὰρ
3044 3929 3312 4007 ἐνόμιζον,
3347 3934 3418 3999 ὥς
3466 3932 3522 3989 αἱ
3550 3932 3729 4008 γλῶσ-

2126 4039 2215 4076 σαι
2245 4016 2434 4085 αὐτοὺς
2470 4023 2683 4079 ποιοῦσι
2734 4018 3136 4096 θαυμάζεσθαι,
3169 4020 3472 4080 τούναντίον
3527 4022 3731 4096 μᾶλλον

2126 4107 2386 4166 δείκνυσιν
2418 4111 2445 4165 ὁ
2481 4109 2733 4181 Παῦλος,
2769 4107 2849 4168 ὅτι
2882 4113 2953 4176 εἰς
2982 4110 3193 4180 ἀδοξίαν
3226 4114 3401 4179 αὐτοῖς
3432 4112 3558 4188 εἰσι,
3590 4134 3731 4185 μαι-

2125 4196 2370 4274 νομένους
2416 4196 2607 4264 αὐτοὺς
2658 4199 2831 4257 δοκεῖν
2872 4203 3143 4259 ποιοῦσαι.
3191 4198 3317 4261 Ἵνα
3351 4199 3409 4259 δὲ
3452 4198 3529 4278 μὴ
3564 4198 3727 4276 νομί-

2126 4308 2223 4363 σῃς
2272 4282 2354 4343 ὅτι
2405 4290 2496 4344 τοῦ
2545 4286 2882 4367 χαρίσματός
2947 4290 3065 4349 ἐστι
3108 4293 3265 4350 τοῦτο
3317 4289 3380 4349 τὸ
3430 4289 3611 4370 ἔργον,
3666 4288 3731 4348 τὸ

2125 4374 2401 4459 δυσφημίαι
2456 4374 2804 4456 περιϐάλλειν
2854 4377 2943 4436 τὸν
3003 4377 3229 4460 ἔχοντα,
3302 4378 3501 4460 φησὶν,
3541 4376 3624 4438 ὅτι
3680 4380 3730 4439 οἱ

2125 4463 2339 4537 ἀνόητοι
2370 4469 2575 4546 ἐροῦσιν
2600 4464 2682 4550 ἔτι
2712 4464 2984 4543 μαίνεσθε.
3023 4490 3055 4527 α
3080 4468 3310 4529 Ὶδιῶται
3337 4493 3369 4528 ι
3392 4467 3516 4549 γὰρ,
3540 4468 3725 4550 φησὶν,

2133 4572 2161 4609 (ι
2186 4550 2222 4623 ἢ
2252 4543 2493 4627 ἄπιστοι,
2516 4576 2545 4612 ι)
2578 4543 2679 4615 οἶοι
2700 4555 2794 4615 καὶ
2820 4554 2908 4615 ἐπὶ
2931 4559 3038 4616 τῶν
3057 4557 3391 4634 ἀποστόλων,
3404 4543 3730 4636 ὀἱ-λέγοντες

418 4644 761 4717 temporibus
780 4643 1036 4701 dicebant
1064 4652 1253 4701 musto
1282 4658 1380 4699 eos
1402 4659 1523 4699 esse
1554 4642 1749 4715 plenos
1776 4660 1805 4690 ιι
1833 4686 1846 4699 .
1876 4646 2014 4700 Nam

2128 4639 2310 4709 αὐτοὺς
2340 4642 2592 4723 γλεύκους
2632 4650 3011 4723 μεμεστῶσθαι
3032 4672 3045 4685 ·
3096 4648 3214 4707 ἐπεὶ
3258 4647 3312 4707 οἵ
3346 4672 3411 4727 γε
3456 4650 3729 4731 σωφρονέ-

416 4734 777 4806 sapientiores
809 4749 841 4789 a
887 4732 1084 4807 linguis
1121 4733 1289 4789 etiam
1335 4731 1582 4796 nonnihil
1633 4732 2016 4790 aadiﬁcationis

415 4821 713 4893 recipiunt,
785 4830 848 4877 ut
898 4824 995 4895 qui
1071 4820 1455 4892 apostolorum
1528 4822 1867 4894 temporibus
1922 4838 2016 4879 eos

416 4910 852 4978 demirabantur,
876 4926 976 4968 ceu
1005 4910 1276 4983 magnalia
1304 4912 1409 4967 Dei
1463 4920 1779 4971 enarrantes
1800 4920 1824 4951 '
1854 4956 1870 4975 .

482 5003 657 5060 Vana.
688 5006 779 5071 24,
810 5004 899 5058 25.
932 5023 954 5052 ι
977 5000 1033 5057 Si
1053 5010 1240 5057 autem
1254 5016 1448 5058 omnes
1477 5001 1822 5074 prophetent,
1849 5004 2016 5063 intret

414 5099 602 5148 autem
642 5091 841 5165 aliquis
887 5090 1152 5161 inﬁdelis,
1184 5092 1266 5147 vel
1309 5090 1513 5161 idiota,
1566 5094 1915 5151 convincitur
1940 5096 2009 5152 ab

413 5182 695 5251 omnibus,
747 5180 1077 5255 dijudicatur
1112 5181 1180 5237 ab
1204 5180 1464 5238 omnibus
1496 5200 1509 5237 :
1558 5181 1746 5254 sicque
1796 5186 2009 5243 occulta

413 5271 589 5329 cordis
618 5271 736 5345 ejus
766 5271 1062 5329 manifesta
1095 5271 1239 5329 ﬁunt
1263 5312 1278 5341 ,
1301 5280 1358 5328 et
1390 5271 1464 5327 ita
1484 5271 1682 5328 cadens
1722 5272 1779 5329 in
1810 5274 2011 5333 faciem

410 5360 661 5418 adorabit
686 5365 869 5419 Deum
887 5400 904 5431 ,
933 5361 1305 5434 pronuntians
1347 5360 1497 5434 quod
1529 5366 1681 5420 Deus
1707 5378 1836 5421 vere
1858 5364 1929 5422 sit
1955 5366 2011 5423 in

497 5490 665 5543 “Act.
692 5502 768 5558 ιι,
796 5493 882 5546 13.
972 5487 1157 5547 'Ibid.
1193 5494 1279 5547 11.

2126 4752 2303 4810 στεροι
2332 4733 2423 4791 καὶ
2470 4734 2578 4793 ἀπὸ
2605 4736 2712 4793 τῶν
2742 4737 3001 4813 γλωσσῶν
3031 4736 3419 4818 κερδαίνουσιν,
3447 4741 3519 4805 ὥς
3556 4740 3605 4796 οἱ
3641 4739 3729 4798 ἐπὶ

2124 4823 2229 4879 τῶν
2258 4822 2569 4883 ἀποστόλων
2601 4822 2959 4901 θαυμάζοντες
3007 4824 3218 4901 αὐτοὺς,
3251 4829 3323 4895 ὥς
3366 4826 3435 4886 τὰ
3466 4828 3727 4907 μεγαλεῖα

2123 4916 2215 4970 τοῦ⁹
2245 4912 2387 4972 Θεοῦ
2417 4914 2812 4992 διηγουμένους.

2215 5020 2244 5056 (ι
2273 4999 2407 5061 Ἐὰν
2460 5002 2514 5060 δὲ
2560 5002 2757 5071 πάντες
2797 5005 3226 5086 προφητεύωσιν,
3278 5005 3488 5087 εἰσέλθῃ
3534 5005 3593 5067 δέ
3645 5031 3729 5076 τις

2123 5089 2343 5157 ἄπιστος
2370 5088 2406 5162 ἢ
2438 5090 2685 5167 ἰδιώτης,
2720 5092 3007 5175 ἐλέχχεται
3056 5096 3160 5155 ὑπὸ
3201 5096 3453 5171 πάντων,
3497 5097 3728 5177 ἀνακρί-

2119 5203 2267 5239 νεται
2297 5179 2402 5240 ὑπὸ
2430 5180 2647 5242 πάντων
2670 5206 2684 5220 ’
2716 5183 2808 5244 καὶ
2840 5183 2980 5246 οὕτω
3023 5183 3095 5245 τὰ
3140 5187 3351 5267 κρυπτὰ
3382 5190 3477 5258 τῆς
3506 5185 3729 5267 καρδίας

2119 5271 2281 5330 αὐτοῦ
2332 5270 2536 5353 φανερὰ
2563 5271 2804 5351 γίνεται,
2859 5273 2953 5333 καὶ
3002 5274 3146 5335 οὕτω
3192 5274 3371 5335 πεσὼν
3421 5276 3511 5336 ἐπὶ
3561 5275 3729 5355 πρόσ-

2118 5382 2285 5436 ωπον,
2315 5360 2677 5442 προσκυνήσει
2712 5365 2791 5445 τῷ
2823 5364 2976 5446 Θεῷ,
3006 5366 3363 5445 ἀπαγγέλλων
3410 5367 3492 5429 ὅτι
3517 5372 3547 5429 ὀ
3588 5367 3730 5438 Θεὸς

1798 5564 2366 5649 νατίκλιεοῑίοηεεᾶ

489 5674 534 5709 ⁸⁸
562 5673 758 5748 ἀφορμὴ
790 5675 979 5746 βλάϐης
1004 5675 1217 5750 ἔστίνξο.
