4110 6418
336 355 443 409 745

1221 353 1571 413 EXPOSITIO
1608 356 1676 411 IN
1712 355 1921 412 EPIST.
1963 357 1983 411 l
2020 357 2112 412 AD
2150 356 2308 413 COR.
2345 384 2418 399 —
2454 358 2603 414 CAP.
2647 360 2778 416 XIV.

3534 364 3640 420 πθ

334 479 503 546 ὄντως
549 480 602 539 ἓν
648 480 770 555 ὑμῖν
810 483 974 541 ἐστιν.
1022 500 1053 538 »
1106 478 1274 561 Ὁρᾷς
1319 481 1416 554 τὴν
1467 481 1795 563 προφητείαν
1824 486 1939 550 πῶς

2052 482 2235 540 vobis.
2283 504 2310 533 ι
2341 484 2535 541 Viden’
2563 484 3253 557 pmphetiam,{quomodo
3293 488 3366 546 sit
3392 504 3644 547 commo-

334 568 754 648 ὠφελιμωτέρα,
799 574 913 637 πῶς
945 568 1013 628 τὰ
1064 572 1275 651 κρυπτὰ
1320 574 1419 643 τῆς
1466 571 1689 651 καρδίας
1729 574 1940 631 ἀποκα-

334 658 645 732 λύπτουσα,
685 662 829 718 ποιεῖ
850 658 939 719 τὸν
971 659 1194 719 ἄπιστον
1226 658 1594 740 ἐπιγινώσκειν
1632 660 1720 720 τὸν
1757 661 1897 721 Θεὸν
1920 708 1937 735 ,

339 746 609 807 πίπτοντα
654 746 745 806 ἐπὶ
774 748 1061 829 πρόσωπον
1092 750 1185 809 καὶ
1225 754 1649 830 προσκυνοῦντα,
1677 749 1770 809 καὶ
1814 753 1939 827 ὁμο-

340 838 635 915 λογοῦντα,
688 836 770 896 ὅτι
823 860 853 897 α
907 837 979 899 ⁸0
1020 838 1158 907 Θεὸς
1198 837 1362 906 ὅντως
1411 842 1464 898 ἐν
1511 843 1637 917 ὑμῖν
1678 842 1852 915 ἐστιν;
1901 862 1930 897 ι)

337 924 526 1007 Ὅπερ
576 925 670 985 καὶ
740 926 830 986 ἐπὶ
885 931 977 986 τοῦ
1042 926 1519 1009 Ναϐουχοδονόσορ
1570 928 1754 1008 γέγονε
1776 953 1797 1009 -Ῠ
1848 935 1939 989 τοῦ

336 1014 548 1087 Δανιὴλ
578 1015 682 1095 γὰρ
734 1016 1175 1099 ἀποκαλύψαντος
1208 1008 1353 1098 αὐτῷ
1398 1017 1459 1076 τὸ
1500 1017 1628 1097 ὄναρ
1646 1019 1722 1093 ³⁸⁸,
1768 1008 1939 1077 εἶπεν

345 1126 380 1163 α
421 1103 553 1165 Ἐπ’
585 1104 807 1186 ἀληθεία
830 1109 857 1163 ὁ
886 1107 1024 1174 Θεὸς
1052 1111 1202 1183 ὑμῶν
1220 1154 1238 1181 ,
1265 1106 1418 1174 αὐτός
1443 1109 1554 1166 ἐστι
1573 1108 1709 1175 Θεὸς
1738 1109 1941 1168 ἀποκα-

336 1194 557 1255 λύπτων
588 1194 876 1277 μυστήρια.
925 1224 952 1249 ι
997 1199 1167 1257 Γνῶθι
1197 1188 1286 1256 οὖν
1319 1199 1572 1273 ἐντεῦθεν,
1607 1202 1664 1258 τί
1689 1190 1752 1270 ἦν
1800 1196 1827 1257 δ
1859 1198 1940 1257 εἴ-

341 1308 507 1364 ρηται
536 1284 783 1365 ἀνωτέρω
798 1286 939 1369 ,ῌτὸ,
982 1308 1011 1343 α
1039 1285 1137 1346 Ἐν
1182 1286 1538 1368 ἀποκαλύψει.
1578 1310 1606 1347 ››
1661 1287 1801 1348 Ἰδοὺ
1834 1287 1940 1369 γὰρ

335 1379 373 1445 ἡ
413 1374 747 1455 ἀποκάλυψις
786 1365 919 1443 εἶδος
950 1375 1004 1434 ἓν
1036 1376 1380 1458 προφητείας.
1412 1365 1730 1451 Σημείωσαι
1764 1377 1817 1435 δὲ
1847 1365 1939 1435 κάὶ

336 1462 485 1531 ὅπως
512 1463 570 1521 τὸ
601 1467 826 1543 Πνεῦμα
846 1510 863 1539 ,
904 1464 1041 1532 Θεός
1067 1488 1081 1501 ·
1107 1465 1239 1545 φησὶ
1266 1465 1368 1546 γάρ
1396 1489 1409 1503 ⁸
1452 1494 1478 1519 ιι
1514 1464 1584 1527 ¢0
1609 1465 1745 1534 Θεὸς
1774 1466 1938 1534 ὅντως

338 1554 396 1611 ἐν
449 1556 574 1629 ὑμῖν
623 1554 787 1615 ἐστιν.
843 1576 872 1613 >)
929 1554 1025 1615 Ἐν
1074 1554 1131 1635 δὲ
1160 1555 1265 1622 τοῖς
1302 1555 1694 1635 προφητεύουσι
1728 1556 1939 1624 πάντως

335 1640 401 1701 τὸ
432 1645 658 1721 Πνεῦμα
685 1666 698 1680 ’
747 1642 887 1703 οὕτω
929 1644 1031 1725 γὰρ
1081 1634 1225 1704 εἶπεν
1271 1644 1553 1727 ἀνωτέρω,
1595 1644 1677 1706 ὅτι
1725 1670 1937 1729 προφη-

336 1732 480 1791 τεῖαι
508 1734 561 1791 ἓν
594 1730 870 1811 Πνεύματι
902 1734 1158 1793 δίδονται.

424 1845 459 1878 α
504 1820 577 1883 Τί
604 1811 693 1880 οὖν
736 1824 899 1896 ἐστιν,
936 1822 1185 1903 ἀδελφάς
1212 1820 1391 1883 ⁰Οταν
1428 1824 1775 1906 συνέρχησθε,
1804 1823 1937 1885 ἕκα-

337 1933 463 1979 στος
505 1913 652 1989 ὑμῶν
699 1912 912 1993 ψαλμὸν
955 1911 1100 1993 ἔχει,
1148 1912 1375 1993 διδαχὴν
1419 1913 1560 1995 ἔχει,
1606 1914 1941 1997 ἀποκάλυψιν

337 2000 493 2082 ἔχει,
541 2003 791 2078 γλῶσσαν
844 2000 986 2083 ἔχει,
1043 2002 1327 2083 ἑρμηνείαν
1383 2002 1533 2083 ἔχει·
1586 2002 1765 2062 πάντα
1812 2006 1943 2080 πρὸς

336 2090 625 2167 οἰκοδομὴν
686 2090 931 2171 γινέσθω.
993 2113 1025 2151 ι)
1106 2092 1215 2153 Καὶ
1279 2091 1523 2174 ψαλμοὺς
1578 2094 1640 2152 τὸ
1709 2096 1941 2155 παλαιὸν

338 2179 553 2239 ἐποίουν
582 2180 689 2241 ἀπὸ
707 2179 1060 2262 χαρίσματος,
1095 2182 1187 2240 καὶ
1224 2181 1570 2250 διδασκαλίας
1608 2180 1663 2241 δὲ
1694 2183 1942 2263 χάρισμα

337 2269 566 2329 ἐδίδοτο.
600 2270 961 2352 Ἄποκάλυψιν
1002 2270 1058 2331 δὲ
1097 2271 1197 2344 τὴν
1250 2271 1579 2353 προφητείαν
1613 2277 1789 2346 καλεῖ,
1839 2275 1945 2333 ἀπὸ

338 2366 435 2421 τοῦ
485 2359 652 2429 εἴδους
703 2360 764 2420 τὸ
822 2362 967 2440 γένος
1015 2360 1306 2439 ὀνομάσας.
1355 2362 1697 2440 Μνημονεύει
1742 2362 1797 2421 δὲ
1849 2368 1946 2436 τῆς

338 2449 625 2528 γλώσσης,
684 2448 770 2508 ἵνα
823 2450 899 2528 μὴ
950 2452 1125 2525 πάντη
1190 2452 1652 2532 εὐκαταφρόνητον
1712 2452 1833 2532 δόξῃ
1886 2454 1945 2511 τὸ

338 2520 532 2620 χρῆμα
553 2520 628 2619 ξ⁵⁵,
650 2540 741 2599 καὶ
765 2520 897 2600 οὐδὲ.
915 2542 967 2601 ἐν
992 2520 1327 2621 χαρίσματος
1349 2520 1417 2580 ³⁸.
1434 2520 1599 2609 τάξει.
1630 2564 1660 2600 α
1686 2520 1877 2602 Πάντα
1906 2564 1933 2600 ι)

340 2621 435 2690 οὖν
463 2635 662 2703 ταῦτα,
697 2630 865 2711 φησὶ,
897 2659 920 2683 ιι
944 2630 1075 2711 πρὸς
1104 2630 1389 2708 οἰκοδομὴν
1430 2629 1655 2709 γινέσθω
1677 2655 1689 2667 ο
1720 2653 1747 2688 ι)
1789 2637 1944 2692 τοῦτο

338 2720 447 2801 γὰρ
474 2725 567 2779 τοῦ
595 2723 925 2800 Χριστιανοῢ
950 2721 1109 2796 ἴδιον,
1146 2720 1207 2780 τὸ
1234 2722 1534 2796 οἰκοδομεῖν
1552 2765 1568 2794 ,
1605 2720 1664 2779 τὸ
1696 2722 1936 2801 ὠφελεῖν.

343 2812 475 2876 Πῶς
521 2808 575 2869 δὲ
618 2814 648 2869 ὃ
693 2809 849 2888 μόνον
892 2812 1141 2888 γλῶσσαν
1189 2810 1326 2892 ἔχων
1370 2811 1589 2869 δύναται
1621 2812 1944 2886 οἷκοδομεῖν;

345 2898 481 2960 Ἐὰν
528 2900 849 2979 συνέρχηται
893 2903 970 2979 τῷ
1008 2900 1261 2979 ἑρμηείαν
1293 2900 1494 2980 ἔχοντι,
1527 2899 1620 2960 καὶ
1657 2900 1944 2979 ἡνωμένως

342 2989 412 3048 τὰ
442 2990 760 3069 χαρίσματα
790 2990 1242 3052 ἐπιδεικνύωνται.

2050 572 2189 642 dior,
2222 574 2505 645 quomodo
2541 574 2725 631 cordis
2754 575 2941 631 abdita
2966 577 3226 646 revelans,
3254 576 3419 634 faciat
3445 578 3639 636 inlide-

2050 662 2159 720 lem
2192 678 2497 735 agnoscere
2550 667 2756 731 Deum,
2786 672 2848 720 ut
2876 665 2930 720 in
2960 664 3161 722 faciem
3188 668 3515 738 procumbat
3542 669 3639 726 ad-

2047 760 2295 824 oretque,
2319 768 2375 808 et
2402 753 2733 810 conﬁteatur
2753 754 2905 827 quod
2935 758 3085 812 Deus
3111 771 3238 812 vere
3262 756 3335 813 sit
3359 757 3417 813 in
3446 758 3641 815 vobis?

2048 842 2207 912 Quod
2233 842 2289 897 in
2317 842 2832 900 Nabuchodonosor
2856 844 3022 900 etiam
3051 846 3303 918 contigit.
3321 847 3426 902 Per
3448 847 3641 903 Danie-

2048 931 2159 987 lem
2188 932 2341 988 enim
2385 933 2603 989 somnio
2652 933 2732 989 illi
2764 932 3056 1006 patefacto,
3091 958 3115 984 α
3147 938 3383 1004 Revera,
3414 935 3637 1009 inquit'.

2052 1023 2203 1077 Deus
2230 1029 2414 1079 vester
2451 1022 2566 1094 ipse
2595 1032 2680 1080 est
2707 1024 2805 1095 qui
2852 1025 3058 1080 revelat
3088 1025 3365 1097 mysteria.
3420 1050 3445 1075 ι
3496 1024 3643 1082 Hinc

2047 1110 2215 1182 igitur
2263 1127 2530 1183 cognosce
2568 1112 2697 1185 quid
2739 1113 2811 1170 sit
2869 1113 3020 1185 quod
3064 1130 3229 1186 supra
3276 1114 3489 1171 dictum
3532 1124 3636 1182 est,

2051 1223 2073 1248 «ι
2101 1202 2167 1255 In
2184 1200 2534 1257 revelatione.
2565 1221 2593 1252 »
2631 1205 2769 1258 Ecce
2794 1203 2948 1259 enim
2975 1204 3237 1259 revelatio
3266 1212 3354 1259 est
3381 1203 3637 1276 quadam

2050 1289 2352 1360 prophetia
2371 1291 2605 1361 species.
2636 1292 2877 1348 Observa
2906 1301 3092 1349 autem
3122 1291 3274 1366 quod
3302 1294 3539 1365 Spiritus
3568 1294 3640 1350 sit

2049 1383 2197 1435 Deus
2226 1398 2239 1433 :
2272 1377 2409 1436 dicit
2460 1381 2631 1449 enim,
2667 1404 2693 1430 «ι
2725 1385 2879 1438 Deus
2907 1398 3031 1438 vere
3077 1381 3137 1438 in
3175 1382 3333 1439 vobis
3360 1390 3463 1439 est.
3499 1406 3523 1432 ιο
3571 1387 3639 1439 In

2045 1470 2500 1541 prophetantibus
2546 1480 2735 1527 autem
2788 1472 3015 1528 omnino
3077 1480 3160 1528 est
3223 1473 3477 1545 Spiritus.
3548 1474 3641 1530 Sic

2042 1561 2195 1616 enim
2223 1569 2277 1616 et
2295 1577 2463 1635 supra
2500 1560 2656 1632 dixit,
2688 1576 2894 1634 nempe
2923 1560 3074 1635 quod
3091 1561 3397 1635 prophetia
3422 1562 3481 1619 in
3518 1561 3641 1635 Spi-

2042 1649 2154 1706 ritu
2179 1648 2402 1708 dantur.

1969 1862 2017 1926 Β
2097 1833 2297 1926 Διξιιιιε.
2337 1836 2429 1888 26.
2463 1854 2496 1926 ξι
2529 1831 2675 1904 Quid
2707 1848 2839 1906 ergo
2861 1842 2965 1903 est,
2999 1833 3404 1926 fratres?_Cum
3432 1851 3640 1895 conve-

2051 1921 2204 1991 nitis,
2237 1923 2614 1994 unusquisque
2653 1931 2895 1979 vestrum
2925 1924 3197 1996 psalmum
3254 1924 3438 1994 habet,
3475 1927 3643 1998 212

2051 2010 2355 2068 doctrinam
2369 2010 2554 2081 habet,
2566 2013 2971 2069 revolutionem
2987 2014 3173 2082 habet,
3187 2014 3440 2088 linguam
3455 2014 3643 2084 habet,

2050 2100 2564 2174 interpretationem
2602 2102 2769 2158 habet
2826 2120 2841 2158 :
2883 2103 3069 2159 omnia
3107 2106 3181 2159 ad
3223 2103 3644 2161 adiﬁcationem

2052 2189 2199 2246 ﬁant.
2231 2212 2259 2241 ν
2282 2192 2534 2248 Psalmos
2559 2192 2727 2249 etiam
2748 2192 2885 2248 olim
2918 2191 3189 2249 faciebant
3218 2209 3285 2249 ex
3313 2192 3485 2264 dono,
3504 2193 3641 2251 doc-

2051 2280 2217 2336 trina
2247 2282 2452 2352 pariter
2489 2282 2701 2339 donum
2723 2281 2975 2338 dabatur.
3008 2282 3430 2340 Revelationem
3459 2292 3647 2341 autem

2052 2368 2401 2441 prophetiam
2426 2371 2699 2437 nominat,
2730 2388 2761 2427 a
2791 2372 2973 2443 specie
3012 2386 3187 2444 genus
3215 2371 3485 2429 vocando.
3524 2375 3650 2429 Me-

2052 2459 2219 2514 minit
2259 2467 2447 2516 autem
2482 2460 2705 2532 lingua,
2736 2476 2805 2515 ne
2839 2476 2931 2516 res
2959 2462 3192 2516 omnino
3219 2462 3650 2534 contemptibilis

2052 2548 2318 2617 videatur,
2347 2564 2529 2620 neque
2557 2548 2902 2605 cbarismatis
2927 2548 3049 2605 loco
3071 2549 3255 2622 digna.
3287 2573 3315 2601 α
3358 2552 3587 2619 Cuncta,
3621 2575 3647 2600 ιο

2054 2637 2255 2709 inquit,
2290 2637 2411 2694 hac
2459 2660 2485 2687 α
2531 2638 2600 2694 ad
2639 2638 3063 2697 aedificationem
3092 2639 3249 2696 ﬁant.
3280 2658 3311 2693 ν
3352 2639 3648 2701 Christiani

2052 2744 2295 2800 namque
2315 2727 2421 2783 hoc
2441 2735 2524 2784 est
2538 2726 2807 2796 ofﬁcium,
2834 2736 2895 2784 ut
2907 2728 3160 2799 adiﬁcet,
3185 2737 3249 2785 ut
3271 2729 3470 2801 prosit.
3506 2730 3654 2799 Quo-

2053 2816 2222 2873 modo
2263 2825 2453 2873 autem
2499 2818 2595 2889 qui
2620 2818 2868 2889 linguam
2912 2826 3131 2873 tantum
3158 2818 3351 2886 habet,
3373 2817 3650 2875 adiﬁcare

2055 2915 2232 2978 potest
2251 2910 2275 2962 ἲ
2291 2907 2346 2963 Si
2370 2906 2768 2979 interpretandi
2795 2908 2942 2964 dono
2961 2907 3252 2979 praeditum
3268 2907 3370 2964 sibi
3387 2908 3650 2966 comitem

2053 2996 2332 3065 adhibeat,
2366 2995 2621 3069 donaque
2672 2997 3016 3070 conjunctim
3044 2997 3365 3054 ostendant.

436 3100 468 3139 α
511 3077 640 3140 Εἴτε
667 3078 890 3160 γλώσσῃ
919 3104 998 3147 τις
1028 3081 1180 3140 λαλεῖ
1202 3126 1217 3154 ,
1242 3080 1381 3139 κατὰ
1406 3079 1526 3154 δύο,
1552 3078 1587 3150 ἣ
1613 3078 1674 3138 τὸ
1698 3082 1944 3140 πλεῖστον

2124 3089 2308 3143 Vsns.
2342 3091 2431 3141 27.
2467 3109 2493 3135 α
2524 3088 2650 3143 Sive
2677 3086 2860 3159 lingua
2892 3087 3016 3158 quis
3056 3087 3322 3159 loquitur,
3374 3102 3470 3158 per
3511 3085 3654 3144 duos

343 3172 519 3249 τρεῖς,
556 3168 649 3227 καὶ
696 3168 798 3227 ἀνὰ
848 3169 1041 3251 μέρος,
1090 3169 1182 3228 καὶ
1233 3161 1304 3237 εἷς
1351 3169 1755 3249 διερμηνευέτω.
1791 3192 1821 3228 ι)
1862 3173 1943 3230 Οὐ

347 3258 541 3339 κωλύω
568 3257 628 3316 τὸ
672 3258 892 3339 γλώσσῃ
927 3261 1129 3333 λαλεῖν,
1162 3258 1301 3318 ἀλλὰ
1328 3258 1406 3329 τὸ,
1441 3258 1603 3338 χωρὶς
1649 3259 1938 3338 ἑρμηνέως.

348 3347 445 3419 Μὴ
477 3338 564 3406 οὖν
616 3348 803 3407 πολλοὶ
854 3338 1121 3427 γλώσσαις
1164 3349 1527 3421 λαλείτωσαν,
1560 3347 1645 3407 ἵνα
1689 3347 1765 3426 μὴ
1815 3346 1944 3427 σύγ-

345 3461 505 3519 χυσις
529 3436 619 3497 καὶ
640 3439 693 3477 ³⁷
720 3439 1097 3498 ἀκαταστασία
1119 3438 1352 3519 γίνηται.
1390 3460 1421 3497 ιι
1446 3438 1558 3497 Καὶ
1581 3437 1682 3496 ἀνὰ
1704 3438 1881 3518 μέρος,
1910 3461 1939 3495 ι)

346 3526 655 3606 τουτέστιν,
710 3530 772 3587 ἐκ
829 3529 1106 3609 διαδοχῆς.
1181 3530 1403 3595 Πάντως
1457 3526 1637 3603 μέντοι
1693 3526 1948 3607 ἑρμηνεὺς

349 3616 509 3677 ἔστω.

438 3730 470 3768 ιι
512 3707 644 3769 Ἐὰν
686 3706 742 3767 δὲ
792 3706 868 3783 μὴ
984 3705 1393 3787 διερμηνευτὴς,
1427 3706 1629 3784 σιγάτω
1671 3708 1723 3764 ἐν
1758 3706 1948 3778 ἐκκλη-

347 3797 441 3880 σία
471 3822 485 3835 ·
515 3800 690 3879 ἑαυτῷ
727 3798 779 3857 δὲ
810 3798 1042 3857 λαλείτω
1071 3803 1163 3856 καὶ
1189 3801 1264 3877 τῷ
1305 3800 1454 3879 Θεῷ.
1495 3820 1523 3853 ι)
1574 3796 1704 3857 Ἐὰν
1746 3795 1820 3871 μὴ
1848 3794 1947 3875 ἔχῃ

347 3888 708 3966 ἑρμηνευτὴν,
741 3890 795 3946 ἰν
828 3886 1131 3967 Ἐκκλησία
1181 3886 1257 3963 μὴ
1299 3885 1549 3958 λαλείτω,
1581 3884 1667 3944 ἵνα
1706 3883 1780 3961 μὴ
1820 3886 1948 3964 δοκῇ

350 3978 675 4059 Βάρϐαρος,
718 3978 947 4037 ἀσύνετα
997 3975 1088 4035 καὶ
1121 3977 1414 4048 ἀδιανόητα
1465 3975 1813 4056 φθεγγόμενος
1845 3983 1952 4041 τοῖς

347 4071 591 4135 πολλοῖς.
622 4067 754 4128 Ἐὰν
786 4068 841 4126 δὲ
862 4065 1027 4135 οὕτως
1054 4068 1139 4139 εἴη
1169 4064 1457 4136 κενόδοξος,
1491 4064 1630 4124 ὥστε
1657 4063 1733 4143 μὴ
1759 4064 1950 4142 ἀνέχε-

350 4165 479 4218 σθαι
499 4167 670 4237 σιγᾷν,
701 4186 725 4210 n
757 4159 931 4237 ἑαυτῷ
960 4155 1193 4216 λαλείτω
1225 4156 1315 4215 καὶ
1344 4160 1421 4235 τῷ
1445 4156 1596 4234 Θεῷ,
1622 4176 1652 4213 ι)
1682 4155 1949 4237 τουτέστιν

351 4232 711 4329 ἀψοφητὶ-καὶ
752 4232 931 4327 ἡρέμα
976 4245 1095 4306 καθ’
1127 4245 1335 4317 ἑαυτὸν,
1369 4232 1438 4312 ὥς
1468 4232 1594 4323 Θεῷ
1626 4244 1770 4322 μόνῳ
1819 4232 1953 4301 εἶναι

351 4337 593 4397 ἀκουστὰ
633 4334 701 4396 τὰ
730 4336 1016 4415 λεγόμενα,
1061 4339 1155 4395 οὐκ
1186 4333 1501 4416 ἀνθρώποις.
1524 4332 1674 4414 ’Ὅρα
1725 4333 1804 4413 δὲ,
1844 4336 1956 4400 πῶς

351 4430 526 4487 δοκῶν
554 4426 888 4507 ἐπιτρέπειν,
910 4425 1221 4506 ἀποτρέπει.

446 4633 478 4669 α
525 4613 806 4692 Προφῆται
839 4609 895 4669 δὲ
928 4606 1054 4682 δύο,
1175 4617 1311 4687 τρεῖς
1356 4604 1714 4676 λαλείτωσαν,
1761 4603 1855 4663 καὶ
1905 4608 1955 4665 οἱ

358 4702 515 4762 ἄλλοι
560 4688 993 4781 διακρινέτωσαν.
1030 4726 1053 4751 ι
1090 4688 1275 4759 ῗΗσαν
1305 4700 1358 4756 ἐν
1390 4697 1497 4764 τοῖς
1540 4694 1836 4777 προφήταις
1867 4694 1958 4752 καὶ

359 4791 579 4871 μάντεις
620 4789 993 4856 λανθάνοντες⁶
1025 4786 1107 4847 διό
1147 4810 1345 4869 φησιν,
1384 4785 1465 4846 ὅτι
1517 4806 1549 4845 (ζ
1599 4784 1956 4866 Διακρινέτω-

357 4905 461 4940 σαν
499 4904 525 4936 n
562 4878 773 4947 τούτους
800 4902 830 4938 α
863 4881 912 4936 οἱ
943 4879 1126 4953 ἄλλοι,
1167 4902 1199 4935 ι
1250 4877 1429 4954 μήπου
1476 4899 1556 4943 τις
1596 4875 1780 4953 μάντις
1822 4877 1958 4932 ὓπο-

357 4969 683 5052 κρύπτηται.
722 4970 985 5048 Καθάπερ
1029 4966 1131 5046 γὰρ
1182 4967 1274 5026 καὶ
1330 4965 1579 5045 ἀνωτέρω
1622 4963 1851 5044 εἴρηται,
1896 4954 1958 5035 ἦν

359 5060 609 5144 χάρισμα
663 5058 1001 5139 διακρίσεως,
1054 5056 1191 5116 ὥστε
1256 5056 1537 5135 γινώσκειν
1584 5054 1704 5123 τοὺς
1757 5054 1962 5135 ψευδεῖς

360 5142 456 5209 καὶ
501 5147 619 5216 τοὺς
668 5150 901 5223 ἀληθεῖς.
934 5148 1040 5208 Διὰ
1072 5151 1228 5207 τοῦτο
1278 5145 1333 5205 δὲ
1365 5145 1456 5206 δύο
1496 5142 1530 5216 ἢ
1572 5152 1712 5221 τρεῖς
1760 5166 1964 5223 “9°?”-

363 5238 535 5299 τεύειν
568 5237 793 5311 κελεύει,
826 5236 914 5297 διά
948 5261 1004 5297 τε
1032 5236 1095 5297 τὸ
1126 5235 1525 5317 εὐτακτότερον,
1563 5234 1655 5295 καὶ
1702 5232 1762 5293 τὸ
1795 5231 1870 5313 μὴ
1911 5235 1964 5291 ἐν

366 5333 446 5411 τῷ
474 5327 674 5400 πλήθει
700 5325 977 5389 λανθάνειν
1007 5327 1127 5395 τοὺς
1165 5326 1401 5405 μάντεις.

440 5476 467 5503 ί
502 5474 650 5529 Dan.
696 5486 773 5542 ιι,
802 5477 895 5528 47.

2059 3174 2114 3232 id
2130 3175 2247 3244 ﬁat,
2278 3184 2375 3232 aut
2399 3176 2470 3232 ad
2499 3176 2802 3248 plurimum
2827 3185 2960 3243 tres,
2987 3184 3039 3232 et
3053 3192 3149 3248 per
3171 3184 3413 3249 partem,
3437 3184 3492 3232 et
3511 3193 3656 3233 unus

2056 3266 2460 3338 interpretetur.
2498 3289 2524 3315 υ
2556 3268 2682 3321 Non
2711 3266 2975 3338 prohibeo
3006 3267 3192 3340 lingua
3212 3267 3384 3339 loqui,
3416 3267 3513 3324 sed
3536 3268 3658 3324 sine

2057 3355 2370 3426 interprete.
2420 3357 2503 3411 Ne
2528 3355 2698 3427 igitur
2742 3356 2908 3412 multi
2960 3356 3162 3428 linguis
3213 3356 3534 3428 loquantur,
3589 3372 3659 3413 ne

2056 3443 2306 3500 confusio
2332 3452 2385 3498 et
2414 3445 2686 3500 tumultus
2707 3444 2822 3499 ﬁat.
2852 3468 2878 3493 ει
2933 3447 3002 3500 Et
3038 3460 3134 3516 per
3162 3453 3395 3516 partem,
3432 3469 3458 3495 ιο
3491 3445 3545 3502 id
3571 3453 3655 3502 est

2059 3549 2153 3605 per
2181 3532 2605 3589 successionem.
2636 3534 2879 3591 Omnino
2906 3549 3037 3590 vero
3078 3535 3437 3607 interpretem
3465 3534 3656 3593 adesse

2059 3638 2341 3679 necessum
2372 3621 2563 3678 fuerit.

2130 3716 2308 3769 Vnns.
2348 3719 2436 3768 28.
2473 3735 2497 3761 κ
2532 3714 2589 3769 Si
2630 3721 2815 3770 autem
2861 3728 2973 3768 non
3018 3711 3187 3769 fuerit
3228 3713 3523 3785 interpres,
3572 3722 3653 3771 ta-

2059 3811 2181 3859 ceat
2209 3803 2263 3857 in
2292 3802 2556 3870 Ecclesia,
2586 3801 2801 3874 sibiipsi
2846 3810 3030 3858 autem
3056 3802 3314 3875 loquatur
3341 3810 3398 3858 et
3438 3805 3579 3860 Deo.
3630 3826 3654 3851 ι

2061 3892 2122 3949 Si
2166 3908 2277 3947 non
2318 3891 2572 3948 habuerit
2613 3891 2990 3963 interpretem,
3030 3890 3090 3947 in
3140 3891 3375 3947 Ecclesia
3408 3907 3524 3947 non
3573 3892 3659 3947 lo-

2060 3990 2279 4054 quatur,
2326 3998 2397 4037 ne
2436 3982 2680 4038 videatur
2705 3981 3001 4048 Barbarus,
3033 3981 3182 4037 haud
3208 3980 3574 4052 intelligibilia
3605 3990 3660 4037 et

2063 4072 2227 4128 stulta
2260 4071 2534 4143 plerisque
2559 4087 2780 4127 sonans.
2813 4070 2868 4125 Si
2899 4079 3086 4125 autem
3117 4070 3256 4126 adeo
3294 4069 3473 4127 fuerit
3500 4071 3661 4126 ambi

2063 4163 2257 4229 tiosus,
2280 4169 2342 4217 ut
2368 4177 2483 4217 non
2504 4160 2677 4232 possit
2703 4161 2881 4226 silere,
2913 4183 2937 4208 α
2976 4160 3079 4215 sibi
3102 4162 3360 4232 loquatur
3382 4169 3439 4216 et
3458 4164 3604 4227 Deo,
3633 4185 3658 4209 ιο

2066 4250 2169 4306 hoc
2215 4259 2301 4306 est
2328 4250 2463 4306 citra
2524 4251 2861 4321 .strepitum,
2892 4265 2955 4306 ac
2998 4250 3169 4306 tacite
3214 4249 3362 4322 apud
3408 4266 3551 4319 sese,
3602 4261 3664 4306 ut

2064 4341 2165 4398 soli
2196 4343 2313 4396 Deo
2337 4340 2627 4397 audiantur
2652 4355 2776 4411 qua
2806 4338 3086 4407 dicuntur,
3114 4346 3170 4395 et
3188 4356 3301 4396 non
3320 4339 3662 4396 hominibus.

1985 4428 2035 4490 D
2067 4429 2455 4487 Animadverte
2491 4438 2675 4486 autem
2716 4427 3001 4501 quomodo
3026 4428 3175 4485 visus
3203 4428 3531 4498 concedere,
3556 4427 3660 4486 de-

2065 4523 2339 4577 hortetur.

2135 4612 2317 4667 Vsns.
2342 4615 2430 4667 29.
2470 4633 2494 4658 α
2518 4608 2813 4681 Propheta
2830 4614 3018 4664 autem
3040 4605 3151 4663 duo
3172 4614 3268 4663 aut
3314 4614 3424 4663 tres
3450 4605 3660 4674 dicant,

2066 4708 2121 4756 et
2166 4698 2350 4757 cateri
2399 4698 2717 4772 dijudicent.
2751 4721 2777 4747 ι»
2809 4697 3124 4753 Latitabaut
3173 4697 3318 4752 inter
3357 4696 3664 4768 prophetas

2066 4790 2195 4847 vani
2226 4789 2393 4845 etiam
2412 4798 2594 4845 vates:
2624 4804 2746 4845 eam
2768 4788 2840 4844 ob
2854 4803 2974 4844 rem
2998 4787 3150 4855 dicit,
3175 4789 3287 4843 Eos
3320 4809 3346 4836 ι
3368 4785 3672 4859 dijudicent

2067 4879 2185 4948 alii,
2230 4903 2256 4927 ι»
2285 4895 2354 4935 ne
2381 4879 2578 4951 aliquis
2607 4886 2756 4934 vates
2785 4892 2961 4934 vanus
2993 4878 3315 4934 occultetur.
3344 4879 3427 4936 Ut
3444 4876 3592 4933 enim
3613 4874 3671 4931 in

2070 4968 2446 5041 superioribus
2472 4976 2977 5024 commemoratum
2998 4976 3102 5036 est,
3130 4966 3232 5023 fuit
3258 4967 3425 5025 etiam
3458 4964 3673 5023 donum

2072 5058 2510 5132 dijudicationis,
2531 5066 2595 5113 ut
2613 5057 3005 5130 dignoscerent
3034 5058 3126 5128 qui
3155 5057 3469 5123 mendaces,
3492 5062 3549 5111 et
3579 5053 3670 5124 qui

2070 5164 2293 5207 veraces
2340 5156 2543 5204 essent.
2586 5147 2798 5204 Idcirco
2829 5155 3016 5203 autem
3070 5146 3211 5202 duos
3256 5152 3356 5200 aut
3396 5152 3509 5200 tres
3547 5158 3677 5214 pro-

2073 5238 2297 5312 phetare
2319 5239 2499 5311 jubet,
2527 5245 2589 5294 ut
2617 5254 2683 5295 eo
2706 5237 2906 5293 melior
2925 5235 3063 5292 ordo
3093 5235 3387 5303 consistat,
3410 5248 3593 5307 neque
3620 5233 3679 5290 in

2074 5328 2432 5387 multitudine
2462 5327 2584 5385 falsi
2616 5335 2769 5385 vates
2795 5325 3107 5384 clanculum
3152 5324 3500 5383 delitescant.

1778 5538 1971 5599 Varia
2013 5539 2312 5599 lectiones.

446 5670 493 5703 ³³
524 5668 749 5724 ἐνύπνιον
777 5686 832 5727 0.
910 5667 955 5701 ⁸⁵
984 5667 1210 5739 χάρισμα
1234 5682 1286 5721 o.
1364 5665 1409 5701 ³⁵
1437 5667 1639 5737 χάριτος
1662 5682 1714 5722 ο.
1794 5662 1837 5699 ³⁷
1894 5664 2160 5738 σύγχυσις,
2206 5659 2387 5724 ἀταξία
2412 5660 2497 5714 καὶ
2521 5680 2601 5718 m.

665 5760 908 5815 PATROL.
947 5759 1041 5814 Gn.
1085 5758 1299 5813 CXXIV.

3304 5756 3371 5808 21
