4110 6448
448 379 551 433 747

1432 369 1950 427 THEOPHYLACTI
1991 369 2352 426 BULGARIE
2390 369 2709 426 ARCHIEP.

3645 370 3751 425 748

526 503 704 558 Vsus.
737 504 827 566 ιο,
855 503 945 554 31.
993 514 1022 549 ι(
1045 494 1207 565 Quod
1236 495 1285 552 si
1318 494 1406 551 alii
1431 495 1739 552 revelatum
1761 494 1924 552 fuerit
1960 511 2033 552 se-

2221 516 2250 552 ιι
2293 494 2310 516 ³
2341 494 2454 556 Εὰν
2485 493 2542 554 δὲ
2572 495 2723 576 ἄλλῳ
2746 493 3100 574 ἀποκαλυφθῇ
3128 491 3445 574 καθημένῳ,
3486 495 3515 551 6
3543 496 3752 571 πρῶτος

454 589 631 659 denti,
661 588 816 662 prior
833 593 1033 644 taceat.
1055 584 1290 641 Potestis
1315 584 1466 640 enim
1499 584 1816 656 singulatim
1849 599 2044 641 omnes

459 679 809 754 prophetare,
861 683 928 734 ut
953 690 1151 732 omnes
1202 673 1438 743 discant,
1489 682 1545 731 et
1570 689 1766 731 omnes
1792 673 2041 730 consola-

457 769 674 827 tionem
702 765 985 839 recipiant.
1030 785 1058 816 ι»
1087 764 1306 820 Bonum
1343 762 1437 820 hic
1464 764 1713 820 ordinem
1739 772 1793 819 et
1819 761 2044 819 humili-

454 866 633 916 tatem
681 857 862 914 docet.
895 855 1040 911 Cum
1080 853 1232 910 enim
1257 853 1344 909 alii
1389 853 1673 925 inspirarit
1693 853 1950 926 Spiritus,
1980 859 2042 907 tu

457 948 554 1022 qui
597 945 746 1020 prior
788 960 868 1015 es,
910 951 1049 1001 tace.
1094 943 1151 1000 Si
1197 943 1348 999 enim
1386 942 1622 1014 Spiritus
1674 950 1731 998 te
1781 940 2045 998 voluisset

456 1037 632 1110 loqui,
659 1051 775 1092 non
804 1034 962 1090 illum
991 1033 1298 1090 excitasset.
1341 1032 1556 1089 Deinde
1587 1031 1667 1088 illi
1709 1031 2042 1088 consolatio-

453 1143 583 1184 nem
629 1125 912 1199 praabens,
945 1145 971 1173 α
1015 1123 1274 1188 Potestis,
1321 1144 1347 1172 ν
1400 1121 1606 1194 inquit,
1658 1143 1684 1170 σι
1727 1120 2044 1200 singulatim

456 1231 653 1273 omnes
708 1213 1057 1287 prophetare,
1112 1234 1141 1262 ν
1203 1211 1310 1267 hoc
1352 1219 1437 1268 est
1464 1213 1545 1268 Ne
1584 1225 1844 1278 maereas,
1889 1216 2046 1281 potes

455 1306 608 1363 enim
645 1313 707 1361 et
728 1311 817 1374 tu,
849 1311 906 1361 et
934 1303 1090 1369 aliu,
1134 1310 1192 1358 et
1224 1317 1414 1358 omnes
1440 1316 1540 1374 per
1562 1308 1792 1373 partem,
1822 1299 1930 1355 hoc
1963 1305 2046 1355 est

460 1411 563 1468 per
601 1393 1005 1451 successionem
1062 1390 1419 1464 prophetare.
1466 1393 1598 1447 Non
1642 1390 1792 1446 enim
1845 1389 1900 1444 in
1930 1403 2043 1444 uno

451 1485 574 1543 solo
594 1483 938 1542 concluditur
958 1482 1190 1550 donum,
1212 1481 1304 1538 sed
1333 1480 1597 1536 omnibus
1633 1479 1815 1548 datur,
1839 1485 1907 1535 ut
1925 1478 2042 1534 uni-

447 1589 604 1631 versa
651 1573 890 1631 Ecclesia
919 1571 1117 1639 discat,
1138 1578 1194 1628 et
1227 1569 1661 1628 consolationem
1687 1567 1761 1626 ad
1780 1568 2041 1625 virtutem

451 1663 697 1736 recipiat.

520 1753 688 1825 213
708 1754 889 1809 Vsus.
929 1755 1016 1807 32.
1061 1768 1092 1805 ι(
1117 1753 1191 1808 Et
1214 1748 1437 1821 spiritus
1467 1748 1864 1822 prophetarum
1917 1763 2041 1821 pro-

445 1842 626 1916 phetis
651 1839 880 1913 subjecti
901 1849 1050 1897 sunt.
1097 1862 1124 1890 υ
1171 1841 1294 1896 Ηοο
1333 1839 1403 1896 ad
1431 1837 1862 1896 consolationem
1891 1853 1963 1909 qu
1974 1853 2035 1894 o-

446 1948 555 2006 que
579 1932 718 2004 ejus,
742 1930 1219 2003 quiconticescere
1232 1928 1421 2003 jussus
1445 1935 1550 1998 est,
1577 1928 1842 2002 pertinet.
1875 1927 2040 2000 Quod

444 2038 574 2080 vero
596 2020 752 2090 dicit,
779 2028 863 2078 est
889 2018 1208 2093 hujusmodi
1241 2037 1256 2076 :
1285 2022 1370 2076 Ne
1394 2018 1719 2087 contendas,
1749 2033 1926 2090 neque
1949 2033 2040 2074 se-

442 2112 726 2169 ditionem
751 2109 914 2167 cieas.
941 2111 1068 2182 Ipse
1094 2124 1336 2181 namque
1361 2107 1617 2181 Spiritus,
1651 2107 1758 2164 hoc
1803 2115 1889 2164 est
1936 2107 2037 2164 do-

443 2217 584 2259 num
611 2199 764 2274 quod
803 2200 860 2256 in
879 2207 935 2256 te
962 2207 1067 2268 est,
1097 2204 1156 2255 et
1202 2198 1446 2270 operatio
1482 2197 1726 2270 Spiritus
1765 2196 1858 2268 qui
1901 2195 1958 2252 in
1983 2203 2039 2253 te

443 2300 545 2362 est,
590 2289 876 2362 subjicitur
900 2289 1046 2346 dono
1081 2288 1329 2358 alterius,
1353 2288 1450 2361 qui
1493 2287 1563 2344 ad
1593 2285 2039 2359 prophetandum

443 2381 744 2438 concitatus
765 2386 866 2436 est.
895 2377 1058 2449 Quod
1080 2378 1129 2435 si
1151 2378 1385 2450 Spiritus
1412 2377 1735 2450 subjicitur,
1771 2384 1835 2433 tu
1859 2376 2036 2433 multo

443 2469 616 2544 magis
640 2469 737 2543 qui
767 2469 1035 2542 Spiritum
1079 2468 1346 2541 possides,
1388 2483 1502 2524 non
1532 2467 1702 2525 debes
1749 2482 1871 2524 esse
1897 2482 2038 2523 con-

441 2560 734 2618 tentiosus.
757 2559 1017 2617 Nonnulli
1032 2574 1162 2616 vero
1179 2558 1285 2615 hoc
1301 2558 1376 2614 ita
1403 2558 1802 2614 intellexerunt
1831 2575 1844 2611 :
1865 2558 2035 2614 Vates

440 2665 569 2706 sane
592 2649 737 2722 apud
756 2651 983 2708 Gracos
1008 2663 1228 2718 omnes,
1251 2648 1469 2722 quando
1499 2648 1671 2704 semel
1694 2647 1904 2719 arrepti
1942 2661 2035 2702 es-

441 2746 565 2796 sent
587 2755 618 2796 a
646 2738 917 2808 daemone,
951 2739 1121 2794 etiam
1163 2738 1553 2809 si‘voluissent,
1580 2752 1693 2793 non
1733 2743 2035 2809 potuerunt

439 2835 627 2884 tamen
671 2827 917 2884 reticere.
967 2826 1132 2898 Apud
1185 2841 1288 2883 nos
1329 2841 1461 2882 vero
1514 2825 1695 2882 sancti
1743 2824 2034 2897 propheta:

440 2917 592 2975 haud
614 2917 694 2974 sic
730 2916 992 2989 agebant,
1019 2931 1215 2972 verum
1255 2915 1314 2972 in
1359 2917 1608 2988 ipsorum
1639 2922 1722 2972 est
1745 2915 2029 2984 arbitratu,

2069 1798 2117 1862 B

2155 585 2382 664 σιγάτω.
2417 585 2659 644 Δύνασθε
2689 582 2792 664 γὰρ
2840 583 2960 643 καθ’
3006 583 3098 642 ἕνα
3141 583 3336 650 πάντες
3371 582 3749 664 προφητεύειν,

2151 672 2239 734 ἵνα
2283 676 2481 742 πάντες
2529 673 2837 750 μανθάνωσι
2873 673 2967 734 καὶ
2999 672 3194 741 πάντες
3230 674 3676 753 παρακαλῶνται.
3710 693 3742 730 n

2155 763 2424 834 Εὖταξίαν
2495 765 2723 823 ἐνταῦθα
2779 763 2874 824 xui
2936 761 3425 844 ταπεινοφροσύνην
3482 761 3746 823 διδάσκει.
3823 791 3832 798 ·

2153 851 2330 914 Ὅταν
2359 853 2462 932 γὰρ
2493 854 2642 934 ἄλλῳ
2672 852 2946 933 ἐμπνεύσῃ
2979 852 3040 912 τὸ
3069 855 3317 931 Πνεῦμα,
3343 851 3496 932 φησὶ,
3522 855 3587 910 σὺ
3623 851 3748 930 σίγα

2153 946 2182 1002 ὑ
2224 945 2462 1023 πρῶτος·
2512 944 2558 1001 εἰ
2608 941 2711 1024 γὰρ
2762 944 2991 1024 ἠθέλησε
3034 943 3096 1000 τὸ
3146 945 3370 1018 Πνεῦμα
3413 941 3474 1000 σὲ
3526 943 3746 1017 λαλεῖν,

2154 1033 2249 1091 οὐκ
2278 1031 2340 1091 ἂν
2383 1035 2580 1092 ἐκεῖνον
2622 1032 2884 1104 ἐκίνησεν.
2919 1022 3051 1091 Εἶτα
3089 1029 3568 1111 παραμυθούμενος
3602 1033 3745 1090 ἐκεῖ·

2151 1145 2266 1195 νον,
2296 1121 2460 1203 φησί·
2497 1145 2525 1179 α
2576 1122 2814 1182 Δύνασθε
2863 1120 2969 1202 γὰρ
3009 1120 3126 1181 καθ’
3163 1121 3258 1180 ἕνα
3297 1119 3492 1188 πάντες
3533 1143 3750 1203 προφη-

2153 1210 2320 1270 τεύειν
2348 1235 2362 1249 ·
2391 1232 2424 1270 ι)
2466 1210 2725 1286 τουτέστι,
2757 1209 2854 1283 Μὴ
2893 1213 3066 1271 λυποῦ
3088 1234 3102 1248 ·
3135 1210 3359 1269 δύνασαι
3387 1208 3490 1289 γὰρ
3532 1210 3626 1269 xui
3667 1209 3752 1284 σὺ,

2153 1299 2243 1358 καὶ
2288 1298 2476 1374 ἄλλος,
2509 1299 2600 1358 xui
2633 1299 2827 1366 πάντες
2873 1299 2974 1357 ἀνὰ
2991 1297 3042 1335 ³⁸
3075 1297 3255 1378 μέρος,
3287 1298 3381 1358 καὶ
3411 1299 3470 1356 ἐκ
3502 1299 3752 1378 διαδοχῆς

2151 1387 2528 1470 προφητεύειν.
2569 1389 2665 1460 Μὴ
2713 1389 2815 1469 γὰρ
2862 1389 2939 1448 ἑνὶ
2973 1389 3118 1469 μόνῳ
3148 1387 3510 1468 περικλείεται
3549 1387 3610 1448 τὸ
3641 1388 3750 1466 χά-

2154 1501 2337 1560 ρισμα,
2370 1478 2511 1538 ἀλλὰ
2541 1478 2672 1560 πρὸς
2708 1479 2910 1547 πάντας
2944 1479 3168 1551 δίδοται,
3207 1477 3296 1535 ἵνα
3336 1485 3488 1538 πᾶσα
3528 1483 3563 1552 ἡ
3615 1477 3749 1538 Ἐκ-

2150 1568 2345 1642 κλησία
2393 1569 2666 1650 μανθάνῃ,
2711 1568 2804 1628 καὶ
2853 1569 3193 1650 παράκλησιν
3240 1566 3372 1648 πρὸς
3417 1567 3610 1647 ἀρετὴν
3663 1567 3746 1627 δέ-

2149 1681 2338 1740 χηται.

2229 1777 2254 1804 α
2301 1749 2412 1811 Καὶ
2459 1749 2740 1827 πνεύματα
2769 1753 3056 1830 προφητῶν
3100 1747 3401 1829 προφήταις
3438 1745 3746 1807 ὑποτάσσε-

2147 1861 2259 1901 ται.
2291 1861 2321 1897 ))
2361 1838 2475 1900 Καὶ
2518 1844 2673 1899 τοῦτο
2701 1837 2831 1920 πρὸς
2879 1838 3227 1921 παραμυθίαν
3257 1842 3350 1897 τοῦ
3398 1837 3750 1918 ἐπιτρεπομέ-

2147 1951 2238 1988 νου
2269 1937 2448 2010 σιγᾷν.
2493 1927 2571 1990 ⁸0
2601 1929 2658 1988 δὲ
2700 1929 2863 2008 λέγει,
2910 1927 3150 1988 τοιοῦτόν
3190 1930 3340 1987 ἐστι·
3384 1926 3481 2000 Μὴ
3515 1927 3749 2006 φιλονεί-

2151 2041 2264 2094 κει,
2306 2018 2443 2098 μηδὲ
2484 2018 2737 2088 στασίαζε
2756 2042 2770 2058 ·
2799 2017 2929 2077 αὐτὸ
2959 2018 3062 2098 γὰρ
3093 2019 3154 2078 τὸ
3198 2021 3449 2094 Πνεῦμα,
3473 2016 3748 2092 τουτέστι,

2147 2109 2208 2167 τὸ
2239 2109 2294 2167 ἐν
2338 2107 2420 2168 σοὶ
2449 2109 2697 2190 χάρισμα
2717 2152 2735 2183 ,
2783 2107 2876 2167 καὶ
2905 2112 2940 2181 ἡ
2976 2108 3213 2188 ἐνέργεια
3245 2111 3336 2167 τοῦ
3370 2108 3422 2165 ἐν
3454 2106 3536 2167 σοὶ
3570 2106 3750 2167 Πνεύ-

2149 2221 2347 2275 ματος,
2400 2198 2762 2259 ὑποτάσσεται
2813 2200 2891 2278 τῷ
2938 2198 3241 2279 χαρίσματι
3289 2201 3381 2256 τοῦ
3433 2197 3612 2277 ἑτέρου
3655 2201 3746 2256 τοῦ

2147 2289 2444 2361 κινηθέντος
2497 2289 2571 2356 εἷς
2621 2288 2681 2349 τὸ
2729 2287 3112 2370 προφητεύειν·
3166 2287 3258 2347 xui
3308 2289 3352 2346 εἰ
3412 2286 3472 2346 τὸ
3519 2290 3747 2364 Πνεῦμα

2147 2377 2541 2454 ὑποτάσσεται,
2597 2379 2783 2458 πολλῷ
2831 2380 3034 2456 μᾶλλον
3093 2375 3248 2444 αὐτὸς
3295 2377 3520 2457 ὀφείλεις
3573 2379 3600 2435 6
3656 2399 3746 2436 κε-

2145 2467 2405 2545 κτημένος
2440 2469 2502 2529 τὸ
2534 2471 2786 2546 Πνεῦμα,
2823 2467 2897 2546 μὴ
2931 2467 3266 2549 φιλονεικεῖν,
3302 2466 3456 2534 Τινὲς
3486 2465 3542 2524 δὲ
3583 2464 3749 2533 οὕτως

2143 2558 2364 2630 ἐνόησαν
2395 2563 2549 2618 τοῦτο
2572 2581 2586 2596 ·
2616 2562 2688 2620 Οἱ
2719 2556 2816 2634 μὲν
2847 2557 2977 2638 παρ’
2995 2557 3236 2631 Ἕλλησι
3266 2556 3503 2635 μάντεις,
3527 2555 3742 2616 ἐπειδὰν

2144 2645 2288 2717 ἅπαξ
2337 2647 2776 2728 κατεσχέσθησαν
2828 2647 3135 2729 [ί.-σχέθ.]
3193 2647 3294 2706 ὑπὸ
3342 2650 3433 2706 τοῦ
3467 2645 3744 2722 δαίμονος,

2143 2735 2242 2795 κᾶν
2272 2735 2575 2812 ἐϐούλοντο,
2609 2739 2706 2797 οὐκ
2747 2736 3006 2811 ἠδύναντο
3031 2745 3210 2818 σιγᾷν.
3245 2737 3320 2797 Οἱ
3365 2734 3422 2795 δὲ
3450 2737 3578 2815 παρ’
3609 2739 3740 2814 ἡμῖν

2144 2825 2282 2904 ἅγιοι
2308 2832 2578 2908 προφῆται
2607 2829 2702 2908 οὐχ
2737 2826 2920 2900 οὕτως,
2968 2827 3108 2887 ἀλλὰ
3136 2828 3266 2907 παρ’
3302 2826 3502 2898 αὐτοῖς,
3551 2825 3736 2906 φησὶν,

2143 2914 2255 2975 ἔστι
2285 2917 2345 2976 τὸ
2387 2926 2578 2998 σιγᾷν,
2627 2917 2663 2989 ἢ
2702 2919 2883 2976 λαλεῖν
2909 2940 2921 2955 ·
2975 2916 3068 2976 καὶ
3097 2915 3253 2976 τοῦτό
3283 2916 3425 2975 ἔστιν
3454 2914 3586 2994 ὅπερ
3633 2938 3739 2994 φη-

439 3006 639 3079 inquit,
657 3004 742 3063 vel
764 3005 935 3077 loqui,
960 3005 1042 3060 vel
1067 3013 1270 3060 tacere.
1303 3007 1488 3076 Atque
1508 3003 1613 3060 hoc
1649 3011 1731 3060 est
1761 3001 1910 3075 quod
1928 3003 2027 3073 ait,

2143 3004 2223 3063 civ
2246 3051 2261 3078 ,
2303 3005 2382 3064 ὅτι
2415 3006 2504 3067 Τὰ
2550 3007 2830 3084 πνεύματα
2860 3009 2964 3066 τῶν
2995 3008 3281 3088 προφητῶν
3304 3051 3320 3079 ,
3365 3003 3642 3083 τουτέστι,
3670 3003 3742 3062 τὰ

439 3096 675 3169 Spiritus
698 3094 1114 3168 prophetarum,
1159 3091 1214 3149 id
1235 3099 1321 3149 est
1341 3093 1511 3160 dona,
1532 3091 1848 3149 subduntur
1862 3093 1992 3164 ipsis
2015 3109 2032 3147 :

435 3198 602 3262 atque
629 3190 706 3260 [in
750 3204 921 3245 manu
965 3187 1358 3260 prephetarum
1413 3195 1505 3245 est
1555 3187 1740 3255 silere,
1787 3188 1869 3244 vel
1922 3202 2035 3243 non

439 3278 622 3336 silere.
647 3279 733 3334 Ne
755 3276 904 3334 enim
923 3276 1072 3334 dicat
1095 3276 1143 3332 is
1169 3276 1260 3349 qui
1281 3276 1492 3332 donum
1518 3276 1700 3346 habet,
1729 3275 1834 3346 Qui
1853 3285 2036 3332 tacere

435 3383 689 3441 possum,
728 3367 953 3440 perinde
979 3382 1045 3424 ac
1083 3375 1145 3423 tu
1172 3367 1425 3436 mandas,
1453 3383 1580 3423 cum
1615 3383 1646 3423 a
1676 3366 1880 3440 Spiritu
1916 3367 2032 3440 agi-

433 3464 588 3517 tatus
615 3459 842 3530 loquar?
889 3457 1054 3530 Atqui
1103 3457 1365 3529 Spiritus,
1395 3457 1588 3529 inquit,
1635 3457 1730 3529 qui
1760 3466 1813 3514 te
1838 3456 2031 3529 agitat,

436 3549 541 3606 tibi
566 3547 842 3618 subditur,
864 3546 1026 3619 inque
1045 3555 1139 3605 tua
1173 3545 1432 3619 deinceps
1457 3555 1734 3620 potestate
1757 3547 1926 3604 situm
1949 3553 2033 3603 est

433 3648 637 3696 tacere.
666 3639 790 3697 Noli
817 3638 1000 3711 itaque
1036 3637 1303 3710 Spiritum
1346 3637 1722 3710 nequidquam
1781 3644 2030 3710 praeten-

429 3729 578 3788 dere.

499 3822 684 3878 Vnus.
712 3823 801 3875 83.
838 3839 865 3868 α
896 3821 1019 3876 Non
1044 3818 1191 3874 enim
1215 3825 1300 3874 est
1327 3816 1692 3875 dissensionis
1732 3821 1909 3887 Deus,
1931 3818 2030 3877 sed

428 3911 596 3984 pacis,
621 3908 1096 3983 quemadmodum
1128 3909 1183 3964 in
1215 3909 1479 3965 omnibus
1513 3908 1768 3965 Ecclesiis
1801 3919 2027 3966 sancto-

426 4017 572 4057 rum.
605 4019 634 4056 »
671 4000 883 4056 Iudicat
917 3997 1069 4072 quod
1089 4001 1211 4055 Deo
1243 3998 1412 4055 etiam
1443 3999 1649 4068 placeat
1672 4002 1915 4071 priorem
1939 4008 2025 4056 ta-

427 4105 568 4147 cere.
605 4093 735 4146 Non
765 4088 913 4144 enim
938 4095 1024 4144 est
1071 4091 1220 4142 Deus
1262 4087 1546 4142 seditionis
1573 4096 1630 4143 et
1671 4086 2028 4146 confusionis

428 4182 573 4253 (quae
602 4194 668 4235 ex
694 4193 760 4233 eo
789 4176 938 4248 quod
959 4191 1071 4232 non
1090 4175 1305 4245 sileant,
1334 4175 1430 4232 sed
1463 4191 1661 4232 omnes
1692 4179 2026 4250 prophetare

425 4267 614 4335 velint,
645 4264 931 4336 nascitur),
986 4279 1181 4320 verum
1213 4263 1364 4335 pacis
1405 4273 1490 4320 est
1537 4269 1712 4322 Deus.
1745 4269 1857 4322 lsta
1895 4283 2024 4324 vero

427 4372 532 4429 pax
559 4355 615 4412 in
645 4353 904 4412 omnibus
936 4353 1192 4410 Ecclesiis
1225 4362 1572 4423 sanctorum,
1612 4354 1719 4410 hoc
1756 4365 1840 4412 est
1887 4356 2020 4413 ﬁde-
2051 4388 2100 4450 Β

424 4446 584 4516 lium,
616 4453 879 4502 versatur.
913 4446 1054 4500 Sunt
1080 4443 1234 4500 enim
1262 4450 1318 4499 et
1347 4443 1675 4500 Graecorum
1717 4453 1775 4501 et
1799 4445 2020 4503 Judaeoo

422 4551 547 4593 rum
583 4535 849 4593 ecclesiae.
891 4533 1102 4591 Pudeat
1142 4533 1307 4607 igitur
1359 4548 1458 4590 vos
1505 4541 1704 4606 praeter
1744 4542 1799 4592 et
1827 4544 2019 4594 contra

422 4639 618 4684 omnes
638 4624 913 4683 Ecclesias
938 4623 1140 4682 vivere.

491 4811 671 4866 Vsus.
698 4813 786 4862 34.
815 4827 845 4858 ‹‹
870 4804 1132 4863 Mulieres
1161 4811 1356 4863 vestra;
1381 4805 1440 4862 in
1465 4791 1722 4864 Ecclesiis
1749 4815 1970 4865 taceant
2003 4827 2016 4866 :

420 4913 533 4956 non
572 4897 721 4953 enim
752 4897 1082 4969 permissum
1121 4903 1208 4952 est
1253 4895 1332 4952 eis
1386 4895 1572 4969 loqui;
1623 4898 1719 4955 sed
1771 4898 2019 4956 subditas

420 5003 561 5057 esse,
582 4986 726 5044 sicut
753 4994 807 5043 et
843 4987 929 5042 lex
951 4985 1104 5042 dicit.
1142 5008 1168 5036 ιο
1207 4987 1345 5044 Cum
1383 4987 1569 5044 omnia
1611 4987 1839 5059 pulchre
1871 4989 2020 5046 ordi-

419 5085 623 5145 nasset,
652 5085 710 5134 et
757 5092 882 5149 quae
907 5075 978 5132 de
1024 5075 1240 5149 linguis,
1287 5083 1344 5133 et
1370 5093 1493 5150 quae
1523 5076 1590 5133 de
1628 5077 1909 5149 prephetis
1961 5079 2016 5135 in

417 5168 784 5240 quaestionem
812 5166 1122 5236 veniebant,
1178 5182 1248 5223 ne
1280 5167 1438 5222 multi
1471 5166 1820 5239 propheteut,
1854 5177 1912 5224 et
1940 5169 2013 5225 ita

417 5257 670 5316 confusio
698 5267 754 5315 et
778 5257 978 5314 seditio
1016 5271 1082 5313 ex
1111 5272 1178 5313 eo
1203 5257 1569 5313 subnascatur
1610 5274 1624 5312 :
1666 5273 1814 5313 nunc
1843 5258 2013 5315 etiam

417 5347 717 5405 mulierum
735 5347 1042 5404 tumultum
1055 5346 1377 5418 compescit,
1393 5347 1579 5402 dicens
1604 5364 1618 5402 :
1641 5368 1665 5394 ει
1686 5349 1750 5402 In
1763 5349 2012 5406 Ecclesia

413 5441 650 5495 taceant.
681 5459 708 5486 ν
738 5437 955 5495 Deinde
974 5434 1124 5508 quod
1152 5435 1336 5507 majus
1365 5442 1468 5503 est,
1499 5436 1916 5493 convenientius
1935 5438 2012 5495 ait

2143 3094 2493 3174 χαρίσματα,
2524 3096 2900 3173 ξὺποτάσσεται
2935 3097 3140 3170 αὐτοῖς,
3186 3095 3278 3154 xui
3320 3093 3409 3152 ἐπὶ
3452 3094 3562 3160 τοῖς
3605 3116 3740 3174 προ-

2147 3184 2336 3263 φήταις
2381 3185 2493 3244 ἐστὶ
2519 3186 2582 3246 τὸ
2610 3190 2828 3266 σιγῆσαι
2870 3185 2962 3245 καὶ
2997 3185 3056 3244 τὸ
3088 3184 3163 3263 μὴ
3211 3188 3452 3262 σιγῆσαι.
3482 3179 3604 3244 Ἵνα
3635 3182 3741 3262 γὰρ

2146 3273 2221 3350 μὴ
2252 3275 2383 3355 λέγῃ
2412 3279 2439 3334 6
2468 3278 2528 3336 τὸ
2548 3277 2795 3356 χάρισμα
2840 3275 2998 3356 ἔχων,
3039 3274 3119 3334 ὅτι
3153 3277 3277 3340 Πῶς
3307 3274 3538 3349 δύναμαι
3585 3277 3744 3350 σιγῆ’

2144 3387 2236 3422 σαι
2280 3365 2418 3425 καθὰ
2465 3365 2728 3440 κελεύεις,
2785 3363 2916 3426 ὅπου
2977 3389 3038 3444 γε
3088 3363 3235 3444 παρὰ
3282 3367 3372 3421 τοῦ
3430 3361 3742 3438 Πνεύματος

2143 3452 2446 3531 κινούμενος
2484 3456 2663 3530 λαλῶ,
2687 3454 2882 3538 φησὶν,
2914 3457 2995 3515 ὅτι
3024 3455 3187 3514 Ἀλλὰ
3223 3451 3284 3512 τὸ
3326 3454 3554 3529 Πνεῦμα
3584 3455 3742 3511 τοῦτο

2139 3542 2200 3602 τὸ
2240 3550 2417 3604 κινοῦν
2460 3568 2519 3604 σε
2574 3543 2938 3606 ὑποτάσσεταί
2977 3566 3092 3619 σοι,
3138 3543 3314 3600 καὶέν
3345 3546 3410 3622 τῇ
3443 3545 3511 3620 σῇ
3552 3541 3738 3616 λοιπὸν

2138 3632 2347 3714 ἐξουσίᾳ
2391 3643 2564 3694 κεῖται
2609 3634 2670 3694 τὸ
2718 3643 2873 3715 σιγᾷν
2901 3659 2913 3671 ·
2958 3633 3048 3692 xui
3082 3631 3158 3712 μὴ
3193 3632 3369 3711 μάτην
3405 3627 3738 3712 προφασίζου

2136 3723 2196 3782 τὸ
2226 3726 2478 3803 Πνεῦμα.

2222 3836 2253 3870 u
2284 3816 2367 3873 Οὐ
2396 3814 2499 3894 γάρ
2531 3815 2673 3874 ἐστιν
2698 3812 3099 3880 ἀκαταστασίας
3120 3816 3146 3872 6
3171 3809 3331 3882 Θεὸς,
3361 3811 3480 3870 ἀλλ’
3505 3809 3739 3891 εἷρήνης,
3836 3830 3842 3835 ‘

2135 3905 2205 3971 ὥς
2248 3904 2305 3962 ἐν
2345 3905 2545 3971 πάσαις
2582 3913 2698 3971 ταῖς
2753 3903 3100 3977 Ἐκκλησίαις
3143 3905 3247 3961 τῶν
3298 3900 3485 3978 ἁγίων.
3529 3926 3558 3957 n
3615 3902 3740 3961 Δεί-

2135 4011 2335 4068 κνυσιν,
2365 3993 2449 4052 ὅτι
2477 3993 2570 4054 καὶ
2610 3997 2688 4074 τῷ
2722 3996 2849 4074 Θεῷ
2890 4000 3043 4053 τοῦτο
3075 3992 3246 4064 δοκεῖ,
3285 3990 3345 4049 τὸ
3385 3989 3477 4049 τὸν
3522 3994 3736 4069 πρῶτον

2135 4093 2324 4164 σιγᾷν·
2375 4084 2434 4143 οὗ
2501 4082 2604 4165 γάρ
2665 4086 2805 4142 ἐστιν
2877 4087 2905 4144 6
2965 4081 3104 4149 Θεὸς
3175 4079 3581 4146 ἀκαταστασίας
3640 4081 3738 4139 xui

2134 4170 2439 4252 συγχύσεως
2487 4172 2634 4252 (ἥτις
2663 4178 2745 4234 -ἐκ
2800 4178 2891 4232 τοῦ
2943 4171 3016 4248 μὴ
3081 4179 3270 4252 σιγᾷν,
3328 4167 3468 4228 ἀλλὰ
3524 4168 3736 4237 πάντας

2131 4262 2502 4342 προφητεύειν,
2547 4261 2800 4342 γίνεται),
2831 4261 2950 4321 ἀλλ’
2997 4259 3205 4340 εἰρήνης
3235 4258 3348 4318 ἐστὶ
3373 4258 3534 4325 Θεός.
3571 4256 3724 4332 Αὕτη

2132 4349 2185 4410 δὲ
2219 4355 2252 4423 ἡ
2284 4353 2465 4431 εἰρήνη
2509 4354 2562 4412 ἐν
2592 4352 2791 4419 πάσαις
2821 4360 2934 4420 ταῖς
2967 4349 3318 4422 Ἐκκλησίαις
3368 4351 3472 4407 τῶν
3523 4347 3728 4427 ἁγίων,

2129 4439 2400 4516 τουτέστι,
2459 4446 2565 4502 τῶν
2611 4446 2845 4517 πιστῶν,
2893 4439 3267 4500 πολιτεύεται·
3322 4437 3428 4498 εἰσὶ
3477 4437 3582 4518 γὰρ
3634 4436 3731 4496 xui

2125 4529 2443 4607 ⁸Ελλήνων,
2517 4533 2609 4592 καὶ
2676 4531 2949 4592 Ἰουδαίων
3007 4527 3310 4600 ἐκκλησίαι.
3381 4526 3728 4606 Αἰσχύνθητε

2128 4611 2218 4682 οὖν
2265 4624 2416 4700 ὑμεῖς
2470 4622 2619 4706 παρὰ
2667 4622 2846 4689 πάσας
2901 4620 2995 4688 τὰς
3057 4617 3387 4690 Ἐκκλησίας
3439 4615 3727 4675 πολιτευό-

2131 4734 2303 4788 μενοι.

2219 4823 2247 4860 (ι
2277 4802 2351 4864 Αἱ
2382 4802 2622 4879 γυναῖκες
2647 4803 2793 4880 ὑμῶν
2825 4805 2875 4862 ἐν
2900 4807 3014 4866 ταῖς
3046 4797 3353 4869 ἐκκλησίαις
3383 4795 3691 4874 σιγάτωσαν
3713 4818 3727 4831 ·

2128 4891 2186 4949 οὐ
2226 4889 2332 4972 γὰρ
2377 4891 2760 4974 ἐπιτέτραπται
2805 4893 2990 4956 αὖταῐς
3019 4891 3222 4965 λαλεῖν,
3259 4889 3378 4947 ἀλλ’
3429 4885 3730 4946 ὑποτάσσε-

2129 4985 2284 5055 σθαι,
2316 4981 2490 5050 καθὼς
2512 4982 2605 5041 καὶ
2625 4985 2653 5041 6
2680 4981 2838 5060 νόμος
2864 4980 3029 5059 λέγει.
3079 5001 3107 5036 ι
3143 4976 3372 5048 Ἐπειδὴ
3403 4974 3586 5034 πάντα
3629 4997 3732 5032 κα-

2127 5073 2229 5138 λῶς
2272 5069 2582 5151 διετάξατο,
2618 5070 2713 5132 καὶ
2761 5069 2828 5131 τὰ
2870 5070 2994 5149 περὶ
3030 5072 3136 5129 τῶν
3182 5071 3478 5146 γλωσσῶν,
3524 5063 3615 5123 xui
3657 5062 3730 5122 τὰ

2125 5159 2246 5241 περὶ
2296 5164 2402 5220 τῶν
2454 5164 2781 5245 προφητῶν,
2822 5159 2910 5220 ἵνα
2953 5157 3028 5236 μὴ
3081 5156 3271 5217 πολλοὶ
3313 5151 3727 5245 προφητεύωσι,

2124 5251 2216 5310 xui
2257 5250 2512 5330 σύγκυσις
2547 5251 2641 5312 xui
2689 5249 3068 5310 ἀκαταστασία
3116 5251 3179 5308 ἐκ
3223 5246 3410 5306 τούτου
3459 5242 3544 5317 εἴη
3573 5266 3587 5280 ·
3631 5246 3724 5302 νῦν

2121 5343 2213 5400 xui
2241 5340 2332 5400 τὸν
2363 5342 2468 5401 ἀπὸ
2497 5343 2603 5400 τῶν
2650 5345 2914 5419 γυναικῶν
2958 5337 3180 5419 θόρυϐον
3211 5333 3596 5419 καταστέλλει,
3632 5330 3728 5390 καί

2122 5455 2300 5512 φησιν,
2332 5430 2412 5490 ὅτι
2448 5455 2478 5488 α
2506 5429 2822 5510 Σιγάτωσαν
2854 5430 2908 5490 ἕν
2939 5426 3194 5510 ἐκκλησία
3217 5451 3229 5466 ·
3261 5448 3290 5486 ι)
3325 5416 3440 5486 εἶτα
3461 5423 3521 5482 τὸ
3549 5419 3730 5500 μεῖζόν

1812 5613 2004 5674 Variae
2053 5616 2352 5676 lectiones.

493 5701 537 5736 ⁸⁸
560 5700 686 5754 κατὰ
711 5716 761 5757 0.
