  <div class='ocr_page' id='page_1' title='image "/cluster/home/n/w/nwhite01/storage/ocr_20150623/124:no.2/coo.31924054870294/382.png"; bbox 0 0 4110 6416; ppageno 0'>
   <div class='ocr_carea' id='block_1_1' title="bbox 254 413 360 466">
    <p class='ocr_par' dir='ltr' id='par_1_1' title="bbox 254 413 360 466">
     <span class='ocr_line' id='line_1_1' title="bbox 254 413 360 466; baseline 0.009 -2"><span class='ocrx_word' id='word_1_1' title='bbox 254 413 360 466; x_wconf 73' lang='grc'><strong>749</strong></span> 
     </span>
    </p>
   </div>
   <div class='ocr_carea' id='block_1_2' title="bbox 1106 413 2670 473">
    <p class='ocr_par' dir='ltr' id='par_1_2' title="bbox 1106 413 2670 473">
     <span class='ocr_line' id='line_1_2' title="bbox 1106 413 2670 473; baseline 0.002 -5"><span class='ocrx_word' id='word_1_2' title='bbox 1106 413 1457 470; x_wconf 81' lang='lat' dir='ltr'><strong>EXPOSITIO</strong></span> <span class='ocrx_word' id='word_1_3' title='bbox 1498 413 1560 468; x_wconf 87' lang='grc' dir='ltr'><strong>[Ν</strong></span> <span class='ocrx_word' id='word_1_4' title='bbox 1599 413 1810 470; x_wconf 88' lang='lat' dir='ltr'><strong>EPIST.</strong></span> <span class='ocrx_word' id='word_1_5' title='bbox 1854 414 1873 470; x_wconf 86' lang='grc' dir='ltr'>Ι</span> <span class='ocrx_word' id='word_1_6' title='bbox 1910 419 2001 472; x_wconf 83' lang='lat' dir='ltr'><strong>AD</strong></span> <span class='ocrx_word' id='word_1_7' title='bbox 2042 417 2197 472; x_wconf 82' lang='lat' dir='ltr'><strong>COR.</strong></span> <span class='ocrx_word' id='word_1_8' title='bbox 2236 447 2308 457; x_wconf 90' lang='lat'>—</span> <span class='ocrx_word' id='word_1_9' title='bbox 2344 418 2493 473; x_wconf 88' lang='lat' dir='ltr'><strong>CAP.</strong></span> <span class='ocrx_word' id='word_1_10' title='bbox 2535 420 2670 473; x_wconf 86' lang='lat' dir='ltr'><strong>XIV.</strong></span> 
     </span>
    </p>
   </div>
   <div class='ocr_carea' id='block_1_3' title="bbox 3444 422 3551 475">
    <p class='ocr_par' dir='ltr' id='par_1_3' title="bbox 3444 422 3551 475">
     <span class='ocr_line' id='line_1_3' title="bbox 3444 422 3551 475; baseline 0.019 -2"><span class='ocrx_word' id='word_1_11' title='bbox 3444 422 3551 475; x_wconf 82' lang='grc'><strong>750</strong></span> 
     </span>
    </p>
   </div>
   <div class='ocr_carea' id='block_1_4' title="bbox 253 534 1870 620">
    <p class='ocr_par' dir='ltr' id='par_1_4' title="bbox 253 534 1846 620">
     <span class='ocr_line' id='line_1_4' title="bbox 253 534 1846 620; baseline 0.004 -27"><span class='ocrx_word' id='word_1_12' title='bbox 253 558 452 615; x_wconf 80' lang='grc' dir='ltr'>φησιν,</span> <span class='ocrx_word' id='word_1_13' title='bbox 503 534 586 597; x_wconf 77' lang='grc' dir='ltr'>ὅτι</span> <span class='ocrx_word' id='word_1_14' title='bbox 630 535 693 597; x_wconf 80' lang='grc' dir='ltr'><strong>τὺ</strong></span> <span class='ocrx_word' id='word_1_15' title='bbox 744 536 1143 598; x_wconf 78' lang='grc' dir='ltr'><strong>ὑποτάσσεσθαι</strong></span> <span class='ocrx_word' id='word_1_16' title='bbox 1202 540 1386 607; x_wconf 83' lang='grc' dir='ltr'>αὐταῖς</span> <span class='ocrx_word' id='word_1_17' title='bbox 1434 537 1846 620; x_wconf 77' lang='grc' dir='ltr'>ἁρμοδιώτερον.</span> 
     </span>
    </p>
   </div>
   <div class='ocr_carea' id='block_1_5' title="bbox 1954 534 3562 620">
    <p class='ocr_par' dir='ltr' id='par_1_5' title="bbox 1960 541 3562 615">
     <span class='ocr_line' id='line_1_5' title="bbox 1960 541 3562 615; baseline -0.001 -12"><span class='ocrx_word' id='word_1_18' title='bbox 1960 556 2075 603; x_wconf 68' lang='lat' dir='ltr'><strong>esse</strong></span> <span class='ocrx_word' id='word_1_19' title='bbox 2104 550 2165 599; x_wconf 90' lang='lat' dir='ltr'><strong>ut</strong></span> <span class='ocrx_word' id='word_1_20' title='bbox 2217 541 2601 614; x_wconf 88' lang='lat' dir='ltr'><strong>subjiciantur.</strong></span> <span class='ocrx_word' id='word_1_21' title='bbox 2650 541 2934 615; x_wconf 84' lang='lat' dir='ltr'><strong>Subjectio</strong></span> <span class='ocrx_word' id='word_1_22' title='bbox 3000 542 3150 599; x_wconf 90' lang='lat' dir='ltr'><strong>enim</strong></span> <span class='ocrx_word' id='word_1_23' title='bbox 3186 557 3313 600; x_wconf 92' lang='lat' dir='ltr'><strong>cum</strong></span> <span class='ocrx_word' id='word_1_24' title='bbox 3363 543 3562 601; x_wconf 80' lang='lat' dir='ltr'><strong>timore</strong></span> 
     </span>
    </p>
   </div>
   <div class='ocr_carea' id='block_1_6' title="bbox 252 623 1861 708">
    <p class='ocr_par' dir='ltr' id='par_1_6' title="bbox 252 623 1861 708">
     <span class='ocr_line' id='line_1_6' title="bbox 252 623 1861 708; baseline 0.002 -23"><span class='ocrx_word' id='word_1_25' title='bbox 252 623 328 685; x_wconf 64' lang='lat' dir='ltr'><strong>&#39;H</strong></span> <span class='ocrx_word' id='word_1_26' title='bbox 375 623 479 707; x_wconf 76' lang='grc' dir='ltr'><strong>γὰρ</strong></span> <span class='ocrx_word' id='word_1_27' title='bbox 514 625 759 707; x_wconf 76' lang='grc' dir='ltr'>ὓποταγὴ</span> <span class='ocrx_word' id='word_1_28' title='bbox 798 626 895 700; x_wconf 80' lang='grc' dir='ltr'><strong>τὴν</strong></span> <span class='ocrx_word' id='word_1_29' title='bbox 926 628 1063 705; x_wconf 83' lang='grc' dir='ltr'>μετὰ</span> <span class='ocrx_word' id='word_1_30' title='bbox 1109 627 1274 708; x_wconf 80' lang='grc' dir='ltr'>φόϐου</span> <span class='ocrx_word' id='word_1_31' title='bbox 1322 628 1534 701; x_wconf 81' lang='grc' dir='ltr'>σιωπὴν</span> <span class='ocrx_word' id='word_1_32' title='bbox 1566 629 1755 702; x_wconf 86' lang='grc' dir='ltr'>δηλοῖ,</span> <span class='ocrx_word' id='word_1_33' title='bbox 1790 633 1861 698; x_wconf 82' lang='grc' dir='ltr'>ὡς</span> 
     </span>
    </p>
   </div>
   <div class='ocr_carea' id='block_1_7' title="bbox 254 713 1858 796">
    <p class='ocr_par' dir='ltr' id='par_1_7' title="bbox 254 713 1858 796">
     <span class='ocr_line' id='line_1_7' title="bbox 254 713 1858 796; baseline 0.003 -22"><span class='ocrx_word' id='word_1_34' title='bbox 254 713 346 774; x_wconf 74' lang='grc' dir='ltr'>ἐπὶ</span> <span class='ocrx_word' id='word_1_35' title='bbox 377 717 482 774; x_wconf 78' lang='grc' dir='ltr'><strong>τῶν</strong></span> <span class='ocrx_word' id='word_1_36' title='bbox 510 715 769 775; x_wconf 87' lang='grc' dir='ltr'>δουλίδων</span> <span class='ocrx_word' id='word_1_37' title='bbox 808 715 1033 795; x_wconf 86' lang='grc' dir='ltr'>γίνεται.</span> <span class='ocrx_word' id='word_1_38' title='bbox 1066 716 1249 796; x_wconf 84' lang='grc' dir='ltr'>Νόμον</span> <span class='ocrx_word' id='word_1_39' title='bbox 1280 717 1337 778; x_wconf 80' lang='grc' dir='ltr'>δὲ</span> <span class='ocrx_word' id='word_1_40' title='bbox 1365 718 1425 779; x_wconf 84' lang='grc' dir='ltr'><strong>τὸ</strong></span> <span class='ocrx_word' id='word_1_41' title='bbox 1457 721 1553 791; x_wconf 81' lang='grc' dir='ltr'><strong>τῆς</strong></span> <span class='ocrx_word' id='word_1_42' title='bbox 1593 719 1858 787; x_wconf 88' lang='grc' dir='ltr'>Γενέσεως</span> 
     </span>
    </p>
   </div>
   <div class='ocr_carea' id='block_1_8' title="bbox 254 796 1854 890">
    <p class='ocr_par' dir='ltr' id='par_1_8' title="bbox 254 796 1854 890">
     <span class='ocr_line' id='line_1_8' title="bbox 254 796 1854 890; baseline 0.004 -28"><span class='ocrx_word' id='word_1_43' title='bbox 254 802 464 885; x_wconf 75' lang='grc' dir='ltr'>βιϐλίον</span> <span class='ocrx_word' id='word_1_44' title='bbox 506 805 684 885; x_wconf 81' lang='grc' dir='ltr'><strong>λέγει,</strong></span> <span class='ocrx_word' id='word_1_45' title='bbox 733 808 788 866; x_wconf 79' lang='grc' dir='ltr'>ἐν</span> <span class='ocrx_word' id='word_1_46' title='bbox 824 796 868 887; x_wconf 74' lang='grc' dir='ltr'>ᾧ</span> <span class='ocrx_word' id='word_1_47' title='bbox 904 806 1243 887; x_wconf 86' lang='grc' dir='ltr'>γέγραπται·</span> <span class='ocrx_word' id='word_1_48' title='bbox 1294 830 1324 866; x_wconf 79' lang='grc' dir='ltr'><strong>ε</strong></span> <span class='ocrx_word' id='word_1_49' title='bbox 1371 806 1518 887; x_wconf 76' lang='grc' dir='ltr'>Πρὸς</span> <span class='ocrx_word' id='word_1_50' title='bbox 1567 808 1657 869; x_wconf 84' lang='grc' dir='ltr'><strong>τὸν</strong></span> <span class='ocrx_word' id='word_1_51' title='bbox 1691 810 1854 890; x_wconf 82' lang='grc' dir='ltr'>ἄνδρα</span> 
     </span>
    </p>
   </div>
   <div class='ocr_carea' id='block_1_9' title="bbox 252 894 1854 979">
    <p class='ocr_par' dir='ltr' id='par_1_9' title="bbox 252 894 1854 979">
     <span class='ocr_line' id='line_1_9' title="bbox 252 894 1854 979; baseline 0.004 -27"><span class='ocrx_word' id='word_1_52' title='bbox 252 918 352 979; x_wconf 66' lang='grc' dir='ltr'><strong>σου</strong></span> <span class='ocrx_word' id='word_1_53' title='bbox 377 898 412 967; x_wconf 83' lang='grc' dir='ltr'>ἡ</span> <span class='ocrx_word' id='word_1_54' title='bbox 446 894 765 978; x_wconf 74' lang='grc' dir='ltr'>ἀποστροφή</span> <span class='ocrx_word' id='word_1_55' title='bbox 796 918 909 972; x_wconf 86' lang='grc' dir='ltr'>σου,</span> <span class='ocrx_word' id='word_1_56' title='bbox 949 895 1042 956; x_wconf 79' lang='grc' dir='ltr'>καὶ</span> <span class='ocrx_word' id='word_1_57' title='bbox 1071 896 1229 965; x_wconf 76' lang='grc' dir='ltr'>αὐτός</span> <span class='ocrx_word' id='word_1_58' title='bbox 1258 920 1353 957; x_wconf 92' lang='grc' dir='ltr'><strong>σου</strong></span> <span class='ocrx_word' id='word_1_59' title='bbox 1395 897 1680 979; x_wconf 90' lang='grc' dir='ltr'>κυριεύσει.</span> <span class='ocrx_word' id='word_1_60' title='bbox 1721 921 1747 955; x_wconf 79' lang='grc'><strong>»</strong></span> <span class='ocrx_word' id='word_1_61' title='bbox 1789 902 1854 960; x_wconf 81' lang='grc' dir='ltr'><strong>Εἰ</strong></span> 
     </span>
    </p>
   </div>
   <div class='ocr_carea' id='block_1_10' title="bbox 250 974 1853 1068">
    <p class='ocr_par' dir='ltr' id='par_1_10' title="bbox 250 974 1853 1068">
     <span class='ocr_line' id='line_1_10' title="bbox 250 974 1853 1068; baseline 0.002 -25"><span class='ocrx_word' id='word_1_62' title='bbox 250 974 343 1043; x_wconf 70' lang='grc' dir='ltr'>οὖν</span> <span class='ocrx_word' id='word_1_63' title='bbox 371 987 449 1066; x_wconf 77' lang='grc' dir='ltr'><strong>τῷ</strong></span> <span class='ocrx_word' id='word_1_64' title='bbox 492 974 642 1067; x_wconf 73' lang='grc' dir='ltr'>ἀνδρί</span> <span class='ocrx_word' id='word_1_65' title='bbox 685 974 1077 1047; x_wconf 69' lang='grc' dir='ltr'>ὗποτάσσεσθαι</span> <span class='ocrx_word' id='word_1_66' title='bbox 1123 986 1353 1066; x_wconf 79' lang='grc' dir='ltr'>ὡρίσθη,</span> <span class='ocrx_word' id='word_1_67' title='bbox 1401 974 1587 1068; x_wconf 84' lang='grc' dir='ltr'>πολλῷ</span> <span class='ocrx_word' id='word_1_68' title='bbox 1649 991 1853 1066; x_wconf 84' lang='grc' dir='ltr'>μᾶλλον</span> 
     </span>
    </p>
   </div>
   <div class='ocr_carea' id='block_1_11' title="bbox 246 1074 1687 1157">
    <p class='ocr_par' dir='ltr' id='par_1_11' title="bbox 246 1074 1687 1157">
     <span class='ocr_line' id='line_1_11' title="bbox 246 1074 1687 1157; baseline 0.002 -24"><span class='ocrx_word' id='word_1_69' title='bbox 246 1074 361 1141; x_wconf 89' lang='grc' dir='ltr'>τοῖς</span> <span class='ocrx_word' id='word_1_70' title='bbox 384 1078 765 1152; x_wconf 77' lang='grc' dir='ltr'><strong>πνευματικοῖς</strong></span> <span class='ocrx_word' id='word_1_71' title='bbox 798 1079 850 1136; x_wconf 80' lang='grc' dir='ltr'>ἐν</span> <span class='ocrx_word' id='word_1_72' title='bbox 990 1075 1296 1157; x_wconf 76' lang='grc' dir='ltr'>Ἐκκλησία</span> <span class='ocrx_word' id='word_1_73' title='bbox 1326 1076 1687 1145; x_wconf 79' lang='grc' dir='ltr'>διδασκάλοις.</span> 
     </span>
    </p>
   </div>
   <div class='ocr_carea' id='block_1_12' title="bbox 334 1164 1851 1247">
    <p class='ocr_par' dir='ltr' id='par_1_12' title="bbox 334 1164 1851 1247">
     <span class='ocr_line' id='line_1_12' title="bbox 334 1164 1851 1247; baseline 0.002 -25"><span class='ocrx_word' id='word_1_74' title='bbox 334 1184 367 1222; x_wconf 85' lang='grc'><strong>(</strong></span> <span class='ocrx_word' id='word_1_75' title='bbox 416 1166 484 1226; x_wconf 81' lang='grc' dir='ltr'>Εἰ</span> <span class='ocrx_word' id='word_1_76' title='bbox 514 1164 574 1224; x_wconf 82' lang='grc' dir='ltr'><strong>δέ</strong></span> <span class='ocrx_word' id='word_1_77' title='bbox 603 1188 652 1224; x_wconf 85' lang='grc' dir='ltr'><strong>τι</strong></span> <span class='ocrx_word' id='word_1_78' title='bbox 678 1169 864 1243; x_wconf 84' lang='grc' dir='ltr'>μαθεῖν</span> <span class='ocrx_word' id='word_1_79' title='bbox 889 1167 1151 1240; x_wconf 83' lang='grc' dir='ltr'>θέλουσιν,</span> <span class='ocrx_word' id='word_1_80' title='bbox 1177 1168 1229 1225; x_wconf 80' lang='grc' dir='ltr'><strong>ἐν</strong></span> <span class='ocrx_word' id='word_1_81' title='bbox 1251 1165 1382 1247; x_wconf 77' lang='grc' dir='ltr'>οἴκῳ</span> <span class='ocrx_word' id='word_1_82' title='bbox 1412 1166 1529 1235; x_wconf 81' lang='grc' dir='ltr'>τοὺς</span> <span class='ocrx_word' id='word_1_83' title='bbox 1558 1168 1780 1235; x_wconf 78' lang='grc' dir='ltr'>οἰκείους</span> <span class='ocrx_word' id='word_1_84' title='bbox 1799 1168 1851 1207; x_wconf 78' lang='grc'><strong>³9</strong></span> 
     </span>
    </p>
   </div>
   <div class='ocr_carea' id='block_1_13' title="bbox 247 1252 1850 1337">
    <p class='ocr_par' dir='ltr' id='par_1_13' title="bbox 247 1252 1850 1337">
     <span class='ocr_line' id='line_1_13' title="bbox 247 1252 1850 1337; baseline 0.003 -25"><span class='ocrx_word' id='word_1_85' title='bbox 247 1252 445 1333; x_wconf 78' lang='grc' dir='ltr'>ἄνδρας</span> <span class='ocrx_word' id='word_1_86' title='bbox 499 1254 947 1334; x_wconf 77' lang='grc' dir='ltr'>ἐπερωτάτωσαν.</span> <span class='ocrx_word' id='word_1_87' title='bbox 1005 1277 1035 1315; x_wconf 75' lang='lat' dir='ltr'><strong>tt</strong></span> <span class='ocrx_word' id='word_1_88' title='bbox 1099 1252 1322 1337; x_wconf 80' lang='grc' dir='ltr'>Ὥσπερ</span> <span class='ocrx_word' id='word_1_89' title='bbox 1381 1257 1518 1326; x_wconf 85' lang='grc' dir='ltr'>τινὸς</span> <span class='ocrx_word' id='word_1_90' title='bbox 1576 1257 1812 1325; x_wconf 86' lang='grc' dir='ltr'>εἰπόντος</span> <span class='ocrx_word' id='word_1_91' title='bbox 1837 1283 1850 1296; x_wconf 78' lang='grc' dir='ltr'><strong><em>ο</em></strong></span> 
     </span>
    </p>
   </div>
   <div class='ocr_carea' id='block_1_14' title="bbox 246 1341 1850 1429">
    <p class='ocr_par' dir='ltr' id='par_1_14' title="bbox 246 1341 1850 1429">
     <span class='ocr_line' id='line_1_14' title="bbox 246 1341 1850 1429; baseline 0 -24"><span class='ocrx_word' id='word_1_92' title='bbox 246 1341 385 1405; x_wconf 80' lang='grc' dir='ltr'><strong>Ἐὰν</strong></span> <span class='ocrx_word' id='word_1_93' title='bbox 416 1343 493 1423; x_wconf 80' lang='grc' dir='ltr'><strong>μὴ</strong></span> <span class='ocrx_word' id='word_1_94' title='bbox 523 1345 751 1420; x_wconf 75' lang='grc' dir='ltr'>λαλῶσι,</span> <span class='ocrx_word' id='word_1_95' title='bbox 775 1348 887 1414; x_wconf 85' lang='grc' dir='ltr'><strong>πῶς</strong></span> <span class='ocrx_word' id='word_1_96' title='bbox 921 1342 1137 1422; x_wconf 76' lang='grc' dir='ltr'>μάθοιεν</span> <span class='ocrx_word' id='word_1_97' title='bbox 1159 1344 1212 1383; x_wconf 83' lang='grc'>⁴⁰</span> <span class='ocrx_word' id='word_1_98' title='bbox 1238 1345 1309 1410; x_wconf 81' lang='grc' dir='ltr'><strong>τὰ</strong></span> <span class='ocrx_word' id='word_1_99' title='bbox 1346 1344 1705 1427; x_wconf 83' lang='grc' dir='ltr'>ἆγνοούμενα;</span> <span class='ocrx_word' id='word_1_100' title='bbox 1737 1371 1850 1429; x_wconf 83' lang='grc' dir='ltr'>φη-</span> 
     </span>
    </p>
   </div>
   <div class='ocr_carea' id='block_1_15' title="bbox 246 1433 1844 1517">
    <p class='ocr_par' dir='ltr' id='par_1_15' title="bbox 246 1433 1844 1517">
     <span class='ocr_line' id='line_1_15' title="bbox 246 1433 1844 1517; baseline 0.003 -24"><span class='ocrx_word' id='word_1_101' title='bbox 246 1433 368 1508; x_wconf 78' lang='grc' dir='ltr'>σὶν,</span> <span class='ocrx_word' id='word_1_102' title='bbox 396 1435 479 1495; x_wconf 74' lang='grc' dir='ltr'>ὅτι</span> <span class='ocrx_word' id='word_1_103' title='bbox 508 1433 602 1495; x_wconf 89' lang='grc' dir='ltr'>Ἐν</span> <span class='ocrx_word' id='word_1_104' title='bbox 646 1434 779 1516; x_wconf 78' lang='grc' dir='ltr'>οἴκῳ</span> <span class='ocrx_word' id='word_1_105' title='bbox 807 1434 958 1516; x_wconf 82' lang='grc' dir='ltr'>παρὰ</span> <span class='ocrx_word' id='word_1_106' title='bbox 1005 1437 1110 1494; x_wconf 79' lang='grc' dir='ltr'><strong>τῶν</strong></span> <span class='ocrx_word' id='word_1_107' title='bbox 1166 1437 1373 1517; x_wconf 77' lang='grc' dir='ltr'>ἀνδρῶν</span> <span class='ocrx_word' id='word_1_108' title='bbox 1407 1437 1844 1515; x_wconf 84' lang='grc' dir='ltr'>μανθανέτωσαν.</span> 
     </span>
    </p>
   </div>
   <div class='ocr_carea' id='block_1_16' title="bbox 244 1522 1851 1610">
    <p class='ocr_par' dir='ltr' id='par_1_16' title="bbox 244 1522 1851 1610">
     <span class='ocr_line' id='line_1_16' title="bbox 244 1522 1851 1610; baseline 0.002 -26"><span class='ocrx_word' id='word_1_109' title='bbox 244 1526 426 1584; x_wconf 90' lang='grc' dir='ltr'>Τοῦτο</span> <span class='ocrx_word' id='word_1_110' title='bbox 458 1526 513 1585; x_wconf 81' lang='grc' dir='ltr'>δὲ</span> <span class='ocrx_word' id='word_1_111' title='bbox 543 1522 637 1584; x_wconf 79' lang='grc' dir='ltr'>καὶ</span> <span class='ocrx_word' id='word_1_112' title='bbox 678 1524 879 1591; x_wconf 84' lang='grc' dir='ltr'>ἐκείνας</span> <span class='ocrx_word' id='word_1_113' title='bbox 921 1524 1151 1604; x_wconf 76' lang='grc' dir='ltr'>κοσμίοις</span> <span class='ocrx_word' id='word_1_114' title='bbox 1182 1533 1348 1601; x_wconf 87' lang='grc' dir='ltr'>ποιεῖ,</span> <span class='ocrx_word' id='word_1_115' title='bbox 1382 1526 1475 1587; x_wconf 89' lang='grc' dir='ltr'><strong>καὶ</strong></span> <span class='ocrx_word' id='word_1_116' title='bbox 1506 1526 1625 1594; x_wconf 83' lang='grc' dir='ltr'>τοὺς</span> <span class='ocrx_word' id='word_1_117' title='bbox 1656 1527 1851 1610; x_wconf 82' lang='grc' dir='ltr'>ἄνδρας</span> 
     </span>
    </p>
   </div>
   <div class='ocr_carea' id='block_1_17' title="bbox 244 1612 1849 1699">
    <p class='ocr_par' dir='ltr' id='par_1_17' title="bbox 244 1612 1849 1699">
     <span class='ocr_line' id='line_1_17' title="bbox 244 1612 1849 1699; baseline 0.004 -28"><span class='ocrx_word' id='word_1_118' title='bbox 244 1613 792 1695; x_wconf 84' lang='grc' dir='ltr'>προσεκτικωτέρους,</span> <span class='ocrx_word' id='word_1_119' title='bbox 837 1612 931 1675; x_wconf 76' lang='grc' dir='ltr'>ἅτε</span> <span class='ocrx_word' id='word_1_120' title='bbox 960 1614 1284 1698; x_wconf 85' lang='grc' dir='ltr'>ὀφείλοντας,</span> <span class='ocrx_word' id='word_1_121' title='bbox 1329 1615 1363 1675; x_wconf 81' lang='grc' dir='ltr'>ἃ</span> <span class='ocrx_word' id='word_1_122' title='bbox 1407 1615 1643 1689; x_wconf 81' lang='grc' dir='ltr'>ἤκουσαν</span> <span class='ocrx_word' id='word_1_123' title='bbox 1682 1618 1735 1675; x_wconf 83' lang='grc' dir='ltr'>ἐν</span> <span class='ocrx_word' id='word_1_124' title='bbox 1781 1622 1849 1699; x_wconf 85' lang='grc' dir='ltr'><strong>τῇ</strong></span> 
     </span>
    </p>
   </div>
   <div class='ocr_carea' id='block_1_18' title="bbox 242 1703 1849 1787">
    <p class='ocr_par' dir='ltr' id='par_1_18' title="bbox 242 1703 1849 1787">
     <span class='ocr_line' id='line_1_18' title="bbox 242 1703 1849 1787; baseline 0.002 -24"><span class='ocrx_word' id='word_1_125' title='bbox 242 1703 526 1787; x_wconf 68' lang='grc' dir='ltr'>ἐκκλησία,</span> <span class='ocrx_word' id='word_1_126' title='bbox 556 1707 672 1773; x_wconf 90' lang='grc' dir='ltr'>ταῖς</span> <span class='ocrx_word' id='word_1_127' title='bbox 712 1704 917 1784; x_wconf 79' lang='grc' dir='ltr'>γυναιξὶ</span> <span class='ocrx_word' id='word_1_128' title='bbox 965 1707 1498 1786; x_wconf 82' lang='grc' dir='ltr'>παρακατατίθεσθαι</span> <span class='ocrx_word' id='word_1_129' title='bbox 1545 1704 1849 1786; x_wconf 74' lang='grc' dir='ltr'>ἐρωτώσαις</span> 
     </span>
    </p>
   </div>
   <div class='ocr_carea' id='block_1_19' title="bbox 1962 631 3560 707">
    <p class='ocr_par' dir='ltr' id='par_1_19' title="bbox 1962 631 3560 707">
     <span class='ocr_line' id='line_1_19' title="bbox 1962 631 3560 707; baseline 0.001 -20"><span class='ocrx_word' id='word_1_130' title='bbox 1962 631 2243 688; x_wconf 89' lang='lat' dir='ltr'><strong>silentium</strong></span> <span class='ocrx_word' id='word_1_131' title='bbox 2279 631 2513 699; x_wconf 89' lang='lat' dir='ltr'><strong>indicat,</strong></span> <span class='ocrx_word' id='word_1_132' title='bbox 2544 631 2768 705; x_wconf 86' lang='lat' dir='ltr'><strong>perinde</strong></span> <span class='ocrx_word' id='word_1_133' title='bbox 2805 646 2870 689; x_wconf 89' lang='lat' dir='ltr'><strong>ac</strong></span> <span class='ocrx_word' id='word_1_134' title='bbox 2894 631 2953 688; x_wconf 92' lang='lat' dir='ltr'><strong>in</strong></span> <span class='ocrx_word' id='word_1_135' title='bbox 2980 631 3192 689; x_wconf 79' lang='lat' dir='ltr'><strong>ancillis</strong></span> <span class='ocrx_word' id='word_1_136' title='bbox 3219 631 3301 689; x_wconf 86' lang='lat' dir='ltr'><strong>ﬁt.</strong></span> <span class='ocrx_word' id='word_1_137' title='bbox 3354 635 3560 707; x_wconf 88' lang='lat' dir='ltr'><strong>Legem</strong></span> 
     </span>
    </p>
   </div>
   <div class='ocr_carea' id='block_1_20' title="bbox 1962 721 3557 795">
    <p class='ocr_par' dir='ltr' id='par_1_20' title="bbox 1962 721 3557 795">
     <span class='ocr_line' id='line_1_20' title="bbox 1962 721 3557 795; baseline 0.001 -19"><span class='ocrx_word' id='word_1_138' title='bbox 1962 730 2147 779; x_wconf 90' lang='lat' dir='ltr'><strong>autem</strong></span> <span class='ocrx_word' id='word_1_139' title='bbox 2166 722 2400 780; x_wconf 88' lang='lat' dir='ltr'><strong>Genesis</strong></span> <span class='ocrx_word' id='word_1_140' title='bbox 2427 722 2630 779; x_wconf 88' lang='lat' dir='ltr'><strong>librum</strong></span> <span class='ocrx_word' id='word_1_141' title='bbox 2650 721 2905 794; x_wconf 87' lang='lat' dir='ltr'><strong>appellat,</strong></span> <span class='ocrx_word' id='word_1_142' title='bbox 2927 722 2985 778; x_wconf 90' lang='lat' dir='ltr'><strong>in</strong></span> <span class='ocrx_word' id='word_1_143' title='bbox 3015 737 3124 795; x_wconf 93' lang='lat' dir='ltr'><strong>quo</strong></span> <span class='ocrx_word' id='word_1_144' title='bbox 3146 721 3415 794; x_wconf 90' lang='lat' dir='ltr'><strong>scriptum</strong></span> <span class='ocrx_word' id='word_1_145' title='bbox 3434 730 3519 779; x_wconf 91' lang='lat' dir='ltr'><strong>est</strong></span> <span class='ocrx_word' id='word_1_146' title='bbox 3541 739 3557 778; x_wconf 91' lang='lat'><strong>:</strong></span> 
     </span>
    </p>
   </div>
   <div class='ocr_carea' id='block_1_21' title="bbox 1969 810 3551 885">
    <p class='ocr_par' dir='ltr' id='par_1_21' title="bbox 1969 810 3551 885">
     <span class='ocr_line' id='line_1_21' title="bbox 1969 810 3551 885; baseline 0.004 -22"><span class='ocrx_word' id='word_1_147' title='bbox 1969 828 1998 863; x_wconf 74' lang='grc' dir='ltr'><strong>α</strong></span> <span class='ocrx_word' id='word_1_148' title='bbox 2021 810 2107 869; x_wconf 86' lang='lat' dir='ltr'><strong>Ad</strong></span> <span class='ocrx_word' id='word_1_149' title='bbox 2126 812 2309 870; x_wconf 89' lang='lat' dir='ltr'><strong>virum</strong></span> <span class='ocrx_word' id='word_1_150' title='bbox 2329 821 2489 869; x_wconf 88' lang='lat' dir='ltr'><strong>tuum</strong></span> <span class='ocrx_word' id='word_1_151' title='bbox 2511 812 2796 870; x_wconf 87' lang='lat' dir='ltr'><strong>conversio</strong></span> <span class='ocrx_word' id='word_1_152' title='bbox 2806 819 2920 880; x_wconf 90' lang='lat' dir='ltr'><strong>tua,</strong></span> <span class='ocrx_word' id='word_1_153' title='bbox 2939 819 2995 868; x_wconf 90' lang='lat' dir='ltr'><strong>et</strong></span> <span class='ocrx_word' id='word_1_154' title='bbox 3008 812 3123 885; x_wconf 89' lang='lat' dir='ltr'><strong>ipse</strong></span> <span class='ocrx_word' id='word_1_155' title='bbox 3139 812 3219 869; x_wconf 92' lang='lat' dir='ltr'><strong>tui</strong></span> <span class='ocrx_word' id='word_1_156' title='bbox 3243 811 3551 869; x_wconf 85' lang='lat' dir='ltr'><strong>dominabi-</strong></span> 
     </span>
    </p>
   </div>
   <div class='ocr_carea' id='block_1_22' title="bbox 1962 901 3558 977">
    <p class='ocr_par' dir='ltr' id='par_1_22' title="bbox 1962 901 3558 977">
     <span class='ocr_line' id='line_1_22' title="bbox 1962 901 3558 977; baseline 0.001 -20"><span class='ocrx_word' id='word_1_157' title='bbox 1962 908 2071 958; x_wconf 89' lang='lat' dir='ltr'><strong>tur.</strong></span> <span class='ocrx_word' id='word_1_158' title='bbox 2100 925 2125 952; x_wconf 75' lang='grc' dir='ltr'><strong>ν</strong></span> <span class='ocrx_word' id='word_1_159' title='bbox 2156 902 2215 959; x_wconf 90' lang='lat' dir='ltr'><strong>Si</strong></span> <span class='ocrx_word' id='word_1_160' title='bbox 2234 902 2399 977; x_wconf 83' lang='lat' dir='ltr'><strong>igitur</strong></span> <span class='ocrx_word' id='word_1_161' title='bbox 2412 901 2699 960; x_wconf 89' lang='lat' dir='ltr'><strong>decretum</strong></span> <span class='ocrx_word' id='word_1_162' title='bbox 2720 910 2803 959; x_wconf 90' lang='lat' dir='ltr'><strong>est</strong></span> <span class='ocrx_word' id='word_1_163' title='bbox 2825 910 2888 959; x_wconf 86' lang='lat' dir='ltr'><strong>ut</strong></span> <span class='ocrx_word' id='word_1_164' title='bbox 2920 902 3040 960; x_wconf 89' lang='lat' dir='ltr'><strong>viro</strong></span> <span class='ocrx_word' id='word_1_165' title='bbox 3064 902 3351 973; x_wconf 84' lang='lat' dir='ltr'><strong>subdatur,</strong></span> <span class='ocrx_word' id='word_1_166' title='bbox 3380 903 3558 959; x_wconf 88' lang='lat' dir='ltr'><strong>multo</strong></span> 
     </span>
    </p>
   </div>
   <div class='ocr_carea' id='block_1_23' title="bbox 1960 992 3271 1065">
    <p class='ocr_par' dir='ltr' id='par_1_23' title="bbox 1960 992 3271 1065">
     <span class='ocr_line' id='line_1_23' title="bbox 1960 992 3271 1065; baseline 0.001 -18"><span class='ocrx_word' id='word_1_167' title='bbox 1960 992 2139 1065; x_wconf 85' lang='lat' dir='ltr'><strong>magis</strong></span> <span class='ocrx_word' id='word_1_168' title='bbox 2166 992 2544 1065; x_wconf 89' lang='lat' dir='ltr'><strong>spiritualibus</strong></span> <span class='ocrx_word' id='word_1_169' title='bbox 2568 992 2624 1048; x_wconf 91' lang='lat' dir='ltr'><strong>in</strong></span> <span class='ocrx_word' id='word_1_170' title='bbox 2650 992 2895 1050; x_wconf 85' lang='lat' dir='ltr'><strong>Ecclesia</strong></span> <span class='ocrx_word' id='word_1_171' title='bbox 2930 992 3271 1050; x_wconf 89' lang='lat' dir='ltr'><strong>doctoribus.</strong></span> 
     </span>
    </p>
   </div>
   <div class='ocr_carea' id='block_1_24' title="bbox 2030 1171 3556 1244">
    <p class='ocr_par' dir='ltr' id='par_1_24' title="bbox 2030 1171 3556 1244">
     <span class='ocr_line' id='line_1_24' title="bbox 2030 1171 3556 1244; baseline 0.004 -18"><span class='ocrx_word' id='word_1_172' title='bbox 2030 1173 2206 1228; x_wconf 64' lang='grc' dir='ltr'>νεεδ.</span> <span class='ocrx_word' id='word_1_173' title='bbox 2241 1174 2332 1228; x_wconf 84' lang='lat'><strong>35.</strong></span> <span class='ocrx_word' id='word_1_174' title='bbox 2370 1193 2394 1221; x_wconf 76' lang='grc' dir='ltr'><strong>ιν</strong></span> <span class='ocrx_word' id='word_1_175' title='bbox 2426 1171 2483 1227; x_wconf 92' lang='lat' dir='ltr'><strong>Si</strong></span> <span class='ocrx_word' id='word_1_176' title='bbox 2513 1171 2647 1244; x_wconf 91' lang='lat' dir='ltr'><strong>quid</strong></span> <span class='ocrx_word' id='word_1_177' title='bbox 2674 1179 2865 1229; x_wconf 89' lang='lat' dir='ltr'><strong>autem</strong></span> <span class='ocrx_word' id='word_1_178' title='bbox 2913 1171 3122 1230; x_wconf 89' lang='lat' dir='ltr'><strong>discere</strong></span> <span class='ocrx_word' id='word_1_179' title='bbox 3148 1172 3362 1243; x_wconf 89' lang='lat' dir='ltr'><strong>volunt,</strong></span> <span class='ocrx_word' id='word_1_180' title='bbox 3399 1172 3556 1232; x_wconf 91' lang='lat' dir='ltr'><strong>domi</strong></span> 
     </span>
    </p>
   </div>
   <div class='ocr_carea' id='block_1_25' title="bbox 1959 1258 3629 1335">
    <p class='ocr_par' dir='ltr' id='par_1_25' title="bbox 1959 1258 3629 1335">
     <span class='ocr_line' id='line_1_25' title="bbox 1959 1258 3629 1335; baseline 0.003 -20"><span class='ocrx_word' id='word_1_181' title='bbox 1959 1258 2103 1317; x_wconf 90' lang='lat' dir='ltr'><strong>viros</strong></span> <span class='ocrx_word' id='word_1_182' title='bbox 2129 1276 2264 1316; x_wconf 89' lang='lat' dir='ltr'><strong>suos</strong></span> <span class='ocrx_word' id='word_1_183' title='bbox 2282 1260 2638 1333; x_wconf 88' lang='lat' dir='ltr'><strong>interrogent.</strong></span> <span class='ocrx_word' id='word_1_184' title='bbox 2681 1284 2707 1311; x_wconf 75' lang='grc' dir='ltr'>ιο</span> <span class='ocrx_word' id='word_1_185' title='bbox 2746 1260 2983 1318; x_wconf 88' lang='lat' dir='ltr'><strong>Perinde</strong></span> <span class='ocrx_word' id='word_1_186' title='bbox 3025 1277 3089 1318; x_wconf 89' lang='lat' dir='ltr'><strong>ac</strong></span> <span class='ocrx_word' id='word_1_187' title='bbox 3112 1261 3157 1319; x_wconf 92' lang='lat' dir='ltr'><strong>si</strong></span> <span class='ocrx_word' id='word_1_188' title='bbox 3212 1260 3335 1335; x_wconf 90' lang='lat' dir='ltr'><strong>quis</strong></span> <span class='ocrx_word' id='word_1_189' title='bbox 3381 1261 3549 1332; x_wconf 82' lang='lat' dir='ltr'><strong>dicat,</strong></span> <span class='ocrx_word' id='word_1_190' title='bbox 3626 1308 3629 1311; x_wconf 60' lang='grc' dir='ltr'><strong>ς</strong></span> 
     </span>
    </p>
   </div>
   <div class='ocr_carea' id='block_1_26' title="bbox 1957 1348 3557 1425">
    <p class='ocr_par' dir='ltr' id='par_1_26' title="bbox 1957 1348 3557 1425">
     <span class='ocr_line' id='line_1_26' title="bbox 1957 1348 3557 1425; baseline 0.003 -22"><span class='ocrx_word' id='word_1_191' title='bbox 1957 1349 2072 1405; x_wconf 89' lang='lat' dir='ltr'><strong>Nisi</strong></span> <span class='ocrx_word' id='word_1_192' title='bbox 2125 1348 2444 1422; x_wconf 90' lang='lat' dir='ltr'><strong>loquantur,</strong></span> <span class='ocrx_word' id='word_1_193' title='bbox 2484 1350 2766 1423; x_wconf 89' lang='lat' dir='ltr'><strong>quomodo</strong></span> <span class='ocrx_word' id='word_1_194' title='bbox 2819 1349 3036 1408; x_wconf 88' lang='lat' dir='ltr'><strong>discent</strong></span> <span class='ocrx_word' id='word_1_195' title='bbox 3081 1367 3206 1424; x_wconf 76' lang='lat' dir='ltr'><strong>quae</strong></span> <span class='ocrx_word' id='word_1_196' title='bbox 3256 1352 3557 1425; x_wconf 81' lang='lat' dir='ltr'><strong>ignorant?</strong></span> 
     </span>
    </p>
   </div>
   <div class='ocr_carea' id='block_1_27' title="bbox 1956 1439 3561 1512">
    <p class='ocr_par' dir='ltr' id='par_1_27' title="bbox 1956 1439 3561 1512">
     <span class='ocr_line' id='line_1_27' title="bbox 1956 1439 3561 1512; baseline 0.003 -18"><span class='ocrx_word' id='word_1_197' title='bbox 1956 1439 2150 1507; x_wconf 89' lang='lat' dir='ltr'><strong>Domi,</strong></span> <span class='ocrx_word' id='word_1_198' title='bbox 2180 1439 2377 1512; x_wconf 90' lang='lat' dir='ltr'><strong>inquit,</strong></span> <span class='ocrx_word' id='word_1_199' title='bbox 2419 1456 2449 1496; x_wconf 90' lang='lat' dir='ltr'><strong>a</strong></span> <span class='ocrx_word' id='word_1_200' title='bbox 2479 1440 2596 1497; x_wconf 88' lang='lat' dir='ltr'><strong>suis</strong></span> <span class='ocrx_word' id='word_1_201' title='bbox 2622 1440 2841 1497; x_wconf 85' lang='lat' dir='ltr'><strong>maritis</strong></span> <span class='ocrx_word' id='word_1_202' title='bbox 2875 1441 3111 1499; x_wconf 86' lang='lat' dir='ltr'><strong>discant.</strong></span> <span class='ocrx_word' id='word_1_203' title='bbox 3144 1444 3266 1499; x_wconf 87' lang='lat' dir='ltr'><strong>Hoc</strong></span> <span class='ocrx_word' id='word_1_204' title='bbox 3291 1450 3476 1499; x_wconf 89' lang='lat' dir='ltr'><strong>autem</strong></span> <span class='ocrx_word' id='word_1_205' title='bbox 3505 1451 3561 1499; x_wconf 92' lang='lat' dir='ltr'><strong>et</strong></span> 
     </span>
    </p>
   </div>
   <div class='ocr_carea' id='block_1_28' title="bbox 1954 1527 3557 1605">
    <p class='ocr_par' dir='ltr' id='par_1_28' title="bbox 1954 1527 3557 1605">
     <span class='ocr_line' id='line_1_28' title="bbox 1954 1527 3557 1605; baseline 0.003 -21"><span class='ocrx_word' id='word_1_206' title='bbox 1954 1527 2075 1585; x_wconf 89' lang='lat' dir='ltr'><strong>illas</strong></span> <span class='ocrx_word' id='word_1_207' title='bbox 2102 1537 2324 1586; x_wconf 88' lang='lat' dir='ltr'><strong>ornatas</strong></span> <span class='ocrx_word' id='word_1_208' title='bbox 2359 1528 2566 1600; x_wconf 86' lang='lat' dir='ltr'><strong>reddit,</strong></span> <span class='ocrx_word' id='word_1_209' title='bbox 2592 1539 2649 1587; x_wconf 89' lang='lat' dir='ltr'><strong>et</strong></span> <span class='ocrx_word' id='word_1_210' title='bbox 2674 1531 2821 1587; x_wconf 92' lang='lat' dir='ltr'><strong>viros</strong></span> <span class='ocrx_word' id='word_1_211' title='bbox 2855 1531 3179 1589; x_wconf 89' lang='lat' dir='ltr'><strong>attentiores</strong></span> <span class='ocrx_word' id='word_1_212' title='bbox 3209 1531 3379 1605; x_wconf 69' lang='grc'><strong>214</strong></span> <span class='ocrx_word' id='word_1_213' title='bbox 3406 1532 3557 1601; x_wconf 87' lang='lat' dir='ltr'><strong>facit,</strong></span> 
     </span>
    </p>
   </div>
   <div class='ocr_carea' id='block_1_29' title="bbox 1956 1618 3552 1692">
    <p class='ocr_par' dir='ltr' id='par_1_29' title="bbox 1956 1618 3552 1692">
     <span class='ocr_line' id='line_1_29' title="bbox 1956 1618 3552 1692; baseline 0.004 -19"><span class='ocrx_word' id='word_1_214' title='bbox 1956 1626 2019 1675; x_wconf 89' lang='lat' dir='ltr'><strong>ut</strong></span> <span class='ocrx_word' id='word_1_215' title='bbox 2045 1618 2142 1691; x_wconf 88' lang='lat' dir='ltr'><strong>qui</strong></span> <span class='ocrx_word' id='word_1_216' title='bbox 2165 1618 2423 1688; x_wconf 89' lang='lat' dir='ltr'><strong>debeant,</strong></span> <span class='ocrx_word' id='word_1_217' title='bbox 2453 1635 2579 1692; x_wconf 66' lang='lat' dir='ltr'><strong>quae</strong></span> <span class='ocrx_word' id='word_1_218' title='bbox 2602 1622 2661 1676; x_wconf 93' lang='lat' dir='ltr'><strong>in</strong></span> <span class='ocrx_word' id='word_1_219' title='bbox 2692 1620 2933 1678; x_wconf 83' lang='lat' dir='ltr'><strong>Ecclesia</strong></span> <span class='ocrx_word' id='word_1_220' title='bbox 2980 1620 3329 1691; x_wconf 90' lang='lat' dir='ltr'><strong>audiverunt,</strong></span> <span class='ocrx_word' id='word_1_221' title='bbox 3365 1623 3552 1679; x_wconf 85' lang='lat' dir='ltr'><strong>uxori-</strong></span> 
     </span>
    </p>
   </div>
   <div class='ocr_carea' id='block_1_30' title="bbox 1958 1707 3545 1784">
    <p class='ocr_par' dir='ltr' id='par_1_30' title="bbox 1958 1707 3545 1784">
     <span class='ocr_line' id='line_1_30' title="bbox 1958 1707 3545 1784; baseline 0.004 -21"><span class='ocrx_word' id='word_1_222' title='bbox 1958 1707 2059 1763; x_wconf 92' lang='lat' dir='ltr'><strong>bus</strong></span> <span class='ocrx_word' id='word_1_223' title='bbox 2086 1724 2181 1764; x_wconf 92' lang='lat' dir='ltr'><strong>eos</strong></span> <span class='ocrx_word' id='word_1_224' title='bbox 2205 1709 2670 1781; x_wconf 86' lang='lat' dir='ltr'><strong>interrogantibus</strong></span> <span class='ocrx_word' id='word_1_225' title='bbox 2698 1711 2952 1780; x_wconf 87' lang='lat' dir='ltr'><strong>recitare,</strong></span> <span class='ocrx_word' id='word_1_226' title='bbox 2988 1727 3051 1767; x_wconf 89' lang='lat' dir='ltr'><strong>ac</strong></span> <span class='ocrx_word' id='word_1_227' title='bbox 3079 1710 3246 1768; x_wconf 88' lang='lat' dir='ltr'><strong>veluti</strong></span> <span class='ocrx_word' id='word_1_228' title='bbox 3270 1712 3415 1784; x_wconf 88' lang='lat' dir='ltr'><strong>apud</strong></span> <span class='ocrx_word' id='word_1_229' title='bbox 3450 1728 3545 1770; x_wconf 90' lang='lat' dir='ltr'><strong>eas</strong></span> 
     </span>
    </p>
   </div>
   <div class='ocr_carea' id='block_1_31' title="bbox 246 1792 1870 1880">
    <p class='ocr_par' dir='ltr' id='par_1_31' title="bbox 246 1792 1848 1877">
     <span class='ocr_line' id='line_1_31' title="bbox 246 1792 1848 1877; baseline 0.002 -24"><span class='ocrx_word' id='word_1_230' title='bbox 246 1792 463 1861; x_wconf 74' lang='grc' dir='ltr'>αὐτούς,</span> <span class='ocrx_word' id='word_1_231' title='bbox 515 1795 834 1871; x_wconf 84' lang='grc' dir='ltr'>Σημείωσαι</span> <span class='ocrx_word' id='word_1_232' title='bbox 877 1792 958 1869; x_wconf 77' lang='grc' dir='ltr'>δὲ,</span> <span class='ocrx_word' id='word_1_233' title='bbox 989 1794 1069 1855; x_wconf 79' lang='grc' dir='ltr'>ὅτι</span> <span class='ocrx_word' id='word_1_234' title='bbox 1105 1792 1221 1855; x_wconf 80' lang='grc' dir='ltr'>οὐδὲ</span> <span class='ocrx_word' id='word_1_235' title='bbox 1251 1795 1374 1877; x_wconf 74' lang='grc' dir='ltr'>περὶ</span> <span class='ocrx_word' id='word_1_236' title='bbox 1415 1795 1721 1877; x_wconf 74' lang='grc' dir='ltr'>ἀναγκαίων</span> <span class='ocrx_word' id='word_1_237' title='bbox 1754 1795 1848 1858; x_wconf 81' lang='grc' dir='ltr'>καὶ</span> 
     </span>
    </p>
   </div>
   <div class='ocr_carea' id='block_1_32' title="bbox 1954 1792 3557 1880">
    <p class='ocr_par' dir='ltr' id='par_1_32' title="bbox 1956 1797 3557 1873">
     <span class='ocr_line' id='line_1_32' title="bbox 1956 1797 3557 1873; baseline 0.002 -18"><span class='ocrx_word' id='word_1_238' title='bbox 1956 1797 2247 1870; x_wconf 90' lang='lat' dir='ltr'><strong>deponere.</strong></span> <span class='ocrx_word' id='word_1_239' title='bbox 2297 1799 2546 1857; x_wconf 85' lang='lat' dir='ltr'><strong>Observa</strong></span> <span class='ocrx_word' id='word_1_240' title='bbox 2594 1808 2781 1856; x_wconf 89' lang='lat' dir='ltr'><strong>autem</strong></span> <span class='ocrx_word' id='word_1_241' title='bbox 2837 1800 2986 1873; x_wconf 92' lang='lat' dir='ltr'><strong>quod</strong></span> <span class='ocrx_word' id='word_1_242' title='bbox 3014 1816 3083 1857; x_wconf 91' lang='lat' dir='ltr'><strong>ne</strong></span> <span class='ocrx_word' id='word_1_243' title='bbox 3129 1800 3197 1857; x_wconf 91' lang='lat' dir='ltr'><strong>de</strong></span> <span class='ocrx_word' id='word_1_244' title='bbox 3233 1802 3557 1859; x_wconf 84' lang='lat' dir='ltr'><strong>necessariis</strong></span> 
     </span>
    </p>
   </div>
   <div class='ocr_carea' id='block_1_33' title="bbox 243 1883 1850 1966">
    <p class='ocr_par' dir='ltr' id='par_1_33' title="bbox 243 1883 1850 1966">
     <span class='ocr_line' id='line_1_33' title="bbox 243 1883 1850 1966; baseline 0.003 -24"><span class='ocrx_word' id='word_1_245' title='bbox 243 1884 580 1965; x_wconf 77' lang='grc' dir='ltr'>ψυχωφελῶν</span> <span class='ocrx_word' id='word_1_246' title='bbox 649 1883 1036 1966; x_wconf 74' lang='grc' dir='ltr'>ἐπιτέτραπται</span> <span class='ocrx_word' id='word_1_247' title='bbox 1113 1883 1318 1965; x_wconf 72' lang='grc' dir='ltr'>γυναιξὶ</span> <span class='ocrx_word' id='word_1_248' title='bbox 1386 1886 1573 1946; x_wconf 84' lang='grc' dir='ltr'>λαλεῖν</span> <span class='ocrx_word' id='word_1_249' title='bbox 1636 1889 1690 1946; x_wconf 76' lang='grc' dir='ltr'><strong>ἐν</strong></span> <span class='ocrx_word' id='word_1_250' title='bbox 1764 1890 1850 1947; x_wconf 80' lang='grc' dir='ltr'><strong>ἐκ·</strong></span> 
     </span>
    </p>
   </div>
   <div class='ocr_carea' id='block_1_34' title="bbox 242 1974 470 2056">
    <p class='ocr_par' dir='ltr' id='par_1_34' title="bbox 242 1974 470 2056">
     <span class='ocr_line' id='line_1_34' title="bbox 242 1974 470 2056; baseline 0 -22"><span class='ocrx_word' id='word_1_251' title='bbox 242 1974 444 2056; x_wconf 77' lang='grc' dir='ltr'>κλησίᾳ</span> <span class='ocrx_word' id='word_1_252' title='bbox 458 2022 470 2034; x_wconf 94' lang='grc'><strong>.</strong></span> 
     </span>
    </p>
   </div>
   <div class='ocr_carea' id='block_1_35' title="bbox 329 2062 1843 2150">
    <p class='ocr_par' dir='ltr' id='par_1_35' title="bbox 329 2062 1843 2150">
     <span class='ocr_line' id='line_1_35' title="bbox 329 2062 1843 2150; baseline 0.003 -29"><span class='ocrx_word' id='word_1_253' title='bbox 329 2091 359 2120; x_wconf 79' lang='grc' dir='ltr'><strong>ιι</strong></span> <span class='ocrx_word' id='word_1_254' title='bbox 409 2062 649 2145; x_wconf 77' lang='grc' dir='ltr'>Αἰσχρὸν</span> <span class='ocrx_word' id='word_1_255' title='bbox 675 2063 779 2146; x_wconf 89' lang='grc' dir='ltr'><strong>γάρ</strong></span> <span class='ocrx_word' id='word_1_256' title='bbox 809 2065 921 2125; x_wconf 77' lang='grc' dir='ltr'>ἔστι</span> <span class='ocrx_word' id='word_1_257' title='bbox 950 2063 1182 2147; x_wconf 75' lang='grc' dir='ltr'>γυναιξὶν</span> <span class='ocrx_word' id='word_1_258' title='bbox 1209 2065 1263 2125; x_wconf 77' lang='grc' dir='ltr'>ἓν</span> <span class='ocrx_word' id='word_1_259' title='bbox 1292 2064 1552 2150; x_wconf 71' lang='grc' dir='ltr'>ἐκκλησίᾳ</span> <span class='ocrx_word' id='word_1_260' title='bbox 1579 2066 1778 2127; x_wconf 85' lang='grc' dir='ltr'>λαλεῖν.</span> <span class='ocrx_word' id='word_1_261' title='bbox 1814 2088 1843 2125; x_wconf 69' lang='grc' dir='ltr'><strong>ε</strong></span> 
     </span>
    </p>
   </div>
   <div class='ocr_carea' id='block_1_36' title="bbox 244 2154 1847 2230">
    <p class='ocr_par' dir='ltr' id='par_1_36' title="bbox 244 2154 1847 2230">
     <span class='ocr_line' id='line_1_36' title="bbox 244 2154 1847 2230; baseline 0 -13"><span class='ocrx_word' id='word_1_262' title='bbox 244 2154 477 2228; x_wconf 80' lang='grc' dir='ltr'>Ἐπειδὴ</span> <span class='ocrx_word' id='word_1_263' title='bbox 528 2157 727 2216; x_wconf 74' lang='grc' dir='ltr'>ἐκεῖναι</span> <span class='ocrx_word' id='word_1_264' title='bbox 779 2155 908 2224; x_wconf 84' lang='grc' dir='ltr'>ἴσως</span> <span class='ocrx_word' id='word_1_265' title='bbox 971 2155 1455 2226; x_wconf 75' lang='grc' dir='ltr'>ἕνεκαλλωπίζοντο</span> <span class='ocrx_word' id='word_1_266' title='bbox 1506 2165 1622 2225; x_wconf 87' lang='grc' dir='ltr'>ταῖς</span> <span class='ocrx_word' id='word_1_267' title='bbox 1692 2158 1847 2230; x_wconf 75' lang='grc' dir='ltr'>δῆθεν</span> 
     </span>
    </p>
   </div>
   <div class='ocr_carea' id='block_1_37' title="bbox 243 2244 1850 2328">
    <p class='ocr_par' dir='ltr' id='par_1_37' title="bbox 243 2244 1850 2328">
     <span class='ocr_line' id='line_1_37' title="bbox 243 2244 1850 2328; baseline 0.001 -21"><span class='ocrx_word' id='word_1_268' title='bbox 243 2248 633 2325; x_wconf 79' lang='grc' dir='ltr'>πνευματικαῖς</span> <span class='ocrx_word' id='word_1_269' title='bbox 683 2248 736 2307; x_wconf 81' lang='grc' dir='ltr'><strong>ἐν</strong></span> <span class='ocrx_word' id='word_1_270' title='bbox 789 2244 1052 2328; x_wconf 71' lang='grc' dir='ltr'>ἐκκλησίᾳ</span> <span class='ocrx_word' id='word_1_271' title='bbox 1102 2246 1361 2323; x_wconf 81' lang='grc' dir='ltr'>ὁμιλίαις,</span> <span class='ocrx_word' id='word_1_272' title='bbox 1420 2245 1577 2315; x_wconf 79' lang='grc' dir='ltr'>αὐτὸς</span> <span class='ocrx_word' id='word_1_273' title='bbox 1630 2249 1850 2308; x_wconf 78' lang='grc' dir='ltr'>τούναν-</span> 
     </span>
    </p>
   </div>
   <div class='ocr_carea' id='block_1_38' title="bbox 242 2333 1846 2420">
    <p class='ocr_par' dir='ltr' id='par_1_38' title="bbox 242 2333 1846 2420">
     <span class='ocr_line' id='line_1_38' title="bbox 242 2333 1846 2420; baseline 0.001 -25"><span class='ocrx_word' id='word_1_274' title='bbox 242 2335 357 2396; x_wconf 91' lang='grc' dir='ltr'>τίον</span> <span class='ocrx_word' id='word_1_275' title='bbox 409 2334 601 2417; x_wconf 82' lang='grc' dir='ltr'>φησὶν,</span> <span class='ocrx_word' id='word_1_276' title='bbox 652 2333 735 2395; x_wconf 76' lang='grc' dir='ltr'><strong>ὅτι</strong></span> <span class='ocrx_word' id='word_1_277' title='bbox 801 2334 986 2406; x_wconf 79' lang='grc' dir='ltr'>ἀδοξία</span> <span class='ocrx_word' id='word_1_278' title='bbox 1040 2334 1183 2397; x_wconf 75' lang='grc' dir='ltr'>ἐστὶν</span> <span class='ocrx_word' id='word_1_279' title='bbox 1233 2337 1420 2405; x_wconf 79' lang='grc' dir='ltr'>αὐταῖς</span> <span class='ocrx_word' id='word_1_280' title='bbox 1476 2336 1568 2397; x_wconf 80' lang='grc' dir='ltr'><strong>καὶ</strong></span> <span class='ocrx_word' id='word_1_281' title='bbox 1615 2338 1846 2420; x_wconf 78' lang='grc' dir='ltr'>αἰσχύνη</span> 
     </span>
    </p>
   </div>
   <div class='ocr_carea' id='block_1_39' title="bbox 243 2432 421 2488">
    <p class='ocr_par' dir='ltr' id='par_1_39' title="bbox 243 2432 421 2488">
     <span class='ocr_line' id='line_1_39' title="bbox 243 2432 421 2488; baseline 0 -2"><span class='ocrx_word' id='word_1_282' title='bbox 243 2432 421 2488; x_wconf 84' lang='grc' dir='ltr'>τοῦτο.</span> 
     </span>
    </p>
   </div>
   <div class='ocr_carea' id='block_1_40' title="bbox 337 2512 1848 2598">
    <p class='ocr_par' dir='ltr' id='par_1_40' title="bbox 337 2512 1848 2598">
     <span class='ocr_line' id='line_1_40' title="bbox 337 2512 1848 2598; baseline -0.001 -20"><span class='ocrx_word' id='word_1_283' title='bbox 337 2539 371 2577; x_wconf 76' lang='grc' dir='ltr'><strong>ιε</strong></span> <span class='ocrx_word' id='word_1_284' title='bbox 412 2512 495 2578; x_wconf 86' lang='grc' dir='ltr'><strong>Ἦ</strong></span> <span class='ocrx_word' id='word_1_285' title='bbox 526 2517 615 2598; x_wconf 77' lang='grc' dir='ltr'>ἀφ’</span> <span class='ocrx_word' id='word_1_286' title='bbox 645 2517 794 2594; x_wconf 78' lang='grc' dir='ltr'>ὑμῶν</span> <span class='ocrx_word' id='word_1_287' title='bbox 827 2520 855 2577; x_wconf 79' lang='grc' dir='ltr'>ὁ</span> <span class='ocrx_word' id='word_1_288' title='bbox 887 2513 1041 2597; x_wconf 84' lang='grc' dir='ltr'>λόγος</span> <span class='ocrx_word' id='word_1_289' title='bbox 1084 2519 1178 2575; x_wconf 85' lang='grc' dir='ltr'><strong>τοῦ</strong></span> <span class='ocrx_word' id='word_1_290' title='bbox 1232 2518 1376 2578; x_wconf 86' lang='grc' dir='ltr'>Θεοῦ</span> <span class='ocrx_word' id='word_1_291' title='bbox 1422 2514 1671 2596; x_wconf 80' lang='grc' dir='ltr'>ἐξῆλθεν;</span> <span class='ocrx_word' id='word_1_292' title='bbox 1705 2516 1739 2592; x_wconf 81' lang='grc' dir='ltr'>ἢ</span> <span class='ocrx_word' id='word_1_293' title='bbox 1778 2520 1848 2586; x_wconf 83' lang='grc' dir='ltr'>εἷς</span> 
     </span>
    </p>
   </div>
   <div class='ocr_carea' id='block_1_41' title="bbox 242 2604 1848 2688">
    <p class='ocr_par' dir='ltr' id='par_1_41' title="bbox 242 2604 1848 2688">
     <span class='ocr_line' id='line_1_41' title="bbox 242 2604 1848 2688; baseline -0.001 -21"><span class='ocrx_word' id='word_1_294' title='bbox 242 2610 385 2684; x_wconf 73' lang='grc' dir='ltr'>ὑμᾶς</span> <span class='ocrx_word' id='word_1_295' title='bbox 425 2606 615 2684; x_wconf 86' lang='grc' dir='ltr'>μόνους</span> <span class='ocrx_word' id='word_1_296' title='bbox 643 2605 1011 2682; x_wconf 84' lang='grc' dir='ltr'>κατήντησεν;</span> <span class='ocrx_word' id='word_1_297' title='bbox 1054 2628 1084 2666; x_wconf 80' lang='grc' dir='ltr'>(ι</span> <span class='ocrx_word' id='word_1_298' title='bbox 1125 2604 1344 2666; x_wconf 81' lang='grc' dir='ltr'>Ὡσανεὶ</span> <span class='ocrx_word' id='word_1_299' title='bbox 1375 2605 1505 2688; x_wconf 89' lang='grc' dir='ltr'>πρός</span> <span class='ocrx_word' id='word_1_300' title='bbox 1532 2632 1680 2677; x_wconf 89' lang='grc' dir='ltr'>τινας</span> <span class='ocrx_word' id='word_1_301' title='bbox 1724 2611 1848 2666; x_wconf 82' lang='grc' dir='ltr'>ἀντ-</span> 
     </span>
    </p>
   </div>
   <div class='ocr_carea' id='block_1_42' title="bbox 243 2696 1844 2780">
    <p class='ocr_par' dir='ltr' id='par_1_42' title="bbox 243 2696 1844 2780">
     <span class='ocr_line' id='line_1_42' title="bbox 243 2696 1844 2780; baseline -0.001 -24"><span class='ocrx_word' id='word_1_302' title='bbox 243 2699 492 2765; x_wconf 84' lang='grc' dir='ltr'>ειπόντας</span> <span class='ocrx_word' id='word_1_303' title='bbox 536 2697 678 2777; x_wconf 77' lang='grc' dir='ltr'>αὐτῷ</span> <span class='ocrx_word' id='word_1_304' title='bbox 724 2700 753 2757; x_wconf 83' lang='grc' dir='ltr'><strong>δ</strong></span> <span class='ocrx_word' id='word_1_305' title='bbox 804 2696 958 2775; x_wconf 85' lang='grc' dir='ltr'>λόγος</span> <span class='ocrx_word' id='word_1_306' title='bbox 1007 2696 1421 2777; x_wconf 82' lang='grc' dir='ltr'>ἐσχημάτισται.</span> <span class='ocrx_word' id='word_1_307' title='bbox 1460 2698 1529 2780; x_wconf 75' lang='grc' dir='ltr'>Τί</span> <span class='ocrx_word' id='word_1_308' title='bbox 1579 2697 1705 2779; x_wconf 80' lang='grc' dir='ltr'>γὰρ,</span> <span class='ocrx_word' id='word_1_309' title='bbox 1738 2721 1844 2780; x_wconf 87' lang='grc' dir='ltr'>φη-</span> 
     </span>
    </p>
   </div>
   <div class='ocr_carea' id='block_1_43' title="bbox 245 2777 1844 2867">
    <p class='ocr_par' dir='ltr' id='par_1_43' title="bbox 245 2777 1844 2867">
     <span class='ocr_line' id='line_1_43' title="bbox 245 2777 1844 2867; baseline 0.001 -21"><span class='ocrx_word' id='word_1_310' title='bbox 245 2786 353 2861; x_wconf 81' lang='grc' dir='ltr'>σὶν,</span> <span class='ocrx_word' id='word_1_311' title='bbox 388 2789 759 2861; x_wconf 78' lang='grc' dir='ltr'>ἐναντιοῦσθε,</span> <span class='ocrx_word' id='word_1_312' title='bbox 791 2786 885 2847; x_wconf 75' lang='grc' dir='ltr'><strong>καὶ</strong></span> <span class='ocrx_word' id='word_1_313' title='bbox 912 2787 1014 2867; x_wconf 78' lang='grc' dir='ltr'>οὐχ</span> <span class='ocrx_word' id='word_1_314' title='bbox 1052 2787 1263 2866; x_wconf 79' lang='grc' dir='ltr'>ἡγεῖσθε</span> <span class='ocrx_word' id='word_1_315' title='bbox 1292 2785 1457 2845; x_wconf 83' lang='grc' dir='ltr'>καλὸν</span> <span class='ocrx_word' id='word_1_316' title='bbox 1488 2777 1624 2846; x_wconf 71' lang='grc' dir='ltr'>εἶναι</span> <span class='ocrx_word' id='word_1_317' title='bbox 1651 2777 1713 2847; x_wconf 80' lang='grc' dir='ltr'><strong>τὸ</strong></span> <span class='ocrx_word' id='word_1_318' title='bbox 1750 2777 1844 2847; x_wconf 76' lang='grc' dir='ltr'>σι-</span> 
     </span>
    </p>
   </div>
   <div class='ocr_carea' id='block_1_44' title="bbox 243 2876 1845 2959">
    <p class='ocr_par' dir='ltr' id='par_1_44' title="bbox 243 2876 1845 2959">
     <span class='ocr_line' id='line_1_44' title="bbox 243 2876 1845 2959; baseline 0.001 -23"><span class='ocrx_word' id='word_1_319' title='bbox 243 2886 345 2959; x_wconf 75' lang='grc' dir='ltr'><strong>γᾷν</strong></span> <span class='ocrx_word' id='word_1_320' title='bbox 377 2879 429 2935; x_wconf 78' lang='grc' dir='ltr'>ἐν</span> <span class='ocrx_word' id='word_1_321' title='bbox 464 2876 724 2957; x_wconf 70' lang='grc' dir='ltr'>ἐκκλησίᾳ</span> <span class='ocrx_word' id='word_1_322' title='bbox 750 2876 845 2945; x_wconf 77' lang='grc' dir='ltr'><strong>τὰς</strong></span> <span class='ocrx_word' id='word_1_323' title='bbox 888 2885 1177 2955; x_wconf 71' lang='grc' dir='ltr'>γυναῖκαςς</span> <span class='ocrx_word' id='word_1_324' title='bbox 1219 2876 1319 2949; x_wconf 68' lang='lat' dir='ltr'><strong>Mr‘)</strong></span> <span class='ocrx_word' id='word_1_325' title='bbox 1358 2879 1507 2954; x_wconf 77' lang='grc' dir='ltr'>ὑμεῖς</span> <span class='ocrx_word' id='word_1_326' title='bbox 1546 2880 1664 2937; x_wconf 83' lang='grc' dir='ltr'>ἐστε</span> <span class='ocrx_word' id='word_1_327' title='bbox 1692 2877 1845 2937; x_wconf 88' lang='grc' dir='ltr'>διδά-</span> 
     </span>
    </p>
   </div>
   <div class='ocr_carea' id='block_1_45' title="bbox 244 2964 1848 3048">
    <p class='ocr_par' dir='ltr' id='par_1_45' title="bbox 244 2964 1848 3048">
     <span class='ocr_line' id='line_1_45' title="bbox 244 2964 1848 3048; baseline -0.001 -21"><span class='ocrx_word' id='word_1_328' title='bbox 244 2970 465 3042; x_wconf 83' lang='grc' dir='ltr'>σκαλοι;</span> <span class='ocrx_word' id='word_1_329' title='bbox 516 2965 608 3025; x_wconf 78' lang='grc' dir='ltr'>καὶ</span> <span class='ocrx_word' id='word_1_330' title='bbox 640 2967 733 3048; x_wconf 79' lang='grc' dir='ltr'><strong>ἀφ’</strong></span> <span class='ocrx_word' id='word_1_331' title='bbox 770 2969 920 3043; x_wconf 77' lang='grc' dir='ltr'>ὑμῶν</span> <span class='ocrx_word' id='word_1_332' title='bbox 968 2966 1152 3039; x_wconf 81' lang='grc' dir='ltr'>ἐξῆλθε</span> <span class='ocrx_word' id='word_1_333' title='bbox 1189 2964 1251 3026; x_wconf 81' lang='grc' dir='ltr'><strong>τὸ</strong></span> <span class='ocrx_word' id='word_1_334' title='bbox 1295 2965 1549 3047; x_wconf 91' lang='grc' dir='ltr'>κήρυγμα</span> <span class='ocrx_word' id='word_1_335' title='bbox 1591 2967 1735 3048; x_wconf 77' lang='grc' dir='ltr'>[καὶ]</span> <span class='ocrx_word' id='word_1_336' title='bbox 1774 2968 1848 3036; x_wconf 88' lang='grc' dir='ltr'><strong>εἰς</strong></span> 
     </span>
    </p>
   </div>
   <div class='ocr_carea' id='block_1_46' title="bbox 241 3054 1929 3151">
    <p class='ocr_par' dir='ltr' id='par_1_46' title="bbox 241 3054 1929 3151">
     <span class='ocr_line' id='line_1_46' title="bbox 241 3054 1929 3151; baseline 0 -34"><span class='ocrx_word' id='word_1_337' title='bbox 241 3056 361 3126; x_wconf 74' lang='grc' dir='ltr'>τοὺς</span> <span class='ocrx_word' id='word_1_338' title='bbox 398 3056 653 3151; x_wconf 42' lang='grc' dir='ltr'>λοιπούς)</span> <span class='ocrx_word' id='word_1_339' title='bbox 698 3054 835 3151; x_wconf 70' lang='grc' dir='ltr'>ἢεῖς</span> <span class='ocrx_word' id='word_1_340' title='bbox 863 3060 999 3133; x_wconf 77' lang='grc' dir='ltr'>ὓμᾶς</span> <span class='ocrx_word' id='word_1_341' title='bbox 1049 3056 1250 3151; x_wconf 60' lang='grc' dir='ltr'><strong>μόνουςΔ</strong></span> <span class='ocrx_word' id='word_1_342' title='bbox 1292 3057 1490 3151; x_wconf 74' lang='grc' dir='ltr'>ἐστάθη</span> <span class='ocrx_word' id='word_1_343' title='bbox 1552 3062 1581 3130; x_wconf 85' lang='grc' dir='ltr'>ἡ</span> <span class='ocrx_word' id='word_1_344' title='bbox 1630 3057 1843 3151; x_wconf 75' lang='grc' dir='ltr'>πίστιςς</span> <span class='ocrx_word' id='word_1_345' title='bbox 1884 3086 1929 3151; x_wconf 81' lang='lat' dir='ltr'>C</span> 
     </span>
    </p>
   </div>
   <div class='ocr_carea' id='block_1_47' title="bbox 242 3145 1848 3228">
    <p class='ocr_par' dir='ltr' id='par_1_47' title="bbox 242 3145 1848 3228">
     <span class='ocr_line' id='line_1_47' title="bbox 242 3145 1848 3228; baseline -0.001 -20"><span class='ocrx_word' id='word_1_346' title='bbox 242 3147 333 3208; x_wconf 82' lang='grc' dir='ltr'>καὶ</span> <span class='ocrx_word' id='word_1_347' title='bbox 376 3149 435 3207; x_wconf 82' lang='grc' dir='ltr'>οὐ</span> <span class='ocrx_word' id='word_1_348' title='bbox 486 3146 630 3205; x_wconf 82' lang='grc' dir='ltr'>δεῖ⁴¹</span> <span class='ocrx_word' id='word_1_349' title='bbox 680 3145 750 3207; x_wconf 79' lang='grc' dir='ltr'><strong>τὰ</strong></span> <span class='ocrx_word' id='word_1_350' title='bbox 784 3150 931 3228; x_wconf 49' lang='grc' dir='ltr'>παρ’</span> <span class='ocrx_word' id='word_1_351' title='bbox 986 3146 1179 3228; x_wconf 74' lang='grc' dir='ltr'>ἑτέρων</span> <span class='ocrx_word' id='word_1_352' title='bbox 1230 3146 1515 3226; x_wconf 87' lang='grc' dir='ltr'>δεχθέντα,</span> <span class='ocrx_word' id='word_1_353' title='bbox 1566 3147 1659 3208; x_wconf 78' lang='grc' dir='ltr'>καὶ</span> <span class='ocrx_word' id='word_1_354' title='bbox 1708 3150 1848 3227; x_wconf 74' lang='grc' dir='ltr'>δμᾶς</span> 
     </span>
    </p>
   </div>
   <div class='ocr_carea' id='block_1_48' title="bbox 243 3226 1847 3319">
    <p class='ocr_par' dir='ltr' id='par_1_48' title="bbox 243 3226 1847 3319">
     <span class='ocr_line' id='line_1_48' title="bbox 243 3226 1847 3319; baseline 0 -21"><span class='ocrx_word' id='word_1_355' title='bbox 243 3238 529 3319; x_wconf 79' lang='grc' dir='ltr'>δέχεσθαι;</span> <span class='ocrx_word' id='word_1_356' title='bbox 564 3234 707 3298; x_wconf 78' lang='grc' dir='ltr'>Οὔτε</span> <span class='ocrx_word' id='word_1_357' title='bbox 754 3226 842 3297; x_wconf 73' lang='grc' dir='ltr'><strong>οῦν</strong></span> <span class='ocrx_word' id='word_1_358' title='bbox 872 3226 1086 3317; x_wconf 73' lang='grc' dir='ltr'>πρῶτοι</span> <span class='ocrx_word' id='word_1_359' title='bbox 1106 3240 1256 3316; x_wconf 75' lang='grc' dir='ltr'>ὑμεῖς</span> <span class='ocrx_word' id='word_1_360' title='bbox 1305 3239 1425 3297; x_wconf 85' lang='grc' dir='ltr'>ἐστε</span> <span class='ocrx_word' id='word_1_361' title='bbox 1474 3236 1675 3309; x_wconf 75' lang='grc' dir='ltr'>πιστοὶ,</span> <span class='ocrx_word' id='word_1_362' title='bbox 1726 3237 1847 3298; x_wconf 80' lang='grc' dir='ltr'>οὔτε</span> 
     </span>
    </p>
   </div>
   <div class='ocr_carea' id='block_1_49' title="bbox 244 3325 1848 3409">
    <p class='ocr_par' dir='ltr' id='par_1_49' title="bbox 244 3325 1848 3409">
     <span class='ocr_line' id='line_1_49' title="bbox 244 3325 1848 3409; baseline 0 -22"><span class='ocrx_word' id='word_1_363' title='bbox 244 3328 419 3406; x_wconf 84' lang='grc' dir='ltr'>μόνοι.</span> <span class='ocrx_word' id='word_1_364' title='bbox 457 3329 555 3387; x_wconf 89' lang='grc' dir='ltr'>Δεῖ</span> <span class='ocrx_word' id='word_1_365' title='bbox 588 3326 760 3387; x_wconf 90' lang='grc' dir='ltr'>τοίνυν</span> <span class='ocrx_word' id='word_1_366' title='bbox 788 3325 858 3387; x_wconf 77' lang='grc' dir='ltr'><strong>τὰ</strong></span> <span class='ocrx_word' id='word_1_367' title='bbox 885 3332 953 3409; x_wconf 83' lang='grc' dir='ltr'><strong>τῇ</strong></span> <span class='ocrx_word' id='word_1_368' title='bbox 984 3327 1269 3409; x_wconf 81' lang='grc' dir='ltr'>οἰκουμένῃ</span> <span class='ocrx_word' id='word_1_369' title='bbox 1304 3328 1558 3388; x_wconf 87' lang='grc' dir='ltr'>δοκοῦντα</span> <span class='ocrx_word' id='word_1_370' title='bbox 1586 3327 1678 3388; x_wconf 76' lang='grc' dir='ltr'>καὶ</span> <span class='ocrx_word' id='word_1_371' title='bbox 1710 3330 1848 3408; x_wconf 77' lang='grc' dir='ltr'>ὑμᾶς</span> 
     </span>
    </p>
   </div>
   <div class='ocr_carea' id='block_1_50' title="bbox 246 3420 505 3499">
    <p class='ocr_par' dir='ltr' id='par_1_50' title="bbox 246 3420 505 3499">
     <span class='ocr_line' id='line_1_50' title="bbox 246 3420 505 3499; baseline -0.012 -19"><span class='ocrx_word' id='word_1_372' title='bbox 246 3420 505 3499; x_wconf 82' lang='grc' dir='ltr'>στέργειν.</span> 
     </span>
    </p>
   </div>
   <div class='ocr_carea' id='block_1_51' title="bbox 330 3497 1843 3589">
    <p class='ocr_par' dir='ltr' id='par_1_51' title="bbox 330 3497 1843 3589">
     <span class='ocr_line' id='line_1_51' title="bbox 330 3497 1843 3589; baseline 0.001 -22"><span class='ocrx_word' id='word_1_373' title='bbox 330 3497 475 3569; x_wconf 16' lang='grc' dir='ltr'>αίΕί</span> <span class='ocrx_word' id='word_1_374' title='bbox 518 3532 597 3577; x_wconf 92' lang='grc' dir='ltr'><strong>τις</strong></span> <span class='ocrx_word' id='word_1_375' title='bbox 636 3509 779 3568; x_wconf 91' lang='grc' dir='ltr'>δοκεῖ</span> <span class='ocrx_word' id='word_1_376' title='bbox 825 3505 1105 3589; x_wconf 79' lang='grc' dir='ltr'>προφήτης</span> <span class='ocrx_word' id='word_1_377' title='bbox 1160 3497 1299 3567; x_wconf 72' lang='grc' dir='ltr'>εἶναι</span> <span class='ocrx_word' id='word_1_378' title='bbox 1362 3506 1400 3579; x_wconf 78' lang='grc' dir='ltr'>ἢ</span> <span class='ocrx_word' id='word_1_379' title='bbox 1451 3507 1843 3588; x_wconf 80' lang='grc' dir='ltr'>πνευματικὸς,</span> 
     </span>
    </p>
   </div>
   <div class='ocr_carea' id='block_1_52' title="bbox 238 3595 1843 3679">
    <p class='ocr_par' dir='ltr' id='par_1_52' title="bbox 238 3595 1843 3679">
     <span class='ocr_line' id='line_1_52' title="bbox 238 3595 1843 3679; baseline -0.002 -18"><span class='ocrx_word' id='word_1_380' title='bbox 238 3597 632 3679; x_wconf 65' lang='grc' dir='ltr'>ἐπιγινωσκέτω</span> <span class='ocrx_word' id='word_1_381' title='bbox 679 3600 714 3659; x_wconf 80' lang='grc' dir='ltr'>ἃ</span> <span class='ocrx_word' id='word_1_382' title='bbox 765 3597 955 3679; x_wconf 90' lang='grc' dir='ltr'>γράφω</span> <span class='ocrx_word' id='word_1_383' title='bbox 996 3597 1147 3675; x_wconf 76' lang='grc' dir='ltr'>ὑμῖν,</span> <span class='ocrx_word' id='word_1_384' title='bbox 1191 3595 1273 3657; x_wconf 72' lang='grc' dir='ltr'>ὅτι</span> <span class='ocrx_word' id='word_1_385' title='bbox 1316 3601 1410 3658; x_wconf 92' lang='grc' dir='ltr'><strong>τοῦ</strong></span> <span class='ocrx_word' id='word_1_386' title='bbox 1459 3597 1662 3677; x_wconf 83' lang='grc' dir='ltr'>Κυρίου</span> <span class='ocrx_word' id='word_1_387' title='bbox 1712 3598 1843 3658; x_wconf 78' lang='grc' dir='ltr'>εἰσὶν</span> 
     </span>
    </p>
   </div>
   <div class='ocr_carea' id='block_1_53' title="bbox 238 3684 1841 3768">
    <p class='ocr_par' dir='ltr' id='par_1_53' title="bbox 238 3684 1841 3768">
     <span class='ocr_line' id='line_1_53' title="bbox 238 3684 1841 3768; baseline -0.002 -19"><span class='ocrx_word' id='word_1_388' title='bbox 238 3687 475 3751; x_wconf 79' lang='grc' dir='ltr'>ἐντολαί.</span> <span class='ocrx_word' id='word_1_389' title='bbox 507 3710 537 3747; x_wconf 76' lang='grc' dir='ltr'>ι)</span> <span class='ocrx_word' id='word_1_390' title='bbox 588 3688 671 3751; x_wconf 83' lang='grc' dir='ltr'>Τὸ</span> <span class='ocrx_word' id='word_1_391' title='bbox 702 3688 920 3747; x_wconf 89' lang='grc' dir='ltr'>πάντων</span> <span class='ocrx_word' id='word_1_392' title='bbox 957 3684 1295 3768; x_wconf 79' lang='grc' dir='ltr'>ἰσχυρότερον</span> <span class='ocrx_word' id='word_1_393' title='bbox 1332 3688 1636 3747; x_wconf 89' lang='grc' dir='ltr'>τελευταῖον</span> <span class='ocrx_word' id='word_1_394' title='bbox 1674 3687 1841 3747; x_wconf 87' lang='grc' dir='ltr'>τέθει-</span> 
     </span>
    </p>
   </div>
   <div class='ocr_carea' id='block_1_54' title="bbox 238 3776 1842 3857">
    <p class='ocr_par' dir='ltr' id='par_1_54' title="bbox 238 3776 1842 3857">
     <span class='ocr_line' id='line_1_54' title="bbox 238 3776 1842 3857; baseline -0.002 -16"><span class='ocrx_word' id='word_1_395' title='bbox 238 3802 358 3856; x_wconf 86' lang='grc' dir='ltr'>κεν,</span> <span class='ocrx_word' id='word_1_396' title='bbox 392 3778 475 3838; x_wconf 78' lang='grc' dir='ltr'>ὅτι</span> <span class='ocrx_word' id='word_1_397' title='bbox 503 3776 573 3841; x_wconf 69' lang='grc' dir='ltr'>Ὀ</span> <span class='ocrx_word' id='word_1_398' title='bbox 606 3778 740 3848; x_wconf 81' lang='grc' dir='ltr'>Θεὸς</span> <span class='ocrx_word' id='word_1_399' title='bbox 761 3782 932 3838; x_wconf 90' lang='grc' dir='ltr'>ταῦτα</span> <span class='ocrx_word' id='word_1_400' title='bbox 968 3776 1238 3837; x_wconf 80' lang='grc' dir='ltr'>ἐπιτάττει</span> <span class='ocrx_word' id='word_1_401' title='bbox 1270 3779 1338 3836; x_wconf 87' lang='grc' dir='ltr'>δι’</span> <span class='ocrx_word' id='word_1_402' title='bbox 1381 3778 1533 3857; x_wconf 80' lang='grc' dir='ltr'>ἐμοῦ,</span> <span class='ocrx_word' id='word_1_403' title='bbox 1570 3777 1661 3836; x_wconf 79' lang='grc' dir='ltr'>καὶ</span> <span class='ocrx_word' id='word_1_404' title='bbox 1689 3782 1842 3837; x_wconf 84' lang='grc' dir='ltr'>τοῦτο</span> 
     </span>
    </p>
   </div>
   <div class='ocr_carea' id='block_1_55' title="bbox 238 3865 1845 3950">
    <p class='ocr_par' dir='ltr' id='par_1_55' title="bbox 238 3865 1845 3950">
     <span class='ocr_line' id='line_1_55' title="bbox 238 3865 1845 3950; baseline 0 -22"><span class='ocrx_word' id='word_1_405' title='bbox 238 3871 450 3950; x_wconf 84' lang='grc' dir='ltr'>πάντως</span> <span class='ocrx_word' id='word_1_406' title='bbox 506 3869 805 3947; x_wconf 86' lang='grc' dir='ltr'>γνώσεται,</span> <span class='ocrx_word' id='word_1_407' title='bbox 855 3865 911 3936; x_wconf 78' lang='grc' dir='ltr'><strong>ὃς</strong></span> <span class='ocrx_word' id='word_1_408' title='bbox 956 3865 1019 3927; x_wconf 81' lang='grc' dir='ltr'><strong>ἂν</strong></span> <span class='ocrx_word' id='word_1_409' title='bbox 1062 3867 1192 3943; x_wconf 84' lang='grc' dir='ltr'>δοκῇ</span> <span class='ocrx_word' id='word_1_410' title='bbox 1239 3869 1369 3950; x_wconf 88' lang='grc' dir='ltr'>παρ’</span> <span class='ocrx_word' id='word_1_411' title='bbox 1395 3869 1522 3946; x_wconf 80' lang='grc' dir='ltr'>ὕμῐν</span> <span class='ocrx_word' id='word_1_412' title='bbox 1569 3866 1845 3949; x_wconf 77' lang='grc' dir='ltr'>προφήτης</span> 
     </span>
    </p>
   </div>
   <div class='ocr_carea' id='block_1_56' title="bbox 239 3948 1845 4038">
    <p class='ocr_par' dir='ltr' id='par_1_56' title="bbox 239 3948 1845 4038">
     <span class='ocr_line' id='line_1_56' title="bbox 239 3948 1845 4038; baseline -0.002 -20"><span class='ocrx_word' id='word_1_413' title='bbox 239 3948 395 4038; x_wconf 68' lang='grc' dir='ltr'>εἶναι,</span> <span class='ocrx_word' id='word_1_414' title='bbox 425 3956 463 4029; x_wconf 80' lang='grc' dir='ltr'><strong>ἢ</strong></span> <span class='ocrx_word' id='word_1_415' title='bbox 495 3959 626 4021; x_wconf 79' lang='grc' dir='ltr'>ἄλλο</span> <span class='ocrx_word' id='word_1_416' title='bbox 656 3982 706 4017; x_wconf 90' lang='grc' dir='ltr'><strong>τι</strong></span> <span class='ocrx_word' id='word_1_417' title='bbox 735 3957 1093 4037; x_wconf 84' lang='grc' dir='ltr'>πνευματικὸν</span> <span class='ocrx_word' id='word_1_418' title='bbox 1125 3948 1372 4038; x_wconf 82' lang='grc' dir='ltr'>χάρισμα</span> <span class='ocrx_word' id='word_1_419' title='bbox 1403 3957 1566 4038; x_wconf 86' lang='grc' dir='ltr'>ἔχων,</span> <span class='ocrx_word' id='word_1_420' title='bbox 1600 3948 1845 4019; x_wconf 82' lang='grc' dir='ltr'>τουτέστι</span> 
     </span>
    </p>
   </div>
   <div class='ocr_carea' id='block_1_57' title="bbox 239 4049 510 4129">
    <p class='ocr_par' dir='ltr' id='par_1_57' title="bbox 239 4049 510 4129">
     <span class='ocr_line' id='line_1_57' title="bbox 239 4049 510 4129; baseline 0.004 -20"><span class='ocrx_word' id='word_1_421' title='bbox 239 4049 510 4129; x_wconf 83' lang='grc' dir='ltr'>γνώσεως.</span> 
     </span>
    </p>
   </div>
   <div class='ocr_carea' id='block_1_58' title="bbox 327 4134 1843 4218">
    <p class='ocr_par' dir='ltr' id='par_1_58' title="bbox 327 4134 1843 4218">
     <span class='ocr_line' id='line_1_58' title="bbox 327 4134 1843 4218; baseline -0.001 -19"><span class='ocrx_word' id='word_1_422' title='bbox 327 4163 358 4199; x_wconf 85' lang='grc' dir='ltr'><strong>ιι</strong></span> <span class='ocrx_word' id='word_1_423' title='bbox 405 4143 476 4202; x_wconf 86' lang='grc' dir='ltr'><strong>Εἰ</strong></span> <span class='ocrx_word' id='word_1_424' title='bbox 506 4138 562 4199; x_wconf 85' lang='grc' dir='ltr'><strong>δέ</strong></span> <span class='ocrx_word' id='word_1_425' title='bbox 590 4162 668 4206; x_wconf 90' lang='grc' dir='ltr'><strong>τις</strong></span> <span class='ocrx_word' id='word_1_426' title='bbox 694 4140 909 4216; x_wconf 82' lang='grc' dir='ltr'>ἀγνοεῖ,</span> <span class='ocrx_word' id='word_1_427' title='bbox 943 4136 1220 4218; x_wconf 81' lang='grc' dir='ltr'>ἀγνοείτω.</span> <span class='ocrx_word' id='word_1_428' title='bbox 1272 4163 1296 4191; x_wconf 74' lang='grc' dir='ltr'><strong><em>ι</em></strong></span> <span class='ocrx_word' id='word_1_429' title='bbox 1330 4134 1621 4198; x_wconf 88' lang='grc' dir='ltr'>Τουτέστιν</span> <span class='ocrx_word' id='word_1_430' title='bbox 1647 4161 1659 4174; x_wconf 88' lang='grc'><strong>·</strong></span> <span class='ocrx_word' id='word_1_431' title='bbox 1696 4136 1843 4217; x_wconf 88' lang='grc' dir='ltr'>Ἐγὼ</span> 
     </span>
    </p>
   </div>
   <div class='ocr_carea' id='block_1_59' title="bbox 235 4220 1840 4306">
    <p class='ocr_par' dir='ltr' id='par_1_59' title="bbox 235 4220 1840 4306">
     <span class='ocr_line' id='line_1_59' title="bbox 235 4220 1840 4306; baseline -0.009 -15"><span class='ocrx_word' id='word_1_432' title='bbox 235 4220 417 4291; x_wconf 60' lang='grc' dir='ltr'>εἷπον</span> <span class='ocrx_word' id='word_1_433' title='bbox 468 4234 497 4289; x_wconf 84' lang='grc' dir='ltr'>ὁ</span> <span class='ocrx_word' id='word_1_434' title='bbox 528 4228 692 4289; x_wconf 87' lang='grc' dir='ltr'>θέλων</span> <span class='ocrx_word' id='word_1_435' title='bbox 750 4227 1034 4291; x_wconf 86' lang='grc' dir='ltr'>πειθέσθω.</span> <span class='ocrx_word' id='word_1_436' title='bbox 1082 4227 1165 4289; x_wconf 79' lang='grc' dir='ltr'>Τὸ</span> <span class='ocrx_word' id='word_1_437' title='bbox 1211 4224 1268 4287; x_wconf 78' lang='grc' dir='ltr'>δὲ</span> <span class='ocrx_word' id='word_1_438' title='bbox 1315 4226 1456 4288; x_wconf 73' lang='grc' dir='ltr'>οὕτω</span> <span class='ocrx_word' id='word_1_439' title='bbox 1495 4226 1694 4306; x_wconf 84' lang='grc' dir='ltr'>λέγειν,</span> <span class='ocrx_word' id='word_1_440' title='bbox 1730 4251 1840 4301; x_wconf 84' lang='grc' dir='ltr'>ση-</span> 
     </span>
    </p>
   </div>
   <div class='ocr_carea' id='block_1_60' title="bbox 233 4316 1843 4399">
    <p class='ocr_par' dir='ltr' id='par_1_60' title="bbox 233 4316 1843 4399">
     <span class='ocr_line' id='line_1_60' title="bbox 233 4316 1843 4399; baseline -0.002 -18"><span class='ocrx_word' id='word_1_441' title='bbox 233 4321 387 4399; x_wconf 59' lang='grc' dir='ltr'>μεῦν</span> <span class='ocrx_word' id='word_1_442' title='bbox 434 4323 575 4380; x_wconf 79' lang='grc' dir='ltr'>ἐστιν</span> <span class='ocrx_word' id='word_1_443' title='bbox 626 4320 810 4399; x_wconf 81' lang='grc' dir='ltr'>ἀνδρὸς</span> <span class='ocrx_word' id='word_1_444' title='bbox 862 4318 938 4396; x_wconf 85' lang='grc' dir='ltr'><strong>μὴ</strong></span> <span class='ocrx_word' id='word_1_445' title='bbox 969 4317 1031 4378; x_wconf 82' lang='grc' dir='ltr'><strong>τὸ</strong></span> <span class='ocrx_word' id='word_1_446' title='bbox 1077 4320 1268 4379; x_wconf 83' lang='grc' dir='ltr'>οἰκεῖον</span> <span class='ocrx_word' id='word_1_447' title='bbox 1314 4316 1521 4395; x_wconf 80' lang='grc' dir='ltr'>θέλημα</span> <span class='ocrx_word' id='word_1_448' title='bbox 1548 4321 1843 4377; x_wconf 83' lang='grc' dir='ltr'>συνιστῶν-</span> 
     </span>
    </p>
   </div>
   <div class='ocr_carea' id='block_1_61' title="bbox 231 4407 1841 4491">
    <p class='ocr_par' dir='ltr' id='par_1_61' title="bbox 231 4407 1841 4491">
     <span class='ocr_line' id='line_1_61' title="bbox 231 4407 1841 4491; baseline -0.001 -23"><span class='ocrx_word' id='word_1_449' title='bbox 231 4436 337 4487; x_wconf 85' lang='grc' dir='ltr'>τος,</span> <span class='ocrx_word' id='word_1_450' title='bbox 390 4410 529 4469; x_wconf 84' lang='grc' dir='ltr'>ἀλλὰ</span> <span class='ocrx_word' id='word_1_451' title='bbox 576 4409 637 4470; x_wconf 80' lang='grc' dir='ltr'><strong>τὸ</strong></span> <span class='ocrx_word' id='word_1_452' title='bbox 680 4413 832 4489; x_wconf 79' lang='grc' dir='ltr'>κοινῇ</span> <span class='ocrx_word' id='word_1_453' title='bbox 864 4408 1130 4491; x_wconf 80' lang='grc' dir='ltr'>συμφέρον</span> <span class='ocrx_word' id='word_1_454' title='bbox 1180 4412 1525 4476; x_wconf 78' lang='grc' dir='ltr'>σκοποῦντος.</span> <span class='ocrx_word' id='word_1_455' title='bbox 1564 4407 1739 4468; x_wconf 79' lang='grc' dir='ltr'>Εἴωθε</span> <span class='ocrx_word' id='word_1_456' title='bbox 1787 4407 1841 4466; x_wconf 78' lang='grc' dir='ltr'>δὲ</span> 
     </span>
    </p>
   </div>
   <div class='ocr_carea' id='block_1_62' title="bbox 233 4476 1922 4579">
    <p class='ocr_par' dir='ltr' id='par_1_62' title="bbox 233 4476 1922 4579">
     <span class='ocr_line' id='line_1_62' title="bbox 233 4476 1922 4579; baseline -0.002 -18"><span class='ocrx_word' id='word_1_457' title='bbox 233 4476 389 4563; x_wconf 69' lang='grc' dir='ltr'>τοῦτο</span> <span class='ocrx_word' id='word_1_458' title='bbox 416 4508 585 4559; x_wconf 85' lang='grc' dir='ltr'>ποιεῖν</span> <span class='ocrx_word' id='word_1_459' title='bbox 633 4502 661 4559; x_wconf 84' lang='grc' dir='ltr'>ὁ</span> <span class='ocrx_word' id='word_1_460' title='bbox 705 4476 948 4573; x_wconf 67' lang='grc' dir='ltr'>Παῦλος,</span> <span class='ocrx_word' id='word_1_461' title='bbox 986 4476 1113 4559; x_wconf 52' lang='grc' dir='ltr'>ἔνθα</span> <span class='ocrx_word' id='word_1_462' title='bbox 1164 4497 1240 4578; x_wconf 86' lang='grc' dir='ltr'><strong>μὴ</strong></span> <span class='ocrx_word' id='word_1_463' title='bbox 1295 4497 1500 4578; x_wconf 76' lang='grc' dir='ltr'>σφόδρα</span> <span class='ocrx_word' id='word_1_464' title='bbox 1554 4499 1840 4579; x_wconf 81' lang='grc' dir='ltr'>ἀναγκαῖον</span> <span class='ocrx_word' id='word_1_465' title='bbox 1870 4476 1922 4539; x_wconf 83' lang='lat' dir='ltr'><strong>D</strong></span> 
     </span>
    </p>
   </div>
   <div class='ocr_carea' id='block_1_63' title="bbox 234 4588 1842 4672">
    <p class='ocr_par' dir='ltr' id='par_1_63' title="bbox 234 4588 1842 4672">
     <span class='ocr_line' id='line_1_63' title="bbox 234 4588 1842 4672; baseline -0.003 -21"><span class='ocrx_word' id='word_1_466' title='bbox 234 4592 350 4672; x_wconf 76' lang='grc' dir='ltr'>ἔχει</span> <span class='ocrx_word' id='word_1_467' title='bbox 386 4591 445 4649; x_wconf 77' lang='grc' dir='ltr'><strong>τὸ</strong></span> <span class='ocrx_word' id='word_1_468' title='bbox 474 4589 800 4649; x_wconf 78' lang='grc' dir='ltr'>ἀντιτείνειν.</span> <span class='ocrx_word' id='word_1_469' title='bbox 839 4588 911 4650; x_wconf 87' lang='grc' dir='ltr'>Τί</span> <span class='ocrx_word' id='word_1_470' title='bbox 940 4588 1044 4669; x_wconf 83' lang='grc' dir='ltr'><strong>γὰρ</strong></span> <span class='ocrx_word' id='word_1_471' title='bbox 1076 4589 1281 4669; x_wconf 80' lang='grc' dir='ltr'>Παύλῳ</span> <span class='ocrx_word' id='word_1_472' title='bbox 1300 4591 1592 4666; x_wconf 81' lang='grc' dir='ltr'>ἀναγκαῖον</span> <span class='ocrx_word' id='word_1_473' title='bbox 1622 4588 1684 4647; x_wconf 83' lang='grc' dir='ltr'>τὸ</span> <span class='ocrx_word' id='word_1_474' title='bbox 1711 4590 1842 4647; x_wconf 80' lang='grc' dir='ltr'>ἀνθ-</span> 
     </span>
    </p>
   </div>
   <div class='ocr_carea' id='block_1_64' title="bbox 236 4677 1841 4757">
    <p class='ocr_par' dir='ltr' id='par_1_64' title="bbox 236 4677 1841 4757">
     <span class='ocr_line' id='line_1_64' title="bbox 236 4677 1841 4757; baseline -0.002 -16"><span class='ocrx_word' id='word_1_475' title='bbox 236 4684 521 4753; x_wconf 85' lang='grc' dir='ltr'>ίστασθαι,</span> <span class='ocrx_word' id='word_1_476' title='bbox 544 4680 635 4739; x_wconf 81' lang='grc' dir='ltr'>καὶ</span> <span class='ocrx_word' id='word_1_477' title='bbox 667 4680 889 4751; x_wconf 88' lang='grc' dir='ltr'>πείθειν,</span> <span class='ocrx_word' id='word_1_478' title='bbox 912 4678 991 4738; x_wconf 79' lang='grc' dir='ltr'><strong>ὅτι</strong></span> <span class='ocrx_word' id='word_1_479' title='bbox 1016 4681 1160 4740; x_wconf 82' lang='grc' dir='ltr'>Θεοῦ</span> <span class='ocrx_word' id='word_1_480' title='bbox 1187 4680 1322 4738; x_wconf 87' lang='grc' dir='ltr'>εἰσιν</span> <span class='ocrx_word' id='word_1_481' title='bbox 1346 4677 1554 4737; x_wconf 71' lang='grc' dir='ltr'>ἐντολαὶ</span> <span class='ocrx_word' id='word_1_482' title='bbox 1596 4678 1631 4737; x_wconf 80' lang='grc' dir='ltr'>ἃ</span> <span class='ocrx_word' id='word_1_483' title='bbox 1658 4677 1841 4757; x_wconf 83' lang='grc' dir='ltr'>λέγει,</span> 
     </span>
    </p>
   </div>
   <div class='ocr_carea' id='block_1_65' title="bbox 234 4767 1844 4851">
    <p class='ocr_par' dir='ltr' id='par_1_65' title="bbox 234 4767 1844 4851">
     <span class='ocr_line' id='line_1_65' title="bbox 234 4767 1844 4851; baseline -0.002 -22"><span class='ocrx_word' id='word_1_484' title='bbox 234 4770 326 4829; x_wconf 77' lang='grc' dir='ltr'>καὶ</span> <span class='ocrx_word' id='word_1_485' title='bbox 374 4774 547 4828; x_wconf 89' lang='grc' dir='ltr'>ταῦτα</span> <span class='ocrx_word' id='word_1_486' title='bbox 577 4769 707 4851; x_wconf 81' lang='grc' dir='ltr'>πρὸς</span> <span class='ocrx_word' id='word_1_487' title='bbox 744 4768 988 4847; x_wconf 79' lang='grc' dir='ltr'>μαθητὰς</span> <span class='ocrx_word' id='word_1_488' title='bbox 1022 4770 1183 4830; x_wconf 75' lang='grc' dir='ltr'>αὐτοῦ</span> <span class='ocrx_word' id='word_1_489' title='bbox 1211 4768 1443 4847; x_wconf 86' lang='grc' dir='ltr'>λέγοντι,</span> <span class='ocrx_word' id='word_1_490' title='bbox 1499 4767 1593 4829; x_wconf 81' lang='grc' dir='ltr'>καὶ</span> <span class='ocrx_word' id='word_1_491' title='bbox 1627 4768 1844 4848; x_wconf 87' lang='grc' dir='ltr'>[ταῦτα]</span> 
     </span>
    </p>
   </div>
   <div class='ocr_carea' id='block_1_66' title="bbox 232 4857 1844 4939">
    <p class='ocr_par' dir='ltr' id='par_1_66' title="bbox 232 4857 1844 4939">
     <span class='ocr_line' id='line_1_66' title="bbox 232 4857 1844 4939; baseline -0.002 -18"><span class='ocrx_word' id='word_1_492' title='bbox 232 4860 442 4921; x_wconf 80' lang='grc' dir='ltr'>εἰπόντι</span> <span class='ocrx_word' id='word_1_493' title='bbox 472 4860 554 4918; x_wconf 77' lang='grc' dir='ltr'>ὅτι</span> <span class='ocrx_word' id='word_1_494' title='bbox 578 4862 605 4917; x_wconf 80' lang='grc' dir='ltr'>ὁ</span> <span class='ocrx_word' id='word_1_495' title='bbox 628 4859 986 4938; x_wconf 81' lang='grc' dir='ltr'>πνευματικὸς</span> <span class='ocrx_word' id='word_1_496' title='bbox 1011 4858 1365 4939; x_wconf 82' lang='grc' dir='ltr'>ἐπιγνώσεται</span> <span class='ocrx_word' id='word_1_497' title='bbox 1398 4862 1597 4934; x_wconf 86' lang='grc' dir='ltr'>ταῦτα,</span> <span class='ocrx_word' id='word_1_498' title='bbox 1626 4857 1706 4918; x_wconf 78' lang='grc' dir='ltr'>ὅτι</span> <span class='ocrx_word' id='word_1_499' title='bbox 1731 4858 1844 4917; x_wconf 90' lang='grc' dir='ltr'>θεῖά</span> 
     </span>
    </p>
   </div>
   <div class='ocr_carea' id='block_1_67' title="bbox 232 4946 1845 5031">
    <p class='ocr_par' dir='ltr' id='par_1_67' title="bbox 232 4946 1845 5031">
     <span class='ocr_line' id='line_1_67' title="bbox 232 4946 1845 5031; baseline -0.002 -22"><span class='ocrx_word' id='word_1_500' title='bbox 232 4952 372 5023; x_wconf 83' lang='grc' dir='ltr'>εἰσι;</span> <span class='ocrx_word' id='word_1_501' title='bbox 418 4949 684 5029; x_wconf 86' lang='grc' dir='ltr'>πρόδηλον</span> <span class='ocrx_word' id='word_1_502' title='bbox 734 4948 865 5030; x_wconf 85' lang='grc' dir='ltr'>γὰρ,</span> <span class='ocrx_word' id='word_1_503' title='bbox 921 4948 1002 5009; x_wconf 79' lang='grc' dir='ltr'>ὅτι</span> <span class='ocrx_word' id='word_1_504' title='bbox 1050 4952 1243 5017; x_wconf 90' lang='grc' dir='ltr'>πάντες</span> <span class='ocrx_word' id='word_1_505' title='bbox 1301 4946 1365 5007; x_wconf 76' lang='grc' dir='ltr'><strong>ἂν</strong></span> <span class='ocrx_word' id='word_1_506' title='bbox 1419 4948 1719 5031; x_wconf 80' lang='grc' dir='ltr'>ἐπέδραμον</span> <span class='ocrx_word' id='word_1_507' title='bbox 1768 4950 1845 5029; x_wconf 80' lang='grc' dir='ltr'><strong>τῷ</strong></span> 
     </span>
    </p>
   </div>
   <div class='ocr_carea' id='block_1_68' title="bbox 234 5037 1479 5118">
    <p class='ocr_par' dir='ltr' id='par_1_68' title="bbox 234 5037 1479 5118">
     <span class='ocr_line' id='line_1_68' title="bbox 234 5037 1479 5118; baseline 0 -17"><span class='ocrx_word' id='word_1_508' title='bbox 234 5042 403 5101; x_wconf 83' lang='grc' dir='ltr'>εἰπεῖν</span> <span class='ocrx_word' id='word_1_509' title='bbox 436 5038 573 5098; x_wconf 78' lang='grc' dir='ltr'>αὐτὰ</span> <span class='ocrx_word' id='word_1_510' title='bbox 604 5047 742 5117; x_wconf 89' lang='grc' dir='ltr'>θεῖα,</span> <span class='ocrx_word' id='word_1_511' title='bbox 774 5037 866 5099; x_wconf 76' lang='grc' dir='ltr'><strong>ἵνα</strong></span> <span class='ocrx_word' id='word_1_512' title='bbox 894 5038 1085 5110; x_wconf 82' lang='grc' dir='ltr'>δόξωσι</span> <span class='ocrx_word' id='word_1_513' title='bbox 1107 5038 1479 5118; x_wconf 86' lang='grc' dir='ltr'>πνευματικοί.</span> 
     </span>
    </p>
   </div>
   <div class='ocr_carea' id='block_1_69' title="bbox 324 5218 1840 5303">
    <p class='ocr_par' dir='ltr' id='par_1_69' title="bbox 324 5218 1840 5303">
     <span class='ocr_line' id='line_1_69' title="bbox 324 5218 1840 5303; baseline -0.003 -22"><span class='ocrx_word' id='word_1_514' title='bbox 324 5244 358 5281; x_wconf 77' lang='grc' dir='ltr'><strong>α</strong></span> <span class='ocrx_word' id='word_1_515' title='bbox 403 5219 614 5302; x_wconf 85' lang='grc' dir='ltr'>Ὥστε,</span> <span class='ocrx_word' id='word_1_516' title='bbox 647 5222 867 5303; x_wconf 78' lang='grc' dir='ltr'>ἀδελφοί</span> <span class='ocrx_word' id='word_1_517' title='bbox 914 5246 1052 5301; x_wconf 88' lang='grc' dir='ltr'>μου,</span> <span class='ocrx_word' id='word_1_518' title='bbox 1092 5223 1313 5296; x_wconf 85' lang='grc' dir='ltr'>ζηλοῦτε</span> <span class='ocrx_word' id='word_1_519' title='bbox 1360 5219 1421 5280; x_wconf 84' lang='grc' dir='ltr'>τὸ</span> <span class='ocrx_word' id='word_1_520' title='bbox 1451 5218 1801 5302; x_wconf 83' lang='grc' dir='ltr'>προφητεύειν</span> <span class='ocrx_word' id='word_1_521' title='bbox 1822 5265 1840 5299; x_wconf 90' lang='grc'><strong>,</strong></span> 
     </span>
    </p>
   </div>
   <div class='ocr_carea' id='block_1_70' title="bbox 234 5310 1841 5392">
    <p class='ocr_par' dir='ltr' id='par_1_70' title="bbox 234 5310 1841 5392">
     <span class='ocr_line' id='line_1_70' title="bbox 234 5310 1841 5392; baseline -0.001 -22"><span class='ocrx_word' id='word_1_522' title='bbox 234 5311 329 5371; x_wconf 80' lang='grc' dir='ltr'><strong>καὶ</strong></span> <span class='ocrx_word' id='word_1_523' title='bbox 357 5310 422 5372; x_wconf 78' lang='grc' dir='ltr'><strong>τὸ</strong></span> <span class='ocrx_word' id='word_1_524' title='bbox 450 5314 632 5373; x_wconf 87' lang='grc' dir='ltr'>λαλεῖν</span> <span class='ocrx_word' id='word_1_525' title='bbox 670 5311 940 5392; x_wconf 83' lang='grc' dir='ltr'>γλώσσαις</span> <span class='ocrx_word' id='word_1_526' title='bbox 969 5310 1049 5392; x_wconf 75' lang='grc' dir='ltr'>μὴ</span> <span class='ocrx_word' id='word_1_527' title='bbox 1081 5312 1335 5375; x_wconf 90' lang='grc' dir='ltr'>κωλύετε.</span> <span class='ocrx_word' id='word_1_528' title='bbox 1368 5332 1397 5369; x_wconf 79' lang='grc'><strong>››</strong></span> <span class='ocrx_word' id='word_1_529' title='bbox 1435 5312 1573 5391; x_wconf 78' lang='grc' dir='ltr'>Περὶ</span> <span class='ocrx_word' id='word_1_530' title='bbox 1602 5312 1704 5368; x_wconf 82' lang='grc' dir='ltr'><strong>τῶν</strong></span> <span class='ocrx_word' id='word_1_531' title='bbox 1740 5333 1841 5391; x_wconf 84' lang='grc' dir='ltr'>χα-</span> 
     </span>
    </p>
   </div>
   <div class='ocr_carea' id='block_1_71' title="bbox 234 5391 1842 5485">
    <p class='ocr_par' dir='ltr' id='par_1_71' title="bbox 234 5391 1842 5485">
     <span class='ocr_line' id='line_1_71' title="bbox 234 5391 1842 5485; baseline -0.001 -25"><span class='ocrx_word' id='word_1_532' title='bbox 234 5402 516 5482; x_wconf 86' lang='grc' dir='ltr'>ρισμάτων</span> <span class='ocrx_word' id='word_1_533' title='bbox 568 5391 899 5485; x_wconf 82' lang='grc' dir='ltr'>διαλεχθεὶς,</span> <span class='ocrx_word' id='word_1_534' title='bbox 961 5391 1078 5464; x_wconf 74' lang='grc' dir='ltr'>εἶτα</span> <span class='ocrx_word' id='word_1_535' title='bbox 1142 5400 1476 5484; x_wconf 86' lang='grc' dir='ltr'>παρενέϐαλε</span> <span class='ocrx_word' id='word_1_536' title='bbox 1532 5400 1694 5482; x_wconf 88' lang='grc' dir='ltr'>μέσον</span> <span class='ocrx_word' id='word_1_537' title='bbox 1749 5399 1842 5460; x_wconf 83' lang='grc' dir='ltr'><strong>τὸν</strong></span> 
     </span>
    </p>
   </div>
   <div class='ocr_carea' id='block_1_72' title="bbox 320 5584 767 5655">
    <p class='ocr_par' dir='ltr' id='par_1_72' title="bbox 320 5584 767 5655">
     <span class='ocr_line' id='line_1_72' title="bbox 320 5584 767 5655; baseline -0.007 -13"><span class='ocrx_word' id='word_1_538' title='bbox 320 5593 340 5618; x_wconf 72' lang='grc' dir='ltr'><strong>ε</strong></span> <span class='ocrx_word' id='word_1_539' title='bbox 364 5584 509 5642; x_wconf 89' lang='lat' dir='ltr'><strong>Gen.</strong></span> <span class='ocrx_word' id='word_1_540' title='bbox 542 5598 644 5655; x_wconf 82' lang='lat' dir='ltr'><strong>III,</strong></span> <span class='ocrx_word' id='word_1_541' title='bbox 681 5590 767 5642; x_wconf 79' lang='lat'><strong>16.</strong></span> 
     </span>
    </p>
   </div>
   <div class='ocr_carea' id='block_1_73' title="bbox 1959 1887 3556 1961">
    <p class='ocr_par' dir='ltr' id='par_1_73' title="bbox 1959 1887 3556 1961">
     <span class='ocr_line' id='line_1_73' title="bbox 1959 1887 3556 1961; baseline 0.003 -17"><span class='ocrx_word' id='word_1_542' title='bbox 1959 1887 2183 1961; x_wconf 90' lang='lat' dir='ltr'><strong>quidem</strong></span> <span class='ocrx_word' id='word_1_543' title='bbox 2211 1888 2376 1946; x_wconf 91' lang='lat' dir='ltr'><strong>rebus</strong></span> <span class='ocrx_word' id='word_1_544' title='bbox 2412 1897 2469 1946; x_wconf 89' lang='lat' dir='ltr'><strong>et</strong></span> <span class='ocrx_word' id='word_1_545' title='bbox 2514 1890 2716 1946; x_wconf 74' lang='lat' dir='ltr'><strong>animae</strong></span> <span class='ocrx_word' id='word_1_546' title='bbox 2746 1888 3075 1960; x_wconf 87' lang='lat' dir='ltr'><strong>commodis,</strong></span> <span class='ocrx_word' id='word_1_547' title='bbox 3102 1889 3428 1949; x_wconf 88' lang='lat' dir='ltr'><strong>mulieribus</strong></span> <span class='ocrx_word' id='word_1_548' title='bbox 3467 1892 3556 1950; x_wconf 93' lang='lat' dir='ltr'><strong>lo-</strong></span> 
     </span>
    </p>
   </div>
   <div class='ocr_carea' id='block_1_74' title="bbox 1958 1978 2870 2051">
    <p class='ocr_par' dir='ltr' id='par_1_74' title="bbox 1958 1978 2870 2051">
     <span class='ocr_line' id='line_1_74' title="bbox 1958 1978 2870 2051; baseline 0.004 -18"><span class='ocrx_word' id='word_1_549' title='bbox 1958 1978 2057 2051; x_wconf 90' lang='lat' dir='ltr'><strong>qui</strong></span> <span class='ocrx_word' id='word_1_550' title='bbox 2080 1979 2415 2050; x_wconf 89' lang='lat' dir='ltr'><strong>permissum</strong></span> <span class='ocrx_word' id='word_1_551' title='bbox 2436 1987 2519 2037; x_wconf 90' lang='lat' dir='ltr'><strong>est</strong></span> <span class='ocrx_word' id='word_1_552' title='bbox 2545 1980 2602 2036; x_wconf 92' lang='lat' dir='ltr'><strong>in</strong></span> <span class='ocrx_word' id='word_1_553' title='bbox 2624 1979 2870 2037; x_wconf 89' lang='lat' dir='ltr'><strong>ecclesia.</strong></span> 
     </span>
    </p>
   </div>
   <div class='ocr_carea' id='block_1_75' title="bbox 2034 2069 3549 2146">
    <p class='ocr_par' dir='ltr' id='par_1_75' title="bbox 2034 2069 3549 2146">
     <span class='ocr_line' id='line_1_75' title="bbox 2034 2069 3549 2146; baseline 0.003 -22"><span class='ocrx_word' id='word_1_554' title='bbox 2034 2091 2061 2117; x_wconf 77' lang='grc' dir='ltr'><strong>ιι</strong></span> <span class='ocrx_word' id='word_1_555' title='bbox 2091 2071 2277 2141; x_wconf 87' lang='lat' dir='ltr'><strong>Turpe</strong></span> <span class='ocrx_word' id='word_1_556' title='bbox 2331 2077 2415 2128; x_wconf 89' lang='lat' dir='ltr'><strong>est</strong></span> <span class='ocrx_word' id='word_1_557' title='bbox 2439 2069 2584 2127; x_wconf 89' lang='lat' dir='ltr'><strong>enim</strong></span> <span class='ocrx_word' id='word_1_558' title='bbox 2617 2070 2937 2128; x_wconf 88' lang='lat' dir='ltr'><strong>mulieribus</strong></span> <span class='ocrx_word' id='word_1_559' title='bbox 2975 2070 3031 2127; x_wconf 94' lang='lat' dir='ltr'><strong>in</strong></span> <span class='ocrx_word' id='word_1_560' title='bbox 3072 2070 3293 2129; x_wconf 88' lang='lat' dir='ltr'><strong>ecclesia</strong></span> <span class='ocrx_word' id='word_1_561' title='bbox 3319 2072 3489 2146; x_wconf 91' lang='lat' dir='ltr'><strong>loqui.</strong></span> <span class='ocrx_word' id='word_1_562' title='bbox 3519 2092 3549 2129; x_wconf 79' lang='lat'><strong>»</strong></span> 
     </span>
    </p>
   </div>
   <div class='ocr_carea' id='block_1_76' title="bbox 1958 2158 3551 2234">
    <p class='ocr_par' dir='ltr' id='par_1_76' title="bbox 1958 2158 3551 2234">
     <span class='ocr_line' id='line_1_76' title="bbox 1958 2158 3551 2234; baseline 0.004 -19"><span class='ocrx_word' id='word_1_563' title='bbox 1958 2158 2420 2233; x_wconf 87' lang='lat' dir='ltr'><strong>Quandoquidem</strong></span> <span class='ocrx_word' id='word_1_564' title='bbox 2450 2161 2557 2217; x_wconf 66' lang='lat' dir='ltr'><strong>illa:</strong></span> <span class='ocrx_word' id='word_1_565' title='bbox 2583 2159 2771 2218; x_wconf 78' lang='lat' dir='ltr'><strong>forsan</strong></span> <span class='ocrx_word' id='word_1_566' title='bbox 2798 2160 3069 2234; x_wconf 87' lang='lat' dir='ltr'><strong>putabant</strong></span> <span class='ocrx_word' id='word_1_567' title='bbox 3095 2161 3200 2219; x_wconf 91' lang='lat' dir='ltr'><strong>sibi</strong></span> <span class='ocrx_word' id='word_1_568' title='bbox 3222 2161 3407 2220; x_wconf 90' lang='lat' dir='ltr'><strong>decori</strong></span> <span class='ocrx_word' id='word_1_569' title='bbox 3433 2179 3551 2221; x_wconf 88' lang='lat' dir='ltr'><strong>esse</strong></span> 
     </span>
    </p>
   </div>
   <div class='ocr_carea' id='block_1_77' title="bbox 1956 2249 3553 2326">
    <p class='ocr_par' dir='ltr' id='par_1_77' title="bbox 1956 2249 3553 2326">
     <span class='ocr_line' id='line_1_77' title="bbox 1956 2249 3553 2326; baseline 0.004 -21"><span class='ocrx_word' id='word_1_570' title='bbox 1956 2249 2018 2305; x_wconf 85' lang='lat' dir='ltr'><strong>in</strong></span> <span class='ocrx_word' id='word_1_571' title='bbox 2064 2249 2293 2307; x_wconf 89' lang='lat' dir='ltr'><strong>ecclesia</strong></span> <span class='ocrx_word' id='word_1_572' title='bbox 2344 2250 2621 2323; x_wconf 88' lang='lat' dir='ltr'><strong>colloquia</strong></span> <span class='ocrx_word' id='word_1_573' title='bbox 2697 2251 3004 2323; x_wconf 89' lang='lat' dir='ltr'><strong>spiritualia</strong></span> <span class='ocrx_word' id='word_1_574' title='bbox 3043 2252 3302 2324; x_wconf 88' lang='lat' dir='ltr'><strong>miscere,</strong></span> <span class='ocrx_word' id='word_1_575' title='bbox 3358 2252 3472 2326; x_wconf 88' lang='lat' dir='ltr'><strong>ipse</strong></span> <span class='ocrx_word' id='word_1_576' title='bbox 3523 2270 3553 2311; x_wconf 89' lang='lat' dir='ltr'><strong>e</strong></span> 
     </span>
    </p>
   </div>
   <div class='ocr_carea' id='block_1_78' title="bbox 1957 2339 3554 2416">
    <p class='ocr_par' dir='ltr' id='par_1_78' title="bbox 1957 2339 3554 2416">
     <span class='ocr_line' id='line_1_78' title="bbox 1957 2339 3554 2416; baseline 0.004 -20"><span class='ocrx_word' id='word_1_577' title='bbox 1957 2348 2147 2397; x_wconf 91' lang='lat' dir='ltr'><strong>contra</strong></span> <span class='ocrx_word' id='word_1_578' title='bbox 2190 2340 2297 2397; x_wconf 91' lang='lat' dir='ltr'><strong>hoc</strong></span> <span class='ocrx_word' id='word_1_579' title='bbox 2350 2340 2458 2398; x_wconf 88' lang='lat' dir='ltr'><strong>illis</strong></span> <span class='ocrx_word' id='word_1_580' title='bbox 2523 2340 2579 2397; x_wconf 92' lang='lat' dir='ltr'><strong>in</strong></span> <span class='ocrx_word' id='word_1_581' title='bbox 2630 2339 2870 2399; x_wconf 88' lang='lat' dir='ltr'><strong>dedecus</strong></span> <span class='ocrx_word' id='word_1_582' title='bbox 2924 2350 2979 2399; x_wconf 87' lang='lat' dir='ltr'><strong>et</strong></span> <span class='ocrx_word' id='word_1_583' title='bbox 3026 2342 3296 2416; x_wconf 89' lang='lat' dir='ltr'><strong>pudorem</strong></span> <span class='ocrx_word' id='word_1_584' title='bbox 3357 2343 3554 2403; x_wconf 88' lang='lat' dir='ltr'><strong>cedere</strong></span> 
     </span>
    </p>
   </div>
   <div class='ocr_carea' id='block_1_79' title="bbox 1957 2430 2173 2487">
    <p class='ocr_par' dir='ltr' id='par_1_79' title="bbox 1957 2430 2173 2487">
     <span class='ocr_line' id='line_1_79' title="bbox 1957 2430 2173 2487; baseline -0.009 0"><span class='ocrx_word' id='word_1_585' title='bbox 1957 2430 2173 2487; x_wconf 89' lang='lat' dir='ltr'><strong>asserit.</strong></span> 
     </span>
    </p>
   </div>
   <div class='ocr_carea' id='block_1_80' title="bbox 2028 2521 3555 2596">
    <p class='ocr_par' dir='ltr' id='par_1_80' title="bbox 2028 2521 3555 2596">
     <span class='ocr_line' id='line_1_80' title="bbox 2028 2521 3555 2596; baseline 0.002 -18"><span class='ocrx_word' id='word_1_586' title='bbox 2028 2524 2209 2579; x_wconf 82' lang='lat' dir='ltr'><strong>VEBS.</strong></span> <span class='ocrx_word' id='word_1_587' title='bbox 2241 2527 2328 2578; x_wconf 88' lang='lat'><strong>36.</strong></span> <span class='ocrx_word' id='word_1_588' title='bbox 2364 2545 2387 2570; x_wconf 75' lang='grc' dir='ltr'><strong>ι</strong></span> <span class='ocrx_word' id='word_1_589' title='bbox 2411 2525 2499 2577; x_wconf 88' lang='lat' dir='ltr'><strong>An</strong></span> <span class='ocrx_word' id='word_1_590' title='bbox 2520 2537 2551 2578; x_wconf 91' lang='lat' dir='ltr'><strong>a</strong></span> <span class='ocrx_word' id='word_1_591' title='bbox 2581 2521 2734 2578; x_wconf 86' lang='lat' dir='ltr'><strong>vobis</strong></span> <span class='ocrx_word' id='word_1_592' title='bbox 2760 2521 2989 2579; x_wconf 88' lang='lat' dir='ltr'><strong>verbum</strong></span> <span class='ocrx_word' id='word_1_593' title='bbox 3009 2523 3110 2579; x_wconf 90' lang='lat' dir='ltr'><strong>Dei</strong></span> <span class='ocrx_word' id='word_1_594' title='bbox 3133 2522 3399 2596; x_wconf 91' lang='lat' dir='ltr'><strong>processit</strong></span> <span class='ocrx_word' id='word_1_595' title='bbox 3420 2526 3555 2581; x_wconf 80' lang='lat' dir='ltr'><strong>Paut</strong></span> 
     </span>
    </p>
   </div>
   <div class='ocr_carea' id='block_1_81' title="bbox 1956 2611 3553 2687">
    <p class='ocr_par' dir='ltr' id='par_1_81' title="bbox 1956 2611 3553 2687">
     <span class='ocr_line' id='line_1_81' title="bbox 1956 2611 3553 2687; baseline 0.002 -19"><span class='ocrx_word' id='word_1_596' title='bbox 1956 2611 2023 2669; x_wconf 90' lang='lat' dir='ltr'><strong>ad</strong></span> <span class='ocrx_word' id='word_1_597' title='bbox 2053 2628 2149 2669; x_wconf 91' lang='lat' dir='ltr'><strong>vos</strong></span> <span class='ocrx_word' id='word_1_598' title='bbox 2176 2612 2323 2669; x_wconf 92' lang='lat' dir='ltr'><strong>solos</strong></span> <span class='ocrx_word' id='word_1_599' title='bbox 2350 2612 2639 2684; x_wconf 82' lang='lat' dir='ltr'><strong>pervenit?</strong></span> <span class='ocrx_word' id='word_1_600' title='bbox 2684 2636 2709 2662; x_wconf 75' lang='grc' dir='ltr'>ι»</span> <span class='ocrx_word' id='word_1_601' title='bbox 2741 2613 2928 2669; x_wconf 88' lang='lat' dir='ltr'><strong>Veluti</strong></span> <span class='ocrx_word' id='word_1_602' title='bbox 2973 2613 3232 2670; x_wconf 90' lang='lat' dir='ltr'><strong>adversus</strong></span> <span class='ocrx_word' id='word_1_603' title='bbox 3277 2614 3553 2687; x_wconf 90' lang='lat' dir='ltr'><strong>quosdam</strong></span> 
     </span>
    </p>
   </div>
   <div class='ocr_carea' id='block_1_82' title="bbox 1956 2701 3547 2777">
    <p class='ocr_par' dir='ltr' id='par_1_82' title="bbox 1956 2701 3547 2777">
     <span class='ocr_line' id='line_1_82' title="bbox 1956 2701 3547 2777; baseline 0.001 -18"><span class='ocrx_word' id='word_1_604' title='bbox 1956 2702 2064 2759; x_wconf 91' lang='lat' dir='ltr'><strong>sibi</strong></span> <span class='ocrx_word' id='word_1_605' title='bbox 2092 2701 2533 2758; x_wconf 88' lang='lat' dir='ltr'><strong>contradicentes</strong></span> <span class='ocrx_word' id='word_1_606' title='bbox 2574 2701 2662 2757; x_wconf 92' lang='lat' dir='ltr'><strong>hic</strong></span> <span class='ocrx_word' id='word_1_607' title='bbox 2703 2718 2887 2759; x_wconf 90' lang='lat' dir='ltr'><strong>sermo</strong></span> <span class='ocrx_word' id='word_1_608' title='bbox 2930 2701 3202 2760; x_wconf 88' lang='lat' dir='ltr'><strong>formatus</strong></span> <span class='ocrx_word' id='word_1_609' title='bbox 3237 2713 3344 2760; x_wconf 91' lang='lat' dir='ltr'><strong>est.</strong></span> <span class='ocrx_word' id='word_1_610' title='bbox 3394 2703 3547 2777; x_wconf 89' lang='lat' dir='ltr'><strong>Quid</strong></span> 
     </span>
    </p>
   </div>
   <div class='ocr_carea' id='block_1_83' title="bbox 1956 2790 3554 2865">
    <p class='ocr_par' dir='ltr' id='par_1_83' title="bbox 1956 2790 3554 2865">
     <span class='ocr_line' id='line_1_83' title="bbox 1956 2790 3554 2865; baseline 0.002 -18"><span class='ocrx_word' id='word_1_611' title='bbox 1956 2790 2129 2859; x_wconf 90' lang='lat' dir='ltr'><strong>enim,</strong></span> <span class='ocrx_word' id='word_1_612' title='bbox 2169 2792 2368 2863; x_wconf 89' lang='lat' dir='ltr'><strong>inquit,</strong></span> <span class='ocrx_word' id='word_1_613' title='bbox 2396 2790 2535 2846; x_wconf 91' lang='lat' dir='ltr'><strong>mihi</strong></span> <span class='ocrx_word' id='word_1_614' title='bbox 2569 2790 2955 2861; x_wconf 89' lang='lat' dir='ltr'><strong>adversamini,</strong></span> <span class='ocrx_word' id='word_1_615' title='bbox 2980 2808 3083 2848; x_wconf 90' lang='lat' dir='ltr'><strong>nec</strong></span> <span class='ocrx_word' id='word_1_616' title='bbox 3108 2793 3399 2865; x_wconf 90' lang='lat' dir='ltr'><strong>pulchrum</strong></span> <span class='ocrx_word' id='word_1_617' title='bbox 3434 2809 3554 2850; x_wconf 90' lang='lat' dir='ltr'><strong>esse</strong></span> 
     </span>
    </p>
   </div>
   <div class='ocr_carea' id='block_1_84' title="bbox 1956 2881 3550 2956">
    <p class='ocr_par' dir='ltr' id='par_1_84' title="bbox 1956 2881 3550 2956">
     <span class='ocr_line' id='line_1_84' title="bbox 1956 2881 3550 2956; baseline 0.003 -19"><span class='ocrx_word' id='word_1_618' title='bbox 1956 2881 2165 2954; x_wconf 88' lang='lat' dir='ltr'><strong>putatis</strong></span> <span class='ocrx_word' id='word_1_619' title='bbox 2220 2881 2457 2938; x_wconf 86' lang='lat' dir='ltr'><strong>feminas</strong></span> <span class='ocrx_word' id='word_1_620' title='bbox 2507 2881 2562 2937; x_wconf 92' lang='lat' dir='ltr'><strong>in</strong></span> <span class='ocrx_word' id='word_1_621' title='bbox 2590 2882 2812 2939; x_wconf 90' lang='lat' dir='ltr'><strong>ecclesia</strong></span> <span class='ocrx_word' id='word_1_622' title='bbox 2855 2885 3080 2938; x_wconf 85' lang='lat' dir='ltr'><strong>tacere?</strong></span> <span class='ocrx_word' id='word_1_623' title='bbox 3128 2883 3411 2956; x_wconf 89' lang='lat' dir='ltr'><strong>Numquid</strong></span> <span class='ocrx_word' id='word_1_624' title='bbox 3452 2899 3550 2941; x_wconf 90' lang='lat' dir='ltr'><strong>vos</strong></span> 
     </span>
    </p>
   </div>
   <div class='ocr_carea' id='block_1_85' title="bbox 1955 2970 3548 3043">
    <p class='ocr_par' dir='ltr' id='par_1_85' title="bbox 1955 2970 3548 3043">
     <span class='ocr_line' id='line_1_85' title="bbox 1955 2970 3548 3043; baseline 0.001 -16"><span class='ocrx_word' id='word_1_625' title='bbox 1955 2970 2085 3027; x_wconf 90' lang='lat' dir='ltr'><strong>estis</strong></span> <span class='ocrx_word' id='word_1_626' title='bbox 2122 2970 2419 3028; x_wconf 82' lang='lat' dir='ltr'><strong>doctores?</strong></span> <span class='ocrx_word' id='word_1_627' title='bbox 2446 2979 2545 3027; x_wconf 87' lang='lat' dir='ltr'><strong>aut</strong></span> <span class='ocrx_word' id='word_1_628' title='bbox 2574 2986 2606 3026; x_wconf 92' lang='lat' dir='ltr'><strong>a</strong></span> <span class='ocrx_word' id='word_1_629' title='bbox 2626 2970 2777 3027; x_wconf 93' lang='lat' dir='ltr'><strong>vobis</strong></span> <span class='ocrx_word' id='word_1_630' title='bbox 2801 2971 2927 3025; x_wconf 87' lang='lat' dir='ltr'><strong>exiit</strong></span> <span class='ocrx_word' id='word_1_631' title='bbox 2950 2971 3264 3043; x_wconf 77' lang='lat' dir='ltr'><strong>praedicatio</strong></span> <span class='ocrx_word' id='word_1_632' title='bbox 3287 2972 3444 3028; x_wconf 89' lang='lat' dir='ltr'><strong>verbi</strong></span> <span class='ocrx_word' id='word_1_633' title='bbox 3476 2972 3548 3029; x_wconf 87' lang='lat' dir='ltr'><strong>ad</strong></span> 
     </span>
    </p>
   </div>
   <div class='ocr_carea' id='block_1_86' title="bbox 1957 3059 3551 3135">
    <p class='ocr_par' dir='ltr' id='par_1_86' title="bbox 1957 3059 3551 3135">
     <span class='ocr_line' id='line_1_86' title="bbox 1957 3059 3551 3135; baseline 0.001 -18"><span class='ocrx_word' id='word_1_634' title='bbox 1957 3061 2248 3135; x_wconf 80' lang='lat' dir='ltr'><strong>reliquos?</strong></span> <span class='ocrx_word' id='word_1_635' title='bbox 2276 3062 2359 3118; x_wconf 91' lang='lat' dir='ltr'><strong>vel</strong></span> <span class='ocrx_word' id='word_1_636' title='bbox 2406 3059 2554 3135; x_wconf 92' lang='lat' dir='ltr'><strong>apud</strong></span> <span class='ocrx_word' id='word_1_637' title='bbox 2583 3076 2680 3118; x_wconf 94' lang='lat' dir='ltr'><strong>vos</strong></span> <span class='ocrx_word' id='word_1_638' title='bbox 2704 3059 2854 3117; x_wconf 92' lang='lat' dir='ltr'><strong>solos</strong></span> <span class='ocrx_word' id='word_1_639' title='bbox 2886 3062 3121 3118; x_wconf 88' lang='lat' dir='ltr'><strong>stabilita</strong></span> <span class='ocrx_word' id='word_1_640' title='bbox 3141 3070 3227 3119; x_wconf 90' lang='lat' dir='ltr'><strong>est</strong></span> <span class='ocrx_word' id='word_1_641' title='bbox 3258 3060 3419 3129; x_wconf 86' lang='lat' dir='ltr'><strong>ﬁdes,</strong></span> <span class='ocrx_word' id='word_1_642' title='bbox 3448 3078 3551 3119; x_wconf 92' lang='lat' dir='ltr'><strong>nec</strong></span> 
     </span>
    </p>
   </div>
   <div class='ocr_carea' id='block_1_87' title="bbox 1956 3151 3549 3227">
    <p class='ocr_par' dir='ltr' id='par_1_87' title="bbox 1956 3151 3549 3227">
     <span class='ocr_line' id='line_1_87' title="bbox 1956 3151 3549 3227; baseline 0.001 -19"><span class='ocrx_word' id='word_1_643' title='bbox 1956 3160 2179 3225; x_wconf 89' lang='lat' dir='ltr'><strong>oportet</strong></span> <span class='ocrx_word' id='word_1_644' title='bbox 2216 3169 2312 3211; x_wconf 91' lang='lat' dir='ltr'><strong>vos</strong></span> <span class='ocrx_word' id='word_1_645' title='bbox 2342 3151 2411 3209; x_wconf 91' lang='lat' dir='ltr'><strong>ab</strong></span> <span class='ocrx_word' id='word_1_646' title='bbox 2436 3152 2554 3208; x_wconf 90' lang='lat' dir='ltr'><strong>aliis</strong></span> <span class='ocrx_word' id='word_1_647' title='bbox 2576 3159 2795 3225; x_wconf 87' lang='lat' dir='ltr'><strong>recepta</strong></span> <span class='ocrx_word' id='word_1_648' title='bbox 2821 3152 3065 3225; x_wconf 89' lang='lat' dir='ltr'><strong>recipere</strong></span> <span class='ocrx_word' id='word_1_649' title='bbox 3093 3158 3116 3210; x_wconf 71' lang='grc' dir='ltr'><strong><em>Ρ</em></strong></span> <span class='ocrx_word' id='word_1_650' title='bbox 3162 3155 3354 3226; x_wconf 91' lang='lat' dir='ltr'><strong>Neque</strong></span> <span class='ocrx_word' id='word_1_651' title='bbox 3383 3153 3549 3227; x_wconf 89' lang='lat' dir='ltr'><strong>igitur</strong></span> 
     </span>
    </p>
   </div>
   <div class='ocr_carea' id='block_1_88' title="bbox 1952 3240 3554 3317">
    <p class='ocr_par' dir='ltr' id='par_1_88' title="bbox 1952 3240 3554 3317">
     <span class='ocr_line' id='line_1_88' title="bbox 1952 3240 3554 3317; baseline 0.002 -19"><span class='ocrx_word' id='word_1_652' title='bbox 1952 3258 2047 3300; x_wconf 89' lang='lat' dir='ltr'><strong>vos</strong></span> <span class='ocrx_word' id='word_1_653' title='bbox 2094 3242 2257 3315; x_wconf 88' lang='lat' dir='ltr'><strong>primi</strong></span> <span class='ocrx_word' id='word_1_654' title='bbox 2303 3242 2435 3300; x_wconf 89' lang='lat' dir='ltr'><strong>estis</strong></span> <span class='ocrx_word' id='word_1_655' title='bbox 2483 3240 2701 3315; x_wconf 87' lang='lat' dir='ltr'><strong>ﬁdeles,</strong></span> <span class='ocrx_word' id='word_1_656' title='bbox 2748 3258 2928 3315; x_wconf 81' lang='lat' dir='ltr'><strong>neque</strong></span> <span class='ocrx_word' id='word_1_657' title='bbox 2989 3243 3109 3299; x_wconf 91' lang='lat' dir='ltr'><strong>soli.</strong></span> <span class='ocrx_word' id='word_1_658' title='bbox 3168 3246 3306 3316; x_wconf 75' lang='lat' dir='ltr'><strong>Quae</strong></span> <span class='ocrx_word' id='word_1_659' title='bbox 3361 3242 3554 3317; x_wconf 87' lang='lat' dir='ltr'><strong>itaque</strong></span> 
     </span>
    </p>
   </div>
   <div class='ocr_carea' id='block_1_89' title="bbox 1954 3331 3445 3407">
    <p class='ocr_par' dir='ltr' id='par_1_89' title="bbox 1954 3331 3445 3407">
     <span class='ocr_line' id='line_1_89' title="bbox 1954 3331 3445 3407; baseline -0.001 -19"><span class='ocrx_word' id='word_1_660' title='bbox 1954 3331 2211 3390; x_wconf 87' lang='lat' dir='ltr'><strong>universo</strong></span> <span class='ocrx_word' id='word_1_661' title='bbox 2240 3333 2459 3404; x_wconf 89' lang='lat' dir='ltr'><strong>placent</strong></span> <span class='ocrx_word' id='word_1_662' title='bbox 2485 3331 2630 3401; x_wconf 89' lang='lat' dir='ltr'><strong>orbi,</strong></span> <span class='ocrx_word' id='word_1_663' title='bbox 2659 3347 2755 3389; x_wconf 88' lang='lat' dir='ltr'><strong>vos</strong></span> <span class='ocrx_word' id='word_1_664' title='bbox 2782 3331 2957 3389; x_wconf 90' lang='lat' dir='ltr'><strong>etiam</strong></span> <span class='ocrx_word' id='word_1_665' title='bbox 2987 3348 3172 3389; x_wconf 88' lang='lat' dir='ltr'><strong>amare</strong></span> <span class='ocrx_word' id='word_1_666' title='bbox 3202 3341 3445 3407; x_wconf 89' lang='lat' dir='ltr'><strong>oportet.</strong></span> 
     </span>
    </p>
   </div>
   <div class='ocr_carea' id='block_1_90' title="bbox 2022 3511 3552 3589">
    <p class='ocr_par' dir='ltr' id='par_1_90' title="bbox 2022 3511 3552 3589">
     <span class='ocr_line' id='line_1_90' title="bbox 2022 3511 3552 3589; baseline 0.002 -20"><span class='ocrx_word' id='word_1_667' title='bbox 2022 3515 2205 3571; x_wconf 66' lang='lat' dir='ltr'><strong>Vens.</strong></span> <span class='ocrx_word' id='word_1_668' title='bbox 2239 3520 2329 3570; x_wconf 88' lang='lat'><strong>37.</strong></span> <span class='ocrx_word' id='word_1_669' title='bbox 2364 3535 2391 3563; x_wconf 79' lang='grc' dir='ltr'>ι</span> <span class='ocrx_word' id='word_1_670' title='bbox 2422 3512 2482 3569; x_wconf 92' lang='lat' dir='ltr'><strong>Si</strong></span> <span class='ocrx_word' id='word_1_671' title='bbox 2506 3512 2631 3587; x_wconf 89' lang='lat' dir='ltr'><strong>quis</strong></span> <span class='ocrx_word' id='word_1_672' title='bbox 2651 3511 2866 3570; x_wconf 88' lang='lat' dir='ltr'><strong>videtur</strong></span> <span class='ocrx_word' id='word_1_673' title='bbox 2895 3513 3156 3585; x_wconf 88' lang='lat' dir='ltr'><strong>propheta</strong></span> <span class='ocrx_word' id='word_1_674' title='bbox 3186 3529 3307 3571; x_wconf 90' lang='lat' dir='ltr'><strong>esse</strong></span> <span class='ocrx_word' id='word_1_675' title='bbox 3326 3522 3423 3571; x_wconf 92' lang='lat' dir='ltr'><strong>aut</strong></span> <span class='ocrx_word' id='word_1_676' title='bbox 3445 3514 3552 3589; x_wconf 87' lang='lat' dir='ltr'><strong>spi—</strong></span> 
     </span>
    </p>
   </div>
   <div class='ocr_carea' id='block_1_91' title="bbox 1950 3601 3549 3675">
    <p class='ocr_par' dir='ltr' id='par_1_91' title="bbox 1950 3601 3549 3675">
     <span class='ocr_line' id='line_1_91' title="bbox 1950 3601 3549 3675; baseline 0 -15"><span class='ocrx_word' id='word_1_677' title='bbox 1950 3603 2188 3673; x_wconf 89' lang='lat' dir='ltr'><strong>ritualis,</strong></span> <span class='ocrx_word' id='word_1_678' title='bbox 2214 3610 2476 3675; x_wconf 86' lang='lat' dir='ltr'><strong>agnoscat</strong></span> <span class='ocrx_word' id='word_1_679' title='bbox 2527 3617 2651 3674; x_wconf 68' lang='lat' dir='ltr'><strong>qum</strong></span> <span class='ocrx_word' id='word_1_680' title='bbox 2682 3601 2864 3657; x_wconf 89' lang='lat' dir='ltr'><strong>scribo</strong></span> <span class='ocrx_word' id='word_1_681' title='bbox 2914 3602 3086 3669; x_wconf 89' lang='lat' dir='ltr'><strong>vobis,</strong></span> <span class='ocrx_word' id='word_1_682' title='bbox 3128 3602 3280 3674; x_wconf 92' lang='lat' dir='ltr'><strong>quod</strong></span> <span class='ocrx_word' id='word_1_683' title='bbox 3325 3605 3549 3661; x_wconf 92' lang='lat' dir='ltr'><strong>Domini</strong></span> 
     </span>
    </p>
   </div>
   <div class='ocr_carea' id='block_1_92' title="bbox 1950 3690 3557 3767">
    <p class='ocr_par' dir='ltr' id='par_1_92' title="bbox 1950 3690 3557 3767">
     <span class='ocr_line' id='line_1_92' title="bbox 1950 3690 3557 3767; baseline 0.001 -17"><span class='ocrx_word' id='word_1_684' title='bbox 1950 3701 2081 3750; x_wconf 87' lang='lat' dir='ltr'><strong>sunt</strong></span> <span class='ocrx_word' id='word_1_685' title='bbox 2102 3691 2383 3749; x_wconf 89' lang='lat' dir='ltr'><strong>mandata.</strong></span> <span class='ocrx_word' id='word_1_686' title='bbox 2420 3714 2446 3740; x_wconf 64' lang='grc' dir='ltr'><strong>ν</strong></span> <span class='ocrx_word' id='word_1_687' title='bbox 2469 3691 2630 3763; x_wconf 86' lang='lat' dir='ltr'><strong>Quod</strong></span> <span class='ocrx_word' id='word_1_688' title='bbox 2658 3693 2906 3747; x_wconf 91' lang='lat' dir='ltr'><strong>omnium</strong></span> <span class='ocrx_word' id='word_1_689' title='bbox 2927 3701 3008 3747; x_wconf 91' lang='lat' dir='ltr'><strong>est</strong></span> <span class='ocrx_word' id='word_1_690' title='bbox 3030 3690 3424 3760; x_wconf 89' lang='lat' dir='ltr'><strong>fortissimum,</strong></span> <span class='ocrx_word' id='word_1_691' title='bbox 3454 3710 3557 3767; x_wconf 91' lang='lat' dir='ltr'><strong>po-</strong></span> 
     </span>
    </p>
   </div>
   <div class='ocr_carea' id='block_1_93' title="bbox 1950 3781 3554 3855">
    <p class='ocr_par' dir='ltr' id='par_1_93' title="bbox 1950 3781 3554 3855">
     <span class='ocr_line' id='line_1_93' title="bbox 1950 3781 3554 3855; baseline 0 -16"><span class='ocrx_word' id='word_1_692' title='bbox 1950 3791 2157 3840; x_wconf 86' lang='lat' dir='ltr'><strong>stremo</strong></span> <span class='ocrx_word' id='word_1_693' title='bbox 2178 3782 2299 3838; x_wconf 94' lang='lat' dir='ltr'><strong>loco</strong></span> <span class='ocrx_word' id='word_1_694' title='bbox 2325 3781 2527 3854; x_wconf 91' lang='lat' dir='ltr'><strong>posuit,</strong></span> <span class='ocrx_word' id='word_1_695' title='bbox 2553 3784 2724 3849; x_wconf 90' lang='lat' dir='ltr'><strong>Deus,</strong></span> <span class='ocrx_word' id='word_1_696' title='bbox 2748 3781 3025 3853; x_wconf 89' lang='lat' dir='ltr'><strong>inquiens,</strong></span> <span class='ocrx_word' id='word_1_697' title='bbox 3052 3781 3169 3837; x_wconf 67' lang='lat' dir='ltr'><strong>haec</strong></span> <span class='ocrx_word' id='word_1_698' title='bbox 3188 3781 3427 3852; x_wconf 87' lang='lat' dir='ltr'><strong>imperat</strong></span> <span class='ocrx_word' id='word_1_699' title='bbox 3452 3799 3554 3855; x_wconf 90' lang='lat' dir='ltr'><strong>per</strong></span> 
     </span>
    </p>
   </div>
   <div class='ocr_carea' id='block_1_94' title="bbox 1951 3870 3552 3944">
    <p class='ocr_par' dir='ltr' id='par_1_94' title="bbox 1951 3870 3552 3944">
     <span class='ocr_line' id='line_1_94' title="bbox 1951 3870 3552 3944; baseline -0.001 -15"><span class='ocrx_word' id='word_1_700' title='bbox 1951 3888 2042 3929; x_wconf 90' lang='lat' dir='ltr'><strong>me</strong></span> <span class='ocrx_word' id='word_1_701' title='bbox 2074 3892 2087 3927; x_wconf 87' lang='lat'><strong>:</strong></span> <span class='ocrx_word' id='word_1_702' title='bbox 2118 3880 2282 3944; x_wconf 89' lang='lat' dir='ltr'><strong>atque</strong></span> <span class='ocrx_word' id='word_1_703' title='bbox 2308 3870 2415 3927; x_wconf 89' lang='lat' dir='ltr'><strong>hoc</strong></span> <span class='ocrx_word' id='word_1_704' title='bbox 2443 3870 2670 3928; x_wconf 89' lang='lat' dir='ltr'><strong>omnino</strong></span> <span class='ocrx_word' id='word_1_705' title='bbox 2699 3877 3016 3943; x_wconf 87' lang='lat' dir='ltr'><strong>cognoscet,</strong></span> <span class='ocrx_word' id='word_1_706' title='bbox 3049 3871 3145 3943; x_wconf 91' lang='lat' dir='ltr'><strong>qui</strong></span> <span class='ocrx_word' id='word_1_707' title='bbox 3185 3870 3332 3926; x_wconf 91' lang='lat' dir='ltr'><strong>visus</strong></span> <span class='ocrx_word' id='word_1_708' title='bbox 3379 3871 3552 3927; x_wconf 84' lang='lat' dir='ltr'><strong>fuerit</strong></span> 
     </span>
    </p>
   </div>
   <div class='ocr_carea' id='block_1_95' title="bbox 1949 3959 3548 4035">
    <p class='ocr_par' dir='ltr' id='par_1_95' title="bbox 1949 3959 3548 4035">
     <span class='ocr_line' id='line_1_95' title="bbox 1949 3959 3548 4035; baseline -0.001 -16"><span class='ocrx_word' id='word_1_709' title='bbox 1949 3962 2094 4035; x_wconf 89' lang='lat' dir='ltr'><strong>apud</strong></span> <span class='ocrx_word' id='word_1_710' title='bbox 2115 3978 2213 4019; x_wconf 89' lang='lat' dir='ltr'><strong>vos</strong></span> <span class='ocrx_word' id='word_1_711' title='bbox 2231 3978 2350 4019; x_wconf 92' lang='lat' dir='ltr'><strong>esse</strong></span> <span class='ocrx_word' id='word_1_712' title='bbox 2371 3960 2657 4035; x_wconf 87' lang='lat' dir='ltr'><strong>propheta,</strong></span> <span class='ocrx_word' id='word_1_713' title='bbox 2684 3960 2766 4017; x_wconf 91' lang='lat' dir='ltr'><strong>vel</strong></span> <span class='ocrx_word' id='word_1_714' title='bbox 2795 3959 2944 4017; x_wconf 90' lang='lat' dir='ltr'><strong>aliud</strong></span> <span class='ocrx_word' id='word_1_715' title='bbox 2962 3960 3243 4033; x_wconf 88' lang='lat' dir='ltr'><strong>quoddam</strong></span> <span class='ocrx_word' id='word_1_716' title='bbox 3268 3960 3548 4032; x_wconf 88' lang='lat' dir='ltr'><strong>spirituale</strong></span> 
     </span>
    </p>
   </div>
   <div class='ocr_carea' id='block_1_96' title="bbox 1950 4050 2969 4121">
    <p class='ocr_par' dir='ltr' id='par_1_96' title="bbox 1950 4050 2969 4121">
     <span class='ocr_line' id='line_1_96' title="bbox 1950 4050 2969 4121; baseline -0.004 -11"><span class='ocrx_word' id='word_1_717' title='bbox 1950 4052 2159 4111; x_wconf 91' lang='lat' dir='ltr'><strong>donum</strong></span> <span class='ocrx_word' id='word_1_718' title='bbox 2200 4051 2416 4121; x_wconf 87' lang='lat' dir='ltr'><strong>habeat,</strong></span> <span class='ocrx_word' id='word_1_719' title='bbox 2445 4051 2552 4108; x_wconf 91' lang='lat' dir='ltr'><strong>hoc</strong></span> <span class='ocrx_word' id='word_1_720' title='bbox 2597 4059 2682 4108; x_wconf 91' lang='lat' dir='ltr'><strong>est</strong></span> <span class='ocrx_word' id='word_1_721' title='bbox 2708 4050 2969 4109; x_wconf 69' lang='lat' dir='ltr'><strong>scientiae.</strong></span> 
     </span>
    </p>
   </div>
   <div class='ocr_carea' id='block_1_97' title="bbox 2022 4141 3552 4215">
    <p class='ocr_par' dir='ltr' id='par_1_97' title="bbox 2022 4141 3552 4215">
     <span class='ocr_line' id='line_1_97' title="bbox 2022 4141 3552 4215; baseline 0 -15"><span class='ocrx_word' id='word_1_722' title='bbox 2022 4146 2200 4201; x_wconf 64' lang='grc' dir='ltr'>νεεδ.</span> <span class='ocrx_word' id='word_1_723' title='bbox 2220 4149 2310 4200; x_wconf 85' lang='lat'><strong>38.</strong></span> <span class='ocrx_word' id='word_1_724' title='bbox 2339 4162 2367 4195; x_wconf 86' lang='lat'><strong>«</strong></span> <span class='ocrx_word' id='word_1_725' title='bbox 2387 4142 2445 4199; x_wconf 89' lang='lat' dir='ltr'><strong>Si</strong></span> <span class='ocrx_word' id='word_1_726' title='bbox 2464 4150 2647 4198; x_wconf 87' lang='lat' dir='ltr'><strong>autem</strong></span> <span class='ocrx_word' id='word_1_727' title='bbox 2666 4141 2789 4215; x_wconf 91' lang='lat' dir='ltr'><strong>quis</strong></span> <span class='ocrx_word' id='word_1_728' title='bbox 2808 4142 3047 4214; x_wconf 88' lang='lat' dir='ltr'><strong>ignorat,</strong></span> <span class='ocrx_word' id='word_1_729' title='bbox 3096 4141 3324 4215; x_wconf 91' lang='lat' dir='ltr'><strong>ignoret.</strong></span> <span class='ocrx_word' id='word_1_730' title='bbox 3356 4164 3383 4191; x_wconf 77' lang='grc' dir='ltr'>ιο</span> <span class='ocrx_word' id='word_1_731' title='bbox 3428 4144 3552 4200; x_wconf 83' lang='grc' dir='ltr'>Ηοο</span> 
     </span>
    </p>
   </div>
   <div class='ocr_carea' id='block_1_98' title="bbox 1950 4232 3547 4306">
    <p class='ocr_par' dir='ltr' id='par_1_98' title="bbox 1950 4232 3547 4306">
     <span class='ocr_line' id='line_1_98' title="bbox 1950 4232 3547 4306; baseline 0 -15"><span class='ocrx_word' id='word_1_732' title='bbox 1950 4242 2052 4303; x_wconf 86' lang='lat' dir='ltr'><strong>est,</strong></span> <span class='ocrx_word' id='word_1_733' title='bbox 2084 4237 2201 4306; x_wconf 88' lang='lat' dir='ltr'><strong>Ego</strong></span> <span class='ocrx_word' id='word_1_734' title='bbox 2230 4233 2384 4290; x_wconf 87' lang='lat' dir='ltr'><strong>dixi:</strong></span> <span class='ocrx_word' id='word_1_735' title='bbox 2415 4233 2506 4305; x_wconf 91' lang='lat' dir='ltr'><strong>qui</strong></span> <span class='ocrx_word' id='word_1_736' title='bbox 2552 4232 2685 4303; x_wconf 89' lang='lat' dir='ltr'><strong>vult,</strong></span> <span class='ocrx_word' id='word_1_737' title='bbox 2722 4232 3087 4305; x_wconf 89' lang='lat' dir='ltr'><strong>obtemperet.</strong></span> <span class='ocrx_word' id='word_1_738' title='bbox 3145 4232 3234 4289; x_wconf 92' lang='lat' dir='ltr'><strong>Sic</strong></span> <span class='ocrx_word' id='word_1_739' title='bbox 3284 4249 3414 4291; x_wconf 89' lang='lat' dir='ltr'><strong>vero</strong></span> <span class='ocrx_word' id='word_1_740' title='bbox 3462 4234 3547 4291; x_wconf 87' lang='lat' dir='ltr'><strong>lo-</strong></span> 
     </span>
    </p>
   </div>
   <div class='ocr_carea' id='block_1_99' title="bbox 1949 4322 3546 4397">
    <p class='ocr_par' dir='ltr' id='par_1_99' title="bbox 1949 4322 3546 4397">
     <span class='ocr_line' id='line_1_99' title="bbox 1949 4322 3546 4397; baseline 0.003 -18"><span class='ocrx_word' id='word_1_741' title='bbox 1949 4324 2041 4397; x_wconf 91' lang='lat' dir='ltr'><strong>qui</strong></span> <span class='ocrx_word' id='word_1_742' title='bbox 2069 4323 2313 4380; x_wconf 89' lang='lat' dir='ltr'><strong>hominis</strong></span> <span class='ocrx_word' id='word_1_743' title='bbox 2360 4331 2445 4380; x_wconf 90' lang='lat' dir='ltr'><strong>est</strong></span> <span class='ocrx_word' id='word_1_744' title='bbox 2497 4338 2596 4379; x_wconf 88' lang='lat' dir='ltr'><strong>sua</strong></span> <span class='ocrx_word' id='word_1_745' title='bbox 2624 4338 2737 4379; x_wconf 93' lang='lat' dir='ltr'><strong>non</strong></span> <span class='ocrx_word' id='word_1_746' title='bbox 2760 4322 3226 4388; x_wconf 90' lang='lat' dir='ltr'><strong>commendantis,</strong></span> <span class='ocrx_word' id='word_1_747' title='bbox 3280 4323 3379 4381; x_wconf 88' lang='lat' dir='ltr'><strong>sed</strong></span> <span class='ocrx_word' id='word_1_748' title='bbox 3425 4340 3546 4383; x_wconf 90' lang='lat' dir='ltr'><strong>rem</strong></span> 
     </span>
    </p>
   </div>
   <div class='ocr_carea' id='block_1_100' title="bbox 1951 4412 3550 4486">
    <p class='ocr_par' dir='ltr' id='par_1_100' title="bbox 1951 4412 3550 4486">
     <span class='ocr_line' id='line_1_100' title="bbox 1951 4412 3550 4486; baseline 0.001 -16"><span class='ocrx_word' id='word_1_749' title='bbox 1951 4414 2220 4486; x_wconf 92' lang='lat' dir='ltr'><strong>publicam</strong></span> <span class='ocrx_word' id='word_1_750' title='bbox 2266 4412 2579 4485; x_wconf 86' lang='lat' dir='ltr'><strong>spectantis.</strong></span> <span class='ocrx_word' id='word_1_751' title='bbox 2624 4412 2920 4469; x_wconf 89' lang='lat' dir='ltr'><strong>Consuevit</strong></span> <span class='ocrx_word' id='word_1_752' title='bbox 2967 4421 3154 4469; x_wconf 90' lang='lat' dir='ltr'><strong>autem</strong></span> <span class='ocrx_word' id='word_1_753' title='bbox 3208 4413 3411 4469; x_wconf 88' lang='lat' dir='ltr'><strong>Paulus</strong></span> <span class='ocrx_word' id='word_1_754' title='bbox 3439 4412 3550 4471; x_wconf 85' lang='lat' dir='ltr'><strong>hoc</strong></span> 
     </span>
    </p>
   </div>
   <div class='ocr_carea' id='block_1_101' title="bbox 1951 4502 3545 4575">
    <p class='ocr_par' dir='ltr' id='par_1_101' title="bbox 1951 4502 3545 4575">
     <span class='ocr_line' id='line_1_101' title="bbox 1951 4502 3545 4575; baseline 0.001 -15"><span class='ocrx_word' id='word_1_755' title='bbox 1951 4504 2151 4573; x_wconf 83' lang='lat' dir='ltr'><strong>facere,</strong></span> <span class='ocrx_word' id='word_1_756' title='bbox 2180 4504 2272 4560; x_wconf 92' lang='lat' dir='ltr'><strong>ubi</strong></span> <span class='ocrx_word' id='word_1_757' title='bbox 2296 4520 2410 4560; x_wconf 94' lang='lat' dir='ltr'><strong>non</strong></span> <span class='ocrx_word' id='word_1_758' title='bbox 2432 4502 2734 4559; x_wconf 89' lang='lat' dir='ltr'><strong>admodum</strong></span> <span class='ocrx_word' id='word_1_759' title='bbox 2759 4504 3125 4559; x_wconf 89' lang='lat' dir='ltr'><strong>necessarium</strong></span> <span class='ocrx_word' id='word_1_760' title='bbox 3154 4510 3238 4558; x_wconf 88' lang='lat' dir='ltr'><strong>est</strong></span> <span class='ocrx_word' id='word_1_761' title='bbox 3266 4518 3545 4575; x_wconf 90' lang='lat' dir='ltr'><strong>opponere</strong></span> 
     </span>
    </p>
   </div>
   <div class='ocr_carea' id='block_1_102' title="bbox 1950 4592 3545 4666">
    <p class='ocr_par' dir='ltr' id='par_1_102' title="bbox 1950 4592 3545 4666">
     <span class='ocr_line' id='line_1_102' title="bbox 1950 4592 3545 4666; baseline -0.001 -15"><span class='ocrx_word' id='word_1_762' title='bbox 1950 4610 2009 4651; x_wconf 92' lang='lat' dir='ltr'><strong>se</strong></span> <span class='ocrx_word' id='word_1_763' title='bbox 2031 4594 2309 4666; x_wconf 88' lang='lat' dir='ltr'><strong>cuiquam.</strong></span> <span class='ocrx_word' id='word_1_764' title='bbox 2367 4593 2514 4665; x_wconf 89' lang='lat' dir='ltr'><strong>Quid</strong></span> <span class='ocrx_word' id='word_1_765' title='bbox 2541 4593 2689 4648; x_wconf 91' lang='lat' dir='ltr'><strong>enim</strong></span> <span class='ocrx_word' id='word_1_766' title='bbox 2738 4593 2908 4649; x_wconf 91' lang='lat' dir='ltr'><strong>Paulo</strong></span> <span class='ocrx_word' id='word_1_767' title='bbox 2951 4592 3322 4647; x_wconf 89' lang='lat' dir='ltr'><strong>necessarium</strong></span> <span class='ocrx_word' id='word_1_768' title='bbox 3381 4594 3545 4649; x_wconf 88' lang='lat' dir='ltr'><strong>reniti</strong></span> 
     </span>
    </p>
   </div>
   <div class='ocr_carea' id='block_1_103' title="bbox 1950 4681 3541 4757">
    <p class='ocr_par' dir='ltr' id='par_1_103' title="bbox 1950 4681 3541 4757">
     <span class='ocr_line' id='line_1_103' title="bbox 1950 4681 3541 4757; baseline -0.002 -17"><span class='ocrx_word' id='word_1_769' title='bbox 1950 4684 2101 4753; x_wconf 87' lang='lat' dir='ltr'><strong>aliis,</strong></span> <span class='ocrx_word' id='word_1_770' title='bbox 2126 4692 2289 4757; x_wconf 90' lang='lat' dir='ltr'><strong>atque</strong></span> <span class='ocrx_word' id='word_1_771' title='bbox 2309 4683 2638 4756; x_wconf 89' lang='lat' dir='ltr'><strong>persuadere</strong></span> <span class='ocrx_word' id='word_1_772' title='bbox 2651 4683 2806 4750; x_wconf 90' lang='lat' dir='ltr'><strong>velle,</strong></span> <span class='ocrx_word' id='word_1_773' title='bbox 2832 4681 2981 4754; x_wconf 92' lang='lat' dir='ltr'><strong>quod</strong></span> <span class='ocrx_word' id='word_1_774' title='bbox 3009 4682 3114 4737; x_wconf 91' lang='lat' dir='ltr'><strong>Dei</strong></span> <span class='ocrx_word' id='word_1_775' title='bbox 3140 4681 3253 4737; x_wconf 91' lang='lat' dir='ltr'><strong>sint</strong></span> <span class='ocrx_word' id='word_1_776' title='bbox 3275 4681 3541 4739; x_wconf 86' lang='lat' dir='ltr'><strong>mandata</strong></span> 
     </span>
    </p>
   </div>
   <div class='ocr_carea' id='block_1_104' title="bbox 1953 4771 3545 4848">
    <p class='ocr_par' dir='ltr' id='par_1_104' title="bbox 1953 4771 3545 4848">
     <span class='ocr_line' id='line_1_104' title="bbox 1953 4771 3545 4848; baseline -0.002 -17"><span class='ocrx_word' id='word_1_777' title='bbox 1953 4790 2077 4848; x_wconf 69' lang='lat' dir='ltr'><strong>qua:</strong></span> <span class='ocrx_word' id='word_1_778' title='bbox 2104 4773 2268 4842; x_wconf 84' lang='lat' dir='ltr'><strong>dicat,</strong></span> <span class='ocrx_word' id='word_1_779' title='bbox 2297 4773 2460 4846; x_wconf 91' lang='lat' dir='ltr'><strong>idque</strong></span> <span class='ocrx_word' id='word_1_780' title='bbox 2490 4789 2621 4830; x_wconf 89' lang='lat' dir='ltr'><strong>cum</strong></span> <span class='ocrx_word' id='word_1_781' title='bbox 2648 4772 2720 4829; x_wconf 87' lang='lat' dir='ltr'><strong>ad</strong></span> <span class='ocrx_word' id='word_1_782' title='bbox 2764 4771 3066 4844; x_wconf 90' lang='lat' dir='ltr'><strong>discipulos</strong></span> <span class='ocrx_word' id='word_1_783' title='bbox 3102 4787 3233 4829; x_wconf 91' lang='lat' dir='ltr'><strong>suos</strong></span> <span class='ocrx_word' id='word_1_784' title='bbox 3267 4772 3545 4845; x_wconf 88' lang='lat' dir='ltr'><strong>loquatur,</strong></span> 
     </span>
    </p>
   </div>
   <div class='ocr_carea' id='block_1_105' title="bbox 1953 4861 3546 4936">
    <p class='ocr_par' dir='ltr' id='par_1_105' title="bbox 1953 4861 3546 4936">
     <span class='ocr_line' id='line_1_105' title="bbox 1953 4861 3546 4936; baseline -0.001 -15"><span class='ocrx_word' id='word_1_785' title='bbox 1953 4873 2009 4921; x_wconf 85' lang='lat' dir='ltr'><strong>et</strong></span> <span class='ocrx_word' id='word_1_786' title='bbox 2029 4863 2177 4921; x_wconf 91' lang='lat' dir='ltr'><strong>dicat</strong></span> <span class='ocrx_word' id='word_1_787' title='bbox 2209 4862 2551 4936; x_wconf 80' lang='lat' dir='ltr'><strong>Spiritualem</strong></span> <span class='ocrx_word' id='word_1_788' title='bbox 2578 4862 2871 4919; x_wconf 88' lang='lat' dir='ltr'><strong>hominem</strong></span> <span class='ocrx_word' id='word_1_789' title='bbox 2888 4862 3208 4934; x_wconf 87' lang='lat' dir='ltr'><strong>agniturum</strong></span> <span class='ocrx_word' id='word_1_790' title='bbox 3236 4861 3388 4936; x_wconf 91' lang='lat' dir='ltr'><strong>quod</strong></span> <span class='ocrx_word' id='word_1_791' title='bbox 3426 4863 3546 4920; x_wconf 65' lang='lat' dir='ltr'><strong>hate</strong></span> 
     </span>
    </p>
   </div>
   <div class='ocr_carea' id='block_1_106' title="bbox 1952 4952 3549 5025">
    <p class='ocr_par' dir='ltr' id='par_1_106' title="bbox 1952 4952 3549 5025">
     <span class='ocr_line' id='line_1_106' title="bbox 1952 4952 3549 5025; baseline -0.002 -13"><span class='ocrx_word' id='word_1_792' title='bbox 1952 4954 2135 5012; x_wconf 88' lang='lat' dir='ltr'><strong>divina</strong></span> <span class='ocrx_word' id='word_1_793' title='bbox 2166 4954 2316 5010; x_wconf 83' lang='lat' dir='ltr'><strong>sint?</strong></span> <span class='ocrx_word' id='word_1_794' title='bbox 2337 4954 2690 5025; x_wconf 84' lang='lat' dir='ltr'><strong>perspicuum</strong></span> <span class='ocrx_word' id='word_1_795' title='bbox 2719 4952 2867 5008; x_wconf 90' lang='lat' dir='ltr'><strong>enim</strong></span> <span class='ocrx_word' id='word_1_796' title='bbox 2896 4961 2979 5009; x_wconf 91' lang='lat' dir='ltr'><strong>est</strong></span> <span class='ocrx_word' id='word_1_797' title='bbox 3006 4968 3202 5009; x_wconf 92' lang='lat' dir='ltr'><strong>omnes</strong></span> <span class='ocrx_word' id='word_1_798' title='bbox 3228 4968 3549 5010; x_wconf 89' lang='lat' dir='ltr'><strong>assensuros</strong></span> 
     </span>
    </p>
   </div>
   <div class='ocr_carea' id='block_1_107' title="bbox 1952 5043 3543 5116">
    <p class='ocr_par' dir='ltr' id='par_1_107' title="bbox 1952 5043 3543 5116">
     <span class='ocr_line' id='line_1_107' title="bbox 1952 5043 3543 5116; baseline -0.003 -13"><span class='ocrx_word' id='word_1_799' title='bbox 1952 5061 2081 5103; x_wconf 92' lang='lat' dir='ltr'><strong>eum</strong></span> <span class='ocrx_word' id='word_1_800' title='bbox 2117 5043 2300 5101; x_wconf 91' lang='lat' dir='ltr'><strong>divina</strong></span> <span class='ocrx_word' id='word_1_801' title='bbox 2350 5060 2413 5100; x_wconf 91' lang='lat' dir='ltr'><strong>ac</strong></span> <span class='ocrx_word' id='word_1_802' title='bbox 2443 5043 2687 5101; x_wconf 73' lang='lat' dir='ltr'><strong>coelestia</strong></span> <span class='ocrx_word' id='word_1_803' title='bbox 2735 5043 2908 5115; x_wconf 91' lang='lat' dir='ltr'><strong>loqui,</strong></span> <span class='ocrx_word' id='word_1_804' title='bbox 2938 5059 3051 5116; x_wconf 91' lang='lat' dir='ltr'><strong>quo</strong></span> <span class='ocrx_word' id='word_1_805' title='bbox 3081 5043 3382 5116; x_wconf 89' lang='lat' dir='ltr'><strong>spirituales</strong></span> <span class='ocrx_word' id='word_1_806' title='bbox 3420 5058 3543 5100; x_wconf 87' lang='lat' dir='ltr'><strong>esse</strong></span> 
     </span>
    </p>
   </div>
   <div class='ocr_carea' id='block_1_108' title="bbox 1951 5134 2257 5193">
    <p class='ocr_par' dir='ltr' id='par_1_108' title="bbox 1951 5134 2257 5193">
     <span class='ocr_line' id='line_1_108' title="bbox 1951 5134 2257 5193; baseline -0.007 -2"><span class='ocrx_word' id='word_1_807' title='bbox 1951 5134 2257 5193; x_wconf 89' lang='lat' dir='ltr'><strong>videantur.</strong></span> 
     </span>
    </p>
   </div>
   <div class='ocr_carea' id='block_1_109' title="bbox 2023 5220 3549 5297">
    <p class='ocr_par' dir='ltr' id='par_1_109' title="bbox 2023 5220 3549 5297">
     <span class='ocr_line' id='line_1_109' title="bbox 2023 5220 3549 5297; baseline -0.003 -15"><span class='ocrx_word' id='word_1_808' title='bbox 2023 5227 2197 5282; x_wconf 67' lang='lat' dir='ltr'><strong>Vens.</strong></span> <span class='ocrx_word' id='word_1_809' title='bbox 2224 5230 2320 5282; x_wconf 83' lang='lat'><strong>39.</strong></span> <span class='ocrx_word' id='word_1_810' title='bbox 2362 5246 2387 5273; x_wconf 78' lang='grc' dir='ltr'><strong>α</strong></span> <span class='ocrx_word' id='word_1_811' title='bbox 2417 5225 2633 5297; x_wconf 88' lang='lat' dir='ltr'><strong>Itaque,</strong></span> <span class='ocrx_word' id='word_1_812' title='bbox 2662 5220 2863 5279; x_wconf 86' lang='lat' dir='ltr'><strong>fratres</strong></span> <span class='ocrx_word' id='word_1_813' title='bbox 2890 5220 3021 5290; x_wconf 89' lang='lat' dir='ltr'><strong>mei,</strong></span> <span class='ocrx_word' id='word_1_814' title='bbox 3051 5220 3396 5277; x_wconf 80' lang='lat' dir='ltr'><strong>aemulamini</strong></span> <span class='ocrx_word' id='word_1_815' title='bbox 3424 5237 3549 5294; x_wconf 84' lang='lat' dir='ltr'><strong>pro-</strong></span> 
     </span>
    </p>
   </div>
   <div class='ocr_carea' id='block_1_110' title="bbox 1953 5310 3550 5390">
    <p class='ocr_par' dir='ltr' id='par_1_110' title="bbox 1953 5310 3550 5390">
     <span class='ocr_line' id='line_1_110' title="bbox 1953 5310 3550 5390; baseline -0.003 -18"><span class='ocrx_word' id='word_1_816' title='bbox 1953 5316 2200 5390; x_wconf 87' lang='lat' dir='ltr'><strong>pbetare,</strong></span> <span class='ocrx_word' id='word_1_817' title='bbox 2229 5324 2286 5371; x_wconf 93' lang='lat' dir='ltr'><strong>et</strong></span> <span class='ocrx_word' id='word_1_818' title='bbox 2319 5314 2524 5387; x_wconf 84' lang='lat' dir='ltr'><strong>linguis</strong></span> <span class='ocrx_word' id='word_1_819' title='bbox 2552 5312 2702 5386; x_wconf 92' lang='lat' dir='ltr'><strong>loqui</strong></span> <span class='ocrx_word' id='word_1_820' title='bbox 2740 5327 2813 5368; x_wconf 89' lang='lat' dir='ltr'><strong>ne</strong></span> <span class='ocrx_word' id='word_1_821' title='bbox 2845 5310 3205 5383; x_wconf 86' lang='lat' dir='ltr'><strong>prohibeatis.</strong></span> <span class='ocrx_word' id='word_1_822' title='bbox 3250 5334 3275 5362; x_wconf 78' lang='grc' dir='ltr'><strong>ιι</strong></span> <span class='ocrx_word' id='word_1_823' title='bbox 3326 5312 3439 5369; x_wconf 92' lang='lat' dir='ltr'><strong>Ubi</strong></span> <span class='ocrx_word' id='word_1_824' title='bbox 3483 5312 3550 5368; x_wconf 88' lang='lat' dir='ltr'><strong>de</strong></span> 
     </span>
    </p>
   </div>
   <div class='ocr_carea' id='block_1_111' title="bbox 1948 5399 3547 5478">
    <p class='ocr_par' dir='ltr' id='par_1_111' title="bbox 1948 5399 3547 5478">
     <span class='ocr_line' id='line_1_111' title="bbox 1948 5399 3547 5478; baseline -0.005 -13"><span class='ocrx_word' id='word_1_825' title='bbox 1948 5405 2379 5467; x_wconf 88' lang='lat' dir='ltr'><strong>charismatibus</strong></span> <span class='ocrx_word' id='word_1_826' title='bbox 2398 5405 2749 5478; x_wconf 88' lang='lat' dir='ltr'><strong>disputasset,</strong></span> <span class='ocrx_word' id='word_1_827' title='bbox 2774 5416 3104 5461; x_wconf 88' lang='lat' dir='ltr'><strong>sermonem</strong></span> <span class='ocrx_word' id='word_1_828' title='bbox 3127 5399 3197 5461; x_wconf 91' lang='lat' dir='ltr'><strong>de</strong></span> <span class='ocrx_word' id='word_1_829' title='bbox 3223 5399 3547 5460; x_wconf 89' lang='lat' dir='ltr'><strong>mulieribus</strong></span> 
     </span>
    </p>
   </div>
   <div class='ocr_carea' id='block_1_112' title="bbox 1643 5661 2185 5725">
    <p class='ocr_par' dir='ltr' id='par_1_112' title="bbox 1643 5661 2185 5725">
     <span class='ocr_line' id='line_1_112' title="bbox 1643 5661 2185 5725; baseline -0.002 -1"><span class='ocrx_word' id='word_1_830' title='bbox 1643 5662 1838 5725; x_wconf 79' lang='lat' dir='ltr'><strong>Variae</strong></span> <span class='ocrx_word' id='word_1_831' title='bbox 1884 5661 2185 5724; x_wconf 81' lang='lat' dir='ltr'><strong>lectiones.</strong></span> 
     </span>
    </p>
   </div>
   <div class='ocr_carea' id='block_1_113' title="bbox 303 5770 1377 5843">
    <p class='ocr_par' dir='ltr' id='par_1_113' title="bbox 303 5770 1377 5843">
     <span class='ocr_line' id='line_1_113' title="bbox 303 5770 1377 5843; baseline 0.002 -18"><span class='ocrx_word' id='word_1_832' title='bbox 303 5773 347 5808; x_wconf 72' lang='grc'><strong>³³</strong></span> <span class='ocrx_word' id='word_1_833' title='bbox 379 5772 531 5837; x_wconf 79' lang='grc' dir='ltr'>ἰδίους</span> <span class='ocrx_word' id='word_1_834' title='bbox 560 5790 614 5830; x_wconf 89' lang='lat'><strong>0.</strong></span> <span class='ocrx_word' id='word_1_835' title='bbox 697 5771 741 5805; x_wconf 84' lang='grc'><strong>¹⁸⁰</strong></span> <span class='ocrx_word' id='word_1_836' title='bbox 771 5773 963 5843; x_wconf 76' lang='grc' dir='ltr'>μάθωσι</span> <span class='ocrx_word' id='word_1_837' title='bbox 992 5788 1046 5829; x_wconf 89' lang='lat'><strong>0.</strong></span> <span class='ocrx_word' id='word_1_838' title='bbox 1122 5770 1158 5805; x_wconf 75' lang='grc'><strong>⁸¹</strong></span> <span class='ocrx_word' id='word_1_839' title='bbox 1195 5770 1293 5843; x_wconf 47' lang='grc' dir='ltr'><strong>γ,ρὴ</strong></span> <span class='ocrx_word' id='word_1_840' title='bbox 1325 5789 1377 5829; x_wconf 76' lang='lat'><strong>0.</strong></span> 
     </span>
    </p>
   </div>
  </div>
