4110 6402
567 440 663 492 751

1589 430 2100 487 THEOPHYLACTI
2138 428 2496 485 BULGARIAE
2533 429 2849 485 ARCHIEP.

3770 434 3873 485 752

563 560 620 615 in
646 559 900 618 medium
939 556 1152 614 inserit.
1207 557 1370 613 Nunc
1404 562 1593 613 autem
1642 570 1836 612 rursus
1875 554 1945 612 de
1990 554 2161 611 chari-

2274 555 2394 635 περὶ
2441 558 2547 614 τῶν
2592 556 2855 633 γυναικῶν
2899 553 3052 633 λόγον
3079 577 3093 592 ο
3146 558 3235 612 ν’ὗν
3284 542 3373 612 οὖν
3404 552 3566 613 πάλιν
3612 554 3871 634 περὶτῶν

564 648 837 706 smatibus
910 646 1156 714 disserit,
1237 646 1445 718 primas
1520 644 1828 717 prophetiae
1891 644 2164 711 tribuens,

570 760 598 789 α
652 736 1032 803 Αἰωιιιθιιιίῑιί,
1089 754 1120 789 ν
1152 734 1440 807 inquiens:
1472 734 1743 793 secundas
1772 749 1899 790 vero
1946 733 2161 805 linguis.

567 827 736 900 Atqui
755 843 871 884 non
899 826 1058 894 dixit,
1089 826 1403 882 Permittite
1431 825 1607 897 loqui,
1638 823 1755 893 sed,
1798 848 1823 873 α
1855 826 1938 880 Ne
1975 822 2165 895 prohi-

567 918 696 974 bete
741 934 757 972 :
803 940 829 967 ι
884 915 1036 990 quod
1072 914 1255 972 dicere
1301 914 1545 972 solemus
1598 916 1654 971 in
1700 913 1863 971 rebus
1906 928 2017 969 non
2064 928 2165 969 ne-

568 1007 842 1077 cessariis,
900 1020 1083 1079 neque
1138 1004 1515 1076 adhortantes,
1559 1020 1737 1078 neque
1788 1002 2162 1061 dehortantes.

562 1194 573 1209 ⁶
634 1188 821 1247 Vnus.
846 1192 936 1243 40.
965 1204 996 1240 α
1021 1185 1227 1243 Omnia
1256 1184 1455 1242 decore
1478 1200 1543 1241 ac
1571 1182 1882 1241 secundum
1911 1182 2165 1241 ordinem

568 1277 725 1334 ﬁant.
761 1298 789 1326 υ
818 1275 1002 1333 Veluti
1033 1275 1091 1331 in
1118 1291 1333 1333 summa
1371 1274 1460 1331 hic
1490 1274 1671 1331 omnia
1695 1272 1939 1347 corrigit,
1961 1281 2017 1328 et
2043 1286 2167 1344 qua

568 1366 641 1423 ad
670 1382 766 1424 eos
789 1367 879 1439 qui
920 1365 1119 1438 linguis
1149 1367 1473 1437 loquuntur,
1500 1373 1559 1421 et
1585 1378 1711 1436 quae
1736 1362 1808 1420 ad
1828 1363 2090 1419 mulieres
2110 1360 2167 1416 in

571 1456 799 1513 ecclesia
845 1455 1133 1528 loquentes
1160 1454 1328 1525 215
1380 1454 1653 1527 pertinent
1686 1471 1699 1509 :
1752 1468 1816 1509 ac
1844 1452 2168 1524 simpliciter

573 1547 781 1616 omnia,
800 1561 925 1619 qua:
942 1545 1087 1617 apud
1106 1545 1225 1601 illos
1240 1544 1385 1601 haud
1398 1544 1551 1616 justo
1573 1543 1763 1600 ordine
1776 1544 1932 1598 ﬁunt.
1954 1545 2166 1598 Decore

573 1646 763 1693 autem
790 1643 846 1692 et
872 1634 1068 1692 ordine
1097 1633 1217 1691 ﬁeri
1245 1642 1469 1707 queant,
1498 1632 1541 1689 si
1593 1632 1630 1688 ii
1677 1633 1767 1705 qui
1823 1631 2025 1704 linguis
2080 1632 2165 1687 lo-

569 1734 815 1798 quuntur
841 1740 970 1781 cum
1006 1722 1456 1796 interpretatione
1494 1724 1815 1795 loquantur,
1843 1730 1899 1778 et
1927 1737 2043 1778 non
2072 1736 2164 1778 ve-

2276 642 2630 723 χαρισμάτων
2686 642 2863 725 λίγει,
2912 642 3005 703 καὶ
3174 642 3472 723 προφητείᾳ
3518 640 3589 702 τὰ
3633 643 3873 724 πρωτεῖα

2280 734 2523 806 δίδωσιν,
2556 731 2751 792 εἰπών·
2789 760 2813 786 «ι
2862 735 3097 803 Ζηλοῦτε
3117 754 3132 770 ·
3167 756 3199 789 r
3232 731 3349 797 ταῖς
3401 730 3455 791 δδ
3486 730 3774 811 γλώσσαις,
3806 734 3874 792 τὰ

2278 825 2566 902 δευτερεῖα.
2598 823 2717 883 Οὐκ
2765 812 2882 881 εἷπε
2924 820 3009 896 δὲ,
3039 819 3398 901 Ἐπιτρίπετε
3438 822 3649 896 λαλεῖν,
3703 820 3871 896 ἀλλὰ,

2287 933 2317 971 (ι
2357 913 2453 982 Μὴ
2487 910 2717 971 κωλύετε
2742 935 2755 948 ·
2792 937 2818 964 ι
2862 911 2993 992 ὅπερ
3032 909 3295 988 εἰώθαμεν
3341 910 3511 989 λέγειν
3543 909 3765 971 ἐπὶτῶν
3794 912 3873 989 μὴ

2276 1001 2581 1080 ἀναγκαίων
2599 1047 2617 1081 ,
2695 1000 2831 1079 μήτε
2932 1000 3347 1083 προτρέποντες,
3415 1000 3553 1079 μήτε
3633 1002 3870 1083 ἀποτρέ-

2276 1114 2462 1159 ποντες
2470 1137 2483 1149 .

2367 1203 2397 1241 (ι
2440 1181 2631 1241 Πάντα
2678 1179 3023 1261 εὐσχημόνως
3070 1178 3330 1241 καὶκατὰ
3374 1179 3521 1251 τάξιν
3550 1179 3799 1261 γινέσθω.
3838 1208 3868 1239 π

2276 1269 2377 1338 Ὡς
2426 1275 2479 1332 ἐν
2515 1270 2792 1353 κεφαλαίῳ
2840 1272 2909 1329 τὰ
2956 1270 3135 1329 πάντα
3187 1271 3520 1351 διορθοῦται,
3566 1270 3635 1329 τά
3664 1294 3725 1330 τε
3767 1274 3874 1330 τῶν

2275 1362 2546 1439 γλώσσαις
2571 1360 2897 1433 λαλούντων,
2929 1359 2999 1419 τά
3047 1382 3105 1419 τε
3146 1362 3252 1419 τῶν
3280 1363 3560 1420 λαλουσῶν
3591 1361 3646 1419 ἐν
3678 1363 3876 1433 ἐκκλη-

2277 1451 2368 1532 σίᾳ
2402 1455 2666 1532 γυναικῶν
2688 1475 2701 1490 ·
2731 1451 2823 1510 καὶ
2852 1450 3066 1523 ἁπλῶς,
3101 1450 3277 1509 πάντα
3319 1450 3388 1510 τὰ
3415 1452 3546 1531 παρ’
3577 1452 3754 1520 αὐτοῖς
3796 1451 3874 1528 μὴ

2275 1542 2415 1603 κατὰ
2466 1540 2612 1610 τάξιν
2643 1540 2915 1621 γινόμενα.
2970 1539 3340 1621 Εὐσχημόνως
3372 1539 3422 1599 δ’
3451 1539 3517 1599 ἂν
3546 1538 3751 1619 γένοιτο
3780 1543 3875 1601 καὶ

2276 1631 2416 1693 κατὰ
2462 1630 2647 1711 τάξιν,
2697 1635 2743 1690 εἰ
2794 1632 2840 1691 οἱ
2892 1628 3163 1709 γλώσσαις
3211 1632 3499 1698 λαλοῦντες
3546 1628 3667 1709 μεθ’
3695 1631 3871 1711 ἑρμη-

2276 1721 2488 1791 νείας⁴2
2518 1724 2778 1796 λαλοῦσι,
2814 1719 2909 1780 καὶ
2957 1720 3033 1799 μὴ
3076 1723 3147 1788 ὣς
3192 1720 3533 1799 μαινόμενοι·
3565 1722 3614 1781 εἰ
3650 1721 3699 1779 οἳ
3742 1744 3878 1799 προ·

565 1815 666 1871 luti
693 1813 1053 1882 insanientes,
1090 1811 1135 1870 si
1172 1812 1457 1887 praphetae
1504 1812 1612 1872 sibi
1657 1820 1854 1870 mutuo
1884 1810 2100 1881 cedant,
2119 1809 2163 1868 si

2278 1817 2442 1895 φ’ἧται
2519 1811 2770 1885 ἀλλήλοις
2848 1814 3264 1894 παραχωροῦσιν
3290 1856 3309 1891 ,
3377 1811 3425 1870 εἰ
3503 1813 3560 1871 αἳ
3629 1817 3879 1891 γυναῖκες

564 1903 786 1962 feminae
807 1902 1199 1961 conticescant.

1163 2039 1410 2095 CAPUT
1445 2038 1573 2095 XV.

635 2178 817 2233 Vens.
851 2178 902 2231 1.
946 2193 973 2223 ιι
1032 2174 1245 2229 Notum
1296 2179 1482 2228 autem
1532 2169 1674 2228 facio
1740 2170 1899 2227 vobis
1952 2168 2166 2241 fratres,

567 2262 929 2336 Evangelium
966 2260 1118 2334 quod
1141 2259 1427 2333 praedicavi
1472 2259 1651 2317 vobis.
1685 2283 1712 2311 ιο
1744 2261 2075 2318 Sermonem
2099 2260 2168 2317 de

564 2352 972 2411 resurrectione
1025 2350 1366 2424 aggreditur,
1437 2350 1533 2423 qui
1601 2358 1769 2422 caput
1811 2358 1895 2407 est
1964 2358 2168 2407 nostra:

564 2443 715 2501 ﬁdei.
764 2443 821 2500 Si
850 2442 1000 2499 enim
1028 2456 1141 2497 non
1173 2448 1257 2497 est
1304 2439 1662 2510 resurrectio,
1694 2456 1869 2513 neque
1913 2438 2167 2497 Christus

563 2533 830 2591 excitatus
854 2539 959 2589 est.
991 2529 1157 2603 Quod
1193 2530 1241 2586 si
1271 2545 1391 2587 non
1419 2538 1504 2587 est
1535 2530 1829 2598 excitatus,
1858 2546 2039 2604 neque
2079 2530 2162 2586 in-

563 2632 824 2679 carnatus
850 2629 933 2678 est
965 2639 978 2677 :
1010 2620 1358 2692 efﬁciturque
1390 2620 1493 2676 hac
1532 2619 1773 2689 ratione,
1804 2628 1867 2677 ut
1910 2620 2165 2677 universa

563 2711 702 2768 ﬁdes
725 2719 912 2768 nostra
941 2718 1251 2767 evanescat.
1284 2709 1565 2780 Quoniam
1622 2710 1794 2781 igitur
1839 2710 2165 2766 resurrectio

564 2800 715 2873 apud
762 2799 1075 2858 Corinthios
1132 2800 1206 2855 ita
1281 2798 1628 2855 claudicabat
1672 2798 1822 2871 (nam
1896 2800 2165 2871 sapientes

562 2899 785 2945 externa
837 2888 1103 2960 sapientia
1158 2887 1319 2959 clari,
1363 2889 1555 2944 omnia
1585 2889 1951 2959 suscepissent
1979 2889 2164 2959 potius

562 2993 730 3051 quam
772 2977 1279 3045 resurrectionem),
1337 2976 1406 3031 de
1455 2976 1562 3032 hoc
1610 2976 1895 3034 contendit
1942 2979 2158 3035 Paulus.

2270 1905 2480 1985 σιγῶσι.

2835 2029 3129 2091 ΚΕΦΑΛ.
3187 2029 3306 2089 IE'.

2353 2185 2385 2223 α
2434 2164 2684 2246 Γνωρίζω
2744 2162 2799 2223 δὲ
2862 2164 3007 2242 ὓμῖν,
3057 2161 3299 2246 ἀδελφοὶ,
3342 2160 3405 2221 τὸ
3460 2160 3792 2242 Εὐαγγέλιον
3847 2162 3877 2223 ὃ

2270 2255 2702 2335 εὐηγγελισάμην
2750 2256 2898 2332 ὑμῖν.
2934 2280 2959 2307 ι
3000 2254 3096 2322 Εἰς
3123 2252 3212 2313 τὸν
3241 2252 3363 2333 περὶ
3393 2256 3500 2325 ’τῆς
3529 2252 3879 2322 ἀναστάσεως

2267 2347 2421 2427 λόγον
2466 2344 2746 2406 εἰσϐάλλει
2769 2367 2783 2383 ’
2812 2342 2869 2411 ὅς
2900 2343 3098 2403 ἔστιτὸ
3144 2344 3436 2425 κεφάλαιον
3482 2345 3580 2414 τῆς
3612 2344 3881 2423 ἡμετέρας

2266 2438 2514 2504 πίστεως.
2572 2438 2640 2496 Εἰ
2686 2435 2790 2515 γὰρ
2828 2436 2924 2494 οὐκ
2968 2434 3110 2493 ἔστιν
3160 2434 3487 2507 ἀνάστασις,
3532 2433 3708 2493 οὐδὲὸ
3740 2436 3880 2515 Χρι-

2267 2529 2387 2596 στὸς
2432 2524 2672 2606 ἠγέρθη·
2726 2525 2772 2582 εἰ
2823 2522 2879 2583 δὲ
2934 2525 3030 2583 οὐκ
3077 2522 3316 2603 ἠγέρθη,
3374 2523 3496 2582 οὐδὲ
3558 2520 3878 2606 ἐσαρκώθη’

2266 2617 2358 2676 καὶ
2404 2602 2569 2683 οὕτως
2614 2612 2822 2695 οἴχεται
2869 2618 2903 2686 ἡ
2934 2623 3088 2673 πᾶσα
3134 2602 3295 2691 ἡμῶν
3342 2612 3543 2681 πίστις.
3576 2611 3739 2673 Ἐπεὶ
3784 2602 3877 2672 οὐν

2266 2707 2431 2775 οὕτως
2476 2704 2712 2786 ἐχώλευε
2762 2702 2911 2785 παρὰ
2971 2711 3081 2771 τοῖς
3136 2702 3431 2782 Κορινθίοις
3488 2702 3570 2781 (oi
3620 2702 3726 2783 γὰρ
3776 2702 3879 2773 ἔξω

2264 2795 2417 2879 σοφοὶ
2473 2795 2652 2854 πάντα
2723 2792 2787 2851 ἂν
2844 2791 3191 2862 κατεδέξαντο
3245 2791 3281 2865 ἢ
3341 2792 3438 2865 τὴν
3503 2791 3875 2870 ἀνάστασιν),

2267 2884 2389 2962 περὶ
2425 2883 2614 2943 τούτου
2662 2882 2979 2961 ἀγωνίζεται
3016 2883 3250 2951 Παῦλος.
3296 2879 3598 2962 Σοφώτατα
3629 2881 3686 2940 δὲ
3737 2886 3873 2941 ἀναο

2268 2974 2564 3051 μιμνήσκει
2624 2972 2813 3044 αὐτοὺς
2872 2976 2977 3032 τῶν
3052 2973 3155 3045 ἤδη
3221 2973 3401 3040 αὐτοῖς
3456 2971 3869 3032 πιστευθέντων.

564 3066 984 3140 Sapientissime
1022 3082 1150 3122 vero
1198 3066 1331 3137 ipsis
1369 3066 1425 3120 in
1457 3067 1790 3122 memoriam
1841 3077 2061 3124 revocat
2097 3083 2162 3123 ea

2274 3063 2440 3125 Οὐδὲν
2486 3064 2591 3145 γὰρ
2645 3063 2806 3137 ξένον,
2842 3064 2996 3143 φησὶ,
3043 3062 3184 3141 λέγω
3240 3066 3403 3139 ὓμῖνο
3459 3061 3602 3122 ἀλλὰ
3657 3060 3717 3121 τὸ
3764 3061 3873 3135 ἤδη

564 3172 691 3230 quae
725 3158 841 3229 jam
869 3165 1031 3212 antea
1062 3156 1285 3213 illorum
1312 3154 1438 3211 ﬁdei
1470 3157 1771 3213 commissa
1808 3166 1986 3213 erant.
2012 3157 2160 3213 Nihil

2274 3129 2575 3234 yvmptcﬁlév.
2603 3129 2757 3232 ὑμῖν,
2791 3129 3048 3213 dratiade
3080 3129 3161 3229 δὲ,
3213 3129 3370 3212 τούτο
3414 3152 3683 3235 γνωρίζω,
3725 3129 3879 3211 τοίη-ξ

564 3245 719 3302 enim
772 3261 1004 3314 novum,
1045 3244 1243 3317 inquit,
1295 3244 1449 3300 vobis
1496 3245 1641 3314 dico,
1686 3246 1777 3302 sed
1832 3246 1985 3319 quod
2044 3247 2164 3320 jam

566 3342 730 3391 antea
754 3334 909 3390 vobis
932 3334 1240 3406 cognitum,
1277 3333 1543 3389 oblivioni
1566 3349 1697 3390 vero
1719 3334 1989 3391 traditum
2023 3344 2162 3401 erat,

562 3423 715 3481 istud
753 3423 905 3480 vobis
948 3431 1149 3479 notum
1187 3421 1356 3490 facio,
1420 3422 1526 3479 hoc
1577 3432 1665 3480 est
1708 3423 1780 3480 ad
1828 3424 2163 3481 memoriam

561 3513 716 3571 vobis
740 3528 957 3570 revoco.
1004 3515 1222 3570 Fratres
1251 3520 1436 3568 autem
1482 3528 1577 3569 eos
1606 3514 1910 3585 appellans,
1964 3514 2162 3586 partim

563 3603 811 3676 placavit,
836 3602 1036 3675 partim
1067 3602 1121 3658 in
1161 3603 1490 3658 memoriam
1517 3612 1742 3659 revocat
1786 3603 1935 3660 unde
1965 3602 2165 3660 fratres

558 3693 683 3750 facti
712 3693 909 3759 simus,
946 3692 1212 3748 nimirum
1250 3700 1373 3747 tum
1415 3693 1484 3748 ab
1510 3693 1777 3748 incarnati
1814 3692 2020 3749 Christi
2064 3694 2165 3749 ad-

560 3791 746 3851 ventu,
775 3782 935 3855 cujus
961 3781 1098 3839 ﬁdes
1152 3784 1205 3837 in
1262 3782 1568 3852 periculum
1598 3782 1999 3851 adducebatur,
2044 3791 2166 3839 tum

561 3892 594 3932 a
645 3874 1001 3946 baptismate,
1059 3872 1216 3944 quod
1278 3873 1575 3944 sepulturae
1631 3882 1689 3928 et
1750 3874 2167 3931 resurrectionis

560 3962 787 4020 Domini
811 3972 976 4034 typus
1002 3968 1106 4016 est.
1154 3962 1509 4033 Evangelium
1536 3969 1720 4017 autem
1774 3960 1983 4031 dicens,
2006 3963 2165 4019 innu-

562 4067 849 4109 merorum
890 4051 1169 4106 bonorum
1216 4051 1492 4119 meminit,
1532 4052 1727 4123 quibus
1779 4068 1879 4123 per
1905 4053 2165 4109 incarnati

568 4140 777 4199 Christi
801 4140 1103 4196 adventum
1128 4148 1184 4196 et
1210 4141 1671 4197 resurrectionem
1718 4142 1879 4212 potiti
1916 4157 2130 4197 sumus.

647 4248 676 4282 (ι
704 4229 868 4300 Quod
897 4237 952 4285 et
992 4230 1293 4302 accepistis.
1326 4250 1354 4284 »
1402 4232 1525 4286 Non
1566 4231 1723 4298 dixit,
1770 4230 1920 4303 quod
1962 4230 2172 4286 audivi-

566 4320 688 4389 stis,
721 4319 817 4377 sed
862 4338 875 4375 :
925 4338 951 4371 «
985 4321 1147 4390 Quod
1181 4321 1494 4392 accepistis;
1535 4340 1562 4373 »
1599 4337 1711 4376 non
1736 4322 1882 4375 enim
1915 4335 2169 4377 sermone

565 4418 803 4478 tantum,
844 4408 942 4466 sed
974 4424 1071 4481 per
1099 4425 1265 4482 opera
1308 4418 1366 4467 et
1397 4409 1661 4466 miracula
1690 4410 2046 4481 Evangelium
2074 4425 2169 4465 ac-

2274 3243 2441 3321 έστιν,
2497 3243 2987 3321 ἐπαναμιμνήσκω.
3023 3241 3299 3323 Ἀδελφοὺς
3344 3241 3401 3301 δὲ
3433 3241 3624 3309 αὐτοὺς
3671 3240 3880 3318 ὄνομά-

2274 3356 2405 3407 σας,
2440 3333 2555 3411 ἅμα
2587 3331 2683 3409 μὲν
2716 3333 3102 3413 κατεπράϋνεν,
3137 3331 3252 3410 ἅμα
3305 3332 3360 3392 δὲ
3396 3331 3715 3410 ἀνέμνησεν,
3757 3329 3877 3390 ὅθεν

2274 3423 2491 3504 ἀδελφοὶ
2538 3423 2862 3503 γεγόναμεν,
2914 3423 3004 3481 καὶ
3051 3421 3133 3480 ὅτι
3177 3421 3283 3480 ἀπὸ
3312 3426 3407 3494 τῆς
3447 3420 3705 3501 ἐνσάρκου
3744 3422 3883 3501 Χρι-

2274 3517 2400 3571 στοῦ
2457 3513 2752 3593 παρουσίας
2804 3512 2911 3585 ἣ⁴³
2968 3510 3259 3572 κινδυνεύει
3326 3512 3723 3585 ἀπιστηθῆναι·
3784 3508 3886 3569 καὶ
3942 3527 3947 3531 ’

2273 3602 2354 3662 ὅτι
2384 3602 2491 3661 ἀπὸ
2518 3608 2608 3661 τοῦ
2643 3602 3053 3683 βαπτίσματος,
3084 3600 3114 3660 ὃ
3161 3604 3256 3673 τῆς
3294 3604 3468 3681 ταφῆς
3497 3600 3588 3659 καὶ
3619 3602 3716 3671 τῆς
3746 3600 3884 3658 ἀνα-

2275 3690 2510 3760 στάσεως
2540 3697 2630 3753 τοῦ
2668 3692 2865 3772 Κυρίου
2900 3692 3015 3750 ἐστὶ
3060 3689 3246 3759 τύπος.
3286 3690 3396 3750 Καὶ
3431 3689 3767 3770 Εὐαγγέλιον
3820 3690 3881 3749 δὲ

2275 3781 2473 3857 εἰπὼν,
2499 3786 2603 3842 τῶν
2652 3782 2855 3865 μυρίων
2885 3784 3098 3859 ἀγαθῶν
3151 3781 3446 3857 ἀνέμνησεν
3469 3823 3487 3855 ,
3517 3772 3591 3839 ὧν
3641 3778 3885 3839 ἀπελαύ»

2275 3893 2444 3950 σαμεν
2485 3872 2573 3932 διὰ
2615 3876 2709 3945 τῆς
2748 3871 3004 3953 ἐνσάρκου
3036 3872 3329 3952 παρουσίας
3360 3871 3451 3931 καὶ
3497 3875 3592 3944 τῆς
3634 3869 3881 3930 ἀναστά-

2277 3986 2427 4031 σεως.

2369 4251 2399 4287 ιι
2440 4226 2516 4289 ⁸0
2544 4228 2635 4286 καὶ
2661 4227 3014 4308 παρελάϐετε.
3051 4256 3075 4281 »ι
3118 4229 3237 4287 Οὐκ
3266 4217 3414 4288 εἶπεν
3435 4273 3453 4305 ,
3482 4226 3560 4289 ’⁵0
3588 4226 3881 4305 ἠκούσατε,

2281 4316 2425 4392 ἀλλ’,
2455 4343 2480 4369 α
2508 4314 2587 4380 ⁸0
2614 4317 2968 4397 παρελάϐετε.
3010 4342 3041 4376 π
3084 4318 3169 4379 Οὐ
3198 4317 3343 4399 λόγῳ
3384 4316 3486 4399 γὰρ
3528 4316 3707 4395 μόνον,
3738 4316 3884 4377 ἀλλὰ

2278 4408 2370 4469 καὶ
2414 4408 2481 4466 δι’
2535 4407 2702 4488 ἔργων
2747 4407 2839 4467 καὶ
2872 4408 3162 4485 θαυμάτων
3211 4408 3343 4467 αὐτὸ
3390 4407 3737 4487 παρέλαϐον’
3785 4406 3883 4466 καὶ

565 4509 857 4571 ceperant;
883 4507 936 4555 et
955 4499 1120 4555 simul
1147 4507 1210 4555 ut
1239 4500 1318 4555 eis
1359 4498 1687 4570 persuadeat
1718 4508 1779 4555 ut
1796 4498 1902 4555 hoc
1929 4514 2032 4556 ceu
2064 4498 2160 4555 de-

2277 4500 2391 4577 ἅμα
2428 4496 2521 4556 ἵνα
2570 4496 2731 4578 πείσῃ
2777 4496 2964 4565 αὐτοὺς
3008 4501 3081 4566 ὡς
3124 4497 3589 4579 παρακαταθήκην
3631 4497 3881 4575 κατέχειν

565 4595 809 4665 positum
847 4593 1149 4649 retineant.

639 4707 665 4733 α
715 4687 777 4739 In
824 4700 936 4755 quo
984 4691 1041 4738 et
1092 4682 1270 4747 statis,
1322 4696 1419 4753 per
1474 4682 1625 4754 quod
1671 4691 1726 4738 et
1781 4684 2086 4740 salvamini.
2134 4705 2161 4738 »

567 4772 799 4829 Etiamsi
827 4771 1082 4827 concussi
1125 4770 1379 4826 nonnihil
1414 4772 1621 4840 essent,
1658 4780 1804 4831 stare
1833 4782 2020 4830 tamen
2071 4790 2165 4832 eos

569 4862 765 4916 asserit
790 4860 848 4915 iu
885 4861 1012 4928 hoc,
1039 4860 1271 4916 libenter
1293 4860 1566 4918 simulans
1598 4878 1657 4918 se
1703 4863 1978 4936 ignorare,
2004 4874 2165 4937 atque

569 4956 923 5006 antevertens
952 4965 1068 5016 eos,
1118 4958 1199 5018 ut,
1232 4950 1449 5007 etiamsi
1480 4951 1724 5007 maxime
1751 4953 1940 5023 velint,
1963 4969 2166 5027 negare

565 5046 751 5096 tamen
797 5038 943 5095 haud
989 5040 1220 5111 possint.
1253 5040 1397 5111 Quid
1441 5049 1627 5097 autem
1667 5041 1803 5097 lucri
1849 5042 1978 5112 erit,
2008 5043 2054 5098 si
2108 5042 2164 5097 in

568 5131 675 5186 isto
703 5130 986 5199 steteritis,
1018 5130 1303 5196 nimirum,
1335 5138 1396 5187 ut
1422 5130 1723 5186 salvemini.

634 5224 819 5277 Vnus.
858 5228 910 5276 2.
954 5243 981 5270 ιι
1035 5223 1154 5293 Qua
1199 5220 1413 5276 ratione
1464 5219 1877 5291 praedicaverim
1924 5222 2097 5279 vobis.
2128 5242 2156 5276 ››

566 5311 729 5382 Quod
755 5312 854 5379 ait,
905 5310 1222 5383 hujusmodi
1253 5310 1517 5383 quiddam
1560 5320 1643 5367 est
1685 5328 1700 5367 :
1760 5315 1843 5367 De
1873 5312 1981 5369 hoc
2012 5314 2162 5384 quod

568 5400 899 5457 resurrectio
945 5401 1039 5468 sit,
1078 5399 1213 5455 nihil
1242 5400 1398 5456 vobis
1425 5400 1610 5458 indico
1644 5418 1659 5457 :
1713 5402 2161 5474 quandoquidem

571 5489 675 5548 hac
714 5490 776 5546 in
802 5505 864 5547 re
884 5506 999 5547 non
1026 5491 1192 5547 eratis
1220 5490 1492 5547 concussi.
1524 5492 1705 5565 Hujus
1726 5501 1907 5549 autem
1932 5491 2165 5550 fortasse

2280 4589 2428 4651 αὐτό.

2367 4701 2399 4739 ιι
2442 4677 2538 4738 Ἐν
2569 4668 2613 4758 ᾧ
2643 4676 2735 4736 καὶ
2757 4676 3046 4753 ἑστήκατε,
3078 4680 3147 4736 δι’
3177 4669 3237 4736 οἷ
3266 4677 3357 4737 καὶ
3382 4677 3635 4747 σώζεσθε.
3664 4700 3693 4734 ι
3733 4675 3884 4737 Καί-

2276 4792 2359 4829 τοι
2409 4766 2828 4846 σαλευομένους,
2880 4766 3028 4845 ὅμως
3078 4768 3298 4826 ἑστάναι
3358 4769 3413 4827 ἐν
3462 4766 3636 4846 τούτῳ
3686 4766 3846 4849 φησὶν
3866 4814 3886 4840 ,

2280 4856 2412 4917 ἑκὼν
2448 4856 2896 4936 προσποιούμενος
2942 4858 3172 4934 ἀγνοεῖν,
3209 4857 3301 4915 καὶ
3338 4854 3884 4937 προκαταλαμϐάνων

2279 4945 2495 5014 αὐτούς’
2525 4944 2615 5005 ἵνα
2652 4945 2806 5023 μηδὲ,
2853 4949 2899 5005 εἷ
2947 4947 3149 5027 σφόδρα
3191 4948 3515 5027 βουληθεῖεν,
3545 4947 3883 5025 ἀρνήσασθαι

2278 5035 2557 5095 δύνωνται.
2602 5034 2673 5095 Τί
2705 5035 2761 5094 δὲ
2812 5036 2873 5094 τὸ
2919 5035 3100 5116 κέρδος
3130 5040 3223 5095 τοῦ
3273 5038 3328 5095 ἐν
3371 5034 3544 5117 τούτῳ
3591 5032 3883 5108 feracem;

2277 5125 2359 5187 Τὸ
2387 5123 2666 5195 σώζεσθαι.

2363 5237 2393 5275 ιι
2437 5214 2560 5276 Τίνι
2606 5214 2747 5296 λόγῳ
2800 5215 3229 5294 εὐηγγελισάμην
3273 5218 3422 5292 ὑμῖν.
3472 5244 3499 5269 ιι
3545 5214 3795 5276 Τοιοῦτόν
3828 5238 3885 5273 τι

2276 5306 2456 5384 λέγει’
2502 5303 2638 5385 Περὶ
2680 5303 2777 5382 μὲν
2821 5309 2914 5363 τοῦ
2946 5296 3079 5365 εἶναι
3113 5307 3435 5378 ἀνάστασιν,
3464 5302 3613 5365 οὐδὲν
3640 5303 3887 5383 γνωρίζω

2279 5398 2403 5472 ὓμῖν
2428 5418 2444 5433 ο
2485 5394 2710 5475 καὶγὰρ
2751 5394 2871 5453 οὐδὲ
2915 5396 3346 5476 παρεσαλεύθητε
3376 5397 3429 5455 ἐν
3474 5396 3671 5474 τούτῳ.
3704 5396 3888 5454 Τοῦτο

2279 5484 2335 5544 δὲ
2363 5485 2488 5553 ἴσως
2531 5486 2703 5544 δεῖσθε
2740 5485 2949 5563 μαθεῖν,
2979 5484 3078 5545 τίνι
3110 5485 3292 5568 τρόπῳ
3321 5484 3557 5564 γίνεσθαι
3589 5486 3689 5559 τὴν
3736 5484 3882 5543 ἀνά-

1963 5667 2157 5728 Variae
2188 5669 2485 5728 lectiones.

638 5750 680 5785 ⁴²
709 5750 956 5823 ἑρμηνέως
986 5771 1037 5810 0.
1118 5754 1161 5791 ‘3
1193 5754 1253 5821 ἣν
1277 5771 1332 5811 0.
