4110 6410
469 498 570 548 755

1462 485 1977 542 THEOPHYLACTI
2015 482 2374 539 BULGARUE
2415 481 2728 538 ARCHIEP.

3675 478 3781 530 756

467 617 623 692 ponit
665 631 797 673 eum
842 616 938 688 qui
989 611 1204 670 caeteris
1270 611 1527 668 omnibus
1569 611 1892 668 auctoritate
1935 625 2069 683 prae-

2185 607 2490 692 πιστότερον
2546 606 2761 666 πάντων
2822 605 3018 679 τίθησι.
3080 602 3274 665 Καίτοι
3329 600 3390 662 τὸ
3451 599 3779 682 Εὗαγγέλιον

469 707 768 766 eminebat.
797 705 968 777 Atqui
1005 701 1360 776 Evangelium
1380 705 1613 758 testatur
1631 701 1809 773 ipsum
1828 700 2069 772 primum

469 797 666 854 Mariae
703 794 1041 868 Magdalenen
1065 791 1400 865 apparuisse.
1428 793 1572 859 lmo,
1599 789 1694 848 sed
1743 791 1887 846 inter
1922 790 2069 846 viros

473 887 715 961 primum
763 885 908 941 visu
938 890 1024 940 est
1069 885 1254 951 Petro,
1285 897 1386 938 ceu
1428 881 1572 937 inter
1621 881 1917 952 discipulos
1959 880 2066 952 pri-

476 992 637 1034 mum
666 972 942 1031 obtinenti
969 972 1172 1028 locum.
1204 973 1313 1027 Par
1354 969 1500 1027 enim
1537 978 1674 1040 erat,
1721 977 1786 1026 ut
1830 969 1923 1042 qui
1965 969 2068 1042 pri-

473 1083 629 1123 mum
640 1063 921 1122 confessus
935 1070 1081 1120 esset
1102 1061 1403 1128 Christum,
1423 1060 1884 1117 resurrectionem
1899 1061 1951 1130 2
1962 1061 2005 1129 ι
2015 1060 2065 1130 7

476 1156 640 1214 etiam
674 1154 919 1228 primum
965 1151 1193 1209 videret.
1236 1154 1309 1207 Et
1352 1151 1481 1224 quia
1509 1165 1638 1208 eum
1686 1150 2067 1222 abnegaverat,

472 1253 700 1320 apparet
727 1244 775 1301 ei
809 1244 1074 1318 primum,
1106 1249 1169 1299 ut
1195 1239 1508 1299 ostenderet
1528 1241 1598 1310 ei,
1621 1255 1750 1297 eum
1781 1247 2068 1313 propterea

469 1353 588 1394 non
623 1351 746 1394 esse
779 1336 1066 1411 rejectum.

548 1450 575 1478 α
606 1425 821 1483 Deinde
863 1423 1187 1482 duodecim.
1242 1447 1268 1472 υ
1306 1421 1471 1495 Atqui
1514 1420 1778 1478 Matthias
1823 1429 1949 1494 post
1977 1438 2069 1477 as-

475 1515 848 1590 sumptionem
897 1513 1145 1582 Domini,
1199 1513 1256 1568 in
1308 1511 1469 1569 Judaa
1520 1513 1705 1568 locum
1742 1511 2070 1584 subrogatus

475 1616 561 1665 est
588 1628 604 1664 :
628 1604 909 1680 quomodo
930 1604 1100 1678 igitur
1123 1603 1200 1658 ait
1231 1619 1245 1658 :
1279 1625 1303 1650 α
1323 1601 1540 1659 Deinde
1560 1600 1895 1658 duodecim?
1924 1623 1952 1652 »
1985 1602 2073 1658 Di-

477 1698 654 1755 cimus
680 1696 848 1770 igitur
875 1693 1171 1751 verisimile
1218 1706 1358 1761 esse,
1387 1691 1539 1765 quod
1567 1691 1820 1749 Matthiae
1850 1707 2072 1764 quoque

477 1795 603 1860 post
651 1785 1034 1843 ascensionem
1081 1782 1231 1840 visus
1283 1781 1468 1851 fuerit,
1521 1781 1967 1856 quandoquidem
2019 1790 2075 1838 et

474 1878 640 1935 Paulo
663 1884 788 1949 post
813 1873 1258 1947 assumptionem
1285 1879 1486 1929 vocato
1513 1872 1665 1928 visus
1695 1880 1796 1928 est.
1831 1875 1970 1928 Eam
2001 1872 2073 1928 ob

2177 698 2367 780 πρώτῃ
2405 687 2590 775 ’ὦφθαι
2634 695 2788 756 αὐτὸν
2940 693 3132 777 Μαρία
3182 692 3376 775 φησίν·
3423 693 3544 751 ἀλλ’
3583 694 3638 751 ἐν
3687 695 3777 750 ἀνο

2178 790 2334 870 δράσι
2382 787 2577 868 πρώτῳ
2635 785 2787 869 ὤφθη
2828 789 2904 867 τῷ
2951 785 3189 865 Πέτρῳ,⁹
3223 786 3295 852 ὥς
3339 781 3627 864 προύχοντι
3672 784 3780 841 τῶν

2179 881 2449 956 μαθητῶν.
2498 875 2653 939 Ἔδει
2695 877 2798 956 γὰρ
2830 874 2920 935 τὸν
2967 873 3379 954 ὁμολογήσαντα
3430 876 3644 953 πρῶτον
3687 871 3781 931 καὶ

2177 967 2274 1041 τὴν
2312 967 2605 1028 ἀνάστασιν
2644 970 2858 1049 πρῶτον
2883 965 3013 1024 ἰδεῖν
3037 988 3053 1003 ·
3099 963 3194 1023 καὶ⁵
3227 962 3312 1024 διὰ
3344 960 3403 1022 τὸ
3448 962 3783 1043 ἀρνήσασθαι

2179 1057 2233 1118 δὲ
2287 1056 2532 1140 φαίνεται
2582 1059 2726 1140 αὐτῷ
2774 1059 3006 1138 πρῶτον,
3057 1051 3147 1115 ἵνα
3192 1052 3335 1131 δείξῃ
3383 1052 3526 1136 αὐτῷ
3577 1054 3648 1120 ὡς
3687 1052 3783 1112 οὔκ

2181 1150 2530 1231 ἀπέῤῥιπται.

2271 1451 2299 1489 (ι
2340 1418 2479 1491 Εἶτα
2504 1438 2612 1498 τοῖς
2637 1428 2864 1490 δώδεκα.
2897 1449 2929 1487 1)
2965 1426 3155 1489 Καίτοι
3187 1431 3214 1486 ὁ
3243 1424 3492 1494 Ματθίας
3523 1423 3660 1504 μετὰ
3686 1422 3784 1495 τὴν

2181 1520 2443 1601 ἀνάληψιν
2490 1524 2582 1580 τοῦ
2626 1519 2848 1601 Κυρίου,
2884 1517 3206 1596 ἀντεισήχθη
3258 1516 3374 1575 ἀντὶ
3419 1519 3514 1574 τοῦ
3562 1513 3742 1601 Ἰούδα
3771 1538 3785 1553 ο

2181 1613 2294 1678 πῶς
2318 1594 2406 1669 οῧν
2441 1633 2598 1691 φησιν
2629 1633 2642 1646 ·
2678 1594 2870 1670 αἘῖτα
2898 1611 3006 1674 τοῖς
3035 1594 3280 1684 Midam;
3312 1629 3343 1663 ιι
3392 1605 3634 1686 Δέγομεν
3665 1594 3784 1677 οὖν,

2181 1699 2264 1760 ὅτι
2293 1699 2430 1768 εἰκὸς
2462 1691 2526 1773 ἦν
2561 1698 2717 1759 αὐτὸν
2748 1701 2823 1779 τῷ
2867 1698 3089 1779 Ματθίᾳ
3132 1696 3225 1757 καὶ
3274 1694 3412 1774 μετᾶ
3439 1694 3536 1770 τὴν
3578 1695 3788 1768 ἀνάλη-

2183 1792 2271 1873 ψιν
2312 1779 2512 1872 ὦφθαι,
2551 1788 2666 1850 ἐπεὶ
2715 1788 2808 1848 καὶ
2839 1790 2914 1868 τῷ
2959 1787 3168 1869 Παύλῳ
3216 1784 3354 1863 μετὰ
3381 1783 3478 1873 τὴν
3514 1783 3785 1873 ἀνάληψιν

2183 1864 2428 1953 κληθέντι
2482 1877 2670 1961 ὤφθη·
2717 1877 2795 1937 διὸ
2847 1864 2966 1938 οὖδὲ
3026 1864 3356 1955 τὸν-καιρὸν
3419 1864 3587 1949 εἶπεν,
3659 1864 3787 1932 ἀλλ’

471 1945 696 2026 causam
723 1981 906 2039 neque
949 1945 1171 2035 tempus
1195 1962 1354 2030 dixit,
1394 1961 1494 2019 sed
1539 1961 1824 2018 indeﬁnite
1862 1962 2064 2034 posuit.

2190 1945 2445 2050 ἀορίστως
2486 1945 2684 2041 τίθησι.
2717 1967 2876 2035 Τινὲς
2926 1966 2982 2026 δέ
3023 1990 3208 2049 φασιν,
3248 1945 3330 2025 ότι
3373 1945 3633 2047 γραφικόν
3672 1964 3791 2023 ἐστι

477 2058 722 2130 Quidam
754 2063 941 2112 autem
976 2052 1167 2110 dicunt
1195 2067 1443 2109 errorem
1499 2067 1618 2108 esse
1649 2052 1710 2108 in
1738 2051 2028 2109 scribendo
2058 2073 2071 2110 :

471 2149 557 2205 vel
599 2147 725 2220 quia
755 2144 1032 2200 Dominus
1063 2141 1376 2214 praescienti
1407 2141 1568 2198 oculo
1595 2142 1772 2198 sciens
1807 2149 1860 2198 et
1885 2141 2074 2198 videns

474 2237 633 2294 illum
672 2249 790 2291 esse
818 2231 1077 2289 undecim
1107 2231 1223 2288 istis
1253 2231 1786 2299 connumerandum,
1813 2231 1960 2288 visus
1993 2242 2076 2290 est

477 2327 550 2396 ei,
580 2341 651 2382 ne
703 2325 809 2381 hac
855 2323 914 2379 in
953 2338 1014 2379 re
1044 2321 1263 2378 caeteris
1303 2321 1566 2393 apostolis
1595 2320 1823 2378 inferior
1860 2322 2074 2378 videre-

474 2425 583 2473 tur.
621 2414 752 2472 Tale
775 2413 1036 2486 quiddam
1059 2419 1114 2468 et
1135 2411 1296 2468 divus
1331 2413 1576 2468 Joannes
1603 2411 1799 2483 tradit,
1814 2409 2031 2469 dicenss
2059 2432 2072 2470 :

477 2528 507 2558 «ι
534 2506 779 2564 Thomas
807 2513 996 2559 autem
1032 2517 1179 2559 unus
1204 2517 1266 2557 ex
1293 2499 1606 2558 duodecim.
1641 2524 1667 2551 ιι
1703 2501 1860 2557 Dicat
1887 2508 2076 2557 autem

476 2595 694 2668 aliquis,
725 2592 880 2669 quod
916 2591 1222 2650 secundum
1263 2591 1662 2664 praescientiam
1699 2591 1882 2663 potius
1930 2593 2077 2646 Mat-

474 2685 649 2742 thiam
679 2684 911 2756 reliquis
949 2682 1215 2756 apostolis
1244 2682 1648 2750 annumerarit,
1682 2695 1850 2752 quam
1875 2681 2078 2738 Judam

476 2783 605 2849 post
633 2773 1006 2846 proditionem
1033 2781 1088 2828 et
1128 2771 1647 2843 strangulationem.

547 2866 730 2920 Vens.
755 2866 808 2918 6.
848 2885 873 2911 α
897 2861 1110 2918 Deinde
1139 2862 1283 2918 visus
1315 2869 1400 2916 est
1423 2860 1544 2932 plus
1576 2875 1747 2932 quam
1768 2860 2080 2933 quingentis

478 2952 744 3011 fratribus
771 2950 960 3008 simul.
1017 2973 1043 3000 ν
1074 2952 1204 3006 Post
1253 2949 1787 3007 demonstrationem
1836 2965 1904 3006 ex
1933 2951 2076 3007 Scri-

477 3043 677 3119 pturis,
710 3049 882 3099 testes
911 3039 1171 3113 producit
1207 3039 1485 3111 apostolos
1511 3047 1569 3096 et
1615 3039 1857 3112 reliquos
1889 3040 2079 3098 ﬁdeles

476 3133 751 3191 homines.
781 3128 1047 3188 Nonnulli
1092 3137 1300 3199 autem,
1350 3127 1573 3194 Ἐπάνω,
1605 3145 1727 3201 pro,
1749 3131 2012 3202 Superne,
2043 3146 2072 3186 e

476 3222 649 3289 caelis,
681 3220 975 3292 accipiunt.
1008 3218 1242 3274 Sursum
1263 3217 1408 3273 enim
1431 3227 1488 3274 et
1510 3234 1676 3291 supra
1701 3228 1868 3292 caput
1891 3221 1969 3276 eis
1999 3220 2075 3276 vi-

2180 2058 2242 2119 τὸ
2288 2059 2514 2141 σφάλμα
2536 2083 2549 2096 ·
2579 2057 2614 2130 ἢ
2659 2058 2740 2118 ὅτι
2771 2061 2847 2139 τῷ
2891 2058 3276 2138 προγνωστικῷ
3307 2056 3567 2138 ὀφθαλμῷ
3612 2056 3640 2112 ὁ
3674 2052 3791 2113 Κύα-

2184 2171 2292 2230 ριος
2351 2147 2528 2222 εἰδὼς,
2577 2147 2658 2208 ὅτι
2717 2146 3352 2228 συγκαταριθμηθήσεται
3403 2153 3513 2212 τοῖς
3573 2143 3786 2217 ἕνδεκα,

2182 2237 2332 2321 ὤφθη
2359 2239 2450 2298 καὶ
2487 2239 2663 2320 αὐτῷ,
2693 2236 2780 2298 ἵνα
2813 2235 2949 2316 μηδὲ
2980 2241 3033 2298 ἐν
3064 2235 3236 2318 τούτῳ
3281 2234 3501 2295 ἔλαττον
3545 2234 3645 2316 ἔχῃ
3682 2239 3790 2293 τῶν

2183 2331 2383 2388 λοιπῶν
2439 2327 2772 2390 ἀποστόλων.
2827 2327 3081 2389 Τοιοῦτόν
3147 2350 3199 2385 τι
3258 2327 3565 2406 παραδηλοῖ
3611 2323 3703 2382 καὶ
3761 2327 3791 2382 δ

2184 2418 2435 2492 Ἰωάννης
2452 2417 2624 2497 λέγων
2652 2440 2666 2455 ·
2702 2438 2733 2476 α
2756 2418 2966 2496 Θωμᾶς
2990 2415 3042 2475 δὲ
3199 2406 3268 2483 εἷς
3289 2416 3349 2474 ἐκ
3364 2419 3469 2475 τῶν
3492 2414 3719 2474 δώδεκα.
3751 2436 3783 2472 n

2186 2510 2410 2568 Μᾶλλον
2441 2507 2545 2588 γὰρ
2574 2506 2638 2566 ἂν
2687 2505 2827 2566 εἴποι
2854 2530 2957 2584 τις,
3006 2505 3086 2565 ὅτι
3128 2505 3218 2565 τὸν
3249 2503 3499 2567 Ματθίαν
3542 2502 3794 2572 συνέταξε

2185 2596 2326 2658 κατὰ
2374 2597 2472 2670 τὴν
2519 2597 2818 2678 πρόγνωσιν
2850 2604 2957 2664 τοῖς
3008 2597 3209 2664 λοιποῖς
3252 2594 3585 2673 ἀποστόλοις,
3635 2591 3791 2668 ἦτον

2185 2686 2392 2748 Ἰούδαν
2425 2684 2562 2766 μετὰ
2589 2685 2688 2761 τὴν
2718 2685 3006 2767 προδοσίαν
3031 2685 3124 2746 καὶ
3152 2684 3250 2759 τὴν
3279 2684 3536 2766 ἀγχόνην.

2273 2895 2298 2924 ι
2348 2863 2582 2928 Ἔπειτα
2649 2866 2802 2949 ὤφθη
2856 2865 3038 2927 ἐπάνω
3105 2865 3476 2935 πεντακοσίοις
3545 2867 3795 2946 ἀδελφοῖς

2187 2958 2417 3040 ἐφάπαξ.
2464 2987 2488 3010 ν
2541 2956 2696 3016 Μετὰ
2745 2956 2842 3029 τὴν
2892 2957 2999 3017 ἀπὸ
3048 2959 3154 3018 τῶν
3205 2959 3438 3038 Γραφῶν
3493 2954 3796 3030 ἀπόδειξιν,

2186 3049 2276 3109 καὶ
2314 3049 2588 3129 μάρτυρας
2623 3046 2857 3128 παράγει
2897 3046 3018 3116 τούς
3064 3071 3122 3106 τε
3165 3047 3496 3113 ἀποστόλους
3539 3045 3632 3106 καὶ
3673 3044 3794 3107 ἑτέ-

2187 3161 2303 3220 ρους
2351 3137 2571 3206 πιστοὺς
2615 3136 2938 3217 ἀνθρώπους.
2989 3139 3070 3199 Τὸ
3120 3137 3212 3211 δὲ,
3248 3163 3272 3190 α
3307 3134 3565 3210 Ἐπάνω,
3598 3161 3623 3188 ι
3651 3135 3795 3204 τινὲς

2183 3226 2278 3306 μὲν
2326 3227 2425 3302 τὸ,
2455 3224 2684 3288 Ἄνωθεν
2727 3230 2787 3286 ἐκ
2835 3232 2940 3286 τῶν
2985 3227 3244 3307 οὖρανῶν,
3297 3225 3485 3310 φασίν·
3532 3225 3642 3285 ἄνω
3685 3223 3795 3306 γὰρ

477 3327 572 3368 sus
597 3317 704 3378 est,
725 3317 787 3366 ut
817 3317 873 3365 et
893 3307 1324 3378 assumptionem
1349 3323 1509 3364 suam
1536 3307 1800 3364 ﬁrmaret.
1833 3309 2073 3380 Quidam

2188 3317 2278 3376 καὶ
2310 3317 2444 3397 ὑπὲρ
2491 3319 2730 3399 κεφαλῆς
2771 3317 2950 3386 αὐτοῖς
2987 3315 3159 3398 ὤφθη,
3192 3315 3280 3375 ἵνα
3310 3307 3419 3376 ’καὶ
3448 3315 3544 3388 τὴν
3591 3314 3798 3388 ἀνάλη-

479 3417 631 3470 vero,
706 3398 908 3454 Ἐπάνω
962 3397 1320 3466 πεντακοσίοις,
1388 3413 1509 3470 pro,
1589 3397 1841 3456 Pluribus
1909 3415 2075 3473 quam

2186 3411 2276 3490 ψιν
2327 3397 2702 3480 πιστώσηταιο
2753 3406 2888 3474 τινὲς
2937 3405 2991 3466 δὲ
3042 3397 3136 3480 τὸ,
3189 3428 3219 3465 (ι
3267 3404 3490 3468 Ἐπάνω
3535 3427 3792 3466 πεντακο-

481 3489 815 3565 quingentis,
854 3487 1255 3544 intellexerunt.

558 3600 587 3636 ‹‹
615 3583 696 3638 Ex
725 3578 920 3652 quibus
951 3578 1136 3650 plures
1162 3585 1394 3634 manent
1442 3574 1512 3634 ad
1537 3575 1684 3633 hunc
1710 3593 1886 3651 usque
1906 3578 2076 3652 diem,

480 3671 702 3747 quidam
730 3677 917 3728 autem
948 3675 1003 3724 et
1045 3666 1482 3724 obdormierunt.
1537 3689 1564 3716 ιι
1615 3667 1830 3738 Habeo,
1874 3667 2080 3743 inquit,

482 3759 797 3820 testimonia
820 3758 964 3815 viva.
996 3760 1105 3814 Per
1154 3756 1451 3813 dictionem
1496 3765 1710 3824 autem,
1739 3776 1768 3810 »
1813 3760 2082 3817 Dormie-

479 3861 628 3921 runt,
662 3874 689 3900 ιο
716 3847 1140 3906 resurrectionis
1185 3845 1514 3919 principium
1541 3847 1882 3919 praestruxit.
1933 3850 2076 3920 Quid

485 3942 630 3999 enim
660 3939 886 4007 dormit,
916 3936 1156 4009 resurgit
1179 3936 1363 3992 etiam.

550 4035 726 4088 Vrsas.
780 4036 837 4085 7.
886 4045 918 4081 (ι
968 4025 1183 4082 Deinde
1229 4025 1376 4081 visus
1415 4032 1498 4081 est
1545 4025 1780 4084 Iacobo.
1829 4047 1860 4081 ν
1903 4030 2081 4086 Fratri

486 4119 740 4188 Domini,
779 4117 872 4190 qui
898 4115 966 4172 ab
1017 4115 1136 4188 ipso
1162 4114 1372 4186 primus
1400 4115 1918 4190 Hierosolymorum
1963 4120 2079 4194 epi-

486 4224 689 4282 scopus
713 4207 1045 4264 constitutus
1087 4211 1221 4261 erat.

569 4322 596 4349 α
629 4296 849 4354 Deinde
881 4295 1142 4367 apostolis
1173 4294 1456 4352 omnibus.
1495 4313 1526 4349 »
1570 4297 1816 4354 Fuerunt
1849 4298 2001 4354 enim
2029 4308 2084 4356 et

488 4389 582 4447 alii
605 4384 864 4460 apostoli,
892 4393 956 4442 ut
976 4385 1341 4458 septuaginta.

566 4480 746 4535 Vnus.
780 4481 834 4532 8.
869 4497 896 4526 ιι
953 4474 1264 4532 Novissime
1311 4483 1497 4533 autem
1527 4475 1778 4533 omnium
1821 4484 2082 4551 tanquam

492 4569 747 4627 abortivo
776 4567 924 4622 visus
977 4573 1061 4621 est
1087 4573 1142 4620 et
1183 4563 1336 4621 mihi.
1400 4587 1425 4613 ι
1477 4565 1813 4623 Humilitatis
1855 4575 1936 4622 est
1979 4569 2084 4624 hoc

2188 3497 2349 3570 σίοις,
2388 3520 2416 3556 ν
2451 3498 2576 3564 Τοῖς
2605 3495 2842 3556 πλείοσιν
2873 3494 2908 3570 ἢ
2941 3496 3306 3564 πεντακοσίοις
3327 3543 3342 3569 ,
3369 3494 3608 3568 ἐνόησαν.

2281 3609 2311 3646 (ι
2349 3585 2446 3656 Ἐξ
2477 3577 2552 3647 ὧν
2578 3587 2625 3645 οἱ
2655 3586 2866 3652 πλείους
2922 3584 3168 3664 μένουσιν
3211 3584 3312 3654 ἕως
3355 3585 3475 3667 ἄρτι
3498 3607 3512 3622 ·
3557 3582 3695 3652 τινὲς
3737 3583 3794 3644 δὲ

2188 3676 2281 3738 καὶ
2312 3676 2695 3755 ἐκοιμήθησαν.
2729 3704 2755 3729 ιι
2801 3674 2985 3756 Ἔχω,
3042 3675 3214 3758 φησὶ,
3249 3679 3448 3746 ζῶντας
3496 3672 3792 3755 μάρτυρας.

2189 3766 2295 3828 Διὰ
2319 3766 2373 3826 δὲ
2397 3769 2492 3839 τῆς
2515 3770 2641 3844 τοῦ,
2683 3788 2712 3824 α
2738 3765 3178 3843 Ἐκοιμήθησαν,
3213 3793 3236 3818 ι
3263 3764 3478 3838 λέξεως,
3504 3763 3676 3847 ἀρχὴν
3702 3768 3799 3836 τῆς

2189 3854 2532 3924 ἀναστάσεως
2577 3855 3046 3937 προκατεϐάλετοο
3091 3857 3120 3914 ὅ
3167 3853 3270 3937 γὰρ
3329 3855 3661 3933 κοιμώμενος
3698 3853 3790 3913 καὶ

2191 3945 2491 4006 ἀνίσταται.

2274 4057 2306 4094 (ι
2349 4032 2585 4095 Ἔπειτα
2615 4034 2765 4117 ὤφθη
2793 4034 3064 4120 Ἰακώϐῳ.
3095 4058 3123 4096 ι)
3169 4038 3265 4116 Τῷ
3315 4035 3526 4116 ἀδελφῷ
3553 4037 3648 4094 τοῦ
3683 4036 3793 4095 Κυ-

2193 4126 2336 4206 ρίου,
2369 4123 2592 4206 [λέγει,]
2637 4128 2714 4206 τῷ
2746 4126 2835 4184 ὑπ’
2875 4127 3040 4188 αὐτοῦ
3086 4123 3472 4186 κατασταθέντι
3518 4124 3796 4206 ἐπισκόπῳ

2190 4212 2830 4298 πρώτῳ-Ἱεροσολύμων.

2276 4327 2308 4360 α
2354 4293 2508 4365 Εἶτα⁷
2531 4313 2640 4372 τοῖς
2669 4293 2984 4371 ἀποστόλοις
3026 4313 3213 4366 πᾶσιν.
3270 4327 3297 4361 n
3351 4293 3538 4366 Ἦσαν
3567 4303 3795 4386 γὰρκαὶ

2129 4452 2135 4457 .
2193 4396 2343 4454 ἄλλοι
2374 4394 2694 4466 ἀπόστολοι,
2723 4399 2795 4464 ὡς
2819 4397 2866 4456 οἱ
2898 4393 3290 4474 ἑϐδομήκοντα.

2279 4505 2310 4544 (ι
2353 4482 2700 4564 Ἕσχατον⁴⁴
2733 4483 2790 4544 δὲ
2812 4481 3028 4543 πάντων
3047 4526 3064 4556 ,
3093 4483 3325 4564 ὡσπερεί
3353 4507 3430 4565 τῳ
3462 4483 3790 4565 ἐκτρώματι,

2191 4571 2339 4654 ὤφθη
2387 4573 2577 4652 κάμοί.
2642 4602 2670 4627 ιι
2723 4571 3232 4654 Ταπεινοφροσύνης
3277 4574 3341 4633 τὸ
3387 4576 3537 4654 ῥῆμα
3562 4593 3577 4608 ⁶
3619 4577 3794 4654 σοφῶς

493 4659 730 4717 dictum.
785 4655 1068 4727 Sapienter
1097 4661 1283 4710 autem
1325 4669 1459 4710 usus
1488 4663 1574 4711 est
1607 4653 1905 4728 dejectione
1956 4656 2075 4725 hac,

2192 4664 2262 4754 δὲΔ
2301 4663 2563 4744 κέχρηται
2732 4653 3210 4745 ταπεινοφροσύνῃ,
3243 4661 3330 4754 ἵνα
3381 4661 3508 4721 ὅταν
3564 4659 3691 4754 εἴπῃ
3735 4660 3796 4721 τὸ

491 4764 582 4817 ne,
612 4745 834 4820 quando
862 4759 1128 4818 magnum
1150 4744 1285 4802 illud
1321 4743 1608 4816 proferret,
1652 4768 1678 4796 α
1705 4745 2075 4806 Abundantius

2193 4750 2334 4832 μέγα
2363 4743 2568 4828 ἐκεῖνο,
2597 4743 2695 4827 τδ,
2733 4775 2763 4811 α
2790 4743 3178 4834 Περισσότερον
3204 4751 3419 4811 πάντων
3439 4750 3735 4823 ἐκοπίασα,
3770 4778 3796 4804 ι

493 4837 760 4895 omnibus
817 4836 935 4892 aliis
962 4835 1225 4904 laboravi,
1257 4855 1286 4885 ››
1331 4850 1448 4892 non
1477 4833 1810 4892 adhibeatur
1853 4837 1903 4893 ei
1949 4837 2086 4896 ﬁdes

489 4945 592 4986 ceu
617 4925 912 4999 arroganti.
961 4943 990 4979 α
1030 4925 1363 4981 Abortivum
1390 4942 1420 4978 ››
1453 4925 1667 4998 proprie
1689 4926 1889 4983 dicitur
1917 4925 2084 4986 fmtus

481 5018 540 5075 in
569 5025 753 5084 utero,
779 5016 870 5089 qui
894 5015 1109 5089 justum
1148 5015 1478 5070 incrementi
1503 5014 1587 5071 sui
1612 5023 1834 5089 tempus
1848 5033 1962 5074 non
1993 5035 2084 5076 ex-

487 5107 674 5180 plevit,
695 5121 862 5180 quem
884 5105 1033 5177 ejicit
1061 5104 1286 5160 mulier.
1332 5103 1472 5173 Quia
1491 5104 1661 5177 igitur
1700 5106 1818 5179 ipse
1855 5122 1914 5164 se
1939 5107 2082 5166 indi-

483 5212 662 5270 gnum
707 5195 991 5268 apostolici
1016 5195 1263 5251 muneris
1308 5192 1591 5251 functione
1640 5194 1796 5265 dicit,
1828 5213 1894 5254 ac
1934 5199 2076 5271 reje-

485 5286 723 5355 ctitium,
767 5285 846 5343 sic
880 5285 1125 5358 seipsum
1161 5283 1487 5352 nominavit,
1536 5301 1637 5341 ceu
1688 5286 2076 5358 imperfectum

475 5383 532 5433 et
554 5376 940 5442 immaturum,
966 5381 1240 5448 quantum
1266 5373 1338 5430 ad
1375 5374 1605 5446 apostoli
1634 5374 1962 5450 dignitatem
1989 5388 2047 5434 at
2070 5410 2080 5420 -

488 5465 645 5522 tinet.
687 5465 952 5523 Nonuulli
992 5480 1092 5536 per
1117 5463 1448 5533 abortivum,
1489 5475 1832 5540 postremum
1875 5470 2078 5527 foetum

487 5648 497 5664 ..
600 5604 764 5658 Joan.
790 5617 900 5670 xx,
933 5608 1024 5659 24.

2192 4841 2268 4921 μὴ
2340 4845 2611 4923 ἀπιστηθῇ
2667 4845 2737 4910 ὥς
2802 4843 3037 4912 ἀλαζών.
3088 4840 3390 4922 Ἔκτρωμα
3451 4840 3509 4900 δὲ
3577 4840 3797 4920 λέγεται

2193 4931 2416 5044 κυρίως,
2461 4932 2527 5044 to,
2566 4931 2985 5044 ἀτελεσφόρητον
3039 4930 3292 5040 ἔμξρυον,
3333 4929 3380 5044 ’ξ
3428 4929 3796 5044 ἀποϐάλλξται

2191 5025 2226 5095 ἡ
2264 5009 2411 5103 ’γυνή
2438 5041 2450 5056 '
2510 5019 2669 5082 Ἐπεὶ
2723 5009 2839 5082 οὖν’
2869 5020 2963 5082 καὶ
3020 5009 3178 5089 αὖτὸς
3247 5019 3456 5090 ἀνάξιον
3511 5022 3604 5079 τοῦ
3658 5009 3796 5080 εἶναι

2192 5111 2379 5172 ἑαυτὸν
2419 5111 2713 5173 ἀπόστολον
2750 5111 2915 5193 λέγει,
2957 5113 3050 5173 καὶ
3099 5110 3432 5186 ἀπόϐλητον,
3474 5110 3641 5179 οὕτως
3673 5113 3799 5171 ἑαυ-

2184 5201 2273 5261 τὸν
2322 5202 2603 5280 ὠνόμασεν
2628 5249 2647 5283 ,
2709 5204 2782 5271 ὥς
2834 5202 3256 5285 ἀτελεσφόρητον
3305 5201 3448 5262 κατά
3493 5224 3557 5282 γε
3599 5201 3661 5261 τὸ
3701 5207 3795 5261 τοῦ

2190 5293 2486 5352 ἀποστόλου
2539 5291 2767 5371 ἀξίωμα.
2822 5291 2979 5361 Τινὲς
3033 5291 3090 5352 δὲ
3143 5292 3204 5352 τὸ
3248 5291 3468 5374 ὕστερον
3520 5291 3795 5370 γέννημα,

2188 5378 2442 5462 ἔκτρωμα
2483 5381 2729 5459 ἐνόησαν,
2777 5380 2910 5442 διότι
2954 5381 3046 5442 καὶ
3082 5380 3238 5448 αὐτὸς
3268 5379 3495 5462 ἔσχατος
3521 5383 3627 5441 τῶν
3660 5382 3798 5441 ἀπο-

2189 5471 2392 5532 στόλων
2411 5471 2486 5534 ⁴⁵.
2520 5474 2640 5532 Οὔκ
2671 5473 2988 5532 ἐλαττοῦται
3022 5470 3078 5532 δὲ
3107 5475 3137 5532 ὃ
3183 5473 3422 5551 Παῦλος,
3465 5469 3596 5531 διότι
3627 5469 3792 5551 ἔσχα-

1880 5681 2072 5766 Varias
2113 5686 2421 5749 lectiones.

549 5780 593 5811 “
614 5781 816 5854 ὕστερον
844 5797 902 5838 ο.
975 5782 1018 5818 ⁴⁸
1046 5782 1222 5838 ἄλλων
1245 5799 1278 5838 ο
