4110 6436
372 488 481 539 757
1271 490 1623 549 EXPOSITIO
1662 493 1728 547 IN
1767 492 1976 550 EPIST.
2013 495 2033 550 Ι
2072 496 2162 550 AD
2200 494 2357 551 COR.
2390 526 2459 535 —
2497 495 2646 551 CAP.
2686 496 2795 550 XV.
3561 499 3664 553 758

372 634 463 678 τος
503 602 608 672 εἶδε
648 612 738 672 τὸν
787 613 1007 693 Κύριον⁸
1051 616 1133 676 Οὐ
1174 615 1279 694 γὰρ
1309 614 1569 685 Ἰάκωϐος
1606 606 1842 679 ἐλάττων
1881 622 1983 679 τῶν

2096 620 2500 689 intellexerunt,
2574 619 3028 692 quandoquidem
3077 621 3167 687 et!
3196 621 3311 693 ipse
3371 630 3686 693 postremus

374 701 557 760 ἄλλων
608 703 967 763 πεντακοσίων
979 702 1055 779 ⁴⁶,
1106 703 1188 765 ὅτι
1248 704 1474 788 ἔσχατος
1490 706 1543 747 ⁴⁷
1602 707 1817 767 ἐκείνων
1876 699 1981 769 εἶδε

2094 709 2472 783 apostolorum
2506 708 2691 767 fuerit.
2723 710 2944 767 Etenim
2967 724 3093 766 eam
3122 709 3195 767 ob
3221 724 3346 766 rem
3370 711 3498 767 nihil
3527 710 3685 768 Pauli

373 789 467 848 τὸν
501 790 721 872 Κύριον.
2087 800 2395 857 auctoritati
2424 799 2663 867 decedit,
2694 800 2843 872 quod
2874 807 3195 872 postremus
3221 801 3533 858 Dominum
3559 817 3689 859 con-

374 890 635 961 spexerit.
657 894 845 966 Neque
870 892 1022 950 enim
1049 894 1265 951 cateris
1284 895 1604 969 quingentis
1633 896 1864 954 inferior
1903 904 1997 954 est
2080 891 2345 961 Iacobus,
2391 890 2542 964 quod
2589 890 2814 948 illorum
2841 898 3158 963 postremus
3198 891 3511 947 Dominum
3548 906 3686 947 con-

374 980 638 1050 spexerit.

469 1090 501 1127 ιι
544 1068 689 1149 Ἐγὼ
725 1072 829 1152 γάρ
865 1075 976 1146 εἶμι
1021 1076 1050 1132 ὃ
1093 1072 1373 1155 ἐλάχιστος
1402 1080 1507 1136 τῶν
1552 1076 1893 1151 ἀποστόλων,
1929 1075 1985 1143 ὃς

378 1161 476 1219 οὗκ
528 1160 639 1236 εἰμὶ
684 1160 861 1229 ἱκανὸς
905 1166 1183 1224 καλεῖσθαι
1229 1166 1552 1242 ἀπόστολος,
1614 1166 1748 1226 διότι
1795 1165 1981 1235 ἐδίωξα

377 1248 476 1321 τὴν
516 1248 851 1339 Ἐκκλησίαν
888 1258 981 1312 τοῦ
999 1255 1176 1339 Θεοῦ.
1230 1283 1256 1308 υ
1293 1257 1672 1339 Ἀποφαίνεται
1701 1257 1828 1337 περὶ
1857 1260 1983 1315 ἑαυ-

377 1345 472 1397 τοῦ
495 1360 512 1377 ·
542 1338 631 1397 καὶ
655 1342 750 1398 οὐκ
782 1342 948 1419 Εἰμὶ,
981 1333 1151 1418 εἶπεν,
1174 1333 1494 1425 [ἐλάχιστος]
1522 1349 1627 1404 τῶν
1652 1333 1857 1405 δώδεκα
1889 1344 1984 1423 μό-

378 1451 465 1487 νον
484 1475 505 1505 ,
534 1428 677 1488 ἀλλὰ
704 1429 797 1489 καὶ
823 1433 927 1491 τῶν
959 1432 1136 1492 ἄλλων
1172 1435 1442 1495 ἁπάντων.
1482 1432 1634 1514 ⁴⁷Ορα
1671 1431 1750 1508 δὲ,
1782 1434 1861 1493 ὅτι
1894 1432 1982 1492 διὰ

377 1517 584 1577 τούτων
616 1519 885 1595 μέμνηται
908 1525 1013 1581 τῶν
1052 1523 1326 1603 ἁμαρτιῶν
1354 1574 1366 1595 ,
1413 1516 1485 1584 ὧν
1511 1524 1869 1606 ἠλευθέρωται
1895 1523 1983 1582 διὰ

378 1612 473 1667 τοῦ
498 1609 874 1688 βαπτίσματος
893 1657 909 1685 ,
931 1610 1019 1670 ἵνα
1050 1614 1191 1692 δείξῃ
1221 1614 1274 1672 τί
1300 1614 1587 1695 ἐχαρίσατο
1611 1618 1755 1696 αὖτῷ
1775 1620 1802 1674 ὁ
1828 1613 1982 1680 Θεός.

376 1696 533 1767 Τίνος
602 1699 659 1758 δὲ
736 1698 975 1779 ἔνεκεν,.
1007 1703 1252 1783 μάρτυρα
1315 1706 1502 1764 ἑαυτὸν
1565 1705 1823 1783 παράγων
1884 1706 1980 1775 τ’ἧς

377 1786 723 1856 ἀναστάσεως
768 1794 862 1849 τοῦ
906 1793 1169 1873 Χριστοῦ,
1198 1796 1269 1861 ὡς
1300 1794 1391 1853 καὶ
1429 1796 1573 1875 αὐτῷ
1608 1793 1883 1875 ὀφθέντος,
1914 1792 1983 1852 τὰ

2161 1074 2344 1129 Vnns.
2382 1076 2440 1128 9.
2470 1088 2498 1124 (ι
2527 1072 2646 1143 Ego
2669 1070 2819 1127 enim
2843 1085 2968 1126 sum
2991 1070 3260 1127 minimus
3283 1071 3687 1143 apostolorum,

2093 1159 2265 1231 218
2287 1158 2379 1231 qui
2427 1174 2541 1214 non
2569 1174 2695 1215 sum
2724 1158 2921 1232 dignus
2960 1160 3146 1215 vocari
3198 1158 3507 1231 apostolus,
3550 1175 3689 1231 quo-

2090 1250 2242 1305 niam
2285 1256 2599 1320 persecutus
2636 1264 2758 1304 sum
2808 1248 3109 1305 Eoclesiam
3147 1249 3274 1305 Dei.
3331 1272 3357 1298 υ
3380 1251 3465 1305 De
3503 1248 3688 1321 seipso

2090 1338 2421 1396 sententiam
2451 1338 2562 1395 fert
2601 1358 2614 1393 :
2652 1355 2756 1396 nec
2782 1338 2937 1407 dixit,
2968 1337 3263 1395 duodecim
3307 1345 3546 1406 tantum,
3589 1355 3692 1395 ve-

2087 1444 2215 1486 rum
2237 1436 2292 1487 et
2321 1428 2553 1485 aliorum
2581 1428 2853 1485 omnium.
2876 1428 3168 1485 Considera
3199 1436 3387 1486 autem
3407 1428 3691 1501 quomodo

2090 1535 2189 1592 per
2246 1518 2365 1575 hazc
2422 1520 2588 1575 verba
2628 1535 2824 1575 eorum
2865 1528 3222 1591 peccatorum
3272 1517 3606 1588 meminerit,
3659 1533 3689 1574 a

2092 1607 2292 1681 quibus
2321 1607 2579 1665 liberatus
2625 1609 2699 1664 sit
2727 1625 2825 1680 per
2850 1608 3140 1680 baptisma,
3168 1616 3233 1665 ut
3259 1607 3518 1665 ostendat
3556 1608 3691 1681 quid

2087 1696 2369 1753 donaverit
2397 1697 2472 1752 illi
2504 1702 2669 1754 Deus.
2704 1702 2884 1770 Quam
2912 1699 2985 1754 ob
3015 1714 3239 1755 causam
3265 1713 3394 1755 vero
3435 1698 3683 1770 seipsum

2088 1794 2288 1843 testem
2325 1787 2745 1844 resurrectionis
2773 1787 2995 1857 Christi,
3023 1803 3123 1844 ceu
3168 1787 3236 1843 ab
3267 1803 3333 1844 eo
3382 1788 3687 1859 conspecti,

378 1879 551 1938 οἰκεῖα
597 1878 956 1958 ἐλαττώματα
1000 1884 1325 1963 καταλέγεις
1368 1881 1488 1946 Ἵνα
1528 1886 1732 1962 μᾶλλον
1777 1884 1983 1953 ἀξιοπι-

2094 1879 2424 1951 producens,
2449 1878 2700 1951 proprios
2733 1876 2981 1934 defectus
3005 1880 3286 1934 recenset?
3314 1878 3395 1934 Ut
3419 1876 3689 1949 majorem

380 1966 625 2049 στότερος
674 1968 779 2044 εἴη.
866 1970 935 2031 Ὀ
988 1972 1092 2053 γὰρ
1142 1974 1280 2051 μετὰ
1330 1974 1581 2046 ἀληθείας
1647 1972 1741 2042 τὰς
1784 1974 1982 2042 οἰκείας

380 2056 559 2138 ὕϐρεις
588 2059 693 2129 θεὶς
731 2062 827 2121 οὐκ
852 2060 918 2121 ἂν
946 2062 1093 2145 ἄλλῳ
1121 2063 1546 2148 καταχαρίσαιτο
1576 2063 1772 2144 μάτην.

470 2264 503 2301 α
543 2240 740 2321 Χάριτι
770 2242 826 2302 δὲ
857 2244 999 2303 Θεοῦ
1046 2244 1157 2323 εἰμὶ
1185 2245 1217 2303 8
1244 2246 1373 2322 εἰμι.
1404 2267 1434 2306 )›
1490 2247 1579 2308 Τὰ
1612 2246 1707 2324 μὲν
1756 2248 1988 2309 ἐλαττώ-

380 2355 532 2407 ματα
601 2334 774 2410 ἑαυτῷ
848 2332 1149 2413 λογίζεται·
1198 2336 1266 2395 τὰ
1327 2335 1384 2395 δὲ
1465 2337 1858 2417 κατορθώματα

378 2422 567 2500 χάριτι
595 2428 687 2481 τοῦ
712 2423 856 2483 Θεοῦ
883 2425 1183 2496 ἀνατίθησι.

476 2534 504 2569 ιι
550 2510 660 2571 Kal
701 2516 736 2583 ἡ
781 2512 937 2594 χάρις
964 2518 1123 2574 αὐτοῦ
1158 2520 1192 2589 ἡ
1225 2518 1298 2584 εἷς
1329 2516 1425 2593 ἐμὲ
1457 2519 1515 2577 οὖ
1556 2517 1682 2589 κενὴ
1728 2518 1946 2596 ἐγενήθη
1971 2543 1984 2557 ’

380 2601 523 2661 ἀλλὰ
569 2601 941 2683 περισσότερον
985 2607 1160 2664 αὐτῶν
1205 2607 1420 2665 πάντων
1475 2607 1756 2670 ἐκοπίασα.
1807 2632 1832 2662 ι
1878 2609 1986 2669 Καὶ

378 2697 536 2780 τοῦτο
601 2695 717 2768 μεθ’
789 2696 1084 2766 ὑποστολῆς
1103 2696 1157 2734 ⁴⁸
1215 2696 1423 2776 εἴρηκεν
1448 2722 1462 2736 ·
1519 2697 1578 2757 οὗ
1648 2699 1751 2780 γὰρ
1810 2687 1983 2771 εἶπεν,

378 2779 537 2871 Ἀξια
574 2785 667 2850 τῆς
694 2781 913 2861 χάριτος
951 2782 1178 2865 ἔπραξα,
1216 2786 1353 2859 ἀλλ’,
1399 2788 1481 2847 Οὗ
1522 2779 1750 2864 ματαία,
1782 2788 1979 2871 φησὶν,

381 2870 572 2952 εὑρέθη
604 2874 639 2943 ἡ
672 2872 825 2951 χάρις
869 2877 961 2931 τοῦ
1008 2873 1151 2934 Θεοῦ
1196 2877 1249 2933 ἐν
1279 2876 1416 2952 ἐμοί.
1455 2879 1624 2951 Πῶς;
1674 2876 1804 2938 ’Ότι
1852 2878 1985 2936 πάν-

381 2984 489 3019 των
540 2963 647 3047 τῷν
718 2964 1030 3021 ἀποστόλων
1097 2966 1471 3047 περισσότερον
1528 2966 1816 3029 ἐκοπίασα.
1879 2968 1984 3029 Kal

380 3052 480 3109 οὐκ
548 3040 725 3124 εἶπεν,
784 3051 865 3111 ὅτι
920 3052 1327 3132 Ἐκινδύνευσα,
1386 3058 1504 3115 ἀλλ’
1565 3058 1856 3139 ὑφειμένως
1909 3061 1985 3139 τῷ

379 3139 609 3218 ὀνόματι
656 3145 749 3200 τοῦ
793 3140 959 3202 κόπου
998 3142 1061 3201 τὸ
1103 3147 1266 3204 αὑτοῦ
1320 3146 1584 3223 ἐγκώμιον
1617 3147 1981 3225 ὑποτεμνόμε-

2093 1967 2278 2025 verbis
2310 1969 2423 2025 suis
2464 1967 2629 2025 ﬁdem
2681 1967 2955 2025 conciliet.
2999 1967 3102 2038 Qui
3140 1965 3293 2023 enim
3328 1981 3514 2023 revera
3565 1982 3692 2023 suas

2096 2058 2465 2115 contumelias
2495 2057 2729 2131 profert,
2761 2056 2911 2114 haud
2938 2071 3071 2115 sane
3100 2056 3261 2114 alteri
3289 2054 3490 2113 frustra
3517 2055 3688 2128 grati-

2097 2148 2374 2205 ﬁcabitur.

2168 2242 2352 2295 Vnns.
2387 2243 2474 2294 10.
2512 2256 2540 2291 ι(
2559 2237 2745 2295 Gratia
2761 2245 2951 2295 autem
2980 2236 3084 2294 Dei
3104 2253 3229 2294 sum
3243 2236 3299 2294 id
3314 2235 3462 2308 quod
3484 2251 3633 2293 sum.
3662 2258 3688 2285 ι»

2098 2327 2358 2386 Defectus
2384 2344 2515 2385 suos
2552 2329 2655 2385 sibi
2670 2329 2773 2401 ipsi
2797 2329 3065 2402 imputat;
3099 2327 3328 2385 virtutes
3349 2335 3540 2385 autem
3563 2342 3694 2400 gra-

2095 2418 2188 2475 tiae
2216 2419 2317 2474 Dei
2350 2417 2515 2474 refert
2542 2425 2814 2491 acceptas.

2171 2530 2197 2556 α
2239 2510 2310 2563 Et
2345 2508 2514 2580 gratia
2560 2508 2734 2579 ipsius
2781 2508 2836 2563 in
2870 2522 2964 2564 me
3014 2522 3130 2562 non
3174 2506 3284 2563 fuit
3335 2507 3536 2575 inanis,
3595 2508 3692 2564 sed

2095 2596 2461 2653 abundantius
2488 2596 2745 2653 omnibus
2772 2596 2907 2668 ipsis
2939 2595 3202 2651 laboravi.
3221 2615 3251 2649 )›
3284 2598 3421 2652 Haec
3449 2612 3689 2669 quoque:

2094 2702 2225 2743 cum
2248 2685 2618 2743 submissione
2640 2684 2797 2741 dixit.
2823 2688 2952 2743 Non
2975 2684 3122 2741 enim
3144 2684 3281 2742 dixit
3305 2702 3319 2740 :
3354 2687 3494 2758 Quae
3523 2685 3687 2759 digna

2094 2785 2226 2834 sunt
2243 2776 2420 2849 gratia
2441 2776 2681 2849 transegi
2716 2797 2728 2833 :
2763 2791 2976 2843 verum,
3006 2778 3136 2831 Non
3160 2791 3318 2843 vana,
3346 2775 3542 2847 inquit,
3570 2791 3690 2847 gra-

2096 2866 2174 2923 tia
2205 2866 2308 2922 Dei
2337 2866 2394 2922 in
2423 2881 2513 2922 me
2542 2866 2761 2922 inventa
2790 2873 2891 2922 est.
2925 2864 3258 2935 Quomodo?
3288 2869 3367 2921 Eo
3394 2864 3546 2938 quod
3571 2866 3692 2936 plus

2096 2974 2264 3029 quam
2288 2972 2485 3014 omnes
2513 2957 2745 3027 apostoli
2788 2955 3043 3012 laboravi.
3074 2958 3189 3012 Nec
3210 2954 3349 3013 dixit
3378 2974 3392 3011 :
3427 2955 3694 3012 Periculis

2096 3046 2369 3103 obnoxius
2399 3045 2515 3116 fui;
2547 3045 2646 3102 sed
2683 3046 2957 3102 submisse
2988 3046 3241 3117 loquens,
3280 3045 3482 3101 laboris
3522 3061 3687 3102 voca-

2097 3137 2229 3193 bulo
2252 3152 2384 3193 usus
2411 3144 2516 3205 est,
2549 3145 2610 3193 ut
2639 3136 2856 3192 laudem
2884 3151 3044 3192 suam
3065 3135 3387 3191 succideret.
3414 3136 3690 3191 Caeterum

378 3253 487 3297 νος.
536 3228 642 3289 Διὰ
671 3229 726 3288 δὲ
757 3231 819 3291 τὸ
857 3231 1156 3301 ἀξιόπιστον
1190 3240 1443 3316 φανῆναι,
1475 3244 1645 3297 ταῦτα
1685 3224 1807 3319 περὶ
1850 3224 1980 3296 ἑαυ-

2094 3236 2153 3283 ut
2179 3226 2285 3282 ﬁde
2312 3227 2511 3299 dignus
2544 3226 2906 3299 judicaretur,
2940 3226 3055 3283 hac
3105 3225 3173 3319 de
3202 3226 3384 3296 seipso
3432 3240 3687 3281 comme-

381 3326 479 3380 τοῦ
519 3319 681 3399 λέγει.
715 3324 812 3380 Δεῖ
843 3322 945 3401 γὰρ
976 3323 1065 3383 τὸν
1113 3323 1434 3383 διδάσκαλον
1479 3317 1782 3392 ἀξιόπιστον
1823 3317 1978 3387 εἶναι.

475 3430 505 3468 α
544 3411 665 3469 Οὐκ
716 3409 821 3489 ἐγὼ
865 3412 955 3490 δὲ,
1008 3414 1128 3471 ἀλλ’
1165 3420 1198 3487 ἠ
1248 3415 1406 3494 χάρις
1456 3421 1548 3474 τοῦ
1607 3418 1749 3476 Θεοῦ
1799 3423 1833 3490 ἡ
1889 3416 1983 3475 σὺν

381 3499 525 3576 ἐμοί.
560 3525 586 3552 κ
616 3501 726 3560 Καὶ
774 3501 836 3559 τὸ
864 3501 1125 3561 κοπιάσαι
1164 3503 1217 3563 δὲ
1268 3505 1397 3565 αὐτὸ
1437 3508 1530 3577 τῆς
1560 3509 1653 3564 τοῦ
1696 3508 1838 3566 Θεοῦ
1881 3506 1985 3586 χά-

383 3588 527 3669 ριτός
554 3590 858 3674 ἐστιν,ᾂοῦκ
885 3590 1013 3664 ἐμὸν
1055 3593 1410 3674 κατόρθωμα.

476 3700 506 3735 α
539 3678 668 3740 Εἴτε
710 3670 798 3738 οὖν
830 3681 969 3759 ἐγὼ,
1017 3681 1122 3742 εἴτε
1154 3686 1376 3757 ἐκεῖνοι,
1427 3683 1566 3743 οὕτω
1611 3684 1984 3763 κηρύσσομεν,

380 3767 480 3828 καὶ
516 3768 682 3835 οὕτως
710 3769 1079 3832 ἐπιστεύσατε.
1118 3794 1149 3830 ))
1190 3773 1318 3834 Εἴτε
1352 3772 1457 3852 ἐγὼ
1500 3774 1763 3833 ἐκοπίασα
1792 3773 1985 3847 πλέον,

381 3856 490 3917 εἴτε
520 3857 735 3933 ἐκεῖνοι,
780 3858 903 3939 περὶ
942 3866 1066 3939 γοῦν
1080 3861 1131 3900 ⁴⁹
1174 3862 1236 3921 τὸ
1266 3862 1541 3946 ῌκήρυγμα
1571 3867 1945 3946 δμοφωνοῦμεν
1966 3909 1981 3939 ,

381 3946 577 4029 φησὶν,
639 3948 888 4017 ἅπαντες.
951 3950 1062 4010 Kal
1105 3953 1202 4010 οὐκ
1246 3943 1426 4027 εἶπεν,
1480 3955 1550 4014 Εἰ
1599 3943 1695 4029 μὴ’
1726 3954 1844 4031 ἐμοὶ
1888 3978 1989 4013 πι-

380 4036 702 4111 στεύετεδθ,
758 4039 978 4108 ἐκείνοις
1042 4041 1329 4116 πείσθητε*
1386 4041 1687 4116 ἐξηυτέλισε
1744 4043 1849 4125 γὰρ
1918 4041 1983 4101 ἂν

381 4127 607 4200 ἑαυτὸν,
658 4128 749 4187 καὶ
796 4132 889 4188 οὐκ
938 4130 1242 4198 ἀξιόπιστον
1296 4132 1541 4211 μάρτυρα
1589 4137 1684 4205 τῆς
1733 4132 1985 4207 ἀληθείας

384 4218 669 4276 ἀπεδείκνυ
696 4241 709 4255 ·
742 4219 881 4278 ἀλλὰ
914 4220 1005 4279 καὶ
1040 4220 1194 4289 αὐτὸς
1223 4224 1343 4280 καθ’
1383 4225 1565 4283 ἑαυτὸν
1590 4225 1786 4305 ᾲάρκεῖν
1818 4246 1980 4305 φησι,

382 4305 477 4365 καὶ
525 4306 750 4374 ἐκείνους
797 4313 918 4368 καθ’
968 4310 1189 4379 ἑαυτοὺς
1239 4310 1519 4392 αὐτάρκεις
1566 4302 1723 4374 εἶναι.
1762 4302 1870 4373 Kal
1912 4318 1987 4393 τῷ

381 4397 549 4454 εἰπεῖν
579 4395 633 4454 δὲ
663 4444 677 4468 ,
734 4419 764 4455 ιι
811 4399 1167 4477 Κηρύσσομεν
1189 4446 1203 4474 ,
1236 4426 1259 4452 ιθ
1289 4400 1351 4459 τὸ
1394 4401 1586 4474 ἀληθὲς
1632 4406 1737 4460 τῶν
1765 4403 1988 4480 λεγομέ-

382 4509 488 4544 νων
546 4486 808 4567 ἐμφαίνει.
876 4490 959 4548 OG
1016 4489 1120 4569 γὰρ
1174 4490 1228 4548 ἐν
1286 4490 1623 4572 παραϐύστῳ
1683 4493 1988 4567 λαλοῦμεν,

2094 3325 2297 3373 morat.
2326 3318 2559 3388 Oportet
2589 3317 2741 3372 enim
2784 3315 3075 3372 doctorem
3121 3313 3231 3372 ﬁde
3268 3314 3493 3387 dignum
3544 3330 3685 3371 esse.

2170 3430 2196 3456 ιι
2223 3409 2346 3462 Non
2377 3422 2478 3478 ego
2502 3414 2714 3474 autem,
2741 3405 2839 3462 sed
2860 3406 3033 3477 gratia
3070 3404 3176 3461 Dei
3202 3420 3446 3461 mecum.
3488 3427 3513 3455 ν
3536 3405 3687 3477 Quin

2093 3504 2149 3552 et
2172 3496 2356 3567 ipsum
2384 3495 2662 3565 laborare,
2686 3494 2882 3565 gratim
2911 3494 3015 3552 Dei
3046 3502 3149 3562 est,
3179 3510 3292 3551 non
3313 3509 3501 3551 meum
3515 3509 3676 3567 opus.

2165 3688 2345 3741 Vsus.
2385 3689 2472 3739 ll.
2520 3706 2545 3731 α
2579 3682 2700 3739 Sive
2737 3682 2904 3755 igitur
2949 3698 3076 3755 ego,
3122 3683 3236 3740 sive
3278 3684 3376 3753 illi,
3416 3684 3499 3741 sic
3541 3699 3685 3757 prai—

2094 3775 2365 3841 dicamus,
2389 3781 2444 3829 et
2489 3772 2568 3828 sic
2608 3771 2929 3827 credidistis.
2979 3794 3006 3821 »
3044 3771 3167 3827 Sive
3217 3788 3318 3844 ego
3358 3773 3482 3844 plus
3535 3773 3690 3830 labo-

2096 3865 2232 3933 ravi,
2280 3863 2394 3919 sive
2442 3862 2524 3918 illi
2548 3862 2692 3918 circa
2739 3860 3185 3933 praedicationem
3236 3870 3425 3917 tamen
3477 3877 3691 3927 omnes,

2096 3953 2302 4026 inquit,
2330 3968 2523 4009 sumus
2554 3950 2874 4008 concordes.
2918 3953 3032 4007 Nec
3084 3951 3223 4008 dixit
3262 3971 3276 4008 :
3317 3952 3373 4010 Si
3410 3951 3544 4008 mihi
3577 3968 3686 4009 non

2093 4043 2368 4101 adhibetis
2388 4042 2576 4110 ﬁdem,
2599 4041 2703 4097 illis
2728 4040 3104 4113 obtemperate
3133 4059 3148 4097 :
3174 4042 3245 4097 ita
3266 4042 3416 4097 enim
3440 4041 3687 4114 seipsum

2093 4134 2241 4207 parvi
2266 4132 2507 4201 fecisset,
2540 4141 2596 4188 et
2627 4147 2728 4204 pro
2757 4132 2981 4187 veritate
3008 4138 3204 4187 testem
3234 4148 3432 4203 parum
3462 4131 3686 4189 ﬁdelem

2094 4222 2429 4278 ostendisset
2458 4239 2473 4277 :
2505 4219 2603 4277 sed
2630 4228 2685 4276 et
2703 4220 2815 4292 ipse
2861 4237 2959 4292 per
2984 4236 3043 4277 se
3067 4218 3319 4277 sufﬁcere
3343 4221 3445 4289 ait,
3477 4230 3531 4277 et
3566 4220 3686 4278 illos

2096 4328 2192 4385 per
2219 4327 2278 4368 se
2302 4310 2520 4368 abunde
2564 4309 2695 4366 satis
2721 4309 3017 4367 instructos
3050 4326 3190 4367 esse.
3228 4311 3368 4367 Cum
3397 4319 3585 4367 autem
3614 4310 3694 4365 ait

2102 4427 2128 4453 α
2160 4402 2547 4469 Praedicamus,
2608 4422 2636 4449 ι
2689 4400 2975 4457 veritatem
3021 4417 3215 4457 eorum
3253 4416 3376 4474 quae
3411 4400 3689 4468 dicuntur,

2096 4493 2291 4550 innuit.
2324 4495 2452 4549 Non
2477 4492 2626 4548 enim
2648 4491 2705 4547 in
2732 4490 3055 4547 abscondito
3098 4490 3400 4561 loquimur,
3446 4490 3542 4547 sed
3590 4506 3689 4561 pa-

384 4573 526 4633 ἀλλὰ
580 4578 851 4657 φανερῶς·
883 4576 977 4636 καὶ
1025 4582 1082 4637 οὐ
1111 4579 1262 4653 ποτὲ,
1304 4579 1445 4638 ἀλλὰ
1488 4581 1578 4639 καὶ
1624 4586 1738 4641 νῦν.
1796 4604 1825 4639 α
1873 4583 1980 4642 Καὶ

2094 4583 2207 4639 lam
2239 4603 2255 4638 :
2286 4590 2343 4639 et
2376 4598 2490 4638 non
2521 4581 2837 4652 aliquando,
2867 4580 2963 4636 sed
2998 4590 3057 4636 et
3083 4595 3248 4635 nunc.
3285 4597 3315 4632 ι(
3338 4580 3409 4634 Et
3450 4579 3528 4635 sic
3569 4596 3689 4636 cre-

382 4662 551 4732 οῧτως
599 4664 970 4729 ἐπιστεύσατε.
1024 4690 1053 4725 ι»
1117 4670 1238 4729 Οὐκ
1286 4659 1401 4728 εἶπε
1457 4670 1543 4743 δὲ,
1594 4670 1675 4730 ὅτι
1725 4673 1837 4732 Νῦν
1894 4695 1984 4729 πι-

383 4752 628 4826 στεύετε,
673 4756 805 4815 διότι
854 4755 1195 4819 ἐσαλεύοντο.
1238 4758 1395 4819 Μετὰ
1432 4762 1537 4818 τῶν
1579 4759 1758 4818 ἄλλων
1803 4760 1859 4819 δὲ
1890 4762 1982 4819 καὶ

381 4841 483 4913 τὴν
512 4845 684 4903 αὐτῶν
713 4845 893 4904 πίστιν
926 4846 1171 4927 μάρτυρα
1200 4851 1353 4907 καλεῖ
1373 4848 1418 4885 ⁵⁸
1453 4853 1549 4920 τῆς
1592 4849 1863 4923 ἀληθείας.
1899 4853 1983 4912 Οὐ

383 4930 489 5012 γὰρ
520 4932 581 4991 ἂν
626 4934 849 5009 ἁπλῶς,
882 4937 1079 5016 φησὶν,
1116 4938 1462 4998 ἐπιστεύσατε
1508 4939 1679 5019 λόγοις
1726 4941 1985 5019 ἐψευσμέ-

383 5045 489 5089 νοις
519 5024 609 5082 καὶ
657 5026 987 5102 ἀπατηλοῖς,
1017 5028 1063 5086 εί
1108 5026 1183 5105 μὴ
1216 5026 1491 5101 ἐπείσθητε
1522 5031 1694 5104 ἀληθῆ
1733 5024 1867 5089 εἶναι
1915 5029 1984 5089 τὰ

382 5112 783 5193 κηρυσσόμενα.

472 5222 504 5261 α
548 5204 613 5263 Εἰ
637 5204 692 5263 δὲ
729 5204 965 5284 Χριστὸς
1006 5205 1370 5289 κηρύσσεται,
1401 5208 1485 5268 ὅτι
1524 5210 1585 5267 ἐκ
1609 5211 1823 5287 ,νεκρῶν
1854 5208 1983 5287 ἐγή-

381 5315 604 5373 γερται,
652 5297 769 5362 πῶς
815 5292 1033 5373 λέγουσί
1074 5321 1215 5365 τινες
1262 5300 1316 5357 ἐν
1362 5300 1524 5375 ὖμῖν,
1569 5296 1653 5357 ὅτι
1696 5298 1987 5368 ἀνάστασις

384 5385 583 5461 νεκρῶν
603 5383 655 5424 ⁵²
702 5387 800 5444 οὔκ
837 5384 1016 5461 ἔστιν;
1054 5412 1080 5441 ιο
1128 5383 1353 5466 Ἄριστα
1397 5388 1782 5467 συλλογίζεται.
1834 5388 1988 5448 Ἀπο-

385 5472 555 5542 δείξας
594 5474 700 5555 γὰρ
748 5473 1042 5555 πρότερον,
1088 5475 1173 5537 ὅτι
1237 5479 1468 5557 Χριστὸς
1525 5478 1840 5558 ἐγήγερται,
1895 5478 1988 5537 καὶ

383 5561 464 5620 ὅτι
509 5560 648 5623 οὕτω
697 5563 1026 5643 κηρύσσεται
1071 5566 1200 5647 παρ’
1253 5569 1411 5627 αὐτοῦ
1465 5568 1558 5628 καὶ
1596 5570 1703 5627 τῶν
1754 5568 1988 5628 ἀποστό-

2092 4670 2325 4728 didistis.
2377 4689 2409 4724 ν
2443 4674 2570 4727 Non
2601 4669 2767 4738 dixit,
2797 4672 2956 4725 Nunc
2988 4668 3229 4738 creditis,
3265 4668 3534 4740 quoniam
3565 4668 3688 4740 jam

2093 4761 2440 4817 vacillabant.
2472 4763 2615 4818 Cum
2643 4760 2762 4815 aliis
2798 4767 2985 4816 autem
3015 4766 3069 4815 et
3092 4758 3339 4831 ipsorum
3366 4757 3556 4828 ﬁdem,
3591 4775 3687 4815 ve-

2092 4851 2273 4908 ritatis
2293 4860 2498 4907 testem
2530 4859 2707 4907 vocat.
2738 4852 2865 4906 Non
2894 4848 3039 4906 enim
3069 4848 3391 4921 simpliciter
3429 4848 3693 4906 credidis-

2093 4942 2250 5011 setis,
2296 4942 2497 5014 inquit,
2547 4940 2894 4997 sermonibus
2941 4939 3084 4997 ﬁctis
3122 4949 3181 4997 et
3224 4940 3531 5011 fallacibus,
3583 4939 3691 4995 nisi

2094 5031 2345 5104 persuasi
2370 5031 2557 5088 essetis
2585 5047 2711 5089 vera
2746 5046 2864 5088 esse
2891 5046 3019 5104 quae
3046 5030 3203 5088 vobis
3226 5029 3690 5104 praedicabantur.

2166 5215 2346 5271 Vnus.
2398 5218 2487 5269 12.
2521 5234 2549 5261 ι
2603 5212 2658 5268 Si
2685 5219 2872 5268 autem
2918 5210 3171 5267 Christus
3200 5209 3501 5283 paedicatur
3540 5210 3691 5283 quod

2100 5303 2395 5361 resurrexit
2420 5318 2455 5359 a
2481 5302 2738 5369 mortuis,
2764 5300 3046 5374 quomodo
3074 5300 3268 5357 dicunt
3292 5299 3514 5371 quidam
3547 5301 3691 5358 inter

2099 5409 2200 5451 vos
2229 5393 2381 5466 quod
2416 5392 2748 5449 resurrectio
2771 5407 2889 5448 non
2916 5395 3040 5448 est?
3076 5413 3103 5441 ιι
3148 5390 3371 5463 Optime
3388 5390 3685 5447 ratiocina-

2100 5491 2211 5540 tur.
2240 5487 2636 5540 Demonstrato
2664 5482 2813 5538 enim
2851 5481 3092 5554 primum
3118 5480 3269 5554 quod
3308 5479 3557 5538 Christus
3602 5497 3694 5537 re-

2103 5574 2368 5639 surrexit,
2413 5581 2469 5629 et
2515 5572 2667 5645 quod
2699 5572 2780 5628 sic
2822 5570 3153 5644 praedicatur
3176 5586 3206 5626 a
3238 5585 3298 5627 se
3322 5579 3379 5628 et
3402 5571 3672 5644 apostolis

1786 5657 1977 5718 Variae
2019 5659 2327 5717 lectiones.
2378 5668 2387 5701 ’.

457 5741 502 5775 ⁸⁸
554 5742 904 5817 ἑϐδομήκοντα
957 5764 1017 5819 o,
1094 5748 1139 5783 ‘7
1199 5748 1400 5821 ὕστερος
1456 5764 1511 5806 ο.
1586 5746 1631 5782 ⁴³
1683 5747 1794 5802 καθ’
1826 5745 2127 5820 ξῦπερϐολὴν
2183 5761 2235 5803 ο.
2314 5744 2357 5779 ⁸⁹
2405 5744 2493 5816 μὲν
2532 5760 2587 5800 ο.
2664 5744 2709 5777 ⁶⁰
2756 5741 3069 5798 ἐπιστεύσατε
3118 5759 3169 5798 0.
3252 5744 3289 5777 ⁵⁸
3353 5743 3582 5796 καλεῖται
3636 5758 3688 5796 0.

384 5822 429 5858 ⁸³
460 5821 515 5877 ἔκ
536 5830 721 5897 νεκρῶν
741 5842 823 5884 m.
