4110 6412
439 482 542 535 759

1456 476 1969 534 THEOPHYLACTI
2008 475 2364 532 BULGARIxE
2399 473 2714 530 ARCHIEP.

3641 473 3745 529 760

436 606 506 664 ab
531 604 696 680 hujus
721 604 1046 662 excitatione
1097 618 1454 660 communem
1481 602 1734 659 omnium
1799 617 2014 660 resurre

2125 603 2262 671 ,λων
2287 624 2300 638 ·
2347 601 2406 660 ἐκ
2451 603 2548 672 τῆς
2585 603 2774 660 τούτου
2815 598 3069 680 ἐγέρσεως
3107 597 3201 658 καὶ
3239 596 3336 673 τὴν
3376 595 3560 670 κοινὴν
3607 597 3749 657 ἀνά-

437 695 677 754 ctionem
707 694 1022 762 conﬁrmat,
1075 709 1176 750 ceu
1222 694 1432 766 reliquo
1458 708 1692 764 corpore
1736 701 1902 764 caput
1945 708 2028 749 se-

441 793 663 860 quente.
705 787 832 842 Non
857 791 1044 841 autem
1087 791 1279 840 contra
1306 798 1503 841 omnes
1544 782 1777 840 intendit
1803 797 2029 839 accusa-

439 877 680 945 tionem,
707 890 778 931 ne
799 873 1227 944 impudentiores
1257 871 1422 930 faciat
1449 889 1464 928 :
1491 869 1611 941 sed,
1647 893 1674 920 σι
1705 871 1962 942 Quidam,
2003 896 2025 921 π

437 966 636 1039 inquit,
670 987 696 1014 ι
723 963 934 1020 dicunt.
969 985 996 1012 ι

512 1054 686 1127 219
708 1057 891 1111 Vsns.
945 1057 1032 1110 18.
1066 1075 1093 1101 σι
1133 1053 1191 1108 Si
1215 1060 1403 1109 autem
1422 1051 1752 1108 resurrectio
1783 1060 2028 1108 mortuo-

442 1161 570 1201 rum
595 1159 711 1200 non
742 1151 847 1212 est,
894 1157 1075 1215 neque
1102 1141 1355 1200 Christus
1407 1140 1722 1197 resurrexit.
1776 1164 1803 1190 ι»
1837 1143 1918 1196 Ne
1945 1139 2021 1196 di-

437 1241 585 1300 cant,
616 1231 868 1289 Christus
894 1231 1159 1288 excitatus
1211 1239 1311 1299 est,
1353 1230 1452 1287 sed
1497 1246 1610 1286 non
1657 1229 1782 1286 ideo
1812 1230 2032 1285 univer-

435 1324 567 1381 salis
611 1320 718 1379 erit
745 1321 1077 1378 resurrectio
1127 1339 1141 1376 :
1190 1320 1486 1378 conﬁrmat
1537 1320 1667 1390 hoc,
1725 1319 2026 1392 inquiens:

439 1436 465 1463 ι
517 1413 715 1483 Neque
743 1410 996 1468 Christus
1023 1411 1292 1468 excitatus
1326 1417 1429 1478 est,
1479 1409 1525 1466 si
1553 1418 1900 1466 mortuorum
1942 1424 2026 1465 re-

437 1501 704 1558 surrectio
731 1516 844 1557 non
878 1508 978 1558 est.
1013 1523 1041 1550 ι
1093 1501 1408 1571 Utrumque
1437 1499 1582 1555 enim
1612 1499 1902 1572 utriusque
1946 1506 2029 1554 est

435 1590 805 1648 conﬁrmatio.
852 1591 1020 1664 Cujus
1074 1589 1221 1646 enim
1250 1590 1422 1662 gratia
1471 1590 1881 1656 resurrexisset,
1924 1589 2026 1645 nisi

433 1681 688 1738 futurum
716 1687 854 1750 erat,
876 1689 941 1736 ut
959 1688 1106 1737 esset
1136 1679 1399 1752 primitiae
1427 1680 1634 1736 nostri?

505 1774 679 1828 Vsns.
717 1776 802 1828 14.
851 1793 877 1820 σι
935 1771 986 1827 Si
1031 1778 1215 1825 autem
1263 1769 1514 1825 Christus
1542 1785 1658 1824 non
1706 1769 2024 1838 resurrexit,

435 1860 616 1918 inanis
653 1867 736 1916 est
764 1859 1082 1931 praedicatio
1101 1866 1312 1928 nostra,
1344 1859 1529 1914 inanis
1565 1867 1649 1915 est
1671 1859 1840 1916 etiam
1887 1857 2030 1915 ﬁdes

2143 714 2328 750 στασιν
2386 691 2807 764 κατασκευάζει,
2851 692 2924 758 ὣς
2966 687 3230 764 ἑπομένου
3392 689 3601 770 κεφαλῇ
3651 689 3744 748 καὶ

2141 787 2232 841 τοῦ
2281 782 2470 840 λοιποῦ
2515 779 2785 857 σώματος.
2833 779 2916 839 Οὗ
2963 777 3105 837 κατὰ
3149 776 3363 838 πάντων
3410 777 3467 838 δὲ
3514 777 3743 839 ποιεῖται

2139 871 2237 942 τὴν
2286 868 2650 949 κατηγορίαν,
2686 866 2775 927 ἵνα
2829 867 2905 946 μὴ
2953 866 3461 948 ἀναισχυντοτέρους
3501 867 3702 949 ποιήσῃ
3727 893 3741 907 ο

2143 957 2312 1034 ἀλλὰ,
2349 986 2375 1011 α
2410 958 2564 1026 Τινὲς
2587 1003 2602 1030 ,
2637 982 2666 1014 υ
2700 956 2865 1039 φησὶ,
2901 985 2927 1010 κ
2961 957 3196 1036 λέγουσι.
3221 980 3254 1014 ι

2231 1071 2259 1106 (ι
2299 1049 2368 1110 Εἰ
2398 1044 2454 1108 δὲ
2486 1047 2775 1114 ἀνάστασις
2803 1050 3005 1129 νεκρῶν
3031 1051 3129 1108 οὔκ
3157 1045 3299 1106 ἔστιν
3317 1093 3333 1120 ,
3360 1046 3480 1107 οὐδὲ
3509 1047 3740 1124 Χριστὸς

2141 1139 2442 1219 ἐγήγερται.
2484 1163 2510 1191 ι
2544 1135 2666 1200 Ἵνα
2706 1136 2782 1215 μὴ
2826 1136 3090 1217 λέγωσιν,
3122 1135 3202 1195 ὅτι
3246 1135 3318 1198 ’0
3364 1135 3462 1214 μὲν
3508 1137 3739 1216 Χριστὸς

2139 1227 2455 1308 ἐγήγερται,
2498 1227 2557 1287 οὗ
2615 1224 2721 1304 μὴν
2769 1227 2921 1287 ἔσται
2966 1224 3225 1298 καθολικὴ
3273 1224 3600 1292 ἀνάστασιςο
3633 1250 3738 1284 κα-

2138 1318 2450 1386 τασκευάζει
2496 1321 2688 1389 τοῦτο,
2728 1314 2822 1376 καί
2873 1339 3032 1396 φησιν
3059 1339 3072 1354 ·
3117 1338 3149 1374 α
3190 1318 3260 1377 Εἰ
3301 1314 3590 1382 ἀνάστασις
3641 1316 3738 1374 οὖκ

2139 1405 2312 1482 ἔστιν,
2352 1405 2472 1465 οὐδὲ
2505 1405 2734 1486 Χριστὸς
2766 1405 3050 1486 ἐγήγερται
3073 1428 3087 1443 ο
3116 1429 3148 1462 ι
3194 1405 3443 1484 ἑκάτερον
3477 1404 3581 1484 γὰρ
3610 1407 3738 1464 ἑκα-

2135 1496 2288 1574 τέρου
2337 1494 2850 1559 κατασκευαστικόν.
2909 1494 3070 1563 Τίνος
3125 1493 3230 1575 γὰρ
3277 1492 3452 1553 ἕνεκεν
3504 1494 3732 1568 ἀνέστη,

2135 1588 2180 1645 εἷ
2215 1585 2291 1664 μὴ
2333 1585 2549 1663 ἔμελλεν
2581 1587 2735 1663 ἡμῶν
2765 1583 2990 1668 ἀπαρχὴ
3030 1575 3212 1666 aut;

2222 1788 2255 1822 ιι
2298 1767 2366 1828 Εἰ
2417 1765 2473 1827 δὲ
2529 1765 2760 1847 Χριστὸς
2806 1767 2904 1826 οὐκ
2953 1765 3265 1847 ἐγήγερται,
3318 1765 3470 1826 κενὸν
3521 1766 3627 1846 ἄρα
3675 1767 3739 1827 τὸ

2140 1854 2394 1936 κήρυγμα
2439 1859 2632 1934 ἡμῶν,
2674 1855 2798 1928 κενὴ
2852 1855 3025 1936 ἄρα⁵³
3074 1862 3108 1930 ἡ
3156 1854 3334 1924 πίστις
3384 1858 3556 1932 ὑμῶν.
3599 1882 3625 1909 υ
3670 1859 3738 1918 Ei

429 1957 629 2006 vestra.
667 1968 696 2003 ι)
743 1949 800 2006 Si
840 1949 987 2005 enim
1031 1957 1282 2005 mortuus
1330 1963 1446 2004 non
1499 1948 1676 2019 potuit
1719 1963 2016 2019 resurgere,

2135 1945 2238 2041 γᾲρ
2271 1943 2552 2041 ἀποθανὼν
2583 1949 2678 2041 ούκ
2707 1946 2922 2041 ἴσχυσεν
2961 1947 3287 2041 ἀναστῆγαι,
3320 1943 3442 2007 οὔτε
3559 1947 3738 2028 ἆμαρ-

429 2055 609 2112 neque
636 2047 924 2112 peccatum
949 2038 1231 2095 sublatum
1266 2045 1370 2104 est,
1410 2052 1589 2109 neque
1617 2053 1768 2094 mors
1809 2038 2024 2094 sublata

427 2139 512 2187 est
545 2151 558 2186 :
589 2145 654 2186 ac
698 2128 959 2201 deinceps
1000 2144 1143 2185 vana
1187 2125 1610 2200 praedicavimus
1662 2143 1788 2197 nos,
1819 2143 2023 2202 vosque

427 2233 565 2275 vana
596 2217 927 2275 credidistis.

497 2311 683 2365 Vnns.
722 2312 804 2363 15.
837 2330 862 2356 α
888 2307 1209 2363 lnvenimur
1235 2313 1423 2363 autem
1447 2314 1503 2362 et
1542 2305 1668 2363 falsi
1694 2314 1863 2364 testes
1892 2306 2022 2376 Dei,

427 2397 691 2471 quoniam
710 2395 779 2453 de
805 2411 871 2452 eo
896 2395 1165 2452 testiﬁcati
1195 2411 1408 2468 sumus,
1428 2396 1575 2469 quod
1591 2397 1838 2452 excitarit
1869 2395 2022 2453 Chri-

423 2496 596 2558 stum,
639 2501 804 2558 quem
832 2502 948 2543 non
980 2487 1259 2554 excitavit,
1307 2486 1350 2541 si
1378 2487 1603 2558 quidem
1659 2487 1861 2542 mortui
1909 2502 2021 2541 non

421 2586 734 2651 resurgunt.
785 2601 812 2626 ι
869 2576 1053 2650 lmpii,
1110 2577 1313 2649 inquit,
1361 2577 1697 2648 invenimur,
1751 2577 2017 2649 quoniam

423 2667 745 2725 calumniati
782 2682 980 2723 sumus
1033 2669 1242 2736 Deum,
1289 2667 1438 2738 quod
1467 2667 1808 2736 excitaverit,
1853 2683 2018 2738 quem

421 2773 534 2814 non
555 2756 828 2812 excitarit.
861 2758 983 2812 Hoc
1012 2764 1200 2813 autem
1231 2757 1528 2828 contingit,
1557 2757 1602 2812 si
1647 2756 1856 2812 mortui
1903 2772 2018 2810 non

421 2853 740 2918 resurgunt.
773 2845 1047 2918 Quocirca
1074 2862 1204 2902 cum
1234 2845 1536 2903 absurdum
1560 2845 1687 2902 inde
1712 2845 2017 2916 colligatur,

420 2949 599 3007 neque
624 2934 760 2991 illud
777 2943 860 2990 est
887 2934 1250 3004 credendum,
1280 2943 1535 2992 mortuos
1562 2950 1771 3006 nempe
1796 2950 1909 2990 non
1933 2950 2017 2990 re-

420 3039 663 3082 sumere.

490 3041 515 3081 r
551 3040 663 3082 ere.

490 3040 676 3172 suis.
709 3118 800 3182 16,
837 3119 926 3172 17.
962 3136 990 3164 α
1021 3115 1164 3170 Nam
1195 3113 1243 3169 si
1271 3113 1482 3170 mortui
1536 3129 1652 3169 non
1693 3122 2014 3186 resurgunt,

2133 2035 2222 2093 τία
2261 2034 2557 2116 ἀνῄρηται,
2585 2035 2703 2096 οὔτε
2731 2040 2760 2095 6
2790 2034 3012 2103 θάνατος
3050 2035 3384 2116 καθήρηταιο
3413 2035 3507 2096 καὶ
3533 2037 3737 2114 λοιπὸν,

2131 2124 2260 2184 κενὰ
2303 2125 2630 2206 ἐκηρύξαμεν
2675 2125 2861 2204 ἡμεῖς,
2903 2124 2995 2185 καὶ
3043 2127 3193 2204 ὑμεῖς
3230 2126 3286 2186 δὲ
3333 2124 3462 2186 κενὰ
3493 2127 3738 2188 ἐπιστεύ-

2132 2237 2285 2278 σατε.

2221 2327 2250 2362 (ι
2294 2305 2668 2386 Εὓρισκόμεθα
2710 2306 2766 2364 δὲ
2807 2305 2900 2366 καὶ
2936 2305 3367 2388 ψευδομάρτυρες
3413 2310 3508 2366 τοῦ
3553 2309 3731 2382 Θεοῦ,

2128 2396 2209 2456 ὅτι
2239 2395 2688 2475 ἐμαρτυρήσαμεν
2729 2397 2852 2455 κατ’
2885 2397 3048 2456 αὐτοῦ
3062 2441 3081 2468 ,
3127 2395 3210 2454 δτι
3250 2395 3431 2476 ἤγειρε
3467 2395 3558 2456 τὸν
3588 2398 3733 2478 Χρισ-

2128 2484 2248 2544 στόν
2274 2508 2287 2522 ·
2339 2483 2396 2543 δν
2437 2487 2532 2546 οὐκ
2578 2485 2826 2566 ἤγειρεν,
2882 2486 3030 2564 εἴπερ
3080 2485 3184 2564 ἄρα
3223 2485 3401 2566 νεκροὶ
3449 2489 3545 2546 οὐκ
3595 2487 3732 2565 ἐγεί-

2129 2597 2326 2653 ρονται.
2379 2598 2408 2632 ι
2439 2574 2702 2651 Ἄνόσιοι,
2754 2575 2946 2656 φησὶν,
2985 2575 3372 2655 εὑρισκόμεθα,
3411 2574 3492 2634 ὅτι
3540 2577 3734 2636 ἐσυκο-

2127 2662 2473 2742 φαντήσαμεν
2493 2663 2580 2723 τὸν
2609 2663 2747 2724 Θεὸν
2771 2713 2785 2736 ,
2813 2663 2894 2724 ὅτι
2916 2664 3121 2746 ἤγειρε.
3147 2664 3325 2726 Τοῦτο
3345 2664 3400 2724 δὲ
3422 2663 3732 2741 συμϐαίνει,

2127 2751 2274 2833 εἴπερ
2330 2753 2504 2833 νεκροὶ
2561 2756 2656 2813 οὐκ
2702 2753 3012 2835 ἐγείρονται.
3052 2750 3224 2815 Ὥστε
3273 2756 3390 2815 επεὶ
3426 2755 3623 2814 ἄτοπον
3671 2756 3733 2814 τὸ

2127 2843 2419 2918 συμϐαῖνον
2443 2887 2459 2916 ,
2494 2844 2613 2902 οὐδὲ
2649 2847 2824 2903 ἐκεῖνο
2852 2843 3195 2920 πιστευτέον,
3242 2843 3364 2903 τὸ⁵⁴
3413 2843 3625 2926 νεκροὺς
3655 2843 3732 2923 μὴ

2126 2931 2420 3016 ἐγείρεσθαι
2450 2933 2678 3006 δηλαδή.

2207 3139 2229 3164 ι
2276 3113 2347 3172 Εἰ
2395 3137 2497 3192 γαρ
2548 3112 2726 3195 νεκροὶ
2768 3114 2866 3173 οὔκ
2909 3113 3234 3194 ἐγείρονται,
3265 3113 3384 3176 οὐδὲ
3438 3117 3469 3174 6
3497 3116 3731 3198 Χριστὸς

418 3221 597 3277 neque
650 3203 904 3263 Christus
951 3204 1266 3261 resurrexit.
1312 3203 1477 3274 Quod
1527 3204 1571 3260 si
1611 3202 1859 3260 Christus
1907 3220 2016 3259 non

2125 3201 2427 3281 ἐγήγερται.
2467 3203 2533 3263 Εἰ
2581 3202 2636 3261 δὲ
2683 3206 2711 3261 6
2753 3203 2984 3283 Χριστὸς
3029 3207 3125 3264 οὐκ
3171 3205 3490 3285 ἰγήγερται,
3523 3205 3728 3282 ματαία

419 3295 742 3363 resurrexit,
787 3309 929 3351 vana
975 3301 1061 3350 est
1107 3293 1242 3350 ﬁdes
1272 3301 1471 3349 vestra.
1508 3316 1532 3341 ν
1565 3295 1786 3349 Rursus
1817 3293 2011 3350 eodem

2125 3297 2155 3364 ἡ
2218 3290 2396 3358 πίστις
2454 3293 2628 3368 ὑμῶν.
2689 3315 2718 3351 ι
2781 3294 2959 3354 Πάλιν
3009 3297 3087 3373 τῷ
3135 3295 3282 3374 αὐτῷ
3341 3295 3728 3375 ἐπαγωνίζεται

417 3391 596 3440 certat
620 3391 970 3455 argumento.
1010 3386 1151 3439 Eam
1175 3384 1323 3439 enim
1362 3382 1439 3440 ob
1470 3398 1694 3438 causam
1719 3383 2015 3438 resurrexit

2125 3379 2284 3461 λόγῳ.
2314 3379 2418 3441 Διὰ
2457 3379 2562 3462 γὰρ
2593 3386 2750 3441 τοῦτο
2778 3384 2974 3456 ἀνέστη
2992 3429 3005 3451 ,
3046 3381 3134 3442 ἵνα
3163 3385 3449 3458 καθολικὴν
3482 3385 3727 3445 ἀνάστα-

417 3473 693 3541 Christus,
743 3482 805 3530 ut
850 3473 1214 3529 universalem
1264 3473 1725 3529 resurrectionem
1782 3471 2004 3530 faceret.

2125 3493 2205 3530 σιν
2237 3471 2463 3548 ποιήσῃ.
2493 3471 2563 3531 Εἰ
2605 3470 2661 3530 δὲ
2692 3471 2982 3540 ἀνάστασις
3009 3474 3106 3532 οὐκ
3143 3471 3306 3548 ἔστιν,
3335 3473 3439 3551 ἄρα
3466 3473 3586 3536 οὔτε
3630 3477 3727 3533 αὖ-

417 3564 515 3622 Sin
550 3563 874 3621 resurrectio
903 3579 1019 3620 non
1047 3571 1150 3631 est,
1188 3563 1355 3636 igitur
1401 3579 1472 3619 ne
1500 3562 1618 3634 ipse
1665 3562 1891 3635 quidem
1928 3579 2011 3619 re-

2125 3560 2207 3627 τὸς
2263 3561 2480 3632 ἀνέστη.
2520 3560 2725 3621 Τούτου
2778 3561 2854 3638 δὲ,
2886 3561 3148 3636 δοθέντος,
3202 3565 3408 3641 ματαία
3459 3569 3494 3636 ἡ
3547 3563 3728 3632 πίστις

413 3653 672 3711 surrexit.
714 3655 838 3711 Hoc
871 3661 1064 3712 autem
1101 3653 1254 3722 dato,
1289 3669 1426 3708 vana
1476 3660 1560 3710 est
1595 3650 1734 3709 ﬁdes
1792 3660 1966 3710 vestra
1994 3673 2006 3708 :

412 3743 560 3816 quod
587 3743 886 3801 absurdum
913 3751 1017 3800 est.

485 3855 513 3884 α
542 3833 745 3892 Adhuc
777 3834 926 3891 enim
969 3833 1101 3891 estis
1126 3833 1183 3890 in
1213 3834 1454 3905 peccatis
1484 3833 1701 3890 vestris.
1726 3851 1756 3886 »
1779 3833 1833 3888 Si
1859 3833 2006 3890 enim

408 3939 524 3980 non
550 3923 878 3992 resurrexit,
906 3939 1088 3996 neque
1134 3931 1392 3980 mortuus
1417 3930 1504 3979 est
1533 3945 1550 3978 :
1577 3923 1625 3979 si
1675 3939 1802 3979 vero
1856 3939 2006 3979 mor-

407 4024 538 4071 tuus
565 4030 679 4070 non
720 4022 824 4083 est,
868 4029 1050 4086 neque
1107 4021 1396 4084 peccatum
1435 4013 1615 4069 solvit.
1651 4015 1807 4069 Mors
1857 4013 2005 4070 enim

408 4103 582 4177 ipsius
623 4103 836 4176 peccati
877 4111 962 4160 est
1005 4103 1221 4159 dilutio.
1267 4126 1293 4152 ιι
1329 4105 1474 4159 Ecce
1517 4103 1689 4171 enim,
1732 4125 1758 4152 ν
1803 4103 2002 4176 inquit,

413 4209 444 4244 α
483 4207 656 4264 agnus
681 4191 808 4261 Dei,
839 4191 931 4264 qui
955 4191 1096 4248 tollit
1118 4199 1408 4263 peccatum
1450 4193 1688 4250 mundi°.
1728 4215 1754 4242 υ
1781 4195 2003 4265 Agnum

407 4289 598 4338 autem
609 4280 834 4336 omnino
854 4289 1079 4353 propter
1093 4283 1488 4338 mactationem
1509 4282 1814 4355 appellavit.
1840 4282 2006 4352 Quod

407 4371 452 4426 si
491 4377 782 4442 peccatum
811 4386 928 4427 non
957 4371 1235 4427 sublatum
1261 4380 1364 4439 est,
1394 4373 1454 4427 in
1497 4388 1562 4429 eo
1592 4372 1724 4430 estis
1754 4387 1998 4444 prorsus.

411 4460 594 4530 Quare
623 4459 804 4533 itaque
833 4460 1138 4518 credidistis
1155 4461 1303 4533 quod
1328 4461 1397 4517 ab
1437 4477 1503 4518 eo
1533 4461 1745 4519 liberati
1773 4461 1931 4517 sitis?

477 4550 658 4607 Vnns.
698 4556 786 4607 18.
823 4572 849 4599 ι
884 4553 1030 4623 Ergo
1053 4559 1108 4607 et
1144 4551 1239 4624 qui
1281 4550 1635 4608 dormierunt
1666 4550 1724 4606 in
1751 4551 1995 4616 Christo,

2121 3651 2268 3726 ὑμῶν
2287 3673 2301 3688 θ
2329 3649 2462 3729 ὅπερ
2493 3649 2712 3714 ἄτοπον.

2204 3852 2236 3887 α
2279 3828 2408 3891 Ἔτι
2439 3829 2557 3892 ἐστὶ
2603 3832 2658 3890 ἐν
2691 3835 2810 3899 ταῖς
2860 3831 3148 3912 ἁμαρτίαις
3199 3835 3371 3911 ὑμῶν.
3412 3856 3442 3894 υ
3500 3835 3570 3896 Εἰ
3619 3835 3722 3917 γὰρ

2117 3921 2214 3979 οὐκ
2254 3919 2456 4000 ἠγέρθη
2481 3921 2568 3994 ⁵⁵,
2619 3920 2737 3981 οὐδὲ
2773 3923 3036 3982 ἀπέθανεν
3061 3943 3076 3960 ο
3106 3924 3153 3984 εἰ
3198 3922 3252 3982 δὲ
3304 3923 3398 3982 οὒκ
3428 3924 3722 3999 ἀπέθανεν,

2117 4009 2236 4067 οὐδὲ
2289 4010 2388 4082 τὴν
2441 4009 2712 4088 ἁμαρτίαν
2763 4010 2977 4072 ἔλυσενο
3025 4016 3055 4072 6
3103 4011 3208 4092 γὰρ
3259 4011 3482 4083 θάνατος
3533 4016 3724 4088 αὐτοῦ,

2116 4101 2210 4170 tn";
2237 4097 2504 4176 ἁμαρτίας
2547 4097 2714 4167 λύσις.
2753 4123 2785 4156 α
2814 4097 2929 4160 Ἴδε
2967 4122 2997 4159 )›
3037 4099 3160 4182 γὰρ,
3199 4103 3390 4182 φησὶν,
3439 4125 3470 4162 α
3501 4106 3530 4162 6
3559 4105 3725 4182 ἀμνὸς

2114 4191 2206 4247 τοῦ
2226 4189 2391 4260 Θεοῦ,
2413 4191 2442 4248 6
2463 4186 2626 4267 αἴρων
2649 4188 2744 4260 τὴν
2780 4189 3054 4270 ἁμαρτίαν
3083 4195 3175 4250 τοῦ
3209 4192 3436 4270 κόσμου.
3471 4216 3503 4250 ι
3534 4192 3722 4271 Ἀμνὸν

2117 4275 2173 4334 δὲ
2221 4275 2434 4344 πάντως
2480 4276 2568 4336 διὰ
2623 4275 2718 4350 τὴν
2778 4279 2988 4362 σφαγὴν
3043 4279 3320 4343 ἐκάλεσεν.
3386 4282 3454 4343 Εἰ
3514 4281 3570 4342 δὲ
3625 4285 3722 4342 οὐκ

2115 4363 2273 4437 ἐλύθη
2317 4371 2351 4438 ἡ
2400 4366 2672 4446 ἁμαρτία,
2719 4369 2772 4427 ἐν
2823 4369 2959 4450 αὐτῇ
3009 4371 3128 4428 ἔστε
3173 4370 3388 4439 πάντως
3416 4394 3430 4409 ο
3475 4373 3567 4432 καὶ
3607 4375 3724 4440 πῶς

2115 4457 2464 4517 ἐπιστεύσατε
2484 4502 2500 4533 ,
2526 4455 2607 4516 ὅτι
2635 4458 3033 4539 ἠλευθερώθητε
3058 4459 3292 4539 ταύτης

2194 4573 2218 4599 α
2262 4544 2394 4626 Ἄρα
2464 4546 2558 4606 καὶ
2642 4549 2691 4606 οἱ
2767 4549 3108 4624 κοιμηθέντες
3184 4553 3238 4610 ἐν
3308 4552 3530 4632 Χριστῷ
3607 4553 3718 4610 ἀπ-

405 4641 714 4712 perierunt.
750 4663 776 4690 ιο
806 4640 868 4698 ld
899 4649 1004 4709 est,
1057 4641 1150 4713 qui
1199 4649 1426 4714 propter
1470 4641 1756 4698 Christum
1797 4643 1999 4698 mortui

2125 4633 2331 4698 ὄλοντο.
2365 4661 2391 4688 ι
2421 4637 2735 4715 Τουτέστιν,
2769 4641 2818 4696 οῖ
2844 4637 2933 4698 διὰ
2966 4639 3054 4700 τὸν
3084 4641 3319 4720 Χριστὸν
3365 4631 3714 4710 ἀποθανόντες

403 4737 557 4798 sunt,
577 4745 643 4786 ac
660 4731 1045 4786 testimonium
1061 4730 1480 4803 perhibuerunt,
1505 4730 1802 4802 perierunt,
1831 4731 1876 4786 si
1890 4747 2000 4787 non

403 4827 488 4876 est
519 4820 872 4875 resurrectio.
941 4821 1137 4877 Cuncti
1183 4828 1445 4892 praeterea
1494 4819 1817 4891 simpliciter
1850 4820 2002 4877 Chri-

401 4907 582 4974 stiani,
615 4908 709 4980 qui
745 4909 800 4964 in
828 4909 938 4966 ﬁde
991 4925 1118 4982 erga
1151 4909 1454 4977 Christum,
1511 4917 1566 4964 et
1606 4910 1714 4966 vita
1765 4919 2000 4982 angusta

399 5005 456 5053 et
475 4996 682 5054 afﬂicta
703 4997 1074 5068 dormierunt,
1121 4999 1470 5066 interierunt,
1505 4999 1800 5056 mundanis
1842 5000 1997 5058 volu-

399 5087 640 5160 ptatibus
657 5087 844 5144 orbati
875 5107 892 5145 :
917 5103 1096 5162 neque
1115 5089 1351 5161 posthac
1374 5088 1556 5160 aliquo
1577 5087 1726 5145 bono
1747 5089 1993 5162 fruituri,

397 5176 444 5233 si
467 5177 799 5235 resurrectio
826 5195 942 5235 non
975 5179 1100 5235 erit.

469 5269 651 5326 Vsus.
687 5273 776 5324 19.
829 5287 858 5321 α
892 5267 945 5324 Si
989 5268 1048 5324 in
1091 5267 1196 5323 bac
1240 5267 1353 5323 vita
1408 5267 1466 5323 in
1503 5266 1720 5325 Christo
1777 5277 1994 5326 tantum

2109 4723 2202 4784 καὶ
2256 4725 2690 4807 μαρτυρήσαντες
2751 4727 3060 4803 ἀπώλοντο,
3120 4731 3168 4790 εἰ
3234 4730 3312 4806 μὴ
3368 4729 3512 4790 ἔστιν
3579 4729 3718 4790 ἀνά-

2111 4837 2292 4883 στασις
2315 4839 2328 4853 ο
2373 4816 2467 4874 καὶ
2507 4817 2700 4884 πάντες
2743 4816 2799 4875 δὲ
2838 4817 3045 4896 ἅπλῶς,
3081 4821 3128 4878 οἱ
3160 4820 3214 4878 ἐν
3229 4819 3283 4858 ³⁸
3313 4823 3380 4901 τῇ
3410 4820 3550 4878 κατὰ
3582 4821 3719 4901 Χρι-

2110 4902 2234 4963 στὸν
2281 4903 2481 4978 πίστει,
2529 4906 2622 4963 καὶ
2659 4907 2898 4988 διαγωγῇ
3050 4911 3208 4988 στενῇ
3259 4909 3351 4970 καὶ
3380 4911 3710 4990 τεθλιμμένη

2109 4993 2448 5070 κοιμηθέντες
2522 4993 2802 5056 ἀπώλοντο
2819 5043 2836 5075 ,
2885 5000 2991 5056 τῶν
3045 5001 3286 5079 τερπνῶν
3353 5002 3444 5059 τοῦ
3503 4997 3708 5078 κόσμου

2107 5083 2480 5162 στερηθέντες,
2527 5083 2618 5143 καὶ
2667 5084 2804 5162 μηδὲ
2846 5085 2984 5165 μετὰ
3029 5091 3199 5146 ταῦτα
3248 5086 3531 5164 μέλλοντίς
3571 5111 3711 5156 τινος

2108 5174 2308 5252 ἀγαθοῦ
2339 5175 2663 5250 ἀπολαῦσαι,
2692 5173 2842 5256 εἴπερ
2871 5175 3160 5244 ἀνάστασις
3189 5178 3284 5236 οὔκ
3307 5179 3482 5240 ἔσται.

2197 5283 2226 5320 (ι
2270 5264 2336 5323 Εἰ
2376 5265 2429 5321 ἐν
2555 5266 2664 5342 ζωῇ
2691 5262 2860 5346 ταύτῃ
2891 5267 2944 5325 ἐν
2975 5267 3197 5347 Χριστῷ
3227 5265 3386 5344 μόνον
3421 5266 3708 5341 ἠλπικότες

396 5365 681 5428 sperantes
729 5372 949 5424 sumus,
1020 5356 1448 5413 miserabiliores
1497 5372 1692 5415 sumus
1731 5358 1994 5417 omnibus

2125 5351 2264 5430 ῗσμὲν
2287 5397 2305 5429 ,
2352 5352 2723 5438 ἐλεεινότεροιᾲᾴ
2736 5355 2952 5416 πάντων
3003 5355 3294 5438 ἀνθρώπων
3341 5357 3521 5433 ἐσμέν.
3567 5385 3592 5411 ι
3641 5361 3710 5420 Εἰ

396 5444 791 5503 hominibus.»
837 5445 893 5503 Si
923 5444 994 5502 ad
1034 5445 1179 5501 hanc
1209 5460 1383 5517 usque
1413 5446 1582 5503 vitam
1630 5456 1822 5506 nostra
1873 5464 1992 5508 sese

463 5573 490 5611 "
526 5581 688 5638 Joan.
721 5595 766 5650 ι,
800 5587 893 5636 29.

2103 5442 2260 5524 ἄχρι,
2316 5447 2480 5525 φησὶ,
2538 5447 2633 5516 τῆς
2681 5434 2788 5505 ὧδε
2837 5447 2975 5518 ζωῆς
3023 5434 3136 5507 ἐστι
3183 5447 3252 5508 τὰ
3304 5447 3571 5529 ἡμέτερα,
3611 5448 3708 5510 καὶ

1788 5665 1976 5725 Variae
2022 5668 2324 5732 lectiones.

462 5776 506 5811 ⁸³
545 5776 662 5846 κενὴ
691 5777 742 5831 δὲ
763 5778 850 5832 καὶ
868 5794 918 5836 ο.
997 5780 1042 5815 ⁸⁸
1068 5785 1158 5835 τοῦ
1185 5798 1239 5839 ο.
1317 5781 1360 5816 ⁵⁵
1387 5781 1652 5854 ἐγήγερται
1687 5799 1740 5839 ο,
1816 5783 1861 5817 ⁸⁸
1882 5783 2006 5855 αὐτῇ
2034 5799 2090 5840 0.
