4110 6412
346 492 446 543 761

1202 480 1559 539 EXPOSITIO
1599 481 1667 537 IN
1705 478 1914 536 EPIST.
1957 480 1976 535 1
2014 481 2107 536 AD
2146 482 2304 540 COR.
2345 516 2414 529 -—
2453 487 2604 543 CAP.
2645 490 2753 544 XV.

3542 500 3647 556 762

339 616 418 681 εἰς
443 612 642 686 ταύτην
675 611 841 691 μόνην
869 609 1257 693 περιιστάμεθα
1284 610 1334 669 οἱ
1362 610 1416 669 ἐν
1452 609 1676 690 Χριστῷ
1690 608 1745 647 ⁵⁷
1772 608 1930 679 ἠλπι-

2047 616 2265 668 tantum
2293 611 2615 682 extendunt,
2638 621 2807 689 atque
2824 615 2881 673 in
2902 615 3041 673 hanc
3059 617 3239 676 solam
3266 619 3649 681 incumbimus

337 702 510 779 κότες,
537 704 833 782 τουτέστιν,
862 704 910 761 οἳ
946 700 1040 768 τὰς
1068 699 1288 768 ἐλπίδας
1317 704 1390 769 εἰς
1421 699 1655 779 Χριστὸν
1698 698 1931 778 ἔχοντες,

336 795 433 853 καὶ
488 794 583 853 οὔκ
624 792 766 852 ἔστιν
819 792 929 852 ἐκεῖ
974 791 1111 865 ἄλλη
1164 788 1272 863 ζωή
1291 813 1305 827 ο
1365 788 1675 871 ἀθλιώτεροι
1721 789 1933 848 πάντων

334 882 531 959 ἐσμὲν,
586 886 658 949 ὣς
729 881 938 961 μήποτε
993 882 1099 940 τῶν
1161 877 1438 962 παρόντων
1498 877 1893 943 ἀπολαύσαντες
1914 923 1929 949 ,

331 974 467 1032 καθὸ
524 972 617 1032 καὶ
670 970 921 1052 ἀνωτέρω
980 969 1217 1052 εἴρηται,
1258 969 1351 1030 καὶ
1409 968 1479 1028 τὰ
1526 969 1787 1047 μέλλοντα
1833 969 1934 1049 οὐχ

329 1062 563 1135 ἕξοντες,
614 1062 747 1123 διότι
787 1060 905 1122 οὐδὲ
937 1062 1365 1139 ἀναστησόμεθα,
1396 1062 1468 1128 ὡς
1514 1056 1726 1135 λέγουσί
1774 1080 1926 1125 τινες.

330 1152 481 1212 Ἀλλ’
511 1152 637 1221 ἴσως
676 1151 815 1213 εἴποι
855 1174 971 1227 τις,
1002 1150 1083 1210 ὅτι
1123 1154 1159 1223 ἡ
1191 1149 1337 1233 ψυχὴ
1373 1149 1511 1229 μόνη
1550 1148 1929 1208 ἀπολαύσεται.

332 1242 447 1303 Καὶ
485 1242 537 1303 τί
576 1249 759 1315 τοῦτο;
804 1242 888 1303 Οὐ
927 1240 1032 1321 γὰρ
1076 1238 1213 1319 μόνη
1264 1240 1399 1313 αὕτη
1447 1239 1761 1314 ἐκοπίασεν,
1794 1237 1932 1296 ἀλλὰ

329 1332 428 1391 καὶ
462 1333 523 1393 τὸ
553 1334 733 1407 σῶμα.
776 1334 895 1392 Ποῦ
936 1321 1024 1392 οὖν
1073 1331 1135 1391 τὸ
1168 1329 1404 1403 δίκαιον,
1447 1333 1540 1388 τοῦ
1587 1328 1676 1388 τὸν
1710 1325 1931 1387 πλείονα

322 1422 573 1498 κάματον
604 1419 924 1489 ὑποστάντος
952 1418 1199 1499 σώματος
1223 1422 1297 1487 εἷς
1325 1420 1387 1479 τὸ
1416 1418 1493 1497 μὴ
1522 1417 1578 1478 ὂν
1609 1422 1927 1499 χωροῦντος,

320 1511 418 1569 καὶ
474 1511 698 1590 μηδενὸς
748 1513 950 1590 ἀγαθοῦ
997 1508 1416 1585 ἀπολαύσαντος,
1463 1508 1563 1583 τὴν
1606 1504 1785 1589 ψυχὴν
1832 1507 1929 1583 μό-

317 1626 423 1675 νην
451 1605 855 1685 στεφανωθῆναι
874 1625 893 1675 ;

404 1812 432 1839 ι
480 1786 616 1846 Νυνὶ
647 1781 702 1843 δὲ
748 1781 981 1863 Χριστὸς
1028 1780 1312 1862 ἐγήγερται
1355 1783 1415 1842 ἐκ
1445 1782 1668 1864 νεκρῶν,
1702 1781 1924 1863 ἀπαρχὴ

313 1878 429 1935 τῶν
460 1871 893 1953 ἷκεκοιμημένων
950 1871 1175 1949 ἐγένετο.
1258 1899 1285 1925 ιι
1333 1870 1521 1942 Δείξας
1588 1870 1688 1931 ὅσα
1747 1872 1923 1932 ἄτοπα

310 1967 380 2026 ἐκ
424 1969 520 2025 τοῦ
566 1963 643 2043 μὴ
703 1962 1047 2023 πιστεύεσθαι
1106 1961 1205 2034 τὴν
1256 1961 1548 2022 ἀνάστασιν
1591 1962 1920 2039 τίκτεται58,

312 2053 696 2133 ἀναλαμϐάνει
738 2052 832 2113 τὸν
885 2053 1068 2132 λόγον,
1113 2051 1206 2112 καί
1244 2075 1374 2133 φησι
1418 2051 1653 2113 τοιοῦτόν
1704 2077 1788 2123 τι,
1844 2052 1925 2111 ὅτι

307 2148 516 2207 Ταῦτα
562 2145 658 2223 μὲν
706 2142 1033 2220 συμϐαίνει,
1076 2140 1226 2223 εἴπερ
1246 2142 1299 2182 ⁵9
1327 2143 1424 2201 οὐκ
1454 2141 1564 2203 ἔστι
1606 2142 1754 2213 κοινὴ
1786 2142 1923 2200 ἀνά-

306 2259 536 2310 στασις,
569 2238 642 2302 ὣς
666 2232 800 2312 μηδὲ
830 2237 923 2293 τοῦ
957 2235 1191 2314 Χριστοῦ
1218 2231 1533 2314 ἐγερθέντος.
1578 2255 1605 2289 (ι
1641 2232 1773 2295 Νυνὶ
1807 2232 1860 2292 δὲ
1893 2236 1921 2292 ὁ

304 2325 544 2407 Χριστὸς
574 2322 858 2405 ἐγήγερται
883 2345 897 2360 ·
936 2350 962 2376 ι
1003 2322 1107 2403 ἄρα
1130 2321 1222 2382 καὶ
1252 2322 1401 2395 κοινή
1429 2321 1715 2390 ἀνάστασις
1741 2321 1914 2395 ἔσται,

300 2415 403 2474 καὶ
431 2414 503 2473 τὰ
547 2413 721 2473 ἄτοπα
758 2420 926 2474 ταῦτα
956 2414 1015 2472 οὗ
1046 2411 1422 2489 σμμϐήσεται.
1460 2414 1708 2492 Συνεχῶς
1738 2410 1793 2471 δὲ
1820 2412 1914 2484 τὸ,

299 2532 328 2557 ι
380 2504 486 2566 Ἐκ
536 2507 765 2583 νεκρῶν,
814 2530 837 2556 ι
870 2509 1242 2584 προστιθησιν,
1296 2501 1654 2583 ἀποῤῥάπτων
1703 2500 1770 2559 τὰ
1810 2505 1915 2560 τῶν

302 2592 633 2675 Μανιχαίων
665 2592 927 2669 στόματα.
968 2590 1299 2672 Εἶξάπαρχὴ
1332 2594 1439 2651 τῶν
1474 2591 1911 2669 κεκοιμημένων,

300 2684 402 2744 καὶ
439 2684 655 2751 τούτους
691 2680 907 2750 πάντως
949 2685 1244 2754 ἀναστῆναι
1276 2682 1377 2743 δεῖ.
1409 2679 1485 2742 ⁶Η
1531 2680 1636 2760 γὰρ
1690 2682 1912 2760 ἀπαρχὴ

300 2774 403 2834 καὶ
432 2773 552 2842 τοὺς
594 2775 1081 2840 ἐπακολουθοῦντας
1126 2772 1240 2852 ἔχει
1263 2795 1277 2809 ·
1304 2760 1412 2831 οἶον
1441 2770 1566 2831 ὅταν
1615 2774 1675 2831 ἐκ
1704 2773 1914 2831 πολλῶν

299 2864 508 2944 ποιήσῃ
570 2854 641 2931 εἶς
696 2866 903 2944 πρῶτος
948 2861 1277 2944 ἀρξάμενος,
1329 2862 1358 2921 ὃ
1414 2860 1669 2940 μέλλουσι
1717 2860 1808 2921 καὶ
1863 2864 1911 2921 οἱ

300 2952 487 3013 λοιποὶ
511 2961 681 3015 ποιεῖν
708 2952 913 3036 ἐφεξῆς.

386 3163 413 3187 ι
458 3134 681 3207 Ἐπειδὴ
736 3132 842 3214 γὰρ
891 3131 958 3191 δι’
1002 3131 1284 3212 ἀνθρώπου
1330 3132 1361 3191 ὃ
1408 3131 1668 3206 θάνατος,
1697 3130 1789 3191 καὶ
1839 3134 1905 3191 δι’

2044 714 2148 755 nos
2183 701 2281 773 qui
2315 700 2375 758 in
2410 702 2693 761 Christum
2726 720 3045 779 speramus,
3072 708 3180 765 hoc
3201 718 3318 779 est,
3356 712 3453 783 qui
3483 728 3637 784 spem

2042 787 2101 844 in
2138 787 2426 847 Christum
2460 791 2755 864 habemus,
2777 811 2883 852 nec
2909 804 2995 853 est
3031 797 3144 854 illic
3170 798 3275 854 alia
3300 799 3429 868 vita,
3477 802 3643 859 mise-

2040 878 2215 936 riores
2250 895 2442 937 sumus
2478 883 2688 941 cunctis
2716 884 3063 954 mortalibus,
3094 889 3296 961 quippe
3324 889 3417 961 qui
3458 906 3635 963 neque

2041 968 2402 1041 praesentibus
2431 970 2693 1039 fruimur,
2727 982 2790 1031 ut
2812 991 2976 1047 supra
3005 975 3213 1033 dictum
3242 986 3360 1047 est,
3390 994 3491 1035 nec
3532 979 3617 1036 fu-

2040 1066 2161 1114 tura
2189 1059 2334 1117 bona
2360 1075 2552 1117 sumus
2583 1064 2753 1136 220
2775 1066 3141 1133 consecuturi,
3167 1076 3458 1140 propterea
3481 1070 3632 1141 quod

2040 1164 2217 1222 neque
2249 1166 2619 1225 resurgemus,
2658 1162 2720 1209 ut
2740 1154 2971 1227 quidam
3003 1157 3213 1214 dicunt.
3257 1157 3365 1215 Sed
3403 1157 3637 1216 fortasse

2038 1238 2240 1296 dixerit
2282 1243 2587 1315 quispiam,
2634 1244 2781 1316 quod
2809 1246 2997 1303 anima
3042 1248 3156 1304 sola
3201 1246 3417 1305 fruetur
3453 1249 3633 1306 bonis.

2040 1333 2115 1386 At
2158 1329 2293 1403 quid
2344 1331 2450 1389 hoc
2487 1333 2623 1391 ﬁet?
2658 1337 2780 1392 Non
2828 1336 2982 1393 enim
3034 1337 3137 1394 ista
3178 1338 3295 1395 sola
3338 1338 3629 1408 laboravit,

2037 1419 2133 1476 sed
2179 1436 2378 1494 corpus
2407 1424 2596 1480 etiam.
2648 1425 2893 1483 Ubinam
2926 1426 3090 1500 igitur
3112 1428 3328 1500 justum
3353 1438 3570 1501 manet,
3598 1431 3644 1486 si

2037 1526 2239 1582 corpus
2267 1512 2414 1584 quod
2439 1514 2742 1585 plurimum
2780 1516 2982 1573 laboris
3008 1518 3289 1587 sustinuit,
3320 1518 3378 1575 in
3400 1518 3637 1577 nihilum

2037 1600 2339 1673 redigatur,
2368 1618 2435 1660 ac
2467 1605 2618 1661 nullo
2647 1605 2794 1663 bono
2830 1606 3162 1679 perfruatur,
3200 1618 3256 1666 et
3283 1610 3402 1666 sola
3444 1609 3631 1668 anima

2036 1701 2352 1749 coronetur.

2106 1785 2285 1843 Vnns.
2318 1791 2407 1843 20.
2454 1808 2480 1835 ι
2517 1790 2678 1845 Nunc
2711 1795 2896 1843 autem
2922 1787 3176 1846 Christus
3200 1804 3233 1845 a
3260 1789 3515 1855 [mortuis
3553 1805 3643 1847 re-

2036 1876 2291 1945 surrexit,
2323 1877 2580 1949 primitiae
2615 1876 3014 1935 dormientium
3045 1877 3225 1936 factus
3263 1886 3367 1936 est.
3404 1902 3429 1930 ιο
3470 1882 3630 1938 Post-

2030 1982 2199 2039 quam
2233 1967 2631 2025 demonstravit
2668 1977 2804 2041 quot
2830 1968 3067 2026 absurda
3100 1978 3398 2026 nascantur
3434 1986 3503 2028 ex
3537 1986 3627 2040 eo,

2033 2056 2181 2128 quod
2218 2057 2341 2129 quis
2380 2074 2491 2114 non
2527 2058 2718 2115 credat
2767 2059 3260 2128 resurrectionem,
3305 2075 3622 2118 sermonem

2032 2148 2253 2218 repetit,
2287 2147 2607 2221 hujusmodi
2642 2148 2907 2221 quiddam
2946 2149 3137 2206 dicens
3166 2171 3178 2206 :
3208 2152 3341 2207 Haec
3382 2166 3623 2224 sequun-

2032 2245 2142 2308 tur,
2174 2237 2219 2294 si
2248 2254 2362 2295 non
2385 2247 2467 2295 est
2503 2239 2816 2297 communis
2858 2240 3215 2306 resurrectio,
3254 2256 3455 2313 nempe
3481 2241 3629 2314 quod

2030 2325 2287 2383 Christus
2311 2344 2425 2384 non
2452 2329 2523 2384 sit
2551 2330 2837 2386 excitatus.
2870 2330 3041 2403 Atqui
3070 2329 3322 2387 Christus
3352 2331 3625 2389 excitatus

2029 2425 2112 2473 est
2142 2418 2512 2474 :resurrectio
2557 2418 2725 2491 igitur
2764 2419 3082 2475 communis
3121 2420 3242 2489 erit,
3292 2428 3457 2493 atque
3507 2421 3628 2478 haec

2027 2506 2265 2563 absurda
2310 2524 2426 2564 non
2469 2509 2739 2565 evenient.
2788 2509 3061 2565 Continuo
3090 2520 3297 2579 autem,
3327 2533 3352 2559 α
3382 2514 3433 2567 Α
3479 2526 3629 2567 mor-

2028 2597 2156 2664 tuis,
2190 2620 2216 2646 »
2243 2597 2487 2670 apponit,
2522 2596 2952 2656 Manichaeorum
2979 2614 3077 2655 ora
3111 2599 3424 2657 obstruens.
3453 2601 3618 2671 Quod

2024 2687 2069 2743 si
2114 2703 2311 2743 eorum
2359 2688 2453 2759 qui
2485 2688 2836 2744 dormierunt
2889 2688 3146 2761 primitiae
3186 2698 3302 2757 est,
3359 2698 3417 2745 et
3470 2691 3622 2762 ipsos

2023 2778 2251 2833 omnino
2279 2792 2566 2849 resurgere
2606 2786 2841 2850 oportet.
2892 2777 3163 2835 Primitiae
3203 2780 3356 2837 enim
3407 2778 3479 2836 ad
3530 2796 3622 2835 se-

2022 2876 2249 2940 quentes
2282 2877 2597 2940 respectum
2647 2868 2879 2937 habent,
2926 2868 3092 2925 veluti
3133 2869 3178 2924 si
3210 2869 3433 2942 quando
3476 2887 3624 2928 unus

2020 2972 2050 3013 e
2078 2958 2267 3014 multis
2304 2958 2514 3029 primus
2552 2957 2774 3030 incipiat
2816 2955 3030 3027 facere,
3055 2958 3204 3031 quod
3231 2959 3325 3016 alii
3366 2959 3626 3032 deinceps

2018 3048 2130 3105 sint
2154 3047 2378 3105 facturi.

2090 3141 2267 3196 Vsns.
2309 3144 2402 3209 21,
2435 3142 2523 3195 22.
2560 3138 2899 3211 «Quoniam
2927 3137 3153 3212 quidem
3194 3153 3292 3211 per
3333 3137 3630 3197 hominem

301 3225 585 3304 ἀνθρώπου
657 3225 948 3291 ἀνάστασις
1004 3225 1227 3303 νεκρῶν.
1282 3219 1501 3303 Ὥσπερ
1557 3220 1660 3301 γὰρ
1720 3224 1773 3281 ἐν
1830 3225 1905 3303 τῷ

2022 3244 2201 3297 mors,
2259 3236 2317 3286 et
2364 3244 2461 3300 per
2521 3227 2808 3285 hominem
2862 3229 3195 3285 resurrectio
3248 3237 3624 3286 mortuorum

297 3314 477 3393 Ἀδὰμ
520 3314 716 3381 πάντες
757 3311 1204 3391 ἀποθνήσκουσιν,
1244 3311 1411 3380 οὕτως
1458 3314 1511 3371 ἐν
1559 3315 1637 3388 τῷ
1685 3315 1905 3392 Χριστῷ

295 3404 497 3472 πάντες
555 3401 1066 3476 ζωοποιηθήσονται.
1122 3422 1153 3461 n
1215 3401 1407 3463 Αἷτίαν
1472 3398 1792 3481 προστίθησι
1842 3400 1907 3460 δι’

292 3486 363 3564 ἧς
388 3499 671 3552 πιστοῦται
710 3491 780 3551 τὰ
812 3493 1092 3572 εἰρημένα.
1147 3489 1301 3552 Ἔδει
1333 3490 1457 3569 γὰρ,
1510 3489 1705 3572 φησὶν,
1738 3488 1903 3562 αὐτὴν

291 3587 514 3655 νικῆσαι
557 3582 653 3654 τὴν
716 3585 1039 3652 ἡττηθεῖσαν
1091 3580 1276 3662 φύσιν,
1324 3580 1417 3639 καὶ
1471 3580 1560 3638 τὸν
1624 3579 1896 3651 καταϐλη-

290 3672 474 3747 θέντα,
524 3671 681 3731 αὐτὸν
736 3674 1035 3743 ἐκνικῆσαι.
1106 3670 1218 3731 Καὶ
1275 3669 1378 3749 γὰρ
1444 3672 1497 3729 ἐν
1559 3670 1635 3748 τῷ
1699 3666 1900 3748 Ἀδὰμ,

289 3761 561 3835 τουτέστι,
614 3762 699 3819 διὰ
753 3761 815 3820 τὸ
869 3766 963 3819 τοῦ
1017 3759 1191 3836 Ἀδὰμ
1233 3768 1516 3838 πταῖσμα,
1570 3759 1765 3826 πάντες
1824 3763 1901 3839 τῷ

288 3851 508 3933 θανάτῳ
558 3850 845 3913 ὑπέπεσον.
906 3849 1099 3917 Οὕτως
1150 3839 1239 3908 οῦν
1315 3851 1368 3906 ἐν
1429 3851 1653 3928 Χριστῷ
1705 3848 1901 3915 πάντες

290 3941 719 4013 ἀναστήσονται.
766 3939 1049 4018 τουτέστι,
1104 3938 1191 3998 διὰ
1219 3938 1281 3998 τὸ
1322 3942 1601 4019 εὑρεθῆναι
1646 3936 1735 3996 τὸν
1769 3940 1900 4018 Χρι-

289 4032 417 4093 στὸν
470 4031 849 4111 ἀναμάρτητον
909 4028 1002 4088 καὶ
1061 4029 1308 4110 ἀνένοχον
1362 4031 1439 4108 τῷ
1503 4027 1750 4108 θανάτῳ,
1807 4029 1900 4086 καὶ

288 4120 482 4181 ἑκόντα
540 4119 638 4197 μὲν
689 4121 972 4179 ἀποθανεῖν
998 4163 1017 4193 ,
1067 4122 1364 4190 ἀναστῆναι
1414 4115 1503 4191 δὲ,
1552 4117 1683 4177 καθὸ
1704 4117 1756 4153 ⁶⁰
1802 4120 1896 4177 οὐκ

285 4204 356 4285 ἦν
411 4208 633 4269 δυνατὸν
682 4208 843 4269 αὐτὸν
890 4211 1201 4289 κρατεῖσθαι
1250 4206 1355 4266 ὑπὸ
1406 4210 1502 4278 τῆς
1557 4212 1752 4287 φθορᾶς
1805 4210 1894 4267 τὸν

289 4301 528 4381 ἀρχηγὸν
558 4303 653 4372 τῆς
682 4303 839 4372 ζωῆς.
888 4298 1001 4360 Καὶ
1038 4303 1209 4358 ταῦτα
1257 4297 1311 4356 δὲ
1360 4297 1540 4356 πάντα
1582 4296 1722 4357 κατὰ
1768 4301 1893 4359 Μα-

285 4388 529 4471 νιχαίων.

376 4503 406 4539 ιι
446 4477 719 4547 Ἕκαστος
769 4479 823 4537 δὲ
874 4480 927 4536 ἐν
959 4480 1035 4556 τῷ
1082 4477 1202 4558 ἰδίῳ
1256 4475 1516 4554 τάγματι.
1563 4501 1589 4529 ι
1634 4473 1759 4536 Ἵνα
1812 4477 1887 4554 μὴ

2018 3317 2505 3388 Quemadmodum
2547 3319 2697 3375 enim
2730 3318 2789 3374 in
2838 3319 3025 3374 Adam
3054 3335 3251 3376 omnes
3286 3319 3617 3389 moriuntur,

2014 3409 2093 3464 sic
2135 3415 2193 3464 et
2240 3407 2296 3463 in
2325 3406 2543 3465 Christo
2591 3424 2787 3464 omnes
2836 3407 3272 3466 viviﬁcabuntur.
3320 3429 3350 3463 π
3391 3411 3627 3467 Causam

2016 3496 2201 3554 reddit
2228 3512 2325 3569 per
2349 3513 2516 3569 quam
2550 3497 2844 3553 confirmat
2866 3512 2989 3569 quae
3011 3508 3449 3556 commemorata
3468 3507 3617 3556 sunt.

2014 3588 2277 3660 Oportuit
2316 3586 2465 3641 enim
2511 3586 2684 3659 ipsam
2728 3587 2933 3641 victam
2977 3596 3233 3643 naturam
3287 3588 3530 3657 vincere,
3562 3598 3619 3646 et

2010 3693 2137 3734 eum
2167 3678 2261 3749 qui
2305 3676 2551 3748 dejectus
2576 3683 2713 3744 erat,
2741 3676 3007 3732 evincere.
3030 3679 3177 3733 Nam
3206 3676 3262 3732 in
3286 3678 3488 3746 Adam,
3519 3680 3624 3735 hoc

2013 3776 2097 3824 est
2132 3783 2229 3839 per
2269 3765 2489 3838 lapsum
2540 3766 2773 3836 Adami,
2832 3781 3028 3821 omnes
3074 3767 3244 3822 morti
3292 3766 3420 3821 facti
3486 3777 3614 3825 sunt

2013 3856 2256 3915 obnoxii.
2305 3855 2396 3912 Sic
2458 3855 2623 3927 igitur
2670 3855 2724 3909 in
2767 3852 2986 3911 Christo
3046 3871 3240 3911 omnes
3284 3867 3613 3928 resurgent,

2014 3948 2121 4003 hoc
2162 3954 2278 4015 est,
2306 3945 2438 4017 quia
2476 3943 2729 4003 Christus
2771 3944 3029 4001 inventus
3058 3954 3143 4000 est
3185 3946 3305 4000 sine
3355 3953 3582 4015 peccato
3607 3988 3623 4015 ,

2010 4053 2113 4095 nec
2141 4035 2340 4093 mortis
2367 4051 2531 4104 reus,
2553 4043 2607 4090 et
2638 4042 2918 4106 propterea
2961 4033 3109 4107 quod
3140 4035 3449 4091 voluntario
3490 4038 3621 4109 qui-

2005 4128 2138 4184 dem
2162 4136 2405 4183 mortem
2439 4124 2689 4190 subierit,
2710 4125 3072 4180 resurrexerit
3102 4134 3307 4193 autem,
3344 4134 3622 4198 quatenus

2006 4215 2348 4291 impossibile
2391 4222 2513 4270 erat
2553 4212 2738 4285 ipsum
2766 4214 2943 4269 teneri
2992 4230 3025 4270 a
3048 4216 3427 4287 corruptione,
3461 4217 3611 4288 prin-

2004 4309 2183 4380 cipem
2238 4305 2507 4361 nimirum
2554 4303 2697 4360 vita.
2734 4305 2870 4361 Hac
2896 4312 3083 4362 autem
3112 4305 3301 4362 omnia
3348 4304 3616 4365 adversus

2007 4398 2366 4456 Manichaeos.

2072 4492 2260 4547 Vsus.
2311 4492 2403 4543 23.
2438 4509 2465 4535 σι
2497 4486 2892 4557 Unusquisque
2928 4493 3115 4541 autem
3146 4484 3203 4539 in
3248 4486 3472 4557 pr0prio
3522 4503 3617 4543 or-

284 4570 539 4646 ἀκούσας,
571 4568 653 4628 ὅτι
682 4591 711 4626 ιι
738 4567 947 4633 Πάντες
974 4566 1480 4641 ζωοποιηθήσονται,
1504 4592 1530 4619 ι
1554 4565 1777 4645 νομίσῃς
1796 4568 1888 4625 καὶ
1920 4600 1930 4661 Ι

2022 4578 2161 4636 line.
2197 4602 2223 4627 ι
2265 4580 2347 4635 Ne
2374 4576 2603 4633 audiens
2645 4584 2874 4631 cunctos
2902 4572 3276 4641 viviﬁcandos,
3332 4574 3620 4632 arbitreris

281 4659 402 4726 τοὺς
450 4655 801 4738 ἁμαρτωλοὺς
842 4655 1143 4727 σώζεσθαι,
1193 4655 1506 4734 ἐπήγαγεν,
1559 4652 1734 4715 Ὅσον
1787 4656 1884 4729 μὲν

280 4750 427 4808 κατὰ
474 4748 537 4807 τὸ
590 4750 922 4821 ἀναστῆναι,
973 4768 1004 4805 (ι
1051 4746 1247 4813 πάντες
1297 4745 1815 4819 ζωοποιηθήσονται·
1860 4776 1884 4800 ι

280 4840 423 4910 πλὴν
458 4860 488 4896 α
524 4836 746 4905 ἕκαστος
776 4859 807 4896 n
851 4835 1002 4897 ἔσται
1036 4860 1067 4893 (ι
1099 4837 1153 4895 ἓν
1185 4839 1261 4917 τῷ
1291 4837 1411 4917 ἰδίῳ
1457 4835 1697 4916 τάγματι
1730 4860 1757 4895 ι
1792 4836 1886 4896 καὶ

280 4930 334 4988 ἐν
364 4918 444 4995 οἶς
483 4931 625 4988 ἐστιν
662 4926 828 4996 ἄξιος.

365 5045 391 5071 ε
442 5016 689 5097 Ἀπαρχὴ
741 5016 1009 5097 Χριστὸς,
1060 5014 1247 5076 ἔπειτα
1295 5014 1344 5074 οί
1395 5019 1488 5075 τοῦ
1540 5016 1779 5096 Χριστοῦ
1830 5020 1884 5076 ἐν

275 5111 343 5188 τῇ
391 5096 661 5188 παρουσία
695 5096 861 5166 αὐτοῦ
885 5130 899 5144 ·
942 5096 1091 5181 εἶτα,
1135 5105 1198 5164 τὸ
1225 5104 1389 5172 τέλος.
1430 5128 1459 5164 ι)
1500 5103 1745 5186 Ἀπαρχὴ
1796 5108 1886 5167 καὶ

274 5198 391 5265 ὁδὸς
436 5202 532 5271 τῆς
576 5197 922 5264 ἀναστάσεως
969 5196 1178 5275 ἐγένετο
1226 5198 1255 5255 ὁ
1300 5193 1567 5276 Χριστόςο
1614 5197 1727 5272 μετ’
1779 5198 1878 5255 αὖ-

277 5287 366 5347 τὸν
398 5277 520 5362 οῦν,
567 5289 618 5346 οῖ
649 5290 839 5363 αὐτοῦ,
868 5285 1169 5359 τουτέστιν,
1199 5287 1249 5345 οῖ
1296 5285 1477 5344 πιστοὶ
1517 5284 1611 5345 καὶ
1652 5288 1701 5345 οῖ
1737 5287 1883 5345 εὗδο-

280 5377 571 5456 κιμηκότες
621 5379 677 5437 ἐν
728 5378 876 5458 αὐτῷ
920 5375 1317 5449 ἀναστήσονται
1353 5377 1589 5455 πρῶτοι,
1635 5375 1689 5443 ἐξ
1717 5379 1884 5454 οὖρα-

276 5470 379 5526 νῶν
412 5468 613 5527 ἐκείνου
645 5467 958 5547 ἐρχομένου.
986 5468 1162 5526 Τοῦτο
1202 5466 1306 5546 γάρ
1349 5468 1464 5525 ἐστι
1507 5463 1594 5542 τὸ,
1630 5487 1660 5524 α
1696 5465 1791 5527 Ἐν

270 5558 540 5640 παρουσίᾳ
572 5559 766 5617 αὐτοῦ·
798 5584 823 5611 ιι
861 5557 943 5616 δεῖ
984 5554 1088 5637 γὰρ
1117 5554 1258 5637 ἔχειν
1303 5552 1590 5637 προνόμιόν
1623 5579 1675 5615 τι
1714 5556 1805 5615 καὶ
1840 5559 1893 5616 ἐν

2002 4671 2173 4733 etiam
2207 4675 2519 4742 peccatores
2563 4667 2742 4722 salvos
2786 4663 3033 4729 futuros,
3064 4662 3611 4733 subintulit:Quan-

2007 4773 2131 4821 tum
2168 4758 2241 4817 ad
2268 4757 2724 4815 resurrectionem
2746 4756 2959 4823 attinet,
2981 4777 3007 4802 π
3039 4768 3233 4810 omnes
3261 4752 3612 4809 viviﬁcabun-

2011 4863 2122 4922 ιυιι,
2154 4873 2177 4901 ι
2208 4855 2592 4904 verumtamen
2637 4868 2661 4894 α
2706 4844 3088 4916 unusquisque
3117 4843 3173 4899 in
3197 4859 3298 4901 suo
3333 4842 3549 4912 ordine,
3588 4868 3612 4893 ι

2009 4952 2065 5001 et
2095 4943 2238 4999 inter
2254 4951 2395 5010 quos
2423 4951 2542 4991 esse
2571 4934 2894 4990 merebitur.

2085 5055 2111 5081 ιι
2147 5027 2411 5087 Primitiae
2438 5024 2688 5081 Christus
2710 5065 2725 5090 ,
2764 5022 2964 5079 deinde
3011 5022 3043 5078 ii
3080 5022 3174 5096 qui
3221 5022 3421 5080 Christi
3464 5031 3613 5094 sunt,

2012 5124 2066 5179 in
2095 5120 2334 5178 adventu
2364 5116 2485 5189 ejus
2512 5132 2526 5171 :
2558 5122 2748 5186 postea
2792 5112 2937 5169 ﬁnis.
2972 5135 2998 5161 ι
3030 5113 3319 5180 Primitiae,
3367 5111 3615 5185 adeoque

1988 5215 2084 5271 via
2124 5203 2573 5271 resurrectionis,
2605 5203 2857 5260 Christus
2902 5210 3026 5257 est:
3058 5210 3184 5272 post
3228 5202 3410 5273 ipsum
3456 5202 3618 5273 igitur

2003 5300 2093 5374 qui
2123 5298 2196 5355 ad
2224 5312 2355 5353 eum
2394 5294 2694 5367 pertinent,
2716 5292 2819 5347 hoc
2857 5299 2960 5359 est,
2988 5288 3194 5359 ﬁdeles,
3224 5298 3279 5345 et
3308 5290 3522 5362 probati
3553 5294 3607 5347 in

2004 5389 2154 5460 ipso,
2204 5387 2366 5459 primi
2404 5391 2721 5456 resurgent,
2751 5381 2842 5437 illo
2871 5396 2936 5438 ex
2966 5379 3121 5436 caelis
3168 5380 3434 5437 veniente.
3489 5384 3612 5438 Hoc

2006 5477 2155 5536 enim
2181 5485 2267 5536 est
2294 5474 2446 5549 quod
2472 5473 2584 5531 ait:
2621 5496 2644 5523 ι
2679 5475 2743 5527 In
2768 5470 3007 5528 adventu
3036 5470 3226 5542 ipsius.
3258 5494 3283 5519 ιο
3317 5471 3415 5527 Est
3458 5471 3607 5527 enim

2007 5583 2130 5639 par,
2169 5574 2233 5624 ut
2250 5565 2384 5639 justi
2405 5562 2954 5638 privilegioquopiam
2981 5559 3259 5635 gaudeant
3283 5560 3343 5616 in
3373 5574 3534 5617 resur
3571 5590 3595 5602 -

1715 5698 1911 5760 Variae
1952 5702 2256 5763 lectiones.

341 5836 385 5870 ⁸⁷
414 5834 482 5898 εἰς
509 5835 722 5908 Χριστὸν
753 5849 831 5891 m.
916 5834 960 5870 ⁵⁸
990 5835 1187 5908 γίνεται
1220 5849 1303 5894 m.
1378 5834 1422 5871 ⁸⁸
1445 5834 1532 5889 ἐὰν
1563 5851 1619 5892 o.
1696 5834 1743 5870 °°
1765 5835 1940 5890 καθότι
1974 5850 2029 5892 ο.
