  <div class='ocr_page' id='page_1' title='image "/cluster/home/n/w/nwhite01/storage/ocr_20150623/124:no.2/coo.31924054870294/389.png"; bbox 0 0 4110 6428; ppageno 0'>
   <div class='ocr_carea' id='block_1_1' title="bbox 429 517 529 571">
    <p class='ocr_par' dir='ltr' id='par_1_1' title="bbox 429 517 529 571">
     <span class='ocr_line' id='line_1_1' title="bbox 429 517 529 571; baseline -0.01 0"><span class='ocrx_word' id='word_1_1' title='bbox 429 517 529 571; x_wconf 82' lang='grc'><strong>763</strong></span> 
     </span>
    </p>
   </div>
   <div class='ocr_carea' id='block_1_2' title="bbox 1453 500 2720 568">
    <p class='ocr_par' dir='ltr' id='par_1_2' title="bbox 1453 500 2720 568">
     <span class='ocr_line' id='line_1_2' title="bbox 1453 500 2720 568; baseline -0.009 -2"><span class='ocrx_word' id='word_1_2' title='bbox 1453 511 1968 568; x_wconf 80' lang='lat' dir='ltr'><strong>THEOPHYLACTI</strong></span> <span class='ocrx_word' id='word_1_3' title='bbox 2009 502 2365 563; x_wconf 76' lang='lat' dir='ltr'><strong>BULGARUE</strong></span> <span class='ocrx_word' id='word_1_4' title='bbox 2404 500 2720 558; x_wconf 80' lang='lat' dir='ltr'><strong>ARCHIEP.</strong></span> 
     </span>
    </p>
   </div>
   <div class='ocr_carea' id='block_1_3' title="bbox 3617 497 3720 552">
    <p class='ocr_par' dir='ltr' id='par_1_3' title="bbox 3617 497 3720 552">
     <span class='ocr_line' id='line_1_3' title="bbox 3617 497 3720 552; baseline 0 0"><span class='ocrx_word' id='word_1_5' title='bbox 3617 497 3720 552; x_wconf 74' lang='grc'><strong>764</strong></span> 
     </span>
    </p>
   </div>
   <div class='ocr_carea' id='block_1_4' title="bbox 425 620 2035 715">
    <p class='ocr_par' dir='ltr' id='par_1_4' title="bbox 425 636 2017 715">
     <span class='ocr_line' id='line_1_4' title="bbox 425 636 2017 715; baseline -0.005 -17"><span class='ocrx_word' id='word_1_6' title='bbox 425 639 628 715; x_wconf 84' lang='lat' dir='ltr'><strong>gendo.</strong></span> <span class='ocrx_word' id='word_1_7' title='bbox 649 639 792 697; x_wconf 91' lang='lat' dir='ltr'><strong>Cum</strong></span> <span class='ocrx_word' id='word_1_8' title='bbox 811 638 968 696; x_wconf 92' lang='lat' dir='ltr'><strong>enim</strong></span> <span class='ocrx_word' id='word_1_9' title='bbox 1001 637 1245 711; x_wconf 83' lang='lat' dir='ltr'><strong>rapiendi</strong></span> <span class='ocrx_word' id='word_1_10' title='bbox 1265 636 1377 694; x_wconf 88' lang='lat' dir='ltr'><strong>sint</strong></span> <span class='ocrx_word' id='word_1_11' title='bbox 1405 637 1463 693; x_wconf 91' lang='lat' dir='ltr'><strong>in</strong></span> <span class='ocrx_word' id='word_1_12' title='bbox 1484 652 1609 693; x_wconf 91' lang='lat' dir='ltr'><strong>aera</strong></span> <span class='ocrx_word' id='word_1_13' title='bbox 1631 637 1688 693; x_wconf 92' lang='lat' dir='ltr'><strong>in</strong></span> <span class='ocrx_word' id='word_1_14' title='bbox 1727 649 2017 693; x_wconf 91' lang='lat' dir='ltr'><strong>occursum</strong></span> 
     </span>
    </p>
   </div>
   <div class='ocr_carea' id='block_1_5' title="bbox 2145 620 3726 715">
    <p class='ocr_par' dir='ltr' id='par_1_5' title="bbox 2145 620 3726 715">
     <span class='ocr_line' id='line_1_5' title="bbox 2145 620 3726 715; baseline -0.006 -26"><span class='ocrx_word' id='word_1_15' title='bbox 2145 631 2278 710; x_wconf 81' lang='grc' dir='ltr'>ιῦτῷ</span> <span class='ocrx_word' id='word_1_16' title='bbox 2341 629 2416 709; x_wconf 81' lang='grc' dir='ltr'><strong>τῷ</strong></span> <span class='ocrx_word' id='word_1_17' title='bbox 2473 625 2768 707; x_wconf 77' lang='grc' dir='ltr'>ἐγείρεσθαι</span> <span class='ocrx_word' id='word_1_18' title='bbox 2837 621 2955 715; x_wconf 79' lang='grc' dir='ltr'>τοὺς</span> <span class='ocrx_word' id='word_1_19' title='bbox 3014 620 3550 715; x_wconf 31' lang='grc' dir='ltr'>δικαίουςηίξπειδὴ</span> <span class='ocrx_word' id='word_1_20' title='bbox 3623 621 3726 701; x_wconf 75' lang='grc' dir='ltr'><strong>γὰρ</strong></span> 
     </span>
    </p>
   </div>
   <div class='ocr_carea' id='block_1_6' title="bbox 422 724 2023 802">
    <p class='ocr_par' dir='ltr' id='par_1_6' title="bbox 422 724 2023 802">
     <span class='ocr_line' id='line_1_6' title="bbox 422 724 2023 802; baseline -0.004 -16"><span class='ocrx_word' id='word_1_21' title='bbox 422 729 678 798; x_wconf 89' lang='lat' dir='ltr'><strong>Domini,</strong></span> <span class='ocrx_word' id='word_1_22' title='bbox 717 743 835 802; x_wconf 64' lang='lat' dir='ltr'><strong>prie</strong></span> <span class='ocrx_word' id='word_1_23' title='bbox 869 728 991 784; x_wconf 87' lang='lat' dir='ltr'><strong>aliis</strong></span> <span class='ocrx_word' id='word_1_24' title='bbox 1012 728 1340 785; x_wconf 82' lang='lat' dir='ltr'><strong>excitantur.</strong></span> <span class='ocrx_word' id='word_1_25' title='bbox 1372 728 1514 783; x_wconf 90' lang='lat' dir='ltr'><strong>Nam</strong></span> <span class='ocrx_word' id='word_1_26' title='bbox 1543 734 1858 800; x_wconf 88' lang='lat' dir='ltr'><strong>peccatores</strong></span> <span class='ocrx_word' id='word_1_27' title='bbox 1879 724 2023 780; x_wconf 77' lang='lat' dir='ltr'><strong>intra</strong></span> 
     </span>
    </p>
   </div>
   <div class='ocr_carea' id='block_1_7' title="bbox 2132 711 3725 798">
    <p class='ocr_par' dir='ltr' id='par_1_7' title="bbox 2132 711 3725 798">
     <span class='ocr_line' id='line_1_7' title="bbox 2132 711 3725 798; baseline -0.007 -19"><span class='ocrx_word' id='word_1_28' title='bbox 2132 721 2414 798; x_wconf 77' lang='grc' dir='ltr'><strong>μέλλουσιν</strong></span> <span class='ocrx_word' id='word_1_29' title='bbox 2461 715 2791 798; x_wconf 81' lang='grc' dir='ltr'><strong>ἁρπάζεσθαι</strong></span> <span class='ocrx_word' id='word_1_30' title='bbox 2839 714 2912 781; x_wconf 82' lang='grc' dir='ltr'>εἰς</span> <span class='ocrx_word' id='word_1_31' title='bbox 2963 713 3092 793; x_wconf 83' lang='grc' dir='ltr'>ἀέρα</span> <span class='ocrx_word' id='word_1_32' title='bbox 3152 715 3223 776; x_wconf 83' lang='grc' dir='ltr'><strong>εἰς</strong></span> <span class='ocrx_word' id='word_1_33' title='bbox 3280 711 3583 784; x_wconf 76' lang='grc' dir='ltr'>ἀπάντησιν</span> <span class='ocrx_word' id='word_1_34' title='bbox 3633 715 3725 770; x_wconf 88' lang='grc' dir='ltr'><strong>τοῦ</strong></span> 
     </span>
    </p>
   </div>
   <div class='ocr_carea' id='block_1_8' title="bbox 421 802 2035 892">
    <p class='ocr_par' dir='ltr' id='par_1_8' title="bbox 421 814 2024 892">
     <span class='ocr_line' id='line_1_8' title="bbox 421 814 2024 892; baseline -0.003 -16"><span class='ocrx_word' id='word_1_35' title='bbox 421 826 744 892; x_wconf 84' lang='lat' dir='ltr'><strong>exspectant</strong></span> <span class='ocrx_word' id='word_1_36' title='bbox 747 819 768 891; x_wconf 92' lang='lat' dir='ltr'><strong>j</strong></span> <span class='ocrx_word' id='word_1_37' title='bbox 777 818 1014 889; x_wconf 89' lang='lat' dir='ltr'><strong>udicem,</strong></span> <span class='ocrx_word' id='word_1_38' title='bbox 1037 834 1136 874; x_wconf 92' lang='lat' dir='ltr'><strong>ceu</strong></span> <span class='ocrx_word' id='word_1_39' title='bbox 1152 816 1525 874; x_wconf 82' lang='lat' dir='ltr'><strong>condemnati.</strong></span> <span class='ocrx_word' id='word_1_40' title='bbox 1542 816 1753 874; x_wconf 88' lang='lat' dir='ltr'><strong>Deinde</strong></span> <span class='ocrx_word' id='word_1_41' title='bbox 1770 814 2024 873; x_wconf 88' lang='lat' dir='ltr'><strong>omnium</strong></span> 
     </span>
    </p>
   </div>
   <div class='ocr_carea' id='block_1_9' title="bbox 2145 802 3730 892">
    <p class='ocr_par' dir='ltr' id='par_1_9' title="bbox 2145 802 3730 892">
     <span class='ocr_line' id='line_1_9' title="bbox 2145 802 3730 892; baseline -0.006 -22"><span class='ocrx_word' id='word_1_42' title='bbox 2145 809 2368 891; x_wconf 84' lang='grc' dir='ltr'>Κυρίου,</span> <span class='ocrx_word' id='word_1_43' title='bbox 2398 805 2837 886; x_wconf 86' lang='grc' dir='ltr'>προεγείρονται·</span> <span class='ocrx_word' id='word_1_44' title='bbox 2896 805 2968 870; x_wconf 81' lang='grc' dir='ltr'>ὧς</span> <span class='ocrx_word' id='word_1_45' title='bbox 3019 805 3070 861; x_wconf 77' lang='grc' dir='ltr'>οῗ</span> <span class='ocrx_word' id='word_1_46' title='bbox 3119 827 3176 880; x_wconf 88' lang='grc' dir='ltr'><strong>γε</strong></span> <span class='ocrx_word' id='word_1_47' title='bbox 3224 802 3540 892; x_wconf 54' lang='grc' dir='ltr'>ἀμαρτωλοὶ</span> <span class='ocrx_word' id='word_1_48' title='bbox 3581 802 3730 860; x_wconf 86' lang='grc' dir='ltr'>κάτω</span> 
     </span>
    </p>
   </div>
   <div class='ocr_carea' id='block_1_10' title="bbox 431 906 2026 980">
    <p class='ocr_par' dir='ltr' id='par_1_10' title="bbox 431 906 2026 980">
     <span class='ocr_line' id='line_1_10' title="bbox 431 906 2026 980; baseline -0.004 -14"><span class='ocrx_word' id='word_1_49' title='bbox 431 924 619 966; x_wconf 90' lang='lat' dir='ltr'><strong>rerum</strong></span> <span class='ocrx_word' id='word_1_50' title='bbox 658 908 1067 965; x_wconf 84' lang='lat' dir='ltr'><strong>consummatio</strong></span> <span class='ocrx_word' id='word_1_51' title='bbox 1111 907 1244 975; x_wconf 90' lang='lat' dir='ltr'><strong>erit,</strong></span> <span class='ocrx_word' id='word_1_52' title='bbox 1288 907 1565 980; x_wconf 84' lang='lat' dir='ltr'><strong>ipsiusque</strong></span> <span class='ocrx_word' id='word_1_53' title='bbox 1615 906 1753 964; x_wconf 90' lang='lat' dir='ltr'><strong>adeo</strong></span> <span class='ocrx_word' id='word_1_54' title='bbox 1790 920 2026 962; x_wconf 82' lang='lat' dir='ltr'><strong>resurre-</strong></span> 
     </span>
    </p>
   </div>
   <div class='ocr_carea' id='block_1_11' title="bbox 433 995 2028 1068">
    <p class='ocr_par' dir='ltr' id='par_1_11' title="bbox 433 995 2028 1068">
     <span class='ocr_line' id='line_1_11' title="bbox 433 995 2028 1068; baseline -0.004 -12"><span class='ocrx_word' id='word_1_55' title='bbox 433 999 654 1066; x_wconf 90' lang='lat' dir='ltr'><strong>ctionis,</strong></span> <span class='ocrx_word' id='word_1_56' title='bbox 676 1013 775 1055; x_wconf 91' lang='lat' dir='ltr'><strong>ceu</strong></span> <span class='ocrx_word' id='word_1_57' title='bbox 807 997 1065 1054; x_wconf 91' lang='lat' dir='ltr'><strong>omnibus</strong></span> <span class='ocrx_word' id='word_1_58' title='bbox 1101 997 1398 1054; x_wconf 89' lang='lat' dir='ltr'><strong>universim</strong></span> <span class='ocrx_word' id='word_1_59' title='bbox 1436 998 1599 1068; x_wconf 76' lang='lat'><strong>221</strong></span> <span class='ocrx_word' id='word_1_60' title='bbox 1630 995 1892 1053; x_wconf 82' lang='lat' dir='ltr'><strong>excitatis.</strong></span> <span class='ocrx_word' id='word_1_61' title='bbox 1915 997 2028 1051; x_wconf 90' lang='lat' dir='ltr'><strong>Nec</strong></span> 
     </span>
    </p>
   </div>
   <div class='ocr_carea' id='block_1_12' title="bbox 436 1084 2030 1160">
    <p class='ocr_par' dir='ltr' id='par_1_12' title="bbox 436 1084 2030 1160">
     <span class='ocr_line' id='line_1_12' title="bbox 436 1084 2030 1160; baseline -0.003 -15"><span class='ocrx_word' id='word_1_62' title='bbox 436 1089 602 1159; x_wconf 91' lang='lat' dir='ltr'><strong>enim,</strong></span> <span class='ocrx_word' id='word_1_63' title='bbox 649 1096 711 1144; x_wconf 90' lang='lat' dir='ltr'><strong>ut</strong></span> <span class='ocrx_word' id='word_1_64' title='bbox 735 1103 883 1144; x_wconf 91' lang='lat' dir='ltr'><strong>nunc</strong></span> <span class='ocrx_word' id='word_1_65' title='bbox 924 1087 1007 1157; x_wconf 82' lang='lat' dir='ltr'><strong>tit,</strong></span> <span class='ocrx_word' id='word_1_66' title='bbox 1044 1086 1260 1145; x_wconf 82' lang='lat' dir='ltr'><strong>Christo</strong></span> <span class='ocrx_word' id='word_1_67' title='bbox 1307 1087 1425 1142; x_wconf 91' lang='lat' dir='ltr'><strong>solo</strong></span> <span class='ocrx_word' id='word_1_68' title='bbox 1453 1095 1791 1160; x_wconf 86' lang='lat' dir='ltr'><strong>resurgente,</strong></span> <span class='ocrx_word' id='word_1_69' title='bbox 1822 1101 1909 1142; x_wconf 88' lang='lat' dir='ltr'><strong>res</strong></span> <span class='ocrx_word' id='word_1_70' title='bbox 1929 1084 2030 1141; x_wconf 88' lang='lat' dir='ltr'><strong>hu-</strong></span> 
     </span>
    </p>
   </div>
   <div class='ocr_carea' id='block_1_13' title="bbox 436 1176 2030 1250">
    <p class='ocr_par' dir='ltr' id='par_1_13' title="bbox 436 1176 2030 1250">
     <span class='ocr_line' id='line_1_13' title="bbox 436 1176 2030 1250; baseline -0.001 -16"><span class='ocrx_word' id='word_1_71' title='bbox 436 1193 616 1235; x_wconf 64' lang='lat' dir='ltr'><strong>manae</strong></span> <span class='ocrx_word' id='word_1_72' title='bbox 635 1192 801 1234; x_wconf 90' lang='lat' dir='ltr'><strong>suum</strong></span> <span class='ocrx_word' id='word_1_73' title='bbox 817 1178 1058 1250; x_wconf 85' lang='lat' dir='ltr'><strong>priorem</strong></span> <span class='ocrx_word' id='word_1_74' title='bbox 1083 1185 1288 1234; x_wconf 89' lang='lat' dir='ltr'><strong>statum</strong></span> <span class='ocrx_word' id='word_1_75' title='bbox 1311 1176 1603 1250; x_wconf 90' lang='lat' dir='ltr'><strong>locumque</strong></span> <span class='ocrx_word' id='word_1_76' title='bbox 1640 1177 1920 1244; x_wconf 86' lang='lat' dir='ltr'><strong>obtinent,</strong></span> <span class='ocrx_word' id='word_1_77' title='bbox 1951 1176 2030 1232; x_wconf 93' lang='lat' dir='ltr'><strong>sic</strong></span> 
     </span>
    </p>
   </div>
   <div class='ocr_carea' id='block_1_14' title="bbox 437 1265 1706 1338">
    <p class='ocr_par' dir='ltr' id='par_1_14' title="bbox 437 1265 1706 1338">
     <span class='ocr_line' id='line_1_14' title="bbox 437 1265 1706 1338; baseline 0 -16"><span class='ocrx_word' id='word_1_78' title='bbox 437 1275 560 1324; x_wconf 91' lang='lat' dir='ltr'><strong>tum</strong></span> <span class='ocrx_word' id='word_1_79' title='bbox 595 1268 742 1325; x_wconf 89' lang='lat' dir='ltr'><strong>erit:</strong></span> <span class='ocrx_word' id='word_1_80' title='bbox 770 1283 962 1324; x_wconf 90' lang='lat' dir='ltr'><strong>verum</strong></span> <span class='ocrx_word' id='word_1_81' title='bbox 1003 1267 1192 1324; x_wconf 85' lang='lat' dir='ltr'><strong>omnia</strong></span> <span class='ocrx_word' id='word_1_82' title='bbox 1222 1266 1394 1323; x_wconf 84' lang='lat' dir='ltr'><strong>ﬁnem</strong></span> <span class='ocrx_word' id='word_1_83' title='bbox 1424 1265 1706 1338; x_wconf 90' lang='lat' dir='ltr'><strong>accipient.</strong></span> 
     </span>
    </p>
   </div>
   <div class='ocr_carea' id='block_1_15' title="bbox 509 1447 2028 1519">
    <p class='ocr_par' dir='ltr' id='par_1_15' title="bbox 509 1447 2028 1519">
     <span class='ocr_line' id='line_1_15' title="bbox 509 1447 2028 1519; baseline -0.004 -15"><span class='ocrx_word' id='word_1_84' title='bbox 509 1450 689 1506; x_wconf 72' lang='lat' dir='ltr'><strong>Vnus.</strong></span> <span class='ocrx_word' id='word_1_85' title='bbox 719 1451 807 1504; x_wconf 78' lang='lat'><strong>24.</strong></span> <span class='ocrx_word' id='word_1_86' title='bbox 840 1469 865 1497; x_wconf 75' lang='grc' dir='ltr'><strong>ι</strong></span> <span class='ocrx_word' id='word_1_87' title='bbox 897 1447 1037 1503; x_wconf 91' lang='lat' dir='ltr'><strong>Cum</strong></span> <span class='ocrx_word' id='word_1_88' title='bbox 1067 1447 1350 1504; x_wconf 86' lang='lat' dir='ltr'><strong>tradiderit</strong></span> <span class='ocrx_word' id='word_1_89' title='bbox 1391 1463 1623 1519; x_wconf 82' lang='lat' dir='ltr'><strong>regnum</strong></span> <span class='ocrx_word' id='word_1_90' title='bbox 1653 1449 1770 1503; x_wconf 91' lang='lat' dir='ltr'><strong>Deo</strong></span> <span class='ocrx_word' id='word_1_91' title='bbox 1799 1448 1968 1504; x_wconf 89' lang='lat' dir='ltr'><strong>Patri.</strong></span> <span class='ocrx_word' id='word_1_92' title='bbox 2003 1473 2028 1498; x_wconf 71' lang='grc' dir='ltr'><strong>υ</strong></span> 
     </span>
    </p>
   </div>
   <div class='ocr_carea' id='block_1_16' title="bbox 440 1537 2030 1612">
    <p class='ocr_par' dir='ltr' id='par_1_16' title="bbox 440 1537 2030 1612">
     <span class='ocr_line' id='line_1_16' title="bbox 440 1537 2030 1612; baseline -0.001 -17"><span class='ocrx_word' id='word_1_93' title='bbox 440 1542 568 1596; x_wconf 93' lang='lat' dir='ltr'><strong>Duo</strong></span> <span class='ocrx_word' id='word_1_94' title='bbox 601 1553 772 1610; x_wconf 90' lang='lat' dir='ltr'><strong>regna</strong></span> <span class='ocrx_word' id='word_1_95' title='bbox 799 1537 1074 1609; x_wconf 89' lang='lat' dir='ltr'><strong>Scriptura</strong></span> <span class='ocrx_word' id='word_1_96' title='bbox 1098 1539 1274 1608; x_wconf 88' lang='lat' dir='ltr'><strong>novit,</strong></span> <span class='ocrx_word' id='word_1_97' title='bbox 1301 1537 1534 1595; x_wconf 91' lang='lat' dir='ltr'><strong>alterum</strong></span> <span class='ocrx_word' id='word_1_98' title='bbox 1562 1537 1788 1611; x_wconf 90' lang='lat' dir='ltr'><strong>quidem</strong></span> <span class='ocrx_word' id='word_1_99' title='bbox 1812 1553 1909 1610; x_wconf 91' lang='lat' dir='ltr'><strong>per</strong></span> <span class='ocrx_word' id='word_1_100' title='bbox 1931 1555 2030 1612; x_wconf 88' lang='lat' dir='ltr'><strong>ap-</strong></span> 
     </span>
    </p>
   </div>
   <div class='ocr_carea' id='block_1_17' title="bbox 441 1628 2031 1701">
    <p class='ocr_par' dir='ltr' id='par_1_17' title="bbox 441 1628 2031 1701">
     <span class='ocr_line' id='line_1_17' title="bbox 441 1628 2031 1701; baseline 0.001 -17"><span class='ocrx_word' id='word_1_101' title='bbox 441 1628 892 1701; x_wconf 90' lang='lat' dir='ltr'><strong>propriationem,</strong></span> <span class='ocrx_word' id='word_1_102' title='bbox 925 1628 1161 1684; x_wconf 90' lang='lat' dir='ltr'><strong>alterum</strong></span> <span class='ocrx_word' id='word_1_103' title='bbox 1190 1643 1321 1685; x_wconf 90' lang='lat' dir='ltr'><strong>vero</strong></span> <span class='ocrx_word' id='word_1_104' title='bbox 1350 1645 1447 1700; x_wconf 90' lang='lat' dir='ltr'><strong>per</strong></span> <span class='ocrx_word' id='word_1_105' title='bbox 1483 1628 1837 1685; x_wconf 81' lang='lat' dir='ltr'><strong>creationem.</strong></span> <span class='ocrx_word' id='word_1_106' title='bbox 1871 1630 2031 1685; x_wconf 87' lang='lat' dir='ltr'><strong>Crea-</strong></span> 
     </span>
    </p>
   </div>
   <div class='ocr_carea' id='block_1_18' title="bbox 439 1717 2032 1790">
    <p class='ocr_par' dir='ltr' id='par_1_18' title="bbox 439 1717 2032 1790">
     <span class='ocr_line' id='line_1_18' title="bbox 439 1717 2032 1790; baseline 0.001 -17"><span class='ocrx_word' id='word_1_107' title='bbox 439 1719 608 1774; x_wconf 90' lang='lat' dir='ltr'><strong>tionis</strong></span> <span class='ocrx_word' id='word_1_108' title='bbox 640 1717 805 1790; x_wconf 82' lang='lat' dir='ltr'><strong>igitur</strong></span> <span class='ocrx_word' id='word_1_109' title='bbox 851 1717 1097 1785; x_wconf 89' lang='lat' dir='ltr'><strong>nomine,</strong></span> <span class='ocrx_word' id='word_1_110' title='bbox 1146 1717 1201 1772; x_wconf 89' lang='lat' dir='ltr'><strong>in</strong></span> <span class='ocrx_word' id='word_1_111' title='bbox 1257 1732 1471 1786; x_wconf 90' lang='lat' dir='ltr'><strong>omnes,</strong></span> <span class='ocrx_word' id='word_1_112' title='bbox 1517 1719 1760 1786; x_wconf 73' lang='lat' dir='ltr'><strong>Graecos,</strong></span> <span class='ocrx_word' id='word_1_113' title='bbox 1791 1717 2032 1786; x_wconf 68' lang='lat' dir='ltr'><strong>Iudaeos,</strong></span> 
     </span>
    </p>
   </div>
   <div class='ocr_carea' id='block_1_19' title="bbox 441 1806 2028 1881">
    <p class='ocr_par' dir='ltr' id='par_1_19' title="bbox 441 1806 2028 1881">
     <span class='ocr_line' id='line_1_19' title="bbox 441 1806 2028 1881; baseline 0.001 -18"><span class='ocrx_word' id='word_1_114' title='bbox 441 1807 591 1879; x_wconf 90' lang='lat' dir='ltr'><strong>ipsos</strong></span> <span class='ocrx_word' id='word_1_115' title='bbox 645 1806 959 1876; x_wconf 69' lang='lat' dir='ltr'><strong>daemones,</strong></span> <span class='ocrx_word' id='word_1_116' title='bbox 1013 1823 1076 1864; x_wconf 90' lang='lat' dir='ltr'><strong>ac</strong></span> <span class='ocrx_word' id='word_1_117' title='bbox 1136 1807 1390 1864; x_wconf 89' lang='lat' dir='ltr'><strong>nolentes</strong></span> <span class='ocrx_word' id='word_1_118' title='bbox 1439 1808 1733 1881; x_wconf 87' lang='lat' dir='ltr'><strong>imperium</strong></span> <span class='ocrx_word' id='word_1_119' title='bbox 1793 1817 2028 1866; x_wconf 85' lang='lat' dir='ltr'><strong>exercet.</strong></span> 
     </span>
    </p>
   </div>
   <div class='ocr_carea' id='block_1_20' title="bbox 437 1895 2034 1972">
    <p class='ocr_par' dir='ltr' id='par_1_20' title="bbox 437 1895 2034 1972">
     <span class='ocr_line' id='line_1_20' title="bbox 437 1895 2034 1972; baseline 0 -18"><span class='ocrx_word' id='word_1_120' title='bbox 437 1896 704 1954; x_wconf 89' lang='lat' dir='ltr'><strong>Omnibus</strong></span> <span class='ocrx_word' id='word_1_121' title='bbox 727 1912 858 1954; x_wconf 88' lang='lat' dir='ltr'><strong>vero</strong></span> <span class='ocrx_word' id='word_1_122' title='bbox 885 1895 1144 1954; x_wconf 80' lang='lat' dir='ltr'><strong>ﬁdelibus</strong></span> <span class='ocrx_word' id='word_1_123' title='bbox 1169 1913 1231 1953; x_wconf 90' lang='lat' dir='ltr'><strong>ac</strong></span> <span class='ocrx_word' id='word_1_124' title='bbox 1251 1898 1474 1968; x_wconf 84' lang='lat' dir='ltr'><strong>sanctis,</strong></span> <span class='ocrx_word' id='word_1_125' title='bbox 1499 1899 1592 1971; x_wconf 85' lang='lat' dir='ltr'><strong>qui</strong></span> <span class='ocrx_word' id='word_1_126' title='bbox 1625 1907 1820 1970; x_wconf 91' lang='lat' dir='ltr'><strong>suapte</strong></span> <span class='ocrx_word' id='word_1_127' title='bbox 1837 1908 2034 1972; x_wconf 88' lang='lat' dir='ltr'><strong>sponte</strong></span> 
     </span>
    </p>
   </div>
   <div class='ocr_carea' id='block_1_21' title="bbox 435 1986 2034 2060">
    <p class='ocr_par' dir='ltr' id='par_1_21' title="bbox 435 1986 2034 2060">
     <span class='ocr_line' id='line_1_21' title="bbox 435 1986 2034 2060; baseline 0 -16"><span class='ocrx_word' id='word_1_128' title='bbox 435 1986 822 2059; x_wconf 85' lang='lat' dir='ltr'><strong>subjiciuntur,</strong></span> <span class='ocrx_word' id='word_1_129' title='bbox 850 1987 1064 2044; x_wconf 89' lang='lat' dir='ltr'><strong>ratione</strong></span> <span class='ocrx_word' id='word_1_130' title='bbox 1099 1988 1550 2060; x_wconf 89' lang='lat' dir='ltr'><strong>appropriationis</strong></span> <span class='ocrx_word' id='word_1_131' title='bbox 1576 1988 1918 2045; x_wconf 88' lang='lat' dir='ltr'><strong>dominatur.</strong></span> <span class='ocrx_word' id='word_1_132' title='bbox 1948 1992 2034 2044; x_wconf 91' lang='lat' dir='ltr'><strong>De</strong></span> 
     </span>
    </p>
   </div>
   <div class='ocr_carea' id='block_1_22' title="bbox 439 2076 2034 2150">
    <p class='ocr_par' dir='ltr' id='par_1_22' title="bbox 439 2076 2034 2150">
     <span class='ocr_line' id='line_1_22' title="bbox 439 2076 2034 2150; baseline 0.001 -18"><span class='ocrx_word' id='word_1_133' title='bbox 439 2077 546 2133; x_wconf 90' lang='lat' dir='ltr'><strong>hoc</strong></span> <span class='ocrx_word' id='word_1_134' title='bbox 567 2077 755 2150; x_wconf 90' lang='lat' dir='ltr'><strong>itaque</strong></span> <span class='ocrx_word' id='word_1_135' title='bbox 783 2091 957 2149; x_wconf 90' lang='lat' dir='ltr'><strong>regno</strong></span> <span class='ocrx_word' id='word_1_136' title='bbox 981 2076 1113 2133; x_wconf 84' lang='lat' dir='ltr'><strong>dicit</strong></span> <span class='ocrx_word' id='word_1_137' title='bbox 1141 2094 1156 2134; x_wconf 89' lang='lat'><strong>:</strong></span> <span class='ocrx_word' id='word_1_138' title='bbox 1189 2098 1218 2128; x_wconf 84' lang='lat'><strong>»</strong></span> <span class='ocrx_word' id='word_1_139' title='bbox 1236 2077 1456 2134; x_wconf 90' lang='lat' dir='ltr'><strong>Postula</strong></span> <span class='ocrx_word' id='word_1_140' title='bbox 1485 2093 1516 2134; x_wconf 90' lang='lat' dir='ltr'><strong>a</strong></span> <span class='ocrx_word' id='word_1_141' title='bbox 1561 2095 1672 2149; x_wconf 88' lang='lat' dir='ltr'><strong>me,</strong></span> <span class='ocrx_word' id='word_1_142' title='bbox 1697 2087 1753 2134; x_wconf 91' lang='lat' dir='ltr'><strong>et</strong></span> <span class='ocrx_word' id='word_1_143' title='bbox 1775 2079 1917 2136; x_wconf 89' lang='lat' dir='ltr'><strong>dabo</strong></span> <span class='ocrx_word' id='word_1_144' title='bbox 1935 2078 2034 2135; x_wconf 86' lang='lat' dir='ltr'><strong>tibi</strong></span> 
     </span>
    </p>
   </div>
   <div class='ocr_carea' id='block_1_23' title="bbox 435 2166 2031 2240">
    <p class='ocr_par' dir='ltr' id='par_1_23' title="bbox 435 2166 2031 2240">
     <span class='ocr_line' id='line_1_23' title="bbox 435 2166 2031 2240; baseline 0.001 -18"><span class='ocrx_word' id='word_1_145' title='bbox 435 2166 654 2239; x_wconf 62' lang='lat' dir='ltr'><strong>gentes‘</strong></span> <span class='ocrx_word' id='word_1_146' title='bbox 687 2185 701 2222; x_wconf 90' lang='lat'><strong>:</strong></span> <span class='ocrx_word' id='word_1_147' title='bbox 731 2189 757 2214; x_wconf 73' lang='grc' dir='ltr'>ι»</span> <span class='ocrx_word' id='word_1_148' title='bbox 785 2175 864 2232; x_wconf 90' lang='lat' dir='ltr'><strong>et,</strong></span> <span class='ocrx_word' id='word_1_149' title='bbox 916 2189 942 2216; x_wconf 71' lang='grc' dir='ltr'><strong>ν</strong></span> <span class='ocrx_word' id='word_1_150' title='bbox 974 2169 1118 2222; x_wconf 89' lang='lat' dir='ltr'><strong>Data</strong></span> <span class='ocrx_word' id='word_1_151' title='bbox 1149 2175 1231 2222; x_wconf 91' lang='lat' dir='ltr'><strong>est</strong></span> <span class='ocrx_word' id='word_1_152' title='bbox 1270 2166 1404 2223; x_wconf 92' lang='lat' dir='ltr'><strong>mihi</strong></span> <span class='ocrx_word' id='word_1_153' title='bbox 1433 2168 1618 2224; x_wconf 91' lang='lat' dir='ltr'><strong>omnis</strong></span> <span class='ocrx_word' id='word_1_154' title='bbox 1647 2176 1891 2240; x_wconf 86' lang='lat' dir='ltr'><strong>potestas</strong></span> <span class='ocrx_word' id='word_1_155' title='bbox 1959 2211 1972 2224; x_wconf 95' lang='lat'><strong>.</strong></span> <span class='ocrx_word' id='word_1_156' title='bbox 2006 2193 2031 2218; x_wconf 77' lang='grc' dir='ltr'><strong>ι</strong></span> 
     </span>
    </p>
   </div>
   <div class='ocr_carea' id='block_1_24' title="bbox 435 2255 2030 2330">
    <p class='ocr_par' dir='ltr' id='par_1_24' title="bbox 435 2255 2030 2330">
     <span class='ocr_line' id='line_1_24' title="bbox 435 2255 2030 2330; baseline 0.002 -19"><span class='ocrx_word' id='word_1_157' title='bbox 435 2257 589 2312; x_wconf 81' lang='lat' dir='ltr'><strong>Hanc</strong></span> <span class='ocrx_word' id='word_1_158' title='bbox 615 2263 797 2311; x_wconf 89' lang='lat' dir='ltr'><strong>autem</strong></span> <span class='ocrx_word' id='word_1_159' title='bbox 825 2255 990 2312; x_wconf 88' lang='lat' dir='ltr'><strong>tradit</strong></span> <span class='ocrx_word' id='word_1_160' title='bbox 1013 2256 1160 2313; x_wconf 87' lang='lat' dir='ltr'><strong>Patri</strong></span> <span class='ocrx_word' id='word_1_161' title='bbox 1183 2297 1199 2326; x_wconf 96' lang='lat'><strong>,</strong></span> <span class='ocrx_word' id='word_1_162' title='bbox 1233 2257 1337 2314; x_wconf 93' lang='lat' dir='ltr'><strong>hoc</strong></span> <span class='ocrx_word' id='word_1_163' title='bbox 1362 2265 1474 2326; x_wconf 90' lang='lat' dir='ltr'><strong>est,</strong></span> <span class='ocrx_word' id='word_1_164' title='bbox 1524 2258 1780 2330; x_wconf 85' lang='lat' dir='ltr'><strong>transigit</strong></span> <span class='ocrx_word' id='word_1_165' title='bbox 1810 2267 2030 2315; x_wconf 89' lang='lat' dir='ltr'><strong>strenue</strong></span> 
     </span>
    </p>
   </div>
   <div class='ocr_carea' id='block_1_25' title="bbox 438 2343 2031 2420">
    <p class='ocr_par' dir='ltr' id='par_1_25' title="bbox 438 2343 2031 2420">
     <span class='ocr_line' id='line_1_25' title="bbox 438 2343 2031 2420; baseline 0.002 -19"><span class='ocrx_word' id='word_1_166' title='bbox 438 2354 495 2401; x_wconf 91' lang='lat' dir='ltr'><strong>et</strong></span> <span class='ocrx_word' id='word_1_167' title='bbox 547 2343 777 2417; x_wconf 82' lang='lat' dir='ltr'><strong>perficit.</strong></span> <span class='ocrx_word' id='word_1_168' title='bbox 825 2345 1079 2418; x_wconf 86' lang='lat' dir='ltr'><strong>Exempli</strong></span> <span class='ocrx_word' id='word_1_169' title='bbox 1121 2346 1327 2419; x_wconf 88' lang='lat' dir='ltr'><strong>gratia,</strong></span> <span class='ocrx_word' id='word_1_170' title='bbox 1387 2363 1483 2404; x_wconf 89' lang='lat' dir='ltr'><strong>rex</strong></span> <span class='ocrx_word' id='word_1_171' title='bbox 1539 2348 1781 2420; x_wconf 85' lang='lat' dir='ltr'><strong>quipiam</strong></span> <span class='ocrx_word' id='word_1_172' title='bbox 1825 2347 2031 2405; x_wconf 91' lang='lat' dir='ltr'><strong>bellum</strong></span> 
     </span>
    </p>
   </div>
   <div class='ocr_carea' id='block_1_26' title="bbox 439 2433 2034 2510">
    <p class='ocr_par' dir='ltr' id='par_1_26' title="bbox 439 2433 2034 2510">
     <span class='ocr_line' id='line_1_26' title="bbox 439 2433 2034 2510; baseline 0.003 -20"><span class='ocrx_word' id='word_1_173' title='bbox 439 2433 552 2491; x_wconf 83' lang='lat' dir='ltr'><strong>ﬁlio</strong></span> <span class='ocrx_word' id='word_1_174' title='bbox 588 2451 690 2491; x_wconf 91' lang='lat' dir='ltr'><strong>suo</strong></span> <span class='ocrx_word' id='word_1_175' title='bbox 740 2435 1085 2492; x_wconf 85' lang='lat' dir='ltr'><strong>commiserit</strong></span> <span class='ocrx_word' id='word_1_176' title='bbox 1137 2435 1426 2492; x_wconf 84' lang='lat' dir='ltr'><strong>adversum</strong></span> <span class='ocrx_word' id='word_1_177' title='bbox 1489 2447 1698 2510; x_wconf 79' lang='lat' dir='ltr'><strong>gentes,</strong></span> <span class='ocrx_word' id='word_1_178' title='bbox 1733 2453 1855 2510; x_wconf 63' lang='lat' dir='ltr'><strong>qua:</strong></span> <span class='ocrx_word' id='word_1_179' title='bbox 1883 2438 2034 2494; x_wconf 86' lang='lat' dir='ltr'><strong>defe-</strong></span> 
     </span>
    </p>
   </div>
   <div class='ocr_carea' id='block_1_27' title="bbox 437 2525 2034 2595">
    <p class='ocr_par' dir='ltr' id='par_1_27' title="bbox 437 2525 2034 2595">
     <span class='ocr_line' id='line_1_27' title="bbox 437 2525 2034 2595; baseline 0.003 -15"><span class='ocrx_word' id='word_1_180' title='bbox 437 2525 680 2581; x_wconf 90' lang='lat' dir='ltr'><strong>ctionem</strong></span> <span class='ocrx_word' id='word_1_181' title='bbox 707 2525 820 2582; x_wconf 91' lang='lat' dir='ltr'><strong>sint</strong></span> <span class='ocrx_word' id='word_1_182' title='bbox 850 2525 1076 2595; x_wconf 75' lang='lat' dir='ltr'><strong>molitae,</strong></span> <span class='ocrx_word' id='word_1_183' title='bbox 1107 2533 1170 2582; x_wconf 92' lang='lat' dir='ltr'><strong>ut</strong></span> <span class='ocrx_word' id='word_1_184' title='bbox 1199 2526 1332 2582; x_wconf 95' lang='lat' dir='ltr'><strong>illud</strong></span> <span class='ocrx_word' id='word_1_185' title='bbox 1361 2526 1706 2584; x_wconf 76' lang='lat' dir='ltr'><strong>administrat</strong></span> <span class='ocrx_word' id='word_1_186' title='bbox 1734 2547 1746 2583; x_wconf 89' lang='lat'><strong>:</strong></span> <span class='ocrx_word' id='word_1_187' title='bbox 1781 2528 2034 2585; x_wconf 83' lang='lat' dir='ltr'><strong>confecto</strong></span> 
     </span>
    </p>
   </div>
   <div class='ocr_carea' id='block_1_28' title="bbox 437 2614 2034 2690">
    <p class='ocr_par' dir='ltr' id='par_1_28' title="bbox 437 2614 2034 2690">
     <span class='ocr_line' id='line_1_28' title="bbox 437 2614 2034 2690; baseline 0.003 -20"><span class='ocrx_word' id='word_1_188' title='bbox 437 2615 618 2687; x_wconf 84' lang='lat' dir='ltr'><strong>itaque</strong></span> <span class='ocrx_word' id='word_1_189' title='bbox 646 2615 817 2683; x_wconf 92' lang='lat' dir='ltr'><strong>bello,</strong></span> <span class='ocrx_word' id='word_1_190' title='bbox 865 2614 1097 2672; x_wconf 90' lang='lat' dir='ltr'><strong>domitis</strong></span> <span class='ocrx_word' id='word_1_191' title='bbox 1148 2625 1204 2672; x_wconf 94' lang='lat' dir='ltr'><strong>et</strong></span> <span class='ocrx_word' id='word_1_192' title='bbox 1229 2616 1468 2673; x_wconf 90' lang='lat' dir='ltr'><strong>subactis</strong></span> <span class='ocrx_word' id='word_1_193' title='bbox 1493 2634 1720 2674; x_wconf 90' lang='lat' dir='ltr'><strong>rursum</strong></span> <span class='ocrx_word' id='word_1_194' title='bbox 1751 2619 2034 2690; x_wconf 85' lang='lat' dir='ltr'><strong>gentibus,</strong></span> 
     </span>
    </p>
   </div>
   <div class='ocr_carea' id='block_1_29' title="bbox 435 2703 2034 2778">
    <p class='ocr_par' dir='ltr' id='par_1_29' title="bbox 435 2703 2034 2778">
     <span class='ocr_line' id='line_1_29' title="bbox 435 2703 2034 2778; baseline 0.002 -18"><span class='ocrx_word' id='word_1_195' title='bbox 435 2711 569 2760; x_wconf 93' lang='lat' dir='ltr'><strong>tunc</strong></span> <span class='ocrx_word' id='word_1_196' title='bbox 596 2703 795 2761; x_wconf 88' lang='lat' dir='ltr'><strong>dicitur</strong></span> <span class='ocrx_word' id='word_1_197' title='bbox 817 2705 1020 2761; x_wconf 91' lang='lat' dir='ltr'><strong>bellum</strong></span> <span class='ocrx_word' id='word_1_198' title='bbox 1041 2705 1260 2762; x_wconf 89' lang='lat' dir='ltr'><strong>tradere</strong></span> <span class='ocrx_word' id='word_1_199' title='bbox 1296 2708 1459 2778; x_wconf 89' lang='lat' dir='ltr'><strong>patri,</strong></span> <span class='ocrx_word' id='word_1_200' title='bbox 1487 2707 1592 2762; x_wconf 92' lang='lat' dir='ltr'><strong>hoc</strong></span> <span class='ocrx_word' id='word_1_201' title='bbox 1619 2715 1708 2763; x_wconf 89' lang='lat' dir='ltr'><strong>est</strong></span> <span class='ocrx_word' id='word_1_202' title='bbox 1726 2747 1742 2775; x_wconf 94' lang='lat'><strong>,</strong></span> <span class='ocrx_word' id='word_1_203' title='bbox 1774 2707 2034 2763; x_wconf 88' lang='lat' dir='ltr'><strong>submon-</strong></span> 
     </span>
    </p>
   </div>
   <div class='ocr_carea' id='block_1_30' title="bbox 434 2794 2039 2868">
    <p class='ocr_par' dir='ltr' id='par_1_30' title="bbox 434 2794 2039 2868">
     <span class='ocr_line' id='line_1_30' title="bbox 434 2794 2039 2868; baseline 0.001 -19"><span class='ocrx_word' id='word_1_204' title='bbox 434 2801 613 2850; x_wconf 87' lang='lat' dir='ltr'><strong>strare</strong></span> <span class='ocrx_word' id='word_1_205' title='bbox 653 2794 800 2865; x_wconf 91' lang='lat' dir='ltr'><strong>quod</strong></span> <span class='ocrx_word' id='word_1_206' title='bbox 827 2794 1142 2866; x_wconf 86' lang='lat' dir='ltr'><strong>delegatum</strong></span> <span class='ocrx_word' id='word_1_207' title='bbox 1167 2795 1273 2852; x_wconf 88' lang='lat' dir='ltr'><strong>sibi</strong></span> <span class='ocrx_word' id='word_1_208' title='bbox 1298 2811 1436 2866; x_wconf 90' lang='lat' dir='ltr'><strong>opus</strong></span> <span class='ocrx_word' id='word_1_209' title='bbox 1465 2795 1777 2868; x_wconf 85' lang='lat' dir='ltr'><strong>perfecerit.</strong></span> <span class='ocrx_word' id='word_1_210' title='bbox 1805 2796 1900 2852; x_wconf 83' lang='lat' dir='ltr'><strong>Ait</strong></span> <span class='ocrx_word' id='word_1_211' title='bbox 1938 2798 2039 2851; x_wconf 83' lang='lat' dir='ltr'><strong>ita-</strong></span> 
     </span>
    </p>
   </div>
   <div class='ocr_carea' id='block_1_31' title="bbox 441 2882 2038 2958">
    <p class='ocr_par' dir='ltr' id='par_1_31' title="bbox 441 2882 2038 2958">
     <span class='ocr_line' id='line_1_31' title="bbox 441 2882 2038 2958; baseline 0.003 -20"><span class='ocrx_word' id='word_1_212' title='bbox 441 2898 548 2954; x_wconf 90' lang='lat' dir='ltr'><strong>que</strong></span> <span class='ocrx_word' id='word_1_213' title='bbox 586 2882 786 2938; x_wconf 87' lang='lat' dir='ltr'><strong>Paulus</strong></span> <span class='ocrx_word' id='word_1_214' title='bbox 805 2925 820 2950; x_wconf 89' lang='lat'><strong>,</strong></span> <span class='ocrx_word' id='word_1_215' title='bbox 847 2884 995 2956; x_wconf 90' lang='lat' dir='ltr'><strong>quod</strong></span> <span class='ocrx_word' id='word_1_216' title='bbox 1039 2885 1205 2940; x_wconf 92' lang='lat' dir='ltr'><strong>simul</strong></span> <span class='ocrx_word' id='word_1_217' title='bbox 1235 2893 1398 2956; x_wconf 83' lang='lat' dir='ltr'><strong>atque</strong></span> <span class='ocrx_word' id='word_1_218' title='bbox 1427 2887 1610 2941; x_wconf 90' lang='lat' dir='ltr'><strong>omnia</strong></span> <span class='ocrx_word' id='word_1_219' title='bbox 1638 2886 1929 2958; x_wconf 86' lang='lat' dir='ltr'><strong>subjecerit</strong></span> <span class='ocrx_word' id='word_1_220' title='bbox 1958 2889 2038 2943; x_wconf 85' lang='lat' dir='ltr'><strong>Fi-</strong></span> 
     </span>
    </p>
   </div>
   <div class='ocr_carea' id='block_1_32' title="bbox 447 2971 2037 3046">
    <p class='ocr_par' dir='ltr' id='par_1_32' title="bbox 447 2971 2037 3046">
     <span class='ocr_line' id='line_1_32' title="bbox 447 2971 2037 3046; baseline 0.003 -19"><span class='ocrx_word' id='word_1_221' title='bbox 447 2972 578 3041; x_wconf 89' lang='lat' dir='ltr'><strong>lius,</strong></span> <span class='ocrx_word' id='word_1_222' title='bbox 639 2979 757 3027; x_wconf 88' lang='lat' dir='ltr'><strong>tum</strong></span> <span class='ocrx_word' id='word_1_223' title='bbox 806 2971 934 3028; x_wconf 86' lang='lat' dir='ltr'><strong>ﬁnis</strong></span> <span class='ocrx_word' id='word_1_224' title='bbox 963 2973 1088 3030; x_wconf 89' lang='lat' dir='ltr'><strong>erit.</strong></span> <span class='ocrx_word' id='word_1_225' title='bbox 1118 2975 1262 3029; x_wconf 91' lang='lat' dir='ltr'><strong>Tum</strong></span> <span class='ocrx_word' id='word_1_226' title='bbox 1303 2974 1452 3030; x_wconf 91' lang='lat' dir='ltr'><strong>enim</strong></span> <span class='ocrx_word' id='word_1_227' title='bbox 1503 2974 1744 3046; x_wconf 87' lang='lat' dir='ltr'><strong>perfecte</strong></span> <span class='ocrx_word' id='word_1_228' title='bbox 1785 2975 2037 3032; x_wconf 89' lang='lat' dir='ltr'><strong>Christus</strong></span> 
     </span>
    </p>
   </div>
   <div class='ocr_carea' id='block_1_33' title="bbox 445 3061 2034 3136">
    <p class='ocr_par' dir='ltr' id='par_1_33' title="bbox 445 3061 2034 3136">
     <span class='ocr_line' id='line_1_33' title="bbox 445 3061 2034 3136; baseline 0.004 -19"><span class='ocrx_word' id='word_1_229' title='bbox 445 3077 610 3133; x_wconf 90' lang='lat' dir='ltr'><strong>super</strong></span> <span class='ocrx_word' id='word_1_230' title='bbox 625 3076 728 3117; x_wconf 90' lang='lat' dir='ltr'><strong>nos</strong></span> <span class='ocrx_word' id='word_1_231' title='bbox 746 3061 1021 3132; x_wconf 81' lang='lat' dir='ltr'><strong>regnabit,</strong></span> <span class='ocrx_word' id='word_1_232' title='bbox 1049 3078 1160 3118; x_wconf 89' lang='lat' dir='ltr'><strong>non</strong></span> <span class='ocrx_word' id='word_1_233' title='bbox 1181 3063 1418 3134; x_wconf 89' lang='lat' dir='ltr'><strong>amplius</strong></span> <span class='ocrx_word' id='word_1_234' title='bbox 1440 3063 1647 3120; x_wconf 89' lang='lat' dir='ltr'><strong>divisos</strong></span> <span class='ocrx_word' id='word_1_235' title='bbox 1671 3065 1869 3136; x_wconf 87' lang='lat' dir='ltr'><strong>partim</strong></span> <span class='ocrx_word' id='word_1_236' title='bbox 1893 3069 2034 3136; x_wconf 89' lang='lat' dir='ltr'><strong>Deo,</strong></span> 
     </span>
    </p>
   </div>
   <div class='ocr_carea' id='block_1_34' title="bbox 438 3150 2039 3230">
    <p class='ocr_par' dir='ltr' id='par_1_34' title="bbox 438 3150 2039 3230">
     <span class='ocr_line' id='line_1_34' title="bbox 438 3150 2039 3230; baseline 0.004 -24"><span class='ocrx_word' id='word_1_237' title='bbox 438 3150 640 3222; x_wconf 89' lang='lat' dir='ltr'><strong>partim</strong></span> <span class='ocrx_word' id='word_1_238' title='bbox 659 3150 852 3206; x_wconf 91' lang='lat' dir='ltr'><strong>mundi</strong></span> <span class='ocrx_word' id='word_1_239' title='bbox 883 3151 1130 3223; x_wconf 89' lang='lat' dir='ltr'><strong>principi.</strong></span> <span class='ocrx_word' id='word_1_240' title='bbox 1162 3155 1416 3224; x_wconf 79' lang='lat' dir='ltr'><strong>Regnum</strong></span> <span class='ocrx_word' id='word_1_241' title='bbox 1444 3153 1594 3209; x_wconf 90' lang='lat' dir='ltr'><strong>enim</strong></span> <span class='ocrx_word' id='word_1_242' title='bbox 1621 3162 1887 3227; x_wconf 90' lang='lat' dir='ltr'><strong>tanquam</strong></span> <span class='ocrx_word' id='word_1_243' title='bbox 1907 3172 1934 3211; x_wconf 91' lang='lat' dir='ltr'><strong>a</strong></span> <span class='ocrx_word' id='word_1_244' title='bbox 1958 3165 2039 3230; x_wconf 91' lang='lat' dir='ltr'><strong>ty-</strong></span> 
     </span>
    </p>
   </div>
   <div class='ocr_carea' id='block_1_35' title="bbox 452 3241 2034 3314">
    <p class='ocr_par' dir='ltr' id='par_1_35' title="bbox 452 3241 2034 3314">
     <span class='ocr_line' id='line_1_35' title="bbox 452 3241 2034 3314; baseline 0.004 -18"><span class='ocrx_word' id='word_1_245' title='bbox 452 3256 626 3297; x_wconf 89' lang='lat' dir='ltr'><strong>ranno</strong></span> <span class='ocrx_word' id='word_1_246' title='bbox 645 3248 973 3314; x_wconf 89' lang='lat' dir='ltr'><strong>usurpatum</strong></span> <span class='ocrx_word' id='word_1_247' title='bbox 997 3241 1112 3314; x_wconf 91' lang='lat' dir='ltr'><strong>ipse</strong></span> <span class='ocrx_word' id='word_1_248' title='bbox 1133 3242 1392 3314; x_wconf 88' lang='lat' dir='ltr'><strong>eripiens,</strong></span> <span class='ocrx_word' id='word_1_249' title='bbox 1417 3243 1652 3300; x_wconf 90' lang='lat' dir='ltr'><strong>liberum</strong></span> <span class='ocrx_word' id='word_1_250' title='bbox 1671 3243 1843 3302; x_wconf 89' lang='lat' dir='ltr'><strong>tradit</strong></span> <span class='ocrx_word' id='word_1_251' title='bbox 1866 3247 2034 3303; x_wconf 84' lang='lat' dir='ltr'><strong>Patri.</strong></span> 
     </span>
    </p>
   </div>
   <div class='ocr_carea' id='block_1_36' title="bbox 519 3421 2041 3499">
    <p class='ocr_par' dir='ltr' id='par_1_36' title="bbox 519 3421 2041 3499">
     <span class='ocr_line' id='line_1_36' title="bbox 519 3421 2041 3499; baseline 0.009 -27"><span class='ocrx_word' id='word_1_252' title='bbox 519 3445 545 3472; x_wconf 75' lang='grc' dir='ltr'>ι</span> <span class='ocrx_word' id='word_1_253' title='bbox 612 3421 851 3495; x_wconf 87' lang='lat' dir='ltr'><strong>Quando</strong></span> <span class='ocrx_word' id='word_1_254' title='bbox 913 3422 1212 3480; x_wconf 87' lang='lat' dir='ltr'><strong>aboleverit</strong></span> <span class='ocrx_word' id='word_1_255' title='bbox 1275 3440 1497 3481; x_wconf 91' lang='lat' dir='ltr'><strong>omnem</strong></span> <span class='ocrx_word' id='word_1_256' title='bbox 1554 3427 1924 3499; x_wconf 89' lang='lat' dir='ltr'><strong>principatum</strong></span> <span class='ocrx_word' id='word_1_257' title='bbox 1987 3437 2041 3484; x_wconf 87' lang='lat' dir='ltr'><strong>et</strong></span> 
     </span>
    </p>
   </div>
   <div class='ocr_carea' id='block_1_37' title="bbox 450 3513 2038 3591">
    <p class='ocr_par' dir='ltr' id='par_1_37' title="bbox 450 3513 2038 3591">
     <span class='ocr_line' id='line_1_37' title="bbox 450 3513 2038 3591; baseline 0.004 -23"><span class='ocrx_word' id='word_1_258' title='bbox 450 3527 674 3568; x_wconf 91' lang='lat' dir='ltr'><strong>omnem</strong></span> <span class='ocrx_word' id='word_1_259' title='bbox 712 3517 1041 3585; x_wconf 84' lang='lat' dir='ltr'><strong>potestatem</strong></span> <span class='ocrx_word' id='word_1_260' title='bbox 1072 3521 1125 3569; x_wconf 91' lang='lat' dir='ltr'><strong>et</strong></span> <span class='ocrx_word' id='word_1_261' title='bbox 1150 3513 1431 3571; x_wconf 85' lang='lat' dir='ltr'><strong>virtutem.</strong></span> <span class='ocrx_word' id='word_1_262' title='bbox 1466 3538 1490 3565; x_wconf 79' lang='grc' dir='ltr'>ιο</span> <span class='ocrx_word' id='word_1_263' title='bbox 1523 3516 1646 3572; x_wconf 89' lang='lat' dir='ltr'><strong>Hoc</strong></span> <span class='ocrx_word' id='word_1_264' title='bbox 1669 3525 1779 3586; x_wconf 89' lang='lat' dir='ltr'><strong>est,</strong></span> <span class='ocrx_word' id='word_1_265' title='bbox 1819 3517 2038 3591; x_wconf 90' lang='lat' dir='ltr'><strong>quando</strong></span> 
     </span>
    </p>
   </div>
   <div class='ocr_carea' id='block_1_38' title="bbox 449 3601 2041 3677">
    <p class='ocr_par' dir='ltr' id='par_1_38' title="bbox 449 3601 2041 3677">
     <span class='ocr_line' id='line_1_38' title="bbox 449 3601 2041 3677; baseline 0.004 -20"><span class='ocrx_word' id='word_1_266' title='bbox 449 3601 643 3657; x_wconf 81' lang='lat' dir='ltr'><strong>vicerit</strong></span> <span class='ocrx_word' id='word_1_267' title='bbox 691 3608 748 3657; x_wconf 92' lang='lat' dir='ltr'><strong>et</strong></span> <span class='ocrx_word' id='word_1_268' title='bbox 798 3603 1204 3674; x_wconf 90' lang='lat' dir='ltr'><strong>compescuerit</strong></span> <span class='ocrx_word' id='word_1_269' title='bbox 1256 3619 1450 3676; x_wconf 84' lang='lat' dir='ltr'><strong>pravas</strong></span> <span class='ocrx_word' id='word_1_270' title='bbox 1492 3607 1788 3677; x_wconf 88' lang='lat' dir='ltr'><strong>potentias.</strong></span> <span class='ocrx_word' id='word_1_271' title='bbox 1863 3608 2041 3664; x_wconf 88' lang='lat' dir='ltr'><strong>Hodie</strong></span> 
     </span>
    </p>
   </div>
   <div class='ocr_carea' id='block_1_39' title="bbox 442 3692 2042 3770">
    <p class='ocr_par' dir='ltr' id='par_1_39' title="bbox 442 3692 2042 3770">
     <span class='ocr_line' id='line_1_39' title="bbox 442 3692 2042 3770; baseline 0.005 -23"><span class='ocrx_word' id='word_1_272' title='bbox 442 3707 678 3764; x_wconf 91' lang='lat' dir='ltr'><strong>namque</strong></span> <span class='ocrx_word' id='word_1_273' title='bbox 717 3700 1031 3764; x_wconf 85' lang='lat' dir='ltr'><strong>operantur,</strong></span> <span class='ocrx_word' id='word_1_274' title='bbox 1070 3701 1128 3749; x_wconf 92' lang='lat' dir='ltr'><strong>et</strong></span> <span class='ocrx_word' id='word_1_275' title='bbox 1171 3692 1283 3750; x_wconf 91' lang='lat' dir='ltr'><strong>vim</strong></span> <span class='ocrx_word' id='word_1_276' title='bbox 1322 3710 1483 3751; x_wconf 88' lang='lat' dir='ltr'><strong>suam</strong></span> <span class='ocrx_word' id='word_1_277' title='bbox 1526 3704 1755 3752; x_wconf 88' lang='lat' dir='ltr'><strong>exerunt</strong></span> <span class='ocrx_word' id='word_1_278' title='bbox 1795 3697 2042 3770; x_wconf 89' lang='lat' dir='ltr'><strong>plerum-</strong></span> 
     </span>
    </p>
   </div>
   <div class='ocr_carea' id='block_1_40' title="bbox 441 3782 1446 3864">
    <p class='ocr_par' dir='ltr' id='par_1_40' title="bbox 441 3782 1446 3864">
     <span class='ocr_line' id='line_1_40' title="bbox 441 3782 1446 3864; baseline 0 -27"><span class='ocrx_word' id='word_1_279' title='bbox 441 3796 570 3854; x_wconf 89' lang='lat' dir='ltr'><strong>que,</strong></span> <span class='ocrx_word' id='word_1_280' title='bbox 602 3790 726 3836; x_wconf 89' lang='lat' dir='ltr'><strong>tum</strong></span> <span class='ocrx_word' id='word_1_281' title='bbox 753 3797 880 3837; x_wconf 84' lang='lat' dir='ltr'><strong>vero</strong></span> <span class='ocrx_word' id='word_1_282' title='bbox 909 3782 1206 3853; x_wconf 88' lang='lat' dir='ltr'><strong>quiescent.</strong></span> <span class='ocrx_word' id='word_1_283' title='bbox 1441 3857 1446 3864; x_wconf 21' lang='grc'><strong><em>1</em></strong></span> 
     </span>
    </p>
   </div>
   <div class='ocr_carea' id='block_1_41' title="bbox 511 3871 2039 3948">
    <p class='ocr_par' dir='ltr' id='par_1_41' title="bbox 511 3871 2039 3948">
     <span class='ocr_line' id='line_1_41' title="bbox 511 3871 2039 3948; baseline 0.004 -21"><span class='ocrx_word' id='word_1_284' title='bbox 511 3871 695 3928; x_wconf 73' lang='lat' dir='ltr'><strong>Vnus.</strong></span> <span class='ocrx_word' id='word_1_285' title='bbox 732 3875 824 3940; x_wconf 87' lang='lat'><strong>25,</strong></span> <span class='ocrx_word' id='word_1_286' title='bbox 846 3877 937 3928; x_wconf 88' lang='lat'><strong>26.</strong></span> <span class='ocrx_word' id='word_1_287' title='bbox 968 3894 995 3920; x_wconf 78' lang='grc' dir='ltr'>οι</span> <span class='ocrx_word' id='word_1_288' title='bbox 1028 3874 1422 3944; x_wconf 82' lang='lat' dir='ltr'><strong>Oportctenim</strong></span> <span class='ocrx_word' id='word_1_289' title='bbox 1440 3875 1621 3946; x_wconf 90' lang='lat' dir='ltr'><strong>ipsum</strong></span> <span class='ocrx_word' id='word_1_290' title='bbox 1651 3891 1903 3948; x_wconf 89' lang='lat' dir='ltr'><strong>regnare,</strong></span> <span class='ocrx_word' id='word_1_291' title='bbox 1935 3876 2039 3933; x_wconf 90' lang='lat' dir='ltr'><strong>do-</strong></span> 
     </span>
    </p>
   </div>
   <div class='ocr_carea' id='block_1_42' title="bbox 445 3961 2035 4037">
    <p class='ocr_par' dir='ltr' id='par_1_42' title="bbox 445 3961 2035 4037">
     <span class='ocr_line' id='line_1_42' title="bbox 445 3961 2035 4037; baseline 0.003 -19"><span class='ocrx_word' id='word_1_292' title='bbox 445 3977 550 4018; x_wconf 91' lang='lat' dir='ltr'><strong>nec</strong></span> <span class='ocrx_word' id='word_1_293' title='bbox 601 3961 850 4033; x_wconf 88' lang='lat' dir='ltr'><strong>posuerit</strong></span> <span class='ocrx_word' id='word_1_294' title='bbox 912 3976 1105 4017; x_wconf 90' lang='lat' dir='ltr'><strong>omnes</strong></span> <span class='ocrx_word' id='word_1_295' title='bbox 1153 3961 1405 4019; x_wconf 91' lang='lat' dir='ltr'><strong>inimicos</strong></span> <span class='ocrx_word' id='word_1_296' title='bbox 1465 3964 1570 4020; x_wconf 89' lang='lat' dir='ltr'><strong>sub</strong></span> <span class='ocrx_word' id='word_1_297' title='bbox 1623 3965 1856 4037; x_wconf 91' lang='lat' dir='ltr'><strong>pedibus</strong></span> <span class='ocrx_word' id='word_1_298' title='bbox 1902 3967 2035 4024; x_wconf 90' lang='lat' dir='ltr'><strong>suis.</strong></span> 
     </span>
    </p>
   </div>
   <div class='ocr_carea' id='block_1_43' title="bbox 442 4049 2041 4125">
    <p class='ocr_par' dir='ltr' id='par_1_43' title="bbox 442 4049 2041 4125">
     <span class='ocr_line' id='line_1_43' title="bbox 442 4049 2041 4125; baseline 0.004 -19"><span class='ocrx_word' id='word_1_299' title='bbox 442 4053 762 4108; x_wconf 89' lang='lat' dir='ltr'><strong>Postremus</strong></span> <span class='ocrx_word' id='word_1_300' title='bbox 810 4049 982 4106; x_wconf 89' lang='lat' dir='ltr'><strong>hostis</strong></span> <span class='ocrx_word' id='word_1_301' title='bbox 1011 4051 1316 4108; x_wconf 87' lang='lat' dir='ltr'><strong>destruitur</strong></span> <span class='ocrx_word' id='word_1_302' title='bbox 1366 4069 1541 4110; x_wconf 90' lang='lat' dir='ltr'><strong>mors.</strong></span> <span class='ocrx_word' id='word_1_303' title='bbox 1577 4077 1604 4103; x_wconf 75' lang='grc' dir='ltr'><strong>ι</strong></span> <span class='ocrx_word' id='word_1_304' title='bbox 1644 4056 1782 4125; x_wconf 87' lang='lat' dir='ltr'><strong>Quia</strong></span> <span class='ocrx_word' id='word_1_305' title='bbox 1830 4056 2041 4114; x_wconf 84' lang='lat' dir='ltr'><strong>dixerat</strong></span> 
     </span>
    </p>
   </div>
   <div class='ocr_carea' id='block_1_44' title="bbox 439 4139 2040 4216">
    <p class='ocr_par' dir='ltr' id='par_1_44' title="bbox 439 4139 2040 4216">
     <span class='ocr_line' id='line_1_44' title="bbox 439 4139 2040 4216; baseline 0.003 -19"><span class='ocrx_word' id='word_1_306' title='bbox 439 4140 717 4198; x_wconf 90' lang='lat' dir='ltr'><strong>Christum</strong></span> <span class='ocrx_word' id='word_1_307' title='bbox 771 4139 1180 4197; x_wconf 82' lang='lat' dir='ltr'><strong>destructumm</strong></span> <span class='ocrx_word' id='word_1_308' title='bbox 1239 4141 1560 4200; x_wconf 85' lang='lat' dir='ltr'><strong>defectrices</strong></span> <span class='ocrx_word' id='word_1_309' title='bbox 1611 4145 1920 4216; x_wconf 91' lang='lat' dir='ltr'><strong>potentias,</strong></span> <span class='ocrx_word' id='word_1_310' title='bbox 1979 4163 2040 4202; x_wconf 89' lang='lat' dir='ltr'><strong>ac</strong></span> 
     </span>
    </p>
   </div>
   <div class='ocr_carea' id='block_1_45' title="bbox 436 4231 2044 4307">
    <p class='ocr_par' dir='ltr' id='par_1_45' title="bbox 436 4231 2044 4307">
     <span class='ocr_line' id='line_1_45' title="bbox 436 4231 2044 4307; baseline 0.005 -23"><span class='ocrx_word' id='word_1_311' title='bbox 436 4237 644 4301; x_wconf 73' lang='lat' dir='ltr'><strong>tropzea</strong></span> <span class='ocrx_word' id='word_1_312' title='bbox 703 4238 1038 4300; x_wconf 89' lang='lat' dir='ltr'><strong>erecturum,</strong></span> <span class='ocrx_word' id='word_1_313' title='bbox 1097 4231 1396 4288; x_wconf 86' lang='lat' dir='ltr'><strong>verisimile</strong></span> <span class='ocrx_word' id='word_1_314' title='bbox 1436 4241 1622 4290; x_wconf 90' lang='lat' dir='ltr'><strong>autem</strong></span> <span class='ocrx_word' id='word_1_315' title='bbox 1671 4243 1788 4291; x_wconf 90' lang='lat' dir='ltr'><strong>erat</strong></span> <span class='ocrx_word' id='word_1_316' title='bbox 1851 4251 2044 4307; x_wconf 89' lang='lat' dir='ltr'><strong>quem-</strong></span> 
     </span>
    </p>
   </div>
   <div class='ocr_carea' id='block_1_46' title="bbox 447 4319 2048 4392">
    <p class='ocr_par' dir='ltr' id='par_1_46' title="bbox 447 4319 2048 4392">
     <span class='ocr_line' id='line_1_46' title="bbox 447 4319 2048 4392; baseline 0.005 -17"><span class='ocrx_word' id='word_1_317' title='bbox 447 4319 595 4392; x_wconf 89' lang='lat' dir='ltr'><strong>piam</strong></span> <span class='ocrx_word' id='word_1_318' title='bbox 641 4319 892 4376; x_wconf 90' lang='lat' dir='ltr'><strong>dubitare</strong></span> <span class='ocrx_word' id='word_1_319' title='bbox 951 4335 1015 4376; x_wconf 90' lang='lat' dir='ltr'><strong>ac</strong></span> <span class='ocrx_word' id='word_1_320' title='bbox 1066 4320 1243 4377; x_wconf 91' lang='lat' dir='ltr'><strong>dicere</strong></span> <span class='ocrx_word' id='word_1_321' title='bbox 1287 4343 1300 4378; x_wconf 90' lang='lat'>:</span> <span class='ocrx_word' id='word_1_322' title='bbox 1351 4323 1602 4379; x_wconf 88' lang='lat' dir='ltr'><strong>Fortasse</strong></span> <span class='ocrx_word' id='word_1_323' title='bbox 1674 4324 2048 4383; x_wconf 88' lang='lat' dir='ltr'><strong>debilitabitur</strong></span> 
     </span>
    </p>
   </div>
   <div class='ocr_carea' id='block_1_47' title="bbox 449 4409 2045 4486">
    <p class='ocr_par' dir='ltr' id='par_1_47' title="bbox 449 4409 2045 4486">
     <span class='ocr_line' id='line_1_47' title="bbox 449 4409 2045 4486; baseline 0.006 -22"><span class='ocrx_word' id='word_1_324' title='bbox 449 4425 622 4481; x_wconf 90' lang='lat' dir='ltr'><strong>usque</strong></span> <span class='ocrx_word' id='word_1_325' title='bbox 653 4409 788 4465; x_wconf 91' lang='lat' dir='ltr'><strong>dum</strong></span> <span class='ocrx_word' id='word_1_326' title='bbox 817 4410 1004 4465; x_wconf 90' lang='lat' dir='ltr'><strong>omnia</strong></span> <span class='ocrx_word' id='word_1_327' title='bbox 1043 4409 1160 4466; x_wconf 66' lang='lat' dir='ltr'><strong>haec</strong></span> <span class='ocrx_word' id='word_1_328' title='bbox 1201 4410 1512 4482; x_wconf 88' lang='lat' dir='ltr'><strong>perfecerit,</strong></span> <span class='ocrx_word' id='word_1_329' title='bbox 1545 4428 1727 4485; x_wconf 91' lang='lat' dir='ltr'><strong>neque</strong></span> <span class='ocrx_word' id='word_1_330' title='bbox 1757 4415 1959 4486; x_wconf 87' lang='lat' dir='ltr'><strong>poterit</strong></span> <span class='ocrx_word' id='word_1_331' title='bbox 1983 4432 2045 4473; x_wconf 89' lang='lat' dir='ltr'><strong>ea</strong></span> 
     </span>
    </p>
   </div>
   <div class='ocr_carea' id='block_1_48' title="bbox 445 4498 2046 4574">
    <p class='ocr_par' dir='ltr' id='par_1_48' title="bbox 445 4498 2046 4574">
     <span class='ocr_line' id='line_1_48' title="bbox 445 4498 2046 4574; baseline 0.004 -19"><span class='ocrx_word' id='word_1_332' title='bbox 445 4499 757 4570; x_wconf 90' lang='lat' dir='ltr'><strong>complere:</strong></span> <span class='ocrx_word' id='word_1_333' title='bbox 789 4498 860 4555; x_wconf 92' lang='lat' dir='ltr'><strong>ad</strong></span> <span class='ocrx_word' id='word_1_334' title='bbox 890 4498 1016 4567; x_wconf 93' lang='lat' dir='ltr'><strong>hoc,</strong></span> <span class='ocrx_word' id='word_1_335' title='bbox 1049 4500 1516 4574; x_wconf 89' lang='lat' dir='ltr'><strong>Haudquaquam,</strong></span> <span class='ocrx_word' id='word_1_336' title='bbox 1549 4502 1748 4574; x_wconf 89' lang='lat' dir='ltr'><strong>inquit,</strong></span> <span class='ocrx_word' id='word_1_337' title='bbox 1782 4503 2046 4562; x_wconf 90' lang='lat' dir='ltr'><strong>destitue-</strong></span> 
     </span>
    </p>
   </div>
   <div class='ocr_carea' id='block_1_49' title="bbox 439 4588 2044 4663">
    <p class='ocr_par' dir='ltr' id='par_1_49' title="bbox 439 4588 2044 4663">
     <span class='ocr_line' id='line_1_49' title="bbox 439 4588 2044 4663; baseline 0.003 -18"><span class='ocrx_word' id='word_1_338' title='bbox 439 4596 531 4645; x_wconf 90' lang='lat' dir='ltr'><strong>tur</strong></span> <span class='ocrx_word' id='word_1_339' title='bbox 556 4588 782 4657; x_wconf 82' lang='lat' dir='ltr'><strong>viribus,</strong></span> <span class='ocrx_word' id='word_1_340' title='bbox 811 4588 908 4645; x_wconf 91' lang='lat' dir='ltr'><strong>sed</strong></span> <span class='ocrx_word' id='word_1_341' title='bbox 945 4612 970 4637; x_wconf 76' lang='grc' dir='ltr'><strong>α</strong></span> <span class='ocrx_word' id='word_1_342' title='bbox 995 4596 1211 4660; x_wconf 91' lang='lat' dir='ltr'><strong>oportet</strong></span> <span class='ocrx_word' id='word_1_343' title='bbox 1245 4590 1428 4661; x_wconf 87' lang='lat' dir='ltr'><strong>ipsum</strong></span> <span class='ocrx_word' id='word_1_344' title='bbox 1460 4607 1705 4663; x_wconf 82' lang='lat' dir='ltr'><strong>regnare,</strong></span> <span class='ocrx_word' id='word_1_345' title='bbox 1731 4612 1760 4644; x_wconf 85' lang='lat'><strong>»</strong></span> <span class='ocrx_word' id='word_1_346' title='bbox 1794 4595 1899 4650; x_wconf 91' lang='lat' dir='ltr'><strong>hoc</strong></span> <span class='ocrx_word' id='word_1_347' title='bbox 1937 4604 2044 4663; x_wconf 88' lang='lat' dir='ltr'><strong>cst,</strong></span> 
     </span>
    </p>
   </div>
   <div class='ocr_carea' id='block_1_50' title="bbox 2136 883 3730 976">
    <p class='ocr_par' dir='ltr' id='par_1_50' title="bbox 2136 883 3730 976">
     <span class='ocr_line' id='line_1_50' title="bbox 2136 883 3730 976; baseline -0.008 -14"><span class='ocrx_word' id='word_1_348' title='bbox 2136 883 2363 974; x_wconf 66' lang='grc' dir='ltr'><strong>μένουσι⁷</strong></span> <span class='ocrx_word' id='word_1_349' title='bbox 2393 883 2483 956; x_wconf 61' lang='grc' dir='ltr'><strong>τόν</strong></span> <span class='ocrx_word' id='word_1_350' title='bbox 2511 883 2700 976; x_wconf 79' lang='grc' dir='ltr'>κριτὴν</span> <span class='ocrx_word' id='word_1_351' title='bbox 2731 899 2804 962; x_wconf 83' lang='grc' dir='ltr'>ὥς</span> <span class='ocrx_word' id='word_1_352' title='bbox 2844 895 3146 955; x_wconf 87' lang='grc' dir='ltr'>κατάδικοι.</span> <span class='ocrx_word' id='word_1_353' title='bbox 3181 883 3320 953; x_wconf 68' lang='grc' dir='ltr'>Εἶτα</span> <span class='ocrx_word' id='word_1_354' title='bbox 3358 891 3419 950; x_wconf 81' lang='grc' dir='ltr'><strong>τὸ</strong></span> <span class='ocrx_word' id='word_1_355' title='bbox 3447 893 3596 960; x_wconf 80' lang='grc' dir='ltr'><strong>τέλος</strong></span> <span class='ocrx_word' id='word_1_356' title='bbox 3623 893 3730 950; x_wconf 79' lang='grc' dir='ltr'><strong>τῶν</strong></span> 
     </span>
    </p>
   </div>
   <div class='ocr_carea' id='block_1_51' title="bbox 2135 979 3730 1066">
    <p class='ocr_par' dir='ltr' id='par_1_51' title="bbox 2135 979 3730 1066">
     <span class='ocr_line' id='line_1_51' title="bbox 2135 979 3730 1066; baseline -0.008 -16"><span class='ocrx_word' id='word_1_357' title='bbox 2135 990 2384 1066; x_wconf 89' lang='grc' dir='ltr'>πάντων,</span> <span class='ocrx_word' id='word_1_358' title='bbox 2439 986 2532 1046; x_wconf 74' lang='grc' dir='ltr'>καὶ</span> <span class='ocrx_word' id='word_1_359' title='bbox 2576 987 2738 1057; x_wconf 77' lang='grc' dir='ltr'>αὐτῆς</span> <span class='ocrx_word' id='word_1_360' title='bbox 2783 988 2878 1064; x_wconf 78' lang='grc' dir='ltr'><strong>τῇς</strong></span> <span class='ocrx_word' id='word_1_361' title='bbox 2945 982 3312 1054; x_wconf 79' lang='grc' dir='ltr'><strong>ἀναστάσεως,</strong></span> <span class='ocrx_word' id='word_1_362' title='bbox 3366 981 3459 1040; x_wconf 84' lang='grc' dir='ltr'><strong>ἅτε</strong></span> <span class='ocrx_word' id='word_1_363' title='bbox 3516 979 3730 1040; x_wconf 85' lang='grc' dir='ltr'>πάντων</span> 
     </span>
    </p>
   </div>
   <div class='ocr_carea' id='block_1_52' title="bbox 2137 1071 3732 1158">
    <p class='ocr_par' dir='ltr' id='par_1_52' title="bbox 2137 1071 3732 1158">
     <span class='ocr_line' id='line_1_52' title="bbox 2137 1071 3732 1158; baseline -0.008 -18"><span class='ocrx_word' id='word_1_364' title='bbox 2137 1083 2321 1148; x_wconf 80' lang='grc' dir='ltr'>κοινῶς</span> <span class='ocrx_word' id='word_1_365' title='bbox 2353 1075 2702 1158; x_wconf 79' lang='grc' dir='ltr'>ἐγειρομένων</span> <span class='ocrx_word' id='word_1_366' title='bbox 2727 1099 2740 1112; x_wconf 90' lang='grc'><strong>·</strong></span> <span class='ocrx_word' id='word_1_367' title='bbox 2787 1077 2888 1154; x_wconf 82' lang='grc' dir='ltr'><strong>οὐχ</strong></span> <span class='ocrx_word' id='word_1_368' title='bbox 2914 1073 3095 1153; x_wconf 79' lang='grc' dir='ltr'>ὥσπερ</span> <span class='ocrx_word' id='word_1_369' title='bbox 3143 1071 3245 1153; x_wconf 71' lang='grc' dir='ltr'><strong>γὰρ</strong></span> <span class='ocrx_word' id='word_1_370' title='bbox 3275 1077 3402 1146; x_wconf 89' lang='grc' dir='ltr'>νῦν,</span> <span class='ocrx_word' id='word_1_371' title='bbox 3435 1071 3598 1148; x_wconf 85' lang='grc' dir='ltr'>μόνου</span> <span class='ocrx_word' id='word_1_372' title='bbox 3639 1075 3732 1130; x_wconf 90' lang='grc' dir='ltr'><strong>τοῦ</strong></span> 
     </span>
    </p>
   </div>
   <div class='ocr_carea' id='block_1_53' title="bbox 2138 1160 3738 1251">
    <p class='ocr_par' dir='ltr' id='par_1_53' title="bbox 2138 1160 3738 1251">
     <span class='ocr_line' id='line_1_53' title="bbox 2138 1160 3738 1251; baseline -0.009 -19"><span class='ocrx_word' id='word_1_373' title='bbox 2138 1173 2372 1251; x_wconf 81' lang='grc' dir='ltr'>Χριστοῦ</span> <span class='ocrx_word' id='word_1_374' title='bbox 2425 1165 2778 1240; x_wconf 83' lang='grc' dir='ltr'>ἀναστάντος,</span> <span class='ocrx_word' id='word_1_375' title='bbox 2807 1163 2948 1223; x_wconf 80' lang='grc' dir='ltr'>κατὰ</span> <span class='ocrx_word' id='word_1_376' title='bbox 2985 1162 3168 1243; x_wconf 83' lang='grc' dir='ltr'>χώραν</span> <span class='ocrx_word' id='word_1_377' title='bbox 3216 1162 3482 1240; x_wconf 85' lang='grc' dir='ltr'>μεμένηκε</span> <span class='ocrx_word' id='word_1_378' title='bbox 3530 1160 3597 1219; x_wconf 76' lang='grc' dir='ltr'><strong>τὰ</strong></span> <span class='ocrx_word' id='word_1_379' title='bbox 3646 1162 3738 1219; x_wconf 88' lang='grc' dir='ltr'>ἀν-</span> 
     </span>
    </p>
   </div>
   <div class='ocr_carea' id='block_1_54' title="bbox 2138 1248 3736 1339">
    <p class='ocr_par' dir='ltr' id='par_1_54' title="bbox 2138 1248 3736 1339">
     <span class='ocr_line' id='line_1_54' title="bbox 2138 1248 3736 1339; baseline -0.008 -20"><span class='ocrx_word' id='word_1_380' title='bbox 2138 1248 2374 1339; x_wconf 83' lang='grc' dir='ltr'>θρώπινα</span> <span class='ocrx_word' id='word_1_381' title='bbox 2427 1256 2760 1336; x_wconf 87' lang='grc' dir='ltr'>πράγματα,</span> <span class='ocrx_word' id='word_1_382' title='bbox 2812 1252 2979 1321; x_wconf 78' lang='grc' dir='ltr'>οὕτως</span> <span class='ocrx_word' id='word_1_383' title='bbox 3033 1251 3185 1312; x_wconf 84' lang='grc' dir='ltr'>ἔσται</span> <span class='ocrx_word' id='word_1_384' title='bbox 3251 1251 3344 1310; x_wconf 78' lang='grc' dir='ltr'>καὶ</span> <span class='ocrx_word' id='word_1_385' title='bbox 3396 1250 3544 1312; x_wconf 85' lang='grc' dir='ltr'>τότε·</span> <span class='ocrx_word' id='word_1_386' title='bbox 3597 1248 3736 1308; x_wconf 81' lang='grc' dir='ltr'>ἀλλὰ</span> 
     </span>
    </p>
   </div>
   <div class='ocr_carea' id='block_1_55' title="bbox 2138 1347 2782 1427">
    <p class='ocr_par' dir='ltr' id='par_1_55' title="bbox 2138 1347 2782 1427">
     <span class='ocr_line' id='line_1_55' title="bbox 2138 1347 2782 1427; baseline -0.006 -17"><span class='ocrx_word' id='word_1_387' title='bbox 2138 1350 2316 1410; x_wconf 89' lang='grc' dir='ltr'>πάντα</span> <span class='ocrx_word' id='word_1_388' title='bbox 2351 1347 2500 1415; x_wconf 81' lang='grc' dir='ltr'>τέλος</span> <span class='ocrx_word' id='word_1_389' title='bbox 2531 1347 2782 1427; x_wconf 79' lang='grc' dir='ltr'>λήψεται.</span> 
     </span>
    </p>
   </div>
   <div class='ocr_carea' id='block_1_56' title="bbox 2223 1429 3743 1517">
    <p class='ocr_par' dir='ltr' id='par_1_56' title="bbox 2223 1429 3743 1517">
     <span class='ocr_line' id='line_1_56' title="bbox 2223 1429 3743 1517; baseline -0.009 -17"><span class='ocrx_word' id='word_1_390' title='bbox 2223 1469 2247 1492; x_wconf 83' lang='grc' dir='ltr'><strong>ιι</strong></span> <span class='ocrx_word' id='word_1_391' title='bbox 2263 1438 2442 1500; x_wconf 84' lang='grc' dir='ltr'>Ὅταν</span> <span class='ocrx_word' id='word_1_392' title='bbox 2463 1438 2690 1517; x_wconf 85' lang='grc' dir='ltr'>παραδῷ</span> <span class='ocrx_word' id='word_1_393' title='bbox 2714 1436 2810 1510; x_wconf 82' lang='grc' dir='ltr'><strong>τὴν</strong></span> <span class='ocrx_word' id='word_1_394' title='bbox 2833 1431 3108 1493; x_wconf 81' lang='grc' dir='ltr'>ϐασιλείαν</span> <span class='ocrx_word' id='word_1_395' title='bbox 3128 1435 3204 1512; x_wconf 81' lang='grc' dir='ltr'><strong>τῷ</strong></span> <span class='ocrx_word' id='word_1_396' title='bbox 3224 1434 3350 1513; x_wconf 83' lang='grc' dir='ltr'>Θεῷ</span> <span class='ocrx_word' id='word_1_397' title='bbox 3369 1429 3461 1490; x_wconf 84' lang='grc' dir='ltr'><strong>καὶ</strong></span> <span class='ocrx_word' id='word_1_398' title='bbox 3481 1429 3686 1508; x_wconf 90' lang='grc' dir='ltr'>Πατρί.</span> <span class='ocrx_word' id='word_1_399' title='bbox 3722 1459 3743 1479; x_wconf 72' lang='grc' dir='ltr'><strong>ιι</strong></span> 
     </span>
    </p>
   </div>
   <div class='ocr_carea' id='block_1_57' title="bbox 2141 1517 3740 1609">
    <p class='ocr_par' dir='ltr' id='par_1_57' title="bbox 2141 1517 3740 1609">
     <span class='ocr_line' id='line_1_57' title="bbox 2141 1517 3740 1609; baseline -0.009 -18"><span class='ocrx_word' id='word_1_400' title='bbox 2141 1529 2251 1591; x_wconf 93' lang='grc' dir='ltr'><strong>Δύο</strong></span> <span class='ocrx_word' id='word_1_401' title='bbox 2283 1525 2560 1609; x_wconf 81' lang='grc' dir='ltr'>βασιλείας</span> <span class='ocrx_word' id='word_1_402' title='bbox 2607 1517 2746 1585; x_wconf 75' lang='grc' dir='ltr'>οἶδεν</span> <span class='ocrx_word' id='word_1_403' title='bbox 2788 1531 2822 1597; x_wconf 81' lang='grc' dir='ltr'>ἠ</span> <span class='ocrx_word' id='word_1_404' title='bbox 2856 1528 2899 1585; x_wconf 87' lang='grc' dir='ltr'><strong>Γ</strong></span> <span class='ocrx_word' id='word_1_405' title='bbox 2905 1523 3078 1606; x_wconf 77' lang='grc' dir='ltr'>ραφή·</span> <span class='ocrx_word' id='word_1_406' title='bbox 3108 1522 3206 1594; x_wconf 83' lang='grc' dir='ltr'><strong>τὴν</strong></span> <span class='ocrx_word' id='word_1_407' title='bbox 3236 1521 3333 1599; x_wconf 88' lang='grc' dir='ltr'>μὲν</span> <span class='ocrx_word' id='word_1_408' title='bbox 3363 1520 3485 1580; x_wconf 84' lang='grc' dir='ltr'>κατ’</span> <span class='ocrx_word' id='word_1_409' title='bbox 3534 1519 3740 1580; x_wconf 82' lang='grc' dir='ltr'>οἰκείω-</span> 
     </span>
    </p>
   </div>
   <div class='ocr_carea' id='block_1_58' title="bbox 2143 1609 3740 1698">
    <p class='ocr_par' dir='ltr' id='par_1_58' title="bbox 2143 1609 3740 1698">
     <span class='ocr_line' id='line_1_58' title="bbox 2143 1609 3740 1698; baseline -0.008 -18"><span class='ocrx_word' id='word_1_410' title='bbox 2143 1643 2261 1698; x_wconf 89' lang='grc' dir='ltr'>σιν,</span> <span class='ocrx_word' id='word_1_411' title='bbox 2309 1617 2399 1690; x_wconf 72' lang='grc' dir='ltr'><strong>τὴν</strong></span> <span class='ocrx_word' id='word_1_412' title='bbox 2443 1616 2497 1675; x_wconf 83' lang='grc' dir='ltr'>δὲ</span> <span class='ocrx_word' id='word_1_413' title='bbox 2536 1616 2674 1674; x_wconf 82' lang='grc' dir='ltr'>κατὰ</span> <span class='ocrx_word' id='word_1_414' title='bbox 2729 1617 3097 1695; x_wconf 85' lang='grc' dir='ltr'>δημιουργίαν.</span> <span class='ocrx_word' id='word_1_415' title='bbox 3155 1611 3438 1673; x_wconf 81' lang='grc' dir='ltr'>Βασιλεύει</span> <span class='ocrx_word' id='word_1_416' title='bbox 3490 1609 3587 1688; x_wconf 82' lang='grc' dir='ltr'>μὲν</span> <span class='ocrx_word' id='word_1_417' title='bbox 3637 1609 3740 1690; x_wconf 75' lang='grc' dir='ltr'><strong>γὰρ</strong></span> 
     </span>
    </p>
   </div>
   <div class='ocr_carea' id='block_1_59' title="bbox 2141 1709 3742 1792">
    <p class='ocr_par' dir='ltr' id='par_1_59' title="bbox 2141 1709 3742 1792">
     <span class='ocr_line' id='line_1_59' title="bbox 2141 1709 3742 1792; baseline -0.009 -12"><span class='ocrx_word' id='word_1_418' title='bbox 2141 1717 2387 1791; x_wconf 83' lang='grc' dir='ltr'>πάντων,</span> <span class='ocrx_word' id='word_1_419' title='bbox 2419 1714 2512 1775; x_wconf 82' lang='grc' dir='ltr'>καὶ</span> <span class='ocrx_word' id='word_1_420' title='bbox 2541 1713 2848 1792; x_wconf 85' lang='grc' dir='ltr'>Ἑλλήνων,</span> <span class='ocrx_word' id='word_1_421' title='bbox 2879 1713 2974 1773; x_wconf 79' lang='grc' dir='ltr'><strong>καὶ</strong></span> <span class='ocrx_word' id='word_1_422' title='bbox 3016 1711 3320 1786; x_wconf 87' lang='grc' dir='ltr'>Ἰουδαίων,</span> <span class='ocrx_word' id='word_1_423' title='bbox 3354 1709 3446 1770; x_wconf 85' lang='grc' dir='ltr'><strong>καὶ</strong></span> <span class='ocrx_word' id='word_1_424' title='bbox 3491 1713 3596 1770; x_wconf 79' lang='grc' dir='ltr'><strong>τῶν</strong></span> <span class='ocrx_word' id='word_1_425' title='bbox 3629 1711 3742 1768; x_wconf 82' lang='grc' dir='ltr'>δαι-</span> 
     </span>
    </p>
   </div>
   <div class='ocr_carea' id='block_1_60' title="bbox 2143 1799 3742 1886">
    <p class='ocr_par' dir='ltr' id='par_1_60' title="bbox 2143 1799 3742 1886">
     <span class='ocr_line' id='line_1_60' title="bbox 2143 1799 3742 1886; baseline -0.008 -18"><span class='ocrx_word' id='word_1_426' title='bbox 2143 1809 2317 1886; x_wconf 86' lang='grc' dir='ltr'>μόνων</span> <span class='ocrx_word' id='word_1_427' title='bbox 2365 1808 2568 1882; x_wconf 79' lang='grc' dir='ltr'>αὐτῶν,</span> <span class='ocrx_word' id='word_1_428' title='bbox 2627 1803 2720 1864; x_wconf 74' lang='grc' dir='ltr'>καὶ</span> <span class='ocrx_word' id='word_1_429' title='bbox 2771 1803 2849 1883; x_wconf 83' lang='grc' dir='ltr'><strong>μὴ</strong></span> <span class='ocrx_word' id='word_1_430' title='bbox 2904 1803 3267 1882; x_wconf 82' lang='grc' dir='ltr'>βουλομένων,</span> <span class='ocrx_word' id='word_1_431' title='bbox 3315 1799 3456 1860; x_wconf 84' lang='grc' dir='ltr'>κατᾶ</span> <span class='ocrx_word' id='word_1_432' title='bbox 3506 1799 3596 1857; x_wconf 81' lang='grc' dir='ltr'><strong>τὸν</strong></span> <span class='ocrx_word' id='word_1_433' title='bbox 3649 1802 3742 1871; x_wconf 81' lang='grc' dir='ltr'><strong>τῆς</strong></span> 
     </span>
    </p>
   </div>
   <div class='ocr_carea' id='block_1_61' title="bbox 2142 1888 3744 1978">
    <p class='ocr_par' dir='ltr' id='par_1_61' title="bbox 2142 1888 3744 1978">
     <span class='ocr_line' id='line_1_61' title="bbox 2142 1888 3744 1978; baseline -0.007 -21"><span class='ocrx_word' id='word_1_434' title='bbox 2142 1895 2489 1978; x_wconf 82' lang='grc' dir='ltr'>δημιουργίας</span> <span class='ocrx_word' id='word_1_435' title='bbox 2540 1893 2734 1974; x_wconf 77' lang='grc' dir='ltr'>λόγον’</span> <span class='ocrx_word' id='word_1_436' title='bbox 2796 1890 3068 1973; x_wconf 79' lang='grc' dir='ltr'>βασιλεύει</span> <span class='ocrx_word' id='word_1_437' title='bbox 3127 1891 3185 1950; x_wconf 79' lang='grc' dir='ltr'>δὲ</span> <span class='ocrx_word' id='word_1_438' title='bbox 3240 1894 3346 1950; x_wconf 80' lang='grc' dir='ltr'><strong>τῶν</strong></span> <span class='ocrx_word' id='word_1_439' title='bbox 3395 1892 3598 1950; x_wconf 77' lang='grc' dir='ltr'>πιστῶν</span> <span class='ocrx_word' id='word_1_440' title='bbox 3653 1888 3744 1949; x_wconf 80' lang='grc' dir='ltr'>καὶ</span> 
     </span>
    </p>
   </div>
   <div class='ocr_carea' id='block_1_62' title="bbox 2144 1979 3748 2066">
    <p class='ocr_par' dir='ltr' id='par_1_62' title="bbox 2144 1979 3748 2066">
     <span class='ocr_line' id='line_1_62' title="bbox 2144 1979 3748 2066; baseline -0.006 -19"><span class='ocrx_word' id='word_1_441' title='bbox 2144 1987 2341 2066; x_wconf 78' lang='grc' dir='ltr'>ἁγίων,</span> <span class='ocrx_word' id='word_1_442' title='bbox 2392 1985 2625 2046; x_wconf 81' lang='grc' dir='ltr'>ἑκόντων</span> <span class='ocrx_word' id='word_1_443' title='bbox 2675 1981 3161 2060; x_wconf 82' lang='grc' dir='ltr'>ὑποτασσομένων,</span> <span class='ocrx_word' id='word_1_444' title='bbox 3199 1980 3341 2041; x_wconf 80' lang='grc' dir='ltr'>κατὰ</span> <span class='ocrx_word' id='word_1_445' title='bbox 3394 1979 3483 2039; x_wconf 84' lang='grc' dir='ltr'><strong>τὸν</strong></span> <span class='ocrx_word' id='word_1_446' title='bbox 3534 1983 3632 2051; x_wconf 79' lang='grc' dir='ltr'><strong>τῆς</strong></span> <span class='ocrx_word' id='word_1_447' title='bbox 3672 1981 3748 2038; x_wconf 79' lang='grc' dir='ltr'><strong>οἷ·-</strong></span> 
     </span>
    </p>
   </div>
   <div class='ocr_carea' id='block_1_63' title="bbox 2143 2067 3744 2154">
    <p class='ocr_par' dir='ltr' id='par_1_63' title="bbox 2143 2067 3744 2154">
     <span class='ocr_line' id='line_1_63' title="bbox 2143 2067 3744 2154; baseline -0.009 -16"><span class='ocrx_word' id='word_1_448' title='bbox 2143 2077 2406 2144; x_wconf 84' lang='grc' dir='ltr'>κειώσεως</span> <span class='ocrx_word' id='word_1_449' title='bbox 2447 2076 2627 2154; x_wconf 88' lang='grc' dir='ltr'>λόγον.</span> <span class='ocrx_word' id='word_1_450' title='bbox 2675 2072 2812 2153; x_wconf 77' lang='grc' dir='ltr'>Περὶ</span> <span class='ocrx_word' id='word_1_451' title='bbox 2848 2071 3046 2144; x_wconf 83' lang='grc' dir='ltr'>ταύτης</span> <span class='ocrx_word' id='word_1_452' title='bbox 3088 2075 3184 2144; x_wconf 84' lang='grc' dir='ltr'><strong>τῆς</strong></span> <span class='ocrx_word' id='word_1_453' title='bbox 3220 2069 3498 2152; x_wconf 82' lang='grc' dir='ltr'>βασιλείας</span> <span class='ocrx_word' id='word_1_454' title='bbox 3543 2067 3704 2150; x_wconf 83' lang='grc' dir='ltr'>φησίν</span> <span class='ocrx_word' id='word_1_455' title='bbox 3729 2092 3744 2106; x_wconf 78' lang='grc' dir='ltr'><strong><em>ο</em></strong></span> 
     </span>
    </p>
   </div>
   <div class='ocr_carea' id='block_1_64' title="bbox 2155 2157 3746 2242">
    <p class='ocr_par' dir='ltr' id='par_1_64' title="bbox 2155 2157 3746 2242">
     <span class='ocr_line' id='line_1_64' title="bbox 2155 2157 3746 2242; baseline -0.008 -16"><span class='ocrx_word' id='word_1_456' title='bbox 2155 2188 2185 2226; x_wconf 81' lang='grc' dir='ltr'><strong>ιι</strong></span> <span class='ocrx_word' id='word_1_457' title='bbox 2226 2168 2460 2238; x_wconf 80' lang='grc' dir='ltr'>Αἴτησαι</span> <span class='ocrx_word' id='word_1_458' title='bbox 2506 2163 2638 2242; x_wconf 88' lang='grc' dir='ltr'>παρ’</span> <span class='ocrx_word' id='word_1_459' title='bbox 2668 2165 2821 2241; x_wconf 81' lang='grc' dir='ltr'>ἐμοῦ,</span> <span class='ocrx_word' id='word_1_460' title='bbox 2853 2163 2945 2222; x_wconf 81' lang='grc' dir='ltr'>καὶ</span> <span class='ocrx_word' id='word_1_461' title='bbox 2995 2160 3152 2221; x_wconf 82' lang='grc' dir='ltr'>δώσω</span> <span class='ocrx_word' id='word_1_462' title='bbox 3200 2185 3285 2220; x_wconf 92' lang='grc' dir='ltr'><strong>σοι</strong></span> <span class='ocrx_word' id='word_1_463' title='bbox 3335 2161 3496 2232; x_wconf 85' lang='grc' dir='ltr'>ἔθνη·</span> <span class='ocrx_word' id='word_1_464' title='bbox 3542 2179 3572 2216; x_wconf 75' lang='lat' dir='ltr'><strong>n</strong></span> <span class='ocrx_word' id='word_1_465' title='bbox 3620 2157 3746 2231; x_wconf 78' lang='grc' dir='ltr'>καὶ,</span> 
     </span>
    </p>
   </div>
   <div class='ocr_carea' id='block_1_65' title="bbox 2148 2247 3748 2334">
    <p class='ocr_par' dir='ltr' id='par_1_65' title="bbox 2148 2247 3748 2334">
     <span class='ocr_line' id='line_1_65' title="bbox 2148 2247 3748 2334; baseline -0.008 -17"><span class='ocrx_word' id='word_1_466' title='bbox 2148 2279 2179 2317; x_wconf 78' lang='grc' dir='ltr'><strong>ιι</strong></span> <span class='ocrx_word' id='word_1_467' title='bbox 2206 2256 2401 2328; x_wconf 85' lang='grc' dir='ltr'>Ἐδόθη</span> <span class='ocrx_word' id='word_1_468' title='bbox 2436 2279 2526 2334; x_wconf 88' lang='grc' dir='ltr'><strong>μοι</strong></span> <span class='ocrx_word' id='word_1_469' title='bbox 2553 2263 2705 2314; x_wconf 81' lang='grc' dir='ltr'>πᾶσα</span> <span class='ocrx_word' id='word_1_470' title='bbox 2727 2251 2934 2323; x_wconf 83' lang='grc' dir='ltr'>ἐξουσία</span> <span class='ocrx_word' id='word_1_471' title='bbox 2952 2275 2966 2290; x_wconf 78' lang='grc' dir='ltr'><strong>ο</strong></span> <span class='ocrx_word' id='word_1_472' title='bbox 2993 2275 3025 2308; x_wconf 69' lang='lat' dir='ltr'><strong>n</strong></span> <span class='ocrx_word' id='word_1_473' title='bbox 3058 2250 3258 2324; x_wconf 76' lang='grc' dir='ltr'>ταύτην</span> <span class='ocrx_word' id='word_1_474' title='bbox 3287 2249 3380 2309; x_wconf 73' lang='grc' dir='ltr'><strong>καὶ</strong></span> <span class='ocrx_word' id='word_1_475' title='bbox 3411 2247 3748 2334; x_wconf 60' lang='grc' dir='ltr'><strong>¹παραδίδωσι</strong></span> 
     </span>
    </p>
   </div>
   <div class='ocr_carea' id='block_1_66' title="bbox 2141 2330 3745 2428">
    <p class='ocr_par' dir='ltr' id='par_1_66' title="bbox 2141 2330 3745 2428">
     <span class='ocr_line' id='line_1_66' title="bbox 2141 2330 3745 2428; baseline -0.007 -20"><span class='ocrx_word' id='word_1_476' title='bbox 2141 2350 2217 2428; x_wconf 79' lang='grc' dir='ltr'><strong>τῷ</strong></span> <span class='ocrx_word' id='word_1_477' title='bbox 2254 2346 2454 2427; x_wconf 82' lang='grc' dir='ltr'>Πατρὶ,</span> <span class='ocrx_word' id='word_1_478' title='bbox 2501 2343 2780 2415; x_wconf 90' lang='grc' dir='ltr'>τουτέστι,</span> <span class='ocrx_word' id='word_1_479' title='bbox 2816 2342 3096 2422; x_wconf 85' lang='grc' dir='ltr'>κατορθοῖ,</span> <span class='ocrx_word' id='word_1_480' title='bbox 3127 2343 3350 2400; x_wconf 73' lang='grc' dir='ltr'>τελειοῐο</span> <span class='ocrx_word' id='word_1_481' title='bbox 3393 2330 3536 2412; x_wconf 70' lang='grc' dir='ltr'>οἷον,</span> <span class='ocrx_word' id='word_1_482' title='bbox 3583 2342 3745 2419; x_wconf 88' lang='grc' dir='ltr'>βασι-</span> 
     </span>
    </p>
   </div>
   <div class='ocr_carea' id='block_1_67' title="bbox 2141 2428 3749 2515">
    <p class='ocr_par' dir='ltr' id='par_1_67' title="bbox 2141 2428 3749 2515">
     <span class='ocr_line' id='line_1_67' title="bbox 2141 2428 3749 2515; baseline -0.007 -18"><span class='ocrx_word' id='word_1_483' title='bbox 2141 2436 2262 2505; x_wconf 87' lang='grc' dir='ltr'>λεύς</span> <span class='ocrx_word' id='word_1_484' title='bbox 2302 2461 2379 2503; x_wconf 90' lang='grc' dir='ltr'><strong>τις</strong></span> <span class='ocrx_word' id='word_1_485' title='bbox 2421 2433 2727 2515; x_wconf 82' lang='grc' dir='ltr'>ἐνεχείρησε</span> <span class='ocrx_word' id='word_1_486' title='bbox 2762 2431 3014 2515; x_wconf 73' lang='grc' dir='ltr'>[Ῑ.-ρισε]</span> <span class='ocrx_word' id='word_1_487' title='bbox 3051 2433 3125 2513; x_wconf 79' lang='grc' dir='ltr'><strong>τῷ</strong></span> <span class='ocrx_word' id='word_1_488' title='bbox 3166 2432 3266 2511; x_wconf 77' lang='grc' dir='ltr'>υἱῷ</span> <span class='ocrx_word' id='word_1_489' title='bbox 3316 2432 3480 2488; x_wconf 81' lang='grc' dir='ltr'>αὐτοῦ</span> <span class='ocrx_word' id='word_1_490' title='bbox 3516 2428 3749 2504; x_wconf 83' lang='grc' dir='ltr'>πόλεμον</span> 
     </span>
    </p>
   </div>
   <div class='ocr_carea' id='block_1_68' title="bbox 2142 2517 3750 2608">
    <p class='ocr_par' dir='ltr' id='par_1_68' title="bbox 2142 2517 3750 2608">
     <span class='ocr_line' id='line_1_68' title="bbox 2142 2517 3750 2608; baseline -0.007 -22"><span class='ocrx_word' id='word_1_491' title='bbox 2142 2528 2273 2608; x_wconf 81' lang='grc' dir='ltr'>πρὸς</span> <span class='ocrx_word' id='word_1_492' title='bbox 2325 2527 2447 2599; x_wconf 79' lang='grc' dir='ltr'>ἔθνη</span> <span class='ocrx_word' id='word_1_493' title='bbox 2499 2523 2956 2596; x_wconf 81' lang='grc' dir='ltr'>ἀποστατήσαντα</span> <span class='ocrx_word' id='word_1_494' title='bbox 2980 2521 3068 2595; x_wconf 79' lang='grc'><strong>⁶⁴,</strong></span> <span class='ocrx_word' id='word_1_495' title='bbox 3117 2519 3208 2580; x_wconf 80' lang='grc' dir='ltr'>ἵνα</span> <span class='ocrx_word' id='word_1_496' title='bbox 3257 2519 3415 2579; x_wconf 79' lang='grc' dir='ltr'>αὐτὸν</span> <span class='ocrx_word' id='word_1_497' title='bbox 3467 2517 3750 2597; x_wconf 76' lang='grc' dir='ltr'>διοικήσῃο</span> 
     </span>
    </p>
   </div>
   <div class='ocr_carea' id='block_1_69' title="bbox 2144 2606 3754 2691">
    <p class='ocr_par' dir='ltr' id='par_1_69' title="bbox 2144 2606 3754 2691">
     <span class='ocr_line' id='line_1_69' title="bbox 2144 2606 3754 2691; baseline -0.007 -15"><span class='ocrx_word' id='word_1_498' title='bbox 2144 2606 2270 2677; x_wconf 79' lang='grc' dir='ltr'>ὅταν</span> <span class='ocrx_word' id='word_1_499' title='bbox 2313 2606 2403 2674; x_wconf 69' lang='grc' dir='ltr'><strong>οῦν</strong></span> <span class='ocrx_word' id='word_1_500' title='bbox 2438 2614 2529 2674; x_wconf 77' lang='grc' dir='ltr'><strong>τὸν</strong></span> <span class='ocrx_word' id='word_1_501' title='bbox 2560 2614 2798 2691; x_wconf 83' lang='grc' dir='ltr'>πόλεμον</span> <span class='ocrx_word' id='word_1_502' title='bbox 2833 2610 3210 2691; x_wconf 87' lang='grc' dir='ltr'>συμπληρώσῃ</span> <span class='ocrx_word' id='word_1_503' title='bbox 3250 2614 3278 2669; x_wconf 89' lang='lat'><strong>6</strong></span> <span class='ocrx_word' id='word_1_504' title='bbox 3318 2609 3459 2680; x_wconf 78' lang='grc' dir='ltr'>υἱὸς,</span> <span class='ocrx_word' id='word_1_505' title='bbox 3493 2607 3754 2676; x_wconf 76' lang='grc' dir='ltr'>ὑποτάξας</span> 
     </span>
    </p>
   </div>
   <div class='ocr_carea' id='block_1_70' title="bbox 2145 2697 3752 2782">
    <p class='ocr_par' dir='ltr' id='par_1_70' title="bbox 2145 2697 3752 2782">
     <span class='ocr_line' id='line_1_70' title="bbox 2145 2697 3752 2782; baseline -0.007 -16"><span class='ocrx_word' id='word_1_506' title='bbox 2145 2706 2211 2766; x_wconf 77' lang='grc' dir='ltr'><strong>τὰ</strong></span> <span class='ocrx_word' id='word_1_507' title='bbox 2257 2705 2412 2779; x_wconf 85' lang='grc' dir='ltr'>ἔθνη,</span> <span class='ocrx_word' id='word_1_508' title='bbox 2458 2703 2578 2764; x_wconf 88' lang='grc' dir='ltr'>τότε</span> <span class='ocrx_word' id='word_1_509' title='bbox 2619 2701 2838 2782; x_wconf 87' lang='grc' dir='ltr'>λέγεται</span> <span class='ocrx_word' id='word_1_510' title='bbox 2884 2703 3219 2781; x_wconf 86' lang='grc' dir='ltr'>παραδοῦναι</span> <span class='ocrx_word' id='word_1_511' title='bbox 3260 2697 3350 2758; x_wconf 78' lang='grc' dir='ltr'><strong>τὸν</strong></span> <span class='ocrx_word' id='word_1_512' title='bbox 3392 2698 3627 2772; x_wconf 88' lang='grc' dir='ltr'>πόλεμον</span> <span class='ocrx_word' id='word_1_513' title='bbox 3671 2699 3752 2778; x_wconf 82' lang='grc' dir='ltr'><strong>τῷ</strong></span> 
     </span>
    </p>
   </div>
   <div class='ocr_carea' id='block_1_71' title="bbox 2146 2787 3754 2875">
    <p class='ocr_par' dir='ltr' id='par_1_71' title="bbox 2146 2787 3754 2875">
     <span class='ocr_line' id='line_1_71' title="bbox 2146 2787 3754 2875; baseline -0.007 -20"><span class='ocrx_word' id='word_1_514' title='bbox 2146 2796 2362 2875; x_wconf 78' lang='grc' dir='ltr'>Πατρὶ,</span> <span class='ocrx_word' id='word_1_515' title='bbox 2415 2793 2721 2865; x_wconf 81' lang='grc' dir='ltr'>τουτέστιν,</span> <span class='ocrx_word' id='word_1_516' title='bbox 2772 2790 3046 2860; x_wconf 83' lang='grc' dir='ltr'>ὑποδεῖξαι</span> <span class='ocrx_word' id='word_1_517' title='bbox 3091 2790 3152 2850; x_wconf 79' lang='grc' dir='ltr'><strong>τὸ</strong></span> <span class='ocrx_word' id='word_1_518' title='bbox 3203 2787 3549 2866; x_wconf 81' lang='grc' dir='ltr'>ἐμπιστευθὲν</span> <span class='ocrx_word' id='word_1_519' title='bbox 3607 2789 3754 2867; x_wconf 77' lang='grc' dir='ltr'>αὐτῷ</span> 
     </span>
    </p>
   </div>
   <div class='ocr_carea' id='block_1_72' title="bbox 2146 2875 3753 2966">
    <p class='ocr_par' dir='ltr' id='par_1_72' title="bbox 2146 2875 3753 2966">
     <span class='ocr_line' id='line_1_72' title="bbox 2146 2875 3753 2966; baseline -0.007 -21"><span class='ocrx_word' id='word_1_520' title='bbox 2146 2885 2296 2966; x_wconf 84' lang='grc' dir='ltr'>ἔργον</span> <span class='ocrx_word' id='word_1_521' title='bbox 2349 2885 2586 2943; x_wconf 85' lang='grc' dir='ltr'>ἀνυσθέν.</span> <span class='ocrx_word' id='word_1_522' title='bbox 2650 2883 2812 2961; x_wconf 85' lang='grc' dir='ltr'>Λέγει</span> <span class='ocrx_word' id='word_1_523' title='bbox 2869 2881 3043 2940; x_wconf 87' lang='grc' dir='ltr'>τοίνυν</span> <span class='ocrx_word' id='word_1_524' title='bbox 3097 2883 3126 2939; x_wconf 98' lang='lat'><strong>6</strong></span> <span class='ocrx_word' id='word_1_525' title='bbox 3176 2880 3428 2954; x_wconf 78' lang='grc' dir='ltr'>Παῦλος,</span> <span class='ocrx_word' id='word_1_526' title='bbox 3481 2877 3563 2938; x_wconf 74' lang='grc' dir='ltr'>ὅτι</span> <span class='ocrx_word' id='word_1_527' title='bbox 3625 2875 3753 2966; x_wconf 76' lang='grc' dir='ltr'>ὅταν</span> 
     </span>
    </p>
   </div>
   <div class='ocr_carea' id='block_1_73' title="bbox 2147 2965 3755 3052">
    <p class='ocr_par' dir='ltr' id='par_1_73' title="bbox 2147 2965 3755 3052">
     <span class='ocr_line' id='line_1_73' title="bbox 2147 2965 3755 3052; baseline -0.006 -19"><span class='ocrx_word' id='word_1_528' title='bbox 2147 2965 2324 3035; x_wconf 85' lang='grc' dir='ltr'>πάντα</span> <span class='ocrx_word' id='word_1_529' title='bbox 2356 2972 2592 3052; x_wconf 79' lang='grc' dir='ltr'>ὑποτάξῃ</span> <span class='ocrx_word' id='word_1_530' title='bbox 2624 2976 2651 3031; x_wconf 90' lang='lat'><strong>6</strong></span> <span class='ocrx_word' id='word_1_531' title='bbox 2683 2972 2843 3044; x_wconf 79' lang='grc' dir='ltr'>Υἱὸς,</span> <span class='ocrx_word' id='word_1_532' title='bbox 2882 2972 2999 3030; x_wconf 88' lang='grc' dir='ltr'>τότε</span> <span class='ocrx_word' id='word_1_533' title='bbox 3025 2969 3175 3029; x_wconf 85' lang='grc' dir='ltr'>ἔσται</span> <span class='ocrx_word' id='word_1_534' title='bbox 3201 2968 3262 3028; x_wconf 82' lang='grc' dir='ltr'>τὸ</span> <span class='ocrx_word' id='word_1_535' title='bbox 3291 2970 3460 3035; x_wconf 86' lang='grc' dir='ltr'>τέλος.</span> <span class='ocrx_word' id='word_1_536' title='bbox 3487 2966 3623 3026; x_wconf 85' lang='grc' dir='ltr'>Τότε</span> <span class='ocrx_word' id='word_1_537' title='bbox 3650 2965 3755 3046; x_wconf 79' lang='grc' dir='ltr'><strong>γὰρ</strong></span> 
     </span>
    </p>
   </div>
   <div class='ocr_carea' id='block_1_74' title="bbox 2148 3057 3752 3142">
    <p class='ocr_par' dir='ltr' id='par_1_74' title="bbox 2148 3057 3752 3142">
     <span class='ocr_line' id='line_1_74' title="bbox 2148 3057 3752 3142; baseline -0.006 -19"><span class='ocrx_word' id='word_1_538' title='bbox 2148 3065 2361 3132; x_wconf 86' lang='grc' dir='ltr'>τελείως</span> <span class='ocrx_word' id='word_1_539' title='bbox 2411 3067 2438 3122; x_wconf 90' lang='lat'><strong>6</strong></span> <span class='ocrx_word' id='word_1_540' title='bbox 2483 3061 2719 3142; x_wconf 83' lang='grc' dir='ltr'>Χριστὸς</span> <span class='ocrx_word' id='word_1_541' title='bbox 2764 3063 2918 3138; x_wconf 80' lang='grc' dir='ltr'>ἡμῶν</span> <span class='ocrx_word' id='word_1_542' title='bbox 2967 3058 3310 3140; x_wconf 85' lang='grc' dir='ltr'>βασιλεύσει,</span> <span class='ocrx_word' id='word_1_543' title='bbox 3357 3057 3554 3133; x_wconf 86' lang='grc' dir='ltr'>μηκέτι</span> <span class='ocrx_word' id='word_1_544' title='bbox 3595 3079 3752 3132; x_wconf 89' lang='grc' dir='ltr'>μερι-</span> 
     </span>
    </p>
   </div>
   <div class='ocr_carea' id='block_1_75' title="bbox 2147 3144 3754 3234">
    <p class='ocr_par' dir='ltr' id='par_1_75' title="bbox 2147 3144 3754 3234">
     <span class='ocr_line' id='line_1_75' title="bbox 2147 3144 3754 3234; baseline -0.007 -20"><span class='ocrx_word' id='word_1_545' title='bbox 2147 3153 2379 3230; x_wconf 86' lang='grc' dir='ltr'>ζομένων</span> <span class='ocrx_word' id='word_1_546' title='bbox 2419 3156 2497 3234; x_wconf 80' lang='grc' dir='ltr'><strong>τῷ</strong></span> <span class='ocrx_word' id='word_1_547' title='bbox 2552 3155 2681 3233; x_wconf 83' lang='grc' dir='ltr'>Θεῷ</span> <span class='ocrx_word' id='word_1_548' title='bbox 2725 3150 2816 3210; x_wconf 79' lang='grc' dir='ltr'><strong>καὶ</strong></span> <span class='ocrx_word' id='word_1_549' title='bbox 2847 3154 2924 3229; x_wconf 83' lang='grc' dir='ltr'><strong>τῷ</strong></span> <span class='ocrx_word' id='word_1_550' title='bbox 2973 3148 3367 3228; x_wconf 85' lang='grc' dir='ltr'>κοσμοκράτορι</span> <span class='ocrx_word' id='word_1_551' title='bbox 3389 3169 3404 3184; x_wconf 78' lang='grc' dir='ltr'><strong>ο</strong></span> <span class='ocrx_word' id='word_1_552' title='bbox 3435 3144 3616 3225; x_wconf 77' lang='grc' dir='ltr'>ὥσπερ</span> <span class='ocrx_word' id='word_1_553' title='bbox 3649 3144 3754 3224; x_wconf 83' lang='grc' dir='ltr'><strong>γὰρ</strong></span> 
     </span>
    </p>
   </div>
   <div class='ocr_carea' id='block_1_76' title="bbox 2147 3233 3757 3321">
    <p class='ocr_par' dir='ltr' id='par_1_76' title="bbox 2147 3233 3757 3321">
     <span class='ocr_line' id='line_1_76' title="bbox 2147 3233 3757 3321; baseline -0.006 -18"><span class='ocrx_word' id='word_1_554' title='bbox 2147 3243 2249 3303; x_wconf 81' lang='grc' dir='ltr'><strong>ὑπὸ</strong></span> <span class='ocrx_word' id='word_1_555' title='bbox 2295 3233 2550 3321; x_wconf 87' lang='grc' dir='ltr'>τυράννου</span> <span class='ocrx_word' id='word_1_556' title='bbox 2600 3238 3006 3319; x_wconf 82' lang='grc' dir='ltr'>διηρπασμένην</span> <span class='ocrx_word' id='word_1_557' title='bbox 3052 3239 3148 3311; x_wconf 83' lang='grc' dir='ltr'><strong>τὴν</strong></span> <span class='ocrx_word' id='word_1_558' title='bbox 3205 3235 3483 3318; x_wconf 89' lang='grc' dir='ltr'>βασιλείαν</span> <span class='ocrx_word' id='word_1_559' title='bbox 3531 3233 3757 3308; x_wconf 77' lang='grc' dir='ltr'>ἐξελὼν,</span> 
     </span>
    </p>
   </div>
   <div class='ocr_carea' id='block_1_77' title="bbox 2147 3329 3033 3412">
    <p class='ocr_par' dir='ltr' id='par_1_77' title="bbox 2147 3329 3033 3412">
     <span class='ocr_line' id='line_1_77' title="bbox 2147 3329 3033 3412; baseline -0.001 -20"><span class='ocrx_word' id='word_1_560' title='bbox 2147 3331 2423 3412; x_wconf 76' lang='grc' dir='ltr'>ἐλευθέραν</span> <span class='ocrx_word' id='word_1_561' title='bbox 2450 3341 2692 3412; x_wconf 81' lang='grc' dir='ltr'>παριστᾷ</span> <span class='ocrx_word' id='word_1_562' title='bbox 2724 3334 2799 3410; x_wconf 80' lang='grc' dir='ltr'><strong>τῷ</strong></span> <span class='ocrx_word' id='word_1_563' title='bbox 2830 3329 3033 3408; x_wconf 83' lang='grc' dir='ltr'>Πατρί.</span> 
     </span>
    </p>
   </div>
   <div class='ocr_carea' id='block_1_78' title="bbox 2228 3411 3752 3500">
    <p class='ocr_par' dir='ltr' id='par_1_78' title="bbox 2228 3411 3752 3500">
     <span class='ocr_line' id='line_1_78' title="bbox 2228 3411 3752 3500; baseline -0.001 -25"><span class='ocrx_word' id='word_1_564' title='bbox 2228 3450 2254 3475; x_wconf 76' lang='grc' dir='ltr'><strong>α</strong></span> <span class='ocrx_word' id='word_1_565' title='bbox 2283 3419 2460 3482; x_wconf 84' lang='grc' dir='ltr'>Ὅταν</span> <span class='ocrx_word' id='word_1_566' title='bbox 2485 3411 2806 3500; x_wconf 78' lang='grc' dir='ltr'>καταργήσῃ</span> <span class='ocrx_word' id='word_1_567' title='bbox 2836 3428 3018 3477; x_wconf 85' lang='grc' dir='ltr'>πᾶσαν</span> <span class='ocrx_word' id='word_1_568' title='bbox 3048 3417 3220 3498; x_wconf 82' lang='grc' dir='ltr'>ἀρχὴν</span> <span class='ocrx_word' id='word_1_569' title='bbox 3239 3461 3256 3491; x_wconf 93' lang='grc'><strong>,</strong></span> <span class='ocrx_word' id='word_1_570' title='bbox 3288 3413 3382 3474; x_wconf 74' lang='grc' dir='ltr'><strong>καὶ</strong></span> <span class='ocrx_word' id='word_1_571' title='bbox 3400 3424 3580 3474; x_wconf 80' lang='grc' dir='ltr'>πᾶσαν</span> <span class='ocrx_word' id='word_1_572' title='bbox 3613 3411 3752 3482; x_wconf 75' lang='grc' dir='ltr'>ἔξου-</span> 
     </span>
    </p>
   </div>
   <div class='ocr_carea' id='block_1_79' title="bbox 2149 3502 3756 3587">
    <p class='ocr_par' dir='ltr' id='par_1_79' title="bbox 2149 3502 3756 3587">
     <span class='ocr_line' id='line_1_79' title="bbox 2149 3502 3756 3587; baseline -0.008 -13"><span class='ocrx_word' id='word_1_573' title='bbox 2149 3511 2268 3574; x_wconf 85' lang='grc' dir='ltr'>σίαν</span> <span class='ocrx_word' id='word_1_574' title='bbox 2319 3511 2412 3571; x_wconf 79' lang='grc' dir='ltr'>καὶ</span> <span class='ocrx_word' id='word_1_575' title='bbox 2475 3509 2722 3587; x_wconf 89' lang='grc' dir='ltr'>δύναμιν.</span> <span class='ocrx_word' id='word_1_576' title='bbox 2774 3534 2806 3566; x_wconf 70' lang='lat' dir='ltr'><strong>n</strong></span> <span class='ocrx_word' id='word_1_577' title='bbox 2866 3507 3187 3582; x_wconf 84' lang='grc' dir='ltr'>Τουτέστιν,</span> <span class='ocrx_word' id='word_1_578' title='bbox 3237 3507 3366 3568; x_wconf 78' lang='grc' dir='ltr'>ὅταν</span> <span class='ocrx_word' id='word_1_579' title='bbox 3419 3502 3612 3584; x_wconf 84' lang='grc' dir='ltr'>νικήσῃ</span> <span class='ocrx_word' id='word_1_580' title='bbox 3662 3503 3756 3563; x_wconf 77' lang='grc' dir='ltr'><strong>καὶ</strong></span> 
     </span>
    </p>
   </div>
   <div class='ocr_carea' id='block_1_80' title="bbox 2151 3594 3755 3680">
    <p class='ocr_par' dir='ltr' id='par_1_80' title="bbox 2151 3594 3755 3680">
     <span class='ocr_line' id='line_1_80' title="bbox 2151 3594 3755 3680; baseline -0.007 -18"><span class='ocrx_word' id='word_1_581' title='bbox 2151 3599 2332 3680; x_wconf 80' lang='grc' dir='ltr'>παύσῃ</span> <span class='ocrx_word' id='word_1_582' title='bbox 2361 3600 2458 3669; x_wconf 80' lang='grc' dir='ltr'><strong>τὰς</strong></span> <span class='ocrx_word' id='word_1_583' title='bbox 2488 3600 2725 3680; x_wconf 81' lang='grc' dir='ltr'>πονηρὰς</span> <span class='ocrx_word' id='word_1_584' title='bbox 2758 3598 3027 3676; x_wconf 87' lang='grc' dir='ltr'>δυνάμεις.</span> <span class='ocrx_word' id='word_1_585' title='bbox 3062 3600 3175 3659; x_wconf 84' lang='grc' dir='ltr'>Νῦν</span> <span class='ocrx_word' id='word_1_586' title='bbox 3207 3595 3305 3674; x_wconf 81' lang='grc' dir='ltr'><strong>μὲν</strong></span> <span class='ocrx_word' id='word_1_587' title='bbox 3334 3594 3439 3677; x_wconf 79' lang='grc' dir='ltr'><strong>γὰρ</strong></span> <span class='ocrx_word' id='word_1_588' title='bbox 3484 3595 3755 3675; x_wconf 76' lang='grc' dir='ltr'>ἐνεργοῦσι</span> 
     </span>
    </p>
   </div>
   <div class='ocr_carea' id='block_1_81' title="bbox 2148 3687 3114 3774">
    <p class='ocr_par' dir='ltr' id='par_1_81' title="bbox 2148 3687 3114 3774">
     <span class='ocr_line' id='line_1_81' title="bbox 2148 3687 3114 3774; baseline -0.001 -24"><span class='ocrx_word' id='word_1_589' title='bbox 2148 3693 2454 3774; x_wconf 82' lang='grc' dir='ltr'>πολλαχοῦ,</span> <span class='ocrx_word' id='word_1_590' title='bbox 2488 3690 2608 3751; x_wconf 87' lang='grc' dir='ltr'>τότε</span> <span class='ocrx_word' id='word_1_591' title='bbox 2640 3691 2694 3750; x_wconf 84' lang='grc' dir='ltr'>δὲ</span> <span class='ocrx_word' id='word_1_592' title='bbox 2719 3687 3114 3751; x_wconf 77' lang='grc' dir='ltr'>παύσονται⁶²ο</span> 
     </span>
    </p>
   </div>
   <div class='ocr_carea' id='block_1_82' title="bbox 2239 3857 3757 3952">
    <p class='ocr_par' dir='ltr' id='par_1_82' title="bbox 2239 3857 3757 3952">
     <span class='ocr_line' id='line_1_82' title="bbox 2239 3857 3757 3952; baseline -0.005 -22"><span class='ocrx_word' id='word_1_593' title='bbox 2239 3895 2272 3930; x_wconf 80' lang='grc' dir='ltr'><strong>α</strong></span> <span class='ocrx_word' id='word_1_594' title='bbox 2315 3876 2410 3933; x_wconf 88' lang='grc' dir='ltr'><strong>Δεῖ</strong></span> <span class='ocrx_word' id='word_1_595' title='bbox 2436 3871 2537 3952; x_wconf 85' lang='grc' dir='ltr'><strong>γὰρ</strong></span> <span class='ocrx_word' id='word_1_596' title='bbox 2570 3871 2730 3930; x_wconf 78' lang='grc' dir='ltr'>αὐτὸν</span> <span class='ocrx_word' id='word_1_597' title='bbox 2762 3867 3093 3950; x_wconf 85' lang='grc' dir='ltr'>βασιλεύειν,</span> <span class='ocrx_word' id='word_1_598' title='bbox 3136 3867 3292 3948; x_wconf 78' lang='grc' dir='ltr'>ἄχρις</span> <span class='ocrx_word' id='word_1_599' title='bbox 3326 3857 3386 3925; x_wconf 74' lang='grc' dir='ltr'><strong>οὑ</strong></span> <span class='ocrx_word' id='word_1_600' title='bbox 3422 3866 3586 3952; x_wconf 50' lang='lat' dir='ltr'><strong>antea</strong></span> <span class='ocrx_word' id='word_1_601' title='bbox 3615 3862 3757 3923; x_wconf 87' lang='grc' dir='ltr'>πάν-</span> 
     </span>
    </p>
   </div>
   <div class='ocr_carea' id='block_1_83' title="bbox 2148 3950 3760 4040">
    <p class='ocr_par' dir='ltr' id='par_1_83' title="bbox 2148 3950 3760 4040">
     <span class='ocr_line' id='line_1_83' title="bbox 2148 3950 3760 4040; baseline -0.006 -18"><span class='ocrx_word' id='word_1_602' title='bbox 2148 3987 2242 4030; x_wconf 86' lang='grc' dir='ltr'><strong>τας</strong></span> <span class='ocrx_word' id='word_1_603' title='bbox 2292 3961 2412 4028; x_wconf 79' lang='grc' dir='ltr'>τοὺς</span> <span class='ocrx_word' id='word_1_604' title='bbox 2457 3950 2678 4040; x_wconf 61' lang='grc' dir='ltr'>ἐχθροὺς</span> <span class='ocrx_word' id='word_1_605' title='bbox 2727 3959 2829 4017; x_wconf 82' lang='grc' dir='ltr'><strong>ὑπὸ</strong></span> <span class='ocrx_word' id='word_1_606' title='bbox 2873 3957 2995 4023; x_wconf 78' lang='grc' dir='ltr'>τοὺς</span> <span class='ocrx_word' id='word_1_607' title='bbox 3042 3956 3206 4023; x_wconf 88' lang='grc' dir='ltr'>πόδας</span> <span class='ocrx_word' id='word_1_608' title='bbox 3255 3957 3438 4014; x_wconf 87' lang='grc' dir='ltr'>αὑτοῦ.</span> <span class='ocrx_word' id='word_1_609' title='bbox 3469 3950 3760 4040; x_wconf 51' lang='grc' dir='ltr'>ΪΕσχατος</span> 
     </span>
    </p>
   </div>
   <div class='ocr_carea' id='block_1_84' title="bbox 2150 4035 3760 4132">
    <p class='ocr_par' dir='ltr' id='par_1_84' title="bbox 2150 4035 3760 4132">
     <span class='ocr_line' id='line_1_84' title="bbox 2150 4035 3760 4132; baseline -0.006 -21"><span class='ocrx_word' id='word_1_610' title='bbox 2150 4051 2334 4132; x_wconf 77' lang='grc' dir='ltr'>ἐχθρὸς</span> <span class='ocrx_word' id='word_1_611' title='bbox 2375 4035 2724 4128; x_wconf 78' lang='grc' dir='ltr'>καταργεῖται</span> <span class='ocrx_word' id='word_1_612' title='bbox 2768 4051 2797 4106; x_wconf 92' lang='lat'><strong>6</strong></span> <span class='ocrx_word' id='word_1_613' title='bbox 2827 4047 3076 4114; x_wconf 87' lang='grc' dir='ltr'>θάνατος.</span> <span class='ocrx_word' id='word_1_614' title='bbox 3125 4071 3152 4099; x_wconf 72' lang='grc' dir='ltr'><strong><em>ι</em></strong></span> <span class='ocrx_word' id='word_1_615' title='bbox 3176 4044 3420 4116; x_wconf 77' lang='grc' dir='ltr'>,Ἐπειδὴ</span> <span class='ocrx_word' id='word_1_616' title='bbox 3451 4035 3633 4117; x_wconf 73' lang='grc' dir='ltr'>εἶπεν,</span> <span class='ocrx_word' id='word_1_617' title='bbox 3674 4043 3760 4104; x_wconf 79' lang='grc' dir='ltr'>ὅτι</span> 
     </span>
    </p>
   </div>
   <div class='ocr_carea' id='block_1_85' title="bbox 2153 4132 3758 4218">
    <p class='ocr_par' dir='ltr' id='par_1_85' title="bbox 2153 4132 3758 4218">
     <span class='ocr_line' id='line_1_85' title="bbox 2153 4132 3758 4218; baseline -0.004 -20"><span class='ocrx_word' id='word_1_618' title='bbox 2153 4142 2338 4216; x_wconf 88' lang='grc' dir='ltr'>μέλλει</span> <span class='ocrx_word' id='word_1_619' title='bbox 2390 4143 2736 4218; x_wconf 81' lang='grc' dir='ltr'>καταργῆσαι</span> <span class='ocrx_word' id='word_1_620' title='bbox 2789 4137 2884 4204; x_wconf 84' lang='grc' dir='ltr'><strong>τὰς</strong></span> <span class='ocrx_word' id='word_1_621' title='bbox 2931 4134 3297 4218; x_wconf 74' lang='grc' dir='ltr'>ἀποστατικᾶς</span> <span class='ocrx_word' id='word_1_622' title='bbox 3339 4132 3619 4209; x_wconf 81' lang='grc' dir='ltr'>δυνάμεις,</span> <span class='ocrx_word' id='word_1_623' title='bbox 3663 4133 3758 4192; x_wconf 72' lang='grc' dir='ltr'>καὶ</span> 
     </span>
    </p>
   </div>
   <div class='ocr_carea' id='block_1_86' title="bbox 2155 4216 3760 4308">
    <p class='ocr_par' dir='ltr' id='par_1_86' title="bbox 2155 4216 3760 4308">
     <span class='ocr_line' id='line_1_86' title="bbox 2155 4216 3760 4308; baseline -0.005 -20"><span class='ocrx_word' id='word_1_624' title='bbox 2155 4229 2385 4308; x_wconf 89' lang='grc' dir='ltr'>τρόπαια</span> <span class='ocrx_word' id='word_1_625' title='bbox 2411 4216 2656 4298; x_wconf 75' lang='grc' dir='ltr'>ποιῆσαι,</span> <span class='ocrx_word' id='word_1_626' title='bbox 2691 4226 2827 4294; x_wconf 77' lang='grc' dir='ltr'>εἰκὸς</span> <span class='ocrx_word' id='word_1_627' title='bbox 2857 4225 2911 4286; x_wconf 87' lang='grc' dir='ltr'>δὲ</span> <span class='ocrx_word' id='word_1_628' title='bbox 2943 4216 3006 4297; x_wconf 71' lang='grc' dir='ltr'>ἦν</span> <span class='ocrx_word' id='word_1_629' title='bbox 3039 4247 3156 4282; x_wconf 91' lang='grc' dir='ltr'>τινα</span> <span class='ocrx_word' id='word_1_630' title='bbox 3180 4223 3426 4282; x_wconf 86' lang='grc' dir='ltr'>διστάσαι</span> <span class='ocrx_word' id='word_1_631' title='bbox 3453 4221 3543 4280; x_wconf 73' lang='grc' dir='ltr'><strong>καὶ</strong></span> <span class='ocrx_word' id='word_1_632' title='bbox 3569 4223 3760 4296; x_wconf 84' lang='grc' dir='ltr'>εἰπεῖν,</span> 
     </span>
    </p>
   </div>
   <div class='ocr_carea' id='block_1_87' title="bbox 2154 4306 3759 4390">
    <p class='ocr_par' dir='ltr' id='par_1_87' title="bbox 2154 4306 3759 4390">
     <span class='ocr_line' id='line_1_87' title="bbox 2154 4306 3759 4390; baseline -0.006 -13"><span class='ocrx_word' id='word_1_633' title='bbox 2154 4306 2235 4378; x_wconf 76' lang='grc' dir='ltr'><strong>ὅτι</strong></span> <span class='ocrx_word' id='word_1_634' title='bbox 2267 4316 2429 4386; x_wconf 88' lang='grc' dir='ltr'>Ἴσως</span> <span class='ocrx_word' id='word_1_635' title='bbox 2461 4316 2708 4390; x_wconf 86' lang='grc' dir='ltr'>ἀτονήσει</span> <span class='ocrx_word' id='word_1_636' title='bbox 2739 4317 2837 4386; x_wconf 81' lang='grc' dir='ltr'>ἕως</span> <span class='ocrx_word' id='word_1_637' title='bbox 2878 4306 2938 4375; x_wconf 75' lang='grc' dir='ltr'><strong>οὑ</strong></span> <span class='ocrx_word' id='word_1_638' title='bbox 2972 4315 3174 4390; x_wconf 77' lang='grc' dir='ltr'>ποιήσῃ</span> <span class='ocrx_word' id='word_1_639' title='bbox 3220 4317 3390 4372; x_wconf 91' lang='grc' dir='ltr'>ταῦτα</span> <span class='ocrx_word' id='word_1_640' title='bbox 3420 4311 3618 4385; x_wconf 84' lang='grc' dir='ltr'>πάντα,</span> <span class='ocrx_word' id='word_1_641' title='bbox 3664 4311 3759 4370; x_wconf 81' lang='grc' dir='ltr'>καὶ</span> 
     </span>
    </p>
   </div>
   <div class='ocr_carea' id='block_1_88' title="bbox 2155 4399 3755 4487">
    <p class='ocr_par' dir='ltr' id='par_1_88' title="bbox 2155 4399 3755 4487">
     <span class='ocr_line' id='line_1_88' title="bbox 2155 4399 3755 4487; baseline -0.006 -20"><span class='ocrx_word' id='word_1_642' title='bbox 2155 4409 2214 4467; x_wconf 84' lang='grc' dir='ltr'>οὗ</span> <span class='ocrx_word' id='word_1_643' title='bbox 2262 4405 2338 4486; x_wconf 82' lang='grc' dir='ltr'><strong>μὴ</strong></span> <span class='ocrx_word' id='word_1_644' title='bbox 2392 4406 2677 4480; x_wconf 68' lang='grc' dir='ltr'>δυνήσεται</span> <span class='ocrx_word' id='word_1_645' title='bbox 2725 4409 3010 4487; x_wconf 86' lang='grc' dir='ltr'>πληρῶσαι</span> <span class='ocrx_word' id='word_1_646' title='bbox 3061 4402 3235 4462; x_wconf 82' lang='grc' dir='ltr'>αὖτάο</span> <span class='ocrx_word' id='word_1_647' title='bbox 3281 4403 3475 4484; x_wconf 68' lang='grc' dir='ltr'>φησιν,</span> <span class='ocrx_word' id='word_1_648' title='bbox 3515 4399 3597 4460; x_wconf 76' lang='grc' dir='ltr'><strong>ὅτι</strong></span> <span class='ocrx_word' id='word_1_649' title='bbox 3638 4403 3755 4461; x_wconf 85' lang='grc' dir='ltr'>Οὖκ</span> 
     </span>
    </p>
   </div>
   <div class='ocr_carea' id='block_1_89' title="bbox 2157 4489 3753 4575">
    <p class='ocr_par' dir='ltr' id='par_1_89' title="bbox 2157 4489 3753 4575">
     <span class='ocr_line' id='line_1_89' title="bbox 2157 4489 3753 4575; baseline -0.004 -19"><span class='ocrx_word' id='word_1_650' title='bbox 2157 4497 2440 4570; x_wconf 79' lang='grc' dir='ltr'>ἀτονήσει,</span> <span class='ocrx_word' id='word_1_651' title='bbox 2482 4497 2621 4558; x_wconf 81' lang='grc' dir='ltr'>ἀλλὰ</span> <span class='ocrx_word' id='word_1_652' title='bbox 2655 4523 2680 4551; x_wconf 77' lang='grc' dir='ltr'><strong>ιι</strong></span> <span class='ocrx_word' id='word_1_653' title='bbox 2715 4497 2795 4555; x_wconf 85' lang='grc' dir='ltr'><strong>δεῖ</strong></span> <span class='ocrx_word' id='word_1_654' title='bbox 2823 4493 2977 4554; x_wconf 78' lang='grc' dir='ltr'>αὑτὸν</span> <span class='ocrx_word' id='word_1_655' title='bbox 3011 4493 3350 4575; x_wconf 89' lang='grc' dir='ltr'>βασιλεύειν,</span> <span class='ocrx_word' id='word_1_656' title='bbox 3380 4519 3405 4544; x_wconf 76' lang='grc' dir='ltr'><strong><em>ι</em></strong></span> <span class='ocrx_word' id='word_1_657' title='bbox 3441 4489 3753 4575; x_wconf 60' lang='grc' dir='ltr'>τουτέστιν,</span> 
     </span>
    </p>
   </div>
   <div class='ocr_carea' id='block_1_90' title="bbox 2158 4571 3756 4667">
    <p class='ocr_par' dir='ltr' id='par_1_90' title="bbox 2158 4571 3756 4667">
     <span class='ocr_line' id='line_1_90' title="bbox 2158 4571 3756 4667; baseline -0.004 -20"><span class='ocrx_word' id='word_1_658' title='bbox 2158 4592 2228 4657; x_wconf 84' lang='grc' dir='ltr'>ὥς</span> <span class='ocrx_word' id='word_1_659' title='bbox 2271 4585 2496 4667; x_wconf 89' lang='grc' dir='ltr'>βασιλέα</span> <span class='ocrx_word' id='word_1_660' title='bbox 2526 4587 2616 4645; x_wconf 76' lang='grc' dir='ltr'>καὶ</span> <span class='ocrx_word' id='word_1_661' title='bbox 2646 4589 2718 4652; x_wconf 81' lang='grc' dir='ltr'>ὡς</span> <span class='ocrx_word' id='word_1_662' title='bbox 2757 4584 2977 4647; x_wconf 76' lang='grc' dir='ltr'>δυνατὸν</span> <span class='ocrx_word' id='word_1_663' title='bbox 3007 4571 3466 4664; x_wconf 74' lang='grc' dir='ltr'>ἀναστρέφεσθαι,</span> <span class='ocrx_word' id='word_1_664' title='bbox 3515 4580 3670 4660; x_wconf 84' lang='grc' dir='ltr'>ἄχρις</span> <span class='ocrx_word' id='word_1_665' title='bbox 3697 4571 3756 4640; x_wconf 67' lang='grc' dir='ltr'><strong>οὑ</strong></span> 
     </span>
    </p>
   </div>
   <div class='ocr_carea' id='block_1_91' title="bbox 449 4669 2035 4771">
    <p class='ocr_par' dir='ltr' id='par_1_91' title="bbox 449 4681 2035 4757">
     <span class='ocr_line' id='line_1_91' title="bbox 449 4681 2035 4757; baseline 0.005 -24"><span class='ocrx_word' id='word_1_666' title='bbox 449 4686 714 4750; x_wconf 89' lang='lat' dir='ltr'><strong>tanquam</strong></span> <span class='ocrx_word' id='word_1_667' title='bbox 753 4693 938 4750; x_wconf 89' lang='lat' dir='ltr'><strong>regem</strong></span> <span class='ocrx_word' id='word_1_668' title='bbox 980 4687 1036 4735; x_wconf 92' lang='lat' dir='ltr'><strong>et</strong></span> <span class='ocrx_word' id='word_1_669' title='bbox 1062 4687 1343 4751; x_wconf 90' lang='lat' dir='ltr'><strong>potentem</strong></span> <span class='ocrx_word' id='word_1_670' title='bbox 1382 4681 1610 4749; x_wconf 85' lang='lat' dir='ltr'><strong>versari,</strong></span> <span class='ocrx_word' id='word_1_671' title='bbox 1647 4681 1825 4738; x_wconf 88' lang='lat' dir='ltr'><strong>donec</strong></span> <span class='ocrx_word' id='word_1_672' title='bbox 1865 4685 2035 4757; x_wconf 89' lang='lat' dir='ltr'><strong>subje-</strong></span> 
     </span>
    </p>
   </div>
   <div class='ocr_carea' id='block_1_92' title="bbox 2145 4669 3758 4771">
    <p class='ocr_par' dir='ltr' id='par_1_92' title="bbox 2158 4669 3758 4757">
     <span class='ocr_line' id='line_1_92' title="bbox 2158 4669 3758 4757; baseline -0.004 -21"><span class='ocrx_word' id='word_1_673' title='bbox 2158 4676 2395 4756; x_wconf 77' lang='grc' dir='ltr'>ὑποτάξῃ</span> <span class='ocrx_word' id='word_1_674' title='bbox 2426 4676 2544 4743; x_wconf 82' lang='grc' dir='ltr'>τοὺς</span> <span class='ocrx_word' id='word_1_675' title='bbox 2585 4675 2834 4757; x_wconf 81' lang='grc' dir='ltr'>ἐχθροὺς,</span> <span class='ocrx_word' id='word_1_676' title='bbox 2865 4673 2958 4733; x_wconf 76' lang='grc' dir='ltr'><strong>καὶ</strong></span> <span class='ocrx_word' id='word_1_677' title='bbox 2987 4672 3248 4752; x_wconf 83' lang='grc' dir='ltr'>ἔσχατον,</span> <span class='ocrx_word' id='word_1_678' title='bbox 3281 4672 3370 4731; x_wconf 83' lang='grc' dir='ltr'><strong>τὸν</strong></span> <span class='ocrx_word' id='word_1_679' title='bbox 3409 4669 3656 4730; x_wconf 86' lang='grc' dir='ltr'>θάνατον.</span> <span class='ocrx_word' id='word_1_680' title='bbox 3687 4669 3758 4730; x_wconf 74' lang='lat'><strong>¢0</strong></span> 
     </span>
    </p>
   </div>
   <div class='ocr_carea' id='block_1_93' title="bbox 452 4766 2046 4845">
    <p class='ocr_par' dir='ltr' id='par_1_93' title="bbox 452 4766 2046 4845">
     <span class='ocr_line' id='line_1_93' title="bbox 452 4766 2046 4845; baseline 0.005 -23"><span class='ocrx_word' id='word_1_681' title='bbox 452 4767 592 4823; x_wconf 89' lang='lat' dir='ltr'><strong>cerit</strong></span> <span class='ocrx_word' id='word_1_682' title='bbox 621 4766 843 4835; x_wconf 89' lang='lat' dir='ltr'><strong>hostes,</strong></span> <span class='ocrx_word' id='word_1_683' title='bbox 897 4784 963 4824; x_wconf 91' lang='lat' dir='ltr'><strong>ac</strong></span> <span class='ocrx_word' id='word_1_684' title='bbox 993 4768 1170 4839; x_wconf 85' lang='lat' dir='ltr'><strong>ipsam</strong></span> <span class='ocrx_word' id='word_1_685' title='bbox 1218 4769 1418 4824; x_wconf 91' lang='lat' dir='ltr'><strong>ultimo</strong></span> <span class='ocrx_word' id='word_1_686' title='bbox 1448 4779 1706 4826; x_wconf 83' lang='lat' dir='ltr'><strong>mortem.</strong></span> <span class='ocrx_word' id='word_1_687' title='bbox 1757 4773 1864 4845; x_wconf 88' lang='lat' dir='ltr'><strong>Qui</strong></span> <span class='ocrx_word' id='word_1_688' title='bbox 1896 4774 2046 4830; x_wconf 91' lang='lat' dir='ltr'><strong>enim</strong></span> 
     </span>
    </p>
   </div>
   <div class='ocr_carea' id='block_1_94' title="bbox 445 4856 2038 4935">
    <p class='ocr_par' dir='ltr' id='par_1_94' title="bbox 445 4856 2038 4935">
     <span class='ocr_line' id='line_1_94' title="bbox 445 4856 2038 4935; baseline 0.004 -22"><span class='ocrx_word' id='word_1_689' title='bbox 445 4856 729 4913; x_wconf 89' lang='lat' dir='ltr'><strong>diabolum</strong></span> <span class='ocrx_word' id='word_1_690' title='bbox 787 4857 1029 4930; x_wconf 78' lang='lat' dir='ltr'><strong>subegit,</strong></span> <span class='ocrx_word' id='word_1_691' title='bbox 1060 4859 1415 4929; x_wconf 88' lang='lat' dir='ltr'><strong>perspicuum</strong></span> <span class='ocrx_word' id='word_1_692' title='bbox 1473 4870 1558 4915; x_wconf 85' lang='lat' dir='ltr'><strong>est</strong></span> <span class='ocrx_word' id='word_1_693' title='bbox 1597 4861 1743 4931; x_wconf 90' lang='lat' dir='ltr'><strong>quod</strong></span> <span class='ocrx_word' id='word_1_694' title='bbox 1780 4870 1836 4917; x_wconf 88' lang='lat' dir='ltr'><strong>et</strong></span> <span class='ocrx_word' id='word_1_695' title='bbox 1899 4879 2038 4935; x_wconf 85' lang='lat' dir='ltr'><strong>Opus</strong></span> 
     </span>
    </p>
   </div>
   <div class='ocr_carea' id='block_1_95' title="bbox 446 4945 2038 5018">
    <p class='ocr_par' dir='ltr' id='par_1_95' title="bbox 446 4945 2038 5018">
     <span class='ocr_line' id='line_1_95' title="bbox 446 4945 2038 5018; baseline 0.006 -18"><span class='ocrx_word' id='word_1_696' title='bbox 446 4945 616 5018; x_wconf 91' lang='lat' dir='ltr'><strong>ipsius</strong></span> <span class='ocrx_word' id='word_1_697' title='bbox 648 4954 886 5002; x_wconf 88' lang='lat' dir='ltr'><strong>mortem</strong></span> <span class='ocrx_word' id='word_1_698' title='bbox 918 4947 1186 5017; x_wconf 87' lang='lat' dir='ltr'><strong>subjiciet.</strong></span> <span class='ocrx_word' id='word_1_699' title='bbox 1218 4947 1508 5017; x_wconf 87' lang='lat' dir='ltr'><strong>Quomodo</strong></span> <span class='ocrx_word' id='word_1_700' title='bbox 1548 4956 1735 5007; x_wconf 87' lang='lat' dir='ltr'><strong>autem</strong></span> <span class='ocrx_word' id='word_1_701' title='bbox 1761 4949 2038 5010; x_wconf 90' lang='lat' dir='ltr'><strong>subditam</strong></span> 
     </span>
    </p>
   </div>
   <div class='ocr_carea' id='block_1_96' title="bbox 440 5037 2037 5110">
    <p class='ocr_par' dir='ltr' id='par_1_96' title="bbox 440 5037 2037 5110">
     <span class='ocr_line' id='line_1_96' title="bbox 440 5037 2037 5110; baseline 0.003 -17"><span class='ocrx_word' id='word_1_702' title='bbox 440 5051 560 5110; x_wconf 78' lang='lat' dir='ltr'><strong>esse</strong></span> <span class='ocrx_word' id='word_1_703' title='bbox 586 5044 872 5110; x_wconf 81' lang='lat' dir='ltr'><strong>appareat,</strong></span> <span class='ocrx_word' id='word_1_704' title='bbox 923 5037 1030 5092; x_wconf 91' lang='lat' dir='ltr'><strong>nisi</strong></span> <span class='ocrx_word' id='word_1_705' title='bbox 1061 5052 1294 5110; x_wconf 83' lang='lat' dir='ltr'><strong>corpora</strong></span> <span class='ocrx_word' id='word_1_706' title='bbox 1346 5052 1468 5108; x_wconf 73' lang='lat' dir='ltr'><strong>quae</strong></span> <span class='ocrx_word' id='word_1_707' title='bbox 1495 5040 1848 5110; x_wconf 90' lang='lat' dir='ltr'><strong>continebat,</strong></span> <span class='ocrx_word' id='word_1_708' title='bbox 1901 5058 2037 5098; x_wconf 88' lang='lat' dir='ltr'><strong>evo-</strong></span> 
     </span>
    </p>
   </div>
   <div class='ocr_carea' id='block_1_97' title="bbox 2155 4758 3756 4846">
    <p class='ocr_par' dir='ltr' id='par_1_97' title="bbox 2155 4758 3756 4846">
     <span class='ocr_line' id='line_1_97' title="bbox 2155 4758 3756 4846; baseline -0.006 -21"><span class='ocrx_word' id='word_1_709' title='bbox 2155 4768 2258 4846; x_wconf 82' lang='grc' dir='ltr'><strong>γὰρ</strong></span> <span class='ocrx_word' id='word_1_710' title='bbox 2303 4767 2391 4825; x_wconf 80' lang='grc' dir='ltr'><strong>τὸν</strong></span> <span class='ocrx_word' id='word_1_711' title='bbox 2439 4765 2684 4824; x_wconf 79' lang='grc' dir='ltr'>διάϐολον</span> <span class='ocrx_word' id='word_1_712' title='bbox 2742 4762 3043 4834; x_wconf 83' lang='grc' dir='ltr'>ὑποτάξας,</span> <span class='ocrx_word' id='word_1_713' title='bbox 3092 4761 3356 4841; x_wconf 83' lang='grc' dir='ltr'>πρόδηλον</span> <span class='ocrx_word' id='word_1_714' title='bbox 3411 4759 3491 4818; x_wconf 83' lang='grc' dir='ltr'><strong>ὅτι</strong></span> <span class='ocrx_word' id='word_1_715' title='bbox 3546 4758 3640 4818; x_wconf 82' lang='grc' dir='ltr'><strong>καὶ</strong></span> <span class='ocrx_word' id='word_1_716' title='bbox 3695 4758 3756 4817; x_wconf 81' lang='grc' dir='ltr'>τὸ</span> 
     </span>
    </p>
   </div>
   <div class='ocr_carea' id='block_1_98' title="bbox 2146 4847 3752 4936">
    <p class='ocr_par' dir='ltr' id='par_1_98' title="bbox 2146 4847 3752 4936">
     <span class='ocr_line' id='line_1_98' title="bbox 2146 4847 3752 4936; baseline -0.004 -24"><span class='ocrx_word' id='word_1_717' title='bbox 2146 4855 2297 4936; x_wconf 86' lang='grc' dir='ltr'>ἔργον</span> <span class='ocrx_word' id='word_1_718' title='bbox 2329 4859 2489 4913; x_wconf 79' lang='grc' dir='ltr'>αὐτοῦ</span> <span class='ocrx_word' id='word_1_719' title='bbox 2510 4900 2527 4931; x_wconf 88' lang='grc'><strong>,</strong></span> <span class='ocrx_word' id='word_1_720' title='bbox 2552 4853 2640 4913; x_wconf 81' lang='grc' dir='ltr'><strong>τὸν</strong></span> <span class='ocrx_word' id='word_1_721' title='bbox 2675 4853 2898 4912; x_wconf 84' lang='grc' dir='ltr'>θάνατον</span> <span class='ocrx_word' id='word_1_722' title='bbox 2927 4849 3196 4918; x_wconf 82' lang='grc' dir='ltr'>ὑποτάξει.</span> <span class='ocrx_word' id='word_1_723' title='bbox 3229 4852 3356 4916; x_wconf 84' lang='grc' dir='ltr'>Πῶς</span> <span class='ocrx_word' id='word_1_724' title='bbox 3381 4849 3426 4907; x_wconf 88' lang='grc' dir='ltr'>δ’</span> <span class='ocrx_word' id='word_1_725' title='bbox 3458 4848 3521 4907; x_wconf 81' lang='grc' dir='ltr'><strong>ἂν</strong></span> <span class='ocrx_word' id='word_1_726' title='bbox 3561 4847 3752 4930; x_wconf 78' lang='grc' dir='ltr'>φανείη</span> 
     </span>
    </p>
   </div>
   <div class='ocr_carea' id='block_1_99' title="bbox 2146 4937 3752 5023">
    <p class='ocr_par' dir='ltr' id='par_1_99' title="bbox 2146 4937 3752 5023">
     <span class='ocr_line' id='line_1_99' title="bbox 2146 4937 3752 5023; baseline -0.004 -21"><span class='ocrx_word' id='word_1_727' title='bbox 2146 4946 2226 5004; x_wconf 82' lang='grc' dir='ltr'><strong>ὅτι</strong></span> <span class='ocrx_word' id='word_1_728' title='bbox 2255 4943 2522 5023; x_wconf 87' lang='grc' dir='ltr'>ὑπετάγη,</span> <span class='ocrx_word' id='word_1_729' title='bbox 2561 4946 2606 5002; x_wconf 85' lang='grc' dir='ltr'>εἷ</span> <span class='ocrx_word' id='word_1_730' title='bbox 2639 4943 2714 5021; x_wconf 85' lang='grc' dir='ltr'><strong>μὴ</strong></span> <span class='ocrx_word' id='word_1_731' title='bbox 2747 4943 2814 5000; x_wconf 81' lang='grc' dir='ltr'><strong>τὰ</strong></span> <span class='ocrx_word' id='word_1_732' title='bbox 2841 4941 3072 5019; x_wconf 82' lang='grc' dir='ltr'>σώματα</span> <span class='ocrx_word' id='word_1_733' title='bbox 3102 4940 3137 4998; x_wconf 75' lang='grc' dir='ltr'>ἃ</span> <span class='ocrx_word' id='word_1_734' title='bbox 3171 4943 3442 5019; x_wconf 84' lang='grc' dir='ltr'>κατεῖχεν,</span> <span class='ocrx_word' id='word_1_735' title='bbox 3477 4937 3752 5014; x_wconf 79' lang='grc' dir='ltr'>ἐξεμέσει;</span> 
     </span>
    </p>
   </div>
   <div class='ocr_carea' id='block_1_100' title="bbox 2146 5028 3749 5115">
    <p class='ocr_par' dir='ltr' id='par_1_100' title="bbox 2146 5028 3749 5115">
     <span class='ocr_line' id='line_1_100' title="bbox 2146 5028 3749 5115; baseline -0.006 -20"><span class='ocrx_word' id='word_1_736' title='bbox 2146 5032 2287 5096; x_wconf 88' lang='grc' dir='ltr'>Τότε</span> <span class='ocrx_word' id='word_1_737' title='bbox 2323 5033 2427 5115; x_wconf 85' lang='grc' dir='ltr'><strong>γὰρ</strong></span> <span class='ocrx_word' id='word_1_738' title='bbox 2459 5033 2652 5114; x_wconf 88' lang='grc' dir='ltr'>κυρίως</span> <span class='ocrx_word' id='word_1_739' title='bbox 2696 5036 2954 5105; x_wconf 76' lang='grc' dir='ltr'>ἡττᾶται,</span> <span class='ocrx_word' id='word_1_740' title='bbox 2980 5030 3109 5091; x_wconf 76' lang='grc' dir='ltr'>ὅταν</span> <span class='ocrx_word' id='word_1_741' title='bbox 3149 5029 3242 5090; x_wconf 80' lang='grc' dir='ltr'>καὶ</span> <span class='ocrx_word' id='word_1_742' title='bbox 3281 5029 3350 5088; x_wconf 76' lang='grc' dir='ltr'><strong>τὰ</strong></span> <span class='ocrx_word' id='word_1_743' title='bbox 3392 5028 3566 5088; x_wconf 87' lang='grc' dir='ltr'>σκύλα</span> <span class='ocrx_word' id='word_1_744' title='bbox 3593 5029 3749 5105; x_wconf 87' lang='grc' dir='ltr'>διαρ-</span> 
     </span>
    </p>
   </div>
   <div class='ocr_carea' id='block_1_101' title="bbox 515 5104 1627 5181">
    <p class='ocr_par' dir='ltr' id='par_1_101' title="bbox 515 5104 1627 5181">
     <span class='ocr_line' id='line_1_101' title="bbox 515 5104 1627 5181; baseline 0.004 -18"><span class='ocrx_word' id='word_1_745' title='bbox 515 5107 532 5144; x_wconf 89' lang='grc'><strong>¹</strong></span> <span class='ocrx_word' id='word_1_746' title='bbox 575 5104 716 5163; x_wconf 82' lang='lat' dir='ltr'><strong>Psal.</strong></span> <span class='ocrx_word' id='word_1_747' title='bbox 743 5123 816 5176; x_wconf 86' lang='lat' dir='ltr'><strong>n,</strong></span> <span class='ocrx_word' id='word_1_748' title='bbox 843 5104 898 5164; x_wconf 89' lang='lat'><strong>8.</strong></span> <span class='ocrx_word' id='word_1_749' title='bbox 977 5115 1017 5145; x_wconf 72' lang='grc' dir='ltr'>ω</span> <span class='ocrx_word' id='word_1_750' title='bbox 1043 5104 1242 5166; x_wconf 68' lang='lat' dir='ltr'><strong>Matth.</strong></span> <span class='ocrx_word' id='word_1_751' title='bbox 1278 5104 1503 5181; x_wconf 68' lang='lat' dir='ltr'><strong>xxvul,</strong></span> <span class='ocrx_word' id='word_1_752' title='bbox 1537 5117 1627 5167; x_wconf 90' lang='lat'><strong>18.</strong></span> 
     </span>
    </p>
   </div>
   <div class='ocr_carea' id='block_1_102' title="bbox 1861 5185 2489 5248">
    <p class='ocr_par' dir='ltr' id='par_1_102' title="bbox 1861 5185 2489 5248">
     <span class='ocr_line' id='line_1_102' title="bbox 1861 5185 2489 5248; baseline -0.003 -5"><span class='ocrx_word' id='word_1_753' title='bbox 1861 5185 2054 5247; x_wconf 83' lang='lat' dir='ltr'><strong>Variae</strong></span> <span class='ocrx_word' id='word_1_754' title='bbox 2098 5187 2410 5248; x_wconf 90' lang='lat' dir='ltr'><strong>lectiones.</strong></span> <span class='ocrx_word' id='word_1_755' title='bbox 2484 5238 2489 5241; x_wconf 91' lang='lat'>_</span> 
     </span>
    </p>
   </div>
   <div class='ocr_carea' id='block_1_103' title="bbox 517 5258 3756 5340">
    <p class='ocr_par' dir='ltr' id='par_1_103' title="bbox 517 5258 3756 5340">
     <span class='ocr_line' id='line_1_103' title="bbox 517 5258 3756 5340; baseline -0.004 -13"><span class='ocrx_word' id='word_1_756' title='bbox 517 5259 557 5294; x_wconf 77' lang='grc'>⁶¹</span> <span class='ocrx_word' id='word_1_757' title='bbox 597 5258 954 5340; x_wconf 66' lang='grc' dir='ltr'><strong>ἀποστήσαντα</strong></span> <span class='ocrx_word' id='word_1_758' title='bbox 1003 5275 1059 5316; x_wconf 83' lang='grc' dir='ltr'><strong>οο</strong></span> <span class='ocrx_word' id='word_1_759' title='bbox 1130 5259 1182 5340; x_wconf 45' lang='grc' dir='ltr'><strong>Ϋ²</strong></span> <span class='ocrx_word' id='word_1_760' title='bbox 1235 5263 1525 5315; x_wconf 65' lang='grc' dir='ltr'><strong>παύσονται·</strong></span> <span class='ocrx_word' id='word_1_761' title='bbox 1584 5262 1920 5339; x_wconf 70' lang='grc' dir='ltr'>Καταργῆσῃ,</span> <span class='ocrx_word' id='word_1_762' title='bbox 1971 5267 2105 5321; x_wconf 83' lang='grc' dir='ltr'>τοῦτ’</span> <span class='ocrx_word' id='word_1_763' title='bbox 2155 5266 2310 5333; x_wconf 87' lang='grc' dir='ltr'>ἔστιν,</span> <span class='ocrx_word' id='word_1_764' title='bbox 2356 5269 2477 5322; x_wconf 75' lang='grc' dir='ltr'>ὅταν</span> <span class='ocrx_word' id='word_1_765' title='bbox 2522 5266 2731 5340; x_wconf 77' lang='grc' dir='ltr'>νικήσῃ,</span> <span class='ocrx_word' id='word_1_766' title='bbox 2759 5265 2844 5320; x_wconf 74' lang='grc' dir='ltr'>καὶ</span> <span class='ocrx_word' id='word_1_767' title='bbox 2884 5263 3064 5336; x_wconf 86' lang='grc' dir='ltr'>παύσῃ·</span> <span class='ocrx_word' id='word_1_768' title='bbox 3110 5271 3193 5318; x_wconf 83' lang='grc' dir='ltr'><strong>νῦν</strong></span> <span class='ocrx_word' id='word_1_769' title='bbox 3243 5262 3333 5334; x_wconf 82' lang='grc' dir='ltr'>μὲν</span> <span class='ocrx_word' id='word_1_770' title='bbox 3383 5262 3482 5334; x_wconf 79' lang='grc' dir='ltr'><strong>γὰρ</strong></span> <span class='ocrx_word' id='word_1_771' title='bbox 3522 5261 3756 5334; x_wconf 79' lang='grc' dir='ltr'>ἐνεργοῦ-</span> 
     </span>
    </p>
   </div>
   <div class='ocr_carea' id='block_1_104' title="bbox 445 5339 3764 5419">
    <p class='ocr_par' dir='ltr' id='par_1_104' title="bbox 445 5339 3764 5419">
     <span class='ocr_line' id='line_1_104' title="bbox 445 5339 3764 5419; baseline 0 -26"><span class='ocrx_word' id='word_1_772' title='bbox 445 5359 523 5393; x_wconf 87' lang='grc' dir='ltr'><strong>σιν</strong></span> <span class='ocrx_word' id='word_1_773' title='bbox 596 5339 650 5394; x_wconf 70' lang='lat' dir='ltr'><strong>ai</strong></span> <span class='ocrx_word' id='word_1_774' title='bbox 703 5340 920 5411; x_wconf 77' lang='grc' dir='ltr'>πονηραὶ</span> <span class='ocrx_word' id='word_1_775' title='bbox 967 5341 1052 5393; x_wconf 75' lang='grc' dir='ltr'>καὶ</span> <span class='ocrx_word' id='word_1_776' title='bbox 1117 5339 1450 5395; x_wconf 77' lang='grc' dir='ltr'>ἆποστατικαὶ</span> <span class='ocrx_word' id='word_1_777' title='bbox 1519 5344 1780 5415; x_wconf 83' lang='grc' dir='ltr'>δυνάμεις·</span> <span class='ocrx_word' id='word_1_778' title='bbox 1832 5349 1946 5400; x_wconf 81' lang='grc' dir='ltr'>τότε</span> <span class='ocrx_word' id='word_1_779' title='bbox 2016 5348 2070 5402; x_wconf 81' lang='grc' dir='ltr'><strong>’δὲ</strong></span> <span class='ocrx_word' id='word_1_780' title='bbox 2138 5347 2225 5400; x_wconf 75' lang='grc' dir='ltr'>οὒκ</span> <span class='ocrx_word' id='word_1_781' title='bbox 2286 5349 2345 5400; x_wconf 81' lang='grc' dir='ltr'>ἂν</span> <span class='ocrx_word' id='word_1_782' title='bbox 2411 5347 2736 5419; x_wconf 80' lang='grc' dir='ltr'>ἐνεργήσουσι</span> <span class='ocrx_word' id='word_1_783' title='bbox 2809 5347 2877 5409; x_wconf 72' lang='grc' dir='ltr'>εὶς</span> <span class='ocrx_word' id='word_1_784' title='bbox 2927 5345 3136 5398; x_wconf 83' lang='grc' dir='ltr'>κόλασιν</span> <span class='ocrx_word' id='word_1_785' title='bbox 3191 5345 3598 5416; x_wconf 81' lang='grc' dir='ltr'>παραδιδόμεναι.</span> <span class='ocrx_word' id='word_1_786' title='bbox 3665 5340 3764 5394; x_wconf 71' lang='grc' dir='ltr'><strong>Καὶ</strong></span> 
     </span>
    </p>
   </div>
   <div class='ocr_carea' id='block_1_105' title="bbox 440 5419 3760 5500">
    <p class='ocr_par' dir='ltr' id='par_1_105' title="bbox 440 5419 3760 5500">
     <span class='ocr_line' id='line_1_105' title="bbox 440 5419 3760 5500; baseline 0 -27"><span class='ocrx_word' id='word_1_787' title='bbox 440 5421 610 5484; x_wconf 74' lang='grc' dir='ltr'>ἄλλως</span> <span class='ocrx_word' id='word_1_788' title='bbox 636 5441 648 5453; x_wconf 89' lang='grc'><strong>·</strong></span> <span class='ocrx_word' id='word_1_789' title='bbox 708 5419 926 5493; x_wconf 82' lang='grc' dir='ltr'>Ὁμοίως</span> <span class='ocrx_word' id='word_1_790' title='bbox 977 5421 1127 5490; x_wconf 71' lang='grc' dir='ltr'>φησὶν</span> <span class='ocrx_word' id='word_1_791' title='bbox 1169 5421 1198 5474; x_wconf 89' lang='lat'><strong>6</strong></span> <span class='ocrx_word' id='word_1_792' title='bbox 1237 5421 1410 5487; x_wconf 78' lang='grc' dir='ltr'>Δαυῖδ,</span> <span class='ocrx_word' id='word_1_793' title='bbox 1457 5421 1548 5478; x_wconf 90' lang='grc' dir='ltr'><strong>Ἐν</strong></span> <span class='ocrx_word' id='word_1_794' title='bbox 1610 5429 1673 5498; x_wconf 80' lang='grc' dir='ltr'><strong>τῇ</strong></span> <span class='ocrx_word' id='word_1_795' title='bbox 1723 5429 1838 5498; x_wconf 83' lang='grc' dir='ltr'>σκιᾷ</span> <span class='ocrx_word' id='word_1_796' title='bbox 1885 5434 1985 5481; x_wconf 82' lang='grc' dir='ltr'><strong>τῶν</strong></span> <span class='ocrx_word' id='word_1_797' title='bbox 2028 5429 2284 5500; x_wconf 79' lang='grc' dir='ltr'>πτερύγων</span> <span class='ocrx_word' id='word_1_798' title='bbox 2331 5449 2420 5481; x_wconf 90' lang='grc' dir='ltr'><strong>σου</strong></span> <span class='ocrx_word' id='word_1_799' title='bbox 2471 5429 2627 5483; x_wconf 78' lang='grc' dir='ltr'>ἔλπιῶ</span> <span class='ocrx_word' id='word_1_800' title='bbox 2685 5430 2778 5489; x_wconf 75' lang='grc' dir='ltr'>ἕως</span> <span class='ocrx_word' id='word_1_801' title='bbox 2821 5427 3042 5498; x_wconf 83' lang='grc' dir='ltr'>παρέλθῃ</span> <span class='ocrx_word' id='word_1_802' title='bbox 3104 5424 3136 5492; x_wconf 79' lang='grc' dir='ltr'>ἡ</span> <span class='ocrx_word' id='word_1_803' title='bbox 3183 5424 3387 5498; x_wconf 84' lang='grc' dir='ltr'>ἀνομία.</span> <span class='ocrx_word' id='word_1_804' title='bbox 3485 5424 3610 5478; x_wconf 85' lang='grc' dir='ltr'>Τότε</span> <span class='ocrx_word' id='word_1_805' title='bbox 3661 5421 3760 5494; x_wconf 82' lang='grc' dir='ltr'><strong>γὰρ</strong></span> 
     </span>
    </p>
   </div>
   <div class='ocr_carea' id='block_1_106' title="bbox 441 5503 3757 5580">
    <p class='ocr_par' dir='ltr' id='par_1_106' title="bbox 441 5503 3757 5580">
     <span class='ocr_line' id='line_1_106' title="bbox 441 5503 3757 5580; baseline 0.001 -24"><span class='ocrx_word' id='word_1_806' title='bbox 441 5504 737 5574; x_wconf 84' lang='grc' dir='ltr'>παρέργεται</span> <span class='ocrx_word' id='word_1_807' title='bbox 783 5503 1169 5575; x_wconf 79' lang='grc' dir='ltr'>[παρέρχεται],</span> <span class='ocrx_word' id='word_1_808' title='bbox 1209 5504 1330 5556; x_wconf 80' lang='grc' dir='ltr'>ὅταν</span> <span class='ocrx_word' id='word_1_809' title='bbox 1387 5504 1438 5557; x_wconf 73' lang='grc' dir='ltr'><strong>αἱ</strong></span> <span class='ocrx_word' id='word_1_810' title='bbox 1490 5504 1645 5577; x_wconf 73' lang='grc' dir='ltr'>ἀρχαὶ</span> <span class='ocrx_word' id='word_1_811' title='bbox 1697 5507 1783 5559; x_wconf 70' lang='grc' dir='ltr'>καὶ</span> <span class='ocrx_word' id='word_1_812' title='bbox 1825 5507 2038 5570; x_wconf 78' lang='grc' dir='ltr'>ἐξουσίαι</span> <span class='ocrx_word' id='word_1_813' title='bbox 2093 5511 2449 5580; x_wconf 83' lang='grc' dir='ltr'>καταργηθῶσι</span> <span class='ocrx_word' id='word_1_814' title='bbox 2511 5510 2595 5563; x_wconf 66' lang='grc' dir='ltr'><strong>καὶ</strong></span> <span class='ocrx_word' id='word_1_815' title='bbox 2651 5509 2968 5580; x_wconf 71' lang='grc' dir='ltr'>ἀνενέργητοι</span> <span class='ocrx_word' id='word_1_816' title='bbox 3023 5510 3208 5578; x_wconf 72' lang='grc' dir='ltr'>μένωσι</span> <span class='ocrx_word' id='word_1_817' title='bbox 3270 5524 3348 5564; x_wconf 90' lang='lat' dir='ltr'><strong>m.</strong></span> <span class='ocrx_word' id='word_1_818' title='bbox 3413 5507 3757 5572; x_wconf 81' lang='lat' dir='ltr'><strong>Aboleverit,</strong></span> 
     </span>
    </p>
   </div>
   <div class='ocr_carea' id='block_1_107' title="bbox 442 5583 3762 5663">
    <p class='ocr_par' dir='ltr' id='par_1_107' title="bbox 442 5583 3762 5663">
     <span class='ocr_line' id='line_1_107' title="bbox 442 5583 3762 5663; baseline 0 -25"><span class='ocrx_word' id='word_1_819' title='bbox 442 5583 542 5640; x_wconf 81' lang='lat' dir='ltr'><strong>hoc</strong></span> <span class='ocrx_word' id='word_1_820' title='bbox 571 5589 670 5651; x_wconf 89' lang='lat' dir='ltr'><strong>est,</strong></span> <span class='ocrx_word' id='word_1_821' title='bbox 691 5599 810 5640; x_wconf 84' lang='lat' dir='ltr'><strong>cum</strong></span> <span class='ocrx_word' id='word_1_822' title='bbox 847 5585 1057 5652; x_wconf 80' lang='lat' dir='ltr'><strong>vicerit,</strong></span> <span class='ocrx_word' id='word_1_823' title='bbox 1081 5589 1132 5639; x_wconf 89' lang='lat' dir='ltr'><strong>et</strong></span> <span class='ocrx_word' id='word_1_824' title='bbox 1152 5589 1529 5656; x_wconf 87' lang='lat' dir='ltr'><strong>compescuerit</strong></span> <span class='ocrx_word' id='word_1_825' title='bbox 1560 5606 1578 5641; x_wconf 83' lang='lat'><strong>.-</strong></span> <span class='ocrx_word' id='word_1_826' title='bbox 1603 5604 1744 5643; x_wconf 88' lang='lat' dir='ltr'><strong>nunc</strong></span> <span class='ocrx_word' id='word_1_827' title='bbox 1771 5593 1914 5644; x_wconf 85' lang='lat' dir='ltr'><strong>enim</strong></span> <span class='ocrx_word' id='word_1_828' title='bbox 1935 5600 2235 5663; x_wconf 79' lang='lat' dir='ltr'><strong>operantur</strong></span> <span class='ocrx_word' id='word_1_829' title='bbox 2249 5607 2440 5662; x_wconf 68' lang='lat' dir='ltr'><strong>pravae</strong></span> <span class='ocrx_word' id='word_1_830' title='bbox 2463 5595 2517 5645; x_wconf 89' lang='lat' dir='ltr'><strong>ct</strong></span> <span class='ocrx_word' id='word_1_831' title='bbox 2536 5594 2854 5660; x_wconf 74' lang='lat' dir='ltr'><strong>apostaticae</strong></span> <span class='ocrx_word' id='word_1_832' title='bbox 2881 5593 3205 5660; x_wconf 82' lang='lat' dir='ltr'><strong>potestates;</strong></span> <span class='ocrx_word' id='word_1_833' title='bbox 3236 5592 3364 5644; x_wconf 86' lang='lat' dir='ltr'><strong>tunc</strong></span> <span class='ocrx_word' id='word_1_834' title='bbox 3385 5602 3510 5643; x_wconf 83' lang='lat' dir='ltr'><strong>vero</strong></span> <span class='ocrx_word' id='word_1_835' title='bbox 3536 5587 3762 5657; x_wconf 82' lang='lat' dir='ltr'><strong>operari</strong></span> 
     </span>
    </p>
   </div>
   <div class='ocr_carea' id='block_1_108' title="bbox 442 5665 3756 5741">
    <p class='ocr_par' dir='ltr' id='par_1_108' title="bbox 442 5665 3756 5741">
     <span class='ocr_line' id='line_1_108' title="bbox 442 5665 3756 5741; baseline 0.001 -24"><span class='ocrx_word' id='word_1_836' title='bbox 442 5679 550 5718; x_wconf 85' lang='lat' dir='ltr'><strong>non</strong></span> <span class='ocrx_word' id='word_1_837' title='bbox 568 5668 825 5734; x_wconf 82' lang='lat' dir='ltr'><strong>poterunt</strong></span> <span class='ocrx_word' id='word_1_838' title='bbox 863 5705 882 5729; x_wconf 84' lang='lat'><strong>,</strong></span> <span class='ocrx_word' id='word_1_839' title='bbox 908 5667 1095 5734; x_wconf 82' lang='lat' dir='ltr'><strong>utpote</strong></span> <span class='ocrx_word' id='word_1_840' title='bbox 1116 5667 1176 5720; x_wconf 88' lang='lat' dir='ltr'><strong>in</strong></span> <span class='ocrx_word' id='word_1_841' title='bbox 1204 5667 1534 5738; x_wconf 72' lang='lat' dir='ltr'><strong>supplicium</strong></span> <span class='ocrx_word' id='word_1_842' title='bbox 1549 5668 1672 5737; x_wconf 87' lang='lat' dir='ltr'><strong>jam</strong></span> <span class='ocrx_word' id='word_1_843' title='bbox 1685 5671 1927 5727; x_wconf 67' lang='lat' dir='ltr'><strong>traditas.</strong></span> <span class='ocrx_word' id='word_1_844' title='bbox 1955 5674 2030 5728; x_wconf 88' lang='lat' dir='ltr'><strong>Et</strong></span> <span class='ocrx_word' id='word_1_845' title='bbox 2057 5669 2224 5727; x_wconf 81' lang='lat' dir='ltr'><strong>aliter</strong></span> <span class='ocrx_word' id='word_1_846' title='bbox 2255 5690 2275 5724; x_wconf 90' lang='grc'><strong>.·</strong></span> <span class='ocrx_word' id='word_1_847' title='bbox 2302 5673 2488 5728; x_wconf 84' lang='lat' dir='ltr'><strong>Simili</strong></span> <span class='ocrx_word' id='word_1_848' title='bbox 2508 5671 2664 5725; x_wconf 83' lang='lat' dir='ltr'><strong>modo</strong></span> <span class='ocrx_word' id='word_1_849' title='bbox 2691 5673 2774 5726; x_wconf 87' lang='lat' dir='ltr'><strong>ait</strong></span> <span class='ocrx_word' id='word_1_850' title='bbox 2800 5669 2977 5726; x_wconf 76' lang='lat' dir='ltr'><strong>Dauid</strong></span> <span class='ocrx_word' id='word_1_851' title='bbox 3012 5667 3140 5741; x_wconf 91' lang='lat' dir='ltr'><strong>(Ps.</strong></span> <span class='ocrx_word' id='word_1_852' title='bbox 3182 5683 3308 5735; x_wconf 71' lang='lat' dir='ltr'><strong>va,</strong></span> <span class='ocrx_word' id='word_1_853' title='bbox 3334 5668 3388 5740; x_wconf 88' lang='lat'><strong>2)</strong></span> <span class='ocrx_word' id='word_1_854' title='bbox 3415 5689 3427 5724; x_wconf 92' lang='lat'>:</span> <span class='ocrx_word' id='word_1_855' title='bbox 3456 5670 3521 5724; x_wconf 87' lang='lat' dir='ltr'><strong>In</strong></span> <span class='ocrx_word' id='word_1_856' title='bbox 3558 5665 3756 5721; x_wconf 86' lang='lat' dir='ltr'><strong>umbra</strong></span> 
     </span>
    </p>
   </div>
   <div class='ocr_carea' id='block_1_109' title="bbox 439 5745 3757 5822">
    <p class='ocr_par' dir='ltr' id='par_1_109' title="bbox 439 5745 3757 5822">
     <span class='ocr_line' id='line_1_109' title="bbox 439 5745 3757 5822; baseline 0.001 -22"><span class='ocrx_word' id='word_1_857' title='bbox 690 5748 914 5822; x_wconf 63' lang='lat' dir='ltr'><strong>tuarum</strong></span> <span class='ocrx_word' id='word_1_858' title='bbox 932 5745 1180 5816; x_wconf 84' lang='lat' dir='ltr'><strong>sperabo,</strong></span> <span class='ocrx_word' id='word_1_859' title='bbox 1205 5746 1369 5803; x_wconf 84' lang='lat' dir='ltr'><strong>donec</strong></span> <span class='ocrx_word' id='word_1_860' title='bbox 1394 5752 1637 5804; x_wconf 84' lang='lat' dir='ltr'><strong>transeat</strong></span> <span class='ocrx_word' id='word_1_861' title='bbox 1659 5751 1960 5822; x_wconf 84' lang='lat' dir='ltr'><strong>iniquitas.</strong></span> <span class='ocrx_word' id='word_1_862' title='bbox 1981 5754 2123 5810; x_wconf 81' lang='lat' dir='ltr'><strong>Tunc</strong></span> <span class='ocrx_word' id='word_1_863' title='bbox 2147 5753 2296 5807; x_wconf 86' lang='lat' dir='ltr'><strong>enim</strong></span> <span class='ocrx_word' id='word_1_864' title='bbox 2321 5753 2530 5809; x_wconf 81' lang='lat' dir='ltr'><strong>transit</strong></span> <span class='ocrx_word' id='word_1_865' title='bbox 2553 5753 2848 5822; x_wconf 81' lang='lat' dir='ltr'><strong>iniquitas,</strong></span> <span class='ocrx_word' id='word_1_866' title='bbox 2879 5765 3001 5808; x_wconf 88' lang='lat' dir='ltr'><strong>cum</strong></span> <span class='ocrx_word' id='word_1_867' title='bbox 3019 5751 3371 5822; x_wconf 70' lang='lat' dir='ltr'><strong>principatus</strong></span> <span class='ocrx_word' id='word_1_868' title='bbox 3391 5753 3444 5806; x_wconf 86' lang='lat' dir='ltr'><strong>et</strong></span> <span class='ocrx_word' id='word_1_869' title='bbox 3461 5750 3757 5819; x_wconf 85' lang='lat' dir='ltr'><strong>potestates</strong></span> 
     </span>
    </p>
   </div>
   <div class='ocr_carea' id='block_1_110' title="bbox 440 5815 1718 5887">
    <p class='ocr_par' dir='ltr' id='par_1_110' title="bbox 440 5815 1718 5887">
     <span class='ocr_line' id='line_1_110' title="bbox 440 5815 1718 5887; baseline 0.003 -17"><span class='ocrx_word' id='word_1_870' title='bbox 440 5815 743 5875; x_wconf 78' lang='lat' dir='ltr'><strong>abolentur.</strong></span> <span class='ocrx_word' id='word_1_871' title='bbox 771 5820 825 5873; x_wconf 80' lang='lat' dir='ltr'><strong>et</strong></span> <span class='ocrx_word' id='word_1_872' title='bbox 851 5815 1055 5887; x_wconf 88' lang='lat' dir='ltr'><strong>absque</strong></span> <span class='ocrx_word' id='word_1_873' title='bbox 1081 5823 1399 5887; x_wconf 79' lang='lat' dir='ltr'><strong>operatione</strong></span> <span class='ocrx_word' id='word_1_874' title='bbox 1435 5825 1718 5876; x_wconf 85' lang='lat' dir='ltr'><strong>maneant.</strong></span> 
     </span>
    </p>
   </div>
  </div>
