4110 6408
395 449 497 502 765

1243 454 1596 513 EXPOSITIO
1633 457 1701 513 IN
1740 459 1954 516 EPIST.
1998 461 2019 517 Ι
2056 461 2148 519 ΑΙ)
2188 462 2345 521 COR.
2388 497 2457 509 —
2495 469 2647 526 CAP.
2690 470 2798 525 XV.

3599 473 3702 525 766

597 573 694 673 Μὴ
741 574 937 653 τοίνυν,
966 578 1159 673 φησὶν,
1197 578 1452 673 ἀκούσας,
1500 581 1581 673 ὅτι
1610 591 1788 643 πᾶσαν
1820 584 1993 667 ἀρχὴν

2106 592 2311 649 muerit
2329 596 2355 650 Ρ
2383 596 2530 652 Tum
2557 596 2711 653 enim
2739 598 2965 671 proprie
2988 600 3213 657 victoria
3241 600 3537 673 obtinctur,
3569 616 3703 660 cum

390 663 486 755 καὶ
522 663 760 755 έξουσίαν
801 670 1165 751 καταργήσει,
1200 672 1436 755 φοϐηθῇς
1475 672 1558 733 ὅτι
1597 663 1994 752 ἀτονήσειξκαὶ

393 751 558 847 οὗῄμὴ
609 756 808 847 ποιήσῃ
848 764 1041 822 ταῦτα.
1091 751 1318 834 Ποιῆσει
1364 751 1468 844 γὰρ
1505 765 1681 825 πάντα
1711 766 1787 840 ⁸³,
1841 771 1995 847 βασι-

392 842 560 903 λεύων
611 845 704 906 καὶ
755 849 965 908 διοικῶν
1015 850 1106 910 τὸν
1164 842 1402 932 πόλεμον
1419 842 1451 929 ,ἡ
1494 853 1595 923 ἕως
1642 847 1703 916 οὗ
1758 842 1992 938 ὑποτάξῃ

392 934 627 1029 πάντας,
648 935 815 1029 Ὁρᾷς
843 938 925 998 ὅτι
953 941 1037 1018 τὸ,
1083 961 1113 1000 (ι
1138 938 1359 1025 Ἀχρις,
1392 964 1424 1003 ι)
1457 945 1517 1004 οὔ
1548 945 1679 1025 πρὸς
1722 934 1992 1029 ἀναίρεσιν

392 1027 517 1118 τοῦ,
572 1026 729 1086 Μετὰ
784 1034 992 1106 ταῦτα,
1050 1035 1261 1110 κεῖταις
1320 1033 1485 1095 Ἀλλὰ
1545 1037 1610 1094 δι’
1665 1035 1731 1109 ἣν
1786 1026 1993 1118 εἴρηται

394 1112 602 1206 dirimi;
640 1118 841 1197 Κρατεῖ
887 1120 1017 1206 γὰρ,
1065 1122 1249 1204 φησὶν,
1297 1125 1461 1184 αὐτοῦ
1505 1129 1539 1198 ἡ
1582 1112 1855 1206 βασιλεία,
1902 1128 1993 1188 καὶ

392 1203 487 1264 οὐκ
539 1208 734 1283 ἀτονεῖ,
785 1208 883 1277 ἕως
922 1203 985 1270 οὗ
1029 1203 1207 1272 πάντα
1253 1203 1603 1295 κατορθώσει.
1659 1218 1798 1278 Μεθ’
1859 1218 1889 1276 δ
1936 1218 1991 1277 δὲ

392 1295 735 1386 κατορθώσει,
755 1301 939 1381 πολλῷ
966 1304 1191 1378 μᾶλλον·
1227 1330 1248 1356 ι
1270 1306 1387 1377 Τῆς
1405 1304 1508 1386 γὰρ
1533 1305 1808 1385 βασιλείας
1830 1310 1991 1368 αὖτοῦ

390 1383 484 1478 οὔκ
512 1385 664 1478 ἔσται
688 1387 855 1456 τέλος.
884 1416 910 1444 ››
943 1389 1014 1452 Ὁ
1039 1392 1095 1451 δὲ
1117 1393 1381 1473 Θεολόγος
1401 1383 1691 1477 Γρηγόριός
1711 1420 1889 1478 φησιν,
1908 1396 1991 1457 ὅτι

392 1476 691 1553 βασιλεύειν
740 1482 969 1541 ἐνταῦθα
1016 1482 1262 1563 λέγεται,
1291 1485 1588 1562 τουτέστιν,
1634 1476 1860 1568 ἐνεργεῖν
1890 1487 1988 1562 τὴν

387 1566 683 1656 ὑποταγὴν,
708 1569 798 1628 καὶ
826 1570 1028 1631 τιθέναι
1057 1578 1201 1650 ἡμᾶς
1229 1573 1334 1634 ὑπὸ
1361 1576 1458 1649 τὴν
1490 1578 1651 1636 αὐτοῦ
1683 1566 1985 1656 βασιλείαν

388 1652 505 1747 ὅθεν
530 1656 622 1715 καὶ
660 1662 780 1735 μεθ’
830 1658 857 1719 ὃ
902 1663 1258 1743 ὑποταγῶμεν
1291 1666 1462 1747 αὐτῷ,
1516 1666 1748 1727 παύεται
1801 1671 1833 1740 ἡ
1885 1692 1990 1728 τοι·

389 1742 525 1819 αὕτη
560 1747 840 1826 βασιλεία,
886 1742 1195 1831 τουτέστιν,
1240 1757 1277 1827 ἡ
1328 1756 1455 1836 πρὸς
1505 1754 1565 1815 τὸ
1617 1757 1992 1837 βασιλεύεσθαι

386 1837 533 1931 ἡᾼμᾶς
558 1837 650 1896 ὑπ’
701 1840 865 1900 αὐτοῦ
915 1841 1122 1916 σπουδὴ
1170 1842 1264 1903 καὶ
1316 1845 1574 1931 ἐνέργεια.
1623 1844 1842 1929 σΩσπερ
1888 1848 1993 1931 γὰρ

2103 690 2159 738 et
2184 684 2362 755 spolia
2392 684 2607 758 direpta
2635 685 2861 745 fuerint.
2889 690 2971 746 Ne
2988 689 3153 763 igitur
3180 706 3309 746 cum
3337 690 3531 749 audias
3555 692 3704 765 quod

2104 773 2351 832 destruet
2386 791 2609 834 omnem
2647 778 3013 851 principatum
3033 789 3089 837 et
3112 788 3459 855 potestatem,
3486 790 3703 840 metuas

2106 864 2257 937 quod
2292 866 2503 924 viribus
2547 868 2904 939 destituatur,
2930 886 3034 927 nec
3060 871 3305 929 facturus
3333 872 3406 928 sit
3450 872 3557 929 ista
3590 871 3704 929 :fa-

2103 955 2212 1011 ciet
2256 956 2406 1013 enim
2434 959 2647 1028 omnia,
2688 958 2897 1016 bellum
2940 961 3253 1033 gubernans
3297 977 3362 1018 ac
3406 961 3704 1035 disponens

2104 1046 2370 1120 tantisper
2396 1047 2536 1105 dum
2564 1064 2758 1105 omnes
2787 1050 3084 1124 subegerit.
3108 1051 3300 1109 Viden’
3325 1052 3494 1124 quod,
3525 1074 3549 1101 ι
3584 1055 3704 1108 Do-

2102 1152 2235 1205 nec,
2268 1160 2294 1187 ν
2334 1152 2451 1194 non
2495 1149 2736 1211 ponatur
2780 1140 2850 1197 ad
2908 1141 3245 1212 tollendum,
3304 1143 3579 1199 Posthac?
3628 1145 3707 1199 At

2102 1243 2210 1299 qua
2248 1227 2317 1284 de
2354 1243 2517 1285 causa
2559 1229 2773 1287 dictum
2804 1232 2923 1287 est?
2953 1233 3121 1303 222
3169 1235 3345 1289 Durat
3382 1233 3534 1289 enim
3584 1233 3703 1306 ejus

2102 1316 2402 1389 imperium
2422 1359 2436 1386 ,
2468 1318 2674 1391 inquit,
2704 1335 2807 1376 nec
2835 1320 3268 1390 labefactabitur,
3314 1322 3489 1379 donec
3513 1323 3701 1380 omnia

2100 1405 2416 1465 confecerit.
2444 1410 2749 1483 Postquam
2782 1426 2911 1467 vero
2944 1412 3134 1468 omnia
3171 1412 3486 1482 confecerit,
3524 1413 3703 1469 multo

2100 1498 2279 1569 magis
2325 1499 2519 1571 :regni
2562 1500 2710 1556 enim
2749 1500 2868 1574 ejus
2905 1517 3021 1558 non
3058 1502 3165 1558 erit
3201 1501 3349 1559 ﬁnis.
3401 1503 3702 1575 Gregorius

2098 1597 2289 1645 autem
2315 1588 2629 1662 Theologus
2666 1592 2763 1659 ait,
2791 1591 2939 1663 quod
2964 1608 3194 1665 regnare
3233 1593 3321 1649 hic
3347 1593 3567 1663 dicitur,
3596 1593 3701 1650 hoc

2099 1687 2191 1734 est
2224 1677 2399 1735 facere
2436 1681 2717 1751 operative
2747 1681 3172 1753 subjectionem,
3208 1699 3419 1754 nosque
3456 1698 3560 1741 suo
3589 1684 3701 1740 im-

2106 1768 2260 1841 perio
2303 1768 2561 1826 subdere.
2607 1770 2774 1828 Unde
2819 1781 3111 1844 potsquam
3156 1772 3387 1844 subjecti
3435 1771 3703 1829 fuerimus

2106 1858 2230 1930 ipsi,
2278 1867 2456 1916 cessat
2500 1858 2824 1933 hujusmodi
2853 1877 3085 1933 regnum
3106 1902 3123 1930 ,
3150 1861 3257 1918 hoc
3281 1869 3365 1918 est
3390 1870 3624 1919 conatus
3647 1870 3703 1919 et

386 1926 655 2024 οξιοδομεῖ
702 1931 731 1988 6
758 1931 1037 2024 οἰκοδόμος
1086 1933 1242 2024 ἄχρις
1289 1926 1349 1995 οὑ
1382 1941 1445 2016 θῇ
1473 1936 1564 1995 τὸν
1598 1926 1825 2021 ὄροφον,
1858 1926 1994 2016 μετᾶ

2106 1926 2375 2018 efﬁcacia,
2426 1966 2533 2022 qua
2575 1926 2640 2006 in
2699 1926 3060 2024 gubernando
3103 1926 3159 2009 et
3206 1952 3552 2024 subjicienda
3596 1966 3703 2009 nos

386 2014 650 2109 661661;;
694 2021 946 2101 σχολάζει
988 2030 1081 2085 τοῦ
1122 2022 1283 2105 ἔργου
1326 2014 1517 2087 τούτου
1691 2014 1994 2107 οὶκοδομῆς·

384 2103 529 2197 οὑτω
572 2107 663 2167 καὶ
710 2113 740 2169 6
791 2112 916 2179 Υἱὸς
968 2103 1263 2192 βασιλεύει,
1294 2116 1567 2179 τουτέστιν
1584 2103 1609 2193 ,’
1655 2103 1994 2197 ἐνεργεῖ-τὴν

383 2196 458 2264 εἷς
492 2200 640 2276 ἡμᾶς
682 2203 844 2260 αὐτοῦ
897 2204 1207 2284 βασίλευσιν
1264 2205 1420 2289 ἄχρις
1463 2198 1521 2269 οὑ
1574 2196 1992 2289 βασιλευθῶμεν.

2105 2054 2236 2095 usus
2273 2046 2376 2096 est.
2405 2040 2640 2098 Perinde
2678 2057 2923 2114 namque
2966 2058 3029 2098 ac
3056 2041 3386 2098 architectus
3432 2042 3699 2113 aediﬁcat,

2106 2145 2282 2202 usque
2308 2128 2440 2186 dum
2470 2139 2681 2188 tectum
2725 2133 3042 2204 apposuerit
3060 2150 3077 2204 ;
3107 2140 3294 2206 postea
3327 2148 3457 2189 vero
3486 2133 3556 2189 ab
3596 2132 3702 2189 hoc

2104 2219 2412 2276 aediﬁcandi
2442 2236 2609 2294 opere
2642 2220 2860 2279 desistit
2893 2223 3035 2278 hanc
3071 2222 3143 2279 ad
3182 2222 3452 2279 rationem
3505 2231 3562 2279 et
3611 2222 3701 2281 Fi-

388 2293 491 2387 lius
528 2306 754 2371 regnat,
788 2299 896 2358 hoc
935 2310 1022 2360 est
1058 2312 1322 2376 operatur
1361 2314 1419 2364 et
1459 2316 1678 2364 exercet
1719 2307 2014 2381 imperium
2049 2323 2217 2367 suum
2258 2310 2317 2366 in
2364 2293 2490 2382 nos,
2504 2312 2773 2385 tantisper
2805 2312 2941 2371 dum
2987 2328 3163 2386 regno
3204 2312 3326 2386 ejus
3353 2314 3517 2387 plane
3567 2312 3702 2370 sub-

347 2387 352 2391 ’
375 2382 559 2459 jugati
587 2386 875 2449 fuerimus.

472 2498 506 2537 α
550 2480 740 2540 Πάντα
791 2481 897 2564 γὰρ
943 2482 1203 2554 ὑπέταξεν
1257 2487 1363 2546 ὑπὸ
1422 2486 1545 2553 τοὺς
1588 2487 1757 2557 πόδας
1807 2486 1989 2550 αὖτοῦς

381 2565 562 2628 Ὅταν
606 2568 661 2630 δὲ
710 2570 858 2653 εἴπῃ,
911 2570 991 2632 ὅτι
1036 2575 1214 2635 πάντα
1264 2576 1657 2658 ὑποτέτακται,
1700 2581 1859 2652 δῆλον
1910 2580 1991 2640 ὅτι

383 2658 538 2747 ἐκτὸς
582 2666 676 2721 τοί)⁸
726 2664 1083 2732 ὑποτάξαντος
1127 2667 1272 2747 αὐτῷ
1310 2666 1377 2727 τὰ
1425 2669 1623 2733 πάντα.
1671 2693 1704 2728 to
1762 2671 1987 2744 Ἐπειδὴ

384 2737 505 2841 εἶπε
537 2750 661 2830 περὶ
687 2759 781 2813 τοῦ
809 2755 966 2831 Tini},
997 2754 1080 2815 ὅτι
1116 2737 1452 2838 καταργήσει
1480 2758 1600 2827 τοὺς
1632 2760 1873 2841 ἐχθροὺς,
1900 2737 1991 2820 καί

382 2837 636 2931 τρόπαιον
698 2842 1018 2924 ἐργάσεται,
1082 2837 1318 2928 ἐφοϐήθη
1384 2848 1460 2926 μὴ
1513 2837 1792 2923 ἄλλην-τις
1849 2850 1989 2931 ἀρχὴ

384 2928 675 3020 ᾆγέννητος
732 2940 957 3012 νομισθῇ
1013 2938 1042 2994 6
1107 2935 1249 3005 Υἷός.
1300 2937 1431 2999 Ἐπὶ
1486 2938 1577 2998 τὸν
1635 2939 1858 3020 Πατέρα
1889 2928 1992 3000 *οὖν

384 3018 640 3100 ἀναφέρει
688 3021 756 3081 τὰ
806 3025 1013 3099 πάντα,
1059 3025 1233 3105 λέγων
1294 3026 1375 3087 ὅτι
1425 3029 1579 3097 αὐτὸς
1635 3018 1859 3099 ὑπέταξε
1915 3033 1992 3112 τῷ

532 3108 653 3201 τοὺς
707 3113 943 3194 ἐχθρούς.
977 3114 1137 3176 Ἐπεὶ
1184 3116 1241 3178 δὲ
1292 3116 1421 3199 πρὸς
1454 3115 1730 3191 Ἕλληνας
1770 3108 1991 3201 ἔγραφε,

381 3196 503 3264 τοὺς
530 3199 840 3270 δοξάζοντας
870 3203 953 3264 ὅτι
990 3210 1068 3287 τῷ
1096 3206 1264 3287 πατρὶ
1304 3196 1467 3267 αὑτοῦ
1501 3209 1692 3291 Κρόνῳ
1724 3210 1991 3283 ἐπανέστη

382 3288 413 3344 6
443 3286 596 3381 Ζεὺς,
627 3290 718 3350 καὶ
752 3286 1048 3376 παρέλυσεν
1093 3286 1251 3355 αὐτον
1294 3302 1389 3368 τῆς
1424 3286 1721 3377 βασιλείας
1757 3300 1991 3381 ἐφοϐήθη

390 3376 468 3454 μή
500 3401 548 3436 τι
584 3386 817 3441 τοιοῦτον
863 3383 998 3465 ὑπὲρ
1029 3386 1081 3425 6⁸
1111 3392 1203 3446 τοῦ
1248 3390 1391 3448 Υἳοῦ
1440 3389 1876 3465 ὑποπτεύσωσιν,
1924 3393 1994 3457 ὡς

388 3469 786 3559 ἐπαναστάντος
814 3477 893 3552 τῷ
922 3475 1120 3554 Πατρὶ,
1159 3477 1253 3536 καί
1280 3502 1470 3559 φησιν,
1522 3478 1601 3539 ὅτι
1633 3480 1825 3539 Πάντα
1856 3484 1993 3539 ὑπο-

383 3553 641 3652 τέτακται
678 3562 754 3652 τῷ
798 3564 952 3652 ridi,
1003 3553 1144 3638 πλὴν
1198 3553 1303 3627 τοῦ.
1347 3570 1585 3650 Πατρός’
1645 3572 1841 3638 ἐκεῖνος
1882 3570 1987 3652 γὰρ

382 3647 591 3742 μᾶλλον
621 3650 847 3721 ὑπέταξε
886 3653 978 3714 καὶ
1004 3655 1179 3717 τᾶλλα
1208 3657 1385 3717 πάντα
1415 3647 1493 3740 τῷ
1522 3663 1661 3742 Υἱῷ.

467 3762 495 3791 α
526 3735 703 3798 Ὅταν
735 3740 792 3800 δὲ
826 3745 1070 3826 ὑποταγῇ
1105 3750 1249 3828 αὐτῷ
1277 3747 1346 3807 τὰ
1379 3750 1578 3824 πάντα,
1607 3750 1726 3809 τότε
1772 3750 1867 3809 καὶ
1897 3753 1990 3810 αὖ·

383 3824 471 3919 τὸς
513 3831 544 3885 6
593 3830 719 3896 Υἱὸς
764 3834 1162 3913 ὑποταγήσεται
1216 3841 1295 3918 τῷ
1346 3840 1675 3909 ὑποτάξαντι
1727 3841 1870 3919 αὖτῷ
1921 3840 1989 3898 τὰ

381 3913 579 4008 πένταο
611 3945 637 3971 ι
665 3919 789 3982 Ἵνα
811 3924 887 4002 μή
919 3949 998 3993 τις
1026 3926 1179 4006 εἴπῃ,
1213 3913 1295 3988 ὅτι
1320 3931 1388 3990 Εἰ
1413 3929 1507 3989 καὶ
1532 3930 1608 4008 μὴ
1634 3913 1989 3990 ὑποτέτακται

380 4007 461 4094 τῷ
508 4007 627 4088 Υἱῷ
666 4013 693 4069 6
725 4011 919 4094 Πατὴρ
965 4014 1043 4094 ⁸⁵,
1076 4016 1225 4076 οὐδὲν
1271 4018 1466 4078 κωλύει
1513 4007 1600 4079 τὸν
1656 4019 1787 4081 Υἱὸν
1832 4021 1989 4080 αὐτοῦ

378 4084 722 4178 ἶσχυρότερον
777 4093 935 4162 εἶναι’
984 4105 1186 4179 ταύτην
1237 4106 1336 4179 τὴν
1384 4108 1632 4169 ὑπόνοιαν
1684 4110 1735 4149 ⁶⁶
1782 4111 1843 4168 ἐκ
1884 4133 1985 4168 πε-

385 4186 619 4275 ριουσίας
648 4192 881 4272 ἀναιρεῖ,
916 4193 1010 4253 καί
1057 4220 1252 4275 φησιν,
1295 4197 1379 4257 ὅτι
1415 4198 1508 4257 καὶ
1559 4202 1587 4257 6
1617 4199 1743 4265 Υἱὸς
1781 4203 1989 4258 ὑποτα-

380 4273 607 4353 γήσεται
663 4281 741 4359 τῷ
795 4283 998 4362 Πατρὶ,
1042 4273 1140 4357 τὴν
1170 4287 1375 4360 πολλὴν
1413 4287 1663 4364 ὄμόνοιαν
1714 4294 1806 4347 τοῦ
1856 4291 1987 4348 Υἱοῦ

542 4365 630 4425 τὸν
665 4368 887 4458 Πατέρα
918 4374 1144 4443 δεικνύς.
1176 4373 1347 4436 ⁶¹Ωστε
1397 4363 1583 4456 γνῶθι,
1618 4379 1699 4436 ὅτι
1736 4383 1765 4438 6
1794 4379 1989 4458 Πατήρ

385 4454 710 4548 ἐστινᾉαὴία
747 4460 839 4518 καὶ
871 4463 1019 4541 πηγὴ
1049 4468 1144 4536 τῆς
1177 4454 1453 4543 δυνάμεως
1480 4467 1680 4540 ταύτης
1729 4471 1803 4547 τῷ
1846 4454 1986 4548 Υἱιῖέ,

384 4542 477 4637 x_a‘t
506 4546 607 4637 οὑχ
650 4550 677 4605 6
708 4548 840 4618 Υἱὸς
880 4552 1037 4632 ἑτέρα
1069 4554 1149 4621 τίς
1195 4542 1321 4616 ἐστι
1348 4555 1571 4633 δύναμις
1621 4542 1884 4623 ἀντίθετος

383 4632 584 4714 Πατρί.
622 4638 695 4727 Ei
728 4637 786 4697 δὲ
832 4640 995 4700 πλέον
1037 4649 1130 4704 τοῦ
1160 4646 1366 4714 δέοντος
1396 4632 1621 4725 ταπεινῇ
1651 4646 1789 4715 λέξει
1826 4632 1989 4727 ἐχρήλ-

2168 2492 2326 2548 Vsns
2340 2533 2353 2546 .
2386 2496 2474 2549 27.
2513 2513 2539 2540 «
2562 2492 2765 2549 Omnia
2786 2508 3029 2565 namque
3047 2492 3283 2566 subjecit
3308 2492 3538 2565 pedibus
3557 2492 3703 2567 ejus.

2099 2580 2335 2654 Quando
2364 2588 2554 2637 autem
2579 2580 2748 2651 dicat,
2770 2582 2925 2656 quod
2953 2582 3140 2638 omnia
3183 2582 3431 2655 subjecta
3464 2592 3595 2640 sunt
3630 2583 3701 2648 ei,

2101 2669 2355 2726 videlicet
2380 2680 2582 2744 praeter
2610 2687 2741 2728 eum
2777 2672 2873 2745 qui
2909 2672 2960 2728 ei
2988 2673 3224 2744 subjecit
3251 2672 3459 2729 omnia.
3497 2696 3522 2723 ι»
3560 2674 3701 2745 Quia

2100 2759 2313 2816 dixerat
2353 2760 2423 2817 de
2462 2761 2602 2817 Filio
2647 2761 2801 2833 quod
2842 2762 3149 2818 aboliturus
3195 2762 3266 2818 sit
3312 2761 3520 2830 hostes,
3579 2772 3698 2820 tro-

2102 2865 2329 2923 paaaque
2361 2859 2666 2920 erecturus,
2697 2850 2899 2907 metuit
2926 2866 2997 2907 ne
3045 2850 3194 2907 aliud
3240 2850 3521 2924 quoddam
3553 2852 3705 2924 prin-

2104 2940 2311 3012 cipium
2363 2939 2669 3013 ingenitum
2711 2940 3060 2997 existimetur
3099 2939 3293 2997 Filius.
3338 2940 3430 2996 Ad
3478 2943 3701 2997 Patrem

2100 3029 2269 3102 igitur
2297 3030 2485 3087 omnia
2520 3029 2711 3099 refert,
2744 3030 3017 3102 inquiens,
3050 3029 3200 3102 quod
3221 3030 3335 3102 ipse
3364 3031 3503 3088 Filio
3521 3031 3701 3103 subje-

2102 3120 2237 3175 cerit
2265 3119 2470 3176 hostes.
2502 3119 2640 3191 Quia
2672 3135 2804 3177 vero
2833 3120 2903 3176 ad
2949 3120 3175 3177 Graacos
3229 3120 3527 3190 scribebat,
3567 3136 3703 3194 quo-

2102 3225 2228 3265 rum
2259 3209 2445 3281 opinio
2475 3218 2591 3266 erat
2625 3210 2772 3282 quod
2789 3210 3006 3282 Jupiter
3032 3210 3415 3267 insurrexisset
3442 3210 3703 3267 adversus

2103 3307 2321 3370 patrem
2340 3316 2503 3356 suum
2525 3301 2850 3369 Saturnum,
2877 3316 3118 3372 eumque
3139 3316 3169 3357 e
3184 3316 3355 3371 regno
3381 3299 3698 3372 dejecisset:

2104 3389 2309 3444 metuit
2336 3403 2407 3445 ne
2442 3389 2551 3445 tale
2579 3389 2845 3461 quiddam
2873 3389 2941 3445 de
2983 3390 3120 3445 Filio
3147 3390 3578 3461 suspicarentur,
3600 3405 3700 3446 ceu

2104 3479 2421 3550 insurgente
2470 3478 2728 3535 adversus
2778 3482 3034 3547 Patrem;
3095 3479 3171 3533 ait
3223 3480 3434 3551 itaque,
3500 3479 3701 3536 Omnia

2100 3568 2234 3625 Filio
2262 3576 2396 3623 sunt
2414 3567 2684 3638 subjecta,
2720 3567 2947 3639 dempto
2977 3571 3147 3625 Patre
3177 3586 3191 3625 :
3225 3584 3359 3624 nam
3406 3568 3497 3625 ille
3518 3569 3701 3641 potius

2098 3659 2288 3715 omnia
2317 3657 2422 3713 alia
2460 3657 2595 3714 Filio
2620 3657 2873 3730 subjecit.

2171 3751 2355 3805 Vnns.
2398 3753 2489 3802 28.
2536 3768 2566 3799 ‹‹
2622 3748 2765 3803 Cum
2808 3755 3001 3802 autem
3056 3745 3301 3817 subjecta
3351 3745 3564 3803 fuerint
3592 3746 3697 3819 ipsi

2099 3837 2310 3908 omnia,
2352 3844 2490 3893 tunc
2535 3843 2592 3893 et
2630 3835 2743 3908 ipse
2779 3836 2953 3892 Filius
2995 3834 3317 3907 subjiciatur
3354 3834 3420 3905 ei,
3475 3836 3570 3907 qui
3622 3836 3698 3892 illi

2099 3927 2337 4001 subjecit
2371 3926 2577 3984 omnia.
2619 3949 2647 3976 ιο
2687 3928 2769 3983 Ne
2795 3925 2916 3997 quis
2944 3923 3110 3993 dicat,
3143 3923 3255 3980 Etsi
3280 3926 3442 3980 Pater
3462 3940 3579 3981 non
3616 3934 3700 3981 est

2096 4018 2376 4090 subjectus
2395 4017 2555 4083 Filio,
2582 4014 2715 4071 nihil
2738 4015 2996 4088 prohibet
3013 4017 3175 4070 Patre
3190 4014 3387 4070 Filium
3413 4013 3698 4071 fortiorem

2098 4124 2219 4166 esse
2252 4128 2265 4164 :
2299 4107 2443 4163 hanc
2485 4106 2857 4178 suspicionem
2906 4120 2971 4161 ex
3026 4103 3332 4160 abundanti
3382 4102 3562 4174 diluit,
3614 4104 3695 4159 in-

2098 4199 2297 4271 quiens
2343 4195 2496 4270 quod
2539 4204 2595 4253 et
2627 4195 2793 4251 Filius
2835 4193 3158 4267 subjiciatur
3191 4193 3360 4261 Patri,
3400 4194 3523 4249 Filii
3566 4209 3692 4266 erga

2094 4293 2311 4346 Patrem
2340 4287 2580 4342 multam
2600 4283 2957 4341 concordiam
2988 4292 3045 4340 et
3060 4284 3485 4340 unanimitatem
3513 4292 3701 4339 osten-

2096 4379 2251 4435 dens.
2283 4376 2517 4434 Noveris
2546 4376 2731 4446 itaque
2757 4378 2982 4431 Patrem
3008 4389 3127 4429 esse
3155 4389 3383 4430 causam
3407 4383 3461 4430 et
3489 4371 3700 4430 fontem

2097 4469 2357 4539 potentiae
2385 4464 2553 4536 huius
2581 4464 2641 4519 in
2669 4462 2829 4531 Filio,
2858 4478 3035 4533 neque
3060 4462 3262 4518 Filium
3290 4462 3452 4516 aliam
3500 4477 3702 4534 quam-

2096 4557 2243 4627 piam
2270 4556 2383 4611 vim
2412 4553 2560 4609 Patri
2583 4552 2895 4625 oppositam
2922 4559 3095 4623 putes.
3118 4550 3279 4621 Quod
3298 4550 3345 4605 si
3365 4550 3484 4621 plus
3530 4566 3703 4621 quam

2094 4661 2196 4719 par
2240 4653 2328 4701 est
2356 4643 2547 4700 humili
2590 4641 2832 4698 dictione
2872 4656 3006 4697 usus
3048 4648 3164 4708 est,
3196 4656 3266 4695 ne
3319 4638 3568 4695 mireris:
3616 4647 3699 4695 est

383 4745 533 4816 σατο,
572 4724 646 4801 μὴ
698 4727 1002 4810 θαυμάσῃς*
1056 4732 1167 4801 ἔθος
1198 4734 1303 4814 γὰρ
1337 4736 1450 4816 ἔχει
1502 4740 1531 4796 6
1570 4724 1808 4809 Παῦλος,
1850 4724 1980 4793 ὅταν

2100 4735 2237 4794 enim
2280 4735 2339 4790 in
2376 4747 2533 4790 more
2561 4732 2690 4789 divo
2721 4731 2910 4801 Paulo,
2959 4738 3043 4799 ut,
3095 4730 3141 4786 si
3179 4728 3395 4803 quando
3454 4727 3700 4785 funditus

383 4811 568 4888 μέλλει
595 4817 883 4905 πρόῤῥιζόχ
920 4843 972 4879 τι
998 4811 1328 4899 ἀνασπᾶσαι,
1365 4811 1545 4905 ’πολλῇ
1588 4830 1883 4905 κεχρῆσθαι

2100 4824 2388 4899 quidquam
2422 4823 2615 4879 tollere
2660 4820 2818 4884 velit,
2852 4820 3022 4876 multa
3049 4827 3243 4877 utatur
3288 4817 3653 4875 redundantia
3681 4835 3695 4874 :

380 4904 658 4996 περιῳσίᾳ
686 4908 762 4945 δῖ’
819 4900 963 4984 οἷον,
998 4913 1207 4989 μέλλων
1239 4913 1406 4983 δεῖξαι
1440 4900 1530 4974 ὅτι·
1566 4920 1599 4988 ἡ
1847 4900 1979 4996 γυνῆ

2100 4912 2561 4989 quemadmodum
2601 4910 3081 4968 demonstraturus
3142 4909 3363 4967 ﬁdelem
3416 4910 3699 4967 mulierem

380 4992 439 5086 οὗ
493 4992 789 5086 βλάπτεται
841 5006 1156 5063 συνοικοῦσα
1198 5006 1278 5083 τῷ
1329 5002 1543 5084 ἀπίστῳ
1579 5003 1760 5086 ἀνδρὶ,
1812 4992 1979 5077 εἶπεν,

2100 5004 2227 5061 nihil
2258 5002 2383 5061 laedi
2416 5003 2465 5059 si
2494 5001 2777 5059 cohabitet
2798 5000 3001 5058 marito
3043 5001 3289 5058 inﬁdeli:
3323 5022 3351 5049 «ι
3381 4998 3701 5056 Sanctiﬁca-

380 5078 463 5175 ὅτι
497 5108 527 5136 ι
558 5081 853 5165 Ἦγίασται
900 5092 931 5149 6
963 5092 1099 5172 ἆνήρ
1131 5095 1160 5152 6
1207 5078 1432 5161 ἄπιστος
1486 5078 1540 5152 ὲν
1584 5099 1649 5175 τῇ
1682 5078 1921 5172 γυναικί·
1956 5120 1982 5147 υ

2100 5104 2186 5152 tus
2226 5100 2348 5162 est,
2407 5116 2435 5141 ι»
2468 5091 2682 5166 inquit,
2731 5113 2759 5141 α
2792 5092 3027 5148 maritus
3073 5090 3308 5147 inﬁdelis
3354 5104 3452 5162 per
3498 5090 3701 5145 mulie-

381 5171 443 5230 οὗ
489 5177 647 5233 τοῦτο
694 5178 883 5255 λέγων,
913 5178 994 5238 ὅτι
1041 5179 1265 5251 ἄπιστος
1316 5180 1389 5242 ὢν
1421 5185 1450 5243 6
1482 5171 1634 5263 ἀνὴρ
1665 5182 1813 5264 ἅγιος
1849 5184 1987 5263 γίνεο

2100 5200 2213 5242 rem
2241 5177 2273 5217 κ
2299 5201 2315 5240 :
2352 5205 2377 5232 ιι
2404 5198 2519 5238 non
2548 5182 2655 5238 hoc
2681 5180 2892 5253 dicens,
2930 5180 3079 5253 quod
3097 5179 3330 5238 inﬁdelis
3355 5195 3488 5236 cum
3506 5180 3575 5235 sit
3594 5179 3697 5245 vir,

378 5283 492 5339 ται,
526 5263 667 5322 ἀλλὰ
826 5269 1099 5352 ὑπερϐολῇ
1150 5276 1244 5332 τοῦ
1295 5274 1533 5352 ῥήματος
1576 5272 1850 5348 δεικνύων,
1903 5272 1988 5332 ὅτι

2100 5282 2319 5333 sanctus
2366 5272 2635 5331 reddatur
2667 5289 2685 5329 :
2735 5287 2929 5328 verum
2975 5269 3233 5327 dictionis
3274 5269 3434 5326 istius
3474 5286 3699 5327 excessu

383 5352 532 5447 οὐδὲν
565 5354 871 5435 βλάπτεται
898 5362 932 5431 ἡ
969 5361 1155 5433 πιστή.
1188 5360 1356 5424 Οὕτω
1384 5363 1478 5421 καὶ
1511 5364 1739 5421 ἐνταῦθα
1768 5366 1844 5442 τῷ
1896 5366 1991 5435 τῆς

2100 5364 2426 5433 ostendens,
2457 5361 2610 5435 quod
2635 5359 2775 5419 nihil
2815 5361 3050 5419 laedatur
3076 5360 3255 5418 ﬁdelis
3291 5360 3409 5433 ipsa
3451 5360 3653 5447 conqu
3681 5380 3693 5417 :

384 5445 653 5523 ὑποταγῆς
712 5448 936 5526 ὀνόματι
989 5450 1273 5533 πρόῤῥιζον
1326 5455 1545 5535 ἀνασπᾷ
1596 5450 1696 5524 τὴν
1750 5451 1991 5533 πονηρὰν

2100 5456 2183 5512 sic
2208 5456 2318 5514 hoc
2346 5454 2403 5511 in
2429 5455 2552 5513 loco
2579 5451 2942 5527 subjectionis
2977 5452 3247 5511 vocabulo
3276 5445 3530 5510 funditus
3557 5452 3699 5510 tollit

454 5598 482 5637 "
515 5608 541 5662 Ι
564 5608 693 5664 Cor.
722 5623 841 5667 vn.
873 5616 964 5667 14.

824 5650 841 5679 ,
876 5650 964 5667 ν..

1476 5717 1481 5721 ’
1765 5703 1959 5763 Variae
2001 5704 2311 5763 lectiones.

454 5813 499 5849 ⁸³
525 5819 680 5871 ταῦτα
704 5833 760 5873 0.
836 5816 882 5852 “
904 5820 1016 5890 περὶ
1036 5834 1093 5877 0.
1184 5820 1228 5855 ⁸⁵
1255 5825 1328 5894 τῷ
1354 5821 1513 5894 Πατρὶ
1538 5821 1569 5875 6
1599 5820 1714 5884 Υἱδς
1740 5835 1796 5879 ο.
1873 5820 1917 5855 ⁸⁸
1936 5820 2171 5875 ὑπόνοιαν
2200 5819 2409 5891 ἰσχυρῶς
2430 5817 2513 5871 καὶ
2542 5833 2617 5873 m.
2690 5816 2732 5850 ⁸⁷
2760 5815 3001 5889 παῤῥησίᾳ
3025 5833 3081 5874 0.
