4110 6422
363 456 463 508 767

1382 445 1896 504 THEOPHYLACTI
1934 445 2293 503 BULGABIE
2329 446 2646 504 ARCHIEP.

3563 448 3669 503 768

361 591 568 652 pravan
604 577 766 634 istam
811 575 1197 648 suspicionem,
1230 589 1338 646 qua
1367 573 1637 644 suspicari
1664 573 1958 646 quisquam

2067 571 2338 647 ὑπόνοιαν,
2375 572 2440 644 ἣν
2469 571 2758 645 ὑπενόησεν
2789 571 2854 632 ἄν
2891 596 2996 646 τις,
3025 571 3109 633 ὅτι
3148 575 3177 633 6
3206 572 3336 642 Υἱὸς
3363 572 3492 642 ἴσως
3521 575 3669 654 ἰσχυ-

360 675 594 740 poterat,
616 666 822 722 Filium
847 664 1085 722 fortasse
1110 665 1270 720 Patre
1300 679 1419 719 esse
1444 661 1758 732 fortiorem,
1785 670 1846 718 ut
1864 662 1963 734 qui

361 765 516 814 tanta
542 756 848 829 transigere
879 754 1068 826 possit.
1111 753 1281 826 Atqui
1321 753 1626 826 Gregorius
1643 753 1958 822 Theologus

359 845 553 903 asserit
587 844 739 918 quod
784 844 955 902 Filius
1009 842 1194 899 omnia
1228 851 1414 898 nostra
1457 842 1561 898 sibi
1609 841 1831 914 propria
1882 839 1959 896 fa-

355 936 527 1004 ciens,
555 943 807 993 nostram
831 933 998 990 etiam
1031 933 1200 1004 223
1235 933 1640 1004 subjectionem
1681 931 1955 1004 propriam

360 1033 596 1098 reputet.
652 1027 814 1082 Nunc
874 1039 1008 1080 vero
1056 1023 1389 1079 seditionem
1454 1022 1666 1077 ciemus
1697 1021 1958 1077 adversus

361 1119 540 1172 Deum
565 1133 578 1172 :
609 1113 858 1170 inﬁdeles
877 1112 1105 1186 quidem
1129 1127 1256 1168 cum
1288 1128 1414 1167 eum
1432 1110 1741 1184 abnegant;
1769 1110 1957 1166 fideles

357 1221 506 1272 vero,
533 1203 669 1263 dum
693 1202 983 1261 affectibus
1007 1203 1125 1259 suis
1154 1201 1454 1258 inserviunt
1479 1201 1661 1268 multi,
1688 1208 1744 1256 et
1760 1216 1955 1256 secun-

355 1294 489 1351 dum
540 1293 650 1351 hoc
684 1294 914 1351 rebelles
957 1307 1174 1348 sumus.
1213 1293 1356 1349 Cum
1403 1307 1534 1348 vero
1591 1290 1678 1347 alii
1733 1289 1956 1362 quidem

353 1383 672 1457 agnoverint
707 1399 876 1456 quem
919 1399 1068 1439 nunc
1095 1391 1333 1454 negant,
1374 1381 1461 1437 alii
1493 1396 1625 1437 vero
1674 1388 1957 1436 transmu-

358 1473 454 1529 tati
483 1471 754 1530 fuerimus
769 1473 838 1529 ab
864 1472 1029 1546 hujus
1065 1473 1192 1529 vitae
1218 1469 1544 1540 affectibus;
1571 1480 1691 1526 tum
1719 1485 1842 1526 vere
1869 1467 1957 1524 di-

355 1564 493 1618 citur
512 1563 680 1620 Filius
694 1562 908 1636 subjici.
934 1562 1304 1618 Humanitatis
1327 1561 1475 1618 enim
1496 1575 1791 1634 personam
1827 1559 1954 1616 sub-

356 1652 495 1721 iens,
539 1668 637 1709 sua
673 1650 803 1709 facit
850 1667 974 1724 quae
998 1661 1184 1708 nostra
1225 1659 1374 1707 sunt.

431 1765 458 1792 «ι
495 1743 576 1800 Ut
601 1742 671 1799 sit
704 1745 856 1800 Deus
882 1741 1069 1799 omnia
1096 1743 1156 1797 in
1201 1741 1482 1798 omnibus.
1519 1763 1544 1790 ι
1576 1743 1698 1797 Hoc
1751 1747 1857 1809 est,
1896 1747 1958 1796 ut

355 1833 545 1890 omnia
571 1848 604 1890 a
641 1835 805 1890 Patre
849 1831 1219 1905 dependeant,
1251 1848 1321 1888 ne
1376 1831 1501 1904 quis
1531 1830 1642 1887 duo
1687 1829 1954 1902 principia

352 1923 474 1980 sine
515 1922 782 1995 principio
829 1923 1163 1995 su5picetur,
1215 1938 1389 1994 eaque
1434 1922 1580 1977 inter
1607 1936 1728 1978 sese
1761 1919 1952 1977 divisa.
1985 1957 2033 2020 B
2063 1917 2236 1998 ἀρχὰς

352 2014 489 2071 Cum
528 2014 677 2069 enim
700 2012 890 2071 hostes
912 2012 1021 2068 sint
1066 2012 1170 2069 sub
1209 2010 1439 2084 pedibus
1467 2011 1612 2079 Filii,
1642 2010 1814 2066 Filius
1853 2024 1952 2066 au-

351 2112 466 2161 tem
507 2119 621 2160 non
648 2111 735 2161 est
771 2101 1066 2160 seditiosus
1103 2117 1236 2174 erga
1262 2105 1502 2168 Patrem,
1535 2115 1724 2156 verum
1757 2115 1956 2172 quem-

351 2193 662 2250 admodum
733 2191 890 2249 decet
975 2190 1190 2259 ﬁlium,
1270 2194 1393 2246 Deo
1454 2189 1604 2244 Patri
1677 2188 1952 2256 subditur,

353 2283 584 2339 omnino
619 2286 766 2337 Deus
789 2284 949 2336 Pater
970 2281 1071 2336 erit
1093 2280 1282 2336 omnia
1312 2279 1369 2335 in
1392 2279 1668 2335 omnibus.
1691 2279 1954 2334 Nonnulli

349 2379 536 2428 autem
557 2371 786 2427 malitias
814 2370 1180 2426 sublationem
1207 2368 1501 2442 signiﬁcari
1536 2368 1687 2423 aiunt
1722 2384 1818 2438 per
1845 2368 1953 2424 hoc

355 2460 507 2535 quod
527 2459 715 2516 omnia
734 2461 848 2516 sint
861 2460 1125 2532 subjecta.
1148 2461 1288 2516 Cum
1317 2459 1464 2514 enim
1483 2465 1770 2531 peccatum
1793 2474 1957 2529 porro

355 2567 468 2608 non
499 2549 684 2621 fuerit,
709 2551 936 2622 planum
957 2558 1039 2605 est
1057 2549 1207 2621 quod
1227 2553 1383 2605 Deus
1408 2548 1593 2604 omnia
1615 2548 1670 2604 in
1690 2547 1954 2604 omnibus

357 2641 498 2709 erit,
530 2641 748 2712 quando
771 2655 884 2696 non
911 2639 1153 2711 amplius
1181 2639 1431 2695 motibus
1460 2647 1516 2694 et
1539 2636 1830 2694 affectibus
1855 2636 1956 2692 de-

356 2729 464 2786 diti
493 2729 699 2798 simus,
733 2730 808 2785 ita
846 2737 912 2786 ut
939 2729 1069 2784 nihil
1099 2731 1330 2785 omnino
1363 2728 1484 2796 Dei,
1537 2729 1618 2783 vel
1652 2743 1848 2800 parum
1899 2727 1956 2781 in

356 2819 520 2875 nobis
549 2817 791 2874 feramus
818 2838 832 2874 :
861 2818 957 2874 sed
981 2819 1085 2875 toti
1112 2819 1210 2874 Dei
1244 2818 1456 2874 similes
1477 2859 1492 2886 ,
1524 2818 1694 2872 totius
1718 2826 1773 2873 et
1791 2817 1960 2872 solius

359 2909 467 2965 Dei
496 2923 726 2981 capaces
775 2909 1004 2965 erimus.
1058 2907 1259 2965 Omnia
1286 2925 1416 2964 sane
1453 2916 1572 2964 tum
1611 2907 1772 2962 nobis
1809 2909 1958 2962 Deus

357 2999 486 3067 erit,
513 3007 571 3056 et
599 2999 780 3068 cibus,
808 3007 866 3055 et
886 3007 1074 3070 potus,
1106 3007 1163 3055 et
1191 2999 1451 3067 vestitus,
1478 3007 1536 3054 et
1563 2996 1850 3070 cogitatio,
1905 3005 1962 3053 et

359 3098 567 3148 motus.

427 3182 610 3238 Vsus.
643 3185 733 3236 29.
763 3200 791 3231 α
819 3179 1058 3251 Alioqui,
1083 3179 1218 3252 quid
1239 3177 1443 3236 facient
1473 3177 1568 3252 qui
1599 3193 1698 3250 pro
1724 3177 1960 3234 mortuis

357 3271 732 3342 baptizantur,
763 3270 811 3327 si
835 3271 1066 3328 omnino
1088 3270 1292 3326 mortui
1321 3286 1433 3326 non
1463 3273 1796 3341 resurgunt?
1824 3267 1954 3342 quid

356 3369 414 3418 et
445 3361 795 3433 baptizantur
815 3376 914 3433 pro
937 3361 1215 3416 mortuis?
1239 3380 1266 3412 ι)
1295 3359 1667 3416 Μδτυίοηὶειω
1687 3358 1950 3427 haeretici,

359 3451 405 3509 si
462 3451 586 3524 quis
627 3450 774 3522 apud
814 3466 910 3506 eos
964 3467 1076 3506 non
1120 3451 1431 3523 baptizatus
1471 3458 1803 3517 moreretur,
1853 3450 1956 3505 sub

357 3540 564 3597 mortui
601 3540 766 3608 lecto,
794 3541 1066 3596 viventem
1109 3541 1424 3613 quempiam
1471 3540 1836 3608 occultantes,
1867 3555 1955 3596 ac-

357 3629 560 3687 cedunt
606 3631 835 3704 lectum,
867 3631 1270 3702 interrogantes
1306 3639 1590 3686 mortuum
1613 3673 1628 3697 ,
1657 3645 1793 3686 num
1836 3629 1960 3685 velit

358 3720 690 3792 baptismate
709 3720 864 3793 tingi.
891 3724 1071 3793 Atque
1092 3736 1156 3775 eo
1178 3720 1540 3792 respondente
1574 3719 1663 3791 qui
1688 3719 1955 3786 latitabat,

368 3809 518 3882 quod
546 3810 706 3878 velit,
747 3811 827 3867 sic
854 3810 976 3867 loco
1016 3810 1216 3866 mortui
1247 3827 1378 3867 eum
1423 3809 1718 3881 baptizant.
1752 3808 1960 3864 Deinde

363 3899 437 3956 ob
465 3898 520 3956 id
547 3901 808 3966 accusati,
833 3899 1140 3957 defendunt
1169 3916 1290 3957 sese
1317 3900 1423 3956 hoc
1441 3901 1562 3956 loco
1578 3918 1594 3970 ;
1619 3897 1962 3955 afﬁrmantes

359 3991 692 4061 Apostolum
728 3991 834 4046 hoc
862 3989 1086 4054 dixisse,
1120 3997 1178 4047 et
1207 3990 1354 4046 hunc
1379 3998 1598 4045 textum
1623 3988 1809 4045 stolidi
1831 4005 1960 4060 pro-

359 4077 591 4137 ducunt.
647 4079 710 4136 id
755 4095 883 4134 vero
935 4079 1017 4135 sic
1058 4095 1117 4135 se
1146 4095 1255 4134 non
1293 4079 1501 4134 habet:
1533 4088 1587 4134 at
1631 4077 1962 4150 quomodo?

362 4170 575 4226 Omnes
602 4168 694 4240 qui
727 4167 1039 4239 baptizandi
1087 4176 1246 4234 sunt,
1291 4167 1603 4240 symbolum
1634 4167 1763 4222 ﬁdei
1793 4166 1965 4238 proﬁ-

365 4265 575 4313 tentur.
623 4259 689 4312 In
719 4271 787 4312 eo
817 4257 970 4312 enim
1014 4255 1268 4328 symbolo
1298 4272 1405 4313 una
1450 4273 1578 4314 cum
1613 4256 1734 4312 aliis
1776 4266 1832 4312 et
1860 4255 1965 4311 hoc

362 4344 712 4420 proponitur,
751 4367 778 4395 σι
810 4345 987 4402 Credo
1027 4347 1494 4402 resurrectionem
1522 4354 1896 4402 mortuorum.
1935 4365 1962 4394 ››

363 4435 516 4492 Dicit
560 4434 727 4508 igitur
771 4434 933 4506 :Qui
994 4433 1351 4492 crediderunt
1401 4433 1651 4491 futuram
1704 4450 1823 4490 esse
1884 4451 1967 4491 re-

359 4526 757 4583 surrectionem
803 4533 1154 4582 mortuorum
1199 4541 1497 4597 corporum
1519 4567 1534 4593 ,
1567 4534 1622 4582 et
1668 4525 1759 4597 qui
1789 4524 1964 4596 bapti-

364 4614 471 4672 zati
497 4624 628 4672 sunt
656 4615 714 4672 in
739 4616 909 4672 talem
934 4631 1116 4688 spem,
1146 4615 1279 4688 quid
1307 4615 1507 4671 facient
1534 4616 1578 4672 si
1610 4613 1818 4672 fuerint
1859 4614 1960 4672 de-

361 4705 538 4778 cepti?
553 4703 699 4774 Quid
719 4715 907 4762 autem
923 4705 1155 4762 omnino
1172 4706 1516 4777 baptizantur
1533 4706 1787 4762 homines
1801 4721 1964 4777 super

366 4799 765 4858 resurrectione
784 4840 800 4866 ,
842 4799 951 4858 hoc
1015 4808 1101 4856 est
1146 4800 1203 4855 in
1254 4800 1665 4871 exspectatione
1721 4814 1965 4857 resurre-

365 4889 586 4958 ctionis,
617 4889 665 4946 si
696 4889 902 4946 mortui
939 4905 1055 4946 non
1083 4890 1436 4946 excitantur?

449 5076 632 5130 Vnus.
657 5077 748 5130 30.
777 5094 801 5121 α
824 5070 968 5144 Quid
983 5079 1039 5128 et
1055 5087 1160 5128 nos
1181 5071 1554 5144 periclitamur
1573 5072 1728 5130 omni
1746 5071 1918 5130 hora?
1945 5096 1969 5122 ι

369 5165 429 5222 Si
447 5179 562 5220 non
583 5162 830 5235 recipitis
843 5162 925 5232 ad
955 5162 1482 5220 demonstrationem
1527 5163 1967 5231 resurrectionis,

369 5251 774 5312 confessionem
801 5252 1098 5310 verborum
1125 5268 1294 5325 quam
1337 5251 1545 5310 faciunt
1571 5252 1666 5325 qui
1692 5252 1972 5324 baptizan-

369 5350 488 5412 tur,
527 5343 754 5415 accipite
780 5357 911 5399 vero
942 5358 1134 5400 vocem
1163 5359 1335 5415 quam
1362 5359 1451 5400 res
1481 5343 1613 5415 ipsa:
1641 5343 1966 5414 loquuntur.

372 5433 492 5489 Nos
518 5431 670 5489 enim
702 5432 937 5504 apostoli
977 5447 1172 5490 omnes
1214 5447 1503 5505 nunquam
1549 5447 1666 5489 non
1716 5431 1972 5504 periculis

368 5534 567 5578 sumus
616 5521 890 5579 obnoxii:
939 5529 996 5579 et
1060 5521 1167 5579 nisi
1214 5530 1358 5581 esset
1405 5521 1760 5592 resurrectio,
1811 5521 1970 5594 cujus

2066 662 2277 743 ρότερός
2325 665 2440 722 ἐστι
2481 671 2574 724 τοῦ
2625 661 2872 741 Πατρὸς,
2925 662 3018 722 ἅτε
3078 667 3318 724 τοσαῦτα
3378 670 3666 745 κατορθοῦν

2066 751 2372 828 δυνάμενος.
2415 751 2486 812 ⁸0
2537 749 2594 810 δὲ
2624 751 2890 831 Θεολόγος
2942 755 2988 814 Γ
2993 752 3232 835 ρηγόριός
3294 776 3478 834 φησιν,
3522 750 3604 812 ὅτι
3639 755 3670 812 6

2067 842 2194 908 Υἱὸς
2226 841 2402 900 πάντα
2449 839 2802 918 οἰκειούμενος
2831 839 2900 900 τὰ
2943 843 3205 921 ἡμέτερα,
3249 845 3342 903 καὶ
3387 841 3487 913 τὴν
3535 848 3672 920 ἡμε-

2063 934 2224 1011 τέραν
2268 930 2545 1010 ὑποταγὴν
2576 929 2772 990 οἰκείαν
2818 934 3044 1011 ἡγεῖται.
3094 934 3208 994 Νῦν
3261 931 3358 1008 μὲν
3404 922 3495 991 οῦν
3539 954 3668 991 στα-

2065 1021 2315 1098 σιάζομεν
2346 1019 2478 1100 πρὸς
2524 1018 2615 1078 τὸν
2650 1021 2809 1080 Θεόν·
2841 1023 2889 1080 οἱ
2942 1021 3038 1100 μὲν
3075 1021 3327 1096 ἄπιστοι,
3357 1020 3668 1101 ἀρνούμενοι

2064 1111 2243 1169 αὐτόν’
2290 1111 2340 1172 οἳ
2376 1108 2434 1170 δὲ
2467 1109 2670 1188 πιστοὶ,
2701 1118 2808 1178 τοῖς
2838 1111 3034 1171 πάθεσι
3074 1111 3263 1171 πολλοὶ
3304 1109 3668 1183 δουλεύοντες,

2063 1199 2155 1259 καὶ
2185 1197 2544 1260 ἀνυπότακτοι
2576 1199 2716 1258 κατὰ
2743 1202 2897 1260 τοῦτό
2933 1204 3110 1277 ἐσμεν.
3140 1198 3326 1262 Ὅταν
3381 1201 3436 1259 δὲ
3472 1203 3524 1261 οἱ
3568 1197 3665 1278 μὲν

2067 1291 2353 1368 ἐπιγνῶσιν
2414 1288 2472 1350 ὃν
2523 1295 2613 1350 νῦν
2671 1292 2986 1368 ἀρνοῦνται·
3019 1293 3068 1350 οἱ
3125 1291 3181 1352 δὲ
3223 1291 3670 1368 μεταποιηθῶμεν

2067 1377 2174 1440 ἀπὸ
2205 1384 2311 1439 τῶν
2345 1381 2531 1439 παθῶν
2561 1379 2615 1437 ἐν
2663 1381 2740 1459 τῷ
2796 1379 2897 1461 βίῳ
2925 1378 3124 1460 τούτῳ,
3179 1379 3386 1447 πάντως
3432 1378 3555 1439 τότε
3586 1376 3672 1436 λέ·

2065 1492 2216 1548 γεται
2243 1473 2273 1529 6
2308 1468 2436 1538 Υἱὸς
2465 1472 2816 1548 ὕποταγῆναι“
2867 1468 2928 1528 τὸ
2973 1472 3068 1540 τῆς
3117 1467 3521 1548 ἀνθρωπότητος
3563 1467 3668 1547 γὰρ

2065 1557 2422 1638 ὑποδυόμενος
2459 1558 2512 1598 6⁸
2559 1558 2874 1639 πρόσωπον,
2907 1561 3099 1619 ἑαυτοῦ
3149 1560 3379 1618 ποιεῖται
3413 1557 3484 1618 τὰ
3536 1555 3670 1634 ἡμέ-

2063 1673 2215 1708 τεοα.

2161 1673 2215 1708 α.

2129 1673 2183 1795 ρα
2209 1735 2331 1799 Ἵνα
2484 1736 2623 1806 Θεὸς
2665 1737 2734 1796 τὰ
2761 1736 2936 1798 πάντα
2969 1742 3024 1800 ἐν
3055 1737 3306 1798 πᾶσαί»
3343 1734 3669 1809 Τουτέστιν,

2061 1826 2152 1888 ἵνα
2187 1819 2376 1888 πάντα
2486 1832 2577 1889 τοῦ
2610 1826 2826 1908 Πατρὸς
2870 1828 3168 1909 ἠρτημένα,
3212 1826 3301 1889 ἵνα
3352 1826 3428 1904 μὴ
3469 1825 3562 1885 δύο
3590 1849 3672 1892 τις

2344 1918 2606 1999 ἀνάρχους
2706 1918 2978 1997 ὕποπτεύῃ
3063 1919 3154 1979 καὶ
3242 1914 3665 1999 ἀπεσχισμένας.

2058 1996 2238 2068 Ὅταν
2275 2006 2327 2048 ⁶⁹
2358 1996 2459 2086 γὰρ
2481 1996 2540 2068 οἱ
2582 2007 2678 2086 μὲν
2727 2006 2907 2088 ἐχθροὶ
2939 1996 3042 2068 ὕπὸ
3080 2007 3198 2074 τοὺς
3237 1996 3544 2074 πόδαςίῶσι
3574 2009 3666 2064 τοῦ

2061 2099 2212 2158 Υἱοῦ·
2243 2100 2272 2156 6
2302 2097 2357 2156 δὲ
2402 2097 2530 2166 Υἱὸς
2560 2097 2636 2176 μὴ
2676 2097 2938 2178 στασιάζῃ
2971 2097 3101 2179 πρὸς
3128 2097 3218 2157 τὸν
3266 2095 3515 2177 Πατέρα,
3545 2096 3667 2154 ἀλλ’

2062 2187 2136 2255 ὣς
2165 2185 2358 2266 πρέπει
2391 2189 2516 2269 υἱῷ,
2560 2189 2687 2267 Θεῷ
2731 2185 3103 2260 ὓποτάσσηται
3147 2191 3226 2268 τῷ
3275 2185 3476 2266 Πατρίο
3526 2183 3672 2245 πάν-

2062 2300 2164 2344 τως
2193 2281 2223 2336 6
2257 2276 2398 2345 Θεὸς
2427 2275 2520 2336 καὶ
2559 2275 2756 2355 Πατὴρ
2787 2275 2938 2336 ἔσται
2980 2276 3048 2336 τὰ
3077 2276 3254 2336 πάντα
3285 2279 3340 2336 ἐν
3374 2284 3536 2336 πᾶσι.
3569 2276 3669 2336 Τι-

2064 2367 2148 2434 νὲς
2177 2365 2232 2424 δὲ
2263 2365 2362 2438 τὴν
2391 2371 2487 2439 τῆς
2516 2365 2709 2432 κακίας
2741 2364 3009 2446 ἀναίρεσιν
3033 2366 3122 2424 διὰ
3150 2365 3352 2427 τούτων
3378 2363 3666 2438 δηλοῦσθαί

2065 2479 2260 2538 φασιν,
2289 2459 2362 2538 ᾡς
2406 2453 2622 2516 πάντων
2664 2455 3122 2534 ὓποτεταγμένων·
3167 2457 3296 2516 ὅταν
3335 2455 3439 2536 γὰρ
3489 2453 3674 2534 ἆμαρ-

2065 2537 2158 2606 τία
2191 2545 2267 2624 μὴ
2298 2537 2356 2626 ᾗ,
2389 2543 2610 2620 εὔδηλον
2645 2547 2728 2605 ὅτι
2753 2549 2782 2605 6
2809 2545 2946 2626 Θεὸς
2979 2545 3128 2608 ἔσται
3169 2545 3238 2604 τὰ
3271 2546 3450 2604 πάντα
3477 2546 3530 2602 ἐν
3559 2553 3672 2603 πᾶ-

2067 2659 2166 2694 σιν·
2199 2624 2327 2696 ὅταν
2379 2637 2583 2714 μηκέτι
2637 2634 2829 2695 πολλοὶ
2862 2624 3007 2712 ὦμεν
3041 2638 3094 2696 ἐν
3136 2636 3243 2704 τοῖς
3279 2635 3539 2712 κινήμασι
3580 2633 3675 2693 καὶ

2064 2734 2172 2793 τοῖς
2203 2725 2432 2806 πάθεσι,
2477 2723 2640 2801 μηδὲν
2693 2722 2828 2790 ὅλως
2873 2726 3041 2800 Θεοῦ,
3085 2725 3122 2797 ἢ
3164 2724 3341 2804 ὀλίγον
3380 2727 3436 2784 ἐν
3465 2728 3675 2792 ἑαυτοῖς

2069 2813 2329 2896 φέροντες·
2382 2816 2504 2874 ἀλλ’
2535 2811 2652 2872 ὅλοι
2700 2814 2973 2889 θεοειδεῖς,
3023 2811 3139 2874 ὅλοι
3193 2813 3486 2896 χωρητικοὶ
3529 2819 3674 2877 Θεοῦ

2067 2903 2159 2962 καὶ
2188 2903 2374 2980 μόνου.
2405 2903 2598 2966 Πάντα
2625 2901 2731 2984 γὰρ
2757 2906 2888 2979 ἡμῖν
2911 2906 2939 2962 6
2967 2903 3104 2973 Θεὸς
3135 2903 3310 2978 ἔσται,
3342 2903 3433 2963 καὶ
3460 2905 3676 2986 βρῶμα,

2067 2993 2158 3054 καὶ
2187 2991 2359 3071 πόμα,
2390 2993 2482 3054 καὶ
2509 2992 2736 3071 ἔνδυμα,
2762 2991 2856 3052 καὶ
2887 2992 3086 3072 νόημα,
3119 2993 3213 3054 καὶ
3241 2993 3468 3072 κίνημα.

2157 3207 2188 3245 (ι
2216 3182 2372 3246 Ἐπεὶ⁵
2415 3180 2470 3242 τί
2496 3179 2808 3254 ποιήσουσιν
2855 3184 2906 3243 οἱ
2956 3178 3338 3261 βαπτιζόμενοι
3381 3177 3513 3258 ὑπὲρ
3565 3178 3674 3237 τῶν

2068 3279 2294 3356 νεκρῶν,
2327 3275 2373 3333 εἰ
2402 3273 2538 3338 ὅλως
2566 3271 2743 3354 νεκροὶ
2773 3274 2868 3333 οὔκ
2897 3271 3219 3351 ἐγείρονται;
3267 3269 3320 3328 τί
3349 3267 3443 3328 καὶ
3477 3265 3674 3348 βαπτίο

2067 3369 2246 3436 ζονται
2305 3363 2438 3442 ὖπὲρ
2480 3363 2585 3419 τῶν
2641 3365 2873 3443 νεκρῶν,
2926 3385 2953 3418 ι
2999 3361 3072 3421 Οἱ
3119 3357 3529 3435 Μαρκιωνισταὶ
3586 3356 3674 3416 αἱ·

2067 3454 2293 3535 ρετικοὶ,
2317 3450 2530 3512 ἐπειδάν
2558 3475 2636 3520 τις
2666 3454 2796 3532 παρ’
2822 3452 3002 3517 αὐτοῖς
3039 3448 3372 3515 ἀϐάπτιστος
3401 3445 3668 3523 ἀποθάνῃ,

2066 3544 2168 3604 ὑπὸ
2204 3544 2300 3616 τὴν
2334 3541 2517 3614 κλίνην
2558 3547 2654 3602 τοῦ
2678 3539 3118 3613 τετελευτηκότος
3149 3537 3202 3578 7°
3231 3535 3531 3619 κρύψαντές
3555 3559 3675 3595 τινα

2065 3638 2262 3705 ζῶντα,
2295 3630 2548 3712 προσίασι
2695 3629 2875 3710 κλίνῃ,
2909 3628 3002 3688 καὶ
3050 3630 3285 3710 ἐρωτῶσι
3327 3627 3418 3686 τὸν
3466 3624 3674 3704 νεκρὸν,

2069 3726 2114 3784 εἶ
2149 3722 2391 3804 βούλοιτο
2425 3725 2804 3800 βαπτισθῆναν
2837 3719 2932 3780 καὶ
2975 3718 3319 3799 ἀποκρίνεται
3362 3720 3391 3776 6
3437 3738 3677 3795 κεκρυμ-

2071 3813 2226 3892 μένος
2255 3811 2514 3884 κάτωθεν,
2567 3809 2649 3870 8τι
2698 3809 2972 3891 βούλεται⁶
3023 3808 3114 3892 xu}
3145 3807 3284 3867 οὕτω
3331 3805 3676 3884 βαπτίζουσιν

2072 3888 2230 3961 αὐτὸν
2291 3901 2412 3959 ἀντὶ
2477 3904 2570 3958 τοῦ
2633 3888 2971 3966 ἀπελθόντος.
3031 3888 3170 3958 Εἶτα
3221 3893 3678 3976 κατηγορούμενοι

2073 3990 2162 4052 ἐπὶ
2192 3989 2388 4070 τούτῳ,
2422 3991 2845 4064 ἀπολογοῦνται,
2881 3987 2962 4046 ὅτι
3000 3989 3030 4046 6
3069 3985 3392 4052 Ἀπόστολος
3421 3990 3577 4044 τοῦτο
3623 3983 3670 4024 ⁷⁸

2073 4071 2216 4155 εἶπε,
2242 4078 2334 4137 καὶ
2363 4077 2666 4158 παράγουσι
2686 4076 2783 4149 τὴν
2813 4079 2966 4159 ῥῆσιν
2997 4075 3198 4147 ταύτην
3230 4077 3278 4135 οἳ
3308 4073 3666 4156 παράφρονες.

2073 4168 2154 4229 Τὸ
2206 4167 2261 4227 δὲ
2318 4169 2418 4247 οὐχ
2474 4165 2640 4234 οὕτως
2693 4165 2824 4248 ἔχει·
2883 4165 3026 4226 ἀλλὰ
3081 4168 3226 4242 πῶςς
3264 4167 3337 4225 Οἱ
3397 4162 3680 4241 μέλλοντες

2077 4260 2435 4338 βαπτισθῆναι
2483 4255 2677 4338 πάντες
2729 4255 3125 4336 ἀπαγγέλλουσι
3175 4254 3236 4314 τὸ
3283 4251 3552 4333 σύμϐολον
3582 4255 3677 4324 τῆς

2075 4346 2321 4415 πίστεωςο
2372 4349 2426 4406 ἐν
2466 4335 2555 4404 οὖν
2605 4345 2776 4427 τούτῳ
2829 4343 2967 4424 μετὰ
3012 4347 3117 4404 τῶν
3169 4345 3346 4404 ἄλλων
3393 4341 3486 4402 καὶ
3524 4347 3682 4402 τοῦτο

2076 4435 2351 4518 πρόκειται
2408 4436 2478 4475 ⁷³·
2530 4462 2555 4490 α
2605 4433 2858 4497 Πιστεύω
2907 4435 2979 4501 εἷς
3038 4433 3332 4494 ἀνάστασιν
3370 4435 3594 4514 νεκρῶν.
3652 4459 3678 4488 ι

2077 4517 2259 4599 Φησὶν
2288 4517 2398 4599 οῦν,
2435 4523 2517 4584 ὅτι
2548 4526 2620 4585 Οἱ
2668 4523 3064 4599 πιστεύσαντες,
3091 4522 3172 4583 ὅτι
3205 4523 3358 4584 ἔσται
3388 4521 3680 4590 ἀνάστασις

1992 4643 2042 4705 D
2072 4619 2270 4697 νεκρῶν
2325 4613 2620 4695 σωμάτων,
2677 4614 2770 4674 καὶ
2824 4611 3202 4694 βαπτισθέντες
3268 4611 3357 4673 ἐπὶ
3410 4611 3678 4680 τοιαύταις

2075 4706 2271 4779 ἐλπίσι,
2316 4705 2366 4763 τί
2408 4705 2719 4776 ποιήσουσιν
2770 4703 3166 4778 ἀπατηθέντες;
3207 4701 3258 4761 τί
3307 4701 3362 4762 δὲ
3413 4701 3549 4770 ὅλως
3584 4701 3678 4761 καὶ

2079 4794 2424 4876 βαπτίζονται
2477 4793 2748 4876 ἄνθρωποι
2791 4791 2926 4875 ὑπὲρ
2976 4793 3343 4864 ἀναστάσεως,
3389 4791 3682 4867 τουτέστιν,

2078 4885 2167 4946 ἐπὶ
2215 4884 2508 4966 προσδοκίᾳ
2563 4882 2934 4958 ἀναστάσεως,
2981 4885 3030 4943 εἰ
3079 4881 3254 4962 νεκροὶ
3307 4883 3402 4942 οὔκ
3447 4881 3678 4962 ἐγείρον-

2082 4995 2206 5051 ται;

2170 5092 2196 5118 ι
2228 5063 2298 5126 Τί
2327 5061 2421 5124 καὶ
2447 5066 2604 5141 ἡμεῖς
2636 5063 3005 5142 κινδυνεύομεν
3037 5069 3221 5123 πᾶσαν
3243 5061 3425 5144 ὥρανς
3469 5088 3492 5116 ι
3520 5061 3590 5123 Εἰ
3618 5062 3681 5120 οὖ

2081 5154 2299 5236 δέχεσθε
2329 5153 2462 5234 πρὸς
2503 5150 2771 5222 ἀπόδειξιν
2810 5157 2905 5225 τῆς
2939 5151 3288 5220 ἀναστάσεως
3314 5151 3411 5224 τὴν
3452 5149 3540 5211 διὰ
3575 5153 3684 5211 τῶν

2081 5243 2332 5328 ῥημάτων
2375 5241 2683 5322 ὁμολογίαν,
2733 5243 2800 5315 ἣν
2847 5245 2898 5302 οἱ
2954 5241 3334 5323 βαπτιζόμενοι
3369 5245 3647 5302 ποιοῦνται
3667 5285 3688 5320 ,

2080 5334 2295 5403 δέξασθε
2342 5331 2436 5392 καὶ
2480 5332 2578 5406 τὴν
2612 5330 2700 5391 διὰ
2733 5337 2838 5392 τῶν
2866 5330 3204 5412 πραγμάτων
3247 5330 3452 5414 φωνήν.
3483 5329 3683 5409 Ἡμεῖς

2080 5423 2182 5504 γὰρ
2213 5423 2408 5504 πάντες
2438 5423 2488 5482 οἱ
2524 5421 2814 5483 ἀπόστολοι
2855 5423 2908 5481 ἐν
2940 5421 3195 5489 κινδύνοις
3231 5419 3392 5498 ἐσμὲν
3440 5420 3542 5481 ἀεί·
3588 5419 3687 5480 καὶ

2081 5503 2126 5573 εἰ
2158 5503 2253 5590 μὴ
2285 5503 2349 5586 ἦν
2402 5510 2709 5588 ἀνάστασις,
2756 5509 2891 5580 τίνος
2919 5510 3091 5572 ἕνεκεν
3123 5509 3548 5589 ἐκινδυνεύομεν,
3575 5505 3670 5570 ἵνα

1761 5655 1951 5716 Variae
1993 5657 2300 5718 lectiones.

445 5768 490 5803 ⁸⁸
517 5769 864 5842 ἀποδυόμενος
889 5787 944 5829 o.
1023 5773 1068 5807 ⁸³
1093 5773 1172 5827 ὅτι
1199 5789 1255 5831 ο.
1330 5773 1376 5808 ⁷ο
1397 5773 1784 5841 τελευτήσαντος
1807 5788 1862 5832 o.
1938 5774 1979 5810 τί
2011 5774 2064 5829 ἐν
2086 5774 2247 5846 τούτῳ
2278 5789 2330 5832 0.
2407 5771 2454 5808 ⁷⁸
2483 5773 2769 5844 πρόσκειται
2807 5787 2863 5829 o.
