4110 6448
450 392 559 445 769

1276 386 1629 444 EXPOSITIO
1669 389 1736 443 IN
1774 387 1983 444 EPIST.
2023 387 2045 444 Ι
2080 389 2173 443 AD
2213 390 2366 447 COR.
2406 420 2476 435 -
2511 393 2663 448 CAP.
2701 393 2810 448 XV.

3657 396 3760 449 770

448 513 590 582 τίνος
646 510 1072 590 ἀπολαύσωμεν;
1141 515 1209 575 Εἰ
1275 512 1377 595 γὰρ
1450 514 1542 572 καὶ
1603 512 1691 573 διὰ
1749 512 2051 582 κενοδοξίαν

2172 515 2242 572 rei
2317 518 2487 590 gratia
2550 517 2788 590 pericula
2851 516 3197 572 subiremus?
3256 516 3409 587 cuius
3476 517 3763 575 commodi

448 602 625 664 ἕλοιτό
674 626 751 670 τις
808 603 1155 677 κινδυνεύειν,
1196 602 1339 673 ἅπαξ
1392 602 1423 673 ἢ
1487 601 1727 683 δεύτερον
1775 602 1839 662 ἂν
1882 603 2054 663 ἕλοιτο

447 698 623 753 τοῦτο·
674 691 738 751 τὸ
791 692 849 752 δὲ
894 702 1074 752 πᾶσαν
1126 690 1294 771 ὥραν,
1354 690 1537 773 ὥσπερ
1590 698 1774 770 ἡμεῖς,
1824 692 2051 772 μεγίστη

450 779 717 850 ἀπόδειξις
764 785 859 841 τοῦ
924 785 1434 864 πεπληροφορῆσθαι
1482 781 1604 863 περὶ
1650 784 1746 854 τῆς
1809 780 2051 842 ἀναστά-

449 894 604 940 σεως.

533 1078 557 1103 σι
596 1053 734 1112 Καθ’
760 1050 967 1133 ἡμέραν
1007 1050 1351 1128 ἀποθνήσκω,
1384 1048 1446 1121 νὴ
1497 1051 1593 1121 τήν
1623 1047 1885 1131 ὑμετέραν
1916 1048 2053 1109 καύ-

448 1163 646 1221 χησιν,
678 1140 745 1213 ἣν
774 1140 887 1222 ἔχω
914 1144 966 1199 ἐν
1002 1143 1223 1221 Χριστῷ
1252 1140 1429 1212 Ἰησοῦ
1458 1145 1534 1221 τῷ
1570 1140 1757 1221 Κυρίῳ
1787 1142 1967 1218 ἡμῶν.
2015 1160 2046 1197 ι)

451 1231 662 1304 Εἰπὼν,
707 1230 791 1290 ὅτι
828 1251 859 1288 α
888 1230 1304 1307 Κινδυνεύομεν,
1342 1252 1371 1287 »
1424 1228 1587 1298 ἔδειξε
1621 1228 1740 1298 τοὺς
1769 1229 2054 1296 κινδύνους·

450 1321 656 1396 μᾶλλον
703 1318 763 1381 δὲ
803 1320 980 1396 μεῖζόν
1026 1343 1112 1394 τι,
1156 1319 1409 1386 θανάτους
1458 1318 1869 1399 καθημερινούς.
1926 1321 2055 1386 Πῶς

450 1408 507 1467 δὲ
560 1408 680 1469 καθ’
721 1409 931 1489 ἡμέραν
975 1409 1311 1482 ἀπέθνησκε;
1364 1412 1453 1489 Τ
1504 1408 1809 1491 προθυμία,
1846 1409 1938 1467 καὶ
1978 1410 2054 1488 τῷ

449 1499 584 1579 πρὸς
609 1503 767 1559 τοῦτο
805 1503 1260 1578 παρεσκευᾶσθαι,
1298 1497 1393 1558 καὶ
1438 1502 1515 1578 τῷ
1543 1504 1762 1557 τοιαῦτα
1797 1498 2052 1577 πάσχειν,

452 1589 488 1647 ἃ
518 1588 744 1649 θάνατον
795 1588 973 1670 ἔφερε.
1032 1611 1061 1647 σ
1091 1590 1180 1667 Νῇ
1232 1587 1330 1661 τὴν
1379 1587 1639 1667 ὑμετέραν
1684 1588 1983 1670 καύχησιν·
2018 1609 2045 1645 υ

449 1677 713 1751 τουτέστι,
765 1668 852 1750 Νῆ
882 1668 979 1747 τὴν
1008 1678 1269 1759 ὑμετέραν
1317 1677 1617 1756 προκοπὴν,
1659 1668 1803 1757 ἐφ’ᾗ
1843 1679 2058 1755 καυχῶ-

452 1791 578 1845 μαι.
613 1767 897 1849 Καύχησις
940 1767 1042 1847 γὰρ
1070 1769 1148 1848 τῷ
1197 1765 1539 1847 διδασκάλῳ,
1586 1772 1620 1839 ἡ
1653 1771 1757 1827 τῶν
1803 1770 2055 1844 μαθητῶν

450 1834 911 1939 προκοπή.”Ὲίῖτα
951 1834 1037 1937 ’τῶ
1084 1834 1307 1936 Χριστῷ
1356 1834 1621 1923 ἀνατιθεὶς
1655 1834 1836 1933 τοῦτο,
1878 1834 2056 1935 φησὶν·
2094 1834 2143 1897 Β

466 1968 496 2005 σ
523 1945 631 2006 ⁶Ην
666 1945 779 2028 ἔχω
806 1948 860 2006 ἐν
890 1948 1110 2027 Χριστῷ
1146 1945 1348 2019 Ἰησοῦ·
1373 1965 1405 2003 ι)
1438 1946 1639 2005 ἐκείνου
1665 1947 1767 2026 γὰρ
1797 1944 1857 2003 τὸ
1885 1944 2057 2025 ἔργον,

456 2037 553 2097 οὐκ
600 2035 750 2113 ἐμόν.
804 2034 1106 2118 Σοφώτατα
1154 2034 1211 2094 δὲ
1252 2034 1655 2114 ὑπομιμνήσκει
1701 2033 1946 2108 τούτους,
1977 2033 2059 2093 ὅτι

451 2123 676 2204 εὨσπερ
720 2128 1015 2206 καυχῶμαι
1058 2125 1470 2205 προκοπτόντων
1501 2124 1579 2199 ⁷³,
1614 2122 1780 2192 οὕτως
1826 2124 2056 2203 ἐγκαλύ-

453 2219 627 2297 ψομαι
651 2213 726 2289 ⁷⁸,
764 2217 811 2274 εἰ
847 2214 976 2295 ἄχρι
1021 2215 1200 2283 τέλους
1242 2217 1408 2282 οὕτως
1456 2214 1650 2284 ἀθλίως
1690 2214 1878 2295 ἔχετε,
1918 2212 2058 2274 ὥστε

455 2310 523 2387 τῇ
553 2306 839 2366 ἀναστάσει
874 2306 1193 2366 διαπιστεῖν.

550 2593 580 2631 ι(
608 2572 679 2633 Εἰ
706 2570 848 2631 κατὰ
880 2569 1158 2652 ἄνθρωπον
1209 2568 1615 2651 ἐθηριομάχησα
1646 2571 1700 2629 ἐν
1733 2566 1972 2649 Ἐφέσῳ,
2009 2566 2062 2626 τί

462 2684 565 2739 μου
610 2659 672 2720 τὸ
702 2660 922 2743 ὅφελος;
973 2688 997 2713 ι
1048 2656 1259 2733 Ὅσον,
1314 2659 1483 2741 φησὶ,
1527 2659 1588 2718 τὸ
1632 2659 1703 2725 εἰς
1736 2657 2062 2737 ἀνθρώπους,

459 2750 925 2833 ἕθηριομάχησαχ
944 2749 997 2809 τί
1038 2748 1141 2831 γὰρ
1189 2752 1235 2808 εἰ
1275 2751 1305 2808 ὁ
1356 2747 1494 2814 Θεὸς
1537 2746 1801 2826 ἐξήρπασέ
1844 2771 1912 2824 με
1958 2750 2062 2805 τῶν

459 2829 760 2914 κινδύνων,
783 2839 834 2899 τί
862 2829 952 2900 οῦν
997 2829 1183 2919 ὄφελός
1217 2861 1336 2917 μοι,
1380 2836 1720 2904 ἀναστάσεως
1758 2835 1832 2913 μὴ
1868 2835 2061 2909 οὔσης,

462 2928 848 3012 Θηριομαχίαν
920 2929 975 2988 δὲ
1047 2929 1201 2988 καλεῖ
1255 2928 1352 3000 τὴν
1412 2926 1542 3007 πρὸς
1615 2926 1907 3012 Ἰουδαίους
1971 2925 2063 2985 καὶ

460 3007 771 3100 Δημήτριον
803 3019 893 3080 τὸν
938 3016 1298 3101 ἀργυροκόπον
1344 3016 1547 3098 μάχην.
1584 3017 1655 3077 Τί
1693 3016 1795 3094 γὰρ
1832 3007 1973 3075 οὗτοι
2002 3016 2055 3054 ⁷⁵

460 3108 660 3189 θηρίων
690 3108 957 3191 διέφερον;

558 3310 586 3348 ιι
615 3294 685 3353 Εἰ
724 3292 899 3372 νεκροὶ
949 3293 1045 3352 οὐκ
1094 3289 1414 3369 ἐγείρονται,
1473 3288 1726 3371 φάγωμεν
1780 3288 1873 3348 καὶ
1922 3288 2065 3347 πίω-

464 3404 580 3458 μεν·
638 3378 822 3460 αὔριον
873 3379 976 3460 γὰρ
1044 3378 1470 3457 ἀποθνήσκομεν.
1526 3400 1555 3436 o
1613 3380 1683 3439 Εἰ
1741 3376 1917 3458 νεκροὶ
1972 3379 2067 3436 οὐκ

466 3470 790 3549 ἐγείρονται,
820 3471 937 3530 οὐδὲ
971 3469 1124 3530 ἔσται
1155 3471 1263 3528 ἐκεῖ
1306 3468 1634 3541 ἀπόλαυσις,
1673 3466 2068 3543 ἀπολαύσωμεν

466 3559 652 3619 λοιπὸν
681 3564 787 3619 τῶν
818 3561 872 3619 ἐν
900 3564 978 3641 τῷ
1020 3558 1118 3640 βίῳ
1153 3557 1324 3640 τούτῳ
1358 3560 1592 3636 ἀγαθῶν,
1621 3561 1715 3615 τοῦ
1752 3557 1938 3637 φαγεῖν
1975 3554 2069 3615 καὶ

467 3654 559 3709 τοῦ
616 3658 775 3709 πιεῖν·
840 3654 1011 3709 ταῦτα
1063 3652 1166 3728 γὰρ
1234 3650 1610 3728 κερδανοῦμεν.
1666 3649 1843 3708 Τοῦτο
1898 3645 1952 3705 δὲ
2010 3644 2071 3703 τὸ

470 3742 622 3822 ῥῆμα
678 3737 786 3797 ἀπὸ
841 3744 933 3798 τοῦ
982 3734 1211 3799 Ἡσαΐου
1274 3737 1588 3817 παρήγαγε,
1637 3736 1914 3818 κωμῳδῶν
1972 3733 2069 3809 τὴν

470 3831 654 3889 ἄνοιαν
687 3832 791 3888 τῶν
820 3828 897 3907 μὴ
930 3828 1186 3909 λεγόντων
1216 3826 1529 3889 ἀνάστασιν.

558 3938 587 3976 α
618 3916 708 3990 Μὴ
753 3920 1044 3978 πλανᾶσθε·
1101 3917 1400 3999 φθείρουσιν
1450 3916 1555 3990 ἤθη
1606 3913 1820 3996 χρηστὰ
1866 3910 2075 3992 ὁμιλίαι

2164 606 2535 679 consequendi
2554 606 2762 680 gratia?
2782 605 3048 676 Quamvis
3061 605 3213 661 enim
3236 605 3432 679 aliquis
3448 606 3619 680 224
3638 623 3758 664 am-

2166 694 2378 752 bitione
2413 696 2631 765 ductus,
2660 696 2898 769 pericula
2945 694 3158 763 subeat,
3186 694 3356 751 semel
3384 694 3573 752 forsan
3595 704 3760 770 atque

2164 783 2367 842 iterum
2420 786 2723 858 periculum
2775 785 3025 856 elegerit;
3074 799 3271 841 verum
3317 784 3541 857 singulis
3591 785 3760 855 horis,

2164 875 2633 947 quemadmodum
2656 891 2781 944 nos,
2806 873 3118 947 periclitari,
3140 872 3387 929 maxima
3408 872 3761 933 demonstra-

2166 965 2247 1021 tio
2277 973 2380 1033 est,
2406 982 2508 1021 nos
2531 964 2599 1022 de
2624 965 3025 1021 resurrectione
3054 972 3236 1020 certos
3264 978 3402 1021 esse.

2236 1056 2415 1112 Vsus.
2448 1061 2537 1111 31.
2571 1080 2597 1104 ιι
2631 1053 2890 1127 Quotidie
2915 1053 3151 1122 morior,
3181 1068 3281 1125 per
3304 1060 3547 1111 vestram
3572 1053 3764 1127 gloria-

2166 1144 2375 1201 tionem
2392 1160 2561 1216 quam
2579 1145 2756 1201 habeo
2775 1146 2836 1200 in
2855 1143 3070 1201 Christo
3088 1144 3121 1199 J
3124 1158 3219 1199 esu
3235 1143 3482 1200 Domino
3497 1152 3713 1204 nostro.
3733 1167 3763 1198 η

2167 1236 2307 1291 Cum
2333 1234 2575 1302 dixisset,
2612 1256 2640 1284 α
2670 1234 3077 1303 Periclitamur,
3111 1256 3139 1283 ι»
3170 1232 3409 1306 pericula
3436 1232 3529 1291 hic
3557 1249 3769 1307 expres-

2167 1324 2238 1381 sit
2269 1341 2284 1381 :
2316 1324 2433 1381 imo
2460 1323 2644 1396 potius
2672 1324 2847 1397 majus
2882 1322 3173 1396 quiddam,
3207 1321 3554 1396 quotidianas
3580 1324 3767 1381 videli-

2167 1421 2255 1470 cet
2279 1422 2507 1471 mortes.
2549 1414 2845 1485 Quomodo
2884 1418 3071 1470 autem
3103 1412 3164 1469 in
3191 1412 3443 1485 singulos
3493 1412 3613 1471 dies
3639 1429 3770 1470 mo-

2167 1503 2453 1560 riebatur?
2497 1504 2684 1560 Animi
2733 1502 3194 1576 promptitudine,
3257 1509 3314 1559 et
3362 1502 3490 1575 quia
3549 1502 3618 1561 ad
3664 1503 3771 1561 hoc

2169 1593 2470 1649 instructus
2499 1601 2557 1650 et
2586 1601 2806 1666 paratus
2852 1592 3042 1661 fuerit,
3073 1601 3129 1648 et
3168 1591 3299 1665 quia
3327 1593 3451 1648 talia
3489 1593 3773 1665 pertulerit

2167 1697 2292 1754 quae
2330 1692 2571 1739 mortem
2620 1682 2943 1740 afferebant.
2994 1704 3021 1731 ι
3070 1684 3177 1738 Per
3209 1690 3449 1739 vestram
3477 1683 3772 1754 gloriatio-

2167 1788 2321 1840 nem,
2352 1795 2380 1821 ι
2406 1771 2467 1827 id
2489 1779 2593 1841 est,
2617 1774 2724 1829 Per
2751 1780 2994 1828 vestrum
3032 1770 3365 1843 profectum,
3401 1772 3558 1845 cujus
3598 1774 3772 1847 gratia

2170 1860 2376 1935 glorior
2418 1881 2433 1917 :
2476 1861 2729 1934 gloriatio
2773 1861 2920 1917 enim
2966 1860 3324 1933 praeceptoris
3370 1859 3773 1933 discipulorum

2168 1959 2253 2009 est
2321 1967 2670 2025 progressus.
2723 1950 2937 2008 Deinde
2995 1950 3214 2008 Christo
3270 1950 3421 2007 istud
3473 1949 3770 2021 ascribens,

2174 2064 2201 2091 α
2232 2042 2414 2112 Quam
2442 2041 2638 2112 habeo,
2675 2063 2702 2090 ι
2736 2041 2944 2114 inquit,
2979 2062 3007 2092 α
3033 2040 3089 2096 in
3116 2039 3333 2097 Christo
3362 2042 3492 2096 Jesu
3522 2057 3540 2097 :
3575 2062 3602 2090 ι
3625 2040 3772 2097 illius

2170 2132 2319 2188 enim
2365 2146 2504 2204 opus
2549 2139 2655 2198 est,
2701 2146 2811 2188 non
2856 2146 3068 2187 meum.
3129 2129 3536 2203 Sapientissime
3576 2138 3770 2187 autem

2169 2235 2266 2279 eos
2307 2219 2754 2291 commonefecit,
2790 2221 2893 2289 Ut,
2940 2220 3210 2293 inquiens,
3241 2219 3311 2277 de
3348 2227 3531 2277 vestro
3577 2219 3632 2276 in
3660 2219 3775 2277 ﬁde

2170 2326 2462 2384 progressu
2490 2310 2717 2384 glorior,
2748 2310 2826 2367 sic
2868 2310 3166 2383 pudeﬁam,
3198 2309 3397 2382 inquit,
3427 2308 3474 2366 si
3500 2308 3570 2366 ad
3598 2309 3772 2365 ﬁnem

2169 2415 2349 2472 usque
2394 2400 2532 2457 adeo
2599 2400 2803 2457 misere
2853 2416 2952 2457 vos
3003 2400 3228 2472 geratis,
3273 2407 3337 2456 ut
3378 2399 3772 2457 resurrectioni

2168 2488 2338 2545 fidem
2367 2505 2479 2545 non
2507 2489 2830 2546 adhibeatis.

2241 2581 2428 2635 Vnus.
2462 2582 2550 2635 32.
2602 2601 2629 2628 α
2672 2578 2727 2635 Si
2752 2578 3070 2635 secundum
3125 2578 3409 2635 hominem
3453 2579 3523 2635 ad
3566 2578 3772 2636 bestias

2173 2669 2406 2741 pugnavi
2436 2668 2663 2741 Ephesi,
2699 2684 2824 2740 quae
2868 2667 3008 2723 mihi
3051 2668 3293 2724 utilitas?
3338 2669 3644 2738 Quatenus,
3686 2668 3771 2723 in-

2174 2758 2316 2830 quit,
2344 2757 2415 2815 ad
2443 2758 2701 2814 homines
2729 2758 2979 2830 pertinet,
3002 2773 3131 2813 cum
3154 2756 3287 2813 feris
3310 2755 3586 2813 dimicavi.
3616 2757 3763 2830 Quid

2173 2847 2325 2903 enim
2368 2848 2417 2904 si
2452 2850 2601 2904 Deus
2641 2863 2671 2903 e
2716 2847 2969 2920 periculis
3010 2862 3099 2903 me
3135 2846 3368 2918 eripuit?
3412 2847 3562 2916 Quid
3608 2847 3778 2918 igitur

2174 2936 2314 2992 mihi
2334 2937 2583 3009 prodest,
2605 2937 2653 2993 si
2674 2937 3001 2993 resurrectio
3027 2952 3141 2992 non
3168 2936 3278 2992 sit?
3305 2938 3557 3008 Pugnam
3582 2946 3773 2993 autem

2172 3043 2301 3082 cum
2330 3026 2518 3083 bestiis
2543 3026 2781 3099 appellat
2810 3026 3227 3083 contentionem
3254 3025 3513 3082 adversus
3548 3025 3776 3083 Judmos

2171 3124 2228 3172 et
2252 3117 2598 3173 Demetrium
2619 3118 3010 3189 argentarium.
3048 3115 3193 3186 Quid
3218 3115 3369 3172 enim
3390 3116 3485 3171 isti
3512 3130 3544 3171 a
3570 3115 3777 3172 belluis

2174 3205 2456 3263 distabant
2471 3210 2496 3262 ἒ

2249 3319 2277 3347 α
2321 3297 2378 3354 Si
2422 3296 2627 3354 mortui
2667 3313 2779 3353 non
2808 3305 3120 3370 resurgunt,
3162 3296 3392 3353 edamus
3415 3303 3473 3353 et
3495 3295 3774 3365 bibamus,

2173 3402 2294 3444 cras
2318 3386 2465 3443 enim
2492 3386 2781 3455 morimur,
2811 3410 2837 3435 ν
2866 3386 2924 3443 Si
2948 3387 3155 3443 mortui
3184 3402 3297 3443 non
3322 3386 3652 3443 excitantur.
3678 3400 3779 3441 ne-

2178 3491 2283 3544 que
2310 3476 2413 3531 erit
2436 3476 2491 3530 in
2518 3474 2704 3531 futuro
2733 3476 2990 3547 quaedam
3026 3476 3296 3546 voluptas,
3334 3473 3589 3531 fruamur
3616 3474 3775 3531 dein-

2176 3579 2303 3636 ceps
2346 3564 2571 3636 hujusce
2617 3564 2746 3621 vita;
2786 3563 2966 3631 bonis,
3014 3563 3234 3620 edendo
3277 3563 3542 3619 nimirum
3602 3570 3658 3619 et
3698 3562 3783 3619 bi-

2176 3653 2360 3710 bendo
2395 3669 2409 3708 :
2448 3653 2569 3709 haec
2609 3652 2761 3709 enim
2796 3661 3008 3709 tantum
3052 3652 3351 3708 lucramur.
3399 3656 3557 3709 Hanc
3596 3662 3780 3709 autem

2176 3741 2506 3800 sententiam
2551 3758 2619 3798 ex
2667 3742 2804 3799 Isaia
2842 3741 3073 3813 protulit
3116 3745 3169 3809 l,
3220 3741 3556 3799 dementiam
3590 3757 3786 3799 eorum

2180 3842 2373 3889 taxans
2398 3833 2491 3904 qui
2518 3839 2727 3904 negant
2752 3832 3233 3888 resurrectionem.

2252 3925 2433 3980 Vnas.
2475 3926 2561 3977 33.
2607 3945 2634 3970 «ι
2677 3920 2857 3976 Nolite
2896 3920 3082 3977 seduci
3134 3937 3149 3976 :
3198 3926 3564 3992 corrumpunt
3608 3920 3787 3977 bonos

470 4008 660 4069 κακαί.
696 4030 725 4066 ι
772 4006 905 4070 Ἐπὶ
938 4008 1250 4089 παραίνεσιν
1297 4004 1482 4087 τρέπει
1530 4004 1620 4065 τὸν
1671 4004 1846 4085 λόγον·
1895 4003 2066 4085 ἡρέμα

2181 4028 2366 4069 mores
2393 4010 2663 4084 colloquia
2688 4025 2876 4082 prava.
2915 4033 2940 4058 η
2971 4010 3057 4066 Ad
3082 4008 3526 4067 adhortationem
3565 4025 3779 4067 sermo-

471 4097 530 4157 δὲ
580 4098 673 4158 καὶ
718 4100 790 4165 ὡς
836 4096 1072 4168 ἀνοήτων
1121 4098 1297 4155 αὔτῶν
1352 4094 1446 4155 καὶ
1505 4094 1713 4178 κούφων
1766 4102 2072 4175 κατηγορεῐ⁹

473 4193 630 4248 τοῦτο
662 4189 765 4269 γὰρ
793 4189 945 4259 δηλοῖ
974 4186 1061 4246 διὰ
1090 4192 1210 4261 τοῦ,
1251 4208 1280 4244 α
1312 4184 1407 4256 Μὴ
1446 4187 1743 4244 πλανᾶσθε.
1785 4207 1819 4241 π
1848 4182 2076 4263 Χρηστὰ

476 4277 534 4337 δὲ
562 4277 690 4353 ἤθη,
721 4276 791 4336 τὰ
829 4275 1199 4349 εὗεξαπάτητα
1246 4279 1418 4334 καλεῖ·
1462 4275 1613 4345 δηλοῖ
1647 4273 1824 4352 μέντοι
1862 4272 1945 4332 ὅτι
1986 4273 2077 4332 καὶ

476 4367 631 4427 ἄλλοι
674 4366 866 4435 αὖτοὺς
897 4368 970 4434 εἷς
993 4365 1061 4425 τὰ
1090 4368 1310 4425 τοιαῦτα
1347 4363 1720 4444 ὑποσύρουσιν.

567 4571 598 4608 α
626 4547 933 4628 Ἐκνήψατε
979 4546 1213 4620 δικαίως,
1252 4545 1344 4605 καὶ
1388 4544 1463 4624 μὴ
1505 4543 1862 4624 ἁμαρτάνετε·
1911 4545 2081 4622 ἀγνω-

477 4638 599 4698 σίαν
624 4638 731 4718 γὰρ
774 4641 926 4700 Θεοῦ
955 4637 1110 4704 ’τινες
1160 4635 1394 4717 ἔχουσιν.
1445 4656 1475 4693 ι)
1516 4634 1608 4700 Ὡς
1650 4633 1738 4692 ἐπὶ
1783 4632 2081 4711 μεθυόντων

479 4728 569 4801 τὸ,
610 4750 641 4788 α
674 4726 1004 4809 Ἐκνήψατε·
1034 4756 1058 4781 ιο
1088 4727 1148 4785 τὸ
1175 4725 1263 4800 δὲ,
1294 4752 1319 4779 σι
1350 4723 1605 4797 Δικαίως,
1632 4722 1855 4809 »“οἱονεὶ,
1880 4746 2082 4801 συμφε-

484 4817 692 4898 ρόντως.
722 4802 989 4896 Ἐνίγὰρ
1031 4815 1123 4875 καὶ
1151 4814 1347 4882 ἀδίκως
1385 4813 1595 4894 νήφειν,
1636 4802 1745 4871 οἶον
1782 4810 1868 4870 ἐπὶ
1898 4814 2071 4891 κακῷ.

493 4930 523 4966 (ι
550 4907 662 4969 Καὶ
702 4910 779 4985 μὴ
827 4905 1197 4986 ἁμαρτάνετε,
1230 4928 1260 4961 ιν
1299 4903 1480 4984 φησίν·
1522 4905 1584 4962 ἐκ
1624 4902 1812 4962 τούτου
1842 4900 1944 4982 γὰρ
1987 4900 2079 4959 καὶ

2183 4118 2313 4159 nem
2349 4101 2533 4159 vertit.
2580 4101 2769 4157 Tacite
2813 4108 2999 4156 autem
3023 4115 3119 4156 eos
3161 4099 3326 4156 veluti
3371 4099 3692 4171 insipientes
3729 4110 3786 4157 et

2185 4192 2330 4248 leves
2373 4199 2610 4248 accusat.
2652 4190 2774 4246 Hoc
2813 4188 2964 4246 enim
2999 4188 3205 4246 indicat
3231 4204 3329 4261 per
3364 4188 3469 4245 hoc
3496 4190 3647 4261 quod
3680 4190 3786 4261 ait,

2191 4282 2424 4338 «Nolite
2450 4280 2660 4337 reduci.
2692 4302 2718 4329 ιν
2748 4281 2931 4336 Bonos
2950 4287 3137 4337 autem
3158 4295 3344 4336 mores
3369 4288 3560 4350 vocat,
3586 4280 3785 4352 quibus

2108 4391 2165 4454 D
2192 4370 2347 4428 facile
2378 4370 2588 4442 imponi
2618 4378 2816 4441 potest.
2845 4368 3063 4427 Iudicat
3080 4384 3245 4442 porro
3271 4369 3422 4442 quod
3445 4378 3502 4427 et
3521 4370 3612 4427 alii
3636 4370 3787 4442 ipsos

2190 4460 2261 4517 ad
2287 4462 2388 4518 ista
2416 4459 2765 4517 subtrahant.

2262 4552 2440 4608 Vens.
2477 4554 2569 4606 34.
2601 4571 2629 4599 ι
2670 4547 2853 4606 Sobrii
2887 4557 3062 4605 estote
3081 4547 3255 4620 juste,
3299 4556 3355 4604 et
3382 4563 3455 4604 ne
3502 4549 3739 4620 peccetis
3777 4567 3792 4605 :

2190 4640 2564 4713 ignorantiam
2593 4639 2742 4695 enim
2771 4637 2872 4695 Dei
2924 4637 3149 4709 quidam
3178 4636 3401 4692 habent.
3430 4659 3457 4686 ιι
3493 4638 3788 4710 Tanquam

2191 4731 2475 4786 temulenti
2510 4736 2715 4797 essent,
2758 4751 2784 4777 α
2830 4726 3033 4794 Sobrii,
3074 4749 3101 4775 ι»
3130 4725 3327 4797 inquit,
3375 4748 3400 4775 α
3440 4733 3636 4782 estote.
3666 4749 3694 4776 ιο
3720 4756 3791 4768 -

2265 4842 2292 4869 ι
2308 4821 2464 4875 Juste
2483 4842 2507 4867 »
2530 4834 2680 4886 vero,
2693 4816 2863 4873 veluti
2881 4816 3108 4872 utiliter.
3131 4817 3323 4872 Potest
3336 4815 3483 4871 enim
3504 4815 3783 4888 quispiam

2188 4908 2384 4982 injuste
2420 4909 2590 4965 etiam
2621 4907 2839 4964 sobrius
2877 4922 3020 4976 esse,
3064 4906 3179 4962 sive
3216 4905 3458 4978 vigilare,
3506 4906 3671 4962 veluti
3718 4904 3788 4962 ad

480 5000 550 5077 τῇ
602 4996 894 5057 ἀναστάσει
950 4995 1245 5055 ἀπιστεῖτε.
1290 4996 1362 5055 Οἱ
1407 4993 1509 5074 γὰρ
1540 4994 1743 5060 ἑαυτοῖς
1791 4991 2066 5050 συνειδότε‹

2189 4999 2422 5054 malum.
2461 5020 2487 5047 ‹‹
2516 4999 2585 5053 Et
2622 5012 2696 5053 ne
2722 4995 2980 5069 peccetis,
3008 5016 3034 5045 ι
3074 4994 3253 5067 inquit
3289 5012 3306 5051 :
3342 4995 3472 5051 hinc
3519 4993 3667 5050 enim
3704 5001 3790 5050 est

481 5075 626 5147 κακὰ
685 5087 745 5145 οὖ
781 5086 1055 5147 πείθονται
1095 5075 1230 5143 εἶναι
1276 5083 1600 5161 ἀνάστασινξ,
1629 5081 1734 5142 δέει
1787 5084 1888 5140 τῶν
1919 5078 2083 5139 κολά-

484 5200 641 5239 σεων.
690 5176 982 5257 ’Λγνωσίαν
1034 5176 1087 5235 δὲ
1136 5175 1278 5235 Θεοῦ
1315 5173 1529 5254 ἔχουσιν
1582 5173 1630 5230 οἳ
1798 5168 2085 5230 ἀναστάσει

485 5268 905 5333 διαπιστοῦντες.
946 5269 1031 5329 Οὐ
1064 5263 1169 5345 γὰρ
1219 5263 1368 5325 ἴσασι
1399 5269 1493 5323 τοῦ
1532 5264 1672 5321 Θεοῦ
1716 5259 1779 5320 τὸ
1840 5258 2081 5322 δυνατόν.

566 5465 705 5529 llsa.
746 5487 912 5542 χιιι,
949 5474 1038 5528 13.

2194 5087 2347 5160 quod
2372 5085 2752 5143 resurrectioni
2778 5101 2893 5142 non
2920 5083 3169 5142 credatis.
3201 5083 3306 5152 Qui
3347 5082 3496 5138 enim
3524 5082 3626 5139 sibi
3656 5093 3787 5139 sunt

2193 5176 2398 5235 conscii
2442 5178 2743 5244 malorum,
2791 5191 2903 5231 non
2948 5172 3343 5246 persuadentur
3384 5186 3504 5229 esse
3544 5188 3786 5229 resurre-

2193 5267 2456 5335 ctionem,
2504 5274 2656 5324 metu
2682 5278 2994 5339 poenarum.
3040 5261 3416 5334 Iguorantiam
3457 5270 3648 5319 autem
3684 5262 3788 5319 Dei

1920 5556 2110 5616 Variae
2153 5554 2463 5618 lectiones.

561 5724 605 5758 ⁷³
634 5721 928 5795 προκύπτων
957 5739 1012 5781 ο.

1090 5721 1133 5754 τι
1164 5720 1586 5791 ἐγκαταλείψομαι
1611 5734 1664 5776 ο,
1744 5718 1787 5753 ⁷⁵
1812 5716 1994 5773 ἐκεῖνοι
2027 5735 2079 5775 0.
