  <div class='ocr_page' id='page_1' title='image "/cluster/home/n/w/nwhite01/storage/ocr_20150623/124:no.2/coo.31924054870294/393.png"; bbox 0 0 4110 6442; ppageno 0'>
   <div class='ocr_carea' id='block_1_1' title="bbox 341 375 2633 437">
    <p class='ocr_par' dir='ltr' id='par_1_1' title="bbox 341 375 2633 437">
     <span class='ocr_line' id='line_1_1' title="bbox 341 375 2633 437; baseline -0 -2"><span class='ocrx_word' id='word_1_1' title='bbox 341 382 437 435; x_wconf 84' lang='grc'><strong>771</strong></span> <span class='ocrx_word' id='word_1_2' title='bbox 1360 375 1878 434; x_wconf 73' lang='lat' dir='ltr'><strong>THEOPHYLACTI</strong></span> <span class='ocrx_word' id='word_1_3' title='bbox 1916 377 2278 435; x_wconf 74' lang='lat' dir='ltr'><strong>BULGARIE</strong></span> <span class='ocrx_word' id='word_1_4' title='bbox 2313 379 2633 437; x_wconf 79' lang='lat' dir='ltr'><strong>ARCHIEP.</strong></span> 
     </span>
    </p>
   </div>
   <div class='ocr_carea' id='block_1_2' title="bbox 3550 383 3656 434">
    <p class='ocr_par' dir='ltr' id='par_1_2' title="bbox 3550 383 3656 434">
     <span class='ocr_line' id='line_1_2' title="bbox 3550 383 3656 434; baseline -0.019 0"><span class='ocrx_word' id='word_1_5' title='bbox 3550 383 3656 434; x_wconf 74' lang='lat'><strong>772</strong></span> 
     </span>
    </p>
   </div>
   <div class='ocr_carea' id='block_1_3' title="bbox 340 495 1933 588">
    <p class='ocr_par' dir='ltr' id='par_1_3' title="bbox 340 501 1933 578">
     <span class='ocr_line' id='line_1_3' title="bbox 340 501 1933 578; baseline -0.003 -16"><span class='ocrx_word' id='word_1_6' title='bbox 340 503 564 572; x_wconf 81' lang='lat' dir='ltr'><strong>habent,</strong></span> <span class='ocrx_word' id='word_1_7' title='bbox 587 502 684 578; x_wconf 88' lang='lat' dir='ltr'><strong>qui</strong></span> <span class='ocrx_word' id='word_1_8' title='bbox 707 501 1103 563; x_wconf 81' lang='lat' dir='ltr'><strong>resurrectioni</strong></span> <span class='ocrx_word' id='word_1_9' title='bbox 1123 517 1238 561; x_wconf 90' lang='lat' dir='ltr'><strong>non</strong></span> <span class='ocrx_word' id='word_1_10' title='bbox 1280 501 1546 560; x_wconf 88' lang='lat' dir='ltr'><strong>adhibent</strong></span> <span class='ocrx_word' id='word_1_11' title='bbox 1586 502 1773 560; x_wconf 87' lang='lat' dir='ltr'><strong>ﬁdem.</strong></span> <span class='ocrx_word' id='word_1_12' title='bbox 1814 505 1933 560; x_wconf 86' lang='lat' dir='ltr'><strong>Non</strong></span> 
     </span>
    </p>
   </div>
   <div class='ocr_carea' id='block_1_4' title="bbox 2039 495 3654 588">
    <p class='ocr_par' dir='ltr' id='par_1_4' title="bbox 2051 495 3654 588">
     <span class='ocr_line' id='line_1_4' title="bbox 2051 495 3654 588; baseline 0.001 -24"><span class='ocrx_word' id='word_1_13' title='bbox 2051 505 2171 564; x_wconf 79' lang='grc' dir='ltr'>Οὔκ</span> <span class='ocrx_word' id='word_1_14' title='bbox 2198 495 2314 565; x_wconf 76' lang='grc' dir='ltr'>εἷπε</span> <span class='ocrx_word' id='word_1_15' title='bbox 2343 503 2430 582; x_wconf 78' lang='grc' dir='ltr'>δὲ,</span> <span class='ocrx_word' id='word_1_16' title='bbox 2453 500 2678 586; x_wconf 81' lang='grc' dir='ltr'>Ἐχετε,</span> <span class='ocrx_word' id='word_1_17' title='bbox 2708 505 2828 565; x_wconf 78' lang='grc' dir='ltr'>ἀλλ’</span> <span class='ocrx_word' id='word_1_18' title='bbox 2859 526 2893 564; x_wconf 75' lang='grc' dir='ltr'><strong>α</strong></span> <span class='ocrx_word' id='word_1_19' title='bbox 2920 502 3202 588; x_wconf 82' lang='grc' dir='ltr'>Ἕχουσιν,</span> <span class='ocrx_word' id='word_1_20' title='bbox 3232 525 3262 567; x_wconf 73' lang='grc' dir='ltr'><strong>η</strong></span> <span class='ocrx_word' id='word_1_21' title='bbox 3295 503 3654 587; x_wconf 66' lang='grc' dir='ltr'><strong>ἐλαφρότερον</strong></span> 
     </span>
    </p>
   </div>
   <div class='ocr_carea' id='block_1_5' title="bbox 335 592 1930 665">
    <p class='ocr_par' dir='ltr' id='par_1_5' title="bbox 335 592 1930 665">
     <span class='ocr_line' id='line_1_5' title="bbox 335 592 1930 665; baseline -0.001 -14"><span class='ocrx_word' id='word_1_22' title='bbox 335 593 488 651; x_wconf 86' lang='lat' dir='ltr'><strong>enim</strong></span> <span class='ocrx_word' id='word_1_23' title='bbox 519 599 797 652; x_wconf 85' lang='lat' dir='ltr'><strong>noverunt</strong></span> <span class='ocrx_word' id='word_1_24' title='bbox 821 592 926 650; x_wconf 86' lang='lat' dir='ltr'><strong>Dei</strong></span> <span class='ocrx_word' id='word_1_25' title='bbox 967 592 1299 665; x_wconf 81' lang='lat' dir='ltr'><strong>potentiam.</strong></span> <span class='ocrx_word' id='word_1_26' title='bbox 1336 594 1464 650; x_wconf 88' lang='lat' dir='ltr'><strong>Non</strong></span> <span class='ocrx_word' id='word_1_27' title='bbox 1511 601 1700 651; x_wconf 90' lang='lat' dir='ltr'><strong>autem</strong></span> <span class='ocrx_word' id='word_1_28' title='bbox 1749 592 1930 650; x_wconf 82' lang='lat' dir='ltr'><strong>dixit:</strong></span> 
     </span>
    </p>
   </div>
   <div class='ocr_carea' id='block_1_6' title="bbox 338 681 1934 755">
    <p class='ocr_par' dir='ltr' id='par_1_6' title="bbox 338 681 1934 755">
     <span class='ocr_line' id='line_1_6' title="bbox 338 681 1934 755; baseline -0.002 -13"><span class='ocrx_word' id='word_1_29' title='bbox 338 683 590 754; x_wconf 81' lang='lat' dir='ltr'><strong>Habetis,</strong></span> <span class='ocrx_word' id='word_1_30' title='bbox 616 683 738 755; x_wconf 85' lang='lat' dir='ltr'><strong>sed,</strong></span> <span class='ocrx_word' id='word_1_31' title='bbox 766 705 796 735; x_wconf 74' lang='grc' dir='ltr'>ι</span> <span class='ocrx_word' id='word_1_32' title='bbox 839 682 1086 753; x_wconf 83' lang='lat' dir='ltr'><strong>Habent,</strong></span> <span class='ocrx_word' id='word_1_33' title='bbox 1119 705 1146 732; x_wconf 73' lang='grc' dir='ltr'>ι</span> <span class='ocrx_word' id='word_1_34' title='bbox 1175 681 1484 741; x_wconf 82' lang='lat' dir='ltr'><strong>faciliorem</strong></span> <span class='ocrx_word' id='word_1_35' title='bbox 1506 691 1563 740; x_wconf 90' lang='lat' dir='ltr'><strong>et</strong></span> <span class='ocrx_word' id='word_1_36' title='bbox 1589 683 1934 742; x_wconf 90' lang='lat' dir='ltr'><strong>tolerabilio-</strong></span> 
     </span>
    </p>
   </div>
   <div class='ocr_carea' id='block_1_7' title="bbox 337 772 1229 833">
    <p class='ocr_par' dir='ltr' id='par_1_7' title="bbox 337 772 1229 833">
     <span class='ocr_line' id='line_1_7' title="bbox 337 772 1229 833; baseline -0.001 -1"><span class='ocrx_word' id='word_1_37' title='bbox 337 789 457 832; x_wconf 88' lang='lat' dir='ltr'><strong>rem</strong></span> <span class='ocrx_word' id='word_1_38' title='bbox 475 774 549 831; x_wconf 85' lang='lat' dir='ltr'><strong>ita</strong></span> <span class='ocrx_word' id='word_1_39' title='bbox 573 774 984 833; x_wconf 84' lang='lat' dir='ltr'><strong>accusationem</strong></span> <span class='ocrx_word' id='word_1_40' title='bbox 1008 772 1229 831; x_wconf 87' lang='lat' dir='ltr'><strong>faciens.</strong></span> 
     </span>
    </p>
   </div>
   <div class='ocr_carea' id='block_1_8' title="bbox 406 861 1934 938">
    <p class='ocr_par' dir='ltr' id='par_1_8' title="bbox 406 861 1934 938">
     <span class='ocr_line' id='line_1_8' title="bbox 406 861 1934 938; baseline -0.003 -14"><span class='ocrx_word' id='word_1_41' title='bbox 406 863 576 937; x_wconf 71' lang='lat'><strong>225</strong></span> <span class='ocrx_word' id='word_1_42' title='bbox 608 889 634 916; x_wconf 80' lang='grc' dir='ltr'><strong>ι</strong></span> <span class='ocrx_word' id='word_1_43' title='bbox 657 864 746 923; x_wconf 85' lang='lat' dir='ltr'><strong>Ad</strong></span> <span class='ocrx_word' id='word_1_44' title='bbox 771 864 1046 938; x_wconf 86' lang='lat' dir='ltr'><strong>pudorem</strong></span> <span class='ocrx_word' id='word_1_45' title='bbox 1070 863 1225 921; x_wconf 80' lang='lat' dir='ltr'><strong>vobis</strong></span> <span class='ocrx_word' id='word_1_46' title='bbox 1256 862 1376 921; x_wconf 63' lang='lat' dir='ltr'><strong>haec</strong></span> <span class='ocrx_word' id='word_1_47' title='bbox 1399 861 1548 920; x_wconf 87' lang='lat' dir='ltr'><strong>dico.</strong></span> <span class='ocrx_word' id='word_1_48' title='bbox 1580 885 1606 913; x_wconf 73' lang='grc' dir='ltr'><strong><em>ι</em></strong></span> <span class='ocrx_word' id='word_1_49' title='bbox 1634 866 1934 935; x_wconf 86' lang='lat' dir='ltr'><strong>Postquam</strong></span> 
     </span>
    </p>
   </div>
   <div class='ocr_carea' id='block_1_9' title="bbox 335 952 1932 1028">
    <p class='ocr_par' dir='ltr' id='par_1_9' title="bbox 335 952 1932 1028">
     <span class='ocr_line' id='line_1_9' title="bbox 335 952 1932 1028; baseline -0.003 -15"><span class='ocrx_word' id='word_1_50' title='bbox 335 954 471 1012; x_wconf 89' lang='lat' dir='ltr'><strong>satis</strong></span> <span class='ocrx_word' id='word_1_51' title='bbox 495 970 591 1012; x_wconf 89' lang='lat' dir='ltr'><strong>eos</strong></span> <span class='ocrx_word' id='word_1_52' title='bbox 613 955 842 1028; x_wconf 83' lang='lat' dir='ltr'><strong>carpsit,</strong></span> <span class='ocrx_word' id='word_1_53' title='bbox 863 955 1183 1012; x_wconf 84' lang='lat' dir='ltr'><strong>consolatur</strong></span> <span class='ocrx_word' id='word_1_54' title='bbox 1217 968 1334 1023; x_wconf 89' lang='lat' dir='ltr'><strong>eos,</strong></span> <span class='ocrx_word' id='word_1_55' title='bbox 1375 953 1558 1010; x_wconf 89' lang='lat' dir='ltr'><strong>dicens</strong></span> <span class='ocrx_word' id='word_1_56' title='bbox 1585 973 1598 1008; x_wconf 90' lang='lat'><strong>:</strong></span> <span class='ocrx_word' id='word_1_57' title='bbox 1629 954 1766 1009; x_wconf 67' lang='lat' dir='ltr'><strong>Haec</strong></span> <span class='ocrx_word' id='word_1_58' title='bbox 1793 952 1932 1021; x_wconf 83' lang='lat' dir='ltr'><strong>dixi,</strong></span> 
     </span>
    </p>
   </div>
   <div class='ocr_carea' id='block_1_10' title="bbox 333 1041 1936 1116">
    <p class='ocr_par' dir='ltr' id='par_1_10' title="bbox 333 1041 1936 1116">
     <span class='ocr_line' id='line_1_10' title="bbox 333 1041 1936 1116; baseline -0.003 -14"><span class='ocrx_word' id='word_1_59' title='bbox 333 1060 449 1103; x_wconf 89' lang='lat' dir='ltr'><strong>non</strong></span> <span class='ocrx_word' id='word_1_60' title='bbox 485 1053 549 1104; x_wconf 93' lang='lat' dir='ltr'><strong>ut</strong></span> <span class='ocrx_word' id='word_1_61' title='bbox 570 1043 744 1103; x_wconf 85' lang='lat' dir='ltr'><strong>hostis</strong></span> <span class='ocrx_word' id='word_1_62' title='bbox 782 1044 936 1102; x_wconf 82' lang='lat' dir='ltr'><strong>vobis</strong></span> <span class='ocrx_word' id='word_1_63' title='bbox 963 1043 1320 1116; x_wconf 85' lang='lat' dir='ltr'><strong>exprobrans,</strong></span> <span class='ocrx_word' id='word_1_64' title='bbox 1347 1042 1448 1100; x_wconf 89' lang='lat' dir='ltr'><strong>sed</strong></span> <span class='ocrx_word' id='word_1_65' title='bbox 1485 1052 1546 1100; x_wconf 94' lang='lat' dir='ltr'><strong>ut</strong></span> <span class='ocrx_word' id='word_1_66' title='bbox 1584 1041 1792 1116; x_wconf 90' lang='lat' dir='ltr'><strong>pudore</strong></span> <span class='ocrx_word' id='word_1_67' title='bbox 1826 1041 1936 1098; x_wconf 83' lang='lat' dir='ltr'><strong>suf-</strong></span> 
     </span>
    </p>
   </div>
   <div class='ocr_carea' id='block_1_11' title="bbox 336 1131 1934 1202">
    <p class='ocr_par' dir='ltr' id='par_1_11' title="bbox 336 1131 1934 1202">
     <span class='ocr_line' id='line_1_11' title="bbox 336 1131 1934 1202; baseline -0.003 -10"><span class='ocrx_word' id='word_1_68' title='bbox 336 1133 728 1202; x_wconf 87' lang='lat' dir='ltr'><strong>funderemini,</strong></span> <span class='ocrx_word' id='word_1_69' title='bbox 773 1142 834 1191; x_wconf 89' lang='lat' dir='ltr'><strong>ut</strong></span> <span class='ocrx_word' id='word_1_70' title='bbox 862 1133 1192 1191; x_wconf 85' lang='lat' dir='ltr'><strong>reducerem</strong></span> <span class='ocrx_word' id='word_1_71' title='bbox 1229 1149 1325 1190; x_wconf 91' lang='lat' dir='ltr'><strong>vos</strong></span> <span class='ocrx_word' id='word_1_72' title='bbox 1371 1133 1441 1190; x_wconf 91' lang='lat' dir='ltr'><strong>ad</strong></span> <span class='ocrx_word' id='word_1_73' title='bbox 1465 1131 1934 1201; x_wconf 89' lang='lat' dir='ltr'><strong>emendationem,</strong></span> 
     </span>
    </p>
   </div>
   <div class='ocr_carea' id='block_1_12' title="bbox 334 1222 1686 1296">
    <p class='ocr_par' dir='ltr' id='par_1_12' title="bbox 334 1222 1686 1296">
     <span class='ocr_line' id='line_1_12' title="bbox 334 1222 1686 1296; baseline -0.002 -15"><span class='ocrx_word' id='word_1_74' title='bbox 334 1223 650 1296; x_wconf 80' lang='lat' dir='ltr'><strong>pudefactos</strong></span> <span class='ocrx_word' id='word_1_75' title='bbox 673 1223 970 1294; x_wconf 87' lang='lat' dir='ltr'><strong>nimirum,</strong></span> <span class='ocrx_word' id='word_1_76' title='bbox 991 1239 1054 1280; x_wconf 90' lang='lat' dir='ltr'><strong>ac</strong></span> <span class='ocrx_word' id='word_1_77' title='bbox 1081 1223 1343 1281; x_wconf 90' lang='lat' dir='ltr'><strong>decorum</strong></span> <span class='ocrx_word' id='word_1_78' title='bbox 1363 1222 1686 1296; x_wconf 84' lang='lat' dir='ltr'><strong>cogitantes.</strong></span> 
     </span>
    </p>
   </div>
   <div class='ocr_carea' id='block_1_13' title="bbox 405 1312 1941 1386">
    <p class='ocr_par' dir='ltr' id='par_1_13' title="bbox 405 1312 1941 1386">
     <span class='ocr_line' id='line_1_13' title="bbox 405 1312 1941 1386; baseline -0.003 -15"><span class='ocrx_word' id='word_1_79' title='bbox 405 1316 576 1372; x_wconf 76' lang='lat' dir='ltr'><strong>Vns.</strong></span> <span class='ocrx_word' id='word_1_80' title='bbox 611 1318 704 1372; x_wconf 82' lang='lat'><strong>35.</strong></span> <span class='ocrx_word' id='word_1_81' title='bbox 741 1312 852 1371; x_wconf 89' lang='lat' dir='ltr'><strong>Sed</strong></span> <span class='ocrx_word' id='word_1_82' title='bbox 881 1313 1031 1371; x_wconf 90' lang='lat' dir='ltr'><strong>dicet</strong></span> <span class='ocrx_word' id='word_1_83' title='bbox 1068 1313 1287 1386; x_wconf 88' lang='lat' dir='ltr'><strong>aliquis,</strong></span> <span class='ocrx_word' id='word_1_84' title='bbox 1321 1312 1618 1384; x_wconf 89' lang='lat' dir='ltr'><strong>Quomodo</strong></span> <span class='ocrx_word' id='word_1_85' title='bbox 1644 1320 1941 1386; x_wconf 84' lang='lat' dir='ltr'><strong>resurgunt</strong></span> 
     </span>
    </p>
   </div>
   <div class='ocr_carea' id='block_1_14' title="bbox 335 1401 1934 1476">
    <p class='ocr_par' dir='ltr' id='par_1_14' title="bbox 335 1401 1934 1476">
     <span class='ocr_line' id='line_1_14' title="bbox 335 1401 1934 1476; baseline -0.003 -16"><span class='ocrx_word' id='word_1_86' title='bbox 335 1404 576 1462; x_wconf 77' lang='lat' dir='ltr'><strong>mortui?</strong></span> <span class='ocrx_word' id='word_1_87' title='bbox 601 1404 748 1476; x_wconf 86' lang='lat' dir='ltr'><strong>quali</strong></span> <span class='ocrx_word' id='word_1_88' title='bbox 773 1411 963 1462; x_wconf 86' lang='lat' dir='ltr'><strong>autem</strong></span> <span class='ocrx_word' id='word_1_89' title='bbox 986 1418 1219 1475; x_wconf 88' lang='lat' dir='ltr'><strong>corpore</strong></span> <span class='ocrx_word' id='word_1_90' title='bbox 1245 1403 1503 1459; x_wconf 80' lang='lat' dir='ltr'><strong>venient?</strong></span> <span class='ocrx_word' id='word_1_91' title='bbox 1544 1425 1569 1453; x_wconf 70' lang='grc' dir='ltr'><strong>ι</strong></span> <span class='ocrx_word' id='word_1_92' title='bbox 1603 1404 1730 1458; x_wconf 90' lang='lat' dir='ltr'><strong>Non</strong></span> <span class='ocrx_word' id='word_1_93' title='bbox 1779 1401 1934 1458; x_wconf 83' lang='lat' dir='ltr'><strong>dixit</strong></span> 
     </span>
    </p>
   </div>
   <div class='ocr_carea' id='block_1_15' title="bbox 332 1493 1940 1563">
    <p class='ocr_par' dir='ltr' id='par_1_15' title="bbox 332 1493 1940 1563">
     <span class='ocr_line' id='line_1_15' title="bbox 332 1493 1940 1563; baseline -0.004 -10"><span class='ocrx_word' id='word_1_94' title='bbox 332 1497 448 1553; x_wconf 82' lang='lat' dir='ltr'><strong>Vos</strong></span> <span class='ocrx_word' id='word_1_95' title='bbox 475 1493 676 1563; x_wconf 87' lang='lat' dir='ltr'><strong>dicitis,</strong></span> <span class='ocrx_word' id='word_1_96' title='bbox 708 1502 774 1550; x_wconf 88' lang='lat' dir='ltr'><strong>ut</strong></span> <span class='ocrx_word' id='word_1_97' title='bbox 797 1495 876 1552; x_wconf 89' lang='lat' dir='ltr'><strong>sic</strong></span> <span class='ocrx_word' id='word_1_98' title='bbox 906 1494 1207 1551; x_wconf 88' lang='lat' dir='ltr'><strong>tolerabilis</strong></span> <span class='ocrx_word' id='word_1_99' title='bbox 1247 1493 1514 1549; x_wconf 89' lang='lat' dir='ltr'><strong>reddatur</strong></span> <span class='ocrx_word' id='word_1_100' title='bbox 1557 1507 1764 1562; x_wconf 86' lang='lat' dir='ltr'><strong>sermo,</strong></span> <span class='ocrx_word' id='word_1_101' title='bbox 1817 1499 1940 1548; x_wconf 90' lang='lat' dir='ltr'><strong>tan-</strong></span> 
     </span>
    </p>
   </div>
   <div class='ocr_carea' id='block_1_16' title="bbox 332 1581 1936 1657">
    <p class='ocr_par' dir='ltr' id='par_1_16' title="bbox 332 1581 1936 1657">
     <span class='ocr_line' id='line_1_16' title="bbox 332 1581 1936 1657; baseline -0.002 -16"><span class='ocrx_word' id='word_1_102' title='bbox 332 1599 501 1657; x_wconf 89' lang='lat' dir='ltr'><strong>quam</strong></span> <span class='ocrx_word' id='word_1_103' title='bbox 538 1582 608 1641; x_wconf 88' lang='lat' dir='ltr'><strong>de</strong></span> <span class='ocrx_word' id='word_1_104' title='bbox 639 1583 759 1640; x_wconf 90' lang='lat' dir='ltr'><strong>aliis</strong></span> <span class='ocrx_word' id='word_1_105' title='bbox 795 1598 911 1640; x_wconf 90' lang='lat' dir='ltr'><strong>non</strong></span> <span class='ocrx_word' id='word_1_106' title='bbox 947 1583 1300 1640; x_wconf 89' lang='lat' dir='ltr'><strong>credentibus</strong></span> <span class='ocrx_word' id='word_1_107' title='bbox 1343 1581 1465 1638; x_wconf 70' lang='lat' dir='ltr'><strong>haec</strong></span> <span class='ocrx_word' id='word_1_108' title='bbox 1506 1581 1762 1655; x_wconf 90' lang='lat' dir='ltr'><strong>inquirat.</strong></span> <span class='ocrx_word' id='word_1_109' title='bbox 1807 1583 1936 1637; x_wconf 91' lang='lat' dir='ltr'><strong>Duo</strong></span> 
     </span>
    </p>
   </div>
   <div class='ocr_carea' id='block_1_17' title="bbox 335 1671 1939 1746">
    <p class='ocr_par' dir='ltr' id='par_1_17' title="bbox 335 1671 1939 1746">
     <span class='ocr_line' id='line_1_17' title="bbox 335 1671 1939 1746; baseline -0.001 -16"><span class='ocrx_word' id='word_1_110' title='bbox 335 1682 526 1731; x_wconf 91' lang='lat' dir='ltr'><strong>autem</strong></span> <span class='ocrx_word' id='word_1_111' title='bbox 561 1681 695 1731; x_wconf 89' lang='lat' dir='ltr'><strong>sunt</strong></span> <span class='ocrx_word' id='word_1_112' title='bbox 731 1672 805 1731; x_wconf 86' lang='lat' dir='ltr'><strong>de</strong></span> <span class='ocrx_word' id='word_1_113' title='bbox 828 1673 1026 1746; x_wconf 89' lang='lat' dir='ltr'><strong>quibus</strong></span> <span class='ocrx_word' id='word_1_114' title='bbox 1066 1672 1349 1731; x_wconf 79' lang='lat' dir='ltr'><strong>dubitatur</strong></span> <span class='ocrx_word' id='word_1_115' title='bbox 1378 1689 1393 1727; x_wconf 89' lang='lat'><strong>:</strong></span> <span class='ocrx_word' id='word_1_116' title='bbox 1425 1671 1541 1745; x_wconf 87' lang='lat' dir='ltr'><strong>ipse</strong></span> <span class='ocrx_word' id='word_1_117' title='bbox 1581 1671 1939 1728; x_wconf 86' lang='lat' dir='ltr'><strong>resurrectio-</strong></span> 
     </span>
    </p>
   </div>
   <div class='ocr_carea' id='block_1_18' title="bbox 2040 592 2610 676">
    <p class='ocr_par' dir='ltr' id='par_1_18' title="bbox 2040 592 2610 676">
     <span class='ocr_line' id='line_1_18' title="bbox 2040 592 2610 676; baseline 0.007 -24"><span class='ocrx_word' id='word_1_118' title='bbox 2040 592 2108 653; x_wconf 85' lang='grc' dir='ltr'><strong>τὸ</strong></span> <span class='ocrx_word' id='word_1_119' title='bbox 2136 593 2385 676; x_wconf 77' lang='grc' dir='ltr'>ἔγκλημα</span> <span class='ocrx_word' id='word_1_120' title='bbox 2418 598 2610 657; x_wconf 79' lang='grc' dir='ltr'>ποιῶν.</span> 
     </span>
    </p>
   </div>
   <div class='ocr_carea' id='block_1_19' title="bbox 2133 855 3662 940">
    <p class='ocr_par' dir='ltr' id='par_1_19' title="bbox 2133 855 3662 940">
     <span class='ocr_line' id='line_1_19' title="bbox 2133 855 3662 940; baseline 0.001 -22"><span class='ocrx_word' id='word_1_121' title='bbox 2133 879 2165 918; x_wconf 83' lang='grc' dir='ltr'>ι(</span> <span class='ocrx_word' id='word_1_122' title='bbox 2212 857 2357 940; x_wconf 88' lang='grc' dir='ltr'>Πρὸς</span> <span class='ocrx_word' id='word_1_123' title='bbox 2408 856 2667 940; x_wconf 75' lang='grc' dir='ltr'><strong>ἐντροπὴν</strong></span> <span class='ocrx_word' id='word_1_124' title='bbox 2725 860 2850 938; x_wconf 78' lang='grc' dir='ltr'>ὑμῖν</span> <span class='ocrx_word' id='word_1_125' title='bbox 2901 858 3064 940; x_wconf 85' lang='grc' dir='ltr'>λέγω.</span> <span class='ocrx_word' id='word_1_126' title='bbox 3102 878 3135 919; x_wconf 69' lang='grc' dir='ltr'><strong>ι</strong></span> <span class='ocrx_word' id='word_1_127' title='bbox 3187 855 3418 931; x_wconf 81' lang='grc' dir='ltr'><strong>Ἐπειδὴ</strong></span> <span class='ocrx_word' id='word_1_128' title='bbox 3462 857 3662 928; x_wconf 75' lang='grc' dir='ltr'>ἱκανῶς</span> 
     </span>
    </p>
   </div>
   <div class='ocr_carea' id='block_1_20' title="bbox 2046 946 3660 1030">
    <p class='ocr_par' dir='ltr' id='par_1_20' title="bbox 2046 946 3660 1030">
     <span class='ocr_line' id='line_1_20' title="bbox 2046 946 3660 1030; baseline 0.001 -24"><span class='ocrx_word' id='word_1_129' title='bbox 2046 948 2223 1008; x_wconf 76' lang='grc' dir='ltr'>αὐτῶν</span> <span class='ocrx_word' id='word_1_130' title='bbox 2269 946 2585 1030; x_wconf 81' lang='grc' dir='ltr'>καθήψατο,</span> <span class='ocrx_word' id='word_1_131' title='bbox 2643 951 3044 1030; x_wconf 88' lang='grc' dir='ltr'>παραμυθεῖται</span> <span class='ocrx_word' id='word_1_132' title='bbox 3094 947 3280 1017; x_wconf 82' lang='grc' dir='ltr'>αὖτοὺς</span> <span class='ocrx_word' id='word_1_133' title='bbox 3323 947 3528 1027; x_wconf 84' lang='grc' dir='ltr'>λέγων,</span> <span class='ocrx_word' id='word_1_134' title='bbox 3577 946 3660 1008; x_wconf 79' lang='grc' dir='ltr'>ὅτι</span> 
     </span>
    </p>
   </div>
   <div class='ocr_carea' id='block_1_21' title="bbox 2045 1027 3660 1120">
    <p class='ocr_par' dir='ltr' id='par_1_21' title="bbox 2045 1027 3660 1120">
     <span class='ocr_line' id='line_1_21' title="bbox 2045 1027 3660 1120; baseline -0.001 -21"><span class='ocrx_word' id='word_1_135' title='bbox 2045 1039 2235 1099; x_wconf 74' lang='grc' dir='ltr'>Ταῦτα</span> <span class='ocrx_word' id='word_1_136' title='bbox 2268 1027 2606 1117; x_wconf 16' lang='grc' dir='ltr'>εἶπονίῦμῖν,</span> <span class='ocrx_word' id='word_1_137' title='bbox 2640 1027 2742 1119; x_wconf 68' lang='grc' dir='ltr'><strong>οὐχ</strong></span> <span class='ocrx_word' id='word_1_138' title='bbox 2770 1027 2841 1108; x_wconf 80' lang='grc' dir='ltr'>ὧς</span> <span class='ocrx_word' id='word_1_139' title='bbox 2870 1039 3056 1120; x_wconf 83' lang='grc' dir='ltr'>ἐχθρὸς</span> <span class='ocrx_word' id='word_1_140' title='bbox 3086 1037 3350 1108; x_wconf 81' lang='grc' dir='ltr'><strong>ὀνειδίζων</strong></span> <span class='ocrx_word' id='word_1_141' title='bbox 3368 1084 3389 1115; x_wconf 91' lang='grc'><strong>,</strong></span> <span class='ocrx_word' id='word_1_142' title='bbox 3421 1038 3544 1120; x_wconf 50' lang='grc' dir='ltr'>ἀλλξ</span> <span class='ocrx_word' id='word_1_143' title='bbox 3571 1037 3660 1098; x_wconf 77' lang='grc' dir='ltr'>ἐπὶ</span> 
     </span>
    </p>
   </div>
   <div class='ocr_carea' id='block_1_22' title="bbox 2045 1125 3658 1210">
    <p class='ocr_par' dir='ltr' id='par_1_22' title="bbox 2045 1125 3658 1210">
     <span class='ocr_line' id='line_1_22' title="bbox 2045 1125 3658 1210; baseline 0 -24"><span class='ocrx_word' id='word_1_144' title='bbox 2045 1129 2122 1208; x_wconf 78' lang='grc' dir='ltr'><strong>τῷ</strong></span> <span class='ocrx_word' id='word_1_145' title='bbox 2174 1126 2424 1208; x_wconf 77' lang='grc' dir='ltr'>ἐντρέψαι</span> <span class='ocrx_word' id='word_1_146' title='bbox 2442 1171 2459 1203; x_wconf 90' lang='grc'><strong>,</strong></span> <span class='ocrx_word' id='word_1_147' title='bbox 2502 1126 2644 1187; x_wconf 84' lang='grc' dir='ltr'>ὥστε</span> <span class='ocrx_word' id='word_1_148' title='bbox 2677 1131 3036 1210; x_wconf 74' lang='grc' dir='ltr'><strong>ἐπαναγαγεῖν</strong></span> <span class='ocrx_word' id='word_1_149' title='bbox 3065 1130 3202 1208; x_wconf 73' lang='grc' dir='ltr'>ὑμᾶς</span> <span class='ocrx_word' id='word_1_150' title='bbox 3231 1127 3359 1209; x_wconf 86' lang='grc' dir='ltr'>πρὸς</span> <span class='ocrx_word' id='word_1_151' title='bbox 3385 1126 3484 1200; x_wconf 75' lang='grc' dir='ltr'><strong>τὴν</strong></span> <span class='ocrx_word' id='word_1_152' title='bbox 3512 1125 3658 1209; x_wconf 81' lang='grc' dir='ltr'>διόρ-</span> 
     </span>
    </p>
   </div>
   <div class='ocr_carea' id='block_1_23' title="bbox 2047 1225 3496 1310">
    <p class='ocr_par' dir='ltr' id='par_1_23' title="bbox 2047 1225 3496 1310">
     <span class='ocr_line' id='line_1_23' title="bbox 2047 1225 3496 1310; baseline -0.001 -25"><span class='ocrx_word' id='word_1_153' title='bbox 2047 1231 2208 1286; x_wconf 87' lang='grc' dir='ltr'>θωσιν</span> <span class='ocrx_word' id='word_1_154' title='bbox 2239 1225 2654 1306; x_wconf 77' lang='grc' dir='ltr'>αἰσχυνθέντας,</span> <span class='ocrx_word' id='word_1_155' title='bbox 2689 1227 2785 1287; x_wconf 82' lang='grc' dir='ltr'>καὶ</span> <span class='ocrx_word' id='word_1_156' title='bbox 2827 1225 2890 1286; x_wconf 84' lang='grc' dir='ltr'><strong>τὸ</strong></span> <span class='ocrx_word' id='word_1_157' title='bbox 2935 1227 3050 1288; x_wconf 89' lang='grc' dir='ltr'>δέον</span> <span class='ocrx_word' id='word_1_158' title='bbox 3081 1225 3496 1310; x_wconf 69' lang='grc' dir='ltr'>φρονήσαντας.ζ</span> 
     </span>
    </p>
   </div>
   <div class='ocr_carea' id='block_1_24' title="bbox 2134 1314 3658 1398">
    <p class='ocr_par' dir='ltr' id='par_1_24' title="bbox 2134 1314 3658 1398">
     <span class='ocr_line' id='line_1_24' title="bbox 2134 1314 3658 1398; baseline 0.001 -24"><span class='ocrx_word' id='word_1_159' title='bbox 2134 1337 2165 1374; x_wconf 75' lang='grc' dir='ltr'><strong>α</strong></span> <span class='ocrx_word' id='word_1_160' title='bbox 2195 1314 2338 1376; x_wconf 83' lang='grc' dir='ltr'>Ἀλλ’</span> <span class='ocrx_word' id='word_1_161' title='bbox 2363 1319 2473 1396; x_wconf 74' lang='grc' dir='ltr'>ἐρεῖ</span> <span class='ocrx_word' id='word_1_162' title='bbox 2497 1337 2597 1385; x_wconf 86' lang='grc' dir='ltr'>τις·</span> <span class='ocrx_word' id='word_1_163' title='bbox 2647 1318 2776 1384; x_wconf 81' lang='grc' dir='ltr'>Πῶς</span> <span class='ocrx_word' id='word_1_164' title='bbox 2821 1315 3115 1398; x_wconf 80' lang='grc' dir='ltr'>ἐγείρονται</span> <span class='ocrx_word' id='word_1_165' title='bbox 3161 1318 3210 1377; x_wconf 79' lang='grc' dir='ltr'>οἱ</span> <span class='ocrx_word' id='word_1_166' title='bbox 3260 1315 3474 1397; x_wconf 69' lang='grc' dir='ltr'>νεκροῖς</span> <span class='ocrx_word' id='word_1_167' title='bbox 3519 1314 3658 1398; x_wconf 79' lang='grc' dir='ltr'>ποίῳ</span> 
     </span>
    </p>
   </div>
   <div class='ocr_carea' id='block_1_25' title="bbox 2048 1341 3654 1486">
    <p class='ocr_par' dir='ltr' id='par_1_25' title="bbox 2048 1341 3654 1486">
     <span class='ocr_line' id='line_1_25' title="bbox 2134 1341 3654 1398; baseline 0.001 -24"><span class='ocrx_word' id='word_1_168' title='bbox 2134 1341 2165 1374; x_wconf 74' lang='grc' dir='ltr'><strong>α</strong></span> <span class='ocrx_word' id='word_1_169' title='bbox 2207 1341 2320 1376; x_wconf 71' lang='lat' dir='ltr'><strong>AM</strong></span> <span class='ocrx_word' id='word_1_170' title='bbox 2363 1341 2470 1396; x_wconf 79' lang='grc' dir='ltr'>ερει</span> <span class='ocrx_word' id='word_1_171' title='bbox 2497 1341 2597 1385; x_wconf 87' lang='grc' dir='ltr'>τις·</span> <span class='ocrx_word' id='word_1_172' title='bbox 2649 1341 2776 1384; x_wconf 85' lang='grc' dir='ltr'>ιιως</span> <span class='ocrx_word' id='word_1_173' title='bbox 2821 1341 2929 1397; x_wconf 91' lang='grc' dir='ltr'>εγει</span> <span class='ocrx_word' id='word_1_174' title='bbox 2965 1341 3115 1377; x_wconf 90' lang='grc' dir='ltr'>ονται</span> <span class='ocrx_word' id='word_1_175' title='bbox 3161 1341 3210 1377; x_wconf 90' lang='grc' dir='ltr'><strong>οι</strong></span> <span class='ocrx_word' id='word_1_176' title='bbox 3260 1341 3474 1397; x_wconf 82' lang='grc' dir='ltr'>νεκροι;</span> <span class='ocrx_word' id='word_1_177' title='bbox 3519 1341 3654 1398; x_wconf 78' lang='grc' dir='ltr'>ποιιρ</span> 
     </span>
     <span class='ocr_line' id='line_1_26' title="bbox 2048 1341 3654 1486; baseline 0.001 -22"><span class='ocrx_word' id='word_1_178' title='bbox 2048 1403 2104 1464; x_wconf 66' lang='grc' dir='ltr'>δὲ</span> <span class='ocrx_word' id='word_1_179' title='bbox 2148 1402 2361 1485; x_wconf 81' lang='grc' dir='ltr'>σώματι</span> <span class='ocrx_word' id='word_1_180' title='bbox 2405 1403 2686 1486; x_wconf 86' lang='grc' dir='ltr'>ἔρχονται;</span> <span class='ocrx_word' id='word_1_181' title='bbox 2736 1408 2858 1467; x_wconf 82' lang='grc' dir='ltr'><strong>Οὔκ</strong></span> <span class='ocrx_word' id='word_1_182' title='bbox 2911 1341 3058 1468; x_wconf 54' lang='grc' dir='ltr'>εςπεν</span> <span class='ocrx_word' id='word_1_183' title='bbox 3109 1404 3181 1481; x_wconf 78' lang='grc'><strong>⁷⁸,</strong></span> <span class='ocrx_word' id='word_1_184' title='bbox 3214 1405 3403 1486; x_wconf 81' lang='grc' dir='ltr'>Ὑμεῖς</span> <span class='ocrx_word' id='word_1_185' title='bbox 3433 1404 3654 1486; x_wconf 74' lang='grc' dir='ltr'>λέγετε,</span> 
     </span>
    </p>
   </div>
   <div class='ocr_carea' id='block_1_26' title="bbox 2045 1494 3657 1578">
    <p class='ocr_par' dir='ltr' id='par_1_26' title="bbox 2045 1494 3657 1578">
     <span class='ocr_line' id='line_1_27' title="bbox 2045 1494 3657 1578; baseline 0.001 -26"><span class='ocrx_word' id='word_1_186' title='bbox 2045 1497 2137 1553; x_wconf 75' lang='grc' dir='ltr'>ἵνα</span> <span class='ocrx_word' id='word_1_187' title='bbox 2165 1495 2332 1563; x_wconf 74' lang='grc' dir='ltr'>οὕτως</span> <span class='ocrx_word' id='word_1_188' title='bbox 2375 1496 2682 1577; x_wconf 81' lang='grc' dir='ltr'>ἀνεπαχθὴς</span> <span class='ocrx_word' id='word_1_189' title='bbox 2729 1498 2758 1554; x_wconf 85' lang='grc' dir='ltr'>ὁ</span> <span class='ocrx_word' id='word_1_190' title='bbox 2804 1496 2957 1578; x_wconf 85' lang='grc' dir='ltr'>λόγος</span> <span class='ocrx_word' id='word_1_191' title='bbox 2991 1495 3245 1578; x_wconf 86' lang='grc' dir='ltr'>γένηται,</span> <span class='ocrx_word' id='word_1_192' title='bbox 3296 1498 3368 1564; x_wconf 85' lang='grc' dir='ltr'>ὣς</span> <span class='ocrx_word' id='word_1_193' title='bbox 3407 1494 3498 1553; x_wconf 73' lang='grc' dir='ltr'><strong>ἐπὶ</strong></span> <span class='ocrx_word' id='word_1_194' title='bbox 3535 1495 3657 1554; x_wconf 75' lang='grc' dir='ltr'>ἑτέ-</span> 
     </span>
    </p>
   </div>
   <div class='ocr_carea' id='block_1_27' title="bbox 2050 1583 3653 1667">
    <p class='ocr_par' dir='ltr' id='par_1_27' title="bbox 2050 1583 3653 1667">
     <span class='ocr_line' id='line_1_28' title="bbox 2050 1583 3653 1667; baseline -0.001 -23"><span class='ocrx_word' id='word_1_195' title='bbox 2050 1607 2154 1665; x_wconf 90' lang='grc' dir='ltr'><strong>ρων</strong></span> <span class='ocrx_word' id='word_1_196' title='bbox 2185 1583 2550 1647; x_wconf 80' lang='grc' dir='ltr'>ἀπιστούντων</span> <span class='ocrx_word' id='word_1_197' title='bbox 2599 1585 2986 1664; x_wconf 83' lang='grc' dir='ltr'>ἐξεταζόμενος.</span> <span class='ocrx_word' id='word_1_198' title='bbox 3030 1585 3138 1648; x_wconf 91' lang='grc' dir='ltr'>Δύο</span> <span class='ocrx_word' id='word_1_199' title='bbox 3168 1586 3225 1646; x_wconf 84' lang='grc' dir='ltr'>δὲ</span> <span class='ocrx_word' id='word_1_200' title='bbox 3274 1585 3345 1647; x_wconf 78' lang='grc' dir='ltr'><strong>τὰ</strong></span> <span class='ocrx_word' id='word_1_201' title='bbox 3375 1583 3653 1667; x_wconf 80' lang='grc' dir='ltr'>ἀμφιϐαλ-</span> 
     </span>
    </p>
   </div>
   <div class='ocr_carea' id='block_1_28' title="bbox 2045 1673 3653 1756">
    <p class='ocr_par' dir='ltr' id='par_1_28' title="bbox 2045 1673 3653 1756">
     <span class='ocr_line' id='line_1_29' title="bbox 2045 1673 3653 1756; baseline -0.001 -22"><span class='ocrx_word' id='word_1_202' title='bbox 2045 1674 2264 1754; x_wconf 69' lang='grc' dir='ltr'>λόμενω</span> <span class='ocrx_word' id='word_1_203' title='bbox 2314 1675 2348 1734; x_wconf 78' lang='grc' dir='ltr'>ὅ</span> <span class='ocrx_word' id='word_1_204' title='bbox 2377 1698 2436 1734; x_wconf 89' lang='grc' dir='ltr'><strong>τε</strong></span> <span class='ocrx_word' id='word_1_205' title='bbox 2469 1673 2660 1756; x_wconf 84' lang='grc' dir='ltr'>τρόπος</span> <span class='ocrx_word' id='word_1_206' title='bbox 2687 1679 2785 1749; x_wconf 82' lang='grc' dir='ltr'><strong>τῆς</strong></span> <span class='ocrx_word' id='word_1_207' title='bbox 2832 1677 3196 1754; x_wconf 86' lang='grc' dir='ltr'>ἀναστάσεως,</span> <span class='ocrx_word' id='word_1_208' title='bbox 3231 1677 3345 1744; x_wconf 76' lang='grc' dir='ltr'><strong>πῶς</strong></span> <span class='ocrx_word' id='word_1_209' title='bbox 3390 1674 3653 1755; x_wconf 80' lang='grc' dir='ltr'>ἐγείρεται</span> 
     </span>
    </p>
   </div>
   <div class='ocr_carea' id='block_1_29' title="bbox 333 1760 1933 1848">
    <p class='ocr_par' dir='ltr' id='par_1_29' title="bbox 333 1760 1933 1837">
     <span class='ocr_line' id='line_1_30' title="bbox 333 1760 1933 1837; baseline -0.003 -17"><span class='ocrx_word' id='word_1_210' title='bbox 333 1764 424 1820; x_wconf 90' lang='lat' dir='ltr'><strong>nis</strong></span> <span class='ocrx_word' id='word_1_211' title='bbox 457 1763 677 1832; x_wconf 90' lang='lat' dir='ltr'><strong>modus,</strong></span> <span class='ocrx_word' id='word_1_212' title='bbox 723 1763 1003 1837; x_wconf 92' lang='lat' dir='ltr'><strong>quomodo</strong></span> <span class='ocrx_word' id='word_1_213' title='bbox 1060 1763 1332 1820; x_wconf 81' lang='lat' dir='ltr'><strong>excitatur</strong></span> <span class='ocrx_word' id='word_1_214' title='bbox 1373 1761 1546 1819; x_wconf 88' lang='lat' dir='ltr'><strong>semel</strong></span> <span class='ocrx_word' id='word_1_215' title='bbox 1600 1760 1933 1818; x_wconf 89' lang='lat' dir='ltr'><strong>dissolutum</strong></span> 
     </span>
    </p>
   </div>
   <div class='ocr_carea' id='block_1_30' title="bbox 2039 1760 3654 1848">
    <p class='ocr_par' dir='ltr' id='par_1_30' title="bbox 2045 1762 3654 1848">
     <span class='ocr_line' id='line_1_31' title="bbox 2045 1762 3654 1848; baseline -0.001 -24"><span class='ocrx_word' id='word_1_216' title='bbox 2045 1762 2106 1824; x_wconf 87' lang='grc' dir='ltr'><strong>τὸ</strong></span> <span class='ocrx_word' id='word_1_217' title='bbox 2157 1763 2299 1832; x_wconf 75' lang='grc' dir='ltr'>ἅπαξ</span> <span class='ocrx_word' id='word_1_218' title='bbox 2345 1763 2591 1824; x_wconf 85' lang='grc' dir='ltr'>διαλυθὲν</span> <span class='ocrx_word' id='word_1_219' title='bbox 2622 1768 2800 1844; x_wconf 84' lang='grc' dir='ltr'>σῶμα·</span> <span class='ocrx_word' id='word_1_220' title='bbox 2853 1765 2947 1825; x_wconf 71' lang='grc' dir='ltr'>καὶ</span> <span class='ocrx_word' id='word_1_221' title='bbox 2985 1765 3123 1848; x_wconf 81' lang='grc' dir='ltr'>ποίῳ</span> <span class='ocrx_word' id='word_1_222' title='bbox 3171 1763 3384 1844; x_wconf 86' lang='grc' dir='ltr'>σώματι</span> <span class='ocrx_word' id='word_1_223' title='bbox 3430 1763 3654 1824; x_wconf 82' lang='grc' dir='ltr'>ἀνίστα-</span> 
     </span>
    </p>
   </div>
   <div class='ocr_carea' id='block_1_31' title="bbox 334 1837 1933 1939">
    <p class='ocr_par' dir='ltr' id='par_1_31' title="bbox 334 1851 1932 1927">
     <span class='ocr_line' id='line_1_32' title="bbox 334 1851 1932 1927; baseline -0.003 -16"><span class='ocrx_word' id='word_1_224' title='bbox 334 1868 564 1926; x_wconf 88' lang='lat' dir='ltr'><strong>corpus;</strong></span> <span class='ocrx_word' id='word_1_225' title='bbox 630 1859 691 1911; x_wconf 94' lang='lat' dir='ltr'><strong>et</strong></span> <span class='ocrx_word' id='word_1_226' title='bbox 739 1852 886 1927; x_wconf 84' lang='lat' dir='ltr'><strong>quali</strong></span> <span class='ocrx_word' id='word_1_227' title='bbox 946 1868 1178 1926; x_wconf 89' lang='lat' dir='ltr'><strong>corpore</strong></span> <span class='ocrx_word' id='word_1_228' title='bbox 1215 1851 1475 1925; x_wconf 79' lang='lat' dir='ltr'><strong>resurgit,</strong></span> <span class='ocrx_word' id='word_1_229' title='bbox 1520 1851 1649 1922; x_wconf 88' lang='lat' dir='ltr'><strong>hoc,</strong></span> <span class='ocrx_word' id='word_1_230' title='bbox 1709 1866 1780 1907; x_wconf 89' lang='lat' dir='ltr'><strong>an</strong></span> <span class='ocrx_word' id='word_1_231' title='bbox 1827 1851 1932 1907; x_wconf 92' lang='lat' dir='ltr'><strong>alio</strong></span> 
     </span>
    </p>
   </div>
   <div class='ocr_carea' id='block_1_32' title="bbox 2039 1837 3650 1939">
    <p class='ocr_par' dir='ltr' id='par_1_32' title="bbox 2047 1837 3650 1939">
     <span class='ocr_line' id='line_1_33' title="bbox 2047 1837 3650 1939; baseline 0.001 -26"><span class='ocrx_word' id='word_1_232' title='bbox 2047 1877 2167 1929; x_wconf 89' lang='grc' dir='ltr'>ται,</span> <span class='ocrx_word' id='word_1_233' title='bbox 2196 1853 2369 1935; x_wconf 82' lang='grc' dir='ltr'>τούτῳ</span> <span class='ocrx_word' id='word_1_234' title='bbox 2410 1855 2446 1927; x_wconf 80' lang='grc' dir='ltr'><strong>ἢ</strong></span> <span class='ocrx_word' id='word_1_235' title='bbox 2475 1852 2640 1937; x_wconf 84' lang='grc' dir='ltr'>ἑτέρῳ</span> <span class='ocrx_word' id='word_1_236' title='bbox 2689 1837 2814 1916; x_wconf 80' lang='grc' dir='ltr'>τινί.</span> <span class='ocrx_word' id='word_1_237' title='bbox 2848 1854 2955 1917; x_wconf 83' lang='grc' dir='ltr'>Διὰ</span> <span class='ocrx_word' id='word_1_238' title='bbox 2981 1855 3038 1916; x_wconf 78' lang='grc' dir='ltr'>δὲ</span> <span class='ocrx_word' id='word_1_239' title='bbox 3081 1837 3174 1916; x_wconf 73' lang='grc' dir='ltr'><strong>τοῦ</strong></span> <span class='ocrx_word' id='word_1_240' title='bbox 3214 1837 3650 1939; x_wconf 72' lang='grc' dir='ltr'>παραδείγματος</span> 
     </span>
    </p>
   </div>
   <div class='ocr_carea' id='block_1_33' title="bbox 331 1939 1937 2017">
    <p class='ocr_par' dir='ltr' id='par_1_33' title="bbox 331 1939 1937 2017">
     <span class='ocr_line' id='line_1_34' title="bbox 331 1939 1937 2017; baseline -0.001 -17"><span class='ocrx_word' id='word_1_241' title='bbox 331 1943 590 2017; x_wconf 89' lang='lat' dir='ltr'><strong>quodam.</strong></span> <span class='ocrx_word' id='word_1_242' title='bbox 651 1945 762 2002; x_wconf 90' lang='lat' dir='ltr'><strong>Per</strong></span> <span class='ocrx_word' id='word_1_243' title='bbox 816 1943 1131 2016; x_wconf 87' lang='lat' dir='ltr'><strong>exemplum</strong></span> <span class='ocrx_word' id='word_1_244' title='bbox 1189 1950 1375 2001; x_wconf 90' lang='lat' dir='ltr'><strong>autem</strong></span> <span class='ocrx_word' id='word_1_245' title='bbox 1432 1940 1589 2014; x_wconf 84' lang='lat' dir='ltr'><strong>grani</strong></span> <span class='ocrx_word' id='word_1_246' title='bbox 1658 1939 1752 1996; x_wconf 92' lang='lat' dir='ltr'><strong>illa</strong></span> <span class='ocrx_word' id='word_1_247' title='bbox 1823 1941 1937 1998; x_wconf 91' lang='lat' dir='ltr'><strong>duo</strong></span> 
     </span>
    </p>
   </div>
   <div class='ocr_carea' id='block_1_34' title="bbox 331 2033 600 2091">
    <p class='ocr_par' dir='ltr' id='par_1_34' title="bbox 331 2033 600 2091">
     <span class='ocr_line' id='line_1_35' title="bbox 331 2033 600 2091; baseline -0.011 0"><span class='ocrx_word' id='word_1_248' title='bbox 331 2033 600 2091; x_wconf 83' lang='lat' dir='ltr'><strong>dissolvit.</strong></span> 
     </span>
    </p>
   </div>
   <div class='ocr_carea' id='block_1_35' title="bbox 399 2118 1938 2195">
    <p class='ocr_par' dir='ltr' id='par_1_35' title="bbox 399 2118 1938 2195">
     <span class='ocr_line' id='line_1_36' title="bbox 399 2118 1938 2195; baseline -0.003 -14"><span class='ocrx_word' id='word_1_249' title='bbox 399 2125 584 2182; x_wconf 73' lang='lat' dir='ltr'><strong>Vsus.</strong></span> <span class='ocrx_word' id='word_1_250' title='bbox 615 2128 706 2181; x_wconf 80' lang='lat'><strong>36.</strong></span> <span class='ocrx_word' id='word_1_251' title='bbox 736 2145 762 2175; x_wconf 77' lang='grc' dir='ltr'><strong>α</strong></span> <span class='ocrx_word' id='word_1_252' title='bbox 787 2122 1077 2195; x_wconf 89' lang='lat' dir='ltr'><strong>Insipiens,</strong></span> <span class='ocrx_word' id='word_1_253' title='bbox 1115 2129 1178 2180; x_wconf 90' lang='lat' dir='ltr'><strong>tu</strong></span> <span class='ocrx_word' id='word_1_254' title='bbox 1202 2119 1352 2194; x_wconf 92' lang='lat' dir='ltr'><strong>quod</strong></span> <span class='ocrx_word' id='word_1_255' title='bbox 1379 2119 1642 2190; x_wconf 87' lang='lat' dir='ltr'><strong>seminas,</strong></span> <span class='ocrx_word' id='word_1_256' title='bbox 1671 2135 1786 2177; x_wconf 92' lang='lat' dir='ltr'><strong>non</strong></span> <span class='ocrx_word' id='word_1_257' title='bbox 1803 2118 1938 2177; x_wconf 91' lang='lat' dir='ltr'><strong>vivi-</strong></span> 
     </span>
    </p>
   </div>
   <div class='ocr_carea' id='block_1_36' title="bbox 2045 1943 2837 2011">
    <p class='ocr_par' dir='ltr' id='par_1_36' title="bbox 2045 1943 2837 2011">
     <span class='ocr_line' id='line_1_37' title="bbox 2045 1943 2837 2011; baseline 0.008 -7"><span class='ocrx_word' id='word_1_258' title='bbox 2045 1948 2140 2005; x_wconf 75' lang='grc' dir='ltr'><strong>τοῦ</strong></span> <span class='ocrx_word' id='word_1_259' title='bbox 2163 1943 2360 2006; x_wconf 85' lang='grc' dir='ltr'>κόκκου</span> <span class='ocrx_word' id='word_1_260' title='bbox 2389 1943 2459 2005; x_wconf 78' lang='grc' dir='ltr'><strong>τὰ</strong></span> <span class='ocrx_word' id='word_1_261' title='bbox 2487 1945 2581 2005; x_wconf 88' lang='grc' dir='ltr'><strong>δύο</strong></span> <span class='ocrx_word' id='word_1_262' title='bbox 2611 1947 2837 2011; x_wconf 78' lang='grc' dir='ltr'>ἐπιλύει.</span> 
     </span>
    </p>
   </div>
   <div class='ocr_carea' id='block_1_37' title="bbox 2129 2114 3646 2200">
    <p class='ocr_par' dir='ltr' id='par_1_37' title="bbox 2129 2114 3646 2200">
     <span class='ocr_line' id='line_1_38' title="bbox 2129 2114 3646 2200; baseline 0.003 -25"><span class='ocrx_word' id='word_1_263' title='bbox 2129 2137 2160 2175; x_wconf 78' lang='grc' dir='ltr'><strong>α</strong></span> <span class='ocrx_word' id='word_1_264' title='bbox 2190 2114 2412 2199; x_wconf 80' lang='grc' dir='ltr'>Ἀφρον,</span> <span class='ocrx_word' id='word_1_265' title='bbox 2456 2115 2522 2177; x_wconf 79' lang='grc' dir='ltr'><strong>σὺ</strong></span> <span class='ocrx_word' id='word_1_266' title='bbox 2552 2116 2582 2177; x_wconf 84' lang='grc'><strong>8</strong></span> <span class='ocrx_word' id='word_1_267' title='bbox 2613 2116 2876 2200; x_wconf 81' lang='grc' dir='ltr'>σπείρεις,</span> <span class='ocrx_word' id='word_1_268' title='bbox 2905 2117 2965 2178; x_wconf 79' lang='grc' dir='ltr'>οὖ</span> <span class='ocrx_word' id='word_1_269' title='bbox 3005 2121 3341 2188; x_wconf 86' lang='grc' dir='ltr'>ζωοποιεῖται</span> <span class='ocrx_word' id='word_1_270' title='bbox 3361 2163 3380 2192; x_wconf 90' lang='grc'><strong>,</strong></span> <span class='ocrx_word' id='word_1_271' title='bbox 3433 2116 3527 2180; x_wconf 75' lang='grc' dir='ltr'>ἐὰν</span> <span class='ocrx_word' id='word_1_272' title='bbox 3569 2115 3646 2198; x_wconf 78' lang='grc' dir='ltr'><strong>μὴ</strong></span> 
     </span>
    </p>
   </div>
   <div class='ocr_carea' id='block_1_38' title="bbox 331 2205 1933 2290">
    <p class='ocr_par' dir='ltr' id='par_1_38' title="bbox 331 2209 1933 2284">
     <span class='ocr_line' id='line_1_39' title="bbox 331 2209 1933 2284; baseline -0.002 -14"><span class='ocrx_word' id='word_1_273' title='bbox 331 2213 528 2271; x_wconf 85' lang='lat' dir='ltr'><strong>ﬁcatur</strong></span> <span class='ocrx_word' id='word_1_274' title='bbox 549 2213 655 2270; x_wconf 84' lang='lat' dir='ltr'><strong>nisi</strong></span> <span class='ocrx_word' id='word_1_275' title='bbox 674 2212 942 2270; x_wconf 87' lang='lat' dir='ltr'><strong>moriatur</strong></span> <span class='ocrx_word' id='word_1_276' title='bbox 967 2252 980 2267; x_wconf 95' lang='lat'><strong>.</strong></span> <span class='ocrx_word' id='word_1_277' title='bbox 1011 2234 1039 2262; x_wconf 72' lang='grc' dir='ltr'><strong>ι</strong></span> <span class='ocrx_word' id='word_1_278' title='bbox 1067 2214 1117 2268; x_wconf 89' lang='grc' dir='ltr'><strong>Α</strong></span> <span class='ocrx_word' id='word_1_279' title='bbox 1146 2211 1438 2284; x_wconf 90' lang='lat' dir='ltr'><strong>perspicuo</strong></span> <span class='ocrx_word' id='word_1_280' title='bbox 1475 2209 1758 2283; x_wconf 91' lang='lat' dir='ltr'><strong>quopiam,</strong></span> <span class='ocrx_word' id='word_1_281' title='bbox 1788 2217 1845 2266; x_wconf 87' lang='lat' dir='ltr'><strong>et</strong></span> <span class='ocrx_word' id='word_1_282' title='bbox 1871 2209 1933 2266; x_wconf 85' lang='lat' dir='ltr'><strong>ab</strong></span> 
     </span>
    </p>
   </div>
   <div class='ocr_carea' id='block_1_39' title="bbox 2039 2205 3653 2290">
    <p class='ocr_par' dir='ltr' id='par_1_39' title="bbox 2049 2205 3653 2290">
     <span class='ocr_line' id='line_1_40' title="bbox 2049 2205 3653 2290; baseline 0.004 -27"><span class='ocrx_word' id='word_1_283' title='bbox 2049 2205 2315 2288; x_wconf 84' lang='grc' dir='ltr'>ἀποθάνῃ.</span> <span class='ocrx_word' id='word_1_284' title='bbox 2365 2230 2397 2264; x_wconf 65' lang='grc' dir='ltr'><strong>υ</strong></span> <span class='ocrx_word' id='word_1_285' title='bbox 2457 2207 2587 2268; x_wconf 83' lang='grc' dir='ltr'>Ἇπὸ</span> <span class='ocrx_word' id='word_1_286' title='bbox 2636 2213 2864 2290; x_wconf 77' lang='grc' dir='ltr'>φανεροῦ</span> <span class='ocrx_word' id='word_1_287' title='bbox 2910 2231 3084 2285; x_wconf 90' lang='grc' dir='ltr'>τινος,</span> <span class='ocrx_word' id='word_1_288' title='bbox 3139 2209 3232 2268; x_wconf 80' lang='grc' dir='ltr'>καὶ</span> <span class='ocrx_word' id='word_1_289' title='bbox 3287 2210 3412 2269; x_wconf 84' lang='grc' dir='ltr'>καθ’</span> <span class='ocrx_word' id='word_1_290' title='bbox 3445 2209 3653 2290; x_wconf 78' lang='grc' dir='ltr'>ἡμέραν</span> 
     </span>
    </p>
   </div>
   <div class='ocr_carea' id='block_1_40' title="bbox 329 2296 1933 2379">
    <p class='ocr_par' dir='ltr' id='par_1_40' title="bbox 329 2299 1933 2376">
     <span class='ocr_line' id='line_1_41' title="bbox 329 2299 1933 2376; baseline -0.002 -16"><span class='ocrx_word' id='word_1_291' title='bbox 329 2318 397 2360; x_wconf 91' lang='lat' dir='ltr'><strong>eo</strong></span> <span class='ocrx_word' id='word_1_292' title='bbox 411 2302 566 2376; x_wconf 91' lang='lat' dir='ltr'><strong>quod</strong></span> <span class='ocrx_word' id='word_1_293' title='bbox 582 2302 650 2359; x_wconf 92' lang='lat' dir='ltr'><strong>ab</strong></span> <span class='ocrx_word' id='word_1_294' title='bbox 662 2301 790 2375; x_wconf 89' lang='lat' dir='ltr'><strong>ipsis</strong></span> <span class='ocrx_word' id='word_1_295' title='bbox 801 2301 1049 2376; x_wconf 89' lang='lat' dir='ltr'><strong>quotidie</strong></span> <span class='ocrx_word' id='word_1_296' title='bbox 1065 2301 1270 2375; x_wconf 89' lang='lat' dir='ltr'><strong>agitur,</strong></span> <span class='ocrx_word' id='word_1_297' title='bbox 1297 2300 1425 2357; x_wconf 81' lang='lat' dir='ltr'><strong>facit</strong></span> <span class='ocrx_word' id='word_1_298' title='bbox 1437 2299 1777 2357; x_wconf 87' lang='lat' dir='ltr'><strong>dilutionem.</strong></span> <span class='ocrx_word' id='word_1_299' title='bbox 1796 2301 1933 2357; x_wconf 84' lang='lat' dir='ltr'><strong>Hinc</strong></span> 
     </span>
    </p>
   </div>
   <div class='ocr_carea' id='block_1_41' title="bbox 2039 2296 3652 2379">
    <p class='ocr_par' dir='ltr' id='par_1_41' title="bbox 2049 2296 3652 2379">
     <span class='ocr_line' id='line_1_42' title="bbox 2049 2296 3652 2379; baseline 0.004 -26"><span class='ocrx_word' id='word_1_300' title='bbox 2049 2296 2226 2363; x_wconf 84' lang='grc' dir='ltr'>αὐτοῖς</span> <span class='ocrx_word' id='word_1_301' title='bbox 2292 2297 2692 2379; x_wconf 81' lang='grc' dir='ltr'>πραττομένου,</span> <span class='ocrx_word' id='word_1_302' title='bbox 2754 2299 2987 2359; x_wconf 86' lang='grc' dir='ltr'>ποιεῖται</span> <span class='ocrx_word' id='word_1_303' title='bbox 3041 2297 3140 2373; x_wconf 81' lang='grc' dir='ltr'><strong>τὴν</strong></span> <span class='ocrx_word' id='word_1_304' title='bbox 3185 2299 3356 2359; x_wconf 88' lang='grc' dir='ltr'>λύσιν·</span> <span class='ocrx_word' id='word_1_305' title='bbox 3411 2299 3494 2358; x_wconf 86' lang='grc' dir='ltr'><strong>διὸ</strong></span> <span class='ocrx_word' id='word_1_306' title='bbox 3559 2297 3652 2359; x_wconf 76' lang='grc' dir='ltr'>καὶ</span> 
     </span>
    </p>
   </div>
   <div class='ocr_carea' id='block_1_42' title="bbox 330 2389 1935 2466">
    <p class='ocr_par' dir='ltr' id='par_1_42' title="bbox 330 2389 1935 2466">
     <span class='ocr_line' id='line_1_43' title="bbox 330 2389 1935 2466; baseline -0.002 -16"><span class='ocrx_word' id='word_1_307' title='bbox 330 2400 388 2450; x_wconf 88' lang='lat' dir='ltr'><strong>et</strong></span> <span class='ocrx_word' id='word_1_308' title='bbox 412 2392 702 2450; x_wconf 82' lang='lat' dir='ltr'><strong>dementes</strong></span> <span class='ocrx_word' id='word_1_309' title='bbox 733 2408 830 2450; x_wconf 91' lang='lat' dir='ltr'><strong>eos</strong></span> <span class='ocrx_word' id='word_1_310' title='bbox 854 2399 1039 2461; x_wconf 88' lang='lat' dir='ltr'><strong>vocat,</strong></span> <span class='ocrx_word' id='word_1_311' title='bbox 1072 2400 1133 2448; x_wconf 93' lang='lat' dir='ltr'><strong>ut</strong></span> <span class='ocrx_word' id='word_1_312' title='bbox 1158 2393 1253 2466; x_wconf 91' lang='lat' dir='ltr'><strong>qui</strong></span> <span class='ocrx_word' id='word_1_313' title='bbox 1279 2390 1416 2448; x_wconf 89' lang='lat' dir='ltr'><strong>adeo</strong></span> <span class='ocrx_word' id='word_1_314' title='bbox 1452 2389 1744 2447; x_wconf 83' lang='lat' dir='ltr'><strong>manifesta</strong></span> <span class='ocrx_word' id='word_1_315' title='bbox 1772 2390 1935 2463; x_wconf 88' lang='lat' dir='ltr'><strong>igno-</strong></span> 
     </span>
    </p>
   </div>
   <div class='ocr_carea' id='block_1_43' title="bbox 329 2480 1934 2556">
    <p class='ocr_par' dir='ltr' id='par_1_43' title="bbox 329 2480 1934 2556">
     <span class='ocr_line' id='line_1_44' title="bbox 329 2480 1934 2556; baseline -0.002 -17"><span class='ocrx_word' id='word_1_316' title='bbox 329 2490 475 2539; x_wconf 92' lang='lat' dir='ltr'><strong>rent.</strong></span> <span class='ocrx_word' id='word_1_317' title='bbox 509 2505 536 2532; x_wconf 72' lang='grc' dir='ltr'><strong>ε</strong></span> <span class='ocrx_word' id='word_1_318' title='bbox 577 2485 683 2552; x_wconf 90' lang='lat' dir='ltr'><strong>Tu,</strong></span> <span class='ocrx_word' id='word_1_319' title='bbox 712 2483 906 2554; x_wconf 91' lang='lat' dir='ltr'><strong>inquit,</strong></span> <span class='ocrx_word' id='word_1_320' title='bbox 947 2481 1097 2556; x_wconf 92' lang='lat' dir='ltr'><strong>quod</strong></span> <span class='ocrx_word' id='word_1_321' title='bbox 1135 2482 1404 2550; x_wconf 90' lang='lat' dir='ltr'><strong>seminas,</strong></span> <span class='ocrx_word' id='word_1_322' title='bbox 1451 2504 1476 2529; x_wconf 80' lang='grc' dir='ltr'><strong>ι</strong></span> <span class='ocrx_word' id='word_1_323' title='bbox 1510 2489 1571 2536; x_wconf 80' lang='grc' dir='ltr'><strong>ιιι</strong></span> <span class='ocrx_word' id='word_1_324' title='bbox 1607 2480 1699 2552; x_wconf 94' lang='lat' dir='ltr'><strong>qui</strong></span> <span class='ocrx_word' id='word_1_325' title='bbox 1739 2496 1934 2537; x_wconf 88' lang='lat' dir='ltr'><strong>corru-</strong></span> 
     </span>
    </p>
   </div>
   <div class='ocr_carea' id='block_1_44' title="bbox 329 2569 1927 2646">
    <p class='ocr_par' dir='ltr' id='par_1_44' title="bbox 329 2569 1927 2646">
     <span class='ocr_line' id='line_1_45' title="bbox 329 2569 1927 2646; baseline -0.001 -18"><span class='ocrx_word' id='word_1_326' title='bbox 329 2572 534 2645; x_wconf 90' lang='lat' dir='ltr'><strong>ptibilis</strong></span> <span class='ocrx_word' id='word_1_327' title='bbox 554 2588 634 2643; x_wconf 91' lang='lat' dir='ltr'><strong>es,</strong></span> <span class='ocrx_word' id='word_1_328' title='bbox 665 2573 821 2646; x_wconf 87' lang='lat' dir='ltr'><strong>ecqui</strong></span> <span class='ocrx_word' id='word_1_329' title='bbox 837 2573 904 2631; x_wconf 93' lang='lat' dir='ltr'><strong>de</strong></span> <span class='ocrx_word' id='word_1_330' title='bbox 933 2577 1049 2631; x_wconf 90' lang='lat' dir='ltr'><strong>Deo</strong></span> <span class='ocrx_word' id='word_1_331' title='bbox 1071 2571 1325 2630; x_wconf 64' lang='lat' dir='ltr'><strong>haesitas?</strong></span> <span class='ocrx_word' id='word_1_332' title='bbox 1347 2594 1374 2621; x_wconf 80' lang='grc' dir='ltr'><strong>ιι</strong></span> <span class='ocrx_word' id='word_1_333' title='bbox 1400 2572 1531 2628; x_wconf 93' lang='lat' dir='ltr'><strong>Non</strong></span> <span class='ocrx_word' id='word_1_334' title='bbox 1545 2569 1873 2640; x_wconf 86' lang='lat' dir='ltr'><strong>viviﬁcatur,</strong></span> <span class='ocrx_word' id='word_1_335' title='bbox 1901 2594 1927 2619; x_wconf 74' lang='grc' dir='ltr'><strong>η</strong></span> 
     </span>
    </p>
   </div>
   <div class='ocr_carea' id='block_1_45' title="bbox 324 2660 1931 2734">
    <p class='ocr_par' dir='ltr' id='par_1_45' title="bbox 324 2660 1931 2734">
     <span class='ocr_line' id='line_1_46' title="bbox 324 2660 1931 2734; baseline -0.001 -17"><span class='ocrx_word' id='word_1_336' title='bbox 324 2662 520 2734; x_wconf 89' lang='lat' dir='ltr'><strong>inquit,</strong></span> <span class='ocrx_word' id='word_1_337' title='bbox 549 2685 575 2714; x_wconf 85' lang='grc' dir='ltr'><strong>ιι</strong></span> <span class='ocrx_word' id='word_1_338' title='bbox 598 2663 704 2720; x_wconf 91' lang='lat' dir='ltr'><strong>nisi</strong></span> <span class='ocrx_word' id='word_1_339' title='bbox 727 2663 1016 2732; x_wconf 88' lang='lat' dir='ltr'><strong>moriatur,</strong></span> <span class='ocrx_word' id='word_1_340' title='bbox 1040 2686 1064 2713; x_wconf 76' lang='grc' dir='ltr'>ιι</span> <span class='ocrx_word' id='word_1_341' title='bbox 1093 2661 1426 2718; x_wconf 88' lang='lat' dir='ltr'><strong>dictionibus</strong></span> <span class='ocrx_word' id='word_1_342' title='bbox 1446 2675 1600 2729; x_wconf 91' lang='lat' dir='ltr'><strong>usus,</strong></span> <span class='ocrx_word' id='word_1_343' title='bbox 1627 2676 1743 2716; x_wconf 93' lang='lat' dir='ltr'><strong>non</strong></span> <span class='ocrx_word' id='word_1_344' title='bbox 1765 2660 1931 2716; x_wconf 89' lang='lat' dir='ltr'><strong>semi-</strong></span> 
     </span>
    </p>
   </div>
   <div class='ocr_carea' id='block_1_46' title="bbox 326 2749 1931 2824">
    <p class='ocr_par' dir='ltr' id='par_1_46' title="bbox 326 2749 1931 2824">
     <span class='ocr_line' id='line_1_47' title="bbox 326 2749 1931 2824; baseline -0.003 -15"><span class='ocrx_word' id='word_1_345' title='bbox 326 2752 506 2822; x_wconf 88' lang='lat' dir='ltr'><strong>nibus,</strong></span> <span class='ocrx_word' id='word_1_346' title='bbox 535 2752 634 2810; x_wconf 88' lang='lat' dir='ltr'><strong>sed</strong></span> <span class='ocrx_word' id='word_1_347' title='bbox 669 2754 990 2824; x_wconf 90' lang='lat' dir='ltr'><strong>corporibus</strong></span> <span class='ocrx_word' id='word_1_348' title='bbox 1022 2752 1261 2824; x_wconf 82' lang='lat' dir='ltr'><strong>prOpriis</strong></span> <span class='ocrx_word' id='word_1_349' title='bbox 1284 2759 1341 2808; x_wconf 92' lang='lat' dir='ltr'><strong>et</strong></span> <span class='ocrx_word' id='word_1_350' title='bbox 1371 2749 1770 2806; x_wconf 91' lang='lat' dir='ltr'><strong>accommodis.</strong></span> <span class='ocrx_word' id='word_1_351' title='bbox 1805 2752 1931 2806; x_wconf 88' lang='lat' dir='ltr'><strong>Non</strong></span> 
     </span>
    </p>
   </div>
   <div class='ocr_carea' id='block_1_47' title="bbox 328 2839 1929 2914">
    <p class='ocr_par' dir='ltr' id='par_1_47' title="bbox 328 2839 1929 2914">
     <span class='ocr_line' id='line_1_48' title="bbox 328 2839 1929 2914; baseline -0.003 -16"><span class='ocrx_word' id='word_1_352' title='bbox 328 2842 476 2898; x_wconf 91' lang='lat' dir='ltr'><strong>enim</strong></span> <span class='ocrx_word' id='word_1_353' title='bbox 505 2842 654 2899; x_wconf 80' lang='lat' dir='ltr'><strong>dixit</strong></span> <span class='ocrx_word' id='word_1_354' title='bbox 700 2842 848 2914; x_wconf 92' lang='lat' dir='ltr'><strong>quod</strong></span> <span class='ocrx_word' id='word_1_355' title='bbox 885 2843 1022 2899; x_wconf 90' lang='lat' dir='ltr'><strong>alias</strong></span> <span class='ocrx_word' id='word_1_356' title='bbox 1068 2857 1183 2898; x_wconf 93' lang='lat' dir='ltr'><strong>non</strong></span> <span class='ocrx_word' id='word_1_357' title='bbox 1235 2840 1516 2914; x_wconf 81' lang='lat' dir='ltr'><strong>germinet</strong></span> <span class='ocrx_word' id='word_1_358' title='bbox 1569 2839 1929 2907; x_wconf 85' lang='lat' dir='ltr'><strong>dissolvatur,</strong></span> 
     </span>
    </p>
   </div>
   <div class='ocr_carea' id='block_1_48' title="bbox 2048 2384 3651 2471">
    <p class='ocr_par' dir='ltr' id='par_1_48' title="bbox 2048 2384 3651 2471">
     <span class='ocr_line' id='line_1_49' title="bbox 2048 2384 3651 2471; baseline 0.001 -26"><span class='ocrx_word' id='word_1_359' title='bbox 2048 2384 2277 2468; x_wconf 77' lang='grc' dir='ltr'>ἄφρονας</span> <span class='ocrx_word' id='word_1_360' title='bbox 2306 2387 2491 2454; x_wconf 79' lang='grc' dir='ltr'>αὐτοὺς</span> <span class='ocrx_word' id='word_1_361' title='bbox 2534 2388 2716 2464; x_wconf 88' lang='grc' dir='ltr'>καλεῖ,</span> <span class='ocrx_word' id='word_1_362' title='bbox 2748 2391 2819 2457; x_wconf 79' lang='grc' dir='ltr'>ὥς</span> <span class='ocrx_word' id='word_1_363' title='bbox 2853 2388 2921 2448; x_wconf 79' lang='grc' dir='ltr'><strong>τὰ</strong></span> <span class='ocrx_word' id='word_1_364' title='bbox 2951 2389 3090 2449; x_wconf 76' lang='grc' dir='ltr'>οὕτω</span> <span class='ocrx_word' id='word_1_365' title='bbox 3132 2393 3279 2471; x_wconf 68' lang='grc' dir='ltr'><strong>σαίρῆ⁹</strong></span> <span class='ocrx_word' id='word_1_366' title='bbox 3313 2390 3651 2470; x_wconf 76' lang='grc' dir='ltr'>ἀγνοοῦντας.</span> 
     </span>
    </p>
   </div>
   <div class='ocr_carea' id='block_1_49' title="bbox 2043 2475 3654 2560">
    <p class='ocr_par' dir='ltr' id='par_1_49' title="bbox 2043 2475 3654 2560">
     <span class='ocr_line' id='line_1_50' title="bbox 2043 2475 3654 2560; baseline 0 -24"><span class='ocrx_word' id='word_1_367' title='bbox 2043 2501 2069 2530; x_wconf 76' lang='grc' dir='ltr'><strong>α</strong></span> <span class='ocrx_word' id='word_1_368' title='bbox 2107 2475 2206 2552; x_wconf 77' lang='grc' dir='ltr'>Σὺ,</span> <span class='ocrx_word' id='word_1_369' title='bbox 2242 2502 2264 2528; x_wconf 78' lang='grc' dir='ltr'><strong>ιι</strong></span> <span class='ocrx_word' id='word_1_370' title='bbox 2291 2478 2451 2560; x_wconf 77' lang='grc' dir='ltr'>φησὶν</span> <span class='ocrx_word' id='word_1_371' title='bbox 2506 2497 2534 2534; x_wconf 85' lang='grc' dir='ltr'>(ι</span> <span class='ocrx_word' id='word_1_372' title='bbox 2562 2477 2589 2536; x_wconf 83' lang='grc' dir='ltr'>ὃ</span> <span class='ocrx_word' id='word_1_373' title='bbox 2624 2477 2874 2558; x_wconf 86' lang='grc' dir='ltr'>σπείρεις,</span> <span class='ocrx_word' id='word_1_374' title='bbox 2907 2502 2938 2535; x_wconf 72' lang='grc' dir='ltr'><strong>ι)</strong></span> <span class='ocrx_word' id='word_1_375' title='bbox 2976 2477 3040 2538; x_wconf 78' lang='grc' dir='ltr'><strong>σὺ</strong></span> <span class='ocrx_word' id='word_1_376' title='bbox 3072 2482 3100 2538; x_wconf 83' lang='grc' dir='ltr'><strong>ὃ</strong></span> <span class='ocrx_word' id='word_1_377' title='bbox 3130 2479 3393 2560; x_wconf 79' lang='grc' dir='ltr'>φθαρτὸς,</span> <span class='ocrx_word' id='word_1_378' title='bbox 3425 2477 3654 2560; x_wconf 43' lang='grc' dir='ltr'>καὶ-πῶς</span> 
     </span>
    </p>
   </div>
   <div class='ocr_carea' id='block_1_50' title="bbox 2040 2558 3649 2648">
    <p class='ocr_par' dir='ltr' id='par_1_50' title="bbox 2040 2558 3649 2648">
     <span class='ocr_line' id='line_1_51' title="bbox 2040 2558 3649 2648; baseline 0.002 -24"><span class='ocrx_word' id='word_1_379' title='bbox 2040 2567 2165 2646; x_wconf 78' lang='grc' dir='ltr'>περὶ</span> <span class='ocrx_word' id='word_1_380' title='bbox 2196 2558 2340 2629; x_wconf 75' lang='grc' dir='ltr'>Θεοῗῑ</span> <span class='ocrx_word' id='word_1_381' title='bbox 2363 2567 2752 2648; x_wconf 80' lang='grc' dir='ltr'>ἀμφιϐάλλεις;</span> <span class='ocrx_word' id='word_1_382' title='bbox 2792 2591 2821 2628; x_wconf 81' lang='lat' dir='ltr'><strong>u</strong></span> <span class='ocrx_word' id='word_1_383' title='bbox 2851 2569 2934 2630; x_wconf 82' lang='grc' dir='ltr'><strong>Οὐ</strong></span> <span class='ocrx_word' id='word_1_384' title='bbox 2969 2558 3302 2638; x_wconf 73' lang='grc' dir='ltr'>ζωοποιεῖται</span> <span class='ocrx_word' id='word_1_385' title='bbox 3332 2592 3364 2627; x_wconf 67' lang='grc' dir='ltr'>ν)</span> <span class='ocrx_word' id='word_1_386' title='bbox 3396 2567 3474 2642; x_wconf 83' lang='grc' dir='ltr'>δὲ,</span> <span class='ocrx_word' id='word_1_387' title='bbox 3509 2558 3649 2642; x_wconf 70' lang='grc' dir='ltr'>εἶπε,</span> 
     </span>
    </p>
   </div>
   <div class='ocr_carea' id='block_1_51' title="bbox 2042 2655 3651 2740">
    <p class='ocr_par' dir='ltr' id='par_1_51' title="bbox 2042 2655 3651 2740">
     <span class='ocr_line' id='line_1_52' title="bbox 2042 2655 3651 2740; baseline 0.011 -27"><span class='ocrx_word' id='word_1_388' title='bbox 2042 2655 2182 2738; x_wconf 79' lang='grc' dir='ltr'>[καὶ]</span> <span class='ocrx_word' id='word_1_389' title='bbox 2216 2676 2245 2714; x_wconf 89' lang='grc' dir='ltr'>(ι</span> <span class='ocrx_word' id='word_1_390' title='bbox 2263 2655 2354 2715; x_wconf 84' lang='grc' dir='ltr'>ἐὰν</span> <span class='ocrx_word' id='word_1_391' title='bbox 2379 2655 2454 2735; x_wconf 84' lang='grc' dir='ltr'><strong>μὴ</strong></span> <span class='ocrx_word' id='word_1_392' title='bbox 2477 2656 2742 2737; x_wconf 82' lang='grc' dir='ltr'>ἀποθάνῃ,</span> <span class='ocrx_word' id='word_1_393' title='bbox 2772 2682 2802 2715; x_wconf 67' lang='grc' dir='ltr'><strong>κ</strong></span> <span class='ocrx_word' id='word_1_394' title='bbox 2821 2657 2995 2727; x_wconf 84' lang='grc' dir='ltr'>λέξεσι</span> <span class='ocrx_word' id='word_1_395' title='bbox 3015 2659 3466 2740; x_wconf 45' lang='grc' dir='ltr'>χρησάμενος,μοῦ</span> <span class='ocrx_word' id='word_1_396' title='bbox 3486 2657 3651 2739; x_wconf 85' lang='grc' dir='ltr'>σπέρ-</span> 
     </span>
    </p>
   </div>
   <div class='ocr_carea' id='block_1_52' title="bbox 2041 2737 3650 2830">
    <p class='ocr_par' dir='ltr' id='par_1_52' title="bbox 2041 2737 3650 2830">
     <span class='ocr_line' id='line_1_53' title="bbox 2041 2737 3650 2830; baseline 0.001 -26"><span class='ocrx_word' id='word_1_397' title='bbox 2041 2737 2205 2823; x_wconf 86' lang='grc' dir='ltr'>μασιν</span> <span class='ocrx_word' id='word_1_398' title='bbox 2256 2747 2496 2821; x_wconf 85' lang='grc' dir='ltr'>οἰκείαις,</span> <span class='ocrx_word' id='word_1_399' title='bbox 2550 2746 2690 2808; x_wconf 84' lang='grc' dir='ltr'>ἀλλὰ</span> <span class='ocrx_word' id='word_1_400' title='bbox 2749 2737 3152 2826; x_wconf 26' lang='grc' dir='ltr'>σώμασινξ-Ὀὖ</span> <span class='ocrx_word' id='word_1_401' title='bbox 3196 2747 3299 2830; x_wconf 80' lang='grc' dir='ltr'><strong>γὰρ</strong></span> <span class='ocrx_word' id='word_1_402' title='bbox 3353 2737 3528 2822; x_wconf 74' lang='grc' dir='ltr'>εἶπεν,</span> <span class='ocrx_word' id='word_1_403' title='bbox 3568 2737 3650 2808; x_wconf 77' lang='grc' dir='ltr'>ὅτι</span> 
     </span>
    </p>
   </div>
   <div class='ocr_carea' id='block_1_53' title="bbox 2039 2836 3649 2919">
    <p class='ocr_par' dir='ltr' id='par_1_53' title="bbox 2039 2836 3649 2919">
     <span class='ocr_line' id='line_1_54' title="bbox 2039 2836 3649 2919; baseline 0.001 -24"><span class='ocrx_word' id='word_1_404' title='bbox 2039 2836 2215 2904; x_wconf 84' lang='grc' dir='ltr'>ἄλλως</span> <span class='ocrx_word' id='word_1_405' title='bbox 2255 2837 2314 2896; x_wconf 83' lang='grc' dir='ltr'>οὗ</span> <span class='ocrx_word' id='word_1_406' title='bbox 2363 2836 2688 2916; x_wconf 79' lang='grc' dir='ltr'>βλαστάνει,</span> <span class='ocrx_word' id='word_1_407' title='bbox 2733 2838 2822 2896; x_wconf 79' lang='grc' dir='ltr'>ἐὰν</span> <span class='ocrx_word' id='word_1_408' title='bbox 2872 2837 2947 2916; x_wconf 84' lang='grc' dir='ltr'><strong>μὴ</strong></span> <span class='ocrx_word' id='word_1_409' title='bbox 2999 2840 3244 2919; x_wconf 85' lang='grc' dir='ltr'>διαλυθῇ,</span> <span class='ocrx_word' id='word_1_410' title='bbox 3279 2839 3426 2912; x_wconf 84' lang='grc' dir='ltr'>ἀλλ’,</span> <span class='ocrx_word' id='word_1_411' title='bbox 3490 2858 3522 2896; x_wconf 87' lang='grc' dir='ltr'><strong>ιι</strong></span> <span class='ocrx_word' id='word_1_412' title='bbox 3564 2838 3649 2899; x_wconf 79' lang='grc' dir='ltr'><strong>Οὔ</strong></span> 
     </span>
    </p>
   </div>
   <div class='ocr_carea' id='block_1_54' title="bbox 327 2925 1933 3008">
    <p class='ocr_par' dir='ltr' id='par_1_54' title="bbox 327 2927 1931 3001">
     <span class='ocr_line' id='line_1_55' title="bbox 327 2927 1931 3001; baseline -0.002 -13"><span class='ocrx_word' id='word_1_413' title='bbox 327 2930 447 3001; x_wconf 89' lang='lat' dir='ltr'><strong>sed,</strong></span> <span class='ocrx_word' id='word_1_414' title='bbox 498 2953 523 2982; x_wconf 74' lang='grc' dir='ltr'><strong>ο</strong></span> <span class='ocrx_word' id='word_1_415' title='bbox 579 2933 704 2988; x_wconf 81' lang='lat' dir='ltr'><strong>Non</strong></span> <span class='ocrx_word' id='word_1_416' title='bbox 761 2931 1088 2999; x_wconf 83' lang='lat' dir='ltr'><strong>viviﬁcatur,</strong></span> <span class='ocrx_word' id='word_1_417' title='bbox 1129 2929 1236 2986; x_wconf 91' lang='lat' dir='ltr'><strong>nisi</strong></span> <span class='ocrx_word' id='word_1_418' title='bbox 1279 2928 1569 2986; x_wconf 87' lang='lat' dir='ltr'><strong>moriatur.</strong></span> <span class='ocrx_word' id='word_1_419' title='bbox 1621 2950 1648 2977; x_wconf 75' lang='grc' dir='ltr'><strong>ν</strong></span> <span class='ocrx_word' id='word_1_420' title='bbox 1693 2927 1931 2984; x_wconf 86' lang='lat' dir='ltr'><strong>Observa</strong></span> 
     </span>
    </p>
   </div>
   <div class='ocr_carea' id='block_1_55' title="bbox 2039 2925 3653 3008">
    <p class='ocr_par' dir='ltr' id='par_1_55' title="bbox 2043 2925 3653 3008">
     <span class='ocr_line' id='line_1_56' title="bbox 2043 2925 3653 3008; baseline 0.001 -24"><span class='ocrx_word' id='word_1_421' title='bbox 2043 2926 2403 3000; x_wconf 86' lang='grc' dir='ltr'>ζωοποιεῖται,</span> <span class='ocrx_word' id='word_1_422' title='bbox 2451 2925 2542 2985; x_wconf 83' lang='grc' dir='ltr'>ἐὰν</span> <span class='ocrx_word' id='word_1_423' title='bbox 2601 2925 2677 3005; x_wconf 83' lang='grc' dir='ltr'><strong>μὴ</strong></span> <span class='ocrx_word' id='word_1_424' title='bbox 2729 2927 2991 3008; x_wconf 83' lang='grc' dir='ltr'>ἀποθάνῃ.</span> <span class='ocrx_word' id='word_1_425' title='bbox 3035 2949 3065 2987; x_wconf 66' lang='grc' dir='ltr'><strong><em>ι</em></strong></span> <span class='ocrx_word' id='word_1_426' title='bbox 3113 2926 3260 3004; x_wconf 86' lang='grc' dir='ltr'>Ὅρα</span> <span class='ocrx_word' id='word_1_427' title='bbox 3312 2925 3389 3002; x_wconf 75' lang='grc' dir='ltr'><strong>δὲ,</strong></span> <span class='ocrx_word' id='word_1_428' title='bbox 3423 2928 3536 2994; x_wconf 80' lang='grc' dir='ltr'><strong>πῶς</strong></span> <span class='ocrx_word' id='word_1_429' title='bbox 3578 2928 3653 2996; x_wconf 83' lang='grc' dir='ltr'>εἷς</span> 
     </span>
    </p>
   </div>
   <div class='ocr_carea' id='block_1_56' title="bbox 329 3019 1933 3094">
    <p class='ocr_par' dir='ltr' id='par_1_56' title="bbox 329 3019 1933 3094">
     <span class='ocr_line' id='line_1_57' title="bbox 329 3019 1933 3094; baseline -0.001 -18"><span class='ocrx_word' id='word_1_430' title='bbox 329 3029 518 3078; x_wconf 91' lang='lat' dir='ltr'><strong>autem</strong></span> <span class='ocrx_word' id='word_1_431' title='bbox 558 3020 842 3094; x_wconf 91' lang='lat' dir='ltr'><strong>quomodo</strong></span> <span class='ocrx_word' id='word_1_432' title='bbox 879 3021 936 3077; x_wconf 95' lang='lat' dir='ltr'><strong>in</strong></span> <span class='ocrx_word' id='word_1_433' title='bbox 973 3019 1320 3077; x_wconf 87' lang='lat' dir='ltr'><strong>contrarium</strong></span> <span class='ocrx_word' id='word_1_434' title='bbox 1358 3032 1672 3074; x_wconf 89' lang='lat' dir='ltr'><strong>sermonem</strong></span> <span class='ocrx_word' id='word_1_435' title='bbox 1698 3033 1933 3074; x_wconf 90' lang='lat' dir='ltr'><strong>conver-</strong></span> 
     </span>
    </p>
   </div>
   <div class='ocr_carea' id='block_1_57' title="bbox 327 3106 1931 3181">
    <p class='ocr_par' dir='ltr' id='par_1_57' title="bbox 327 3106 1931 3181">
     <span class='ocr_line' id='line_1_58' title="bbox 327 3106 1931 3181; baseline -0.001 -15"><span class='ocrx_word' id='word_1_436' title='bbox 327 3111 461 3168; x_wconf 89' lang='lat' dir='ltr'><strong>terit</strong></span> <span class='ocrx_word' id='word_1_437' title='bbox 503 3129 518 3167; x_wconf 91' lang='lat'><strong>:</strong></span> <span class='ocrx_word' id='word_1_438' title='bbox 554 3111 662 3168; x_wconf 91' lang='lat' dir='ltr'><strong>illis</strong></span> <span class='ocrx_word' id='word_1_439' title='bbox 703 3111 854 3168; x_wconf 90' lang='lat' dir='ltr'><strong>enim</strong></span> <span class='ocrx_word' id='word_1_440' title='bbox 901 3110 1186 3168; x_wconf 88' lang='lat' dir='ltr'><strong>videbatur</strong></span> <span class='ocrx_word' id='word_1_441' title='bbox 1249 3107 1590 3181; x_wconf 90' lang='lat' dir='ltr'><strong>ambiguum,</strong></span> <span class='ocrx_word' id='word_1_442' title='bbox 1646 3106 1931 3179; x_wconf 89' lang='lat' dir='ltr'><strong>quomodo</strong></span> 
     </span>
    </p>
   </div>
   <div class='ocr_carea' id='block_1_58' title="bbox 329 3197 1931 3273">
    <p class='ocr_par' dir='ltr' id='par_1_58' title="bbox 329 3197 1931 3273">
     <span class='ocr_line' id='line_1_59' title="bbox 329 3197 1931 3273; baseline -0.002 -17"><span class='ocrx_word' id='word_1_443' title='bbox 329 3210 455 3273; x_wconf 90' lang='lat' dir='ltr'><strong>post</strong></span> <span class='ocrx_word' id='word_1_444' title='bbox 489 3209 725 3258; x_wconf 89' lang='lat' dir='ltr'><strong>mortem</strong></span> <span class='ocrx_word' id='word_1_445' title='bbox 774 3200 1084 3258; x_wconf 85' lang='lat' dir='ltr'><strong>excitemur</strong></span> <span class='ocrx_word' id='word_1_446' title='bbox 1129 3217 1143 3255; x_wconf 92' lang='lat'><strong>:</strong></span> <span class='ocrx_word' id='word_1_447' title='bbox 1183 3198 1299 3271; x_wconf 89' lang='lat' dir='ltr'><strong>ipse</strong></span> <span class='ocrx_word' id='word_1_448' title='bbox 1342 3206 1532 3254; x_wconf 88' lang='lat' dir='ltr'><strong>autem</strong></span> <span class='ocrx_word' id='word_1_449' title='bbox 1590 3197 1931 3254; x_wconf 90' lang='lat' dir='ltr'><strong>contrarium</strong></span> 
     </span>
    </p>
   </div>
   <div class='ocr_carea' id='block_1_59' title="bbox 328 3286 1927 3364">
    <p class='ocr_par' dir='ltr' id='par_1_59' title="bbox 328 3286 1927 3364">
     <span class='ocr_line' id='line_1_60' title="bbox 328 3286 1927 3364; baseline -0.003 -18"><span class='ocrx_word' id='word_1_450' title='bbox 328 3290 545 3360; x_wconf 82' lang='lat' dir='ltr'><strong>asserit,</strong></span> <span class='ocrx_word' id='word_1_451' title='bbox 591 3306 796 3364; x_wconf 90' lang='lat' dir='ltr'><strong>nempe</strong></span> <span class='ocrx_word' id='word_1_452' title='bbox 838 3291 992 3363; x_wconf 90' lang='lat' dir='ltr'><strong>quod</strong></span> <span class='ocrx_word' id='word_1_453' title='bbox 1032 3289 1160 3347; x_wconf 92' lang='lat' dir='ltr'><strong>ideo</strong></span> <span class='ocrx_word' id='word_1_454' title='bbox 1197 3288 1526 3360; x_wconf 86' lang='lat' dir='ltr'><strong>excitamur,</strong></span> <span class='ocrx_word' id='word_1_455' title='bbox 1571 3286 1705 3360; x_wconf 90' lang='lat' dir='ltr'><strong>quia</strong></span> <span class='ocrx_word' id='word_1_456' title='bbox 1752 3287 1927 3343; x_wconf 88' lang='lat' dir='ltr'><strong>mori-</strong></span> 
     </span>
    </p>
   </div>
   <div class='ocr_carea' id='block_1_60' title="bbox 328 3375 1931 3454">
    <p class='ocr_par' dir='ltr' id='par_1_60' title="bbox 328 3375 1931 3454">
     <span class='ocr_line' id='line_1_61' title="bbox 328 3375 1931 3454; baseline -0.001 -18"><span class='ocrx_word' id='word_1_457' title='bbox 328 3395 456 3437; x_wconf 91' lang='lat' dir='ltr'><strong>mur</strong></span> <span class='ocrx_word' id='word_1_458' title='bbox 501 3399 515 3437; x_wconf 91' lang='lat'><strong>:</strong></span> <span class='ocrx_word' id='word_1_459' title='bbox 555 3381 715 3454; x_wconf 86' lang='lat' dir='ltr'><strong>quasi</strong></span> <span class='ocrx_word' id='word_1_460' title='bbox 758 3396 872 3439; x_wconf 93' lang='lat' dir='ltr'><strong>non</strong></span> <span class='ocrx_word' id='word_1_461' title='bbox 900 3380 1090 3437; x_wconf 87' lang='lat' dir='ltr'><strong>liceret</strong></span> <span class='ocrx_word' id='word_1_462' title='bbox 1120 3378 1275 3436; x_wconf 90' lang='lat' dir='ltr'><strong>aliter</strong></span> <span class='ocrx_word' id='word_1_463' title='bbox 1303 3376 1589 3447; x_wconf 85' lang='lat' dir='ltr'><strong>viviﬁcari,</strong></span> <span class='ocrx_word' id='word_1_464' title='bbox 1634 3375 1742 3433; x_wconf 91' lang='lat' dir='ltr'><strong>nisi</strong></span> <span class='ocrx_word' id='word_1_465' title='bbox 1776 3391 1931 3434; x_wconf 85' lang='lat' dir='ltr'><strong>mors</strong></span> 
     </span>
    </p>
   </div>
   <div class='ocr_carea' id='block_1_61' title="bbox 328 3477 492 3527">
    <p class='ocr_par' dir='ltr' id='par_1_61' title="bbox 328 3477 492 3527">
     <span class='ocr_line' id='line_1_62' title="bbox 328 3477 492 3527; baseline 0.006 -1"><span class='ocrx_word' id='word_1_466' title='bbox 328 3477 492 3527; x_wconf 87' lang='lat' dir='ltr'><strong>esset.</strong></span> 
     </span>
    </p>
   </div>
   <div class='ocr_carea' id='block_1_62' title="bbox 409 3555 1930 3634">
    <p class='ocr_par' dir='ltr' id='par_1_62' title="bbox 409 3555 1930 3634">
     <span class='ocr_line' id='line_1_63' title="bbox 409 3555 1930 3634; baseline -0.005 -14"><span class='ocrx_word' id='word_1_467' title='bbox 409 3565 588 3622; x_wconf 74' lang='lat' dir='ltr'><strong>Vsns.</strong></span> <span class='ocrx_word' id='word_1_468' title='bbox 618 3569 706 3621; x_wconf 81' lang='lat'><strong>37.</strong></span> <span class='ocrx_word' id='word_1_469' title='bbox 732 3585 759 3612; x_wconf 75' lang='grc' dir='ltr'><strong>α</strong></span> <span class='ocrx_word' id='word_1_470' title='bbox 792 3565 864 3619; x_wconf 89' lang='lat' dir='ltr'><strong>Et</strong></span> <span class='ocrx_word' id='word_1_471' title='bbox 899 3560 1050 3634; x_wconf 90' lang='lat' dir='ltr'><strong>quod</strong></span> <span class='ocrx_word' id='word_1_472' title='bbox 1087 3559 1356 3629; x_wconf 90' lang='lat' dir='ltr'><strong>seminas,</strong></span> <span class='ocrx_word' id='word_1_473' title='bbox 1389 3573 1501 3616; x_wconf 92' lang='lat' dir='ltr'><strong>non</strong></span> <span class='ocrx_word' id='word_1_474' title='bbox 1541 3572 1739 3630; x_wconf 89' lang='lat' dir='ltr'><strong>corpus</strong></span> <span class='ocrx_word' id='word_1_475' title='bbox 1778 3555 1930 3631; x_wconf 92' lang='lat' dir='ltr'><strong>quod</strong></span> 
     </span>
    </p>
   </div>
   <div class='ocr_carea' id='block_1_63' title="bbox 327 3650 1930 3722">
    <p class='ocr_par' dir='ltr' id='par_1_63' title="bbox 327 3650 1930 3722">
     <span class='ocr_line' id='line_1_64' title="bbox 327 3650 1930 3722; baseline -0.007 -8"><span class='ocrx_word' id='word_1_476' title='bbox 327 3657 583 3714; x_wconf 86' lang='lat' dir='ltr'><strong>futurum</strong></span> <span class='ocrx_word' id='word_1_477' title='bbox 611 3662 696 3711; x_wconf 87' lang='lat' dir='ltr'><strong>est</strong></span> <span class='ocrx_word' id='word_1_478' title='bbox 726 3651 986 3722; x_wconf 89' lang='lat' dir='ltr'><strong>seminas,</strong></span> <span class='ocrx_word' id='word_1_479' title='bbox 1013 3651 1114 3708; x_wconf 91' lang='lat' dir='ltr'><strong>sed</strong></span> <span class='ocrx_word' id='word_1_480' title='bbox 1152 3650 1366 3706; x_wconf 90' lang='lat' dir='ltr'><strong>nudum</strong></span> <span class='ocrx_word' id='word_1_481' title='bbox 1415 3663 1673 3722; x_wconf 83' lang='lat' dir='ltr'><strong>granum,</strong></span> <span class='ocrx_word' id='word_1_482' title='bbox 1702 3654 1766 3703; x_wconf 93' lang='lat' dir='ltr'><strong>ut</strong></span> <span class='ocrx_word' id='word_1_483' title='bbox 1795 3655 1930 3719; x_wconf 88' lang='lat' dir='ltr'><strong>puta</strong></span> 
     </span>
    </p>
   </div>
   <div class='ocr_carea' id='block_1_64' title="bbox 329 3737 1932 3816">
    <p class='ocr_par' dir='ltr' id='par_1_64' title="bbox 329 3737 1932 3816">
     <span class='ocr_line' id='line_1_65' title="bbox 329 3737 1932 3816; baseline -0.007 -13"><span class='ocrx_word' id='word_1_484' title='bbox 329 3746 493 3804; x_wconf 89' lang='lat' dir='ltr'><strong>tritici</strong></span> <span class='ocrx_word' id='word_1_485' title='bbox 521 3744 604 3802; x_wconf 90' lang='lat' dir='ltr'><strong>vel</strong></span> <span class='ocrx_word' id='word_1_486' title='bbox 631 3743 863 3816; x_wconf 86' lang='lat' dir='ltr'><strong>alicujus</strong></span> <span class='ocrx_word' id='word_1_487' title='bbox 890 3750 1240 3798; x_wconf 77' lang='lat' dir='ltr'><strong>caeterorum.</strong></span> <span class='ocrx_word' id='word_1_488' title='bbox 1276 3763 1302 3790; x_wconf 73' lang='grc' dir='ltr'><strong><em>υ</em></strong></span> <span class='ocrx_word' id='word_1_489' title='bbox 1335 3740 1476 3796; x_wconf 91' lang='lat' dir='ltr'><strong>Cum</strong></span> <span class='ocrx_word' id='word_1_490' title='bbox 1521 3737 1630 3794; x_wconf 91' lang='lat' dir='ltr'><strong>duo</strong></span> <span class='ocrx_word' id='word_1_491' title='bbox 1661 3752 1780 3794; x_wconf 91' lang='lat' dir='ltr'><strong>esse</strong></span> <span class='ocrx_word' id='word_1_492' title='bbox 1808 3753 1932 3810; x_wconf 69' lang='lat' dir='ltr'><strong>qua:</strong></span> 
     </span>
    </p>
   </div>
   <div class='ocr_carea' id='block_1_65' title="bbox 328 3827 1928 3903">
    <p class='ocr_par' dir='ltr' id='par_1_65' title="bbox 328 3827 1928 3903">
     <span class='ocr_line' id='line_1_66' title="bbox 328 3827 1928 3903; baseline -0.007 -10"><span class='ocrx_word' id='word_1_493' title='bbox 328 3839 871 3893; x_wconf 84' lang='lat' dir='ltr'><strong>controvertcrentur</strong></span> <span class='ocrx_word' id='word_1_494' title='bbox 914 3831 1163 3902; x_wconf 82' lang='lat' dir='ltr'><strong>dixisset,</strong></span> <span class='ocrx_word' id='word_1_495' title='bbox 1202 3828 1486 3903; x_wconf 90' lang='lat' dir='ltr'><strong>quomodo</strong></span> <span class='ocrx_word' id='word_1_496' title='bbox 1524 3827 1790 3883; x_wconf 88' lang='lat' dir='ltr'><strong>nimirum</strong></span> <span class='ocrx_word' id='word_1_497' title='bbox 1828 3843 1928 3883; x_wconf 90' lang='lat' dir='ltr'><strong>ex-</strong></span> 
     </span>
    </p>
   </div>
   <div class='ocr_carea' id='block_1_66' title="bbox 325 3917 1926 3993">
    <p class='ocr_par' dir='ltr' id='par_1_66' title="bbox 325 3917 1926 3993">
     <span class='ocr_line' id='line_1_67' title="bbox 325 3917 1926 3993; baseline -0.007 -10"><span class='ocrx_word' id='word_1_498' title='bbox 325 3929 560 3983; x_wconf 91' lang='lat' dir='ltr'><strong>citentur</strong></span> <span class='ocrx_word' id='word_1_499' title='bbox 604 3923 830 3992; x_wconf 87' lang='lat' dir='ltr'><strong>mortui,</strong></span> <span class='ocrx_word' id='word_1_500' title='bbox 879 3930 934 3977; x_wconf 93' lang='lat' dir='ltr'><strong>et</strong></span> <span class='ocrx_word' id='word_1_501' title='bbox 985 3921 1132 3993; x_wconf 90' lang='lat' dir='ltr'><strong>quali</strong></span> <span class='ocrx_word' id='word_1_502' title='bbox 1180 3933 1411 3992; x_wconf 89' lang='lat' dir='ltr'><strong>corpore</strong></span> <span class='ocrx_word' id='word_1_503' title='bbox 1472 3937 1485 3974; x_wconf 92' lang='lat'>:</span> <span class='ocrx_word' id='word_1_504' title='bbox 1543 3917 1926 3990; x_wconf 74' lang='lat' dir='ltr'><strong>quaestionem,</strong></span> 
     </span>
    </p>
   </div>
   <div class='ocr_carea' id='block_1_67' title="bbox 325 4006 1925 4090">
    <p class='ocr_par' dir='ltr' id='par_1_67' title="bbox 325 4006 1925 4090">
     <span class='ocr_line' id='line_1_68' title="bbox 325 4006 1925 4090; baseline -0.008 -16"><span class='ocrx_word' id='word_1_505' title='bbox 325 4015 604 4090; x_wconf 89' lang='lat' dir='ltr'><strong>quomodo</strong></span> <span class='ocrx_word' id='word_1_506' title='bbox 653 4013 980 4080; x_wconf 89' lang='lat' dir='ltr'><strong>excitentur,</strong></span> <span class='ocrx_word' id='word_1_507' title='bbox 1029 4010 1294 4079; x_wconf 86' lang='lat' dir='ltr'><strong>dissolvit,</strong></span> <span class='ocrx_word' id='word_1_508' title='bbox 1358 4022 1556 4080; x_wconf 89' lang='lat' dir='ltr'><strong>nempe</strong></span> <span class='ocrx_word' id='word_1_509' title='bbox 1615 4006 1925 4076; x_wconf 86' lang='lat' dir='ltr'><strong>moriendo,</strong></span> 
     </span>
    </p>
   </div>
   <div class='ocr_carea' id='block_1_68' title="bbox 324 4097 1932 4180">
    <p class='ocr_par' dir='ltr' id='par_1_68' title="bbox 324 4097 1932 4180">
     <span class='ocr_line' id='line_1_69' title="bbox 324 4097 1932 4180; baseline -0.008 -16"><span class='ocrx_word' id='word_1_510' title='bbox 324 4103 796 4180; x_wconf 86' lang='lat' dir='ltr'><strong>quemadmodum</strong></span> <span class='ocrx_word' id='word_1_511' title='bbox 827 4109 883 4158; x_wconf 92' lang='lat' dir='ltr'><strong>et</strong></span> <span class='ocrx_word' id='word_1_512' title='bbox 903 4116 1159 4174; x_wconf 85' lang='lat' dir='ltr'><strong>granum.</strong></span> <span class='ocrx_word' id='word_1_513' title='bbox 1189 4101 1315 4156; x_wconf 87' lang='lat' dir='ltr'><strong>Jam</strong></span> <span class='ocrx_word' id='word_1_514' title='bbox 1335 4113 1466 4154; x_wconf 88' lang='lat' dir='ltr'><strong>vero</strong></span> <span class='ocrx_word' id='word_1_515' title='bbox 1514 4112 1642 4154; x_wconf 92' lang='lat' dir='ltr'><strong>cum</strong></span> <span class='ocrx_word' id='word_1_516' title='bbox 1671 4097 1932 4168; x_wconf 86' lang='lat' dir='ltr'><strong>interpre-</strong></span> 
     </span>
    </p>
   </div>
   <div class='ocr_carea' id='block_1_69' title="bbox 324 4184 1928 4268">
    <p class='ocr_par' dir='ltr' id='par_1_69' title="bbox 324 4184 1928 4268">
     <span class='ocr_line' id='line_1_70' title="bbox 324 4184 1928 4268; baseline -0.008 -15"><span class='ocrx_word' id='word_1_517' title='bbox 324 4204 472 4252; x_wconf 89' lang='lat' dir='ltr'><strong>tetur</strong></span> <span class='ocrx_word' id='word_1_518' title='bbox 504 4192 651 4268; x_wconf 86' lang='lat' dir='ltr'><strong>quali</strong></span> <span class='ocrx_word' id='word_1_519' title='bbox 687 4206 917 4263; x_wconf 90' lang='lat' dir='ltr'><strong>corpore</strong></span> <span class='ocrx_word' id='word_1_520' title='bbox 961 4197 1268 4262; x_wconf 86' lang='lat' dir='ltr'><strong>resurgant,</strong></span> <span class='ocrx_word' id='word_1_521' title='bbox 1315 4187 1475 4245; x_wconf 89' lang='lat' dir='ltr'><strong>diluit</strong></span> <span class='ocrx_word' id='word_1_522' title='bbox 1517 4187 1752 4243; x_wconf 89' lang='lat' dir='ltr'><strong>alterum</strong></span> <span class='ocrx_word' id='word_1_523' title='bbox 1793 4184 1928 4241; x_wconf 90' lang='lat' dir='ltr'><strong>illud</strong></span> 
     </span>
    </p>
   </div>
   <div class='ocr_carea' id='block_1_70' title="bbox 325 4274 2008 4360">
    <p class='ocr_par' dir='ltr' id='par_1_70' title="bbox 325 4274 2008 4360">
     <span class='ocr_line' id='line_1_71' title="bbox 325 4274 2008 4360; baseline -0.009 -18"><span class='ocrx_word' id='word_1_524' title='bbox 325 4285 395 4342; x_wconf 91' lang='lat' dir='ltr'><strong>de</strong></span> <span class='ocrx_word' id='word_1_525' title='bbox 423 4300 535 4358; x_wconf 93' lang='lat' dir='ltr'><strong>quo</strong></span> <span class='ocrx_word' id='word_1_526' title='bbox 572 4281 976 4354; x_wconf 86' lang='lat' dir='ltr'><strong>ambigebatur,</strong></span> <span class='ocrx_word' id='word_1_527' title='bbox 1008 4279 1186 4347; x_wconf 85' lang='lat' dir='ltr'><strong>Idem,</strong></span> <span class='ocrx_word' id='word_1_528' title='bbox 1234 4277 1512 4351; x_wconf 89' lang='lat' dir='ltr'><strong>inquiens,</strong></span> <span class='ocrx_word' id='word_1_529' title='bbox 1544 4292 1752 4348; x_wconf 87' lang='lat' dir='ltr'><strong>corpus</strong></span> <span class='ocrx_word' id='word_1_530' title='bbox 1777 4274 1926 4332; x_wconf 87' lang='lat' dir='ltr'><strong>exci-</strong></span> <span class='ocrx_word' id='word_1_531' title='bbox 1960 4299 2008 4360; x_wconf 69' lang='grc' dir='ltr'>υ</span> 
     </span>
    </p>
   </div>
   <div class='ocr_carea' id='block_1_71' title="bbox 323 4367 1928 4446">
    <p class='ocr_par' dir='ltr' id='par_1_71' title="bbox 323 4367 1928 4446">
     <span class='ocr_line' id='line_1_72' title="bbox 323 4367 1928 4446; baseline -0.008 -14"><span class='ocrx_word' id='word_1_532' title='bbox 323 4384 494 4444; x_wconf 89' lang='lat' dir='ltr'><strong>tatur,</strong></span> <span class='ocrx_word' id='word_1_533' title='bbox 540 4373 630 4431; x_wconf 87' lang='lat' dir='ltr'><strong>vel</strong></span> <span class='ocrx_word' id='word_1_534' title='bbox 673 4371 919 4446; x_wconf 89' lang='lat' dir='ltr'><strong>ejusdem</strong></span> <span class='ocrx_word' id='word_1_535' title='bbox 963 4370 1233 4439; x_wconf 61' lang='lat' dir='ltr'><strong>essentia,</strong></span> <span class='ocrx_word' id='word_1_536' title='bbox 1265 4367 1605 4442; x_wconf 89' lang='lat' dir='ltr'><strong>splendidius</strong></span> <span class='ocrx_word' id='word_1_537' title='bbox 1647 4376 1834 4423; x_wconf 89' lang='lat' dir='ltr'><strong>tamen</strong></span> <span class='ocrx_word' id='word_1_538' title='bbox 1872 4372 1928 4420; x_wconf 84' lang='lat' dir='ltr'><strong>et</strong></span> 
     </span>
    </p>
   </div>
   <div class='ocr_carea' id='block_1_72' title="bbox 325 4455 1929 4538">
    <p class='ocr_par' dir='ltr' id='par_1_72' title="bbox 325 4455 1929 4538">
     <span class='ocr_line' id='line_1_73' title="bbox 325 4455 1929 4538; baseline -0.008 -16"><span class='ocrx_word' id='word_1_539' title='bbox 325 4465 642 4538; x_wconf 90' lang='lat' dir='ltr'><strong>elegantius.</strong></span> <span class='ocrx_word' id='word_1_540' title='bbox 694 4461 955 4520; x_wconf 62' lang='lat' dir='ltr'><strong>Haretici</strong></span> <span class='ocrx_word' id='word_1_541' title='bbox 1001 4468 1189 4516; x_wconf 90' lang='lat' dir='ltr'><strong>autem</strong></span> <span class='ocrx_word' id='word_1_542' title='bbox 1235 4459 1578 4516; x_wconf 91' lang='lat' dir='ltr'><strong>contendunt</strong></span> <span class='ocrx_word' id='word_1_543' title='bbox 1620 4471 1737 4513; x_wconf 92' lang='lat' dir='ltr'><strong>non</strong></span> <span class='ocrx_word' id='word_1_544' title='bbox 1783 4455 1929 4510; x_wconf 92' lang='lat' dir='ltr'><strong>idem</strong></span> 
     </span>
    </p>
   </div>
   <div class='ocr_carea' id='block_1_73' title="bbox 324 4547 1932 4628">
    <p class='ocr_par' dir='ltr' id='par_1_73' title="bbox 324 4547 1932 4628">
     <span class='ocr_line' id='line_1_74' title="bbox 324 4547 1932 4628; baseline -0.009 -15"><span class='ocrx_word' id='word_1_545' title='bbox 324 4570 522 4628; x_wconf 88' lang='lat' dir='ltr'><strong>corpus</strong></span> <span class='ocrx_word' id='word_1_546' title='bbox 565 4552 791 4611; x_wconf 84' lang='lat' dir='ltr'><strong>excitari</strong></span> <span class='ocrx_word' id='word_1_547' title='bbox 835 4551 990 4608; x_wconf 89' lang='lat' dir='ltr'><strong>:hoc</strong></span> <span class='ocrx_word' id='word_1_548' title='bbox 1029 4551 1176 4606; x_wconf 89' lang='lat' dir='ltr'><strong>enim</strong></span> <span class='ocrx_word' id='word_1_549' title='bbox 1218 4549 1462 4606; x_wconf 86' lang='lat' dir='ltr'><strong>indicare</strong></span> <span class='ocrx_word' id='word_1_550' title='bbox 1507 4547 1671 4603; x_wconf 90' lang='lat' dir='ltr'><strong>aiunt</strong></span> <span class='ocrx_word' id='word_1_551' title='bbox 1695 4551 1932 4616; x_wconf 86' lang='lat' dir='ltr'><strong>Aposto-</strong></span> 
     </span>
    </p>
   </div>
   <div class='ocr_carea' id='block_1_74' title="bbox 324 4635 1932 4714">
    <p class='ocr_par' dir='ltr' id='par_1_74' title="bbox 324 4635 1932 4714">
     <span class='ocr_line' id='line_1_75' title="bbox 324 4635 1932 4714; baseline -0.009 -12"><span class='ocrx_word' id='word_1_552' title='bbox 324 4647 461 4714; x_wconf 92' lang='lat' dir='ltr'><strong>lum,</strong></span> <span class='ocrx_word' id='word_1_553' title='bbox 478 4661 608 4701; x_wconf 89' lang='lat' dir='ltr'><strong>cum</strong></span> <span class='ocrx_word' id='word_1_554' title='bbox 628 4643 737 4700; x_wconf 88' lang='lat' dir='ltr'><strong>ait:</strong></span> <span class='ocrx_word' id='word_1_555' title='bbox 771 4665 796 4691; x_wconf 74' lang='grc' dir='ltr'><strong>α</strong></span> <span class='ocrx_word' id='word_1_556' title='bbox 821 4644 950 4698; x_wconf 87' lang='lat' dir='ltr'><strong>Non</strong></span> <span class='ocrx_word' id='word_1_557' title='bbox 971 4639 1119 4714; x_wconf 90' lang='lat' dir='ltr'><strong>quod</strong></span> <span class='ocrx_word' id='word_1_558' title='bbox 1142 4639 1411 4696; x_wconf 78' lang='lat' dir='ltr'><strong>futurum.</strong></span> <span class='ocrx_word' id='word_1_559' title='bbox 1439 4661 1467 4688; x_wconf 74' lang='grc' dir='ltr'>ιο</span> <span class='ocrx_word' id='word_1_560' title='bbox 1494 4635 1668 4708; x_wconf 81' lang='lat' dir='ltr'><strong>Atqui</strong></span> <span class='ocrx_word' id='word_1_561' title='bbox 1695 4637 1932 4706; x_wconf 84' lang='lat' dir='ltr'><strong>Aposto-</strong></span> 
     </span>
    </p>
   </div>
   <div class='ocr_carea' id='block_1_75' title="bbox 322 4722 1932 4803">
    <p class='ocr_par' dir='ltr' id='par_1_75' title="bbox 322 4722 1932 4803">
     <span class='ocr_line' id='line_1_76' title="bbox 322 4722 1932 4803; baseline -0.009 -12"><span class='ocrx_word' id='word_1_562' title='bbox 322 4737 408 4792; x_wconf 89' lang='lat' dir='ltr'><strong>lus</strong></span> <span class='ocrx_word' id='word_1_563' title='bbox 432 4735 538 4791; x_wconf 87' lang='lat' dir='ltr'><strong>hoc</strong></span> <span class='ocrx_word' id='word_1_564' title='bbox 564 4749 679 4790; x_wconf 93' lang='lat' dir='ltr'><strong>non</strong></span> <span class='ocrx_word' id='word_1_565' title='bbox 702 4732 849 4790; x_wconf 89' lang='lat' dir='ltr'><strong>dicit.</strong></span> <span class='ocrx_word' id='word_1_566' title='bbox 889 4729 1038 4803; x_wconf 88' lang='lat' dir='ltr'><strong>Quid</strong></span> <span class='ocrx_word' id='word_1_567' title='bbox 1080 4728 1283 4801; x_wconf 80' lang='lat' dir='ltr'><strong>igitur?</strong></span> <span class='ocrx_word' id='word_1_568' title='bbox 1311 4731 1436 4785; x_wconf 86' lang='lat' dir='ltr'><strong>Non</strong></span> <span class='ocrx_word' id='word_1_569' title='bbox 1480 4725 1723 4782; x_wconf 89' lang='lat' dir='ltr'><strong>seminas</strong></span> <span class='ocrx_word' id='word_1_570' title='bbox 1770 4722 1932 4796; x_wconf 91' lang='lat' dir='ltr'><strong>quale</strong></span> 
     </span>
    </p>
   </div>
   <div class='ocr_carea' id='block_1_76' title="bbox 324 4809 1928 4894">
    <p class='ocr_par' dir='ltr' id='par_1_76' title="bbox 324 4809 1928 4894">
     <span class='ocr_line' id='line_1_77' title="bbox 324 4809 1928 4894; baseline -0.008 -12"><span class='ocrx_word' id='word_1_571' title='bbox 324 4833 597 4894; x_wconf 88' lang='lat' dir='ltr'><strong>nascetur,</strong></span> <span class='ocrx_word' id='word_1_572' title='bbox 645 4821 997 4894; x_wconf 90' lang='lat' dir='ltr'><strong>splendidum</strong></span> <span class='ocrx_word' id='word_1_573' title='bbox 1051 4835 1251 4892; x_wconf 91' lang='lat' dir='ltr'><strong>nempe</strong></span> <span class='ocrx_word' id='word_1_574' title='bbox 1305 4826 1362 4874; x_wconf 91' lang='lat' dir='ltr'><strong>et</strong></span> <span class='ocrx_word' id='word_1_575' title='bbox 1407 4809 1650 4889; x_wconf 84' lang='lat' dir='ltr'><strong>elegans,</strong></span> <span class='ocrx_word' id='word_1_576' title='bbox 1696 4813 1796 4872; x_wconf 90' lang='lat' dir='ltr'><strong>sed</strong></span> <span class='ocrx_word' id='word_1_577' title='bbox 1824 4829 1928 4869; x_wconf 92' lang='lat' dir='ltr'><strong>nu-</strong></span> 
     </span>
    </p>
   </div>
   <div class='ocr_carea' id='block_1_77' title="bbox 319 4903 1929 4986">
    <p class='ocr_par' dir='ltr' id='par_1_77' title="bbox 319 4903 1929 4986">
     <span class='ocr_line' id='line_1_78' title="bbox 319 4903 1929 4986; baseline -0.009 -14"><span class='ocrx_word' id='word_1_578' title='bbox 319 4916 454 4972; x_wconf 89' lang='lat' dir='ltr'><strong>dum</strong></span> <span class='ocrx_word' id='word_1_579' title='bbox 482 4927 713 4986; x_wconf 86' lang='lat' dir='ltr'><strong>granum</strong></span> <span class='ocrx_word' id='word_1_580' title='bbox 741 4929 756 4968; x_wconf 87' lang='lat'><strong>:</strong></span> <span class='ocrx_word' id='word_1_581' title='bbox 783 4919 1029 4968; x_wconf 86' lang='lat' dir='ltr'><strong>attamen</strong></span> <span class='ocrx_word' id='word_1_582' title='bbox 1053 4910 1201 4982; x_wconf 81' lang='lat' dir='ltr'><strong>Spica</strong></span> <span class='ocrx_word' id='word_1_583' title='bbox 1230 4906 1514 4964; x_wconf 89' lang='lat' dir='ltr'><strong>decentior</strong></span> <span class='ocrx_word' id='word_1_584' title='bbox 1557 4914 1613 4961; x_wconf 89' lang='lat' dir='ltr'><strong>et</strong></span> <span class='ocrx_word' id='word_1_585' title='bbox 1649 4903 1929 4978; x_wconf 84' lang='lat' dir='ltr'><strong>pulchrior</strong></span> 
     </span>
    </p>
   </div>
   <div class='ocr_carea' id='block_1_78' title="bbox 324 4993 1928 5076">
    <p class='ocr_par' dir='ltr' id='par_1_78' title="bbox 324 4993 1928 5076">
     <span class='ocr_line' id='line_1_79' title="bbox 324 4993 1928 5076; baseline -0.009 -15"><span class='ocrx_word' id='word_1_586' title='bbox 324 5005 450 5063; x_wconf 84' lang='lat' dir='ltr'><strong>inde</strong></span> <span class='ocrx_word' id='word_1_587' title='bbox 476 5002 745 5076; x_wconf 88' lang='lat' dir='ltr'><strong>exsurgit.</strong></span> <span class='ocrx_word' id='word_1_588' title='bbox 777 5004 965 5074; x_wconf 85' lang='lat' dir='ltr'><strong>Neque</strong></span> <span class='ocrx_word' id='word_1_589' title='bbox 989 4999 1184 5057; x_wconf 90' lang='lat' dir='ltr'><strong>eadem</strong></span> <span class='ocrx_word' id='word_1_590' title='bbox 1211 5003 1296 5054; x_wconf 86' lang='lat' dir='ltr'><strong>est</strong></span> <span class='ocrx_word' id='word_1_591' title='bbox 1319 4997 1572 5062; x_wconf 89' lang='lat' dir='ltr'><strong>omnino,</strong></span> <span class='ocrx_word' id='word_1_592' title='bbox 1619 5009 1748 5050; x_wconf 88' lang='lat' dir='ltr'><strong>nam</strong></span> <span class='ocrx_word' id='word_1_593' title='bbox 1778 4993 1928 5065; x_wconf 80' lang='lat' dir='ltr'><strong>Spica</strong></span> 
     </span>
    </p>
   </div>
   <div class='ocr_carea' id='block_1_79' title="bbox 321 5082 1925 5160">
    <p class='ocr_par' dir='ltr' id='par_1_79' title="bbox 321 5082 1925 5160">
     <span class='ocr_line' id='line_1_80' title="bbox 321 5082 1925 5160; baseline -0.011 -7"><span class='ocrx_word' id='word_1_594' title='bbox 321 5111 436 5153; x_wconf 92' lang='lat' dir='ltr'><strong>non</strong></span> <span class='ocrx_word' id='word_1_595' title='bbox 472 5103 558 5152; x_wconf 91' lang='lat' dir='ltr'><strong>est</strong></span> <span class='ocrx_word' id='word_1_596' title='bbox 595 5092 888 5160; x_wconf 90' lang='lat' dir='ltr'><strong>seminata,</strong></span> <span class='ocrx_word' id='word_1_597' title='bbox 922 5107 1052 5148; x_wconf 91' lang='lat' dir='ltr'><strong>cum</strong></span> <span class='ocrx_word' id='word_1_598' title='bbox 1092 5090 1281 5146; x_wconf 92' lang='lat' dir='ltr'><strong>culmo</strong></span> <span class='ocrx_word' id='word_1_599' title='bbox 1318 5087 1586 5143; x_wconf 88' lang='lat' dir='ltr'><strong>nimirum</strong></span> <span class='ocrx_word' id='word_1_600' title='bbox 1616 5092 1673 5142; x_wconf 91' lang='lat' dir='ltr'><strong>et</strong></span> <span class='ocrx_word' id='word_1_601' title='bbox 1720 5082 1925 5149; x_wconf 88' lang='lat' dir='ltr'><strong>aristis,</strong></span> 
     </span>
    </p>
   </div>
   <div class='ocr_carea' id='block_1_80' title="bbox 317 5174 1930 5255">
    <p class='ocr_par' dir='ltr' id='par_1_80' title="bbox 317 5174 1930 5255">
     <span class='ocr_line' id='line_1_81' title="bbox 317 5174 1930 5255; baseline -0.007 -14"><span class='ocrx_word' id='word_1_602' title='bbox 317 5184 415 5242; x_wconf 88' lang='lat' dir='ltr'><strong>sed</strong></span> <span class='ocrx_word' id='word_1_603' title='bbox 439 5183 653 5242; x_wconf 89' lang='lat' dir='ltr'><strong>nudum</strong></span> <span class='ocrx_word' id='word_1_604' title='bbox 699 5197 933 5255; x_wconf 86' lang='lat' dir='ltr'><strong>granum</strong></span> <span class='ocrx_word' id='word_1_605' title='bbox 959 5201 972 5238; x_wconf 93' lang='lat'><strong>:</strong></span> <span class='ocrx_word' id='word_1_606' title='bbox 996 5195 1174 5253; x_wconf 91' lang='lat' dir='ltr'><strong>neque</strong></span> <span class='ocrx_word' id='word_1_607' title='bbox 1192 5176 1432 5235; x_wconf 91' lang='lat' dir='ltr'><strong>omnino</strong></span> <span class='ocrx_word' id='word_1_608' title='bbox 1455 5174 1605 5233; x_wconf 88' lang='lat' dir='ltr'><strong>aliud</strong></span> <span class='ocrx_word' id='word_1_609' title='bbox 1628 5191 1724 5231; x_wconf 88' lang='lat' dir='ltr'><strong>seu</strong></span> <span class='ocrx_word' id='word_1_610' title='bbox 1750 5175 1930 5230; x_wconf 87' lang='lat' dir='ltr'><strong>diver-</strong></span> 
     </span>
    </p>
   </div>
   <div class='ocr_carea' id='block_1_81' title="bbox 318 5266 1928 5347">
    <p class='ocr_par' dir='ltr' id='par_1_81' title="bbox 318 5266 1928 5347">
     <span class='ocr_line' id='line_1_82' title="bbox 318 5266 1928 5347; baseline -0.003 -16"><span class='ocrx_word' id='word_1_611' title='bbox 318 5290 465 5344; x_wconf 90' lang='lat' dir='ltr'><strong>sum,</strong></span> <span class='ocrx_word' id='word_1_612' title='bbox 489 5271 943 5347; x_wconf 89' lang='lat' dir='ltr'><strong>quandoquidem</strong></span> <span class='ocrx_word' id='word_1_613' title='bbox 985 5285 1098 5326; x_wconf 92' lang='lat' dir='ltr'><strong>non</strong></span> <span class='ocrx_word' id='word_1_614' title='bbox 1143 5282 1210 5324; x_wconf 86' lang='lat' dir='ltr'><strong>ex</strong></span> <span class='ocrx_word' id='word_1_615' title='bbox 1249 5266 1358 5324; x_wconf 90' lang='lat' dir='ltr'><strong>alio</strong></span> <span class='ocrx_word' id='word_1_616' title='bbox 1389 5281 1584 5339; x_wconf 87' lang='lat' dir='ltr'><strong>grano,</strong></span> <span class='ocrx_word' id='word_1_617' title='bbox 1625 5281 1820 5323; x_wconf 82' lang='lat' dir='ltr'><strong>verum</strong></span> <span class='ocrx_word' id='word_1_618' title='bbox 1859 5283 1928 5326; x_wconf 82' lang='lat' dir='ltr'><strong>ex</strong></span> 
     </span>
    </p>
   </div>
   <div class='ocr_carea' id='block_1_82' title="bbox 323 5361 891 5434">
    <p class='ocr_par' dir='ltr' id='par_1_82' title="bbox 323 5361 891 5434">
     <span class='ocr_line' id='line_1_83' title="bbox 323 5361 891 5434; baseline -0.005 -13"><span class='ocrx_word' id='word_1_619' title='bbox 323 5363 472 5422; x_wconf 92' lang='lat' dir='ltr'><strong>nudo</strong></span> <span class='ocrx_word' id='word_1_620' title='bbox 490 5363 586 5421; x_wconf 90' lang='lat' dir='ltr'><strong>illo</strong></span> <span class='ocrx_word' id='word_1_621' title='bbox 611 5372 696 5420; x_wconf 89' lang='lat' dir='ltr'><strong>est</strong></span> <span class='ocrx_word' id='word_1_622' title='bbox 713 5361 891 5434; x_wconf 89' lang='lat' dir='ltr'><strong>spica.</strong></span> 
     </span>
    </p>
   </div>
   <div class='ocr_carea' id='block_1_83' title="bbox 390 5444 1927 5520">
    <p class='ocr_par' dir='ltr' id='par_1_83' title="bbox 390 5444 1927 5520">
     <span class='ocr_line' id='line_1_84' title="bbox 390 5444 1927 5520; baseline -0.005 -9"><span class='ocrx_word' id='word_1_623' title='bbox 390 5455 569 5512; x_wconf 79' lang='lat' dir='ltr'><strong>Vsus.</strong></span> <span class='ocrx_word' id='word_1_624' title='bbox 603 5458 692 5511; x_wconf 87' lang='lat'><strong>38.</strong></span> <span class='ocrx_word' id='word_1_625' title='bbox 720 5472 744 5505; x_wconf 76' lang='grc' dir='ltr'><strong>ε</strong></span> <span class='ocrx_word' id='word_1_626' title='bbox 766 5453 918 5510; x_wconf 88' lang='lat' dir='ltr'><strong>Deus</strong></span> <span class='ocrx_word' id='word_1_627' title='bbox 945 5456 1133 5508; x_wconf 87' lang='lat' dir='ltr'><strong>autem</strong></span> <span class='ocrx_word' id='word_1_628' title='bbox 1150 5446 1246 5507; x_wconf 88' lang='lat' dir='ltr'><strong>dat</strong></span> <span class='ocrx_word' id='word_1_629' title='bbox 1265 5461 1467 5520; x_wconf 89' lang='lat' dir='ltr'><strong>corpus</strong></span> <span class='ocrx_word' id='word_1_630' title='bbox 1495 5444 1622 5520; x_wconf 89' lang='lat' dir='ltr'><strong>ipsi,</strong></span> <span class='ocrx_word' id='word_1_631' title='bbox 1650 5446 1927 5520; x_wconf 89' lang='lat' dir='ltr'><strong>quemad-</strong></span> 
     </span>
    </p>
   </div>
   <div class='ocr_carea' id='block_1_84' title="bbox 2041 3014 3648 3098">
    <p class='ocr_par' dir='ltr' id='par_1_84' title="bbox 2041 3014 3648 3098">
     <span class='ocr_line' id='line_1_85' title="bbox 2041 3014 3648 3098; baseline 0.001 -25"><span class='ocrx_word' id='word_1_632' title='bbox 2041 3015 2346 3074; x_wconf 79' lang='grc' dir='ltr'>τούναντίον</span> <span class='ocrx_word' id='word_1_633' title='bbox 2381 3015 2698 3098; x_wconf 79' lang='grc' dir='ltr'>περιέτρεψε</span> <span class='ocrx_word' id='word_1_634' title='bbox 2740 3015 2830 3075; x_wconf 82' lang='grc' dir='ltr'><strong>τὸν</strong></span> <span class='ocrx_word' id='word_1_635' title='bbox 2873 3018 3048 3096; x_wconf 79' lang='grc' dir='ltr'>λόγον’</span> <span class='ocrx_word' id='word_1_636' title='bbox 3095 3017 3314 3084; x_wconf 72' lang='grc' dir='ltr'>ἐκείνοις</span> <span class='ocrx_word' id='word_1_637' title='bbox 3343 3016 3447 3097; x_wconf 78' lang='grc' dir='ltr'><strong>γὰρ</strong></span> <span class='ocrx_word' id='word_1_638' title='bbox 3478 3014 3648 3077; x_wconf 71' lang='grc' dir='ltr'>ἐδόκει</span> 
     </span>
    </p>
   </div>
   <div class='ocr_carea' id='block_1_85' title="bbox 2042 3103 3645 3187">
    <p class='ocr_par' dir='ltr' id='par_1_85' title="bbox 2042 3103 3645 3187">
     <span class='ocr_line' id='line_1_86' title="bbox 2042 3103 3645 3187; baseline 0.001 -24"><span class='ocrx_word' id='word_1_639' title='bbox 2042 3103 2274 3187; x_wconf 81' lang='grc' dir='ltr'>ἄπορον,</span> <span class='ocrx_word' id='word_1_640' title='bbox 2319 3108 2434 3174; x_wconf 81' lang='grc' dir='ltr'><strong>πῶς</strong></span> <span class='ocrx_word' id='word_1_641' title='bbox 2475 3106 2612 3184; x_wconf 84' lang='grc' dir='ltr'>μετὰ</span> <span class='ocrx_word' id='word_1_642' title='bbox 2665 3104 2726 3165; x_wconf 84' lang='grc' dir='ltr'><strong>τὸ</strong></span> <span class='ocrx_word' id='word_1_643' title='bbox 2778 3109 2952 3166; x_wconf 81' lang='grc' dir='ltr'>θανεῖν</span> <span class='ocrx_word' id='word_1_644' title='bbox 3002 3107 3330 3187; x_wconf 83' lang='grc' dir='ltr'>ἐγειρόμεθα·</span> <span class='ocrx_word' id='word_1_645' title='bbox 3385 3105 3539 3174; x_wconf 81' lang='grc' dir='ltr'>αὐτὸς</span> <span class='ocrx_word' id='word_1_646' title='bbox 3589 3105 3645 3165; x_wconf 78' lang='grc' dir='ltr'>δὲ</span> 
     </span>
    </p>
   </div>
   <div class='ocr_carea' id='block_1_86' title="bbox 2039 3191 3645 3277">
    <p class='ocr_par' dir='ltr' id='par_1_86' title="bbox 2039 3191 3645 3277">
     <span class='ocr_line' id='line_1_87' title="bbox 2039 3191 3645 3277; baseline 0.001 -23"><span class='ocrx_word' id='word_1_647' title='bbox 2039 3194 2342 3255; x_wconf 76' lang='grc' dir='ltr'>τούναντίον</span> <span class='ocrx_word' id='word_1_648' title='bbox 2389 3196 2580 3276; x_wconf 79' lang='grc' dir='ltr'>φησὶν,</span> <span class='ocrx_word' id='word_1_649' title='bbox 2631 3191 2713 3255; x_wconf 80' lang='grc' dir='ltr'>ὅτι</span> <span class='ocrx_word' id='word_1_650' title='bbox 2758 3195 2846 3256; x_wconf 79' lang='grc' dir='ltr'><strong>διὰ</strong></span> <span class='ocrx_word' id='word_1_651' title='bbox 2882 3200 3039 3256; x_wconf 81' lang='grc' dir='ltr'>τοῦτο</span> <span class='ocrx_word' id='word_1_652' title='bbox 3082 3195 3389 3277; x_wconf 76' lang='grc' dir='ltr'>ἓγειρόμεθα</span> <span class='ocrx_word' id='word_1_653' title='bbox 3413 3194 3645 3271; x_wconf 77' lang='grc' dir='ltr'>,ἐπειδὴ</span> 
     </span>
    </p>
   </div>
   <div class='ocr_carea' id='block_1_87' title="bbox 2039 3284 3645 3364">
    <p class='ocr_par' dir='ltr' id='par_1_87' title="bbox 2039 3284 3645 3364">
     <span class='ocr_line' id='line_1_88' title="bbox 2039 3284 3645 3364; baseline 0 -20"><span class='ocrx_word' id='word_1_654' title='bbox 2039 3284 2476 3364; x_wconf 82' lang='grc' dir='ltr'>ἀποθνήσκομεν,</span> <span class='ocrx_word' id='word_1_655' title='bbox 2521 3286 2594 3354; x_wconf 83' lang='grc' dir='ltr'>ὣς</span> <span class='ocrx_word' id='word_1_656' title='bbox 2633 3286 2730 3345; x_wconf 81' lang='grc' dir='ltr'>οὐκ</span> <span class='ocrx_word' id='word_1_657' title='bbox 2780 3284 2896 3346; x_wconf 76' lang='grc' dir='ltr'>ἐνὸν</span> <span class='ocrx_word' id='word_1_658' title='bbox 2930 3285 3108 3356; x_wconf 79' lang='grc' dir='ltr'>ἄλλως</span> <span class='ocrx_word' id='word_1_659' title='bbox 3141 3289 3552 3364; x_wconf 78' lang='grc' dir='ltr'>ζωοποιηθῆναι,</span> <span class='ocrx_word' id='word_1_660' title='bbox 3597 3287 3645 3346; x_wconf 84' lang='grc' dir='ltr'>εἷ</span> 
     </span>
    </p>
   </div>
   <div class='ocr_carea' id='block_1_88' title="bbox 2039 3365 2489 3452">
    <p class='ocr_par' dir='ltr' id='par_1_88' title="bbox 2039 3365 2489 3452">
     <span class='ocr_line' id='line_1_89' title="bbox 2039 3365 2489 3452; baseline 0 -19"><span class='ocrx_word' id='word_1_661' title='bbox 2039 3371 2115 3452; x_wconf 80' lang='grc' dir='ltr'><strong>μὴ</strong></span> <span class='ocrx_word' id='word_1_662' title='bbox 2149 3365 2214 3448; x_wconf 71' lang='grc' dir='ltr'><strong>ἦν</strong></span> <span class='ocrx_word' id='word_1_663' title='bbox 2246 3373 2489 3444; x_wconf 82' lang='grc' dir='ltr'>θάνατος.</span> 
     </span>
    </p>
   </div>
   <div class='ocr_carea' id='block_1_89' title="bbox 2121 3553 3644 3636">
    <p class='ocr_par' dir='ltr' id='par_1_89' title="bbox 2121 3553 3644 3636">
     <span class='ocr_line' id='line_1_90' title="bbox 2121 3553 3644 3636; baseline 0.001 -20"><span class='ocrx_word' id='word_1_664' title='bbox 2121 3576 2155 3616; x_wconf 75' lang='grc' dir='ltr'><strong>α</strong></span> <span class='ocrx_word' id='word_1_665' title='bbox 2199 3554 2310 3618; x_wconf 84' lang='grc' dir='ltr'><strong>Καὶ</strong></span> <span class='ocrx_word' id='word_1_666' title='bbox 2362 3554 2392 3614; x_wconf 85' lang='grc' dir='ltr'>ὃ</span> <span class='ocrx_word' id='word_1_667' title='bbox 2455 3554 2726 3636; x_wconf 86' lang='grc' dir='ltr'>σπείρεις,</span> <span class='ocrx_word' id='word_1_668' title='bbox 2773 3556 2834 3616; x_wconf 81' lang='grc' dir='ltr'>οὗ</span> <span class='ocrx_word' id='word_1_669' title='bbox 2882 3555 2945 3618; x_wconf 88' lang='grc' dir='ltr'><strong>τὸ</strong></span> <span class='ocrx_word' id='word_1_670' title='bbox 2988 3559 3148 3636; x_wconf 77' lang='grc' dir='ltr'>σῶμα</span> <span class='ocrx_word' id='word_1_671' title='bbox 3191 3555 3250 3616; x_wconf 82' lang='grc' dir='ltr'><strong>τὸ</strong></span> <span class='ocrx_word' id='word_1_672' title='bbox 3294 3553 3644 3636; x_wconf 84' lang='grc' dir='ltr'>γενησόμενον</span> 
     </span>
    </p>
   </div>
   <div class='ocr_carea' id='block_1_90' title="bbox 2037 3644 3642 3728">
    <p class='ocr_par' dir='ltr' id='par_1_90' title="bbox 2037 3644 3642 3728">
     <span class='ocr_line' id='line_1_91' title="bbox 2037 3644 3642 3728; baseline 0.001 -23"><span class='ocrx_word' id='word_1_673' title='bbox 2037 3645 2301 3727; x_wconf 88' lang='grc' dir='ltr'>σπείρεις,</span> <span class='ocrx_word' id='word_1_674' title='bbox 2346 3646 2488 3706; x_wconf 80' lang='grc' dir='ltr'>ἀλλὰ</span> <span class='ocrx_word' id='word_1_675' title='bbox 2535 3645 2734 3726; x_wconf 90' lang='grc' dir='ltr'>γυμνὸν</span> <span class='ocrx_word' id='word_1_676' title='bbox 2780 3647 2992 3723; x_wconf 80' lang='grc' dir='ltr'>κόκκον,</span> <span class='ocrx_word' id='word_1_677' title='bbox 3045 3650 3092 3706; x_wconf 85' lang='grc' dir='ltr'>εἷ</span> <span class='ocrx_word' id='word_1_678' title='bbox 3128 3645 3323 3728; x_wconf 88' lang='grc' dir='ltr'>τύχοι,</span> <span class='ocrx_word' id='word_1_679' title='bbox 3383 3645 3564 3722; x_wconf 87' lang='grc' dir='ltr'>σίτου,</span> <span class='ocrx_word' id='word_1_680' title='bbox 3606 3644 3642 3718; x_wconf 84' lang='grc' dir='ltr'>ἤ</span> 
     </span>
    </p>
   </div>
   <div class='ocr_carea' id='block_1_91' title="bbox 2035 3734 3644 3818">
    <p class='ocr_par' dir='ltr' id='par_1_91' title="bbox 2035 3734 3644 3818">
     <span class='ocr_line' id='line_1_92' title="bbox 2035 3734 3644 3818; baseline 0.001 -24"><span class='ocrx_word' id='word_1_681' title='bbox 2035 3758 2172 3804; x_wconf 90' lang='grc' dir='ltr'>τινος</span> <span class='ocrx_word' id='word_1_682' title='bbox 2217 3739 2324 3794; x_wconf 78' lang='grc' dir='ltr'><strong>τῶν</strong></span> <span class='ocrx_word' id='word_1_683' title='bbox 2371 3738 2590 3796; x_wconf 80' lang='grc' dir='ltr'>λοιπῶν.</span> <span class='ocrx_word' id='word_1_684' title='bbox 2643 3763 2668 3791; x_wconf 81' lang='grc'><strong>»</strong></span> <span class='ocrx_word' id='word_1_685' title='bbox 2709 3734 2819 3796; x_wconf 88' lang='grc' dir='ltr'>Δύο</span> <span class='ocrx_word' id='word_1_686' title='bbox 2856 3737 3173 3818; x_wconf 85' lang='grc' dir='ltr'>ἀπορεῖσθαι</span> <span class='ocrx_word' id='word_1_687' title='bbox 3204 3735 3400 3812; x_wconf 81' lang='grc' dir='ltr'>εἰπὼν,</span> <span class='ocrx_word' id='word_1_688' title='bbox 3429 3740 3543 3804; x_wconf 79' lang='grc' dir='ltr'><strong>πῶς</strong></span> <span class='ocrx_word' id='word_1_689' title='bbox 3583 3757 3644 3796; x_wconf 84' lang='grc' dir='ltr'><strong>τε</strong></span> 
     </span>
    </p>
   </div>
   <div class='ocr_carea' id='block_1_92' title="bbox 2036 3824 3642 3908">
    <p class='ocr_par' dir='ltr' id='par_1_92' title="bbox 2036 3824 3642 3908">
     <span class='ocr_line' id='line_1_93' title="bbox 2036 3824 3642 3908; baseline 0.001 -24"><span class='ocrx_word' id='word_1_690' title='bbox 2036 3825 2329 3906; x_wconf 80' lang='grc' dir='ltr'>ἐγείρονται</span> <span class='ocrx_word' id='word_1_691' title='bbox 2399 3828 2448 3884; x_wconf 76' lang='grc' dir='ltr'>οἱ</span> <span class='ocrx_word' id='word_1_692' title='bbox 2512 3826 2706 3908; x_wconf 76' lang='grc' dir='ltr'>νεκροὶ,</span> <span class='ocrx_word' id='word_1_693' title='bbox 2757 3826 2852 3885; x_wconf 79' lang='grc' dir='ltr'>καὶ</span> <span class='ocrx_word' id='word_1_694' title='bbox 2905 3827 3044 3904; x_wconf 87' lang='grc' dir='ltr'>ποίῳ</span> <span class='ocrx_word' id='word_1_695' title='bbox 3091 3824 3326 3900; x_wconf 85' lang='grc' dir='ltr'>σώματι·</span> <span class='ocrx_word' id='word_1_696' title='bbox 3382 3829 3495 3895; x_wconf 81' lang='grc' dir='ltr'><strong>πῶς</strong></span> <span class='ocrx_word' id='word_1_697' title='bbox 3545 3827 3642 3904; x_wconf 73' lang='grc' dir='ltr'>μὶν</span> 
     </span>
    </p>
   </div>
   <div class='ocr_carea' id='block_1_93' title="bbox 2037 3914 3644 3997">
    <p class='ocr_par' dir='ltr' id='par_1_93' title="bbox 2037 3914 3644 3997">
     <span class='ocr_line' id='line_1_94' title="bbox 2037 3914 3644 3997; baseline 0.001 -25"><span class='ocrx_word' id='word_1_698' title='bbox 2037 3915 2354 3996; x_wconf 70' lang='grc' dir='ltr'>ὶγείρονται,</span> <span class='ocrx_word' id='word_1_699' title='bbox 2394 3915 2618 3992; x_wconf 79' lang='grc' dir='ltr'>ἔλυσεν,</span> <span class='ocrx_word' id='word_1_700' title='bbox 2677 3914 2760 3974; x_wconf 80' lang='grc' dir='ltr'><strong>ὅτι</strong></span> <span class='ocrx_word' id='word_1_701' title='bbox 2803 3914 2891 3973; x_wconf 82' lang='grc' dir='ltr'><strong>διὰ</strong></span> <span class='ocrx_word' id='word_1_702' title='bbox 2930 3919 3023 3974; x_wconf 80' lang='grc' dir='ltr'><strong>τοῦ</strong></span> <span class='ocrx_word' id='word_1_703' title='bbox 3070 3919 3278 3991; x_wconf 88' lang='grc' dir='ltr'>θανεῖν,</span> <span class='ocrx_word' id='word_1_704' title='bbox 3318 3914 3500 3997; x_wconf 84' lang='grc' dir='ltr'>ὥσπερ</span> <span class='ocrx_word' id='word_1_705' title='bbox 3549 3915 3644 3976; x_wconf 72' lang='grc' dir='ltr'><strong>καὶ</strong></span> 
     </span>
    </p>
   </div>
   <div class='ocr_carea' id='block_1_94' title="bbox 2035 4001 3646 4086">
    <p class='ocr_par' dir='ltr' id='par_1_94' title="bbox 2035 4001 3646 4086">
     <span class='ocr_line' id='line_1_95' title="bbox 2035 4001 3646 4086; baseline 0 -22"><span class='ocrx_word' id='word_1_706' title='bbox 2035 4007 2064 4064; x_wconf 82' lang='grc' dir='ltr'><strong>δ</strong></span> <span class='ocrx_word' id='word_1_707' title='bbox 2093 4003 2300 4072; x_wconf 62' lang='grc' dir='ltr'>κόκκος</span> <span class='ocrx_word' id='word_1_708' title='bbox 2352 4011 2440 4063; x_wconf 78' lang='grc' dir='ltr'><strong>νῦν</strong></span> <span class='ocrx_word' id='word_1_709' title='bbox 2471 4004 2526 4064; x_wconf 73' lang='grc' dir='ltr'>δὲ</span> <span class='ocrx_word' id='word_1_710' title='bbox 2582 4001 2886 4085; x_wconf 83' lang='grc' dir='ltr'>ἑρμηνεύων</span> <span class='ocrx_word' id='word_1_711' title='bbox 2928 4005 3022 4064; x_wconf 75' lang='grc' dir='ltr'><strong>καὶ</strong></span> <span class='ocrx_word' id='word_1_712' title='bbox 3051 4004 3193 4086; x_wconf 87' lang='grc' dir='ltr'>ποίῳ</span> <span class='ocrx_word' id='word_1_713' title='bbox 3239 4003 3458 4082; x_wconf 80' lang='grc' dir='ltr'>σώματι</span> <span class='ocrx_word' id='word_1_714' title='bbox 3503 4005 3646 4085; x_wconf 72' lang='grc' dir='ltr'>ἐγεί-</span> 
     </span>
    </p>
   </div>
   <div class='ocr_carea' id='block_1_95' title="bbox 2039 4091 3645 4174">
    <p class='ocr_par' dir='ltr' id='par_1_95' title="bbox 2039 4091 3645 4174">
     <span class='ocr_line' id='line_1_96' title="bbox 2039 4091 3645 4174; baseline 0.001 -22"><span class='ocrx_word' id='word_1_715' title='bbox 2039 4116 2254 4174; x_wconf 85' lang='grc' dir='ltr'>ρονται,</span> <span class='ocrx_word' id='word_1_716' title='bbox 2283 4091 2400 4152; x_wconf 89' lang='grc' dir='ltr'>λύει</span> <span class='ocrx_word' id='word_1_717' title='bbox 2439 4092 2534 4151; x_wconf 83' lang='grc' dir='ltr'>καὶ</span> <span class='ocrx_word' id='word_1_718' title='bbox 2561 4092 2623 4152; x_wconf 88' lang='grc' dir='ltr'><strong>τὸ</strong></span> <span class='ocrx_word' id='word_1_719' title='bbox 2673 4092 2851 4173; x_wconf 74' lang='grc' dir='ltr'>ἕτερον</span> <span class='ocrx_word' id='word_1_720' title='bbox 2902 4093 3136 4174; x_wconf 83' lang='grc' dir='ltr'>ἄπορον,</span> <span class='ocrx_word' id='word_1_721' title='bbox 3185 4094 3279 4154; x_wconf 87' lang='grc' dir='ltr'><strong>καί</strong></span> <span class='ocrx_word' id='word_1_722' title='bbox 3319 4116 3480 4174; x_wconf 77' lang='grc' dir='ltr'>φησιν</span> <span class='ocrx_word' id='word_1_723' title='bbox 3504 4142 3518 4166; x_wconf 89' lang='grc'><strong>,</strong></span> <span class='ocrx_word' id='word_1_724' title='bbox 3563 4093 3645 4153; x_wconf 74' lang='grc' dir='ltr'>ὅτι</span> 
     </span>
    </p>
   </div>
   <div class='ocr_carea' id='block_1_96' title="bbox 2035 4180 3643 4264">
    <p class='ocr_par' dir='ltr' id='par_1_96' title="bbox 2035 4180 3643 4264">
     <span class='ocr_line' id='line_1_97' title="bbox 2035 4180 3643 4264; baseline -0.001 -20"><span class='ocrx_word' id='word_1_725' title='bbox 2035 4182 2117 4244; x_wconf 85' lang='grc' dir='ltr'>Τὸ</span> <span class='ocrx_word' id='word_1_726' title='bbox 2147 4181 2242 4261; x_wconf 79' lang='grc' dir='ltr'>μὲν</span> <span class='ocrx_word' id='word_1_727' title='bbox 2266 4180 2398 4241; x_wconf 77' lang='grc' dir='ltr'>αὐτὸ</span> <span class='ocrx_word' id='word_1_728' title='bbox 2425 4185 2586 4256; x_wconf 82' lang='grc' dir='ltr'>σῶμα</span> <span class='ocrx_word' id='word_1_729' title='bbox 2631 4182 2924 4264; x_wconf 76' lang='grc' dir='ltr'>ἐγείρεται,</span> <span class='ocrx_word' id='word_1_730' title='bbox 2956 4183 3076 4256; x_wconf 83' lang='grc' dir='ltr'>ἤτοι</span> <span class='ocrx_word' id='word_1_731' title='bbox 3116 4187 3213 4256; x_wconf 75' lang='grc' dir='ltr'><strong>τῆς</strong></span> <span class='ocrx_word' id='word_1_732' title='bbox 3255 4187 3422 4256; x_wconf 77' lang='grc' dir='ltr'>αὐτῆς</span> <span class='ocrx_word' id='word_1_733' title='bbox 3455 4180 3514 4242; x_wconf 84' lang='grc' dir='ltr'><strong>ὂν</strong></span> <span class='ocrx_word' id='word_1_734' title='bbox 3547 4185 3643 4243; x_wconf 81' lang='grc' dir='ltr'><strong>οὖ-</strong></span> 
     </span>
    </p>
   </div>
   <div class='ocr_carea' id='block_1_97' title="bbox 2035 4269 3644 4357">
    <p class='ocr_par' dir='ltr' id='par_1_97' title="bbox 2035 4269 3644 4357">
     <span class='ocr_line' id='line_1_98' title="bbox 2035 4269 3644 4357; baseline 0.001 -27"><span class='ocrx_word' id='word_1_735' title='bbox 2035 4269 2186 4346; x_wconf 85' lang='grc' dir='ltr'>σίας,</span> <span class='ocrx_word' id='word_1_736' title='bbox 2229 4271 2602 4355; x_wconf 89' lang='grc' dir='ltr'>λαμπρότερον</span> <span class='ocrx_word' id='word_1_737' title='bbox 2644 4272 2700 4332; x_wconf 87' lang='grc' dir='ltr'>δὲ</span> <span class='ocrx_word' id='word_1_738' title='bbox 2743 4272 2837 4333; x_wconf 75' lang='grc' dir='ltr'>καὶ</span> <span class='ocrx_word' id='word_1_739' title='bbox 2877 4271 3264 4357; x_wconf 85' lang='grc' dir='ltr'>κοσμιώτερον.</span> <span class='ocrx_word' id='word_1_740' title='bbox 3299 4276 3371 4335; x_wconf 82' lang='grc' dir='ltr'><strong>Οἱ</strong></span> <span class='ocrx_word' id='word_1_741' title='bbox 3402 4273 3458 4333; x_wconf 81' lang='grc' dir='ltr'>δὲ</span> <span class='ocrx_word' id='word_1_742' title='bbox 3496 4274 3644 4356; x_wconf 78' lang='grc' dir='ltr'>αἱρε-</span> 
     </span>
    </p>
   </div>
   <div class='ocr_carea' id='block_1_98' title="bbox 2039 4360 3638 4446">
    <p class='ocr_par' dir='ltr' id='par_1_98' title="bbox 2039 4360 3638 4446">
     <span class='ocr_line' id='line_1_99' title="bbox 2039 4360 3638 4446; baseline 0 -24"><span class='ocrx_word' id='word_1_743' title='bbox 2039 4361 2178 4422; x_wconf 73' lang='grc' dir='ltr'>τικοὶ</span> <span class='ocrx_word' id='word_1_744' title='bbox 2204 4360 2476 4444; x_wconf 84' lang='grc' dir='ltr'>λέγουσιν,</span> <span class='ocrx_word' id='word_1_745' title='bbox 2504 4361 2584 4422; x_wconf 80' lang='grc' dir='ltr'>ὅτι</span> <span class='ocrx_word' id='word_1_746' title='bbox 2630 4365 2690 4424; x_wconf 81' lang='grc' dir='ltr'>οὗ</span> <span class='ocrx_word' id='word_1_747' title='bbox 2717 4361 2778 4422; x_wconf 89' lang='grc' dir='ltr'><strong>τὸ</strong></span> <span class='ocrx_word' id='word_1_748' title='bbox 2807 4363 2936 4423; x_wconf 83' lang='grc' dir='ltr'>αὐτὸ</span> <span class='ocrx_word' id='word_1_749' title='bbox 2967 4362 3249 4446; x_wconf 80' lang='grc' dir='ltr'>ἐγείρεται.</span> <span class='ocrx_word' id='word_1_750' title='bbox 3293 4363 3470 4425; x_wconf 80' lang='grc' dir='ltr'>Τοῦτο</span> <span class='ocrx_word' id='word_1_751' title='bbox 3509 4362 3638 4445; x_wconf 80' lang='grc' dir='ltr'>γὰρ,</span> 
     </span>
    </p>
   </div>
   <div class='ocr_carea' id='block_1_99' title="bbox 2035 4450 3642 4533">
    <p class='ocr_par' dir='ltr' id='par_1_99' title="bbox 2035 4450 3642 4533">
     <span class='ocr_line' id='line_1_100' title="bbox 2035 4450 3642 4533; baseline 0.002 -23"><span class='ocrx_word' id='word_1_752' title='bbox 2035 4450 2167 4533; x_wconf 74' lang='grc' dir='ltr'>φασὶ</span> <span class='ocrx_word' id='word_1_753' title='bbox 2184 4498 2202 4531; x_wconf 91' lang='grc'><strong>,</strong></span> <span class='ocrx_word' id='word_1_754' title='bbox 2233 4454 2390 4526; x_wconf 82' lang='grc' dir='ltr'>δηλοῖ</span> <span class='ocrx_word' id='word_1_755' title='bbox 2414 4455 2441 4512; x_wconf 83' lang='grc' dir='ltr'><strong>δ</strong></span> <span class='ocrx_word' id='word_1_756' title='bbox 2468 4452 2786 4521; x_wconf 81' lang='grc' dir='ltr'>Ἀπόστολος</span> <span class='ocrx_word' id='word_1_757' title='bbox 2811 4452 2901 4513; x_wconf 79' lang='grc' dir='ltr'><strong>διὰ</strong></span> <span class='ocrx_word' id='word_1_758' title='bbox 2941 4458 3036 4514; x_wconf 80' lang='grc' dir='ltr'><strong>τοῦ</strong></span> <span class='ocrx_word' id='word_1_759' title='bbox 3066 4455 3256 4531; x_wconf 80' lang='grc' dir='ltr'>εἰπεῖν,</span> <span class='ocrx_word' id='word_1_760' title='bbox 3288 4474 3318 4511; x_wconf 74' lang='grc' dir='ltr'><strong>α</strong></span> <span class='ocrx_word' id='word_1_761' title='bbox 3351 4455 3436 4515; x_wconf 81' lang='grc' dir='ltr'>Οὐ</span> <span class='ocrx_word' id='word_1_762' title='bbox 3463 4453 3526 4514; x_wconf 86' lang='grc' dir='ltr'><strong>τὸ</strong></span> <span class='ocrx_word' id='word_1_763' title='bbox 3553 4475 3642 4532; x_wconf 85' lang='grc' dir='ltr'>γε·</span> 
     </span>
    </p>
   </div>
   <div class='ocr_carea' id='block_1_100' title="bbox 2036 4539 3644 4622">
    <p class='ocr_par' dir='ltr' id='par_1_100' title="bbox 2036 4539 3644 4622">
     <span class='ocr_line' id='line_1_101' title="bbox 2036 4539 3644 4622; baseline 0 -22"><span class='ocrx_word' id='word_1_764' title='bbox 2036 4539 2349 4620; x_wconf 84' lang='grc' dir='ltr'>νησόμενον.</span> <span class='ocrx_word' id='word_1_765' title='bbox 2377 4563 2410 4601; x_wconf 75' lang='lat' dir='ltr'><strong>n</strong></span> <span class='ocrx_word' id='word_1_766' title='bbox 2451 4544 2535 4603; x_wconf 83' lang='grc' dir='ltr'><strong>Οὐ</strong></span> <span class='ocrx_word' id='word_1_767' title='bbox 2556 4543 2714 4603; x_wconf 74' lang='grc' dir='ltr'>τοῦτὸ</span> <span class='ocrx_word' id='word_1_768' title='bbox 2742 4541 2800 4604; x_wconf 87' lang='grc' dir='ltr'>δὲ</span> <span class='ocrx_word' id='word_1_769' title='bbox 2827 4542 2970 4622; x_wconf 87' lang='grc' dir='ltr'>λέγει</span> <span class='ocrx_word' id='word_1_770' title='bbox 2989 4546 3018 4602; x_wconf 85' lang='grc' dir='ltr'><strong>ὁ</strong></span> <span class='ocrx_word' id='word_1_771' title='bbox 3039 4543 3370 4610; x_wconf 67' lang='grc' dir='ltr'>’Δπόστολος</span> <span class='ocrx_word' id='word_1_772' title='bbox 3395 4543 3532 4603; x_wconf 84' lang='grc' dir='ltr'>ἀλλᾶ</span> <span class='ocrx_word' id='word_1_773' title='bbox 3561 4541 3616 4602; x_wconf 89' lang='grc' dir='ltr'><strong>τί</strong></span> <span class='ocrx_word' id='word_1_774' title='bbox 3626 4567 3644 4618; x_wconf 82' lang='grc'><strong>;</strong></span> 
     </span>
    </p>
   </div>
   <div class='ocr_carea' id='block_1_101' title="bbox 2035 4625 3638 4715">
    <p class='ocr_par' dir='ltr' id='par_1_101' title="bbox 2035 4625 3638 4715">
     <span class='ocr_line' id='line_1_102' title="bbox 2035 4625 3638 4715; baseline 0.001 -25"><span class='ocrx_word' id='word_1_775' title='bbox 2035 4631 2116 4691; x_wconf 80' lang='grc' dir='ltr'>ὅτι</span> <span class='ocrx_word' id='word_1_776' title='bbox 2163 4634 2246 4694; x_wconf 86' lang='grc' dir='ltr'><strong>Οὖ</strong></span> <span class='ocrx_word' id='word_1_777' title='bbox 2310 4632 2544 4714; x_wconf 89' lang='grc' dir='ltr'>σπείρεις</span> <span class='ocrx_word' id='word_1_778' title='bbox 2599 4625 2708 4694; x_wconf 77' lang='grc' dir='ltr'>οἷον</span> <span class='ocrx_word' id='word_1_779' title='bbox 2773 4635 3089 4713; x_wconf 86' lang='grc' dir='ltr'>γενήσεται,</span> <span class='ocrx_word' id='word_1_780' title='bbox 3139 4635 3388 4715; x_wconf 88' lang='grc' dir='ltr'>λαμπρὸν</span> <span class='ocrx_word' id='word_1_781' title='bbox 3433 4633 3638 4706; x_wconf 83' lang='grc' dir='ltr'>δηλαδὴ</span> 
     </span>
    </p>
   </div>
   <div class='ocr_carea' id='block_1_102' title="bbox 2035 4721 3642 4803">
    <p class='ocr_par' dir='ltr' id='par_1_102' title="bbox 2035 4721 3642 4803">
     <span class='ocr_line' id='line_1_103' title="bbox 2035 4721 3642 4803; baseline 0 -22"><span class='ocrx_word' id='word_1_782' title='bbox 2035 4721 2128 4782; x_wconf 78' lang='grc' dir='ltr'><strong>καὶ</strong></span> <span class='ocrx_word' id='word_1_783' title='bbox 2155 4723 2379 4802; x_wconf 87' lang='grc' dir='ltr'>κόσμιον</span> <span class='ocrx_word' id='word_1_784' title='bbox 2397 4769 2416 4798; x_wconf 91' lang='grc'><strong>,</strong></span> <span class='ocrx_word' id='word_1_785' title='bbox 2447 4722 2587 4782; x_wconf 80' lang='grc' dir='ltr'>ἀλλὰ</span> <span class='ocrx_word' id='word_1_786' title='bbox 2615 4721 2815 4803; x_wconf 86' lang='grc' dir='ltr'>γυμνὸν</span> <span class='ocrx_word' id='word_1_787' title='bbox 2845 4722 3057 4783; x_wconf 85' lang='grc' dir='ltr'>κόκκον·</span> <span class='ocrx_word' id='word_1_788' title='bbox 3099 4725 3218 4782; x_wconf 83' lang='grc' dir='ltr'>ἀλλ’</span> <span class='ocrx_word' id='word_1_789' title='bbox 3255 4723 3400 4800; x_wconf 77' lang='grc' dir='ltr'>ὅμως</span> <span class='ocrx_word' id='word_1_790' title='bbox 3431 4726 3458 4782; x_wconf 83' lang='grc' dir='ltr'><strong>ὁ</strong></span> <span class='ocrx_word' id='word_1_791' title='bbox 3511 4722 3642 4782; x_wconf 85' lang='grc' dir='ltr'>στά-</span> 
     </span>
    </p>
   </div>
   <div class='ocr_carea' id='block_1_103' title="bbox 2034 4810 3638 4893">
    <p class='ocr_par' dir='ltr' id='par_1_103' title="bbox 2034 4810 3638 4893">
     <span class='ocr_line' id='line_1_104' title="bbox 2034 4810 3638 4893; baseline -0.001 -21"><span class='ocrx_word' id='word_1_792' title='bbox 2034 4835 2129 4893; x_wconf 81' lang='grc' dir='ltr'><strong>χυς</strong></span> <span class='ocrx_word' id='word_1_793' title='bbox 2179 4813 2598 4893; x_wconf 82' lang='grc' dir='ltr'>εὐπρεπέστερος</span> <span class='ocrx_word' id='word_1_794' title='bbox 2663 4811 2854 4893; x_wconf 76' lang='grc' dir='ltr'>φύεται</span> <span class='ocrx_word' id='word_1_795' title='bbox 2905 4812 2981 4872; x_wconf 79' lang='grc'><strong>⁷⁷.</strong></span> <span class='ocrx_word' id='word_1_796' title='bbox 3039 4810 3184 4873; x_wconf 83' lang='grc' dir='ltr'>Οὔτε</span> <span class='ocrx_word' id='word_1_797' title='bbox 3232 4816 3262 4872; x_wconf 81' lang='grc' dir='ltr'>ὁ</span> <span class='ocrx_word' id='word_1_798' title='bbox 3315 4813 3470 4880; x_wconf 80' lang='grc' dir='ltr'>αὐτός</span> <span class='ocrx_word' id='word_1_799' title='bbox 3523 4817 3638 4873; x_wconf 81' lang='grc' dir='ltr'>ἐστι</span> 
     </span>
    </p>
   </div>
   <div class='ocr_carea' id='block_1_104' title="bbox 2034 4901 3640 4983">
    <p class='ocr_par' dir='ltr' id='par_1_104' title="bbox 2034 4901 3640 4983">
     <span class='ocr_line' id='line_1_105' title="bbox 2034 4901 3640 4983; baseline 0.002 -23"><span class='ocrx_word' id='word_1_800' title='bbox 2034 4903 2234 4981; x_wconf 82' lang='grc' dir='ltr'>πάντη,</span> <span class='ocrx_word' id='word_1_801' title='bbox 2281 4902 2415 4962; x_wconf 89' lang='grc' dir='ltr'>διότι</span> <span class='ocrx_word' id='word_1_802' title='bbox 2457 4903 2553 4962; x_wconf 76' lang='grc' dir='ltr'><strong>οὐκ</strong></span> <span class='ocrx_word' id='word_1_803' title='bbox 2582 4903 2792 4982; x_wconf 77' lang='grc' dir='ltr'>ἐσπάρη</span> <span class='ocrx_word' id='word_1_804' title='bbox 2827 4901 3059 4983; x_wconf 87' lang='grc' dir='ltr'>στάχυς,</span> <span class='ocrx_word' id='word_1_805' title='bbox 3089 4902 3226 4979; x_wconf 83' lang='grc' dir='ltr'>μετὰ</span> <span class='ocrx_word' id='word_1_806' title='bbox 3265 4906 3360 4976; x_wconf 81' lang='grc' dir='ltr'><strong>τῆς</strong></span> <span class='ocrx_word' id='word_1_807' title='bbox 3387 4902 3640 4982; x_wconf 87' lang='grc' dir='ltr'>καλάμης</span> 
     </span>
    </p>
   </div>
   <div class='ocr_carea' id='block_1_105' title="bbox 2037 4990 3639 5071">
    <p class='ocr_par' dir='ltr' id='par_1_105' title="bbox 2037 4990 3639 5071">
     <span class='ocr_line' id='line_1_106' title="bbox 2037 4990 3639 5071; baseline 0.001 -20"><span class='ocrx_word' id='word_1_808' title='bbox 2037 4992 2264 5065; x_wconf 82' lang='grc' dir='ltr'>δηλαδὴ,</span> <span class='ocrx_word' id='word_1_809' title='bbox 2312 4992 2404 5051; x_wconf 76' lang='grc' dir='ltr'>καὶ</span> <span class='ocrx_word' id='word_1_810' title='bbox 2450 4994 2556 5051; x_wconf 82' lang='grc' dir='ltr'><strong>τῶν</strong></span> <span class='ocrx_word' id='word_1_811' title='bbox 2615 4991 2934 5070; x_wconf 82' lang='grc' dir='ltr'>ἀνθερίκων,</span> <span class='ocrx_word' id='word_1_812' title='bbox 2986 4990 3126 5051; x_wconf 82' lang='grc' dir='ltr'>ἀλλὰ</span> <span class='ocrx_word' id='word_1_813' title='bbox 3181 4992 3376 5071; x_wconf 88' lang='grc' dir='ltr'>γυμνὸς</span> <span class='ocrx_word' id='word_1_814' title='bbox 3426 4992 3639 5059; x_wconf 64' lang='grc' dir='ltr'>κόκκος</span> 
     </span>
    </p>
   </div>
   <div class='ocr_carea' id='block_1_106' title="bbox 2033 5079 3638 5164">
    <p class='ocr_par' dir='ltr' id='par_1_106' title="bbox 2033 5079 3638 5164">
     <span class='ocr_line' id='line_1_107' title="bbox 2033 5079 3638 5164; baseline 0.001 -24"><span class='ocrx_word' id='word_1_815' title='bbox 2033 5080 2152 5142; x_wconf 81' lang='grc' dir='ltr'>οὔτε</span> <span class='ocrx_word' id='word_1_816' title='bbox 2181 5079 2355 5163; x_wconf 81' lang='grc' dir='ltr'>ἕτερος</span> <span class='ocrx_word' id='word_1_817' title='bbox 2399 5080 2598 5154; x_wconf 88' lang='grc' dir='ltr'>πάντη,</span> <span class='ocrx_word' id='word_1_818' title='bbox 2631 5079 2763 5139; x_wconf 88' lang='grc' dir='ltr'>διότι</span> <span class='ocrx_word' id='word_1_819' title='bbox 2806 5081 2904 5140; x_wconf 83' lang='grc' dir='ltr'><strong>οὐκ</strong></span> <span class='ocrx_word' id='word_1_820' title='bbox 2933 5079 2987 5149; x_wconf 81' lang='grc' dir='ltr'><strong>ἐξ</strong></span> <span class='ocrx_word' id='word_1_821' title='bbox 3025 5080 3203 5164; x_wconf 80' lang='grc' dir='ltr'>ἐτέρου</span> <span class='ocrx_word' id='word_1_822' title='bbox 3247 5080 3476 5162; x_wconf 84' lang='grc' dir='ltr'>κόκκου,</span> <span class='ocrx_word' id='word_1_823' title='bbox 3514 5083 3638 5141; x_wconf 83' lang='grc' dir='ltr'>ἀλλ’</span> 
     </span>
    </p>
   </div>
   <div class='ocr_carea' id='block_1_107' title="bbox 2033 5169 3004 5252">
    <p class='ocr_par' dir='ltr' id='par_1_107' title="bbox 2033 5169 3004 5252">
     <span class='ocr_line' id='line_1_108' title="bbox 2033 5169 3004 5252; baseline -0.001 -22"><span class='ocrx_word' id='word_1_824' title='bbox 2033 5173 2093 5230; x_wconf 83' lang='grc' dir='ltr'>ἐκ</span> <span class='ocrx_word' id='word_1_825' title='bbox 2132 5175 2229 5231; x_wconf 75' lang='grc' dir='ltr'><strong>τοῦ</strong></span> <span class='ocrx_word' id='word_1_826' title='bbox 2255 5174 2457 5251; x_wconf 80' lang='grc' dir='ltr'>γυμνοῦ</span> <span class='ocrx_word' id='word_1_827' title='bbox 2491 5171 2696 5230; x_wconf 72' lang='grc' dir='ltr'>ἐκείνοι)</span> <span class='ocrx_word' id='word_1_828' title='bbox 2723 5173 2752 5230; x_wconf 82' lang='grc' dir='ltr'><strong>ὅ</strong></span> <span class='ocrx_word' id='word_1_829' title='bbox 2783 5169 3004 5252; x_wconf 82' lang='grc' dir='ltr'>στάχυς.</span> 
     </span>
    </p>
   </div>
   <div class='ocr_carea' id='block_1_108' title="bbox 2117 5435 3631 5520">
    <p class='ocr_par' dir='ltr' id='par_1_108' title="bbox 2117 5435 3631 5520">
     <span class='ocr_line' id='line_1_109' title="bbox 2117 5435 3631 5520; baseline 0 -19"><span class='ocrx_word' id='word_1_830' title='bbox 2117 5465 2142 5492; x_wconf 80' lang='grc' dir='ltr'>ι</span> <span class='ocrx_word' id='word_1_831' title='bbox 2184 5435 2252 5501; x_wconf 86' lang='grc' dir='ltr'>Ὁ</span> <span class='ocrx_word' id='word_1_832' title='bbox 2290 5439 2346 5498; x_wconf 82' lang='grc' dir='ltr'>δὲ</span> <span class='ocrx_word' id='word_1_833' title='bbox 2411 5438 2546 5508; x_wconf 84' lang='grc' dir='ltr'>Θεὸς</span> <span class='ocrx_word' id='word_1_834' title='bbox 2595 5440 2740 5520; x_wconf 79' lang='grc' dir='ltr'>αὐτῷ</span> <span class='ocrx_word' id='word_1_835' title='bbox 2790 5439 2973 5500; x_wconf 85' lang='grc' dir='ltr'>δίδωσι</span> <span class='ocrx_word' id='word_1_836' title='bbox 3025 5441 3219 5520; x_wconf 71' lang='grc' dir='ltr'>σῶμα,</span> <span class='ocrx_word' id='word_1_837' title='bbox 3275 5441 3451 5509; x_wconf 87' lang='grc' dir='ltr'>καθὼς</span> <span class='ocrx_word' id='word_1_838' title='bbox 3499 5440 3631 5515; x_wconf 68' lang='grc' dir='ltr'>ἠθέδ</span> 
     </span>
    </p>
   </div>
   <div class='ocr_carea' id='block_1_109' title="bbox 1733 5572 2269 5634">
    <p class='ocr_par' dir='ltr' id='par_1_109' title="bbox 1733 5572 2269 5634">
     <span class='ocr_line' id='line_1_110' title="bbox 1733 5572 2269 5634; baseline 0.006 -4"><span class='ocrx_word' id='word_1_839' title='bbox 1733 5572 1924 5632; x_wconf 85' lang='lat' dir='ltr'><strong>Variae</strong></span> <span class='ocrx_word' id='word_1_840' title='bbox 1967 5575 2269 5634; x_wconf 87' lang='lat' dir='ltr'><strong>lectiones.</strong></span> 
     </span>
    </p>
   </div>
   <div class='ocr_carea' id='block_1_110' title="bbox 386 5697 1900 5774">
    <p class='ocr_par' dir='ltr' id='par_1_110' title="bbox 386 5697 1900 5774">
     <span class='ocr_line' id='line_1_111' title="bbox 386 5697 1900 5774; baseline -0.007 -14"><span class='ocrx_word' id='word_1_841' title='bbox 386 5705 430 5743; x_wconf 77' lang='grc'><strong>⁷⁸</strong></span> <span class='ocrx_word' id='word_1_842' title='bbox 457 5705 546 5762; x_wconf 74' lang='grc' dir='ltr'><strong>οὒκ</strong></span> <span class='ocrx_word' id='word_1_843' title='bbox 575 5701 736 5771; x_wconf 80' lang='grc' dir='ltr'>εἶπεν,</span> <span class='ocrx_word' id='word_1_844' title='bbox 765 5703 919 5766; x_wconf 70' lang='grc' dir='ltr'>οὕτως</span> <span class='ocrx_word' id='word_1_845' title='bbox 952 5700 1043 5774; x_wconf 53' lang='lat' dir='ltr'><strong>ian.</strong></span> <span class='ocrx_word' id='word_1_846' title='bbox 1083 5699 1161 5755; x_wconf 85' lang='grc' dir='ltr'>λέ.</span> <span class='ocrx_word' id='word_1_847' title='bbox 1193 5701 1231 5756; x_wconf 82' lang='grc' dir='ltr'><strong>ἶ.</strong></span> <span class='ocrx_word' id='word_1_848' title='bbox 1262 5697 1434 5757; x_wconf 81' lang='grc' dir='ltr'>ἇν.ὀ.</span> <span class='ocrx_word' id='word_1_849' title='bbox 1511 5698 1552 5733; x_wconf 76' lang='grc'>⁷⁷</span> <span class='ocrx_word' id='word_1_850' title='bbox 1579 5700 1773 5772; x_wconf 83' lang='grc' dir='ltr'>γίνεται</span> <span class='ocrx_word' id='word_1_851' title='bbox 1823 5705 1900 5773; x_wconf 64' lang='grc' dir='ltr'><strong>ο.ς</strong></span> 
     </span>
    </p>
   </div>
  </div>
