4110 6408
333 325 441 377 773

1216 320 1569 380 EXPOSITIO
1608 325 1674 380 IN
1711 325 1923 382 EPlST.
1964 327 1991 383 Ι
2023 329 2116 383 AD
2155 329 2314 386 COR.
2356 359 2428 372 —
2467 330 2621 387 CAP.
2660 332 2766 387 XV.

3537 332 3643 386 774

329 448 519 519 λησεν.
559 468 587 504 »
626 447 692 507 Εἰ
729 435 824 504 οὖν
870 449 899 505 ὁ
933 445 1068 514 Θεὸς
1096 446 1284 507 δίδωσι
1319 452 1498 526 σῶμα,
1526 447 1578 508 τί
1605 450 1683 509 ἔτι
1717 474 1931 534 περιερ-

2049 454 2287 513 modum
2318 456 2512 514 voluit.
2537 456 2589 529 l»
2615 456 2671 513 Si
2710 469 2841 528 ergo
2886 457 3036 512 Deus
3081 469 3282 528 corpus
3310 454 3483 529 226
3525 454 3646 525 dat,

328 536 497 615 γάζῃ,
530 536 667 619 ποίῳ
715 535 930 615 σώματι
981 534 1324 617 ἐγειρόμεθα,
1381 538 1474 598 καὶ
1523 539 1817 609 διαπιστεῖς

331 626 664 701 ἀναστάσει,
701 624 909 685 ἀκούων
953 628 1096 687 Θεοῦ
1145 625 1368 706 δύναμιν
1421 627 1511 687 καὶ
1567 630 1813 706 θέλησιν,
1870 630 1934 693 Ὁ

327 715 437 797 γὰρ
469 715 605 784 θεὸς
638 714 697 775 τὸ
738 713 894 775 λυθὲν
937 716 1034 794 μὲν
1077 716 1269 796 ἐγείρει
1313 720 1504 794 σῶμα,
1554 717 1693 791 πλὴν
1747 722 1933 801 εὐπρε-

330 804 591 888 πέστερον
622 804 717 865 καὶ
766 804 1285 887 πνευματικώτερον.
1336 809 1508 868 Τοῦτο
1560 807 1662 889 γὰρ
1710 808 1802 869 καὶ
1849 810 1934 870 ἐπὶ

329 899 438 955 τῶν
481 894 805 977 σπερμάτων
837 897 979 956 ἔστιν
1023 900 1223 975 εὑρεῖν,
1258 894 1341 956 ὅτι
1388 896 1809 981 εὐπρεπέστερον
1839 905 1932 959 τοῦ

328 984 760 1059 καταϐληθέντος
795 984 857 1045 τὸ
890 987 1201 1065 βλαστῆσαν
1232 985 1423 1048 ἄνεισι.

410 1192 437 1218 ε
473 1164 586 1227 Καὶ
624 1164 836 1247 ἑκάστῳ
878 1169 985 1226 τῶν
1024 1166 1350 1247 σπερμάτων
1402 1166 1465 1228 τὸ
1505 1166 1638 1228 ἴδιον
1675 1169 1857 1247 σῶμα.
1909 1194 1935 1223 υ

328 1257 511 1314 T0310
560 1258 667 1315 τῶν
720 1257 996 1337 αἳρετικῶν
1051 1257 1447 1340 ἀναντιῤῥήτως
1510 1258 1801 1340 ἐμφράττει
1865 1258 1934 1319 τὰ

328 1344 579 1422 στόματα
626 1349 732 1405 τῶν
784 1345 1064 1424 λεγόντων,
1095 1347 1158 1407 τὸ
1189 1347 1334 1420 ξαῦτὸ
1385 1350 1547 1425 σῶμα
1597 1350 1649 1407 ἐν
1804 1351 1936 1409 ἀνα-

330 1435 522 1494 στάσει
560 1434 637 1512 μὴ
668 1435 989 1516 ἐγείρεσθαι,
1029 1437 1147 1496 ἀλλ’
1173 1436 1375 1519 ἕτερον.
1409 1436 1550 1498 Ἰδοὺ
1578 1436 1685 1522 γὰρ
1710 1437 1936 1515 ἀκούεις,

327 1522 412 1582 ὅτι
447 1524 508 1582 τὸ
537 1523 670 1585 ἴδιον
698 1528 858 1603 σῶμα
891 1527 1101 1608 ἑκάστῳ
1137 1528 1362 1589 δίδοται.

420 1616 567 1675 «οὗ
595 1623 750 1675 πᾶσα
796 1614 928 1695 σὰρξ
980 1622 1009 1689 ἡ
1058 1615 1191 1689 αὐτὴ
1250 1616 1404 1697 σὰρξ,
1463 1616 1603 1677 ἀλλὰ
1651 1618 1789 1691 ἄλλη
1839 1618 1934 1696 μὲν

329 1703 665 1785 ἀνθρώπων,
720 1705 858 1779 ἄλλη
904 1705 961 1766 δὲ
1017 1704 1151 1785 σὰρξ
1199 1710 1434 1783 κτηνῶν,
1492 1707 1630 1781 ἄλλη
1691 1709 1748 1767 δὲ
1805 1706 1937 1789 σὰρξ

326 1798 581 1867 πτηνῶν,
623 1795 761 1868 ἄλλη
795 1794 851 1853 δὲ
899 1794 1116 1876 ἰχθύων.
1168 1818 1198 1855 ι
1230 1795 1355 1856 Ἵνα
1408 1796 1485 1875 μὴ
1538 1796 1768 1866 ἀκούσας
1813 1801 1937 1880 περὶ

328 1889 423 1943 103
476 1884 648 1959 σίτου,
697 1884 944 1965 νομίσῃς,
996 1885 1078 1945 ὅτι
1122 1884 1305 1967 ὥσπερ
1335 1886 1426 1946 ἐπὶ
1476 1886 1696 1962 τούτου,
1740 1887 1938 1957 πάντες

328 1975 379 2031 οῖ
433 1974 702 2055 ἀστάχυες
757 1974 1004 2053 ὁμότιμοι
1059 1974 1266 2035 ἀνίασιν
1319 1976 1392 2052 ⁷⁸,
1444 1976 1584 2037 οὕτω
1630 1976 1723 2037 καὶ
1769 1979 1822 2037 ἐν
1868 1982 1936 2059 τῇ

330 2065 625 2125 ἀναστάσει
670 2065 867 2134 πάντες
898 2067 1149 2144 ὁμότιμοι
1196 2065 1425 2126 ἔσονται·
1473 2066 1636 2136 δεῖξαι
1678 2065 1818 2127 θέλει
1856 2067 1937 2128 ὅτι

329 2154 563 2235 διαφορά
600 2157 714 2215 ἐστι
754 2158 863 2214 τῶν
893 2154 1260 2235 ἀνισταμένων
1311 2157 1465 2239 (ὅπερ
1495 2158 1585 2217 καὶ⁵
1629 2157 1939 2238 προφθάσας

330 2242 584 2323 ᾐνίξατο,
611 2243 795 2305 εἰπών·
832 2267 862 2304 α
890 2244 1165 2314 Ἕκαστος
1193 2248 1249 2305 ἐν
1276 2250 1352 2326 τῷ
1399 2246 1519 2327 ἰδίῳ
1561 2245 1802 2325 τάγματι
1835 2272 1866 2305 π
1886 2247 1936 2328 ),

330 2332 426 2393 καί
458 2356 638 2416 φησιν,
670 2334 751 2393 ὅτι
780 2361 805 2389 α
833 2335 916 2395 Οὔ
946 2343 1096 2394 πᾶσα
1129 2334 1259 2415 σὰρξ
1292 2339 1326 2407 ἡ
1372 2333 1507 2407 αὐτὴ
1537 2334 1688 2414 σάρξ’
1718 2357 1749 2394 n
1785 2360 1938 2397 τουτ-

331 2422 505 2501 έστιν,
553 2426 635 2484 03
678 2423 873 2492 πάντες
912 2428 964 2483 ἐν
1095 2428 1231 2506 αὐτῇ
1274 2428 1406 2505 τιμῇ
1452 2424 1784 2503 ἀνίστανται,
1816 2427 1935 2485 ἀλλ’

332 2511 519 2594 ἔχουσι
551 2514 838 2596 διαφορὰν,
868 2514 1088 2595 πρώτην
1117 2517 1167 2574 οἱ
1206 2515 1401 2575 δίκαιοι
1434 2514 1565 2594 πρὸς
1607 2514 1727 2582 τοὺς
1756 2515 1939 2596 ἆμαρ-

336 2601 560 2675 τωλοὺς,
594 2604 661 2676 ἣν
706 2603 891 2685 ἔχουσι
921 2603 992 2664 τὰ
1038 2604 1271 2683 σώματα
1320 2605 1390 2666 τὰ
1437 2606 1657 2686 οὐράνια
1698 2605 1831 2685 πρὸς
1870 2604 1938 2664 τὰ

338 2692 571 2770 ἐπίγεια·
605 2693 814 2769 ἔπειτα,
848 2693 943 2754 καὶ
971 2697 1026 2754 ἐν
1073 2696 1251 2764 αὐτοῖς
1295 2703 1403 2763 τοῖς
1451 2693 1673 2762 δικαίοις
1711 2694 1938 2776 διαφορὰ

339 2786 563 2863 βαθμῶν
590 2786 786 2859 πολλὴ,
841 2786 915 2852 ὡς
960 2783 1310 2865 παρακατιὼν
1338 2784 1462 2864 ἐρεῖ·
1511 2784 1604 2844 καὶ
1656 2786 1709 2843 ἐν
1765 2785 1937 2852 αὐτοῖς

335 2884 446 2942 τοῖς
499 2873 858 2954 ἁμαρτωλοῖς.
912 2874 1026 2935 Καὶ
1074 2875 1200 2955 γὰρ,
1259 2874 1441 2957 φησὶν,
1480 2873 1664 2956 ὥσπερ
1709 2873 1936 2957 διαφορά

334 2966 455 3024 ἐστι
497 2967 593 3035 τῆς
642 2965 835 3045 σαρκὸς
872 2967 979 3023 τῶν
1018 2964 1329 3047 ἀνθρώπων,
1368 2965 1461 3024 καὶ
1501 2968 1598 3037 τῆς
1640 2969 1745 3025 τῶν
1797 2988 1935 3036 κτη-

2045 545 2179 619 quid
2215 552 2300 603 est
2336 546 2484 619 quod
2511 546 2745 618 amplius
2786 545 3001 603 curiose
3039 544 3303 617 inquiras,
3337 545 3484 619 quali
3516 560 3641 602 cor-

2044 651 2181 708 pore
2206 635 2535 705 excitemur,
2585 651 2649 693 ac
2678 634 2897 693 difﬁdas
2920 635 3332 705 resurrectioni,
3376 635 3605 693 audiens

2044 725 2145 782 Dei
2175 727 2483 798 potentiam
2510 735 2565 782 et
2579 725 2954 783 voluntatem?
2974 727 3127 785 Deus
3148 725 3299 782 enim
3314 724 3641 782 dissolutum

2044 816 2268 887 quidem
2294 832 2494 890 corpus
2529 816 2749 887 excitat,
2791 831 2985 873 verum
3018 814 3320 889 pulchrius,
3363 814 3645 873 decentius

2045 913 2101 962 et
2118 906 2473 979 spiritualius.
2501 908 2627 964 Hoc
2662 906 2814 963 enim
2843 915 2901 963 et
2928 905 2985 962 in
3014 905 3322 963 seminibus
3345 905 3470 962 licet
3493 905 3641 961 inve-

2044 995 2186 1052 nire.
2218 998 2367 1053 Nam
2402 996 2702 1069 speciosius
2725 1004 2782 1053 et
2801 995 3131 1069 elegantius,
3160 994 3426 1053 dissoluto
3465 994 3639 1053 semi-

2044 1101 2131 1154 ne,
2163 1088 2307 1157 quod
2337 1095 2536 1143 natum
2564 1095 2645 1143 est
2671 1101 2897 1158 germen
2925 1085 3184 1159 exsurgit.

2119 1198 2143 1224 α
2179 1179 2250 1231 Et
2277 1176 2579 1249 unicuique
2600 1175 2880 1233 seminum
2906 1176 3189 1249 proprium
3212 1190 3434 1248 corpus.
3468 1197 3495 1225 υ
3521 1176 3646 1232 Hoc

2043 1264 2433 1322 haereticorum
2464 1281 2559 1322 ora
2586 1265 3043 1338 irrefragabiliter
3069 1265 3324 1335 obstruit,
3355 1264 3642 1322 affirman-

2044 1355 2187 1411 tium
2231 1355 2381 1412 idem
2430 1372 2631 1429 corpus
2676 1356 2736 1411 in
2774 1356 3187 1413 resurrectione
3226 1371 3341 1412 non
3390 1355 3641 1424 excitari,

2043 1445 2140 1501 sed
2193 1444 2493 1503 diversum.
2534 1448 2620 1502 En
2665 1445 2821 1504 audis
2858 1446 3008 1503 enim
3042 1444 3193 1519 quod
3237 1461 3400 1503 suum
3445 1445 3645 1520 cuique

2042 1549 2247 1606 corpus
2274 1536 2461 1593 datur.

2112 1627 2291 1681 Vsus.
2328 1632 2416 1682 39.
2463 1648 2489 1675 «ι
2520 1630 2645 1683 Non
2667 1627 2851 1684 omnis
2885 1642 3014 1682 caro
3053 1633 3135 1683 est
3168 1626 3384 1694 eadem,
3420 1626 3518 1685 sed
3543 1627 3646 1684 alia

2047 1713 2271 1786 quidem
2310 1714 2625 1783 hominum,
2658 1716 2765 1773 alia
2814 1723 3005 1773 autem
3032 1731 3316 1789 pecorum,
3364 1717 3471 1773 alia
3517 1733 3647 1774 vero

2045 1820 2172 1861 caro
2204 1804 2529 1875 volucrium,
2556 1806 2661 1861 alia
2690 1821 2817 1861 vero
2844 1804 3095 1877 piscium.
3131 1828 3157 1854 ιο
3201 1807 3286 1862 Ne
3314 1821 3444 1863 cum
3487 1806 3648 1864 audis

2045 1893 2112 1950 de
2156 1894 2455 1964 frumento,
2509 1895 2811 1965 arbitreris,
2863 1895 3013 1967 quod
3061 1894 3535 1968 quemadmodum
3588 1896 3646 1954 in

2044 1985 2149 2041 hoc
2176 2000 2371 2042 omnes
2410 1985 2579 2057 spica:
2605 1985 2845 2058 aequales
2873 1984 3165 2057 prodeant,
3214 1985 3315 2057 sic,
3358 1993 3417 2041 et
3443 1986 3503 2042 in
3552 2001 3641 2044 re-

2046 2075 2383 2132 surrectione
2422 2090 2617 2131 omnes
2660 2075 2776 2131 fore
2821 2075 3037 2131 honore
3081 2090 3240 2147 pares
3279 2095 3296 2131 :
3336 2083 3644 2133 monstrare

2045 2166 2164 2222 vult
2191 2165 2342 2237 quod
2369 2164 2665 2222 discrimen
2702 2166 2777 2221 sit
2812 2166 3244 2238 resurgentium,
3287 2164 3346 2222 id
3372 2165 3519 2238 quod
3547 2182 3645 2223 su-

2044 2271 2142 2328 pra
2186 2255 2387 2323 innuit,
2430 2278 2455 2304 α
2503 2255 2767 2328 Quilibet,
2802 2255 3076 2327 inquiens,
3122 2254 3177 2310 in
3227 2256 3452 2329 proprio
3488 2255 3644 2314 ordi-

2042 2361 2130 2401 ne.
2166 2367 2193 2395 »
2226 2346 2320 2403 Ait
2348 2353 2535 2401 autem
2573 2344 2725 2417 quod
2752 2368 2781 2395 ιι
2813 2350 2939 2401 Non
2974 2344 3163 2402 omnis
3187 2360 3316 2402 caro
3344 2345 3418 2403 sit
3445 2346 3643 2404 eadem

2044 2450 2193 2503 caro,
2227 2458 2254 2483 υ
2288 2434 2394 2491 hoc
2431 2442 2515 2491 est
2552 2451 2665 2490 non
2704 2450 2904 2491 omnes
2918 2436 3035 2507 pari
3082 2434 3291 2491 honore
3328 2445 3642 2509 resurgunt,

2043 2524 2139 2580 sed
2169 2523 2387 2581 diverso
2434 2543 2447 2579 :
2481 2525 2633 2580 enim
2675 2540 2805 2591 vero
2852 2524 3086 2596 primam
3132 2524 3336 2581 habent
3375 2524 3643 2583 differen—

2045 2614 2180 2670 tiam
2205 2615 2337 2686 justi
2382 2614 2454 2670 ad
2495 2621 2831 2686 peccatores,
2868 2630 3037 2686 quam
3084 2613 3290 2671 habent
3312 2618 3645 2687 supercoele-

2045 2704 2146 2760 stia
2173 2720 2407 2776 corpora
2435 2703 2781 2761 terrestribus
2809 2704 3021 2760 collata.
3053 2703 3265 2761 Deinde
3315 2713 3371 2760 et
3418 2706 3473 2761 in
3512 2706 3646 2779 ipsis

2039 2793 2201 2865 justis
2245 2811 2446 2868 magna
2491 2792 2800 2851 differentia
2830 2794 3126 2867 graduum,
3156 2802 3219 2850 ut
3258 2794 3317 2850 in
3345 2811 3643 2868 progressu

2044 2884 2197 2952 dicit,
2227 2883 2475 2957 adeoque
2499 2884 2559 2939 in
2589 2884 2720 2956 ipsis
2748 2884 3147 2956 peccatoribus.
3172 2884 3268 2941 Ait
3291 2886 3442 2941 enim
3469 2902 3483 2941 :
3512 2888 3643 2943 Per-

2043 2974 2172 3031 inde
2201 2991 2266 3031 ac
2301 2974 2603 3032 discrimen
2640 2981 2727 3031 est
2778 2975 2840 3030 in
2868 2991 3033 3031 carne
3078 2975 3371 3032 hominum
3401 2984 3456 3033 et
3483 2992 3645 3048 peco-

334 3058 472 3129 νῶν,
508 3054 600 3114 καὶ
643 3058 749 3114 τῶν
794 3056 996 3115 λοιπῶν
1028 3054 1194 3124 ζώων·
1225 3054 1364 3114 οὕτω
1402 3055 1495 3113 καὶ
1523 3059 1630 3114 τῶν
1674 3055 1936 3148 ἀμαρτω-

2046 3081 2170 3121 rum
2201 3073 2258 3121 et
2301 3065 2637 3137 reliquorum
2676 3065 2998 3121 animalium
3038 3065 3159 3122 :sic
3205 3073 3260 3122 et
3289 3074 3645 3139 peccatorum

332 3147 444 3205 λῶν
488 3144 641 3205 ἔσται
670 3145 895 3227 διαφορὰ
925 3147 977 3204 ἐν
1022 3149 1138 3213 ταῖς
1187 3146 1463 3208 κολάσεσι.
1497 3144 1690 3207 Πάντα
1720 3144 1808 3205 οὖν
1840 3144 1938 3204 ὅσα

333 3234 546 3315 εἴρηται
594 3234 767 3318 τούτῳ
812 3241 925 3309 ν’ὖν,
961 3234 1086 3316 περὶ
1130 3236 1382 3317 διαφορᾶς
1411 3235 1748 3317 ἁμαρτωλῶν
1790 3235 1940 3308 εἴρη-

334 3348 447 3383 ται.
483 3325 619 3406 Περὶ
663 3325 768 3407 γὰρ
807 3328 912 3385 τῶν
955 3324 1174 3385 δικαίων
1220 3323 1573 3406 παρακατιὼν
1609 3326 1773 3406 λέγει,
1810 3324 1939 3385 ὅταν

336 3414 555 3495 οὐράνια
583 3415 854 3495 καταλέγῃ
889 3413 1140 3493 σώματα.

428 3526 459 3563 σ
487 3503 600 3565 Καὶ
645 3504 875 3583 σώματα
929 3504 1237 3585 ἐπουράνια,
1284 3504 1376 3563 καὶ
1428 3504 1659 3583 σώματα
1712 3504 1940 3584 ἐπίγεια·

336 3596 463 3654 ἀλλ’
498 3596 653 3677 ἑτέρα
688 3594 784 3673 μὲν
815 3598 849 3667 ἡ
893 3597 1000 3654 τῶν
1029 3594 1356 3676 ἐπουρανίων
1391 3594 1541 3669 δόξα,
1596 3594 1752 3675 ἑτέρα
1792 3595 1855 3677 δὲ
1901 3598 1937 3668 ἡ

335 3689 446 3745 τῶν
474 3674 744 3763 ἐπιγείων.
785 3706 817 3743 n
850 3684 1138 3761 Ἐνταῦθα,
1167 3674 1302 3767 ὅπερ
1343 3686 1435 3744 καὶ
1472 3674 1723 3766 ἀνωτέρω
1771 3674 1938 3760 εἷπον,

333 3775 436 3848 τὴν
490 3775 745 3857 διαφορὰν
800 3778 907 3854 τῶν
960 3775 1176 3835 δικαίων
1228 3775 1359 3857 πρὸς
1408 3772 1530 3844 τοὺς
1582 3772 1935 3856 ἁμαρτωλοὺς

334 3868 505 3939 δηλοῖ·
536 3863 656 3933 τοὺς
701 3863 799 3943 μὲν
849 3867 1028 3925 καλῶν
1080 3865 1369 3944 ἐπουράνια
1421 3863 1672 3944 σώματα,
1720 3861 1840 3931 τοὺς
1882 3863 1942 3924 δέ

333 3981 399 4035 γε
445 3954 793 4035 ἁμαρτωλοὺς
838 3954 1065 4035 ἐπίγειον
1118 3956 1211 4015 καὶ
1259 3954 1416 4035 ἑτέρα
1472 3955 1568 4033 μὲν
1618 3959 1650 4027 ἡ
1704 3956 1811 4015 τῶν
1855 3954 1938 4013 δι-

2043 3155 2339 3211 discrimen
2369 3155 2475 3211 erit
2518 3156 2575 3210 in
2613 3155 2811 3227 paruis.
2852 3155 3051 3212 Omnia
3088 3155 3253 3229 igitur
3303 3172 3647 3229 quaecunque

2046 3261 2194 3301 nunc
2220 3246 2289 3302 ab
2319 3245 2412 3301 illo
2440 3244 2584 3301 dicta
2623 3254 2778 3315 sunt,
2827 3245 2895 3302 de
2939 3245 3258 3302 discrimine
3287 3254 3645 3318 peccatorum

2046 3335 2192 3391 dicta
2228 3342 2376 3391 sunt.
2412 3338 2495 3391 De
2512 3334 2681 3407 justis
2722 3335 2866 3391 enim
2897 3334 3042 3393 infra
3081 3335 3237 3403 dicit,
3267 3336 3488 3409 quando
3528 3351 3642 3394 cce-

2048 3424 2203 3481 lestia
2231 3432 2487 3481 recenset
2514 3440 2767 3496 corpora.

2118 3517 2301 3571 Vnus.
2332 3520 2423 3571 40.
2455 3536 2481 3563 α
2514 3516 2587 3570 Et
2613 3529 2845 3584 corpora
2871 3514 3302 3587 supercmlestia,
3334 3523 3390 3572 et
3412 3532 3646 3588 corpora

2046 3604 2363 3660 terrestria:
2396 3603 2495 3659 sed
2532 3603 2632 3659 alia
2676 3603 2905 3676 quidem
2950 3605 3422 3675 supercmlestium
3452 3606 3642 3679 gloria,

2047 3694 2152 3751 alia
2194 3709 2321 3751 vero
2364 3693 2734 3749 terrestrium.
2782 3715 2808 3741 ››
2861 3693 2964 3749 Ηίο
2992 3700 3057 3748 ut
3100 3710 3261 3764 supra
3301 3695 3432 3762 dixi,
3457 3694 3645 3766 justo-

2044 3800 2175 3841 rum
2205 3791 2262 3840 et
2280 3791 2635 3855 peccatorum
2659 3780 3028 3838 differentiam
3052 3782 3293 3838 ostendit
3324 3802 3338 3840 :
3368 3784 3492 3840 illos
3520 3784 3642 3855 qui-

2045 3872 2175 3930 dem
2194 3888 2396 3930 vocans
2411 3870 2827 3944 supercmlestia
2854 3887 3111 3943 corpora,
3131 3871 3233 3927 hos
3262 3887 3410 3941 vero,
3450 3888 3643 3943 pecca-

2048 3970 2200 4020 tores
2233 3961 2459 4030 scilicet,
2498 3961 2778 4017 terrestria
2820 3981 2833 4019 :
2866 3970 2923 4017 et
2961 3960 3067 4017 alia
3107 3960 3333 4034 quidem
3354 3961 3639 4033 justorum

336 4044 507 4103 καίων
538 4044 680 4118 δόξα,
708 4044 866 4125 ἕτέρα
898 4044 954 4103 δὲ
990 4049 1024 4117 ἡ
1069 4048 1174 4104 τῶν
1209 4045 1572 4126 ἁμαρτωλῶν,
1607 4044 1783 4104 οὖκέτι
1821 4041 1945 4113 δόξα

2051 4053 2243 4127 gloria,
2272 4051 2373 4108 alia
2406 4067 2536 4107 vero
2566 4058 2940 4124 peccatorum,
2968 4066 3080 4106 non
3111 4050 3281 4123 gloria
3320 4050 3448 4117 (hoc
3487 4051 3641 4108 enim

342 4137 427 4212 (οὗ
454 4134 559 4214 γὰρ
591 4135 670 4193 δεῖ
697 4140 1097 4195 συνυπακοῦσαι
1124 4141 1324 4211 τοῦτο),
1360 4134 1480 4195 ἀλλ’
1512 4139 1548 4208 ἡ
1576 4132 1836 4214 διαγωγή.

426 4245 455 4282 (ι
480 4222 648 4300 Ἄλλη
699 4223 824 4293 δόξα
873 4223 1054 4299 ἡλίου,
1087 4223 1182 4284 καὶ
1212 4225 1349 4298 ἄλλη
1393 4223 1520 4294 δόξα
1568 4224 1819 4297 σελήνης,
1851 4223 1944 4283 καὶ

2052 4140 2577 4213 Subintelligendum
2611 4157 2725 4197 non
2761 4145 2883 4208 est),
2917 4140 3011 4198 sed
3041 4141 3408 4197 conversatio.

2123 4233 2306 4289 Vens.
2336 4239 2425 4287 41.
2479 4249 2509 4284 ‹‹
2540 4230 2661 4287 Alia
2701 4238 2785 4288 est
2828 4230 3001 4303 gloria
3042 4230 3193 4298 solis,
3238 4239 3295 4286 et
3333 4230 3435 4287 alia
3473 4230 3649 4303 gloria

334 4316 476 4388 άλλη
524 4314 645 4383 δόξα
686 4314 944 4394 ἀστέρων·
992 4313 1164 4395 ἀστὴρ
1216 4314 1320 4396 γὰρ
1350 4313 1572 4423 ἀσξέρος
1605 4313 1845 4395 διαφέρει
1881 4316 1935 4373 ἐν

342 4404 427 4423 ..ν
583 4403 658 4423 ,η
981 4408 1016 4423 ...
1070 4406 1093 4423 ν
1280 4410 1303 4423 ,.
1578 4410 1611 4423 ...
1686 4404 1705 4423 ρ

2048 4321 2212 4390 lunae,
2235 4328 2292 4378 et
2332 4320 2440 4377 alia
2478 4321 2650 4392 gloria
2678 4320 2960 4376 stellarum
2992 4338 3007 4373 :
3050 4321 3203 4377 stella
3248 4320 3398 4376 enim
3430 4336 3460 4377 a
3490 4322 3648 4378 stella

337 4404 484 4485 δόξῃ.
517 4426 549 4464 ι
583 4403 805 4484 Ὠσπερ
845 4408 1021 4485 μικρῷ
1066 4406 1363 4485 ἔμπροσθεν
1394 4396 1511 4464 εἷπε
1540 4410 1645 4464 τῶν
1678 4404 1937 4483 ἁμαρτω-

336 4497 449 4554 λῶν
484 4495 752 4573 σωμάτων
796 4492 892 4561 τὰς
929 4495 1203 4576 διαφορὰς,
1256 4496 1365 4554 ἀπὸ
1418 4492 1715 4575 ἀνθρώπων
1775 4492 1940 4573 ἀρξά-

339 4607 528 4661 μενος,
576 4585 668 4645 καὶ
708 4583 827 4655 ἑξῆς
870 4587 1084 4656 πτηνῶν
1138 4582 1544 4662 μνημονεύσας,
1586 4583 1681 4645 καὶ
1708 4585 1938 4656 κτηνῶν,

338 4674 435 4734 καὶ
489 4675 703 4755 ἰχθύων,
751 4671 1029 4755 διότιυκαὶ
1078 4675 1125 4733 οἳ
1175 4674 1518 4754 ἁμαρτωλοὶ,
1576 4672 1849 4754 ἄνθρωποι
1889 4671 1941 4742 ἐξ

339 4752 521 4844 ἀρχῆς
537 4752 841 4845 γεγονότες,
876 4752 991 4823 εἶτα
1042 4765 1131 4824 ἐπὶ
1159 4762 1257 4837 τὴν
1296 4752 1403 4824 τῶν
1435 4763 1643 4844 ἀλόγων
1680 4752 1941 4842 ἀδμοίωσιν

338 4853 764 4936 κατηνέχθησαν·
806 4854 945 4914 οὕτω
986 4854 1080 4914 καὶ
1128 4857 1234 4912 τῶν
1276 4853 1496 4915 δικαίων
1548 4855 1642 4921 τὰς
1690 4853 1943 4935 διαφορὰς

340 4944 596 5008 δείκνυσι.
633 4945 845 5016 Πάντες
895 4944 992 5024 μὲν
1040 4944 1144 5024 γὰρ
1196 4945 1249 5002 ἐν
1304 4944 1455 5025 δόξῃ²
1507 4944 1667 5019 ἀλλὰ,
1709 4943 1841 5003 ἄλλο
1882 4943 1943 5003 τὸ

340 5038 453 5115 φῶς
502 5040 597 5093 103
637 5034 821 5110 ἡλίου,
868 5034 963 5094 καὶ
1015 5035 1148 5094 ἄλλο
1179 5033 1363 5106 τὸτῆς
1396 5033 1649 5111 σελήνης,
1677 5034 1768 5093 καὶ
1813 5031 1944 5113 ἄχρι

339 5128 445 5185 τῶν
475 5123 769 5205 τυχόντων.
819 5124 932 5188 Καὶ
976 5124 1081 5206 γὰρ
1112 5123 1328 5204 ἀστέρες
1375 5124 1509 5205 πρὸς
1558 5124 1783 5204 ἀστέρας
1827 5124 1943 5181 δια-

341 5214 589 5296 φέρουσιν
637 5216 691 5275 ἐν
736 5214 886 5295 δόξῃ,
931 5213 1230 5289 τουτέστιν,
1279 5215 1334 5273 ἐν
1363 5218 1440 5295 τῷ
1488 5212 1642 5294 φωτί·
1685 5212 1810 5283 δόξα
1838 5212 1942 5293 γὰρ

341 5308 447 5365 τῶν
490 5304 766 5387 ἀστέρων,
820 5305 882 5364 τὸ
929 5307 1054 5386 φῶς.
1082 5303 1241 5371 Τινὲς
1284 5303 1342 5364 δὲ
1395 5302 1625 5387 σώματα
1657 5301 1942 5383 ἐπουράνια

340 5393 462 5464 τοὺς
493 5380 747 5476 ἀγγέλους
798 5380 1049 5473 ἐνόησαν,
1098 5396 1193 5456 οὔκ
1227 5380 1494 5476 εὐστόχως
1534 5380 1693 5474 οἶμαι
1737 5380 1815 5443 79)
1849 5392 1944 5453 καὶ

2046 4411 2236 4469 differt
2263 4411 2323 4467 in
2352 4410 2549 4483 gloria.
2583 4433 2608 4459 υ
2639 4410 2875 4468 Perinde
2898 4426 2962 4466 ac
2990 4411 3156 4482 paulo
3187 4420 3316 4467 ante
3342 4426 3645 4482 corporum

2049 4509 2400 4574 peccatorum
2428 4500 2765 4557 differentias
2784 4500 2923 4568 dixi,
2968 4500 3038 4556 ab
3071 4500 3390 4555 hominibus
3418 4516 3649 4557 exorsus

2050 4607 2114 4648 ac
2134 4592 2391 4664 deinceps
2421 4590 2769 4647 mentionem
2801 4588 3001 4646 faciens
3032 4590 3347 4657 volucrum,
3379 4603 3646 4660 pecorum

2051 4688 2109 4737 et
2140 4682 2396 4753 piscium,
2424 4696 2492 4737 eo
2523 4679 2675 4753 quod
2704 4688 2758 4735 et
2783 4678 2885 4751 ipsi
2905 4686 3244 4751 peccatores,
3275 4693 3404 4734 cum
3438 4677 3509 4733 ab
3539 4677 3642 4734 ini-

2051 4770 2126 4826 tio
2153 4768 2281 4827 facti
2309 4778 2496 4827 essent
2524 4768 2800 4838 homines,
2840 4777 3033 4841 postea
3068 4767 3139 4824 ad
3164 4768 3457 4825 brutorum
3484 4767 3643 4823 simi-

2050 4860 2343 4917 litudinem
2380 4858 2591 4931 delapsi
2634 4860 2746 4915 sint
2793 4877 2808 4915 :
2849 4859 2923 4915 ita
2970 4859 3137 4915 etiam
3166 4858 3449 4930 justorum
3481 4857 3640 4914 diffe-

2051 4949 2259 5007 rentias
2305 4948 2565 5005 ostendit.
2617 4949 2824 5005 Omnes
2871 4948 3021 5004 enim
3063 4949 3119 5003 in
3163 4948 3339 5021 gloria
3387 4966 3400 5003 :
3444 4963 3637 5004 verum

2050 5039 2201 5096 aliud
2238 5046 2322 5096 est
2366 5038 2555 5095 lumen
2598 5039 2752 5106 solis,
2795 5037 2943 5094 aliud
2975 5038 3137 5105 lunae,
3176 5037 3247 5093 ad
3276 5038 3524 5109 vulgares
3549 5052 3639 5093 us-

2051 5146 2157 5203 que
2184 5130 2369 5187 stellas
2398 5127 2770 5201 procedendo.
2795 5127 2960 5198 227
2981 5128 3127 5183 Nam
3147 5133 3204 5182 et
3224 5126 3398 5183 stellae
3420 5141 3450 5182 a
3475 5125 3647 5183 stellis

2052 5219 2369 5293 discrepant
2419 5219 2480 5274 in
2528 5218 2722 5290 gloria,
2769 5217 2874 5273 hoc
2930 5223 3012 5272 est
3052 5215 3109 5270 in
3157 5215 3366 5271 lumine
3410 5233 3424 5269 :
3470 5216 3642 5287 gloria

2051 5310 2198 5367 enim
2257 5308 2537 5367 stellarum
2582 5307 2768 5364 lumen
2817 5312 2920 5363 est.
2976 5304 3248 5361 Nonnulli
3311 5312 3502 5361 autem
3546 5320 3642 5375 per

2056 5414 2289 5474 corpora
2335 5396 2576 5457 coelestia
2619 5396 2845 5470 angelos
2869 5394 3271 5459 intellexerunt,
3306 5409 3423 5451 non
3466 5409 3641 5466 appo-

1790 5564 1974 5624 Variae
2018 5564 2319 5624 lectiones.

414 5666 462 5705 ’⁷⁸
492 5666 636 5723 εἰσὶν.
669 5682 721 5723 0.
796 5664 842 5700 7’
869 5663 998 5720 εἶναι
1029 5681 1086 5724 ο.
