  <div class='ocr_page' id='page_1' title='image "/cluster/home/n/w/nwhite01/storage/ocr_20150623/124:no.2/coo.31924054870294/395.png"; bbox 0 0 4110 6416; ppageno 0'>
   <div class='ocr_carea' id='block_1_1' title="bbox 501 330 602 382">
    <p class='ocr_par' dir='ltr' id='par_1_1' title="bbox 501 330 602 382">
     <span class='ocr_line' id='line_1_1' title="bbox 501 330 602 382; baseline 0.02 -2"><span class='ocrx_word' id='word_1_1' title='bbox 501 330 602 382; x_wconf 85' lang='grc'><strong>775</strong></span> 
     </span>
    </p>
   </div>
   <div class='ocr_carea' id='block_1_2' title="bbox 1547 325 2807 384">
    <p class='ocr_par' dir='ltr' id='par_1_2' title="bbox 1547 325 2807 384">
     <span class='ocr_line' id='line_1_2' title="bbox 1547 325 2807 384; baseline -0.001 -3"><span class='ocrx_word' id='word_1_2' title='bbox 1547 325 2064 384; x_wconf 83' lang='lat' dir='ltr'><strong>THEOPHYLACTI</strong></span> <span class='ocrx_word' id='word_1_3' title='bbox 2098 325 2456 382; x_wconf 71' lang='lat' dir='ltr'><strong>BULGARIE</strong></span> <span class='ocrx_word' id='word_1_4' title='bbox 2491 325 2807 381; x_wconf 80' lang='lat' dir='ltr'><strong>ARCHIEP.</strong></span> 
     </span>
    </p>
   </div>
   <div class='ocr_carea' id='block_1_3' title="bbox 3705 321 3815 374">
    <p class='ocr_par' dir='ltr' id='par_1_3' title="bbox 3705 321 3815 374">
     <span class='ocr_line' id='line_1_3' title="bbox 3705 321 3815 374; baseline -0.009 -1"><span class='ocrx_word' id='word_1_5' title='bbox 3705 321 3815 374; x_wconf 79' lang='lat'><strong>776</strong></span> 
     </span>
    </p>
   </div>
   <div class='ocr_carea' id='block_1_4' title="bbox 506 441 2094 531">
    <p class='ocr_par' dir='ltr' id='par_1_4' title="bbox 506 449 2088 525">
     <span class='ocr_line' id='line_1_4' title="bbox 506 449 2088 525; baseline -0.001 -15"><span class='ocrx_word' id='word_1_6' title='bbox 506 454 608 510; x_wconf 83' lang='lat' dir='ltr'><strong>site</strong></span> <span class='ocrx_word' id='word_1_7' title='bbox 636 459 698 508; x_wconf 92' lang='lat' dir='ltr'><strong>ut</strong></span> <span class='ocrx_word' id='word_1_8' title='bbox 732 451 954 524; x_wconf 83' lang='lat' dir='ltr'><strong>opinor.</strong></span> <span class='ocrx_word' id='word_1_9' title='bbox 998 455 1182 524; x_wconf 79' lang='lat' dir='ltr'><strong>Atque</strong></span> <span class='ocrx_word' id='word_1_10' title='bbox 1217 449 1365 507; x_wconf 90' lang='lat' dir='ltr'><strong>istud</strong></span> <span class='ocrx_word' id='word_1_11' title='bbox 1402 450 1528 508; x_wconf 91' lang='lat' dir='ltr'><strong>inde</strong></span> <span class='ocrx_word' id='word_1_12' title='bbox 1567 451 1794 523; x_wconf 91' lang='lat' dir='ltr'><strong>planum</strong></span> <span class='ocrx_word' id='word_1_13' title='bbox 1837 453 1919 521; x_wconf 92' lang='lat' dir='ltr'><strong>ﬁt,</strong></span> <span class='ocrx_word' id='word_1_14' title='bbox 1941 451 2088 525; x_wconf 91' lang='lat' dir='ltr'><strong>quod</strong></span> 
     </span>
    </p>
   </div>
   <div class='ocr_carea' id='block_1_5' title="bbox 2202 441 3818 531">
    <p class='ocr_par' dir='ltr' id='par_1_5' title="bbox 2203 441 3818 531">
     <span class='ocr_line' id='line_1_5' title="bbox 2203 441 3818 531; baseline -0.006 -19"><span class='ocrx_word' id='word_1_15' title='bbox 2203 453 2363 524; x_wconf 88' lang='grc' dir='ltr'>δῆλον</span> <span class='ocrx_word' id='word_1_16' title='bbox 2393 454 2454 511; x_wconf 84' lang='grc' dir='ltr'>ἐκ</span> <span class='ocrx_word' id='word_1_17' title='bbox 2480 453 2574 510; x_wconf 84' lang='grc' dir='ltr'><strong>τοῦ</strong></span> <span class='ocrx_word' id='word_1_18' title='bbox 2609 451 2907 531; x_wconf 82' lang='grc' dir='ltr'>ἐπαγαγεῖν</span> <span class='ocrx_word' id='word_1_19' title='bbox 2935 449 3085 522; x_wconf 77' lang='grc' dir='ltr'>ἥλιον</span> <span class='ocrx_word' id='word_1_20' title='bbox 3100 492 3116 521; x_wconf 96' lang='grc'><strong>,</strong></span> <span class='ocrx_word' id='word_1_21' title='bbox 3145 445 3238 507; x_wconf 81' lang='grc' dir='ltr'>καὶ</span> <span class='ocrx_word' id='word_1_22' title='bbox 3271 443 3498 519; x_wconf 80' lang='grc' dir='ltr'>σελήνην</span> <span class='ocrx_word' id='word_1_23' title='bbox 3519 489 3539 523; x_wconf 94' lang='grc'><strong>,</strong></span> <span class='ocrx_word' id='word_1_24' title='bbox 3581 443 3670 505; x_wconf 76' lang='grc' dir='ltr'>καὶ</span> <span class='ocrx_word' id='word_1_25' title='bbox 3695 441 3818 511; x_wconf 73' lang='grc' dir='ltr'>τοὺς</span> 
     </span>
    </p>
   </div>
   <div class='ocr_carea' id='block_1_6' title="bbox 503 540 2099 614">
    <p class='ocr_par' dir='ltr' id='par_1_6' title="bbox 503 540 2099 614">
     <span class='ocr_line' id='line_1_6' title="bbox 503 540 2099 614; baseline -0.001 -16"><span class='ocrx_word' id='word_1_26' title='bbox 503 541 773 614; x_wconf 83' lang='lat' dir='ltr'><strong>producat</strong></span> <span class='ocrx_word' id='word_1_27' title='bbox 805 541 984 598; x_wconf 89' lang='lat' dir='ltr'><strong>solem</strong></span> <span class='ocrx_word' id='word_1_28' title='bbox 1028 550 1088 598; x_wconf 92' lang='lat' dir='ltr'><strong>et</strong></span> <span class='ocrx_word' id='word_1_29' title='bbox 1112 540 1307 598; x_wconf 89' lang='lat' dir='ltr'><strong>lunam</strong></span> <span class='ocrx_word' id='word_1_30' title='bbox 1335 547 1394 597; x_wconf 91' lang='lat' dir='ltr'><strong>et</strong></span> <span class='ocrx_word' id='word_1_31' title='bbox 1429 540 1635 598; x_wconf 81' lang='lat' dir='ltr'><strong>stellas.</strong></span> <span class='ocrx_word' id='word_1_32' title='bbox 1671 542 1854 612; x_wconf 86' lang='lat' dir='ltr'><strong>Quare</strong></span> <span class='ocrx_word' id='word_1_33' title='bbox 1881 541 1952 598; x_wconf 89' lang='lat' dir='ltr'><strong>de</strong></span> <span class='ocrx_word' id='word_1_34' title='bbox 1978 542 2099 598; x_wconf 86' lang='lat' dir='ltr'><strong>istis</strong></span> 
     </span>
    </p>
   </div>
   <div class='ocr_carea' id='block_1_7' title="bbox 496 628 986 688">
    <p class='ocr_par' dir='ltr' id='par_1_7' title="bbox 496 628 986 688">
     <span class='ocr_line' id='line_1_7' title="bbox 496 628 986 688; baseline 0 -2"><span class='ocrx_word' id='word_1_35' title='bbox 496 644 820 688; x_wconf 83' lang='lat' dir='ltr'><strong>sermonem</strong></span> <span class='ocrx_word' id='word_1_36' title='bbox 838 628 986 687; x_wconf 87' lang='lat' dir='ltr'><strong>facit.</strong></span> 
     </span>
    </p>
   </div>
   <div class='ocr_carea' id='block_1_8' title="bbox 573 717 2095 788">
    <p class='ocr_par' dir='ltr' id='par_1_8' title="bbox 573 717 2095 788">
     <span class='ocr_line' id='line_1_8' title="bbox 573 717 2095 788; baseline 0.001 -12"><span class='ocrx_word' id='word_1_37' title='bbox 573 721 758 777; x_wconf 79' lang='lat' dir='ltr'><strong>Vsns.</strong></span> <span class='ocrx_word' id='word_1_38' title='bbox 794 726 891 776; x_wconf 78' lang='lat'><strong>42.</strong></span> <span class='ocrx_word' id='word_1_39' title='bbox 923 741 949 769; x_wconf 77' lang='grc' dir='ltr'><strong>α</strong></span> <span class='ocrx_word' id='word_1_40' title='bbox 980 717 1071 777; x_wconf 91' lang='lat' dir='ltr'><strong>Sic</strong></span> <span class='ocrx_word' id='word_1_41' title='bbox 1092 725 1148 775; x_wconf 88' lang='lat' dir='ltr'><strong>et</strong></span> <span class='ocrx_word' id='word_1_42' title='bbox 1164 718 1496 776; x_wconf 88' lang='lat' dir='ltr'><strong>resurrectio</strong></span> <span class='ocrx_word' id='word_1_43' title='bbox 1517 727 1892 777; x_wconf 89' lang='lat' dir='ltr'><strong>mortuorum.</strong></span> <span class='ocrx_word' id='word_1_44' title='bbox 1927 742 1954 770; x_wconf 74' lang='grc' dir='ltr'>ι</span> <span class='ocrx_word' id='word_1_45' title='bbox 1983 721 2095 788; x_wconf 88' lang='lat' dir='ltr'><strong>Sic,</strong></span> 
     </span>
    </p>
   </div>
   <div class='ocr_carea' id='block_1_9' title="bbox 504 808 2100 882">
    <p class='ocr_par' dir='ltr' id='par_1_9' title="bbox 504 808 2100 882">
     <span class='ocr_line' id='line_1_9' title="bbox 504 808 2100 882; baseline -0.001 -16"><span class='ocrx_word' id='word_1_46' title='bbox 504 809 834 882; x_wconf 76' lang='lat' dir='ltr'><strong>quomodo?</strong></span> <span class='ocrx_word' id='word_1_47' title='bbox 877 809 936 866; x_wconf 89' lang='lat' dir='ltr'><strong>in</strong></span> <span class='ocrx_word' id='word_1_48' title='bbox 979 808 1159 864; x_wconf 91' lang='lat' dir='ltr'><strong>multo</strong></span> <span class='ocrx_word' id='word_1_49' title='bbox 1199 822 1337 865; x_wconf 86' lang='lat' dir='ltr'><strong>sane</strong></span> <span class='ocrx_word' id='word_1_50' title='bbox 1381 808 1722 878; x_wconf 89' lang='lat' dir='ltr'><strong>discrimine,</strong></span> <span class='ocrx_word' id='word_1_51' title='bbox 1770 809 1996 882; x_wconf 89' lang='lat' dir='ltr'><strong>perinde</strong></span> <span class='ocrx_word' id='word_1_52' title='bbox 2036 827 2100 866; x_wconf 90' lang='lat' dir='ltr'><strong>ac</strong></span> 
     </span>
    </p>
   </div>
   <div class='ocr_carea' id='block_1_10' title="bbox 507 897 1508 972">
    <p class='ocr_par' dir='ltr' id='par_1_10' title="bbox 507 897 1508 972">
     <span class='ocr_line' id='line_1_10' title="bbox 507 897 1508 972; baseline -0.001 -17"><span class='ocrx_word' id='word_1_53' title='bbox 507 899 827 972; x_wconf 62' lang='lat' dir='ltr'><strong>praescripta</strong></span> <span class='ocrx_word' id='word_1_54' title='bbox 849 897 1221 971; x_wconf 77' lang='lat' dir='ltr'><strong>patefecerunt</strong></span> <span class='ocrx_word' id='word_1_55' title='bbox 1239 898 1508 970; x_wconf 81' lang='lat' dir='ltr'><strong>exempla.</strong></span> 
     </span>
    </p>
   </div>
   <div class='ocr_carea' id='block_1_11' title="bbox 572 987 2093 1061">
    <p class='ocr_par' dir='ltr' id='par_1_11' title="bbox 572 987 2093 1061">
     <span class='ocr_line' id='line_1_11' title="bbox 572 987 2093 1061; baseline -0.001 -15"><span class='ocrx_word' id='word_1_56' title='bbox 572 1012 600 1039; x_wconf 78' lang='grc' dir='ltr'><strong>ι</strong></span> <span class='ocrx_word' id='word_1_57' title='bbox 646 987 961 1046; x_wconf 89' lang='lat' dir='ltr'><strong>Seminatur</strong></span> <span class='ocrx_word' id='word_1_58' title='bbox 989 987 1044 1042; x_wconf 94' lang='lat' dir='ltr'><strong>in</strong></span> <span class='ocrx_word' id='word_1_59' title='bbox 1071 988 1449 1060; x_wconf 89' lang='lat' dir='ltr'><strong>corruptione,</strong></span> <span class='ocrx_word' id='word_1_60' title='bbox 1487 988 1729 1061; x_wconf 84' lang='lat' dir='ltr'><strong>resurgit</strong></span> <span class='ocrx_word' id='word_1_61' title='bbox 1754 987 1810 1044; x_wconf 91' lang='lat' dir='ltr'><strong>in</strong></span> <span class='ocrx_word' id='word_1_62' title='bbox 1839 988 2093 1045; x_wconf 91' lang='lat' dir='ltr'><strong>incorru-</strong></span> 
     </span>
    </p>
   </div>
   <div class='ocr_carea' id='block_1_12' title="bbox 499 1078 2098 1151">
    <p class='ocr_par' dir='ltr' id='par_1_12' title="bbox 499 1078 2098 1151">
     <span class='ocr_line' id='line_1_12' title="bbox 499 1078 2098 1151; baseline -0.001 -15"><span class='ocrx_word' id='word_1_63' title='bbox 499 1079 716 1151; x_wconf 89' lang='lat' dir='ltr'><strong>ptione.</strong></span> <span class='ocrx_word' id='word_1_64' title='bbox 754 1096 786 1132; x_wconf 68' lang='grc' dir='ltr'><strong>ν</strong></span> <span class='ocrx_word' id='word_1_65' title='bbox 815 1079 992 1150; x_wconf 90' lang='lat' dir='ltr'><strong>Supra</strong></span> <span class='ocrx_word' id='word_1_66' title='bbox 1016 1093 1147 1134; x_wconf 90' lang='lat' dir='ltr'><strong>cum</strong></span> <span class='ocrx_word' id='word_1_67' title='bbox 1173 1078 1487 1150; x_wconf 87' lang='lat' dir='ltr'><strong>loqueretur</strong></span> <span class='ocrx_word' id='word_1_68' title='bbox 1523 1079 1591 1134; x_wconf 93' lang='lat' dir='ltr'><strong>de</strong></span> <span class='ocrx_word' id='word_1_69' title='bbox 1613 1078 1936 1143; x_wconf 84' lang='lat' dir='ltr'><strong>seminibus,</strong></span> <span class='ocrx_word' id='word_1_70' title='bbox 1984 1089 2098 1135; x_wconf 85' lang='lat' dir='ltr'><strong>utc-</strong></span> 
     </span>
    </p>
   </div>
   <div class='ocr_carea' id='block_1_13' title="bbox 494 1166 2096 1241">
    <p class='ocr_par' dir='ltr' id='par_1_13' title="bbox 494 1166 2096 1241">
     <span class='ocr_line' id='line_1_13' title="bbox 494 1166 2096 1241; baseline -0.001 -16"><span class='ocrx_word' id='word_1_71' title='bbox 494 1168 662 1225; x_wconf 88' lang='lat' dir='ltr'><strong>batur</strong></span> <span class='ocrx_word' id='word_1_72' title='bbox 688 1167 872 1224; x_wconf 82' lang='lat' dir='ltr'><strong>verbis</strong></span> <span class='ocrx_word' id='word_1_73' title='bbox 908 1166 1236 1238; x_wconf 87' lang='lat' dir='ltr'><strong>corporibus</strong></span> <span class='ocrx_word' id='word_1_74' title='bbox 1262 1167 1519 1241; x_wconf 84' lang='lat' dir='ltr'><strong>prapriis,</strong></span> <span class='ocrx_word' id='word_1_75' title='bbox 1564 1167 1729 1224; x_wconf 88' lang='lat' dir='ltr'><strong>veluti</strong></span> <span class='ocrx_word' id='word_1_76' title='bbox 1774 1184 1904 1224; x_wconf 90' lang='lat' dir='ltr'><strong>cum</strong></span> <span class='ocrx_word' id='word_1_77' title='bbox 1945 1167 2096 1224; x_wconf 88' lang='lat' dir='ltr'><strong>dice-</strong></span> 
     </span>
    </p>
   </div>
   <div class='ocr_carea' id='block_1_14' title="bbox 495 1255 2098 1327">
    <p class='ocr_par' dir='ltr' id='par_1_14' title="bbox 495 1255 2098 1327">
     <span class='ocr_line' id='line_1_14' title="bbox 495 1255 2098 1327; baseline 0 -14"><span class='ocrx_word' id='word_1_78' title='bbox 495 1265 597 1327; x_wconf 86' lang='lat' dir='ltr'><strong>ret,</strong></span> <span class='ocrx_word' id='word_1_79' title='bbox 655 1274 686 1310; x_wconf 74' lang='grc' dir='ltr'><strong>α</strong></span> <span class='ocrx_word' id='word_1_80' title='bbox 725 1259 855 1314; x_wconf 84' lang='lat' dir='ltr'><strong>Non</strong></span> <span class='ocrx_word' id='word_1_81' title='bbox 896 1256 1220 1327; x_wconf 84' lang='lat' dir='ltr'><strong>viviﬁcatur,</strong></span> <span class='ocrx_word' id='word_1_82' title='bbox 1264 1256 1370 1313; x_wconf 89' lang='lat' dir='ltr'><strong>nisi</strong></span> <span class='ocrx_word' id='word_1_83' title='bbox 1413 1255 1684 1313; x_wconf 88' lang='lat' dir='ltr'><strong>moriatur</strong></span> <span class='ocrx_word' id='word_1_84' title='bbox 1724 1274 1740 1314; x_wconf 89' lang='lat'><strong>:</strong></span> <span class='ocrx_word' id='word_1_85' title='bbox 1781 1275 1811 1311; x_wconf 82' lang='lat'><strong>»</strong></span> <span class='ocrx_word' id='word_1_86' title='bbox 1853 1273 2002 1314; x_wconf 92' lang='lat' dir='ltr'><strong>nunc</strong></span> <span class='ocrx_word' id='word_1_87' title='bbox 2028 1256 2098 1313; x_wconf 92' lang='lat' dir='ltr'><strong>de</strong></span> 
     </span>
    </p>
   </div>
   <div class='ocr_carea' id='block_1_15' title="bbox 493 1344 2094 1419">
    <p class='ocr_par' dir='ltr' id='par_1_15' title="bbox 493 1344 2094 1419">
     <span class='ocr_line' id='line_1_15' title="bbox 493 1344 2094 1419; baseline -0.001 -15"><span class='ocrx_word' id='word_1_88' title='bbox 493 1346 818 1419; x_wconf 90' lang='lat' dir='ltr'><strong>corporibus</strong></span> <span class='ocrx_word' id='word_1_89' title='bbox 859 1346 1025 1404; x_wconf 90' lang='lat' dir='ltr'><strong>verba</strong></span> <span class='ocrx_word' id='word_1_90' title='bbox 1067 1344 1293 1416; x_wconf 88' lang='lat' dir='ltr'><strong>faciens,</strong></span> <span class='ocrx_word' id='word_1_91' title='bbox 1344 1345 1681 1402; x_wconf 87' lang='lat' dir='ltr'><strong>dictionibus</strong></span> <span class='ocrx_word' id='word_1_92' title='bbox 1723 1348 1898 1402; x_wconf 89' lang='lat' dir='ltr'><strong>utitur</strong></span> <span class='ocrx_word' id='word_1_93' title='bbox 1926 1347 2094 1402; x_wconf 90' lang='lat' dir='ltr'><strong>semi-</strong></span> 
     </span>
    </p>
   </div>
   <div class='ocr_carea' id='block_1_16' title="bbox 493 1435 2096 1508">
    <p class='ocr_par' dir='ltr' id='par_1_16' title="bbox 493 1435 2096 1508">
     <span class='ocr_line' id='line_1_16' title="bbox 493 1435 2096 1508; baseline 0 -16"><span class='ocrx_word' id='word_1_94' title='bbox 493 1437 658 1493; x_wconf 88' lang='lat' dir='ltr'><strong>nibus</strong></span> <span class='ocrx_word' id='word_1_95' title='bbox 705 1435 1173 1493; x_wconf 84' lang='lat' dir='ltr'><strong>convenientibus.</strong></span> <span class='ocrx_word' id='word_1_96' title='bbox 1227 1460 1252 1486; x_wconf 76' lang='grc' dir='ltr'><strong>ι</strong></span> <span class='ocrx_word' id='word_1_97' title='bbox 1285 1436 1620 1504; x_wconf 88' lang='lat' dir='ltr'><strong>Seminatur,</strong></span> <span class='ocrx_word' id='word_1_98' title='bbox 1678 1459 1703 1484; x_wconf 83' lang='grc'><strong>››</strong></span> <span class='ocrx_word' id='word_1_99' title='bbox 1748 1435 1948 1508; x_wconf 89' lang='lat' dir='ltr'><strong>inquit,</strong></span> <span class='ocrx_word' id='word_1_100' title='bbox 1991 1459 2016 1484; x_wconf 77' lang='grc' dir='ltr'><strong>ιι</strong></span> <span class='ocrx_word' id='word_1_101' title='bbox 2044 1436 2096 1492; x_wconf 93' lang='lat' dir='ltr'><strong>in</strong></span> 
     </span>
    </p>
   </div>
   <div class='ocr_carea' id='block_1_17' title="bbox 501 1524 2095 1598">
    <p class='ocr_par' dir='ltr' id='par_1_17' title="bbox 501 1524 2095 1598">
     <span class='ocr_line' id='line_1_17' title="bbox 501 1524 2095 1598; baseline 0 -16"><span class='ocrx_word' id='word_1_102' title='bbox 501 1525 878 1598; x_wconf 87' lang='lat' dir='ltr'><strong>corruptione.</strong></span> <span class='ocrx_word' id='word_1_103' title='bbox 927 1545 955 1580; x_wconf 82' lang='lat'><strong>»</strong></span> <span class='ocrx_word' id='word_1_104' title='bbox 996 1526 1290 1583; x_wconf 88' lang='lat' dir='ltr'><strong>Sationem</strong></span> <span class='ocrx_word' id='word_1_105' title='bbox 1312 1535 1499 1582; x_wconf 89' lang='lat' dir='ltr'><strong>autem</strong></span> <span class='ocrx_word' id='word_1_106' title='bbox 1530 1524 1617 1582; x_wconf 92' lang='lat' dir='ltr'><strong>hic</strong></span> <span class='ocrx_word' id='word_1_107' title='bbox 1636 1524 1791 1595; x_wconf 88' lang='lat' dir='ltr'><strong>dicit,</strong></span> <span class='ocrx_word' id='word_1_108' title='bbox 1812 1541 1926 1582; x_wconf 90' lang='lat' dir='ltr'><strong>non</strong></span> <span class='ocrx_word' id='word_1_109' title='bbox 1971 1541 2095 1582; x_wconf 89' lang='lat' dir='ltr'><strong>eam</strong></span> 
     </span>
    </p>
   </div>
   <div class='ocr_carea' id='block_1_18' title="bbox 501 1613 2096 1688">
    <p class='ocr_par' dir='ltr' id='par_1_18' title="bbox 501 1613 2096 1688">
     <span class='ocr_line' id='line_1_18' title="bbox 501 1613 2096 1688; baseline 0 -17"><span class='ocrx_word' id='word_1_110' title='bbox 501 1631 628 1688; x_wconf 69' lang='lat' dir='ltr'><strong>qum</strong></span> <span class='ocrx_word' id='word_1_111' title='bbox 657 1615 724 1672; x_wconf 92' lang='lat' dir='ltr'><strong>ﬁt</strong></span> <span class='ocrx_word' id='word_1_112' title='bbox 757 1616 818 1672; x_wconf 90' lang='lat' dir='ltr'><strong>in</strong></span> <span class='ocrx_word' id='word_1_113' title='bbox 848 1616 1097 1685; x_wconf 86' lang='lat' dir='ltr'><strong>matrice,</strong></span> <span class='ocrx_word' id='word_1_114' title='bbox 1131 1631 1323 1673; x_wconf 88' lang='lat' dir='ltr'><strong>verum</strong></span> <span class='ocrx_word' id='word_1_115' title='bbox 1361 1630 1662 1688; x_wconf 88' lang='lat' dir='ltr'><strong>corporum</strong></span> <span class='ocrx_word' id='word_1_116' title='bbox 1699 1613 2096 1672; x_wconf 88' lang='lat' dir='ltr'><strong>defunctorum</strong></span> 
     </span>
    </p>
   </div>
   <div class='ocr_carea' id='block_1_19' title="bbox 496 1703 2092 1778">
    <p class='ocr_par' dir='ltr' id='par_1_19' title="bbox 496 1703 2092 1778">
     <span class='ocr_line' id='line_1_19' title="bbox 496 1703 2092 1778; baseline 0 -18"><span class='ocrx_word' id='word_1_117' title='bbox 496 1705 552 1762; x_wconf 90' lang='lat' dir='ltr'><strong>in</strong></span> <span class='ocrx_word' id='word_1_118' title='bbox 579 1713 723 1762; x_wconf 88' lang='lat' dir='ltr'><strong>terra</strong></span> <span class='ocrx_word' id='word_1_119' title='bbox 757 1704 1182 1778; x_wconf 90' lang='lat' dir='ltr'><strong>depositionem,</strong></span> <span class='ocrx_word' id='word_1_120' title='bbox 1220 1703 1446 1777; x_wconf 90' lang='lat' dir='ltr'><strong>perinde</strong></span> <span class='ocrx_word' id='word_1_121' title='bbox 1473 1720 1538 1761; x_wconf 90' lang='lat' dir='ltr'><strong>ac</strong></span> <span class='ocrx_word' id='word_1_122' title='bbox 1578 1703 1627 1761; x_wconf 91' lang='lat' dir='ltr'><strong>si</strong></span> <span class='ocrx_word' id='word_1_123' title='bbox 1655 1703 1809 1761; x_wconf 89' lang='lat' dir='ltr'><strong>dicat</strong></span> <span class='ocrx_word' id='word_1_124' title='bbox 1844 1722 1858 1760; x_wconf 89' lang='lat'><strong>:</strong></span> <span class='ocrx_word' id='word_1_125' title='bbox 1904 1707 2092 1777; x_wconf 85' lang='lat' dir='ltr'><strong>Repo-</strong></span> 
     </span>
    </p>
   </div>
   <div class='ocr_carea' id='block_1_20' title="bbox 495 1793 2091 1866">
    <p class='ocr_par' dir='ltr' id='par_1_20' title="bbox 495 1793 2091 1866">
     <span class='ocr_line' id='line_1_20' title="bbox 495 1793 2091 1866; baseline 0 -17"><span class='ocrx_word' id='word_1_126' title='bbox 495 1793 642 1850; x_wconf 88' lang='lat' dir='ltr'><strong>nitur</strong></span> <span class='ocrx_word' id='word_1_127' title='bbox 685 1794 743 1850; x_wconf 92' lang='lat' dir='ltr'><strong>in</strong></span> <span class='ocrx_word' id='word_1_128' title='bbox 785 1803 990 1851; x_wconf 91' lang='lat' dir='ltr'><strong>terram</strong></span> <span class='ocrx_word' id='word_1_129' title='bbox 1028 1809 1229 1866; x_wconf 91' lang='lat' dir='ltr'><strong>corpus</strong></span> <span class='ocrx_word' id='word_1_130' title='bbox 1279 1802 1565 1851; x_wconf 89' lang='lat' dir='ltr'><strong>mortuum</strong></span> <span class='ocrx_word' id='word_1_131' title='bbox 1612 1794 1669 1850; x_wconf 91' lang='lat' dir='ltr'><strong>in</strong></span> <span class='ocrx_word' id='word_1_132' title='bbox 1713 1793 2091 1866; x_wconf 88' lang='lat' dir='ltr'><strong>corruptione,</strong></span> 
     </span>
    </p>
   </div>
   <div class='ocr_carea' id='block_1_21' title="bbox 483 1881 2094 1956">
    <p class='ocr_par' dir='ltr' id='par_1_21' title="bbox 483 1881 2094 1956">
     <span class='ocr_line' id='line_1_21' title="bbox 483 1881 2094 1956; baseline -0.001 -16"><span class='ocrx_word' id='word_1_133' title='bbox 483 1883 591 1940; x_wconf 93' lang='lat' dir='ltr'><strong>hoc</strong></span> <span class='ocrx_word' id='word_1_134' title='bbox 637 1890 743 1953; x_wconf 89' lang='lat' dir='ltr'><strong>est,</strong></span> <span class='ocrx_word' id='word_1_135' title='bbox 813 1892 878 1940; x_wconf 91' lang='lat' dir='ltr'><strong>ut</strong></span> <span class='ocrx_word' id='word_1_136' title='bbox 925 1892 1342 1956; x_wconf 89' lang='lat' dir='ltr'><strong>corrumpatur.</strong></span> <span class='ocrx_word' id='word_1_137' title='bbox 1396 1882 1630 1939; x_wconf 90' lang='lat' dir='ltr'><strong>Pulchre</strong></span> <span class='ocrx_word' id='word_1_138' title='bbox 1695 1890 1882 1940; x_wconf 90' lang='lat' dir='ltr'><strong>autem</strong></span> <span class='ocrx_word' id='word_1_139' title='bbox 1914 1881 2094 1952; x_wconf 82' lang='lat' dir='ltr'><strong>_dixit,</strong></span> 
     </span>
    </p>
   </div>
   <div class='ocr_carea' id='block_1_22' title="bbox 493 1973 2096 2047">
    <p class='ocr_par' dir='ltr' id='par_1_22' title="bbox 493 1973 2096 2047">
     <span class='ocr_line' id='line_1_22' title="bbox 493 1973 2096 2047; baseline -0.001 -17"><span class='ocrx_word' id='word_1_140' title='bbox 493 1997 519 2023; x_wconf 78' lang='grc' dir='ltr'><strong>α</strong></span> <span class='ocrx_word' id='word_1_141' title='bbox 551 1973 834 2047; x_wconf 83' lang='lat' dir='ltr'><strong>Resurgit,</strong></span> <span class='ocrx_word' id='word_1_142' title='bbox 869 1996 897 2026; x_wconf 76' lang='grc' dir='ltr'><strong>υ</strong></span> <span class='ocrx_word' id='word_1_143' title='bbox 928 1981 984 2031; x_wconf 91' lang='lat' dir='ltr'><strong>et</strong></span> <span class='ocrx_word' id='word_1_144' title='bbox 1009 1989 1145 2043; x_wconf 88' lang='lat' dir='ltr'><strong>non,</strong></span> <span class='ocrx_word' id='word_1_145' title='bbox 1184 1973 1468 2042; x_wconf 88' lang='lat' dir='ltr'><strong>Nascitur,</strong></span> <span class='ocrx_word' id='word_1_146' title='bbox 1488 1987 1562 2029; x_wconf 90' lang='lat' dir='ltr'><strong>ne</strong></span> <span class='ocrx_word' id='word_1_147' title='bbox 1604 1979 1770 2030; x_wconf 67' lang='lat' dir='ltr'><strong>terrae</strong></span> <span class='ocrx_word' id='word_1_148' title='bbox 1808 1987 1929 2030; x_wconf 91' lang='lat' dir='ltr'><strong>esse</strong></span> <span class='ocrx_word' id='word_1_149' title='bbox 1955 1987 2096 2045; x_wconf 91' lang='lat' dir='ltr'><strong>opus</strong></span> 
     </span>
    </p>
   </div>
   <div class='ocr_carea' id='block_1_23' title="bbox 493 2062 786 2121">
    <p class='ocr_par' dir='ltr' id='par_1_23' title="bbox 493 2062 786 2121">
     <span class='ocr_line' id='line_1_23' title="bbox 493 2062 786 2121; baseline -0.003 -1"><span class='ocrx_word' id='word_1_150' title='bbox 493 2062 786 2121; x_wconf 82' lang='lat' dir='ltr'><strong>existimes.</strong></span> 
     </span>
    </p>
   </div>
   <div class='ocr_carea' id='block_1_24' title="bbox 559 2151 2097 2224">
    <p class='ocr_par' dir='ltr' id='par_1_24' title="bbox 559 2151 2097 2224">
     <span class='ocr_line' id='line_1_24' title="bbox 559 2151 2097 2224; baseline 0 -16"><span class='ocrx_word' id='word_1_151' title='bbox 559 2154 745 2209; x_wconf 75' lang='lat' dir='ltr'><strong>Vsus.</strong></span> <span class='ocrx_word' id='word_1_152' title='bbox 773 2157 864 2210; x_wconf 89' lang='lat'><strong>43.</strong></span> <span class='ocrx_word' id='word_1_153' title='bbox 896 2173 922 2201; x_wconf 79' lang='grc' dir='ltr'><strong>ι</strong></span> <span class='ocrx_word' id='word_1_154' title='bbox 955 2152 1270 2209; x_wconf 90' lang='lat' dir='ltr'><strong>Seminatur</strong></span> <span class='ocrx_word' id='word_1_155' title='bbox 1311 2151 1368 2208; x_wconf 92' lang='lat' dir='ltr'><strong>in</strong></span> <span class='ocrx_word' id='word_1_156' title='bbox 1409 2151 1729 2224; x_wconf 89' lang='lat' dir='ltr'><strong>ignominia,</strong></span> <span class='ocrx_word' id='word_1_157' title='bbox 1762 2151 1994 2224; x_wconf 84' lang='lat' dir='ltr'><strong>resurgit</strong></span> <span class='ocrx_word' id='word_1_158' title='bbox 2037 2151 2097 2208; x_wconf 90' lang='lat' dir='ltr'><strong>in</strong></span> 
     </span>
    </p>
   </div>
   <div class='ocr_carea' id='block_1_25' title="bbox 489 2240 2097 2315">
    <p class='ocr_par' dir='ltr' id='par_1_25' title="bbox 489 2240 2097 2315">
     <span class='ocr_line' id='line_1_25' title="bbox 489 2240 2097 2315; baseline 0.001 -19"><span class='ocrx_word' id='word_1_159' title='bbox 489 2240 688 2315; x_wconf 79' lang='lat' dir='ltr'><strong>gloria.</strong></span> <span class='ocrx_word' id='word_1_160' title='bbox 739 2265 765 2290; x_wconf 68' lang='grc' dir='ltr'><strong><em>ν</em></strong></span> <span class='ocrx_word' id='word_1_161' title='bbox 800 2241 947 2312; x_wconf 86' lang='lat' dir='ltr'><strong>Quid</strong></span> <span class='ocrx_word' id='word_1_162' title='bbox 987 2241 1137 2297; x_wconf 89' lang='lat' dir='ltr'><strong>enim</strong></span> <span class='ocrx_word' id='word_1_163' title='bbox 1167 2245 1390 2297; x_wconf 87' lang='lat' dir='ltr'><strong>mortuo</strong></span> <span class='ocrx_word' id='word_1_164' title='bbox 1428 2241 1761 2315; x_wconf 82' lang='lat' dir='ltr'><strong>ignobilius?</strong></span> <span class='ocrx_word' id='word_1_165' title='bbox 1791 2240 1992 2298; x_wconf 91' lang='lat' dir='ltr'><strong>etenim</strong></span> <span class='ocrx_word' id='word_1_166' title='bbox 2039 2241 2097 2297; x_wconf 92' lang='lat' dir='ltr'><strong>in</strong></span> 
     </span>
    </p>
   </div>
   <div class='ocr_carea' id='block_1_26' title="bbox 493 2330 2097 2404">
    <p class='ocr_par' dir='ltr' id='par_1_26' title="bbox 493 2330 2097 2404">
     <span class='ocr_line' id='line_1_26' title="bbox 493 2330 2097 2404; baseline 0 -18"><span class='ocrx_word' id='word_1_167' title='bbox 493 2330 669 2404; x_wconf 83' lang='lat' dir='ltr'><strong>gloria</strong></span> <span class='ocrx_word' id='word_1_168' title='bbox 733 2330 1268 2403; x_wconf 87' lang='lat' dir='ltr'><strong>incorruptibilitatis</strong></span> <span class='ocrx_word' id='word_1_169' title='bbox 1339 2332 1627 2402; x_wconf 87' lang='lat' dir='ltr'><strong>excitatur,</strong></span> <span class='ocrx_word' id='word_1_170' title='bbox 1699 2330 1914 2388; x_wconf 87' lang='lat' dir='ltr'><strong>etiamsi</strong></span> <span class='ocrx_word' id='word_1_171' title='bbox 1984 2345 2097 2387; x_wconf 88' lang='lat' dir='ltr'><strong>non</strong></span> 
     </span>
    </p>
   </div>
   <div class='ocr_carea' id='block_1_27' title="bbox 491 2418 1448 2478">
    <p class='ocr_par' dir='ltr' id='par_1_27' title="bbox 491 2418 1448 2478">
     <span class='ocr_line' id='line_1_27' title="bbox 491 2418 1448 2478; baseline -0.003 0"><span class='ocrx_word' id='word_1_172' title='bbox 491 2419 690 2478; x_wconf 90' lang='lat' dir='ltr'><strong>eodem</strong></span> <span class='ocrx_word' id='word_1_173' title='bbox 719 2437 914 2478; x_wconf 91' lang='lat' dir='ltr'><strong>omnes</strong></span> <span class='ocrx_word' id='word_1_174' title='bbox 941 2418 1197 2477; x_wconf 88' lang='lat' dir='ltr'><strong>fruantur</strong></span> <span class='ocrx_word' id='word_1_175' title='bbox 1215 2420 1448 2478; x_wconf 88' lang='lat' dir='ltr'><strong>honore.</strong></span> 
     </span>
    </p>
   </div>
   <div class='ocr_carea' id='block_1_28' title="bbox 558 2510 2095 2584">
    <p class='ocr_par' dir='ltr' id='par_1_28' title="bbox 558 2510 2095 2584">
     <span class='ocr_line' id='line_1_28' title="bbox 558 2510 2095 2584; baseline -0.001 -16"><span class='ocrx_word' id='word_1_176' title='bbox 558 2534 585 2561; x_wconf 79' lang='grc' dir='ltr'><strong>α</strong></span> <span class='ocrx_word' id='word_1_177' title='bbox 613 2510 932 2568; x_wconf 89' lang='lat' dir='ltr'><strong>Seminatur</strong></span> <span class='ocrx_word' id='word_1_178' title='bbox 956 2510 1010 2566; x_wconf 92' lang='lat' dir='ltr'><strong>in</strong></span> <span class='ocrx_word' id='word_1_179' title='bbox 1040 2510 1388 2580; x_wconf 87' lang='lat' dir='ltr'><strong>inﬁrmitate,</strong></span> <span class='ocrx_word' id='word_1_180' title='bbox 1419 2511 1659 2584; x_wconf 85' lang='lat' dir='ltr'><strong>resurgit</strong></span> <span class='ocrx_word' id='word_1_181' title='bbox 1686 2511 1744 2566; x_wconf 91' lang='lat' dir='ltr'><strong>in</strong></span> <span class='ocrx_word' id='word_1_182' title='bbox 1771 2510 2043 2583; x_wconf 90' lang='lat' dir='ltr'><strong>potentia.</strong></span> <span class='ocrx_word' id='word_1_183' title='bbox 2071 2533 2095 2559; x_wconf 75' lang='grc' dir='ltr'><strong>υ</strong></span> 
     </span>
    </p>
   </div>
   <div class='ocr_carea' id='block_1_29' title="bbox 483 2600 2097 2674">
    <p class='ocr_par' dir='ltr' id='par_1_29' title="bbox 483 2600 2097 2674">
     <span class='ocr_line' id='line_1_29' title="bbox 483 2600 2097 2674; baseline -0.002 -16"><span class='ocrx_word' id='word_1_184' title='bbox 483 2601 576 2659; x_wconf 76' lang='lat' dir='ltr'><strong>Ad</strong></span> <span class='ocrx_word' id='word_1_185' title='bbox 603 2601 829 2658; x_wconf 90' lang='lat' dir='ltr'><strong>dierum</strong></span> <span class='ocrx_word' id='word_1_186' title='bbox 885 2601 1034 2657; x_wconf 90' lang='lat' dir='ltr'><strong>enim</strong></span> <span class='ocrx_word' id='word_1_187' title='bbox 1072 2617 1248 2673; x_wconf 90' lang='lat' dir='ltr'><strong>usque</strong></span> <span class='ocrx_word' id='word_1_188' title='bbox 1295 2602 1538 2674; x_wconf 90' lang='lat' dir='ltr'><strong>quinque</strong></span> <span class='ocrx_word' id='word_1_189' title='bbox 1576 2600 1926 2657; x_wconf 86' lang='lat' dir='ltr'><strong>intervallum</strong></span> <span class='ocrx_word' id='word_1_190' title='bbox 1966 2615 2097 2656; x_wconf 92' lang='lat' dir='ltr'><strong>caro</strong></span> 
     </span>
    </p>
   </div>
   <div class='ocr_carea' id='block_1_30' title="bbox 498 2689 2095 2764">
    <p class='ocr_par' dir='ltr' id='par_1_30' title="bbox 498 2689 2095 2764">
     <span class='ocr_line' id='line_1_30' title="bbox 498 2689 2095 2764; baseline -0.003 -16"><span class='ocrx_word' id='word_1_191' title='bbox 498 2707 618 2749; x_wconf 91' lang='lat' dir='ltr'><strong>non</strong></span> <span class='ocrx_word' id='word_1_192' title='bbox 673 2699 857 2764; x_wconf 89' lang='lat' dir='ltr'><strong>potest</strong></span> <span class='ocrx_word' id='word_1_193' title='bbox 921 2691 1210 2763; x_wconf 89' lang='lat' dir='ltr'><strong>persistere</strong></span> <span class='ocrx_word' id='word_1_194' title='bbox 1273 2690 1535 2748; x_wconf 90' lang='lat' dir='ltr'><strong>adversus</strong></span> <span class='ocrx_word' id='word_1_195' title='bbox 1599 2689 2011 2763; x_wconf 87' lang='lat' dir='ltr'><strong>corruptionem</strong></span> <span class='ocrx_word' id='word_1_196' title='bbox 2082 2706 2095 2744; x_wconf 91' lang='lat'><strong>:</strong></span> 
     </span>
    </p>
   </div>
   <div class='ocr_carea' id='block_1_31' title="bbox 495 2777 2099 2852">
    <p class='ocr_par' dir='ltr' id='par_1_31' title="bbox 495 2777 2099 2852">
     <span class='ocr_line' id='line_1_31' title="bbox 495 2777 2099 2852; baseline -0.005 -13"><span class='ocrx_word' id='word_1_197' title='bbox 495 2780 596 2839; x_wconf 88' lang='lat' dir='ltr'><strong>sed</strong></span> <span class='ocrx_word' id='word_1_198' title='bbox 639 2780 916 2837; x_wconf 85' lang='lat' dir='ltr'><strong>excitatur</strong></span> <span class='ocrx_word' id='word_1_199' title='bbox 965 2780 1024 2835; x_wconf 91' lang='lat' dir='ltr'><strong>in</strong></span> <span class='ocrx_word' id='word_1_200' title='bbox 1068 2779 1600 2852; x_wconf 87' lang='lat' dir='ltr'><strong>incorruptibilitatis</strong></span> <span class='ocrx_word' id='word_1_201' title='bbox 1643 2778 1914 2851; x_wconf 82' lang='lat' dir='ltr'><strong>potentia,</strong></span> <span class='ocrx_word' id='word_1_202' title='bbox 1963 2777 2099 2847; x_wconf 74' lang='lat' dir='ltr'><strong>nulli</strong></span> 
     </span>
    </p>
   </div>
   <div class='ocr_carea' id='block_1_32' title="bbox 487 2866 2099 2942">
    <p class='ocr_par' dir='ltr' id='par_1_32' title="bbox 487 2866 2099 2942">
     <span class='ocr_line' id='line_1_32' title="bbox 487 2866 2099 2942; baseline -0.002 -16"><span class='ocrx_word' id='word_1_203' title='bbox 487 2885 654 2942; x_wconf 92' lang='lat' dir='ltr'><strong>porro</strong></span> <span class='ocrx_word' id='word_1_204' title='bbox 693 2869 1033 2940; x_wconf 87' lang='lat' dir='ltr'><strong>corruptioni</strong></span> <span class='ocrx_word' id='word_1_205' title='bbox 1071 2868 1336 2937; x_wconf 86' lang='lat' dir='ltr'><strong>obnoxia,</strong></span> <span class='ocrx_word' id='word_1_206' title='bbox 1370 2869 1584 2926; x_wconf 89' lang='lat' dir='ltr'><strong>etiamsi</strong></span> <span class='ocrx_word' id='word_1_207' title='bbox 1608 2866 2099 2942; x_wconf 87' lang='lat' dir='ltr'><strong>incorruptibilitas</strong></span> 
     </span>
    </p>
   </div>
   <div class='ocr_carea' id='block_1_33' title="bbox 487 2959 1376 3031">
    <p class='ocr_par' dir='ltr' id='par_1_33' title="bbox 487 2959 1376 3031">
     <span class='ocr_line' id='line_1_33' title="bbox 487 2959 1376 3031; baseline -0.002 -13"><span class='ocrx_word' id='word_1_208' title='bbox 487 2959 681 3031; x_wconf 87' lang='lat' dir='ltr'><strong>impiis</strong></span> <span class='ocrx_word' id='word_1_209' title='bbox 707 2959 778 3015; x_wconf 88' lang='lat' dir='ltr'><strong>sit</strong></span> <span class='ocrx_word' id='word_1_210' title='bbox 803 2959 873 3016; x_wconf 91' lang='lat' dir='ltr'><strong>ad</strong></span> <span class='ocrx_word' id='word_1_211' title='bbox 903 2959 1142 3030; x_wconf 87' lang='lat' dir='ltr'><strong>majores</strong></span> <span class='ocrx_word' id='word_1_212' title='bbox 1167 2974 1376 3031; x_wconf 72' lang='lat' dir='ltr'><strong>poenas.</strong></span> 
     </span>
    </p>
   </div>
   <div class='ocr_carea' id='block_1_34' title="bbox 557 3029 2174 3120">
    <p class='ocr_par' dir='ltr' id='par_1_34' title="bbox 557 3029 2174 3120">
     <span class='ocr_line' id='line_1_34' title="bbox 557 3029 2174 3120; baseline -0.003 -14"><span class='ocrx_word' id='word_1_213' title='bbox 557 3029 738 3106; x_wconf 76' lang='lat' dir='ltr'><strong>Vsus.</strong></span> <span class='ocrx_word' id='word_1_214' title='bbox 769 3053 864 3104; x_wconf 80' lang='grc'><strong>44.</strong></span> <span class='ocrx_word' id='word_1_215' title='bbox 901 3067 931 3100; x_wconf 81' lang='grc' dir='ltr'><strong>α</strong></span> <span class='ocrx_word' id='word_1_216' title='bbox 972 3029 1290 3105; x_wconf 77' lang='lat' dir='ltr'><strong>Seminatur</strong></span> <span class='ocrx_word' id='word_1_217' title='bbox 1316 3063 1517 3119; x_wconf 89' lang='lat' dir='ltr'><strong>corpus</strong></span> <span class='ocrx_word' id='word_1_218' title='bbox 1557 3047 1812 3115; x_wconf 89' lang='lat' dir='ltr'><strong>animale,</strong></span> <span class='ocrx_word' id='word_1_219' title='bbox 1854 3047 2089 3120; x_wconf 87' lang='lat' dir='ltr'><strong>resurgit</strong></span> <span class='ocrx_word' id='word_1_220' title='bbox 2129 3029 2174 3093; x_wconf 63' lang='grc' dir='ltr'><strong>(ἶ</strong></span> 
     </span>
    </p>
   </div>
   <div class='ocr_carea' id='block_1_35' title="bbox 485 3137 2092 3211">
    <p class='ocr_par' dir='ltr' id='par_1_35' title="bbox 485 3137 2092 3211">
     <span class='ocr_line' id='line_1_35' title="bbox 485 3137 2092 3211; baseline -0.002 -14"><span class='ocrx_word' id='word_1_221' title='bbox 485 3155 688 3211; x_wconf 90' lang='lat' dir='ltr'><strong>corpus</strong></span> <span class='ocrx_word' id='word_1_222' title='bbox 735 3137 1042 3210; x_wconf 79' lang='lat' dir='ltr'><strong>Spirituale.</strong></span> <span class='ocrx_word' id='word_1_223' title='bbox 1088 3161 1114 3188; x_wconf 74' lang='grc' dir='ltr'><strong>ι</strong></span> <span class='ocrx_word' id='word_1_224' title='bbox 1158 3168 1228 3180; x_wconf 91' lang='grc'><strong><em>-</em></strong></span> <span class='ocrx_word' id='word_1_225' title='bbox 1273 3156 1303 3191; x_wconf 81' lang='grc' dir='ltr'><strong>ιι</strong></span> <span class='ocrx_word' id='word_1_226' title='bbox 1344 3139 1558 3209; x_wconf 89' lang='lat' dir='ltr'><strong>Corpus</strong></span> <span class='ocrx_word' id='word_1_227' title='bbox 1604 3137 1868 3206; x_wconf 85' lang='lat' dir='ltr'><strong>animale,</strong></span> <span class='ocrx_word' id='word_1_228' title='bbox 1925 3160 1953 3187; x_wconf 73' lang='grc' dir='ltr'>ιο</span> <span class='ocrx_word' id='word_1_229' title='bbox 2008 3146 2092 3193; x_wconf 89' lang='lat' dir='ltr'><strong>est</strong></span> 
     </span>
    </p>
   </div>
   <div class='ocr_carea' id='block_1_36' title="bbox 491 3226 2089 3303">
    <p class='ocr_par' dir='ltr' id='par_1_36' title="bbox 491 3226 2089 3303">
     <span class='ocr_line' id='line_1_36' title="bbox 491 3226 2089 3303; baseline -0.003 -17"><span class='ocrx_word' id='word_1_230' title='bbox 491 3228 642 3303; x_wconf 91' lang='lat' dir='ltr'><strong>quod</strong></span> <span class='ocrx_word' id='word_1_231' title='bbox 681 3228 886 3285; x_wconf 77' lang='lat' dir='ltr'><strong>animae</strong></span> <span class='ocrx_word' id='word_1_232' title='bbox 931 3227 1140 3284; x_wconf 89' lang='lat' dir='ltr'><strong>viribus</strong></span> <span class='ocrx_word' id='word_1_233' title='bbox 1171 3227 1532 3300; x_wconf 87' lang='lat' dir='ltr'><strong>gubernatur,</strong></span> <span class='ocrx_word' id='word_1_234' title='bbox 1571 3234 1628 3283; x_wconf 94' lang='lat' dir='ltr'><strong>et</strong></span> <span class='ocrx_word' id='word_1_235' title='bbox 1665 3227 1726 3282; x_wconf 94' lang='lat' dir='ltr'><strong>in</strong></span> <span class='ocrx_word' id='word_1_236' title='bbox 1768 3243 1878 3299; x_wconf 92' lang='lat' dir='ltr'><strong>quo</strong></span> <span class='ocrx_word' id='word_1_237' title='bbox 1907 3226 2089 3284; x_wconf 90' lang='lat' dir='ltr'><strong>anima</strong></span> 
     </span>
    </p>
   </div>
   <div class='ocr_carea' id='block_1_37' title="bbox 485 3315 2088 3389">
    <p class='ocr_par' dir='ltr' id='par_1_37' title="bbox 485 3315 2088 3389">
     <span class='ocr_line' id='line_1_37' title="bbox 485 3315 2088 3389; baseline -0.002 -13"><span class='ocrx_word' id='word_1_238' title='bbox 485 3319 835 3376; x_wconf 88' lang='lat' dir='ltr'><strong>dominatum</strong></span> <span class='ocrx_word' id='word_1_239' title='bbox 862 3325 918 3374; x_wconf 89' lang='lat' dir='ltr'><strong>et</strong></span> <span class='ocrx_word' id='word_1_240' title='bbox 943 3317 1234 3389; x_wconf 91' lang='lat' dir='ltr'><strong>imperium</strong></span> <span class='ocrx_word' id='word_1_241' title='bbox 1273 3316 1458 3373; x_wconf 88' lang='lat' dir='ltr'><strong>habet.</strong></span> <span class='ocrx_word' id='word_1_242' title='bbox 1489 3339 1515 3366; x_wconf 79' lang='grc' dir='ltr'><strong>σι</strong></span> <span class='ocrx_word' id='word_1_243' title='bbox 1549 3315 1842 3389; x_wconf 89' lang='lat' dir='ltr'><strong>Spirituale</strong></span> <span class='ocrx_word' id='word_1_244' title='bbox 1876 3340 1902 3365; x_wconf 73' lang='grc' dir='ltr'><strong>υ</strong></span> <span class='ocrx_word' id='word_1_245' title='bbox 1937 3331 2088 3386; x_wconf 90' lang='lat' dir='ltr'><strong>vero,</strong></span> 
     </span>
    </p>
   </div>
   <div class='ocr_carea' id='block_1_38' title="bbox 488 3406 2090 3480">
    <p class='ocr_par' dir='ltr' id='par_1_38' title="bbox 488 3406 2090 3480">
     <span class='ocr_line' id='line_1_38' title="bbox 488 3406 2090 3480; baseline -0.002 -15"><span class='ocrx_word' id='word_1_246' title='bbox 488 3407 643 3480; x_wconf 92' lang='lat' dir='ltr'><strong>quod</strong></span> <span class='ocrx_word' id='word_1_247' title='bbox 680 3407 911 3480; x_wconf 88' lang='lat' dir='ltr'><strong>Spiritus</strong></span> <span class='ocrx_word' id='word_1_248' title='bbox 950 3411 1122 3463; x_wconf 88' lang='lat' dir='ltr'><strong>sancti</strong></span> <span class='ocrx_word' id='word_1_249' title='bbox 1166 3406 1483 3479; x_wconf 89' lang='lat' dir='ltr'><strong>operatione</strong></span> <span class='ocrx_word' id='word_1_250' title='bbox 1526 3406 1746 3463; x_wconf 90' lang='lat' dir='ltr'><strong>abunde</strong></span> <span class='ocrx_word' id='word_1_251' title='bbox 1794 3407 1993 3475; x_wconf 90' lang='lat' dir='ltr'><strong>utitur,</strong></span> <span class='ocrx_word' id='word_1_252' title='bbox 2035 3413 2090 3462; x_wconf 89' lang='lat' dir='ltr'><strong>et</strong></span> 
     </span>
    </p>
   </div>
   <div class='ocr_carea' id='block_1_39' title="bbox 491 3495 2089 3569">
    <p class='ocr_par' dir='ltr' id='par_1_39' title="bbox 491 3495 2089 3569">
     <span class='ocr_line' id='line_1_39' title="bbox 491 3495 2089 3569; baseline -0.002 -15"><span class='ocrx_word' id='word_1_253' title='bbox 491 3497 562 3555; x_wconf 90' lang='lat' dir='ltr'><strong>ab</strong></span> <span class='ocrx_word' id='word_1_254' title='bbox 591 3497 684 3554; x_wconf 90' lang='lat' dir='ltr'><strong>illo</strong></span> <span class='ocrx_word' id='word_1_255' title='bbox 710 3497 770 3552; x_wconf 92' lang='lat' dir='ltr'><strong>in</strong></span> <span class='ocrx_word' id='word_1_256' title='bbox 797 3496 1058 3552; x_wconf 87' lang='lat' dir='ltr'><strong>omnibus</strong></span> <span class='ocrx_word' id='word_1_257' title='bbox 1084 3496 1437 3569; x_wconf 83' lang='lat' dir='ltr'><strong>gubernatur.</strong></span> <span class='ocrx_word' id='word_1_258' title='bbox 1473 3495 1698 3552; x_wconf 89' lang='lat' dir='ltr'><strong>Etiamsi</strong></span> <span class='ocrx_word' id='word_1_259' title='bbox 1736 3497 1888 3552; x_wconf 90' lang='lat' dir='ltr'><strong>enim</strong></span> <span class='ocrx_word' id='word_1_260' title='bbox 1915 3495 2089 3568; x_wconf 89' lang='lat' dir='ltr'><strong>Spiri-</strong></span> 
     </span>
    </p>
   </div>
   <div class='ocr_carea' id='block_1_40' title="bbox 486 3586 2086 3658">
    <p class='ocr_par' dir='ltr' id='par_1_40' title="bbox 486 3586 2086 3658">
     <span class='ocr_line' id='line_1_40' title="bbox 486 3586 2086 3658; baseline -0.002 -14"><span class='ocrx_word' id='word_1_261' title='bbox 486 3595 577 3645; x_wconf 90' lang='lat' dir='ltr'><strong>tus</strong></span> <span class='ocrx_word' id='word_1_262' title='bbox 623 3587 932 3644; x_wconf 90' lang='lat' dir='ltr'><strong>etiamnum</strong></span> <span class='ocrx_word' id='word_1_263' title='bbox 979 3586 1036 3641; x_wconf 92' lang='lat' dir='ltr'><strong>in</strong></span> <span class='ocrx_word' id='word_1_264' title='bbox 1082 3586 1243 3642; x_wconf 90' lang='lat' dir='ltr'><strong>nobis</strong></span> <span class='ocrx_word' id='word_1_265' title='bbox 1286 3596 1564 3658; x_wconf 88' lang='lat' dir='ltr'><strong>operatur,</strong></span> <span class='ocrx_word' id='word_1_266' title='bbox 1607 3602 1725 3642; x_wconf 90' lang='lat' dir='ltr'><strong>non</strong></span> <span class='ocrx_word' id='word_1_267' title='bbox 1774 3586 1855 3642; x_wconf 90' lang='lat' dir='ltr'><strong>sic</strong></span> <span class='ocrx_word' id='word_1_268' title='bbox 1897 3593 2086 3643; x_wconf 88' lang='lat' dir='ltr'><strong>tamen</strong></span> 
     </span>
    </p>
   </div>
   <div class='ocr_carea' id='block_1_41' title="bbox 488 3675 2089 3750">
    <p class='ocr_par' dir='ltr' id='par_1_41' title="bbox 488 3675 2089 3750">
     <span class='ocr_line' id='line_1_41' title="bbox 488 3675 2089 3750; baseline -0.002 -16"><span class='ocrx_word' id='word_1_269' title='bbox 488 3686 764 3750; x_wconf 89' lang='lat' dir='ltr'><strong>operatur,</strong></span> <span class='ocrx_word' id='word_1_270' title='bbox 807 3692 986 3749; x_wconf 90' lang='lat' dir='ltr'><strong>neque</strong></span> <span class='ocrx_word' id='word_1_271' title='bbox 1013 3690 1231 3749; x_wconf 84' lang='lat' dir='ltr'><strong>semper</strong></span> <span class='ocrx_word' id='word_1_272' title='bbox 1281 3677 1510 3733; x_wconf 88' lang='lat' dir='ltr'><strong>:avolat</strong></span> <span class='ocrx_word' id='word_1_273' title='bbox 1547 3675 1697 3732; x_wconf 90' lang='lat' dir='ltr'><strong>enim</strong></span> <span class='ocrx_word' id='word_1_274' title='bbox 1741 3691 1773 3732; x_wconf 90' lang='lat' dir='ltr'><strong>a</strong></span> <span class='ocrx_word' id='word_1_275' title='bbox 1821 3675 2089 3732; x_wconf 90' lang='lat' dir='ltr'><strong>commit-</strong></span> 
     </span>
    </p>
   </div>
   <div class='ocr_carea' id='block_1_42' title="bbox 487 3765 2086 3839">
    <p class='ocr_par' dir='ltr' id='par_1_42' title="bbox 487 3765 2086 3839">
     <span class='ocr_line' id='line_1_42' title="bbox 487 3765 2086 3839; baseline -0.002 -15"><span class='ocrx_word' id='word_1_276' title='bbox 487 3768 736 3824; x_wconf 90' lang='lat' dir='ltr'><strong>tentibus</strong></span> <span class='ocrx_word' id='word_1_277' title='bbox 781 3766 1068 3839; x_wconf 86' lang='lat' dir='ltr'><strong>ﬂagitium.</strong></span> <span class='ocrx_word' id='word_1_278' title='bbox 1119 3768 1202 3822; x_wconf 77' lang='lat' dir='ltr'><strong>Ac</strong></span> <span class='ocrx_word' id='word_1_279' title='bbox 1268 3774 1538 3839; x_wconf 69' lang='lat' dir='ltr'><strong>praesente</strong></span> <span class='ocrx_word' id='word_1_280' title='bbox 1577 3765 1805 3838; x_wconf 89' lang='lat' dir='ltr'><strong>quidem</strong></span> <span class='ocrx_word' id='word_1_281' title='bbox 1862 3765 2086 3836; x_wconf 89' lang='lat' dir='ltr'><strong>Spiritu,</strong></span> 
     </span>
    </p>
   </div>
   <div class='ocr_carea' id='block_1_43' title="bbox 489 3855 2089 3929">
    <p class='ocr_par' dir='ltr' id='par_1_43' title="bbox 489 3855 2089 3929">
     <span class='ocr_line' id='line_1_43' title="bbox 489 3855 2089 3929; baseline -0.003 -15"><span class='ocrx_word' id='word_1_282' title='bbox 489 3857 678 3914; x_wconf 88' lang='lat' dir='ltr'><strong>anima</strong></span> <span class='ocrx_word' id='word_1_283' title='bbox 713 3873 914 3928; x_wconf 89' lang='lat' dir='ltr'><strong>corpus</strong></span> <span class='ocrx_word' id='word_1_284' title='bbox 963 3855 1106 3929; x_wconf 90' lang='lat' dir='ltr'><strong>regit</strong></span> <span class='ocrx_word' id='word_1_285' title='bbox 1154 3872 1169 3911; x_wconf 88' lang='lat'><strong>:</strong></span> <span class='ocrx_word' id='word_1_286' title='bbox 1218 3864 1342 3911; x_wconf 90' lang='lat' dir='ltr'><strong>tum</strong></span> <span class='ocrx_word' id='word_1_287' title='bbox 1388 3871 1516 3911; x_wconf 91' lang='lat' dir='ltr'><strong>vero</strong></span> <span class='ocrx_word' id='word_1_288' title='bbox 1569 3855 1791 3912; x_wconf 88' lang='lat' dir='ltr'><strong>assidue</strong></span> <span class='ocrx_word' id='word_1_289' title='bbox 1846 3855 2089 3926; x_wconf 90' lang='lat' dir='ltr'><strong>Spiritus</strong></span> 
     </span>
    </p>
   </div>
   <div class='ocr_carea' id='block_1_44' title="bbox 486 3944 2147 4020">
    <p class='ocr_par' dir='ltr' id='par_1_44' title="bbox 486 3944 2147 4020">
     <span class='ocr_line' id='line_1_44' title="bbox 486 3944 2147 4020; baseline -0.002 -16"><span class='ocrx_word' id='word_1_290' title='bbox 486 3947 835 4020; x_wconf 88' lang='lat' dir='ltr'><strong>permanebit</strong></span> <span class='ocrx_word' id='word_1_291' title='bbox 861 3947 919 4002; x_wconf 93' lang='lat' dir='ltr'><strong>in</strong></span> <span class='ocrx_word' id='word_1_292' title='bbox 940 3946 1267 4017; x_wconf 90' lang='lat' dir='ltr'><strong>corporibus</strong></span> <span class='ocrx_word' id='word_1_293' title='bbox 1293 3945 1592 4016; x_wconf 88' lang='lat' dir='ltr'><strong>justorum.</strong></span> <span class='ocrx_word' id='word_1_294' title='bbox 1642 3946 1741 4002; x_wconf 89' lang='lat' dir='ltr'><strong>Vel</strong></span> <span class='ocrx_word' id='word_1_295' title='bbox 1769 3944 2090 4017; x_wconf 88' lang='lat' dir='ltr'><strong>simpliciter</strong></span> <span class='ocrx_word' id='word_1_296' title='bbox 2137 3985 2147 3992; x_wconf 87' lang='grc'><strong>-</strong></span> 
     </span>
    </p>
   </div>
   <div class='ocr_carea' id='block_1_45' title="bbox 485 4033 2088 4110">
    <p class='ocr_par' dir='ltr' id='par_1_45' title="bbox 485 4033 2088 4110">
     <span class='ocr_line' id='line_1_45' title="bbox 485 4033 2088 4110; baseline -0.002 -16"><span class='ocrx_word' id='word_1_297' title='bbox 485 4037 775 4110; x_wconf 80' lang='lat' dir='ltr'><strong>Spirituale</strong></span> <span class='ocrx_word' id='word_1_298' title='bbox 823 4035 1234 4107; x_wconf 89' lang='lat' dir='ltr'><strong>incorruptibile</strong></span> <span class='ocrx_word' id='word_1_299' title='bbox 1279 4033 1434 4103; x_wconf 90' lang='lat' dir='ltr'><strong>dicit,</strong></span> <span class='ocrx_word' id='word_1_300' title='bbox 1463 4033 1629 4090; x_wconf 91' lang='lat' dir='ltr'><strong>veluti</strong></span> <span class='ocrx_word' id='word_1_301' title='bbox 1672 4034 1874 4091; x_wconf 89' lang='lat' dir='ltr'><strong>subtile</strong></span> <span class='ocrx_word' id='word_1_302' title='bbox 1910 4035 2088 4106; x_wconf 89' lang='lat' dir='ltr'><strong>magis</strong></span> 
     </span>
    </p>
   </div>
   <div class='ocr_carea' id='block_1_46' title="bbox 484 4123 2087 4193">
    <p class='ocr_par' dir='ltr' id='par_1_46' title="bbox 484 4123 2087 4193">
     <span class='ocr_line' id='line_1_46' title="bbox 484 4123 2087 4193; baseline -0.002 -11"><span class='ocrx_word' id='word_1_303' title='bbox 484 4133 541 4182; x_wconf 91' lang='lat' dir='ltr'><strong>et</strong></span> <span class='ocrx_word' id='word_1_304' title='bbox 566 4125 708 4193; x_wconf 89' lang='lat' dir='ltr'><strong>leve,</strong></span> <span class='ocrx_word' id='word_1_305' title='bbox 737 4125 876 4181; x_wconf 91' lang='lat' dir='ltr'><strong>adeo</strong></span> <span class='ocrx_word' id='word_1_306' title='bbox 901 4133 966 4180; x_wconf 90' lang='lat' dir='ltr'><strong>ut</strong></span> <span class='ocrx_word' id='word_1_307' title='bbox 994 4124 1079 4181; x_wconf 87' lang='lat' dir='ltr'><strong>vel</strong></span> <span class='ocrx_word' id='word_1_308' title='bbox 1106 4139 1232 4180; x_wconf 90' lang='lat' dir='ltr'><strong>aere</strong></span> <span class='ocrx_word' id='word_1_309' title='bbox 1271 4123 1524 4190; x_wconf 89' lang='lat' dir='ltr'><strong>vehatur,</strong></span> <span class='ocrx_word' id='word_1_310' title='bbox 1565 4132 1815 4180; x_wconf 90' lang='lat' dir='ltr'><strong>attamen</strong></span> <span class='ocrx_word' id='word_1_311' title='bbox 1845 4138 1956 4180; x_wconf 91' lang='lat' dir='ltr'><strong>non</strong></span> <span class='ocrx_word' id='word_1_312' title='bbox 1989 4123 2087 4191; x_wconf 91' lang='lat' dir='ltr'><strong>ita,</strong></span> 
     </span>
    </p>
   </div>
   <div class='ocr_carea' id='block_1_47' title="bbox 487 4213 2087 4284">
    <p class='ocr_par' dir='ltr' id='par_1_47' title="bbox 487 4213 2087 4284">
     <span class='ocr_line' id='line_1_47' title="bbox 487 4213 2087 4284; baseline -0.001 -14"><span class='ocrx_word' id='word_1_313' title='bbox 487 4222 551 4270; x_wconf 88' lang='lat' dir='ltr'><strong>ut</strong></span> <span class='ocrx_word' id='word_1_314' title='bbox 577 4215 847 4284; x_wconf 85' lang='lat' dir='ltr'><strong>Origenes</strong></span> <span class='ocrx_word' id='word_1_315' title='bbox 886 4213 1040 4280; x_wconf 92' lang='lat' dir='ltr'><strong>dicit,</strong></span> <span class='ocrx_word' id='word_1_316' title='bbox 1072 4228 1295 4269; x_wconf 88' lang='lat' dir='ltr'><strong>aereum</strong></span> <span class='ocrx_word' id='word_1_317' title='bbox 1323 4220 1380 4268; x_wconf 92' lang='lat' dir='ltr'><strong>et</strong></span> <span class='ocrx_word' id='word_1_318' title='bbox 1417 4213 1743 4280; x_wconf 60' lang='lat' dir='ltr'><strong>athereum,</strong></span> <span class='ocrx_word' id='word_1_319' title='bbox 1787 4227 1988 4284; x_wconf 90' lang='lat' dir='ltr'><strong>nempe</strong></span> <span class='ocrx_word' id='word_1_320' title='bbox 2023 4229 2087 4270; x_wconf 86' lang='lat' dir='ltr'><strong>ex</strong></span> 
     </span>
    </p>
   </div>
   <div class='ocr_carea' id='block_1_48' title="bbox 485 4301 2080 4374">
    <p class='ocr_par' dir='ltr' id='par_1_48' title="bbox 485 4301 2080 4374">
     <span class='ocr_line' id='line_1_48' title="bbox 485 4301 2080 4374; baseline -0.001 -14"><span class='ocrx_word' id='word_1_321' title='bbox 485 4303 629 4360; x_wconf 90' lang='lat' dir='ltr'><strong>aeris</strong></span> <span class='ocrx_word' id='word_1_322' title='bbox 673 4302 1002 4373; x_wconf 71' lang='lat' dir='ltr'><strong>aatherisque</strong></span> <span class='ocrx_word' id='word_1_323' title='bbox 1045 4302 1346 4359; x_wconf 89' lang='lat' dir='ltr'><strong>substantia</strong></span> <span class='ocrx_word' id='word_1_324' title='bbox 1383 4303 1766 4358; x_wconf 89' lang='lat' dir='ltr'><strong>constitutum.</strong></span> <span class='ocrx_word' id='word_1_325' title='bbox 1823 4301 1986 4374; x_wconf 90' lang='lat' dir='ltr'><strong>Quod</strong></span> <span class='ocrx_word' id='word_1_326' title='bbox 2015 4302 2080 4359; x_wconf 90' lang='lat' dir='ltr'><strong>si.</strong></span> 
     </span>
    </p>
   </div>
   <div class='ocr_carea' id='block_1_49' title="bbox 2212 535 3326 623">
    <p class='ocr_par' dir='ltr' id='par_1_49' title="bbox 2212 535 3326 623">
     <span class='ocr_line' id='line_1_49' title="bbox 2212 535 3326 623; baseline -0.004 -23"><span class='ocrx_word' id='word_1_327' title='bbox 2212 539 2458 623; x_wconf 80' lang='grc' dir='ltr'><strong>ἀστέρας.</strong></span> <span class='ocrx_word' id='word_1_328' title='bbox 2485 536 2660 601; x_wconf 75' lang='grc' dir='ltr'>Ὥστε</span> <span class='ocrx_word' id='word_1_329' title='bbox 2693 539 2818 621; x_wconf 81' lang='grc' dir='ltr'>περὶ</span> <span class='ocrx_word' id='word_1_330' title='bbox 2853 538 3052 600; x_wconf 88' lang='grc' dir='ltr'>τούτων</span> <span class='ocrx_word' id='word_1_331' title='bbox 3081 539 3111 597; x_wconf 81' lang='grc' dir='ltr'><strong>ὁ</strong></span> <span class='ocrx_word' id='word_1_332' title='bbox 3150 535 3326 617; x_wconf 82' lang='grc' dir='ltr'>λόγος.</span> 
     </span>
    </p>
   </div>
   <div class='ocr_carea' id='block_1_50' title="bbox 2301 715 3804 798">
    <p class='ocr_par' dir='ltr' id='par_1_50' title="bbox 2301 715 3804 798">
     <span class='ocr_line' id='line_1_50' title="bbox 2301 715 3804 798; baseline -0.004 -16"><span class='ocrx_word' id='word_1_333' title='bbox 2301 744 2332 782; x_wconf 77' lang='grc' dir='ltr'><strong>α</strong></span> <span class='ocrx_word' id='word_1_334' title='bbox 2347 721 2512 784; x_wconf 81' lang='grc' dir='ltr'>Οὕτω</span> <span class='ocrx_word' id='word_1_335' title='bbox 2530 721 2622 781; x_wconf 77' lang='grc' dir='ltr'>καὶ</span> <span class='ocrx_word' id='word_1_336' title='bbox 2638 726 2673 796; x_wconf 84' lang='grc' dir='ltr'>ἠ</span> <span class='ocrx_word' id='word_1_337' title='bbox 2695 721 2984 788; x_wconf 76' lang='grc' dir='ltr'>ἀνάστασις</span> <span class='ocrx_word' id='word_1_338' title='bbox 3001 723 3105 779; x_wconf 89' lang='grc' dir='ltr'><strong>τῶν</strong></span> <span class='ocrx_word' id='word_1_339' title='bbox 3131 719 3328 798; x_wconf 89' lang='grc' dir='ltr'>νεκρῶν</span> <span class='ocrx_word' id='word_1_340' title='bbox 3353 737 3386 775; x_wconf 74' lang='lat' dir='ltr'><strong>n</strong></span> <span class='ocrx_word' id='word_1_341' title='bbox 3416 748 3494 763; x_wconf 92' lang='lat'><strong>—</strong></span> <span class='ocrx_word' id='word_1_342' title='bbox 3522 737 3554 772; x_wconf 74' lang='grc' dir='ltr'>ι</span> <span class='ocrx_word' id='word_1_343' title='bbox 3578 715 3804 790; x_wconf 78' lang='grc' dir='ltr'>Οὖτω,ι)</span> 
     </span>
    </p>
   </div>
   <div class='ocr_carea' id='block_1_51' title="bbox 2211 805 3814 893">
    <p class='ocr_par' dir='ltr' id='par_1_51' title="bbox 2211 805 3814 893">
     <span class='ocr_line' id='line_1_51' title="bbox 2211 805 3814 893; baseline -0.003 -21"><span class='ocrx_word' id='word_1_344' title='bbox 2211 815 2356 888; x_wconf 81' lang='grc' dir='ltr'>πῶς;</span> <span class='ocrx_word' id='word_1_345' title='bbox 2388 811 2484 872; x_wconf 85' lang='grc' dir='ltr'>Ἐν</span> <span class='ocrx_word' id='word_1_346' title='bbox 2511 812 2740 893; x_wconf 76' lang='grc' dir='ltr'>διαφορᾷ</span> <span class='ocrx_word' id='word_1_347' title='bbox 2767 811 2967 890; x_wconf 84' lang='grc' dir='ltr'>πολλῇ,</span> <span class='ocrx_word' id='word_1_348' title='bbox 3000 807 3178 877; x_wconf 82' lang='grc' dir='ltr'>καθὼς</span> <span class='ocrx_word' id='word_1_349' title='bbox 3206 807 3298 868; x_wconf 77' lang='grc' dir='ltr'>καὶ</span> <span class='ocrx_word' id='word_1_350' title='bbox 3337 805 3408 867; x_wconf 75' lang='grc' dir='ltr'><strong>τὰ</strong></span> <span class='ocrx_word' id='word_1_351' title='bbox 3434 805 3814 888; x_wconf 78' lang='grc' dir='ltr'>προγραφέντα</span> 
     </span>
    </p>
   </div>
   <div class='ocr_carea' id='block_1_52' title="bbox 2209 900 2906 980">
    <p class='ocr_par' dir='ltr' id='par_1_52' title="bbox 2209 900 2906 980">
     <span class='ocr_line' id='line_1_52' title="bbox 2209 900 2906 980; baseline -0.007 -18"><span class='ocrx_word' id='word_1_352' title='bbox 2209 903 2446 974; x_wconf 80' lang='grc' dir='ltr'>ἐδήλωσε</span> <span class='ocrx_word' id='word_1_353' title='bbox 2474 900 2906 980; x_wconf 88' lang='grc' dir='ltr'>παραδείγματα.</span> 
     </span>
    </p>
   </div>
   <div class='ocr_carea' id='block_1_53' title="bbox 2298 982 3803 1070">
    <p class='ocr_par' dir='ltr' id='par_1_53' title="bbox 2298 982 3803 1070">
     <span class='ocr_line' id='line_1_53' title="bbox 2298 982 3803 1070; baseline -0.003 -20"><span class='ocrx_word' id='word_1_354' title='bbox 2298 1013 2330 1050; x_wconf 88' lang='grc' dir='ltr'>(ι</span> <span class='ocrx_word' id='word_1_355' title='bbox 2357 989 2652 1070; x_wconf 86' lang='grc' dir='ltr'>Σπείρεται</span> <span class='ocrx_word' id='word_1_356' title='bbox 2680 990 2734 1048; x_wconf 81' lang='grc' dir='ltr'><strong>ἐν</strong></span> <span class='ocrx_word' id='word_1_357' title='bbox 2765 995 2954 1070; x_wconf 75' lang='grc' dir='ltr'>φθορᾷ,</span> <span class='ocrx_word' id='word_1_358' title='bbox 3006 986 3268 1067; x_wconf 67' lang='grc' dir='ltr'>ἐγείρεται</span> <span class='ocrx_word' id='word_1_359' title='bbox 3323 987 3378 1046; x_wconf 83' lang='grc' dir='ltr'>ἐν</span> <span class='ocrx_word' id='word_1_360' title='bbox 3426 982 3724 1068; x_wconf 78' lang='grc' dir='ltr'>ἀφθαρσίᾳ.</span> <span class='ocrx_word' id='word_1_361' title='bbox 3772 1007 3803 1045; x_wconf 77' lang='grc' dir='ltr'><strong>ο</strong></span> 
     </span>
    </p>
   </div>
   <div class='ocr_carea' id='block_1_54' title="bbox 2209 1073 3802 1160">
    <p class='ocr_par' dir='ltr' id='par_1_54' title="bbox 2209 1073 3802 1160">
     <span class='ocr_line' id='line_1_54' title="bbox 2209 1073 3802 1160; baseline -0.004 -20"><span class='ocrx_word' id='word_1_362' title='bbox 2209 1078 2349 1140; x_wconf 79' lang='grc' dir='ltr'>Ἄνω</span> <span class='ocrx_word' id='word_1_363' title='bbox 2398 1081 2518 1159; x_wconf 77' lang='grc' dir='ltr'>περὶ</span> <span class='ocrx_word' id='word_1_364' title='bbox 2567 1078 2892 1160; x_wconf 82' lang='grc' dir='ltr'>σπερμάτων</span> <span class='ocrx_word' id='word_1_365' title='bbox 2940 1076 3147 1156; x_wconf 85' lang='grc' dir='ltr'>λέγων,</span> <span class='ocrx_word' id='word_1_366' title='bbox 3199 1074 3404 1145; x_wconf 74' lang='grc' dir='ltr'>λέξεσιν</span> <span class='ocrx_word' id='word_1_367' title='bbox 3449 1077 3646 1156; x_wconf 80' lang='grc' dir='ltr'>ἐχρᾶτο</span> <span class='ocrx_word' id='word_1_368' title='bbox 3671 1073 3802 1154; x_wconf 65' lang='lat' dir='ltr'><strong>Icci)-</strong></span> 
     </span>
    </p>
   </div>
   <div class='ocr_carea' id='block_1_55' title="bbox 2211 1165 3808 1248">
    <p class='ocr_par' dir='ltr' id='par_1_55' title="bbox 2211 1165 3808 1248">
     <span class='ocr_line' id='line_1_55' title="bbox 2211 1165 3808 1248; baseline -0.003 -20"><span class='ocrx_word' id='word_1_369' title='bbox 2211 1193 2373 1248; x_wconf 86' lang='grc' dir='ltr'>μασιν</span> <span class='ocrx_word' id='word_1_370' title='bbox 2422 1169 2660 1238; x_wconf 67' lang='grc' dir='ltr'>οἰκείαις*</span> <span class='ocrx_word' id='word_1_371' title='bbox 2715 1173 2786 1236; x_wconf 83' lang='grc' dir='ltr'>ὥς</span> <span class='ocrx_word' id='word_1_372' title='bbox 2827 1168 2956 1230; x_wconf 77' lang='grc' dir='ltr'>ὅταν</span> <span class='ocrx_word' id='word_1_373' title='bbox 2998 1167 3197 1246; x_wconf 83' lang='grc' dir='ltr'>ἔλεγεν·</span> <span class='ocrx_word' id='word_1_374' title='bbox 3254 1187 3284 1223; x_wconf 86' lang='grc' dir='ltr'>(ι</span> <span class='ocrx_word' id='word_1_375' title='bbox 3327 1165 3413 1226; x_wconf 80' lang='grc' dir='ltr'><strong>Οὔ</strong></span> <span class='ocrx_word' id='word_1_376' title='bbox 3449 1167 3808 1238; x_wconf 76' lang='grc' dir='ltr'>ζωοποιεῖται,</span> 
     </span>
    </p>
   </div>
   <div class='ocr_carea' id='block_1_56' title="bbox 2209 1253 3812 1340">
    <p class='ocr_par' dir='ltr' id='par_1_56' title="bbox 2209 1253 3812 1340">
     <span class='ocr_line' id='line_1_56' title="bbox 2209 1253 3812 1340; baseline -0.004 -20"><span class='ocrx_word' id='word_1_377' title='bbox 2209 1262 2299 1320; x_wconf 77' lang='grc' dir='ltr'><strong>ὶάν</strong></span> <span class='ocrx_word' id='word_1_378' title='bbox 2331 1257 2409 1339; x_wconf 80' lang='grc' dir='ltr'><strong>μὴ</strong></span> <span class='ocrx_word' id='word_1_379' title='bbox 2440 1257 2704 1340; x_wconf 67' lang='grc' dir='ltr'>ἀποθάνῃ*</span> <span class='ocrx_word' id='word_1_380' title='bbox 2738 1284 2765 1312; x_wconf 69' lang='grc' dir='ltr'><strong>ι</strong></span> <span class='ocrx_word' id='word_1_381' title='bbox 2800 1262 2891 1316; x_wconf 91' lang='grc' dir='ltr'><strong>νῦν</strong></span> <span class='ocrx_word' id='word_1_382' title='bbox 2919 1256 3046 1338; x_wconf 81' lang='grc' dir='ltr'>περὶ</span> <span class='ocrx_word' id='word_1_383' title='bbox 3091 1255 3359 1333; x_wconf 89' lang='grc' dir='ltr'>σωμάτων</span> <span class='ocrx_word' id='word_1_384' title='bbox 3389 1254 3590 1334; x_wconf 89' lang='grc' dir='ltr'>λέγων,</span> <span class='ocrx_word' id='word_1_385' title='bbox 3641 1253 3812 1324; x_wconf 78' lang='grc' dir='ltr'>λέξεσι</span> 
     </span>
    </p>
   </div>
   <div class='ocr_carea' id='block_1_57' title="bbox 2207 1342 3810 1430">
    <p class='ocr_par' dir='ltr' id='par_1_57' title="bbox 2207 1342 3810 1430">
     <span class='ocr_line' id='line_1_57' title="bbox 2207 1342 3810 1430; baseline -0.003 -22"><span class='ocrx_word' id='word_1_386' title='bbox 2207 1357 2408 1430; x_wconf 81' lang='grc' dir='ltr'>χρᾶται</span> <span class='ocrx_word' id='word_1_387' title='bbox 2439 1348 2746 1429; x_wconf 86' lang='grc' dir='ltr'>σπέρμασιν</span> <span class='ocrx_word' id='word_1_388' title='bbox 2793 1345 3029 1415; x_wconf 79' lang='grc' dir='ltr'>οἰκείαις-</span> <span class='ocrx_word' id='word_1_389' title='bbox 3072 1367 3102 1404; x_wconf 77' lang='grc' dir='ltr'><strong>(ι</strong></span> <span class='ocrx_word' id='word_1_390' title='bbox 3133 1345 3431 1425; x_wconf 85' lang='grc' dir='ltr'>Σπείρεται</span> <span class='ocrx_word' id='word_1_391' title='bbox 3477 1366 3508 1404; x_wconf 77' lang='lat' dir='ltr'><strong>n</strong></span> <span class='ocrx_word' id='word_1_392' title='bbox 3544 1342 3672 1426; x_wconf 77' lang='grc' dir='ltr'>γὰρ,</span> <span class='ocrx_word' id='word_1_393' title='bbox 3705 1367 3810 1424; x_wconf 83' lang='grc' dir='ltr'><strong>φη-</strong></span> 
     </span>
    </p>
   </div>
   <div class='ocr_carea' id='block_1_58' title="bbox 2209 1432 3812 1519">
    <p class='ocr_par' dir='ltr' id='par_1_58' title="bbox 2209 1432 3812 1519">
     <span class='ocr_line' id='line_1_58' title="bbox 2209 1432 3812 1519; baseline -0.004 -21"><span class='ocrx_word' id='word_1_394' title='bbox 2209 1438 2315 1512; x_wconf 79' lang='grc' dir='ltr'>σὶν,</span> <span class='ocrx_word' id='word_1_395' title='bbox 2360 1460 2390 1498; x_wconf 82' lang='grc' dir='ltr'><strong>α</strong></span> <span class='ocrx_word' id='word_1_396' title='bbox 2421 1440 2474 1497; x_wconf 78' lang='grc' dir='ltr'><strong>ἐν</strong></span> <span class='ocrx_word' id='word_1_397' title='bbox 2507 1442 2698 1519; x_wconf 81' lang='grc' dir='ltr'>φθορᾷ,</span> <span class='ocrx_word' id='word_1_398' title='bbox 2735 1460 2768 1494; x_wconf 63' lang='grc' dir='ltr'><strong>ν</strong></span> <span class='ocrx_word' id='word_1_399' title='bbox 2817 1435 3038 1516; x_wconf 81' lang='grc' dir='ltr'>Σπορὰν</span> <span class='ocrx_word' id='word_1_400' title='bbox 3074 1433 3131 1493; x_wconf 82' lang='grc' dir='ltr'>δὲ</span> <span class='ocrx_word' id='word_1_401' title='bbox 3173 1432 3318 1513; x_wconf 80' lang='grc' dir='ltr'>λέγει</span> <span class='ocrx_word' id='word_1_402' title='bbox 3366 1440 3482 1507; x_wconf 88' lang='grc' dir='ltr'>νῦν,</span> <span class='ocrx_word' id='word_1_403' title='bbox 3527 1434 3586 1492; x_wconf 83' lang='grc' dir='ltr'>οὗ</span> <span class='ocrx_word' id='word_1_404' title='bbox 3621 1432 3717 1504; x_wconf 87' lang='grc' dir='ltr'><strong>τὴν</strong></span> <span class='ocrx_word' id='word_1_405' title='bbox 3758 1437 3812 1494; x_wconf 84' lang='grc' dir='ltr'>ἐν</span> 
     </span>
    </p>
   </div>
   <div class='ocr_carea' id='block_1_59' title="bbox 2206 1523 3813 1609">
    <p class='ocr_par' dir='ltr' id='par_1_59' title="bbox 2206 1523 3813 1609">
     <span class='ocr_line' id='line_1_59' title="bbox 2206 1523 3813 1609; baseline -0.005 -21"><span class='ocrx_word' id='word_1_406' title='bbox 2206 1532 2274 1609; x_wconf 81' lang='grc' dir='ltr'><strong>τῇ</strong></span> <span class='ocrx_word' id='word_1_407' title='bbox 2309 1528 2512 1608; x_wconf 73' lang='grc' dir='ltr'>μήτρα,</span> <span class='ocrx_word' id='word_1_408' title='bbox 2551 1526 2690 1586; x_wconf 83' lang='grc' dir='ltr'>ἀλλὰ</span> <span class='ocrx_word' id='word_1_409' title='bbox 2736 1524 2834 1598; x_wconf 81' lang='grc' dir='ltr'><strong>τὴν</strong></span> <span class='ocrx_word' id='word_1_410' title='bbox 2883 1527 2938 1586; x_wconf 77' lang='grc' dir='ltr'>ἐν</span> <span class='ocrx_word' id='word_1_411' title='bbox 2985 1528 3056 1605; x_wconf 82' lang='grc' dir='ltr'><strong>τῇ</strong></span> <span class='ocrx_word' id='word_1_412' title='bbox 3104 1527 3174 1603; x_wconf 79' lang='grc' dir='ltr'><strong>γῇ</strong></span> <span class='ocrx_word' id='word_1_413' title='bbox 3232 1526 3336 1583; x_wconf 89' lang='grc' dir='ltr'><strong>τῶν</strong></span> <span class='ocrx_word' id='word_1_414' title='bbox 3377 1525 3576 1603; x_wconf 79' lang='grc' dir='ltr'>νεκρῶν</span> <span class='ocrx_word' id='word_1_415' title='bbox 3623 1523 3813 1600; x_wconf 88' lang='grc' dir='ltr'>σωμά-</span> 
     </span>
    </p>
   </div>
   <div class='ocr_carea' id='block_1_60' title="bbox 2205 1612 3812 1693">
    <p class='ocr_par' dir='ltr' id='par_1_60' title="bbox 2205 1612 3812 1693">
     <span class='ocr_line' id='line_1_60' title="bbox 2205 1612 3812 1693; baseline -0.004 -16"><span class='ocrx_word' id='word_1_416' title='bbox 2205 1641 2310 1677; x_wconf 88' lang='grc' dir='ltr'><strong>των</strong></span> <span class='ocrx_word' id='word_1_417' title='bbox 2359 1617 2644 1692; x_wconf 84' lang='grc' dir='ltr'>ἀπόθεσιν,</span> <span class='ocrx_word' id='word_1_418' title='bbox 2697 1614 2826 1676; x_wconf 76' lang='grc' dir='ltr'>ὡσεὶ</span> <span class='ocrx_word' id='word_1_419' title='bbox 2886 1614 3053 1693; x_wconf 81' lang='grc' dir='ltr'>ἔλεγε·</span> <span class='ocrx_word' id='word_1_420' title='bbox 3106 1612 3470 1674; x_wconf 85' lang='grc' dir='ltr'>Κατατίθεται</span> <span class='ocrx_word' id='word_1_421' title='bbox 3520 1614 3574 1671; x_wconf 78' lang='grc' dir='ltr'>ἐν</span> <span class='ocrx_word' id='word_1_422' title='bbox 3743 1617 3812 1692; x_wconf 80' lang='grc' dir='ltr'><strong>γῇ</strong></span> 
     </span>
    </p>
   </div>
   <div class='ocr_carea' id='block_1_61' title="bbox 2203 1699 3812 1786">
    <p class='ocr_par' dir='ltr' id='par_1_61' title="bbox 2203 1699 3812 1786">
     <span class='ocr_line' id='line_1_61' title="bbox 2203 1699 3812 1786; baseline -0.002 -20"><span class='ocrx_word' id='word_1_423' title='bbox 2203 1705 2268 1767; x_wconf 79' lang='grc' dir='ltr'><strong>τὸ</strong></span> <span class='ocrx_word' id='word_1_424' title='bbox 2314 1705 2498 1786; x_wconf 81' lang='grc' dir='ltr'>νεκρὸν</span> <span class='ocrx_word' id='word_1_425' title='bbox 2548 1706 2818 1786; x_wconf 19' lang='grc' dir='ltr'>σῶμαϋέν</span> <span class='ocrx_word' id='word_1_426' title='bbox 2849 1709 3040 1786; x_wconf 76' lang='grc' dir='ltr'>φθορᾷ,</span> <span class='ocrx_word' id='word_1_427' title='bbox 3083 1702 3392 1780; x_wconf 80' lang='grc' dir='ltr'>τουτέστιν,</span> <span class='ocrx_word' id='word_1_428' title='bbox 3445 1699 3550 1761; x_wconf 80' lang='grc' dir='ltr'><strong>ὥτε</strong></span> <span class='ocrx_word' id='word_1_429' title='bbox 3598 1705 3812 1783; x_wconf 81' lang='grc' dir='ltr'>φθαρῆ-</span> 
     </span>
    </p>
   </div>
   <div class='ocr_carea' id='block_1_62' title="bbox 2203 1784 3810 1875">
    <p class='ocr_par' dir='ltr' id='par_1_62' title="bbox 2203 1784 3810 1875">
     <span class='ocr_line' id='line_1_62' title="bbox 2203 1784 3810 1875; baseline -0.004 -20"><span class='ocrx_word' id='word_1_430' title='bbox 2203 1819 2312 1857; x_wconf 86' lang='grc' dir='ltr'>ναι.</span> <span class='ocrx_word' id='word_1_431' title='bbox 2356 1784 2550 1864; x_wconf 74' lang='grc' dir='ltr'>Καλῶς</span> <span class='ocrx_word' id='word_1_432' title='bbox 2600 1793 2657 1854; x_wconf 78' lang='grc' dir='ltr'>δὲ</span> <span class='ocrx_word' id='word_1_433' title='bbox 2705 1784 3321 1875; x_wconf 14' lang='grc' dir='ltr'>εἶπενοψιιήἘγείρεται,</span> <span class='ocrx_word' id='word_1_434' title='bbox 3356 1812 3386 1850; x_wconf 70' lang='grc' dir='ltr'><strong><em>ι</em></strong></span> <span class='ocrx_word' id='word_1_435' title='bbox 3423 1789 3514 1850; x_wconf 82' lang='grc' dir='ltr'><strong>καὶ</strong></span> <span class='ocrx_word' id='word_1_436' title='bbox 3556 1791 3638 1867; x_wconf 81' lang='grc' dir='ltr'>οὗ,</span> <span class='ocrx_word' id='word_1_437' title='bbox 3683 1789 3810 1851; x_wconf 88' lang='grc' dir='ltr'>Φύ-</span> 
     </span>
    </p>
   </div>
   <div class='ocr_carea' id='block_1_63' title="bbox 2207 1873 3541 1965">
    <p class='ocr_par' dir='ltr' id='par_1_63' title="bbox 2207 1873 3541 1965">
     <span class='ocr_line' id='line_1_63' title="bbox 2207 1873 3541 1965; baseline -0.001 -19"><span class='ocrx_word' id='word_1_438' title='bbox 2207 1909 2347 1962; x_wconf 86' lang='grc' dir='ltr'>εται,</span> <span class='ocrx_word' id='word_1_439' title='bbox 2377 1883 2465 1946; x_wconf 81' lang='grc' dir='ltr'><strong>ἵνα</strong></span> <span class='ocrx_word' id='word_1_440' title='bbox 2500 1883 2578 1965; x_wconf 83' lang='grc' dir='ltr'><strong>μὴ</strong></span> <span class='ocrx_word' id='word_1_441' title='bbox 2611 1889 2707 1958; x_wconf 76' lang='grc' dir='ltr'><strong>τῆς</strong></span> <span class='ocrx_word' id='word_1_442' title='bbox 2738 1888 2835 1964; x_wconf 77' lang='grc' dir='ltr'><strong>γῆς</strong></span> <span class='ocrx_word' id='word_1_443' title='bbox 2866 1873 3003 1944; x_wconf 71' lang='grc' dir='ltr'>εἶναι</span> <span class='ocrx_word' id='word_1_444' title='bbox 3030 1873 3253 1963; x_wconf 83' lang='grc' dir='ltr'>νομίσῃς</span> <span class='ocrx_word' id='word_1_445' title='bbox 3280 1881 3341 1940; x_wconf 86' lang='grc' dir='ltr'>τὸ</span> <span class='ocrx_word' id='word_1_446' title='bbox 3361 1880 3541 1963; x_wconf 81' lang='grc' dir='ltr'>ἔργον.</span> 
     </span>
    </p>
   </div>
   <div class='ocr_carea' id='block_1_64' title="bbox 2298 2142 3811 2228">
    <p class='ocr_par' dir='ltr' id='par_1_64' title="bbox 2298 2142 3811 2228">
     <span class='ocr_line' id='line_1_64' title="bbox 2298 2142 3811 2228; baseline -0.003 -22"><span class='ocrx_word' id='word_1_447' title='bbox 2298 2169 2327 2206; x_wconf 83' lang='grc' dir='ltr'>(ι</span> <span class='ocrx_word' id='word_1_448' title='bbox 2377 2147 2666 2228; x_wconf 88' lang='grc' dir='ltr'>Σπείρεται</span> <span class='ocrx_word' id='word_1_449' title='bbox 2702 2149 2754 2206; x_wconf 80' lang='grc' dir='ltr'><strong>ἐν</strong></span> <span class='ocrx_word' id='word_1_450' title='bbox 2803 2145 3018 2227; x_wconf 77' lang='grc' dir='ltr'>ἀτιμίᾳ,</span> <span class='ocrx_word' id='word_1_451' title='bbox 3077 2142 3340 2225; x_wconf 81' lang='grc' dir='ltr'>ἐγείρεται</span> <span class='ocrx_word' id='word_1_452' title='bbox 3375 2145 3428 2203; x_wconf 76' lang='grc' dir='ltr'>ἐν</span> <span class='ocrx_word' id='word_1_453' title='bbox 3463 2143 3612 2226; x_wconf 79' lang='grc' dir='ltr'>δόξῃ.</span> <span class='ocrx_word' id='word_1_454' title='bbox 3667 2171 3692 2198; x_wconf 74' lang='grc' dir='ltr'><strong>ιι</strong></span> <span class='ocrx_word' id='word_1_455' title='bbox 3735 2145 3811 2205; x_wconf 82' lang='grc' dir='ltr'>Τί</span> 
     </span>
    </p>
   </div>
   <div class='ocr_carea' id='block_1_65' title="bbox 2207 2233 3811 2322">
    <p class='ocr_par' dir='ltr' id='par_1_65' title="bbox 2207 2233 3811 2322">
     <span class='ocr_line' id='line_1_65' title="bbox 2207 2233 3811 2322; baseline -0.004 -24"><span class='ocrx_word' id='word_1_456' title='bbox 2207 2237 2312 2322; x_wconf 76' lang='grc' dir='ltr'><strong>γὰρ</strong></span> <span class='ocrx_word' id='word_1_457' title='bbox 2362 2243 2540 2318; x_wconf 88' lang='grc' dir='ltr'>νενροῦ</span> <span class='ocrx_word' id='word_1_458' title='bbox 2591 2237 2934 2318; x_wconf 82' lang='grc' dir='ltr'>ᾶτιμότερον;</span> <span class='ocrx_word' id='word_1_459' title='bbox 2993 2237 3114 2295; x_wconf 83' lang='grc' dir='ltr'>ἀλλ’</span> <span class='ocrx_word' id='word_1_460' title='bbox 3150 2237 3203 2293; x_wconf 86' lang='grc' dir='ltr'>ἐν</span> <span class='ocrx_word' id='word_1_461' title='bbox 3369 2233 3492 2315; x_wconf 82' lang='grc' dir='ltr'>δόξῇ</span> <span class='ocrx_word' id='word_1_462' title='bbox 3553 2237 3647 2307; x_wconf 80' lang='grc' dir='ltr'><strong>τῆς</strong></span> <span class='ocrx_word' id='word_1_463' title='bbox 3711 2235 3811 2314; x_wconf 77' lang='grc' dir='ltr'>ἀφ-</span> 
     </span>
    </p>
   </div>
   <div class='ocr_carea' id='block_1_66' title="bbox 2209 2324 3810 2410">
    <p class='ocr_par' dir='ltr' id='par_1_66' title="bbox 2209 2324 3810 2410">
     <span class='ocr_line' id='line_1_66' title="bbox 2209 2324 3810 2410; baseline -0.006 -20"><span class='ocrx_word' id='word_1_464' title='bbox 2209 2328 2430 2410; x_wconf 90' lang='grc' dir='ltr'>θαρσίας</span> <span class='ocrx_word' id='word_1_465' title='bbox 2471 2327 2759 2408; x_wconf 81' lang='grc' dir='ltr'>ἐγείρεται,</span> <span class='ocrx_word' id='word_1_466' title='bbox 2787 2328 2832 2386; x_wconf 85' lang='grc' dir='ltr'><strong>εἰ</strong></span> <span class='ocrx_word' id='word_1_467' title='bbox 2881 2324 3084 2404; x_wconf 82' lang='grc' dir='ltr'>καὶμὴ</span> <span class='ocrx_word' id='word_1_468' title='bbox 3136 2330 3230 2399; x_wconf 73' lang='grc' dir='ltr'><strong>τῆς</strong></span> <span class='ocrx_word' id='word_1_469' title='bbox 3260 2325 3426 2404; x_wconf 78' lang='grc' dir='ltr'>αὐτῇς</span> <span class='ocrx_word' id='word_1_470' title='bbox 3470 2327 3628 2402; x_wconf 80' lang='grc' dir='ltr'>τιμῆς</span> <span class='ocrx_word' id='word_1_471' title='bbox 3674 2325 3810 2382; x_wconf 84' lang='grc' dir='ltr'>ἀπο·</span> 
     </span>
    </p>
   </div>
   <div class='ocr_carea' id='block_1_67' title="bbox 2207 2416 2693 2486">
    <p class='ocr_par' dir='ltr' id='par_1_67' title="bbox 2207 2416 2693 2486">
     <span class='ocr_line' id='line_1_67' title="bbox 2207 2416 2693 2486; baseline 0.002 -9"><span class='ocrx_word' id='word_1_472' title='bbox 2207 2418 2448 2478; x_wconf 88' lang='grc' dir='ltr'>λαύσωσι</span> <span class='ocrx_word' id='word_1_473' title='bbox 2478 2416 2693 2486; x_wconf 85' lang='grc' dir='ltr'>πάντες.</span> 
     </span>
    </p>
   </div>
   <div class='ocr_carea' id='block_1_68' title="bbox 2299 2501 3804 2588">
    <p class='ocr_par' dir='ltr' id='par_1_68' title="bbox 2299 2501 3804 2588">
     <span class='ocr_line' id='line_1_68' title="bbox 2299 2501 3804 2588; baseline -0.004 -24"><span class='ocrx_word' id='word_1_474' title='bbox 2299 2529 2327 2566; x_wconf 89' lang='grc'><strong>‹‹</strong></span> <span class='ocrx_word' id='word_1_475' title='bbox 2357 2507 2648 2588; x_wconf 88' lang='grc' dir='ltr'>Σπείρεται</span> <span class='ocrx_word' id='word_1_476' title='bbox 2694 2509 2748 2565; x_wconf 82' lang='grc' dir='ltr'>ἐν</span> <span class='ocrx_word' id='word_1_477' title='bbox 2780 2506 3047 2588; x_wconf 72' lang='grc' dir='ltr'>ἀσθενείᾳ,</span> <span class='ocrx_word' id='word_1_478' title='bbox 3079 2503 3341 2585; x_wconf 81' lang='grc' dir='ltr'>ἐγείρεται</span> <span class='ocrx_word' id='word_1_479' title='bbox 3389 2504 3442 2562; x_wconf 74' lang='grc' dir='ltr'><strong>ἐν</strong></span> <span class='ocrx_word' id='word_1_480' title='bbox 3493 2501 3738 2581; x_wconf 79' lang='grc' dir='ltr'>δυνάμει.</span> <span class='ocrx_word' id='word_1_481' title='bbox 3775 2528 3804 2558; x_wconf 80' lang='grc'>»</span> 
     </span>
    </p>
   </div>
   <div class='ocr_carea' id='block_1_69' title="bbox 2209 2589 3810 2678">
    <p class='ocr_par' dir='ltr' id='par_1_69' title="bbox 2209 2589 3810 2678">
     <span class='ocr_line' id='line_1_69' title="bbox 2209 2589 3810 2678; baseline -0.005 -20"><span class='ocrx_word' id='word_1_482' title='bbox 2209 2596 2380 2658; x_wconf 70' lang='grc' dir='ltr'>Οὔπω</span> <span class='ocrx_word' id='word_1_483' title='bbox 2435 2596 2537 2678; x_wconf 77' lang='grc' dir='ltr'><strong>γὰρ</strong></span> <span class='ocrx_word' id='word_1_484' title='bbox 2588 2597 2789 2676; x_wconf 80' lang='grc' dir='ltr'>ἡμέραι</span> <span class='ocrx_word' id='word_1_485' title='bbox 2842 2594 3029 2668; x_wconf 83' lang='grc' dir='ltr'>πέντε,</span> <span class='ocrx_word' id='word_1_486' title='bbox 3074 2593 3165 2652; x_wconf 80' lang='grc' dir='ltr'>καὶ</span> <span class='ocrx_word' id='word_1_487' title='bbox 3219 2596 3316 2652; x_wconf 82' lang='grc' dir='ltr'>οὐκ</span> <span class='ocrx_word' id='word_1_488' title='bbox 3365 2592 3540 2671; x_wconf 77' lang='grc' dir='ltr'>ἰσχύει</span> <span class='ocrx_word' id='word_1_489' title='bbox 3592 2595 3627 2663; x_wconf 86' lang='grc' dir='ltr'>ἡ</span> <span class='ocrx_word' id='word_1_490' title='bbox 3681 2589 3810 2670; x_wconf 75' lang='grc' dir='ltr'>σὰρξ</span> 
     </span>
    </p>
   </div>
   <div class='ocr_carea' id='block_1_70' title="bbox 2209 2683 3810 2767">
    <p class='ocr_par' dir='ltr' id='par_1_70' title="bbox 2209 2683 3810 2767">
     <span class='ocr_line' id='line_1_70' title="bbox 2209 2683 3810 2767; baseline -0.004 -22"><span class='ocrx_word' id='word_1_491' title='bbox 2209 2687 2475 2767; x_wconf 80' lang='grc' dir='ltr'>ἀντισχεῖν</span> <span class='ocrx_word' id='word_1_492' title='bbox 2531 2687 2662 2765; x_wconf 79' lang='grc' dir='ltr'>πρὸς</span> <span class='ocrx_word' id='word_1_493' title='bbox 2713 2684 2813 2758; x_wconf 87' lang='grc' dir='ltr'><strong>τὴν</strong></span> <span class='ocrx_word' id='word_1_494' title='bbox 2859 2683 3075 2767; x_wconf 70' lang='grc' dir='ltr'>φθορὰνθ</span> <span class='ocrx_word' id='word_1_495' title='bbox 3139 2685 3258 2743; x_wconf 85' lang='grc' dir='ltr'>ἀλλ’</span> <span class='ocrx_word' id='word_1_496' title='bbox 3297 2683 3578 2767; x_wconf 34' lang='grc' dir='ltr'>Αέγείρεται</span> <span class='ocrx_word' id='word_1_497' title='bbox 3633 2683 3684 2740; x_wconf 72' lang='grc' dir='ltr'>ἐν</span> <span class='ocrx_word' id='word_1_498' title='bbox 3744 2686 3810 2762; x_wconf 75' lang='grc' dir='ltr'><strong>τῇ</strong></span> 
     </span>
    </p>
   </div>
   <div class='ocr_carea' id='block_1_71' title="bbox 2209 2763 3808 2857">
    <p class='ocr_par' dir='ltr' id='par_1_71' title="bbox 2209 2763 3808 2857">
     <span class='ocr_line' id='line_1_71' title="bbox 2209 2763 3808 2857; baseline -0.003 -23"><span class='ocrx_word' id='word_1_499' title='bbox 2209 2779 2301 2854; x_wconf 78' lang='grc' dir='ltr'><strong>τῇς</strong></span> <span class='ocrx_word' id='word_1_500' title='bbox 2342 2763 2636 2857; x_wconf 66' lang='grc' dir='ltr'>ἀφθαρσίας</span> <span class='ocrx_word' id='word_1_501' title='bbox 2667 2763 2912 2850; x_wconf 78' lang='grc' dir='ltr'>δυνάμει,</span> <span class='ocrx_word' id='word_1_502' title='bbox 2959 2763 3232 2841; x_wconf 80' lang='grc' dir='ltr'>ἀνάλωτος</span> <span class='ocrx_word' id='word_1_503' title='bbox 3266 2763 3400 2832; x_wconf 63' lang='grc' dir='ltr'>οὖσα</span> <span class='ocrx_word' id='word_1_504' title='bbox 3434 2770 3620 2832; x_wconf 76' lang='grc' dir='ltr'>λοιπὸν</span> <span class='ocrx_word' id='word_1_505' title='bbox 3661 2771 3808 2850; x_wconf 69' lang='grc' dir='ltr'>πάσῃ</span> 
     </span>
    </p>
   </div>
   <div class='ocr_carea' id='block_1_72' title="bbox 2208 2861 3810 2948">
    <p class='ocr_par' dir='ltr' id='par_1_72' title="bbox 2208 2861 3810 2948">
     <span class='ocr_line' id='line_1_72' title="bbox 2208 2861 3810 2948; baseline -0.003 -24"><span class='ocrx_word' id='word_1_506' title='bbox 2208 2871 2410 2946; x_wconf 83' lang='grc' dir='ltr'>φθορᾷ,</span> <span class='ocrx_word' id='word_1_507' title='bbox 2459 2867 2504 2923; x_wconf 86' lang='grc' dir='ltr'>εἷ</span> <span class='ocrx_word' id='word_1_508' title='bbox 2551 2865 2642 2924; x_wconf 83' lang='grc' dir='ltr'>καὶ</span> <span class='ocrx_word' id='word_1_509' title='bbox 2672 2867 2707 2936; x_wconf 77' lang='grc' dir='ltr'>ἡ</span> <span class='ocrx_word' id='word_1_510' title='bbox 2739 2862 3008 2948; x_wconf 83' lang='grc' dir='ltr'>ἀφθαρσία</span> <span class='ocrx_word' id='word_1_511' title='bbox 3045 2871 3153 2931; x_wconf 87' lang='grc' dir='ltr'>τοῖς</span> <span class='ocrx_word' id='word_1_512' title='bbox 3194 2865 3534 2944; x_wconf 80' lang='grc' dir='ltr'>ἁμαρτωλοῖς</span> <span class='ocrx_word' id='word_1_513' title='bbox 3562 2861 3692 2942; x_wconf 80' lang='grc' dir='ltr'>πρὸς</span> <span class='ocrx_word' id='word_1_514' title='bbox 3719 2861 3810 2920; x_wconf 59' lang='grc' dir='ltr'>κός</span> 
     </span>
    </p>
   </div>
   <div class='ocr_carea' id='block_1_73' title="bbox 2207 2952 2737 3015">
    <p class='ocr_par' dir='ltr' id='par_1_73' title="bbox 2207 2952 2737 3015">
     <span class='ocr_line' id='line_1_73' title="bbox 2207 2952 2737 3015; baseline 0.004 -2"><span class='ocrx_word' id='word_1_515' title='bbox 2207 2955 2365 3014; x_wconf 89' lang='grc' dir='ltr'>λασιν</span> <span class='ocrx_word' id='word_1_516' title='bbox 2396 2954 2565 3014; x_wconf 82' lang='grc' dir='ltr'>πλείω</span> <span class='ocrx_word' id='word_1_517' title='bbox 2602 2952 2737 3015; x_wconf 76' lang='grc' dir='ltr'>ἐστί.</span> 
     </span>
    </p>
   </div>
   <div class='ocr_carea' id='block_1_74' title="bbox 2302 3042 3808 3126">
    <p class='ocr_par' dir='ltr' id='par_1_74' title="bbox 2302 3042 3808 3126">
     <span class='ocr_line' id='line_1_74' title="bbox 2302 3042 3808 3126; baseline -0.001 -24"><span class='ocrx_word' id='word_1_518' title='bbox 2302 3066 2330 3102; x_wconf 88' lang='grc'>‹‹</span> <span class='ocrx_word' id='word_1_519' title='bbox 2359 3045 2652 3124; x_wconf 87' lang='grc' dir='ltr'>Σπείρεται</span> <span class='ocrx_word' id='word_1_520' title='bbox 2682 3047 2841 3122; x_wconf 90' lang='grc' dir='ltr'>σῶμα</span> <span class='ocrx_word' id='word_1_521' title='bbox 2868 3043 3114 3126; x_wconf 81' lang='grc' dir='ltr'>ψυχικόν·</span> <span class='ocrx_word' id='word_1_522' title='bbox 3147 3042 3410 3124; x_wconf 84' lang='grc' dir='ltr'>ἐγείρεται</span> <span class='ocrx_word' id='word_1_523' title='bbox 3451 3045 3612 3122; x_wconf 88' lang='grc' dir='ltr'>σῶμα</span> <span class='ocrx_word' id='word_1_524' title='bbox 3641 3064 3808 3102; x_wconf 81' lang='grc' dir='ltr'>πνευ-</span> 
     </span>
    </p>
   </div>
   <div class='ocr_carea' id='block_1_75' title="bbox 2204 3131 3808 3214">
    <p class='ocr_par' dir='ltr' id='par_1_75' title="bbox 2204 3131 3808 3214">
     <span class='ocr_line' id='line_1_75' title="bbox 2204 3131 3808 3214; baseline -0.004 -20"><span class='ocrx_word' id='word_1_525' title='bbox 2204 3134 2452 3214; x_wconf 84' lang='grc' dir='ltr'>ματικόν.</span> <span class='ocrx_word' id='word_1_526' title='bbox 2475 3155 2505 3193; x_wconf 80' lang='lat' dir='ltr'><strong>n</strong></span> <span class='ocrx_word' id='word_1_527' title='bbox 2529 3165 2607 3181; x_wconf 82' lang='lat'><strong>—-</strong></span> <span class='ocrx_word' id='word_1_528' title='bbox 2645 3155 2673 3192; x_wconf 80' lang='grc' dir='ltr'>(ι</span> <span class='ocrx_word' id='word_1_529' title='bbox 2693 3133 2944 3214; x_wconf 79' lang='grc' dir='ltr'>Ψυχικὸν</span> <span class='ocrx_word' id='word_1_530' title='bbox 2968 3137 3151 3212; x_wconf 86' lang='grc' dir='ltr'>σῶμα,</span> <span class='ocrx_word' id='word_1_531' title='bbox 3177 3132 3292 3214; x_wconf 58' lang='lat' dir='ltr'><strong>nso</strong></span> <span class='ocrx_word' id='word_1_532' title='bbox 3314 3131 3415 3191; x_wconf 77' lang='grc' dir='ltr'>ὑπὸ</span> <span class='ocrx_word' id='word_1_533' title='bbox 3435 3135 3542 3192; x_wconf 86' lang='grc' dir='ltr'><strong>τῶν</strong></span> <span class='ocrx_word' id='word_1_534' title='bbox 3563 3135 3808 3213; x_wconf 76' lang='grc' dir='ltr'>ψυχικῶν</span> 
     </span>
    </p>
   </div>
   <div class='ocr_carea' id='block_1_76' title="bbox 2199 3213 3809 3304">
    <p class='ocr_par' dir='ltr' id='par_1_76' title="bbox 2199 3213 3809 3304">
     <span class='ocr_line' id='line_1_76' title="bbox 2199 3213 3809 3304; baseline -0.002 -20"><span class='ocrx_word' id='word_1_535' title='bbox 2199 3225 2474 3302; x_wconf 85' lang='grc' dir='ltr'>δυνάμεων</span> <span class='ocrx_word' id='word_1_536' title='bbox 2510 3223 2896 3301; x_wconf 80' lang='grc' dir='ltr'>διοικούμενον,</span> <span class='ocrx_word' id='word_1_537' title='bbox 2946 3223 3038 3283; x_wconf 84' lang='grc' dir='ltr'><strong>καὶ</strong></span> <span class='ocrx_word' id='word_1_538' title='bbox 3084 3225 3139 3282; x_wconf 80' lang='grc' dir='ltr'><strong>ἐν</strong></span> <span class='ocrx_word' id='word_1_539' title='bbox 3183 3213 3227 3304; x_wconf 73' lang='grc' dir='ltr'>ᾧ</span> <span class='ocrx_word' id='word_1_540' title='bbox 3277 3227 3312 3295; x_wconf 87' lang='grc' dir='ltr'>ἡ</span> <span class='ocrx_word' id='word_1_541' title='bbox 3361 3222 3508 3303; x_wconf 80' lang='grc' dir='ltr'>ψυχὴ</span> <span class='ocrx_word' id='word_1_542' title='bbox 3547 3220 3607 3280; x_wconf 84' lang='grc' dir='ltr'><strong>τὸ</strong></span> <span class='ocrx_word' id='word_1_543' title='bbox 3652 3227 3809 3300; x_wconf 90' lang='grc' dir='ltr'>κῦρος</span> 
     </span>
    </p>
   </div>
   <div class='ocr_carea' id='block_1_77' title="bbox 2201 3309 3807 3394">
    <p class='ocr_par' dir='ltr' id='par_1_77' title="bbox 2201 3309 3807 3394">
     <span class='ocr_line' id='line_1_77' title="bbox 2201 3309 3807 3394; baseline -0.004 -20"><span class='ocrx_word' id='word_1_544' title='bbox 2201 3314 2294 3374; x_wconf 77' lang='grc' dir='ltr'>καὶ</span> <span class='ocrx_word' id='word_1_545' title='bbox 2336 3313 2433 3386; x_wconf 85' lang='grc' dir='ltr'><strong>τὴν</strong></span> <span class='ocrx_word' id='word_1_546' title='bbox 2480 3313 2766 3393; x_wconf 83' lang='grc' dir='ltr'>ἠγεμονίαν</span> <span class='ocrx_word' id='word_1_547' title='bbox 2805 3313 2939 3394; x_wconf 76' lang='grc' dir='ltr'>ἔχει’</span> <span class='ocrx_word' id='word_1_548' title='bbox 2979 3341 3004 3367; x_wconf 74' lang='grc' dir='ltr'><strong>α</strong></span> <span class='ocrx_word' id='word_1_549' title='bbox 3052 3311 3414 3390; x_wconf 82' lang='grc' dir='ltr'>πνευματικὸν</span> <span class='ocrx_word' id='word_1_550' title='bbox 3446 3340 3469 3364; x_wconf 70' lang='grc' dir='ltr'><strong><em>ι</em></strong></span> <span class='ocrx_word' id='word_1_551' title='bbox 3501 3310 3555 3370; x_wconf 86' lang='grc' dir='ltr'>δὲ</span> <span class='ocrx_word' id='word_1_552' title='bbox 3569 3357 3586 3386; x_wconf 87' lang='grc'><strong>,</strong></span> <span class='ocrx_word' id='word_1_553' title='bbox 3617 3309 3681 3370; x_wconf 82' lang='grc' dir='ltr'>τὸ</span> <span class='ocrx_word' id='word_1_554' title='bbox 3708 3309 3807 3382; x_wconf 84' lang='grc' dir='ltr'><strong>τὴν</strong></span> 
     </span>
    </p>
   </div>
   <div class='ocr_carea' id='block_1_78' title="bbox 2200 3400 3809 3483">
    <p class='ocr_par' dir='ltr' id='par_1_78' title="bbox 2200 3400 3809 3483">
     <span class='ocr_line' id='line_1_78' title="bbox 2200 3400 3809 3483; baseline -0.005 -19"><span class='ocrx_word' id='word_1_555' title='bbox 2200 3409 2296 3466; x_wconf 89' lang='grc' dir='ltr'><strong>τοῦ</strong></span> <span class='ocrx_word' id='word_1_556' title='bbox 2347 3403 2499 3483; x_wconf 84' lang='grc' dir='ltr'>ἇγίου</span> <span class='ocrx_word' id='word_1_557' title='bbox 2553 3401 2868 3481; x_wconf 87' lang='grc' dir='ltr'>Πνεύματος</span> <span class='ocrx_word' id='word_1_558' title='bbox 2919 3405 3323 3463; x_wconf 87' lang='grc' dir='ltr'>καταπλουτοῦν</span> <span class='ocrx_word' id='word_1_559' title='bbox 3380 3400 3682 3480; x_wconf 84' lang='grc' dir='ltr'>ἐνέργειαν,</span> <span class='ocrx_word' id='word_1_560' title='bbox 3715 3401 3809 3459; x_wconf 85' lang='grc' dir='ltr'><strong>καὶ</strong></span> 
     </span>
    </p>
   </div>
   <div class='ocr_carea' id='block_1_79' title="bbox 2201 3488 3808 3571">
    <p class='ocr_par' dir='ltr' id='par_1_79' title="bbox 2201 3488 3808 3571">
     <span class='ocr_line' id='line_1_79' title="bbox 2201 3488 3808 3571; baseline -0.003 -18"><span class='ocrx_word' id='word_1_561' title='bbox 2201 3492 2291 3553; x_wconf 80' lang='grc' dir='ltr'><strong>ὕπ’</strong></span> <span class='ocrx_word' id='word_1_562' title='bbox 2321 3493 2519 3554; x_wconf 84' lang='grc' dir='ltr'>ἐκείνου</span> <span class='ocrx_word' id='word_1_563' title='bbox 2567 3493 2637 3553; x_wconf 79' lang='grc' dir='ltr'><strong>τὰ</strong></span> <span class='ocrx_word' id='word_1_564' title='bbox 2684 3493 2863 3552; x_wconf 85' lang='grc' dir='ltr'>πάντα</span> <span class='ocrx_word' id='word_1_565' title='bbox 2911 3491 3296 3571; x_wconf 86' lang='grc' dir='ltr'>διοικούμενον.</span> <span class='ocrx_word' id='word_1_566' title='bbox 3342 3493 3408 3550; x_wconf 84' lang='grc' dir='ltr'>Εἰ</span> <span class='ocrx_word' id='word_1_567' title='bbox 3453 3490 3558 3569; x_wconf 84' lang='grc' dir='ltr'><strong>γὰρ</strong></span> <span class='ocrx_word' id='word_1_568' title='bbox 3588 3488 3680 3548; x_wconf 84' lang='grc' dir='ltr'>καὶ</span> <span class='ocrx_word' id='word_1_569' title='bbox 3715 3494 3808 3548; x_wconf 91' lang='grc' dir='ltr'><strong>νῦν</strong></span> 
     </span>
    </p>
   </div>
   <div class='ocr_carea' id='block_1_80' title="bbox 2199 3578 3809 3663">
    <p class='ocr_par' dir='ltr' id='par_1_80' title="bbox 2199 3578 3809 3663">
     <span class='ocr_line' id='line_1_80' title="bbox 2199 3578 3809 3663; baseline -0.004 -20"><span class='ocrx_word' id='word_1_570' title='bbox 2199 3584 2254 3643; x_wconf 79' lang='grc' dir='ltr'>ἐν</span> <span class='ocrx_word' id='word_1_571' title='bbox 2287 3584 2416 3662; x_wconf 81' lang='grc' dir='ltr'>ἡμῖν</span> <span class='ocrx_word' id='word_1_572' title='bbox 2468 3583 2669 3663; x_wconf 77' lang='grc' dir='ltr'>ἐνεργεῖ</span> <span class='ocrx_word' id='word_1_573' title='bbox 2712 3583 2773 3642; x_wconf 85' lang='grc' dir='ltr'>τὸ</span> <span class='ocrx_word' id='word_1_574' title='bbox 2816 3585 3071 3660; x_wconf 80' lang='grc' dir='ltr'>Πνεῦμα,</span> <span class='ocrx_word' id='word_1_575' title='bbox 3131 3580 3249 3641; x_wconf 83' lang='grc' dir='ltr'>ἀλλ’</span> <span class='ocrx_word' id='word_1_576' title='bbox 3293 3582 3394 3661; x_wconf 76' lang='grc' dir='ltr'>οὔχ</span> <span class='ocrx_word' id='word_1_577' title='bbox 3446 3579 3641 3652; x_wconf 76' lang='grc' dir='ltr'>οὕτως,</span> <span class='ocrx_word' id='word_1_578' title='bbox 3687 3578 3809 3639; x_wconf 78' lang='grc' dir='ltr'>οὐδὲ</span> 
     </span>
    </p>
   </div>
   <div class='ocr_carea' id='block_1_81' title="bbox 2203 3667 3808 3754">
    <p class='ocr_par' dir='ltr' id='par_1_81' title="bbox 2203 3667 3808 3754">
     <span class='ocr_line' id='line_1_81' title="bbox 2203 3667 3808 3754; baseline -0.004 -22"><span class='ocrx_word' id='word_1_579' title='bbox 2203 3671 2304 3732; x_wconf 86' lang='grc' dir='ltr'>ἀεί·</span> <span class='ocrx_word' id='word_1_580' title='bbox 2352 3672 2654 3754; x_wconf 85' lang='grc' dir='ltr'>ἀφίπταται</span> <span class='ocrx_word' id='word_1_581' title='bbox 2701 3671 2803 3754; x_wconf 85' lang='grc' dir='ltr'><strong>γὰρ</strong></span> <span class='ocrx_word' id='word_1_582' title='bbox 2856 3669 3294 3752; x_wconf 81' lang='grc' dir='ltr'>ἁμαρτανόντων.</span> <span class='ocrx_word' id='word_1_583' title='bbox 3354 3671 3462 3731; x_wconf 78' lang='grc' dir='ltr'><strong>Καὶ</strong></span> <span class='ocrx_word' id='word_1_584' title='bbox 3490 3675 3582 3729; x_wconf 84' lang='grc' dir='ltr'><strong>τοῦ</strong></span> <span class='ocrx_word' id='word_1_585' title='bbox 3615 3667 3808 3729; x_wconf 85' lang='grc' dir='ltr'>Πνεύ-</span> 
     </span>
    </p>
   </div>
   <div class='ocr_carea' id='block_1_82' title="bbox 2203 3757 3808 3842">
    <p class='ocr_par' dir='ltr' id='par_1_82' title="bbox 2203 3757 3808 3842">
     <span class='ocr_line' id='line_1_82' title="bbox 2203 3757 3808 3842; baseline -0.004 -20"><span class='ocrx_word' id='word_1_586' title='bbox 2203 3787 2367 3842; x_wconf 87' lang='grc' dir='ltr'>ματος</span> <span class='ocrx_word' id='word_1_587' title='bbox 2405 3761 2460 3820; x_wconf 86' lang='grc' dir='ltr'>δὲ</span> <span class='ocrx_word' id='word_1_588' title='bbox 2506 3761 2785 3842; x_wconf 87' lang='grc' dir='ltr'>παρόντος,</span> <span class='ocrx_word' id='word_1_589' title='bbox 2841 3766 2874 3833; x_wconf 89' lang='grc' dir='ltr'>ἡ</span> <span class='ocrx_word' id='word_1_590' title='bbox 2925 3761 3074 3841; x_wconf 78' lang='grc' dir='ltr'>ψυχὴ</span> <span class='ocrx_word' id='word_1_591' title='bbox 3108 3763 3295 3822; x_wconf 85' lang='grc' dir='ltr'>διοικεῖ</span> <span class='ocrx_word' id='word_1_592' title='bbox 3344 3759 3406 3819; x_wconf 83' lang='grc' dir='ltr'>τὸ</span> <span class='ocrx_word' id='word_1_593' title='bbox 3454 3763 3634 3838; x_wconf 73' lang='grc' dir='ltr'>σῶμαο</span> <span class='ocrx_word' id='word_1_594' title='bbox 3685 3757 3808 3817; x_wconf 83' lang='grc' dir='ltr'>τότε</span> 
     </span>
    </p>
   </div>
   <div class='ocr_carea' id='block_1_83' title="bbox 2201 3850 3812 3933">
    <p class='ocr_par' dir='ltr' id='par_1_83' title="bbox 2201 3850 3812 3933">
     <span class='ocr_line' id='line_1_83' title="bbox 2201 3850 3812 3933; baseline -0.002 -21"><span class='ocrx_word' id='word_1_595' title='bbox 2201 3853 2257 3913; x_wconf 75' lang='grc' dir='ltr'>δὲ</span> <span class='ocrx_word' id='word_1_596' title='bbox 2287 3855 2542 3926; x_wconf 78' lang='grc' dir='ltr'>διηνεκῶς</span> <span class='ocrx_word' id='word_1_597' title='bbox 2585 3851 2888 3933; x_wconf 90' lang='grc' dir='ltr'>παραμένει</span> <span class='ocrx_word' id='word_1_598' title='bbox 2939 3856 3047 3920; x_wconf 90' lang='grc' dir='ltr'>τοῖς</span> <span class='ocrx_word' id='word_1_599' title='bbox 3084 3852 3302 3928; x_wconf 87' lang='grc' dir='ltr'>σώμασι</span> <span class='ocrx_word' id='word_1_600' title='bbox 3347 3855 3450 3911; x_wconf 92' lang='grc' dir='ltr'><strong>τῶν</strong></span> <span class='ocrx_word' id='word_1_601' title='bbox 3487 3850 3704 3910; x_wconf 81' lang='grc' dir='ltr'>δικαίων</span> <span class='ocrx_word' id='word_1_602' title='bbox 3747 3850 3812 3908; x_wconf 79' lang='grc' dir='ltr'><strong>τὸ</strong></span> 
     </span>
    </p>
   </div>
   <div class='ocr_carea' id='block_1_84' title="bbox 2200 3940 3810 4021">
    <p class='ocr_par' dir='ltr' id='par_1_84' title="bbox 2200 3940 3810 4021">
     <span class='ocr_line' id='line_1_84' title="bbox 2200 3940 3810 4021; baseline -0.006 -15"><span class='ocrx_word' id='word_1_603' title='bbox 2200 3947 2444 4021; x_wconf 79' lang='grc' dir='ltr'>Πνεῦμα.</span> <span class='ocrx_word' id='word_1_604' title='bbox 2498 3941 2576 4003; x_wconf 89' lang='grc' dir='ltr'><strong>Ἤ</strong></span> <span class='ocrx_word' id='word_1_605' title='bbox 2631 3943 2992 4021; x_wconf 85' lang='grc' dir='ltr'>πνευματικὸν</span> <span class='ocrx_word' id='word_1_606' title='bbox 3049 3941 3231 4008; x_wconf 79' lang='grc' dir='ltr'>ἅπλῶς</span> <span class='ocrx_word' id='word_1_607' title='bbox 3289 3940 3431 4021; x_wconf 86' lang='grc' dir='ltr'>λέγει</span> <span class='ocrx_word' id='word_1_608' title='bbox 3471 3940 3543 4021; x_wconf 10' lang='grc' dir='ltr'><strong>,τὸ</strong></span> <span class='ocrx_word' id='word_1_609' title='bbox 3602 3941 3810 4020; x_wconf 79' lang='grc' dir='ltr'>ἄφθαρ-</span> 
     </span>
    </p>
   </div>
   <div class='ocr_carea' id='block_1_85' title="bbox 2198 4020 3812 4112">
    <p class='ocr_par' dir='ltr' id='par_1_85' title="bbox 2198 4020 3812 4112">
     <span class='ocr_line' id='line_1_85' title="bbox 2198 4020 3812 4112; baseline -0.004 -21"><span class='ocrx_word' id='word_1_610' title='bbox 2198 4057 2319 4106; x_wconf 91' lang='grc' dir='ltr'>τον,</span> <span class='ocrx_word' id='word_1_611' title='bbox 2355 4020 2443 4100; x_wconf 12' lang='grc' dir='ltr'>νῶς</span> <span class='ocrx_word' id='word_1_612' title='bbox 2488 4032 2971 4112; x_wconf 86' lang='grc' dir='ltr'>λεπτομερέστερον</span> <span class='ocrx_word' id='word_1_613' title='bbox 3021 4030 3114 4091; x_wconf 83' lang='grc' dir='ltr'><strong>καὶ</strong></span> <span class='ocrx_word' id='word_1_614' title='bbox 3161 4020 3385 4108; x_wconf 76' lang='grc' dir='ltr'>κοῦφον,</span> <span class='ocrx_word' id='word_1_615' title='bbox 3437 4020 3548 4089; x_wconf 80' lang='grc' dir='ltr'>οἶον</span> <span class='ocrx_word' id='word_1_616' title='bbox 3598 4028 3691 4088; x_wconf 81' lang='grc' dir='ltr'>καὶ</span> <span class='ocrx_word' id='word_1_617' title='bbox 3723 4031 3812 4086; x_wconf 80' lang='grc' dir='ltr'><strong>ἐπ’</strong></span> 
     </span>
    </p>
   </div>
   <div class='ocr_carea' id='block_1_86' title="bbox 2201 4117 3809 4204">
    <p class='ocr_par' dir='ltr' id='par_1_86' title="bbox 2201 4117 3809 4204">
     <span class='ocr_line' id='line_1_86' title="bbox 2201 4117 3809 4204; baseline -0.003 -23"><span class='ocrx_word' id='word_1_618' title='bbox 2201 4123 2352 4204; x_wconf 80' lang='grc' dir='ltr'>ἀέρος</span> <span class='ocrx_word' id='word_1_619' title='bbox 2382 4123 2641 4202; x_wconf 81' lang='grc' dir='ltr'>ὀχεῖσθαι·</span> <span class='ocrx_word' id='word_1_620' title='bbox 2671 4121 2813 4194; x_wconf 76' lang='grc' dir='ltr'>πλὴν</span> <span class='ocrx_word' id='word_1_621' title='bbox 2861 4123 2964 4201; x_wconf 83' lang='grc' dir='ltr'><strong>οὐχ</strong></span> <span class='ocrx_word' id='word_1_622' title='bbox 3000 4124 3074 4188; x_wconf 75' lang='grc' dir='ltr'>ὣς</span> <span class='ocrx_word' id='word_1_623' title='bbox 3120 4117 3395 4198; x_wconf 86' lang='grc' dir='ltr'>Ὠριγένης</span> <span class='ocrx_word' id='word_1_624' title='bbox 3423 4121 3600 4195; x_wconf 85' lang='grc' dir='ltr'>λέγει,</span> <span class='ocrx_word' id='word_1_625' title='bbox 3632 4121 3809 4199; x_wconf 75' lang='grc' dir='ltr'>ἀερῶ·</span> 
     </span>
    </p>
   </div>
   <div class='ocr_carea' id='block_1_87' title="bbox 2201 4207 3813 4291">
    <p class='ocr_par' dir='ltr' id='par_1_87' title="bbox 2201 4207 3813 4291">
     <span class='ocr_line' id='line_1_87' title="bbox 2201 4207 3813 4291; baseline -0.004 -20"><span class='ocrx_word' id='word_1_626' title='bbox 2201 4213 2284 4279; x_wconf 90' lang='grc' dir='ltr'><strong>δες</strong></span> <span class='ocrx_word' id='word_1_627' title='bbox 2320 4211 2412 4271; x_wconf 73' lang='grc' dir='ltr'><strong>καὶ</strong></span> <span class='ocrx_word' id='word_1_628' title='bbox 2451 4211 2711 4291; x_wconf 79' lang='grc' dir='ltr'>αἰθέριον,</span> <span class='ocrx_word' id='word_1_629' title='bbox 2742 4210 2862 4284; x_wconf 87' lang='grc' dir='ltr'>ἤτοι</span> <span class='ocrx_word' id='word_1_630' title='bbox 2893 4212 2953 4269; x_wconf 82' lang='grc' dir='ltr'>ἐκ</span> <span class='ocrx_word' id='word_1_631' title='bbox 2999 4216 3094 4283; x_wconf 86' lang='grc' dir='ltr'>τ’ἤς</span> <span class='ocrx_word' id='word_1_632' title='bbox 3124 4215 3216 4268; x_wconf 90' lang='grc' dir='ltr'><strong>τοῦ</strong></span> <span class='ocrx_word' id='word_1_633' title='bbox 3251 4211 3400 4287; x_wconf 81' lang='grc' dir='ltr'>ἀέρος</span> <span class='ocrx_word' id='word_1_634' title='bbox 3444 4207 3536 4266; x_wconf 74' lang='grc' dir='ltr'><strong>καὶ</strong></span> <span class='ocrx_word' id='word_1_635' title='bbox 3577 4213 3668 4265; x_wconf 92' lang='grc' dir='ltr'><strong>τοῦ</strong></span> <span class='ocrx_word' id='word_1_636' title='bbox 3716 4210 3813 4265; x_wconf 76' lang='grc' dir='ltr'><strong>αἰ-</strong></span> 
     </span>
    </p>
   </div>
   <div class='ocr_carea' id='block_1_88' title="bbox 2201 4296 3812 4382">
    <p class='ocr_par' dir='ltr' id='par_1_88' title="bbox 2201 4296 3812 4382">
     <span class='ocr_line' id='line_1_88' title="bbox 2201 4296 3812 4382; baseline -0.004 -21"><span class='ocrx_word' id='word_1_637' title='bbox 2201 4302 2346 4382; x_wconf 86' lang='grc' dir='ltr'>θέρος</span> <span class='ocrx_word' id='word_1_638' title='bbox 2378 4300 2577 4368; x_wconf 84' lang='grc' dir='ltr'>οὖσίας.</span> <span class='ocrx_word' id='word_1_639' title='bbox 2639 4302 2707 4361; x_wconf 77' lang='grc' dir='ltr'><strong>Εἰ</strong></span> <span class='ocrx_word' id='word_1_640' title='bbox 2738 4299 2794 4361; x_wconf 81' lang='grc' dir='ltr'>δὲ</span> <span class='ocrx_word' id='word_1_641' title='bbox 2827 4303 3070 4367; x_wconf 80' lang='grc' dir='ltr'>ἀπιστεῖς</span> <span class='ocrx_word' id='word_1_642' title='bbox 3241 4297 3534 4378; x_wconf 72' lang='grc' dir='ltr'>ἀφθαρσίᾳ,</span> <span class='ocrx_word' id='word_1_643' title='bbox 3589 4297 3686 4376; x_wconf 81' lang='grc' dir='ltr'>ὅρα</span> <span class='ocrx_word' id='word_1_644' title='bbox 3738 4296 3812 4356; x_wconf 82' lang='grc' dir='ltr'><strong>τὰ</strong></span> 
     </span>
    </p>
   </div>
   <div class='ocr_carea' id='block_1_89' title="bbox 488 4369 2094 4469">
    <p class='ocr_par' dir='ltr' id='par_1_89' title="bbox 488 4369 2083 4463">
     <span class='ocr_line' id='line_1_89' title="bbox 488 4369 2083 4463; baseline -0.001 -13"><span class='ocrx_word' id='word_1_645' title='bbox 488 4392 562 4450; x_wconf 91' lang='lat' dir='ltr'><strong>de</strong></span> <span class='ocrx_word' id='word_1_646' title='bbox 600 4369 1115 4463; x_wconf 86' lang='lat' dir='ltr'><strong>incorruptibilitate</strong></span> <span class='ocrx_word' id='word_1_647' title='bbox 1151 4391 1394 4460; x_wconf 75' lang='lat' dir='ltr'><strong>haesitas,</strong></span> <span class='ocrx_word' id='word_1_648' title='bbox 1440 4391 1661 4448; x_wconf 90' lang='lat' dir='ltr'><strong>intuere</strong></span> <span class='ocrx_word' id='word_1_649' title='bbox 1688 4369 1932 4448; x_wconf 68' lang='lat' dir='ltr'><strong>caelestia</strong></span> <span class='ocrx_word' id='word_1_650' title='bbox 1961 4407 2083 4448; x_wconf 84' lang='lat' dir='ltr'><strong>cor-</strong></span> 
     </span>
    </p>
   </div>
   <div class='ocr_carea' id='block_1_90' title="bbox 2202 4369 3812 4469">
    <p class='ocr_par' dir='ltr' id='par_1_90' title="bbox 2202 4369 3812 4469">
     <span class='ocr_line' id='line_1_90' title="bbox 2202 4369 3812 4469; baseline -0.002 -22"><span class='ocrx_word' id='word_1_651' title='bbox 2202 4369 2416 4469; x_wconf 76' lang='grc' dir='ltr'>οὖράνια</span> <span class='ocrx_word' id='word_1_652' title='bbox 2463 4387 2712 4468; x_wconf 85' lang='grc' dir='ltr'>σώματα,</span> <span class='ocrx_word' id='word_1_653' title='bbox 2759 4389 2829 4451; x_wconf 77' lang='grc' dir='ltr'>τὰ</span> <span class='ocrx_word' id='word_1_654' title='bbox 2877 4389 3010 4457; x_wconf 88' lang='grc' dir='ltr'>τέως</span> <span class='ocrx_word' id='word_1_655' title='bbox 3067 4369 3254 4468; x_wconf 54' lang='grc' dir='ltr'>ἀγήρω</span> <span class='ocrx_word' id='word_1_656' title='bbox 3288 4369 3403 4445; x_wconf 53' lang='grc' dir='ltr'>’καί</span> <span class='ocrx_word' id='word_1_657' title='bbox 3454 4369 3730 4464; x_wconf 65' lang='grc' dir='ltr'>ἀκάματον</span> <span class='ocrx_word' id='word_1_658' title='bbox 3777 4389 3812 4443; x_wconf 84' lang='grc' dir='ltr'>ὁ</span> 
     </span>
    </p>
   </div>
   <div class='ocr_carea' id='block_1_91' title="bbox 490 4479 2082 4556">
    <p class='ocr_par' dir='ltr' id='par_1_91' title="bbox 490 4479 2082 4556">
     <span class='ocr_line' id='line_1_91' title="bbox 490 4479 2082 4556; baseline -0.002 -17"><span class='ocrx_word' id='word_1_659' title='bbox 490 4498 647 4555; x_wconf 87' lang='lat' dir='ltr'><strong>pora,</strong></span> <span class='ocrx_word' id='word_1_660' title='bbox 668 4497 792 4556; x_wconf 62' lang='lat' dir='ltr'><strong>quae</strong></span> <span class='ocrx_word' id='word_1_661' title='bbox 822 4482 1090 4538; x_wconf 90' lang='lat' dir='ltr'><strong>hactenus</strong></span> <span class='ocrx_word' id='word_1_662' title='bbox 1113 4481 1264 4537; x_wconf 92' lang='lat' dir='ltr'><strong>nullo</strong></span> <span class='ocrx_word' id='word_1_663' title='bbox 1287 4496 1464 4553; x_wconf 89' lang='lat' dir='ltr'><strong>neque</strong></span> <span class='ocrx_word' id='word_1_664' title='bbox 1483 4481 1635 4537; x_wconf 88' lang='lat' dir='ltr'><strong>senio</strong></span> <span class='ocrx_word' id='word_1_665' title='bbox 1661 4479 1909 4537; x_wconf 80' lang='lat' dir='ltr'><strong>confecta</strong></span> <span class='ocrx_word' id='word_1_666' title='bbox 1935 4488 2082 4546; x_wconf 91' lang='lat' dir='ltr'><strong>sunt,</strong></span> 
     </span>
    </p>
   </div>
   <div class='ocr_carea' id='block_1_92' title="bbox 491 4570 2082 4645">
    <p class='ocr_par' dir='ltr' id='par_1_92' title="bbox 491 4570 2082 4645">
     <span class='ocr_line' id='line_1_92' title="bbox 491 4570 2082 4645; baseline -0.001 -17"><span class='ocrx_word' id='word_1_667' title='bbox 491 4588 670 4645; x_wconf 90' lang='lat' dir='ltr'><strong>neque</strong></span> <span class='ocrx_word' id='word_1_668' title='bbox 696 4573 885 4629; x_wconf 92' lang='lat' dir='ltr'><strong>labore</strong></span> <span class='ocrx_word' id='word_1_669' title='bbox 911 4571 1231 4645; x_wconf 88' lang='lat' dir='ltr'><strong>defatigata.</strong></span> <span class='ocrx_word' id='word_1_670' title='bbox 1259 4572 1370 4644; x_wconf 92' lang='lat' dir='ltr'><strong>Qui</strong></span> <span class='ocrx_word' id='word_1_671' title='bbox 1397 4570 1549 4627; x_wconf 89' lang='lat' dir='ltr'><strong>enim</strong></span> <span class='ocrx_word' id='word_1_672' title='bbox 1575 4587 1636 4628; x_wconf 91' lang='lat' dir='ltr'><strong>ea</strong></span> <span class='ocrx_word' id='word_1_673' title='bbox 1663 4570 1798 4626; x_wconf 90' lang='lat' dir='ltr'><strong>talia</strong></span> <span class='ocrx_word' id='word_1_674' title='bbox 1822 4571 2082 4637; x_wconf 91' lang='lat' dir='ltr'><strong>condidit,</strong></span> 
     </span>
    </p>
   </div>
   <div class='ocr_carea' id='block_1_93' title="bbox 490 4660 2086 4735">
    <p class='ocr_par' dir='ltr' id='par_1_93' title="bbox 490 4660 2086 4735">
     <span class='ocr_line' id='line_1_93' title="bbox 490 4660 2086 4735; baseline -0.001 -16"><span class='ocrx_word' id='word_1_675' title='bbox 490 4661 1006 4734; x_wconf 88' lang='lat' dir='ltr'><strong>corruptibilitatem</strong></span> <span class='ocrx_word' id='word_1_676' title='bbox 1045 4677 1268 4735; x_wconf 90' lang='lat' dir='ltr'><strong>quoque</strong></span> <span class='ocrx_word' id='word_1_677' title='bbox 1309 4668 1558 4718; x_wconf 87' lang='lat' dir='ltr'><strong>nostram</strong></span> <span class='ocrx_word' id='word_1_678' title='bbox 1616 4660 2086 4734; x_wconf 89' lang='lat' dir='ltr'><strong>incorruptibilem</strong></span> 
     </span>
    </p>
   </div>
   <div class='ocr_carea' id='block_1_94' title="bbox 488 4751 1546 4809">
    <p class='ocr_par' dir='ltr' id='par_1_94' title="bbox 488 4751 1546 4809">
     <span class='ocr_line' id='line_1_94' title="bbox 488 4751 1546 4809; baseline -0.012 0"><span class='ocrx_word' id='word_1_679' title='bbox 488 4751 708 4809; x_wconf 86' lang='lat' dir='ltr'><strong>efﬁciet.</strong></span> <span class='ocrx_word' id='word_1_680' title='bbox 1542 4793 1546 4796; x_wconf 83' lang='lat'><strong>.</strong></span> 
     </span>
    </p>
   </div>
   <div class='ocr_carea' id='block_1_95' title="bbox 566 4839 2083 4914">
    <p class='ocr_par' dir='ltr' id='par_1_95' title="bbox 566 4839 2083 4914">
     <span class='ocr_line' id='line_1_95' title="bbox 566 4839 2083 4914; baseline -0.001 -17"><span class='ocrx_word' id='word_1_681' title='bbox 566 4864 591 4891; x_wconf 74' lang='grc' dir='ltr'><strong>α</strong></span> <span class='ocrx_word' id='word_1_682' title='bbox 670 4844 768 4897; x_wconf 65' lang='lat' dir='ltr'><strong>Fat</strong></span> <span class='ocrx_word' id='word_1_683' title='bbox 794 4856 998 4914; x_wconf 86' lang='lat' dir='ltr'><strong>corpus</strong></span> <span class='ocrx_word' id='word_1_684' title='bbox 1038 4840 1296 4898; x_wconf 88' lang='lat' dir='ltr'><strong>animale.</strong></span> <span class='ocrx_word' id='word_1_685' title='bbox 1328 4863 1355 4891; x_wconf 78' lang='grc' dir='ltr'>ιο</span> <span class='ocrx_word' id='word_1_686' title='bbox 1397 4839 1563 4912; x_wconf 86' lang='lat' dir='ltr'><strong>Quod</strong></span> <span class='ocrx_word' id='word_1_687' title='bbox 1592 4839 1712 4914; x_wconf 89' lang='lat' dir='ltr'><strong>jam</strong></span> <span class='ocrx_word' id='word_1_688' title='bbox 1737 4840 2005 4900; x_wconf 88' lang='lat' dir='ltr'><strong>habemus</strong></span> <span class='ocrx_word' id='word_1_689' title='bbox 2031 4841 2083 4897; x_wconf 85' lang='lat' dir='ltr'><strong>in</strong></span> 
     </span>
    </p>
   </div>
   <div class='ocr_carea' id='block_1_96' title="bbox 487 4929 907 5004">
    <p class='ocr_par' dir='ltr' id='par_1_96' title="bbox 487 4929 907 5004">
     <span class='ocr_line' id='line_1_96' title="bbox 487 4929 907 5004; baseline -0.002 -16"><span class='ocrx_word' id='word_1_690' title='bbox 487 4929 743 5004; x_wconf 63' lang='lat' dir='ltr'><strong>praesenti</strong></span> <span class='ocrx_word' id='word_1_691' title='bbox 775 4931 907 4987; x_wconf 89' lang='lat' dir='ltr'><strong>vita.</strong></span> 
     </span>
    </p>
   </div>
   <div class='ocr_carea' id='block_1_97' title="bbox 561 5019 2087 5094">
    <p class='ocr_par' dir='ltr' id='par_1_97' title="bbox 561 5019 2087 5094">
     <span class='ocr_line' id='line_1_97' title="bbox 561 5019 2087 5094; baseline 0.005 -22"><span class='ocrx_word' id='word_1_692' title='bbox 561 5045 586 5071; x_wconf 87' lang='grc'><strong>‹‹</strong></span> <span class='ocrx_word' id='word_1_693' title='bbox 627 5023 832 5093; x_wconf 86' lang='lat' dir='ltr'><strong>Estque</strong></span> <span class='ocrx_word' id='word_1_694' title='bbox 862 5036 1061 5093; x_wconf 89' lang='lat' dir='ltr'><strong>corpus</strong></span> <span class='ocrx_word' id='word_1_695' title='bbox 1080 5020 1381 5094; x_wconf 77' lang='lat' dir='ltr'><strong>Spirituale.</strong></span> <span class='ocrx_word' id='word_1_696' title='bbox 1413 5043 1440 5070; x_wconf 75' lang='grc' dir='ltr'><strong>ιν</strong></span> <span class='ocrx_word' id='word_1_697' title='bbox 1464 5019 1629 5093; x_wconf 89' lang='lat' dir='ltr'><strong>Quod</strong></span> <span class='ocrx_word' id='word_1_698' title='bbox 1657 5020 1895 5078; x_wconf 88' lang='lat' dir='ltr'><strong>habituri</strong></span> <span class='ocrx_word' id='word_1_699' title='bbox 1917 5021 2087 5092; x_wconf 77' lang='grc'><strong>228</strong></span> 
     </span>
    </p>
   </div>
   <div class='ocr_carea' id='block_1_98' title="bbox 483 5109 2082 5181">
    <p class='ocr_par' dir='ltr' id='par_1_98' title="bbox 483 5109 2082 5181">
     <span class='ocr_line' id='line_1_98' title="bbox 483 5109 2082 5181; baseline -0.004 -11"><span class='ocrx_word' id='word_1_700' title='bbox 483 5128 679 5170; x_wconf 90' lang='lat' dir='ltr'><strong>sumus</strong></span> <span class='ocrx_word' id='word_1_701' title='bbox 708 5111 769 5167; x_wconf 90' lang='lat' dir='ltr'><strong>in</strong></span> <span class='ocrx_word' id='word_1_702' title='bbox 797 5109 1012 5180; x_wconf 90' lang='lat' dir='ltr'><strong>futuro,</strong></span> <span class='ocrx_word' id='word_1_703' title='bbox 1052 5111 1202 5168; x_wconf 91' lang='lat' dir='ltr'><strong>idem</strong></span> <span class='ocrx_word' id='word_1_704' title='bbox 1230 5125 1364 5168; x_wconf 89' lang='lat' dir='ltr'><strong>sane</strong></span> <span class='ocrx_word' id='word_1_705' title='bbox 1407 5126 1536 5167; x_wconf 90' lang='lat' dir='ltr'><strong>cum</strong></span> <span class='ocrx_word' id='word_1_706' title='bbox 1565 5109 1672 5168; x_wconf 88' lang='lat' dir='ltr'><strong>hoc</strong></span> <span class='ocrx_word' id='word_1_707' title='bbox 1701 5126 1894 5168; x_wconf 86' lang='lat' dir='ltr'><strong>verum</strong></span> <span class='ocrx_word' id='word_1_708' title='bbox 1921 5110 2082 5181; x_wconf 80' lang='lat' dir='ltr'><strong>Spiri-</strong></span> 
     </span>
    </p>
   </div>
   <div class='ocr_carea' id='block_1_99' title="bbox 484 5201 1540 5276">
    <p class='ocr_par' dir='ltr' id='par_1_99' title="bbox 484 5201 1540 5276">
     <span class='ocr_line' id='line_1_99' title="bbox 484 5201 1540 5276; baseline -0.002 -18"><span class='ocrx_word' id='word_1_709' title='bbox 484 5203 653 5272; x_wconf 88' lang='lat' dir='ltr'><strong>tuale,</strong></span> <span class='ocrx_word' id='word_1_710' title='bbox 689 5202 796 5259; x_wconf 93' lang='lat' dir='ltr'><strong>hoc</strong></span> <span class='ocrx_word' id='word_1_711' title='bbox 823 5210 907 5258; x_wconf 88' lang='lat' dir='ltr'><strong>est</strong></span> <span class='ocrx_word' id='word_1_712' title='bbox 931 5201 1301 5276; x_wconf 89' lang='lat' dir='ltr'><strong>corruptionis</strong></span> <span class='ocrx_word' id='word_1_713' title='bbox 1324 5217 1540 5273; x_wconf 86' lang='lat' dir='ltr'><strong>expers.</strong></span> 
     </span>
    </p>
   </div>
   <div class='ocr_carea' id='block_1_100' title="bbox 555 5288 2087 5364">
    <p class='ocr_par' dir='ltr' id='par_1_100' title="bbox 555 5288 2087 5364">
     <span class='ocr_line' id='line_1_100' title="bbox 555 5288 2087 5364; baseline -0.004 -14"><span class='ocrx_word' id='word_1_714' title='bbox 555 5295 741 5351; x_wconf 72' lang='lat' dir='ltr'><strong>Vsus.</strong></span> <span class='ocrx_word' id='word_1_715' title='bbox 774 5299 864 5349; x_wconf 79' lang='lat'><strong>45.</strong></span> <span class='ocrx_word' id='word_1_716' title='bbox 909 5315 937 5343; x_wconf 75' lang='grc' dir='ltr'><strong>α</strong></span> <span class='ocrx_word' id='word_1_717' title='bbox 981 5293 1069 5350; x_wconf 91' lang='lat' dir='ltr'><strong>Sic</strong></span> <span class='ocrx_word' id='word_1_718' title='bbox 1109 5301 1166 5350; x_wconf 88' lang='lat' dir='ltr'><strong>et</strong></span> <span class='ocrx_word' id='word_1_719' title='bbox 1190 5292 1458 5364; x_wconf 90' lang='lat' dir='ltr'><strong>scriptum</strong></span> <span class='ocrx_word' id='word_1_720' title='bbox 1484 5298 1569 5347; x_wconf 89' lang='lat' dir='ltr'><strong>est</strong></span> <span class='ocrx_word' id='word_1_721' title='bbox 1599 5307 1614 5346; x_wconf 91' lang='lat'><strong>:</strong></span> <span class='ocrx_word' id='word_1_722' title='bbox 1640 5291 1838 5348; x_wconf 90' lang='lat' dir='ltr'><strong>Factus</strong></span> <span class='ocrx_word' id='word_1_723' title='bbox 1862 5297 1947 5347; x_wconf 90' lang='lat' dir='ltr'><strong>est</strong></span> <span class='ocrx_word' id='word_1_724' title='bbox 1968 5288 2087 5362; x_wconf 87' lang='lat' dir='ltr'><strong>pri-</strong></span> 
     </span>
    </p>
   </div>
   <div class='ocr_carea' id='block_1_101' title="bbox 485 5379 2086 5448">
    <p class='ocr_par' dir='ltr' id='par_1_101' title="bbox 485 5379 2086 5448">
     <span class='ocr_line' id='line_1_101' title="bbox 485 5379 2086 5448; baseline -0.002 -10"><span class='ocrx_word' id='word_1_725' title='bbox 485 5397 613 5439; x_wconf 91' lang='lat' dir='ltr'><strong>mus</strong></span> <span class='ocrx_word' id='word_1_726' title='bbox 639 5381 814 5440; x_wconf 90' lang='lat' dir='ltr'><strong>homo</strong></span> <span class='ocrx_word' id='word_1_727' title='bbox 840 5382 1024 5439; x_wconf 84' lang='lat' dir='ltr'><strong>Adam</strong></span> <span class='ocrx_word' id='word_1_728' title='bbox 1055 5382 1114 5438; x_wconf 93' lang='lat' dir='ltr'><strong>in</strong></span> <span class='ocrx_word' id='word_1_729' title='bbox 1136 5382 1386 5438; x_wconf 89' lang='lat' dir='ltr'><strong>animam</strong></span> <span class='ocrx_word' id='word_1_730' title='bbox 1409 5381 1719 5448; x_wconf 81' lang='lat' dir='ltr'><strong>viventem;</strong></span> <span class='ocrx_word' id='word_1_731' title='bbox 1748 5379 2086 5436; x_wconf 87' lang='lat' dir='ltr'><strong>novissimus</strong></span> 
     </span>
    </p>
   </div>
   <div class='ocr_carea' id='block_1_102' title="bbox 485 5467 2084 5544">
    <p class='ocr_par' dir='ltr' id='par_1_102' title="bbox 485 5467 2084 5544">
     <span class='ocr_line' id='line_1_102' title="bbox 485 5467 2084 5544; baseline -0.003 -15"><span class='ocrx_word' id='word_1_732' title='bbox 485 5471 670 5529; x_wconf 82' lang='lat' dir='ltr'><strong>Adam</strong></span> <span class='ocrx_word' id='word_1_733' title='bbox 716 5473 776 5528; x_wconf 89' lang='lat' dir='ltr'><strong>in</strong></span> <span class='ocrx_word' id='word_1_734' title='bbox 815 5471 1082 5544; x_wconf 83' lang='lat' dir='ltr'><strong>Spiritum</strong></span> <span class='ocrx_word' id='word_1_735' title='bbox 1131 5470 1523 5527; x_wconf 88' lang='lat' dir='ltr'><strong>viviﬁcantem.</strong></span> <span class='ocrx_word' id='word_1_736' title='bbox 1571 5491 1598 5519; x_wconf 78' lang='grc' dir='ltr'><strong>ιι</strong></span> <span class='ocrx_word' id='word_1_737' title='bbox 1643 5469 1804 5526; x_wconf 90' lang='lat' dir='ltr'><strong>Prius</strong></span> <span class='ocrx_word' id='word_1_738' title='bbox 1857 5467 2084 5542; x_wconf 89' lang='lat' dir='ltr'><strong>quidem</strong></span> 
     </span>
    </p>
   </div>
   <div class='ocr_carea' id='block_1_103' title="bbox 485 5557 2086 5633">
    <p class='ocr_par' dir='ltr' id='par_1_103' title="bbox 485 5557 2086 5633">
     <span class='ocr_line' id='line_1_103' title="bbox 485 5557 2086 5633; baseline -0.002 -16"><span class='ocrx_word' id='word_1_739' title='bbox 485 5560 754 5632; x_wconf 85' lang='lat' dir='ltr'><strong>scriptum</strong></span> <span class='ocrx_word' id='word_1_740' title='bbox 783 5569 888 5628; x_wconf 85' lang='lat' dir='ltr'><strong>est,</strong></span> <span class='ocrx_word' id='word_1_741' title='bbox 914 5560 1188 5633; x_wconf 88' lang='lat' dir='ltr'><strong>posterius</strong></span> <span class='ocrx_word' id='word_1_742' title='bbox 1215 5568 1403 5616; x_wconf 86' lang='lat' dir='ltr'><strong>autem</strong></span> <span class='ocrx_word' id='word_1_743' title='bbox 1447 5574 1562 5615; x_wconf 91' lang='lat' dir='ltr'><strong>non</strong></span> <span class='ocrx_word' id='word_1_744' title='bbox 1597 5557 1765 5629; x_wconf 85' lang='lat' dir='ltr'><strong>item;</strong></span> <span class='ocrx_word' id='word_1_745' title='bbox 1802 5573 1996 5614; x_wconf 90' lang='lat' dir='ltr'><strong>verum</strong></span> <span class='ocrx_word' id='word_1_746' title='bbox 2018 5573 2086 5615; x_wconf 84' lang='lat' dir='ltr'><strong>ex</strong></span> 
     </span>
    </p>
   </div>
   <div class='ocr_carea' id='block_1_104' title="bbox 480 5647 2083 5722">
    <p class='ocr_par' dir='ltr' id='par_1_104' title="bbox 480 5647 2083 5722">
     <span class='ocr_line' id='line_1_104' title="bbox 480 5647 2083 5722; baseline 0.001 -16"><span class='ocrx_word' id='word_1_747' title='bbox 480 5664 673 5708; x_wconf 90' lang='lat' dir='ltr'><strong>rerum</strong></span> <span class='ocrx_word' id='word_1_748' title='bbox 701 5649 1103 5708; x_wconf 85' lang='lat' dir='ltr'><strong>consecutione</strong></span> <span class='ocrx_word' id='word_1_749' title='bbox 1130 5648 1284 5722; x_wconf 87' lang='lat' dir='ltr'><strong>quod</strong></span> <span class='ocrx_word' id='word_1_750' title='bbox 1300 5648 1502 5718; x_wconf 87' lang='lat' dir='ltr'><strong>evenit,</strong></span> <span class='ocrx_word' id='word_1_751' title='bbox 1537 5648 1806 5721; x_wconf 88' lang='lat' dir='ltr'><strong>scriptum</strong></span> <span class='ocrx_word' id='word_1_752' title='bbox 1825 5663 1944 5706; x_wconf 87' lang='lat' dir='ltr'><strong>esse</strong></span> <span class='ocrx_word' id='word_1_753' title='bbox 1962 5647 2041 5707; x_wconf 87' lang='lat' dir='ltr'><strong>ait</strong></span> <span class='ocrx_word' id='word_1_754' title='bbox 2066 5665 2083 5708; x_wconf 89' lang='lat'><strong>:</strong></span> 
     </span>
    </p>
   </div>
   <div class='ocr_carea' id='block_1_105' title="bbox 2195 4476 3810 4559">
    <p class='ocr_par' dir='ltr' id='par_1_105' title="bbox 2195 4476 3810 4559">
     <span class='ocr_line' id='line_1_105' title="bbox 2195 4476 3810 4559; baseline -0.004 -19"><span class='ocrx_word' id='word_1_755' title='bbox 2195 4482 2298 4559; x_wconf 81' lang='grc' dir='ltr'><strong>γὰρ</strong></span> <span class='ocrx_word' id='word_1_756' title='bbox 2344 4484 2517 4540; x_wconf 87' lang='grc' dir='ltr'>ταῦτα</span> <span class='ocrx_word' id='word_1_757' title='bbox 2563 4485 2789 4540; x_wconf 87' lang='grc' dir='ltr'>τοιαῦτα</span> <span class='ocrx_word' id='word_1_758' title='bbox 2835 4478 3066 4554; x_wconf 82' lang='grc' dir='ltr'>ποιήσας</span> <span class='ocrx_word' id='word_1_759' title='bbox 3127 4478 3221 4538; x_wconf 80' lang='grc' dir='ltr'>καὶ</span> <span class='ocrx_word' id='word_1_760' title='bbox 3261 4476 3330 4536; x_wconf 83' lang='grc' dir='ltr'><strong>τὰ</strong></span> <span class='ocrx_word' id='word_1_761' title='bbox 3387 4479 3596 4558; x_wconf 83' lang='grc' dir='ltr'>φθαρτὰ</span> <span class='ocrx_word' id='word_1_762' title='bbox 3645 4478 3810 4553; x_wconf 84' lang='grc' dir='ltr'>ἡμῶν</span> 
     </span>
    </p>
   </div>
   <div class='ocr_carea' id='block_1_106' title="bbox 2197 4571 2535 4652">
    <p class='ocr_par' dir='ltr' id='par_1_106' title="bbox 2197 4571 2535 4652">
     <span class='ocr_line' id='line_1_106' title="bbox 2197 4571 2535 4652; baseline -0.006 -20"><span class='ocrx_word' id='word_1_763' title='bbox 2197 4571 2512 4652; x_wconf 83' lang='grc' dir='ltr'>ἀφθαρτίσει</span> <span class='ocrx_word' id='word_1_764' title='bbox 2523 4617 2535 4630; x_wconf 93' lang='grc'><strong>.</strong></span> 
     </span>
    </p>
   </div>
   <div class='ocr_carea' id='block_1_107' title="bbox 2284 4829 3806 4914">
    <p class='ocr_par' dir='ltr' id='par_1_107' title="bbox 2284 4829 3806 4914">
     <span class='ocr_line' id='line_1_107' title="bbox 2284 4829 3806 4914; baseline -0.003 -20"><span class='ocrx_word' id='word_1_765' title='bbox 2284 4857 2315 4894; x_wconf 78' lang='grc' dir='ltr'><strong>α</strong></span> <span class='ocrx_word' id='word_1_766' title='bbox 2355 4833 2520 4894; x_wconf 85' lang='grc' dir='ltr'>Ἔστι</span> <span class='ocrx_word' id='word_1_767' title='bbox 2583 4837 2744 4912; x_wconf 89' lang='grc' dir='ltr'>σῶμα</span> <span class='ocrx_word' id='word_1_768' title='bbox 2791 4831 3038 4914; x_wconf 81' lang='grc' dir='ltr'>ψυχικόν.</span> <span class='ocrx_word' id='word_1_769' title='bbox 3089 4853 3117 4891; x_wconf 73' lang='grc' dir='ltr'><strong>ιι</strong></span> <span class='ocrx_word' id='word_1_770' title='bbox 3167 4830 3244 4892; x_wconf 90' lang='grc' dir='ltr'><strong>Ὃ</strong></span> <span class='ocrx_word' id='word_1_771' title='bbox 3277 4835 3365 4890; x_wconf 86' lang='grc' dir='ltr'><strong>νῦν</strong></span> <span class='ocrx_word' id='word_1_772' title='bbox 3397 4829 3594 4913; x_wconf 79' lang='grc' dir='ltr'>ἔχομεν</span> <span class='ocrx_word' id='word_1_773' title='bbox 3645 4831 3698 4890; x_wconf 75' lang='grc' dir='ltr'>ἐν</span> <span class='ocrx_word' id='word_1_774' title='bbox 3733 4833 3806 4909; x_wconf 78' lang='grc' dir='ltr'><strong>τῇ</strong></span> 
     </span>
    </p>
   </div>
   <div class='ocr_carea' id='block_1_108' title="bbox 2194 4923 2613 5004">
    <p class='ocr_par' dir='ltr' id='par_1_108' title="bbox 2194 4923 2613 5004">
     <span class='ocr_line' id='line_1_108' title="bbox 2194 4923 2613 5004; baseline -0.002 -21"><span class='ocrx_word' id='word_1_775' title='bbox 2194 4923 2446 5004; x_wconf 84' lang='grc' dir='ltr'>παρούσῃ</span> <span class='ocrx_word' id='word_1_776' title='bbox 2481 4925 2613 5002; x_wconf 79' lang='grc' dir='ltr'>ζωῇ.</span> 
     </span>
    </p>
   </div>
   <div class='ocr_carea' id='block_1_109' title="bbox 2279 5008 3805 5091">
    <p class='ocr_par' dir='ltr' id='par_1_109' title="bbox 2279 5008 3805 5091">
     <span class='ocr_line' id='line_1_109' title="bbox 2279 5008 3805 5091; baseline -0.001 -22"><span class='ocrx_word' id='word_1_777' title='bbox 2279 5037 2310 5069; x_wconf 85' lang='grc' dir='ltr'><strong>α</strong></span> <span class='ocrx_word' id='word_1_778' title='bbox 2359 5012 2473 5074; x_wconf 70' lang='grc' dir='ltr'><strong>Καὶ</strong></span> <span class='ocrx_word' id='word_1_779' title='bbox 2526 5012 2638 5072; x_wconf 80' lang='grc' dir='ltr'>ἔστι</span> <span class='ocrx_word' id='word_1_780' title='bbox 2690 5016 2852 5091; x_wconf 88' lang='grc' dir='ltr'>σῶμα</span> <span class='ocrx_word' id='word_1_781' title='bbox 2898 5008 3280 5090; x_wconf 87' lang='grc' dir='ltr'>πνευματικόν.</span> <span class='ocrx_word' id='word_1_782' title='bbox 3332 5033 3363 5069; x_wconf 77' lang='grc' dir='ltr'>ι)</span> <span class='ocrx_word' id='word_1_783' title='bbox 3423 5009 3496 5071; x_wconf 85' lang='grc' dir='ltr'>Ὃ</span> <span class='ocrx_word' id='word_1_784' title='bbox 3535 5009 3805 5089; x_wconf 83' lang='grc' dir='ltr'>μέλλομεν</span> 
     </span>
    </p>
   </div>
   <div class='ocr_carea' id='block_1_110' title="bbox 2193 5099 3806 5184">
    <p class='ocr_par' dir='ltr' id='par_1_110' title="bbox 2193 5099 3806 5184">
     <span class='ocr_line' id='line_1_110' title="bbox 2193 5099 3806 5184; baseline -0.003 -22"><span class='ocrx_word' id='word_1_785' title='bbox 2193 5101 2328 5172; x_wconf 77' lang='grc' dir='ltr'>ἕξειν</span> <span class='ocrx_word' id='word_1_786' title='bbox 2384 5105 2437 5161; x_wconf 84' lang='grc' dir='ltr'><strong>ἐν</strong></span> <span class='ocrx_word' id='word_1_787' title='bbox 2469 5106 2546 5184; x_wconf 82' lang='grc' dir='ltr'><strong>τῷ</strong></span> <span class='ocrx_word' id='word_1_788' title='bbox 2579 5102 2859 5180; x_wconf 87' lang='grc' dir='ltr'>μέλλοντι,</span> <span class='ocrx_word' id='word_1_789' title='bbox 2914 5104 2976 5162; x_wconf 87' lang='grc' dir='ltr'>τὸ</span> <span class='ocrx_word' id='word_1_790' title='bbox 3004 5101 3135 5160; x_wconf 78' lang='grc' dir='ltr'>αὐτὸ</span> <span class='ocrx_word' id='word_1_791' title='bbox 3182 5108 3280 5180; x_wconf 82' lang='grc' dir='ltr'>μὲν</span> <span class='ocrx_word' id='word_1_792' title='bbox 3313 5100 3370 5159; x_wconf 86' lang='grc' dir='ltr'><strong>ὂν</strong></span> <span class='ocrx_word' id='word_1_793' title='bbox 3391 5146 3407 5175; x_wconf 93' lang='grc'><strong>,</strong></span> <span class='ocrx_word' id='word_1_794' title='bbox 3440 5099 3806 5178; x_wconf 83' lang='grc' dir='ltr'>πνευματικὸν</span> 
     </span>
    </p>
   </div>
   <div class='ocr_carea' id='block_1_111' title="bbox 2196 5191 2937 5273">
    <p class='ocr_par' dir='ltr' id='par_1_111' title="bbox 2196 5191 2937 5273">
     <span class='ocr_line' id='line_1_111' title="bbox 2196 5191 2937 5273; baseline 0 -21"><span class='ocrx_word' id='word_1_795' title='bbox 2196 5192 2275 5273; x_wconf 83' lang='grc' dir='ltr'>δὲ,</span> <span class='ocrx_word' id='word_1_796' title='bbox 2308 5191 2614 5272; x_wconf 83' lang='grc' dir='ltr'>τουτέστιν,</span> <span class='ocrx_word' id='word_1_797' title='bbox 2646 5192 2937 5273; x_wconf 80' lang='grc' dir='ltr'>ἄφθαρτον.</span> 
     </span>
    </p>
   </div>
   <div class='ocr_carea' id='block_1_112' title="bbox 2283 5277 3809 5362">
    <p class='ocr_par' dir='ltr' id='par_1_112' title="bbox 2283 5277 3809 5362">
     <span class='ocr_line' id='line_1_112' title="bbox 2283 5277 3809 5362; baseline -0.003 -22"><span class='ocrx_word' id='word_1_798' title='bbox 2283 5303 2314 5340; x_wconf 80' lang='grc' dir='ltr'><strong>σ</strong></span> <span class='ocrx_word' id='word_1_799' title='bbox 2360 5284 2522 5343; x_wconf 83' lang='grc' dir='ltr'>Οὕτω</span> <span class='ocrx_word' id='word_1_800' title='bbox 2573 5281 2668 5341; x_wconf 79' lang='grc' dir='ltr'>καὶ</span> <span class='ocrx_word' id='word_1_801' title='bbox 2709 5282 3030 5362; x_wconf 87' lang='grc' dir='ltr'>γέγραπται·</span> <span class='ocrx_word' id='word_1_802' title='bbox 3082 5279 3331 5357; x_wconf 86' lang='grc' dir='ltr'>Ἐγένετο</span> <span class='ocrx_word' id='word_1_803' title='bbox 3382 5282 3409 5338; x_wconf 83' lang='grc' dir='ltr'><strong>δ</strong></span> <span class='ocrx_word' id='word_1_804' title='bbox 3453 5282 3660 5360; x_wconf 86' lang='grc' dir='ltr'>πρῶτος</span> <span class='ocrx_word' id='word_1_805' title='bbox 3707 5277 3809 5336; x_wconf 83' lang='grc' dir='ltr'><strong>ἄν-</strong></span> 
     </span>
    </p>
   </div>
   <div class='ocr_carea' id='block_1_113' title="bbox 2194 5367 3808 5452">
    <p class='ocr_par' dir='ltr' id='par_1_113' title="bbox 2194 5367 3808 5452">
     <span class='ocr_line' id='line_1_113' title="bbox 2194 5367 3808 5452; baseline -0.002 -21"><span class='ocrx_word' id='word_1_806' title='bbox 2194 5377 2402 5452; x_wconf 88' lang='grc' dir='ltr'>θρωπος</span> <span class='ocrx_word' id='word_1_807' title='bbox 2434 5371 2604 5452; x_wconf 84' lang='grc' dir='ltr'>Ἀδὰμ</span> <span class='ocrx_word' id='word_1_808' title='bbox 2661 5374 2735 5440; x_wconf 84' lang='grc' dir='ltr'>εἷς</span> <span class='ocrx_word' id='word_1_809' title='bbox 2784 5371 2964 5452; x_wconf 79' lang='grc' dir='ltr'>ψυχὴν</span> <span class='ocrx_word' id='word_1_810' title='bbox 3022 5374 3219 5440; x_wconf 88' lang='grc' dir='ltr'>ζῶσαν·</span> <span class='ocrx_word' id='word_1_811' title='bbox 3279 5373 3307 5428; x_wconf 84' lang='grc' dir='ltr'>ὂ</span> <span class='ocrx_word' id='word_1_812' title='bbox 3357 5368 3582 5450; x_wconf 71' lang='grc' dir='ltr'>ἔσχατος</span> <span class='ocrx_word' id='word_1_813' title='bbox 3631 5367 3808 5445; x_wconf 75' lang='grc' dir='ltr'>Ἀδὰμ</span> 
     </span>
    </p>
   </div>
   <div class='ocr_carea' id='block_1_114' title="bbox 2194 5457 3808 5539">
    <p class='ocr_par' dir='ltr' id='par_1_114' title="bbox 2194 5457 3808 5539">
     <span class='ocr_line' id='line_1_114' title="bbox 2194 5457 3808 5539; baseline -0.004 -19"><span class='ocrx_word' id='word_1_814' title='bbox 2194 5463 2269 5530; x_wconf 84' lang='grc' dir='ltr'>εἷς</span> <span class='ocrx_word' id='word_1_815' title='bbox 2315 5463 2542 5539; x_wconf 78' lang='grc' dir='ltr'>Πνεῦμα</span> <span class='ocrx_word' id='word_1_816' title='bbox 2591 5464 2904 5531; x_wconf 84' lang='grc' dir='ltr'>ζωοποιοῦν.</span> <span class='ocrx_word' id='word_1_817' title='bbox 2957 5484 2988 5518; x_wconf 75' lang='lat' dir='ltr'><strong>n</strong></span> <span class='ocrx_word' id='word_1_818' title='bbox 3046 5461 3158 5522; x_wconf 77' lang='grc' dir='ltr'><strong>Καὶ</strong></span> <span class='ocrx_word' id='word_1_819' title='bbox 3213 5459 3318 5537; x_wconf 77' lang='grc' dir='ltr'><strong>μὴν</strong></span> <span class='ocrx_word' id='word_1_820' title='bbox 3358 5459 3420 5518; x_wconf 82' lang='grc' dir='ltr'>τὸ</span> <span class='ocrx_word' id='word_1_821' title='bbox 3461 5460 3558 5537; x_wconf 81' lang='grc' dir='ltr'>μὲν</span> <span class='ocrx_word' id='word_1_822' title='bbox 3610 5457 3808 5536; x_wconf 85' lang='grc' dir='ltr'>γέγρα-</span> 
     </span>
    </p>
   </div>
   <div class='ocr_carea' id='block_1_115' title="bbox 2194 5549 3810 5633">
    <p class='ocr_par' dir='ltr' id='par_1_115' title="bbox 2194 5549 3810 5633">
     <span class='ocr_line' id='line_1_115' title="bbox 2194 5549 3810 5633; baseline -0.002 -23"><span class='ocrx_word' id='word_1_823' title='bbox 2194 5574 2365 5626; x_wconf 85' lang='grc' dir='ltr'>πται,</span> <span class='ocrx_word' id='word_1_824' title='bbox 2415 5551 2478 5610; x_wconf 82' lang='grc' dir='ltr'>τὸ</span> <span class='ocrx_word' id='word_1_825' title='bbox 2533 5550 2591 5611; x_wconf 84' lang='grc' dir='ltr'>δὲ</span> <span class='ocrx_word' id='word_1_826' title='bbox 2640 5550 2858 5633; x_wconf 73' lang='grc' dir='ltr'>ὕστερον</span> <span class='ocrx_word' id='word_1_827' title='bbox 2922 5553 2982 5611; x_wconf 81' lang='grc' dir='ltr'>οὗ</span> <span class='ocrx_word' id='word_1_828' title='bbox 3038 5550 3370 5630; x_wconf 86' lang='grc' dir='ltr'>γέγραπται,</span> <span class='ocrx_word' id='word_1_829' title='bbox 3427 5549 3546 5608; x_wconf 85' lang='grc' dir='ltr'>ἀλλ’</span> <span class='ocrx_word' id='word_1_830' title='bbox 3600 5550 3660 5608; x_wconf 76' lang='grc' dir='ltr'><strong>ἐκ</strong></span> <span class='ocrx_word' id='word_1_831' title='bbox 3710 5551 3810 5618; x_wconf 80' lang='grc' dir='ltr'><strong>τῆς</strong></span> 
     </span>
    </p>
   </div>
   <div class='ocr_carea' id='block_1_116' title="bbox 2196 5635 3809 5723">
    <p class='ocr_par' dir='ltr' id='par_1_116' title="bbox 2196 5635 3809 5723">
     <span class='ocr_line' id='line_1_116' title="bbox 2196 5635 3809 5723; baseline -0.003 -23"><span class='ocrx_word' id='word_1_832' title='bbox 2196 5639 2512 5709; x_wconf 74' lang='grc' dir='ltr'>ἀκολουθίας</span> <span class='ocrx_word' id='word_1_833' title='bbox 2568 5642 2674 5701; x_wconf 88' lang='grc' dir='ltr'><strong>τῶν</strong></span> <span class='ocrx_word' id='word_1_834' title='bbox 2729 5641 3071 5723; x_wconf 84' lang='grc' dir='ltr'>πραγμάτων</span> <span class='ocrx_word' id='word_1_835' title='bbox 3117 5639 3180 5699; x_wconf 85' lang='grc' dir='ltr'>τὸ</span> <span class='ocrx_word' id='word_1_836' title='bbox 3229 5636 3555 5712; x_wconf 78' lang='grc' dir='ltr'>ἐκϐεϐηκὸς,</span> <span class='ocrx_word' id='word_1_837' title='bbox 3607 5635 3809 5717; x_wconf 82' lang='grc' dir='ltr'>γεγρά-</span> 
     </span>
    </p>
   </div>
  </div>
