4110 6416
286 310 397 360 777

1193 306 1546 366 EXPOSITIO
1588 308 1655 363 IN
1695 308 1904 365 EPIST.
1944 309 1967 365 ι
2003 310 2096 365 AD
2136 309 2297 367 COR.
2340 341 2407 351 —-
2448 312 2601 367 CAP.
2641 311 2751 366 XV.

3498 318 3602 370 778

284 436 419 508 φθαι
454 430 685 515 manv“
720 430 902 512 ὥσπερ
944 431 1035 491 και)⁸
1081 436 1110 492 6
1150 432 1426 514 προφήτης
1465 435 1562 507 τὴν
1607 432 1890 515 Ἱερουσα-
1922 476 1933 502 λ

2008 436 2473 507 quemadmodum
2534 436 2805 507 propheta
2848 434 2993 492 dixit
3043 437 3346 494 Jerusalem
3407 454 3611 497 vocan-

284 518 408 597 λὴμ.
462 511 579 580 εἶπε
625 511 986 595 κληθήσεσθαι
1028 511 1209 582 πόλιν
1232 511 1608 601 δικαιοσύνης,
1661 511 1754 583 καὶ
1799 525 1896 584 οὖκ

286 610 491 685 ἰκλήθη
523 613 725 691 ῥητῶς·
755 609 849 670 καὶ
885 610 977 670 τὸν
1021 611 1221 692 Κύριον
1252 613 1313 672 τὸ
1358 614 1687 691 Εὖαγγέλιον
1707 659 1723 686 ,
1757 612 1895 690 Ἐμ-

288 700 569 778 μανουήλ·
612 699 705 761 καὶ
751 699 911 761 οὖκ⁸⁴
964 700 1119 769 αὐτὸς
1166 700 1330 770 οὕτως
1376 701 1608 776 ἐκλήθη,
1650 701 1789 762 ἀλλὰ
1829 702 1897 761 τὰ

288 789 593 872 πράγματα
645 789 847 865 ταύτην
899 792 1112 873 ἀφῆκαν
1155 791 1252 863 τὴν
1294 793 1493 873 φωνήν.
1544 790 1613 851 Ὁ
1665 791 1760 867 μὲν
1806 782 1897 850 οῦν

289 882 505 959 πρῶτος
542 878 714 958 Ἀδὰμ
755 871 979 962 ψυχικὸς
1024 871 1089 954 ἦν
1140 871 1452 963 ἀνθρώπος,
1485 880 1762 955 τουτέστι,
1791 885 1899 963 ψυ-

288 971 473 1049 χικαῖς
494 968 753 1047 δυνάμεσι
772 960 1131 1047 διοικούμενον
1152 972 1312 1047 σῶμα
1337 960 1477 1049 εἶχεν
1503 993 1518 1009 ·
1553 995 1582 1025 ι
1606 974 1634 1029 6
1653 970 1708 1029 δὲ
1732 960 1897 1049 ἔσχα-

287 1083 380 1139 τος
408 1058 581 1135 Ἀδὰμ
598 1103 617 1133 ,
644 1086 667 1111 ι
700 1062 729 1117 6
753 1057 973 1139 Κύριος,
1000 1087 1024 1113 α
1054 1060 1126 1127 εἰς
1152 1064 1363 1137 πνεῦμα
1387 1062 1697 1128 ζωοποιοῦν.
1725 1086 1755 1117 π
1782 1062 1900 1120 Οὐκ

288 1138 463 1224 εἶπεν,
485 1150 581 1216 Εἷς
599 1152 812 1227 πνεῦμα
838 1138 961 1222 ζῶν,
985 1148 1145 1221 ἀλλὰ,
1177 1170 1205 1207 ιι
1224 1152 1554 1227 Ζωοποιοῦν,
1582 1170 1611 1208 ι
1638 1149 1702 1209 τὸ
1722 1151 1899 1227 μεῖζον

290 1236 481 1301 εἰπών.
517 1238 630 1300 Καὶ
652 1237 758 1317 γὰρ
788 1240 817 1296 6
850 1238 1044 1319 Κύριος
1069 1227 1273 1320 εἶχετὸ
1301 1242 1567 1307 οὖσιωδῶς
1598 1243 1742 1320 αὐτῷ
1772 1264 1899 1298 συν-

288 1329 349 1388 ὸν
397 1328 461 1387 τὸ
510 1327 660 1407 ἅγιον
711 1330 968 1405 Πνεῦμα,
1020 1329 1086 1386 δι’
1138 1319 1197 1389 οἶ
1246 1328 1340 1388 καὶ
1396 1328 1495 1400 τὴν
1544 1328 1680 1389 ἰδίαν
1718 1319 1900 1409 σάρκα

290 1415 601 1492 ἔζωοποίει,
642 1416 737 1477 καὶ
771 1421 904 1495 ἡμῖν
948 1418 1014 1475 δι’
1077 1420 1241 1477 αὐτοῦ
1274 1418 1371 1491 τὴν
1422 1418 1722 1500 ἀφθαρσίαν
1770 1421 1901 1499 ἐχα-

294 1507 506 1587 ρίσατο.
536 1504 707 1568 Ὥστε
742 1510 837 1579 τῆς
882 1504 977 1585 μὲν
1010 1512 1245 1589 φθαρτῆς
1292 1508 1491 1581 ταύτης
1530 1512 1668 1580 ζωῆς
1714 1508 1783 1568 τὰ
1812 1511 1902 1566 ἐν-

290 1598 465 1679 έχυρα
515 1601 570 1657 ἐν
616 1600 694 1677 τῷ
745 1596 944 1679 πρώτῳ
991 1596 1161 1676 Ἀδὰμ
1217 1597 1479 1679 ἔσχομεν,
1527 1604 1622 1671 τῆς
1667 1598 1723 1660 δὲ
1768 1601 1896 1679 μελ-

290 1684 492 1759 λούσης
506 1731 524 1761 ,
555 1688 608 1745 ἰν
638 1687 883 1767 Χριστῷ.

2001 523 2135 582 dam
2164 549 2191 575 ιι
2219 527 2412 582 urbem
2435 526 2664 597 justitim
2694 538 2741 569 ιιι
2765 548 2791 575 η
2826 543 2839 581 :
2870 541 2973 582 nec
2999 534 3190 582 tamen
3208 536 3393 598 aperte
3410 539 3607 588 vocata

2004 622 2105 670 est.
2157 618 2240 671 Ac
2286 615 2642 688 Evangelium
2682 614 2993 671 Dominum
3043 633 3073 669 ιι
3118 619 3541 676 Emmanuelem
3570 644 3595 669 ν

2005 704 2315 761 vocandum
2343 705 2440 771 ait,
2471 721 2600 761 cum
2632 714 2817 761 tamen
2843 705 2955 776 ipse
3006 708 3079 761 ita
3125 722 3239 762 non
3267 707 3337 762 sit
3364 710 3604 780 appella—

2005 802 2115 861 tus,
2137 794 2231 850 sed
2258 811 2347 850 res
2369 794 2498 867 ipsa:
2534 793 2675 851 hanc
2708 810 2903 850 vocem
2930 795 3231 851 emiserint.
3266 797 3482 855 Primus
3508 799 3609 855 ita-

2005 900 2111 955 que
2159 884 2338 941 Adam
2387 884 2641 941 animalis
2669 894 2790 941 erat
2813 884 3003 952 homo,
3038 884 3093 941 id
3119 894 3226 954 est,
3255 889 3462 944 animae
3490 888 3608 944 viri-

2008 973 2111 1029 bus
2134 973 2503 1046 gubernatum
2550 991 2752 1046 corpus
2786 974 3027 1031 habebat
3069 995 3081 1030 :
3125 986 3441 1048 postremus
3468 994 3604 1034 vero

2008 1063 2216 1133 Adam,
2243 1063 2357 1137 ipse
2400 1065 2666 1121 nimirum
2714 1066 3011 1133 Dominus,
3042 1066 3097 1121 in
3129 1066 3395 1137 Spiritum
3428 1068 3608 1124 viviﬁ—

2007 1163 2242 1210 cantem.
2273 1156 2400 1211 Non
2424 1154 2582 1223 dixit,
2627 1154 2683 1209 in
2705 1154 2972 1226 Spiritum
2997 1155 3298 1226 viventem,
3328 1156 3427 1213 sed
3456 1157 3610 1230 quod

2010 1244 2194 1316 majus
2222 1252 2325 1310 est,
2368 1267 2391 1293 α
2424 1244 2831 1301 Viviﬁcantem.
2858 1268 2883 1294 ν
2908 1245 3130 1301 Etenim
3162 1246 3438 1303 Dominus
3478 1248 3609 1305 sub-

2007 1334 2329 1390 stantialiter
2356 1333 2595 1391 habebat
2635 1334 2901 1407 Spiritum
2940 1344 3196 1391 sanctum
3230 1335 3335 1392 sibi
3374 1337 3611 1404 unitum,

2012 1438 2105 1495 per
2133 1439 2301 1496 quem
2323 1433 2379 1480 et
2410 1426 2692 1496 propriam
2717 1440 2944 1481 carnem
2964 1424 3297 1488 viviﬁcabat,
3330 1426 3612 1501 nobisque

2010 1528 2106 1584 per
2169 1513 2352 1586 ipsum
2418 1514 2997 1585 incorruptibilitatem
3063 1514 3308 1571 donavit.
3369 1516 3612 1574 Proinde

1999 1603 2372 1674 corruptibilis
2396 1602 2560 1675 hujus
2603 1605 2728 1660 vitae
2750 1604 2979 1677 pignora
3000 1604 3061 1661 in
3090 1604 3270 1677 primo
3294 1604 3478 1663 Adam
3513 1605 3613 1663 ha-

2010 1691 2254 1763 buimus,
2281 1692 2486 1750 futura:
2518 1702 2706 1749 autem
2734 1695 2792 1749 in
2820 1694 3055 1750 Christo.

380 1803 404 1829 ι
454 1758 593 1836 Ἀλλ’
622 1776 680 1835 οὗ
700 1758 937 1856 ’πριῦτον
980 1776 1042 1836 τὸ
1080 1778 1470 1856 πνευματικὸν,
1522 1776 1662 1838 ἀλλὰ
1712 1778 1773 1837 τὸ
1801 1783 1900 1859 ψυ-

2086 1758 2266 1839 Vnns.
2297 1788 2389 1839 46.
2425 1802 2456 1836 «
2480 1781 2588 1840 Sed
2611 1798 2725 1839 non
2743 1783 2989 1855 primum
3011 1782 3163 1855 quod
3191 1783 3497 1856 spirituale,
3518 1786 3612 1842 sed

294 1865 475 1947 χικὸν,
503 1864 690 1926 ἔπειτα
734 1865 797 1925 τὸ
844 1867 1224 1946 πνευματικόν.
1260 1888 1290 1926 1)
1333 1863 1457 1929 Ἵνα
1504 1866 1581 1945 μή
1629 1891 1707 1936 τις
1747 1867 1900 1950 εἴπῃ·

292 1954 404 2017 Διὰ
445 1953 500 2016 τί
546 1956 606 2016 τὸ
642 1956 871 2037 ψυχικὸν
919 1960 1079 2033 σῶμα
1124 1956 1216 2016 καὶ
1248 1958 1428 2037 χεῖρον
1460 1961 1550 2017 νῦν
1582 1957 1809 2038 ἔχομεν,
1843 1958 1905 2019 τὸ

294 2045 352 2105 δὲ
386 2046 747 2123 πνευματικὸν
799 2044 1015 2124 μέλλει,
1041 2049 1226 2128 φησὶν,
1252 2045 1334 2105 ὅτι
1362 2046 1456 2107 καὶ
1489 2048 1544 2106 αἱ
1587 2046 1756 2128 ἀρχαὶ
1784 2050 1905 2108 ἕκα-

290 2135 463 2215 τέρων
508 2135 649 2195 οὕτω
702 2135 1048 2216 διετάγησαν.
1101 2134 1213 2197 Καὶ
1260 2139 1289 2195 6
1342 2136 1438 2215 μὲν
1487 2136 1659 2215 Ἀδὰμ
1707 2138 1904 2217 πρότε-

295 2249 413 2307 ρος,
461 2228 492 2284 6
549 2225 605 2287 δὲ
658 2225 889 2306 Χριστὸς
936 2226 1173 2307 ὕστερος.
1217 2224 1389 2287 ’Ὥστε
1442 2225 1531 2287 ἐπὶ
1574 2226 1636 2287 τὸ
1693 2226 1899 2307 βέλτιον

294 2315 383 2375 ἀεὶ
431 2316 501 2376 τὰ
544 2314 782 2394 ἡμέτερα
827 2314 1075 2397 πρόεισι·
1128 2316 1221 2375 καὶ
1273 2316 1523 2389 πίστευε,
1568 2315 1649 2375 ὅτι
1699 2316 1789 2375 καὶ
1831 2318 1901 2379 τὰ

295 2410 390 2465 νῦν
425 2408 480 2466 ἐν
531 2405 615 2465 σοὶ
658 2406 869 2489 φθαρτὰ
918 2404 1011 2466 καὶ
1059 2405 1225 2487 χείρω
1267 2405 1355 2466 ἐπὶ
1399 2408 1459 2466 τὸ
1502 2405 1765 2487 ἄφθαρτον
1808 2408 1901 2467 καὶ

295 2504 541 2575 κρεῖττον
567 2493 1227 2576 μεταστοιχειωθήσονται.

379 2703 408 2729 σι
454 2674 521 2737 Ὁ
562 2678 773 2758 πρῶτος
818 2674 1095 2758 ἄνθρωπος
1126 2677 1187 2735 ἐκ
1214 2679 1310 2756 γῆς
1352 2675 1563 2757 χοϊκός·
1592 2678 1621 2735 6
1667 2673 1904 2757 δεύτερος

295 2763 596 2849 ἄνθρωπος,
631 2770 660 2826 6
694 2764 891 2845 Κύριος
926 2766 983 2836 ἐξ
1020 2768 1268 2848 οὐρανοῦ.
1302 2794 1327 2820 ι
1364 2765 1489 2826 Ἰνα
1521 2765 1597 2844 μὴ
1632 2767 1902 2844 ἀμελῶσιν

298 2855 523 2935 ἀρίστου
574 2854 724 2937 βίου,
771 2857 957 2933 μέλλει
1010 2864 1289 2937 παραινεῖν
1329 2856 1515 2917 λοιπὸν
1564 2855 1688 2937 περὶ
1740 2857 1899 2916 πολι-

2010 1871 2158 1945 quod
2195 1873 2449 1941 animale,
2498 1872 2697 1929 deinde
2744 1872 2895 1946 quod
2935 1872 3243 1945 spirituale.
3296 1896 3323 1923 ι
3368 1877 3453 1931 Ne
3492 1875 3615 1946 quis

2011 1961 2180 2033 dicat,
2207 1964 2322 2020 Cur
2357 1963 2476 2036 jam
2523 1962 2757 2020 animale
2796 1978 2997 2035 corpus
3036 1963 3321 2035 habemus,
3362 1963 3615 2036 adeoque

2011 2051 2275 2121 deterius,
2306 2052 2584 2126 spirituale
2627 2068 2757 2109 vero
2786 2050 2969 2109 adhuc
2998 2051 3252 2109 futurum
3291 2056 3415 2110 est?
3456 2056 3613 2126 Quo-

2012 2141 2190 2211 niam,
2244 2142 2442 2215 inquit,
2498 2140 2760 2215 principia
2811 2150 3176 2215 utrorumque
3228 2140 3306 2198 sic
3364 2141 3613 2198 ordinata

2008 2230 2255 2289 fuerunt.
2289 2235 2433 2288 Nam
2474 2231 2657 2289 Adam
2699 2238 2784 2287 est
2812 2231 2983 2303 prior,
3023 2231 3277 2289 Christus
3316 2231 3610 2304 posterior.

2010 2321 2191 2391 Quare
2220 2337 2307 2377 res
2340 2328 2546 2378 nostra:
2574 2336 2795 2393 semper
2826 2320 2883 2376 in
2911 2321 3112 2377 melius
3155 2320 3606 2393 progrediuntur.

2009 2411 2185 2469 Crede
2214 2410 2400 2483 itaque
2428 2411 2575 2482 quod
2599 2418 2655 2467 et
2696 2425 2823 2483 qua:
2875 2426 3026 2467 nunc
3061 2410 3120 2465 in
3159 2418 3216 2466 te
3251 2417 3382 2467 sunt
3418 2426 3614 2467 corru-

2010 2500 2216 2574 ptibilia
2269 2500 2681 2573 deterioraque,
2744 2500 2807 2556 in
2862 2499 3304 2571 incorruptibilia
3366 2499 3615 2573 adeoque

2011 2592 2243 2649 meliora
2277 2589 2939 2647 transelementabuntur.

2082 2683 2260 2738 Vnus.
2308 2686 2401 2737 47.
2465 2703 2490 2729 ι
2541 2681 2761 2737 Primus
2809 2679 2978 2735 homo
3023 2678 3094 2737 de
3145 2686 3288 2737 terra
3336 2685 3610 2750 terrenus,

2009 2772 2289 2830 secundus
2316 2770 2489 2827 homo
2524 2770 2802 2827 Dominus
2832 2786 2900 2827 ex
2927 2768 3099 2827 caelis.
3136 2792 3163 2819 ι
3217 2773 3299 2826 Ne
3332 2770 3613 2842 optimum

2012 2861 2228 2919 vivendi
2256 2877 2429 2935 genus
2456 2860 2755 2933 negligant,
2803 2860 2859 2916 iu
2886 2868 3175 2933 posterum
3220 2875 3315 2917 eos
3344 2859 3614 2918 adhorta-

294 2946 445 3028 τείας
483 2945 795 3028 θιαρέστου,
824 2946 920 3006 καί
961 2968 1152 3028 φησιν,
1183 2945 1263 3005 ὅτι
1311 2967 1341 3005 ιι
1381 2944 1450 3007 Ὀ
1490 2945 1663 3024 Ἀδὰμ
1713 2949 1774 3007 ἐκ
1803 2950 1900 3025 γῆς

2011 2961 2170 3010 turus
2198 2960 2281 3009 est
2308 2951 2377 3009 ad
2399 2950 2573 3007 vitam
2596 2954 2720 3008 Deo
2750 2950 3095 3022 placentem;
3133 2972 3160 2999 ι
3205 2949 3410 3020 Adam,
3465 2968 3496 3005 ν
3538 2950 3622 3006 in-

295 3026 365 3107 ἦν
388 3057 404 3073 ·
462 3062 487 3089 ι
542 3026 817 3115 τοιγαροῦν
881 3026 984 3095 καὶὴ
1035 3033 1201 3104 οὕτως
1247 3035 1591 3113 ὠνόμασται·
1633 3035 1695 3095 τὸ
1753 3036 1894 3115 γὰρ,

302 3148 337 3182 α
370 3122 575 3202 Ἀδὰμ,
605 3152 630 3176 υ
661 3125 842 3205 γήϊνον
887 3123 978 3184 καὶ
1009 3123 1194 3206 χοϊκὸν
1239 3125 1411 3197 δηλοῖ.
1453 3148 1484 3182 α
1515 3123 1587 3206 Ὁ
1627 3124 1684 3184 δὲ
1727 3124 1907 3185 δεύτε-

2010 3043 2225 3117 quiens,
2261 3062 2289 3092 «
2319 3041 2388 3099 de
2417 3051 2567 3098 terra
2609 3048 2760 3110 erat;
2791 3063 2818 3090 ιι
2864 3047 3152 3112 propterea
3188 3048 3245 3095 et
3270 3040 3349 3096 sic
3382 3040 3621 3112 appella-

2013 3142 2101 3190 tus
2126 3140 2211 3190 est
2255 3150 2269 3187 :
2316 3130 2499 3188 Adam
2527 3130 2682 3187 enim
2712 3135 2947 3187 terreum
2991 3138 3047 3186 et
3065 3129 3386 3201 pulvereum
3413 3128 3623 3201 signiﬁ—

299 3238 388 3296 ρος
425 3204 737 3295 ἅνθρωπος,
782 3218 812 3273 6
862 3204 1055 3295 Κύριος
1102 3214 1154 3283 ἐξ
1201 3216 1422 3296 οὐρανοῦ
1461 3243 1488 3269 ι
1526 3204 1614 3287 ἦν.
1666 3216 1777 3275 Καὶ
1817 3217 1905 3275 τὸν

2013 3231 2120 3281 cat.
2155 3246 2182 3272 α
2214 3224 2405 3279 Homo
2443 3237 2572 3278 vero
2599 3220 2896 3290 secundus,
2938 3220 3057 3293 ipse
3082 3220 3358 3277 Dominus
3386 3235 3455 3277 ex
3480 3219 3623 3277 caelo

301 3303 402 3383 μὲν
432 3304 509 3385 {ix
552 3307 643 3364 τοῦ
684 3303 918 3386 χείρονος
965 3304 1213 3380 ὀνομάζει
1236 3327 1251 3342 ·
1298 3303 1388 3363 τὸν
1418 3303 1475 3364 δὲ
1525 3303 1794 3384 δεύτερον,
1848 3308 1906 3365 ἐκ

2015 3323 2152 3371 erat.
2184 3336 2212 3364 ι
2263 3318 2347 3370 Ac
2388 3312 2542 3369 alteri
2571 3311 2797 3384 quidem
2843 3327 2875 3367 a
2922 3309 3185 3367 deteriori
3218 3326 3429 3367 nomen
3454 3310 3623 3377 indit,

300 3398 398 3454 τοῦ
429 3392 753 3474 κρείττονος·
783 3394 883 3474 οὐχ
910 3392 991 3453 ὅτι
1030 3394 1086 3452 δὲ
1126 3396 1154 3451 6
1196 3392 1499 3471 ἄνθρωπος,
1542 3390 1663 3465 ἢτοι
1708 3393 1769 3452 τὸ
1798 3395 1905 3453 ἀν·-

2016 3403 2172 3459 alteri
2216 3417 2345 3459 vero
2406 3418 2437 3457 a
2481 3400 2871 3472 praestantiori:
2929 3416 3043 3455 non
3094 3398 3247 3470 quod
3299 3398 3492 3467 homo,
3541 3400 3625 3456 vel

303 3483 569 3563 θρὼπινον
607 3483 968 3565 πρόσλημμα,
1019 3482 1073 3552 ἐξ
1126 3486 1350 3564 οὐρανοῦ
1409 3474 1498 3563 ἦν,
1550 3486 1619 3550 ὡς
1660 3486 1688 3541 6
1728 3484 1907 3563 ἄφρων

2016 3491 2333 3548 humanitas
2359 3506 2390 3545 a
2428 3490 2649 3546 Christo
2687 3496 2993 3560 assumpta,
3034 3486 3107 3543 de
3153 3488 3307 3545 caelis
3351 3496 3515 3556 esset,
3564 3496 3628 3543 ut

303 3572 706 3654 Ἀπολλινάριος
773 3572 954 3653 ἐλήρει
979 3596 994 3610 ·
1062 3574 1182 3633 ἀλλ’
1234 3572 1318 3632 ὅτι
1370 3572 1428 3632 ἓν
1480 3573 1765 3653 πρόσωπον
1798 3578 1907 3654 ,τοῦ

2017 3580 2251 3638 demens
2274 3579 2652 3651 Apollinarius
2696 3577 2981 3643 delirabat,
3030 3585 3301 3633 caeterum
3338 3576 3490 3648 quod
3518 3594 3626 3633 una

301 3664 420 3731 ἑνὸς
474 3652 745 3742 Χριστοῦ,
812 3652 905 3723 καὶ
970 3665 999 3722 6
1058 3662 1331 3743 ἄνθρωπος
1389 3664 1443 3732 ἐξ
1501 3652 1723 3744 οὖρανοῦ
1774 3652 1911 3721 εἶναι

2019 3686 2251 3742 persona
2280 3669 2446 3726 unius
2479 3667 2705 3735 Christi,
2734 3675 2789 3723 et
2831 3666 3003 3722 homo
3034 3681 3101 3721 ex
3144 3666 3289 3722 coelo
3328 3681 3449 3722 esse
3475 3666 3625 3723 dica-

301 3752 395 3812 διὰ
441 3752 539 3825 τὴν
588 3752 775 3813 ἕνωσιν
826 3751 1072 3831 λέγεται,
1118 3753 1211 3813 καὶ
1258 3757 1288 3813 6
1337 3753 1474 3820 Θεὸς
1513 3755 1912 3834 σταυρωθῆναι,

2016 3768 2110 3817 tur
2155 3768 2378 3832 propter
2423 3758 2710 3827 unionem,
2759 3772 2825 3813 ac
2876 3759 3030 3812 Deus
3057 3755 3205 3811 cruci
3242 3754 3446 3811 afﬁxus
3475 3771 3621 3823 esse,

304 3844 396 3904 διὰ
427 3841 525 3916 τὴν
554 3842 719 3915 αὐτὴν
752 3842 954 3904 αἰτίαν.

2020 3848 2093 3907 ob
2121 3849 2375 3906 eamdem
2402 3863 2650 3904 causam.

399 3953 431 3990 ιι
473 3923 602 4001 Οῖος
630 3936 659 3992 6
702 3933 919 4013 χοῖκὸς,
950 3936 1181 3993 τοιοῦτοι
1216 3933 1308 3993 καὶ
1355 3935 1402 3994 οἱ
1433 3931 1628 4014 χοῖκοί.
1678 3956 1708 3989 ι
1743 3934 1911 3993 Τουτ-

2093 3943 2251 4000 Vnns
2290 3945 2381 3996 48.
2432 3961 2459 3988 α
2510 3938 2705 4009 Qualis
2738 3944 3009 4004 terrenus,
3053 3935 3189 3991 tales
3232 3943 3288 3991 et
3326 3934 3547 3992 terreni.
3597 3957 3623 3983 ι

304 4022 485 4095 ἔστιν,
518 4022 657 4082 οὕτω
680 4025 1007 4085 ἀπολοῦνται
1039 4024 1133 4084 καὶ
1161 4024 1565 4097 τελευτήσουσιν
1590 4046 1604 4061 ·
1638 4022 1695 4096 ἢ,
1716 4022 1795 4082 ὅτι
1823 4020 1913 4081 τὸν

2024 4034 2144 4088 Hoc
2165 4039 2269 4099 est,
2299 4031 2379 4088 sic
2418 4028 2673 4102 peribunt
2718 4035 2777 4084 et
2816 4025 3130 4082 morientur
3157 4046 3169 4081 :
3204 4026 3286 4081 vel
3317 4024 3472 4098 quod
3502 4041 3625 4097 pec-

306 4117 402 4185 τῆς
431 4112 699 4192 ἁμαρτίας
743 4112 971 4175 θάνατον
1008 4116 1401 4175 ἀποθανοῦνται
1432 4116 1483 4173 οἱ
1742 4135 1912 4193 προσ-

2022 4121 2129 4178 cati
2152 4128 2335 4178 morte
2360 4118 2689 4187 morientur,
2717 4116 2815 4191 qui
2840 4124 3000 4173 terra;
3026 4123 3157 4172 sunt
3184 4112 3353 4172 afﬁxi.

305 4202 579 4281 ηλωμίνοι
591 4252 602 4263 .
3278 4230 3281 4233 λ

400 4315 433 4352 ιι
478 4292 586 4354 Καὶ
622 4282 729 4361 οἶος
761 4294 791 4352 6
818 4293 1164 4376 ἐπουράνιος,
1206 4298 1432 4355 τοιοῦτοι
1469 4292 1562 4353 καὶ
1602 4294 1651 4352 οἱ
1680 4294 1913 4374 ἕπουρά-

2099 4319 2126 4346 ι
2159 4294 2348 4367 Qualis
2378 4293 2641 4362 cmlestis,
2684 4292 2821 4349 tales
2866 4301 2923 4349 et
2960 4292 3231 4361 ccelestes,
3262 4315 3289 4342 ι
3324 4290 3391 4348 Id
3426 4299 3528 4362 est,
3556 4295 3630 4349 ita

306 4406 434 4444 νιοι.
486 4409 511 4436 ι
551 4382 869 4458 Τουτέστιν,
903 4382 1044 4443 οὕτω
1074 4389 1318 4461 μενοῦσιν
1360 4383 1615 4443 ἀθάνατοι
1642 4382 1734 4442 καὶ
1768 4383 1912 4460 λάμ-

2024 4386 2429 4459 permauebuut
2474 4383 2815 4441 immortales
2884 4390 2941 4439 et
2983 4382 3275 4456 fulgentes.
3319 4382 3438 4438 Etsi
3484 4382 3629 4439 enim

308 4496 519 4541 ποντες.
556 4475 622 4534 Εἰ
653 4473 756 4554 γὰρ
798 4472 893 4532 καὶ
922 4477 951 4533 6
987 4473 1224 4555 δεύτερος
1261 4471 1432 4552 Ἀδὰμ
1471 4473 1762 4547 ἀπέθανεν,
1786 4464 1918 4532 ’ἀλλ’

2024 4476 2297 4533 secundus
2323 4475 2503 4532 Adam
2538 4481 2796 4530 mortuus
2835 4481 2941 4538 est,
2980 4472 3106 4528 ideo
3149 4479 3405 4527 mortuus
3437 4479 3538 4539 est,
3572 4480 3633 4528 ut

304 4560 397 4622 ἵνα
446 4562 722 4643 καταλύσῃ
770 4563 860 4623 τὸν
904 4563 1165 4625 θάνατον·
1209 4562 1245 4635 ἢ
1283 4560 1364 4622 ὅτι
1393 4562 1532 4623 οὕτω
1564 4562 1916 4635 δοξασθήσον-

2024 4574 2269 4622 mortem
2308 4566 2635 4623 dissolveret
2675 4581 2688 4619 :
2737 4562 2817 4619 vel
2860 4561 3013 4635 quod
3066 4562 3142 4617 ita
3180 4560 3633 4633 gloriﬁcabuntur

305 4676 401 4712 ται
444 4652 537 4712 καὶ
588 4653 737 4714 αὐτοὶ
795 4654 1036 4723 θεοειδῶς
1094 4652 1417 4737 βιώσαντες,
1461 4655 1533 4721 ὣς
1576 4652 1646 4711 τὰ
1696 4653 1917 4734 οὐράνια

2027 4656 2198 4727 229
2226 4656 2301 4711 illi
2342 4655 2435 4728 qui
2474 4654 2647 4712 vitam
2685 4652 2935 4709 divinam
2981 4650 3266 4718 duxerint,
3311 4648 3477 4707 veluti
3521 4664 3632 4706 cae-

310 4748 645 4824 φρονοῦντες.

2025 4744 2183 4803 lestia
2201 4753 2481 4818 saperent.
3218 4752 3236 4809 ,τ

394 4860 421 4885 ιι
466 4831 579 4894 Καὶ
624 4832 798 4903 καθὼς
837 4832 1164 4917 ἐφορέσαμεν
1209 4832 1307 4907 τὴν
1350 4831 1531 4893 εἰκόνα
1562 4837 1653 4892 τοῦ
1695 4836 1917 4913 χοῖκοῦ,

2099 4839 2281 4893 Vnus.
2310 4841 2402 4891 49.
2435 4854 2464 4887 α
2505 4838 2577 4891 Et
2616 4830 3092 4907 quemadmodum
3120 4831 3457 4904 gestavimus
3486 4830 3633 4887 ima-

314 4920 611 5004 φορίσομεν
637 4922 692 4961 ⁸³
722 4922 815 4983 καὶ
852 4922 949 4997 τὴν
990 4924 1169 4985 εἰκόνα
1196 4928 1288 4982 τοῦ
1319 4922 1658 4999 ἕπουρανίου.
1717 4944 1746 4980 ι
1795 4921 1921 4983 Ἐν-

2028 4927 2217 5001 ginem
2263 4926 2488 4992 terreni,
2554 4923 2892 4998 gestabimus
2952 4923 3121 4979 etiam
3174 4922 3476 4994 imaginem
3518 4934 3633 4977 caa-

312 5016 489 5073 ταῦθα
553 5013 874 5094 γυμνότερον
937 5012 1309 5075 ἀποκαλύπτει
1331 5012 1384 5051 ⁸³
1434 5014 1497 5073 τὸ
1550 5011 1924 5093 παραινετικὸν

2034 5017 2203 5075 lestis.
2258 5039 2286 5066 ι»
2338 5016 2564 5073 Planius
2606 5013 2699 5070 hic
2739 5012 3183 5070 adhortatorium
3229 5011 3502 5067 sermonis
3540 5010 3638 5066 ha-

315 5106 512 5184 σχῆμα
532 5107 624 5162 τοῦ
651 5103 835 5183 λόγου.
865 5131 889 5154 ιι
908 5104 1108 5165 Εἰκόνα
1127 5103 1181 5165 δὲ
1202 5108 1385 5184 χοϊκοῦ
1406 5126 1433 5161 ι
1459 5103 1552 5171 τὰς
1573 5102 1776 5184 φαύλας
1795 5102 1927 5181 πρά-

2035 5107 2214 5164 bitum
2239 5106 2463 5163 revelat.
2492 5104 2801 5177 Imaginem
2829 5110 3019 5158 autem
3043 5100 3249 5156 terreni
3274 5116 3434 5172 prava
3464 5114 3635 5169 opera

324 5192 428 5262 ξιις
462 5192 645 5275 λέγει·
685 5214 714 5251 ιι
736 5194 915 5254 εἰκόνα
940 5194 994 5253 δὲ
1029 5199 1122 5254 τοῦ
1156 5192 1486 5275 ἐπουρανίου,
1515 5215 1544 5251 ι)
1580 5192 1675 5259 τὰς
1704 5192 1924 5269 ἀγαθάς.

2036 5196 2171 5255 dicit
2202 5214 2218 5252 :
2251 5196 2551 5270 imaginem
2595 5210 2724 5251 vero
2766 5192 3023 5256 caelestis,
3062 5190 3209 5245 bona
3250 5192 3333 5246 Ut
3375 5188 3547 5261 igitur
3579 5187 3636 5243 in

318 5272 545 5364 Ὠσπερ
573 5272 665 5344 οῦν
700 5285 754 5344 ἐν
785 5284 951 5365 κακίᾳ
980 5272 1301 5363 διεζήσαμεν
1333 5286 1405 5353 ὥς
1432 5287 1522 5343 τοῦ
1570 5285 1753 5363 χοϊκοῦ
1791 5280 1927 5359 υἱοὶ,

2038 5288 2184 5346 vitiis
2238 5287 2505 5356 viximus,
2564 5300 2666 5343 ceu
2726 5280 2927 5341 terreni
2974 5277 3215 5336 hominis
3258 5277 3375 5349 ﬁlii,
3422 5284 3480 5337 et
3514 5292 3639 5350 qum

392 5430 438 5461 ω
465 5428 631 5486 Zach.
662 5442 807 5498 vm,
835 5434 888 5485 3.
964 5437 993 5466 ι
1020 5426 1199 5486 Math.
1232 5443 1277 5499 ις
1310 5431 1401 5484 25.

1716 5525 1902 5585 Variae
1945 5526 2246 5585 lectiones.

392 5652 438 5688 ⁸ο
471 5653 609 5728 λέγει
638 5670 698 5712 0.
776 5654 817 5688 ‘“
844 5652 958 5707 οὗδὲ
986 5669 1041 5711 0.
1118 5654 1165 5690 ⁸³
1183 5653 1469 5725 φορέσωμεν
1499 5668 1552 5707 0.
1631 5650 1677 5685 ⁸³
1708 5649 2042 5705 ἆνακαλῦπτει
2072 5667 2125 5706 0.

608 5746 844 5802 PATBOL.
877 5746 981 5802 Gn.
1025 5745 1245 5801 CXXIV.
3292 5732 3358 5783 25
