4110 6424
480 311 585 364 779

476 441 638 490 πεπτω
692 440 823 489 sunt
891 428 1218 487 affectantes

475 539 640 580 cnam
669 538 816 578 nunc
844 521 1015 578 vitam
1056 518 1320 585 vivamus,
1369 526 1636 590 tanquam
1665 517 1902 574 caelestis
1942 516 2081 572 ima-

471 615 659 687 ginem
688 620 748 670 et
788 611 1159 668 imitationem
1203 617 1609 666 conservantes.
1661 612 1854 680 Imago
1911 607 2077 662 etiam

471 703 677 760 terreni
720 713 806 758 est
832 702 962 772 hoc,
995 725 1020 751 σι
1068 704 1235 757 Terra
1278 715 1360 771 es,
1388 707 1443 754 et
1480 699 1539 754 in
1580 706 1784 754 terram
1817 697 2010 754 abibis.
2047 718 2074 745 η

475 796 670 862 Imago
718 801 903 849 autem
966 790 1220 859 caalestis,
1276 806 1306 846 a
1353 787 1589 845 mortuis
1628 787 1961 844 resurrectio
2027 794 2081 842 et

474 882 983 956 incorruptibilitas.
1029 879 1273 937 Proinde
1315 880 1363 934 si
1411 878 1532 936 haec
1582 877 1929 951 intelligenda
1968 877 2080 934 sint

476 988 577 1029 ceu
605 973 672 1028 de
710 972 1103 1028 resurrectione
1125 969 1402 1037 dicantur,
1439 976 1494 1024 et
1516 985 1631 1024 non
1657 968 1725 1024 de
1761 968 1878 1024 vita
1905 967 2078 1023 mori-

473 1061 666 1130 busve,
708 1061 872 1117 etiam
910 1059 1045 1116 illud
1077 1058 1225 1131 quod
1259 1058 1430 1126 addit,
1473 1079 1500 1110 ‹‹
1539 1057 1897 1115 Gestabimus
1939 1057 2076 1111 ima-

471 1151 653 1222 ginem
694 1149 956 1218 coelestis,
1002 1171 1029 1199 ι
1067 1165 1183 1205 non
1233 1157 1317 1205 est
1349 1148 1760 1221 intelligendum
1808 1155 1905 1203 aut
1937 1146 2078 1202 scri-

471 1240 713 1297 bendum
735 1246 1009 1314 tanquam
1032 1239 1392 1305 consulentis,
1415 1238 1527 1294 sive
1551 1237 1891 1294 adhortantis
1917 1251 2077 1292 more

467 1329 543 1385 sit
585 1329 828 1397 dictum,
849 1329 945 1389 sed
978 1338 1037 1385 ut
1065 1331 1384 1385 obventurae
1418 1327 1579 1384 nobis
1604 1327 1679 1383 rei
1701 1326 2073 1395 sitindicium,

473 1419 533 1476 id
561 1427 645 1476 est
671 1419 828 1492 quod
859 1417 1108 1475 futurum
1139 1419 1212 1474 sit
1236 1427 1296 1474 ut
1323 1426 1622 1490 gestemus.

543 1511 726 1567 Vsus.
751 1516 840 1566 50.
869 1532 894 1558 «ι
919 1511 1041 1566 Hoc
1063 1517 1246 1566 autem
1273 1508 1418 1578 dico,
1441 1506 1652 1577 fratres,
1676 1504 1828 1579 quod
1851 1521 1980 1562 caro
2019 1512 2078 1562 et

470 1600 696 1672 sanguis
723 1616 952 1673 regnum
995 1600 1101 1656 Dei
1139 1597 1421 1672 possidere
1463 1614 1578 1654 non
1603 1603 1850 1670 possunt.
1877 1619 1903 1644 ν
1931 1595 2076 1668 Quia

472 1687 705 1757 dixerat,
758 1711 782 1738 α
834 1689 1125 1761 imaginem
1170 1689 1402 1756 terreni,
1438 1711 1464 1738 ι
1505 1687 1662 1760 quasi
1697 1687 1814 1760 jam
1844 1685 1963 1743 haec
1995 1685 2076 1740 in-

471 1785 817 1851 terpretetur,
856 1757 973 1847 ait;
995 1780 1135 1836 Caro
1187 1787 1243 1836 et
1270 1779 1487 1852 sanguis
1511 1757 1594 1835 est
1620 1757 1806 1850 imago
1847 1773 2066 1842 terreni,
2098 1757 2146 1820 Β

469 1867 575 1925 hoc
601 1878 706 1939 est,
745 1869 986 1926 carnales
1027 1869 1393 1942 operationes,
1430 1868 1675 1939 corporis
1717 1866 1884 1922 etiam
1922 1879 2072 1921 cras-

468 1958 614 2015 sitiei
671 1959 928 2032 propriae,
961 1974 1089 2032 quae
1137 1960 1295 2031 regni
1339 1957 1447 2014 Dei
1484 1955 1874 2014 haereditatem
1924 1953 2074 2012 adire

470 2062 582 2104 non
611 2056 862 2119 possunt.

547 2159 575 2187 α
600 2139 791 2211 Neque
815 2137 1095 2210 corruptio
1114 2135 1689 2209 incorruptibilitatem
1707 2133 2020 2191 haereditat.
2037 2151 2066 2186 »

471 2229 596 2283 Hoc
613 2235 716 2296 est,
752 2226 960 2282 malitia
987 2227 1186 2283 animae
1211 2226 1550 2283 nobilitatem
1573 2239 1938 2298 corrumpens
1958 2238 2072 2279 non

471 2324 653 2389 potest
703 2331 823 2374 esse
860 2317 1039 2373 haeres
1076 2317 1262 2391 gloriae
1303 2317 1449 2373 illius
1484 2325 1541 2372 et
1573 2313 2070 2388 incorruptibilium

465 2405 764 2463 bonorum.
817 2406 1025 2463 Poteris
1073 2414 1262 2463 autem
1293 2407 1412 2463 haec
1441 2407 1629 2463 omnia
1669 2420 1781 2462 non
1826 2404 1975 2460 velut
2003 2403 2072 2459 de

465 2495 580 2552 vita
621 2494 764 2553 dicta
809 2496 940 2560 sint,
993 2495 1088 2553 sed
1126 2495 1195 2552 de
1233 2496 1655 2565 resurrectione,
1703 2495 1966 2566 accipere,
2009 2500 2072 2550 ut

463 2583 620 2655 illud,
644 2586 783 2642 Caro
814 2593 871 2642 et
901 2587 1160 2658 sanguis;
1192 2586 1346 2658 quasi
1377 2586 1542 2655 dicat,
1572 2583 1944 2657 Corruptibile
1972 2583 2073 2640 hu-

457 2674 710 2746 jusmodi
746 2691 968 2747 corpus,
1011 2691 1077 2731 ex
1117 2691 1281 2732 carne
1323 2683 1380 2732 et
1429 2675 1698 2748 sanguine
1733 2673 2066 2743 consistens,

463 2763 522 2819 in
546 2762 734 2820 futuro
757 2765 957 2821 saecqu
983 2763 1130 2821 haud
1173 2764 1384 2822 fruetur
1411 2781 1605 2839 regno.
1630 2767 1756 2821 Non
1797 2772 1881 2821 est
1917 2763 2069 2819 enim

465 2851 576 2909 illic
612 2853 767 2910 cibus
790 2863 849 2911 et
887 2862 1068 2926 potus,
1093 2855 1294 2927 quibus
1334 2856 1568 2911 omnino
1597 2853 1918 2926 hujusmodi
1947 2869 2069 2909 cor-

461 2957 569 3014 pus
588 2943 846 3000 nutritur.
875 2961 905 2996 «
928 2945 1114 3016 Neque
1137 2944 1441 3017 corruptio,
1465 2963 1494 2998 ι)
1517 2944 1570 3000 id
1602 2953 1687 3000 est
1715 2942 2070 3016 corruptibile

1499 299 2018 358 THEOPHYLACTI
2053 298 2412 355 BULGARIE
2448 299 2769 358 ARCHIEP.

1279 447 1294 484 :
1323 436 1327 442 '
1351 427 1552 484 virtute
1616 443 1810 484 rursus
1863 425 2068 498 conspi-

2190 423 2282 484 καὶ
2315 425 2381 485 τὰ
2425 426 2650 506 τῆς’γ⁶ἤς
2691 425 2998 507 φρονοῦντες
3021 445 3036 462 ο
3076 422 3218 483 οὕτω
3261 421 3353 482 καὶ
3393 425 3448 484 ἐν
3479 422 3646 503 ἀρετῇ
3691 421 3794 480 αὖ·

3683 293 3794 352 780

3725 411 3761 446 τ

2186 519 2264 582 θις
2292 515 2571 593 ζήσωμεν,
2619 517 2692 583 ὥς
2723 519 2814 574 τοῦ
2856 511 3174 595 ἐπουρανίου
3204 511 3302 585 τὴν
3339 511 3518 571 εἰκόνα
3563 509 3658 571 καὶ
3693 507 3792 581 τὴν

2187 606 2414 687 μίμησιν
2435 612 2734 687 τηροῦντες.
2769 602 2944 664 Εἰκὼν
2975 602 3032 662 δὲ
3069 608 3164 662 τοῦ
3188 609 3378 684 χοϊκοῦ
3404 601 3496 662 καὶ
3524 599 3610 675 τὸ,
3651 627 3678 654 ι
3706 602 3791 673 Γῆ

2185 685 2263 770 εἶ,
2293 696 2384 756 καὶ
2428 685 2638 775 εἷς-γῆν
2688 692 2959 773 ἀπελεύσῃ
2984 715 3000 731 ο
3048 719 3073 747 ι
3126 690 3281 753 εἰκὼν
3325 690 3381 752 δὲ
3425 697 3517 752 τοῦ
3559 692 3784 770 ἐπουρα·

2185 785 2325 859 νίου,
2358 790 2392 859 ἡ
2433 787 2492 844 ἐκ
2531 787 2732 866 νεκρῶν
2763 785 3054 852 ἀνάστασις
3084 783 3179 843 καὶ
3209 781 3500 864 ἀφθαρσία.
3519 777 3701 842 Ὥστε
3747 781 3792 840 εἰ

2183 877 2256 942 ὣς
2311 876 2434 956 περὶ
2499 873 2843 941 ἀναστάσεως
2892 873 3183 953 λεγόμενα,
3229 875 3289 934 οὗ
3347 871 3470 952 περὶ
3519 869 3793 938 πολιτείας

2183 971 2354 1024 ταῦτα
2402 967 2482 1024 δεῖ
2521 968 2749 1038 νοῆσαι,
2779 962 2996 1038 καὶτὸ,
3051 985 3080 1022 α
3119 961 3436 1042 Φορέσομεν
3476 959 3574 1034 τὴν
3612 959 3791 1021 εἰκόνα

2183 1061 2274 1114 τοῦ
2319 1053 2671 1137 ἐπουρανίου,
2720 1074 2750 1112 »
2789 1054 2890 1133 οὔχ
2934 1055 3007 1121 ὡς
3049 1051 3513 1131 συμϐουλευτικῶς
3557 1050 3790 1131 λεγόμε-

2184 1167 2271 1203 νον
2324 1145 2401 1205 δεῖ
2443 1147 2630 1216 νοῆσαι
2680 1141 2717 1215 ἢ
2767 1142 3008 1225 γράψαι,
3051 1143 3172 1203 ἀλλ’
3201 1145 3273 1210 ὣς
3323 1139 3609 1221 μέλλοντος
3643 1137 3790 1220 πρά-

2182 1257 2384 1314 γματος
2447 1231 2763 1294 ἐνδεικτικὸν
2787 1277 2804 1308 ,
2867 1231 3137 1293 τουτέστιν
3154 1276 3172 1310 ,
3227 1229 3312 1292 ὅτι
3371 1231 3636 1311 μέλλομεν
3683 1253 3789 1312 φο-

2185 1323 2356 1405 ρέσαι.

2263 1531 2290 1558 α
2331 1507 2504 1566 Τοῦτο
2535 1501 2593 1564 δέ
2617 1526 2792 1586 φημι,
2839 1500 3078 1584 ἀδελφοὶ,
3111 1499 3195 1562 ὅτι
3221 1498 3353 1583 σὰρξ
3380 1498 3474 1560 καὶ
3503 1489 3641 1579 αἶμα
3685 1505 3788 1582 βα-

2182 1593 2384 1653 σιλείαν
2435 1595 2576 1654 Θεοῦ
2621 1595 3026 1674 κληρονομῆσαι
3067 1593 3127 1650 οὐ
3166 1591 3438 1654 δύνανται.
3494 1614 3526 1648 ν
3557 1589 3786 1663 Ἐπειδὴ

2181 1673 2360 1756 εἶπεν,
2401 1705 2432 1742 (ί
2460 1683 2661 1744 Εἰκόνα
2690 1673 2782 1741 τοῦ
2827 1685 3016 1762 χοϊκοῦ
3033 1725 3051 1756 ,
3097 1705 3132 1762 ῃ
3176 1679 3375 1742 ὡσανεὶ
3417 1679 3789 1761 ἐφερμηνεύων

2179 1772 2419 1846 ταύτην,
2450 1775 2611 1855 φησὶν
2654 1771 2734 1832 ὅτι
2769 1760 2902 1854 σὰρξ
2939 1771 3031 1831 καὶ
3072 1760 3211 1850 αἷμά
3253 1773 3384 1831 εἰσιν
3413 1774 3448 1842 ἡ
3496 1760 3650 1831 εἰκὼν
3692 1777 3788 1832 τοῦ

2181 1871 2367 1945 χοϊκοῦ
2393 1888 2406 1902 ·
2437 1863 2709 1924 τουτέστιν
2728 1909 2746 1940 ,
2800 1865 2857 1921 αἱ
2889 1861 3144 1943 σαρκικαὶ
3189 1860 3405 1944 πράξεις
3441 1860 3534 1920 καὶ
3684 1885 3791 1921 πα·

2179 1953 2374 2035 χύτητι
2405 1959 2497 2016 τοῦ
2526 1952 2773 2030 σώματος
2796 1955 3012 2032 οἰκεῖαι,
3041 1949 3237 2020 αἵτινες
3277 1973 3307 2011 ι(
3337 1950 3617 2033 βασιλείαν
3641 1953 3786 2013 Θεοῦ

2180 2045 2586 2124 κληρονομῆσαι
2617 2045 2678 2102 οὗ
2707 2043 2980 2104 δύνανται.
3010 2063 3040 2100 ιι

2262 2159 2288 2188 α
2319 2133 2462 2196 Οὐδὲ
2493 2137 2526 2206 ἡ
2557 2130 2725 2215 φθορὰ
2752 2131 2849 2205 τὴν
2879 2129 3178 2213 ἀφθαρσίαν
3198 2133 3538 2213 κληρονομεῖ.
3559 2151 3591 2191 n
3618 2133 3787 2193 Τουτ-

2180 2221 2355 2299 έστιν,
2393 2227 2428 2296 ἦ
2480 2223 2679 2294 κακία,
2738 2225 2774 2294 ἡ
2833 2222 3265 2303 καταφθείρουσα
3303 2223 3402 2294 τὴν
3458 2225 3557 2294 τῆς
3608 2224 3788 2304 ψυχῆς

2179 2312 2472 2393 εὐγένειαν,
2521 2315 2581 2373 οὗ
2631 2311 2854 2372 δύναται
2902 2311 3254 2394 κληρονομεῖν
3299 2309 3397 2384 τὴν
3452 2309 3607 2381 δόξαν
3648 2311 3788 2372 ἐκεί-

2179 2425 2274 2475 νην
2341 2401 2436 2462 καὶ
2493 2401 2562 2461 τὰ
2635 2402 2882 2483 ἄφθαρτα
2935 2399 3136 2480 ἀγαθά.
3197 2400 3436 2462 Δύνασαι
3492 2398 3550 2460 δὲ
3609 2405 3784 2461 ταῦτα

2177 2491 2396 2566 πάντα,
2447 2494 2547 2572 οὐχ
2590 2495 2662 2559 ὥς
2709 2491 2833 2573 περὶ
2889 2491 3163 2573 πολιτείας
3219 2491 3508 2572 εἰρημένα,
3544 2491 3665 2573 ἀλλ’
3713 2495 3790 2560 ὡς

2177 2581 2301 2663 περὶ
2322 2570 2664 2650 ἀναστάσεως
2687 2570 2957 2655 ἐκλαϐεῖν,
2977 2570 3086 2641 οἷον
3112 2580 3191 2656 τὸ,
3218 2603 3248 2640 α
3274 2570 3421 2660 Σᾶρξ
3443 2579 3537 2640 καὶ
3555 2571 3694 2660 αἷμα
3709 2604 3725 2620 ο
3743 2604 3776 2642 n

2179 2661 2286 2730 οἶον
2310 2715 2325 2743 ,
2377 2670 2460 2730 ὅτι
2487 2672 2570 2732 Οὐ
2601 2673 2761 2748 σῶμα
2795 2675 3036 2730 τοιοῦτον
3065 2671 3126 2730 ἐκ
3177 2669 3372 2750 σαρκὸς
3414 2669 3508 2730 καὶ
3555 2667 3783 2746 αἵματος

2179 2760 2464 2838 συνεστὼς,
2513 2761 2567 2819 ἐν
2613 2763 2691 2838 τῷ
2737 2760 2986 2838 μέλλοντι
3019 2761 3172 2819 αἰῶνι
3203 2756 3498 2820 ἀπολαύσει
3538 2765 3633 2832 τῆς
3676 2765 3786 2842 βα-

2179 2849 2396 2930 σιλείας.
2439 2851 2561 2910 Οὖκ
2619 2848 2733 2910 ἔστι
2789 2849 2892 2930 γὰρ
2944 2852 3053 2909 ἐκεῖ
3108 2852 3304 2930 βρῶσις
3348 2849 3441 2909 καὶ
3489 2849 3680 2924 πόσις,
3725 2850 3785 2921 ἐξ

2179 2929 2252 3000 ὧν
2303 2940 2516 3008 πάντως
2562 2938 2624 2998 τὸ
2670 2929 2903 3000 τοιοῦτον
2957 2942 3116 3017 σῶμα
3149 2929 3430 3021 τρέφεται.
3483 2961 3514 3000 α
3556 2940 3699 3002 Οὐδὲ
3744 2946 3783 3015 ἡ

461 3046 686 3105 corpus,
746 3033 1245 3105 incorruptibilium
1310 3033 1691 3091 haereditatem
1729 3032 1920 3090 adibit.
1963 3033 2068 3088 Ne-

2179 3027 2381 3111 φθορὰ,
2419 3055 2444 3082 io
2492 3027 2753 3104 τουτέστι,
2789 3027 2852 3089 τὸ
2894 3027 3124 3110 φθαρτὸν
3171 3031 3352 3108 σῶμα,
3388 3029 3787 3110 κληρονομήσει

460 3137 612 3179 cesse
656 3130 740 3178 est
779 3123 948 3197 igitur
988 3124 1273 3195 spirituale
1314 3122 1436 3180 fore
1481 3139 1680 3195 corpus
1721 3131 1976 3179 nostrum
2015 3130 2068 3178 et

2176 3118 2244 3178 τὰ
2294 3119 2576 3201 ἄφθαρτα·
2628 3116 2768 3178 ὥστε
2813 3119 3020 3198 ἀνάγκη
3071 3117 3431 3197 πνευματικὸν
3473 3123 3629 3196 ἡμῶν
3660 3119 3785 3181 ἔσε-

459 3213 893 3286 incorruptibile.
930 3214 1156 3270 Noveris
1201 3223 1386 3270 autem
1437 3212 1590 3286 quod
1637 3212 2065 3285 Chrysostomus

459 3300 579 3360 hac
611 3303 682 3359 ab
724 3305 987 3376 Apostolo
1024 3319 1122 3376 per
1170 3303 1574 3360 adhortationis
1612 3301 2061 3374 modumidicta,

458 3406 569 3464 qua
599 3393 670 3449 ad
707 3392 974 3464 optimam
999 3392 1173 3448 vitam
1211 3391 1554 3460 adhortetur,
1593 3391 1881 3463 acceperit.

529 3481 712 3540 Vsus.
769 3486 860 3538 51.
907 3505 933 3531 σι
969 3484 1110 3538 Ecce
1149 3482 1479 3554 mysterium
1528 3481 1686 3540 vobis
1726 3481 1868 3538 dico.
1918 3502 1945 3530 ιο
1971 3479 2062 3538 Ad

456 3585 772 3630 sermonem
795 3573 862 3629 de
886 3572 1286 3628 resurrectione
1308 3571 1471 3640 redit,
1499 3571 1683 3643 aitque
1710 3569 2061 3628 tremendum

453 3661 679 3734 quidem
711 3670 767 3718 et
794 3670 1071 3719 secretum
1100 3678 1158 3718 se
1196 3661 1303 3718 illis
1345 3677 1462 3718 esse
1504 3660 1806 3718 dicturum.
1845 3660 2061 3717 Iudicat

455 3759 642 3807 autem
667 3766 765 3824 per
793 3750 900 3808 hoc
921 3768 980 3808 se
1007 3768 1211 3826 magno
1230 3752 1352 3809 illos
1372 3750 1588 3808 honore
1608 3750 1848 3824 dignari,
1866 3759 1929 3806 ut
1962 3750 2059 3822 qui

454 3848 666 3896 secreta
691 3839 768 3896 eis
794 3840 1016 3898 revelet.

529 3951 558 3979 α
585 3932 712 3990 Non
752 3945 946 3987 omnes
983 3930 1206 4002 quidem
1239 3930 1602 3998 dormiemus,
1638 3945 1830 3987 omnes
1866 3937 2057 3986 tamen

453 4018 896 4077 immutabimur.
949 4042 976 4068 ιν
1026 4021 1154 4076 Non
1204 4036 1399 4076 omnes
1459 4019 1682 4092 quidem
1723 4019 2053 4088 morientur,

455 4106 652 4179 inquit,
682 4123 875 4165 omnes
913 4116 1101 4164 tamen
1128 4107 1595 4176 immutabuntur,
1626 4109 1794 4164 etiam
1817 4108 1913 4180 qui
1940 4122 2054 4164 non

453 4197 785 4266 moriuntur,
815 4196 922 4254 hoc
951 4207 1052 4265 est,
1083 4197 1154 4253 ad
1197 4198 1788 4269 incorruptibilitatem
1816 4196 2050 4254 transfe-

452 4293 670 4342 rentur.
700 4289 784 4342 Ne
809 4286 990 4359 igitur,
1020 4287 1286 4359 quoniam
1335 4288 1608 4356 moriaris,
1650 4297 1864 4344 metuas
1905 4286 2052 4358 quod

451 4390 567 4431 non
589 4390 864 4450 resurgas.
893 4379 1033 4434 Ecce
1063 4377 1208 4432 enim
1233 4377 1354 4433 dico
1382 4377 1552 4448 23o
1591 4378 1710 4444 tibi,
1741 4377 1891 4449 quod
1913 4391 2056 4433 non-

452 4464 593 4521 nulli
622 4481 740 4522 non
777 4466 1104 4535 morientur,
1141 4475 1389 4523 attamen
1415 4467 1520 4522 hoc
1557 4483 1675 4522 non
1703 4467 1835 4523 satis
1868 4474 1954 4523 est
1979 4466 2057 4524 eis

451 4555 523 4612 ad
568 4557 1036 4614 resurrectionem
1089 4557 1262 4625 illam,
1307 4557 1409 4612 nisi
1457 4557 1827 4613 immutentur
1865 4557 2053 4623 etiam,

456 4653 513 4702 et
533 4646 614 4702 sic
645 4646 716 4703 ad
747 4647 1235 4704 immortalitatem
1273 4646 1498 4703 veniant
1529 4664 1560 4703 a
1591 4647 1924 4704 mortalitate
1963 4647 2053 4705 illa

2177 3213 2296 3268 σθαι
2336 3208 2397 3267 τὸ
2430 3213 2589 3286 σῶμα
2629 3207 2723 3268 καὶ
2757 3209 3044 3291 ἄφθαρτον.
3077 3205 3220 3269 Ἴσθι
3252 3207 3432 3286 μέντοι
3463 3209 3535 3277 ὥς
3562 3210 3782 3291 Χρυσό-

2175 3320 2370 3376 στομος
2413 3299 2803 3377 παραινετικῶς
2850 3303 3021 3357 ταῦτα
3061 3300 3307 3379 εἰρῆσθαι
3357 3301 3434 3380 τῷ
3464 3296 3782 3382 Ἀποστόλῳ

2173 3386 2296 3468 περὶ
2322 3386 2438 3468 βίου
2467 3387 2685 3469 ἀρίστου
2707 3386 2944 3457 ἐδέξατο.

2262 3497 2291 3536 (ι
2331 3475 2467 3539 Ἰδοὺ
2517 3477 2807 3558 μυστήριον
2859 3480 2982 3556 ὑμῖν
3037 3476 3198 3556 λέγω.
3246 3498 3277 3536 ι)
3334 3477 3515 3539 Πάλιν
3564 3479 3641 3548 εἰς
3682 3477 3782 3540 τὸν

2170 3565 2292 3646 περὶ
2355 3566 2698 3635 ἀναστάσεως
2753 3566 2906 3644 λόγον
2963 3565 3234 3641 ἐπάνεισι,
3286 3567 3380 3627 καί
3431 3592 3628 3650 φησιν,
3689 3568 3782 3628 ὅτι

2169 3655 2384 3738 φρικτόν
2406 3656 2457 3695 ⁸⁴
2505 3681 2558 3716 τι
2603 3655 2696 3716 καὶ
2752 3656 3054 3739 ἀπόῤῥητον
3112 3658 3290 3725 αὐτοῖς
3340 3657 3526 3734 μέλλει
3569 3657 3776 3740 λέγειν.

2167 3745 2534 3806 Ἐνδείκνυται
2582 3745 2636 3806 δὲ
2681 3745 2766 3806 διὰ
2812 3745 2997 3806 τούτου
3039 3746 3132 3806 καὶ
3177 3746 3382 3819 πολλὴν
3428 3747 3527 3823 τὴν
3563 3751 3637 3818 εἰς
3675 3750 3782 3809 αὖ·

2164 3836 2282 3903 τοὺς
2311 3834 2499 3910 τιμὴν,
2527 3839 2599 3903 ὡς
2628 3835 2697 3894 τὰ
2727 3835 3005 3916 ἀπόῤῥητα
3039 3837 3215 3903 αὖτοῖς
3248 3835 3443 3915 λέγων.

2253 3947 2285 3984 (ι
2330 3925 2538 3992 Πάντες
2569 3923 2665 4001 μὲν
2695 3925 2754 3982 οὖ
2782 3924 3247 4004 κοιμηθησόμεθα,
3279 3925 3476 3996 πάντες
3503 3926 3558 3987 δὲ
3591 3928 3774 3988 ἀλλα-

2163 4013 2458 4094 γησόμεθα.
2507 4041 2534 4066 ι
2563 4015 2646 4074 Oi}
2690 4014 2886 4082 πάντες
2926 4014 3051 4093 μὲν,
3100 4015 3286 4097 φησὶν,
3329 4021 3773 4094 ἀποθανοῦνται,

2161 4103 2304 4180 ὅμως
2346 4104 2526 4182 μέντοι
2569 4102 2762 4170 πάντες
2803 4105 3233 4182 ἀλλαγήσονται,
3265 4105 3356 4168 καὶ
3402 4110 3450 4166 οἰ
3496 4105 3572 4186 μὴ
3620 4109 3776 4169 ἀπο-

2160 4194 2496 4272 θνήσκοντες,
2526 4192 2826 4267 τουτέστιν,
2861 4195 2933 4262 εἷς
2976 4193 3273 4274 ἀφθαρσίαν
3316 4202 3781 4274 μεταπεσοῦνται.

2162 4281 2255 4354 Μὴ
2304 4282 2501 4357 τοίνυν,
2560 4281 2744 4356 ἐπειδὴ
2795 4282 3184 4360 ἀποθνήσκεις,
3233 4284 3472 4368 φοϐηθῇς
3526 4285 3611 4348 ὅτι
3669 4289 3779 4348 οὔκ

2166 4373 2464 4452 ἀναστήσῃ.
2496 4370 2636 4433 Ἰδοὺ
2683 4371 2787 4454 γὰρ
2837 4374 2977 4451 λέγω
3006 4395 3116 4446 σοι,
3164 4373 3248 4434 ὅτι
3292 4374 3427 4444 τινὲς
3475 4378 3534 4436 οὖ
3566 4376 3776 4448 τεθνή-

2165 4461 2374 4541 ξονται,
2405 4461 2497 4521 καὶ
2543 4460 2689 4540 ὅμως
2731 4465 2826 4521 οὐκ
2871 4465 3027 4542 ἀρκεῖ
3071 4464 3248 4532 αὐτοῖς
3288 4469 3447 4526 τοῦτο
3489 4465 3620 4547 πρὸς
3665 4467 3771 4539 τὴν

2166 4551 2456 4612 ἀνάστασιν
2489 4552 2719 4628 ἐκείνην,
2769 4552 2859 4611 ἐὰν
2912 4551 2987 4630 μὴ
3027 4555 3324 4632 ἀλλαγῶσι,
3359 4553 3452 4613 καὶ
3495 4554 3661 4623 οὕτως
3695 4560 3779 4625 εἰς

2166 4640 2455 4701 ἀθανασίαν
2509 4643 2733 4700 ἔλθωσιν
2785 4641 2890 4700 ἀπὸ
2939 4643 3036 4714 τῆς
3082 4643 3401 4715 θνητότητος
3442 4644 3642 4717 ταύτης
3687 4637 3767 4704 ὧν

452 4750 621 4808 quam
658 4735 888 4805 habent,
933 4753 1250 4809 corporum.
1296 4739 1377 4794 Ut
1403 4737 1566 4810 igitur
1593 4737 1713 4794 illos
1759 4753 1869 4794 non
1893 4737 2055 4810 juvat

2174 4728 2342 4810 ἔχουσι
2371 4730 2658 4808 σωμάτων.
2687 4729 2902 4810 εὨσπερ
2943 4721 3032 4790 οὖν
3065 4732 3160 4790 οὐκ
3204 4732 3399 4807 ὠφελεῖ
3445 4733 3674 4802 ἐκείνους
3705 4734 3772 4794 τὸ

449 4824 604 4896 quod
636 4840 754 4881 non
796 4827 1131 4897 moriantur,
1171 4827 1250 4883 sic
1287 4826 1446 4883 nobis
1492 4843 1605 4884 non
1640 4828 1864 4884 nocebit
1901 4827 2051 4900 quod

2174 4822 2238 4891 κὴ
2271 4822 2551 4880 ἀποθανεῖν
2571 4843 2585 4858 ⁸
2617 4817 2783 4887 οὕτως
2811 4817 2932 4879 οὐδὲ
2961 4825 3103 4898 ἡμᾶς
3139 4821 3332 4903 βλάψει
3361 4822 3422 4882 τὸ
3457 4825 3768 4888 ἀποθανεῖν.

448 4915 782 4971 moriamur.
833 4919 975 4973 Nam
1023 4925 1078 4974 et
1124 4916 1234 4974 illis
1286 4917 1514 4974 mutatio
1567 4933 1722 4975 mors
1765 4924 1869 4976 est.
1931 4920 2053 4975 Mo-

2174 4909 2272 4970 Καὶ
2317 4908 2420 4991 γὰρ
2463 4908 2722 4977 κάκείνοις
2759 4914 2794 4984 ἡ
2837 4908 3048 4989 ἀλλαγὴ
3112 4909 3336 4978 θάνατός
3385 4914 3565 4973 ἐστιν·
3617 4914 3766 4974 ἀπο-

447 5003 588 5061 ritur
615 5004 766 5062 enim
795 5004 854 5062 in
892 5005 1024 5079 ipsis
1050 5005 1329 5080 corruptio
1373 5015 1682 5080 permutata
1708 5006 1766 5064 in
1801 5007 2051 5064 incorru-

449 5093 826 5166 ptibilitatem.

518 5187 696 5243 Vnus.
723 5191 813 5243 52.
845 5206 874 5238 ‹‹
908 5189 973 5242 In
1008 5195 1322 5258 momento,
1361 5187 1421 5244 in
1446 5187 1564 5246 ictu
1587 5187 1758 5258 oculi,
1788 5187 1848 5242 in
1868 5185 2048 5244 novis.

447 5273 584 5331 sima
606 5274 761 5333 tuba.
791 5295 819 5332 ››
847 5277 913 5333 In
948 5277 1321 5336 minutissimo
1349 5285 1406 5335 et
1431 5275 1749 5334 indivisibili
1781 5276 2046 5348 temporis

445 5364 652 5438 spatio,
681 5380 748 5424 ac
767 5365 937 5424 veluti
960 5367 1238 5441 palpebra:
1278 5375 1462 5439 motu,
1501 5375 1654 5426 tanta
1678 5366 1818 5424 ﬁent
1865 5383 1880 5422 :
1913 5381 2041 5439 quae

2155 4998 2373 5071 θνήσκει
2424 4999 2528 5081 γὰρ
2579 5002 2632 5058 ἐν
2681 5001 2860 5068 αὐτοῖς
2903 5003 2940 5072 ἡ
2997 4997 3206 5081 φθορὰ,
3256 5001 3634 5083 ἀλλαττομένη
3687 5005 3766 5073 εἰς

2163 5088 2487 5170 ἀφθαρσίαν.

2245 5200 2276 5238 (ι
2323 5178 2416 5238 Ἐν
2452 5179 2669 5260 ἀτόμῳ,
2716 5180 2770 5238 ἐν
2986 5179 3299 5260 ὀφθαλμοῦ,
3342 5182 3396 5241 εν
3549 5183 3761 5266 ἐσχάτῃ

2155 5268 2433 5350 σάλπιγγι.
2488 5291 2518 5328 ι)
2576 5268 2674 5329 Ἐν
2723 5267 2986 5350 ἀκαριαίῳ
3027 5268 3204 5351 χρόνῳ
3253 5269 3345 5330 καὶ
3397 5271 3612 5353 ἀμερεῖ,
3659 5273 3762 5334 καὶ

2153 5357 2275 5418 ὅσον
2343 5357 2510 5436 μύσαι
2575 5359 2867 5441 βλέφαρον,
2915 5357 3229 5439 γενήσονται
3279 5358 3348 5420 τὰ
3411 5363 3714 5435 τηλικαῦτα
3740 5388 3757 5403 ο

1824 5525 2017 5587 Variae
2060 5527 2360 5589 lectiones.

516 5619 560 5654 ⁸⁸
585 5622 818 5694 φορτικὸν
849 5639 906 5682 0.
