4110 6406
205 358 306 413 781

1114 356 1464 415 EXPOSITIO
1503 358 1570 414 IN
1608 358 1818 414 EPIST.
1857 358 1877 413 ῐ
1913 360 2005 415 ΑΙ)
2043 359 2202 417 COR.
2249 389 2312 400 —
2353 361 2504 417 CAP.
2544 362 2647 417 XV.

3419 366 3528 419 782

209 483 240 542 ὃ
291 480 385 543 καὶ
425 480 705 562 θαύματος
754 481 931 563 γέμει.
980 484 1064 544 Οὗ
1108 482 1211 565 γὰρ
1253 482 1412 561 μόνον
1440 481 1523 543 ὅτι
1575 482 1813 544 σαπέντα

1931 500 2011 543 res
2052 492 2139 544 est
2180 484 2340 543 valde
2379 484 2730 544 admiranda.
2778 487 2902 544 Non
2945 486 3097 544 enim
3134 495 3350 545 tantum
3393 490 3523 562 quia

212 571 615 649 ἀναστήσεται,
649 572 765 633 οὐδ’
813 571 896 632 ὅτι
948 571 1169 641 ἕκαστος
1212 572 1274 633 τὸ
1315 575 1506 636 οἰκεῖον
1558 574 1817 656 λήψεται,

214 665 300 723 δεῖ
346 665 639 740 θαυμάζειν
664 685 680 700 ο
732 661 850 724 ἀλλ’
882 662 964 723 ὅτι
1016 663 1109 723 καὶ
1153 662 1290 724 οὕτω
1341 663 1548 744 ταχέως
1588 667 1657 731 ὣς
1699 663 1817 723 οὐδὲ

212 752 363 814 ἔστιν
387 752 578 815 εἰπεῖν.
610 753 768 822 Τινὲς
796 751 852 813 δέ
879 751 961 828 τὸ,
988 779 1015 807 α
1048 752 1142 813 Ἐν
1258 752 1461 835 ἐσχάτῃ
1483 754 1764 834 σάλπιγγι,
1795 780 1819 808 ι

213 841 385 911 οὕτως
429 841 677 919 ἐνόησαν,
718 847 792 912 ὡς
830 842 939 903 ἀπὸ
979 846 1075 917 τῆς
1115 843 1505 926 ἀποκαλύψεως
1533 850 1623 904 τοῦ
1669 846 1820 923 εὐαγ-

212 935 465 1013 γελιστοῦ
509 931 779 994 Ἰωάννου.
828 931 1012 995 Ἑπτὰ
1062 932 1167 1015 γὰρ
1218 932 1563 1015 σαλπίγγων,
1613 932 1775 1015 φησὶν
1797 978 1815 1011 ,

214 1026 414 1095 οὐσῶν,
469 1024 525 1082 αἱ
556 1022 653 1101 μὲν
702 1025 916 1103 πρῶται
962 1022 1060 1096 τὴν
1111 1021 1416 1084 συντέλειαν
1461 1026 1568 1083 τῶν
1613 1021 1819 1103 ἀνθρώ-

214 1136 336 1173 πων
393 1116 637 1173 ποιοῦσιν
686 1114 779 1191 (οὗ
827 1110 931 1195 γὰρ
969 1116 1103 1191 ὁμοῦ
1151 1112 1347 1182 πάντες
1402 1114 1775 1173 συντελοῦνται
1798 1156 1816 1187 ,

216 1201 359 1263 ἀλλὰ
402 1200 545 1264 κατὰ
852 1202 946 1263 καὶ
986 1206 1143 1264 τοῦτο
1184 1202 1488 1285 οἰκονομίᾳ,
1528 1202 1694 1286 φησὶ,
1723 1207 1816 1263 τοῦ

212 1293 389 1368 Θεοῦ,
421 1292 509 1353 ἵνα
537 1292 671 1362 ’τοὺς
711 1295 949 1375 πρώτους
993 1294 1390 1372 ἀπολλυμένους
1420 1296 1469 1354 οἱ
1518 1295 1820 1369 ὕπολιμπα-

214 1383 430 1459 νόμενοι
499 1385 752 1461 δρῶντες,
823 1386 973 1444 αὐτοὶ
1047 1384 1488 1462 μετανοήσωσιν·
1542 1387 1577 1457 ἡ
1638 1382 1817 1461 μέντοι

214 1472 425 1553 ἐσχάτη
475 1471 711 1553 σάλπιγξ
751 1472 848 1546 τήν
886 1496 945 1533 τε
986 1471 1191 1554 ἔγερσιν
1228 1474 1320 1533 καὶ
1371 1472 1468 1546 τὴν
1516 1472 1815 1553 ἐναλλαγὴν

212 1565 321 1623 τῶν
363 1561 474 1636 ἢδη
525 1561 868 1624 ἀναστάντων
915 1570 1088 1640 ποιεῖ,
1132 1590 1157 1617 α
1201 1565 1257 1624 ἐν
1307 1563 1527 1645 ἀτόμῳ,
1582 1564 1637 1624 ἐν

391 1675 518 1730 μου.
545 1679 570 1706 ι

213 1655 653 1804 “ﬁdaﬁda
678 1741 806 1823 γὰρ,
836 1741 930 1803 καὶ
964 1743 1014 1802 οἱ
1053 1740 1226 1824 νεκροὶ
1271 1741 1646 1825 ἐγερθήσονται
1669 1740 1723 1782 ⁸⁵
1753 1740 1815 1801 ἀ-

213 1838 461 1915 φθαρτοι.
501 1858 530 1886 ιι
551 1827 675 1894 Ἵνα
704 1830 782 1910 μὴ
817 1831 1091 1914 ἀπιστήσῃ
1139 1856 1236 1908 τις,
1276 1837 1389 1900 πῶς
1415 1831 1485 1893 τὰ
1523 1834 1816 1907 τηλικαῦτα

213 1924 270 1983 ἐν
309 1924 447 2004 ῥιπῇ
493 1923 767 2005 ὀφθαλμοῦ
805 1920 1073 2003 γίνονται,
1103 1922 1165 1983 τὸ
1208 1921 1512 1993 ἀξιόπιστον
1542 1927 1634 1983 τοῦ
1663 1922 1822 2002 λόγου

213 2011 483 2073 δείκνυσιν
527 2011 636 2073 ἀπὸ
689 2016 785 2087 τῆς
837 2011 1110 2091 δυνάμεως
1172 2019 1264 2073 τοῦ
1323 2018 1598 2083 ποιοῦντος
1654 2019 1823 2074 ταῦτα

214 2104 381 2178 Θεοῦ,
408 2102 504 2163 καί
525 2125 709 2186 φησιν,
736 2102 819 2165 ὅτι
856 2129 902 2186 «ῳ
913 2102 1203 2179 Σαλπίσει,
1223 2103 1317 2163 καὶ
1346 2101 1661 2185 γενήσονται
1680 2102 1762 2143 ⁸⁸·
1797 2131 1822 2157 ι

214 2189 400 2272 ὅμοιον
431 2183 592 2276 τῷία
639 2192 812 2263 Αὐτὸς
853 2183 994 2270 εἷπε,
1027 2191 1121 2253 καὶ
1145 2183 1491 2273 ἐγενήθήσαν.
1524 2217 1557 2251 ι
1590 2192 1662 2255 Ἦ
1692 2193 1824 2255 σάλ-

216 2281 345 2364 πιγξ
376 2282 484 2364 γὰρ
531 2279 681 2343 οὖδὶν
724 2283 859 2345 ἄλλο
909 2283 946 2357 ἢ
993 2282 1054 2343 τὸ
1094 2284 1366 2362 κέλευσμα
1414 2282 1508 2345 καὶ
1551 2282 1614 2343 τὸ
1654 2288 1823 2363 νεῦμα

214 2377 308 2432 τοῦ
338 2374 484 2435 Θεοῦ
516 2373 704 2453 δηλοῖ,
728 2373 792 2434 τὸ
818 2372 907 2435 διὰ
934 2372 1149 2435 πάντων
1178 2374 1391 2457 φθάνον.

298 2490 326 2517 ι
370 2463 484 2525 Καὶ
526 2464 682 2543 ἡμεῖς
726 2465 1163 2545 ἀλλαγησόμεθα.
1206 2486 1239 2525 ι
1280 2463 1426 2546 Οὐχὶ
1466 2462 1590 2545 περὶ
1630 2465 1821 2525 ἑαυτοῦ

214 2556 376 2615 τοῦτο
436 2550 583 2633 λέγει
599 2598 619 2631 ,
685 2553 827 2616 ἀλλὰ
880 2552 1009 2638 περὶ
1066 2557 1174 2616 τῶν
1240 2555 1362 2616 τότε
1429 2553 1819 2636 εὑρισκομένων

215 2641 455 2715 ζώντων.

306 2756 339 2793 α
373 2738 474 2796 Δεῖ
496 2732 602 2815 γὰρ
628 2732 690 2796 τὸ
718 2733 949 2819 φθαρτὸν
977 2738 1135 2795 τοῦτο
1155 2734 1474 2797 ἐνδύσασθαι
1500 2732 1821 2816 ἀφθαρσίαν,

218 2824 403 2886 καὶτὸ
432 2825 621 2897 θνητὸν
660 2829 817 2886 τοῦτο
858 2824 1178 2886 ἐνδύσασθαι
1221 2822 1537 2887 ἀθανασίαν.
1576 2821 1699 2887 Ἵνα
1745 2824 1821 2903 μὴ

220 2915 458 2984 ἀκούσας
500 2938 600 2990 τις,
629 2911 712 2975 ὅτι
749 2937 781 2977 α
825 2913 976 2997 Σὰρξ
1018 2914 1112 2976 καὶ
1163 2904 1301 2995 αἷμα
1353 2913 1632 2994 βασιλείαν
1678 2918 1823 2978 Θεοῦ

217 3006 821 3088 οὖξκληρονομήσουσιο
868 3033 895 3061 ι
946 3005 1041 3066 καὶ
1082 3006 1282 3081 πάλιν,
1332 3005 1414 3065 ὅτι
1463 3031 1489 3060 α
1535 3002 1824 3088 Ἅφθαρτοι

1846 1797 1897 1863 Β

1930 574 2232 647 putrefacta
2256 591 2489 649 corpora
2515 583 2821 648 resurgent,
2848 591 2949 633 nec
2965 576 3115 649 quod
3144 577 3373 651 quisque
3398 595 3526 651 pro-

1930 664 2117 737 prium
2145 665 2389 739 recipiet,
2413 666 2597 723 mirari
2625 666 2915 735 convenit;
2944 682 3139 724 verum
3184 667 3339 740 quod
3386 668 3525 726 adeo

1928 754 2195 826 celeriter,
2243 763 2307 812 ut
2352 756 2520 813 nullis
2583 755 2749 813 etiam
2810 757 2988 814 verbis
3048 756 3289 829 exprimi
3334 758 3522 829 possit.

1928 844 2359 916 Nonnullivero,
2380 845 2477 902 «in
2490 845 2789 903 novissima
2807 846 2958 916 tuba,
2976 865 3005 900 is
3030 847 3107 903 sic
3126 846 3529 917 intellexerunt,

1928 934 2083 1007 quasi
2120 950 2189 992 ex
2226 935 2555 1010 Apocalypsi
2607 936 2840 993 Joannis
2885 937 3233 1010 evangelistae
3268 935 3531 1009 interpre-

1928 1032 2108 1082 tantes
2148 1028 2194 1081 °.
2242 1027 2462 1099 Septem
2517 1026 2685 1094 tubae,
2736 1026 2934 1101 inquit,
2983 1044 3112 1085 cum
3155 1028 3285 1096 sint,
3328 1029 3526 1102 prima:

1926 1114 2155 1187 quidem
2195 1117 2737 1174 consummationem
2778 1117 3069 1174 hominum
3112 1116 3321 1176 faciunt
3365 1138 3379 1175 :
3415 1135 3530 1176 non

1928 1206 2079 1263 enim
2114 1206 2276 1264 simul
2310 1223 2509 1264 omnes
2542 1216 3026 1279 consummantur,
3065 1208 3163 1266 sed
3222 1225 3285 1266 ex
3315 1224 3533 1266 succes-

1928 1296 2103 1353 sione.
2147 1299 2333 1371 Atque
2369 1296 2489 1356 haec
2525 1306 2627 1371 est,
2673 1298 2873 1371 inquit,
2912 1298 3246 1371 dispensatio
3292 1306 3347 1356 et
3374 1299 3525 1357 ordi-

1926 1385 2078 1443 natio
2094 1386 2219 1456 Dei,
2245 1396 2451 1445 utcum
2476 1388 2682 1461 primos
2705 1388 3064 1459 intereuntes,
3092 1388 3186 1463 qui
3208 1389 3529 1462 relinquun-

1931 1482 2042 1548 tur,
2072 1485 2329 1547 cernunt,
2365 1477 2469 1550 ipsi
2497 1478 2842 1551 resipiscant.
2863 1482 3125 1536 Extrema
3170 1488 3358 1537 autem
3393 1479 3531 1537 tuba

1926 1567 2391 1624 resurrectionem
2432 1575 2488 1624 et
2533 1568 2981 1626 immutationem
3024 1584 3219 1626 eorum
3271 1569 3366 1643 qui
3407 1570 3524 1642 jam

1925 1665 2360 1728 resurrexerunt,
2388 1656 2542 1727 facit,
2569 1680 2595 1707 α
2629 1658 2687 1714 in
2717 1667 3024 1728 momento,
3056 1659 3111 1715 in
3134 1658 3248 1716 ictu
3290 1659 3456 1717 oculi.
3491 1683 3517 1709 υ

2003 1768 2031 1798 α
2058 1746 2235 1804 Canet
2255 1748 2410 1805 enim
2436 1749 2592 1819 tuba,
2620 1756 2678 1804 et
2702 1749 2905 1806 mortui
2934 1748 3322 1807 excitabuntur
3344 1749 3531 1806 incor-

1929 1834 2233 1908 ruptibiles.
2267 1860 2293 1889 ι
2333 1840 2419 1895 Ne
2455 1838 2700 1912 ambigat
2732 1838 3020 1911 quispiam,
3062 1838 3346 1911 quomodo
3393 1838 3526 1895 talia

1928 1934 2185 1999 tantaque
2212 1928 2269 1984 in
2311 1928 2456 1986 oculi
2495 1928 2604 1986 ictu
2657 1928 2777 1985 ﬁeri
2813 1937 3033 2002 queant,
3078 1929 3248 1985 verbo
3292 1944 3397 1986 suo
3437 1944 3526 1985 au-

1926 2017 2243 2075 ctoritatem
2270 2018 2524 2076 conciliat
2560 2033 2625 2076 ex
2664 2019 2907 2091 potentia
2932 2018 3054 2076 haec
3081 2017 3328 2076 facientis
3368 2018 3475 2075 Dei
3506 2038 3519 2074 :

1934 2108 2177 2177 «Canet,
2203 2129 2231 2162 »
2283 2108 2554 2182 inquiens,
2599 2131 2627 2160 ι
2672 2110 2829 2179 tuba,
2880 2132 2907 2161 ι»
2953 2118 3011 2167 et
3060 2110 3156 2167 ﬁet
3205 2109 3432 2167 :simile
3475 2109 3523 2165 ei

1929 2196 2076 2267 loco,
2105 2200 2274 2271 «Ipse
2301 2198 2459 2267 dixit,
2486 2207 2543 2256 et
2564 2198 2705 2257 facta
2732 2208 2862 2257 sunt
2890 2215 2949 2257 ι’.
2987 2224 3012 2251 ι»
3041 2200 3198 2257 Tuba
3218 2200 3367 2257 enim
3390 2198 3524 2256 nihil

1929 2286 2081 2344 aliud
2102 2303 2271 2361 quam
2298 2288 2516 2362 jussum
2550 2297 2607 2346 et
2633 2297 2834 2347 nutum
2869 2290 2974 2348 Dei
3004 2289 3294 2363 signiﬁcat,
3341 2290 3522 2347 omnia

1928 2380 2381 2450 praevenientem.

2002 2491 2029 2520 σι
2061 2472 2134 2527 Et
2170 2484 2273 2527 nos
2304 2469 2671 2528 mutabimur.
2714 2493 2742 2522 ν
2776 2472 2903 2528 Non
2935 2471 3005 2529 de
3036 2470 3218 2545 seipso
3241 2469 3349 2529 hoc
3371 2469 3528 2541 dicit,

1927 2557 2026 2617 sed
2055 2558 2126 2616 de
2158 2557 2237 2616 eis
2261 2559 2355 2633 qui
2380 2567 2503 2617 tum
2526 2559 2636 2617 vivi
2663 2558 3174 2633 deprchendemur.

1997 2742 2171 2798 Vsns.
2198 2745 2288 2798 53.
2321 2762 2346 2790 ι
2371 2744 2604 2815 Oportet
2623 2740 2774 2798 enim
2795 2739 3149 2814 corruptibile
3173 2740 3281 2798 hoc
3302 2740 3530 2799 induere

1930 2828 2523 2903 incorruptibilitatem,
2566 2841 2621 2889 et
2645 2832 2877 2889 mortale
2906 2832 3012 2889 hoc
3054 2831 3284 2889 induere
3308 2832 3536 2889 immor-

1930 2920 2218 2978 talitatem.
2283 2944 2310 2972 ιι
2350 2923 2433 2978 Ne
2470 2922 2595 2995 quis
2638 2921 2906 2992 Taudiens,
2955 2945 2981 2971 «ι
3027 2923 3168 2980 Caro
3217 2931 3273 2979 et
3315 2922 3538 2996 sanguis

1932 3026 2168 3083 regnum
2203 3012 2303 3068 Dei
2356 3012 2635 3082 possidere
2681 3029 2793 3069 non
2833 3020 3082 3085 possunt,
3138 3034 3165 3064 ι
3210 3020 3265 3069 et
3320 3028 3535 3081 rursus,

222 3096 622 3169 ἀναστήσονται
650 3098 699 3157 οἱ
738 3095 935 3178 νεκροὶ,
968 3122 992 3149 ι
1025 3095 1218 3177 νομίσῃ
1246 3094 1318 3155 τὰ
1356 3094 1587 3174 σώματα
1627 3094 1703 3173 μὴ
1731 3096 1823 3153 ἀν-

1931 3123 1955 3150 ι
1988 3101 2192 3158 Mortui
2222 3110 2510 3175 resurgent
2545 3102 3016 3172 incorruptibiles,
3056 3125 3083 3152 ι
3118 3102 3392 3159 existimet
3415 3103 3531 3174 ipsa

222 3184 503 3262 ίστασθαι,
534 3187 667 3248 διότι
703 3191 797 3247 νῦν
829 3189 891 3247 ἐκ
936 3185 1133 3267 σαρκὸς
1170 3184 1262 3245 καὶ
1302 3184 1529 3265 αἵματος
1573 3183 1823 3246 συνίστα-

220 3298 314 3337 ται
338 3275 418 3349 θτ,
451 3274 721 3357 ἐπιφέρει,
749 3275 1146 3357 ὅτιᾼάνίσταται
1191 3272 1288 3353 μὲν
1317 3274 1386 3335 τὰ
1419 3275 1673 3355 σώματα,
1706 3272 1824 3333 ἀλλ’

220 3366 282 3426 οὖ
318 3364 454 3446 σὰρξ
489 3355 625 3426 ὄντα
656 3366 749 3426 καὶ
787 3355 958 3445 αἷμα,
995 3368 1067 3433 εἷς
1111 3364 1409 3446 ἀφθαρσίαν
1441 3364 1498 3425 δὲ
1541 3387 1822 3443 μεταστοι-

220 3454 536 3537 χειωθέντα.
598 3455 917 3535 Σημείωσαι
964 3453 1020 3514 δὲ
1069 3453 1164 3523 τὰς
1214 3456 1393 3537 ῥήσεις
1436 3455 1638 3522 ταύτας
1683 3452 1822 3513 κατὰ

220 3548 333 3605 τῶν
376 3544 667 3625 λεγόντων,
703 3544 785 3605 ὅτι
827 3546 887 3606 οὔ
930 3543 1001 3606 τὰ
1052 3543 1190 3606 αὐτὰ
1233 3543 1463 3623 σώματα
1493 3543 1819 3626 ἐγείρονται,

223 3636 347 3696 ἀλλ’
389 3634 570 3717 ἕτερα.
620 3658 651 3696 α
685 3636 769 3699 Τὸ
817 3633 1046 3717 φθαρτὸν
1092 3663 1119 3690 ιι
1165 3633 1305 3716 γὰρ,
1352 3635 1511 3717 φησὶ,
1559 3661 1587 3687 ι
1630 3638 1819 3708 τοῦτο,

222 3723 321 3787 καὶ
371 3725 434 3786 τὸ
491 3724 680 3799 θνητὸν
728 3729 917 3801 τοῦτο,
962 3753 989 3779 ι
1034 3726 1137 3806 οὔχ
1183 3724 1396 3807 ἕτερον,
1452 3724 1591 3784 ἀλλὰ
1637 3731 1823 3800 τοῦτο,

223 3817 521 3885 δεικτικῶς.
554 3814 725 3877 “nm
761 3816 825 3877 τὸ
855 3815 953 3895 μὲν
989 3819 1148 3895 σῶμα
1189 3816 1251 3876 τὸ
1289 3815 1420 3875 αὐτὸ
1463 3814 1612 3893 μένει
1655 3814 1826 3896 (αὐτὸ

221 3907 331 3988 γάρ
359 3907 475 3968 ἐστι
502 3906 567 3967 τὸ
596 3906 937 3987 ἐνδυόμενον)
961 3928 975 3944 ο
1003 3909 1039 3979 ἡ
1075 3905 1133 3965 δὲ
1163 3903 1418 3980 θνητότης
1455 3906 1545 3965 καὶ
1582 3908 1617 3978 ἡ
1658 3911 1825 3986 φθαρ-

223 3996 382 4069 τότης
433 3995 772 4077 ἀφανίζεται,
822 3995 1118 4078 ἀφθαρσίας
1169 3996 1263 4055 καὶ
1320 3996 1615 4063 ἀθανασίας
1678 4018 1829 4075 περι-

226 4084 459 4167 εχούσης
498 4087 683 4160 αὐτήν,
718 4085 972 4167 Διαφέρει
1017 4085 1073 4144 δὲ
1122 4084 1378 4159 θνητότης
1425 4086 1519 4145 καὶ
1557 4084 1724 4168 φθορὰ
1744 4084 1823 4162 ⁸⁸,

225 4179 303 4289 τῖ’
343 4175 446 4289 τῇᾱ
476 4173 572 4254 μέν
605 4175 901 4289 Ws“:
926 4173 1176 4289 δέξεσθαι
1205 4174 1580 4289 «usus
1621 4173 1826 4289 ξάναξντ

224 4265 325 4338 τὴν
371 4264 429 4325 δὲ
472 4264 667 4347 φθορὰν
714 4263 808 4325 καὶ
857 4264 1236 4347 ἐπὶμάψύχων.
1275 4263 1371 4326 Ἐν
1422 4268 1553 4343 ἡμῖν
1593 4262 1681 4326 οὖν
1728 4262 1831 4325 εἰσί

224 4378 347 4414 τινα
376 4345 602 4437 ἀψύχοις
638 4354 850 4416 ἐοικότα
868 4399 887 4433 ,
928 4345 1072 4430 οἷον,
1109 4354 1320 4437 τρίχες,
1366 4352 1458 4415 καὶ
1487 4355 1670 4435 ὄνυχες
1691 4377 1707 4393 ·
1736 4354 1831 4414 καὶ

226 4450 399 4505 τῶτα
428 4450 554 4527 γοῦν
583 4444 883 4529 ἀφθαρσίαν
912 4444 1203 4507 ἐνδύσεται.

315 4658 343 4685 σι
390 4624 572 4691 Ὅταν
619 4634 747 4709 γοῦν
766 4627 820 4667 ⁸⁹
848 4627 910 4690 τδ
958 4627 1189 4712 φθαρτὸν
1238 4632 1396 4689 τοῦτο
1438 4626 1724 4701 ἐνδύσηται
1771 4627 1832 4686 ἀ-

230 4719 531 4803 φθαρσίαν,
557 4719 736 4781 καὶτὸ
765 4719 960 4793 θνητὸν
986 4725 1145 4781 τοῦτο
1185 4717 1466 4793 ἐνδύσηται
1494 4715 1792 4777 ἀθανασίαν
1811 4762 1830 4792 ,

227 4810 352 4870 τότε
397 4809 682 4889 γενήσεται
732 4813 763 4871 δ
806 4809 958 4889 λόγος
997 4813 1028 4870 ὅ
1071 4808 1443 4891 γεγραμμένος
1468 4832 1483 4847 ο
1539 4805 1832 4880 Κατεπόθη

229 4902 259 4959 ὁ
303 4900 533 4968 θάνατος
574 4903 647 4970 εἰς
686 4908 848 4970 νῖκος.
896 4922 926 4961 ι
966 4896 1144 4963 Ὅταν
1196 4904 1370 4960 ταῦτα
1416 4897 1665 4979 γίνηται,
1714 4897 1838 4958 τότε

234 4991 540 5072 πληροῦται
570 4995 607 5065 ἡ
638 4989 818 5072 γραφὴ
863 4993 899 5063 ἡ
930 4993 1025 5051 τοῦ
1076 4988 1272 5063 Ὧσηέ.
1321 4988 1551 5060 Ἐπειδὴ
1582 4987 1686 5069 γὰρ
1725 5010 1836 5047 πα-

237 5068 435 5160 ράδοξα
465 5068 604 5155 εἶπε,
636 5068 920 5142 πιστοῦται
947 5085 1119 5141 ταῦτα
1160 5081 1207 5141 Γ
1209 5082 1406 5163 ραφικῇ
1442 5076 1729 5161 μαρτυρία.
1763 5077 1841 5139 Τὸ

237 5169 330 5246 δὲ,
366 5192 402 5229 α
434 5171 532 5241 Εἰς
557 5171 737 5253 νῖκος,
786 5197 812 5227 ι
849 5169 1157 5247 τουτέστιν,
1189 5172 1264 5239 εἷς
1298 5169 1479 5245 τέλος,
1509 5168 1650 5229 ὥστε
1691 5190 1841 5242 νικη-

1931 3206 2165 3264 corpora
2200 3207 2312 3248 non
2348 3207 2653 3264 resurgere,
2683 3193 2830 3266 quod
2864 3209 3011 3248 nunc
3038 3208 3105 3249 ex
3140 3208 3303 3249 carne
3327 3201 3383 3249 et
3404 3208 3537 3248 san-

1932 3283 2099 3354 guine
2124 3290 2399 3351 constent,
2426 3280 2592 3339 infert
2626 3299 2641 3335 :
2678 3285 2987 3356 Resurgent
3013 3282 3242 3355 quidem
3276 3298 3530 3354 corpora,

1935 3370 2033 3428 sed
2059 3387 2176 3427 non
2204 3387 2329 3443 quas
2351 3386 2479 3427 caro
2515 3378 2571 3427 et
2598 3370 2819 3444 sanguis
2841 3372 2970 3441 sint,
3001 3372 3097 3429 sed
3121 3373 3180 3427 in
3213 3371 3540 3444 incorrupti-

1934 3459 2201 3517 bilitatem
2241 3459 2651 3517 transformata.
2694 3461 2940 3517 Observa
2988 3470 3175 3517 autem
3227 3461 3387 3518 verba
3416 3460 3539 3517 haec

1935 3550 2193 3607 adversus
2222 3567 2317 3607 eos
2345 3552 2439 3623 qui
2466 3548 2683 3618 dicunt,
2724 3551 2871 3623 quod
2908 3567 3020 3607 non
3069 3550 3268 3607 eadem
3306 3567 3540 3623 corpora

1935 3649 2245 3714 resurgant,
2260 3641 2355 3698 sed
2371 3640 2492 3696 alia.
2529 3663 2555 3689 κ
2580 3640 3114 3712 (Ζοττιιρῐὶὺίιθξθιιίω
3134 3640 3263 3707 hoc,
3282 3664 3308 3690 ιι
3336 3640 3539 3713 inquit,

1942 3747 1971 3783 ιι
1998 3738 2053 3788 et
2077 3730 2309 3788 mortale
2335 3729 2464 3799 hoc,
2506 3752 2534 3781 ι
2583 3746 2698 3788 non
2735 3729 2905 3799 aliud,
2938 3729 3056 3799 sed,
3096 3730 3223 3797 hoc,
3268 3744 3397 3787 cum
3439 3729 3539 3785 de-

1936 3820 2357 3878 monstratione.
2405 3824 2601 3893 Itaque
2647 3836 2848 3893 corpus
2893 3819 3116 3892 quidem
3167 3819 3312 3877 idem
3355 3827 3543 3875 manet

1939 3908 2145 3983 (ipsum
2174 3911 2325 3967 enim
2345 3919 2430 3968 est
2447 3910 2594 3982 quod
2622 3909 2916 3981 induitur),
2935 3909 3238 3966 mortalitas
3267 3916 3461 3966 autem
3481 3917 3539 3965 et

1934 4000 2366 4072 corruptibilitas
2407 4000 2659 4057 aboletur
2691 4008 2745 4056 et
2773 3998 3066 4067 evanescit,
3117 3998 3538 4056 immortalitate

1936 4100 1995 4149 et
2021 4090 2540 4164 incorruptibilitate
2566 4091 2749 4163 ipsum
2779 4091 3051 4163 cingente.
3087 4092 3187 4147 Est
3216 4099 3406 4147 autem
3435 4089 3542 4147 dis-

1936 4182 2147 4240 crimen
2182 4181 2328 4240 inter
2348 4181 2762 4253 corruptionem
2790 4190 2847 4238 et
2894 4182 3310 4249 mortalitatem,
3373 4180 3539 4253 231

1938 4272 2091 4346 quod
2110 4272 2420 4329 mortalitas
2445 4270 2659 4329 dicatur
2679 4270 2749 4328 de
2768 4271 2900 4327 solis
2926 4271 3215 4341 animatis,
3248 4270 3533 4343 corruptio

1941 4372 2132 4421 autem
2177 4362 2351 4421 etiam
2391 4362 2460 4419 de
2500 4362 2839 4418 inanimatis.
2889 4365 2955 4418 In
2996 4362 3156 4419 nobis
3196 4362 3365 4434 igitur
3407 4367 3543 4418 sunt

1860 4461 1913 4527 Ι)
1946 4454 2201 4526 quaedam
2244 4452 2561 4510 inanimatis
2604 4452 2828 4522 similia,
2859 4453 3006 4510 velut
3032 4451 3212 4524 capilli
3247 4460 3301 4508 et
3324 4466 3496 4523 unges
3530 4468 3548 4506 :

1944 4543 2063 4602 haec
2089 4543 2301 4601 cilicet
2324 4542 2896 4615 incorruptibilitatem
2933 4542 3193 4599 induent.

2014 4636 2197 4692 Vnus.
2230 4639 2322 4691 54.
2356 4655 2384 4683 α
2434 4631 2675 4705 Quando
2705 4641 2891 4689 autem
2919 4630 3277 4704 corruptibile
3307 4628 3415 4686 hoc
3450 4630 3538 4685 in-

1943 4724 2130 4783 duerit
2164 4722 2763 4796 incorruptibilitatem,
2799 4723 2854 4778 in
2886 4723 3125 4778 mortale
3154 4720 3259 4777 hoc
3298 4718 3500 4777 induer

1944 4814 2441 4882 immortalitatem,
2473 4822 2603 4870 tunc
2621 4812 2717 4869 ﬁet
2742 4828 2928 4869 sermo
2966 4813 3059 4885 qui
3096 4812 3333 4884 scriptus
3358 4820 3444 4869 est
3485 4821 3549 4867 ιιι

1946 4906 2223 4977 Absorpta
2249 4912 2334 4961 est
2360 4919 2514 4960 mors
2534 4903 2593 4958 in
2620 4902 2930 4959 victoriam.
2959 4923 2987 4955 η
3022 4904 3243 4973 Quanto
3268 4902 3388 4959 haec
3408 4917 3553 4959 con-

1947 4994 2187 5070 tigerint,
2220 5003 2355 5051 tunc
2382 4993 2645 5065 impletur
2673 4993 2822 5064 quod
2864 4993 2933 5049 ab
2960 4994 3105 5049 Osee
3139 4993 3408 5065 scriptum
3446 4998 3551 5047 est.

1948 5085 2091 5157 Quia
2099 5085 2249 5143 enim
2260 5084 2582 5156 opinionem
2598 5083 2892 5140 hominum
2903 5082 3285 5154 exsuperantia
3298 5081 3551 5149 dixisset,

1949 5175 2247 5249 Scriptum
2272 5174 2469 5233 eadem
2491 5174 2808 5234 testimonio
2826 5172 3138 5230 conﬁrmat.
3162 5170 3329 5241 Quod
3358 5176 3549 5227 autem

307 5376 336 5409 ⁰
361 5375 536 5448 Apoc.
566 5389 694 5446 vm,
720 5382 777 5434 7.
868 5374 1058 5434 PPsal.
1085 5388 1290 5443 χχιιι,
1319 5378 1374 5431 9.
1467 5372 1653 5431 ειοεεθ
1678 5385 1822 5442 xm,
1859 5374 1953 5429 15.

1648 5534 1841 5595 Variae
1886 5533 2188 5595 lectiones.

312 5702 356 5745 ⁸⁵
378 5708 743 5781 ἀναστήσονται
763 5726 819 5768 0.
897 5707 944 5747 ⁸⁸
975 5725 1140 5764 δσεται
1175 5723 1227 5765 0.
1305 5705 1347 5741 ³⁷
1377 5709 1677 5774 συνέστηκεν
1710 5720 1762 5762 0.
1838 5703 1888 5743 ⁸⁸
1907 5703 2154 5776 ἀφθαρσία
2184 5720 2236 5760 ο.
2316 5701 2365 5740 ⁸³
2398 5700 2451 5756 δὲ
2484 5717 2547 5759 0.
