4110 6444
535 376 637 431 783

529 500 631 569 ait,
666 522 693 548 σι
741 498 800 552 in
850 493 1158 560 victoriam,
1212 513 1237 539 ››

527 590 671 646 victa
697 586 935 661 perfecte
963 582 1383 651 exterminetur,
1419 594 1482 643 ut
1508 582 1663 641 nulla
1684 594 1810 653 spes
1835 579 1885 635 ei
1915 576 1970 633 in
1999 590 2128 649 pos—

530 689 719 736 terum
749 677 909 733 ullius
950 676 1211 749 potentiae
1243 676 1599 749 relinquatur.

606 771 786 825 Vnns.
821 772 909 823 55.
946 789 970 813 α
997 766 1133 832 Ubi,
1166 782 1199 822 0
1238 781 1413 834 mors,
1461 764 1718 822 stimulus
1755 759 1920 817 tuus?
1949 757 2068 827 ubi,
2097 772 2130 811 o

531 856 762 926 inferne,
794 856 1023 913 victoria
1064 858 1197 912 tua?
1226 880 1250 905 ι»
1284 855 1520 913 Perinde
1562 869 1625 910 ac
1668 867 1755 909 res
1798 857 1975 924 gestas
1993 861 2132 904 con-

531 945 826 1019 spexisset,
872 945 1082 1017 impetu
1123 945 1310 1001 divino
1350 946 1608 1018 agitatus,
1652 939 1941 997 victoriam
1984 935 2136 993 canit

426 1048 435 1059 τ
534 1044 593 1091 et
657 1036 913 1104 exsultat,
973 1035 1143 1092 veluti
1224 1042 1545 1108 prostratae
1607 1031 1772 1088 morti
1842 1027 2132 1094 insultans,

538 1141 766 1198 eamque
794 1124 1026 1198 pedibus
1069 1125 1421 1182 conculcans.
1452 1122 1706 1181 Invenire
1748 1128 1935 1177 autem
1964 1131 2138 1189 queas

537 1214 837 1271 discrimen
872 1213 1160 1288 quoddam
1213 1216 1357 1271 inter
1396 1212 1674 1271 infernum
1729 1218 1784 1267 et
1830 1216 2070 1267 mortem
2121 1227 2133 1261 :

538 1305 812 1361 nimirum
833 1303 983 1375 quod
1003 1304 1251 1361 infernus
1271 1303 1487 1361 animas
1510 1302 1806 1369 contineat,
1826 1312 1980 1355 mors
2000 1310 2135 1354 vero

542 1410 806 1467 corpora;
835 1410 969 1451 nam
996 1396 1202 1452 animae
1229 1403 1360 1451 sunt
1387 1392 1754 1450 immortales.

616 1489 798 1544 Vnns.
830 1489 919 1542 56.
950 1508 975 1536 ιι
999 1485 1265 1541 Stimulus
1284 1499 1416 1541 vero
1440 1482 1638 1540 mortis
1658 1487 1946 1554 peccatum
1970 1486 2079 1535 est.
2111 1499 2137 1525 ιτ

544 1579 654 1634 Per
670 1576 807 1634 illud
826 1577 974 1632 enim
999 1583 1193 1647 potens
1213 1572 1337 1642 fuit,
1360 1573 1478 1645 ipso
1502 1588 1605 1630 ceu
1622 1570 1791 1628 armis
1809 1566 2141 1643 quibusdam

547 1676 605 1723 et
632 1666 855 1724 stimulo
900 1674 1074 1722 utens.
1108 1662 1345 1720 Perinde
1373 1678 1614 1735 namque
1648 1669 1711 1717 ut
1738 1659 1989 1731 scorpius
2018 1658 2139 1714 ani-

544 1756 843 1813 malculum
860 1762 943 1811 est
961 1754 1239 1826 exiguum,
1261 1755 1315 1810 in
1335 1753 1523 1809 aculeo
1547 1760 1734 1808 autem
1749 1750 1921 1806 robur
1940 1748 2108 1805 habet
2128 1764 2142 1803 :

1523 359 2040 417 THEOPHYLACTI
2079 358 2434 415 BULGARME
2470 359 2785 415 ARCHIEP.

1288 497 1370 547 est
1412 489 1473 544 in
1508 487 1679 544 ﬁnem
1723 494 1782 545 et
1830 486 2016 559 plene,
2069 493 2129 540 ut

2257 483 2402 545 θέντα
2449 483 2663 553 τελείως
2707 485 3096 566 ἀφανισθῆναι,
3148 482 3240 543 καὶ
3283 480 3420 559 μηδὲ
3474 479 3664 542 ἐλπίδα
3713 482 3847 540 ὓπο-

3738 355 3845 409 784

2237 577 2521 657 λειφθῆναι
2543 573 2596 613 ⁹⁰
2626 576 2772 655 αὐτῷ
2804 577 2897 635 τοῦ
2924 574 3058 640 ὅλως
3080 574 3305 653 ἰσχῦσαι
3331 575 3425 631 τοῦ
3454 572 3664 632 λοιποῦ.

2330 778 2361 815 ιι
2405 759 2521 817 Ποῦ
2552 779 2676 829 σου,
2710 754 2932 829 θάνατε,
2961 754 3021 813 τὸ
3054 753 3304 835 κέντρον;
3333 758 3437 814 ποῦ
3466 775 3594 828 σου,
3624 752 3751 835 ᾅδη,
3778 752 3840 812 τὸ

2240 847 2407 919 νῖκος;
2454 871 2478 898 ι
2518 843 2745 905 Ὠσανεὶ
2793 844 3052 923 γενόμενα
3100 844 3223 902 ἰδὼν
3268 843 3337 901 τὰ
3382 842 3715 923 πράγματα,
3760 845 3843 902 ἐν·

2242 940 2463 1016 θουσιᾷ,
2493 937 2586 994 καὶ
2630 932 2881 993 ἐπινίκιον
2913 937 3045 1015 βοᾷ,
3077 932 3171 991 καὶ
3214 931 3501 1011 ἀλαλάζει,
3530 932 3686 992 οἱονεὶ
3729 956 3845 992 κει-

2246 1024 2389 1106 μένῳ
2433 1028 2510 1103 τῷ
2557 1023 2769 1104 θανάτῳ
2812 1022 3152 1101 ἐπεμϐαίνων
3173 1068 3189 1097 ,
3238 1020 3332 1082 καὶ
3376 1025 3701 1082 καταπατῶν
3750 1025 3849 1083 αὖε

2243 1113 2356 1176 τόν.
2393 1114 2588 1195 Εῧροις
2629 1112 2678 1171 δ’
2711 1113 2774 1173 ἂν
2818 1112 3073 1195 διαφοράν
3100 1134 3221 1172 τινα
3265 1110 3394 1194 ᾅδου
3436 1113 3529 1173 καὶ
3579 1112 3846 1188 θανάτου,

2246 1208 2321 1286 τῷ
2360 1204 2450 1263 τὸν
2502 1201 2599 1282 μὲν
2644 1205 2776 1285 ᾅδην
2808 1203 2902 1271 τὰς
2930 1203 3105 1285 ψυχὰς
3136 1202 3385 1283 κατέχειν
3413 1226 3427 1240 ·
3460 1203 3549 1264 τὸν
3588 1203 3643 1263 δὲ
3686 1205 3851 1263 θάναο

2246 1318 2335 1354 τον
2355 1340 2372 1373 ,
2402 1293 2472 1353 τὰ
2501 1293 2750 1372 σώματα·
2785 1296 2841 1351 αἱ
2867 1293 2971 1375 γὰρ
3002 1293 3172 1374 ψυχαὶ
3206 1294 3481 1354 ἀθάνατοι.

2329 1504 2354 1533 α
2400 1475 2482 1539 Τὸ
2529 1475 2583 1535 δὲ
2629 1475 2842 1556 κέντρον
2875 1479 2968 1536 τοῦ
3006 1474 3268 1556 θανάτου,
3302 1480 3338 1549 ἡ
3384 1474 3647 1557 ἁμαρτία.
3692 1501 3718 1530 ι
3766 1480 3854 1539 Δι’

2252 1570 2418 1641 αὐτῆς
2465 1564 2567 1646 γὰρ
2618 1564 2804 1646 ἴσχυεν
2824 1565 2899 1640 9',
2947 1565 3098 1647 ὅπλῳ
3142 1566 3245 1626 τινὶ
3288 1565 3378 1625 καὶ
3427 1566 3631 1648 κέντρῳ
3676 1567 3849 1649 ταύτῃ

2251 1657 2546 1740 χρώμενος.
2600 1654 2967 1737 ⁸Ωσπερ”γὰρ
3020 1659 3049 1714 ὃ
3101 1655 3353 1736 σκορπίος
3398 1655 3551 1724 αὖτὸς
3591 1655 3687 1733 μέν
3739 1659 3858 1717 ἐστι

2254 1742 2482 1828 ζωῢφιόν
2510 1770 2563 1805 τι
2597 1746 2817 1825 μικρὸν,
2855 1748 2908 1805 ἕν
2941 1746 2997 1805 δὲ
3025 1748 3102 1827 τῷ
3131 1746 3334 1828 κέντρῳ
3372 1745 3469 1818 τὴν
3503 1744 3657 1827 ἰσχὺν
3705 1746 3819 1828 ἔχει
3841 1772 3857 1786 ο

544 1845 890 1902 consimilem
907 1843 975 1899 ad
986 1844 1257 1900 rationem
1275 1858 1428 1899 mors
1438 1857 1536 1915 per
1557 1847 1912 1914 peccatorum
1922 1837 2149 1895 robusta

2257 1837 2394 1897 οὕτω
2437 1836 2531 1895 καὶ
2557 1839 2585 1894 ὁ
2618 1836 2841 1903 θάνατος
2871 1836 2957 1895 διὰ
2986 1840 3082 1909 τῆς
3123 1835 3389 1916 ἁμαρτίας
3427 1836 3647 1917 ἴσχυεν,
3681 1836 3858 1907 ἄλλως

545 1934 674 2003 fuit,
712 1934 845 1991 alias
885 1932 1166 1990 inefficax.
1209 1936 1559 2006 Argumento
1598 1938 1683 1987 est
1728 1929 2001 1986 Dominus
2036 1943 2146 1983 n0-

541 2032 657 2081 ster
685 2042 699 2079 :
725 2039 855 2079 cum
880 2024 1027 2079 enim
1051 2038 1205 2079 mors
1232 2021 1292 2078 in
1319 2023 1439 2093 ipso
1470 2028 1754 2093 peccatum
1782 2033 1893 2074 non
1931 2015 2145 2073 inveni—

543 2120 654 2181 ret,
682 2111 936 2169 inefficax
961 2112 1190 2168 mansit.

623 2226 650 2252 ι
673 2202 866 2259 Virtus
892 2209 1078 2257 autem
1094 2200 1299 2273 peccati
1328 2200 1438 2256 lex.
1471 2222 1498 2248 ν
1522 2197 1846 2270 Quomodo?
1874 2196 2146 2267 Quoniam

546 2293 595 2348 si
624 2291 715 2348 lex
764 2306 880 2348 non
937 2299 1099 2359 esset,
1148 2305 1244 2363 per
1282 2289 1652 2362 ignorantiam
1696 2294 1987 2360 peccantes
2034 2300 2145 2342 non

545 2382 627 2439 sic
654 2380 1171 2438 condemnaremur.
1202 2382 1319 2436 Lex
1343 2387 1525 2435 autem
1558 2378 1740 2451 ipsum
1767 2375 2143 2433 manifestans.

544 2486 654 2527 nos
678 2470 856 2543 magis
880 2470 1286 2538 condemnavit,
1316 2469 1515 2542 quippe
1560 2468 1658 2539 qui
1703 2467 1937 2525 scienter
1973 2464 2145 2521 delin-

546 2577 785 2635 quamus
840 2580 853 2616 :
895 2559 1147 2634 forteque
1174 2568 1465 2632 peccatum
1510 2558 1663 2625 facit,
1705 2573 1819 2615 non
1861 2572 1957 2629 per
1979 2555 2148 2629 ipsius

545 2662 822 2720 naturam,
861 2650 962 2709 sed
988 2652 1061 2708 ob
1089 2660 1337 2709 nostram
1365 2650 1697 2719 socordiam,
1727 2649 1823 2722 qui
1864 2664 1978 2705 non
1999 2654 2149 2704 recte

545 2742 634 2799 usi
656 2758 851 2799 sumus
878 2741 1009 2798 dato
1046 2742 1209 2798 nobis
1248 2740 1517 2807 remedio,
1561 2741 1707 2798 sicut
1733 2739 1871 2797 etin
1904 2738 2147 2810 Epistola

546 2830 619 2888 ad
645 2833 932 2887 Romanos
960 2831 1128 2887 latius
1170 2838 1227 2886 et
1266 2831 1446 2887 fusius
1488 2829 1701 2887 dictum
1729 2837 1831 2886 est.
1877 2832 1958 2886 Ne
1982 2828 2149 2901 igitur

545 2918 766 2976 dubites
790 2918 861 2977 de
886 2920 1309 2988 resurrectione,
1338 2935 1372 2977 o
1404 2919 1598 2992 homo,
1627 2934 1756 2975 cum
1804 2916 1991 2975 videas
2016 2932 2148 2989 pec—

545 3019 737 3066 catum
782 3009 1065 3066 sublatum
1094 3009 1243 3082 quod
1276 3011 1475 3066 mortis
1520 3016 1638 3066 erat
1679 3023 1862 3077 arma,
1914 3020 2150 3078 cumque

2255 1925 2599 2007 ἀνενέργητος
2643 1924 2738 1984 ὥν.
2772 1927 2943 1999 Δηλοῖ
2988 1924 3045 1985 δὲ
3091 1922 3183 1985 καὶ
3228 1924 3290 1985 τὸ
3334 1931 3427 1985 τοῦ
3478 1927 3713 2007 Κυρίου⁸
3760 1927 3857 1988 καὶ

2254 2016 2358 2097 γὰρ
2418 2017 2472 2074 ἐν
2535 2017 2708 2098 τούτῳ
2782 2014 3051 2098 ἁμαρτίαν
3111 2014 3189 2092 μὴ
3249 2015 3453 2098 εὑρὼν,
3511 2016 3859 2098 ἀνενέργητος

2254 2105 2484 2184 ἔμεινεν.

2340 2218 2370 2254 α
2418 2194 2489 2257 Ἦ
2530 2194 2587 2255 δὲ
2628 2195 2849 2275 δύναμις
2889 2199 2985 2269 τῆς
3027 2194 3376 2277 ἀμαρτίας,δ
3403 2196 3578 2277 νόμος.
3608 2218 3639 2257 ι)
3690 2199 3856 2278 Πῶςς

2253 2282 2387 2347 Ὅτι
2414 2291 2506 2347 τοῦ
2534 2284 2700 2363 νόμου
2731 2285 2825 2367 μὲν
2863 2286 2938 2364 μὴ
2968 2286 3113 2354 ὄντος
3134 2330 3151 2361 ,
3182 2288 3236 2346 ἐν
3282 2287 3471 2369 ἀγνοίᾳ
3513 2287 3857 2369 ἁμαρτάνον-

2254 2401 2368 2448 τες,
2419 2378 2521 2457 οὐχ
2559 2375 2700 2436 οὕτω
2743 2376 3161 2457 κατεκρινόμεθα
3187 2399 3201 2414 ·
3235 2379 3264 2435 ὁ
3313 2377 3369 2437 δὲ
3419 2377 3577 2455 νόμος
3615 2377 3859 2460 φανερώ-

2257 2489 2353 2534 σας
2402 2466 2589 2544 αὐτὴν,
2635 2467 2912 2546 κατέκρινε
2965 2469 3170 2545 μᾶλλον
3214 2471 3392 2546 ἡμᾶς,
3445 2470 3518 2535 ὣς
3565 2469 3619 2527 ἐν
3664 2468 3858 2546 γνώσει

2257 2557 2658 2638 ἁμαρτάνοντας
2678 2577 2691 2591 ⁸
2722 2556 2815 2616 καὶ
2846 2555 3068 2638 ἰσχυρὰν
3104 2556 3272 2628 αὐτὴν
3313 2556 3585 2631 ἐποίησεν,
3614 2558 3676 2618 οὗ
3705 2559 3857 2639 παρὰ

2256 2647 2353 2719 τὴν
2398 2648 2557 2706 αὐτοῦ
2610 2646 2799 2727 φύσιν,
2848 2646 2986 2705 ἀλλὰ
3037 2647 3186 2726 παρὰ
3234 2643 3333 2720 τὴν
3380 2645 3645 2727 ἡμετέραν
3697 2650 3860 2731 p900-

2259 2736 2424 2815 μίαν,
2455 2739 2560 2796 τῶν
2603 2736 2678 2814 μὴ
2711 2738 2890 2803 καλῶς
2934 2735 3291 2818 χρησαμένων
3339 2738 3417 2817 τῷ
3467 2738 3671 2798 δοθέντι
3714 2761 3855 2820 φαρ-

2258 2826 2451 2906 μάκῳ,
2501 2829 2574 2893 ὥς
2625 2825 2718 2884 καὶ
2765 2829 2818 2885 ἐν
2866 2830 2932 2907 τῇ
2980 2826 3111 2907 πρὸς
3167 2826 3478 2909 Ἱξωμαίους
3526 2826 3856 2909 πλατιξτερον

2258 2916 2351 2975 καὶ
2380 2915 2468 2974 διὰ
2506 2915 2763 2975 πλειόνων
2791 2906 3036 2995 εἴρηται,
3058 2914 3156 2989 Μὴ
3183 2906 3272 2975 οῦν
3309 2915 3649 2997 ἀμφίϐαλλε,
3680 2907 3725 2978 ὦ
3756 2906 3858 2978 ἀν-

2258 3011 2468 3085 θρωπε,
2501 3005 2626 3086 περὶ
2654 3010 2747 3078 τῆς
2790 3007 3168 3090 ἀναστάσεως,
3203 3011 3339 3086 δρῶν
3382 3007 3466 3068 ὅτι
3494 3009 3585 3069 καὶ
3614 3011 3649 3081 ἡ
3683 3008 3859 3090 ἆμαρ-

545 3098 638 3155 lex
700 3099 771 3155 sit
827 3099 1032 3155 abolita
1083 3114 1205 3171 quae
1245 3114 1310 3155 ex
1352 3106 1549 3155 eventu
1597 3098 1769 3155 robur
1812 3104 1867 3153 et
1906 3094 2149 3169 potentia

2258 3095 2346 3155 τία
2376 3095 2605 3177 ἀνῃρέθη
2626 3142 2644 3173 ,
2691 3095 2809 3168 ἥτις
2851 3087 2916 3169 ἧν
2946 3101 3041 3177 τοῦ
3070 3095 3295 3155 θανάτου
3344 3096 3508 3157 ὅπλον
3532 3120 3547 3136 ο
3577 3099 3670 3157 καὶ
3715 3101 3744 3157 ὃ
3769 3087 3859 3160 νδ·

544 3189 812 3261 peccatis.
837 3191 982 3245 Nam
1009 3188 1238 3262 planum
1265 3195 1352 3246 est
1376 3187 1529 3261 quod
1554 3203 1710 3247 mors
1733 3194 2018 3245 exarmata
2038 3200 2152 3243 non

545 3291 716 3349 porro
743 3278 816 3335 sit
842 3278 1039 3337 valida.

620 3458 795 3517 Vnus.
826 3465 917 3516 57.
964 3481 990 3509 ι
1032 3463 1151 3517 Deo
1177 3468 1365 3518 autem
1412 3461 1607 3534 gratia,
1652 3461 1746 3534 qui
1795 3458 1951 3517 dedit
1988 3458 2152 3517 nobis

548 3549 836 3605 victoriam
859 3565 959 3621 per
977 3550 1280 3608 Dominum
1299 3559 1557 3607 nostrum
1575 3553 1762 3608 Jesum
1783 3551 2090 3608 Christum.
2120 3573 2146 3599 ιι

545 3639 771 3694 Domini
806 3640 938 3696 Jesu
990 3639 1217 3713 quidem
1270 3649 1353 3697 est
1403 3650 1716 3710 certamen;
1763 3640 1927 3698 nobis
1961 3650 2150 3698 autem

547 3728 776 3785 victoria
797 3728 931 3785 data
961 3739 1044 3785 est
1075 3751 1088 3786 :
1122 3746 1233 3787 non
1263 3746 1331 3787 ex
1359 3731 1861 3801 retribulationem,
1881 3746 2061 3802 neque
2082 3747 2150 3788 ex

545 3818 755 3887 debito,
779 3834 971 3875 verum
998 3836 1094 3892 per
1113 3821 1347 3891 gratiam
1366 3829 1421 3877 et
1443 3821 1797 3878 clementiam
1818 3821 1925 3877 Dei
1944 3822 2149 3891 Patris,

545 3908 646 3980 qui
677 3907 804 3965 fecit
825 3926 928 3966 nos
960 3910 1178 3967 vincere
1208 3927 1305 3982 per
1333 3920 1619 3968 certamen
1645 3912 1774 3968 Filii
1804 3910 1911 3967 sui.

618 4001 802 4057 Vnus.
824 4006 915 4056 58.
948 4023 974 4047 «ι
1006 4002 1214 4072 Itaque,
1246 4000 1439 4057 fratres
1466 4002 1672 4069 dilecti,
1702 4001 1922 4057 stabiles
1949 4009 2147 4070 estote,

544 4087 884 4156 immobiles,
910 4087 1257 4145 abundantes
1298 4090 1355 4143 in
1383 4105 1547 4161 opere
1580 4090 1805 4146 Domini
1850 4105 2091 4161 semper.
2120 4113 2146 4138 ιο

548 4175 1014 4247 Quandoquidem
1034 4178 1228 4243 nostis,
1246 4179 1415 4249 232
1436 4178 1626 4251 inquit,
1649 4178 1799 4252 quod
1822 4180 2151 4236 resurrectio

548 4266 625 4321 sit
640 4262 843 4333 futura,
864 4274 921 4321 et
939 4266 1314 4337 compensatio
1331 4268 1608 4325 bonorum
1628 4277 1682 4324 et
1704 4269 2008 4337 malorum,
2031 4275 2149 4324 sta-

549 4352 688 4409 biles
709 4360 903 4410 estote.
928 4354 1397 4412 Concutiebantur
1428 4357 1578 4413 enim
1601 4357 1958 4415 sermonibus
1984 4355 2055 4413 de
2076 4372 2156 4413 re-

549 4444 912 4502 surrectione.
934 4451 1008 4502 At
1016 4460 1145 4501 cum
1160 4445 1505 4519 negligerent
1517 4447 1645 4504 vitae
1660 4447 2155 4517 honestatem,tan-
2180 4415 2236 4483 D

549 4550 721 4606 quam
738 4551 853 4592 non
872 4543 1015 4593 esset
1038 4538 1391 4606 resurrectio,
1419 4538 1615 4611 inquit,
1651 4560 1677 4586 α
1710 4537 2072 4595 Abundantes
2095 4538 2153 4594 in

549 4640 721 4696 opere
743 4626 977 4683 Domini
998 4641 1239 4699 semper,
1270 4650 1297 4677 ιι
1325 4643 1441 4684 non
1461 4627 1646 4684 solum
1667 4628 1848 4700 ipsum
1862 4627 2152 4698 facientes,

549 4730 745 4771 verum
769 4716 939 4773 etiam
966 4717 1187 4774 abunde
1212 4718 1393 4789 ipsum
1420 4717 1730 4775 efficientes.
1777 4719 1931 4792 Opus
1970 4727 2156 4776 autem

548 4803 806 4873 Domini,
839 4805 948 4863 hoc
999 4814 1105 4875 est,
1154 4807 1304 4879 quod
1342 4807 1525 4881 diligit
1565 4808 1867 4879 Dominus,
1914 4817 1971 4866 et
2007 4808 2155 4882 quod

549 4892 795 4965 postulat
822 4911 853 4951 a
881 4895 1063 4965 nobis,
1095 4896 1211 4968 ipsa
1239 4898 1416 4955 virtus
1442 4905 1543 4955 est.

627 5005 654 5031 α
707 4984 956 5041 Scientes
1003 4985 1152 5059 quod
1195 4987 1349 5044 labor
1388 4997 1571 5046 vester
1614 5005 1727 5047 non
1769 4998 1852 5047 est
1891 4991 2076 5047 inanis
2101 4989 2156 5046 in

549 5071 819 5131 Domino.
867 5095 895 5129 ››
948 5077 1073 5133 Hoc
1112 5085 1212 5147 est,
1254 5077 1496 5135 futuram
1534 5080 2000 5137 resurrectionem
2027 5095 2155 5153 spe-

549 5171 757 5232 rantes,
790 5165 1184 5239 credentesque
1210 5183 1307 5224 vos
1330 5184 1446 5224 non
1483 5169 1788 5227 amissuros
1817 5184 2160 5243 quaecunque

550 5250 641 5308 hic
674 5253 1081 5313 laboraveritis.
1113 5260 1259 5313 Nam
1294 5259 1521 5315 antehac
1549 5259 1773 5330 quidem
1801 5259 2160 5333 negligebatis

548 5342 836 5415 virtutem,
867 5347 1068 5420 quippe
1098 5348 1195 5420 qui
1223 5363 1336 5405 non
1375 5349 1671 5406 crederetis
1694 5350 2161 5407 resurrectionem

550 5446 690 5504 esse,
708 5449 891 5509 neque
908 5436 1115 5494 velletis
1129 5444 1338 5495 temere
1356 5438 1602 5511 adeoque
1626 5436 1835 5497 frustra
1861 5439 2110 5497 laborare
2131 5458 2146 5497 :

2261 3207 2359 3263 μος
2405 3176 2719 3265 κατηργήθη
2744 3184 2820 3258 9³,
2866 3186 2921 3253 ὃς
2961 3176 3027 3257 ἧν
3070 3184 3124 3254 ἐξ
3176 3186 3607 3264 ἀποτελέσματος
3639 3187 3861 3266 δύναμις

2257 3279 2352 3347 τῆς
2383 3275 2670 3356 ἁμαρτίας.
2720 3274 3001 3356 Πρόδηλον
3040 3276 3165 3357 γὰρ,
3202 3274 3284 3336 ὅτι
3318 3277 3661 3357 ἀφοπλισθεὶς
3702 3281 3732 3337 δ
3764 3280 3861 3339 θά-

2259 3389 2412 3434 νατος
2441 3364 2621 3425 οὐκέτι
2650 3363 2846 3446 ἰσχύει.

2347 3477 2379 3516 α
2420 3459 2519 3537 Τῷ
2542 3456 2598 3515 δὲ
2627 3458 2755 3537 Θεῷ
2786 3455 2943 3537 χάρις
2969 3460 3046 3537 τῷ
3086 3455 3281 3517 διδόντι
3320 3460 3452 3535 ἡμῖν
3492 3457 3556 3518 τὸ
3598 3464 3741 3527 νῖκος
3770 3458 3860 3520 διὰ

2258 3549 2353 3605 τοῦ
2385 3546 2587 3627 Κυρίου
2616 3550 2771 3625 ἡμῶν
2803 3545 2983 3621 Ἰησοῦ
3028 3549 3286 3628 Χριστοῦ.
3334 3572 3359 3601 ι
3387 3549 3499 3608 Τοῦ
3530 3546 3627 3627 μὲν
3659 3548 3860 3631 Κυρίου

2259 3635 2441 3709 Ἰησοῦ
2489 3640 2518 3695 ὂ
2569 3635 2741 3716 ἀγὼν,
2785 3640 2915 3715 ἡμῖν
2969 3636 3023 3696 δὲ
3075 3636 3136 3696 τὸ
3177 3638 3317 3705 νῖκος
3366 3637 3575 3698 δέδοται
3598 3661 3614 3678 ο
3660 3640 3756 3699 οὐκ
3804 3638 3857 3708 ἐξ

2258 3725 2517 3804 ἀμοιϐῆς,
2549 3726 2669 3787 οὐδὲ
2718 3726 2860 3787 κατὰ
2907 3726 3161 3808 ὀφειλὴν,
3190 3725 3331 3787 ἀλλὰ
3364 3726 3505 3787 κατὰ
3551 3727 3712 3810 χάριν
3764 3728 3858 3787 καὶ

2259 3816 2660 3898 φιλανθρωπίαν
2732 3821 2824 3876 τοῦ
2888 3820 3034 3879 Θεοῦ
3103 3817 3197 3876 καὶ
3266 3817 3510 3898 Πατρὸς,
3581 3818 3637 3886 ὃς
3714 3823 3861 3897 ἡμᾶς

2258 3907 2478 3980 ἕποίησε
2508 3915 2656 3986 νικᾷν
2688 3905 2774 3965 διὰ
2797 3909 2894 3964 τοῦ
2918 3907 3118 3984 ἀγῶνος
3139 3910 3230 3965 τοῦ
3263 3909 3395 3968 Υίοῦ
3426 3910 3611 3971 αὐτοῦ.

2349 4017 2379 4053 ι(
2419 3992 2624 4066 υΩστε,
2656 3994 2875 4075 ἀδελφοί
2914 4017 3015 4071 μου
3060 3996 3358 4075 ἀγαπητοὶ,
3384 3999 3585 4077 ἑδραῖοι
3616 3997 3820 4079 γίνεσθε
3840 4045 3857 4071 ,

2261 4084 2668 4159 ἀμετακίνητοι,
2697 4083 3098 4163 περισσεύοντες
3140 4085 3195 4142 ἐν
3223 4087 3302 4166 τῷ
3346 4085 3485 4168 ἔργῳ
3525 4093 3616 4147 τοῦ
3661 4088 3861 4168 Κυρίου

2258 4172 2511 4234 πάντοτε.
2564 4193 2596 4231 ι)
2651 4171 2811 4233 Ἐπεὶ
2830 4171 2881 4212 ⁹⁴
2934 4173 3164 4252 ἔγνωτε,
3196 4174 3390 4256 φησὶν,
3439 4176 3522 4234 ὅτι
3568 4178 3861 4247 ἀνάστασις

2259 4263 2432 4340 ἔσται,
2458 4262 2551 4321 καὶ
2576 4260 2775 4341 ἀμοιϐὴ
2805 4265 2986 4323 καλῶν
3015 4263 3106 4323 καὶ
3132 4263 3372 4345 φαύλων,
3406 4265 3608 4345 ἑδραῖοι
3635 4266 3859 4346 γίνεσθε.

2265 4350 2619 4412 Ἐσαλεύοντο
2662 4351 2766 4434 γὰρ
2823 4356 2877 4413 ἐν
2933 4361 3043 4423 τοῖς
3092 4354 3215 4436 περὶ
3264 4356 3610 4424 ἀναστάσεως
3663 4357 3857 4437 λόγοις.

2264 4441 2424 4504 Ἐπεὶ
2467 4444 2520 4503 δὲ
2564 4442 2795 4521 ἠμέλουν
2838 4443 2930 4504 καὶ
2987 4444 3103 4526 βίου
3153 4447 3389 4524 ἀγαθοῦ,
3443 4452 3517 4515 ὥς
3561 4448 3661 4506 οὐκ
3702 4446 3865 4520 οὔσης

2262 4535 2414 4605 δῆθεν
2468 4533 2835 4606 ἀναστάσεως,
2897 4534 3056 4617 φησί’
3119 4561 3145 4589 ιι
3200 4535 3618 4617 Περισσεύοντες
3672 4538 3727 4596 ἐν
3782 4538 3862 4618 τῷ

2262 4622 2401 4704 ἔργῳ
2446 4629 2538 4684 τοῦ
2587 4625 2787 4705 Κυρίου
2829 4624 3091 4685 πάντοτεο
3136 4646 3169 4685 ο
3222 4628 3282 4685 οὗ
3330 4625 3489 4703 μόνον
3516 4627 3648 4686 αὐτὸ
3694 4627 3858 4708 ἔργα·

2261 4713 2503 4791 ζόμενοι,
2536 4713 2675 4774 ἀλλὰ
2719 4713 2813 4774 καὶ
2856 4715 2917 4773 ἐκ
2945 4715 3252 4796 περιουσίας
3289 4716 3419 4776 αὐτὸ
3464 4720 3751 4783 ποιοῦντες.
3783 4716 3865 4779 Τὸ

2263 4802 2320 4863 δὲ
2343 4802 2496 4885 ἔργον
2541 4808 2634 4863 τοῦ
2664 4804 2901 4882 Κυρίου,
2937 4803 3244 4878 τουτέστιν,
3277 4802 3306 4864 ὃ
3353 4807 3540 4888 ἀγαπᾷ
3569 4810 3598 4865 ὁ
3640 4805 3858 4887 Κύριος,

2264 4893 2357 4952 καὶ
2390 4892 2420 4952 8
2449 4895 2667 4952 ἀπαιτεῖ
2699 4893 2829 4973 παρ’
2860 4896 3016 4969 ἡμῶν
3035 4938 3051 4968 ,
3077 4898 3112 4966 ἡ
3144 4893 3307 4975 ἀρετή
3337 4896 3505 4957 ἐστιν.

2354 5004 2385 5041 σ
2428 4980 2679 5056 Εἷδότες,
2711 4984 2792 5042 ὅτι
2828 4982 2921 5042 καὶ
2967 4986 2997 5041 ὃ
3042 4982 3202 5052 κόπος
3245 4988 3394 5064 ὑμῶν
3436 4986 3534 5045 οὖκ
3574 4985 3688 5045 ἔστι
3717 4985 3866 5052 κενὸς

2266 5074 2319 5131 ἐν
2368 5070 2578 5153 Κυρίῳ.
2623 5100 2647 5123 ι»
2691 5070 3025 5149 Τουτίστιν,
3070 5073 3400 5153 ἐλπίζοντες,
3447 5074 3530 5135 ὅτι
3573 5075 3866 5143 ἀνάστασις

2266 5161 2458 5239 ἔσται,
2508 5161 2599 5222 καὶ
2645 5160 2747 5222 ὅσα
2800 5162 2861 5221 ἂν
2910 5163 3245 5239 κοπιάσητε,
3295 5166 3354 5224 οὗ
3408 5164 3483 5243 μὴ
3535 5166 3859 5237 ἀπολέσητε.

2269 5252 2467 5334 Πρώην
2523 5253 2619 5330 μὲν
2666 5251 2769 5334 γὰρ
2812 5255 3062 5335 ἠμελεῖτε
3113 5257 3207 5326 τ’ἤς
3256 5256 3487 5335 ἀρετῆς,
3522 5257 3594 5324 ὥς
3650 5253 3727 5332 μὴ
3780 5277 3870 5314 πι-

2266 5332 2539 5410 στεύοντες
2570 5332 2861 5404 ἀνάστασιν
2888 5332 3060 5420 εἶναι,
3094 5343 3188 5404 καὶ
3218 5332 3308 5404 διά
3333 5349 3491 5405 τοῦτο
3522 5344 3600 5424 μὴ
3629 5345 3867 5412 θέλοντες

2258 5435 2423 5501 κενῶς
2462 5442 2687 5514 κοπιᾷψ
2723 5436 2816 5493 νῦν
2855 5431 2911 5493 δὲ
2955 5432 3168 5515 οἴδατε,
3216 5433 3329 5511 ὅτι,
3359 5434 3410 5496 εἴ
3444 5459 3495 5496 τι
3534 5434 3868 5516 κοπιάσητε,

1945 5566 2136 5628 Variae
2178 5567 2483 5631 lectiones.

629 5675 647 5710 ³
696 5677 1052 5747 ἀπολειφθῆναι
1078 5699 1130 5740 ο.
1211 5684 1249 5720 9³
1285 5682 1487 5756 ἴσχυσεν
1518 5701 1593 5743 ω.
1671 5685 1981 5757 πκαθῃρέθη
2017 5702 2068 5743 0.
2147 5684 2191 5720 ⁸³
2214 5686 2405 5740 δίδοται
2441 5700 2521 5741 m.
2598 5685 2641 5720 ³⁸
2671 5684 2845 5753 ἐπειδὴ
2878 5702 2932 5743 ο.
