4110 6410
284 532 391 587 785

1182 535 1538 595 EXPOSITIO
1576 537 1643 594 [Ν
1679 536 1896 594 EPIST.

1995 539 2088 595 AD
2124 539 2283 597 COR.
2321 570 2390 582 —
2419 541 2570 598 CAP.
2612 544 2742 599 XVI.
3492 550 3598 605 786

282 659 384 719 οὔκ
407 657 558 720 ἔσται
583 658 761 722 κενόν.
786 658 868 722 Τὸ
896 658 953 720 δὲ
969 705 988 737 ,
1018 683 1050 719 α
1072 660 1169 722 Ἐν
1200 662 1385 745 Κυρίῳ
1403 710 1421 739 ,
1448 684 1479 723 n
1506 660 1580 737 ἢ,
1605 662 1686 725 ὅτι
1705 663 1778 725 Ὁ
1802 663 1886 725 κό-

2001 680 2144 723 nunc
2190 674 2380 724 autem
2434 667 2685 736 novistis,
2723 669 2872 741 quod
2917 668 2962 725 si
3010 668 3147 742 quid
3194 671 3591 741 laboraveritis,

281 772 385 817 πος
411 750 561 825 ὖμῶν
597 751 627 809 6
655 750 709 809 ἐν
751 749 964 834 Κυρίῳ,
992 751 1300 831 τουτέστιν,
1342 757 1371 813 6
1412 753 1509 813 καὶ
1557 753 1655 826 τὴν
1689 754 1887 814 ἄνωθεν

284 838 541 919 βοήθειαν
588 838 748 921 ἔχων,
782 843 856 908 ὥς
905 840 996 902 ἐπὶ
1033 841 1334 924 θεαρέστοις
1361 842 1534 925 ἔργοις
1577 844 1887 925 γινόμενος·

279 928 343 1004 ἢ,
369 926 454 989 ὅτι
479 928 647 1012 Παρὰ
677 930 861 1012 Κυρίῳ
889 934 948 992 οὗ
992 933 1430 1009 ματαιωθήσεται
1460 938 1490 994 6
1528 933 1711 1011 κόπος,
1740 933 1888 995 ἀλλὰ

286 1018 525 1102 λήψεσθε
552 1018 680 1103 παρ’
709 1019 910 1082 ἐκείνου
937 1021 1036 1091 τὰς
1066 1022 1319 1102 ἀμοιϐάς.

850 1250 1146 1312 ΚΕΦΑΛ.
1195 1247 1324 1328 1c.

367 1404 401 1443 α
450 1382 590 1465 Περὶ
620 1383 677 1445 δὲ
718 1386 814 1455 τῆς
838 1384 1022 1464 λογίας
1047 1389 1142 1459 τῆς
1171 1387 1245 1454 εἰς
1288 1384 1408 1454 τοὺς
1440 1386 1621 1467 ἁγίους
1641 1434 1659 1467 ,
1704 1386 1888 1471 ὥσπερ

282 1471 502 1543 διέταξα
551 1477 667 1543 ταῖς
712 1474 1066 1549 Ἕκκλησίαις
1110 1480 1205 1548 τῆς
1250 1477 1561 1557 Γαλατίας,
1605 1476 1749 1539 οὕτω
1800 1478 1891 1538 καὶ

279 1566 436 1642 ὑμεῖς
484 1564 767 1638 ποιήσατε.
813 1587 844 1625 )›
896 1567 1225 1646 Ἀπαρτίσας
1276 1567 1366 1627 τὸν
1413 1568 1537 1649 περὶ
1591 1571 1696 1628 τῶν
1754 1571 1883 1647 δογ-

283 1652 473 1731 μάτων
514 1654 667 1733 λόγον
687 1701 720 1739 ,ν
756 1658 829 1725 εἷς
846 1656 900 1697 9³
947 1656 1010 1717 τὸ
1057 1656 1346 1739 κεφάλαιον
1386 1662 1493 1718 τῶν
1536 1659 1738 1738 ἀρετῶν
1790 1659 1884 1732 τὴν

283 1744 655 1821 ἐλεημοσύνην
684 1738 837 1819 ἦλθε.
869 1746 1070 1828 Λογίαν
1097 1738 1153 1807 δὲ
1190 1750 1345 1808 καλεῖ
1369 1747 1420 1786 9°
1449 1748 1547 1821 τὴν
1584 1749 1848 1829 συλλογὴν
1868 1795 1886 1827 ,

283 1836 488 1915 κοῦφον
532 1833 676 1904 εὐθὺς
724 1836 786 1898 τὸ
829 1844 1056 1917 πρᾶγμα
1110 1841 1277 1897 ποιῶν
1332 1840 1396 1899 ἐκ
1442 1838 1755 1919 προοιμίων.
1808 1839 1888 1901 Τὸ

285 1922 392 2010 γαρ
436 1924 497 1982 ἐκ
542 1926 753 1985 πολλῶν
799 1926 1267 2009 συνεισφερόμενον
1307 1932 1502 2009 κοῦφον
1546 1921 1612 2001 ἦν
1651 1929 1886 2010 ἑκάστῳ.

1996 770 2110 813 non
2123 756 2194 813 sit
2213 755 2468 814 futurum
2479 774 2703 815 vanum.
2719 759 2882 830 Quod
2896 775 3023 816 vero
3037 760 3138 832 ait,
3158 784 3184 809 ιι
3202 761 3254 817 in
3268 762 3535 833 Domino,
3561 788 3586 813 ν

1995 845 2081 903 vel
2102 846 2252 919 quod
2277 847 2436 905 labor
2465 857 2643 905 vester
2664 849 2756 921 qui
2781 857 2866 906 est
2904 851 2963 905 in
2991 851 3260 923 Domino,
3305 851 3411 909 hoc
3429 861 3535 921 est,
3565 870 3595 907 a

1995 937 2248 1009 supernis
2291 938 2558 995 auxilium
2585 938 2815 1008 habens,
2846 947 2907 996 ut
2935 940 3029 1012 qui
3056 941 3150 996 ﬁat
3176 940 3249 998 ob
3274 957 3436 1014 opera
3476 945 3597 998 Deo

1996 1032 2177 1100 grata:
2228 1028 2335 1097 vel,
2396 1028 2540 1101 apud
2580 1029 2888 1085 Dominum
2930 1046 3044 1086 non
3078 1046 3253 1087 vanus
3299 1030 3395 1087 ﬁet
3436 1030 3595 1087 labor

1998 1123 2198 1188 vester,
2217 1132 2411 1176 verum
2438 1118 2714 1192 accipietis
2740 1119 2809 1175 ab
2840 1119 2936 1177 illo
2959 1121 3485 1193 compensationem.

2591 1266 2832 1325 CAPUT
2859 1268 3014 1325 XVI.

2069 1413 2244 1469 Vnas.
2278 1418 2329 1468 1.
2366 1430 2396 1466 ι(
2425 1414 2508 1469 De
2534 1412 2761 1468 collecta
2803 1427 2933 1469 vero
2978 1427 3105 1484 quae
3146 1412 3209 1469 fit
3235 1412 3293 1468 in
3339 1420 3596 1481 sanctos,

1997 1500 2136 1557 sicut
2181 1500 2433 1558 ordinavi
2460 1503 2520 1558 in
2558 1502 2815 1559 Ecclesiis
2862 1502 3125 1572 Galatiae,
3182 1502 3259 1559 sic
3286 1510 3344 1559 et
3371 1518 3469 1559 vos
3512 1503 3597 1560 fa-

1992 1590 2116 1646 cite.
2148 1615 2173 1639 »
2194 1591 2463 1647 Absoluta
2481 1590 2549 1647 de
2562 1591 2911 1664 dogmatibus
2928 1607 3205 1665 sermone,
3219 1592 3288 1648 ad
3309 1609 3598 1650 summam

1994 1680 2268 1737 virtutum
2297 1682 2727 1754 eleemosymam
2766 1683 2939 1738 venit.
2988 1683 3173 1752 Λογίαν
3218 1691 3408 1739 autem
3434 1683 3599 1740 collc-

1996 1770 2238 1828 ctionem
2264 1781 2445 1840 vocat,
2466 1773 2656 1828 statim
2673 1772 2743 1827 ab
2770 1771 2996 1828 exordio
3025 1788 3147 1828 rem
3166 1772 3343 1828 levem
3367 1771 3593 1831 faciens.

1997 1864 2139 1919 Nam
2156 1861 2303 1934 quod
2326 1878 2357 1917 a
2372 1862 2557 1918 multis
2578 1861 3028 1918 contribuebatur
3054 1862 3170 1917 leve
3189 1870 3306 1917 erat
3332 1861 3583 1934 singulis.

1999 1951 2214 2008 Deinde
2241 1951 2310 2009 ad
2338 1952 2749 2010 amulationem
2769 1967 2864 2008 eos
2884 1951 3036 2008 ducit
3061 1951 3595 2008 commemoratione

284 2002 431 2073 Εἶτα
468 2012 545 2081 εἷς
588 2017 747 2115 ζῆλον
790 2002 1189 2115 αὐτούς’ἄγειθτ
1333 2002 1580 2115 διηγήσει
1615 2021 1721 2078 τῶν
1766 2002 1889 2079 ἑτέ-

2001 2057 2189 2099 eorum
2217 2058 2342 2115 quae
2381 2043 2470 2099 alii
2502 2050 2806 2114 gesserant,
2836 2041 3004 2098 Sicuti
3033 2041 3277 2110 Galatae,
3322 2041 3595 2113 inquiens,

287 2124 398 2183 ροις
425 2105 1139 2190 κατορθωθέντωνξΩσπερ
1166 2107 1293 2189 γὰρ,
1324 2108 1484 2190 φησὶν
1502 2155 1520 2185 .,
1558 2111 1606 2169 οἱ
1642 2110 1886 2170 Γαλάται

284 2192 670 2266 πεποιήκασιν.
720 2199 838 2259 Οὖκ
867 2186 986 2257 εἷπε
1017 2196 1072 2256 δὲ
1092 2186 1122 2269 ,“
1152 2186 1477 2280 Παρῄνεσα,
1518 2199 1689 2273 ἀλλὰ,
1727 2222 1759 2256 α
1800 2203 1890 2260 Δι-

284 2280 476 2357 έταξα,
520 2304 551 2344 ι
596 2285 729 2367 ὅπερ
778 2285 1254 2368 αὖθεντικώτερον,
1295 2286 1384 2348 ἶνα
1436 2287 1636 2369 μάθῃς,
1684 2288 1765 2347 ὅτι
1808 2289 1889 2347 δι-

284 2371 511 2452 άταγμα
563 2375 842 2456 βασιλικόν
897 2380 1039 2453 ἐστι,
1083 2377 1175 2438 καὶ
1223 2377 1299 2458 μὴ
1341 2378 1749 2460 καταφρονήσῃς
1795 2384 1888 2438 τοῦ

284 2461 633 2544 πράγματος.

382 2576 415 2614 τ
448 2556 602 2618 Κατὰ
632 2555 759 2635 μίαν
791 2556 1097 2619 Σαϐϐάτων
1128 2556 1347 2625 ἕκαστος
1376 2560 1525 2636 ὑμῶν
1553 2561 1682 2640 παρ’
1713 2560 1889 2639 ἑαυτῷ

282 2648 509 2722 τιθέτω,
548 2646 875 2727 θησαυρίζων
919 2645 952 2706 8
983 2671 1035 2707 τι
1077 2647 1139 2707 ἂν
1182 2649 1458 2711 εὗοδῶται.
1491 2672 1524 2705 to
1557 2646 1704 2709 Μίαν
1736 2648 1887 2709 Σαϐ-

286 2738 471 2800 ϐάτων
512 2734 610 2809 τὴν
661 2736 940 2817 Κυριακὴν
971 2741 1125 2798 καλεῖ
1140 2738 1212 2814 93,
1260 2739 1380 2798 ἀντὶ
1422 2743 1550 2812 τοῦ,
1597 2737 1695 2811 τὴν
1731 2738 1890 2819 πρώ-

284 2852 388 2902 την
420 2829 527 2886 τῶν
569 2831 663 2887 τοῦ
707 2825 999 2889 Σαϐϐάτου
1041 2827 1162 2901 ἤτοι
1206 2831 1304 2900 τῆς
1331 2827 1622 2905 ἑϐδομάδος
1649 2830 1887 2908 ἡμερῶν.

286 2917 405 2980 Καὶ
461 2916 570 2977 ἀπὸ
627 2921 723 2990 τῆς
762 2917 967 2999 ἡμέρας
1029 2917 1085 2979 δὲ
1136 2918 1228 2978 ἐπὶ
1281 2918 1643 2997 ἐλεημοσύνην
1701 2917 1891 2986 αὖτοὺς

286 3004 682 3088 προτρέπεται,
712 3011 819 3068 τῶν
852 3009 905 3066 ἐν
936 3009 1073 3089 αὐτῇ
1103 3009 1410 3089 μυστηρίων
1439 3007 1885 3088 ὑπομιμνήσκων.

290 3100 671 3178 Προνοητικῶς
706 3096 763 3157 δὲ
818 3096 939 3158 λίαν
1000 3097 1205 3158 κελεύει
1259 3097 1593 3179 θησαυρίζειν
1630 3097 1887 3172 ἕκαστον,

285 3185 423 3267 ὅπερ
454 3185 521 3246 ἂν
549 3188 839 3264 εὐοδῶται,
862 3186 1155 3263 τουτέστιν,
1184 3187 1315 3268 ὅπερ
1340 3186 1404 3247 ἂν
1437 3192 1466 3247 6
1493 3187 1629 3254 θεὸς
1657 3186 1847 3269 πέμψῃ
1869 3233 1887 3262 ,

1996 2131 2261 2190 fecerunt.
2305 2135 2436 2189 Non
2460 2132 2600 2190 dixit
2616 2140 2803 2188 autem
2823 2174 2839 2201 ,
2871 2134 3136 2187 Hortatus
3164 2147 3325 2199 sum,
3372 2146 3596 2197 verum,

2001 2245 2028 2272 α
2070 2222 2355 2295 ordinavi,
2385 2246 2413 2275 to
2453 2222 2602 2295 quod
2651 2230 2768 2278 erat
2816 2222 3043 2294 majoris
3095 2221 3478 2291 auctoritatis,
3526 2230 3589 2278 ut

1996 2311 2175 2371 discas
2217 2313 2628 2372 ordinationem
2667 2327 2790 2370 esse
2816 2311 3046 2384 regiam,
3073 2326 3254 2385 neque
3281 2327 3399 2369 rem
3426 2311 3602 2386 ipsam

1997 2403 2323 2476 asperneris.

2068 2586 2248 2643 Vnns.
2283 2589 2336 2641 2.
2374 2603 2404 2638 α
2445 2587 2512 2641 In
2550 2600 2661 2640 una
2696 2583 3060 2641 Sabbatorum
3089 2583 3465 2656 unusquisque
3511 2600 3600 2640 ve-

1996 2684 2175 2734 strum
2219 2674 2365 2748 apud
2394 2691 2454 2732 se
2489 2684 2723 2747 seponat
2761 2674 3064 2731 recondens
3092 2673 3241 2746 quod
3277 2688 3603 2745 prosperum

1995 2764 2183 2823 fuerit.
2219 2789 2244 2816 »
2277 2769 2467 2823 Unam
2498 2765 2869 2821 Sabbatorum
2898 2763 3257 2819 Dominicam
3285 2770 3470 2832 vocat,
3497 2762 3606 2820 hoc

1998 2865 2083 2913 est
2139 2856 2378 2927 primam
2420 2854 2640 2911 Sabbati
2682 2854 2763 2911 vel
2806 2852 3172 2910 hebdomadis
3220 2852 3456 2910 dierum.
3517 2852 3607 2909 Ab

1998 2946 2120 3019 ipso
2143 2953 2324 3003 autem
2343 2944 2429 3002 die
2452 2944 2519 3001 ad
2542 2944 2947 3017 eleemosynam
2976 2958 3070 2999 eos
3093 2942 3369 3011 hortatur,
3391 2950 3594 3016 myste-

1998 3035 2209 3092 riorum
2248 3050 2373 3109 quae
2401 3034 2459 3091 in
2496 3050 2562 3091 eo
2616 3042 2956 3107 peraguntur
2986 3032 3327 3090 mentionem
3376 3032 3604 3090 faciens.

1999 3125 2172 3182 Valde
2223 3133 2407 3182 autem
2461 3124 2754 3197 prudenter
2796 3123 2959 3197 jubet
3011 3122 3316 3194 quemlibet
3350 3122 3608 3194 colligere

2001 3214 2154 3289 quod
2183 3215 2527 3282 successerit,
2558 3214 2663 3270 hoc
2693 3221 2797 3283 est,
2828 3211 3093 3285 quidquid
3125 3216 3272 3268 Deus
3296 3211 3511 3269 dederit
3545 3228 3608 3267 ac

286 3275 385 3377 καὶ
474 3276 698 3377 ¹εὐχερὲς
714 3276 861 3377 ήέχῃ.
909 3278 993 3377 φῦ
1037 3276 1143 3377 γὰρ
1189 3269 1577 3377 εἶπεγ,.Εὒθὺς
1606 3275 1763 3377 φέρε,
1804 3274 1891 3338 ἵνα

2003 3269 2241 3374 miserit,
2291 3312 2348 3361 et
2375 3269 2527 3377 quod
2552 3302 2709 3360 facile
2739 3269 2941 3376 potest.
2967 3269 3091 3359 i‘Ion
3135 3302 3286 3359 enim
3311 3301 3466 3367 dixit,
3494 3303 3612 3359 Sta-

292 3365 372 3445 μὴ
400 3366 576 3447 ὀλίγον
602 3390 684 3436 τις
710 3365 852 3449 ἔχων
892 3367 1245 3450 αἰσχύνηται,
1281 3368 1453 3441 ἀλλὰ,
1488 3366 1651 3447 Παρὰ
1685 3369 1895 3449 σεαυτῷ

294 3454 522 3538 σύναγε,
549 3458 642 3519 καὶ
673 3457 800 3519 ὅταν
830 3456 1101 3540 ἀξιόλογον
1116 3456 1167 3495 ⁹⁹
1198 3459 1440 3538 γένηται,
1470 3456 1592 3517 τότε
1623 3457 1767 3538 φέρε.

384 3680 418 3719 α
443 3657 570 3719 Ἵνα
602 3654 679 3734 μὴ
705 3653 833 3715 ὅταν
862 3653 1032 3730 ἔλθω,
1062 3654 1183 3715 τότε
1207 3652 1381 3734 λογίαι
1404 3654 1678 3735 γίνωνται.
1715 3676 1745 3714 ι»
1775 3653 1898 3715 Ἵνα

289 3753 404 3832 μὴ,
451 3746 611 3832 φησὶν
638 3791 656 3825 ,
707 3745 835 3806 ὅταν
883 3743 976 3827 δέῃ
1034 3743 1372 3819 ἀναλίσκειν,
1428 3743 1549 3804 τότε
1605 3744 1890 3824 συνάγητε.

291 3839 483 3905 Εἰπὼν
541 3835 626 3910 δὲ,
688 3857 717 3894 ε
766 3833 947 3897 Ὅταν
1015 3834 1179 3910 ἔλθω,
1227 3833 1656 3915 προθυμοτέρους
1708 3833 1897 3903 αὖτοὺς

286 3932 421 4014 πρὸς
456 3927 557 4001 τὴν
586 3923 849 4003 συλλογὴν
896 3932 1069 4000 ποιεῖ,
1115 3926 1187 3993 ὣς
1226 3925 1311 3982 ἐπ’
1341 3922 1525 4006 ὄψεσιν
1563 3925 1726 3984 αὐτοῦ
1765 3926 1893 4002 μελ-

289 4021 489 4093 λούσης
513 4016 727 4078 ἔσεσθαι
754 4019 849 4088 τῆς
879 4022 1248 4096 συνεισφορᾶς.

384 4133 418 4171 α
452 4107 632 4169 Ὅταν
656 4104 715 4167 δὲ
739 4106 1164 4187 παραγένωμαι,
1204 4102 1294 4172 οθς
1321 4103 1413 4164 ἐὰν
1440 4103 1796 4184 δοκιμάσητε,
1826 4104 1895 4163 δι’

293 4201 593 4262 ἐπιστολῶν
611 4244 629 4272 ,
680 4196 899 4264 τούτους
947 4194 1148 4277 πέμψω
1203 4195 1513 4274 ἀπενεγκεῖν
1570 4194 1668 4266 τὴν
1733 4193 1893 4276 χάριν

293 4293 448 4371 ὑμῶν
479 4291 551 4357 εἷς
577 4284 956 4368 Ἰερουσαλήμ.
1003 4306 1034 4343 ι)
1073 4285 1271 4351 Καλῶς
1310 4283 1399 4359 τὸ,
1448 4306 1478 4343 (ι
1518 4284 1629 4352 Οθς
1669 4283 1760 4345 ἐὰν
1800 4286 1890 4344 δο-

294 4380 596 4458 κιμάσητε,
626 4398 659 4437 n
694 4375 959 4449 τέθεικεν,
994 4374 1308 4457 ἀποφεύγων
1335 4380 1613 4455 πανταχοῦ
1642 4373 1710 4434 τὰ
1736 4374 1899 4434 σκάν-

2006 3395 2110 3452 tim
2138 3394 2238 3464 fer,
2270 3410 2340 3451 ne
2372 3394 2498 3465 quis
2539 3408 2732 3466 parum
2777 3392 2984 3449 habens
3012 3390 3257 3464 pudcﬁat
3298 3391 3427 3449 :sed
3454 3392 3607 3448 enim

2009 3484 2156 3557 apud
2167 3484 2406 3557 teipsum
2425 3483 2636 3555 collige,
2656 3489 2713 3538 et
2723 3482 2944 3555 quando
2956 3496 3139 3554 Operae
3155 3481 3396 3552 pretium
3410 3480 3573 3538 fuerit
3585 3524 3604 3551 ,

2005 3582 2129 3631 tum
2156 3572 2312 3630 affer.

2080 3685 2109 3715 α
2136 3665 2219 3721 Ut
2252 3678 2387 3731 non,
2431 3678 2561 3719 cum
2588 3677 2815 3730 venero,
2845 3669 2966 3717 tum
2990 3660 3344 3719 collectiones
3372 3660 3531 3717 ﬁant.
3575 3681 3603 3714 ι)

2002 3756 2085 3813 Ut
2112 3770 2225 3810 non
2266 3768 2393 3810 cum
2422 3768 2559 3825 opus
2587 3750 2758 3808 fuerit
2784 3750 3107 3822 expendere,
3155 3758 3277 3806 tum
3304 3750 3599 3822 colligatis.

2008 3845 2255 3902 Dicendo
2278 3852 2486 3910 autem,
2535 3864 2561 3891 ‹‹
2592 3842 2734 3898 Cum
2777 3855 2999 3906 venero,
3033 3857 3061 3892 πυ
3095 3855 3192 3896 eos
3236 3840 3607 3912 promptiores

2004 3933 2135 3992 facit
2162 3933 2234 3991 ad
2272 3932 2682 3998 collectionem,
2726 3932 2885 4005 quasi
2922 3929 3253 3987 contributio
3304 3928 3375 3986 ad
3417 3929 3608 3986 oculos

2001 4024 2177 4099 ipsius
2220 4030 2551 4097 perventura
2580 4021 2671 4078 sit.

2075 4113 2245 4186 233
2274 4114 2461 4169 Vsns.
2494 4118 2547 4169 3.
2583 4134 2609 4160 ‹‹
2633 4109 2874 4182 Quando
2912 4118 3104 4167 autem
3137 4109 3436 4173 advenero,
3467 4125 3607 4183 quos

2002 4203 2363 4278 probaveritis
2392 4218 2488 4274 per
2527 4201 2790 4274 epistolas
2816 4199 2921 4257 hos
2955 4201 3180 4257 mittam
3210 4198 3455 4272 perferre
3480 4215 3606 4273 gra-

2005 4294 2143 4350 tiam
2184 4301 2425 4349 vestram
2471 4292 2527 4348 in
2570 4290 2891 4348 Jerusalem.
2962 4313 2988 4339 ιι
3060 4289 3298 4347 Pulchre
3356 4312 3383 4339 α
3454 4290 3611 4362 Quos

2006 4383 2367 4457 probaveritis
2423 4401 2454 4437 »
2498 4381 2704 4454 posuit,
2760 4380 2961 4454 ubique
3012 4380 3270 4437 scandala
3298 4380 3609 4453 aufugiens,

295 4472 437 4531 δαλα
459 4513 476 4543 ,
519 4467 608 4527 ἵνα
647 4466 723 4546 μὴ
772 4464 1175 4525 θποπτεύσωσιν
1218 4466 1291 4532 ὡς
1337 4463 1495 4531 αὐτός
1546 4487 1628 4559 τι.
1646 4464 1891 4545 βούλεται

2010 4492 2084 4534 ne
2137 4477 2485 4550 suspicentur
2523 4476 2703 4548 ipsum
2741 4474 2880 4530 velle
2917 4473 3222 4546 quidquam
3266 4473 3554 4547 sublegere
3579 4491 3609 4530 a

298 4559 636 4639 νοσφίζεσθαι
666 4557 729 4616 ἐκ
756 4558 878 4639 τῶνΔ
912 4553 1311 4633 συναγομένων.
1343 4552 1534 4623 Στίξον
1568 4545 1656 4614 οὖν
1688 4557 1762 4622 εἰς
1796 4555 1891 4631 τὸ,

2009 4545 2274 4625 collectis.
2353 4545 2589 4623 Comma
2646 4564 2814 4638 igitur
2860 4570 2985 4635 post
3042 4584 3070 4613 α

300 4672 329 4709 ι
360 4647 737 4727 Δοκιμάσητεο
767 4669 799 4703 io
829 4634 944 4705 εἶτα
972 4644 1260 4727 άνάγνωθι,
1294 4670 1320 4697 ι
1345 4642 1430 4703 Δι’
1459 4645 1754 4704 ἐπιστολῶν
1782 4646 1895 4704 τού-

294 4762 418 4807 τους
453 4724 654 4819 πέμψω
674 4760 691 4776 ο
736 4762 760 4789 ι
792 4732 932 4795 ὥστε
962 4724 1098 4794 εἶναι
1128 4732 1190 4793 τὸ
1218 4732 1337 4807 ἑξῆς
1375 4738 1611 4794 τοιοῦτον
1632 4755 1646 4770 '
1684 4734 1799 4804 Οὓς
1831 4735 1893 4794 ἂν

295 4827 661 4906 δοκιμάσητε,
706 4823 921 4893 τούτους
986 4823 1189 4905 πέμψω
1243 4821 1330 4881 διὰ
1389 4827 1494 4883 τῶν
1560 4824 1895 4902 γραμμάτων

298 4942 405 4999 μου
430 4941 446 4957 ο
483 4916 676 4977 ὡσανεὶ
717 4914 890 4992 λέγων
917 4956 932 4972 .
966 4913 1082 4975 Καὶ
1122 4910 1278 4979 αὐτὸς
1318 4911 1644 4992 συνέσομαι⁴
1689 4918 1897 4988 αὐτοῖς,

298 5010 392 5071 καὶ
438 5005 747 5079 κοινωνήσω
794 5009 889 5078 τῆς
945 5002 1211 5069 διακονίας
1252 5001 1340 5061 διὰ
1391 5007 1496 5063 τῶν
1538 5004 1895 5083 γραμμάτων.

302 5098 478 5179 Χάριν
523 5100 580 5157 δὲ
627 5096 689 5157 τὸ
719 5103 950 5176 πρᾶγμα
983 5094 1233 5166 ἐκάλεσε,
1271 5091 1513 5152 τουτέστι
1555 5094 1897 5174 φιλοτιμίαν,

298 5189 411 5248 ἵνα
433 5186 576 5271 δείξῃ
628 5184 816 5255 αὖτοὺς
847 5182 987 5262 μέγα
1015 5207 1069 5244 τι
1097 5185 1375 5271 ποιοῦντας
1394 5226 1410 5255 ,
1458 5180 1551 5241 καὶ
1580 5186 1675 5244 οὐκ
1709 5187 1769 5243 ἐκ
1797 5183 1898 5244 λύ-

300 5303 440 5354 πης,
474 5276 509 5350 ἢ
558 5276 612 5347 ἐξ
654 5274 925 5355 ἀνάγκης
956 5277 1215 5355 τοιοῦτον,
1234 5270 1338 5352 γὰρ
1384 5275 1417 5343 ἡ
1460 5271 1637 5353 χάρις.
1668 5274 1751 5335 Τὸ
1797 5274 1901 5355 γὰρ

302 5350 666 5446 ἐλεημοσύνην
696 5350 865 5425 εἰπεῖν
883 5409 902 5445 ,
943 5361 1152 5433 ἀνάξιον
1178 5350 1245 5434 ἦν
1272 5350 1378 5420 τῶν
1414 5350 1716 5439 μελλόντων
1748 5350 1900 5443 λαμβ-

304 5457 486 5518 ϐάνειν
530 5456 721 5537 ἇγίων.

391 5571 422 5605 ιι
469 5536 605 5609 Ἐὰν
641 5546 697 5607 δὲ
791 5544 932 5614 ἄξιον
969 5547 1063 5628 τοῦ
1093 5545 1234 5622 κάμὲ
1265 5544 1617 5627 πορεύεσθαι,
1645 5543 1737 5605 σὺν
1785 5546 1904 5625 ἐμοὶ

306 5637 676 5720 πορεύσονται.
726 5627 921 5697 ὲ²Εὰν
968 5627 1039 5716 ᾗ,
1084 5635 1251 5714 φησὶ,
1294 5636 1356 5696 τὸ
1407 5637 1764 5713 συναγόμενον
1809 5658 1905 5696 το-

3146 4562 3439 4620 Probaveri
3448 4562 3517 4619 tis
3581 4586 3605 4613 ι

2003 4657 2207 4731 adjice:
2241 4655 2441 4713 deinde
2469 4655 2607 4727 lege,
2654 4673 2684 4707 »
2738 4655 2846 4711 Per
2889 4651 3290 4726 epistolashos
3324 4651 3542 4708 mittam
3582 4676 3604 4701 ,ι

2004 4754 2070 4805 ut
2094 4745 2413 4819 hujusmodi
2444 4744 2569 4800 inde
2604 4758 2795 4799 sensus
2833 4742 3196 4799 concinnetur
3238 4758 3251 4797 :
3284 4742 3441 4814 Quos
3478 4757 3608 4814 pro-

2005 4834 2298 4905 baveritis,
2337 4834 2442 4890 hos
2495 4832 2714 4889 mittam
2762 4848 2859 4904 per
2908 4830 3120 4888 litteras
3148 4846 3343 4887 meas:
3376 4830 3607 4905 perinde

2004 4940 2071 4983 ac
2117 4924 2164 4982 si
2193 4923 2443 4981 diceret:
2476 4925 2599 4996 Ipse
2628 4921 2796 4979 etiam
2824 4936 2957 4979 cum
2998 4922 3107 4978 illis
3147 4936 3518 4991 concurram,
3558 4929 3613 4977 et

2006 5030 2104 5089 per
2131 5015 2345 5070 litteras
2369 5013 2644 5086 particeps
2670 5027 2766 5069 ero
2795 5011 3106 5069 ministerii.
3140 5011 3389 5069 Gratiam
3424 5018 3612 5066 autem

2008 5121 2131 5162 rem
2156 5104 2330 5177 ipsam
2358 5104 2593 5172 vocavit,
2626 5101 2684 5159 id
2712 5108 2796 5158 est
2817 5100 3202 5158 liberalitatem
3222 5143 3237 5169 ,
3270 5107 3331 5157 ut
3357 5098 3613 5156 ostendat

2011 5210 2106 5252 eos
2135 5210 2401 5267 magnum
2448 5192 2584 5266 quid
2612 5199 2896 5264 prmstare,
2938 5197 2994 5245 et
3020 5205 3131 5246 non
3157 5205 3220 5245 ex
3252 5203 3491 5246 mcerore
3529 5190 3611 5245 vel

2011 5284 2363 5343 necessitate.
2399 5283 2530 5340 Tale
2556 5283 2702 5339 enim
2729 5278 2992 5355 quiddam
3021 5288 3110 5336 est
3146 5278 3345 5351 gratia.
3392 5280 3539 5335 Nam
3569 5279 3616 5336 si

2010 5374 2238 5433 dixisset
2275 5376 2718 5447 eleemosynam,
2749 5368 3041 5442 indignum
3068 5367 3260 5427 fuisset
3284 5368 3483 5425 sanctis
3520 5370 3615 5440 qui

2014 5464 2294 5539 accepturi
2332 5471 2509 5521 erant.

2084 5556 2266 5613 Vnus.
2293 5560 2344 5610 4.
2368 5575 2399 5607 α
2416 5554 2476 5612 Si
2501 5560 2690 5611 autem
2730 5551 2963 5625 dignum
2984 5550 3150 5609 fuerit
3182 5558 3243 5607 ut
3270 5557 3328 5607 et
3351 5565 3455 5623 ego
3470 5566 3618 5617 eam,

2013 5652 2243 5703 mecunt
2259 5644 2431 5700 ibunt.
2458 5667 2484 5695 ι)
2499 5644 2577 5712 Si,
2592 5642 2794 5715 inquit,
2810 5640 2960 5714 quod
2971 5642 3264 5698 collectum
3277 5648 3383 5710 est,
3400 5649 3624 5698 tantum

1695 5770 1887 5831 Variae
1929 5772 2231 5834 lectiones.

380 5872 425 5908 ⁹⁶
450 5873 569 5945 πρὸς
593 5890 646 5931 0.
724 5871 768 5907 ⁹⁶
790 5871 925 5945 λέγει
951 5888 1005 5929 0.
1082 5872 1124 5907 9⁷
1159 5871 1348 5945 εἰσάγει
1376 5888 1431 5929 o.
1508 5870 1552 5905 9⁸
1578 5869 1765 5942 δηλοῖ,
1796 5872 1880 5924 καί
1905 5890 2022 5943 φησι
2052 5887 2105 5929 ο.
2183 5871 2228 5907 ⁹⁹
2256 5869 2542 5933 ἀξιόπιστον
2571 5886 2625 5930 ο.
2704 5872 2721 5905 ¹
2754 5869 3022 5943 ἐλεύσομαι
3055 5887 3108 5926 0.
