4110 6408
482 522 583 577 787

1508 520 2027 578 THEOPHYLACTI
2059 519 2421 578 BULGARUE
2458 521 2771 578 ARCHIEP.

3683 524 3790 581 788

483 646 576 716 sit,
606 652 673 702 ut
694 660 824 702 meo
844 644 930 702 'sit
955 644 1264 703 ministerio
1284 644 1538 719 dignum,
1570 661 1675 719 ego
1707 647 1870 704 simul
1894 645 2077 704 abibo.

2194 652 2375 709 σοῦτον
2397 646 2447 723 ³,
2487 645 2626 709 ὥστε
2665 646 2758 708 καὶ
2800 650 2896 722 τῆς
2939 648 3073 727 ἐμῆς
3113 644 3255 717 ἄξιον
3300 637 3437 709 εἶναι
3479 647 3749 719 διακονίας
3768 694 3786 725 ,

482 739 589 793 Per
624 735 733 792 hoc
761 744 949 792 autem
977 750 1071 793 eos
1094 736 1165 793 ad
1192 736 1573 794 liberalitatem
1597 736 1869 795 hortatur.
1895 739 2083 795 Testes

484 833 676 882 autem
712 825 915 883 habere
955 825 1091 896 vult,
1125 826 1272 899 quod
1300 827 1419 899 ipse
1461 826 1594 883 nihil
1627 828 1699 885 sit
1732 835 2081 903 accepturus,

493 922 783 989 propterea
819 914 959 973 dicit
986 933 1002 971 :
1028 937 1053 967 σι
1085 918 1309 975 Mecum
1332 916 1511 974 ibunt.
1545 934 1576 972 »

557 1107 747 1165 Vens.
775 1110 878 1163 5-7
884 1147 901 1165 .
924 1129 950 1157 α
968 1106 1205 1165 Veniam
1230 1113 1420 1165 autem
1435 1105 1507 1164 ad
1528 1121 1650 1177 vos,
1676 1121 1807 1164 cum
1826 1106 2081 1166 Macedo-

487 1196 643 1253 niam
682 1197 1051 1269 pertransiero
1090 1200 1255 1267 (nam
1280 1196 1663 1254 Macedoniam
1693 1198 2083 1271 pertransibo).

486 1285 653 1360 Apud
672 1302 771 1344 vos
787 1296 972 1345 autem
997 1285 1186 1344 forsan
1212 1287 1572 1360 permanebo,
1598 1294 1696 1344 aut
1720 1287 1885 1344 etiam
1901 1287 2084 1345 hiber-

486 1376 657 1445 nabo,
690 1384 755 1432 ut
795 1390 895 1432 vos
939 1391 1029 1433 me
1053 1375 1339 1433 deducatis
1375 1392 1705 1449 quocunque
1753 1376 1891 1434 iore.
1939 1377 2083 1434 Nolo

488 1465 639 1524 enim
666 1481 763 1522 vos
790 1465 960 1523 modo
990 1465 1047 1521 in
1074 1468 1311 1523 transitu
1337 1465 1538 1523 videre.
1566 1468 1737 1539 Spero
1766 1475 1952 1523 autem
1979 1467 2079 1523 ali-

488 1563 760 1628 quantum
810 1556 1076 1629 temporis
1121 1572 1210 1612 me
1246 1571 1673 1628 permansurum
1700 1555 1845 1627 apud
1881 1571 1997 1626 vos,
2037 1557 2081 1613 si

492 1646 768 1702 Dominus
797 1646 1129 1718 permiserit.
1162 1665 1193 1701 ν
1228 1648 1358 1703 Non
1388 1646 1551 1717 dixit,
1600 1649 1668 1701 In
1697 1645 2085 1705 Macedoniam

488 1736 825 1808 proﬁciscor,
872 1751 941 1792 ne
991 1736 1270 1809 objiciant,
1316 1737 1489 1793 Nobis
1540 1752 1672 1810 ergo
1722 1736 2083 1808 Macedones,

487 1824 713 1897 praefers
760 1842 777 1880 :
828 1824 952 1895 sed,
995 1848 1022 1876 α
1068 1829 1315 1883 Transeo
1352 1825 1763 1898 Macedoniam,
1817 1826 1924 1884 hoc
1964 1836 2083 1897 est,

2191 736 2342 817 κάγὼ
2409 736 2798 817 ἀπελεύσομαι.
2852 736 2960 802 Διᾶ
3025 740 3214 802 τούτου
3274 739 3331 801 δὶ
3382 741 3456 808 εἷς
3508 739 3790 822 δαψίλειαν

2190 826 2381 895 αὐτοὺς
2425 827 2803 910 προτρέπεται.
2838 829 3138 912 Μάρτυρας
3179 829 3237 891 δὲ
3289 828 3384 891 καὶ
3434 827 3604 898 οὕτως
3643 828 3790 910 ἔχειν

2194 916 2475 999 βούλεται,
2507 920 2580 985 ὡς
2606 916 2753 979 οὐδὲν
2778 919 2935 990 αὐτὸς
2960 919 3191 1004 λήψεται
3207 920 3232 961 ³
3250 944 3267 961 ’
3297 919 3377 982 διό
3401 942 3532 1005 φησι
3557 941 3574 958 ο
3616 947 3643 974 ι
3677 918 3791 981 Σὺν

2190 1007 2309 1087 ἐμοὶ
2337 1005 2707 1089 πορεύσονται.
2744 1033 2777 1068 ι

2278 1118 2309 1157 α
2350 1096 2682 1176 Ἐλεύσομαι
2738 1098 2794 1160 δὲ
2838 1100 2971 1181 πρὸς
3027 1103 3203 1179 ὑμᾶς,
3255 1098 3382 1161 ὅταν
3444 1098 3789 1163 Μακεδονίαν

2191 1185 2378 1247 διέλθω
2422 1187 2799 1269 (Μακεδονίαν
2838 1190 2940 1272 γὰρ
2990 1190 3328 1273 διέρχομαι).
3370 1190 3516 1273 Πρὸς
3553 1192 3693 1271 ὑμᾶς
3732 1190 3791 1250 δὲ

2189 1276 2349 1358 τυχὸν
2378 1276 2471 1337 καὶ
2501 1282 2833 1363 παραμενιῗι,
2862 1278 2898 1353 ἢ
2927 1281 3019 1341 καὶ
3061 1280 3458 1363 παραχειμάσω
3476 1326 3493 1356 ,
3520 1278 3611 1341 ἵνα
3637 1286 3792 1359 ὑμεῖς

2192 1389 2260 1445 με
2300 1366 2694 1450 προπέμψητε,
2749 1361 2809 1429 οὗ
2854 1369 2916 1430 ἂν
2971 1361 3306 1453 πορεύωμαι.
3360 1373 3444 1433 Οὔ
3502 1370 3640 1432 θέλω
3684 1369 3793 1451 γὰρ

2191 1460 2330 1533 ὑμᾶς
2376 1455 2499 1538 ἄρτι
2545 1461 2599 1517 ἐν
2637 1458 2860 1542 παρόδῳ
2891 1461 3053 1522 ἰδεῖν·
3103 1460 3301 1532 ἐλπίζω
3351 1460 3407 1521 δὲ
3438 1460 3628 1543 χρόνον
3669 1459 3793 1520 τινὰ
3898 1486 3903 1489 ·

2191 1547 2456 1632 ἐπιμεῖναι
2488 1546 2618 1629 πρὸς
2644 1552 2784 1625 ὑμᾶς
2804 1593 2821 1623 ,
2850 1549 2941 1609 ἐὰν
2970 1555 2999 1612 ὁ
3039 1548 3238 1631 Κύριος
3278 1551 3565 1632 ἐπιτρέπῃ.
3605 1572 3635 1609 ι
3668 1551 3794 1612 Οὔκ

2191 1626 2369 1714 εἶπεν,
2399 1636 2480 1697 ὅτι
2506 1626 2603 1705 Εἷς
2632 1639 2971 1700 Μακεδονίαν
3008 1626 3356 1721 ἀπέρχομαι,
3397 1626 3485 1701 ⁴ίνα
3624 1639 3791 1701 εἴπω-

2192 1749 2273 1785 σιν
2292 1772 2309 1805 ,
2338 1726 2419 1788 ὅτι
2451 1728 2729 1813 Προτιμᾷς
2757 1733 2914 1809 ἡμῶν
2944 1731 3265 1800 Μακεδόνας
3289 1755 3302 1769 ·
3333 1729 3509 1806 ἀλλὰ,
3556 1752 3585 1790 ε
3621 1730 3793 1812 Διέρ-

2190 1839 2358 1897 χομαι
2401 1818 2780 1895 Μακεδονίαν,
2815 1846 2838 1874 ι
2883 1820 3153 1882 τουτέστιν
3173 1865 3192 1896 ,
3236 1819 3340 1890 ⁸ος
3375 1819 3519 1882 κατὰ
3551 1819 3792 1895 σπουδὴν

485 1914 852 1984 Festinanter,
911 1931 976 1973 ac
1025 1915 1191 1972 veluti
1244 1916 1304 1973 in
1348 1924 1671 1973 transcursu
1718 1931 1815 1974 eos
1873 1916 2075 1975 video:

2195 1905 2370 2014 καὶέν
2410 1906 2639 2017 παρόδῳ,
2671 1908 2858 2017 αὐτούς
2889 1910 3087 2017 ..βλέπω
3110 1935 3125 1950 ο
3156 1913 3286 2017 παρ’
3334 1913 3465 2017 ὑμῖν
3510 1910 3566 1971 δὲ
3610 1933 3796 1993 παρα-

486 2005 633 2078 apud
683 2020 782 2062 vos
829 2013 1015 2062 autem
1065 2005 1423 2077 permanebo.
1451 2010 1555 2063 Per
1598 2007 1703 2063 hoc
1730 2014 1915 2063 autem
1940 2006 2082 2064 indi-

484 2102 593 2164 cat,
642 2094 794 2168 quod
846 2111 942 2153 eos
982 2095 1377 2153 Macedonibus
1409 2104 1740 2169 anteponat,
1784 2112 1886 2155 ceu
1913 2096 2083 2154 disci-

486 2185 647 2258 pulos
689 2184 863 2258 magis
919 2186 1192 2257 genuinos
1240 2199 1305 2241 ac
1346 2185 1624 2258 digniores
1656 2206 1669 2243 :
1703 2200 1831 2243 nam
1883 2202 2081 2261 magna

488 2282 607 2330 erat
651 2271 800 2345 apud
843 2273 1160 2330 Corinthios
1214 2273 1478 2330 Ecclesia.
1541 2276 1836 2331 Terrorem
1894 2283 2083 2333 autem

485 2363 680 2420 incutit
727 2363 1112 2435 peccantibus,
1165 2378 1300 2420 cum
1328 2364 1537 2436 inquit,
1568 2387 1594 2414 α
1640 2365 2004 2423 Permanebo.
2053 2388 2079 2416 ι

484 2452 652 2510 Addit
672 2462 882 2521 autem,
905 2474 931 2502 «
959 2454 1199 2524 Forsan;
1227 2476 1254 2503 ι»
1272 2453 1400 2526 quia
1424 2453 1573 2510 haud
1587 2454 1720 2511 satis
1738 2463 1922 2512 certus
1942 2464 2078 2513 erat.

483 2546 609 2600 Non
649 2544 804 2600 enim
832 2552 1181 2616 compertum
1232 2543 1498 2617 habebat,
1524 2545 2004 2617 permittereturne
2032 2547 2083 2605 ei

483 2632 589 2689 hoc
612 2649 642 2689 a
670 2632 875 2706 Spiritu
902 2642 1098 2690 sancto
1117 2676 1133 2702 ,
1176 2650 1246 2690 an
1272 2649 1450 2691 secus.
1477 2639 1530 2690 A
1556 2635 1763 2706 Spiritu
1792 2636 1943 2692 enim
1980 2636 2083 2693 du-

483 2721 730 2790 cebatur,
750 2737 1087 2795 quocunque
1109 2723 1231 2796 ipse
1252 2723 1491 2780 volebat.
1525 2728 1601 2781 At
1623 2740 1752 2782 vero
1775 2740 1905 2781 cum
1937 2737 2083 2783 esset

485 2810 710 2882 Ephesi,
742 2810 1089 2883 profecturus
1117 2821 1235 2868 erat
1255 2814 1311 2868 in
1335 2812 1737 2882 Macedoniam,
1768 2823 1935 2888 atque
1958 2831 2082 2873 eam

486 2899 824 2957 transiturus
842 2902 1107 2970 celeriter,
1130 2899 1327 2957 deinde
1353 2901 1422 2958 ad
1451 2915 1547 2958 eos
1579 2902 1775 2959 iturus.
1803 2904 2083 2977 Plerisque

485 2997 672 3046 autem
701 2990 1039 3062 argumentis
1064 3005 1229 3047 suum
1256 2997 1489 3047 testatur
1527 3006 1658 3064 erga
1682 3006 1776 3049 eos
1798 2991 2079 3065 affectum,

486 3085 543 3134 et
573 3077 724 3150 quod
750 3079 891 3135 nolit
919 3094 1014 3136 eos
1039 3078 1095 3135 in
1125 3085 1442 3136 transcursu
1479 3087 1539 3136 et
1569 3079 1752 3137 obiter
1780 3080 1988 3152 videre,
2026 3091 2083 3140 et

485 3166 636 3239 quod
663 3168 733 3225 ab
761 3169 843 3224 eis
882 3167 1076 3225 deduci
1109 3168 1258 3225 velit.

560 3259 742 3316 Vens.
774 3263 832 3314 8.
864 3281 891 3308 α
921 3259 1266 3316 Permanebo
1296 3266 1485 3317 autem
1508 3258 1708 3333 Ephesi
1733 3260 1801 3318 ad
1824 3263 2088 3321 Penteco-

490 3354 636 3403 stem
676 3363 868 3421 usque.
908 3370 935 3397 ιο
983 3348 1141 3405 Istud
1169 3364 1390 3421 quoque
1415 3349 1657 3421 impense
1685 3350 1966 3425 diligentis
2002 3362 2085 3411 est

486 3435 777 3507 indicium,
807 3453 1026 3511 nempe,
1043 3438 1226 3496 dicere
1248 3438 1340 3495 ubi
1364 3446 1421 3495 et
1447 3438 1694 3512 quandiu
1722 3441 1796 3497 sit
1822 3457 2085 3514 perman-

492 3540 653 3583 surus
686 3543 700 3582 :
739 3526 853 3583 imo
889 3542 1018 3585 vero
1062 3527 1241 3600 ipsam
1294 3542 1517 3585 causam
1564 3542 1863 3602 apponere.
1907 3530 2085 3590 Infert

484 3614 639 3671 enim
671 3634 685 3669 :

557 3706 739 3762 Vsus.
758 3708 814 3759 9.
846 3726 869 3753 ‹‹
889 3704 1112 3761 Ostium
1129 3704 1276 3761 enim
1296 3704 1429 3763 mihi
1446 3714 1697 3779 apertum
1716 3716 1803 3766 est
1816 3724 2085 3784 magnum

484 3801 539 3850 et
567 3792 782 3862 efﬁcax,
811 3802 867 3850 et
894 3794 1193 3852 adversarii
1222 3796 1415 3857 multi.
1433 3819 1459 3846 υ
1483 3798 1607 3854 Ηοο
1654 3806 1758 3870 est,
1788 3800 1951 3857 multi
1995 3817 2085 3859 ac-

484 3884 688 3941 cessuri
717 3892 847 3941 sunt
876 3884 946 3941 ad
982 3884 1172 3955 ﬁdem,
1205 3894 1261 3941 et
1306 3886 1450 3943 latus
1478 3886 1551 3944 ad
1588 3886 1723 3945 istos
1764 3888 1901 3947 mihi
1932 3900 2086 3963 patet

482 3973 779 4044 introitus,
838 3974 1009 4046 234
1062 3983 1465 4033 maturescente
1504 3976 1770 4036 nimirum
1797 3979 1870 4037 ad
1911 3980 2081 4038 ﬁdem

480 4078 677 4120 eorum
740 4062 1070 4121 ministerio.
1132 4065 1464 4138 Praeceptori
1531 4083 1773 4141 namque
1831 4071 2082 4143 angustia

490 4160 602 4224 est,
649 4167 779 4209 cum
807 4167 919 4208 non
963 4151 1166 4210 habeat
1206 4164 1491 4228 promptos
1520 4156 1822 4231 discipulos
1854 4180 1868 4218 :
1906 4160 2080 4217 latum

486 4256 616 4299 vero
654 4241 912 4314 spatium,
958 4258 1086 4300 cum
1115 4252 1335 4317 paratos
1367 4261 1464 4304 eos
1490 4246 1780 4307 invenerit.
1809 4249 2084 4308 Adversa-

485 4330 551 4387 rii
576 4339 767 4388 autem
814 4332 976 4389 multi
1024 4342 1248 4407 propter
1275 4334 1381 4393 hoc
1420 4337 1623 4409 ipsum.
1664 4340 1896 4397 Sanatas
1927 4340 2081 4397 enim

483 4419 674 4478 videns
716 4436 839 4480 sese
867 4422 985 4495 jam
1028 4423 1298 4481 nudatum
1330 4441 1394 4483 ac
1417 4426 1761 4499 derelictum,
1792 4429 2081 4486 vehemen-

484 4509 598 4569 tius
623 4510 997 4584 perturbatur,
1025 4514 1477 4590 adversariosque
1500 4518 1724 4575 excitat.

2195 1998 2353 2076 μενῶ.
2402 1996 2507 2058 Διὰ
2548 1997 2737 2059 τούτου
2781 1998 2837 2059 δὲ
2884 1998 3116 2059 δείκνυσι
3159 2001 3257 2079 μὲν
3305 2001 3398 2061 καὶ
3429 2000 3511 2062 ὅτι
3552 2009 3796 2084 προτιμᾷ

2194 2084 2384 2155 αὐτοὺς
2439 2087 2801 2163 Μακεδόνων,
2854 2092 2928 2157 ὥς
2973 2090 3360 2173 γνησιωτέρους
3406 2089 3649 2171 μαθητὰς
3696 2092 3796 2151 καὶ

2195 2174 2631 2257 ἀξιολογωτέρους
2656 2201 2671 2217 θ
2702 2178 2916 2257 μεγάλη
2948 2178 3053 2261 γὰρ
3088 2185 3124 2253 ἡ
3169 2182 3223 2240 ἐν
3263 2181 3510 2264 Κορίνθῳ
3547 2180 3796 2256 Ἐκκλη-

2194 2265 2284 2326 σία
2307 2290 2322 2303 ·
2352 2266 2512 2348 φοϐεῖ
2537 2264 2592 2327 δὲ
2618 2266 2710 2327 καὶ
2738 2268 2859 2338 τοὺς
2887 2269 3294 2351 ἁμαρτάνοντας
3318 2272 3405 2331 διὰ
3433 2275 3525 2331 τοῦ
3543 2314 3560 2345 ,
3595 2292 3627 2330 α
3670 2273 3799 2332 Πα-

2195 2360 2434 2436 ραμενῶ.
2496 2382 2521 2410 ι»
2570 2358 2898 2439 Προστίθησι
2950 2359 3006 2419 δὲ
3056 2359 3146 2437 τὸ,
3180 2388 3205 2414 ι
3252 2360 3470 2442 Τυχὸν,
3513 2381 3542 2419 ι)
3600 2360 3688 2420 διὰ
3729 2360 3799 2420 τὸ

2195 2446 2411 2519 ἄδηλον.
2461 2448 2542 2507 Οὐ
2594 2446 2698 2530 γὰρ
2746 2449 2862 2531 ᾔδει
2918 2447 3025 2509 εἴτε
3069 2451 3388 2531 ὶπιτραπείη
3436 2454 3592 2512 τοῦτο
3642 2449 3796 2533 παρὰ

2190 2541 2287 2596 τοῦ
2336 2535 2681 2612 Πνεύματος,
2725 2536 2831 2599 είτε
2876 2536 2953 2618 μή
2974 2563 2989 2579 ·
3038 2538 3143 2600 ὑπὸ
3195 2543 3289 2600 τοῦ
3336 2538 3650 2619 Πνεύματος
3686 2539 3796 2621 γὰρ

2197 2625 2389 2703 ἤγετο,
2422 2625 2546 2686 ἔνθα
2590 2628 2759 2688 ἐκεῖνο
2802 2627 3007 2702 ἤθελεν.
3045 2627 3141 2691 Ἐν
3170 2627 3388 2712 Ἐφέσῳ
3426 2630 3482 2691 δὲ
3527 2628 3643 2710 ὧν,
3672 2629 3797 2690 τότε

2193 2716 2413 2795 ἔμελλεν
2444 2717 2693 2777 ἀπελθεῖν
2732 2719 2806 2785 εἷς
2846 2718 3215 2795 Μακεδονίαν,
3262 2720 3357 2780 καὶ
3398 2719 3617 2780 διελθεῖν
3659 2720 3800 2782 ταύ-

2191 2830 2286 2879 την
2335 2804 2521 2887 τάχιον
2540 2850 2557 2881 ,
2591 2795 2708 2867 εἶτα
2753 2808 2827 2876 εἷς
2876 2807 3066 2877 αὐτοὺς
3117 2811 3390 2873 ἀπελθεῖν.
3435 2808 3532 2872 Ἐν
3578 2810 3801 2879 πολλοῖς

2194 2897 2248 2956 δὲ
2283 2897 2512 2956 δείκνυσι
2551 2895 2650 2969 τὴν
2697 2898 2830 2978 πρὸς
2859 2897 3047 2966 αὐτοὺς
3095 2899 3326 2960 διάθεσιν
3348 2944 3364 2974 ,
3391 2902 3470 2983 τῷ
3510 2924 3570 2961 τε
3598 2899 3675 2977 μὴ
3705 2899 3800 2961 θέ-

2190 2987 2301 3045 λειν
2332 2987 2386 3045 ἓν
2417 2986 2636 3069 παρόδῳ
2665 2987 2793 3048 ἰδεῖν
2814 3031 2834 3067 ,
2875 2987 2968 3048 καὶ
2997 2989 3075 3071 τῷ
3113 2990 3204 3049 ὑπ’
3244 2990 3418 3051 αὐτῶν
3449 2987 3616 3050 θέλειν
3659 3012 3797 3072 προ-

2190 3080 2520 3158 πεμφθῆναι.

2278 3277 2311 3312 α
2354 3253 2639 3334 Ἐπιμενῶ
2667 3254 2723 3316 δὲ
2746 3256 2801 3315 ἐν
2835 3254 3052 3339 Ἐφέσῳ
3085 3256 3186 3327 ἕως
3210 3260 3307 3333 τῆς
3334 3261 3735 3334 Πεντηκοστῆς.
3766 3286 3797 3317 ι

2194 3343 2302 3407 Καὶ
2352 3349 2508 3406 τοῦτο
2571 3345 2775 3427 σφόδρα
2832 3347 3177 3428 ἀγαπῶντος,
3229 3349 3292 3409 τό
3355 3374 3416 3411 τε
3465 3352 3631 3410 εἰπεῖν
3688 3356 3799 3412 ποῦ

2189 3439 2507 3515 προσμενεῖ,
2555 3434 2646 3495 καὶ
2695 3435 2792 3505 ἕως
2838 3435 2969 3498 πότε
2991 3460 3006 3477 ο
3052 3436 3196 3498 ἀλλὰ
3238 3437 3332 3499 καὶ
3378 3438 3441 3500 τὸ
3477 3440 3575 3513 τὴν
3619 3439 3798 3501 αἰτίαν

2189 3537 2515 3615 προσθεῖναι.
2543 3532 2773 3614 Ἐπάγει
2804 3534 2929 3617 γάρ’

2271 3734 2296 3760 ι
2339 3706 2495 3788 Θύρα
2542 3707 2646 3788 γάρ
2694 3731 2786 3787 μοι
2830 3707 3091 3791 ἀνέῳκται
3135 3709 3346 3789 μεγάλη
3396 3709 3488 3771 καὶ
3537 3710 3793 3793 ἐνεργὴς,

2190 3797 2281 3857 καὶ
2322 3800 2373 3858 οἱ
2402 3798 2760 3876 ἀντικείμενοι
2794 3798 3008 3863 πολλοί.
3042 3825 3070 3852 ιι
3101 3800 3396 3877 Τουτέστι,
3431 3803 3632 3863 Πολλοὶ
3663 3801 3799 3879 μέλ-

2188 3888 2369 3946 λουσιν
2410 3887 2483 3956 εἰς
2522 3884 2621 3959 τὴν
2669 3886 2849 3946 πίστιν
2896 3890 3243 3969 προσελθεῖν,
3286 3890 3381 3950 καὶ
3424 3891 3651 3951 πλατεῖα
3694 3891 3798 3951 ἀν-

2190 3974 2387 4056 έῳκταί
2440 3997 2533 4054 μοι
2593 3976 2665 4043 εἷς
2721 3976 2938 4045 τούτους
2990 3975 3229 4052 εἴσοδος,
3285 3976 3381 4039 ἅτε
3450 3977 3799 4058 ἀκμαζούσης

2187 4069 2284 4137 τῆς
2335 4063 2637 4133 διακονίας⁴
2684 4066 2858 4125 αὐτῶν
2904 4067 2979 4133 εἷς
3028 4065 3128 4137 τὴν
3165 4066 3367 4130 πίστιν.
3407 4070 3505 4149 Τῷ
3554 4071 3660 4150 γὰρ
3712 4070 3796 4130 δι-

2190 4154 2443 4234 δασκάλῳ
2492 4154 2820 4236 στενοχωρία
2876 4154 2973 4235 μὲν
2996 4202 3014 4235 ,
3061 4154 3189 4216 ὅταν
3222 4154 3300 4236 μὴ
3347 4156 3445 4237 ἔχῃ
3489 4158 3800 4239 προθύμους

2187 4243 2309 4314 τοὺς
2341 4243 2586 4325 μαθητάς
2610 4266 2624 4282 ·
2670 4243 2969 4327 εὐρυχωρία
3013 4244 3091 4321 δὲ,
3137 4244 3264 4307 ὅταν
3310 4246 3527 4328 εὑρίσκῃ
3576 4246 3799 4320 τούτους

2189 4332 2733 4417 συγκεκροτημένους.
2787 4336 2860 4396 Οἱ
2912 4335 3268 4413 ἀντικείμενοι
3328 4334 3385 4397 δὲ
3430 4336 3659 4417 πολλοὶ,
3716 4341 3793 4400 δι’

2189 4423 2321 4484 αὐτὸ
2347 4430 2525 4484 τοῦτο.
2563 4423 2634 4487 Ὁ
2675 4423 2778 4507 γὰρ
2810 4424 3055 4495 διάϐολος
3088 4425 3304 4507 βλέπων
3336 4426 3520 4487 ἑαυτὸν
3552 4427 3794 4507 γυμνού-

2188 4516 2382 4592 μενον,
2431 4514 2613 4575 πλεῖον
2658 4514 3014 4597 ταράττεται,
3056 4515 3151 4577 καὶ
3190 4514 3317 4586 τοὺς
3362 4515 3795 4595 ἐναντιουμένους

2189 4602 2451 4684 διεγείρει.

550 4675 731 4732 Vnus.
779 4678 869 4731 10.
906 4696 933 4725 α
969 4675 1027 4732 Si
1068 4682 1257 4733 autem
1279 4676 1490 4734 venerit
1516 4677 1856 4751 Timotheus,
1902 4679 2080 4739 videte

2275 4675 2309 4749 Ix
2351 4675 2484 4754 ὅΕδιν
2515 4693 2571 4753 δὲ
2602 4693 2728 4775 ἔλθῃ
2758 4692 3058 4771 Τιμόθεος,
3088 4693 3316 4778 βλέπετε
3343 4692 3434 4756 ἵνα
3472 4694 3669 4778 ἄφοϐος
3698 4696 3789 4775 γέ-

480 4770 545 4818 ut
585 4763 704 4821 sine
730 4763 934 4821 timore
976 4765 1046 4820 sit
1083 4765 1231 4838 apud
1254 4781 1371 4823 vos.
1406 4788 1434 4816 ιο
1476 4768 1614 4838 Quia
1637 4769 1929 4827 verisimile
1954 4780 2073 4828 erat

480 4852 628 4921 fore,
657 4861 722 4909 ut
743 4854 1071 4911 Timotheus
1114 4863 1411 4928 postquam
1451 4855 1781 4915 Corinthum
1811 4859 2072 4931 venisset,

478 4948 728 5014 carperet
772 4941 1153 5018 delinquentes
1211 4953 1374 5017 atque
1414 4945 1761 5019 objurgaret,
1815 4950 2076 5007 certiores

472 5031 623 5103 ipsos
664 5031 802 5090 facit
828 5041 883 5090 et
914 5033 1231 5107 praemunit,
1259 5050 1330 5091 ne
1356 5034 1554 5093 divites
1593 5038 1865 5110 sapientes
1888 5040 2075 5097 insur-

469 5128 604 5193 gant
649 5122 908 5179 adversus
950 5139 1117 5180 eum:
1164 5139 1278 5180 non
1319 5125 1476 5196 quasi
1528 5126 1886 5186 meticulosus
1932 5138 2077 5187 esset

469 5211 797 5269 Timotheus
850 5213 1214 5287 animumque
1273 5213 1673 5286 desponderet,
1759 5218 1859 5275 sed
1921 5220 2071 5291 quod

467 5300 738 5358 damnum
786 5303 916 5361 inde
942 5303 1046 5376 ipsi
1072 5312 1433 5377 reportarent.
1467 5307 1608 5361 Nam
1640 5306 1731 5364 ille
1764 5307 2070 5366 admodum

466 5390 683 5448 fortiter
725 5392 991 5450 adversus
1038 5394 1277 5466 pericula
1306 5394 1611 5452 instructus
1649 5405 1781 5454 erat.
1833 5398 2071 5458 Pulchre

467 5495 593 5536 vero
640 5480 810 5550 dixit,
856 5505 882 5532 α
916 5484 1077 5555 Apud
1130 5499 1250 5541 vos.
1300 5507 1326 5535 υ
1371 5486 1454 5542 Ne
1508 5485 1660 5543 enim
1697 5487 1839 5544 mihi
1866 5488 2073 5547 dixeris

464 5568 713 5639 Graecos,
747 5569 886 5629 dum
928 5572 985 5630 id
1008 5573 1237 5632 interim
1261 5589 1293 5633 a
1322 5574 1479 5633 vobis
1505 5576 1791 5650 requiram
1820 5585 1884 5635 ut
1916 5586 2073 5636 tutus

466 5656 560 5716 sit.

2181 4804 2337 4857 νηται
2365 4782 2497 4862 πρὸς
2527 4785 2684 4861 ΰμᾶς.
2707 4804 2739 4841 n
2773 4781 3000 4856 Ἐπειδὴ
3024 4783 3161 4851 εἰκὸς
3188 4776 3252 4857 ἦν
3276 4776 3540 4861 Τιμόθεον
3568 4785 3790 4847 ἐλθόντα

2183 4870 2352 4952 πρὸς⁸
2398 4870 2698 4952 Κόρινθον,
2753 4871 3124 4932 καθάπτεσθαι
3174 4877 3280 4933 τῶν
3333 4874 3787 4955 ἁμαρτανόντων,

2183 4960 2275 5020 καὶ
2324 4962 2577 5042 ἐπιτιμᾷν
2621 4960 2832 5039 αὐτοῖς,
2894 4962 3249 5044 ἀσφαλίζεται
3310 4962 3519 5038 αὐτοὺς,
3566 4962 3655 5025 ἵνα
3708 4963 3788 5042 μή

2185 5052 2553 5110 ἐπαναστῶσιν
2587 5052 2731 5132 αὐτῷ
2763 5052 2813 5110 οἱ
2858 5049 3107 5111 πλούσιοι
3146 5050 3299 5134 σοιροί
3320 5075 3334 5090 ⁸
3364 5054 3465 5133 οὐχ
3499 5055 3582 5113 ὅτι
3627 5051 3788 5113 ἄναν-

2185 5141 2303 5222 δρος
2354 5135 2428 5198 ὢν
2467 5141 2495 5198 ὁ
2542 5138 2803 5218 Τιμόθεος
2852 5139 3047 5219 ἔμελλε
3088 5140 3444 5201 καταπίπτειν
3468 5186 3487 5220 ,
3538 5141 3658 5202 ἀλλ’
3703 5142 3790 5203 ὅτι

2182 5228 2329 5289 αὐτοὶ
2373 5227 2597 5308 ἔμελλον
2649 5229 2942 5310 βλαϐῆναι.
2989 5229 3228 5299 Ἐκεῖνος
3277 5229 3382 5312 γὰρ
3432 5230 3525 5291 καὶ
3579 5231 3788 5313 σφόδρα

2181 5318 2583 5404 παρεσκεύαστο
2612 5320 2743 5401 πρὸς
2783 5319 3068 5390 κινδύνους.
3113 5323 3311 5390 Καλῶς
3354 5318 3411 5380 δὲ
3453 5319 3536 5397 τὸ,
3574 5343 3604 5381 ε
3639 5322 3789 5404 Πρὸς

2182 5399 2351 5489 ὑμᾶς,
2382 5436 2407 5461 ι
2430 5399 2572 5469 εἶπε.
2607 5399 2702 5484 Μὴ
2732 5409 2835 5494 γάρ
2859 5433 2952 5489 μοι
2976 5409 3097 5481 τοὺς
3123 5410 3405 5486 Ἕλληνας
3427 5408 3622 5489 εἴποις,
3654 5399 3787 5482 τέως

2180 5498 2247 5559 τὰ
2273 5498 2400 5579 παρ’
2430 5502 2581 5579 ὑμῶν
2613 5501 2778 5575 ζητῶ.

1856 5739 2046 5802 Variae
2085 5745 2389 5810 lectiones.

537 5808 811 5880 {romiirov
834 5827 883 5869 o.
961 5813 982 5846 ³
1007 5813 1115 5885 ἔχει
1141 5815 1350 5888 λήψεθαι
1378 5834 1432 5875 0.
1510 5820 1532 5853 ⁴
1563 5818 1643 5873 ἴσ.
1672 5821 1893 5883 διανοίας
1921 5837 1973 5879 0:
2052 5826 2074 5860 ⁵
2102 5826 2169 5890 εἰς
2204 5841 2259 5883 0.
