4110 6410
349 517 458 572 789

1237 517 1589 576 EXPOSITIO
1631 517 1695 573 ΙΝ
1736 514 1950 572 EPIST.
1990 516 2011 572 Ι
2049 515 2142 573 AD
2182 516 2339 574 C08.
2380 548 2449 561 —
2487 518 2637 574 CAP.
2677 520 2810 575 XVI.

3556 526 3662 580 790

443 662 474 700 (ι
504 640 596 725 :1?)
620 640 724 723 γὰρ
752 640 910 723 ἔργον
953 642 1156 725 Κυρίου
1189 644 1470 725 ἐργάζεται
1489 693 1504 718 ,
1546 647 1619 713 ὣς
1657 642 1809 722 κάγώ
1828 665 1843 681 ο
1874 641 1952 720 μή

2033 702 2035 710 ,
2137 666 2165 695 α
2196 645 2351 718 Opus
2379 644 2533 702 enim
2562 644 2792 701 Domini
2822 652 3107 718 operatur,
3134 644 3281 703 sicut
3319 654 3375 704 et
3430 662 3533 721 ego
3554 689 3569 717 ,
3591 664 3662 705 ne

345 753 428 798 τις
472 720 564 791 οὖν
628 720 797 793 αὐτὸν*
828 720 1175 815 ἀέξουθενίήσῃ.
1221 720 1271 792 τ’
1330 734 1622 807 Τουτέστι,
1678 720 1954 815 Κῃρύσσει

2060 734 2185 807 quis
2223 750 2352 807 ergo
2405 735 2564 793 illum
2599 744 2843 808 spernat.
2894 758 2920 786 ιι
2961 738 3084 792 Hoc
3125 745 3242 805 est,
3291 720 3555 810 praedicat
3603 746 3659 794 et

346 820 443 880 καὶ
503 820 774 882 διδάσκειο
830 823 925 882 καὶ
977 825 1080 905 οὐχ
1137 826 1358 901 ἁπλῶς,
1411 828 1530 886 ἀλλ’
1588 823 1774 905 ὥσπερ
1826 823 1949 901 ἐγώ.

2058 824 2251 893 docet,
2304 842 2403 882 nec
2430 826 2776 899 simpliciter,
2805 825 2900 883 sed
2939 826 3085 883 sicut
3112 842 3235 900 ego.
3288 828 3423 895 Quae
3455 843 3657 900 magna

342 907 531 993 Ὅπερ
583 909 749 989 μέγας
795 913 1048 994 Τιμοθέῳ
1096 918 1329 984 ἔπαινος.
1378 913 1539 977 Ἐπεὶ
1589 908 1679 975 οὖν
1720 914 1952 981 τοιοῦτός

2058 931 2189 973 sane
2216 915 2491 973 Timothei
2518 918 2639 974 laus
2680 924 2784 973 est.
2824 919 2968 974 Cum
3006 917 3172 987 igitur
3204 917 3280 973 sit
3315 916 3655 988 hujusmodi,

342 1000 488 1075 ἐστι,
524 1021 557 1060 α
587 1000 667 1080 μή
710 1025 789 1071 τις
818 1002 977 1063 αὐτὸν
1005 1003 1319 1086 ἐξουθενήσῃ
1341 1029 1356 1044 ·
1386 1026 1416 1065 ››
1453 1003 1569 1073 νέος
1596 1003 1701 1085 γὰρ
1730 995 1829 1076 ἧν,
1857 1007 1948 1063 καὶ

2059 1029 2085 1055 ι
2115 1009 2295 1063 Nemo
2324 1007 2505 1080 ipsum
2535 1006 2856 1079 vilipendat.
2910 1029 2937 1057 ιο
2970 1006 3197 1063 Juvenis
3225 1007 3374 1063 enim
3404 1015 3558 1077 erat,
3597 1014 3657 1065 et

342 1088 534 1167 μόνος,
583 1090 679 1152 καὶ
732 1092 989 1155 τοσούτου
1040 1093 1216 1173 δήμου
1264 1095 1359 1155 καὶ
1409 1093 1574 1161 οὕτως
1623 1093 1948 1176 ὑπέρφρονος

2054 1095 2228 1166 solus,
2259 1111 2324 1153 ac
2341 1096 2477 1152 tanti
2506 1105 2775 1169 tanquam
2794 1096 3013 1169 superbi
3036 1096 3227 1169 populi
3247 1112 3378 1153 cura
3408 1096 3457 1154 ei
3487 1112 3653 1153 com-

339 1178 596 1261 φροντίδα
623 1180 1020 1265 ἐπετέτραπτο,
1065 1184 1156 1245 καὶ
1184 1185 1324 1254 εἰκὸς
1362 1177 1429 1260 ἧν
1468 1184 1627 1245 αὑτὸν
1668 1206 1945 1265 καταφρο-

336 1274 587 1344 νηθῆναι.

423 1382 456 1419 α
505 1360 874 1444 Προπέμψατε
902 1360 959 1422 δὲ
991 1363 1147 1425 αὐτὸν
1178 1366 1232 1424 ἐν
1263 1363 1477 1445 εἰρήνῃ,
1509 1363 1598 1423 ἵνα
1639 1362 1766 1444 ἔλθῃ
1810 1364 1942 1443 πρός

336 1473 441 1526 με·
469 1449 761 1536 ἐκδέχομαι
788 1452 892 1533 γὰρ
920 1454 1078 1513 αὐτὸν
1109 1454 1246 1533 μετὰ
1270 1458 1374 1515 τῶν
1410 1455 1677 1536 ἀδελφῶν.
1708 1476 1736 1514 ι)
1773 1456 1939 1515 Μᾶλ-

334 1543 428 1599 λον
471 1530 595 1617 οῧν,
619 1530 916 1623 ἀφησὶ,ίκαὶ
947 1530 1214 1620 τιμήσατε
1247 1544 1405 1605 αὐτόν
1428 1569 1444 1584 ο
1475 1530 1691 1625 τὸγὰρ,
1735 1563 1765 1601 (ι
1790 1546 1934 1625 Προ-

330 1630 617 1712 πέμψατε,
643 1654 675 1689 δ)
708 1637 864 1693 τοῦτο
889 1635 1059 1708 δηλοῖ.
1101 1656 1131 1692 (ι
1154 1634 1248 1696 Ἐν
1280 1634 1461 1715 εἰρήνῃ
1492 1631 1582 1713 δὲ,
1612 1661 1634 1688 ι
1666 1633 1936 1694 τουτέστιν

332 1719 584 1802 ἀφόϐως,
616 1721 780 1802 χωρὶς
825 1722 1006 1805 μάχης
1051 1723 1144 1783 καὶ
1186 1724 1540 1806 φιλονεικίας,
1575 1724 1714 1803 μετὰ
1756 1724 1937 1797 πάσης

329 1813 626 1890 ὑποταγῆς.
658 1811 740 1873 Τὸ
780 1811 835 1873 δὲ
858 1858 877 1891 ,
928 1836 958 1873 ιι
990 1813 1327 1896 Ἐκδέχομαι
1355 1816 1510 1874 αὐτὸν
1537 1860 1553 1889 ,
1582 1835 1613 1873 ιι
1653 1813 1936 1896 φοϐοῦντός

328 1900 500 1973 ἐστιν,
538 1897 627 1959 ἵνα
655 1900 851 1971 εἰδότες
875 1902 958 1963 ὅτι
993 1903 1173 1964 πάντα
1200 1906 1348 1984 αὐτῷ
1396 1906 1728 1984 ἀπαγγελεῖ,
1769 1905 1933 1979 μηδὲν

326 1988 491 2050 αότὸν
539 1992 833 2073 θλίψωσιν⁸
881 1993 996 2072 ἅμα
1048 1993 1105 2053 δὲ
1168 1993 1262 2055 καὶ
1320 1994 1730 2075 αἰδεσιμώτερον
1778 1995 1936 2054 αὐτὸν

325 2082 496 2140 ποιῶν
514 2081 565 2155 ⁸,
612 2082 718 2160 εἴγε
766 2081 931 2152 οὕτως
995 2085 1285 2164 ἀναγκαῖον
1344 2088 1531 2146 τοῦτον
1583 2083 1698 2166 ἔχει
1715 2129 1733 2161 ,
1792 2082 1934 2145 ὥστε

326 2169 644 2251 ἐκδέχεσθαι
674 2172 854 2237 αὐτόν.

408 2280 440 2317 ε
489 2261 627 2343 Περὶ
678 2262 734 2324 δὲ
782 2261 1029 2324 Ἀπολλὼ
1056 2268 1153 2325 τοῦ
1186 2266 1417 2347 ἀδελφοῦ
1464 2264 1641 2326 πολλὰ
1682 2265 1932 2345 παρεκά-

322 2352 460 2410 λεσα
490 2351 652 2411 αὐτὸν
671 2398 689 2428 ,
722 2350 812 2411 ἵνα
848 2353 973 2437 ἔλθῃ
1005 2355 1135 2436 πρὸς
1167 2358 1307 2432 ὑμᾶς
1336 2355 1473 2434 μετὰ
1513 2358 1618 2415 τῶν
1652 2356 1892 2437 ἀδελφῶν
1916 2379 1930 2394 ο

321 2439 417 2500 καὶ
462 2440 670 2510 πάντως
713 2444 807 2503 οὐκ
852 2436 917 2518 ἧν
956 2444 1163 2524 θέλημα
1199 2445 1289 2503 ἵνα
1334 2450 1423 2503 νῦν
1482 2444 1694 2525 ἔλθῃ.»
1748 2436 1817 2507 Ὁ
1850 2445 1929 2506 Ἀ-

318 2529 535 2598 πολλὼς
585 2532 1096 2615 καὶμπρεσϐύτερος
1143 2526 1209 2608 ἧν
1264 2535 1560 2613 Τιμοθέου,
1612 2535 1705 2595 καὶ
1753 2534 1929 2613 λόγιος

320 2618 484 2702 ἀνήρ.
512 2619 633 2684 Ἵνα
661 2613 751 2682 οὖν
891 2623 1112 2704 λέγωσι,
1132 2626 1185 2685 τί
1221 2624 1423 2699 δήποτε
1446 2625 1604 2685 αὐτὸν
1627 2626 1724 2685 οὔκ
1751 2625 1925 2703 ἔπεμ-

2054 1185 2224 1243 missa
2273 1194 2425 1256 erat,
2487 1185 2881 1260 probabileque
2922 1194 3038 1243 erat
3086 1186 3267 1259 ipsum
3322 1186 3653 1259 vilipensum

2053 1292 2142 1333 ll'l.

2122 1368 2306 1424 Vsus.
2361 1372 2446 1423 11.
2491 1388 2517 1416 α
2550 1366 2824 1423 Deducite
2868 1375 3054 1424 autem
3084 1367 3267 1440 ipsum
3308 1366 3367 1423 in
3398 1382 3557 1441 pace,
3588 1375 3653 1423 ut

2048 1456 2238 1514 veniat
2255 1457 2325 1514 ad
2344 1473 2435 1513 me
2467 1475 2481 1514 :
2507 1463 2763 1529 exspecto
2785 1459 2934 1514 enim
2958 1459 3141 1529 ipsum
3157 1474 3284 1514 cum
3312 1457 3596 1514 fratribus.
3620 1481 3646 1507 ν

2048 1547 2237 1604 Potius
2274 1548 2462 1621 igitur,
2493 1547 2691 1620 inquit,
2738 1547 3007 1604 honorate
3036 1564 3185 1605 eum.
3231 1549 3353 1604 Hoc
3381 1549 3528 1605 enim
3560 1548 3649 1604 hic

2050 1662 2076 1687 α
2108 1637 2375 1693 Deducite
2408 1660 2434 1686 ιι
2464 1637 2752 1710 signiﬁcat.
2785 1660 2810 1686 α
2848 1642 2909 1693 In
2938 1654 3069 1710 pace
3097 1660 3124 1688 ››
3157 1646 3365 1707 autem,
3396 1638 3504 1697 hoc
3539 1648 3645 1708 est,

2046 1726 2345 1799 intrepide,
2373 1726 2490 1783 sine
2513 1743 2693 1799 pugna
2713 1736 2767 1783 et
2788 1729 3161 1793 contentione,
3188 1744 3317 1783 cum
3335 1728 3488 1785 omni
3506 1729 3646 1785 obe-

2045 1818 2271 1875 dientia.
2321 1821 2418 1887 At,
2451 1840 2476 1866 σι
2518 1820 2791 1890 Exspecto
2835 1818 3055 1890 ipsum,
3088 1842 3114 1867 ι
3161 1818 3362 1890 partim
3389 1820 3644 1876 terrentis

2043 1916 2147 1977 est,
2179 1917 2244 1964 ut
2269 1908 2507 1964 scientes
2529 1907 2678 1979 quod
2707 1908 2895 1964 omnia
2915 1909 2965 1964 ei
2992 1908 3065 1964 sit
3087 1915 3464 1978 enarraturus,
3490 1910 3641 1965 nulla

2040 1999 2101 2054 in
2123 2013 2182 2054 re
2210 1998 2393 2069 ipsum
2427 1996 2698 2070 afﬂigant,
2730 1998 2929 2070 partim
2965 2006 3029 2054 ut
3059 1997 3476 2054 honoratiorem
3508 2014 3637 2055 eum

2040 2088 2258 2156 reddat,
2290 2088 2561 2160 siquidem
2586 2088 2726 2145 adeo
2757 2097 2841 2145 est
2870 2089 2950 2145 illi
2975 2104 3113 2161 opus
3135 2104 3304 2160 opera
3330 2087 3635 2157 Timothei,

2039 2185 2100 2235 ut
2121 2178 2303 2250 ipsum
2326 2178 2497 2235 etiam
2526 2187 2819 2251 exspectet.

2109 2270 2293 2325 Vsus.
2330 2273 2415 2324 12.
2455 2290 2479 2317 ει
2510 2271 2593 2324 De
2622 2268 2821 2340 Apollo
2856 2276 3044 2324 autem
3070 2266 3258 2335 fratre,
3276 2268 3520 2323 multum
3544 2266 3639 2323 ad-

2037 2356 2293 2414 hortatus
2320 2373 2448 2413 sum
2467 2357 2649 2429 ipsum
2669 2365 2732 2413 ut
2759 2358 2944 2415 veniat
2965 2357 3038 2413 ad
3075 2372 3174 2413 vos
3198 2374 3324 2413 cum
3346 2356 3636 2424 fratribus,

2036 2453 2093 2504 et
2113 2448 2346 2504 omnino
2364 2463 2479 2506 non
2494 2456 2612 2504 erat
2630 2448 2881 2504 voluntas
2897 2455 3113 2503 utnunc
3132 2447 3363 2504 veniret.
3384 2469 3410 2496 ιι
3430 2447 3629 2519 Apollo

2033 2537 2297 2611 grandior
2340 2544 2461 2593 erat
2488 2545 2624 2593 natu
2654 2536 2970 2607 Timotheo,
3018 2545 3074 2592 et
3119 2536 3202 2591 vir
3228 2534 3519 2593 facundus.
3552 2538 3635 2591 Ne

2031 2627 2204 2700 igitur
2230 2626 2435 2696 dicant,
2470 2628 2581 2683 Cur
2628 2627 2811 2699 ipsum
2840 2642 2951 2681 non
2987 2625 3219 2694 miserit,
3249 2624 3346 2682 sed
3378 2641 3507 2682 eum
3537 2626 3633 2698 qui

316 2712 453 2791 ψεν,
508 2712 647 2773 ἀλλὰ
703 2712 794 2773 τὸν
843 2714 1136 2796 νεώτερον;
1196 2715 1361 2795 φησί·
1427 2738 1459 2772 α
1520 2715 1711 2777 Πολλὰ
1764 2716 1921 2776 αὐτὸν

2033 2718 2245 2791 iuniore
2275 2725 2420 2773 esset
2444 2721 2469 2775 ἱ*
2495 2740 2521 2766 ιι
2550 2719 2810 2784 Multum,
2837 2740 2862 2766 ι
2886 2717 3085 2789 inquit,
3118 2739 3144 2763 κ
3167 2716 3347 2787 ipsum
3372 2716 3633 2772 adhorta-

315 2801 683 2880 παρεκάλεσα.
716 2830 740 2855 ιι
777 2804 887 2865 Καὶ
914 2806 974 2865 οὖ
1010 2804 1186 2885 λέγει,
1214 2804 1295 2865 ὅτι
1334 2804 1585 2879 Ἀντέστη
1617 2828 1736 2884 μοι,
1784 2804 1923 2865 ἀλλὰ

2033 2814 2120 2864 tus
2150 2822 2299 2865 sum.
2344 2830 2369 2855 ››
2402 2808 2518 2863 Nec
2542 2805 2697 2873 dicit,
2731 2806 2956 2863 Restitit
2983 2805 3143 2875 mihi,
3178 2814 3440 2861 cazterum
3471 2806 3630 2862 illum

312 2892 559 2977 κάκεῖνον
612 2893 862 2954 ἀπολύων
908 2894 1200 2977 μέμψεως,
1244 2895 1375 2977 φησί
1404 2919 1419 2934 σ
1469 2923 1495 2949 σι
1553 2896 1778 2963 Πάντως
1826 2898 1921 2957 οὐκ

2033 2897 2100 2953 ab
2145 2896 2491 2953 accusatione
2534 2896 2791 2965 liberans,
2821 2918 2849 2947 «
2880 2896 3127 2953 Omnino
3149 2935 3165 2964 ,
3194 2896 3395 2969 inquit,
3442 2917 3467 2945 ι
3517 2911 3632 2953 non

312 2971 381 3053 ἧν
424 2980 666 3059 θέλημα·
701 3004 731 3042 ι
765 2971 1072 3059 τουτέστιν,
1105 2988 1134 3045 ὁ
1163 2971 1302 3054 Θεδς
1344 2987 1439 3045 οὖκ
1467 2985 1675 3059 ἤθελεν.
1710 2984 1832 3047 Ἵνα
1864 2987 1919 3047 δὲ

2033 2996 2149 3045 erat
2185 2989 2473 3059 voluntas,
2522 3010 2549 3037 ιο
2581 2986 2687 3044 hoc
2716 2994 2834 3057 est,
2884 2990 3037 3043 Deus
3066 2986 3260 3043 noluit.
3314 2989 3397 3043 Ne
3441 2994 3630 3043 autem

315 3068 395 3148 μὴ
427 3071 720 3219 ίλέγωσινξ,
791 3071 873 3134 ὅτι
946 3077 1143 3157 σκῆψις
1217 3082 1388 3137 ταῦτα
1457 3074 1551 3136 καὶ
1616 3074 1916 3158 πρόφασις,

315 3182 506 3219 mav-

311 3182 472 3241 φησιν
491 3184 506 3199 ·

308 3338 446 3422 ὑπὲρ
490 3342 687 3402 ἐκείνου
738 3342 1194 3423 ἀπολογούμενος,
1238 3345 1334 3405 καὶ
1385 3344 1579 3413 αὐτοὺς
1620 3350 1909 3416 ποθοῦντας

307 3429 465 3520 afrer
512 3432 640 3492 ἰδεῖν
690 3434 1168 3514 ¹παραμυθούμενος
1323 3434 1499 3496 ἐλπίδι
1555 3438 1649 3509 τῆς
1695 3459 1909 3520 παρου-

306 3517 448 3589 σίας.

392 3631 422 3668 ε
470 3612 809 3692 Γρηγορεῖτε.
848 3634 876 3670 ι
924 3614 1103 3675 Πάλιν
1149 3615 1403 3694 παραινεῖ⁹
1430 3613 1562 3694 πρὸς
1608 3615 1686 3694 τῷ
1730 3614 1906 3675 τέλει·

303 3699 546 3773 δεικνὺς,
593 3700 672 3761 ὅτι
721 3707 816 3763 οὐκ
863 3703 952 3762 ἐπὶ
993 3712 1104 3772 τοῖς
1166 3705 1501 3771 διδασκάλοις
1552 3702 1647 3769 τὰς
1690 3704 1908 3773 ἐλπίδας

303 3791 449 3871 ἔχειν
480 3790 597 3864 δεῖ,
651 3791 791 3851 ἀλλὰ
819 3792 910 3852 καὶ
958 3794 1011 3851 ἐν
1043 3795 1267 3861 ἑαυτοῖς.
1302 3817 1333 3851 α
1365 3792 1720 3874 Γρηγορεῖτε,
1757 3816 1784 3850 »
1818 3793 1906 3852 διὰ

307 3878 430 4027 fici»;
481 3881 796 3951 ἀπατῶντας
820 3904 834 3921 ο
885 3884 955 3951 ὣς
997 3883 1359 3954 νυσταζόντων
1411 3883 1467 3944 δὲ
1530 3883 1700 3942 αὐτῶν
1751 3886 1904 3944 τοῦτο

307 3995 323 4027 ε
351 3992 442 4027 πε.

301 3992 442 4032 ειπε.

384 4083 420 4117 α
463 4059 713 4135 Στήκατε
745 4061 801 4121 ἐν
926 4061 1130 4124 πίστει.
1167 4083 1196 4121 ι
1227 4064 1350 4123 Οὐκ
1378 4063 1433 4121 ἐν
1565 4061 1664 4130 ἔξω
1703 4062 1863 4144 σοφίᾳ
1888 4087 1902 4101 ·

295 4152 353 4211 ἐν
396 4150 571 4232 ἐκείνῃ
600 4150 703 4232 γὰρ
733 4153 830 4212 οὐκ
862 4150 1004 4213 ἔστιν
1034 4151 1255 4235 ἑστάναι
1276 4198 1294 4228 ,
1322 4151 1463 4212 ἀλλὰ
1493 4150 1900 4235 περιφέρεσθαι·

293 4245 367 4309 ὣς
397 4240 769 4317 σαλευομένων
797 4242 851 4301 δὲ
878 4248 1038 4302 τοῦτο
1066 4233 1236 4304 εἶπεν.

381 4354 416 4387 α
460 4329 815 4413 Ἄνδρίζεσθε,
863 4336 1235 4412 κραταιοῦσθε.
1287 4354 1320 4390 ιο
1374 4331 1481 4392 Διὰ
1529 4330 1647 4413 robe
1685 4332 1897 4393 ἐπιϐου-

289 4418 541 4488 λεύοντας
565 4445 579 4459 ο
606 4424 678 4488 ὡς
701 4422 793 4481 ἐπὶ
824 4423 1267 4500 μαλακιζομένων
1296 4420 1352 4482 δὲ
1381 4428 1536 4483 τοῦτο
1566 4412 1703 4481 εἶπε.

375 4622 411 4657 α
458 4599 643 4660 Πάντα
680 4601 830 4679 ὑμῶν
880 4604 934 4661 ἐν
976 4599 1162 4681 ἀγάπῃ
1209 4599 1455 4679 γινέσθω.
1495 4622 1523 4659 ι
1566 4603 1737 4662 Τοῦτο
1765 4604 1893 4684 πρὸς

284 4688 410 4759 τοὺς
440 4690 822 4760 στασιάζοντας
867 4692 961 4751 καὶ
1004 4693 1342 4758 διασπῶντας
1386 4689 1483 4764 τὴν
1531 4690 1887 4766 Ἐκκλησίαν,

2028 3078 2177 3136 hunc
2221 3078 2412 3137 fucum
2465 3094 2584 3136 esse
2633 3078 2822 3136 dicant
2878 3077 3213 3150 inanemque
3262 3085 3595 3150 praetextum

2028 3170 2214 3227 subdit
2228 3189 2242 3227 :

396 3216 789 3315 aﬂ’Ehdcu-at
842 3252 933 3331 δὲ,
984 3254 1111 3315 ὅταν
1168 3253 1483 3336 εὗκαιρήσῃ.
1536 3276 1566 3314 ι
1620 3252 1767 3332 Ἅμα
1818 3257 1909 3316 καὶ
1949 3221 1962 3278 ⁴

2099 3283 2125 3310 α
2156 3260 2352 3317 Veniet
2378 3266 2594 3328 autem,
2616 3275 2747 3317 cum
2770 3258 3242 3333 opportunitatem
3271 3266 3468 3316 nactus
3493 3257 3619 3317 fuc-

2019 3352 2111 3407 rit.
2150 3374 2175 3401 ιι
2220 3352 2363 3408 Cum
2402 3350 2769 3407 Timotheum
2805 3349 3089 3419 defendit,
3133 3358 3252 3406 tum
3296 3348 3619 3407 Corinthios

2015 3441 2173 3497 illum
2194 3449 2509 3513 expetentes
2536 3440 2743 3509 videre,
2767 3455 2864 3512 spe
2892 3440 3159 3498 adventus
3177 3441 3516 3498 consolatur.

2085 3621 2265 3676 Vnns.
2285 3624 2372 3676 13.
2404 3642 2430 3668 α
2456 3618 2704 3691 Vigilate.
2730 3638 2759 3668 »
2780 3621 2997 3675 Rursus
3016 3618 3075 3674 in
3092 3617 3202 3675 ﬁne
3223 3633 3320 3675 eos
3335 3618 3618 3691 admonet,

2014 3710 2307 3766 ostendens
2342 3708 2489 3780 quod
2520 3724 2631 3763 non
2661 3716 2915 3779 oporteat
2941 3724 3097 3780 spem
3127 3708 3399 3766 collocare
3429 3710 3489 3765 in
3512 3710 3619 3767 do-

2012 3799 2289 3867 ctoribus,
2318 3798 2417 3855 sed
2441 3800 2501 3853 in
2525 3798 2735 3869 seipsis.
2771 3797 2937 3871 235
2978 3820 3003 3845 ι
3032 3798 3286 3869 Vigilate,
3325 3820 3349 3846 ιο
3394 3808 3619 3871 propter

2011 3889 2333 3962 deceptores
2364 3907 2379 3946 :
2412 3888 2568 3961 quasi
2616 3896 2806 3944 autem
2870 3887 3236 3945 dormitarent
3301 3888 3445 3960 ipsi,
3510 3888 3615 3944 hoc

2009 3980 2170 4039 dixit.

2087 4092 2113 4119 α
2142 4072 2292 4127 State
2316 4069 2371 4125 in
2406 4068 2533 4126 ﬁde.
2560 4090 2587 4116 ν
2613 4070 2743 4125 Non
2780 4067 2840 4123 in
2867 4074 3092 4123 externa
3122 4065 3397 4138 sapientia
3430 4085 3444 4123 :
3470 4066 3526 4123 in
3549 4082 3612 4125 ea

2008 4160 2159 4217 enim
2210 4160 2424 4216 nemini
2451 4167 2594 4215 stare
2622 4159 2783 4224 licet,
2834 4156 2933 4214 sed
2972 4157 3273 4231 circumagi
3321 4173 3386 4213 ac
3414 4158 3608 4215 rotari.

2007 4253 2154 4319 Hoc,
2184 4250 2336 4323 quasi
2380 4247 2767 4316 vacillassent,
2816 4247 2913 4304 ait.

2081 4363 2109 4390 α
2140 4339 2381 4398 Viriliter
2411 4339 2576 4412 agite,
2610 4347 2787 4395 estote
2813 4336 3007 4394 fortes.
3043 4360 3069 4387 ν
3096 4340 3330 4409 Propter
3368 4354 3467 4395 eos
3511 4339 3610 4412 qui

2004 4430 2232 4487 insidias
2260 4436 2500 4486 struunt.
2523 4427 2679 4486 Istud
2704 4436 2897 4486 autem
2923 4427 3057 4485 dixit
3082 4436 3350 4500 tanquam
3374 4428 3443 4485 de
3467 4426 3608 4487 effe-

1927 4526 1979 4588 Ι)
2009 4519 2260 4575 minatis.

2074 4610 2259 4665 Vsns.
2316 4612 2403 4665 14.
2455 4629 2482 4657 α
2526 4606 2731 4664 Omnia
2770 4614 2951 4662 vestra
2989 4605 3043 4661 in
3065 4603 3351 4673 fcharitate
3379 4603 3536 4659 fiant.
3575 4628 3601 4654 ι)

2001 4700 2124 4754 Ηοο
2152 4698 2223 4755 ad
2250 4695 2578 4754 dissidentes
2593 4704 2649 4753 et
2676 4696 2977 4753 Ecclesiam
3005 4694 3325 4750 divellentes
3342 4694 3599 4766 pertinet.

286 4780 417 4842 Εἴτε
451 4776 592 4860 γὰρ,
638 4779 810 4860 φησὶ,
858 4780 1097 4841 διδάσκει
1145 4806 1258 4854 τις,
1312 4780 1417 4840 εἴτε
1470 4778 1752 4858 μανθάνει,
1785 4784 1891 4844 εἴτε

2033 4788 2125 4844 ive
2154 4788 2305 4843 enim
2322 4786 2483 4844 docet
2498 4786 2771 4859 quispiam
2789 4825 2806 4854 ,
2827 4786 2944 4842 sive
2967 4784 3153 4850 discit,
3187 4784 3301 4839 sive
3324 4784 3600 4856 obiurgat,

280 4873 541 4950 ἐπιτιμᾷ,
586 4870 763 4929 πάντα
818 4871 870 4929 ἐν
931 4870 1117 4951 ἀγάπῃ
1174 4870 1390 4930 ἔστω⁷’
1443 4874 1535 4930 καὶ
1590 4872 1685 4930 οὐκ
1742 4872 1891 4934 ἔσται

2038 4877 2189 4935 mnia
2220 4876 2277 4932 in
2304 4875 2597 4933 dilectione
2638 4875 2780 4932 ﬁant
2805 4894 2819 4933 :
2843 4884 2900 4933 et
2926 4891 3037 4932 non
3066 4875 3173 4930 erit
3214 4873 3421 4931 inﬂatio
3464 4875 3604 4932 inter

282 4959 568 5040 φυσίωσις,
596 4960 716 5019 οὐδὲ
741 4958 1050 5034 διάστασις,
1084 4959 1296 5038 ἀγάπης
1328 4958 1724 5039 μεσιτευούσης.

2034 4982 2116 5036 os,
2151 4982 2330 5039 neque
2378 4965 2679 5037 dissensio,
2711 4965 2977 5023 charitate
3020 4964 3413 5022 intercedente.

365 5071 396 5105 ι
449 5049 766 5129 Παρακαλῶ
810 5047 866 5108 δὲ
899 5052 1064 5126 ὑμᾶς,
1098 5049 1334 5127 ἀδελφοί.
1366 5072 1395 5107 n
1432 5052 1604 5110 Τοῦτο
1635 5050 1888 5131 ὑπερϐα-

2067 5059 2248 5115 Vens.
2282 5061 2372 5113 15.
2397 5078 2424 5106 α
2458 5056 2697 5113 Obsecro
2724 5064 2913 5112 autem
2937 5071 3055 5122 vos,
3086 5055 3297 5112 fratres.
3330 5078 3357 5104 ν
3382 5057 3596 5127 Hyper-

278 5137 396 5211 τὸν,
447 5160 476 5195 ε
524 5139 840 5218 Παρακαλῶ
880 5143 1052 5217 ὑμᾶς,
1098 5137 1188 5198 ἵνα
1232 5139 1324 5199 καὶ
1372 5141 1521 5217 ὓμεῖς
1568 5141 1885 5215 ὓποτάσση-

2034 5154 2167 5204 aton
2195 5154 2303 5216 est,
2333 5167 2360 5196 α
2401 5145 2650 5204 Obsecro
2678 5161 2799 5216 vos,
2828 5169 2855 5196 ι
2886 5144 3149 5202 nimirum
3178 5153 3241 5202 ut
3264 5154 3323 5202 et
3345 5160 3443 5201 vos
3470 5143 3596 5200 tali-

276 5233 370 5288 σθε
400 5235 511 5296 τοῖς
539 5229 795 5298 τοιούτοις
816 5252 831 5267 ·
856 5250 885 5287 ›)
922 5229 989 5290 τὰ
1019 5228 1074 5289 δὲ
1106 5229 1246 5288 ἄλλα
1270 5228 1738 5310 παρεμϐέϐληται.

2033 5252 2097 5294 us
2125 5236 2326 5310 geratis
2354 5251 2585 5293 morem.
2619 5237 2828 5295 Caetera
2857 5244 3047 5292 autem
3075 5234 3401 5306 interposita
3440 5241 3592 5290 sunt.

366 5338 400 5377 α
437 5317 638 5379 Οἴδατε
681 5316 779 5391 τήν
812 5318 984 5379 οἰκίαν
1030 5321 1320 5400 Στεφανᾶ,
1349 5317 1431 5377 ὅτι
1478 5318 1622 5379 ἔστιν
1663 5321 1886 5402 ἀπαρχὴ

2070 5348 2098 5377 σι
2146 5325 2334 5383 Nostis
2380 5325 2613 5383 domum
2641 5326 2973 5399 Stephanae,
3016 5322 3167 5397 quod
3209 5323 3285 5380 sit
3331 5322 3594 5396 primitiae

274 5411 369 5481 τῆς
418 5405 662 5489 Ἀχαίας.
704 5431 736 5464 ι
784 5406 975 5486 Ὑμεῖς
997 5407 1044 5485 ⁸,
1098 5408 1267 5491 φησὶ,
1315 5407 1633 5487 γινώσκετε,
1680 5408 1772 5468 καὶ
1819 5412 1879 5469 οὗ

2033 5415 2225 5474 .chaiae.
2257 5438 2285 5467 ι)
2317 5418 2452 5486 Vos,
2504 5416 2703 5489 inquit,
2734 5415 2955 5484 tenetis,
2984 5430 3086 5472 nec
3113 5413 3329 5470 habetis
3363 5428 3587 5471 necesse

272 5498 449 5580 δεῖσθε
499 5495 632 5579 παρ’
690 5498 820 5574 ἐμοῦ
878 5502 1087 5575 μαθεῖν.
1146 5497 1421 5580 Ἀπαρχὴν
1473 5497 1529 5557 δὲ
1580 5499 1735 5558 καλεῖ
1785 5503 1881 5572 τῆς

2033 5515 2051 5564 t
2093 5523 2125 5563 a
2162 5522 2255 5563 me
2301 5506 2548 5564 discatis.
2597 5505 2879 5563 Primitias
2928 5513 3115 5561 autem
3155 5502 3386 5562 Achaia
3432 5511 3594 5561 vocat

271 5578 501 5667 Ἀχαΐας
524 5584 647 5655 τοὺς
682 5590 775 5647 τοῦ
808 5587 1094 5669 Στεφανᾶ,
1128 5584 1164 5660 ἢ
1205 5578 1298 5647 δια
1319 5578 1385 5648 τὸ
1412 5586 1651 5671 πρώτους
1691 5585 1882 5659 αὐτοὺς

2033 5596 2326 5670 tephanam
2348 5611 2477 5653 cum
2500 5595 2617 5653 suis
2638 5596 2723 5654 vel
2741 5595 2889 5669 quod
2910 5595 3074 5669 primi
3100 5593 3200 5667 ipsi
3228 5593 3590 5661 crediderint,

1670 5760 1863 5821 Varias
1907 5759 2215 5820 lectiones.

342 5846 365 5879 ⁸
386 5846 627 5904 ποιεῖ’ω.
703 5845 727 5881 τ
752 5846 968 5919 γινέσθω
995 5861 1074 5907 m.
1151 5846 1173 5883 ⁸
1204 5845 1345 5902 αὐτοὶ
1378 5862 1455 5905 In.
