4110 6414
451 522 546 575 791
1467 516 1981 574 THEOPHYLACTI
2021 514 2379 571 BULGARIIE
2416 515 2735 571 ARCHIEP.

3653 516 3759 569 792

452 646 535 702 vel
579 643 731 718 quod
757 643 1024 716 optimam
1052 644 1224 699 vitam
1250 642 1531 716 elegerint.
1561 642 1825 700 Primitiae
1867 648 2048 698 autem

2163 646 2478 712 πιστεῦσαι,
2529 639 2678 713 ἢὸτι
2721 640 2811 702 καὶ
2864 640 2977 721 βίον
3014 640 3228 721 ἄριστον
3279 629 3417 700 εἶλον
3438 638 3480 699 ⁸.
3516 638 3602 721 :H
3655 637 3761 720 γὰρ

452 734 697 807 undique
730 734 1108 791 excellentiam
1140 732 1346 791 habere
1377 733 1584 790 debent
1612 749 1804 789 earum
1834 748 2044 801 rerum,

451 839 689 897 quarum
738 832 867 880 sunt
911 823 1181 896 primitiae.
1246 822 1513 879 Achaiam
1554 830 1740 879 autem
1771 823 2046 881 Graeciam

454 923 631 971 vocat.

531 1028 558 1053 σι
585 1007 657 1062 Et
683 1004 830 1077 quod
862 1004 930 1062 ad
959 1003 1327 1061 ministerium
1360 1004 1563 1062 sanctis
1585 1004 1800 1077 seipsos
1827 1003 2050 1061 ordina-

454 1094 646 1151 verint.
684 1116 710 1144 ιι
740 1096 821 1152 Ut
876 1110 1143 1167 pauperes
1181 1094 1370 1151 ﬁdeles
1418 1095 1763 1166 susciperent
1809 1094 2052 1167 ipsisque

448 1184 852 1253 ministrarent,
883 1185 1092 1257 seipsos
1133 1191 1434 1255 posuerunt
1473 1192 1633 1257 atque
1671 1192 2047 1257 segregarunt,

448 1290 561 1330 non
590 1274 662 1331 ab
696 1274 816 1330 aliis
837 1273 1123 1331 constituti
1152 1274 1455 1331 necessario
1478 1316 1495 1345 ,
1514 1272 1614 1331 sed
1640 1282 1836 1347 suapte
1858 1282 2053 1346 sponte

449 1378 508 1421 se
537 1362 875 1420 addicentes.

519 1455 701 1511 Vsns.
727 1459 817 1511 16.
846 1476 873 1503 ι
904 1455 985 1511 Ut
1002 1462 1059 1510 et
1076 1468 1174 1510 vos
1197 1453 1403 1511 subditi
1432 1454 1551 1510 sitis
1565 1453 1785 1522 talibus,
1812 1460 1870 1509 et
1902 1453 2051 1510 omni

448 1543 765 1615 cooperanti
793 1552 849 1600 et
882 1544 1175 1601 laboranti.
1210 1567 1236 1592 ν
1269 1547 1394 1600 Hoc
1430 1552 1537 1614 est,
1565 1544 1835 1616 adjuvetis
1863 1559 1959 1599 eos
1998 1551 2054 1600 et

447 1640 672 1704 sumptu
700 1633 1079 1706 pecuniarum,
1110 1641 1167 1688 et
1191 1633 1494 1689 ministerio
1526 1633 1822 1705 corporali.
1854 1635 1924 1688 Et
1939 1648 2052 1688 non

447 1720 585 1778 dixit
626 1722 964 1794 simpliciter,
1002 1722 1386 1794 Cooperemini
1404 1763 1425 1793 ,
1452 1730 1718 1779 caeterum
1765 1721 2053 1779 vehemen-

445 1819 562 1867 tem
585 1811 955 1868 obedientiam
977 1811 1297 1880 ostendens,
1328 1835 1354 1861 ει
1384 1811 1599 1868 Subditi
1624 1812 1760 1880 sitis,
1795 1835 1822 1861 ν
1848 1811 2049 1884 inquit.

444 1902 529 1957 Ne
557 1908 743 1957 autem
772 1900 1022 1958 videatur
1044 1901 1148 1958 soli
1190 1901 1483 1974 Stephaua:
1502 1900 1821 1973 gratiﬁcari,
1845 1899 2050 1970 infert,

448 2012 472 2038 σ
506 1991 579 2046 Et
604 1991 754 2047 omni
781 1991 1098 2063 cooperanti
1134 2000 1191 2047 et
1215 1990 1508 2048 laboranti.
1544 2014 1570 2040 ι
1615 1990 1775 2048 Ubi?
1812 1990 1899 2046 Ad
1929 2006 2052 2046 san-

446 2086 665 2136 ctorum
711 2080 1130 2137 ministerium:
1168 2079 1321 2153 digni
1359 2080 1508 2136 enim
1540 2095 1734 2136 omnes
1760 2080 1902 2137 tales
1944 2079 2049 2135 ho-

446 2184 604 2226 nore.
631 2169 720 2226 Sic
745 2170 895 2227 enim
923 2169 987 2226 ﬁt
1017 2177 1082 2226 ut
1109 2168 1361 2227 laborem
1390 2168 1606 2226 fortiter
1634 2168 1835 2226 ferant.

518 2354 691 2410 Vens.
719 2358 808 2409 17.
829 2376 855 2403 ι
884 2352 1113 2411 Gaudeo
1132 2361 1316 2410 autem
1330 2354 1386 2410 in
1406 2353 1698 2427 praesentia
1718 2352 1981 2425 Stephani
1997 2359 2054 2409 et

447 2441 734 2500 Fortunati
777 2450 832 2499 et
852 2441 1098 2509 Achaici,
1121 2443 1391 2516 quoniam
1418 2450 1660 2500 vestrum
1690 2441 1969 2499 defectum
1991 2440 2051 2497 hi

446 2531 811 2604 repleverunt.
839 2555 864 2581 ιο
887 2531 985 2588 Isti
1006 2541 1139 2589 sunt
1170 2533 1264 2605 qui
1291 2532 1417 2590 divo
1445 2533 1619 2589 Paulo
1647 2532 2051 2588 annuntiarunt

444 2618 517 2676 de
539 2619 884 2678 dissensione
902 2636 1030 2694 quae
1056 2626 1174 2677 erat
1190 2621 1334 2694 apud
1353 2620 1693 2689 Corinthios,
1714 2622 1895 2694 deque
1927 2623 2052 2680 aliis

445 2710 703 2781 peccatis.
748 2712 895 2766 Tum
919 2710 1015 2783 qui
1044 2727 1107 2767 ex
1132 2710 1329 2767 Chloes
1356 2708 1571 2768 familia
1597 2719 1776 2779 erant,
1811 2727 1909 2783 per
1950 2712 2051 2769 hos

448 2796 641 2855 forsan
684 2798 804 2856 haec
846 2800 1181 2856 indicarunt.
1228 2801 1366 2870 Quia
1405 2800 1570 2872 igitur
1613 2800 1909 2857 verisimile
1935 2810 2053 2858 erat

444 2887 762 2944 Corinthios
789 2888 1083 2945 adversum
1129 2887 1232 2945 hos
1259 2887 1500 2957 efferari,
1544 2889 1901 2946 commendat
1925 2906 2045 2960 eos,

446 2977 747 3049 inquiens:
782 3000 809 3027 α
850 2978 1112 3035 Vestrum
1157 2978 1234 3034 illi
1263 2976 1543 3035 defectum
1585 2979 1967 3052 repleverunt,
2018 3004 2045 3030 ιο

449 3067 558 3123 hoc
576 3075 680 3133 est,
706 3082 807 3139 pro
822 3066 1085 3124 omnibus
1114 3065 1269 3124 vobis
1291 3076 1585 3137 venerunt,
1616 3077 1671 3123 et
1697 3076 1923 3141 propter
1942 3083 2050 3126 vos

446 3164 661 3213 tantam
687 3156 1086 3229 profectionem
1126 3156 1466 3213 destinarunt
1494 3157 1564 3214 ad
1602 3172 1717 3215 me.

518 3248 697 3304 Vnns.
732 3249 822 3303 18.
856 3271 881 3297 ι
924 3245 1263 3304 Refecerunt
1312 3246 1457 3303 enim
1496 3256 1745 3304 vestrum
1789 3246 2046 3321 spiritum

2083 2045 2131 2108 Β

2160 730 2380 811 ἀπαρχὴ
2407 730 2663 790 πάντοθεν
2696 730 2756 789 τὸ
2798 718 3063 809 ἐξαίρετον
3090 729 3288 810 ὀφείλει
3328 728 3469 811 ἔχειν
3508 718 3581 788 ὧν
3619 718 3759 788 ἐστιν

2162 819 2403 901 ἀπαρχή.
2440 814 2661 901 Ἀχαίαν
2687 820 2741 879 δὲ
2770 818 2868 892 τὴν
2893 819 3137 881 Ἑλλάδα
3167 821 3341 879 καλεῖ.

2245 1026 2278 1060 α
2321 1003 2432 1065 Kal
2459 1004 2531 1070 εἷς
2570 1003 2838 1062 διακονίαν
2866 1010 2975 1070 τοῖς
3015 1000 3184 1081 ἁγίοις
3219 999 3407 1071 ἔταξαν
3438 1000 3674 1067 ἑαυτούς.
3727 1023 3757 1059 ι

2164 1095 2256 1162 Εἷς
2284 1092 2346 1152 τὸ
2382 1092 2734 1172 ὑποδέχεσθαι
2773 1091 2892 1160 τοὺς
2934 1091 3157 1161 πιστοὺς
3200 1090 3459 1164 πένητας,
3503 1088 3597 1149 καὶ
3643 1090 3761 1148 δια-

2161 1185 2328 1243 κονεῖν
2383 1183 2585 1256 αὐτοῖς,
2635 1180 2826 1251 ἔταξαν
2899 1178 3116 1248 ἑαυτοὺς
3173 1179 3265 1240 καὶ
3320 1178 3594 1260 ἀφώρισαν
3616 1201 3632 1216 ο
3696 1180 3757 1238 οὗ

2160 1272 2286 1353 παρ’
2318 1272 2492 1331 ἄλλων
2534 1270 2891 1339 καταστάντες
2926 1271 3163 1352 ἀνάγκῃ,
3190 1268 3308 1331 ἀλλ’
3335 1267 3585 1337 ἑκουσίως
3631 1268 3766 1350 παρ’

2162 1365 2388 1424 ἑαυτῶν.

2246 1474 2278 1508 α
2319 1449 2443 1513 Ἵνα
2480 1449 2573 1510 καὶ
2612 1452 2760 1529 ὑμεῖς
2787 1449 3161 1524 ὑποτάσσησθε
3205 1450 3315 1518 τοῖς
3340 1448 3627 1522 τοιούτοις,
3670 1446 3767 1507 καὶ

2161 1540 2322 1601 παντὶ
2370 1544 2447 1622 τῷ
2499 1545 2837 1623 συνεργοῦντι
2893 1538 2987 1600 καὶ
3039 1541 3317 1599 κοπιῶντι.
3375 1560 3405 1597 ι
3457 1536 3722 1600 Τουτίστι
3742 1583 3763 1617 ,

2162 1630 2738 1707 Συναντιλαμϐάνησθε
2786 1630 2877 1689 καὶ
2917 1633 2971 1690 ἐν
3021 1628 3625 1710 δαπάνῃῖχρημάτων,
3674 1626 3767 1686 καὶ

2162 1725 2215 1782 ἐν
2260 1720 2499 1801 διακονίᾳ
2531 1723 2839 1799 σωματικῇ.
2887 1719 2997 1782 Kal
3040 1720 3143 1779 οὐκ
3191 1709 3336 1779 εἶπεν
3372 1718 3588 1793 ἁπλῶς,
3626 1718 3765 1778 Συν-

2163 1816 2382 1889 εργῆτε,
2443 1810 2563 1868 ἀλλ’
2633 1808 3022 1887 ἐπιτεταμένην
3090 1808 3333 1880 ὑπακοὴν
3396 1806 3765 1884 δεικνύμενος,

2171 1923 2198 1958 ε
2234 1900 2667 1973 Ύποτάσσησθε.
2726 1924 2756 1956 ι
2808 1896 2931 1961 Ἵνα
2976 1898 3031 1958 δὲ
3077 1898 3155 1977 μὴ
3203 1897 3331 1978 δόξῃ
3382 1902 3459 1977 τῷ
3513 1899 3768 1978 Στεφανᾷ

2166 1989 2312 2070 μόνῳ
2360 1993 2705 2069 χαρίζεσθαι,
2738 1989 2960 2069 ἐπάγειο
3019 2010 3053 2044 α
3102 1987 3212 2047 Kal
3255 1987 3419 2048 παντὶ
3464 1988 3541 2067 τῷ
3580 2009 3767 2066 συνερ-

2159 2084 2339 2159 γοῦντι
2381 2079 2473 2138 καὶ
2521 2081 2799 2141 κοπιῶντι.
2830 2102 2858 2138 ι)
2908 2076 3133 2152 Ποῦ⁴⁰;
3173 2080 3268 2144 Εἰς
3312 2076 3411 2150 τὴν
3452 2079 3557 2155 τῶν
3600 2075 3769 2154 ἁγίων

2160 2168 2451 2229 διακονίαν.
2505 2168 2669 2238 Ἅξιοι
2739 2167 2842 2249 γὰρ
2894 2167 3084 2235 πάντες
3151 2169 3199 2227 οἱ
3270 2170 3500 2227 τοιοῦτοι
3568 2168 3766 2244 τιμῆς·

2159 2256 2298 2318 οὕτω
2320 2257 2423 2338 γὰρ
2454 2257 2517 2317 ἂν
2545 2258 2636 2317 καὶ
2675 2257 2764 2317 τὸν
2794 2255 2960 2316 κόπον
2992 2256 3243 2336 γενναίως
3267 2255 3309 2294 ¹¹
3348 2254 3581 2337 φέροιεν.

2242 2369 2272 2405 α
2319 2347 2513 2427 Χαίρω
2542 2348 2596 2408 δὲ
2629 2348 2717 2407 ἐπὶ
2841 2345 3109 2429 παρουσία
3136 2348 3418 2428 Στεφανᾶ,
3454 2345 3546 2405 καὶ
3577 2346 3768 2426 Φουρ-

2158 2437 2441 2511 τουνάτου,
2508 2437 2602 2497 καὶ
2660 2436 2949 2517 Ἀχαϊκοῦ,
3003 2433 3091 2517 ὅτι
3158 2434 3220 2494 τὸ
3274 2437 3424 2512 ὃμῶν
3489 2434 3767 2513 ὑστέρημα

2157 2519 2298 2588 οὗτοι
2350 2516 2762 2607 ἀνεπλήρωσαν.
2797 2551 2829 2584 ι
2863 2516 3029 2587 Οὗτοι
3074 2516 3213 2598 ἦσαν
3258 2526 3307 2584 οἱ
3351 2523 3768 2604 ἀναγγείλαντες

2156 2617 2365 2698 Παύλῳ
2411 2617 2535 2697 περὶ
2578 2620 2674 2688 τῆς
2727 2617 2781 2675 ἐν
2828 2616 3067 2695 Κορίνθῳ
3120 2614 3469 2694 διχοστασίας
3516 2613 3609 2674 καὶ
3659 2616 3767 2673 τῶν

2157 2707 2334 2765 ἄλλων
2380 2705 2787 2786 ἁμαρτημάτων
2812 2729 2823 2742 ·
2854 2704 2947 2786 καὶ
2997 2706 3043 2764 οἱ
3072 2710 3167 2776 τῆς
3217 2703 3397 2777 Χλόης
3427 2702 3515 2763 διὰ
3558 2702 3764 2763 τούτων

2154 2794 2281 2862 ἴσως
2328 2784 2627 2867 ἐδήλωσαν.
2661 2794 2819 2857 Ἐπεὶ
2864 2784 2952 2852 οῦν
3000 2792 3137 2860 εἰκὸς
3179 2785 3241 2866 ἧν
3282 2792 3403 2861 τοὺς
3457 2792 3767 2873 Κορινθίους

2158 2888 2575 2961 ἕκτεθηριῶσθαι
2613 2885 2744 2965 πρὸς
2781 2883 3029 2957 τούτους,
3074 2892 3299 2965 συνιστᾷ
3327 2881 3517 2951 αὐτοὺς
3554 2881 3724 2961 λέγων
3749 2932 3763 2954 ,

2155 2973 2237 3033 ὅτι
2272 2997 2303 3033 σ
2334 2974 2415 3035 Τὸ
2438 2978 2589 3045 ὑμῶν
2628 2972 2906 3052 ὑστέρημα
2935 2972 3321 3053 ἀνεπλήρωσαν
3340 2997 3354 3010 ο
3386 2998 3418 3031 ιι
3466 2972 3769 3047 τουτέστιν,

2156 3064 2296 3124 Ἀντὶ
2346 3063 2559 3123 πάντων
2610 3066 2759 3140 ὑμῶν
2808 3055 3001 3138 ἦλθον,
3045 3062 3135 3121 καὶ
3192 3062 3258 3121 δι’
3304 3065 3443 3142 ὑμᾶς
3495 3062 3765 3135 τοσαύτην

2157 3153 2462 3229 ἀποδημίαν
2490 3152 2802 3213 ἐστείλαντο
2827 3152 2957 3235 πρός
2986 3176 3076 3229 με.

2240 3265 2270 3302 α
2319 3243 2650 3303 Ἀνέπαυσαν
2682 3244 2786 3324 γὰρ
2811 3243 2871 3302 τὸ
2901 3242 3029 3319 ἐμὸν
3061 3246 3297 3319 πνεῦμα,
3324 3241 3418 3302 καὶ
3441 3240 3502 3301 τὸ
3522 3244 3694 3320 ὖμῶν.
3727 3265 3755 3302 ι)

445 3344 505 3394 et
549 3352 757 3393 meum.
797 3356 827 3391 ιο
860 3337 1191 3393 Monstravit
1218 3336 1370 3408 ipsis,
1400 3337 1548 3409 quod
1568 3338 1735 3409 ipsius
1780 3339 2048 3395 recreatio

2162 3331 2403 3403 Ἔδειξεν
2435 3336 2612 3400 αὐτοῖς
2635 3332 2715 3392 ὅτι
2738 3336 2772 3405 ἡ
2813 3333 2976 3391 αὐτοῦ
2996 3330 3046 3368 ¹²
3073 3332 3367 3399 ἀνάπαυσις
3390 3333 3563 3391 αὐτῶν
3594 3333 3763 3394 ἐστιν.

443 3427 694 3500 ipsorum
722 3442 940 3500 quoque
958 3426 1047 3483 sit.
1077 3428 1256 3495 Quare
1278 3442 1405 3483 cum
1435 3442 1539 3498 ego
1576 3426 1905 3484 refocillatus
1928 3444 2052 3485 sum

445 3516 517 3572 ab
536 3516 691 3587 ipsis,
741 3525 797 3573 et
824 3517 995 3589 236
1019 3531 1116 3572 vos
1142 3515 1267 3573 inde
1289 3516 1479 3573 lucrati
1509 3516 1641 3573 estis
1676 3516 1811 3574 illud
1844 3518 2048 3590 ipsum,

445 3621 633 3663 meam
658 3622 859 3679 nempe
879 3606 1353 3676 refocillationem,
1375 3606 1508 3663 nihil
1528 3608 1809 3679 ingratum
1824 3616 1881 3664 et
1898 3608 2053 3665 triste

446 3694 711 3753 adversus
736 3712 831 3754 eos
858 3697 1184 3754 ostendatis.

443 3826 481 3859 ιη
520 3808 548 3835 ι
576 3786 875 3859 Agnoscite
901 3787 1072 3860 igitur
1094 3786 1252 3843 tales.
1274 3804 1308 3841 ι
1341 3786 1484 3854 Hoc,
1506 3794 1610 3856 est,
1636 3785 1909 3844 honorate
1930 3802 2047 3844 eos.

515 3968 688 4025 Vitas.
720 3970 809 4025 t9.
842 3990 869 4018 α
910 3968 1168 4025 Salutant
1212 3982 1309 4024 vos
1334 3967 1597 4024 Ecclesiae
1634 3966 1799 4023 Asiae.
1839 3990 1865 4016 ι»
1898 3966 2046 4023 Con-

443 4058 681 4131 glutinat
707 4056 961 4113 membra
989 4056 1192 4114 Christi
1220 4072 1319 4128 per
1346 4056 1757 4125 salutationem,
1783 4056 2049 4129 quemad-

445 4145 677 4203 modum
713 4145 996 4203 consuevit
1022 4159 1238 4217 semper
1268 4142 1473 4202 facere.

523 4256 549 4282 α
591 4235 845 4291 Salutant
870 4250 967 4291 vos
996 4234 1049 4290 in
1079 4234 1324 4291 Domino
1350 4235 1595 4292 multum
1625 4234 1825 4308 Aquila
1849 4242 1905 4290 et
1931 4235 2050 4291 Pri-

445 4323 621 4391 scilla,
674 4340 801 4380 cum
845 4324 1084 4380 Ecclesia
1119 4340 1244 4397 quae
1289 4333 1372 4380 est
1403 4326 1459 4381 in
1486 4324 1659 4382 domo
1711 4325 1981 4395 ipsorum.
2018 4347 2045 4373 ι

445 4413 611 4487 Apud
638 4414 789 4485 ipsos
830 4414 983 4470 enim
1028 4414 1305 4485 manebat,
1336 4414 1822 4471 tabernaculorum
1851 4412 2047 4470 artifex

444 4518 571 4560 cum
590 4511 735 4561 esset
749 4512 805 4561 et
824 4504 958 4576 ipse.
981 4504 1228 4561 Observa
1260 4512 1453 4561 autem
1483 4504 1737 4575 ipsorum
1762 4501 2045 4571 virtutem,

441 4593 707 4667 quoniam
742 4592 979 4650 domum
1016 4609 1175 4650 suam
1197 4594 1498 4649 Ecclesiam
1556 4590 1840 4661 fecertmt,
1878 4593 2046 4649 colle-

442 4685 685 4741 ctionem
710 4684 954 4740 ﬁdelium
986 4684 1046 4740 in
1073 4701 1136 4740 ea
1165 4683 1447 4739 facientes.

513 4776 695 4831 Vsas.
729 4778 819 4829 20.
851 4797 877 4822 ι
904 4774 1159 4829 Salutant
1186 4787 1286 4828 vos
1314 4772 1513 4829 fratres
1548 4786 1763 4830 omnes.
1793 4772 2042 4831 Salutate

442 4877 539 4920 vos
581 4870 776 4918 mutuo
817 4863 871 4917 in
907 4862 1096 4917 osculo
1140 4870 1353 4918 sancto.
1412 4885 1436 4911 ιο
1492 4863 1652 4919 Hanc
1681 4862 2041 4935 appendicem

440 4952 612 5011 osculi
650 4951 825 5007 sancti
863 4950 951 5005 hic
974 4950 1154 5006 solum
1182 4950 1432 5022 apponit,
1466 4952 1539 5008 ob
1584 4952 1785 5009 multas
1829 4951 2041 5011 dissen-

438 5042 640 5100 siones.
679 5039 823 5112 Quia
877 5054 1009 5111 ergo
1042 5041 1282 5096 multum
1312 5056 1408 5097 eos
1460 5040 1782 5098 adhortatus
1812 5051 1931 5099 erat
1974 5042 2041 5099 ad

439 5132 728 5200 unitatem,
761 5130 819 5186 in
845 5145 1023 5187 unum
1048 5128 1309 5201 deinceps
1339 5146 1434 5188 eos
1458 5131 1639 5203 jungit
1668 5146 1764 5203 per
1787 5131 2036 5188 osculum

438 5228 715 5290 sanctum,
745 5219 854 5275 hoc
896 5228 983 5275 est
1001 5262 1017 5289 ,
1050 5219 1182 5277 dolo
1220 5235 1417 5278 carens
1443 5228 1499 5276 et
1524 5220 1894 5277 simulatione.

507 5402 679 5459 Vsus.
694 5406 784 5460 21;
814 5425 841 5453 ι
859 5401 1129 5459 Salutatio
1145 5418 1273 5461 mea
1296 5418 1465 5461 manu
1487 5402 1660 5459 Pauli.
1684 5425 1709 5453 ιο
1739 5403 1847 5461 Sua
1868 5417 2039 5461 manu

434 5490 826 5548 salutationem
850 5491 1011 5561 facit,
1042 5502 1106 5549 ut
1126 5492 1386 5550 ostendat
1414 5492 1564 5566 quod
1595 5492 1818 5565 plurimi
1845 5490 2043 5550 fecerit

435 5579 724 5651 epistolam
736 5624 749 5637 .

2163 3419 2335 3483 Ὥστε
2389 3422 2504 3481 ἐπεὶ
2557 3425 2687 3499 ἐμοῦ
2750 3422 3143 3489 ἀναπαυθέντος
3198 3420 3328 3501 παρ’
3391 3422 3566 3481 αὐτῶν
3588 3466 3605 3499 ,
3673 3422 3766 3481 καὶ

2161 3513 2311 3590 ὑμεῖς
2354 3511 2673 3593 ἐκερδήσατε
2717 3512 2849 3571 αὐτὸ
2897 3515 3088 3589 τοῦτο,
3121 3509 3216 3583 τὴν
3250 3510 3385 3587 ἐμὴν
3431 3512 3763 3585 ἀνάπαυσιν,

2162 3600 2328 3681 μηδὲν
2359 3601 2525 3683 ἄχαρι
2544 3602 2593 3641 ⁸³
2624 3600 2753 3683 πρὸς
2776 3599 2965 3669 αὖτοὺς
3004 3598 3217 3668 τούτους
3247 3598 3563 3673 ἐνδείξησθε.

2245 3810 2273 3838 ι
2322 3783 2741 3863 Ἐπιγινώσκετε
2780 3774 2872 3843 οὖν
2900 3782 3023 3851 τοὺς
3062 3784 3349 3850 τοιούτους.
3380 3805 3412 3838 ιι
3456 3781 3597 3842 Ἀντὶ
3624 3787 3719 3843 τοῦ
3745 3828 3763 3855 ,

2158 3873 2256 3936 Ἐν
2284 3877 2419 3951 τιμῇ
2443 3872 2633 3941 αὐτοὺς
2660 3873 2835 3954 ἔχετε.

2248 3985 2278 4024 (ι
2320 3962 2675 4031 Ἀσπάζονται
2722 3967 2859 4040 ὑμᾶς
2908 3963 2962 4021 αἱ
2995 3960 3315 4035 Ἐκκλησίαι
3345 3965 3440 4034 τῆς
3476 3960 3681 4029 Ἀσὶας.
3720 3983 3751 4020 ι)

2158 4054 2443 4133 Συγκολλᾷ
2481 4051 2550 4111 τὰ
2596 4052 2731 4129 με’λη
2766 4056 2857 4111 τοῦ
2896 4054 3133 4131 Χριστοῦ
3173 4051 3259 4110 διὰ
3292 4056 3384 4110 τοῦ
3429 4053 3721 4128 ἀσπασμοῦ
3743 4098 3762 4125 ,

2157 4142 2343 4222 ῶσπερ
2371 4140 2550 4201 εἴωθεν
2577 4141 2660 4199 ἀεὶ
2688 4149 2879 4202 ποιεῖν.

2240 4260 2262 4286 α
2311 4231 2673 4300 Ἀσπάζονπαι
2734 4234 2874 4307 ὑμᾶς
2940 4233 2993 4289 ἐν
3036 4230 3250 4312 ῌΚυρίῳ
3302 4231 3476 4293 πολλᾶ
3540 4229 3766 4299 Ἀκύλας

2156 4322 2248 4381 καὶ
2278 4321 2580 4401 Πρίσκιλλα
2598 4367 2615 4395 ,
2646 4319 2741 4379 σὺν
2868 4319 2988 4379 κατ’
3012 4310 3155 4378 οἶκον
3179 4310 3352 4379 αὖτῶν
3384 4321 3708 4403 Ἐκκλησία.
3739 4349 3762 4373 ι

2159 4414 2303 4491 Παρ⁹
2357 4411 2530 4477 αὐτοῖς
2577 4409 2682 4491 γὰρ
2728 4408 2925 4488 ἔμενε,
2966 4410 3283 4483 σκηνοποιὸς
3326 4409 3538 4491 ὣνίκαὶ
3583 4409 3763 4477 αὐτός.

2153 4490 2302 4581 Ὅρα
2360 4500 2417 4559 δὲ
2476 4490 2663 4559 αὐτῶν
2696 4497 2792 4571 τὴν
2851 4497 3082 4580 ἀρετὴν,
3132 4496 3212 4557 ὅτι
3262 4498 3351 4559 τὸν
3397 4490 3540 4559 οἶκον
3587 4502 3763 4559 αὐτῶν

2155 4589 2483 4661 Ἐκκλησίαν
2514 4587 2869 4661 πεποιήκασιν
2889 4633 2905 4663 ,
2938 4587 3204 4668 ἄθροισμα
3249 4591 3458 4649 πιστῶν
3496 4590 3551 4648 ἐν
3587 4588 3763 4669 ταύτῃ

2074 4713 2125 4775 D
2154 4678 2497 4751 ποιήσαντες.

2238 4792 2271 4825 ι
2316 4766 2667 4837 Ἀσπάζονται
2716 4770 2852 4846 ὖμᾶς
2908 4769 2957 4827 οἱ
3024 4765 3243 4849 ἀδελφοὶ
3296 4765 3509 4834 πάντες.
3560 4766 3762 4828 Ἀσπά-

2155 4864 2317 4918 σασθε
2365 4856 2627 4928 ἀλλήλους
2669 4859 2721 4916 ἐν
2747 4856 3040 4938 ξφιλήματι
3088 4855 3246 4938 ἁγίῳ.
3305 4884 3331 4909 υ
3395 4856 3613 4930 Ταύτην
3664 4855 3763 4929 τὴν

2153 4947 2463 5027 προσθήκην
2492 4917 2625 5006 ’τοῦ-
2645 4917 2797 5024 ἀγίόύ
2836 4917 3149 5029 φιλήματος.
3179 4917 3284 5005 ἀίδε
3324 4945 3507 5029 μόνον.Δ
3532 4917 3756 5027 προστί-

2153 5026 2310 5112 θησι,
2358 5036 2444 5096 διὰ
2475 5034 2569 5103 τὰς
2598 5034 2802 5106 πολλὰς
2831 5026 3202 5116 διχοστασίας.
3240 5035 3402 5095 Ἐπεὶ
3447 5026 3538 5095 οὖν
3584 5026 3761 5096 πολλὰ

2153 5129 2329 5195 αὐτοῖς
2360 5126 2484 5205 περὶ
2512 5129 2604 5185 τοῦ
2637 5128 2873 5198 ἡνῶσθαι
2917 5124 3250 5206 παρῄνεσεν,
3282 5127 3389 5184 ἑνοῖ
3430 5125 3617 5185 λοιπὸν
3663 5127 3760 5184 αὖ·

2149 5215 2271 5284 τοὺς
2309 5216 2400 5276 καὶ
2433 5214 2521 5275 διὰ
2547 5220 2638 5275 τοῦ
2669 5214 2969 5296 φιλήματος
2996 5220 3088 5276 τοῦ
3122 5213 3310 5294 ἁγίου,
3348 5213 3591 5275 τουτέστι
3616 5261 3637 5292 ,
3668 5218 3758 5273 τοῦ

2149 5306 2340 5367 ἀδόλου
2355 5354 2370 5380 ,
2402 5310 2494 5365 τοῦ
2520 5303 2897 5384 ἀνυποκρίτου.

2232 5419 2263 5453 α
2310 5395 2380 5457 Ὀ
2404 5394 2689 5473 ἀσπασμὸς
2817 5396 2920 5473 ἐμῇ
2950 5393 3090 5475 χειρὶ
3122 5394 3358 5456 Παύλου.
3394 5422 3419 5449 ν
3450 5392 3754 5475 Ἱδιόχειρον

2152 5486 2371 5559 ἐποίησε
2409 5485 2501 5545 τὸν
2544 5484 2861 5562 ἀσπασμὸν,
2909 5481 3000 5543 ἵνα
3051 5483 3230 5564 δείξῃ,
3264 5484 3347 5545 ὅτι
3392 5485 3516 5567 περὶ
3556 5485 3757 5545 πολλοῦ

2152 5576 2444 5648 ἐποιήσατο
2476 5575 2573 5648 τὴν
2604 5573 2935 5646 Ἐπιστολήν
2957 5573 3027 5636 ⁴⁴.

1831 5701 2017 5762 Variae
2064 5704 2366 5767 lectiones.

509 5818 529 5851 ⁹
557 5815 793 5887 εἶχονίο.
876 5818 919 5852 ¹⁰
938 5825 1032 5873 ποῦ
1056 5820 1107 5873 δὲ
1137 5838 1209 5877 m.
1290 5822 1329 5856 “
1362 5822 1557 5893 κούφως
1581 5839 1634 5879 o.
1716 5824 1758 5857 ¹²
1780 5823 1983 5889 τοιαύτη
2014 5839 2071 5893 ο,
2148 5824 2191 5858 ¹³
2221 5823 2423 5894 ἀχρεῖον
2442 5838 2495 5880 0.
2576 5822 2620 5856 ¹⁸
2643 5823 2811 5893 ὅτιπερ
2840 5822 2998 5885 ἄλλος
3017 5823 3214 5891 ἐποίησε
3234 5841 3279 5879 τ.
3306 5821 3349 5875 ἔ.
3382 5838 3436 5878 ο.
