4110 6410
398 519 507 574 793

1310 515 1665 575 EXPOSITIO
1703 517 1771 575 IN
1806 517 2014 575 EPIST.
2058 520 2078 575 I
2116 520 2207 575 AD
2247 519 2404 576 COR.
2448 550 2516 562 --
2554 521 2704 577 CAP.
2745 522 2877 577 XVI.

3598 525 3705 581 794

486 666 519 699 ι
550 641 624 705 Ei
641 666 720 711 τις
743 643 804 703 οὗ
832 645 975 724 φιλεῖ
998 642 1088 704 τὸν
1121 641 1316 724 Κύριον
1335 645 1491 721 ἡμῶν
1514 642 1723 717 Ἰησοῦν
1745 644 1997 725 Χριστὸν,

2187 649 2361 705 Vnus.
2384 653 2472 704 22.
2504 666 2532 700 α
2567 647 2618 703 Si
2648 647 2770 719 quis
2798 663 2912 703 non
2938 654 3090 703 amat
3130 647 3427 705 Dominum
3452 657 3709 706 nostrum

397 733 517 807 ἤτω
544 733 809 810 ἀνάθεμα.
846 761 871 786 ιο
903 734 1001 815 Τῷ
1030 733 1106 793 ἑνὶ
1128 732 1302 815 τούτῳ
1328 733 1471 815 λόγῳ
1500 733 1705 803 πάντας
1735 733 1962 816 ἐφόϐησε
1980 779 1997 808 ,

397 822 522 891 τοὺς
547 822 793 899 πόρνους,
833 822 953 891 τοὺς
988 824 1376 903 διχονοοῦντας,
1406 823 1526 891 τοὺς
1568 823 1637 886 τὰ
1678 824 1999 884 εἰδωλόθυτα

398 912 700 989 ἐσθίοντας,
732 911 853 980 τοὺς
990 912 1277 973 ἀναστάσει
1315 914 1694 990 ἀπιστοῦντας,
1722 914 1816 975 καὶ
1854 915 1999 975 πάν-

396 1027 497 1071 τας
525 1003 713 1070 ἅπλῶς
748 1001 867 1070 τοὺς
906 1001 1037 1084 παρ’
1079 1005 1256 1070 αὐτοῖς
1286 1001 1386 1073 ἔξω
1414 1006 1509 1076 τῆς
1540 1005 1701 1065 αὐτοῦ
1738 1005 2000 1064 διδασκα-

398 1091 521 1160 λίας
574 1092 667 1153 καὶ
725 1092 1070 1173 παραδόσεως
1123 1093 1418 1171 διάγοντας.
1472 1094 1545 1155 Οἱ
1597 1093 1703 1177 γὰρ
1768 1099 1998 1156 τοιοῦτοι

398 1182 594 1251 πάντες
614 1182 675 1241 οὔ
707 1183 916 1263 φιλοῦσι
942 1181 1031 1242 τὸν
1067 1182 1287 1261 Κύριον.

484 1271 882 1353 ιμΜαραναθά.
928 1297 955 1326 ι
989 1273 1312 1350 Τουτέστιν,
1348 1275 1377 1333 ὁ
1416 1273 1614 1353 Κύριος
1645 1264 1795 1347 ἦλθε.
1827 1275 2003 1335 Τοῦτο

401 1361 459 1420 δὲ
491 1351 671 1440 εἶπεν,
708 1360 824 1439 ἅμα
858 1360 954 1441 μὲν
977 1360 1067 1421 τὸν
1098 1364 1193 1434 τῆς
1223 1351 1526 1439 οἰκονομίας
1552 1363 1709 1442 λόγον
1741 1361 2002 1444 βεϐαιῶν,

400 1450 497 1509 καὶ
539 1450 628 1512 διὰ
669 1454 823 1511 τοῦτο
862 1449 959 1523 τὴν
1000 1450 1325 1510 ἀνάστασιν
1358 1450 1473 1530 ἅμα
1507 1450 1561 1512 δὲ
1598 1452 1691 1513 καὶ
1741 1451 2003 1533 ἐντρέπων

400 1538 631 1619 αὖτοὺς,
679 1538 761 1599 ὅτι
795 1538 867 1603 Ὀ
916 1540 1195 1614 Δεσπότης
1245 1539 1377 1620 ὑπὲρ
1424 1545 1576 1620 ἡμῶν
1619 1542 1798 1602 πάντα
1844 1565 2002 1600 κατε·

399 1629 620 1699 δέξατο’
673 1634 824 1708 ὑμεῖς
881 1630 937 1691 δὲ
994 1630 1339 1712 παροργίζετε
1396 1632 1590 1705 αὐτὸν,
1646 1634 1695 1691 οἱ
1738 1631 1834 1711 μὲν
1899 1633 2005 1692 ἀπὸ

400 1719 695 1802 ἀνθρώπων
749 1721 1104 1797 καλούμενοι,
1137 1723 1187 1780 οἱ
1232 1721 1287 1783 δὲ
1334 1721 1656 1803 πράττοντες
1688 1721 1755 1781 τὰ
1799 1725 1997 1805 φαῦλα.

2107 741 2140 797 J
2149 754 2308 798 esum
2343 737 2648 807 Christum,
2688 736 2980 793 anathema
3022 737 3109 793 sit.
3156 760 3182 787 ιο
3222 740 3353 796 Uno
3401 739 3509 795 hoc
3545 740 3711 796 verbo

2110 837 2345 887 cunctos
2395 829 2617 896 terruit,
2672 826 3063 897 fornicatores,
3107 826 3467 885 dissidiorum
3511 829 3712 885 excita-

2108 929 2281 990 tores,
2324 918 2625 991 idolothyta
2693 919 3110 987 manducantes,
3165 917 3554 975 resurrectioni
3600 934 3713 975 non

2106 1010 2414 1077 credentes,
2438 1008 2687 1080 adeoque
2710 1023 2908 1065 omnes
2936 1008 3277 1080 simpliciter,
3312 1008 3405 1081 qui
3447 1007 3591 1081 apud
3619 1024 3715 1064 eos

2107 1109 2263 1158 extra
2286 1098 2458 1172 ipsius
2485 1098 2894 1157 institutionem
2926 1106 2983 1155 et
3008 1097 3371 1155 traditionem
3418 1097 3655 1171 agebant
3688 1116 3702 1154 :

2106 1188 2425 1264 huiusmodi
2452 1190 2600 1245 enim
2624 1204 2821 1245 omnes
2839 1204 2951 1244 non
2979 1195 3171 1244 amant
3194 1186 3521 1244 Dominum.

2187 1303 2213 1330 ι
2248 1278 2583 1337 Maranatha.
2621 1301 2648 1328 ι»
2678 1280 2801 1335 Hoc
2828 1287 2932 1347 est,
2964 1277 3242 1335 Dominus
3266 1278 3434 1334 venit.
3464 1278 3588 1334 Hoc
3616 1291 3712 1333 au-

2112 1378 2227 1428 tem
2256 1369 2415 1439 dixit,
2440 1369 2643 1442 partim
2681 1378 2745 1425 ut
2801 1368 3045 1426 stabiliat
3074 1367 3498 1440 dispensationis
3537 1374 3593 1424 et
3626 1367 3716 1423 in-

2110 1460 2445 1518 carnationis
2495 1458 2747 1528 verbum,
2816 1475 2880 1516 ac
2912 1475 3011 1532 per
3063 1458 3170 1515 hoc
3218 1456 3711 1525 resurrectionem;

2112 1551 2311 1623 partim
2353 1558 2415 1606 ut
2452 1548 2765 1622 pudefaciat
2786 1565 2903 1619 eos,
2943 1548 3208 1621 quoniam
3266 1546 3551 1603 Dominus
3604 1562 3705 1619 pro

2111 1641 2272 1698 nobis
2294 1640 2480 1697 omnia
2503 1639 2724 1712 pertulit
2756 1655 2822 1696 ac
2850 1638 3106 1711 suscepit.
3146 1639 3261 1693 Vos
3294 1644 3482 1693 autem
3512 1650 3720 1708 provo-

2111 1730 2247 1788 catis
2288 1746 2441 1800 eum,
2478 1730 2569 1786 alii
2619 1728 2848 1803 quidem
2888 1728 2959 1784 ab
2995 1727 3320 1783 hominibus
3366 1726 3568 1794 vocati,
3620 1726 3715 1784 alii

397 1813 522 1871 Οὐκ
561 1810 830 1891 ἐχρήσατο
855 1810 909 1870 δὲ
940 1809 1218 1884 Ἑλληνίδι
1264 1811 1528 1894 διαλέκτῳ
1565 1812 1684 1872 ἀλλ’
1719 1808 1994 1893 Ἐϐραΐδι,

2110 1837 2236 1879 vero
2260 1823 2405 1878 mala
2420 1826 2846 1894 perpretrantes.
2877 1820 3001 1874 Non
3041 1832 3173 1873 usus
3197 1824 3281 1872 est
3304 1824 3486 1872 autem
3517 1816 3715 1873 Greca

400 1901 608 1978 μᾶλλον
638 1900 693 1959 δὲ
822 1901 1009 1982 Σύρων
1044 1899 1279 1981 γλώττῃ,
1321 1902 1508 1974 ἐπειδὴ
1534 1904 1665 1983 πρὸς
1699 1901 2007 1983 Κορινθίους

396 1987 551 2099 ἔλεγε
570 2035 587 2065 ,
615 1988 735 2099 τοὺς
765 1990 853 2051 ἐπὶ
884 1995 969 2099 τῇ(
1000 1989 1101 2059 ἔξω
1143 1991 1304 2099 σοφίᾳ
1349 1990 1489 2099 μέγια
1536 1998 1883 2073 φρονοῦντας,
1915 1994 2004 2052 καὶ

393 2082 468 2159 τῇ
526 2080 761 2160 κομψείᾳ
810 2084 908 2153 τῆς
951 2078 1265 2153 Ἑλληνίδος
1313 2079 1621 2155 διαλέκτου,
1674 2080 1878 2149 δεικνὺς
1926 2082 2006 2141 ὅτι

393 2172 646 2229 τοσοῦτον
694 2173 755 2230 οὗ
802 2170 970 2229 δεῖται
1012 2170 1167 2237 αὐτὸς
1202 2169 1429 2243 ταύτης,
1484 2170 1623 2231 ἀλλὰ
1770 2171 2005 2254 ἰδιωτείᾳ

392 2259 762 2341 ἕγκαυχᾶται,
788 2257 925 2319 ὥστε
960 2259 1050 2319 καὶ
1083 2257 1341 2342 βαρϐάρῳ
1369 2257 1584 2341 γλώττῃ
1617 2260 1904 2343 φθέγγεται
1928 2262 1998 2323 ¹⁵.

483 2472 516 2507 α
560 2449 637 2511 ἹῙ
660 2450 818 2531 χάρις
844 2455 937 2510 τοῦ
970 2450 1171 2532 Κυρίου
1210 2453 1365 2528 ἡμῶν
1391 2451 1574 2525 Ἰησοῦ
1619 2453 1857 2533 Χριστοῦ
1886 2456 2008 2531 μεθ’

396 2544 572 2621 ὖμῶν.
602 2563 632 2599 n
679 2543 855 2602 Τοῦτο
885 2542 1240 2615 διδασκάλου,
1268 2541 1329 2601 τὸ
1370 2539 1447 2619 μὴ
1492 2542 1651 2617 μόνον
1698 2551 2009 2622 παραινεῖν,

398 2631 544 2691 ἀλλὰ
588 2630 681 2691 καὶ
711 2628 996 2713 εὔχεσθαι,
1028 2630 1122 2690 καὶ
1154 2632 1317 2711 διπλῇ
1349 2630 1641 2711 στηρίζειν,
1769 2656 1827 2692 τε
1865 2632 2009 2691 διδα-

399 2719 600 2803 σκαλία
622 2765 640 2795 ,
670 2721 766 2781 καὶ
923 2725 1022 2794 τῆς
1052 2721 1248 2781 ἄνωθεν
1292 2720 1535 2803 βοηθείας
1565 2720 1653 2781 διὰ
1680 2726 1789 2782 τῶν
1834 2722 2007 2804 εὐχῶν

400 2811 745 2893 ἔπιχορηγίᾳ.

489 2924 520 2956 α
566 2899 636 2961 Ἦ
681 2899 870 2980 ἀγάπη
922 2926 1023 2979 μου
1066 2899 1204 2978 μετὰ
1245 2900 1463 2962 πάντων
1506 2904 1657 2978 ὑμῶν
1693 2903 1747 2962 ἐν
1785 2903 2010 2983 Χριστῷ

401 2990 608 3063 Ἰησοῦ.
642 2989 830 3069 Ἀμήν.
868 3017 894 3045 ι
931 2990 1156 3063 Ἐπειδὴ
1192 2990 1454 3063 διεστήκει
1486 2996 1563 3072 τῷ
1592 2991 1772 3073 τόπῳ,
1806 2992 2005 3051 ὡσανεὶ

399 3080 571 3151 δεξιᾶς
614 3102 751 3147 τινος
790 3078 1034 3155 ἐκτάσει,
1079 3083 1196 3148 ταῖς
1244 3084 1339 3152 τῆς
1394 3081 1608 3159 ἀγάπης
1653 3081 1807 3163 χερσὶ
1848 3105 2001 3163 περι-

2112 1911 2367 1980 dialecto,
2393 1908 2491 1967 sed
2530 1909 2785 1977 Hebraea,
2815 1908 2927 1964 imo
2961 1909 3227 1980 Syrorum
3270 1905 3455 1977 potius
3493 1904 3712 1977 lingua;

2112 2001 2242 2074 quia
2264 2000 2475 2057 scilicet
2501 1998 2571 2055 ad
2594 1997 2915 2056 Corinthios
2946 1996 3110 2053 verba
3133 1996 3361 2062 faceret,
3388 1993 3483 2067 qui
3521 1993 3596 2050 ob
3625 2009 3714 2051 ex-

2111 2099 2326 2149 ternam
2376 2090 2703 2162 sapientiam
2753 2097 2811 2145 et
2864 2088 3077 2145 Graeca:
3131 2086 3330 2158 linguae
3384 2084 3713 2157 elegantiam

2113 2181 2352 2239 multum
2386 2178 2766 2253 'superbirent,
2816 2177 3115 2235 ostendens
3142 2175 3293 2250 quod
3320 2174 3457 2231 adeo
3484 2190 3599 2231 non
3626 2174 3712 2230 in-

2109 2272 2293 2346 digeat
2329 2272 2448 2344 ipse
2498 2269 2766 2344 sapientia
2790 2267 2913 2336 hac,
2945 2276 3007 2324 ut
3046 2275 3099 2323 et
3130 2266 3199 2323 de
3243 2266 3450 2339 vulgari
3502 2272 3561 2322 et
3617 2264 3712 2320 vili

2113 2363 2297 2436 lingua
2321 2360 2603 2435 glorietur,
2625 2358 2763 2416 adeo
2795 2367 2856 2414 ut
2872 2366 2929 2415 et
2946 2357 3183 2415 barbara
3215 2355 3398 2429 lingua
3435 2355 3708 2428 loquatur.

2186 2456 2372 2510 Vnus.
2421 2456 2509 2507 23.
2560 2472 2587 2499 ι
2626 2448 2817 2506 Gratia
2862 2446 3087 2503 Domini
3127 2446 3301 2501 nostri
3348 2446 3480 2499 Jesu
3512 2442 3715 2501 Christi

2114 2536 2424 2600 vobiscum.
2458 2563 2485 2589 ιο
2508 2538 2765 2595 Doctoris
2790 2535 3043 2593 ofﬁcium
3087 2534 3195 2591 hoc
3225 2542 3329 2602 est,
3366 2549 3479 2589 non
3519 2535 3707 2589 solum

2116 2631 2422 2701 adhortari,
2469 2644 2661 2686 verum
2698 2626 2869 2684 etiam
2908 2640 3085 2694 orare,
3125 2640 3189 2680 ac
3219 2622 3472 2680 bifariam
3498 2620 3716 2686 fulcire,

2114 2732 2238 2780 tum
2262 2722 2520 2779 doctrina
2546 2727 2669 2776 tum
2695 2716 2915 2791 superni
2943 2714 3131 2772 auxilii
3157 2730 3254 2788 per
3278 2714 3555 2770 orationes
3582 2727 3717 2785 sup-

2118 2811 2474 2887 peditatione.

2188 2906 2366 2961 Vens.
2412 2908 2502 2959 24.
2534 2922 2559 2951 ιι
2600 2898 2833 2956 Dilectio
2861 2911 2987 2953 mea
3026 2911 3159 2953 cum
3187 2894 3447 2951 omnibus
3473 2892 3631 2950 vobis
3659 2892 3715 2948 in

2119 2994 2337 3054 Christo
2366 2994 2521 3050 Jesu.
2549 2993 2750 3047 Amen.
2796 3011 2819 3036 ι
2842 2987 2988 3061 Quia
3017 2986 3139 3043 loco
3168 2984 3424 3050 distabat,
3451 2999 3551 3041 ceu
3582 2983 3717 3040 dex-

2112 3097 2247 3145 terae
2275 3082 2587 3157 cujuspiam
2630 3078 2973 3147 extensione,
3005 3077 3173 3149 237
3204 3075 3498 3132 charitatis
3529 3073 3712 3130 mani-

399 3170 670 3248 λαμϐάνει
729 3170 944 3247 αὖτοὺς,
1000 3169 1202 3249 λέγων·
1272 3191 1304 3229 (ι
1357 3167 1427 3232 Ἦ
1484 3170 1671 3249 ἀγάπη
1726 3194 1828 3249 μου
1885 3171 1999 3249 μεθ’

2112 3177 2215 3234 bus
2235 3190 2329 3231 eos
2362 3169 2761 3244 complectitur,
2805 3167 3056 3241 inquiens
3084 3185 3098 3223 :
3130 3185 3160 3219 et
3192 3165 3427 3222 Dilectio
3469 3180 3595 3220 mea
3619 3178 3712 3221 vo-

401 3264 574 3339 ὃμῶν.
611 3282 640 3318 ι
673 3258 705 3319 ὅ
731 3262 876 3337 ἐστι,
910 3259 1067 3321 Μετὰ
1096 3259 1310 3319 πάντων
1331 3261 1480 3337 ὑμῶν
1509 3260 1615 3340 ἐγώ
1637 3285 1651 3299 ο
1684 3264 1781 3321 οὐκ
1813 3261 2004 3338 ἄπειμι

400 3349 546 3431 γὰρ,
577 3350 623 3410 εἰ
666 3350 758 3411 καὶ
789 3352 867 3429 τῷ
896 3350 1047 3432 τόπῳ
1082 3350 1360 3423 διέστηκα.
1403 3348 1508 3411 Διὰ
1552 3350 1751 3411 τούτων
1798 3350 1854 3411 δὲ
1898 3351 2002 3411 δεί-

401 3462 618 3513 κνυσιν,
646 3437 727 3498 ὅτι
760 3443 820 3500 οὗ
856 3445 1024 3516 θυμοῦ
1042 3484 1058 3512 ,
1092 3438 1210 3499 οὐδὲ
1238 3443 1399 3521 ὀργῆς
1427 3432 1565 3513 ἦσαν
1596 3440 1665 3501 τὰ
1695 3439 1964 3521 γραφέντα
1985 3485 2001 3514 ,

402 3529 526 3591 ἀλλ’
557 3528 771 3610 ἀγάπης
812 3530 904 3589 καὶ
942 3530 1289 3606 κηδεμονίας,
1334 3531 1381 3590 εἰ
1428 3528 1520 3590 καὶ
1558 3530 1775 3611 πικρίαν
1819 3531 2004 3611 ἐνέφα-

399 3644 493 3681 νον
640 3651 720 3667 —-
752 3623 994 3701 cputvov].
1019 3618 1142 3681 Ἰνα
1173 3619 1228 3679 δὲ
1255 3618 1330 3698 μὴ
1360 3618 1649 3697 νομίσωσιν
1670 3665 1688 3694 ,
1727 3616 1807 3679 ὅτι
1836 3621 2004 3679 κολα-

401 3710 574 3770 κεύων
628 3709 816 3778 αὐτοὺς
876 3715 1049 3769 ταῦτα
1112 3709 1285 3789 λέγει,
1340 3709 1498 3791 φησὶν
1519 3730 1533 3745 ο
1598 3732 1628 3771 ιι
1682 3711 1733 3768 ἐν
1782 3711 2003 3791 Χριστῷ

401 3798 619 3873 Ἰησοῦο
648 3821 679 3860 ο
732 3798 1033 3873 τουτέστιν,
1080 3798 1253 3861 Οὐδὲν
1284 3797 1636 3880 ἀνθρώπινον,
1670 3799 1706 3872 ἢ
1751 3799 2003 3879 σαρκικὸν

402 3893 440 3961 ἡ
494 3889 679 3969 ἀγάπη
728 3912 833 3968 μου
886 3888 1031 3970 ἔχει,
1072 3888 1214 3949 ἀλλὰ
1256 3889 1593 3967 πνευματική
1644 3892 1759 3949 ἐστι
1805 3889 1897 3948 καὶ
1948 3891 2000 3947 ἐν

402 3978 645 4061 Χριστῷ.
692 3978 990 4057 Εὐξώμεθα
1040 3970 1129 4041 οὖν
1181 3979 1274 4040 καὶ
1312 3978 1468 4057 ἡμεῖς
1509 3977 1598 4038 ἵνα
1647 3977 1907 4050 ἀλλήλους
1950 3981 2001 4037 ἐν

405 4070 626 4151 Χριστῷ
665 4071 1004 4148 ἀγαπῶντες,
1048 4068 1216 4148 μηδὲν
1258 4073 1354 4140 τῆς
1391 4074 1652 4147 κοσμικῆς
1698 4068 1911 4148 ἀγάπης
1952 4070 2002 4127 ἐν

408 4163 611 4226 ἑαυτοῖς
654 4159 1046 4241 περιφέρωμεν,
1088 4158 1207 4232 ἥτις
1232 4157 1397 4239 ἐχθρά
1425 4161 1565 4218 ἐστιν
1609 4162 1683 4226 εἰς
1711 4157 1800 4218 τὸν
1837 4156 2000 4219 Θεόν.

407 4246 571 4310 (νύτω
606 4247 710 4331 γὰρ
758 4249 851 4308 καὶ
896 4251 1000 4308 τῶν
1049 4250 1339 4328 ἀγαπητῶν
1389 4253 1480 4309 τοῦ
1528 4253 1670 4311 Θεοῦ
1696 4248 1742 4285 ⁵⁸
1790 4272 2000 4322 σκηνω-

408 4338 594 4417 μάτων
634 4337 1143 4417 καταξιωθησόμεθα
1186 4341 1239 4397 ἐν
1284 4341 1499 4421 Χριστῷ
1540 4338 1719 4411 Ἰησοῦ
1765 4342 1841 4421 τῷ
1886 4340 2003 4399 Κυ-

408 4428 503 4511 ρίῳ
547 4432 701 4506 ἡμῶν
760 4427 1103 4508 ἀγαπήσαντι
1161 4432 1303 4507 ἡμᾶς
1328 4417 1348 4467 ’⁷
1386 4417 1431 4510 ᾧ
1475 4417 1520 4500 νὴ
1577 4426 1700 4498 δόξα
1759 4417 1831 4497 εἰς
1884 4426 2005 4493 τοὺς

401 4521 598 4586 αἰῶνας
630 4521 736 4577 τῶν
767 4518 995 4579 αἰώνων.
1034 4517 1223 4597 Ἀμήν.

2108 3268 2325 3323 biscum
2356 3281 2370 3320 :
2401 3286 2428 3313 ι
2462 3260 2614 3335 quod
2636 3268 2742 3327 est,
2782 3259 2922 3315 Cum
2947 3257 3212 3314 omnibus
3243 3256 3396 3313 vobis
3426 3270 3527 3329 ego
3552 3271 3701 3312 sum.

2109 3360 2233 3414 Non
2263 3354 2407 3411 enim
2430 3368 2462 3409 a
2492 3351 2649 3408 vobis
2685 3350 2902 3416 absum,
2930 3348 3150 3404 etiamsi
3190 3347 3314 3403 loco
3344 3347 3574 3402 distem.
3608 3347 3716 3402 Per

2112 3447 2230 3504 haec
2248 3453 2435 3500 autem
2452 3447 2862 3498 commonstrat
2890 3437 3036 3510 quod
3058 3437 3177 3493 haec
3197 3452 3321 3509 quae
3340 3436 3541 3509 scripta
3567 3443 3716 3505 sunt,

2106 3551 2283 3609 neque
2315 3531 2704 3605 indignationis
2740 3544 2920 3601 neque
2954 3526 3253 3583 iracundia;
3284 3527 3446 3583 verba
3476 3525 3707 3594 fuerint,

2110 3626 2207 3683 sed
2238 3623 2524 3681 charitatis
2546 3627 2600 3676 et
2629 3633 2800 3688 curae,
2827 3618 3044 3674 etiamsi
3076 3616 3459 3673 amarulentiae
3496 3616 3675 3671 nonni
3695 3646 3715 3658 -

2107 3716 2183 3772 hil
2222 3728 2416 3787 praase
2456 3710 2675 3767 ferrent.
2710 3711 2792 3764 Ne
2838 3721 2968 3763 vero
3002 3706 3343 3761 arbitrentur
3386 3704 3537 3777 quod
3594 3704 3713 3762 hec

2106 3821 2176 3861 ex
2198 3801 2507 3861 adulatione
2525 3800 2807 3871 loquatur,
2836 3795 3039 3868 adjicit,
3074 3816 3103 3845 ιι
3135 3796 3200 3849 In
3222 3794 3442 3851 Christo
3471 3796 3605 3852 Jesu
3633 3812 3646 3850 :
3684 3818 3708 3844 ι.

2108 3895 2213 3951 hoc
2239 3900 2344 3962 est,
2373 3890 2518 3948 Nihil
2567 3888 2879 3945 humanum
2906 3894 3004 3942 aut
3043 3884 3265 3941 carnale
3294 3883 3534 3940 charitas
3580 3899 3705 3941 mea

2111 3985 2302 4053 habet,
2340 3980 2443 4040 sed
2488 3978 2780 4053 spiritualis
2818 3984 2923 4046 est,
2955 3984 3009 4032 et
3043 3975 3099 4030 in
3141 3973 3380 4032 Christo.
3416 3976 3715 4030 Precemur

2109 4075 2273 4149 igitur
2296 4081 2351 4129 et
2388 4086 2514 4141 nos,
2550 4077 2615 4127 ut
2638 4084 2744 4124 nos
2774 4075 2969 4123 mutuo
2998 4066 3142 4122 inter
3178 4080 3284 4121 nos
3321 4062 3613 4137 diligentes
3658 4066 3713 4120 in

2111 4165 2352 4232 Christo,
2381 4161 2514 4218 nihil
2554 4158 2852 4216 mundanas
2877 4155 3165 4214 charitatis
3197 4156 3253 4212 in
3282 4156 3444 4213 nobis
3478 4155 3720 4212 circum-

2111 4255 2383 4321 feramus,
2422 4268 2547 4325 quae
2577 4250 2797 4307 inimica
2828 4256 2913 4305 est
2942 4250 3085 4304 Deo.
3130 4247 3221 4303 Sic
3245 4248 3396 4304 enim
3422 4254 3480 4304 et
3508 4248 3717 4304 amabi—

2114 4345 2261 4402 libus
2302 4343 2407 4401 Dei
2447 4340 2807 4399 tabernaculis
2852 4337 3009 4411 digni
3047 4337 3423 4411 judicabimur
3467 4337 3523 4393 in
3565 4337 3721 4395 Chri-

2116 4444 2203 4493 sto
2227 4437 2257 4491 J
2262 4451 2357 4492 esu
2378 4434 2619 4492 Domino
2638 4442 2850 4498 nostro,
2878 4431 2971 4502 qui
2998 4431 3188 4490 dilexit
3208 4448 3311 4489 nos
3335 4449 3348 4486 :
3378 4430 3464 4485 cui
3485 4429 3715 4502 gloriam

2117 4526 2171 4582 in
2208 4525 2408 4584 saecula
2437 4525 2790 4583 saculorum.
2824 4524 3029 4580 Amen.

1794 4688 1987 4749 Varia:
2031 4689 2335 4752 lectiones.

470 4789 514 4823 ’5
540 4789 843 4861 οθέγγεσοαι
871 4804 947 4844 m.
1029 4788 1072 4823 ¹⁸
1096 4789 1305 4860 Χριστοῦ
1336 4803 1389 4844 ο.
