4110 6406
379 509 482 564 795

1373 506 1888 564 THEOPHYLACTI
1924 505 2286 563 BULGARIE
2323 505 2638 564 ARCHIEP.

3583 506 3688 562 796

1246 793 2822 955 ΘΕΟΦΥΛΑΚΤΟΥ

1096 1077 2131 1162 ΑΡΧΙΕΠΙΣΚΟΠΟΥ
2205 1077 2974 1160 ΒΟΥΛΓΑΡΙΑΣ

1976 1272 2104 1323 ΤΗΣ

1185 1447 1515 1576 ΤΟΥ
1606 1441 2104 1575 ΑΓΙΟΥ
2195 1439 2885 1572 ΠΑΥΛΟΥ

831 1698 1123 1778 ΠΡΟΣ
1191 1695 1890 1778 ΚΟΡΙΝΘΙΟΥΣ
1947 1692 2514 1774 ΔΕΥΤΕΡΑΣ
2583 1690 3223 1772 ΕΠΙΣΤΟΛΗΣ

1584 1901 2470 2042 ΕΞΗΓΗΣΙΣ.

1295 2341 2808 2507 THEOPHYLACTI

1537 2616 1938 2674 BULGARIE
1975 2613 2539 2674 ARCHIEPISCOPI

726 2786 1357 2888 EPISTOLIE
1430 2787 1518 2878 ΙΙ
1589 2786 1856 2879 DIVI
1931 2785 2287 2878 PAULI
2365 2785 2521 2878 AD
2601 2778 3346 2876 CORINTHIOS

1623 3013 2447 3124 EXPOSITIO.

398 3405 548 3465 ABG
556 3403 924 3464 UMENTUM
953 3402 1082 3461 sec
1090 3404 1298 3462 UNDE
1339 3401 1698 3461 EPISTOLE
1737 3402 1838 3460 AD
1885 3401 1992 3460 co-
2021 3383 2075 3450 A

2105 3383 2504 3446 ΥΠΟΘΕΣΙΣ
2531 3382 2690 3443 ΤΗΣ
2721 3381 3131 3443 ΔΕΥΤΕΡΑΣ
3175 3381 3387 3442 ΠΡΟΣ
3429 3380 3703 3442 ΚΟΡΙΝ-

993 3493 1361 3551 RINTHIOS.

460 3638 633 3712 239
644 3637 1024 3696 Secundamad
1036 3636 1336 3694 Corinthios
1346 3632 1647 3707 Epistolam
1672 3635 1832 3692 divus
1841 3638 1988 3692 Pau-

388 3728 479 3786 lus
498 3729 746 3800 apponit,
775 3729 906 3799 quia
923 3728 1256 3798 promiserat
1280 3727 1341 3780 in
1363 3728 1540 3796 priore
1567 3739 1676 3782 sese
1699 3729 1984 3780 venturum

388 3819 466 3875 ad
499 3833 606 3888 eos,
651 3821 932 3874 cunctatus
974 3819 1053 3872 est
1087 3820 1286 3885 autem,
1317 3816 1530 3887 Spiritu
1561 3817 1820 3870 nimirum
1861 3830 1986 3871 eum

389 3909 464 3965 ad
485 3907 604 3965 alia
630 3910 810 3978 magis
838 3908 1140 3962 necessaria
1160 3910 1466 3977 occupante,
1489 3905 1988 3975 tentationibusque

389 3999 653 4055 adversus
702 4013 822 4054 eum
864 3996 1295 4065 insurgentibus.
1346 3995 1544 4050 Debuit
1589 3996 1759 4064 igitur
1795 3995 1982 4064 apolo-

382 4091 533 4159 giam
557 4102 671 4144 suae
707 4087 979 4142 diuturnae
1005 4100 1170 4140 mora:
1203 4089 1402 4140 temere.
1439 4084 1671 4155 Ideoque
1698 4084 1988 4140 secundum

383 4177 527 4234 hanc
549 4175 849 4248 Epistolam
873 4172 1180 4240 conscribit,
1203 4173 1471 4227 rationem
1491 4172 1719 4228 reddens
1747 4187 1845 4228 cur
1865 4172 1990 4228 hac-

383 4270 543 4322 tenus
588 4265 881 4320 adventum
920 4275 1082 4318 suum
1139 4260 1436 4317 distulerit.
1483 4261 1660 4318 Simul
1705 4266 1885 4317 autem
1919 4277 1988 4317 ea:

381 4356 565 4427 priore
600 4352 848 4425 Epistola
879 4351 1122 4405 meliores
1159 4350 1341 4418 factos
1380 4349 1572 4405 debuit
1605 4351 1908 4421 approbare
1937 4353 1988 4405 et

383 4443 632 4500 laudare.
673 4439 1130 4511 Quemadmodum
1165 4439 1307 4494 enim
1363 4453 1448 4496 eos
1485 4445 1765 4511 peccantes
1818 4442 1985 4495 incre-

380 4534 570 4607 pabat,
611 4534 690 4590 sic
717 4532 841 4603 jam
881 4534 942 4587 in
987 4529 1262 4586 meliorem
1311 4530 1458 4586 viam
1506 4530 1752 4586 reductos
1797 4529 1988 4600 eﬂ’erre

384 4625 642 4680 laudibus
675 4623 908 4680 decebat.
949 4619 1186 4678 Proinde
1225 4635 1333 4674 non
1371 4621 1606 4676 multum
1642 4621 1785 4676 acris
1814 4624 1866 4676 et
1887 4636 1977 4676 ve-
2015 4647 2062 4710 Β

383 4715 595 4770 hemens
620 4718 697 4770 est
726 4714 836 4770 hac
860 4718 1127 4786 Epistola,
1161 4713 1332 4787 240
1354 4714 1467 4767 nisi
1486 4712 1544 4766 in
1571 4711 1764 4782 paucis
1787 4711 1885 4766 sub
1920 4713 1983 4781 ﬁ-

381 4819 504 4860 nem
516 4804 773 4875 partibus
801 4823 818 4856 :
846 4806 1009 4876 idque
1025 4811 1251 4878 propter
1271 4803 1490 4860 Judceos
1512 4794 1771 4872 quosdam
1788 4801 1981 4856 insole-

380 4898 602 4962 scentes,
639 4895 926 4964 ipsumque
970 4900 1232 4967 tanquam
1273 4894 1548 4951 indoctum
1586 4907 1648 4947 ac
1681 4892 1829 4948 nullo
1870 4907 1981 4946 nu-

381 4999 526 5041 mero
552 4983 781 5055 dignum
801 4985 1213 5042 calumniantes.

2520 3472 2765 3535 ΘῙΟΥΣ
2816 3471 3292 3534 ΕΠΙΣΤΟΛΗΣ.

2175 3634 2444 3716 Δευτέραν
2521 3632 2654 3715 πρὸς
2733 3631 3044 3712 Κορινθίους
3123 3630 3472 3715 προστίθησιν
3543 3628 3701 3692 Ἐπι-

2095 3725 2287 3798 στολὴν
2347 3730 2376 3786 ὁ
2440 3726 2702 3806 μακάριος
2773 3725 3017 3798 Παῦλος,
3074 3722 3208 3782 διότι
3276 3723 3331 3781 ἐν
3512 3723 3700 3802 πρώτῃ

2095 3815 2192 3897 μὲν
2257 3815 2614 3895 ἐπηγγείλατο
2691 3815 2858 3874 ἐλθεῖν
2929 3811 3062 3894 πρὸς
3134 3809 3322 3880 αὖτοὺς
3343 3855 3360 3885 ,
3435 3810 3701 3889 ἐμέλλησε

2094 3908 2188 3986 δὲ,
2250 3903 2344 3965 ἅτε
2408 3911 2500 3965 τοῦ
2555 3903 2872 3982 Πνεύματος
2940 3906 3014 3971 εἷς
3085 3900 3244 3982 ἔτερα
3301 3899 3460 3961 αὐτὸν
3524 3901 3700 3980 ἀσχο-

2093 3998 2304 4064 λοῦντος
2399 3993 2821 4074 ἀναγκαιότερα,
2923 3991 3018 4053 καὶ
3126 3993 3443 4072 πειρασμῶν
3554 3991 3700 4070 αὐτῷ

2094 4084 2464 4147 ἐπιτιθέντων.
2550 4079 2708 4146 Ἔδει
2788 4080 2963 4142 τοίνυν
3047 4078 3490 4159 ἀπολογήσασθαι
3575 4079 3700 4160 περὶ

2094 4180 2188 4250 τῆς
2283 4173 2612 4255 βραδύτητος
2708 4180 2917 4254 μακρᾶς
2999 4169 3323 4252 γενομένης·
3421 4167 3515 4228 καὶ
3607 4166 3696 4227 διὰ

2093 4272 2246 4326 τοῦτο
2314 4264 2563 4346 δευτέραν
2647 4260 2849 4346 ταύτην
2932 4258 3259 4335 Ἐπιστολὴν
3347 4257 3655 4330 συντίθησιν
3677 4302 3695 4332 ,

2094 4342 2515 4432 ἀπολογούμενος
2574 4351 2704 4432 ὑπὲρ
2758 4342 2833 4410 ὧν
2904 4349 3197 4428 ἐμέλλησεν
3221 4373 3236 4388 ο
3291 4347 3407 4426 ἅμα
3478 4347 3534 4407 δὲ
3603 4346 3698 4406 καὶ

2094 4444 2328 4526 βελτίους
2389 4440 2578 4510 αὐτοὺς
2633 4444 2694 4501 ἐκ
2742 4444 2838 4513 τῆς
2893 4439 3110 4522 πρώτης
3161 4438 3488 4510 Ἐπιστολῆς
3543 4458 3696 4526 γενο-

2091 4522 2276 4612 μένους
2344 4537 2507 4616 ἐχρῆν
2568 4529 2960 4608 ἀποδέξασθαι,
3026 4528 3119 4589 καὶ
3189 4526 3484 4616 ἐπαινέσαι.
3541 4522 3695 4586 Ὥσ-

2096 4650 2198 4706 περ
2266 4623 2370 4704 γᾶρ
2416 4615 2838 4702 ίᾶμαρτάνουσιν
2919 4619 3191 4690 ἐνεκάλει,
3267 4615 3406 4677 οὕτω
3467 4617 3692 4696 διορθω-

2091 4717 2272 4783 θέντας
2355 4712 2630 4775 ἐπαινέσαι
2712 4710 2836 4770 ἔδει.
2921 4709 3019 4769 Διὸ
3101 4707 3222 4768 οὐδὲ
3315 4726 3695 4788 καταφοραω-

2089 4810 2217 4888 τέρα
2275 4803 2417 4863 ἐστὶν
2467 4807 2501 4874 ἡ
2561 4798 2856 4888 Ἐπιστολὴ
2879 4841 2898 4873 ,
2944 4799 3010 4888 εἶλ
3039 4795 3115 4876 μὴ
3162 4795 3270 4877 ἄρα
3321 4794 3478 4888 ἐλίγα
3526 4795 3694 4888 ξιῦτῆξ

2092 4881 2227 4978 μέρη
2277 4893 2346 4953 τὰ
2399 4892 2530 4974 πρὸς
2584 4894 2660 4972 τῷ
2711 4887 2878 4978 τέλει,
2929 4885 3024 4948 καὶ
3078 4891 3254 4978 ταῖξτα
3312 4883 3582 4978 διὰῌτοὺς
3639 4881 3691 4951 ἐξ

2091 4973 2362 5048 Ἰουδαίων
2448 4973 2948 5054 νάλαζονευομένους
2969 5021 2987 5052 ,
3097 4975 3191 5035 καὶ
3305 4973 3694 5039 διαϐάλλοντας

2087 5074 2278 5150 αὐτὸν,
2307 5075 2380 5141 ὥς
2407 5070 2624 5145 ἰδιώτην
2650 5069 2743 5130 καὶ
2776 5066 2981 5135 οὐδενὸς
3018 5064 3161 5133 ἄξιον
3189 5063 3370 5147 λόγου.

1759 5406 2332 5441 ψ·-
