4110 6412
402 523 511 578 797
1319 525 1672 585 EXPOSITIO
1710 529 1777 586 IN
1813 529 2024 586 EPIST.
2065 529 2111 586 Il
2139 530 2232 586 AD
2273 529 2428 586 COR.
2469 559 2540 572 —
2578 529 2726 586 CAP.
2770 531 2812 585 Ι.
3611 533 3717 587 798

922 811 2025 934 THEOPHYLACTI
2110 813 3207 933 COMMENTARIUS

1403 1065 1484 1130 IN
1528 1064 1959 1133 EPISTOLAM
2003 1067 2056 1132 II
2101 1068 2208 1132 AD
2255 1065 2739 1133 CORINTHIOS.

780 1472 1238 1535 ΚΕΦΑΛΑΙΟΝ
1287 1474 1627 1536 ΠΡΩΤΟΝ.
2036 1479 2093 1542 Α

1480 1476 1627 1536 ΪΟΝ.
2036 1479 2093 1542 Α
2741 1477 2983 1535 CAPUT
3022 1478 3103 1533 X.

490 1635 521 1673 ιι
577 1617 800 1685 Παῦλος
851 1616 1145 1685 ἀπόστολος
1193 1618 1376 1691 Ἰησοῦ
1426 1620 1667 1700 Χριστοῦ
1716 1618 1803 1679 διὰ
1854 1619 2009 1694 θελή-

2189 1621 2353 1694 241
2381 1623 2559 1679 Vnus.
2581 1626 2631 1678 1.
2664 1644 2689 1670 κ
2712 1621 3206 1693 Paulusapostolus
3231 1621 3364 1676 Jesu
3382 1618 3722 1692 Christi,per

397 1729 567 1785 ματος
592 1710 758 1779 Θεοῦ,
791 1706 884 1766 καὶ
915 1706 1224 1786 Τιμόθεοςδ
1253 1709 1497 1791 ἀδελφός.
1532 1731 1561 1767 ι)
1604 1709 1790 1792 Ἐνγτῇ
1817 1710 2004 1792 πρώτῃ

2115 1710 2459 1767 voluntatem
2486 1711 2610 1779 Dei,
2625 1718 2682 1767 et
2705 1709 3031 1767 Timotheus
3056 1710 3246 1767 frater.
3275 1731 3300 1756 ι»
3319 1709 3488 1765 Misso
3509 1709 3640 1766 illuc
3659 1708 3714 1765 in

395 1795 696 1878 Ἐπιστολῇ
749 1796 967 1878 πέμψας
1019 1801 1130 1857 ἐκεῖ
1182 1797 1273 1858 τὸν
1331 1798 1618 1878 Τιμόθεον,
1675 1791 1792 1860 εἶτα
1845 1791 2006 1859 πάλιν

2117 1799 2297 1871 prima
2323 1801 2570 1872 Epistola
2612 1799 2930 1865 Timotheo,
2967 1815 3032 1855 ac
3079 1798 3262 1855 denuo
3307 1806 3550 1869 recepto,
3600 1813 3715 1855 non

397 1885 688 1946 ἀπολαϐὼν
730 1886 907 1960 αὐτὸν,
946 1885 1160 1955 εἰκότως
1203 1890 1377 1966 ἑαυτῷ
1423 1890 1695 1949 συνάπτει.
1743 1889 1854 1951 Καὶ
1905 1890 2008 1971 γὰρ

2116 1888 2312 1960 injuria
2338 1889 2438 1947 sibi
2469 1889 2583 1963 ipse
2612 1905 2741 1946 eum
2770 1889 3051 1946 connectit
3079 1906 3094 1946 :
3130 1903 3264 1944 nam
3287 1895 3342 1944 et
3367 1902 3484 1945 suae
3503 1887 3721 1945 virtutis

395 1975 491 2036 καὶ
538 1979 729 2057 πεῖραν
769 1980 864 2048 τῆς
914 1975 1111 2044 οἰκείας
1164 1980 1353 2058 ἀρετῆς
1405 1977 1572 2039 ἔδωκε
1604 1979 1868 2058 Τιμόθεος
1898 1982 2007 2041 Κο-

2114 1979 2512 2050 experientiam
2539 1978 2836 2036 Corinthiis
2861 1976 3081 2036 dederai
3100 1976 3446 2034 Timotheus.
3471 1975 3720 2033 Assumit

397 2064 643 2146 ρινθίοις,
674 2065 768 2125 καὶ
799 2068 872 2134 ὣς
915 2066 1022 2140 ἤδη
1067 2065 1332 2148 γνώριμον
1385 2070 1563 2138 αὐτοῖς
1598 2069 1879 2150 γεγονότα,
1914 2069 2008 2130 καὶ

2113 2067 2301 2140 itaque
2331 2084 2460 2125 eum
2489 2069 2548 2125 in
2576 2068 2679 2125 hac
2711 2069 2977 2141 Epistola,
3005 2083 3109 2125 ceu
3154 2081 3280 2123 eum
3307 2066 3403 2138 qui
3433 2065 3566 2138 ipsis
3596 2064 3715 2138 jam

397 2154 762 2234 διορθώσαντα
809 2158 985 2215 πολλὰ
1028 2161 1134 2216 τῶν
1187 2161 1239 2216 ἐν
1287 2161 1497 2234 αὐτοῖς,
1531 2159 2008 2238 προσ-λαμϐάνεται

2113 2157 2442 2229 innotuerit,
2499 2174 2719 2216 necnon
2765 2157 3026 2231 pleraque
3071 2156 3375 2214 correxerit
3419 2156 3562 2228 apud
3601 2170 3716 2213 eos.

397 2243 556 2304 αὐτὸν
613 2247 668 2304 ἐν
719 2249 785 2327 τῇ
817 2244 1134 2326 Ἐπιστολῇ.
1185 2242 1336 2328 ’Ὅρα
1391 2249 1476 2322 δὲ,
1513 2247 1642 2307 ποτὲ
1685 2247 1781 2327 μὲν
1823 2250 2004 2310 τέκνον

2113 2246 2357 2305 Observa
2405 2257 2592 2305 autem
2639 2247 2792 2321 quod
2838 2249 3020 2320 ipsum
3068 2260 3470 2318 nonnunquam
3541 2243 3717 2302 ﬁlium

399 2334 560 2394 αὐτὸν
613 2336 787 2394 καλεῖ·
828 2359 860 2392 α
911 2334 1012 2402 Ὡς
1047 2335 1212 2417 πατρὶ
1258 2359 1287 2397 ι)
1348 2336 1473 2417 γὰρ,
1524 2338 1675 2420 φησὶ,
1730 2364 1755 2392 ιι
1787 2338 2001 2415 τέκνον,

2110 2336 2354 2409 appellat
2381 2355 2396 2394 :
2428 2359 2455 2388 α
2483 2341 2773 2412 Tanquam
2799 2338 2939 2410 patri
2976 2357 3004 2389 »
3057 2336 3226 2408 enim,
3258 2335 3456 2409 inquit.
3493 2352 3522 2388 ι(
3547 2334 3715 2403 ﬁlius,

399 2424 677 2484 ἐδούλευσε
712 2448 820 2502 μοι·
851 2446 881 2483 n
932 2425 1062 2486 ποτὲ
1112 2426 1168 2486 δὲ
1203 2427 1472 2509 συνεργόν·
1526 2449 1556 2486 (ι
1581 2429 1663 2489 Τὸ
1709 2427 1813 2508 γὰρ
1853 2428 2005 2510 ἔργον

2113 2427 2335 2482 servivit
2364 2427 2509 2484 mihi
2537 2440 2604 2497 a;
2651 2451 2678 2477 ι»
2711 2441 3120 2499 nonnunquam
3157 2433 3346 2482 autem
3390 2431 3718 2496 cooperato-

401 2511 599 2594 Κυρίου
659 2514 978 2592 ἐργάζεται,
1043 2518 1114 2584 ὥς
1172 2515 1342 2596 κάγώ·
1409 2536 1440 2575 n
1491 2521 1581 2576 νῦν
1634 2517 1712 2594 δὲ,
1761 2519 2002 2600 ἀδελφόν·

2112 2530 2264 2586 rem;
2298 2536 2325 2568 «
2342 2518 2496 2589 Opus
2511 2518 2664 2573 enim
2680 2517 2911 2573 Domini
2928 2524 3213 2588 operatur,
3231 2512 3712 2588 quemadmodum

396 2602 734 2686 πανταχόθεν
764 2604 1040 2683 αἰδέσιμον
1078 2605 1237 2666 αὐτὸν
1271 2609 1459 2667 ποιῶν.

2113 2620 2214 2678 ego
2243 2628 2272 2670 ι,
2305 2624 2319 2661 :
2358 2629 2382 2654 υ
2403 2606 2524 2679 jam
2564 2622 2712 2662 nunc
2751 2621 2883 2663 vero
2925 2605 3173 2674 fratrem,
3218 2619 3286 2661 ex
3331 2602 3485 2661 omni
3529 2602 3713 2676 ipsum

2113 2704 2267 2768 parte
2297 2695 2508 2752 honore
2540 2695 2807 2753 afﬁciens.

486 2806 518 2846 α
665 2785 973 2869 Ἐκκλησία
1001 2791 1098 2848 τοῦ
1129 2792 1272 2851 Θεοῦ
1304 2792 1371 2869 τῇ
1407 2788 1539 2870 οὔσῃ
1575 2791 1628 2850 ἓν
1664 2788 1927 2872 Κορίνθῳ.
1961 2811 1991 2848 n
2028 2860 2073 2872 ἢ

2188 2806 2218 2837 ‹‹
2264 2785 2525 2844 Ecclesiae
2556 2786 2662 2842 Dei
2690 2800 2814 2859 qua
2855 2793 2939 2842 est
2975 2783 3250 2843 Corinthi.
3287 2806 3312 2834 n
3361 2785 3579 2840 Rursus
3623 2796 3717 2839 eos

399 2874 572 2936 Πάλιν
609 2860 814 2945 ἀὐτοὺς
866 2860 1119 2953 -συνδέει,
1153 2860 1484 2952 Ἐκκλησίαν
1513 2860 1716 2940 Γείπών.
1751 2860 1834 2942 Ὀἱ
1877 2860 1999 2962 ’γὰρ

2106 2875 2409 2945 connectit,
2439 2876 2742 2932 Ecclesiam
2764 2875 2972 2933 dicens.
2997 2875 3106 2947 Qui
3133 2874 3286 2932 enim
3309 2871 3560 2931 distracti
3588 2879 3719 2929 sunt

396 2966 775 3043 διεσπασμένοι
805 2968 898 3026 οὐκ
927 2968 1060 3027 εἰσὶν
1093 2967 1416 3040 Ἐκκλησία.
2105 2980 2222 3021 non
2248 2973 2382 3022 sunt
2414 2966 2675 3023 Ecclesia.

485 3077 517 3115 α
541 3054 651 3117 Σὺν
664 3065 770 3123 τοῖς
791 3056 959 3136 ἁγίοις
978 3067 1114 3142 πᾶσι
1135 3067 1239 3126 τοῖς
1261 3050 1406 3118 οὖσιν
1433 3060 1486 3118 ἐν
1505 3059 1604 3139 ὅλῃ
1631 3062 1699 3139 τῇ
1727 3054 1941 3142 Ἀχαΐᾳ.
1959 3083 1988 3121 ι)

2183 3077 2210 3104 «ι
2253 3055 2396 3112 Cum
2458 3055 2722 3112 omnibus
2775 3055 2976 3112 sanctis
3021 3054 3113 3130 qui
3163 3059 3292 3111 sunt
3350 3052 3406 3110 in
3451 3051 3713 3110 universa

398 3143 631 3206 Πάντων
660 3148 767 3205 τῶν
798 3148 850 3204 ἐν
881 3141 1076 3229 Ἀχαίᾳ
1102 3147 1401 3226 μέμνηται,
1433 3147 1548 3226 ἅμα
1583 3147 1680 3226 μὲν
1713 3141 2000 3226 καὶντιμῶν

2107 3144 2332 3202 Achaia.
2366 3169 2393 3195 ιο
2433 3147 2705 3204 Omnium
2746 3146 2805 3202 in
2845 3145 3054 3203 Achaia
3097 3144 3369 3215 meminit,
3416 3143 3618 3216 partim
3651 3150 3715 3198 ut

397 3233 518 3303 τοὺς
562 3234 882 3315 Κορινθίους,
922 3240 992 3304 ὡς
1023 3236 1110 3295 διὰ
1151 3241 1244 3309 τῆς
1288 3238 1420 3321 πρὸς
1446 3237 1636 3307 αὐτοὺς
1680 3239 2002 3311 Ἐπιστολῆς

2103 3235 2415 3292 Corinthios
2475 3235 2714 3293 honoret
2779 3235 2944 3293 veluti
3009 3234 3269 3291 omnibus
3345 3249 3441 3306 per
3505 3232 3713 3289 litteras

395 3323 602 3392 πάντας
669 3324 1101 3406 προσαγορεύων·
1167 3326 1280 3404 ἅμα
1344 3327 1398 3388 δὲ
1451 3326 1544 3386 καὶ
1612 3329 1685 3397 εἷς
1747 3327 1994 3407 ὁμόνοιαν

2108 3324 2270 3382 hasce
2284 3325 2354 3381 ad
2371 3340 2467 3381 eos
2495 3325 3075 3398 perscriptasfsalutem
3103 3323 3430 3397 impertiens
3461 3342 3474 3380 :
3501 3323 3709 3395 partim

393 3413 636 3492 συνάγων
690 3413 833 3474 ἅπαν
881 3415 942 3474 τὸ
997 3415 1157 3483 ἔθνος.
1204 3416 1311 3478 Καὶ
1358 3416 1488 3495 πρός
1527 3442 1612 3497 γε,
1664 3416 1800 3478 διότι
1846 3423 1997 3502 κοινῇ

2108 3422 2167 3469 ut
2223 3414 2293 3470 ad
2342 3415 2692 3472 concordiam
2747 3423 3047 3488 congreget
3097 3414 3410 3470 universam
3465 3420 3708 3486 gentem.

397 3502 741 3578 ἐσαλεύοντο,
794 3503 974 3578 κοινὴν
1036 3509 1268 3566 ποιεῖται
1325 3507 1418 3566 καὶ
1471 3506 1569 3576 τὴν
1619 3507 1926 3587 θεραπείαν·
1971 3508 1998 3568 ὃ

2108 3505 2394 3568 Praeterea,
2433 3506 2561 3577 quia
2588 3504 2962 3560 communiter
2993 3504 3461 3560 concutiebantur
3491 3517 3709 3569 omnes,

395 3593 491 3653 καὶ
563 3593 693 3672 πρὸς
750 3594 1002 3663 Γαλάτας
1070 3595 1163 3655 καὶ
1218 3595 1348 3675 πρὸς
1423 3594 1710 3676 Ἐϐραίους
1780 3597 1998 3680 γράφων

2107 3608 2463 3650 communem
2505 3593 2728 3650 adhibet
2762 3609 2978 3662 curam,
3024 3593 3273 3664 adeoque
3320 3590 3655 3648 medicinam
3691 3610 3703 3645 :

396 3686 556 3746 ποιεῖ.
590 3681 788 3763 Ἁγίους
833 3683 887 3743 δὲ
933 3684 1166 3754 καλέσας
1211 3685 1492 3759 δείκνυσιν,
1535 3684 1616 3746 ὅτι
1656 3685 1706 3744 εἴ
1751 3711 1829 3754 τις
1865 3689 1998 3747 ἀκά-

2107 3681 2256 3754 quod
2295 3690 2348 3739 et
2373 3683 2439 3739 ad
2480 3683 2701 3740 Galatas
2744 3691 2803 3740 et
2846 3681 2918 3738 ad
2964 3681 3232 3738 Hebraeos
3270 3680 3517 3738 scribens
3561 3680 3708 3736 facit.

395 3781 608 3854 θαρτος,
664 3775 758 3834 οὐκ
799 3772 946 3834 ἔστιν
991 3773 1130 3844 ἄξιος
1167 3778 1263 3849 τῆς
1304 3775 1667 3856 προσηγορίας
1702 3776 1794 3835 καὶ
1834 3800 1998 3858 προσ-

2107 3774 2340 3829 Sauctos
2375 3789 2513 3829 vero
2552 3788 2648 3829 eos
2688 3772 2990 3846 appellans,
3032 3770 3275 3827 ostendit
3305 3770 3450 3843 quod
3499 3771 3544 3826 si
3589 3769 3712 3842 quis

396 3863 600 3945 ρήσεως
626 3864 847 3938 ταύτης.

2105 3861 2174 3918 sit
2194 3863 2469 3934 impurus,
2497 3878 2612 3919 non
2649 3861 2720 3918 sit
2768 3861 2967 3936 dignus
3008 3860 3338 3917 salutatione
3374 3867 3431 3916 et
3469 3858 3705 3932 appella-

2107 3952 2258 4009 tione
2295 3951 2418 4009 hac.

485 4033 714 4117 ιιξΧάρις
741 4037 867 4114 ὑμῖν
911 4035 1005 4098 καὶ
1033 4037 1215 4120 εἰρήνη
1258 4036 1364 4098 ἀπὸ
1391 4042 1534 4102 Θεοῦ
1565 4037 1781 4120 Πατρὸς
1816 4041 1996 4121 ἡμῶν,

2178 4045 2358 4099 Vens.
2387 4045 2440 4097 2.
2467 4063 2493 4091 «
2527 4041 2720 4098 Gratia
2752 4039 2906 4097 vobis
2925 4048 2980 4096 et
3000 4055 3105 4112 pax
3134 4054 3162 4094 a
3186 4041 3305 4095 Deo
3326 4040 3491 4094 Pater
3514 4044 3707 4094 nostro

393 4124 488 4184 καὶ
521 4127 722 4208 Κυρίου
750 4127 929 4201 Ἰησοῦ
962 4130 1222 4208 Χριστοῦ.
1256 4148 1287 4186 n
1328 4127 1446 4201 Τὴν
1480 4130 1683 4203 συνήθη
1727 4153 1997 4210 προσηγο-

2107 4140 2163 4189 et
2183 4131 2426 4188 Domino
2441 4133 2572 4188 Jesu
2601 4131 2884 4188 Christo.»
2913 4130 3187 4187 Consueta
3217 4129 3529 4185 etiamnum
3555 4128 3707 4184 salu-

397 4214 514 4294 ρίαν
544 4215 637 4275 καὶ
687 4221 777 4276 νῦν
828 4225 1083 4279 ποιεῖται.
1137 4217 1372 4299 Εἴρηται
1421 4217 1477 4278 δὲ
1527 4220 1580 4278 ἐν
1631 4219 1813 4286 ἄλλοις
1877 4219 2000 4303 περὶ

2106 4221 2316 4278 tatione
2355 4220 2523 4277 utitur
2555 4238 2569 4278 :
2622 4221 2680 4276 in
2719 4218 2841 4276 aliis
2872 4227 3058 4276 autem
3095 4216 3166 4275 de
3214 4217 3300 4274 his
3347 4217 3560 4275 dictum
3604 4224 3708 4274 est.

395 4304 624 4370 τούτων.
2036 4307 2081 4372 C

473 4425 506 4464 α
539 4403 846 4484 Εὐλογητὸς
872 4408 900 4465 ὁ
928 4404 1095 4479 Θεὸς,
1126 4405 1218 4464 καὶ
1251 4403 1449 4487 Πατὴρ
1477 4409 1570 4465 τοῦ
1603 4405 1803 4488 Κυρίου
1831 4411 1989 4479 ἡμῶν

2173 4422 2353 4479 νκιιε.
2399 4427 2452 4479 3.
2510 4442 2537 4471 ι(
2570 4419 2905 4477 Benedictus
2953 4423 3121 4489 Deus,
3171 4426 3226 4477 et
3264 4420 3426 4475 Pater
3467 4421 3701 4478 Domini

388 4494 565 4570 Ἰησοῦ
596 4496 860 4572 Χριστοῦ.
892 4515 921 4554 ιι
960 4494 1365 4582 Ἐπηγγείλαέο
1407 4497 1460 4555 ἐν
1490 4499 1558 4576 τῇ
1598 4494 1785 4576 πρώτῃ
1826 4495 1988 4556 Ἐπι-

2094 4514 2273 4570 nostri
2311 4514 2445 4570 Jesu
2485 4511 2679 4570 Chriti.
2710 4530 2739 4565 ν
2784 4511 3125 4568 Promiserat
3152 4510 3209 4566 in
3235 4511 3416 4581 prima
3450 4511 3699 4582 Epistola

386 4585 552 4663 στολῇ
604 4584 732 4665 πρὸς
783 4582 972 4652 αὖτοὺς
1030 4586 1239 4673 ἐλθεῖν·
1268 4575 1386 4645 εἶτα
1444 4575 1732 4664 βραδύνας,
1785 4586 1988 4669 σφόδρα

2100 4618 2158 4659 se
2183 4603 2253 4660 ad
2279 4618 2374 4661 eos
2416 4610 2710 4659 venturum
2754 4620 2767 4657 :
2801 4601 2996 4659 deinde
3023 4600 3148 4673 quia
3179 4575 3703 4673 distuleram-suspi-

386 4673 700 4734 ὑπώπτευσε
749 4676 1035 4734 λυπεῖσθαι
1099 4672 1303 4757 αὐτοὺς,
1354 4675 1426 4743 ὡς
1476 4674 1652 4734 ἄλλων
1722 4698 1991 4757 προτιμη-

2099 4691 2326 4749 cabatur
2358 4707 2455 4750 eos
2487 4691 2646 4749 valde
2688 4706 2931 4748 maerore
2973 4672 3188 4757 conﬁci,
3221 4704 3322 4744 ceu
3364 4687 3458 4743 alii
3486 4672 3707 4746 antelati

384 4762 582 4824 θέντων
653 4765 821 4845 αὐτῷ.
904 4763 1094 4825 Θέλων
1165 4754 1255 4823 οὖν
1331 4754 1809 4844 ἀπολογήσασθαι,
1898 4766 1990 4824 καὶ

2099 4781 2231 4855 ipsis
2271 4788 2472 4839 essent.
2513 4781 2720 4838 Volens
2769 4780 2935 4853 igitur
2981 4754 3278 4835 defendere
3323 4793 3401 4845 se,
3454 4786 3510 4834 et
3548 4794 3706 4835 com-

383 4851 554 4922 δεῖξαι
633 4852 714 4914 ὅτι
791 4855 1108 4934 πειρασμῶν
1182 4855 1394 4914 πολλῶν
1471 4855 1616 4936 αὐτῷ
1698 4855 1991 4936 περιτεθέν-

2098 4851 2432 4940 monstrare,
2462 4869 2614 4943 quod
2654 4851 2817 4926 haud“
2853 4869 3044 4941 paucis
3085 4867 3488 4925 tentationibus
3534 4883 3592 4924 se
3621 4867 3707 4924 in-

381 4975 490 5011 των
541 4950 594 4990 ’⁷
641 4950 962 5030 κεκώλυται,
1024 4952 1224 5033 εὐφυῶς
1253 4959 1484 5013 ποιεῖται
1535 4953 1633 5026 τὴν
1668 4953 1983 5034 ἅπολογίαν.

2098 4959 2425 5016 vadentibus
2467 4957 2634 5015 fuerit
2663 4958 2983 5031 impeditus,
3017 4958 3155 5014 scite
3202 4956 3333 5013 facit
3366 4957 3703 5029 apologiam.

382 5042 714 5122 Εὗχαριστῶ
759 5042 883 5123 γὰρ,
931 5041 1081 5123 φησὶ,
1117 5044 1194 5124 τῷ
1243 5043 1370 5122 Θεῷ
1424 5040 1653 5117 δηλαδὴ,
1705 5045 1776 5112 ὥς
1833 5048 1990 5126 ῥυσα-

2103 5072 2131 5099 ι
2155 5048 2396 5117 Gratias,
2416 5071 2441 5099 ι
2469 5047 2669 5121 inquit,
2702 5071 2726 5098 α
2746 5064 2873 5122 ago,
2904 5072 2929 5097 ιι
2955 5063 3156 5121 nempe
3173 5049 3312 5114 Deo,
3336 5047 3428 5119 qui
3449 5061 3541 5102 me
3568 5045 3705 5102 libe-

383 5131 528 5212 μένῳ
578 5153 647 5210 με
679 5130 788 5192 ἀπὸ
839 5131 1114 5191 κινδύνων·
1165 5131 1255 5214 διᾲ
1297 5134 1393 5205 τῆς
1444 5131 1787 5214 εὐχαριστίας
1824 5135 1991 5192 αἰνιτ-

2097 5139 2299 5196 raverit
2327 5155 2357 5196 e
2395 5138 2654 5212 periculis
2705 5157 2718 5195 :
2762 5154 2862 5212 per
2889 5138 3190 5210 gratiarum
3217 5135 3490 5192 actionem
3537 5134 3703 5208 242

379 5211 620 5296 τόμενος,
669 5219 752 5280 ὅτι
805 5220 1014 5299 μεγάλα
1064 5220 1182 5281 τινὰ
1219 5211 1355 5293 ἦσαν
1388 5218 1456 5279 τὰ
1485 5211 1761 5282 κωλύοντα
1791 5222 1947 5282 αὐτὸν
1968 5268 1985 5296 ,

2098 5211 2411 5286 clanculum
2434 5227 2705 5297 indicans,
2737 5211 2889 5301 quod
2912 5243 3115 5299 magna
3140 5225 3349 5282 fuerint
3367 5240 3494 5298 quae
3519 5225 3707 5298 ipsum

380 5309 454 5392 ᾤν
479 5309 846 5392 ἓλευθερωθεὶς
877 5311 1204 5392 εὐχαριστεῖ.
1233 5309 1421 5380 Στίξον
1442 5309 1496 5369 δὲ
1525 5313 1596 5378 εἷς
1620 5311 1700 5387 τὸ,
1732 5334 1762 5371 ιι
1793 5313 1982 5380 Θεὸςοιι

2099 5318 2457 5389 inhibuerint,
2484 5332 2517 5375 a
2564 5318 2771 5391 quibus
2798 5317 3081 5389 liberatus,
3112 5314 3314 5388 gratias
3361 5315 3496 5388 agit.
3516 5314 3707 5388 Adjice

379 5390 496 5460 εἶτα
531 5390 705 5482 ἄρξαι·
765 5421 793 5458 ιι
833 5390 943 5461 Ka‘t
966 5390 1169 5483 Πατὴρ
1197 5405 1288 5460 τοῦ
1342 5400 1567 5482 Κυρίου.
1612 5422 1641 5461 ι)
1689 5403 1761 5463 Εἰ
1803 5402 1858 5462 δὲ
1895 5402 1988 5461 καὶ

2101 5416 2291 5466 autem
2336 5423 2559 5466 comma
2579 5390 2697 5476 iad,
2734 5426 2762 5461 «
2811 5411 2958 5464 Deus
3012 5425 3029 5461 :
3066 5429 3093 5456 ιι
3124 5413 3315 5478 postea
3347 5404 3543 5477 incipe,
3580 5429 3607 5456 σι
3650 5413 3705 5462 et

380 5493 665 5560 συναπτῶς
689 5489 901 5563 νοήσεις
922 5488 1002 5566 τὸ,
1037 5511 1070 5551 α
1108 5489 1177 5552 Ὁ
1207 5489 1344 5559 Θεὸς
1373 5490 1464 5550 καὶ
1499 5488 1694 5572 Πατὴρ
1729 5496 1825 5552 τοῦ
1871 5495 1985 5553 Κυ-

2102 5501 2265 5557 Pater
2292 5497 2537 5556 Domini.
2573 5521 2601 5547 ιι
2636 5497 2732 5553 Sin
2785 5495 3126 5568 conjunctim
3158 5494 3456 5569 intelligas,
3491 5514 3521 5547 ιι
3550 5497 3703 5552 Deus

384 5577 530 5660 ρίου,
579 5600 611 5640 ι
661 5578 813 5641 οὐδὲν
855 5577 1059 5640 καινόν·
1113 5578 1207 5640 καὶ
1257 5583 1360 5660 γὰρ
1389 5583 1482 5640 τοῦ
1537 5582 1698 5644 αὖτοῦ
1728 5581 1821 5643 καὶ
1870 5579 1982 5651 ἐνὸς

2092 5596 2150 5645 et
2180 5589 2344 5648 Pater
2369 5586 2623 5658 Domini,
2659 5609 2684 5638 υ
2717 5586 2853 5644 nihil
2890 5601 3101 5644 novum
3130 5592 3236 5644 est.
3265 5588 3366 5643 Est
3385 5585 3536 5644 enim
3560 5585 3704 5657 ejus-

451 5685 738 5761 ‘Philipp.
766 5702 840 5759 tt,
877 5691 975 5745 22.
1055 5689 1130 5744 ιιι
1167 5686 1296 5745 Cor.
1324 5701 1459 5757 va,
1494 5693 1585 5773 to.

1790 5769 1984 5829 Variae
2028 5768 2333 5832 lectiones.

452 5845 494 5881 ¹’²
539 5847 724 5904 ἔπιτεθ.
754 5864 806 5904 0.
