4110 6416
374 521 478 577 799

1360 514 1902 574 -THEOPHYLACTI
1940 512 2299 570 BULGARUE
2334 514 2651 572 ARCHIEP.

3566 517 3673 572 800

373 645 503 705 dem
523 652 583 704 et
610 644 779 704 unius
811 644 1036 713 Christi,
1063 643 1375 702 secundum
1413 643 1813 700 humanitatem
1839 640 1965 714 qui-

2090 642 2342 721 Χριστοῦ,
2388 640 2530 701 κατὰ
2582 640 2679 720 μὲν
2713 641 2775 702 τὸ
2829 640 3177 724 ἀνθρώπινον,
3225 641 3382 711 Θεός·
3429 640 3571 703 κατὰ
3616 640 3674 701 δὲ

372 736 503 795 dem
540 740 721 804 Deus;
766 735 1075 793 secundum
1116 751 1248 792 vero
1281 734 1646 803 divinitatem,
1676 737 1859 790 Pater.

447 848 476 877 ι
504 830 669 885 Pater
710 824 1246 892 misericordiarum,
1274 841 1339 882 ac
1382 830 1535 882 Deus
1563 824 1734 882 totius
1772 837 1969 880 conso-

379 915 625 974 lationis.
680 939 708 967 ι
739 918 865 973 Ηοο
908 924 1013 985 est,
1045 915 1140 989 qui
1167 924 1252 973 tot
1277 924 1566 989 tantasque
1590 914 1969 970 miserationes

375 1005 648 1076 exhibuit,
679 1013 742 1063 ut
785 1021 854 1063 ex
896 1006 1028 1079 ipsis
1068 1021 1172 1063 nos
1205 1006 1401 1063 mortis
1449 1005 1622 1078 portis
1667 1002 1967 1072 reduxerit,

375 1112 440 1153 ac
469 1096 724 1170 dignatus
756 1096 831 1153 sit
854 1111 960 1153 nos
989 1096 1139 1153 omni
1163 1097 1536 1153 consolatione
1574 1096 1629 1151 in
1652 1092 1969 1150 afﬂictioni-

373 1185 501 1243 bus.
552 1185 902 1244 Consuetudo
930 1193 1117 1242 autem
1146 1194 1264 1243 erat
1290 1186 1514 1254 sanctis,
1562 1188 1739 1241 Deum
1767 1200 1834 1240 ex
1877 1183 1971 1239 be-

373 1275 587 1333 neﬁciis
632 1290 758 1349 qum
819 1276 888 1333 ab
947 1291 1013 1332 eo
1054 1275 1415 1348 accipiebant,
1460 1274 1749 1331 nominare
1799 1291 1813 1330 :
1868 1288 1969 1345 pro

374 1364 597 1423 victoria
649 1364 875 1439 quidem
925 1366 986 1422 in
1050 1364 1219 1423 bello.
1270 1387 1297 1414 ι
1350 1365 1591 1438 Diligam
1641 1372 1719 1435 te,
1766 1364 1965 1436 inquit,

381 1476 407 1503 α
424 1454 688 1522 Domine,
707 1454 881 1512 robur
896 1470 1081 1511 meum
1100 1464 1121 1492 ο
1151 1474 1166 1509 :
1193 1478 1219 1505 ι
1246 1463 1320 1524 et,
1344 1477 1371 1506 ι
1397 1453 1668 1511 Dominus
1689 1461 1971 1526 protector

376 1559 534 1602 meus
578 1543 629 1601 (ι.
657 1568 683 1595 υ
711 1546 854 1602 Cum
896 1560 1023 1602 vero
1053 1561 1084 1601 a
1110 1544 1347 1618 caligine
1380 1552 1436 1601 et
1464 1543 1849 1601 obscuratione
1886 1560 1971 1598 ra-

375 1634 565 1702 tionis,
614 1642 670 1692 et
711 1651 743 1693 a
788 1651 1028 1692 maerore
1070 1636 1241 1707 erepti
1282 1634 1493 1691 fuerint
1538 1652 1550 1688 :
1607 1652 1637 1687 ε
1694 1634 1971 1689 Dominus

375 1723 713 1781 illuminatio
741 1741 861 1781 mea
912 1734 952 1781 °.
1002 1744 1031 1779 »
1085 1725 1249 1781 Haud
1277 1724 1532 1781 dissimili
1564 1722 1773 1780 ratione
1819 1740 1970 1779 nunc

375 1828 597 1886 quoque
616 1814 820 1871 Paulus
838 1836 864 1863 α
887 1817 1107 1872 Patrem
1127 1815 1575 1881 miscrationum,
1603 1837 1627 1860 υ
1657 1829 1721 1869 ac
1745 1836 1769 1861 α
1788 1816 1970 1868 Deum

373 1903 767 1961 consolationis
788 1927 812 1954 ιο
842 1904 1022 1976 ipsum
1041 1905 1313 1973 nominat,
1340 1903 1410 1961 ab
1438 1903 1715 1960 accidente
1738 1902 1967 1959 scilicet.

2074 730 2172 804 τὴν
2198 730 2448 805 θεότητα,
2484 731 2700 812 Πατήρ.

2166 842 2197 881 α
2226 819 2296 881 Ὁ
2327 819 2522 902 Πατὴρ
2563 826 2669 881 τῶν
2706 824 3022 904 οἰκτιρμῶν,
3054 822 3147 883 καὶ
3178 821 3316 890 Θεὸς
3357 821 3535 896 πάσης
3566 844 3674 880 πα-

2078 913 2408 991 ρακλήσεως.
2461 932 2492 969 n
2555 912 2872 986 Τουτέστιν,
2929 918 2957 974 6
3029 912 3331 995 οἷκτιρμοὶρς
3393 909 3675 980 τοσούτους

2078 1000 2493 1079 ἐπιδειξάμενος,
2522 1003 2596 1071 ὡς
2637 1000 2691 1072 ἐξ
2729 1004 2900 1062 αὐτῶν
2942 1006 3048 1063 τῶν
3080 1010 3174 1064 τοῦ
3218 1008 3446 1063 θανατου
3489 1002 3673 1063 πυλῶν

2076 1096 2221 1170 ἡμᾶς
2263 1094 2581 1171 ἀναγαγεῖν,
2630 1091 2723 1151 καὶ
2772 1092 3168 1174 παρακλήσεως
3227 1091 3409 1168 πάσης
3451 1090 3676 1162 ἀξιῶσαι

2077 1183 2132 1240 ἐν
2187 1188 2298 1248 ταῖς
2339 1180 2602 1261 θλίψεσιν.
2652 1179 2816 1249 Ἔθος
2852 1182 2907 1242 δὲ
2954 1186 3064 1251 τοῖς
3113 1181 3302 1263 ἁγίοις,
3352 1183 3412 1241 ἐκ
3465 1183 3573 1241 τῶν
3605 1183 3676 1249 εἰς

2079 1270 2265 1340 αὖτοὺς
2325 1272 2636 1353 εὐεργεσιῶν
2688 1272 2966 1349 ὀνομάζειν
3030 1272 3117 1332 τὸν
3188 1271 3348 1334 Θεόνο
3420 1270 3510 1332 ἐπὶ
3577 1270 3674 1349 μὲν

2077 1362 2223 1435 νίκης
2276 1360 2549 1438 πολέμων,
2600 1389 2626 1416 ι
2687 1360 2980 1437 Ἀγαπάσω
3032 1385 3121 1437 σε,
3183 1361 3390 1443 Κύριε,
3437 1365 3472 1435 ἡ
3526 1358 3679 1442 ἰσχύς

2078 1474 2205 1527 μου,
2239 1478 2266 1504 ι
2296 1450 2445 1532 φησί’
2480 1450 2592 1522 καὶ,
2646 1478 2671 1501 α
2718 1450 2787 1511 Ὁ
2823 1449 3018 1531 Κύριος
3064 1449 3463 1531 ὗπερασπιστής
3498 1473 3616 1528 μου.
3650 1476 3676 1502 ιι

2078 1541 2203 1600 ὅταν
2232 1539 2287 1599 δὲ
2331 1540 2511 1622 ζόφου,
2548 1540 2638 1599 καὶ
2678 1540 2985 1609 σκοτώσεως
3036 1544 3322 1622 λογισμοῦ,
3363 1539 3456 1599 καὶ
3508 1540 3679 1622 λύπης

2077 1633 2403 1712 λυτρωθῶσι·
2445 1658 2469 1683 α
2518 1629 2713 1711 Κύριος
2759 1630 3030 1710 φωτισμός
3079 1654 3204 1709 μου.
3264 1658 3290 1683 ι»
3339 1629 3529 1697 Οὕτως
3588 1621 3678 1690 οὖν

2078 1719 2171 1781 καὶ
2249 1725 2339 1780 νῦν
2396 1723 2424 1779 6
2478 1723 2694 1788 Παῦλος
2750 1720 2972 1801 Πατέρα
3027 1722 3318 1803 οἰκτιρμῶν
3387 1719 3481 1779 καὶ
3534 1718 3675 1782 Θεὸν

2077 1809 2468 1892 παρακλήσεως
2518 1810 2676 1870 αὐτὸν
2723 1810 3006 1888 ὀνομάζει,
3056 1810 3163 1870 ἀπὸ
3193 1816 3283 1871 τοῦ
3334 1808 3680 1888 συμϐεϐηκό-

2080 1924 2186 1968 τος.
2222 1896 2371 1980 Ὅρα
2418 1900 2474 1960 δὲ
2523 1900 3028 1979 ταπεινοφροσύνην.
3078 1901 3379 1976 Λυτρωθεὶς
3428 1898 3532 1980 γὰρ
3574 1901 3681 1959 τῶν

375 1991 516 2050 Vide
541 2001 729 2050 autem
764 1994 882 2066 ejus
922 1995 1320 2051 humilitatem.
1366 1993 1652 2067 Siquidem
1695 2001 1915 2065 ereptus
1942 2009 1970 2047 a

2090 1990 2172 2050 διὰ
2230 1989 2291 2050 τὸ
2347 1990 2600 2071 κήρυγμα
2653 1992 2988 2070 πειρασμῶν,
3060 1992 3117 2050 οὗ
3168 1989 3335 2069 λέγει,
3404 1988 3487 2048 ὅτι
3544 1991 3683 2050 Κατ’

374 2082 766 2140 tentationibus
814 2084 1015 2157 quibus
1061 2084 1132 2140 ob
1200 2084 1476 2157 Evangelii
1524 2081 1974 2155 praedicationem

374 2171 767 2245 excipiebatur,
797 2189 912 2229 non
937 2173 1089 2241 dicit,
1118 2176 1225 2229 Pro
1243 2172 1509 2247 dignitate
1538 2172 1798 2230 liberatus
1826 2187 1970 2242 sum,

374 2270 641 2319 caeterum
669 2277 768 2334 per
792 2262 1180 2319 miserationes
1209 2263 1331 2319 Dei.

447 2353 633 2408 Vsus.
682 2356 733 2405 4.
777 2352 880 2423 Qui
924 2352 1240 2409 consolatur
1275 2368 1377 2409 nos
1430 2352 1488 2407 in
1540 2352 1693 2408 omni
1741 2350 1974 2407 tribula-

375 2442 524 2498 tione
546 2449 745 2497 nostra.
784 2464 810 2491 ι»
843 2444 970 2498 Non
1003 2441 1159 2511 dixit,
1193 2442 1296 2511 Qui
1325 2457 1435 2497 non
1466 2441 1598 2498 sinit
1643 2455 1746 2497 nos
1776 2439 1970 2512 afﬂigi,

377 2530 493 2599 sed,
534 2531 641 2601 Qui
680 2531 1002 2588 consolatur
1030 2547 1132 2587 nos
1161 2530 1217 2587 in
1248 2530 1563 2588 afﬂictione.
1602 2553 1628 2581 ιι
1664 2530 1806 2587 Sinit
1828 2531 1972 2587 enim

376 2636 478 2677 nos
502 2620 695 2693 afﬂigi,
726 2630 788 2677 ut
816 2637 913 2693 per
942 2620 1268 2693 patientiam
1289 2621 1604 2678 mercedem
1630 2619 1969 2677 habeamus:

377 2718 433 2768 et
476 2710 700 2782 quando
743 2726 844 2767 nos
897 2711 1143 2767 labantes
1193 2710 1409 2778 viderit,
1460 2711 1778 2767 consolatur
1815 2726 1918 2766 nos
1958 2730 1971 2763 :

376 2798 543 2872 idque
571 2815 787 2871 semper
816 2798 960 2856 facit.
996 2801 1235 2873 Ideoque
1262 2801 1465 2856 Paulus
1494 2816 1609 2856 non
1653 2799 1810 2870 dixit,
1869 2799 1975 2869 Qui

377 2888 695 2946 consolatus
741 2897 825 2945 est
866 2890 1060 2960 semel,
1097 2888 1217 2959 sed,
1251 2912 1277 2939 α
1312 2890 1419 2961 Qui
1448 2890 1784 2957 consolatur,
1817 2911 1842 2938 ν
1871 2888 1980 2944 hoc

379 2987 482 3044 est,
524 2994 761 3050 semper.
802 2981 925 3035 Non
975 2979 1027 3035 in
1068 2978 1174 3035 hac
1218 2979 1301 3036 vel
1349 2979 1442 3035 illa
1484 2977 1808 3049 afﬂictione,
1857 2977 1977 3047 sed,

386 3092 411 3119 α
445 3070 503 3125 in
531 3070 711 3127 omni.
747 3093 774 3119 ν

458 3184 485 3208 «ι
523 3160 605 3217 Ut
627 3160 905 3231 possimus
920 3174 1023 3215 nos
1042 3158 1314 3215 consolari
1344 3173 1439 3215 eos
1469 3159 1567 3233 qui
1596 3165 1727 3215 sunt
1748 3158 1804 3215 in
1827 3160 1980 3215 omni

380 3247 703 3316 afﬂictione,
735 3265 834 3322 per
878 3249 1319 3306 consolationem
1356 3265 1465 3321 qua
1494 3249 1749 3322 nosipsos
1775 3265 1975 3305 conso-

382 3340 527 3395 latur
549 3341 717 3394 Deus.
753 3361 779 3388 ιο
823 3341 946 3395 Non
972 3339 1116 3411 quod
1148 3337 1294 3410 digni
1325 3338 1523 3409 simus,
1554 3339 1755 3412 inquit,
1784 3354 1976 3395 conso-

383 3429 649 3484 lationem
682 3428 950 3500 accipere,
978 3436 1265 3501 propterea
1303 3429 1625 3485 consolatur
1646 3443 1747 3485 nos
1777 3431 1926 3484 Deus
1963 3450 1975 3485 :

383 3533 573 3574 verum
598 3527 659 3575 ut
690 3516 759 3573 ab
786 3520 1041 3591 exemplo
1075 3519 1475 3576 consolationis
1502 3534 1627 3592 quae
1653 3517 1793 3575 mihi
1821 3518 1981 3575 obve-

385 3608 492 3677 nit,
544 3608 679 3664 alios
729 3608 894 3664 etiam
953 3608 1223 3665 consolari
1284 3609 1516 3674 valeam,
1568 3609 1613 3665 si
1659 3608 1881 3681 quando
1921 3609 1981 3664 in

383 3698 777 3754 tentationibus
826 3697 1043 3754 fuerint.
1084 3697 1322 3755 Proinde
1349 3706 1408 3756 et
1452 3714 1550 3755 vos
1584 3698 1982 3771 conspicientes

382 3803 473 3844 me
490 3786 629 3844 adeo
658 3787 1058 3854 confortatum,
1083 3788 1141 3844 in
1164 3788 1549 3845 afﬂictionibus
1581 3789 1776 3845 vestris
1801 3788 1982 3845 animo

383 3893 454 3934 ne
504 3878 823 3934 concidatis.
872 3880 976 3934 Per
1035 3877 1143 3935 hoc
1193 3887 1379 3934 autem
1421 3879 1803 3950 apostolorum
1846 3894 1982 3950 opus

391 3966 610 4036 iudicat,
640 3983 861 4039 nempe,
914 3966 1064 4040 quod
1102 3967 1394 4024 constituti
1435 3975 1564 4023 sunt
1608 3975 1673 4025 ut
1728 3967 1867 4023 alios
1911 3967 1983 4024 ad

389 4065 672 4112 certamen
701 4056 869 4112 veluti
909 4056 1186 4127 inungant
1213 4063 1270 4113 et
1299 4056 1533 4113 excitent
1563 4078 1576 4112 :
1600 4066 1656 4113 et
1676 4056 1825 4129 quod
1849 4073 1979 4124 non,

391 4145 616 4217 perinde
645 4161 711 4201 ac
734 4144 1171 4216 pseudapostoli,
1196 4144 1411 4203 deliciis
1432 4146 1715 4213 studeant,
1745 4162 1808 4203 ac
1828 4145 1984 4202 domi

388 4233 726 4302 desidentes,
761 4234 1041 4307 negligent
1080 4250 1174 4292 eos
1200 4235 1293 4308 qui
1336 4236 1715 4293 consolatione
1754 4243 1808 4291 et
1835 4237 1985 4291 exci-

390 4322 600 4379 tatione
647 4338 785 4395 opus
821 4323 1051 4381 habent.

460 4415 641 4469 Vsus.
697 4419 753 4470 5.
818 4434 846 4464 α
877 4412 1153 4487 Quoniam
1192 4416 1332 4473 sicut
1369 4414 1658 4471 abundant
1704 4416 1986 4487 passiones

389 4501 591 4559 Christi
616 4503 673 4559 in
693 4502 873 4573 nobis,
899 4505 974 4560 ita
1012 4521 1109 4577 per
1130 4504 1414 4562 Christum
1438 4505 1682 4561 abundat
1706 4512 1764 4562 et
1789 4520 1981 4561 conso-

2010 3295 2065 3367 ο

2082 2078 2232 2149 ἀξίαν
2292 2077 2582 2160 ἐρῤύσθην,
2636 2079 2807 2151 ἀλλὰ,
2873 2080 2979 2141 Διὰ
3038 2078 3156 2147 τοὺς
3219 2077 3522 2160 οἶκτιρμοὺς
3588 2083 3682 2138 τοῦ

2080 2172 2241 2231 Θεοῦ.

2165 2372 2199 2407 α
2228 2351 2299 2434 ‘Q
2325 2352 2656 2434 παρακαλῶν
2687 2355 2832 2425 ἡμᾶς
2857 2351 2946 2410 ἐπὶ
2973 2350 3117 2429 πάσῃ
3151 2354 3217 2431 τῇ
3248 2351 3423 2433 θλίψει
3461 2351 3634 2428 ἡμῶν.
3658 2379 3683 2405 ι

2081 2444 2201 2503 Οὔκ
2241 2432 2511 2517 simulo
2548 2441 2622 2520 μὴ
2667 2445 2765 2502 ἐῶν
2815 2445 2960 2518 ἡμᾶς
3005 2440 3284 2514 θλιϐἧναι,
3340 2439 3479 2514 ἀλλ’,
3522 2439 3594 2502 c0
3632 2442 3685 2500 ἐν

2080 2535 2156 2612 τῷ
2207 2530 2482 2592 θλίϐεσθαι
2528 2532 2878 2614 παρακαλῶν.
2922 2530 3029 2613 Ἐᾷ
3078 2530 3180 2611 γὰρ
3221 2536 3367 2609 ἡμᾶς
3407 2528 3686 2604 θλιϐἦναι,

2080 2620 2170 2681 ἵνα
2221 2620 2309 2681 διὰ
2361 2625 2456 2693 τῆς
2509 2624 2781 2699 ὓπομονῆς
2844 2621 3029 2697 μισθὸν
3083 2620 3365 2699 σχοίημεν·
3426 2619 3685 2679 κάπειδὰν

2083 2712 2404 2781 ὀκλάζοντας
2468 2710 2592 2791 ἴδῃ,
2644 2712 2966 2791 παρακαλεῖ*
3023 2709 3117 2770 καὶ
3174 2711 3256 2769 ἀεὶ
3322 2714 3479 2769 τοῦτο
3529 2717 3687 2771 ποιεῖ.

2086 2802 2181 2862 Διὸ
2228 2800 2319 2861 καὶ
2371 2804 2399 2858 6
2453 2790 2669 2867 Παῦλος
2716 2801 2813 2859 οὐκ
2861 2790 3035 2873 εἶπεν,
3067 2797 3149 2858 ὅτι
3193 2804 3222 2859 6
3270 2797 3412 2868 ἅπαξ
3442 2801 3691 2879 πᾶρακα-

2088 2890 2281 2963 λέσας,
2339 2890 2479 2969 ἀλλ’,
2537 2911 2566 2947 α
2623 2889 2692 2951 ⁸0
2742 2892 3095 2968 παρακαλῶν,
3141 2911 3172 2949 α
3226 2889 3531 2963 τουτέστιν,
3588 2890 3688 2948 ἀεί.

2093 2980 2202 3043 Καὶ
2263 2982 2359 3039 οὖκ
2411 2980 2465 3039 ἐν
2512 2981 2636 3061 τῇδε
2692 2977 2727 3051 ἢ
2774 2980 2901 3057 τῇδε
2949 2982 3017 3061 τῇ
3067 2978 3273 3060 θλίψει,
3315 2977 3457 3058 ἀλλ’,
3513 3005 3539 3031 κ
3594 2977 3692 3040 Ἐν

2089 3070 2238 3146 πάσῃ
2252 3116 2265 3128 .
2300 3091 2330 3129 ι)

2173 3186 2197 3213 ‹‹
2231 3161 2333 3228 Εἷς
2359 3158 2421 3219 τὸ
2450 3159 2704 3220 δύνασθαι
2733 3162 2878 3236 ἡμᾶς
2924 3162 3261 3240 παρακαλεῖν
3292 3157 3410 3226 τοὺς
3440 3160 3493 3219 ἓν
3540 3159 3690 3241 πάσῃ

2094 3250 2293 3332 θλίψει,
2360 3248 2448 3309 διὰ
2499 3253 2595 3317 τῆς
2644 3246 3039 3330 παρακλήσεως
3102 3241 3165 3322 ἧς
3231 3250 3690 3329 παρακαλούμεθα

2099 3341 2243 3399 αὐτοὶ
2272 3339 2378 3400 ὑπὸ
2405 3345 2497 3399 τοῦ
2530 3341 2696 3400 Θεοῦ.
2751 3362 2780 3399 ι)
2837 3340 2960 3418 Οὐχ
3001 3338 3099 3413 ὅτι,
3138 3338 3329 3418 φησὶν,
3365 3338 3500 3408 ἄξιοί
3534 3343 3694 3417 ἐσμεν

2091 3431 2539 3509 παρακαλεῖσθαι,
2591 3429 2677 3488 διὰ
2723 3433 2878 3488 τοῦτο
2928 3428 3237 3509 παρακαλεῖ
3273 3432 3417 3506 ἡμᾶς
3456 3432 3484 3488 6
3537 3429 3693 3497 Θεόςο

2092 3519 2212 3580 ἀλλ’
2240 3518 2331 3578 ἵνα
2359 3522 2419 3579 ἐκ
2465 3524 2557 3579 τοῦ
2612 3518 3004 3597 ὗποδείγματος
3032 3521 3126 3589 τῆς
3166 3520 3237 3586 εἷς
3268 3518 3363 3596 ἐμὲ
3411 3518 3697 3602 παρακλή-

2092 3634 2225 3678 σεως
2254 3609 2348 3668 καὶ
2377 3608 2566 3677 ἄλλους
2605 3610 2811 3682 δυνηθῶ
2859 3608 3235 3689 παρακαλέσαι
3285 3611 3340 3669 ἐν
3380 3608 3697 3690 πειρασμοῖς

2090 3700 2270 3767 ὄντας.
2324 3694 2499 3759 Ὠστε
2551 3699 2646 3759 καὶ
2697 3705 2847 3777 ὑμεῖς
2888 3697 2983 3777 ἐμὲ
3030 3701 3255 3778 ὁρῶντες
3315 3697 3455 3759 οὕτω
3512 3722 3698 3781 παρα-

2091 3788 2379 3864 κληθέντα,
2436 3789 2511 3866 μὴ
2552 3788 2920 3848 καταπίπτετε
2966 3788 3022 3847 ἐν
3072 3786 3311 3869 θλίψεσιν
3359 3788 3523 3855 ὄντες.
3590 3789 3697 3849 Διᾶ

2091 3879 2280 3939 τούτου
2329 3876 2386 3937 δὲ
2445 3877 2677 3936 δείκνυσι
2724 3877 2817 3938 καὶ
2862 3876 2924 3936 τὸ
2977 3874 3128 3957 ἔργον
3182 3881 3287 3937 τῶν
3337 3878 3652 3938 ἀποστόλων
3679 3926 3692 3949 ,

2092 3967 2185 4027 καὶ
2242 3966 2323 4027 ὅτι
2377 3967 2449 4033 εἰς
2507 3966 2566 4025 τὸ
2616 3966 2824 4047 ἑτέρους
2871 3966 3109 4047 ἀλείφειν
3163 3989 3221 4026 τε
3273 3966 3366 4025 καὶ
3425 3965 3696 4048 διεγείρειν

2093 4060 2317 4117 κεῖνταιο
2365 4056 2457 4115 καὶ
2487 4057 2589 4136 οὐχ
2634 4054 2816 4136 ὥσπερ
2847 4058 2897 4115 οἱ
2938 4056 3394 4138 ψευδαπόστολοι,
3437 4059 3696 4138 τρυφῶσι,

2095 4144 2188 4206 καὶ
2236 4144 2371 4206 οἴκοι
2416 4145 2711 4223 καθήμενοι
2766 4148 3055 4227 περιορῶσι
3094 4145 3214 4214 τοὺς
3256 4146 3533 4224 δεομένους
3584 4169 3700 4206 πα-

2098 4235 2407 4317 ρακλήσεως
2438 4234 2531 4293 καὶ
2565 4237 2865 4315 διεγερμοῦ.

2178 4442 2203 4470 ε(
2232 4414 2365 4477 "Ott
2413 4415 2588 4482 καθὼς
2636 4414 2938 4494 περισσεύει
2985 4413 3054 4473 τὰ
3092 4418 3186 4474 τοῦ
3233 4417 3468 4495 Χριστοῦ
3516 4414 3702 4487 παθή-

2101 4528 2246 4584 ματα
2303 4508 2374 4572 εἶς
2422 4509 2591 4582 ἡμᾶς,
2637 4502 2775 4564 οὕτω
2824 4504 2909 4564 διὰ
2963 4509 3055 4564 τοῦ
3108 4508 3349 4586 Χριστοῦ
3399 4505 3704 4585 περισσεύει

390 4592 525 4649 latio
543 4601 749 4649 nostra.
784 4615 812 4643 ι
843 4568 927 4650 Ne
950 4568 1288 4667 despondeas
1305 4594 1559 4650 animum
1571 4594 1813 4667 quisquis
1825 4594 1977 4653 audis

2101 4568 2190 4654 καὶ
2219 4599 2253 4668 ἡ
2292 4568 2633 4675 παράκλησις
2683 4597 2856 4674 ἡμῶν.
2904 4614 2935 4653 ι)
2974 4592 3069 4665 Μὴ
3120 4568 3485 4675 κοιταπέσῃς,Ι
3516 4593 3701 4675 φησὶν,

390 4680 718 4739 afﬂictiones
740 4690 797 4739 et
818 4683 984 4747 mala,
1014 4683 1197 4757 inquit
1219 4702 1233 4739 :
1265 4692 1473 4756 quanto
1492 4685 1644 4740 enim
1664 4685 1769 4742 ista
1786 4685 1988 4742 exube-

393 4779 539 4839 rant,
568 4779 723 4829 tanto
749 4773 1055 4829 exuberant
1068 4773 1497 4831 consolationes.
1523 4776 1651 4830 Non
1669 4775 1991 4847 simpliciter

391 4868 579 4918 autem
602 4861 760 4930 dixit,
791 4884 819 4911 ι
862 4861 1164 4934 passiones,
1200 4886 1226 4912 υ
1264 4862 1383 4933 sed,
1419 4886 1444 4913 ι
1476 4864 1673 4922 Christi
1704 4883 1719 4922 :
1765 4887 1791 4917 ω
1820 4875 1884 4921 ιιι
1907 4866 1988 4922 vel

391 4950 521 5008 inde
541 4950 795 5010 animum
825 4952 1121 5011 Corinthiis
1150 4952 1317 5027 2&3
1345 4954 1529 5012 addat.
1574 4955 1773 5013 Christi
1814 4958 1984 5026 enim,

391 5040 589 5114 inquit,
616 5042 897 5114 passiones
912 5050 1046 5100 sunt
1063 5043 1181 5100 ista;
1200 5060 1335 5117 quas
1369 5061 1472 5102 nos
1492 5045 1757 5119 patimur,
1777 5062 1991 5119 nosque

394 5130 666 5188 efﬁcimur
723 5132 1013 5205 participes
1080 5133 1447 5192 afﬂictionum
1529 5136 1718 5208 ipsius.
1786 5138 1990 5207 Quare,

393 5236 617 5279 summo
633 5221 781 5279 istud
798 5223 871 5279 sit
904 5222 1006 5279 tibi
1024 5224 1244 5295 solatio,
1275 5224 1427 5298 quod
1445 5225 1649 5283 Christi
1669 5224 1995 5283 afﬂictiones

399 5312 672 5368 sustineas
722 5331 737 5367 :
778 5312 891 5368 imo
936 5327 1067 5370 vero
1098 5330 1213 5371 non
1241 5314 1362 5371 illas
1400 5315 1569 5385 solas,
1598 5331 1795 5373 verum
1823 5316 1994 5373 etiam

392 5400 600 5473 plures.
645 5421 672 5449 ι
719 5401 1017 5459 Ahundant
1060 5425 1087 5452 α
1117 5404 1287 5473 enim,
1349 5404 1546 5477 inquit,
1622 5426 1650 5455 α
1713 5406 1999 5478 passiones

393 5489 591 5546 Christi
614 5491 673 5548 in
696 5489 879 5561 nobis,
913 5514 939 5542 ιι
972 5491 1078 5549 hoc
1105 5501 1211 5563 est,
1240 5493 1425 5567 plures
1455 5493 1801 5568 perferimus,
1830 5510 1998 5568 quam

395 5578 644 5636 Christus
687 5581 997 5652 pertulerit.
1066 5582 1323 5641 Sentiens
1376 5592 1564 5643 autem
1615 5594 1889 5658 quantum
1944 5596 2000 5644 et

394 5682 560 5740 quam
581 5685 851 5743 magnum
864 5670 1101 5743 dixerat,
1119 5689 1313 5732 rursus
1334 5673 1470 5733 illud
1489 5675 1768 5747 reprimit,
1797 5700 1824 5727 σι
1866 5678 1958 5734 Sic
1979 5722 1993 5748 ,

2100 4682 2145 4743 ὦ
2206 4684 2474 4765 ἄκροατὰ,
2527 4684 2729 4763 θλίψεις
2779 4682 2870 4743 καὶ
2902 4682 3047 4756 πάθη
3104 4683 3337 4745 ἀκούων.
3398 4682 3558 4765 ι⁵Ὀσῳ
3599 4682 3703 4763 γὰρ

2099 4772 2477 4857 περισσεύουσι
2524 4778 2721 4849 ταῦτα,
2782 4772 3019 4853 τοσούτῳ
3071 4772 3443 4853 περισσεύουσι
3502 4774 3594 4832 καὶ
3649 4776 3704 4832 αἱ

2100 4855 2483 4944 παρακλήσεις.
2515 4865 2639 4943 Οὐχ
2682 4864 2864 4929 ἁπλῶς
2894 4864 2949 4923 δὲ
2982 4855 3130 4937 εἷπε,
3164 4862 3499 4941 Παθήματα,
3544 4862 3706 4932 ἀλλὰ,

2106 4977 2133 5012 α
2185 4956 2297 5015 Τοῦ
2355 4955 2617 5032 Χριστοῦ,
2671 4951 2762 5011 ἵνα
2811 4952 2903 5011 καὶ
2954 4952 3173 5012 αὐτόθεν
3223 4952 3705 5035 παραμυθήσηται.

2101 5047 2217 5105 Τοῦ
2265 5045 2503 5122 Χριστοῦ
2561 5070 2585 5095 υ
2614 5041 2719 5122 γάρ
2755 5044 2870 5101 ἐστι
2921 5042 3222 5119 παθήματα
3252 5048 3422 5102 ταῦτα
3474 5043 3508 5101 ἃ
3550 5044 3708 5120 ἡμεῖς

2102 5132 2409 5214 πάσχομεν,
2468 5132 2559 5192 καὶ
2605 5131 2845 5192 κοινωνοὶ
2895 5132 3040 5213 αὐτῷ
3074 5131 3330 5211 γινόμεθα
3377 5135 3480 5191 τῶν
3529 5137 3706 5204 παθη-

2105 5222 2312 5301 μάτων
2363 5220 2501 5281 ὥστε
2567 5221 2792 5301 μεγίστη
2853 5242 2937 5281 σοι
3000 5221 3140 5281 ἔστω
3198 5220 3535 5302 παράκλησις
3612 5221 3705 5281 καὶ

2107 5311 2236 5372 αὐτὸ
2280 5315 2457 5386 τοῦτο,
2504 5311 2584 5370 ὅτι
2621 5311 2718 5379 τὰς
2764 5316 2859 5371 τοῦ
2889 5313 3126 5391 Χριστοῦ
3164 5311 3365 5394 θλίψεις
3394 5310 3706 5394 ὑφίστασαιθ

2109 5403 2313 5479 μᾶλλον
2366 5399 2441 5475 δὲ,
2486 5402 2585 5461 οὐκ
2631 5399 2835 5469 ἐκείνας
2890 5398 3073 5478 μόνας,
3122 5400 3261 5461 ἀλλὰ
3314 5400 3408 5461 καὶ
3466 5399 3700 5469 πλείους.

2118 5519 2144 5546 α
2185 5491 2501 5571 Περισσεύει
2533 5512 2564 5550 n
2600 5491 2726 5573 γὰρ,
2759 5490 2912 5571 φησὶ,
2956 5514 2986 5551 ε
3018 5489 3085 5550 τὰ
3121 5494 3214 5551 τοῦ
3255 5493 3489 5573 Χριστοῦ
3535 5490 3707 5561 παθή-

2112 5604 2257 5661 ματα
2313 5583 2384 5649 εἷς
2427 5586 2587 5661 ἡμεῖς⁸
2632 5607 2659 5632 ι
2696 5579 2963 5656 τουτέστι,
3017 5581 3249 5642 Πλείονα
3295 5579 3370 5640 ὧν
3426 5580 3622 5639 ἔπαθεν
3679 5583 3707 5637 6

2108 5671 2367 5753 Χριστὸς,
2399 5672 2701 5751 πάσχομεν.
2722 5671 3048 5750 Αῐσθόμενος
3091 5670 3146 5731 δὲ
3177 5670 3365 5744 ἡλίκον
3392 5669 3707 5753 ἐφθέγξατο,

486 5843 505 5868 ο
526 5832 671 5889 Psal.
704 5848 861 5900 xvn,
894 5838 941 5890 l.
1017 5823 1044 5866 δ
1068 5836 1211 5892 Psal.
1249 5852 1425 5906 xxvr,
1447 5843 1496 5893 2.
1573 5845 1593 5874 ε
1615 5840 1754 5898 Psal.
1785 5858 1970 5916 xxvi,
2002 5849 2059 5908 ιι
2094 5850 2102 5861 ’
