4110 6462
470 328 570 383 801

1406 330 1758 390 EXPOSITIO
1797 333 1864 390 IN
1903 334 2114 393 EPIST.
2157 339 2200 394 ll
2237 340 2330 395 AD
2369 338 2526 399 COR.
2567 372 2640 384 —
2676 344 2826 401 CAP.
2871 346 2910 401 1.

3671 355 3779 411 802

470 449 566 511 καὶ
610 451 704 540 ,ὅτι
757 449 923 530 μέγα,
981 451 1147 513 πάλιν
1216 454 1496 516 συστέλλει
1561 457 1613 498 ⁴⁸
1684 459 1837 537 αὐτὸ,
1896 461 2065 540 λέγων

2174 463 2446 538 inquiens,
2472 490 2495 517 ι
2515 483 2611 540 per
2631 469 2914 527 Christum
2929 469 3170 528 abundat
3187 473 3492 531 consolatio
3504 483 3718 533 nostra.
3750 502 3775 527 ι

477 566 503 593 ιι
536 539 697 601 Οὕτω
764 540 851 600 διὰ
888 545 983 602 τοῦ
1031 544 1270 625 Χριστοῦ
1313 545 1618 627 περισσεύει
1671 549 1764 607 καὶ
1811 554 1846 622 ἠ
1888 552 2065 632 παρά-

467 631 657 703 κλησις
702 633 879 707 ἡμῶν.
929 656 963 691 ι
1002 633 1082 693 Τὸ
1117 642 1226 693 πᾶν
1270 633 1373 716 γὰρ
1414 636 1555 717 αὐτῷ
1603 638 1899 712 ἀνατίθησι.
1954 631 2067 702 Καὶ

466 720 529 779 οὗ
558 721 718 800 λέγει,
752 719 832 779 ὅτι
882 720 1162 804 ἷσόμετρος
1201 730 1319 791 ταῖς
1351 724 1589 807 θλίψεσιν
1627 730 1662 798 ἠ
1705 727 2066 808 παράκλησις,

466 810 633 883 ἀλλὰ,
665 836 693 863 α
743 811 1095 891 Περισσεύει,
1128 839 1154 867 ι
1199 812 1291 873 καὶ
1317 816 1505 897 πολλῷ
1546 816 1740 895 μείζων
1787 817 1923 892 αὕτη
1954 819 2066 880 ἐστὶ

464 899 572 957 τῶν
604 900 855 980 θλίψεων.

557 1015 584 1042 α
624 989 755 1050 Εἴτε
801 990 1090 1079 θλιϐόμεθα
1138 993 1274 1075 ὑπὲρ
1322 997 1419 1067 τῆς
1468 997 1619 1073 ὑμῶν
1676 998 2068 1079 παρακλήσεως

465 1076 560 1138 καὶ
608 1078 894 1161 σωτηρίας.
955 1102 987 1139 ι)
1062 1082 1166 1142 Διὰ
1218 1088 1402 1157 τοῦτο,
1453 1090 1635 1166 φησὶν,
1686 1076 1771 1146 οὗ*
1801 1091 1878 1148 δεῖ
1929 1091 2068 1167 ὑμᾶς

466 1167 805 1249 θορυϐεῖσθαι
853 1170 942 1230 ἐπὶ
985 1180 1105 1241 ταῖς
1152 1173 1361 1255 θλίψεσί
1404 1197 1532 1252 μου,
1594 1175 1726 1235 διότι
1786 1177 1921 1257 θπὲρ
1974 1182 2069 1250 τῆς

464 1259 619 1334 ὑμῶν
659 1258 927 1340 σωτηρίας
974 1260 1068 1321 καὶ
1117 1261 1511 1345 παρακλήσεως
1555 1264 1871 1343 θλιϐόμεθα.
1905 1265 2066 1339 Ἐξῆν

463 1347 568 1428 γὰρ
599 1350 729 1424 ἡμῖν
778 1349 832 1408 ἕν
886 1350 1154 1434 ἀσφαλείᾳ
1205 1352 1405 1432 διοίγειν
1464 1353 1539 1431 μὴ
1591 1354 1931 1436 κηρύσσουσι·
1978 1365 2067 1418 νῦν

466 1436 523 1495 δὲ
579 1437 950 1518 κηρύσσοντες,
1000 1440 1089 1501 ἵνα
1159 1441 1372 1511 πάντως
1423 1447 1562 1521 ὑμᾶς
1620 1444 1906 1524 σώσωμεν,
1976 1446 2068 1505 καὶ

462 1528 926 1609 παρακαλέσωμεν
975 1529 1068 1598 τὰς
1108 1530 1284 1612 ψυχὰς
1321 1534 1471 1611 ὐμῶν
1517 1534 1604 1594 διὰ
1634 1540 1728 1595 τοῦ
1780 1536 2070 1616 κηρύγμα-

464 1639 575 1697 τος,
627 1617 719 1677 καὶ
765 1621 874 1678 τῶν
916 1620 1153 1680 ἐντεῦθεν
1198 1621 1493 1700 γινομένων
1557 1627 1809 1703 ἀγαθῶν,
1861 1626 2070 1706 θλίψεσι

466 1706 886 1787 περιπίπτομεν.
921 1712 1131 1771 Οὐκοῦν
1172 1709 1268 1778 τὰς
1318 1711 1518 1794 θλίψεις
1557 1712 1890 1793 ὓπομένομεν
1934 1714 2079 1795 ὑπὲρ.

465 1800 562 1869 τῆς
613 1799 761 1875 ὑμῶν
810 1798 1096 1880 σωτηρίαςο
1154 1801 1247 1860 καὶ
1306 1801 1492 1862 λοιπὸν
1545 1804 1604 1862 οὖ
1655 1805 1737 1862 δεῖ
1782 1808 1921 1883 ὑμᾶς
1964 1828 2069 1864 τα-

469 1886 777 1966 ράττεσθαι.

556 1998 587 2035 ιι
633 1979 749 2050 Τῆς
787 1978 1165 2062 ἐνεργουμένης
1212 1981 1267 2039 ἐν
1310 1981 1553 2062 ὑπομονῇ
1606 1985 1712 2043 τῶν
1748 1984 1926 2043 αὐτῶν
1964 2007 2069 2045 πα·

465 2066 738 2144 θημάτων,
793 2056 887 2126 5;
917 2056 1025 2128 *καὶ
1081 2069 1239 2147 ἡμεῖς
1284 2056 1592 2152 πάσχομεν.
1648 2092 1680 2131 ι)
1713 2071 2067 2154 Ἐνεργεῖται,

465 2154 652 2235 φησὶν,
702 2159 737 2227 ἠ
766 2156 1012 2237 σωτηρία
1043 2156 1202 2233 αὕτη,
1234 2160 1297 2218 οὗ
1341 2159 1500 2237 μόνον
1536 2160 1625 2220 διὰ
1669 2165 1764 2234 τῆς
1805 2162 2071 2245 ἡμετέρας

465 2247 763 2323 ὑπομονῆς,
808 2245 950 2306 ἀλλὰ
1002 2247 1097 2307 καὶ
1152 2248 1241 2308 διὰ
1290 2252 1388 2322 τῆς
1438 2249 1719 2331 ὑμετέραςο
1772 2251 2067 2327 τουτέστιν,

468 2335 590 2396 Οὖκ
642 2337 772 2411 ἐμοῦ
824 2335 986 2414 μόνου
1035 2335 1189 2417 ἔργον
1237 2341 1273 2410 ἡ
1325 2340 1560 2420 ὓμετέρα
1613 2340 1877 2421 σωτηρία,
1932 2341 2069 2401 ἀλλὰ

461 2425 555 2483 καὶ
598 2426 743 2503 ὑμῶν
796 2427 991 2485 αὐτῶν.
1043 2422 1261 2509 Ὥσπερ
1302 2428 1407 2508 γὰρ
1458 2428 1566 2508 ἐγὼ
1630 2430 1911 2510 κηρύττων
1958 2430 2071 2489 θλί-

466 2512 662 2593 ϐομαι,
709 2513 851 2575 οὕτω
899 2516 993 2575 καὶ
1042 2519 1195 2593 ὓμεῖς
1244 2516 1521 2599 δεχόμενοι
1560 2518 1621 2578 τὸ
1671 2518 1949 2598 κήρυγμα,
2000 2520 2070 2579 τὰ

459 2603 597 2663 αὐτὰ
638 2603 937 2681 παθήματα
985 2606 1278 2684 ὓπομένετε
1329 2606 1366 2666 ἃ
1395 2607 1488 2668 καὶ
1548 2607 1676 2688 ἐγώ.
1743 2608 1966 2681 Πολλὴν
2013 2608 2069 2668 δὲ

464 2693 660 2774 ἀρετὴν
708 2695 886 2762 αὐτοῖς
933 2700 1360 2778 προσμαρτυρεῖ,
1415 2695 1496 2756 ὅτι
1547 2696 1688 2775 μετὰ
1753 2702 2068 2780 πειρασμῶν

466 2781 713 2863 ἐδέχοντο
739 2781 802 2843 τὸ
829 2782 1106 2865 κήρυγμα.

554 2894 585 2932 α
615 2871 727 2934 Καὶ
758 2876 793 2945 ἡ
826 2872 978 2942 ἐλπὶς
1007 2877 1160 2951 ἡμῶν
1196 2874 1390 2955 βεϐαία
1443 2875 1579 2958 ὓπὲρ
1610 2880 1782 2954 ὑμῶν.
1814 2899 1847 2936 ι)
1891 2880 2069 2940 Τουτ-

462 2961 610 3035 έστι,
645 2963 967 3044 Θαῤῥοῦμεν
997 2965 1079 3045 ἐφ’
1111 2967 1235 3042 ὑμῖν
1292 2964 1552 3046 βεϐαίως,
1586 2966 1665 3026 ὅτι
1699 2970 1758 3026 οὖ
1804 2990 2067 3049 περιτρα-

463 3052 700 3126 πήσεσθε
722 3053 861 3138 μῦπὸ
913 3056 1020 3113 τῶν
1072 3056 1517 3136 προσπιπτόντων
1571 3058 1697 3137 ὓμῖν
1730 3060 2065 3138 πειρασμῶν*

2173 554 2277 627 Ipsi
2306 556 2456 613 enim
2484 565 2670 615 totum
2715 558 2901 617 refert.
2946 561 3063 617 Nec
3100 558 3239 618 dicit
3261 563 3413 635 quod
3460 566 3777 624 consolatio

2172 643 2501 704 afﬂictiones
2558 649 2876 721 zequiparet,
2940 665 3155 721 verum,
3196 652 3460 711 exuberat
3508 662 3564 713 et
3611 655 3776 730 longe

2173 734 2357 808 major
2386 744 2470 793 est
2501 737 2632 809 ipsis
2660 737 3074 798 afﬂictionibus.

2246 992 2412 1048 Vnus.
2478 996 2540 1048 6.
2600 994 2726 1051 Sive
2780 1002 2970 1052 autem
3023 996 3376 1066 tribulamur,
3433 1015 3534 1071 pro
3599 1011 3778 1061 vestra

2174 1080 2551 1139 consolatione
2605 1098 2670 1139 ac
2724 1084 2920 1141 salute.
2972 1108 2997 1135 ι
3045 1088 3360 1159 Propterea,
3423 1088 3621 1162 inquit,
3664 1107 3778 1148 non

2175 1178 2392 1242 oportet
2432 1186 2531 1228 vos
2574 1172 2786 1230 turbari
2829 1174 2903 1231 ob
2950 1191 3134 1232 meam
3180 1176 3536 1236 afﬂictionem
3591 1198 3605 1235 :
3644 1195 3778 1237 nam

2176 1274 2276 1331 pro
2302 1268 2485 1318 vestra
2514 1263 2889 1322 consolatione
2919 1274 2976 1321 et
2998 1266 3176 1323 salute
3203 1266 3523 1339 afﬂigimur.
3556 1270 3781 1326 Potuisr

2175 1363 2362 1407 scmus
2387 1351 2540 1409 enim
2586 1368 2689 1410 nos
2740 1354 2803 1410 in
2828 1362 2951 1412 tuto
2998 1370 3181 1428 agere,
3228 1357 3273 1413 si
3312 1372 3429 1414 non
3448 1358 3778 1430 praedicare-

2175 1454 2301 1497 mus
2329 1459 2343 1497 :
2372 1457 2520 1498 nunc
2544 1450 2732 1499 autem
2760 1460 2888 1501 cum
2915 1445 3300 1518 praedicamus,
3326 1455 3391 1504 ut
3418 1449 3649 1505 omnino
3681 1463 3779 1505 vos

2175 1530 2357 1587 salvos
2433 1532 2711 1602 faciamus,
2773 1536 3230 1609 consolemurque
3290 1537 3508 1593 animas
3572 1547 3778 1595 vestras

2178 1634 2277 1691 per
2305 1620 2782 1694 pmdicationem,
2813 1631 2869 1679 et
2907 1640 3005 1697 per
3037 1625 3165 1682 inde
3203 1627 3480 1683 nascentia
3525 1627 3694 1694 bona,
3722 1628 3781 1683 in

2177 1708 2559 1767 tribulationes
2600 1712 2914 1770 incidimus.
2954 1717 3148 1786 Itaque
3183 1714 3510 1773 afﬂictiones
3537 1718 3789 1776 sustine-

2176 1814 2304 1855 mus
2349 1815 2448 1872 pro
2493 1809 2681 1858 vestra
2738 1801 2933 1860 salute.
2977 1802 3221 1861 Proinde
3260 1819 3376 1861 non
3409 1814 3493 1863 est
3532 1806 3683 1878 quod
3722 1808 3779 1863 in

2176 1895 2460 1960 posterum
2494 1890 2809 1948 turbemini.

2253 1998 2284 2033 ιι
2312 1980 2450 2049 Quas
2476 1977 2719 2038 efﬁcitur
2739 1980 2798 2037 in
2826 1982 3083 2053 patientia
3108 1982 3429 2041 earumdem
3457 1985 3777 2058 passionum

2178 2083 2316 2140 quas
2341 2077 2397 2125 et
2440 2085 2546 2126 nos
2576 2070 2834 2142 patimur.
2869 2094 2895 2122 ο
2924 2071 3201 2141 Efﬁcitur,
3243 2072 3445 2145 inquit,
3499 2074 3646 2133 salus
3673 2076 3778 2134 ista

2179 2172 2293 2214 non
2328 2166 2550 2216 tantum
2570 2175 2667 2231 per
2700 2168 2953 2218 nostram
2974 2161 3311 2233 patientiam,
3342 2161 3441 2220 sed
3480 2164 3650 2222 etiam
3680 2181 3780 2237 per

2179 2256 2415 2306 vestram
2456 2269 2470 2305 :
2507 2248 2615 2306 hoc
2653 2258 2760 2320 est,
2803 2266 2918 2308 non
2956 2244 3069 2308 mei
3109 2251 3281 2309 solius
3319 2267 3459 2325 opus
3508 2260 3592 2311 est
3627 2254 3777 2312 salus

2178 2346 2376 2407 vestra,
2405 2337 2501 2395 sed
2532 2347 2589 2395 et
2624 2340 2794 2397 vestri
2831 2341 3103 2413 ipsorum.
3152 2342 3222 2397 Ut
3256 2341 3403 2399 enim
3432 2357 3536 2415 ego
3576 2343 3777 2415 praedi-

2178 2441 2311 2484 cans
2362 2428 2596 2485 verbum
2651 2429 2892 2502 afﬂigar,
2947 2431 3027 2487 sic
3076 2438 3133 2487 et
3180 2446 3278 2488 vos
3331 2432 3776 2503 praedicationem

2175 2517 2557 2589 suscipientes,
2605 2517 2827 2575 easdem
2869 2519 3251 2577 tribulationes
3297 2521 3585 2577 sustinetis
3637 2538 3777 2595 quas

2176 2614 2231 2662 et
2255 2622 2375 2679 ego.
2420 2607 2588 2665 Haud
2628 2608 2844 2682 exigua:
2885 2619 3070 2666 autem
3102 2610 3354 2682 ipsorum
3397 2610 3589 2667 virtuti
3628 2612 3777 2669 testi-

2177 2695 2431 2753 monium
2454 2695 2614 2770 dicit,
2640 2696 2792 2771 quod
2814 2714 2946 2756 cum
2987 2699 3388 2756 tentationibus
3429 2698 3777 2772 praedicatio-

2176 2799 2309 2843 nem
2326 2786 2673 2859 reciperent.

2251 2892 2282 2929 ‹‹
2318 2878 2391 2933 Et
2416 2892 2541 2949 spes
2566 2885 2756 2934 nostra
2785 2876 2947 2934 ﬁrma
2984 2887 3073 2935 est
3105 2894 3209 2951 pro
3250 2879 3423 2939 vobis.
3457 2903 3485 2931 ιο
3517 2882 3643 2937 Hoc
3670 2890 3776 2951 est,

2179 2964 2408 3022 ﬁrmiter
2449 2966 2520 3023 de
2548 2967 2707 3024 vobis
2753 2967 3109 3038 conﬁdimus,
3150 2969 3304 3043 quod
3344 2969 3417 3026 ob
3444 2968 3779 3028 afflictiones

2176 3053 2469 3114 adversum
2538 3072 2639 3114 vos
2701 3057 3044 3132 ingruentes,
3102 3075 3219 3116 non
3265 3059 3706 3117 immutabimini
3759 3079 3774 3117 :

460 3145 647 3225 πολλῷ
694 3133 784 3202 οὖν
829 3145 1034 3221 μᾶλλον
1084 3133 1145 3204 οὗ
1193 3133 1617 3227 ταραχθήσεσθε
1643 3148 1729 3229 ἐφ’
1777 3133 1854 3214 οἷς
1905 3133 2063 3228 ὁρᾶτε

2172 3144 2348 3201 multo
2384 3146 2548 3220 igitur
2588 3147 2773 3204 minus
2801 3148 3103 3205 turbamini
3141 3148 3215 3207 ob
3252 3165 3316 3207 ea
3361 3164 3486 3223 quae
3511 3164 3614 3207 nos
3656 3150 3779 3222 pati

460 3234 606 3308 ἡμᾶς
640 3231 973 3313 πάσχοντας.

546 3343 580 3377 α
627 3321 761 3383 Εἴτε
797 3322 1255 3403 παρακαλούμεθα
1303 3323 1439 3407 ὑπὲρ
1467 3328 1561 3397 τῆς
1592 3327 1739 3403 ὑμῶν
1771 3326 2059 3407 παρακλή-

461 3432 596 3477 σεως
639 3411 732 3471 καὶ
763 3411 1050 3492 σωτηρίας.
1084 3435 1113 3471 ››
1154 3412 1341 3475 Εἰπὼν
1374 3415 1660 3497 ἀνωτέρω,
1692 3414 1775 3474 ὅτι
1811 3414 1898 3476 Δι’
1927 3418 2065 3493 ὑμᾶς

460 3498 753 3578 θλιϐόμεθα
780 3499 856 3575 ⁸9,
891 3498 979 3561 ἵνα
1011 3502 1086 3581 μὴ
1118 3502 1241 3582 δόξῃ
1275 3503 1412 3583 βαρύ
1452 3528 1505 3562 τι
1552 3505 1742 3578 εἰπεῖν,
1772 3505 1917 3584 λέγει
1946 3510 2059 3581 νῦν,

462 3588 543 3649 ὅτι
592 3590 705 3652 Καὶ
768 3592 835 3651 δι’
888 3594 1027 3670 ὑμᾶς
1097 3593 1578 3675 παρακαλούμεταο
1629 3593 1932 3668 τουτέστιν,
1989 3594 2065 3656 Η⁶

459 3678 699 3761 ἡμετέρα
775 3679 1113 3762 παράκλησις
1167 3681 1402 3764 ῧμετέρα
1471 3681 1772 3764 παραψυχὴ
1836 3682 2060 3762 γίνεται.

461 3766 593 3829 Ἐὰν
638 3768 745 3850 γὰρ
794 3768 985 3851 μικρὸν
1036 3769 1452 3850 ἀναπνεύσωμεν
1504 3772 1679 3851 ἡμεῖς,
1725 3774 1881 3854 ἀρκεῖ
1908 3777 2066 3832 τοῦτο

462 3859 538 3925 εἰς
585 3859 933 3940 παραμυθίαν
1003 3859 1150 3939 ὑμῖν.
1216 3863 1535 3923 Κοινωνεῖτε
1603 3861 1708 3941 γὰρ
1779 3865 1902 3940 ὑμῖν
1970 3867 2066 3935 τῆς

462 3948 674 4021 ἡδονῆς.

547 4060 577 4097 α
618 4037 834 4106 Εἰδότες
880 4036 962 4099 ὅτι
1008 4040 1194 4123 ὥσπερ
1229 4041 1473 4102 κοινωνοί
1524 4044 1644 4102 ἐστε
1672 4043 1777 4102 τῶν
1809 4040 2065 4119 μαθημά-

461 4150 604 4207 των,
640 4126 776 4186 οὸτω
811 4126 904 4188 καὶ
948 4131 1044 4201 τῆς
1089 4128 1480 4210 παρακλήσεως
1526 4134 1700 4208 ἡμῶν.
1754 4157 1779 4185 ι
1818 4128 2065 4213 Ὥσπερ,

461 4216 619 4298 φησὶ,
654 4216 993 4298 διωκομένων
1036 4223 1193 4295 ἡμῶν
1246 4221 1489 4297 ἀλγεῖτε,
1539 4223 1611 4288 ὡς
1642 4220 1792 4282 αὐτοὶ
1821 4226 2067 4302 πάσχον-

460 4328 548 4374 τες
597 4311 771 4367 ’τοῦτο⁹
814 4306 982 4376 οὕτως
1031 4307 1220 4387 ἴσμεν,
1266 4311 1349 4368 ὅτι
1399 4310 1491 4369 καὶ
1543 4311 2066 4391 παρακαλουμένων,

464 4395 614 4457 αὖτοὶ
639 4402 737 4470 τῆς
776 4398 1169 4479 παρακλήσεως
1197 4397 1485 4459 ἀπολαύειν
1516 4400 1776 4479 νομίζετε.

547 4690 577 4730 α
604 4670 689 4732 Οὔ
731 4668 838 4751 γὰρ
891 4670 1110 4749 θέλομεν
1150 4673 1290 4749 ὖμᾶς
1341 4675 1584 4751 ἀγνοεῖν,
1635 4672 1872 4753 ἀδελφοὶ,
1932 4672 2065 4752 ὓπὲρ

457 4758 553 4830 τῆς
588 4758 815 4839 θλίψεως
863 4764 958 4834 τῆς
1004 4760 1290 4839 γενομένης
1339 4766 1472 4840 ἡμῖν
1524 4763 1578 4821 ἐν
1757 4760 1940 4844 Ἀσίᾳ,
1982 4762 2063 4820 ὅτι

459 4851 580 4907 καθ’
633 4847 942 4929 ὕπερϐοὴὴν
996 4848 1362 4930 ἐϐαρύνθημεν
1411 4846 1547 4931 ὑπὲρ
1601 4848 1858 4927 δύναμιν,
1923 4848 2063 4909 ὥστε

459 4936 853 5021 ἐξαπορηθῆναι
911 4943 1057 5016 ἡμᾶς
1099 4939 1191 4998 καὶ
1220 4944 1311 5000 τοῦ
1345 4943 1463 5022 ζῇν.
1498 4967 1523 4993 ι·
1576 4938 1807 5013 Ἐπειδὴ
1860 4940 2053 5020 ἀπροσ-

459 5026 730 5107 διορίστως
780 5027 1007 5110 θλίψεως
1057 5028 1350 5110 ἐμέμνητο,
1409 5034 1498 5089 νῦν
1548 5028 1693 5110 λέγει
1751 5029 1829 5109 ²⁰,
1879 5029 2052 5098 ποίας.

458 5115 564 5176 Διὰ
608 5116 795 5177 τούτου
844 5116 901 5176 δὲ
946 5119 1039 5178 καὶ
1069 5118 1171 5191 τὴν
1198 5119 1331 5201 πρὸς
1361 5118 1551 5186 αὐτοὺς
1594 5121 1811 5199 ἀγάπην
1852 5118 2061 5178 δείκνυ-

458 5227 565 5268 σιν.
598 5204 834 5286 Ἄγάπης
861 5205 967 5290 γὰρ
1006 5207 1068 5267 τὸ
1115 5210 1183 5267 τὰ
1213 5208 1588 5285 συμπίπτοντα
1636 5209 1883 5280 ἀλλήλοις
1922 5212 2057 5269 ἀπο-

459 5301 710 5376 γυμνοῦν
753 5296 846 5358 καὶ
895 5298 1011 5377 ἅμα
1064 5298 1157 5357 καὶ
1200 5298 1491 5378 ἀπολογίαν
1536 5299 1743 5381 ὑφαίνει
1791 5298 1923 5379 ὑπὲρ
1966 5303 2061 5372 τῆς

462 5384 811 5466 βραδύτητος.
864 5386 960 5449 Ἐν
1116 5387 1265 5471 Ἀσίᾳ
1317 5388 1375 5448 δέ
1418 5412 1576 5470 φησιν
1632 5389 1776 5469 αὖτῷ
1818 5386 2059 5470 γενέσθαι

2174 4403 2427 4460 teremini
2473 4423 2487 4459 :

2092 4441 2141 4504 Π
2176 4441 2427 4460 meum...
2474 4446 2487 4459 .
2550 4441 2630 4460 ...ν
2678 4441 2909 4472 mnum,
2957 4441 3112 4477 ιιμυ..
3160 4441 3291 4460 ...ιιι
3338 4441 3778 4462 υνυσυιαιινμυ...

2122 4500 2123 4503 ‘
2176 4494 2534 4566 accipiamus,
2579 4509 2676 4551 vos
2728 4509 2854 4550 eam
2896 4493 3333 4551 consolationem
3378 4500 3618 4552 vestram
3658 4510 3779 4552 esse

2169 3234 2415 3296 cernitis.

2252 3347 2279 3375 σι
2333 3326 2462 3382 Sive
2526 3326 2967 3385 consolationem
3030 3327 3333 3401 accipimus
3419 3344 3522 3403 pro
3592 3337 3775 3386 vestra

2171 3414 2551 3472 consolatione
2591 3424 2647 3472 et
2680 3418 2880 3474 salute.
2928 3439 2956 3467 π
3003 3417 3147 3489 Quia
3169 3417 3384 3475 dixerat
3419 3434 3606 3492 supra,
3636 3422 3778 3476 Pro-

2174 3512 2297 3576 pter
2354 3520 2452 3561 vos
2507 3504 2836 3579 affligimur,
2894 3521 2966 3563 ne
3006 3507 3263 3564 videatur
3307 3524 3471 3581 grave
3516 3508 3777 3581 quiddam

2175 3594 2381 3664 dicere,
2412 3594 2493 3651 ait
2512 3594 2658 3667 jam,
2688 3597 2763 3651 Et
2788 3603 3014 3668 propter
3044 3611 3144 3652 vos
3171 3597 3604 3655 consolationem
3627 3599 3780 3655 acci-

2174 3683 2376 3755 pimus,
2420 3683 2477 3741 id
2523 3693 2630 3754 est,
2673 3692 2865 3742 nostra
2906 3685 3211 3742 consolatio
3239 3695 3420 3743 vestra
3447 3695 3535 3744 est
3559 3686 3778 3745 refocil-

2173 3773 2326 3830 latio.
2357 3774 2417 3831 Si
2444 3774 2596 3831 enim
2638 3789 2837 3846 parum
2862 3789 2967 3830 nos
3005 3775 3478 3847 respiraverimus,
3508 3777 3645 3834 satis
3669 3776 3778 3834 hoc

2172 3870 2258 3920 est
2318 3863 2390 3920 ad
2423 3864 2868 3920 consolationem
2894 3862 3068 3920 vobis.
3106 3864 3460 3937 Voluptatem
3484 3865 3633 3922 enim
3674 3882 3775 3924 no-

2172 3951 2388 4010 hiscum
2412 3952 2776 4026 participatis.

2242 4044 2423 4100 Vsus.
2468 4049 2524 4100 7.
2574 4066 2601 4093 ι
2653 4043 2901 4100 Scientes
2935 4044 3089 4117 quod
3127 4042 3601 4116 quemadmodum
3639 4046 3775 4102 estis

2173 4133 2464 4205 participes
2492 4132 2879 4202 afﬂictionum,
2900 4132 2978 4190 sic
3001 4141 3055 4190 et
3079 4133 3468 4191 comolationis
3488 4142 3716 4192 nostrae.
3745 4158 3772 4184 ι

2172 4221 2687 4293 Quemadmodum,
2747 4222 2950 4295 inquit,
2996 4223 3132 4280 dum
3172 4239 3276 4280 nos
3332 4224 3777 4296 persecutionem

2174 4312 2437 4384 patimur,
2486 4328 2585 4371 vos
2629 4312 2846 4382 doletis,
2888 4320 3153 4387 tanquam
3197 4313 3345 4371 istud
3383 4330 3483 4371 vos
3524 4314 3627 4387 ipsi
3675 4331 3779 4387 pa-

2550 4403 2630 4460 sic
2677 4403 2909 4472 scimus,
2957 4404 3112 4477 quod
3160 4420 3291 4460 cum
3337 4404 3778 4462 consolationem

2172 4583 2393 4642 ducitis.

2247 4672 2418 4746 244
2443 4675 2620 4731 Vnn.
2644 4679 2695 4730 8.
2723 4695 2751 4724 ι
2778 4675 2903 4731 Non
2929 4672 3079 4729 enim
3097 4672 3353 4729 volumus
3371 4688 3469 4729 vos
3501 4672 3773 4745 ignorare,

2177 4762 2397 4834 fratres,
2426 4761 2498 4819 de
2532 4762 2893 4819 tribulatione
2919 4777 3043 4836 quae
3057 4762 3217 4819 nobis
3238 4762 3380 4819 facta
3408 4770 3492 4818 est
3524 4763 3581 4818 in
3606 4762 3772 4820 Asia:

2174 4854 2439 4926 quoniam
2488 4869 2653 4925 supra
2714 4852 2949 4910 modum
3013 4852 3220 4926 gravati
3277 4868 3474 4910 sumus
3512 4860 3569 4909 et
3608 4868 3769 4924 supra

2172 4944 2336 5015 vires,
2388 4944 2467 4999 ita
2510 4951 2572 4999 ut
2611 4957 2716 5000 nos
2761 4943 3187 5015 ;desperavimus
3233 4943 3399 5000 etiam
3444 4942 3511 5000 de
3554 4943 3687 4998 vita.
3746 4964 3770 4989 ι

2175 5033 2321 5103 Quia
2368 5031 2655 5089 indefinite
2711 5031 3027 5090 afflictionis
3083 5033 3432 5101 meminerat,
3492 5030 3774 5103 speciatim

2165 5123 2280 5196 jam
2309 5122 2488 5196 qualis
2522 5121 2695 5179 fuerit
2736 5123 2991 5195 explicat.
3020 5121 3362 5180 Cbaritatem
3387 5128 3574 5177 autem
3614 5136 3775 5176 suam

2169 5230 2269 5287 per
2310 5213 2417 5269 hoc
2457 5212 2685 5269 indicat.
2728 5212 3022 5271 Cbaritatis
3065 5211 3217 5268 enim
3244 5220 3345 5279 est,
3378 5226 3443 5267 ea
3487 5225 3613 5283 qua:
3638 5208 3775 5266 acci-

2169 5302 2374 5374 derint,
2420 5312 2617 5360 mutuo
2664 5301 2989 5375 patefacere.
3033 5300 3210 5358 Simul
3237 5309 3423 5356 autem
3460 5300 3775 5374 apologiam

2169 5395 2310 5451 texit
2349 5409 2449 5466 pro
2496 5392 2756 5450 tarditate
2801 5408 2914 5449 sua.
2974 5392 3059 5464 In
3094 5390 3228 5448 Asia
3276 5397 3465 5447 autem
3511 5388 3774 5463 obtigisse

1762 5575 1783 5608 ι.
1845 5549 2036 5610 Variae
2078 5549 2382 5611 lectiones.

536 5671 586 5711 ¹¹
616 5672 908 5732 ἀναστέλλει
931 5690 988 5734 0.
1064 5674 1106 5710 “
1137 5675 1374 5750 θλίϐομαι
1403 5693 1457 5734 0.
1534 5676 1579 5713 ²⁰
1626 5676 1925 5750 μνημονεύει
1950 5692 2003 5734 0.
