4110 6420
320 320 428 375 803

1269 302 1792 363 THEOPHYLACTI
1831 297 2192 357 BULGARIE
2227 299 2544 359 ARCHIEP.

3538 304 3643 360 804

319 440 428 500 sibi
475 436 831 498 afﬂictionem
874 434 973 505 ait,
1010 432 1082 492 de
1127 447 1239 507 qua
1280 440 1334 489 et
1376 431 1432 489 in
1470 428 1639 504 priori
1683 425 1930 500 Epistola

2039 423 2139 513 τῂν
2187 425 2384 508 θλίψιν,
2433 425 2559 508 περὶ
2603 416 2667 501 ἧς
2699 426 2792 489 καὶ
2842 430 2898 490 ἐν
3064 427 3298 513 προτέρᾳ
3342 427 3643 509 Ἐπιστολῇ

336 538 539 589 ocutus
618 534 701 586 est
769 544 785 583 :
857 526 1033 582 Ianua
1106 522 1239 579 mihi
1295 529 1488 594 aperta
1561 526 1648 577 est
1722 517 1939 597 ingens,

330 617 732 691 adversariitu
759 614 919 673 multi
947 630 984 673 ι.
1022 636 1047 663 ι
1078 611 1315 670 Videtur
1337 618 1529 669 autem
1552 609 1697 665 idem
1726 606 1940 691 dicere,

322 725 452 767 cum
474 708 553 765 ait
584 726 599 762 :
634 730 661 756 α
692 707 871 779 Supra
910 702 1173 761 modum.
1223 724 1251 753 ι
1283 710 1360 769 et,
1410 724 1436 751 ι
1470 714 1637 772 supra
1678 697 1865 753 vires:
1910 717 1935 744 a-

318 798 418 857 sed
442 813 558 857 non
585 796 659 854 ita
698 804 802 853 est.
853 792 1022 865 Quod
1062 802 1252 849 autem
1291 790 1391 857 ait,
1437 798 1523 846 est
1550 784 1870 859 huiusmodi
1921 782 1937 821 ³

320 889 499 962 Supra
544 884 780 944 modum
808 892 927 942 erat
953 882 1202 947 tentatio,
1231 880 1290 937 id
1316 888 1401 937 est
1424 894 1644 952 magna.
1696 870 1936 943 Deinde,

319 976 773 1053 quandoquidem
807 988 1005 1047 magna
1046 972 1222 1045 possit
1248 985 1370 1028 esse
1409 967 1665 1035 tentatio,
1706 973 1764 1023 et
1792 965 1944 1021 inte-

320 1068 428 1125 rim
476 1066 690 1124 fortiter
751 1064 925 1123 etiam
979 1059 1206 1136 bajulari
1266 1076 1300 1117 a
1355 1058 1569 1133 potenti
1641 1057 1934 1131 quapiam;

320 1156 475 1227 dicit,
524 1153 673 1229 quod
715 1169 831 1212 non
864 1152 1047 1210 solum
1095 1165 1293 1223 magna
1343 1157 1485 1219 erat,
1517 1163 1714 1205 verum
1761 1146 1935 1203 etiam

322 1247 467 1304 vires
502 1253 726 1302 nostras
751 1242 1051 1300 excedebat
1091 1259 1105 1297 :
1150 1240 1257 1297 hoc
1302 1246 1407 1312 est,
1456 1248 1511 1295 et
1546 1238 1747 1310 ingens
1790 1243 1932 1305 erat,

323 1341 382 1393 et
443 1336 606 1408 plane
668 1330 1055 1402 intolerabilis,
1123 1346 1189 1388 ac
1246 1336 1426 1398 tanta,
1495 1349 1523 1379 α
1562 1329 1642 1384 ita
1702 1334 1765 1383 ut
1829 1340 1935 1382 nos

317 1422 792 1498 desperaverimus
825 1421 993 1479 etiam
1021 1420 1089 1478 de
1117 1420 1248 1489 vita,
1279 1441 1306 1470 ι
1348 1418 1455 1475 hoc
1487 1425 1569 1475 est
1592 1432 1710 1474 non
1739 1431 1933 1487 exspe-

319 1523 597 1572 ctaremus
635 1527 804 1586 porro
840 1511 1039 1568 vivere.
1087 1509 1280 1567 Talem
1332 1516 1521 1566 autem
1563 1506 1931 1564 tantationem

2048 504 2212 591 εἶπεν,
2270 504 2351 576 ότι
2399 542 2424 570 α
2468 504 2625 599 Θύρα
2688 541 2778 596 μοι
2822 504 3084 599 ἀνέῳκται
3112 504 3371 598 μεγάλη,
3434 517 3533 580 καὶ
3592 504 3643 578 οἱ

2046 604 2402 683 ἀντικείμενοι
2428 606 2640 670 πολλοί.
2682 633 2707 661 ιι
2738 611 2903 669 Δοκεῖ
2921 608 2977 668 δὲ
3004 607 3068 669 τὸ
3089 609 3221 669 αὐτὸ
3246 606 3444 690 λέγειν,
3472 636 3498 662 ι
3521 606 3645 669 καθ’

2049 694 2379 775 ὑπερϐολὴν,
2426 723 2450 750 υ
2490 694 2585 756 καὶ
2615 719 2646 756 σ
2689 699 2821 779 ὑπὲρ
2851 697 3094 776 δύναμινο
3132 720 3164 758 ›)
3202 699 3324 759 ἀλλ’
3356 699 3454 759 οῧκ
3483 697 3644 760 ἔστιν’

2046 781 2076 843 δ
2126 783 2183 843 δὲ
2233 784 2410 866 λέγει,
2453 787 2689 847 τοιοῦτόν
2740 788 2873 847 ἐστι·
2941 791 3078 869 καθ’
3133 787 3434 869 ὑπερϐολὴν
3489 779 3556 861 ἦν
3614 790 3645 847 6

2044 875 2371 958 πειρασμδς,
2423 875 2697 956 τουτέστι,
2741 878 2929 958 μέγας.
2966 867 3128 955 Εἶτα,
3177 867 3359 953 ἐπειδὴ
3388 876 3503 937 ἔστι
3551 877 3647 938 καὶ

2046 954 2214 1041 μέγαν
2274 954 2413 1024 εἶναι
2467 954 2799 1047 πειρασμὸν,
2823 954 2833 958 “
2858 954 3218 1048 βαστάζεσθαι
3274 967 3331 1028 δὲ
3391 966 3644 1048 γενναίως

2044 1053 2147 1113 ὑπό
2197 1077 2336 1123 τινος
2375 1055 2629 1131 δυνατοῦ,
2669 1055 2863 1137 φησὶν,
2909 1056 2992 1116 ὅτι
3019 1060 3102 1119 Οὐ
3136 1056 3293 1137 μόνον
3337 1056 3507 1138 μέγας
3548 1048 3641 1133 ἦν,

2043 1142 2183 1203 ἀλλὰ
2248 1141 2341 1203 καὶ
2410 1142 2544 1227 ὑπὲρ
2605 1144 2704 1219 τὴν
2753 1145 3019 1228 ἡμετέραν
3069 1146 3315 1226 δύναμιν·
3363 1145 3642 1221 τουτέστι,

2041 1232 2135 1291 καὶ
2179 1234 2379 1312 μέγας,
2426 1234 2518 1293 καὶ
2567 1233 2939 1312 ἆϐάστακτος,
2981 1234 3074 1296 καὶ
3119 1242 3403 1311 τοσοῦτος,
3440 1257 3471 1295 ε
3506 1232 3643 1295 ὥστε

2040 1320 2432 1403 ἐξαπορηθῆναι
2483 1328 2624 1402 ἡμᾶς
2671 1325 2766 1385 καὶ
2806 1330 2898 1384 τοῦ
2948 1328 3061 1406 ζῇν·
3109 1353 3137 1380 ι
3177 1329 3446 1401 τουτέστι,
3484 1324 3643 1399 Μηδὲ

2039 1413 2408 1493 προσδοκῆσαι
2440 1417 2584 1490 ἡμᾶς
2613 1413 2692 1474 ἔτι
2728 1417 2845 1497 ζῇν.
2883 1415 2994 1476 Τὸν
3024 1414 3080 1475 δὲ
3126 1421 3359 1477 τοιοῦτον
3394 1419 3424 1476 6
3469 1411 3643 1475 Δαυῖδ

2036 1500 2211 1570 πύλας
2240 1501 2369 1584 ᾅδου
2413 1504 2592 1583 καλεῖ,
2626 1503 2718 1564 καὶ
2746 1505 2939 1575 ὠδῖνας
2983 1506 3057 1575 ὣς
3103 1506 3332 1568 θάνατον
3364 1504 3637 1584 τίκτοντα,

317 1602 501 1663 David
538 1610 725 1677 portas
756 1599 955 1659 inferni
978 1600 1255 1670 nominat,
1276 1615 1340 1656 ac
1372 1599 1593 1656 dolores
1621 1596 1927 1670 parturien-

2038 1590 2130 1651 καὶ
2160 1590 2315 1653 σκιὰν
2345 1593 2593 1657 θανάτου.

319 1694 412 1763 tis,
465 1700 730 1766 tanquam
786 1705 913 1764 qua:
985 1698 1228 1747 mortem
1287 1689 1488 1763 pariat,
1555 1686 1922 1759 umbramque

322 1782 537 1840 mortis.

388 1875 576 1930 Vnus.
607 1875 663 1928 9.
694 1868 801 1929 Sed
832 1868 939 1942 ipsi
966 1868 1023 1925 in
1047 1866 1343 1941 nobisipsis
1358 1882 1695 1942 responsum
1724 1865 1926 1923 mortis

317 1960 628 2019 habuimus.
701 1981 731 2012 ι
793 1958 1071 2017 Iudicium
1092 2000 1109 2027 ,
1162 1956 1533 2031 suffragium,
1597 1955 1922 2013 sententiam

2121 1883 2153 1921 σ
2180 1859 2322 1922 Ἀλλ’
2354 1862 2504 1923 αὐτοὶ
2532 1864 2584 1923 ἐν
2622 1864 2828 1933 ἑαυτοῖς
2869 1862 2931 1924 τὸ
2960 1863 3241 1945 ἀπόκριμα
3271 1869 3363 1926 τοῦ
3408 1864 3639 1929 θανάτου

2035 1950 2366 2031 ἐσχήκαμεν.
2402 1978 2429 2005 ι
2471 1952 2589 2026 Τὴν
2616 1953 2813 2033 κρίσιν,
2847 1952 2944 2027 τὴν
2979 1957 3185 2037 ᾕφον,
3232 1954 3330 2029 τὴν
3367 1954 3638 2038 ἀπόφασιν

319 2067 487 2124 quam
514 2049 723 2109 dabant
738 2065 830 2107 res
856 2057 1074 2107 tantum
1104 2064 1217 2105 non
1246 2063 1438 2105 vocem
1480 2046 1705 2104 edentes
1750 2064 1765 2103 :
1817 2045 1925 2102 hoc

2037 2038 2098 2114 ἣν
2149 2040 2322 2101 ἐδίδου
2374 2040 2446 2101 τὰ
2491 2042 2791 2123 πράγματα
2844 2043 3125 2127 μονονουχὶ
3156 2043 3336 2126 φωνὴν
3388 2045 3634 2128 ἅφιέντα’

318 2150 424 2212 est,
454 2140 829 2215 suspicionem
856 2137 1105 2211 adusque
1129 2145 1378 2194 nostram
1424 2137 1707 2209 perstabat
1728 2134 1926 2192 mortis

316 2230 673 2305 exspectatio,
700 2234 758 2285 et
781 2242 1111 2300 responsum
1148 2227 1299 2300 quod
1329 2242 1522 2283 rerum
1567 2234 1765 2284 natura
1795 2224 1925 2283 ede-

314 2319 443 2393 bat;
472 2335 591 2379 non
617 2326 806 2377 autem
841 2317 1072 2375 ulterius
1113 2316 1579 2390 progrediebatur.

394 2531 421 2558 α
470 2510 552 2565 Ut
590 2522 703 2564 non
748 2506 925 2564 simus
968 2504 1194 2562 ﬁdentes
1246 2503 1300 2560 in
1342 2504 1524 2573 nobis,
1572 2504 1670 2561 sed
1709 2502 1768 2560 in
1804 2503 1923 2561 solo

318 2600 463 2657 Deo.
495 2620 523 2649 ι
567 2598 679 2655 Cur
705 2604 891 2653 autem
936 2595 1046 2651 hoc
1074 2594 1282 2652 factum
1331 2602 1436 2664 est,
1478 2594 1691 2666 inquit?
1734 2595 1813 2652 Ut
1840 2594 1921 2650 di-

314 2703 536 2745 scamus
554 2686 832 2744 conﬁdere
847 2700 961 2742 non
984 2685 1040 2741 in
1066 2685 1225 2741 nobis
1254 2684 1405 2757 ipsis,
1431 2683 1532 2741 sed
1556 2684 1613 2740 in
1630 2684 1751 2741 solo
1781 2687 1919 2741 Deo.

316 2778 439 2833 Hoc
482 2784 672 2833 autem
705 2774 838 2831 dicit
867 2774 1084 2843 Paulus,
1130 2790 1246 2831 non
1288 2782 1550 2846 tanquam
1596 2773 1711 2844 ipse
1776 2773 1924 2830 istud

315 2882 467 2923 nunc
495 2865 706 2922 discere
734 2880 871 2938 opus
905 2864 1122 2933 habeat,
1170 2864 1315 2936 (quis
1352 2863 1505 2919 enim
1544 2878 1612 2920 eo
1642 2863 1845 2919 melius
1873 2872 1927 2920 et

322 2955 537 3029 plenius
563 2962 747 3022 norat,
795 2953 946 3026 quod
982 2954 1042 3009 in
1087 2953 1273 3010 solum
1302 2956 1482 3009 Deum
1512 2968 1616 3009 nos
1652 2952 1928 3009 conﬁdere
1963 2995 2008 3061 Ο

464 3053 503 3061 .,
552 3046 642 3061 ...
1088 3056 1415 3061 _________
1445 3057 1539 3061 ___-
1568 3041 1685 3061 ιη,
1726 3058 1767 3061 __
1796 3057 1836 3061 μ

319 3046 611 3117 oporteat?
628 3047 671 3113 ),
698 3058 891 3100 verum
917 3042 1053 3100 alios
1078 3056 1417 3115 componens
1445 3057 1541 3114 per
1568 3041 1690 3099 haec
1717 3057 1840 3114 quae
1860 3042 1929 3098 de

319 3135 502 3208 seipso
552 3133 816 3208 loquitur,
871 3132 1040 3191 simul
1087 3132 1259 3191 etiam
1310 3139 1372 3189 ut
1420 3132 1617 3189 doceat
1669 3148 1774 3189 nos
1816 3148 1927 3189 non

322 3227 433 3283 alta
459 3225 688 3299 spirare.

389 3317 565 3372 Vnus.
593 3322 650 3384 9,
688 3320 774 3371 10.
808 3337 833 3363 α
875 3312 982 3385 Qui
1022 3311 1256 3369 suscitat
1282 3320 1559 3383 mortuos,
1588 3310 1683 3385 qui
1724 3327 1788 3368 ex
1828 3314 1925 3370 tali

317 3411 581 3478 tantaque
615 3413 793 3462 morte
824 3404 1027 3477 eripuit
1066 3418 1167 3459 nos
1193 3410 1249 3458 et
1289 3403 1474 3475 eripit.
1512 3426 1540 3453 ι
1574 3407 1791 3460 Rursus
1832 3419 1928 3461 eos

318 3493 745 3552 commonefacit
788 3492 1059 3550 sermonis
1109 3492 1175 3549 de
1224 3492 1648 3562 resurrectione,
1694 3492 1764 3550 de
1818 3508 1926 3566 qua

318 3593 404 3642 tot
448 3584 505 3640 in
547 3583 873 3658 praecedenti
939 3582 1182 3655 Epistola
1224 3582 1385 3650 dixit,
1452 3581 1736 3640 stabiliens
1799 3598 1926 3639 eam

318 3674 485 3731 etiam
509 3690 539 3730 a
584 3673 972 3746 praesentibus.
1019 3673 1162 3729 Hinc
1195 3674 1358 3728 etiam
1390 3672 1597 3738 intulit,
1645 3692 1673 3726 «
1707 3672 1815 3746 Qui
1861 3690 1927 3729 ex

319 3763 412 3821 tali
458 3771 641 3821 morte
689 3764 915 3836 eripuit.
970 3786 997 3813 ιι
1030 3766 1152 3820 Non
1199 3763 1348 3819 enim
1378 3762 1534 3831 dixit,
1583 3765 1629 3818 Ε
1660 3763 1925 3835 periculo,

320 3854 438 3923 sed,
471 3856 669 3911 Morte.
716 3853 855 3924 Quia
900 3853 1047 3910 enim
1100 3852 1428 3909 resurrectio
1458 3868 1546 3909 res
1594 3852 1773 3909 futura
1812 3862 1933 3909 erat

318 3952 373 4001 et
419 3942 654 4011 incerta,
684 3942 1125 4015 monstratquod
1166 3943 1223 3998 in
1270 3942 1516 4015 singulos
1557 3942 1679 3999 dies
1703 3941 1763 3998 id
1806 3943 1905 3998 ﬁat

320 4034 462 4091 Cum
490 4033 639 4089 enim
682 4031 967 4088 hominem
1013 4032 1105 4103 qui
1146 4031 1215 4087 ad
1266 4039 1452 4102 portas
1499 4048 1672 4103 usque
1724 4030 1929 4088 inferni

322 4123 657 4195 pervenerit,
705 4120 999 4177 retraxerit
1043 4122 1217 4189 Deus,
1270 4120 1404 4175 nihil
1446 4121 1593 4178 aliud
1630 4137 1801 4194 quam
1845 4138 1931 4178 re-

317 4213 587 4269 surrectio
632 4209 908 4265 indicatur
955 4228 969 4265 :
1000 4208 1144 4266 unde
1184 4217 1239 4265 et
1274 4212 1668 4268 consuevimus
1697 4211 1769 4268 de
1799 4212 1923 4268 tali-

2032 2131 2306 2207 τουτέστι,
2346 2133 2527 2216 Μέχρι
2571 2138 2667 2208 τῆς
2701 2134 2943 2205 ὑπονοίας
2982 2140 3079 2210 τῆς
3128 2135 3396 2218 ἡμετέρας
3437 2138 3569 2213 ἔστη
3606 2142 3639 2213 ἡ

2032 2227 2125 2281 τοῦ
2168 2222 2396 2285 θανάτου
2441 2225 2760 2305 προσδοκία,
2793 2226 2886 2286 καὶ
2922 2230 2957 2299 ἡ
3000 2226 3299 2307 ἀπόκρισις,
3350 2228 3419 2301 ἣν
3463 2232 3499 2301 ἡ
3536 2231 3643 2289 τῶν

2034 2310 2369 2392 πραγμάτων
2449 2312 2603 2396 φύσις
2661 2317 2890 2375 ἐποιεῖτο
2956 2314 3035 2355 ³¹’
3102 2317 3402 2399 περαιτέρω
3461 2316 3519 2377 δὲ
3584 2318 3643 2377 οὖ

2032 2400 2241 2483 προέϐη
2252 2449 2265 2463 .

2122 2513 2152 2551 ε
2184 2488 2309 2552 Ἵνα
2338 2491 2415 2571 μὴ
2465 2492 2777 2562 πεποιθότες
2807 2483 2954 2573 ὦμεν
2999 2495 3082 2577 ἐφ’
3128 2498 3353 2568 ἑαυτοῖς,
3392 2496 3514 2557 ἀλλ’
3553 2497 3643 2558 ἐπὶ

2033 2582 2111 2663 τῷ
2158 2583 2285 2665 Θεῷ
2318 2582 2484 2665 μόνῳ.
2547 2606 2576 2643 ι
2626 2584 2731 2645 Διὰ
2773 2585 2827 2644 τί
2858 2585 2916 2645 δὲ
2966 2589 3122 2647 τοῦτο
3165 2586 3406 2666 ἕγένετο;
3452 2585 3637 2669 φησίν.

2032 2669 2156 2731 Ἵνα
2189 2672 2445 2750 μάθωμεν
2496 2673 2571 2751 μὴ
2606 2676 2817 2756 θαρῤεῖν
2846 2677 2927 2757 ἐφ’
2958 2677 3194 2750 ἑαυτοῖς,
3224 2675 3345 2735 ἀλλ’
3376 2674 3465 2737 ἐπὶ
3496 2675 3642 2759 μόνῳ

2033 2762 2111 2841 τῷ
2141 2763 2290 2843 Θεῷ.
2323 2766 2502 2824 Τοῦτο
2531 2761 2587 2822 δὲ
2617 2764 2761 2842 λέγει
2796 2767 3037 2839 Παῦλος,
3063 2766 3166 2845 οὐχ
3195 2767 3269 2834 ὣς
3299 2765 3457 2835 αὐτὸς
3485 2770 3645 2826 τοῦτο

2037 2850 2278 2927 δεόμενος
2337 2856 2527 2930 μαθεῖν
2587 2857 2677 2911 νῦν
2721 2853 2833 2931 (τίς
2889 2854 2992 2934 γὰρ
3054 2854 3217 2913 πλέον
3270 2856 3434 2914 αὐτοῦ
3487 2861 3642 2917 τοῦτο

2045 2940 2336 3020 ἠπίστατο,
2366 2940 2448 3001 ὅτι
2478 2941 2565 3001 ἐπὶ
2594 2945 2671 3025 τῷ
2704 2944 2833 3026 ξεῷ
2883 2945 2961 3003 δεῖ
3004 2944 3313 3026 θαρῥεῖνς),
3349 2945 3488 3005 ἀλλὰ
3520 2944 3642 3015 τοὺς

2040 3028 2228 3099 ἄλλους
2276 3032 2562 3113 ῥυθμίζων,
2597 3022 2653 3092 ἐν
2699 3022 2777 3101 οἶς
2806 3022 2941 3113 *περὶ
2989 3022 3183 3095 ἑαυτοῦ
3232 3022 3396 3116 λέγει·
3426 3032 3545 3115 ἅμα
3583 3036 3640 3097 δὲ

2036 3118 2129 3179 καὶ
2152 3130 2577 3202 ταπεινοφρονεῖν
2610 3122 2874 3183 διδάσκων
2899 3121 2976 3186 ²².

2120 3332 2151 3369 σ
2182 3312 2279 3392 Τῷ
2329 3309 2588 3392 ἓγείραντι
2633 3311 2755 3380 τοὺς
2786 3311 3019 3394 νεκρούς.
3066 3309 3171 3382 ⁸ος
3218 3312 3281 3373 ἐκ
3329 3311 3640 3386 τηλικούτου

2036 3398 2265 3461 θανάτου
2314 3399 2573 3483 ἐῤῥύσατο
2640 3405 2784 3479 ἡμᾶς
2846 3403 2936 3462 καὶ
2988 3401 3190 3485 ῥύεται.
3250 3425 3281 3464 ι)
3325 3404 3503 3465 Πάλιν
3547 3410 3641 3465 τοῦ

2034 3488 2158 3576 περὶ
2202 3491 2547 3576 ἀναστάσεως
2595 3492 2786 3561 αὐτοὺς
2832 3490 3235 3571 ὓπομιμνήσκει
3279 3493 3463 3572 λόγου,
3507 3492 3643 3576 ὖπὲρ

2038 3570 2095 3638 οὗ
2112 3570 2357 3639 τοσαῦτα
2403 3571 2549 3641 εἶπεν
2581 3584 2634 3641 ἐν
2665 3586 2731 3663 τῇ
2772 3583 3006 3666 προτέρα
3051 3570 3375 3665 Ἐπιστολῇ,
3410 3570 3642 3663 βεϐαιῶν

2037 3668 2201 3741 αὐτὴν
2254 3672 2345 3729 καὶ
2401 3671 2505 3731 ἀπὸ
2563 3674 2669 3732 τῶν
2717 3672 3014 3752 παρόντων.
3068 3672 3164 3733 Διὸ
3210 3672 3301 3732 καὶ
3354 3672 3643 3755 ἐπήγαγενο

2036 3786 2086 3845 «ῃ
2106 3758 2209 3827 ⁸ος
2256 3761 2315 3819 ἐκ
2360 3761 2676 3832 τηλικούτου
2724 3762 2951 3822 θανάτου
3002 3762 3281 3843 ἐῤῥύσατο’
3328 3789 3353 3816 ι
3409 3763 3492 3824 Οὖ
3538 3765 3643 3845 γὰρ

2037 3840 2179 3925 εἷπε,
2218 3850 2509 3925 Κινδύνου,
2551 3851 2712 3925 ἀλλὰ,
2755 3873 2785 3909 σ
2812 3840 3091 3933 Θανάτου.
3120 3873 3148 3910 ι)
3194 3850 3419 3925 Ἐπειδὴ
3462 3840 3564 3933 γὰρ

2039 3939 2328 4005 ἀνάστασις
2373 3939 2564 4017 μέλλον
2603 3940 2655 3978 ²³
2688 3949 2917 4019 πρᾶγμα
2949 3932 3014 4015 ἦν
3044 3942 3136 4001 καὶ
3180 3940 3400 4021 ἄδηλον,
3432 3932 3643 4002 δείκνυ-

2038 4051 2121 4088 σιν
2151 4027 2235 4087 8τι
2282 4026 2399 4086 καθ’
2448 4030 2677 4103 ἑκάστην
2719 4029 2927 4111 ἡμέραν
2977 4034 3133 4091 τοῦτο
3184 4029 3410 4110 γίνεται.
3460 4030 3640 4093 Ὅταν

2039 4117 2141 4197 γὰρ
2200 4117 2478 4198 ἄνθρωπον
2553 4119 2681 4201 πρὸς
2740 4118 2904 4188 αὐτὰς
2958 4119 3052 4189 τὰς
3118 4126 3209 4181 τοῦ
3275 4119 3406 4203 ᾅδου
3472 4122 3645 4190 πύλας

2034 4208 2254 4267 ἐλθόντα
2285 4208 2549 4289 ἀνελκύσῃ
2588 4212 2617 4269 6
2660 4210 2822 4284 Θεὸς,
2869 4208 3017 4270 οὐδὲν
3050 4208 3293 4291 ἓτερονῆ
3346 4210 3639 4272 ἀνάστασιν

322 4301 426 4358 bus
476 4300 686 4369 dicere,
732 4297 884 4371 quod
930 4306 1285 4356 mortuorum
1335 4302 1795 4359 resurrectionem
1847 4302 1924 4358 vi-

2037 4262 2252 4267 "-~-""
2288 4262 2549 4289 """"";I
2593 4262 2613 4269 ν
2669 4262 2822 4284 ν-νντ
2873 4262 3011 4270 ⁷⁷⁷⁷-
3050 4262 3220 4291 "'r"
3264 4262 3293 4284 Ἰ
3348 4262 3634 4272 *“’“·“”’*·’

2037 4296 2408 4357 ἐπιδείκνυται·
2459 4297 2575 4358 ὅθεν
2641 4301 2732 4359 καὶ
2778 4299 3041 4377 εἰώθαμεν
3095 4302 3183 4361 ἐπὶ
3230 4303 3335 4360 τῶν
3388 4301 3640 4362 τοιούτων

320 4390 592 4448 derimus.

399 4504 425 4531 σι
466 4478 818 4553 Speravimus
863 4488 1052 4536 autem
1106 4478 1256 4553 quod
1311 4488 1368 4536 et
1411 4479 1589 4536 adhuc
1630 4480 1840 4553 eripiet.
1894 4504 1921 4531 ι

321 4571 467 4627 Hinc
507 4568 758 4637 dicimus,
806 4568 955 4643 quod
1004 4578 1267 4643 perpetuo
1312 4568 1479 4642 245
1519 4570 1577 4625 in
1625 4572 1924 4627 certamine

322 4661 487 4717 vitam
532 4668 780 4717 nostram
848 4658 1205 4717 constitutam
1254 4674 1372 4716 esse
1430 4668 1705 4731 oporteat.
1762 4661 1924 4731 Quod

320 4750 471 4806 enim
491 4749 592 4820 ait,
629 4767 657 4801 ‹‹
685 4749 911 4821 Eripiet,
947 4771 973 4798 ι
996 4748 1297 4805 multarum
1326 4748 1696 4806 tentationum
1725 4765 1923 4822 agmen

325 4838 681 4912 prmnuntiat.

398 4930 579 4987 Vsus.
614 4933 701 4985 ιι.
730 4948 758 4978 ε
795 4926 1199 4999 Adjuvantibus
1230 4936 1285 4984 et
1311 4927 1465 4985 vobis
1492 4944 1589 5000 per
1620 4928 1920 4985 orationem

323 5035 422 5092 pro
444 5020 623 5076 nobis.
654 5037 683 5072 π
716 5017 857 5088 Quia
893 5017 1051 5087 illud,
1085 5036 1115 5071 (ι
1155 5020 1235 5075 Ut
1269 5034 1381 5074 non
1411 5018 1583 5075 simus
1612 5019 1841 5076 ﬁdentes
1868 5019 1923 5073 in

320 5109 636 5181 nobisipsis,
663 5131 689 5157 ιι
732 5108 1049 5164 communis
1083 5107 1343 5181 quaedam
1390 5108 1665 5165 accusatio
1700 5108 1926 5180 quibus-

321 5200 451 5257 dam
497 5199 808 5269 videbatur,
848 5198 1079 5271 illosque
1124 5199 1486 5267 subnotaret;
1526 5200 1662 5255 lenit
1690 5199 1807 5272 jam
1839 5200 1924 5257 di-

324 5298 499 5359 ctum,
527 5298 584 5347 et
609 5289 887 5347 orationes
925 5304 1121 5348 eorum
1146 5288 1335 5361 magni
1377 5288 1619 5361 praesidii
1653 5289 1777 5347 loco
1817 5290 1928 5351 im-

447 5416 473 5473 I
500 5415 630 5473 Cor.
655 5430 792 5485 va,
829 5421 865 5473 9

2030 4385 2220 4465 λέγειν*
2252 4387 2561 4448 Ἀνάστασιν
2590 4392 2790 4469 νεκρῶν
2820 4390 3135 4469 ἑωράκαμεν
3173 4389 3248 4447 ²⁴.

2119 4499 2149 4536 ε
2182 4476 2530 4555 Ἦλπίκαμεν
2560 4479 2615 4538 δὲ
2651 4477 2733 4538 ὅτι
2762 4478 2855 4537 καὶ
2898 4478 2979 4539 έτι
3009 4479 3248 4562 ῥύσεται..
3288 4503 3316 4541 ι)
3356 4480 3638 4542 Ἐντεῦθεν

2034 4566 2404 4645 μανθάνομεν,
2442 4568 2523 4627 ὅτι
2578 4570 2631 4627 ἐν
2683 4571 2848 4644 ἀγῶνι
2891 4567 2976 4629 ἀεὶ
3012 4559 3133 4651 *χρὴ
3181 4559 3320 4629 εἶναι
3364 4570 3453 4630 τὸν
3490 4571 3640 4649 ἡμέ-

2033 4678 2180 4736 τερον
2208 4656 2340 4737 βίον⁸
2370 4657 2432 4717 τὸ
2459 4656 2587 4739 γὰρ,
2622 4680 2653 4713 α
2676 4655 2955 4733 Ῥύσεται,
2989 4682 3021 4716 ι
3051 4658 3239 4735 εἰπὼν,
3274 4662 3489 4721 πολλῶν
3520 4684 3639 4720 πει-

2033 4749 2251 4826 ρασμῶν
2286 4745 2505 4828 νιφάδας
2536 4748 2931 4830 προαναφωνεῖ.

2114 4951 2138 4976 κ
2171 4923 2681 5004 Συνυπουργούντων
2725 4924 2819 4986 καὶ
2866 4928 3014 5005 ῧμῶν
3054 4925 3186 5008 ὑπὲρ
3234 4928 3500 5010 ἡμῶνῌτῇ
3547 4929 3638 4987 δε-

2030 5012 2173 5085 ήσει.
2209 5040 2233 5068 ιι
2264 5012 2487 5086 Ἐπειδὴ
2533 5014 2616 5089 τὸ,
2665 5044 2691 5072 ε
2733 5014 2860 5077 Ἵνα
2907 5017 2983 5095 μὴ
3029 5006 3338 5085 πεποιθότες
3383 5006 3530 5095 ὦμεν
3577 5020 3642 5100 ἐφ

2032 5104 2261 5180 ἑαυτοῖς,
2313 5126 2341 5161 ε
2397 5106 2692 5186 κατηγορία
2732 5106 2881 5179 κοινὴ
2929 5106 3098 5167 ἐδόκει
3144 5109 3314 5184 ἐνίοις,
3359 5106 3452 5167 καὶ
3503 5108 3644 5167 έκεί-

2032 5216 2150 5262 νους
2180 5194 2538 5273 αἰνιττομένη,
2568 5201 2966 5277 παραμυθεῖται
3014 5198 3076 5256 τὸ
3110 5196 3293 5279 ῥητὸν,
3340 5197 3437 5266 τὰς
3482 5196 3643 5278 εὐχὰς

2036 5286 2210 5344 αὐτῶν
2240 5283 2357 5343 ἀντὶ
2384 5285 2715 5368 προστασίας
2749 5287 2989 5368 μεγάλης
3016 5288 3221 5351 καλῶν.
3264 5286 3644 5367 Διδασκόμεθα

1728 5488 1921 5549 Variae
1964 5489 2267 5551 lectiones.

402 5622 441 5658 ²¹
468 5622 797 5693 περιεποιεῖτο
821 5637 875 5680 ο.
950 5618 993 5655 ¹²
1016 5621 1310 5685 σπουδάζων
1336 5636 1392 5680 0.
1469 5620 1514 5658 ³⁸
1548 5621 1677 5696 μέγα
1705 5638 1760 5681 o.
1835 5623 1880 5659 "
1905 5623 2174 5699 ἑωρακέναι
2215 5641 2272 5686 ο.
