4110 6416
324 308 433 363 8οὸ

1237 294 1589 352 EXPOSITIO
1628 295 1693 352 IN
1732 296 1945 353 EPIST.
1987 298 2029 353 ll
2066 298 2159 356 AD
2198 297 2356 354 COR.
2394 327 2468 341 —
2494 298 2644 356 CAP.
2688 301 2740 360 ι.

3531 306 3637 363 806

325 436 387 494 δὲ
418 436 651 496 ἐντεῦθεν
698 428 791 490 καὶ
823 424 1332 508 ταπεινοφροσύνην,
1380 424 1430 485 εἴ
1468 448 1529 505 γε
1570 429 1789 495 Παῦλος
1831 431 1924 501 τῇς

2051 428 2288 501 plorans,
2341 430 2625 486 Docemur
2672 436 2859 487 autem
2924 430 3055 489 hinc
3127 440 3184 490 et
3236 431 3637 506 humilitatem,

324 526 436 585 τῶν
493 518 787 604 Κορινθίων
834 519 996 598 εὐχῆς
1026 517 1213 577 ἐδεῖτο·
1263 514 1355 576 καὶ
1387 513 1483 589 τὴν
1513 516 1734 595 δύναμιν
1772 521 1933 590 αὐτῆς

324 617 425 686 τῆς
466 616 649 694 εὐχῆς.
697 608 890 673 Πολλὰ
918 607 1022 690 γὰρ
1055 605 1278 668 δύναται
1307 609 1342 678 ἡ
1372 604 1522 687 παρὰ
1568 611 1666 679 τῆς
1696 605 1934 681 Ἐκκλη-

327 704 476 781 σίας,
504 706 576 771 ὣς
605 701 708 776 δεῖ,
754 697 1030 781 γινομένη,
1075 698 1148 766 ὣς
1177 695 1270 756 καὶ
1311 698 1528 758 Παῦλον
1566 695 1767 770 ταύτης
1795 697 1937 779 χρῄ-

328 798 466 864 ζειν.
1236 836 1241 841 .

410 909 438 939 α
488 878 615 943 Ἵνα
665 882 727 941 ἐκ
784 878 997 938 πολλῶν
1052 875 1357 957 προσώπων
1410 873 1473 935 τὸ
1517 875 1591 942 εἷς
1644 879 1791 955 ἡμᾶς
1833 874 1935 956 χά-

334 995 503 1055 ρισμα
522 968 613 1031 διὰ
629 970 841 1030 πολλῶν
867 968 1228 1048 εὐχαριστηθῇ
1248 964 1383 1046 ὑπὲρ
1402 967 1583 1055 ἡμῶν,
1609 992 1636 1018 ι
1657 1000 1738 1012 -
1761 992 1788 1019 ι
1809 966 1931 1047 Ἐῤ.

331 1052 554 1145 ῥύσατο,
586 1088 612 1114 ι
642 1057 828 1143 φησὶν,
862 1084 889 1112 ιι
924 1059 952 1116 ὁ
995 1054 1135 1145 Θεὸς
1178 1059 1343 1145 ἡμᾶς,
1391 1053 1486 1114 καὶ
1523 1052 1739 1145 ῥύσεται
1783 1081 1809 1110 υ
1849 1056 1934 1145 διὰ

326 1143 436 1212 τῶν
468 1149 735 1230 ὑμετέρων
779 1148 973 1228 εὐχῶν,
1024 1143 1114 1205 ἵνα
1159 1143 1219 1204 τὸ
1248 1146 1321 1212 εἰς
1364 1149 1511 1220 ἡμᾶς
1553 1144 1832 1225 χάρισμα,
1874 1144 1935 1205 τὸ

329 1241 422 1303 διὰ
477 1242 712 1315 πολλῶν,
758 1236 1054 1314 τουτέστιν,
1115 1238 1267 1315 ὐμῶν
1318 1232 1758 1316 ὑπερευξαμένων
1806 1258 1929 1313 μου,

328 1335 393 1393 εκ
438 1331 657 1391 πολλῶν
708 1326 1011 1408 προσώπων
1066 1325 1466 1406 εὐχαριστηθῇ,
1512 1324 1706 1405 ἤγουν,
1759 1326 1930 1402 ὑμῶν.

327 1419 450 1494 Τὴν
498 1417 768 1502 σωτηρίαν
799 1415 903 1497 γὰρ
943 1413 1040 1489 τὴν
1091 1412 1225 1493 ἐμὴν
1274 1413 1363 1473 διὰ
1406 1418 1512 1474 τῶν
1564 1417 1734 1495 εὐχῶν
1785 1416 1934 1491 ὑμῶν

328 1508 616 1591 γινομένην
643 1516 809 1570 πᾶσιν
838 1508 963 1585 ὑμῖν
996 1503 1305 1586 ἐχαρίσατο,
1333 1502 1422 1564 ἵνα
1464 1503 1643 1565 πολλὰ
1670 1504 1935 1585 πρόσωπα

332 1603 482 1681 αὐτῷ
529 1595 898 1679 εὐχαριστήσῃ
948 1594 1084 1674 ὓπὲρ
1128 1594 1703 1673 ὑμῶν.ξΜανθάνομεν
1749 1594 1805 1653 δὲ
1854 1596 1937 1653 ἐν-

329 1693 535 1763 τεῦθεν,
578 1690 636 1749 οὐ
685 1686 842 1766 μόνον
874 1684 1008 1766 ὑπὲρ
1054 1683 1304 1757 ἀλλήλων
1347 1681 1628 1765 εὔχεσθαι,
1671 1681 1810 1742 ἀλλὰ
1844 1683 1935 1743 καὶ

2040 518 2315 591 siquidem
2346 519 2550 577 Paulus
2591 518 3007 578 Corinthiorum
3052 522 3308 593 precibus
3331 522 3631 599 indigebat,

2041 618 2099 665 et
2128 607 2300 680 ipsius
2319 608 2582 666 orationis
2601 609 2731 665 vim.
2766 610 3008 668 Multum
3027 611 3179 669 enim
3220 614 3362 670 valet
3389 615 3637 687 precatio

2042 698 2319 767 Ecclesia,
2345 698 2391 755 si
2419 698 2518 756 ﬁat
2535 707 2598 756 ut
2618 707 2839 773 oportet
2859 699 3019 772 adeo,
3050 709 3113 758 ut
3137 702 3220 759 vel
3238 704 3441 762 Paulus
3460 704 3639 762 isthac

2043 803 2182 861 opus
2204 788 2419 846 habeat.

2118 900 2143 926 α
2176 880 2259 936 Ut
2288 894 2357 935 ex
2382 877 2572 935 multis
2595 879 2868 952 personis,
2897 895 2997 952 pro
3025 879 3179 939 dono
3210 881 3271 937 in
3296 897 3398 940 nos
3413 883 3636 954 collato,

2042 983 2139 1040 per
2167 968 2373 1025 multos
2394 969 2586 1041 gratia
2611 978 2849 1043 agantur
2860 986 2961 1042 pro
2980 971 3164 1028 nobis.
3200 994 3337 1023 n—a
3359 974 3595 1046 Eripuit,
3613 994 3637 1026 ι

2040 1057 2239 1128 inquit,
2272 1079 2299 1107 α
2330 1074 2437 1115 nos
2460 1061 2632 1127 Deus,
2663 1067 2718 1116 et
2746 1059 2942 1132 eripiet
2993 1083 3019 1111 ι
3056 1076 3155 1134 per
3197 1071 3414 1121 vestras
3446 1079 3642 1136 preca-

2038 1148 2242 1218 tiones,
2284 1156 2347 1204 ut
2375 1148 2589 1206 donum
2613 1149 2673 1205 in
2700 1165 2805 1206 nos
2832 1149 3120 1222 collatum,
3152 1174 3180 1202 ι
3211 1167 3307 1225 per
3345 1153 3579 1225 multos,
3612 1176 3639 1204 ιο

2040 1236 2147 1295 hoc
2174 1245 2278 1308 est,
2313 1237 2467 1295 vobis
2497 1254 2595 1311 pro
2624 1254 2719 1296 me
2746 1239 3043 1298 orantibus
3076 1256 3142 1297 ex
3166 1241 3358 1300 multis
3398 1242 3645 1315 personis

2041 1336 2261 1400 gratum
2291 1326 2406 1396 ﬁat,
2434 1328 2707 1386 nimirum
2734 1329 2947 1387 vestris.
2998 1330 3242 1389 Salutem
3269 1331 3420 1389 enim
3460 1347 3645 1389 meam

2042 1431 2139 1490 per
2161 1417 2441 1475 orationes
2469 1428 2679 1476 vestras
2703 1418 2931 1490 factam,
2963 1421 3223 1478 omnibus
3267 1421 3422 1479 vobis
3467 1421 3643 1481 dona-

2041 1506 2139 1575 vit,
2169 1515 2232 1564 ut
2262 1508 2451 1566 multa
2489 1524 2741 1580 persona
2766 1509 2865 1582 ipsi
2909 1510 3115 1583 gratias
3144 1519 3309 1585 agant
3342 1527 3442 1585 pro
3466 1512 3646 1570 nobis.

2041 1595 2189 1652 Hinc
2216 1604 2402 1654 autem
2429 1597 2691 1655 discimus
2718 1615 2831 1655 non
2856 1599 3027 1657 modo
3056 1608 3121 1656 ut
3162 1601 3299 1657 alter
3334 1618 3437 1675 pro
3477 1601 3650 1659 altero

2043 1685 2367 1757 intercedat,
2393 1702 2584 1743 verum
2639 1688 2808 1745 etiam
2837 1697 2900 1745 ut
2926 1691 3066 1746 alter
3107 1706 3208 1763 pro
3238 1690 3412 1747 altero
3442 1691 3647 1764 gratias

332 1780 469 1861 ὖπὲρ
500 1776 747 1850 ἀλλήλων
779 1774 1137 1856 εὐχαριστεῖν.
1185 1768 1339 1852 ’Ὅρα
1370 1772 1453 1849 δὲ,
1500 1775 1613 1839 πῶς
1640 1770 1936 1853 ἀρχόμενος

2051 1783 2192 1848 agat.
2223 1776 2467 1833 Observa
2494 1785 2681 1834 autem
2705 1777 2986 1849 quomodo
3015 1778 3069 1834 in
3096 1778 3350 1850 exordio,
3395 1795 3494 1853 per
3536 1781 3648 1837 mi-

332 1868 457 1946 μὲν,
510 1868 597 1928 διὰ
641 1865 762 1934 τοὺς
809 1861 1113 1946 οἷκτιρμούς
1167 1867 1259 1923 τοῦ
1311 1863 1454 1922 Θεοῦ
1503 1862 1739 1935 σωθῆναί
1785 1885 1934 1941 φησι·

330 1962 427 2018 νῦν
456 1958 514 2017 δὲ
554 1963 674 2024 ταῖς
700 1957 882 2036 εὐχαῖς
910 1954 1113 2014 τούτων
1140 1951 1237 2024 τὴν
1263 1951 1532 2033 σωτηρίαν
1566 1951 1938 2034 ἐπιγράφεται.

333 2054 434 2109 Δεῖ
482 2045 588 2129 γὰρ
631 2043 773 2123 μετὰ
812 2049 901 2104 τοῦ
950 2042 1091 2104 θείου
1132 2040 1312 2111 ἐλέους
1354 2041 1448 2101 καὶ
1495 2040 1566 2101 τὰ
1616 2041 1745 2121 παρ’
1786 2046 1941 2120 ἡμῶν

334 2136 696 2219 συνεισφέρειν
746 2134 819 2197 ³⁵.
857 2133 971 2195 Καὶ
1019 2135 1249 2192 ἐνταῦθα
1288 2131 1346 2191 δὲ
1397 2134 1426 2191 ὁ
1468 2134 1685 2199 Παῦλος
1724 2130 1943 2219 051:1?)

332 2236 443 2288 πᾶν
492 2217 597 2287 τοῦ
631 2223 1051 2306 κατορθώματος
1098 2229 1210 2291 τοῖς
1257 2221 1556 2303 Κορινθίοις
1601 2219 1825 2296 ἔδωκεν,
1854 2217 1942 2280 ἵνα

336 2318 416 2396 μὴ
460 2317 646 2384 αὐτούς
702 2315 895 2396 ἐπάρῃ·
939 2310 1061 2374 οὔτε
1109 2311 1290 2385 πάντη
1343 2310 1702 2393 ἦλλοτρίωσεν
1758 2309 1945 2379 αὐτοὺς

332 2407 553 2481 τούτου,
583 2404 670 2465 ἵνα
701 2403 777 2484 μὴ
809 2401 1195 2487 ῥᾳθυμοτέρους
1224 2400 1539 2483 ἐργάσηται.
1573 2424 1605 2457 α
1629 2399 1883 2463 Ῥύσεται
1910 2423 1940 2460 »

336 2496 468 2577 γὰρ,
501 2494 693 2577 φησὶν,
734 2516 762 2552 ε
795 2498 825 2554 ὁ
852 2493 991 2561 Θεὸς
1033 2493 1126 2552 καὶ
1161 2494 1313 2568 ὑμῶν
1344 2489 1846 2573 συνυπουργούντων

340 2585 542 2658 δεήσει·
572 2607 601 2645 ι
633 2584 898 2661 τουτέστι,
928 2581 998 2641 τὰ
1027 2584 1156 2662 παρ’
1189 2583 1395 2641 ἑαυτῶν
1426 2580 1795 2662 εἰσφερόντων.

422 2701 447 2728 ι
480 2672 552 2736 ⁶Η
582 2672 687 2753 γὰρ
714 2673 979 2753 καύχησις
1008 2673 1166 2749 ἡμῶν
1211 2669 1349 2745 αὕτη
1386 2669 1501 2731 ἐστὶ
1520 2714 1539 2749 ,
1568 2668 1630 2729 τὸ
1656 2668 1944 2750 μαρτύριον

336 2768 435 2837 τῆς
461 2761 811 2835 συνειδήσεως
846 2765 1026 2841 ἡμῶν.
1058 2784 1090 2819 ι
1133 2758 1246 2821 Καὶ
1277 2765 1465 2834 τοῦτο,
1502 2757 1656 2841 φησὶ,
1692 2782 1947 2840 παραμυθ-

343 2854 463 2923 θίας
508 2855 641 2931 ἡμῖν
692 2851 910 2933 ἀφορμή
974 2853 1139 2924 ἐστιν,
1188 2854 1223 2923 ἡ
1275 2849 1567 2924 συνείδησις
1617 2852 1772 2927 ἡμῶν
1806 2872 1946 2931 μαρ-

339 2948 571 3025 τυροῦσα
612 2945 764 3021 ἡμῖν,
799 2942 881 3002 ὅτι
930 2942 1028 3023 οὐχ
1074 2943 1146 3008 ὣς
1193 2939 1283 3001 ἐπὶ
1334 2947 1586 3020 πονηροῖς
1632 2939 1946 3019 πράγμασιν

344 3033 562 3101 ἁλόντες
590 3031 919 3111 ἓλαυνόμεθα
956 3031 1050 3091 καὶ
1082 3030 1417 3108 διωκόμεθα,
1461 3027 1715 3111 ἀλλὰ-*δι’
1753 3026 1947 3109 ἀρετὴν

342 3123 437 3184 καὶ
473 3122 572 3195 τὴν
604 3125 709 3182 τῶν
745 3108 961 3183 πολλῶν
1004 3120 1294 3201 σωτηρίαν.
1331 3118 1402 3181 Ἦ
1450 3118 1547 3199 μὲν
1577 3108 1667 3178 οὐν
1712 3108 1947 3198 προτέρα

341 3216 682 3296 παράκλησις
720 3214 781 3272 ἐκ
811 3214 953 3273 Θεοῦ
985 3201 1069 3284 ἦν’
1097 3209 1233 3283 αὕτη
1278 3209 1337 3269 δὲ
1358 3255 1375 3285 ,
1407 3212 1469 3269 ἐκ
1510 3211 1605 3282 τῆς
1649 3213 1743 3268 τοῦ
1770 3231 1944 3268 συνει-

343 3295 493 3371 δότος
529 3326 632 3381 μου
675 3300 1065 3384 καθαρότητος,
1114 3299 1265 3382 φησί·
1292 3298 1371 3359 διὸ
1409 3298 1501 3360 καὶ
1531 3295 1797 3380 καύχησιν
1840 3300 1947 3357 αὐ-

343 3393 444 3463 τὴν
473 3392 756 3470 ὀνομάζει,
800 3390 898 3463 τὴν
943 3390 1149 3463 πολλὴν
1191 3388 1443 3450 δεικνύων
1482 3388 1832 3461 πεποίθησιν,
1880 3387 1945 3461 ἣν

348 3472 495 3563 εἶχεν
525 3481 613 3542 ἐπὶ
639 3484 718 3562 τῷ
746 3484 965 3563 καθαρῷ
990 3479 1268 3540 συνειδότι.

437 3594 469 3632 ιι
495 3566 630 3633 Ὅτι
676 3572 732 3631 έν
778 3569 1042 3642 ἁπλότητι
1091 3568 1183 3629 καὶ
1228 3567 1535 3649 εἷλικρινεία
1571 3570 1738 3629 Θεοῦ.
1783 3587 1812 3625 ι)
1854 3564 1946 3641 Τί,

344 3661 515 3745 φησὶ,
569 3668 829 3743 μαρτυρεῖ
875 3662 1003 3738 ἡμῖν
1052 3660 1114 3719 τὸ
1146 3658 1408 3734 συνειδός,
1443 3659 1535 3718 καὶ
1585 3657 1674 3716 διὰ
1715 3655 1767 3716 τί
1806 3679 1949 3716 καυ-

344 3752 605 3833 χώμεθας
652 3778 680 3805 σι
715 3747 850 3813 Ὅτι
897 3754 951 3811 ἐν
1002 3749 1292 3827 ἁπλότητι,
1333 3777 1358 3804 υ
1393 3745 1689 3821 τουτέστιν,
1731 3748 1786 3806 ἐν
1817 3750 1949 3806 ἀπο-

344 3840 494 3923 νήρῳ
523 3841 734 3922 γνώμῃ·
775 3862 807 3897 α
837 3839 931 3901 καὶ
963 3838 1295 3921 εἶλικρινείᾳ,
1341 3860 1371 3898 n
1424 3837 1694 3915 τουτέστι,
1723 3835 1950 3917 καθαρό-

346 3955 471 4005 τητι
498 3929 729 3999 διανοίας
774 3928 869 3990 καὶ
902 3928 1206 4004 ἂδολότητι,
1243 3928 1392 3989 οὐδὲν
1441 3927 1640 4010 ἐχούσῃ
1672 3948 1951 3987 συνεσκια-

346 4020 543 4100 σμένον
583 4021 676 4080 καὶ
707 4019 975 4094 ὕπουλον,
1006 4017 1122 4079 οἵαν
1152 4022 1181 4078 ὁ
1217 4017 1353 4086 Θεὸς
1382 4016 1730 4099 ἀποδέχεται.
1761 4018 1947 4078 Ταῦτα

348 4110 407 4172 δὲ
433 4109 576 4190 λέγει
604 4106 694 4169 διὰ
719 4107 840 4177 τοὺς
869 4108 1073 4177 δολίους
1100 4107 1585 4190 ψευδαποστόλους.

442 4222 474 4260 (ι
500 4200 619 4261 Οὐκ
643 4199 697 4259 ἐν
726 4197 885 4280 σοφίᾳ
916 4202 1172 4279 σαρκικῇ.
1211 4220 1240 4256 ι
1269 4196 1581 4275 Τουτέστιν,
1603 4197 1657 4256 ἐν
1688 4193 1949 4269 δεινότητι

342 4289 517 4368 λόγων
548 4287 643 4351 καὶ
679 4290 855 4371 πλοκῇ
903 4287 1271 4369 σοφισμάτων.
1310 4286 1461 4359 Αὕτη
1491 4285 1596 4366 γὰρ
1634 4289 1670 4359 ἡ
1717 4284 1946 4367 σαρκικὴ

345 4378 527 4461 σοφία,
556 4379 639 4460 ἐφ’
760 4369 973 4438 ἐκείνων
1019 4376 1507 4455 ἀλαζονευομένων,
1543 4373 1701 4443 αὐτὸς
1744 4373 1948 4449 ταύτην

346 4472 586 4551 ᾄρνεῖται
612 4467 705 4528 καὶ
744 4469 1035 4531 διωθεῖται.

430 4585 456 4614 ι
509 4557 651 4619 Ἀλλ’
715 4558 770 4618 ἕν
840 4556 1021 4640 χάριτι
1075 4558 1221 4618 Θεοῦ
1289 4555 1698 4636 ἀνεστράφημεν
1754 4554 1808 4613 ἐν
1874 4554 1951 4635 τῷ
1982 4536 2033 4599 D

345 4649 561 4731 κόσμῳ.
603 4675 630 4704 ι
673 4647 990 4721 Τουτέστιν,
1044 4649 1099 4707 ἐν
1255 4646 1387 4728 παρ’
1436 4646 1600 4704 αὐτοῦ
1633 4642 1951 4725 χαρισθείσῃ

346 4738 511 4820 σοφίᾳ
549 4738 643 4820 καὶ
698 4739 752 4797 ἐν
802 4738 909 4805 τοῖς
965 4736 1206 4815 σημείοις
1264 4735 1358 4795 καὶ
1406 4735 1649 4816 τέρασιν,
1708 4732 1743 4792 ἃ
1795 4731 1954 4814 χάρις

347 4819 497 4890 Θεοῦ
541 4819 702 4900 ἦσαν.
756 4826 1006 4906 Μεγίστη
1048 4826 1102 4886 δὲ
1151 4825 1505 4905 παράκλησις,
1542 4823 1606 4885 τὸ
1653 4822 1951 4883 συνειδέναι

347 4916 471 4977 τινὰ
521 4920 716 4998 ἑαυτῷ,
764 4916 846 4977 ὅτι
889 4918 985 4977 οὐκ
1034 4916 1338 4997 ἀνθρωπίνῃ
1371 4915 1626 4993 δυνάμει,
1659 4913 1801 4974 ἀλλὰ
1843 4913 1957 4995 θείᾳ

346 5006 535 5089 χάριτι
564 5008 743 5067 πάντα
792 5006 847 5046 ²⁶
892 5007 1055 5067 ποιεῖ.
1091 5006 1201 5068 Καὶ
1234 5007 1329 5066 οὐκ
1378 5008 1436 5066 ἐν
1487 5004 1734 5085 Κορίνθῳ
1769 5003 1952 5083 μόνον,

350 5097 494 5158 ἀλλὰ
521 5097 615 5158 καὶ
647 5099 701 5157 ἐν
737 5095 903 5158 παντὶ
930 5100 1008 5179 τῷ
1036 5096 1245 5178 κόσμῳ.

440 5213 468 5243 ι
503 5187 906 5269 Περισσοτέρως
939 5187 996 5247 δὲ
1036 5185 1170 5267 πρὸς
1200 5190 1361 5264 ὓμᾶς.
1395 5212 1419 5239 ι
1451 5186 1613 5261 Πῶς;
1640 5182 1776 5246 Ὅτι
1815 5182 1952 5261 μετὰ

350 5278 459 5338 τῶν
484 5276 744 5358 σημείων,
777 5277 856 5338 ἔτι
878 5275 973 5338 καὶ
1000 5275 1274 5338 ἀδάπανον
1302 5273 1431 5358 παρ’
1475 5276 1654 5342 αὐτοῖς
1677 5273 1739 5334 τὸ
1763 5276 1952 5354 Εὐαγ-

2049 1867 2345 1923 serationes
2372 1867 2480 1923 Dei
2508 1883 2567 1924 se
2595 1878 2873 1924 servatum
2902 1884 3024 1926 esse
3056 1868 3259 1926 dixerit
3286 1887 3302 1927 :
3347 1885 3498 1926 nunc
3520 1886 3649 1927 vero

2048 1971 2241 2013 eorum
2271 1957 2614 2014 orationibus
2646 1959 2882 2015 salutem
2936 1959 3172 2015 ascribit.
3220 1960 3456 2032 Oportet
3501 1959 3650 2017 enim

2049 2052 2112 2102 ut
2134 2061 2240 2102 una
2264 2061 2391 2102 cum
2422 2044 2611 2102 divina
2648 2046 3025 2104 misericordia
3051 2055 3240 2104 nostra
3279 2049 3486 2121 pariter
3511 2063 3649 2105 con-

2048 2133 2313 2192 feramus.
2341 2138 2525 2209 Atque
2553 2136 2642 2193 hic
2666 2137 2866 2194 Paulus
2893 2154 3070 2210 neque
3095 2146 3281 2195 totum
3310 2137 3648 2195 beneficium

2051 2224 2351 2282 Corinthiis
2377 2226 2592 2296 tribuit,
2642 2242 2714 2283 ne
2732 2227 2879 2300 ipsos
2899 2225 3095 2285 efferat
3133 2248 3147 2285 :
3190 2243 3370 2301 neque
3420 2228 3648 2286 omnino

2051 2330 2146 2371 eos
2172 2315 2406 2388 privavit
2433 2316 2560 2387 hoc,
2581 2332 2650 2373 ne
2679 2318 2958 2390 segniores
2983 2317 3197 2375 reddat.
3223 2318 3440 2391 Eripiet
3469 2318 3646 2389 enim,

2050 2404 2248 2478 inquit,
2280 2408 2452 2475 Deus,
2473 2405 2630 2463 vobis
2665 2406 2833 2463 etiam
2879 2408 3297 2480 cooperantibus
3325 2424 3423 2481 per
3448 2423 3646 2483 preca-

2051 2494 2281 2566 tionem,
2326 2494 2434 2552 hoc
2467 2504 2571 2566 est,
2600 2503 2782 2555 vestra
2831 2497 2999 2554 etiam
3037 2495 3431 2556 afferentibus.

2122 2678 2306 2733 Vnns.
2336 2680 2424 2733 12.
2461 2699 2487 2725 «ι
2518 2678 2663 2733 Nam
2683 2676 2854 2751 gloria
2882 2684 3071 2734 nostra
3117 2678 3236 2735 hac
3267 2686 3372 2748 est,
3398 2677 3653 2736 testimo-

2055 2764 2212 2822 nium
2240 2765 2587 2822 conscientia
2616 2775 2835 2823 nostra.
2878 2790 2903 2817 ι
2935 2769 3007 2823 Et
3052 2766 3182 2837 hoc,
3229 2767 3434 2841 inquit,
3472 2768 3655 2825 solatii

2056 2855 2217 2912 nobis
2241 2863 2327 2911 est
2367 2857 2606 2925 occasio,
2656 2858 2992 2914 conscientia
3035 2866 3228 2914 nostra
3278 2859 3655 2916 testimonium

2056 2945 2218 3002 nobis
2246 2946 2529 3016 exhibens,
2562 2945 2715 3020 quod
2745 2964 2860 3004 non
2901 2956 3163 3021 tanquam
3208 2947 3266 3005 in
3292 2949 3470 3021 pravis
3492 2948 3658 3006 rebus

2056 3036 2381 3109 deprehensi
2411 3038 2686 3109 agitamur
2713 3045 2769 3095 et
2791 3038 3229 3111 persecutionem
3265 3040 3532 3111 patimur,
3561 3037 3659 3096 sed

2056 3127 2279 3184 virtutis
2333 3129 2749 3201 multorumque
2798 3128 2990 3185 salutis
3040 3144 3227 3185 causa.
3287 3130 3448 3186 Prior
3475 3129 3658 3201 itaque

2057 3217 2364 3274 consolatio
2395 3233 2463 3274 ex
2518 3220 2638 3275 Deo
2688 3226 2834 3289 erat;
2866 3218 2985 3275 hac
3017 3234 3147 3277 vero
3177 3234 3251 3276 ex
3304 3219 3658 3276 conscientia

2059 3322 2197 3363 mea
2223 3308 2485 3380 puritate,
2517 3308 2712 3382 inquit.
2745 3310 2886 3365 Eam
2930 3308 3002 3365 ob
3027 3324 3147 3367 rem
3171 3316 3228 3365 et
3263 3309 3653 3383 gloriationem

2055 3397 2236 3469 ipsam
2285 3398 2556 3465 nominat,
2589 3398 2827 3454 multam
2855 3398 3152 3457 ostendens
3180 3398 3445 3458 ﬁduciam
3484 3416 3657 3474 quam

2055 3487 2117 3542 in
2164 3503 2299 3559 pura
2326 3486 2663 3544 conscientia
2693 3487 2948 3544 habebat.

2131 3593 2161 3631 α
2204 3577 2369 3645 Quod
2396 3577 2456 3633 in
2484 3576 2833 3647 simplicitate
2858 3584 2915 3633 et
2936 3576 3253 3636 sinceritate
3297 3579 3416 3636 Dei.
3450 3598 3480 3634 )›
3508 3579 3655 3651 Quid

2056 3673 2306 3736 testatur,
2351 3666 2547 3739 inquit,
2590 3666 2753 3724 nobis
2797 3666 3171 3723 conscientia?
3221 3676 3279 3724 et
3315 3685 3416 3725 cur
3442 3670 3652 3742 gloria-

2053 3759 2215 3813 mur?
2242 3779 2267 3804 κ
2296 3756 2576 3828 Quoniam
2599 3755 2656 3811 in
2694 3756 3059 3827 simplicitate,
3086 3776 3114 3807 »
3150 3756 3257 3813 hoc
3281 3765 3386 3828 est,
3416 3766 3647 3814 senten-

2052 3846 2125 3903 tia
2147 3845 2380 3902 minime
2404 3862 2587 3918 prava,
2620 3868 2647 3895 ι
2710 3848 2779 3901 Et
2803 3846 3144 3915 sinceritate,
3180 3870 3206 3896 ι»
3242 3846 3349 3903 hoc
3397 3856 3505 3916 est,
3539 3864 3647 3920 pu-

2051 3936 2214 3992 ritate
2243 3935 2446 3992 mentis
2464 3944 2524 3992 et
2558 3935 2798 3992 candore
2824 3933 3059 3992 fallacia
3085 3944 3332 4008 experte,
3358 3952 3486 4011 qua
3508 3936 3650 3994 nihil

2057 4025 2224 4083 habet
2249 4026 2627 4094 obscuratum,
2647 4033 2744 4081 aut
2773 4025 3110 4091 ulcerosum,
3140 4026 3363 4098 qualem
3393 4029 3545 4083 Deus
3566 4042 3653 4084 re-

2057 4116 2212 4190 cipit.
2240 4120 2373 4173 Hac
2398 4123 2585 4172 autem
2607 4114 2736 4172 dicit
2758 4115 2830 4171 ob
2861 4113 3078 4171 fallaces
3102 4114 3583 4189 pseudapostolos.

2132 4227 2160 4255 α
2196 4208 2321 4263 Non
2339 4205 2394 4261 in
2430 4204 2693 4277 sapientia
2731 4204 2957 4261 carnali.
3002 4226 3028 4256 η
3061 4206 3186 4261 Hoc
3218 4214 3302 4263 est
3326 4205 3382 4261 in
3413 4206 3659 4279 potentia

2059 4303 2116 4353 et
2159 4295 2356 4352 virtute
2391 4297 2709 4364 verborum,
2732 4310 2796 4351 ac
2837 4310 2984 4351 nexu
3016 4294 3188 4367 246
3228 4296 3661 4369 sophismatum.

2060 4389 2195 4442 Hac
2215 4385 2359 4441 enim
2381 4384 2613 4441 carnalis
2632 4392 2715 4440 est
2732 4384 3024 4456 sapientia,
3045 4385 3204 4457 cujus
3215 4402 3383 4443 causa
3403 4403 3535 4443 cum
3552 4385 3661 4460 ipsi

2061 4474 2409 4544 efferrentur,
2441 4474 2694 4531 eamdem
2740 4474 2855 4546 ipse
2892 4482 3059 4546 negat
3087 4486 3252 4545 atque
3281 4475 3515 4547 repellit.

2141 4586 2168 4617 «
2199 4565 2308 4622 Sed
2329 4565 2387 4621 in
2402 4564 2577 4637 gratia
2609 4563 2711 4620 Dei
2735 4563 3043 4619 conversati
3062 4578 3259 4620 sumus
3282 4563 3339 4618 in
3365 4564 3595 4621 mundo.
3631 4587 3660 4614 ι

2061 4657 2185 4711 Hoc
2212 4655 2366 4711 estin
2398 4654 2665 4727 sapientia
2682 4668 2805 4726 qua
2833 4652 2969 4709 mihi
2999 4668 3093 4725 per
3111 4652 3295 4724 ipsum
3323 4662 3407 4709 est
3431 4652 3659 4724 donata,

2062 4753 2115 4800 et
2142 4746 2200 4801 in
2236 4745 2410 4818 signis
2456 4753 2513 4801 et
2568 4743 2833 4816 prodigiis
2874 4758 3000 4816 qua
3040 4743 3207 4817 gratia
3258 4743 3359 4799 Dei
3415 4742 3660 4800 fuerunt.

2062 4835 2306 4891 Maxima
2344 4842 2533 4891 autem
2562 4832 2874 4890 consolatio
2898 4841 3003 4901 est,
3029 4834 3354 4906 quempiam
3398 4832 3503 4891 sibi
3526 4849 3658 4890 con-

2063 4924 2242 4981 scium
2286 4940 2425 4993 esse,
2455 4922 2604 4996 quod
2639 4922 2829 4981 omnia
2856 4939 2970 4979 non
3018 4923 3261 4981 humana
3302 4923 3522 4993 virtute,
3562 4922 3659 4982 sed

2063 5013 2247 5071 divina
2259 5015 2433 5087 gratia
2463 5012 2649 5070 faciat.
2679 5016 2747 5070 Et
2767 5028 2884 5069 non
2903 5012 3049 5086 apud
3074 5013 3390 5070 Corinthios
3420 5021 3659 5084 tantum,

2064 5118 2260 5160 verum
2284 5104 2452 5159 etiam
2500 5102 2555 5158 in
2579 5109 2701 5159 toto
2742 5101 2986 5158 mundo.

2141 5215 2169 5243 ι
2201 5191 2590 5251 Abundantius
2618 5199 2810 5249 autem
2832 5190 2906 5248 ad
2933 5205 3051 5248 vos.
3082 5213 3109 5241 ι
3139 5189 3435 5265 Quomodo
3459 5192 3486 5246 i'
3512 5191 3663 5263 Quo-

2061 5282 2215 5339 niam
2250 5297 2380 5340 cum
2399 5281 2593 5356 signis,
2624 5288 2787 5354 atque
2827 5279 2994 5339 etiam
3022 5279 3159 5338 citra
3176 5287 3466 5353 sumptum
3487 5282 3663 5340 Evans

1762 5462 1947 5522 Varia
1989 5463 2295 5525 lectiones.

425 5638 470 5675 ³⁸
490 5638 616 5712 ἡμῖν
641 5636 930 5711 προσφέρειν
958 5652 1014 5696 0.
1089 5635 1136 5671 ²⁸
1164 5638 1320 5690 ταῦτα
1346 5651 1405 5693 ο.
