4134 6424
376 283 479 335 807

1445 266 1963 325 THEOPHYLACTI
2002 265 2360 322 BULGARIAEI
2396 266 2714 323 ARCHIEP.

3574 266 3679 321 808

377 403 581 476 gelium
622 401 703 459 eis
722 398 1062 474 praedicavit.
1103 396 1341 455 (lmerva
1370 402 1580 463 autem,
1608 392 1760 467 quod
1806 407 1972 450 suum

2100 391 2251 469 Γέλιον
2279 391 2551 473 ἐκήρυξεν.
2582 392 2728 474 Ὅρα
2757 392 2838 467 δὲ,
2869 392 2950 452 ὅτι
2990 391 3119 472 ὅπερ
3162 383 3226 465 ἦν
3266 393 3427 452 αὐτοῦ
3458 389 3521 450 τὸ
3551 413 3683 449 κατ-

377 508 520 566 0pus
566 490 759 566 gratiae
782 489 889 547 Dei
945 488 1189 545 ascribit.

450 585 632 641 Vnus.
667 587 757 638 13.
789 606 811 631 ι
834 582 965 637 Non
993 579 1145 635 enim
1166 577 1271 633 alia
1292 574 1586 633 scribimus
1604 573 1781 644 vobis,
1809 587 1977 645 quam

377 687 502 746 quae
548 670 750 743 legitis,
792 676 889 725 aut
926 676 982 725 et
1035 666 1353 741 agnoscitis.
1413 685 1440 717 »
1479 666 1619 735 Quia
1677 664 1747 720 de
1797 663 1979 735 seipso

377 777 577 835 magna
604 759 751 816 visus
770 766 854 815 est
875 757 1077 827 dicere,
1100 773 1169 812 ne
1187 755 1310 829 quis
1336 754 1485 811 dicat
1512 755 1651 809 hanc
1690 750 1977 808 verbosam

382 867 503 907 esse
519 848 871 921 jactantiam,
899 848 1001 917 ait,
1028 848 1123 903 Illa
1148 846 1436 903 scribimus
1464 843 1621 900 vobis
1650 857 1776 917 quae
1800 841 1980 913 legitis

384 941 441 995 in
474 940 672 996 litteris
692 938 872 1007 hisce,
896 936 1199 1011 agnoscitis
1220 944 1407 993 autem
1436 941 1490 991 et
1523 948 1619 989 vos
1646 931 1981 1004 pmvenien-

384 1038 482 1085 tes.
518 1030 645 1085 Non
672 1028 826 1084 enim
856 1027 1178 1084 adversatur
1206 1026 1401 1082 litteris
1429 1025 1567 1079 meis
1592 1031 1769 1078 vestra
1798 1020 1981 1093 cogni-

385 1120 486 1187 tio,
506 1135 675 1192 quam
718 1118 872 1191 prius
920 1125 1248 1189 conceptam
1277 1114 1347 1172 de
1390 1130 1481 1170 me
1506 1112 1815 1169 habebatis.
1848 1110 1981 1180 Qui-

384 1206 519 1265 dam
549 1224 681 1264 vero
720 1208 828 1265 hoc
864 1207 935 1263 ita
979 1206 1371 1263 intellexerunt
1401 1222 1415 1261 :
1444 1218 1643 1275 nempe
1680 1202 1771 1258 illa
1799 1200 1984 1257 scribi-

385 1314 510 1355 mus
560 1298 723 1355 vobis
758 1312 882 1369 quae
910 1296 1112 1369 legitis,
1141 1295 1248 1351 hoc
1304 1302 1408 1363 est,
1439 1309 1677 1365 quorum
1712 1290 1980 1347 memoria

383 1388 543 1444 vobis
570 1396 891 1444 renovatur.
924 1386 1114 1443 Lectio
1155 1385 1301 1441 enim
1323 1392 1406 1440 est
1442 1383 1741 1456 suggestio,
1771 1381 1855 1437 vel
1884 1396 1982 1437 su-

390 1479 573 1551 perior
597 1476 850 1549 quaedam
877 1476 1136 1549 cognitio.
1171 1478 1241 1531 Et
1261 1472 1397 1547 quid
1424 1473 1573 1541 dico,
1616 1471 1814 1543 inquit,
1840 1486 1981 1543 quo-

388 1584 513 1623 rum
581 1566 853 1623 memoria
910 1566 1062 1623 vobis
1124 1572 1440 1629 renovatur,
1496 1578 1625 1619 cum
1677 1560 1983 1635 agnoscatis

2086 480 2328 564 όρθωμα,
2358 488 2514 543 τοῦτο
2632 486 2724 543 τοῦ
2748 484 2895 543 Θεοῦ
2924 482 3207 555 ἀνατίθησι
3244 481 3447 562 χάριτι.

2173 596 2205 629 ι
2233 574 2319 635 Οὐ
2349 573 2454 655 γὰρ
2483 573 2621 631 ἄλλα
2664 572 2937 654 γράφομεν
2971 576 3118 651 ὑμῖν,
3144 574 3263 633 ἀλλ’
3296 571 3331 643 ἢ
3360 572 3394 631 ἃ
3425 568 3687 648 ἀναγινώ-

2090 687 2264 737 σκετε,
2313 662 2349 733 ἢ
2391 662 2484 722 καὶ
2529 664 2930 741 ἐπιγινώσκετε.
2978 694 3002 717 υ
3042 662 3268 734 Ἐπειδὴ
3300 661 3509 740 μεγάλα
3543 658 3686 727 ἔδοξε

2088 753 2429 834 λέγεινηπερὶ⁵
2470 756 2681 828 ἑαυτοῦ,
2718 751 2807 813 ἵνα
2853 759 2927 833 μή
2963 777 3040 821 τις
3078 752 3204 833 εἴπῃ
3253 751 3458 827 κόμπον
3504 749 3684 832 ῥημάο

2088 868 2193 903 των
2241 833 2375 907 εἶναι
2408 847 2603 919 ταῦτα,
2653 843 2834 924 φησὶν,
2866 844 2949 903 ὅτι
2981 843 3199 903 Ἐκεῖνα
3227 841 3501 923 γράφομεν
3534 840 3685 917 ὑμῖν,

2093 934 2127 992 ἃ
2165 934 2555 1013 ἀναγινώσκετε
2604 932 2699 1010 μὲν
2744 935 2796 992 ἐν
2846 942 2953 1001 τοῖς
2996 934 3281 1014 γράμμασι
3335 931 3557 1002 τούτοις,
3599 952 3688 1008 γι-

2092 1022 2318 1082 νώσκετε
2369 1022 2423 1081 δὲ
2457 1022 2855 1104 προφθάσαντες
2902 1023 2994 1083 καὶ
3025 1027 3197 1102 ὑμεῖς.
3249 1022 3334 1083 Οὐ
3379 1020 3483 1102 γὰρ
3528 1021 3677 1079 ἐναν-

2090 1119 2296 1173 τιοῦται
2346 1120 2453 1180 τοῖς
2495 1111 2779 1193 γράμμασί
2825 1137 2928 1191 μου
2975 1118 3010 1187 ἡ
3061 1111 3295 1192 ὑμετέρα
3352 1114 3570 1190 γνῶσις,
3620 1108 3687 1181 ἢν

2093 1203 2243 1285 ἔχετε
2288 1202 2646 1282 προλαϐόντες
2691 1204 2813 1283 περὶ
2854 1206 3002 1282 ἐμοῦ.
3045 1203 3201 1270 Τινὲς
3254 1201 3311 1260 δὲ
3360 1202 3526 1267 οὕτως
3569 1200 3689 1258 ἐνό-

2094 1317 2232 1366 ησαν
2285 1297 2462 1367 τοῦτο,
2517 1291 2598 1351 ὅτι
2629 1291 2850 1353 Ἐκεῖνα
2897 1294 3172 1374 γράφομεν
3227 1294 3373 1370 ὓμῖν,
3424 1290 3460 1348 ἃ
3506 1294 3691 1368 ἀναγι-

2094 1384 2348 1443 νώσκετε’
2432 1382 2731 1456 τουτέστιν,
2810 1382 3295 1460 ὗπομιμνήσκεσθε’
3394 1379 3694 1460 ἀνάγνωσις

2094 1475 2198 1554 γάρ
2234 1478 2375 1534 ἐστιν
2426 1477 2461 1545 ἡ
2510 1472 2827 1549 ὑπόμνησις,
2875 1472 2910 1544 ἢ
2969 1474 3166 1533 ἄνωθεν
3215 1476 3427 1551 γνῶσις.
3479 1469 3592 1530 Καὶ
3629 1467 3692 1554 τί

2094 1550 2254 1644 λέγω,
2286 1562 2470 1656 φησὶν,
2522 1562 2678 1656 ἅτινα
2728 1564 3227 1656 ὑπομιμνήσκεσθε;
3271 1560 3427 1621 ἅτινα
3476 1560 3571 1656 μὲν
3601 1550 3693 1619 οὖν

388 1656 565 1713 nostri
596 1670 717 1712 esse
749 1656 993 1728 propria,
1026 1670 1207 1726 neque
1236 1669 1373 1727 opus
1386 1652 1587 1709 habere
1606 1650 1978 1725 suggestione,

2100 1655 2465 1735 ἐπιγινώσκετε
2543 1648 2677 1711 εἶναι
2738 1653 2892 1735 ἡμῖν-ν
2945 1651 3080 1732 ἴδια,
3145 1652 3281 1732 μηδὲ
3340 1648 3694 1726 ὑπομνήσεως

387 1763 452 1804 eo
478 1746 631 1819 quod
674 1745 787 1802 sint
812 1743 1141 1818 perspicua?

457 1838 648 1893 Vsus.
677 1841 766 1905 13,
802 1841 881 1891 14.
921 1857 949 1884 σι
972 1836 1141 1907 Spero
1156 1842 1345 1890 autem
1362 1832 1512 1906 quod
1536 1832 1605 1889 ad
1625 1830 1796 1888 ﬁdem
1811 1845 1985 1903 usque

388 1926 728 1999 agnoscetis;
816 1925 1291 1999 quemadmodum
1371 1922 1666 1996 agnovistis
1740 1937 1846 1977 nos
1918 1935 1984 1977 ex

387 2024 560 2089 parte.
592 2040 617 2065 ιο
684 2018 898 2073 Totum
951 2018 1069 2072 Deo
1112 2022 1395 2087 acceptum
1453 2011 1642 2069 refert.
1694 2034 1719 2059 α
1750 2012 1923 2082 Spero
1957 2032 1981 2057 υ

389 2106 563 2171 enim,
606 2104 802 2177 inquit,
846 2104 900 2159 in
951 2108 1138 2160 Deum
1194 2102 1466 2166 videlicet,
1521 2099 1671 2173 quod
1697 2100 1831 2155 tales
1883 2112 1988 2159 nos

399 2194 738 2267 agnoscetis,
769 2194 956 2265 quales
985 2202 1040 2249 et
1083 2192 1330 2264 epistolae
1382 2198 1592 2248 nostrae
1624 2187 1888 2256 indicant,
1927 2204 1989 2243 ac

399 2283 674 2357 praeterita
714 2293 903 2340 nostra
923 2283 1030 2338 vita
1057 2282 1313 2355 spondet.
1366 2304 1391 2329 α
1448 2284 1526 2337 Ex
1565 2287 1721 2351 parte
1750 2293 1989 2350 namque

406 2389 518 2431 nos
545 2373 861 2447 agnovistis,
895 2398 921 2423 υ
963 2372 1069 2430 hoc
1095 2380 1198 2441 est,
1223 2371 1427 2445 experti
1455 2370 1607 2439 estis,
1639 2385 1768 2427 cum
1796 2384 1899 2426 nos
1922 2384 1987 2423 ex

397 2472 555 2536 parte
596 2463 753 2521 vobis
790 2463 1295 2521 demonstravimus
1334 2460 1595 2534 quaedam
1624 2460 1749 2517 vitae
1790 2459 1990 2515 virtute

388 2561 683 2611 transacta;
708 2553 926 2611 indicia.
972 2552 1128 2611 Istud
1168 2560 1358 2610 autem
1413 2567 1481 2609 ex
1509 2550 1697 2607 animo
1726 2548 1989 2606 modesto

390 2643 608 2701 locutus
630 2652 729 2703 est.

478 2754 506 2785 «
533 2734 677 2804 Quia
720 2733 893 2807 gloria
922 2742 1099 2790 vestra
1131 2747 1346 2802 sumus,
1375 2732 1537 2801 sicut
1556 2737 1615 2786 et
1640 2745 1739 2787 vos
1780 2736 1990 2795 nostra,

396 2830 457 2887 in
494 2827 579 2885 die
635 2824 859 2881 Domini
910 2826 1045 2881 Jesu
1094 2821 1324 2879 Christi.
1360 2844 1385 2870 ιν
1438 2819 1586 2890 Quid
1645 2819 1992 2892 agnoscatis?

390 2916 553 2991 Quod
572 2915 749 2988 gloria
764 2921 947 2970 vestra
965 2928 1112 2980 sum,
1144 2910 1251 2967 hoc
1269 2918 1353 2967 est
1377 2909 1504 2966 talis
1530 2924 1675 2978 sum,
1711 2908 1802 2978 qui
1830 2907 1992 2965 vobis

2092 1733 2339 1823 δεόμενα,
2370 1742 2458 1802 διὰ
2484 1742 2543 1801 τὸ
2572 1742 2812 1822 πρόδηλα
2844 1733 3003 1804 εἶναι.

2179 1857 2207 1892 α
2250 1833 2488 1902 Ἐλπίζω
2512 1832 2567 1891 δὲ
2596 1834 2678 1893 ὅτι
2701 1831 2793 1892 καὶ
2821 1832 2921 1901 ἕως
2960 1832 3141 1901 τέλους
3172 1830 3547 1911 ἐπιγνώσεσθε,
3589 1852 3693 1889 κα-

2091 1924 2193 1992 θὼς
2222 1923 2313 1983 καὶ
2355 1923 2617 2001 ἐπέγνωτε
2665 1926 2808 1999 ἡμᾶς
2851 1922 2960 1983 ἀπὸ
2995 1921 3202 2003 μέρους.
3252 1948 3277 1975 ιι
3325 1924 3422 2002 Τῷ
3464 1922 3592 1999 Θεῷ
3634 1917 3697 1977 τὸ

2094 2024 2201 2075 πᾶν
2234 2014 2565 2086 ἀνατίθησιν.
2620 2039 2645 2066 α
2701 2012 2946 2081 Ἐλπίζω
2989 2034 3018 2071 ι)
3071 2013 3196 2092 γὰρ,
3262 2011 3442 2091 φησὶν,
3486 2012 3559 2078 εἷς
3604 2009 3697 2068 τὸν

2094 2107 2234 2167 Θεὸν
2284 2103 2512 2179 δηλαδὴ,
2542 2102 2622 2161 ὅτι
2652 2102 2919 2171 τοιούτους
2955 2106 3101 2181 ἡμᾶς
3134 2100 3511 2183 ἐπιγνώσεσθε,
3561 2096 3699 2167 οἴους

2095 2196 2187 2255 καὶ
2216 2197 2270 2253 αἱ
2300 2192 2580 2254 ἐπιστολαὶ
2606 2197 2760 2269 ἡμῶν
2797 2194 3036 2266 δηλοῦσι,
3086 2192 3179 2251 καὶ
3217 2195 3246 2250 ὁ
3272 2192 3533 2272 παρελθον
3584 2188 3698 2269 βίος

2094 2290 2369 2365 ἐγγυᾶται.
2419 2310 2446 2338 α
2480 2282 2581 2342 Ἐκ
2620 2283 2809 2364 μέρους
2858 2309 2883 2337 ι)
2922 2281 3026 2363 γὰρ
3080 2306 3113 2338 α
3157 2280 3421 2360 ἐπέγνωτε
3464 2284 3626 2356 ἡμᾶς’
3655 2299 3688 2336 ι)

2095 2376 2385 2451 τουτέστιν,
2457 2374 2833 2454 Ἐπειράθητε,
2886 2375 3042 2449 ἡμῶν
3099 2370 3514 2448 ἐπιδειξαμένων
3568 2371 3697 2445 ὑμῖν

2094 2469 2155 2526 ἐκ
2186 2465 2374 2545 μέρους
2419 2464 2541 2545 τινᾲ
2588 2464 2835 2545 ἐναρέτου
2884 2463 3002 2542 βίου
3032 2462 3319 2542 τεκμήρια.
3354 2464 3696 2542 Μετριοφρο-

2093 2543 2196 2617 νῶν
2227 2543 2283 2615 δέ
2308 2560 2463 2616 τοῦτο
2491 2543 2662 2614 εἶπεν.

2185 2758 2217 2796 α
2241 2735 2376 2797 Ὀτι
2418 2734 2681 2815 καύχημα
2725 2734 2874 2811 ὑμῶν
2905 2734 3090 2811 ἐσμεν,
3137 2731 3383 2813 καθάπερ
3423 2732 3516 2792 καὶ
3552 2731 3704 2809 ὑμεῖς

2097 2828 2274 2903 ἡμῶν,
2303 2826 2358 2883 ἐν
2497 2824 2676 2905 ἡμέρα
2721 2828 2814 2883 τοῦ
2849 2823 3049 2903 Κυρίου
3101 2823 3306 2902 [ἡμῶν]
3339 2821 3517 2894 Ἰησοῦ
3561 2823 3702 2901 Χρι-

2098 2918 2246 2975 στοῦ.
2296 2936 2326 2973 ι
2360 2914 2432 2974 Τί
2465 2911 2853 2993 ἐπιγνώσεσθε;
2889 2911 3022 2993 Ὅτι
3069 2914 3332 2991 καύχημα
3368 2914 3518 2990 ὑμῶν
3565 2912 3699 2988 εἰμι’

393 3007 740 3065 occasionem
764 3004 832 3060 de
870 3018 961 3058 me
988 2999 1256 3074 gloriandi
1286 2998 1531 3072 praebere
1569 3014 1797 3070 possum
1840 2998 1984 3070 quod

2103 3002 2361 3102 τουτέστι,
2416 3003 2839 3102 Τοιοῦτός-εἶμι,
2891 2992 2995 3071 οἶος
3038 3001 3237 3061 διδόναι
3278 3006 3403 3077 ὑμῖν
3454 3000 3700 3083 ἀφορμὴν

397 3098 565 3155 talem
594 3091 809 3151 habetis
854 3092 1162 3155 doctorem,
1211 3090 1310 3162 qui
1354 3088 1486 3145 nihil
1534 3104 1635 3146 vos
1662 3089 1993 3155 humanum,

400 3189 474 3245 nil
505 3185 847 3251 simulatum,
887 3182 962 3237 nil
1013 3180 1308 3237 subdolum
1360 3179 1629 3236 docuerit.
1678 3177 1892 3235 Deinde
1927 3193 1995 3233 ne

397 3275 550 3335 istud
578 3274 645 3331 de
669 3289 728 3331 se
750 3270 1089 3345 jactabunde
1116 3269 1317 3327 dixisse
1342 3268 1611 3339 videatur,
1635 3282 1994 3324 communem

400 3365 533 3423 facit
554 3364 967 3438 gloriationem,
1009 3361 1260 3432 inquiens
1304 3381 1316 3416 :
1360 3362 1474 3416 Vos
1494 3358 1661 3415 etiam
1688 3374 1811 3415 mea
1838 3358 1995 3413 eritis

407 3454 679 3529 gloriatio.
718 3451 1013 3509 Gloriabor
1038 3449 1189 3505 enim
1234 3446 1386 3522 quod
1432 3447 1749 3521 hujusmodi
1798 3455 1995 3504 nactus

399 3546 506 3602 sim
536 3542 858 3616 discipulos,
878 3540 976 3614 qui
1001 3555 1178 3611 neque
1194 3538 1601 3607 concutiantur,
1648 3553 1825 3611 neque
1852 3536 2000 3594 deci-

406 3635 631 3708 piantur
676 3647 707 3688 a
753 3629 1210 3704 pseudapostolis.
1266 3628 1498 3700 Quando
1552 3644 1682 3685 vero
1710 3628 1851 3685 inter
1894 3643 1999 3684 nos

403 3733 596 3781 mutuo
625 3721 1027 3795 gloriabimur?
1057 3720 1381 3776 Etiamnum
1410 3717 1660 3791 quidem,
1698 3717 1796 3775 sed
1825 3719 1998 3790 potis-

401 3815 607 3871 simum
634 3812 691 3869 in
717 3811 806 3870 die
837 3810 947 3867 illa.
981 3809 1153 3867 Hodie
1180 3824 1423 3881 namque
1460 3807 1604 3865 haud
1633 3808 1795 3880 pauci
1817 3807 2000 3864 convi-

404 3906 489 3962 cia
526 3911 583 3961 et
634 3901 924 3975 opprobria
976 3915 1100 3973 quae
1136 3915 1241 3956 nos
1286 3899 1643 3966 sustinemus,
1684 3895 1892 3966 vident,
1937 3914 2000 3954 ac

402 3994 632 4052 fortasse
673 3991 1077 4049 calumniantur
1113 4005 1218 4045 nos
1267 4009 1281 4045 :
1326 3998 1449 4045 tum
1479 4005 1631 4057 vero,
1680 3986 1775 4045 ubi
1804 3997 1999 4045 cuncta

402 4085 640 4142 revelata
656 4080 879 4144 fuerint,
904 4079 1126 4136 videbor
1156 4086 1210 4134 et
1241 4076 1407 4149 247
1438 4094 1562 4149 ego,
1590 4077 1739 4151 quod
1762 4093 1872 4134 non
1892 4079 1999 4136 sim

404 4172 554 4240 talis,
586 4169 804 4243 qualem
837 4166 1239 4240 pseudapostoli
1267 4166 1692 4223 calumniantur.
1743 4169 1859 4223 Vos
1901 4183 1997 4223 au-

407 4270 520 4316 tem
553 4258 808 4331 gloriatio
843 4265 1039 4313 nostra
1070 4255 1241 4325 eritis,
1279 4254 1428 4328 quod
1451 4255 1847 4330 impostoribus
1887 4272 1999 4313 non

407 4350 686 4424 conjuncti
712 4348 911 4405 fuistis.

475 4407 661 4498 V'an.
706 4445 795 4496 15.
821 4461 847 4487 «
883 4441 949 4495 Et
982 4437 1083 4495 hac
1123 4436 1321 4494 ﬁducia
1348 4436 1494 4494 volui
1538 4435 1688 4510 prius
1717 4436 1899 4493 venire
1934 4436 2003 4493 ad
2032 4407 2080 4470 θ

403 4548 515 4589 vos.
552 4552 579 4583 »
605 4530 789 4601 Quali,
812 4544 1022 4601 quwso,
1053 4527 1257 4584 ﬁducia
1279 4527 1307 4583 ?
1333 4525 1499 4600 Quod
1532 4526 1671 4582 nihil
1705 4525 1847 4583 mihi
1878 4527 2007 4582 mali

403 4621 660 4678 conscius
691 4620 833 4692 λείη),
868 4618 1020 4692 quod
1078 4618 1330 4692 gloriatio
1357 4624 1541 4674 vestra
1569 4617 1700 4686 sim,
1747 4616 1899 4687 quod
1952 4617 2009 4672 in

404 4711 608 4767 carnali
658 4710 928 4781 sapientia
973 4725 1089 4765 non
1115 4708 1222 4765 sim
1262 4715 1531 4776 versatus,
1568 4706 1666 4764 sed
1724 4706 1782 4761 in
1836 4707 2008 4779 gratia

407 4799 530 4868 Dei,
570 4799 829 4872 quodque
871 4814 971 4855 vos
1012 4797 1221 4854 horum
1252 4790 1509 4854 omnium
1534 4805 1698 4853 testes
1749 4795 2004 4852 habeam.

409 4893 644 4962 Propter
669 4887 785 4946 haec
812 4887 995 4961 igitur,
1025 4886 1238 4961 inquit,
1272 4909 1299 4937 ι
1332 4887 1479 4944 volui
1511 4886 1698 4945 venire
1716 4886 1785 4944 ad
1812 4901 1928 4944 vos.
1979 4910 2005 4937 :-

482 5093 507 5120 ιι
539 5070 623 5129 Ut
675 5068 982 5127 secundam
1047 5067 1284 5141 gratiam
1320 5067 1664 5124 haberetis.»
1708 5068 1845 5124 Haec
1897 5077 2003 5138 est,

406 5160 611 5233 duplex
639 5159 929 5233 gaudium,
957 5166 1077 5216 tum
1118 5158 1173 5215 id
1205 5158 1355 5231 quod
1380 5156 1607 5229 contigit
1644 5173 1741 5229 per
1763 5157 2004 5229 priorem

407 5251 732 5323 Epistolam,
763 5258 882 5307 tum
909 5248 1046 5308 illud
1064 5249 1212 5323 quod
1230 5248 1505 5323 accepturi
1529 5246 1663 5305 estis
1678 5263 1775 5320 per
1800 5246 2005 5305 adven-

410 5348 533 5399 tum
560 5356 769 5399 meum.

2108 3093 2426 3173 καυχήσεως
2464 3095 2548 3151 ἐπ’
2577 3092 2717 3171 ἐμοὶ,
2765 3091 2845 3151 ὅτι
2892 3098 3124 3153 τοιοῦτον
3155 3091 3306 3171 ἔχετε
3341 3090 3699 3163 διδάσκαλον,

2107 3182 2256 3243 οὐδὲν
2303 3182 2626 3263 ἀνθρώπινον
2675 3180 2984 3259 διδάξαντα,
3026 3182 3127 3262 οὐχ
3153 3181 3418 3255 ὕπουλον,
3462 3183 3521 3241 οὗ
3551 3182 3701 3241 δολε-

2108 3273 2217 3352 ρόν,
2272 3263 2411 3333 Εἶτα
2459 3271 2547 3333 ἵνα
2593 3271 2669 3351 μὴ
2714 3273 2837 3352 δόξῃ
2886 3272 3009 3353 περὶ
3053 3274 3243 3330 ἑαυτοῦ
3302 3269 3475 3349 λέγειν
3527 3293 3704 3350 μεγα-

2105 3364 2320 3444 λαυχῶν
2354 3361 2428 3437 ³⁷,
2461 3365 2835 3423 κοινοποιεῖται
2862 3361 2923 3421 τὸ
2959 3361 3244 3441 καύχημα,
3278 3360 3371 3419 καί
3399 3383 3580 3441 φησιν,
3622 3358 3703 3419 ὅτι

2109 3453 2213 3514 Καὶ
2257 3457 2406 3531 ὑμεῖς
2434 3452 2695 3532 καύχημα
2738 3451 2921 3512 ἔσεσθε
2965 3452 3117 3529 ἐμόν.
3172 3451 3537 3530 Καυχήσομαι
3579 3450 3703 3530 γὰρ,

2104 3541 2185 3602 ὅτι
2207 3541 2457 3603 τοιούτων
2491 3540 2677 3623 ἔτυχον
2707 3543 2992 3620 μαθητῶν,
3023 3541 3099 3619 μὴ
3131 3538 3534 3618 σαλευομένων,
3565 3541 3702 3616 μηδὲ

2102 3632 2602 3712 παραλογιζομένων
2637 3632 2739 3691 ὕπὸ
2785 3635 2889 3690 τῶν
2938 3631 3409 3711 ψευδαποστόλων.
3455 3629 3599 3690 Πότε
3647 3628 3704 3688 δὲ

2103 3725 2189 3783 ἐπ’
2227 3722 2476 3794 ἀλλήλοις
2505 3721 2916 3803 καυχησόμεθα,
2950 3721 3061 3781 Καὶ
3095 3725 3184 3779 νῦν
3217 3720 3332 3798 μὲν,
3359 3720 3602 3797 μάλιστα
3648 3720 3703 3781 δὲ

2101 3813 2157 3871 ἐν
2288 3813 2467 3895 ἡμέρᾳ
2510 3812 2702 3891 ἐκείνῃ.
2736 3813 2849 3872 Νῦν
2880 3810 2975 3889 μὲν
3004 3810 3109 3891 γὰρ
3140 3813 3189 3870 οἱ
3224 3810 3415 3871 πολλοὶ
3456 3812 3525 3870 τὰ
3566 3809 3703 3869 ὀνεί-

2104 3903 2170 3975 δη
2200 3903 2292 3963 καὶ
2316 3902 2383 3961 τὰ
2406 3900 2736 3980 σκώμματα,
2770 3900 2805 3959 ἃ
2830 3900 3162 3983 ὓφιστάμεθα
3192 3901 3369 3978 ἡμεῖς,
3400 3903 3585 3981 ὁρῶσι,
3611 3900 3706 3959 καὶ

2104 3990 2233 4060 ἴσως
2280 3990 2659 4051 διαϐάλλουσιν
2689 3995 2853 4069 ἡμᾶς·
2892 3990 3012 4050 τότε
3055 3990 3130 4064 δὲ,
3174 3992 3391 4050 πάντων
3431 3992 3703 4050 ἀνακαλυ-

2106 4080 2362 4163 φθέντων,
2402 4079 2709 4164 φανήσομαι
2753 4080 2846 4139 καὶ
2892 4080 3021 4159 ἐγὼ,
3078 4081 3158 4140 ὅτι
3198 4083 3255 4140 οὐ
3306 4085 3562 4158 τοιοῦτος,
3596 4069 3705 4140 οἷον

2107 4173 2156 4230 οἱ
2182 4170 2603 4252 ψευδαπόστολοι
2627 4170 3000 4231 διαϐάλλουσι·
3038 4171 3130 4231 καὶ
3160 4170 3311 4248 ὑμεῖς
3357 4169 3413 4229 δὲ
3441 4169 3705 4250 καύχημα

2107 4265 2263 4338 ἡμῶν
2290 4260 2506 4337 ἔσεσθε,
2538 4257 2620 4321 ὅτι
2644 4261 2703 4321 οὗ
2727 4269 2834 4329 τοῖς
2876 4264 3152 4321 ἀπατεῶσι
3183 4260 3559 4341 προσετέθητε.

2194 4462 2221 4491 α
2254 4434 2363 4497 Καὶ
2391 4433 2558 4515 ταύτῃ
2588 4440 2656 4516 τῇ
2687 4434 3005 4507 πεποιθήσει
3052 4434 3349 4512 ἐϐουλόμην
3380 4436 3549 4493 ἐλθεῖν
3580 4434 3709 4513 πρὸς

2118 4527 2256 4605 ὑμᾶς
2294 4525 2355 4586 τὸ
2402 4525 2674 4606 πρότερον.
2718 4548 2748 4586 ι
2795 4525 2940 4606 Ποία
2986 4524 3335 4599 πεποιθήσει;
3391 4526 3488 4605 Τῷ
3543 4524 3711 4606 μηδὲν

2119 4603 2335 4697 ἐμαυτῷ
2376 4603 2672 4676 συνειδέναι
2716 4603 2977 4696 πονηρὸν,
3014 4618 3089 4695 τῷ
3134 4614 3396 4694 καύχημα
3439 4603 3589 4692 ὗμῶν
3636 4603 3712 4673 εἶ-

2118 4730 2224 4781 ναι,
2252 4709 2329 4787 τῷ
2357 4706 2493 4784 μηδὲ
2525 4709 2577 4767 ἐν
2622 4709 2851 4786 σαρκικῇ
2900 4708 3300 4787 ἀναστραφῆναι
3341 4703 3525 4785 σοφίᾳ,
3570 4703 3711 4763 ἀλλὰ

2116 4800 2169 4855 ἐν
2196 4797 2376 4876 χάριτι
2397 4802 2492 4856 τοῦ
2523 4798 2665 4856 Θεοῦ
2685 4839 2703 4869 ,
2727 4795 2819 4876 καὶ
2847 4799 2987 4875 ὑμᾶς
3019 4795 3289 4876 μάρτυρας
3330 4793 3476 4874 ἔχειν
3507 4791 3708 4853 τούτων

2115 4886 2349 4946 πάντων.
2401 4885 2507 4947 Διὰ
2531 4890 2701 4946 ταῦτα
2736 4875 2846 4964 οὖν,
2886 4885 3065 4968 φησὶν,
3104 4875 3146 4943 α
3192 4883 3492 4963 ἐϐουλόμην
3536 4885 3708 4944 ἐλθεῖν

2114 4975 2247 5057 πρὸς
2278 4979 2432 5053 ὑμᾶς.
2465 5000 2497 5033 ν

2201 5090 2232 5123 α
2262 5063 2386 5126 Ἵνα
2424 5065 2672 5146 δευτέραν
2700 5065 2857 5147 χάριν
2893 5064 3078 5146 ἔχητε.
3106 5087 3137 5125 υ
3178 5065 3435 5127 Τουτέστι
3452 5112 3472 5141 ,
3513 5065 3707 5136 διπλῆν

2113 5157 2312 5238 χαρὰν,
2344 5156 2443 5230 τήν
2479 5180 2538 5217 τε
2571 5154 2659 5215 διὰ
2686 5161 2781 5230 τῆς
2809 5156 3067 5237 προτέρας
3105 5157 3448 5232 Ἐπιστολῆς,
3478 5155 3570 5215 καὶ
3609 5154 3708 5225 τὴν

2115 5247 2203 5308 διὰ
2224 5251 2319 5320 τῆς
2344 5245 2641 5330 παρουσίας
2665 5270 2792 5324 μου.

1802 5491 1992 5553 Variae
2036 5492 2338 5554 lectiones.

486 5609 528 5643 ⁸⁷
558 5608 761 5672 ἀλαζὼν
792 5611 905 5683 περὶ
925 5608 1109 5685 ,ἑαυτοῦ
1140 5610 1481 5684 μεγαλαυχῶν
1508 5626 1561 5668 o.
