4134 6450
363 410 474 464 809

1270 407 1626 466 EXPOSITIO
1665 410 1732 465 IN
1771 411 1983 467 EPIST.
2025 413 2066 467 ll
2107 414 2198 468 AD
2239 414 2397 470 (ΞΟΠ.
2439 445 2508 456 --
2547 415 2694 470 CAP.
2739 417 2778 470 l.

3571 421 3676 475 810

457 559 484 588 ι
535 531 644 594 Καὶ
669 534 737 592 δι’
769 532 918 610 ὐμῶν
947 533 1166 592 διελθεῖν
1199 535 1270 601 εἷς
1301 533 1660 594 Μακεδονίαν.
1703 561 1729 590 ιι
1782 536 1968 596 Καίτοι

2153 540 2340 596 Vsus.
2368 545 2454 595 16.
2479 561 2504 587 «ι
2538 541 2618 594 Ac
2639 554 2733 611 per
2758 554 2855 594 vos
2883 539 3110 596 transire
3133 540 3191 595 in
3217 541 3623 598 Macedoniam.
3648 566 3674 593 ιι

366 623 424 681 ἐν
577 621 810 704 προτέρᾳ
853 621 1152 701 Ἐπιστολῇ
1195 623 1428 704 εἰρήκει·
1480 649 1504 677 α
1553 623 1885 702 Ἐλεύσομαι
1916 624 1970 683 δὲ

369 712 504 794 πρὸς
546 716 718 788 ὑμᾶς,
764 711 890 771 ὅταν
933 712 1273 773 Μακεδονίαν
1316 713 1504 773 διέλθω
1529 737 1543 751 ·
1573 742 1596 768 υ
1645 717 1869 774 ἐνταῦθα
1914 713 1972 774 δέ

367 825 558 883 φησιν,
591 800 674 861 ὅτι
705 830 728 854 σι
760 800 1099 878 Ἐϐουλόμην
1125 804 1377 881 πρότερον
1411 805 1576 863 ἐλθεῖν
1606 802 1732 883 πρὸς
1761 809 1899 872 ὑμᾶς
1930 827 1958 862 ι)

364 890 440 952 Τί
467 882 598 965 οῧνς
634 894 811 970 ἑαυτῷ
841 893 1202 966 ἐναντιοῦται;
1245 891 1335 965 Μὴ
1385 892 1623 971 γένοιτοέ
1656 897 1738 954 Οὐ
1763 893 1864 972 γὰρ
1894 883 1968 953 εἷ-

365 1004 464 1040 πεν
486 1026 504 1059 ,
529 979 611 1041 ὅτι
641 977 902 1062 Ἔγραψα
934 979 1000 1039 δι’
1029 982 1177 1056 ὑμῶν
1210 983 1457 1039 ἀπελθεῖν
1489 984 1559 1049 εἷς
1590 982 1927 1043 Μακεδονίαν
1946 1027 1964 1056 ,

367 1071 512 1143 ἀλλ’,
544 1097 570 1124 ιι
605 1069 969 1146 Ἐϐουλόμην.
999 1094 1028 1126 γ)
1064 1073 1128 1129 Εἰ
1156 1069 1261 1150 γὰρ
1296 1069 1389 1129 καὶ
1425 1072 1524 1151 οὐχ
1552 1073 1715 1139 οὕτως
1739 1073 1967 1154 ἔγραψα,

366 1159 573 1242 φησὶν,
616 1158 760 1236 ὅμως
799 1159 1124 1228 ἐσπούδαζον
1165 1159 1257 1219 καὶ
1298 1158 1594 1237 ἐϐουλόμην
1630 1163 1796 1222 ἐλθεῖν
1837 1162 1968 1240 πρὸς

364 1251 509 1327 ὑμᾶς
536 1249 628 1310 καὶ
650 1250 774 1331 πρὶν
805 1248 1143 1310 Μακνδονίαν
1173 1247 1270 1308 ἴδω
1293 1272 1306 1288 -
1337 1255 1584 1310 τοσοῦτον
1611 1251 1846 1333 ἀπέσχον
1876 1257 1967 1311 τοῦ

367 1342 676 1420 ῥᾳθυμῆσαι
731 1341 900 1400 ἐλθεῖν
956 1339 1087 1420 πρὸς
1149 1342 1316 1416 ὑμᾶς,
1373 1340 1466 1399 καὶ
1532 1343 1824 1421 ὖστερῆσαι
1873 1345 1969 1416 τῆς

365 1427 738 1510 ὑποσχέσεως,
764 1427 904 1490 ὥστε
929 1427 1021 1488 καὶ
1046 1429 1351 1509 προφθάσαι
1379 1427 1545 1502 αὐτὴν
1583 1430 1842 1505 ἦθέλητα.

449 1546 474 1573 α
522 1519 628 1579 Καὶ
672 1520 833 1579 πάλιν
879 1517 989 1577 ἀπὸ
1039 1519 1376 1587 Μακεδονίας
1419 1521 1586 1580 ἐλθεῖν
1626 1521 1756 1600 πρὸς
1793 1523 1964 1598 ὑμᾶς,

363 1607 461 1668 καὶ
513 1610 598 1690 ὕφ’
648 1611 796 1684 ὑμῶν
854 1611 1269 1688 προπεμφθῆναι
1325 1610 1396 1674 εἰς
1447 1609 1543 1682 τὴν
1581 1609 1887 1690 ΔἸουδαίαν.
1941 1638 1965 1666 ι

365 1697 463 1759 Ἐν
506 1688 574 1777 τῇ
610 1696 842 1779 προτέρᾳ
879 1697 1177 1780 Ἐπιστολῇ
1211 1697 1521 1780 ἀδιορίστως
1560 1688 1706 1760 εἶπεν
1729 1723 1742 1737 ο
1788 1728 1810 1752 α
1846 1697 1968 1761 Ἵνα

2083 629 2253 701 Atqui
2273 629 2326 684 in
2351 629 2530 700 priore
2567 628 2809 699 Epistola
2832 629 3048 684 dixerat
3084 641 3135 698 ε,
3160 653 3185 678 ιι
3217 631 3449 687 Veniam
3480 631 3548 688 ad
3581 648 3678 689 vos

2080 719 2174 774 ubi
2207 719 2591 775 Macedoniam
2622 719 2898 774 transiero
2931 737 2943 774 :
2977 739 3004 772 ι)
3051 719 3140 775 hic
3169 736 3295 775 vero
3326 723 3424 788 ait,
3461 723 3675 778 «Volui

2082 807 2232 878 prius
2272 809 2459 864 venire
2491 808 2559 865 ad
2587 825 2700 864 vos.
2733 832 2757 857 υ
2793 808 2937 878 Quid
2968 809 3173 880 igitur?
3202 825 3390 866 secum
3413 811 3526 880 ipse
3568 828 3670 882 pu-

2078 900 2248 969 gnat?
2281 897 2747 970 Haudquaquam.
2783 901 2904 954 Non
2934 899 3082 953 enim
3108 899 3265 962 dixit,
3321 899 3523 969 Scripsi
3575 916 3672 971 per

2080 1002 2176 1042 vos
2203 1004 2291 1044 me
2323 988 2604 1044 abiturum
2636 988 2693 1042 in
2725 987 3130 1053 Macedoniam,
3169 987 3286 1055 sed,
3323 1011 3350 1037 α
3386 989 3600 1045 Veluti.
3641 1009 3668 1041 ι)

2077 1075 2303 1132 Etiamsi
2334 1078 2483 1132 enim
2512 1093 2625 1132 non
2655 1077 2734 1132 sic
2762 1077 2975 1148 scripsi,
3019 1077 3214 1149 inquit,
3248 1077 3539 1134 studebam
3583 1086 3667 1133 ta-

2078 1180 2202 1220 men
2247 1175 2302 1221 et
2365 1167 2616 1222 volebam
2644 1166 2829 1221 venire
2877 1166 2946 1222 ad
2984 1182 3082 1222 vos
3115 1167 3430 1238 priusquam
3483 1170 3676 1224 Mace-

2075 1254 2306 1310 doniam
2327 1255 2615 1311 inviserem
2649 1272 2662 1310 :
2697 1263 2913 1311 tantum
2946 1255 3100 1311 abest
3118 1265 3181 1311 ut
3208 1273 3272 1311 ex
3307 1256 3559 1312 socordia
3588 1256 3672 1311 in-

2077 1345 2407 1400 termiserim
2437 1345 2736 1418 quominus
2783 1345 2853 1401 ad
2879 1361 2976 1401 vos
3003 1345 3272 1408 venirem,
3313 1361 3376 1401 ac
3412 1362 3527 1401 non
3556 1354 3674 1402 sta-

2077 1450 2197 1491 rem
2233 1435 2614 1506 promissioni,
2633 1443 2691 1489 ut
2716 1444 2771 1490 et
2799 1436 3098 1505 praevenire
3126 1435 3279 1492 illam
3310 1435 3599 1491 voluerim.

2155 1547 2177 1572 α
2215 1527 2286 1579 Et
2314 1524 2518 1580 iterum
2549 1540 2579 1579 a
2612 1523 2929 1579 Macedonia
2959 1523 3138 1580 venire
3171 1523 3243 1580 ad
3293 1541 3408 1591 vos,
3433 1533 3490 1580 et
3521 1541 3551 1580 a
3573 1540 3674 1582 vo-

2081 1612 2161 1668 bis
2201 1613 2402 1669 deduci
2455 1614 2508 1668 in
2551 1613 2824 1669 Judaeam.
2865 1637 2889 1662 ι»
2929 1617 2988 1668 1η
3037 1613 3217 1685 priore
3245 1613 3675 1684 Epistolainde-

2079 1701 2234 1758 finite
2275 1702 2430 1770 dixit,
2464 1725 2490 1751 α
2545 1705 2628 1759 Ut
2673 1718 2768 1758 vos
2831 1718 2920 1758 me
2987 1701 3277 1758 deducatis
3334 1719 3667 1775 quocunque

366 1791 522 1865 ὑμεῖς
552 1812 619 1864 με
659 1778 1020 1868 προπέμψητε
1064 1778 1122 1846 οὗ
1165 1787 1255 1845 ἐὰν
1287 1778 1634 1868 πορεύσωμαι
1660 1813 1674 1827 ·
1713 1814 1738 1848 ι)
1794 1791 1968 1850 δεδοι-

2089 1793 2216 1863 iero,
2251 1816 2276 1842 ν
2313 1793 2513 1848 veritus
2537 1808 2606 1848 ne
2635 1791 2679 1847 si
2719 1792 2964 1856 dixisset,
3011 1793 3064 1846 in
3085 1793 3361 1859 Judzeam,
3399 1802 3454 1847 et
3491 1811 3521 1849 a
3547 1794 3670 1864 Spi-

365 1875 474 1946 κώς
524 1875 714 1953 μήπως
751 1875 951 1950 εἰπὼν,
994 1876 1076 1937 ὅτι
1109 1879 1200 1944 Εἰς
1239 1876 1334 1950 τὴν
1365 1876 1656 1956 Ἰουδαίαν,
1705 1870 1819 1939 εἶτα
1862 1880 1965 1939 ὑπὸ

365 1974 460 2028 τοῦ
498 1967 809 2044 Πνεύματος
846 1970 870 2026 ἐ
922 1965 1078 2044 έρωθι
1118 1968 1469 2046 ἀναγκασθεὶς
1506 1970 1774 2042 ἀπελθεῖν,
1825 1976 1968 2053 φανῇ

364 2056 615 2131 ψεύστης.
665 2059 781 2117 Νῦν
831 2056 886 2116 δὲ
937 2055 1122 2129 ἐπειδὴ
1171 2057 1408 2137 ἀπέτυχε
1459 2064 1549 2117 τοῦ
1596 2059 1727 2141 πρὸς
1783 2062 1970 2129 αὐτοὺς

364 2148 532 2206 ἐλθεῖν
556 2191 574 2221 ,
619 2149 827 2229 θαῤῥῶν
869 2145 1013 2223 λέγει
1055 2147 1272 2217 λοιπὸν,
1311 2147 1390 2205 ὅτι
1425 2148 1518 2214 Εἷς
1557 2147 1653 2218 τὴν
1709 2149 1968 2212 Ἰουδαίαν

366 2235 556 2309 ἤθελον
600 2239 1012 2318 προπεμφθῆναι
1042 2235 1127 2317 ὑφ’
1157 2240 1302 2314 ὑμῶν
1326 2260 1340 2275 ο
1374 2239 1494 2296 ἀλλ’
1521 2241 1549 2297 ὃ
1585 2239 1861 2306 Θεὸςίούτε
1898 2243 1970 2310 εἷς

369 2327 512 2404 ὑμᾶς
556 2327 690 2394 ὅλως
737 2329 904 2386 ἐλθεῖν
954 2325 1412 2401 εὖδόκησεν,οὔτε
1461 2329 1531 2395 εἷς
1573 2326 1669 2401 τὴν
1705 2329 1970 2392 Ἰουδαίαν

369 2413 458 2495 ὑφ’
489 2417 636 2491 ὖμῶν
669 2420 1102 2498 προπεμφθῆναι.
1152 2411 1340 2476 Ἄκουε
1388 2406 1476 2477 οῦν
1525 2417 1614 2477 καὶ
1663 2421 1767 2477 τῶν
1817 2418 1970 2492 ἑξῆς·

457 2531 484 2560 α
533 2497 841 2566 T031005
894 2505 1244 2584 βουλόμενος,
1303 2507 1432 2584 μήτι
1479 2508 1580 2589 ἄρα
1633 2512 1697 2588 τῇ
1747 2509 1974 2592 ἐλαφρίᾳ

367 2593 722 2679 ἐχρησάμην)
755 2593 833 2656 *Η
879 2595 914 2654 ἃ
960 2595 1313 2676 βουλεύομαι,
1347 2596 1486 2656 κατὰ
1537 2596 1712 2679 σάρκα
1756 2599 1973 2677 βουλεύ-

366 2675 533 2764 ομαι,
563 2682 651 2744 ἵνα
743 2683 871 2765 παρ’
910 2685 1030 2762 ἐμοὶ
1069 2685 1128 2744 τὸ
1157 2685 1274 2758 ναὶ,
1307 2685 1426 2759 ναὶ,
1458 2685 1550 2745 καὶ
1582 2675 1641 2746 τὸ
1672 2675 1774 2766 οὒ,
1807 2687 1902 2762 ού;
1935 2712 1962 2748 ι)

368 2772 638 2835 Ἐνταῦθα
693 2775 1034 2854 ἐκδηλότερον
1093 2775 1435 2853 ἀπολογεῖται
1496 2775 1630 2856 ὑπὲρ
1686 2781 1783 2848 τῆς
1843 2782 1977 2859 βρα-

367 2862 623 2939 δύτητος,
666 2863 757 2924 καί
781 2888 964 2946 φησιν,
991 2861 1071 2923 ὅτι
1106 2867 1432 2946 Βουλόμενος
1458 2867 1624 2926 ἐλθεῖν
1650 2868 1778 2946 πρὸς
1805 2871 1973 2944 ὑμᾶς,

367 2953 508 3021 τίνος
539 2956 711 3013 ἕνεκεν
753 2954 845 3013 οὐκ
883 2944 1075 3028 ἦλθον,
1119 2945 1224 3031 ἆρα
1254 2955 1324 3022 ὣς
1356 2955 1582 3036 ἐλαφρὸς
1628 2944 1974 3037 καῖμεῦρίπι-

371 3066 533 3119 στος,
573 3043 665 3103 καὶ
710 3042 904 3103 ἄλλοτε
948 3045 1088 3104 ἄλλα
1130 3048 1374 3125 φρονῶν;
1417 3047 1705 3123 Οὐδαμῶς.
1739 3035 1875 3126 ’Ἆρα
1921 3045 1976 3105 δὲ

2075 1881 2183 1937 ritu
2231 1881 2338 1937 alio
2394 1890 2620 1938 coactus
2680 1881 2869 1938 fuisset
2919 1880 3214 1954 proﬁcisci,
3259 1881 3491 1936 mendax
3541 1897 3668 1938 esse

2078 1971 2372 2028 videretur.
2431 1976 2556 2028 Jam
2602 1987 2744 2026 nunc
2795 1987 2924 2027 vero
2974 1970 3427 2043 quandoquidem
3471 1971 3538 2026 ad
3583 1986 3679 2028 eos

2075 2061 2345 2132 proﬁcisci
2389 2079 2502 2117 non
2526 2062 2773 2133 contigit,
2803 2061 2928 2116 ideo
2970 2061 3227 2116 audacter
3254 2060 3409 2128 dicit,
3453 2060 3597 2131 quod
3621 2061 3678 2116 in

2076 2151 2323 2208 Iudaeam
2354 2151 2498 2208 volui
2547 2169 2577 2207 a
2620 2151 2773 2206 vobis
2819 2151 3013 2207 deduci
3061 2160 3162 2206 :at
3197 2155 3314 2207 Deo
3361 2150 3540 2206 visum
3571 2159 3676 2219 est,

2078 2247 2142 2296 ut
2179 2257 2354 2314 neque
2383 2241 2614 2297 omnino
2654 2241 2722 2298 ad
2766 2258 2860 2297 vos
2891 2241 3155 2304 venirem,
3205 2257 3387 2312 neque
3436 2257 3466 2296 a
3523 2240 3680 2296 vobis

2078 2328 2136 2385 in
2163 2331 2417 2389 Judaeam
2442 2330 2760 2388 deducerer.
2800 2329 2948 2388 Audi
2976 2331 3140 2404 igitur
3176 2346 3301 2404 quae
3351 2338 3675 2403 sequuntur.

2155 2516 2338 2572 Vens.
2403 2519 2493 2571 t7.
2546 2535 2572 2564 (ι
2602 2515 2741 2592 Cum
2759 2528 2890 2585 ergo
2911 2512 3017 2568 hoc
3057 2512 3379 2578 voluissem,
3405 2512 3681 2585 numquid

2079 2605 2296 2661 levitate
2326 2621 2459 2660 usus
2488 2619 2610 2659 sum
2639 2607 2662 2659 P
2693 2609 2804 2659 Aut
2832 2617 2955 2672 qua
2985 2602 3182 2674 cogito,
3226 2602 3536 2658 secundum
3564 2619 3684 2658 car-

2081 2710 2207 2750 nem
2235 2693 2437 2765 cogito,
2473 2701 2534 2748 ut
2552 2695 2625 2747 sit
2645 2691 2788 2764 apud
2822 2708 2928 2758 me,
2957 2707 3064 2758 nm,
3092 2707 3205 2760 nae,
3227 2701 3282 2747 et
3313 2709 3448 2760 non,
3481 2695 3678 2747 non?»

2084 2785 2185 2841 Hic
2228 2784 2424 2839 clarius
2453 2784 2726 2838 rationem
2752 2781 2930 2837 reddit
2957 2781 3226 2837 tarditatis
3249 2797 3386 2844 suae,
3411 2782 3682 2853 inquiens,

2083 2876 2223 2932 Cum
2240 2874 2309 2930 ad
2324 2890 2419 2929 vos
2431 2873 2618 2929 venire
2636 2872 3020 2940 decrevissem,
3038 2871 3200 2942 cujus
3218 2888 3384 2927 causa
3404 2888 3519 2926 non
3537 2872 3684 2927 veni?

2086 2967 2234 3020 Num
2267 2964 2392 3036 quia
2418 2962 2548 3019 levis
2577 2971 2632 3018 et
2680 2962 2999 3018 inconstans
3030 2962 3157 3026 sim,
3192 2969 3248 3017 et
3271 2961 3363 3033 qui
3393 2961 3526 3017 alias
3574 2962 3680 3017 alia

2083 3054 2314 3110 sentiat?
2337 3055 2721 3126 Nequaquam.
2751 3055 2896 3108 Num
2923 3051 3403 3120 igiturseeundum
3433 3067 3681 3118 carnem,

371 3133 514 3195 κατὰ
542 3133 746 3211 σάρκα,
777 3133 1044 3194 τουτέστιν
1065 3177 1082 3209 ,
1131 3133 1474 3215 ἀνθρωπίνως
1507 3135 1854 3215 βουλεύομαι,
1883 3136 1975 3195 καὶ

2092 3142 2148 3198 id
2199 3152 2300 3209 est,
2332 3141 2576 3197 humano
2601 3158 2754 3197 more
2782 3141 3047 3208 delibero,
3075 3150 3130 3196 et
3151 3141 3367 3212 propria
3406 3140 3688 3196 voluntate

372 3223 546 3304 οἰκείᾳ
601 3221 789 3302 γνώμῃ
859 3224 1193 3299 διοικοῦμαι,
1247 3222 1387 3285 ὥστε
1458 3223 1487 3283 ὃ
1563 3224 1802 3306 ᾄςιορίσω
1850 3228 1998 3305 παρ’λ-

375 3315 629 3394 ἐμαυτῷ,
663 3316 821 3372 τοῦτο
855 3313 946 3373 καὶ⁵
975 3316 1166 3392 πληρῶ
1191 3358 1206 3388 ,
1256 3312 1356 3372 κάν
1388 3337 1444 3373 τε
1473 3315 1555 3402 νιξῖ
1641 3315 1742 3374 κάν
1787 3339 1845 3376 τε
1884 3315 1978 3389 οὔ,

376 3403 497 3464 Οὐκ
543 3401 652 3482 ἔχω
715 3401 956 3471 ἐξουσίαν
1007 3401 1139 3463 ὅπου
1190 3401 1327 3462 θέλω
1390 3401 1630 3478 ἀπιέναι,
1681 3404 1801 3464 ἀλλ’
1849 3403 1982 3466 ὅπου

377 3491 549 3552 ἐκεῖνο
594 3491 898 3572 προστάξει.
938 3491 1117 3553 Ὥστε
1167 3489 1424 3561 πολλάκις
1471 3492 1596 3574 παρ’
1627 3494 1747 3570 ἐμοὶ
1795 3494 1856 3554 τὸ
1895 3495 1982 3554 ναὶ

376 3583 475 3640 οὐκ
502 3581 611 3640 ἔστι
639 3579 757 3655 ναὶ,
788 3582 877 3640 διὰ
920 3583 982 3643 τὸ
1023 3581 1099 3659 μὴ
1128 3581 1223 3642 καὶ
1259 3587 1335 3664 τῷ
1372 3582 1658 3659 Πνεύματι
1687 3583 1832 3652 δόξαι
1861 3590 1984 3643 τοῦ-

375 3695 476 3730 το·
520 3670 637 3730 οὐδὲ
685 3671 746 3731 τὸ
791 3669 887 3745 οὒ,
938 3670 1031 3745 οὒ,
1073 3671 1206 3731 διότι
1246 3674 1377 3753 ὅπερ
1426 3671 1530 3752 ἐγὼ
1583 3673 1979 3751 ἀπαναίνομαι,

376 3765 537 3821 τοῦτο
576 3759 780 3820 κελεύει
809 3759 871 3820 τὸ
903 3764 1152 3838 Πνεῦμα.
1184 3758 1334 3840 cl0pc:
1365 3760 1421 3821 δὲ
1452 3760 1664 3840 σοφίαν,
1710 3767 1823 3829 πῶς
1853 3765 1984 3843 ὅπερ

379 3851 431 3910 οἱ
476 3847 852 3918 διαϐάλλοντες
896 3853 1163 3933 πρόφασιν
1190 3850 1455 3931 λοιδορίας
1485 3855 1780 3928 ἐποιοῦντο,
1816 3851 1876 3910 τὸ
1909 3851 1984 3928 μὴ

381 3941 553 4000 ἐλθεῖν
596 3940 1000 4021 ὑποσχόμενον,
1047 3947 1203 4000 τοῦτο
1233 3941 1389 4008 αὐτὸς
1433 3943 1487 3999 ἐν
1528 3942 1792 4020 ἐγκωμὶου
1825 3941 1985 4022 μοίρᾳ

381 4029 604 4104 τάττει,
636 4029 698 4090 τὸ
726 4029 803 4106 μὴ
844 4029 1157 4101 ἐξουσιάζειν
1199 4031 1387 4090 ἑαυτοῦ
1410 4075 1429 4109 ,
1461 4033 1581 4090 ἀλλ’
1616 4030 1838 4108 ἄγεσθαι
1884 4031 1986 4091 ὑπὸ

383 4123 479 4180 τοῦ
529 4118 843 4195 Πνεύματος
891 4119 1022 4181 ὅπου
1055 4120 1118 4180 ἄν
1149 4120 1334 4199 ἐκείνῳ
1383 4120 1532 4201 δοκῇ.
1567 4121 1639 4182 Τί
1669 4120 1763 4194 δέ;
1811 4121 1986 4180 ἐκεῖνα

387 4209 425 4269 a
467 4211 808 4290 ὑπισχνεῖτο,
850 4211 910 4269 οὔ
958 4208 1096 4286 μετὰ
1141 4214 1237 4283 τῆς
1266 4214 1358 4269 τοῦ
1387 4209 1701 4287 Πνεύματος
1731 4211 1992 4290 ἐνεργείας

387 4301 733 4380 ὗπισχνεῖτο,
775 4297 893 4358 ἀλλ’
928 4299 1106 4378 ἠγνόει
1139 4298 1198 4359 τὸ
1229 4299 1462 4378 μέλλον,
1497 4297 1741 4378 Ἢγνόει·
1795 4303 1854 4360 οὐ
1885 4298 1990 4381 γὰρ

388 4387 570 4449 πάντα
610 4389 865 4449 ἐπίστατο
891 4413 904 4426 ο
934 4389 1074 4450 ὥστε
1094 4388 1148 4429 2⁸
1177 4389 1268 4448 καὶ
1320 4388 1608 4469 ἀσύμφορα
1649 4387 1846 4467 ηὔχετο
1865 4434 1880 4462 ,
1919 4391 1988 4456 ὡς

2090 3233 2388 3306 gubernor,
2411 3241 2470 3288 ut
2493 3231 2641 3302 quod
2669 3231 3010 3287 constituero
3041 3229 3187 3302 apud
3219 3229 3507 3300 meipsum,
3541 3230 3687 3285 idem

2091 3331 2145 3378 et
2189 3323 2482 3393 impleam,
2535 3321 2649 3377 sive
2699 3321 2771 3376 sit
2809 3336 2916 3389 nae,
2947 3320 3059 3375 sive
3090 3321 3161 3375 sit
3209 3322 3352 3376 non?
3392 3319 3553 3375 Haud
3607 3319 3688 3375 sic

2092 3411 2231 3467 istud
2262 3411 2446 3466 habet.
2513 3410 2618 3467 Sed
2666 3410 2871 3480 Spiritu
2920 3425 3074 3482 agor,
3104 3425 3209 3465 nec
3243 3409 3380 3464 mihi
3430 3409 3584 3480 copia
3608 3416 3693 3464 est

2094 3500 2261 3570 facta,
2305 3508 2366 3556 ut
2386 3515 2496 3571 quo
2535 3498 2694 3556 velim
2721 3499 3056 3570 proﬁciscar,
3105 3498 3201 3554 sed
3233 3515 3341 3570 quo
3389 3499 3477 3553 ille
3506 3498 3694 3569 injun-

2094 3590 2258 3647 xerit.
2298 3593 2486 3661 Itaque
2512 3603 2896 3659 saepenumero
2933 3588 3076 3659 apud
3102 3604 3190 3642 me
3209 3603 3294 3643 nae
3323 3603 3436 3642 non
3468 3593 3552 3643 est
3573 3603 3685 3655 nae,

2095 3690 2383 3754 propterea
2435 3679 2581 3751 quod
2619 3693 2730 3734 non
2777 3677 2940 3733 etiam
2984 3678 3211 3748 Spiritui
3253 3677 3359 3732 hoc
3407 3678 3617 3746 placeat
3675 3697 3688 3731 :

2093 3786 2272 3842 neque
2311 3785 2422 3824 non
2471 3768 2611 3839 apud
2666 3782 2752 3822 me
2795 3767 2866 3822 sit
2935 3782 3071 3834 non,
3124 3765 3294 3837 248
3331 3764 3688 3837 quandoqui-

2094 3859 2220 3916 dem
2282 3859 2333 3916 id
2378 3857 2527 3929 quod
2565 3873 2666 3928 ego
2706 3871 2903 3923 renuo,
2950 3855 3184 3926 Spiritus
3206 3855 3386 3926 jubet.
3444 3855 3691 3910 Observa

2097 3958 2284 4005 autem
2314 3948 2431 4020 ejus
2453 3945 2800 4018 sapientiam,
2830 3943 3112 4018 quomodo
3149 3943 3300 4016 quod
3324 3943 3688 3998 calumniato-

2094 4054 2182 4095 res
2220 4038 2568 4094 occasionem
2615 4034 2849 4091 convicii
2879 4033 3172 4099 faciebant,
3216 4033 3342 4106 quia
3371 4049 3488 4088 non
3515 4032 3692 4088 venis-

2098 4136 2201 4197 set,
2231 4142 2358 4184 cum
2389 4125 2735 4199 promisisset
2763 4133 2969 4190 tamen,
3017 4123 3124 4179 hoc
3152 4124 3265 4194 ipse
3308 4120 3543 4178 encomii
3573 4121 3694 4178 loco

2097 4218 2276 4291 ponit,
2307 4232 2526 4288 nempe,
2554 4214 2703 4287 quod
2723 4213 2806 4269 sui
2837 4221 3164 4286 potestatem
3193 4228 3308 4267 non
3347 4211 3566 4278 habeat,
3589 4226 3696 4268 cte-

2097 4316 2283 4364 terum
2312 4305 2460 4377 quod
2490 4321 2519 4359 a
2560 4304 2765 4376 Spiritu
2795 4311 2987 4376 agatur
3037 4317 3308 4375 quorsum
3338 4301 3386 4358 is
3441 4301 3694 4357 voluerit.

2100 4397 2248 4470 Quid
2285 4412 2414 4452 vero
2443 4394 2466 4446 ?
2492 4394 2587 4449 Illa
2618 4409 2742 4466 qua:
2773 4392 3151 4464 promittebat,
3202 4404 3387 4447 nonne
3412 4406 3540 4447 cum
3581 4391 3698 4461 Spi-

390 4476 483 4536 ἐπὶ
510 4483 604 4537 τοῦ
631 4477 907 4546 σκόλοπος.
939 4479 1055 4541 Καὶ
1093 4479 1147 4537 ἐν
1175 4484 1290 4545 ταῖς
1321 4478 1556 4558 Πράξεσι
1601 4478 1655 4537 δὲ
1687 4477 1979 4556 εὑρίσκεται

2101 4488 2238 4543 ritus
2273 4484 2594 4557 operatione
2639 4482 3013 4555 promittebat,
3064 4479 3164 4536 sed
3218 4480 3513 4550 ingorabat
3561 4478 3698 4550 quid

394 4567 715 4647 βουλόμενος
740 4571 987 4628 ἀπελθεῖν
1018 4569 1296 4647 ἀλλαχοῦ,
1334 4567 1426 4626 καὶ
1466 4567 1568 4626 ὕπὸ
1603 4571 1697 4626 τοῦ
1733 4567 1985 4644 [Ινεύμα-

394 4679 485 4724 τος
507 4655 859 4735 κωλυόμενος.
891 4659 1066 4719 Τοῦτο
1095 4655 1151 4716 δὲ
1185 4656 1556 4738 συμφερόντως
1581 4660 1608 4715 ὃ
1638 4655 1773 4724 Θεὸς
1801 4657 1991 4734 ἐποίει,

392 4744 484 4805 ἵνα
541 4745 617 4824 μὴ
677 4749 750 4815 ὣς
801 4751 934 4814 θεοῖς
979 4749 1152 4815 αὐτοῖς
1205 4745 1540 4828 προσέχωσιν
1592 4747 1640 4804 οἱ
1693 4745 1959 4827 ἄνθρωποι
1981 4768 1996 4784 ·

393 4834 530 4916 ὅπερ
560 4837 609 4896 οἱ
634 4836 904 4906 Λυκάονες
932 4835 1146 4899 ἔπαθον.

486 5220 510 5246 ι
560 5192 759 5262 Πιστὸς
793 5192 849 5252 δὲ
878 5195 907 5252 ὁ
936 5192 1104 5267 Θεὸς,
1135 5189 1216 5252 ὅτι
1249 5193 1278 5252 ὁ
1296 5189 1448 5268 λόγος
1474 5195 1632 5270 ἡμῶν
1657 5193 1685 5251 ὁ
1713 5189 1840 5271 πρὸς
1871 5191 2008 5266 ὑμᾶς

404 5283 504 5343 οὖκ
533 5282 739 5361 ἐγένετο
773 5281 824 5319 ²⁹
875 5282 997 5361 ναὶ,
1029 5283 1121 5342 καὶ
1156 5279 1240 5344 οὔ.
1284 5303 1314 5340 ι)
1354 5280 1640 5342 Ἀντίθεσιν
1671 5279 2006 5339 ἀνακύπτου-

404 5393 508 5430 σαν
539 5371 674 5432 λύει.
718 5372 878 5440 Εἶκὸς
897 5372 1017 5454 ,γὰρ
1044 5373 1244 5452 εἰπεῖν,
1265 5395 1382 5430 τινα
1402 5395 1416 5409 ·
1448 5373 1518 5432 Εἰ
1548 5372 1684 5452 ἅπερ
1717 5368 1886 5450 λέγεις
1916 5369 2011 5428 οὐκ

474 5524 502 5561 8
531 5516 557 5571 Ι
587 5517 730 5574 Cor.’
753 5531 882 5586 xvr,
912 5521 998 5587 l5,
1071 5509 1100 5549 ¹²
1139 5519 1264 5574 Act.
1295 5530 1430 5587 va,
1459 5521 1511 5573 6.
1590 5514 1606 5549 ί
1639 5515 1764 5571 Act.
1798 5527 1931 5581 xxv,
1960 5515 2047 5568 10.

2103 4574 2352 4632 futurum
2381 4575 2549 4630 esset?
2581 4571 2894 4645 lgnorabat.
2934 4573 3060 4627 Non
3111 4568 3256 4624 enim
3301 4567 3484 4622 omnia
3514 4575 3692 4622 norat.

2103 4667 2292 4735 Itaque
2339 4679 2436 4736 pro
2474 4663 2540 4719 iis
2568 4663 2784 4728 orabat,
2833 4675 2957 4733 quae
3008 4658 3220 4714 inutilia
3251 4665 3434 4726 erant,
3481 4663 3542 4712 ut
3571 4672 3702 4711 cum

2103 4754 2172 4812 de
2199 4753 2425 4810 stimulo
2469 4768 2500 4808 a
2551 4767 2609 4808 se
2663 4749 2968 4807 auferendo
3007 4755 3207 4805 oraret.
3241 4749 3306 4804 In
3355 4745 3506 4802 Actis
3538 4744 3703 4801 etiam

2105 4845 2385 4901 invenitur
2433 4841 2581 4914 quod
2634 4839 2868 4898 voluerit
2920 4839 3030 4896 alio
3059 4837 3230 4908 abire,
3287 4836 3380 4893 sed
3425 4852 3456 4893 a
3498 4835 3704 4908 Spiritu

2105 4933 2174 4991 sit
2196 4931 2510 5006 prohibitus
2559 4931 2616 4986 ιι.
2653 4930 2716 4987 ld
2746 4944 2875 4986 vero
2905 4927 3202 4986 commode
3264 4925 3494 4983 faciebat
3532 4929 3705 5006 Deus,

2108 5030 2179 5071 ne
2199 5004 2460 5069 'homines
2497 5011 2603 5068 illis
2629 5019 2694 5068 ut
2721 5009 2831 5068 diis
2874 5018 3059 5067 essent
3080 5008 3300 5077 intenti,
3324 5007 3381 5064 id
3412 5004 3567 5079 quod
3597 5007 3706 5077 Ly-

2113 5102 2376 5160 caonibus
2410 5099 2610 5157 accidit
2639 5103 2674 5154 i.

2185 5196 2362 5249 Vens.
2403 5193 2484 5247 18.
2521 5212 2548 5239 α
2591 5188 2799 5246 Fidelis
2825 5195 3008 5244 autem
3057 5189 3229 5250 Deus,
3258 5184 3380 5255 quia
3411 5199 3596 5240 sermo
3617 5199 3712 5240 no-

2115 5292 2227 5339 ster
2249 5280 2341 5354 qui
2375 5279 2479 5336 fuit
2507 5278 2655 5352 apud
2687 5294 2802 5343 vos,
2834 5293 2946 5332 non
2986 5275 3093 5332 fuit
3120 5289 3206 5329 nae
3239 5279 3295 5329 et
3332 5289 3468 5328 non.
3502 5295 3527 5319 ιο
3555 5271 3717 5344 Obje-

2116 5374 2358 5430 ctionem
2397 5379 2767 5443 emergentem
2810 5367 2994 5424 diluit.
3036 5363 3343 5421 Verisimile
3391 5362 3542 5422 enim
3599 5372 3716 5419 erat

1793 5638 1988 5699 Variae
2031 5637 2336 5697 lectiones.

482 5730 526 5766 ”
552 5732 604 5795 ὃς
633 5751 694 5804 γε
723 5747 776 5790 ο.
855 5731 899 5767 ²⁹
932 5730 1038 5786 ἔστι
1068 5749 1123 5789 ο.

627 5846 858 5901 ΡΑτιιοι.
896 5845 1002 5902 Gn.
1045 5844 1265 5901 CXXIV.

3369 5833 3438 5886 26
