4134 6456
402 438 496 489 8H

1425 428 1942 484 THEOPHYLACTI
1980 427 2340 483 BULGARUE
2378 425 2696 482 ARCHIBP.

3601 426 3706 479 8|2

399 559 671 616 dicturum
701 557 1043 630 quempiam,
1071 555 1125 612 Si
1154 569 1281 626 quae.
1323 553 1463 610 dicis
1493 569 1604 610 non
1658 562 1788 610 sunt
1809 553 1990 622 ﬁrma,

2110 553 2207 611 εἰσὶ
2252 551 2478 632 βέϐαια,
2508 549 2646 610 ἀλλὰ
2693 548 2955 616 πολλάκις
2981 547 3152 626 λέγεις
3189 548 3311 622 vui,
3342 547 3433 606 xui
3463 546 3707 628 εὑρίσκε-

399 643 495 701 sed
545 659 690 716 saepe
751 641 891 697 dicis
953 656 1060 708 nm,
1119 649 1174 695 et
1243 640 1522 696 invenitur
1572 657 1707 710 non,
1791 641 1991 696 metui-

401 751 528 791 mus
556 750 627 790 ne
653 749 762 806 quo
790 731 956 787 modo
984 739 1038 787 et
1057 746 1242 786 sermo
1284 739 1414 786 tuus
1451 739 1507 787 et
1533 731 1842 802 praedicatio
1872 730 1994 786 talis

403 826 496 890 sit,
528 840 726 895 nempe
751 839 839 880 nae
868 830 924 878 et
961 839 1093 890 non,
1158 821 1264 878 hoc
1301 830 1403 886 est,
1445 821 1766 878 inconstans
1808 831 1864 878 et
1910 822 1991 877 in-

407 915 641 971 stabilis.
669 917 827 969 Hanc
851 913 1016 986 igitur
1047 910 1375 980 dissolvens,
1417 910 1580 984 Quod
1608 912 1990 982 promiseram,

403 1004 601 1076 inquit,
651 1003 831 1059 venire
856 1002 923 1058 ad
954 1019 1069 1072 vos,
1101 1018 1288 1058 meum
1332 1009 1470 1069 erat,
1525 1001 1669 1057 unde
1710 1009 1765 1057 et
1804 1017 1833 1056 a
1865 1017 1990 1072 pro-

400 1096 576 1166 posito
605 1093 798 1150 decidi.
827 1091 1147 1149 Praedicatio
1177 1100 1362 1148 autem
1388 1091 1490 1147 Dei
1507 1099 1609 1160 est,
1639 1098 1694 1147 et
1727 1106 1850 1163 quae
1889 1093 1990 1148 Dei

405 1189 532 1238 sunt
564 1182 745 1238 fallere
770 1198 883 1238 non
919 1190 1148 1253 possunt
1179 1200 1191 1234 :
1252 1190 1534 1252 propterea
1579 1180 1742 1236 etiam
1791 1181 1990 1253 inquit,

407 1297 432 1321 σι
481 1271 682 1328 Fidelis
711 1279 796 1328 est
837 1274 1012 1338 Deus,
1046 1294 1072 1320 ν
1106 1271 1210 1326 hoc
1234 1278 1336 1338 est,
1359 1286 1538 1326 verus.
1583 1269 1847 1339 Proinde,
1869 1271 1991 1342 quia

404 1378 566 1417 verus
594 1369 708 1426 est,
738 1376 920 1435 neque
961 1359 1187 1416 verbum
1223 1359 1396 1431 ipsius
1422 1375 1550 1430 erga
1578 1375 1694 1428 vos,
1720 1359 1870 1433 quod
1895 1376 1996 1418 nos

409 1450 847 1523 praedicavimus,
896 1450 1214 1506 inconstans
1251 1459 1308 1505 et
1337 1449 1586 1505 instabile
1623 1448 1747 1518 erit,
1773 1458 1836 1505 ut
1861 1449 1996 1507 alias

409 1541 632 1613 quidem
675 1542 745 1598 sit
783 1557 891 1608 nae,
923 1541 1059 1598 alias
1093 1557 1220 1596 vero
1253 1557 1385 1596 non.

473 1632 650 1688 Vens.
687 1637 771 1687 19.
802 1654 827 1680 α
863 1631 961 1686 Dei
993 1630 1140 1686 enim
1175 1629 1346 1686 Filius
1393 1630 1554 1686 Jesus
1596 1628 1866 1700 Christus,
1901 1630 1994 1703 qui

405 1720 456 1775 in
487 1719 640 1775 vobis
674 1728 758 1775 est
778 1735 873 1790 per
901 1734 1003 1774 nos
1025 1717 1374 1791 praedicatus,
1397 1735 1494 1790 per
1523 1734 1613 1774 me
1629 1727 1685 1774 et
1705 1717 1993 1774 Silvanum

405 1818 459 1866 et
487 1808 860 1876 Timotheum,
917 1825 1027 1864 non
1057 1807 1164 1864 fuit
1193 1823 1278 1864 nae
1321 1816 1378 1864 et
1411 1824 1546 1877 nou,
1589 1807 1687 1865 sed
1715 1823 1803 1864 nae
1845 1808 1904 1863 in
1934 1823 1999 1864 eo

405 1898 530 1955 fuit.
561 1921 586 1947 ιι
621 1899 889 1970 Deinceps
916 1897 1049 1954 dicit
1078 1897 1258 1971 qualis
1281 1913 1469 1954 sermo
1489 1914 1604 1954 non
1634 1897 1802 1954 fuerit
1829 1913 1918 1954 nae
1947 1906 2001 1954 et

403 2003 540 2044 non.
586 2010 610 2036 «ι
652 1987 764 2057 Qui
802 1987 858 2042 in
886 1987 1040 2043 vobis
1068 1987 1395 2058 praedicatus
1425 1995 1530 2055 est,
1561 2002 1675 2042 non
1700 1986 1803 2042 fuit
1833 2002 1919 2042 nae
1945 1993 2001 2042 et

403 2093 539 2148 non,
566 2101 593 2126 ι»
623 2076 731 2133 hoc
745 2085 848 2144 est,
879 2093 997 2133 non
1019 2077 1123 2132 hoc
1150 2077 1373 2148 quidem
1405 2093 1554 2133 nunc
1583 2076 2002 2148 praedicabatur,

403 2183 555 2222 nunc
603 2183 734 2222 vero
772 2166 918 2223 aliud
953 2181 1190 2222 :verum
1229 2181 1314 2222 nae
1347 2165 1474 2232 fuit,
1504 2165 1612 2222 hoc
1632 2174 1737 2234 est,
1775 2164 2009 2221 ﬁrmiter

407 2264 464 2313 ct
525 2256 847 2312 inconcusse
889 2254 1213 2326 praedicatus
1254 2263 1355 2312 est.
1395 2258 1670 2311 Recenset
1711 2262 1892 2310 autem
1951 2263 2006 2310 et

406 2345 820 2401 multitudinem
841 2360 1033 2401 eorum
1051 2347 1145 2418 qui
1163 2345 1614 2417 praedicaverunt,
1630 2343 2002 2400 testimonium

405 2434 515 2491 ﬁde
565 2435 798 2506 dignum
827 2433 1056 2500 faciens,
1103 2448 1166 2487 ac
1202 2432 1571 2488 humilitatem
1619 2433 1843 2499 docens,
1872 2449 2002 2489 cum

405 2539 539 2580 suos
566 2523 864 2594 discipulos
887 2522 1247 2579 condortores
1272 2522 1463 2578 faciat.

477 2616 658 2670 Vens.
692 2619 786 2670 20.
841 2635 864 2660 α
912 2615 1202 2684 Quotquot
1233 2613 1382 2668 enim
1435 2621 1566 2668 sunt
1609 2612 2003 2685 promissiones

401 2702 528 2769 Dei,
559 2703 615 2758 in
658 2703 780 2774 ipso
805 2711 936 2758 sunt
965 2717 1068 2770 uae,
1103 2710 1160 2757 et
1187 2702 1241 2756 in
1262 2703 1380 2774 ipso
1408 2706 1581 2758 Amen
1629 2705 1746 2759 Deo
1781 2701 1851 2758 ad
1882 2702 2001 2775 glo-

405 2793 546 2849 riam
580 2809 678 2864 per
711 2807 834 2848 nos.
882 2815 908 2841 ιο
943 2795 1004 2848 In
1051 2792 1441 2864 praedicatione
1481 2792 1652 2848 multa
1693 2802 1821 2849 sunt
1876 2807 2002 2864 qua;

408 2881 830 2954 promittuntur,
928 2881 1256 2938 resurrectio
1305 2890 1685 2950 mortuorum,
1761 2881 2001 2937 ﬁliorum

408 2971 655 3042 adoptio,
686 2986 749 3026 ac
778 2971 1104 3043 simpliciter
1131 2987 1257 3043 Spes
1285 2969 1458 3028 futuri
1491 2971 1703 3027 saeculi.
1755 2970 2000 3040 Aitergo

404 3061 553 3132 quod
585 3075 715 3130 non,
735 3061 916 3117 solum
935 3060 1080 3116 verbi
1126 3060 1490 3117 ministerium
1525 3060 1771 3133 adeoque
1803 3058 2000 3131 praedi-

404 3150 548 3206 catio
601 3149 852 3206 similiter
914 3150 1127 3214 habeat,
1186 3167 1250 3206 ac
1297 3149 1527 3206 ﬁrmiter
1573 3149 1870 3222 praedicata
1910 3149 1999 3216 sit,

2031 1947 2081 2010 B

2105 665 2194 700 ται
2237 640 2326 717 οὒ,
2357 641 2668 716 δεδοίκαμεν
2721 638 2913 716 μήπως
2964 637 3056 696 καὶ
3098 641 3126 696 6
3177 638 3330 716 λόγος
3376 660 3470 697 σου
3521 637 3612 697 xui
3649 639 3710 696 τὸ

2103 731 2355 812 κήρυγμα
2401 730 2630 790 τοιοῦτόν
2663 731 2806 801 ἐστι,
2838 727 2925 812 vui
2973 728 3064 787 xui
3098 725 3157 787 οὔ
3179 750 3191 764 ·
3222 726 3489 787 τουτέστιν
3533 727 3704 786 ἄστα-

2102 809 2190 880 τον
2221 809 2311 879 καὶ
2341 819 2618 878 ἀϐέϐαιον.
2650 819 2831 891 Φησὶν
2862 809 2952 877 οὖν
2977 817 3117 876 λύων
3149 817 3383 894 ταύτην,
3412 816 3493 876 ὅτι
3522 815 3582 876 τὸ
3612 818 3709 894 μὲν

2105 912 2522 989 ἐπαγγείλασθαι
2567 909 2731 967 ἐλθεῖν
2782 905 2908 983 ἐμὸν
2959 898 3058 985 ἦν,
3117 905 3196 966 διὸ
3261 907 3353 966 καὶ
3405 905 3708 987 ἀπέτυχον·

2104 999 2166 1059 τὸ
2215 999 2270 1058 δὲ
2320 998 2572 1077 κήρυγμα
2621 1001 2711 1056 τοῦ
2759 999 2904 1055 Θεοῦ
2935 998 3086 1066 ἐστι,
3127 995 3220 1054 καὶ
3268 995 3552 1075 ἀμήχανον
3585 998 3706 1055 δια-

2105 1087 2402 1170 ψεύσασθαι
2421 1089 2488 1147 τὰ
2511 1090 2604 1146 τοῦ
2623 1089 2766 1148 Θεοῦ
2783 1109 2797 1123 ο
2821 1085 2898 1144 διὸ
2919 1085 3008 1145 xui
3025 1084 3158 1167 ἔφηύ
3180 1113 3205 1138 σι
3233 1085 3436 1152 Πιστὸς
3457 1087 3485 1143 6
3504 1085 3660 1160 Θεὸς,
3686 1112 3710 1138 ιο

2103 1177 2374 1240 τουτέστιν
2394 1223 2410 1252 ,
2440 1177 2659 1250 ἀληθής.
2701 1173 2878 1235 εὨστε
2898 1222 2914 1251 ,
2946 1175 3061 1236 ἐπεὶ
3102 1175 3307 1247 ἀληθής
3337 1176 3503 1252 ἐστιν,
3535 1175 3652 1235 οὖδὲ
3685 1179 3712 1234 6

2104 1269 2256 1348 λόγος
2309 1270 2468 1328 αὐτοῦ
2535 1269 2565 1327 6
2615 1267 2744 1346 πρὸς
2794 1268 2963 1343 ὑμᾶς,
3011 1264 3069 1324 ὃν
3127 1269 3286 1342 ἡμεῖς
3339 1263 3708 1344 ἐκηρύξαμεν,

2105 1357 2332 1426 ἄστατός
2375 1359 2486 1416 ἐστι
2513 1355 2606 1415 καὶ
2642 1353 2920 1429 ἀϐέϐαιος,
2958 1355 3051 1414 καὶ
3086 1353 3216 1414 ποτὲ
3257 1353 3379 1434 μὲν,
3423 1354 3540 1429 ναὶ,
3572 1352 3708 1413 ποτὲ

2106 1447 2196 1522 δὲ,
2223 1446 2306 1510 οὔ.

2189 1651 2220 1686 ιν
2268 1626 2337 1690 Ὁ
2361 1624 2465 1707 γὰρ
2493 1632 2584 1687 τοῦ
2614 1627 2755 1687 Θεοῦ
2779 1624 2907 1694 Υἱὸς
2931 1623 3139 1699 Ἰησοῦς
3163 1623 3415 1704 Χριστὸς,
3441 1627 3471 1686 6
3501 1627 3555 1686 ἐν
3585 1626 3712 1702 ύμῖν

2109 1719 2175 1778 δι’
2210 1721 2363 1794 ἡμῶν
2386 1717 2697 1798 κηρυχθεὶς,
2731 1715 2798 1776 δι’
2827 1719 2959 1794 ἐμοῦ
3005 1715 3098 1776 xui
3137 1718 3431 1776 Σιλουανοῦ
3473 1715 3564 1776 καὶ
3603 1718 3709 1777 Τι-

2111 1808 2334 1883 μοθέου,
2365 1809 2462 1866 οὖκ
2490 1809 2694 1885 ἐγένετο
2735 1804 2823 1864 ναὶ
2873 1805 2966 1864 καὶ
3002 1803 3097 1878 οὒ,
3147 1805 3288 1864 ἀλλὰ
3337 1804 3424 1864 ναὶ
3463 1807 3516 1864 ἐν
3566 1805 3712 1887 αὖτῷ

2109 1897 2336 1975 γέγονεν.
2371 1918 2400 1954 ιι
2445 1896 2646 1955 Λοιπὸν
2687 1894 2826 1972 λέγει
2864 1903 3013 1962 ποῖος
3059 1893 3212 1974 λόγος
3238 1895 3334 1954 οὔκ
3372 1894 3580 1973 ἐγένετο
3623 1893 3712 1954 vui

2112 1987 2204 2045 xui
2232 1985 2291 2046 οὗ
2309 1984 2382 2044 3°.
2420 2007 2451 2040 α
2482 1983 2550 2046 Ὁ
2581 1987 2634 2044 ἐν
2665 1987 2788 2060 ὗμῖν
2818 1983 3101 2066 κηρυχθεὶς
3127 1985 3222 2044 οὐκ
3252 1984 3460 2062 ἐγένετο
3489 1982 3572 2042 ναὶ
3611 1983 3704 2042 xui

2109 2074 2169 2134 οὔ
2192 2099 2206 2114 ·
2247 2074 2546 2148 τουτέστιν,
2577 2076 2637 2133 οὖ
2681 2079 2772 2133 νῦν
2806 2076 2903 2152 μὲν
2941 2080 3094 2134 τοῦτο
3125 2073 3478 2154 ἐκηρύττετο,
3525 2077 3614 2132 νῦν
3655 2072 3712 2132 δὲ

2110 2169 2263 2224 τοῦτο
2287 2188 2302 2203 ο
2343 2164 2483 2223 ἀλλὰ
2525 2165 2611 2224 vui
2656 2163 2895 2242 ἐγένετο,
2931 2162 3206 2238 τουτέστι,
3258 2162 3488 2243 βεϐαίως
3511 2162 3560 2202 ³⁴
3613 2161 3707 2222 καὶ

2111 2252 2562 2332 ἀπαρασαλεύτως
2591 2251 2882 2334 ἐκηρύχθη.
2931 2253 3232 2332 Καταλέγει
3274 2252 3331 2312 δὲ
3379 2251 3472 2311 καὶ
3517 2249 3577 2312 τὸ
3605 2256 3711 2312 τῶν

2109 2343 2449 2422 κηρυξάντων
2505 2345 2734 2415 πλῆθος,
2788 2340 3093 2411 ἀξιόπιστόν
3146 2365 3206 2401 τε
3260 2340 3358 2413 τὴν
3412 2341 3711 2421 μαρτυρίαν

2109 2436 2302 2506 ποιῶν,
2345 2431 2437 2492 καὶ
2464 2431 2950 2512 ταπεινοφροσύνην
2986 2431 3248 2490 διδάσκων
3273 2477 3288 2504 ,
3315 2429 3399 2490 ὅτι
3442 2429 3561 2498 τοὺς
3590 2433 3712 2490 ἑαυ-

2109 2525 2203 2582 τοῦ
2234 2520 2476 2600 μαθητὰς
2505 2520 2958 2588 συνδιδασκάλους
2985 2528 3241 2579 ποιεῖται.

2269 2609 2295 2635 υ
2613 2611 2629 2632 9
2850 2613 2864 2630 Ι
3058 2616 3091 2630 ~
3269 2611 3286 2633 9
3332 2613 3366 2628 συ
3429 2607 3442 2630 \
3548 2606 3561 2627 Ι

2199 2633 2228 2669 ‹(
2298 2613 2441 2672 Οσαι
2469 2609 2573 2690 γὰρ
2605 2614 2921 2689 επαγγελιαι
2949 2613 3114 2682 Θεου,
3140 2611 3192 2668 ἐν
3228 2633 3372 2688 αυτῳ
3394 2631 3455 2669 το
3483 2633 3589 2683 ναι,
3620 2609 3712 2668 καὶ

2109 2702 2162 2758 ἐν
2211 2702 2355 2780 αὖτῷ
2405 2699 2467 2759 τὸ
2496 2699 2699 2776 Ἀμήν,
2727 2701 2806 2780 τῷ
2836 2701 2962 2780 Θεῷ
2992 2699 3120 2780 πρὸς
3167 2698 3318 2768 δόξαν
3363 2700 3429 2758 δι’
3459 2701 3635 2773 ἡμῶν.
3669 2720 3702 2757 ι)

2109 2788 2207 2851 Ἐν
2257 2793 2332 2870 τῷ
2387 2789 2690 2870 κηρύγματι
2737 2789 2915 2849 πολλοί
2964 2791 3077 2848 ἐστι
3132 2789 3200 2849 τὰ
3245 2789 3711 2868 ἐπαγγελλόμενα,

2109 2879 2401 2946 ἀνάστασις
2425 2882 2653 2958 νεκρῶν,
2695 2879 2958 2950 υἱοθεσία,
2991 2880 3082 2937 καὶ
3126 2877 3330 2949 ἅπλῶς,
3375 2877 3582 2946 ἐλπίδες
3614 2882 3708 2937 τοῦ

2111 2969 2392 3047 μέλλοντος
2422 2970 2630 3034 αἰῶνος.
2673 2966 2856 3040 Φησὶν
2885 2958 3008 3042 οὖν,
3035 2967 3117 3027 ὅτι
3147 2969 3206 3026 οὗ
3238 2966 3393 3044 μόνον
3419 2967 3478 3025 τὸ
3509 2966 3708 3048 κήρυγ-

2111 3081 2188 3134 μα
2235 3056 2318 3116 ἀεὶ
2355 3056 2608 3124 ὡσαύτως
2647 3056 2784 3135 ἔχει,
2823 3058 2916 3116 xui
2973 3055 3201 3136 βεϐαίως
3247 3055 3535 3136 ἐκηρύχθη,
3567 3053 3709 3115 ἀλλᾶ

2109 3147 2198 3206 καὶ
2229 3150 2282 3206 αῖ
2313 3148 2365 3205 ἐν
2394 3149 2537 3225 αὐτῷ
2569 3146 2918 3225 ἐπαγγελίαι·
2947 3151 3038 3204 τοῦ
3071 3147 3214 3206 Θεοῦ
3244 3144 3346 3225 γάρ
3373 3147 3526 3206 εἶσιν.
3551 3143 3707 3206 ”Οσα

405 3255 597 3295 verum
655 3239 824 3295 etiam
880 3255 1006 3312 quae
1037 3239 1090 3294 in
1123 3240 1239 3310 ipsa
1270 3248 1399 3294 sunt
1443 3238 1856 3310 promissiones.
1897 3238 1996 3294 Dei

2110 3234 2163 3294 δὲ
2194 3233 2454 3316 ὓπέσχετο
2482 3239 2510 3296 6
2538 3235 2692 3308 Θεὸς,
2723 3257 2750 3292 ιι
2785 3237 2840 3294 ἐν
2876 3236 3022 3316 αὐτῷ
3047 3234 3108 3294 τὸ
3135 3234 3243 3309 vui,
3273 3234 3448 3294 καὶτὸ
3474 3233 3639 3310 Ἀμήν
3672 3259 3704 3291 ν

404 3328 550 3384 enim
579 3337 710 3384 sunt
746 3349 758 3385 :
788 3345 1134 3400 quaecunque
1160 3338 1344 3384 autem
1383 3328 1634 3400 promisit
1663 3331 1834 3395 Deus,
1865 3351 1890 3376 α
1936 3328 1997 3383 in

405 3418 525 3490 ipso
555 3433 663 3486 nae,
695 3427 748 3473 et
781 3423 954 3473 Amen
984 3442 1008 3467 ››
1055 3417 1282 3486 habent,
1315 3419 1366 3474 id
1398 3427 1503 3490 est,
1539 3418 1707 3473 robur
1735 3426 1788 3472 et
1829 3417 2000 3472 stabi-

404 3507 638 3563 litatem.
659 3510 781 3564 Non
813 3508 963 3563 enim
991 3507 1049 3563 in
1088 3507 1314 3563 homine
1339 3508 1600 3581 quopiam
1631 3508 1998 3579 complentur,

405 3596 498 3653 sed
522 3597 576 3651 in
594 3596 714 3667 ipso
729 3599 864 3652 Deo.
881 3597 1114 3654 Stabiles
1136 3596 1305 3669 249
1318 3599 1500 3669 itaque
1529 3603 1673 3653 sunt.
1688 3596 2000 3668 Quinetiam

405 3685 473 3742 ad
511 3685 743 3758 gloriam
767 3686 886 3758 ejus
905 3686 1133 3742 faciunt.
1174 3687 1400 3743 Etiamsi
1421 3687 1570 3742 enim
1600 3687 1673 3743 ob
1703 3686 2002 3743 nihilaliud

404 3791 648 3848 prorsus,
671 3776 742 3832 ob
773 3792 928 3832 suam
955 3784 1144 3832 tamen
1196 3777 1368 3848 ipsius
1407 3776 1641 3849 gloriam
1681 3780 1831 3833 Deus
1876 3792 2002 3847 pro-

403 3865 694 3921 missiones
713 3881 841 3922 suas
866 3867 1183 3938 complebit.
1219 3868 1512 3936 Quomodo
1539 3883 1667 3923 vero
1702 3866 2003 3940 complebit

404 3960 532 4012 eas?
559 3975 586 4008 ‹‹
617 3959 719 4011 Per
759 3971 883 4019 nos,
917 3980 942 4004 υ
967 3955 1072 4012 hoc
1101 3964 1202 4023 est,
1233 3972 1326 4026 per
1367 3956 1626 4012 beneﬁcia
1655 3971 1782 4030 quae
1816 3957 1875 4012 in
1897 3970 2002 4011 nos

401 4044 489 4100 ille
543 4043 774 4101 confert.
805 4048 922 4101 Nos
960 4045 1106 4100 enim
1137 4045 1238 4115 ipsi
1264 4061 1458 4101 sumus
1496 4046 1712 4101 occasio
1749 4062 1850 4102 sua
1895 4045 2000 4101 im-

405 4133 587 4204 plendi
635 4133 923 4204 promissa,
955 4134 1051 4203 qui
1087 4136 1354 4205 promissa
1397 4135 1724 4206 accipimus.
1767 4135 1923 4205 Quod
1955 4135 2002 4190 si

404 4222 800 4293 promissiones
825 4222 930 4276 Dei
957 4221 1132 4277 ﬁrmae
1157 4232 1315 4291 sunt,
1361 4225 1537 4280 multo
1566 4224 1741 4297 magis
1774 4224 1906 4296 ipse,
1948 4231 2004 4280 et

407 4309 498 4382 qui
563 4309 632 4365 de
668 4310 787 4381 ipso
852 4319 936 4366 est
987 4327 1194 4380 sermo,
1230 4313 1335 4368 erit
1380 4313 1593 4370 ﬁrmus.
1659 4314 1779 4380 Vel,
1831 4335 1857 4361 ιι
1910 4328 2006 4384 per

406 4415 530 4467 nos,
565 4423 588 4446 ιι
621 4399 779 4455 aliter
801 4407 882 4455 est
921 4400 1322 4472 accipiendum,
1362 4401 1469 4457 hoc
1509 4412 1612 4472 est,
1657 4403 1728 4458 ad
1770 4403 2004 4473 gloriam

409 4489 536 4553 Dei,
573 4504 696 4561 qua:
721 4505 814 4561 per
875 4505 978 4546 nos
1019 4490 1128 4563 ipsi
1157 4499 1241 4547 est
1306 4491 1486 4547 oblata
1541 4509 1554 4546 :
1601 4508 1699 4564 per
1729 4507 1830 4548 nos
1859 4491 2002 4547 enim

407 4578 769 4650 gloriﬁcatur.

479 4672 659 4727 Vens.
707 4676 800 4737 2|,
855 4677 943 4726 22.
981 4694 1005 4720 α
1061 4671 1165 4742 Qui
1227 4680 1412 4729 autem
1451 4671 1740 4729 conﬁrmat
1780 4689 1884 4730 nos
1911 4689 2002 4730 vo-

406 4759 620 4815 biscum
650 4761 704 4814 in
758 4760 1060 4828 Christum,
1090 4771 1147 4817 et
1197 4763 1288 4834 qui
1333 4763 1489 4818 unxit
1517 4780 1650 4830 nos,
1678 4766 1827 4820 Deus
1864 4772 1946 4820 est
1988 4784 2002 4821 :

406 4849 500 4920 qui
541 4857 598 4904 et
615 4849 851 4921 signavit
879 4866 1000 4918 nos,
1031 4858 1088 4906 et
1125 4850 1276 4907 dedit
1297 4852 1496 4925 pignus
1537 4853 1776 4924 Spiritus
1797 4852 1857 4909 in
1885 4870 2005 4911 cor-

405 4938 569 4995 dibus
597 4939 823 4994 nostris.
857 4961 883 4984 ιι
913 4942 1086 5011 Supra
1107 4939 1243 4995 dixit
1278 4943 1427 5013 quod
1462 4947 1606 4998 Deus
1626 4942 1854 5015 impleat
1883 4959 2003 5014 pro-

403 5029 699 5084 missiones
730 5030 743 5083 l
771 5028 1199 5100 jamconﬁrmat
1219 5030 1354 5098 hoc,
1386 5031 1548 5101 Quod
1578 5048 1694 5098 vos,
1726 5033 2002 5104 inquiens,

405 5127 461 5174 et
495 5134 596 5190 ego
658 5117 853 5175 doctor
901 5128 1100 5188 vester,
1142 5120 1378 5176 ﬁrmiter
1415 5130 1625 5177 stemus
1653 5122 1708 5177 in
1749 5123 1854 5177 ﬁde
1873 5138 2003 5193 erga

403 5208 709 5277 Christum,
737 5210 852 5280 ipse
882 5209 1054 5277 dedit,
1098 5212 1193 5282 qui
1224 5221 1280 5268 et
1314 5213 1477 5267 unxit
1522 5228 1628 5268 nos
1652 5220 1706 5268 et
1732 5212 1959 5285 signavit
1989 5233 2000 5268 :

405 5298 512 5354 hoc
539 5309 642 5366 est,
687 5299 1004 5372 prophetas,
1051 5303 1366 5357 sacerdotes
1421 5311 1476 5357 et
1520 5318 1677 5374 reges
1714 5319 1820 5359 nos
1849 5302 2000 5359 fecit.

403 5389 551 5445 Talis
575 5390 725 5444 enim
779 5398 862 5445 est
919 5391 1290 5462 unusquisque
1343 5391 1435 5462 qui
1502 5391 1815 5464 baptizatus
1854 5401 1938 5448 est
1987 5412 2000 5448 :

404 5493 604 5549 nempe
631 5478 914 5551 propheta,
943 5479 1145 5552 quippe
1173 5480 1265 5552 qui
1296 5481 1495 5536 viderit
1521 5497 1644 5553 quae
1664 5483 1858 5539 oculus
1893 5499 2004 5538 non

2034 4551 2084 4614 D

2110 3322 2326 3403 ἔχουσι·
2371 3323 2643 3397 τουτέστι,
2697 3323 2758 3383 τὸ
2813 3322 3050 3403 βέϐαιον.
3091 3326 3172 3384 Οὖ
3220 3322 3326 3404 γὰρ
3367 3323 3421 3382 ἔν
3460 3347 3564 3382 τινι
3609 3326 3715 3382 τῶν

2111 3415 2404 3494 ἀνθρώπων
2437 3415 2783 3492 πληροῦνται,
2824 3415 2944 3472 ἀλλ’
2973 3415 3027 3472 ἐν
3064 3414 3208 3493 αὐτῷ
3247 3417 3324 3495 τῷ
3358 3415 3486 3494 Θεῷ
3509 3436 3522 3450 ·
3573 3410 3714 3473 ὥστε

2115 3503 2306 3584 βέϐαιά
2351 3505 2500 3566 εἰσιν.
2534 3503 2695 3564 Ἀλλὰ
2745 3504 2831 3562 καὶ
2875 3502 3004 3583 πρὸς
3048 3502 3202 3572 δόξαν
3249 3504 3413 3561 αὐτοῦ
3443 3504 3577 3561 εἶσι·
3622 3502 3716 3562 xui

2111 3595 2350 3668 πάντως,
2384 3595 2429 3652 εἰ
2459 3593 2551 3652 καὶ
2581 3593 2656 3671 μὴ
2691 3591 2780 3653 διά
2822 3616 2871 3652 τι
2903 3593 3066 3666 ἄλλο,
3102 3591 3191 3651 διὰ
3220 3597 3345 3670 γοῦν
3389 3591 3488 3665 τὴν
3513 3592 3713 3652 οἰκείαν

2113 3681 2264 3752 δόξαν
2321 3685 2349 3741 6
2399 3681 2538 3752 Θεὸς
2586 3683 2682 3750 τὰς
2754 3685 2916 3742 αὑτοῦ
2976 3681 3296 3761 ἐπαγγελίας
3345 3680 3617 3762 πληρώσει
3637 3680 3716 3745 ³³.

2113 3773 2238 3838 Πῶς
2282 3770 2338 3830 δὲ
2375 3770 2650 3851 πληρώσει
2695 3769 2924 3845 ταύτας;
2958 3797 2982 3823 α
3029 3771 3111 3831 Δι’
3141 3773 3296 3846 ἡμῶν
3320 3794 3334 3808 ·
3385 3797 3411 3824 n
3446 3769 3716 3844 τουτέστι,

2111 3859 2196 3918 διὰ
2246 3863 2354 3920 τῶν
2410 3861 2538 3941 πρὸς
2579 3864 2724 3937 ἡμᾶς
2772 3861 3098 3941 εὐεργεσιῶν.
3151 3858 3344 3936 Ἡμεῖς
3395 3860 3502 3939 γάρ
3550 3861 3714 3938 ἐσμεν

2112 3951 2256 4031 αὐτῷ
2303 3949 2564 4032 πρόφασις
2611 3955 2705 4008 τοῦ
2753 3952 2987 4031 πληροῦν
3035 3948 3128 4016 τὰς
3161 3950 3510 4028 ἐπαγγελίας,
3545 3953 3594 4010 οἱ
3629 3949 3714 4009 δε-

2110 4039 2327 4119 χόμενοι
2367 4039 2436 4097 τὰ
2479 4038 2932 4118 ἐπαγγελλόμενα.
2973 4040 3039 4099 Εἰ
3082 4039 3250 4098 τοίνυν
3292 4042 3347 4098 αἰ
3394 4038 3713 4119 ἐπαγγελίαι

2110 4134 2201 4186 τοῦ
2227 4133 2369 4190 Θεοῦ
2399 4128 2613 4208 βέϐαιαί
2651 4132 2774 4201 εἰσι,
2799 4129 2982 4208 πολλῷ
3013 4130 3217 4205 μᾶλλον
3241 4128 3400 4196 αὐτὸς
3425 4129 3512 4187 καὶ
3541 4132 3569 4187 6
3593 4128 3712 4208 περὶ

2113 4220 2271 4277 αὐτοῦ
2302 4215 2455 4296 λόγος
2483 4216 2634 4276 ἔσται
2667 4217 2906 4297 βέϐατος.
2936 4214 3012 4278 *Η
3046 4216 3136 4291 τὸ,
3167 4243 3190 4271 α
3236 4217 3313 4277 Δι’
3339 4220 3524 4294 ἡμῶν,
3564 4244 3588 4270 υ
3622 4215 3716 4276 καὶ

2115 4305 2288 4374 ἄλλως
2337 4305 2628 4380 ἐκληπτέον
2651 4329 2666 4344 ο
2713 4307 2979 4381 τουτέστι,
3029 4306 3158 4388 πρὸς
3205 4307 3354 4376 δόξαν
3399 4309 3567 4380 Θεοῦ,
3617 4303 3712 4378 τὴν

2114 4395 2180 4454 δι’
2234 4399 2388 4472 ἡμῶν
2464 4399 2609 4477 αὖτῷ
2661 4394 3070 4478 προσαγομένην
3087 4395 3141 4435 ³³
3165 4419 3178 4434 ·
3241 4396 3308 4456 δι’
3380 4399 3534 4475 ἡμῶν
3607 4393 3712 4476 γὰρ

2114 4483 2404 4554 δοξάζεται.

2199 4689 2228 4726 α
2276 4665 2347 4728 εΟ
2377 4665 2430 4726 δὲ
2467 4665 2700 4748 βεϐαιῶν
2733 4671 2878 4745 ἡμᾶς
2909 4665 3004 4726 σὺν
3051 4667 3174 4744 ύμῖν
3205 4666 3277 4733 είς
3325 4663 3593 4744 Χριστὸν,
3619 4663 3713 4725 καὶ

2113 4756 2303 4838 χρίσας
2356 4763 2534 4836 ἡμᾶς,
2581 4757 2752 4824 Θεός’
2809 4761 2838 4816 6
2897 4757 2988 4816 xui
3042 4755 3468 4837 σφραγισάμενος
3528 4759 3709 4832 ἡμᾶς,

2113 4851 2204 4907 καὶ
2246 4846 2366 4914 δοὺς
2416 4847 2502 4906 τὸν
2536 4846 2826 4928 ἀρραϐῶνα
2856 4852 2949 4905 τοῦ
2990 4845 3305 4924 Πνεύματος
3343 4847 3395 4904 ἐν
3438 4852 3554 4912 ταῖς
3583 4867 3716 4924 καρ-

2113 4937 2245 5004 δίαις
2279 4940 2454 5013 ἡμῶν.
2502 4961 2526 4989 ν
2556 4936 2738 4997 Εἰπὼν
2784 4934 3064 5016 ἀνωτέρω,
3091 4935 3175 4994 ὅτι
3205 4935 3361 5001 αὐτὸς
3393 4938 3590 5014 πληροῖ
3619 4933 3713 4998 τὰς

2114 5023 2468 5104 ἐπαγγελίας,
2505 5027 2889 5094 κατασκευάζει
2926 5030 3022 5082 νῦν
3054 5029 3210 5084 τοῦτο
3231 5067 3246 5095 ,
3276 5023 3369 5082 καί
3401 5045 3558 5104 φησιν
3578 5068 3595 5099 ,
3633 5020 3716 5081 ὅτι

2115 5115 2207 5174 xui
2253 5114 2378 5172 αὐτὸ
2417 5115 2478 5172 τὸ
2527 5114 2760 5195 βεϐαίως
2821 5115 3041 5173 ἑστάναι
3092 5114 3145 5172 ἐν
3307 5113 3484 5172 πίστει
3641 5115 3716 5180 εἷς

2114 5204 2346 5282 Χριστὸν
2395 5209 2564 5282 ὑμᾶς,
2593 5205 2686 5263 xui
2733 5204 2826 5281 ἐμὲ
2859 5204 3015 5262 αὐτὸν
3049 5202 3137 5262 τὸν
3174 5203 3491 5262 διδάσκαλον
3527 5204 3712 5278 ὑμῶν,

2117 5295 2271 5361 αὐτὸς
2315 5295 2519 5367 δίδωσι,
2550 5295 2640 5352 καὶ
2683 5293 2837 5360 αὐτὸς
2870 5292 3078 5374 ἔχρισεν
3105 5297 3248 5369 ἡμᾶς
3273 5293 3364 5350 καὶ
3395 5292 3713 5373 ἐσφράγισε-

2113 5384 2355 5443 τουτέστι
2378 5427 2394 5454 ,
2428 5382 2728 5464 προφήτας,
2758 5382 2850 5442 καὶ
2893 5382 3131 5462 βασιλεῖς
3151 5429 3168 5458 ,
3203 5380 3295 5441 καὶ
3338 5382 3491 5461 ἱερεῖς
3522 5382 3718 5462 εἰργά-

2111 5497 2264 5536 σατο.
2301 5476 2553 5541 Τοιοῦτος
2599 5473 2702 5554 γὰρ
2746 5483 2848 5542 πᾶς
2888 5473 3193 5553 βαπτισθείς
3219 5491 3232 5506 ·
3285 5470 3595 5554 προφήτης,
3641 5474 3717 5539 ὡς

1813 5582 2002 5641 Variae
2045 5582 2352 5642 lectiones.

476 5663 522 5699 ³ο
575 5664 657 5716 ναὶ
699 5665 783 5717 καὶ
825 5665 902 5719 οὔ·

405 5744 618 5816 νομὲνην
659 5761 737 5800 m.

959 5665 986 5720 6
1042 5665 1138 5739 γὰρ
1168 5666 1303 5738 Υἱὸς,
1345 5669 1491 5740 φησὶ,
1555 5674 1641 5724 τοῦ
1690 5671 1846 5741 Θεοῦ,
1900 5670 1926 5723 ὁ
1975 5669 2025 5724 ἐν
2056 5686 2131 5726 m.
2209 5671 2247 5704 ³¹
2294 5669 2533 5741 γενναίως
2583 5686 2636 5726 0.

2742 5669 2787 5705 ³²
2842 5668 3152 5742 ἐκπληρώσει
3215 5683 3291 5724 [Π.
3404 5667 3448 5702 ⁸³
3502 5687 3717 5740 προσγι-
