4134 6428
281 422 378 474 813

1145 416 1500 473 EXPOSITIO
1557 417 1628 471 IN
1667 417 1871 472 EPIST.
1928 416 1994 471 Il.
2047 418 2139 472 AD
2179 418 2337 473 COR.
2376 449 2448 459 —
2485 419 2634 474 CAP.
2680 423 2719 475 l.

3471 429 3578 483 814

283 543 393 603 ἰδὼν
426 541 462 600 ἃ
493 543 764 623 ὀφθαλμὸς
806 543 900 600 οὒκ
925 533 1081 613 εἶδεν,
1115 541 1205 600 καὶ
1243 532 1329 608 οῦς
1364 542 1459 600 οὐκ
1491 541 1713 613 ¹ἤκουσεν
1743 565 1755 577 ·
1786 544 1872 600 ἱε-

1985 540 2146 610 vidit,
2178 558 2279 598 nec
2327 543 2476 600 auris
2505 543 2735 600 audivit.
2790 545 3055 603 Sacerdos
3100 548 3298 617 etiam,
3345 559 3408 606 ut
3481 551 3575 624 qui

283 633 420 712 ρεὺς,
463 635 533 699 ὣς
583 633 806 714 ὀφείλων
854 631 1039 691 ἑαυτὸν
1082 631 1370 710 προσάγειν
1419 632 1602 689 θυσίαν
1648 635 1859 706 ζῶσαν,

280 724 458 800 ἁγίαν,
505 722 785 803 εὐάρεστον
817 724 893 801 τῷ
935 723 1061 800 Θεῷ
1089 745 1102 758 ·
1147 720 1239 778 καὶ
1287 719 1562 799 βασιλεὺς,
1612 725 1681 788 ὣς
1721 723 1862 780 Θεοῦ

280 818 358 872 τοῦ
405 811 794 889 παμϐασιλέως
837 811 944 878 υἱὸς
984 809 1244 890 γεγονὼς,
1293 809 1385 868 καὶ
1424 817 1515 880 τῆς
1568 810 1864 886 μελλούσης

279 904 591 980 κληρονόμος
641 900 943 982 βασιλείας,
988 900 1080 958 καὶ
1124 903 1194 966 ὡς
1251 905 1339 958 νῦν
1405 899 1699 978 βασιλεύων
1758 903 1862 958 τῶν

279 992 479 1050 ἀτόπων
509 993 802 1068 λογισμῶν,
831 990 923 1049 καὶ
952 995 1043 1049 τοῦ
1075 989 1276 1064 κόσμου
1307 988 1502 1055 παντὸς
1536 987 1862 1068 ὑπερκείμε-

278 1105 370 1148 νος.
403 1079 627 1161 ⁸Ωσπερ
670 1071 758 1138 οῦν
799 1079 859 1138 τὸ
905 1078 1132 1138 παλαιὸν
1177 1080 1223 1138 οἱ
1279 1081 1437 1158 ἱερεῖς
1482 1077 1574 1137 καὶ
1625 1079 1864 1157 βασιλεῖς

277 1172 505 1252 ἐχρίοντο
542 1175 618 1252 τῷ
671 1169 871 1250 ἐλαίῳο
906 1169 1045 1228 οὕτω
1091 1167 1182 1227 καὶ
1227 1173 1316 1225 νῦν
1366 1173 1518 1244 ἡμεῖς
1564 1171 1638 1248 τῷ
1690 1171 1863 1228 Πνεύ-

278 1285 398 1339 ματι
445 1261 796 1340 ἐχρίσθημεν,
830 1258 1004 1325 δόντος
1037 1265 1130 1317 τοῦ
1176 1262 1317 1319 Θεοῦ
1361 1260 1415 1316 ἐν
1469 1266 1586 1324 ταῖς
1625 1257 1866 1338 καρδίαις

273 1355 418 1426 ἡμῶν
474 1351 564 1408 τὸν
631 1349 918 1430 ἆῤῥαϐῶνα
974 1353 1067 1407 τοῦ
1124 1346 1470 1422 Πνεύματος·
1535 1351 1582 1406 εἰ
1643 1348 1697 1405 δὲ
1761 1348 1858 1405 τὸν

277 1439 554 1522 ἆῤῥαϐῶνα
607 1439 807 1514 ἔδωκε,
847 1437 940 1497 καὶ
992 1438 1052 1496 τὸ
1098 1445 1206 1494 πᾶν
1257 1437 1416 1494 δώσει
1461 1435 1694 1503 πάντως.
1748 1435 1862 1517 Ἀῤ·

275 1529 485 1610 ῥαϐῶνα
542 1527 596 1588 δὲ
663 1529 805 1606 λέγει
863 1528 931 1586 τὰ
988 1531 1078 1586 νῦν
1150 1525 1464 1607 χαρίσματα
1539 1533 1631 1586 τοῦ
1689 1524 1861 1586 Πνεύ-

274 1644 453 1697 ματος.
509 1617 612 1679 Ἐκ
669 1618 862 1698 μέρους
920 1616 1024 1698 γὰρ
1077 1615 1440 1696 γινώσκομεν,
1495 1615 1588 1674 καὶ
1644 1616 1706 1675 ἐκ
1763 1615 1861 1694 μέ-

273 1732 383 1790 ρους
430 1707 830 1790 προφητεύομεν
855 1732 868 1746 ·
912 1706 1032 1766 τότε
1065 1706 1120 1765 δὲ
1175 1705 1234 1764 τὸ
1279 1705 1478 1764 τέλειον
1499 1705 1549 1745 ³⁴
1583 1703 1861 1786 ἀποληψό-

273 1805 431 1875 μεθα,
489 1799 576 1857 ὅτε
627 1796 1060 1880 φανερωθήσεται
1125 1797 1154 1854 ὁ
1219 1795 1448 1875 Χριστὸς
1505 1797 1558 1853 ἐν
1738 1794 1858 1874 δόξῃ

1969 631 2164 687 debeat
2203 632 2443 704 seipsum
2473 632 2674 689 offerre
2701 632 2934 691 hostiam
2964 635 3258 707 viventem,
3300 649 3570 708 sanctam,

1971 719 2420 792 beneplacentem
2449 725 2590 780 Deo.
2623 725 2770 779 Tum
2788 740 2907 791 rex,
2931 740 3034 782 ceu
3059 726 3163 782 Dei
3187 729 3394 784 summi
3424 730 3566 801 regis

1965 819 2020 866 et
2048 810 2396 882 imperatoris
2425 811 2570 867 ﬁlius
2624 811 2801 870 factus
2821 855 2834 882 ,
2866 813 3146 887 futurique
3174 817 3329 889 regni
3367 818 3569 889 haeres,

1970 907 2026 955 et
2055 900 2146 971 qui
2177 917 2323 957 nunc
2357 911 2553 973 regnet
2597 901 3026 976 domineturque
3054 905 3114 961 iu
3144 922 3340 964 omnes
3377 907 3572 964 absur-

1967 989 2068 1045 das
2119 989 2514 1063 cogitationes,
2557 992 3003 1066 constitutusque
3033 995 3106 1050 sit
3144 1012 3312 1068 supra
3343 997 3572 1054 univer-

1966 1095 2090 1136 sum
2121 1081 2416 1137 mundum.
2452 1082 2687 1138 Perinde
2726 1081 2890 1156 igitur
2915 1092 2974 1140 ut
3016 1085 3164 1156 apud
3196 1087 3440 1158 priscos,
3474 1104 3567 1145 sa-

1967 1169 2221 1226 cerdotes
2244 1179 2298 1225 et
2326 1186 2486 1242 reges
2514 1171 2922 1244 inungebantur
2951 1174 3072 1230 oleo
3108 1193 3120 1230 :
3162 1175 3237 1232 ita
3262 1177 3570 1235 etiamnum

1966 1275 2068 1314 nos
2111 1260 2313 1330 Spiritu
2362 1260 2573 1316 inuncti
2603 1277 2798 1318 sumus
2827 1263 2993 1320 dante
3027 1267 3147 1320 Deo
3195 1265 3570 1324 arrhabonem

1969 1347 2196 1420 Spiritus
2225 1348 2284 1403 in
2334 1350 2594 1405 cordibus
2625 1350 2853 1406 nostris.
2897 1351 3062 1426 Quod
3105 1354 3151 1410 si
3197 1354 3567 1412 arrhabonem

1967 1436 2137 1505 dedit,
2164 1446 2343 1494 totum
2374 1440 2604 1496 omnino
2634 1440 2804 1498 etiam
2839 1440 3016 1498 dabit.
3049 1442 3440 1502 Arrhabonem
3466 1462 3568 1502 au-

1967 1533 2078 1582 tem
2122 1528 2360 1599 appellat
2388 1543 2511 1600 quae
2540 1545 2688 1586 nunc
2724 1530 2927 1588 dantur
2953 1530 3284 1591 charismata
3313 1534 3568 1606 Spiritus.

1968 1618 2057 1672 Ex
2101 1624 2251 1688 parte
2281 1618 2436 1674 enim
2476 1619 2887 1691 cognoscimus,
2917 1630 2971 1678 et
3001 1638 3068 1679 ex
3098 1630 3255 1694 parte
3281 1624 3578 1697 prOpbeta-

1969 1721 2096 1762 mus
2130 1726 2142 1761 :
2171 1715 2294 1764 tum
2331 1723 2458 1764 vero
2487 1708 2797 1780 perfectum
2826 1711 3255 1784 absolutumque
3297 1715 3570 1788 percipie-

1973 1811 2122 1864 mus,
2154 1797 2374 1868 quando
2405 1797 2853 1857 manifestabitur
2879 1800 3133 1858 Christus
3162 1802 3219 1858 in
3247 1803 3422 1876 gloria
3445 1821 3564 1861 sua.

271 1891 448 1948 αὐτοῦ.
480 1891 574 1960 Μὴ
599 1879 768 1949 τοίνυν
813 1886 1082 1964 νομίζετε,
1116 1883 1196 1943 ὅτι
1232 1890 1384 1962 ἡμεῖς
1412 1886 1571 1961 ἔσμεν
1616 1886 1663 1944 οἱ
1697 1885 1864 1963 ἔπαγ-

1975 1889 2056 1942 Ne
2103 1887 2268 1958 igitur
2323 1888 2667 1944 arbitremini
2709 1905 2814 1946 nos
2857 1905 2977 1946 esse
3033 1892 3128 1963 qui
3181 1892 3567 1964 polliceamur,

269 1977 575 2055 γελλόμενοι
628 1981 781 2055 ὑμῖν,
830 1976 924 2036 καὶ
982 1975 1112 2043 ἴσως
1153 1974 1476 2056 ψευσόμεθα.
1529 1975 1670 2034 Οὐδὲ
1722 1973 1859 2054 γὰρ,

269 2069 378 2128 οὐδὲ
419 2071 577 2140 ἡμεῖς
615 2071 774 2144 ἐσμεν
811 2069 859 2126 οἱ
893 2067 1224 2146 στηρίζοντες
1269 2067 1445 2140 ῧμᾶς,
1495 2066 1615 2122 ἀλλ’
1663 2067 1690 2122 ὁ
1726 2066 1864 2132 Θεὸς

269 2156 357 2216 καὶ
389 2157 809 2235 ἐπαγγέλλεται,
853 2155 944 2215 καὶ
977 2156 1240 2235 στηρίξει,
1273 2153 1362 2213 καὶ
1407 2151 1528 2232 ἐμὲ,
1573 2152 1668 2212 καὶ
1699 2157 1856 2231 ὑμᾶς.

268 2248 432 2315 Αὐτὸς
479 2238 569 2308 οῦν
625 2247 806 2323 μέλλει
850 2245 917 2304 τὰ
961 2247 1140 2306 πάντα
1169 2247 1428 2323 πληροῦν.
1475 2241 1712 2312 Ἕξωθεν
1758 2243 1860 2323 γὰρ

267 2333 488 2418 ὀφείλεις
519 2341 918 2395 συνυπακοῦσαι
944 2379 961 2407 ,
1002 2333 1085 2394 ὅτι
1123 2332 1194 2396 Ὀ
1224 2334 1349 2392 τάδε
1391 2333 1482 2392 καὶ
1531 2333 1657 2392 τάδε
1701 2334 1860 2406 ποιή-

269 2450 364 2494 σας
392 2427 567 2502 Θεὸς,
599 2427 755 2492 αὖτὸς
782 2427 980 2507 πληροί
1008 2425 1103 2491 τὰς
1132 2424 1328 2490 οἰκείας
1361 2423 1694 2501 ὑποσχέσεις.

354 2538 384 2574 (ι
428 2515 578 2595 Ἐγὼ
611 2515 666 2573 δὲ
694 2514 938 2595 μάρτυρα
968 2512 1056 2572 τὸν
1089 2513 1228 2574 Θεὸν
1260 2510 1735 2604 ἐπικαλοῦμαιυέπὶ
1765 2512 1859 2583 τὴν

265 2605 399 2683 ἐμὴν
443 2606 656 2686 ψυχὴν,
689 2603 769 2662 ὅτι
817 2605 1121 2685 φειδόμενος
1161 2605 1346 2696 ὓμῷν,
1390 2600 1566 2661 οὐκέτι
1604 2600 1761 2672 ἦλθον
1791 2604 1862 2667 εἷς

269 2695 542 2774 Κόρινθον.
583 2717 614 2752 ι)
651 2694 757 2754 Καὶ
799 2694 905 2772 μὴν
935 2695 1181 2773 ἀνωτέρω
1226 2691 1409 2764 εἶπεν,
1440 2695 1522 2751 ὅτι
1565 2691 1668 2751 Διὰ
1708 2696 1863 2749 τοῦτο

264 2788 360 2843 οὐκ
407 2776 601 2857 ἦλθον,
654 2782 734 2842 ὅτι
781 2786 876 2844 οὐκ
925 2775 1067 2863 εἶχον
1121 2781 1359 2851 ἐξουσίαν
1414 2785 1680 2863 ἐμαυτοῦ,
1742 2781 1859 2838 ἀλλ’

267 2878 369 2933 ὑπὸ
415 2880 510 2933 τοῦ
553 2872 865 2950 Πνεύματος
908 2870 1204 2944 ἐκωλύθην.
1255 2873 1382 2937 Πῶς
1415 2859 1505 2928 οῦν
1550 2875 1639 2928 νῦν
1683 2869 1857 2946 λέγει,

264 2963 345 3022 ὅτι
411 2964 517 3024 Διὰ
567 2963 624 3021 τὸ
691 2963 960 3044 φείδεσθαι
1015 2965 1160 3039 ὓμῶν
1213 2963 1308 3020 οὐκ
1375 2952 1571 3034 item;
1634 2958 1713 3020 Ἢ
1772 2959 1862 3017 καὶ

264 3061 422 3114 τοῦτο
478 3053 608 3112 αὐτὸ
663 3043 754 3112 τοῦ
815 3051 1127 3129 Πνεύματος
1175 3043 1266 3124 ἦν.
1323 3049 1404 3111 Τὸ
1463 3049 1566 3130 γὰρ
1631 3052 1861 3125 Πνεῦμα

1971 1973 2229 2048 deinceps
2269 1976 2454 2034 forsan
2482 1978 2772 2036 mendaces
2800 1980 3136 2038 inveniendi.
3161 1982 3386 2039 Minime
3419 1984 3570 2040 enim

1970 2065 2225 2137 gentium
2254 2083 2358 2122 nos
2391 2083 2582 2124 sumus
2612 2069 2708 2141 qui
2739 2068 2999 2126 fulcimus
3030 2086 3160 2128 vos:
3189 2087 3384 2128 verum
3419 2075 3572 2131 Deus

1971 2162 2088 2222 est,
2141 2155 2235 2228 qui
2267 2165 2323 2212 et
2351 2158 2664 2228 promittit,
2697 2166 2751 2215 et
2781 2158 2969 2216 ﬁrmat
2997 2175 3129 2217 cum
3176 2177 3265 2218 me
3294 2170 3417 2220 tum
3451 2179 3567 2220 vos.

1971 2246 2094 2315 Ipse
2134 2246 2279 2301 enim
2330 2247 2522 2304 omnia
2575 2247 2914 2320 adimplebit.
2957 2249 3268 2308 Subaudire
3313 2251 3462 2309 enim
3516 2259 3571 2310 te

1970 2343 2204 2406 oportet,
2239 2336 2390 2408 quod
2423 2340 2571 2394 Deus
2608 2337 2727 2396 hinc
2772 2347 2829 2394 et
2857 2339 2952 2396 illa
2979 2338 3188 2398 faciens
3211 2383 3228 2411 ,
3258 2340 3375 2415 ipse
3409 2344 3572 2399 etiam

1970 2425 2210 2496 complet
2236 2425 2486 2500 proprias
2515 2427 2937 2498 promissiones.

2044 2517 2223 2570 Vens.
2250 2518 2341 2571 23.
2401 2534 2431 2568 «
2475 2518 2591 2589 Ego
2621 2526 2807 2578 autem
2835 2526 3034 2575 testem
3076 2522 3259 2576 Deum
3286 2525 3481 2579 invoco
3515 2523 3573 2580 in

1970 2604 2213 2660 animam
2245 2620 2452 2672 meam,
2485 2606 2633 2680 quod
2661 2623 2893 2678 parcens
2921 2608 3101 2677 vobis,
3130 2611 3382 2667 nondum
3409 2628 3571 2669 vene-

1968 2693 2075 2748 rim
2096 2694 2442 2752 Corinthum.
2476 2718 2500 2745 n
2537 2697 2705 2768 Atqui
2734 2713 2898 2769 supra
2931 2696 3091 2766 dixit,
3120 2701 3416 2771 Propterea
3458 2717 3574 2759 non

1970 2783 2112 2851 veni,
2139 2785 2266 2855 quia
2291 2801 2404 2841 non
2433 2785 2718 2842 habuerim
2757 2787 2865 2842 mei
2902 2786 3073 2860 ipsius
3099 2797 3448 2860 potestatem,
3469 2793 3566 2850 sed

1969 2888 2001 2928 a
2033 2873 2240 2944 Spiritu
2266 2875 2372 2930 sim
2417 2875 2739 2947 prohibitus.
2791 2876 2895 2948 Qui
2940 2877 3111 2949 igitur
3157 2894 3307 2935 nunc
3344 2879 3444 2948 ait,
3495 2883 3576 2939 Ut

1969 2979 2248 3035 parcerem
2277 2965 2426 3020 vobis
2451 2981 2565 3021 non
2591 2966 2712 3022 veni
2741 2967 2887 3023 PVel
2914 2966 3022 3024 hoc
3068 2967 3249 3040 ipsum
3293 2985 3324 3026 a
3364 2971 3574 3042 Spiritu

1971 3062 2088 3108 erat
2117 3071 2131 3109 :
2161 3053 2396 3125 Spiritus
2421 3056 2569 3111 enim
2598 3055 2647 3111 ei
2691 3056 2960 3129 suggessit
2987 3073 3057 3113 ne
3100 3058 3328 3114 veniret.
3369 3076 3573 3132 propo-

265 3143 530 3202 ὑπέϐαλεν
580 3143 724 3222 αὐτῷ
789 3142 864 3220 μὴ
928 3141 1352 3220 παραγενέσθαι,
1400 3138 1495 3209 τὴν
1548 3137 1711 3220 φειδὼ
1767 3139 1862 3208 τὴν

1975 3158 2108 3197 nens
2135 3143 2401 3200 nimirum
2439 3153 2496 3200 et
2523 3145 2818 3202 consulens
2844 3162 2955 3218 quo
2987 3147 3068 3203 eis
3091 3155 3312 3219 parcat:
3342 3150 3423 3204 vel
3447 3150 3577 3221 quia

263 3235 443 3293 αὐτῶν
493 3232 944 3310 προϐαλλόμενον.
996 3230 1072 3291 *Η
1127 3231 1208 3288 ὅτι
1265 3229 1406 3288 κατὰ
1464 3227 1560 3306 μὲν
1615 3227 1712 3300 τὴν
1774 3231 1866 3308 ἆρ-

261 3324 368 3402 χὴν
409 3321 470 3380 τὸ
520 3325 748 3399 Πνεῦμα
801 3321 1061 3392 ἐκώλυεν,
1095 3319 1309 3398 ὕστερον
1341 3317 1396 3377 δὲ
1433 3317 1526 3377 καὶ
1565 3317 1720 3385 αὐτὸς
1750 3319 1866 3376 ἐπι-

263 3411 648 3490 λογισάμενος,
704 3412 784 3470 ὅτι
834 3417 990 3470 τοῦτο
1036 3407 1272 3488 βέλτιον,
1325 3407 1556 3485 ἔμεινεν.
1614 3406 1762 3486 "Ope:
1811 3408 1866 3467 δὲ

262 3503 362 3574 τὴν
410 3501 594 3580 σοφίαν
637 3503 823 3561 αὐτοῦ.
885 3500 1109 3569 Ἐπειδὴ
1152 3498 1254 3577 γὰρ
1298 3500 1488 3556 ἐκεῖνοι
1530 3495 1747 3576 ἔλεγον,
1788 3496 1868 3554 ὅτι

261 3589 372 3650 Διὰ
417 3595 574 3650 τοῦτο
625 3593 722 3650 οὐκ
770 3581 962 3663 ἦλθες,
1011 3587 1182 3665 διότι,
1233 3591 1301 3653 ὡς
1353 3587 1558 3659 ἔοικεν,
1609 3587 1870 3662 ἐμίσησας

261 3688 445 3756 ἡμᾶς·
494 3678 645 3746 αὐτὸς
692 3679 994 3740 τούναντίον
1042 3678 1238 3759 φησὶν,
1291 3676 1371 3735 ὅτι
1420 3673 1524 3736 Διὰ
1575 3679 1730 3734 τοῦτο
1775 3676 1870 3734 οὐκ

262 3761 467 3842 ἦλθον,
506 3770 588 3827 ὅτι
642 3769 891 3849 φείδομαι
943 3771 1111 3844 ὑμῶν.
1163 3771 1340 3828 Τοῦτο
1403 3766 1458 3823 δὲ
1506 3763 1687 3843 λέγει,
1739 3763 1870 3824 διότι

261 3852 408 3931 ἦσάν
446 3882 582 3925 τινες
627 3859 756 3939 παρ’
782 3860 962 3923 αὐτοῖς
1013 3856 1407 3935 ἁμαρτάνοντες
1427 3855 1505 3926 ³⁵,
1537 3854 1628 3912 καὶ
1660 3852 1735 3930 μὴ
1778 3877 1870 3931 με·

261 3948 658 4021 τανοήσαντες,
711 3938 786 4014 οἷς
809 3947 859 3983 ³⁸
916 3945 1196 4017 ἐπεξῆλθεν
1257 3945 1348 4018 ἂν,
1407 3944 1482 4037 εἰ..
1513 3942 1868 4025 παρεγένετο,

261 4038 361 4097 καὶ
416 4028 558 4116 εῦρεν
616 4035 983 4118 ἀδιορθώτους.
1048 4034 1367 4114 Περιέμενεν
1422 4028 1546 4106 οῦν,
1605 4031 1694 4092 ἵνα
1747 4033 1872 4092 ὅταν

261 4127 692 4206 διορθώσωνται,
742 4126 862 4186 τότε
913 4127 1070 4206 ἔλθῃ,
1131 4123 1225 4184 καὶ
1284 4124 1358 4201 μὴ
1418 4122 1546 4203 εὕρῃ
1605 4122 1874 4192 κολάσεως

260 4217 541 4297 ἀφορμήν.

360 4328 394 4364 (ι
437 4307 564 4386 Οὐχ
599 4305 678 4365 ὅτι
728 4305 1040 4386 κυριεύομεν
1091 4307 1239 4380 ὑμῶν
1292 4305 1387 4373 τῆς
1435 4301 1698 4379 πίστεως,
1737 4301 1874 4363 ἀλλὰ

262 4396 515 4476 συνεργοί
559 4399 717 4467 ἐσμεν
764 4401 857 4464 τῆς
901 4405 1076 4476 χαρᾶς
1111 4397 1282 4468 ὑμῶν.
1343 4415 1372 4451 ι)
1421 4391 1644 4465 Ἒπειδὴ
1689 4396 1874 4453 αὐθεν-

261 4488 556 4564 τικώτερον
590 4487 759 4546 ἐδόκει
794 4484 823 4544 ὃ
855 4476 998 4544 εἶπεν
1043 4484 1288 4564 (ἐκείνων
1335 4482 1437 4562 γάρ
1483 4507 1562 4550 τις
1606 4483 1870 4562 φείδεται,

263 4575 357 4641 οὓς
414 4574 640 4634 κολάσαι
684 4573 864 4656 κύριός
913 4575 1090 4652 ἐστι),
1145 4569 1421 4654 θεραπεύει
1467 4571 1528 4630 τὸ
1574 4578 1666 4632 τοῦ
1714 4572 1873 4650 λόγου

264 4662 477 4744 τραχὺ,
515 4664 606 4722 καί
627 4653 823 4743 φησιν,
858 4664 938 4724 ὅτι
973 4653 1161 4736 Εἶπον,
1195 4653 1465 4744 φείδεσθαι
1496 4663 1662 4739 ὓμῶν,
1702 4663 1760 4719 οὗ
1785 4663 1870 4723 διὰ

261 4754 328 4813 τὸ
357 4753 599 4820 ἐξουσίαν
626 4753 768 4834 ἔχειν
793 4759 887 4827 τῆς
919 4753 1144 4818 πίστεως
1166 4754 1312 4829 ὑμῶν
1337 4749 1727 4830 (προαιρέσεως
1749 4751 1801 4788 ³⁸
1823 4751 1860 4790 ¹’·

260 4844 377 4922 γάρ
419 4845 558 4902 ἐστιν
589 4848 624 4914 ἡ
671 4844 882 4917 πίστις,
933 4843 1022 4902 καὶ
1055 4841 1221 4907 οὐδεὶς
1267 4840 1555 4918 ἀναγκάζει
1597 4845 1876 4899 πιστεῦσαι

260 4933 358 4991 τὸν
419 4930 495 5010 μὴ
553 4931 948 5014 ϐουλόμενον),
1002 4933 1140 4992 ἀλλᾶ
1197 4930 1326 4989 διότι
1376 4935 1410 5000 ἡ
1458 4927 1686 5008 ὑμετέρα
1733 4929 1878 5012 χαρὰ

265 5020 383 5097 ἐμή
435 5024 575 5081 ἐστιν
597 5071 609 5093 ,
644 5025 739 5081 οὐκ
784 5015 975 5096 ἦλθον,
1006 5019 1093 5080 ἵνα
1126 5021 1202 5098 μὴ
1249 5019 1470 5096 ἐμϐάλω
1509 5024 1642 5094 ὑμᾶς
1673 5022 1745 5086 εἷς
1786 5021 1879 5078 λύ-

265 5135 418 5184 πην,
444 5113 536 5170 καὶ
580 5114 806 5185 λυπηθῶ
845 5112 1016 5189 κάγώ.
1060 5113 1252 5172 Πάντα
1295 5111 1396 5186 γὰρ
1433 5110 1720 5188 ἐργάζομαι
1753 5110 1884 5188 ὑπὲρ

268 5204 374 5269 τῆς
414 5211 586 5281 χαρᾶς
630 5205 778 5278 ὑμῶν
801 5248 818 5274 ,
852 5203 941 5260 καὶ
983 5200 1070 5259 διὰ
1099 5205 1252 5258 τοῦτο
1285 5198 1468 5275 ἔμεινα
1498 5221 1510 5234 ο
1542 5196 1630 5254 ἵνα
1668 5199 1884 5278 διορθω-

275 5289 472 5358 θέντας
506 5292 611 5351 ἀπὸ
650 5297 746 5364 τῆς
787 5295 1010 5363 ἀπειλῆς
1055 5289 1220 5369 μόνης
1263 5289 1462 5368 εὑρὼν,
1494 5288 1724 5356 ἀλύπους
1756 5293 1891 5365 ὑμᾶς

275 5379 617 5461 διατηρήσει).

1978 3232 2217 3304 Spiritus
2252 3235 2492 3305 primum
2521 3234 2842 3305 inhibuerit,
2866 3245 2993 3308 post
3015 3252 3143 3294 vero
3169 3237 3341 3309 25o
3379 3247 3436 3296 et
3462 3240 3579 3311 ipse

1975 3337 2164 3378 secum
2191 3323 2524 3394 reputaverit
2545 3324 2622 3380 sic
2642 3324 2836 3381 melius
2861 3341 3001 3394 esse,
3030 3325 3264 3398 ideoque
3291 3330 3579 3386 manserit.

1974 3413 2310 3482 Sapientiam
2340 3413 2432 3468 hic
2483 3413 2649 3484 ipsius
2688 3415 3080 3471 animadverte.
3136 3419 3277 3474 Cum
3315 3419 3465 3475 enim
3500 3420 3578 3476 illi

1977 3501 2241 3569 dicerent,
2295 3505 2590 3574 Propterea
2635 3519 2752 3560 non
2780 3505 2992 3575 venisti,
3027 3505 3202 3577 quod,
3252 3516 3315 3564 ut
3338 3507 3574 3576 videtur,

1979 3590 2160 3646 oderis
2205 3606 2330 3659 nos,
2385 3591 2498 3663 ipse
2541 3593 2884 3649 contrarium
2927 3593 3026 3660 ait,
3060 3598 3201 3651 Eam
3231 3595 3305 3652 ob
3353 3613 3580 3655 causam

1978 3697 2095 3737 non
2126 3681 2253 3737 veni
2283 3680 2353 3738 ad
2380 3697 2498 3748 vos,
2529 3681 2677 3752 quod
2711 3682 2864 3737 vobis
2895 3697 3204 3754 parcerem.
3234 3686 3360 3741 Hoc
3391 3695 3580 3743 autem

1979 3769 2167 3838 refert,
2209 3771 2336 3842 quia
2364 3771 2622 3826 nonnulli
2651 3771 2795 3843 apud
2825 3787 2920 3828 eos
2955 3771 3161 3828 fuerint
3191 3784 3483 3845 peccantes
3521 3785 3580 3832 et

1980 3858 2388 3932 impoenitentes
2411 3901 2426 3929 ,
2456 3859 2524 3916 de
2571 3860 2766 3931 quibus
2796 3861 3121 3933 supplicium
3151 3864 3499 3935 sumpsisset,
3533 3867 3577 3920 si

1980 3964 2094 4005 non
2120 3947 2453 4006 reformatos
2500 3949 2817 4006 invenisset.
2860 3953 3207 4023 Exspectavit
3252 3952 3425 4025 igitur
3459 3961 3580 4010 tan-

1978 4037 2150 4110 tisper
2179 4038 2312 4096 dum
2351 4040 2695 4096 correxerint
2726 4056 2912 4097 mores
2938 4056 3092 4112 suos,
3123 4057 3189 4099 ac
3217 4051 3340 4099 tum
3372 4043 3577 4113 veniat,

1981 4144 2084 4185 nec
2102 4128 2359 4201 puniendi
2381 4130 2728 4186 occasionem
2744 4130 3008 4187 inveniat.

2054 4312 2236 4367 Vens.
2269 4315 2359 4365 24.
2403 4332 2427 4358 α
2461 4313 2588 4367 Non
2617 4309 2764 4381 quod
2802 4309 3158 4368 dominemur
3197 4311 3324 4370 ﬁdei
3367 4321 3582 4385 vestrae,

1983 4399 2081 4456 sed
2107 4401 2388 4473 adjutores
2433 4416 2624 4456 sumus
2653 4400 2836 4472 gaudii
2874 4403 3062 4457 vestri.
3117 4425 3141 4451 υ
3191 4404 3334 4474 Quia
3360 4404 3584 4461 videba-

1982 4499 2072 4547 tur
2121 4490 2352 4562 majoris
2393 4491 2738 4547 auctoritatis
2780 4490 2930 4562 quod
2975 4491 3190 4549 dixerat
3237 4492 3362 4558 (illis
3429 4495 3585 4549 enim

1983 4578 2260 4652 quispiam
2289 4580 2483 4650 parcit,
2519 4579 2573 4634 in
2607 4596 2746 4652 quos
2786 4580 3043 4652 puniendi
3061 4581 3156 4652 jus
3180 4579 3389 4649 habet),
3418 4597 3584 4653 aspe-

1976 4672 2198 4726 ritatem
2235 4669 2353 4742 jam
2389 4670 2654 4725 orationis
2682 4677 2836 4725 curat
2878 4679 2932 4725 et
2976 4669 3235 4743 mitigat:
3282 4672 3407 4726 Non
3447 4670 3583 4738 dixi,

1981 4759 2256 4831 inquiens,
2290 4775 2379 4814 me
2408 4759 2558 4814 vobis
2591 4775 2808 4830 parcere
2833 4802 2848 4826 ,
2879 4775 2945 4816 eo
2973 4758 3123 4831 quod
3151 4759 3223 4815 sit
3263 4760 3398 4816 mihi
3419 4759 3514 4833 jus
3533 4760 3589 4816 in

1986 4848 2152 4904 ﬁdem
2184 4857 2421 4904 vestram
2455 4849 2664 4915 (libera:
2697 4865 2942 4921 namque
2968 4849 3263 4906 voluntatis
3297 4850 3435 4908 ﬁdes
3479 4857 3587 4916 est,

1987 4953 2162 5010 neque
2209 4937 2500 5008 quisquam
2543 4939 2694 5010 cogit
2729 4939 3014 4996 nolentem
3057 4938 3343 5012 credere);
3395 4956 3586 4996 verum

1991 5028 2118 5100 quia
2141 5035 2319 5082 vestra
2359 5028 2548 5083 laetitia
2578 5043 2698 5083 mea
2729 5036 2838 5097 est,
2878 5043 2993 5084 non
3023 5028 3168 5093 veni,
3192 5045 3262 5086 ne
3289 5028 3589 5102 conjiciam

1993 5133 2086 5173 vos
2136 5117 2186 5171 in
2237 5132 2578 5184 mmrorem,
2637 5133 2701 5172 ac
2767 5118 2935 5173 simul
2989 5118 3270 5174 vobiscum
3300 5133 3588 5174 mmream.

1997 5207 2202 5262 Omnia
2248 5207 2400 5262 enim
2443 5206 2581 5262 facio
2622 5222 2722 5278 pro
2769 5207 2964 5277 gaudio
2997 5215 3196 5276 vestro,
3242 5223 3474 5280 eamque
3518 5207 3590 5262 ob

1994 5311 2216 5352 causam
2246 5295 2540 5352 adventum
2571 5312 2760 5352 meum
2788 5295 2998 5365 distuli,
3031 5304 3094 5352 ut
3121 5311 3216 5368 per
3238 5297 3384 5352 solas
3413 5296 3599 5353 minas

1999 5403 2094 5443 vos
2123 5385 2194 5442 ad
2223 5387 2508 5442 meliorem
2535 5394 2745 5443 statum
2788 5387 3083 5444 translatos
3109 5385 3420 5455 inveniens,
3450 5401 3588 5443 moe-

2000 5476 2142 5532 roris
2187 5483 2436 5548 expertes
2486 5491 2830 5533 conservem.

1693 5630 1887 5688 Variae
1933 5629 2226 5688 lectiones.

358 5734 408 5769 3"
437 5734 772 5807 συνάλλαγμα
802 5751 855 5791 0.
932 5736 975 5770 ³⁵
1005 5735 1306 5807 ἁμαρτόντες
1332 5752 1386 5793 ο.
1465 5736 1509 5770 ³⁸
1538 5737 1623 5798 οὓς
1651 5752 1702 5791 0.

1780 5736 1848 5769 ³⁶¹
1859 5755 1870 5768 ⁸
1898 5736 2177 5808 προαίρεσις
2204 5752 2253 5791 ο.
