4134 6430
538 451 641 506 815

536 673 820 735 propterea
850 662 999 735 quod
1023 679 1136 719 non
1159 679 1352 736 parum
1373 680 1468 720 eos
1496 672 1841 736 percusserat
1870 665 1924 719 in
1950 665 2130 735 priore

537 753 799 824 Epistola.
836 752 1000 824 Quod
1053 761 1240 810 autem
1283 753 1376 821 ait,
1426 762 1509 810 est
1548 753 1906 826 hujusmodi:
1949 755 2012 808 In
2045 751 2132 807 his

539 857 662 913 qua:
690 841 761 897 ad
787 840 952 898 ﬁdem
974 842 1226 911 attinent,
1250 843 1444 898 statis:
1476 859 1583 899 non
1607 843 1754 915 potui
1785 841 1952 915 igitur
1970 840 2132 912 quid-

539 947 707 1003 quam
752 931 858 988 hoc
893 933 1118 987 nomine
1147 932 1212 987 de
1251 933 1404 988 vobis
1441 933 1721 1005 conqueri.
1748 935 1813 987 In
1845 931 1965 987 aliis
2001 945 2131 986 vero

540 1019 787 1077 concussi
822 1021 1007 1088 eratis,
1053 1030 1107 1077 et
1136 1022 1500 1078 vacillabatis:
1531 1038 1653 1094 qua:
1678 1021 1768 1094 qui
1800 1037 1910 1076 non
1940 1036 2130 1076 emen-

540 1109 782 1177 dassent,
815 1109 1154 1167 incessissem
1181 1127 1296 1180 eos,
1322 1112 1628 1184 meritoque
1653 1127 1893 1169 moerore
1914 1109 2132 1167 affecis-

539 1214 680 1271 sem,
719 1199 1159 1272 quandoquidem
1185 1210 1241 1258 et
1264 1201 1377 1273 ipse
1403 1202 1757 1258 contristatus
1786 1216 1983 1257 essem.

1143 1332 1386 1388 CAPUT
1450 1333 1521 1387 ll.

610 1439 791 1494 Vnus.
837 1443 894 1494 1.
938 1457 965 1490 ι(
992 1439 1165 1494 Statui
1197 1448 1385 1495 autem
1416 1439 1519 1494 hoc
1558 1438 1700 1511 apud
1738 1439 2032 1510 meipsum,
2062 1454 2130 1493 ne

538 1527 738 1582 iterum
757 1527 813 1581 in
835 1528 1054 1583 tristitia
1077 1529 1318 1585 venirem
1341 1529 1409 1585 ad
1431 1544 1543 1584 vos.
1585 1551 1608 1577 ι»
1639 1529 1781 1584 Cum
1810 1547 1837 1579 ι(
1863 1528 2066 1583 iterum
2103 1551 2126 1575 ν

537 1616 635 1682 ait,
680 1615 882 1672 indicat
922 1632 980 1673 se
1034 1617 1264 1673 antehac
1323 1633 1542 1689 quoque
1589 1633 1831 1674 moerore
1867 1615 2130 1672 affectum

540 1703 722 1760 fuisse.
752 1707 876 1761 Non
900 1713 1086 1761 autem
1115 1715 1302 1778 aperte
1325 1705 1486 1774 dixit,
1511 1707 1662 1762 Alias
1687 1706 1854 1762 etiam
1885 1721 2129 1762 maerore

533 1792 796 1850 affecistis
827 1810 917 1850 me
947 1814 959 1849 :
991 1795 1084 1851 sed
1121 1796 1298 1861 aliter,
1331 1798 1403 1852 Ea
1424 1796 1492 1852 de
1529 1812 1587 1852 re
1612 1812 1720 1852 non
1746 1797 1870 1851 veni
1913 1796 1980 1852 ad
2009 1811 2126 1862 vos,

1563 449 2075 505 THEOPHYLACTI
2119 446 2480 502 BULGARLE
2519 443 2832 500 ARCHIEP.

611 595 638 627 ‹‹
671 577 816 631 Nam
841 573 950 630 ﬁde
995 574 1170 630 statis.
1206 592 1233 625 η
1269 573 1545 630 Submisse
1583 591 1708 630 cum
1760 575 1837 630 eis
1885 573 2126 640 disserit,
2158 585 2209 642 Α

3733 437 3840 492 816

2331 592 2362 630 α
2401 573 2485 649 Τῇ
2517 568 2620 647 γὰρ
2651 567 2828 628 πίστει
2858 564 3142 637 ἑστήκατε.
3185 591 3210 617 ιι
3250 561 3700 638 Ὑπεσταλμένως
3739 564 3841 621 αὐ-

2242 661 2350 729 τοῖς
2391 659 2725 737 διαλέγεται,
2759 656 2846 716 διὰ
2877 655 2939 714 τὸ
2983 651 3159 715 πολλὰ
3211 652 3398 719 αὐτοὺς
3444 651 3645 722 πλῆξαι
3675 653 3728 711 ἐν

2243 749 2474 830 προτέρᾳ
2519 748 2838 825 Ἐπιστολῇ.
2871 745 2948 808 ⁸0
2995 743 3050 804 δὲ
3081 743 3243 823 λέγει,
3274 741 3503 830 τοιοῦτόν
3535 744 3676 801 ἐστιν
3698 764 3712 777 ο
3743 741 3840 802 Ἐν

2247 837 2343 916 μὲν
2389 846 2499 906 τοῖς
2530 835 2672 897 κατὰ
2713 837 2895 897 πίσσιν
2940 836 3217 908 ἑστήκατε.
3247 834 3368 894 Οὐκ
3399 822 3486 892 οὐν
3536 832 3590 890 ἐν
3639 830 3842 899 τούτοις

2246 919 2388 1009 εἶχόν
2433 952 2484 987 τι
2515 927 2832 1008 μέμψασθαι
2862 929 2999 1004 ὓμᾶς
3025 949 3039 963 ο
3084 927 3139 984 ἐν
3173 924 3350 989 ἄλλοις
3397 920 3452 980 δὲ
3487 920 3799 981 ἐσαλεύεσθε
3825 945 3839 960 ·

2246 1019 2280 1077 ἃ
2337 1019 2414 1095 μὴ
2471 1015 2909 1098 διορθωσαμένοις
2974 1013 3258 1086 ἐπεξῆλθον
3319 1011 3413 1088 ἂν,
3472 1009 3565 1070 καὶ
3625 1011 3840 1080 εἰκότως

2244 1109 2484 1180 ἐλύπησα
2513 1106 2576 1166 ἂν
2595 1151 2611 1180 ,
2643 1110 2713 1175 ὡς
2740 1104 2834 1166 καὶ
2865 1103 3019 1173 αὐτὸς
3046 1102 3320 1177 λυπηθείς.

2832 1323 3125 1384 ΚΕΦΑΔ.
3175 1319 3261 1380 Β’.

2336 1463 2366 1500 (ι
2407 1438 2634 1520 Ἕκρινα
2679 1439 2733 1500 δὲ
2775 1444 2827 1500 ἐν
2874 1440 3091 1518 ἐμαυτῷ
3136 1441 3329 1510 τοῦτο,
3360 1433 3420 1494 τὸ
3464 1432 3542 1514 μὴ
3589 1434 3747 1495 πάλιν
3788 1438 3842 1496 ἐν

2246 1530 2390 1609 λύπῃ
2416 1531 2582 1590 ἐλθεῖν
2625 1528 2756 1610 πρὸς
2796 1533 2954 1603 ὑμᾶς.
2988 1555 3012 1580 ιι
3045 1526 3157 1599 Τὸ,
3198 1548 3226 1585 (ι
3257 1525 3467 1610 Πέλιν,
3516 1549 3548 1581 ιι
3583 1525 3843 1585 δείκνυσιν

2248 1603 2406 1679 αὐτόν
2432 1619 2524 1677 καὶ
2555 1603 2745 1678 ἄλλοτε
2777 1616 3104 1690 λυπηθέντα.
3139 1617 3259 1677 Οὐκ
3299 1603 3418 1674 εἶπε
3467 1613 3521 1673 δὲ
3561 1619 3802 1696 φανερῶς
3824 1663 3838 1686 ,

2247 1707 2328 1768 ὅτι
2372 1707 2723 1781 Ἐλυπήσατέ
2771 1731 2838 1786 με
2887 1708 2980 1766 καὶ
3027 1707 3218 1767 ἄλλοτε
3245 1729 3256 1742 ·
3307 1706 3430 1764 ἀλλ’
3485 1703 3710 1784 ἑτέρως,
3761 1705 3843 1763 ὅτι

2245 1797 2348 1858 Διὰ
2392 1803 2545 1858 τοῦτο
2573 1801 2666 1857 οὐκ
2709 1790 2897 1873 ἦλθον,
2932 1795 3021 1854 ἵνα
3065 1793 3142 1873 μὴ
3175 1795 3338 1854 πάλιν
3387 1793 3615 1866 λυπήσω
3665 1796 3804 1871 ὐμᾶς
3830 1817 3844 1830 ο

533 1899 598 1938 nc
627 1883 825 1939 iterum
876 1899 974 1940 vos
997 1886 1357 1942 constristem
1385 1903 1398 1941 :
1423 1886 1571 1959 quod
1615 1885 1872 1942 eumdem
1905 1883 2121 1956 quidem

2236 1887 2263 1946 δ
2289 1886 2386 1960 τὴν
2422 1887 2587 1962 αὐτὴν
2623 1887 2719 1965 μὲν
2752 1886 2983 1946 διάνοιαν
3013 1885 3127 1966 ἔχει
3157 1884 3277 1965 (διὰ
3307 1892 3458 1946 τοῦτο
3487 1883 3591 1963 γὰρ
3632 1884 3842 1951 πάντως

528 1987 750 2029 sensum
803 1972 988 2028 habet.
1039 1974 1166 2031 Ideo
1193 1974 1342 2030 enim
1375 1975 1466 2031 ille
1517 1990 1612 2030 eos
1656 1990 1898 2031 maerore
1939 1973 2129 2029 affecit

529 2061 1026 2134 objurgationibus,
1067 2063 1511 2135 quandoquidem
1540 2073 1596 2120 et
1621 2064 1800 2135 ipsum
1840 2063 2128 2119 contrista-

529 2159 718 2208 verant
755 2151 983 2208 delictis.
1035 2157 1296 2209 Attamen
1328 2168 1439 2209 non
1477 2169 1732 2225 perequaa
1761 2153 1902 2210 ferit.

601 2243 782 2299 VEBS.
817 2247 869 2296 2.
906 2263 928 2289 ει
959 2242 1016 2298 Si
1051 2242 1198 2298 enim
1222 2257 1323 2314 ego
1354 2257 1450 2298 vos
1483 2243 1800 2311 constristo,
1831 2242 2015 2314 ecquis
2044 2249 2129 2298 est

532 2332 624 2402 qui
652 2348 744 2388 me
778 2331 1038 2403 lmtiﬁcet,
1073 2332 1176 2387 nisi
1205 2331 1295 2405 qui
1319 2348 1382 2387 ex
1408 2349 1494 2388 me
1525 2333 1981 2389 contristatur?»
2009 2331 2124 2388 Etsi

531 2421 856 2476 contristem
915 2437 1031 2489 vos,
1077 2437 1203 2477 cum
1247 2437 1341 2477 vos
1402 2421 1628 2493 increpo
1670 2430 1724 2478 et
1769 2437 2012 2489 aversor,
2060 2437 2126 2477 ex

529 2510 637 2566 hoc
673 2516 859 2566 tamen
887 2509 1182 2579 exhilaror,
1227 2510 1355 2583 quia
1395 2510 1554 2566 video
1605 2527 1697 2567 me
1731 2511 1949 2582 plurimi
1980 2510 2124 2582 apud

530 2615 626 2656 vos
664 2599 799 2666 ﬁeri,
845 2599 984 2657 adeo
1033 2608 1093 2656 ut
1153 2601 1404 2657 mordeat
1453 2617 1581 2669 vos,
1641 2602 1687 2657 si
1759 2601 1980 2674 quando
2030 2617 2126 2657 vos

527 2705 746 2746 averser
773 2690 854 2746 vel
905 2689 1210 2763 objurgem.
1285 2691 1463 2746 Nemo
1531 2689 1704 2759 enim,
1773 2691 1970 2762 inquit,
2033 2706 2124 2746 me

529 2777 664 2834 adeo
694 2778 958 2836 exhilarat
1006 2795 1070 2835 ac
1101 2779 1145 2835 is
1174 2779 1267 2851 qui
1317 2779 1694 2850 contristatur,
1729 2795 1860 2836 cum
1907 2780 2124 2851 conspi-

529 2868 636 2924 ciat
678 2884 766 2924 me
797 2870 874 2924 ira
921 2868 1207 2940 percitum.
1241 2867 1451 2925 [ndicat
1478 2869 1627 2926 enim
1666 2869 1815 2941 quod
1842 2885 1956 2926 non
1984 2885 2122 2924 con-

526 2957 728 3012 temnit
754 2956 916 3028 251
939 2973 1046 3014 me.
1068 2956 1237 3014 Unde
1264 2973 1392 3014 cum
1411 2957 1652 3014 melioris
1672 2958 1800 3014 vitae
1812 2973 1967 3030 spem
1991 2973 2124 3029 pra:-

525 3046 671 3113 beat,
700 3047 969 3103 exhilarat
990 3062 1099 3104 me.

595 3139 768 3194 Vens.
811 3142 862 3192 3.
898 3160 923 3186 ν
966 3140 1040 3193 Et
1075 3137 1269 3210 scripsi
1295 3136 1449 3194 vobis
1488 3136 1594 3192 hoc
1624 3137 1824 3209 ipsum.
1858 3156 1887 3190 »
1912 3138 2126 3206 Quale?

2241 1978 2332 2037 καὶ
2377 1977 2531 2045 αὐτὸς
2567 1977 2753 2038 ἐλύπει
2801 1975 2990 2044 αὐτοὺς
3042 1984 3153 2044 τοῖς
3201 1973 3518 2050 ἐπιτιμίοις,
3565 1971 3646 2033 ὅτι
3691 1972 3844 2032 αὐτοὶ

2241 2067 2469 2127 ἐλύπουν
2521 2067 2680 2126 αὐτὸν
2727 2067 2838 2136 τοῖς
2885 2063 3301 2146 ἁμαρτήμασι),
3335 2063 3475 2137 πλὴν
3522 2064 3624 2142 οὐχ
3649 2062 3845 2141 ὁμοίως

2241 2157 2355 2216 ἐστὶ
2387 2157 2701 2230 πληκτικόν.

2328 2269 2360 2306 α
2394 2249 2461 2309 Ei
2481 2245 2584 2328 γὰρ
2616 2245 2720 2324 ἐγὼ
2753 2248 2910 2306 λυπῶ
2936 2248 3092 2324 ὑμᾶς,
3114 2244 3206 2303 καὶ
3229 2244 3308 2312 τίς
3331 2245 3470 2302 ἐστιν
3496 2247 3524 2303 ὃ
3546 2241 3842 2322 εὐφραίνων

2239 2361 2336 2415 με,
2367 2338 2414 2397 εἰ
2453 2337 2527 2415 μὴ
2565 2341 2592 2396 ὁ
2641 2335 2968 2414 λυπούμενος
3013 2334 3066 2404 ἐξ
3111 2336 3275 2411 ἐμοῦ;
3328 2356 3356 2391 ι
3408 2335 3476 2394 Εἰ
3524 2332 3616 2391 καὶ
3649 2333 3841 2410 λυπῶ,

2237 2427 2438 2507 φησὶν,
2479 2429 2658 2503 ὑμᾶς,
2710 2429 2762 2485 ἐν
2810 2430 2888 2508 τῷ
2940 2429 3191 2505 ἐπιτιμᾷν
3235 2423 3390 2500 ὑμῖν,
3434 2421 3526 2481 καὶ
3572 2419 3841 2502 ἆποστρί-

2236 2521 2422 2597 φεσθαι
2455 2519 2596 2595 ὑμᾶς
2615 2563 2630 2594 ,
2659 2517 2778 2577 ἀλλ’
2808 2515 2952 2592 ὅμως
2981 2515 3047 2573 δι’
3095 2511 3225 2572 αὐτὸ
3261 2517 3419 2572 τοῦτο
3450 2509 3842 2594 εὐφραίνομαι,

2235 2605 2349 2680 ὅτι,
2392 2610 2463 2674 ὡς
2508 2606 2678 2677 ἔοικε,
2711 2615 2832 2688 περὶ
2860 2605 3060 2664 πολλοῦ
3094 2627 3160 2681 με
3192 2601 3432 2675 τίθεσθε,
3478 2602 3617 2660 ὥστε
3648 2601 3844 2660 δάκνε-

2235 2701 2385 2767 σθαι,
2422 2697 2549 2754 ὅταν
2593 2696 3013 2775 ἀποστρέφωμαι
3061 2697 3234 2770 ὑμᾶς,
3264 2691 3356 2752 καὶ
3405 2693 3638 2768 ἐπιτιμῶ
3684 2694 3837 2766 ύμῖν.

2235 2787 2426 2854 Οὐδεὶς
2455 2786 2558 2866 γάρ
2607 2809 2674 2864 με
2701 2830 2717 2858 ,
2759 2783 2948 2866 φησὶν,
2982 2785 3250 2865 εὐφραίνει
3281 2781 3479 2855 οὕτως,
3529 2784 3599 2847 ὡς
3644 2783 3843 2848 ἐκεῖνος

2234 2879 2261 2934 ὁ
2291 2879 2648 2953 λυπούμενος,
2679 2873 2764 2933 ὅτε
2810 2872 2997 2953 βλέπει
3038 2895 3105 2950 με
3149 2871 3508 2952 ὀργιζόμενον.
3547 2867 3843 2951 Ἐμφαίνει

2234 2963 2361 3043 γὰρ,
2394 2965 2476 3025 ὅτι
2506 2967 2565 3023 οὐ
2614 2967 2939 3046 καταφρονεῖ
2987 2986 3111 3040 μου.
3143 2958 3314 3023 ’Ὅθεν
3362 2959 3454 3021 καὶ
3505 2959 3726 3026 ἐλπίδας
3754 2959 3838 3018 διο

2237 3052 2354 3120 δοὺς
2386 3053 2739 3135 διορθώσεως,
2773 3051 2868 3112 καὶ
2897 3053 3040 3113 κατὰ
3067 3055 3222 3112 τοῦτο
3245 3049 3511 3131 εὐφραίνει
3544 3073 3630 3127 με.

2322 3164 2350 3200 ε
2402 3144 2512 3204 Καὶ
2543 3142 2752 3222 ἔγραψα
2799 3143 2924 3217 ὑμῖν
2967 3141 3099 3201 αὐτὸ
3130 3146 3302 3201 τοῦτο.
3335 3167 3358 3194 ι
3391 3141 3588 3212 Ποῖον;
3635 3161 3665 3194 ε
3703 3137 3840 3198 Ὅτι

525 3225 686 3298 Quod
729 3242 962 3298 parcens
1001 3227 1156 3283 vobis
1185 3242 1294 3283 non
1347 3225 1488 3282 veni.
1525 3227 1639 3284 Ubi
1677 3236 1861 3283 autem
1887 3226 2119 3300 scripsi?

2233 3232 2534 3314 φειδόμενος
2583 3216 2734 3308 ὐμῶν
2780 3216 2875 3291 οὐκ
2901 3223 3087 3305 ἦλθον,
3132 3253 3162 3289 n
3203 3233 3317 3292 Ποῦ
3364 3229 3418 3289 δὲ
3449 3228 3694 3311 ἔγραψας
3741 3227 3838 3289 Ἐν

527 3319 592 3372 In
611 3316 713 3373 hac
742 3317 854 3388 ipsa
886 3316 1150 3388 Epistola.

602 3425 630 3459 ‹‹
657 3408 738 3462 Ne
764 3422 892 3462 cum
915 3422 1138 3474 venero,
1157 3405 1438 3462 tristitiam
1467 3404 1704 3462 habeam
1734 3413 1957 3477 propter
1979 3421 2121 3478 quos

521 3496 811 3568 oportebat
837 3512 929 3552 me
971 3495 1229 3566 gaudere.
1267 3518 1292 3544 υ
1338 3497 1566 3566 Propter
1605 3495 1710 3551 hoc
1764 3495 1973 3567 ipsum,
2027 3495 2119 3550 in-

521 3586 658 3657 quit,
687 3602 836 3642 nunc
873 3585 1060 3656 scripsi
1089 3586 1264 3654 vobis,
1297 3593 1360 3641 ut
1396 3584 1770 3658 corrigamini,
1819 3601 1890 3641 ne
1939 3585 2118 3655 inpoe-

520 3675 818 3733 nitentibus
845 3691 909 3731 ac
942 3691 1053 3731 non
1080 3675 1389 3732 emendatis
1434 3675 1714 3742 assistens,
1764 3689 2004 3731 maerore
2031 3671 2115 3730 af-

519 3764 674 3821 ﬁciar
713 3773 936 3837 propter
984 3781 1111 3833 vos,
1163 3781 1302 3838 quos
1347 3765 1636 3837 oportebat
1677 3763 1883 3820 laetitiae
1926 3779 2117 3820 ansam

521 3855 661 3912 mihi
703 3856 970 3928 praebere.

591 3969 617 3995 ι
666 3945 962 4002 Conﬁdens
1000 3943 1071 4000 de
1109 3945 1366 4002 omnibus
1414 3945 1589 4010 vobis,
1646 3943 1795 4016 quod
1851 3944 2115 4016 gaudium

515 4051 699 4092 meum
730 4035 975 4091 omnium
1004 4043 1250 4090 vestrum
1279 4045 1384 4090 est.
1421 4057 1445 4082 υ
1482 4033 1711 4105 Scripsi,
1744 4035 1936 4106 inquit,
1980 4050 2114 4090 con-

515 4123 692 4180 ﬁdens
738 4122 886 4193 quod
932 4121 1278 4178 emendaturi
1323 4121 1440 4177 sitis
1489 4137 1608 4192 vos,
1663 4131 1829 4194 atque
1894 4123 1968 4178 ita
2024 4138 2114 4178 me

517 4211 716 4284 gaudio
745 4209 1018 4267 affecturi.
1049 4227 1081 4264 ε
1111 4213 1296 4266 Meum
1350 4219 1534 4267 autem
1567 4209 1829 4284 gaudium
1858 4212 2112 4267 omnium

514 4308 759 4356 vestrum
806 4308 908 4356 est.
943 4318 972 4351 ν
1010 4302 1084 4355 Ea
1112 4299 1180 4355 de
1208 4315 1368 4356 causa
1411 4300 1546 4369 dixi,
1580 4323 1604 4348 «ι
1638 4307 1700 4356 ιιι
1746 4316 1856 4356 non
1908 4300 2112 4356 contri-

515 4399 647 4460 ster,
683 4413 707 4438 ι
737 4405 850 4446 non
881 4405 1092 4457 meum,
1117 4388 1236 4456 sed,
1257 4397 1502 4446 vestrum
1534 4388 1716 4461 potius
1747 4389 2108 4445 commodum

2226 3323 2398 3403 ταύτῃ
2520 3322 2842 3402 Ἐπιστολῇ.

2312 3434 2343 3470 α
2374 3398 2508 3473 Ἵνα
2539 3409 2615 3490 μὴ
2649 3398 2852 3485 ἐλθὼν,
2883 3410 3059 3484 λύπην
3089 3413 3208 3491 σχῶ
3239 3410 3328 3489 ἀφ’
3362 3398 3434 3468 ῶν
3468 3407 3571 3467 ἔδει
3603 3431 3670 3483 με
3704 3406 3836 3487 χαί-

2231 3524 2359 3583 ρειν.
2397 3529 2422 3554 ι
2479 3501 2583 3562 Διὰ
2629 3509 2816 3575 τοῦτο,
2867 3500 3056 3582 φησὶν,
3113 3500 3322 3582 ἔγραψα
3379 3505 3468 3559 νῦν
3526 3500 3693 3576 ὑμῖν,
3743 3495 3837 3555 ἵνα

2228 3593 2572 3671 διορθωοῆτε,
2631 3591 2724 3652 καὶ
2799 3590 2874 3668 μὴ
2932 3591 3266 3671 ἆδιορθώτοις
3331 3587 3588 3665 ἐπιστὰς,
3657 3585 3837 3660 λύπην

2227 3685 2343 3759 σχῶ
2399 3681 2478 3762 ἐφ’
2539 3688 2696 3760 ὑμῖν,
2745 3679 2830 3749 οὓς
2882 3680 2989 3740 ἔδει
3047 3679 3373 3762 εὐφροσύνης
3424 3676 3667 3759 ἀφορμάς
3738 3699 3837 3755 μοι

2227 3770 2446 3834 διδόναι.

2310 3976 2341 4009 α
2391 3950 2668 4019 Πεποιθὼς
2715 3951 2802 4010 ἐπὶ
2842 3951 3048 4018 πάντας
3089 3950 3257 4029 ὅμᾶς,
3303 3950 3384 4009 ὅτι
3433 3954 3467 4022 ἡ
3521 3945 3625 4026 ἐμὴ
3683 3945 3834 4025 χαρὰ

2223 4042 2439 4101 πάντων
2487 4043 2633 4116 ὐμῶν
2684 4044 2848 4102 ἐστιν.
2903 4069 2926 4093 ι
2976 4038 3274 4122 Ἔγραψα,
3337 4037 3504 4119 φησὶ,
3566 4031 3833 4102 πεποιθὼς

2219 4130 2304 4191 ὅτι
2355 4130 2800 4212 διορθωθήσεσθε,
2849 4130 2941 4189 καὶ
2975 4133 3035 4190 ἐκ
3075 4130 3264 4189 τούτου
3307 4125 3642 4208 χαρήσομαι.
3695 4152 3718 4178 ι
3749 4122 3828 4185 Ἣ

2223 4219 2327 4295 ἐμὴ
2359 4219 2414 4280 δὲ
2453 4221 2596 4300 χαρὰ
2647 4222 2861 4279 πάντων
2893 4223 3041 4298 ὑμῶν
3071 4221 3234 4278 ἐστιν.
3287 4244 3313 4272 ν
3341 4218 3512 4278 ⁰Ωστε
3548 4212 3636 4274 διὰ
3669 4218 3830 4274 τοῦτο

2221 4300 2401 4388 εἶπον,
2457 4309 2579 4370 Ἵνα
2655 4311 2728 4387 μὴ
2803 4311 3058 4382 λυπηθῶ,
3125 4312 3183 4368 οὐ
3242 4307 3302 4366 τὸ
3381 4308 3613 4383 ἐμαυτοῦ
3694 4327 3825 4363 σκο-

2219 4387 2544 4480 πῶν,νάλλὰ
2595 4399 2656 4459 τὸ
2709 4399 2984 4479 ὑμέτερον.
3025 4387 3165 4459 Οἶδα
3217 4395 3361 4477 γὰρ,
3407 4394 3490 4454 ὅτι
3532 4394 3622 4454 ἐὰν
3675 4392 3828 4466 ἴδητε

517 4487 797 4552 spectans.
848 4478 990 4536 Novi
1017 4479 1161 4534 enim
1191 4477 1340 4550 quod
1369 4478 1414 4534 si
1451 4478 1845 4550 conSpexcritis
1895 4494 1982 4534 me
2023 4479 2109 4535 lae-

2230 4477 2472 4570 (αίροντα
2492 4533 2508 4563 ,
2531 4489 2746 4570 χαίρετε
2774 4512 2787 4526 ο
2819 4477 2909 4549 καὶ
2935 4489 3026 4547 ἐὰν
3057 4490 3319 4566 ἀλγοῦντα
3336 4532 3351 4561 ,
3375 4487 3608 4564 ἀλγεῖτε.

519 4579 768 4639 tantem,
829 4568 1074 4628 latimini
1127 4576 1318 4640 et.vos
1353 4585 1367 4624 :
1407 4568 1488 4624 sin
1546 4567 1849 4636 dolentem,
1907 4575 1962 4623 et
2011 4584 2108 4625 vos

514 4662 758 4719 doleatis.

584 4755 760 4808 Vens.
802 4756 854 4805 4.
894 4774 916 4799 ι
953 4752 1094 4806 Nam
1127 4765 1193 4805 ex
1238 4749 1411 4806 multa
1431 4747 1728 4806 afﬂictione
1754 4759 1811 4806 et
1842 4750 2111 4806 anxietate

515 4839 701 4897 cordis
746 4839 935 4912 scripsi
973 4838 1124 4895 vobis
1168 4854 1264 4910 per
1315 4839 1517 4896 multas
1567 4839 1855 4912 lacrymas.
1904 4863 1928 4887 ι
1971 4839 2108 4895 Cum

512 4946 676 5002 supra
703 4929 943 4996 dixerat,
974 4951 999 4977 «ι
1031 4928 1138 5001 Qui
1178 4928 1584 4996 constristatur,
1627 4927 1906 4985 exhilarat
1931 4944 2044 4998 me,
2077 4951 2104 4977 ι

513 5035 584 5076 nc
615 5019 830 5089 dicant,
862 5020 944 5096 Eo
984 5018 1177 5073 niteris
1219 5017 1274 5072 in
1323 5033 1630 5075 maerorem
1667 5018 1941 5090 conjicere
1985 5033 2107 5084 nos,

511 5116 575 5164 ut
658 5110 775 5180 ipse
837 5105 1199 5174 exhilareris,
1276 5108 1605 5177 Propterea,
1669 5105 1872 5177 inquit,
1946 5105 2109 5162 vehe-

513 5205 724 5254 menter
749 5197 912 5254 etiam
958 5195 1096 5253 mihi
1125 5195 1294 5264 dolet,
1338 5195 1458 5267 plus
1494 5211 1663 5266 quam
1697 5195 1852 5251 vobis
1882 5212 2106 5268 peccan-

511 5288 682 5345 tibus.
708 5289 833 5344 Non
860 5287 1010 5343 enim
1039 5285 1359 5358 simpliciter
1384 5301 1448 5342 ex
1480 5284 1799 5353 afﬂictione,
1835 5285 1950 5354 sed,
1981 5308 2007 5335 ει
2043 5301 2104 5341 ex

509 5378 723 5435 multa:
759 5399 785 5428 ιο
816 5392 994 5449 neque
1026 5391 1120 5447 per
1144 5376 1412 5448 lacrymas
1438 5375 1782 5446 simpliciter,
1813 5375 1930 5442 sed,
1964 5394 1990 5427 (ι
2011 5390 2106 5447 per

508 5468 732 5540 multas,
767 5490 790 5518 ιο
823 5474 880 5523 et
903 5467 1176 5524 anxietate
1206 5464 1389 5522 cordis
1413 5463 1642 5536 scripsi;
1678 5487 1704 5512 η
1734 5463 1839 5521 hoc
1860 5474 1962 5530 est,
1990 5463 2104 5520 suf-

2309 4766 2340 4804 α
2385 4744 2486 4805 Ἐκ
2521 4744 2626 4824 γὰρ
2669 4745 2873 4814 πολλῆς
2918 4743 3143 4823 θλίψεως
3186 4739 3278 4800 καὶ
3327 4741 3555 4819 συνοχῆς
3596 4735 3823 4824 media;

2218 4833 2425 4914 ἔγραψα
2467 4815 2706 4911 ὑμῖν-διὰ
2755 4833 2964 4892 πολλῶν
2995 4815 3262 4911 δακρύων.
3313 4853 3342 4889 ι
3396 4815 3621 4899 Ἐπειδὴ
3668 4815 3817 4886 εἶπεν

2217 4913 2372 4994 ἄνω,
2401 4920 2482 4980 ὅτι
2522 4945 2550 4981 (ι
2582 4921 2650 4984 Ὁ
2700 4921 3026 5000 λυπούμενος
3059 4920 3326 5002 εὐφραίνει
3360 4941 3428 4995 με
3452 4941 3466 4955 ·
3518 4937 3547 4975 ι)
3609 4913 3698 4973 ἵνα
3739 4913 3823 4992 μὴ

2215 5010 2458 5085 εἴπωσιν,
2500 5013 2582 5072 ὅτι
2604 5012 2746 5073 Αὐτὸ
2781 5016 2934 5071 τοῦτο
2967 5011 3302 5081 σπουδάζεις,
3332 5007 3394 5068 τὸ
3422 5010 3610 5068 λυπεῖν
3655 5009 3825 5082 ἡμᾶς,

2213 5100 2302 5159 ἵνα
2357 5100 2511 5170 αὐτὸς
2557 5101 2852 5183 εὐφραίνῃο
2904 5101 2991 5160 διὰ
3032 5100 3190 5160 τοῦτό
3241 5121 3437 5180 φησιν,
3467 5096 3549 5156 ὅτι
3599 5094 3824 5177 Σφόδρα

2214 5192 2304 5250 καὶ
2355 5191 2513 5258 αὐτὸς
2567 5193 2748 5270 ἀλγῶ,
2797 5189 2958 5250 πλέον
3015 5193 3166 5267 ὐμῶν
3212 5193 3319 5248 τῶν
3371 5185 3821 5266 ἁμαρτανόντων.

2213 5283 2294 5341 Οὐ
2326 5282 2457 5363 γὰρ,
2489 5280 2618 5340 Ἀπὸ
2671 5281 2929 5362 θλίψεως,
2986 5282 3203 5352 ἁπλῶς,
3237 5277 3379 5338 ἀλλὰ
3429 5275 3554 5348 καὶ,
3595 5296 3627 5332 (ι
3666 5275 3826 5335 Πολ-

2211 5372 2306 5440 λῆς
2345 5393 2358 5408 ’
2392 5398 2416 5423 η
2464 5369 2610 5445 οὐδὲ,
2664 5370 2768 5430 Διὰ
2803 5368 3081 5451 δακρύων,
3118 5368 3334 5440 ἁπλῶς,
3393 5364 3573 5442 ἀλλὰ,
3624 5387 3654 5420 ι(
3712 5365 3827 5424 Διὰ

2211 5460 2421 5519 πολλῶν
2443 5504 2460 5533 ,
2507 5459 2598 5520 καὶ
2629 5463 2855 5541 συνοχῆς
2883 5457 3103 5540 καρδίας
3143 5458 3352 5540 ἔγραψα
3379 5479 3393 5494 ο
3442 5478 3470 5513 ι
3505 5453 3783 5514 τουτέστιν
3807 5499 3826 5529 ,

1923 5650 2114 5711 Variae
2157 5652 2453 5714 lectiones.

574 5750 616 5784 3"
649 5750 892 5822 εὐφραίνει
919 5754 990 5806 0.’
