4134 6422
321 442 432 496 817

1240 443 1594 500 EXPOSITIO
1637 446 1698 498 IN
1738 443 1946 499 EPIST.
1991 444 2033 498 ll
2070 445 2163 498 AD
2202 445 2359 501 (ΞΟΠ.
2398 477 2468 486 -
2506 448 2653 504 CAP.
2698 450 2762 503 ΙΙ.

3530 462 3634 514 818

323 564 608 643 Ἀπέπνιγε
668 565 765 640 τήν
821 567 1042 648 καρδίαν
1105 591 1208 645 μου
1265 573 1297 640 ἡ
1351 569 1576 645 ἀθυμία,
1629 567 1919 649 συνέχουσα

2037 566 2233 626 focavit
2276 586 2373 628 cor
2417 587 2607 628 meum
2654 572 2768 646 ipsa
2813 574 3068 646 tristitia,
3129 581 3512 654 constringens
3579 594 3636 642 et

321 657 418 716 καὶ
466 661 914 737 στενοχωροῦσα,
966 657 1058 717 καὶ
1109 659 1196 719 διὰ
1239 664 1394 719 τοῦτο
1442 658 1671 743 ἔγραψα.
1706 657 1925 738 Ὥσπερ

323 746 377 806 εἴ
405 770 482 814 τις
509 747 693 828 πατὴρ
733 747 908 827 ἰατρὸς
952 746 1162 826 τέμνων
1209 745 1245 821 ἢ
1287 748 1455 808 καίων
1494 749 1584 809 τὸν
1625 751 1830 826 παῖδα,
1860 751 1927 808 δι’

322 835 639 918 ἀμφοτέρων
690 837 972 912 λυπεῖται,
1015 837 1107 897 καὶ
1135 837 1216 898 ὅτι
1266 846 1450 917 νοσεῖ,
1497 839 1589 899 καὶ
1631 839 1712 900 ὅτι
1757 841 1925 917 ἄναγ-

321 927 545 995 κάζεται
597 926 755 986 αὐτὸν
805 925 1012 1002 τέμνειν
1035 949 1050 964 ’
1099 929 1217 987 κατ’
1263 927 1427 986 ἄλλον
1480 925 1536 988 δὲ
1585 927 1780 1008 τρόπον
1831 929 1922 987 εὖ·

322 1015 643 1097 φραίνεται,
699 1014 785 1075 διὰ
827 1016 926 1088 τὴν
974 1021 1069 1090 τῆς
1118 1016 1296 1096 ὑγείας
1328 1015 1572 1077 ἐλπίδαο
1625 1017 1789 1086 οὕτως
1838 1008 1926 1076 οὖν

322 1103 480 1181 κάγὼ
530 1104 1114 1186 ἇμαρτάνονταςἛμᾶς
1153 1109 1336 1166 λυπῶν
1351 1105 1424 1181 ³⁸,
1464 1109 1738 1185 λυποῦμαι
1761 1131 1775 1146 ο
1805 1107 1928 1166 κατ’

322 1194 490 1255 ἄλλον
543 1194 596 1254 δὲ
663 1195 860 1274 τρόπον
917 1195 1290 1277 εὖφραίνομαι,
1340 1195 1687 1274 λυπουμένων
1741 1201 1921 1276 ὑμῶν,

321 1285 414 1343 διὰ
440 1283 541 1358 τὴν
571 1285 762 1345 ἐλπίδα
783 1289 878 1359 τῆς
908 1285 1234 1368 διορθώσεως
1263 1289 1438 1368 ὑμῶν.

415 1486 446 1524 α
488 1464 613 1547 Οὖχ
634 1463 724 1524 ἵνα
751 1467 1068 1542 λυπηθῆτε,
1106 1467 1229 1526 ἀλλ’
1259 1464 1346 1525 ἵνα
1375 1469 1544 1546 γνῶτε
1573 1465 1670 1540 τὴν
1715 1465 1926 1546 ἀγάπην

318 1554 388 1626 ἣν
440 1554 552 1636 ἔχω
598 1555 988 1636 περισσοτέρως
1029 1558 1102 1624 εἷς
1143 1559 1299 1634 ὑμᾶς,
1341 1584 1367 1610 υ
1411 1555 1494 1618 Τὸ
1533 1557 1816 1617 ἀκόλουθον
1862 1547 1927 1630 ἧν

321 1646 492 1704 εἰπεῖν
514 1667 529 1683 ο
583 1647 708 1725 Οὐχ
755 1643 843 1704 ἵνα
887 1649 1192 1720 λυπηθῆτε,
1259 1648 1378 1706 ἀλλ’
1433 1645 1522 1706 ἵνα
1572 1647 1885 1729 διορθωθῆτε
1911 1669 1924 1684 ο

320 1735 446 1792 ἀλλ’
495 1736 553 1793 οὗ
603 1733 746 1815 λέγει
790 1741 984 1796 τοῦτο·
1031 1735 1446 1816 καταγλυκαίνει
1487 1735 1542 1795 δὲ
1591 1736 1682 1796 τὸν
1733 1736 1922 1816 λόγον,

323 1822 644 1902 βουλόμενος
691 1821 1094 1885 ἐπισπάσασθαι
1152 1823 1375 1900 αὐτοὺς,
1432 1824 1520 1884 διὰ
1573 1833 1665 1887 τοῦ
1712 1825 1921 1903 δεῖξαι,

320 1912 409 1972 ὅτι
437 1941 462 1966 α
494 1911 908 1994 περισσοτέρως,
939 1941 964 1968 ιν
995 1911 1030 1985 ἢ
1058 1911 1180 1980 τοὺς
1210 1913 1400 1983 ἄλλους
1430 1912 1694 1993 μαθητὰς,
1736 1919 1922 1996 ἀγαπᾷ

2037 668 2331 732 angustum
2368 661 2624 731 reddens,
2664 679 2727 718 ac
2765 673 3060 736 propterea
3104 667 3314 740 scripsi.
3346 671 3630 742 Quemad-

2039 749 2267 806 modum
2317 751 2364 808 si
2415 752 2540 825 quis
2585 761 2738 825 pater
2786 753 3037 811 medicus
3085 771 3274 814 secans
3318 769 3414 816 aut
3465 778 3630 819 urens

2036 836 2212 895 ﬁlium
2241 854 2422 912 suum,
2455 840 2657 914 duplici
2686 842 2909 900 nomine
2930 844 3169 916 angitur,
3201 854 3259 903 et
3287 847 3436 919 quod
3460 866 3630 924 azgro—

2039 935 2122 983 tat
2149 926 2312 996 ﬁlius,
2364 938 2418 986 et
2464 930 2611 1004 quod
2639 930 2897 1004 adigatur
2937 931 3052 1005 ipse
3080 934 3370 994 admovere
3401 954 3629 997 manum

2040 1024 2096 1073 et
2140 1032 2324 1075 secare
2359 1018 2572 1077 :altera
2614 1029 2800 1076 autem
2852 1023 3064 1078 ratione
3121 1023 3478 1096 exhilaretur,
3535 1044 3632 1102 Spe

2039 1105 2300 1164 nimirum
2341 1109 2625 1178 sanitatis;
2684 1109 2835 1166 hunc
2879 1111 2950 1169 ad
2993 1113 3225 1170 modum
3281 1123 3335 1171 et
3389 1131 3492 1190 ego
3532 1134 3633 1177 vos

2036 1195 2424 1270 delinquentes
2449 1198 2504 1255 in
2535 1215 2832 1256 mmrorem
2869 1201 3192 1274 conjiciens,
3229 1204 3347 1277 ipse
3377 1221 3590 1265 maereo
3619 1230 3630 1267 :

2038 1284 2141 1343 alia
2171 1301 2299 1344 vero
2325 1288 2558 1356 ratione,
2606 1288 2760 1346 vobis
2787 1290 3174 1362 maerentibus,
3220 1303 3442 1366 propter
3477 1313 3630 1369 spem

2039 1375 2437 1434 emendationis
2476 1386 2670 1436 vestrae
2691 1378 2990 1437 exhilaror.

2116 1483 2144 1518 «
2179 1467 2305 1523 Non
2346 1474 2409 1522 ut
2450 1468 2887 1538 contristemini,
2931 1469 3027 1526 sed
3062 1478 3127 1527 ut
3157 1470 3490 1532 charitatem
3535 1492 3638 1533 co-

2037 1556 2318 1626 gnoscatis
2362 1571 2531 1630 quam
2601 1557 2778 1616 habeo
2833 1557 3204 1618 abundantius
3264 1579 3393 1636 erga
3456 1581 3572 1622 vos.
3609 1591 3634 1616 ι)

2033 1645 2383 1717 Consequens
2423 1655 2541 1702 erat
2565 1645 2770 1715 dicere,
2798 1650 2922 1706 Non
2965 1657 3028 1706 ut
3068 1651 3493 1724 contristemini,
3541 1671 3633 1713 ve-

2034 1749 2160 1791 rum
2191 1743 2250 1792 ut
2283 1735 2654 1794 emendemini
2689 1738 2884 1812 :atqui
2915 1753 3031 1795 non
3061 1739 3192 1796 dicit
3221 1741 3349 1798 hoc.
3396 1743 3640 1802 Edulcat

2033 1832 2218 1880 autem
2247 1840 2589 1896 sermonem,
2620 1827 2844 1899 cupiens
2870 1843 2966 1885 eos
2995 1828 3294 1900 attrahere,
3342 1831 3638 1892 indicando

2034 1913 2185 1986 quod
2254 1930 2349 1972 eos
2392 1931 2506 1988 prae
2560 1917 2771 1974 caeteris
2839 1917 2952 1974 suis
3015 1915 3293 1991 discipulis
3337 1920 3636 1981 dilectione

323 2001 556 2080 αὐτοὺς,
598 2003 692 2062 καὶ
731 2001 812 2062 ὅτι
858 2001 959 2063 κᾶν
987 2004 1162 2084 λυπῇ,
1209 2003 1315 2063 ἀπὸ
1360 2005 1572 2083 ἀγάπης
1600 2007 1794 2078 λυπεῖ,
1829 2006 1920 2064 καὶ

2037 2003 2239 2078 majore
2285 2007 2722 2079 complectatur:
2760 2014 2813 2064 ct
2867 2008 3015 2080 quod
3072 2009 3293 2066 etiamsi
3349 2013 3639 2071 contristet

321 2093 421 2153 οὐκ
449 2091 556 2151 ἀπὸ
587 2097 775 2170 θυμοῦ.
829 2093 1105 2172 Μεγίστης
1130 2093 1236 2174 γὰρ
1267 2092 1514 2174 ἀγάπης,
1556 2094 1648 2170 τὸ,
1678 2097 1923 2176 ἁμαρταο

320 2181 521 2243 νόντων
549 2185 734 2260 ὑμῶν,
779 2181 878 2260 ἐμὲ
907 2183 1224 2257 λυπεῖσθαι,
1271 2181 1364 2241 καὶ
1393 2182 1636 2244 σπεύδειν
1670 2187 1922 2266 ἐπιτιμᾷν

321 2275 481 2349 ὑμῖν,
513 2273 794 2332 κάντεῦθεν
825 2273 1011 2332 λυπεῖν
1063 2275 1219 2350 ὑμᾶς.
1274 2274 1343 2333 Εἰ
1389 2272 1494 2354 γὰρ
1543 2274 1618 2353 μὴ
1669 2272 1924 2353 ἠγάπων,

322 2364 511 2442 ἀφῆκα
534 2360 599 2421 ἂν
624 2359 1031 2442 ἀθεραπεύτους.

406 2562 432 2588 α
477 2535 548 2596 Εἰ
579 2531 636 2593 δέ
663 2556 743 2600 τις
788 2533 1124 2609 λελύπηκεν,
1162 2540 1256 2596 οὐκ
1295 2535 1390 2612 ἐμὲ
1439 2532 1774 2606 λελύπηκεν,
1807 2535 1925 2592 ἀλλ’

321 2624 434 2685 ἀπὸ
482 2623 704 2704 μέρους,
741 2621 830 2683 ἵνα
877 2622 953 2704 μὴ
1001 2624 1243 2706 ἐπιϐαρῶ
1273 2625 1479 2694 πάντας
1520 2628 1741 2702 ὑμᾶς.»
1787 2622 1927 2684 Βού-

317 2717 475 2774 λεται
504 2711 591 2772 διὰ
617 2712 816 2773 τούτων
870 2712 1092 2792 ἀγάπην
1148 2716 1450 2794 κυρωθῆναι
1480 2714 1552 2780 εἰς
1592 2710 1682 2772 τὸν
1722 2735 1931 2792 πεπορ-

323 2801 582 2876 νευκότα,
623 2803 746 2882 περὶ
777 2794 838 2863 οῖ
868 2803 1094 2884 ἔγραψεν
1125 2805 1180 2863 ἐν
1208 2807 1275 2883 τῇ
1305 2802 1544 2884 προτέρᾳ
1587 2801 1892 2884 Ἐπεστολῇ
1916 2825 1930 2840 ·

319 2890 419 2952 καὶ
473 2891 579 2973 γὰρ
631 2883 768 2967 ἦσαν
833 2883 1243 2960 αὖτδνίπάντες
1292 2883 1359 2971 τῆ
1413 2891 1656 2953 κελεύσει
1708 2891 1930 2952 Παύλου

324 2983 754 3063 ἄποστραφέντες
801 2987 874 3050 ὣς
919 2983 1229 3064 βδελυκτόν.
1261 2981 1386 3044 Ἵνα
1433 2983 1593 3043 τοίνιν
1647 2981 1722 3060 μὴ
1769 2983 1930 3042 πάλιν

323 3073 397 3132 τὰ
424 3073 635 3133 ἐναντία
671 3075 1032 3142 κελευσθέντες
1051 3119 1067 3148 ,
1112 3071 1352 3133 τουτέστι
1381 3119 1399 3146 ,
1445 3071 1506 3133 τὸ
1534 3072 1931 3152 προσλαϐέσθαι

325 3161 510 3238 αὐτὸν,
543 3162 637 3223 καὶ
677 3164 1006 3246 χαρίσασθαι
1030 3166 1174 3247 αὐτῷ
1191 3210 1210 3238 ,
1253 3164 1708 3224 σκανδαλισθῶσιν
1735 3163 1823 3224 ἐπὶ
1851 3167 1928 3246 τῷ

327 3251 535 3334 Παύλῳ
610 3255 682 3321 ὡς
737 3255 1098 3336 παλιμϐόλῳ·
1155 3252 1582 3334 μεταχειρίζεται
1643 3253 1926 3333 σοφώτατα

320 3342 415 3402 τὸν
463 3342 652 3421 λόγον,
685 3343 777 3404 καὶ
822 3342 1101 3412 κοινωνοὺς
1154 3343 1342 3411 αὖτοὺς
1391 3351 1622 3402 ποιεῖται
1663 3348 1757 3417 τῆς
1795 3366 1928 3424 συγ-

322 3428 641 3512 χωρήσεως,
697 3431 902 3511 λέγων,
960 3432 1041 3492 ὅτι
1115 3430 1336 3512 ’Ὠσπερ
1408 3436 1596 3499 κοινῶς
1663 3433 1928 3506 ἐλύπησεν

323 3527 506 3599 ἡμᾶς,
542 3520 679 3581 οὕτω
711 3523 803 3582 καὶ
855 3526 1040 3589 κοινῶς
1089 3522 1249 3580 πάλιν
1295 3521 1621 3602 εὖφράνθητε
1641 3519 1693 3559 39
1746 3521 1832 3580 ἐπὶ
1861 3526 1928 3602 τῇ

323 3608 666 3691 συγχωρήσει
714 3611 894 3669 αὐτοῦ.
934 3609 1017 3670 Οὖ
1061 3609 1164 3689 γὰρ
1220 3608 1352 3686 ἐμὲ,
1388 3610 1552 3691 φησὶ,
1588 3607 1744 3686 μόνον
1774 3611 1929 3670 λελύ-

323 3722 527 3776 πηκεν,
571 3699 711 3759 ἀλλὰ
740 3699 832 3760 καὶ
869 3703 1009 3777 ὑμᾶς
1038 3700 1239 3768 πάντας
1280 3723 1308 3758 (ι
1346 3702 1406 3758 ἐκ
1438 3697 1629 3777 μέρους
1656 3723 1670 3738 ο
1706 3721 1734 3756 n
1764 3723 1926 3759 τουτ-

322 3791 477 3851 έστιν
501 3835 519 3868 ,
549 3789 770 3867 Ὀλίγον
819 3813 872 3850 τι
915 3788 1178 3862 ἐλύπησεν
1205 3835 1220 3865 ,
1252 3788 1339 3849 ἵνα
1375 3788 1450 3868 μὴ
1483 3789 1624 3866 λέγω
1665 3789 1746 3848 ὅτι
1788 3813 1925 3848 παν-

319 3880 487 3944 τελῶς
515 3877 778 3950 ἐλύπησεν
807 3881 965 3954 ὑμᾶς,
995 3880 1084 3938 διά
1130 3879 1191 3938 τὸ
1221 3884 1303 3955 μὴ
1352 3876 1682 3958 ἐπιϐαρῆσαι
1728 3877 1884 3938 αὐτόν
1914 3904 1926 3916 ·

324 3965 443 4026 ἐπεὶ
569 3989 630 4045 γε
677 3966 900 4049 ἀληθεία
941 3966 1033 4027 καὶ
1064 3970 1202 4044 ὕμᾶς
1234 3968 1427 4044 ὁμοίως
1468 3968 1586 4045 ἐμοὶ
1631 3967 1889 4041 ἐλύπησεν
1916 3993 1929 4006 ·

326 4055 449 4115 ἀλλ’
493 4058 634 4133 ὅμως
664 4059 751 4115 9να
804 4056 880 4135 μὴ
926 4057 1244 4139 ἐπιϐαρήσω
1291 4057 1448 4116 αὐτὸν
1497 4056 1586 4116 τὸν
1633 4080 1924 4139 πεπορνευ-

322 4145 491 4218 κότα,
534 4167 562 4203 (ι
589 4148 648 4205 ἐκ
680 4146 870 4226 μέρους
898 4169 928 4205 ›)
967 4149 1138 4227 φημὶ,
1170 4153 1306 4223 ὑμᾶς
1329 4149 1654 4220 λυπηθῆναι.

422 4257 452 4294 ιι
489 4233 692 4297 Ἱκανὸν
720 4241 796 4318 τῷ
835 4237 1054 4319 τοιούτῳ
1085 4244 1119 4311 ἡ
1155 4235 1395 4313 ἐπιτιμία
1425 4235 1582 4310 αὕτη,
1618 4241 1652 4309 ἠ
1696 4236 1798 4297 ὑπὸ
1825 4242 1928 4298 τῶν

323 4325 610 4387 πλειόνων.
644 4350 676 4383 υ
709 4328 791 4386 Οὐ
817 4326 987 4406 λέγει,
1015 4330 1109 4409 Τῷ
1137 4326 1540 4407 πεπορνευκότι,
1567 4327 1736 4402 ἀλλὰ,
1773 4349 1802 4385 ι(
1830 4332 1928 4410 Τῷ

321 4417 575 4496 τοιούτῳ,
620 4438 649 4474 ιι
699 4418 771 4484 ὡς
823 4418 915 4475 καὶ
959 4420 1012 4476 ἐν
1058 4422 1126 4498 τῇ
1173 4417 1428 4498 προτέρᾳ.
1480 4415 1623 4476 Ἀλλ’
1670 4419 1779 4476 ἐκεῖ
1833 4418 1927 4495 μὲν

319 4504 441 4566 οὗδὲ
501 4505 850 4583 ὀνομάζεσθαι
879 4508 1044 4566 θέλων
1090 4505 1278 4567 αὐτόν·
1325 4508 1553 4565 ἐνταῦθα
1597 4506 1690 4584 δὲ,
1741 4507 1930 4586 φειδό-

322 4619 508 4672 μενος,
561 4597 654 4656 καὶ
708 4597 825 4657 οὐδὲ
869 4596 1140 4675 μέμνηται
1185 4599 1422 4676 οὐδαμοῦ
1469 4601 1565 4670 τῆς
1629 4597 1928 4678 ἁμαρτίαν

2034 2109 2152 2164 eos,
2200 2111 2264 2151 ex
2319 2095 2615 2153 dilectione
2669 2097 2980 2166 contristet,
3029 2113 3144 2155 non
3199 2114 3264 2156 ex
3317 2101 3631 2162 iracundia.

2033 2183 2292 2239 Maxima:
2332 2185 2484 2240 enim
2515 2185 2794 2241 charitatis
2823 2203 2872 2258 ε)
2895 2186 3141 2243 mbolum
3170 2196 3285 2260 est,
3327 2205 3417 2246 me
3443 2190 3514 2248 ob
3540 2191 3638 2248 de-

2036 2272 2159 2328 licta
2189 2279 2368 2330 vestra
2411 2290 2653 2333 moerere
2695 2275 2864 2344 afﬁci,
2903 2293 2967 2333 ac
2997 2276 3256 2334 festinare
3305 2288 3366 2336 ut
3407 2296 3508 2338 vos
3545 2282 3640 2338 in-

2032 2377 2254 2434 crepem
2301 2363 2347 2419 ei
2373 2379 2469 2421 vos
2499 2363 2628 2421 inde
2657 2365 3006 2422 contristem.
3041 2366 3163 2423 Nisi
3192 2368 3346 2425 enim
3378 2385 3476 2426 vos
3506 2369 3636 2429 dili—

2035 2467 2247 2524 gerem,
2283 2453 2650 2525 relinquerem
2681 2455 2986 2512 incuratos.

2105 2543 2283 2598 Vens.
2333 2548 2388 2598 5.
2425 2565 2450 2592 α
2495 2543 2591 2600 Sin
2618 2543 2891 2616 quispiam
2935 2545 3346 2616 constristavit,
3385 2563 3500 2605 non
3549 2566 3641 2606 me

2036 2630 2406 2700 contristavit,
2471 2633 2567 2689 sed
2613 2649 2678 2690 ex
2728 2641 2912 2706 parte,
2965 2643 3028 2691 ut
3082 2651 3196 2692 non
3249 2652 3479 2694 onerem
3543 2656 3641 2697 vos

2039 2737 2250 2778 omnes.
2287 2745 2310 2769 ι
2343 2722 2477 2779 Vult
2523 2739 2621 2795 per
2670 2723 2790 2780 haec
2826 2723 3030 2781 horum
3058 2723 3385 2784 charitatem
3420 2727 3476 2783 in
3525 2727 3636 2785 for-

2039 2810 2346 2867 nicatorem
2387 2811 2736 2882 conﬁrmari,
2765 2811 2834 2868 de
2881 2828 2995 2884 quo
3044 2814 3099 2870 in
3150 2814 3338 2886 priore
3391 2817 3640 2888 Epistola

2035 2900 2352 2972 scripserat.
2384 2903 2551 2967 Nam,
2582 2902 2749 2958 Paulo
2780 2901 3030 2975 jubente,
3079 2919 3277 2961 omnes
3327 2905 3511 2978 ipsum
3541 2923 3640 2964 ceu

2036 2991 2430 3048 exsecrabilem
2458 2993 2693 3049 aversati
2723 3001 2900 3048 erant.
2941 2996 3025 3050 Ne
3053 2994 3221 3066 igitur
3240 3011 3432 3053 rursus
3469 2997 3639 3070 252

2036 3081 2312 3137 contraria
2345 3081 2514 3154 jussi,
2545 3097 2745 3154 nempe
2793 3089 2854 3138 ut
2891 3083 3156 3156 recipiant
3206 3085 3425 3157 ipsum,
3481 3088 3641 3158 eique

2035 3170 2372 3240 condouent,
2393 3172 2712 3228 scandalum
2754 3173 3034 3245 patiantur
3060 3173 3209 3231 Pauli
3237 3176 3498 3245 nomine,
3521 3184 3643 3233 tan-

2039 3275 2206 3331 quam
2262 3261 2660 3332 inconstantis,
2718 3262 3145 3334 prudentissime
3198 3275 3641 3338 argumentatur,

2039 3363 2244 3422 eosque
2313 3350 2607 3422 participes
2657 3350 2791 3408 facit
2828 3351 2993 3426 hujus
3042 3353 3501 3421 condonationis,
3557 3356 3644 3412 in-

2039 3439 2261 3510 quiens,
2313 3440 2802 3513 Quemadmodum
2829 3443 3206 3499 communiter
3253 3460 3356 3501 nos
3405 3461 3644 3502 maerore

2040 3527 2246 3595 affecit,
2294 3528 2375 3584 sic
2421 3536 2477 3586 et
2505 3529 2876 3587 communiter
2905 3530 3283 3590 exhilaremini
3337 3535 3398 3590 in
3428 3535 3641 3593 condo-

2037 3618 2259 3673 natione
2303 3617 2444 3690 ejus.
2486 3621 2611 3675 Non
2641 3619 2793 3676 enim
2851 3635 2943 3676 me
3000 3621 3216 3689 solum,
3249 3623 3346 3692 ait,
3402 3639 3642 3682 maerore

2037 3706 2255 3777 affecit,
2291 3707 2388 3765 sed
2417 3724 2611 3765 omnes
2652 3725 2746 3766 vos
2779 3731 2804 3759 α
2853 3725 2919 3766 ex
2949 3719 3106 3782 parte
3137 3728 3152 3766 :
3188 3735 3212 3760 η
3257 3711 3364 3768 hoc
3403 3723 3515 3782 est,
3544 3731 3641 3786 pa-

2037 3814 2162 3853 rum
2201 3796 2462 3870 quiddam
2499 3797 2872 3865 contristavit,
2907 3815 2978 3854 ne
3013 3798 3191 3856 dicam
3231 3801 3383 3872 quod
3413 3803 3640 3860 omnino

2038 3902 2134 3943 vos
2171 3887 2598 3956 contristaverit,
2629 3904 2701 3944 ne
2748 3888 2846 3960 ipsi
2900 3889 3084 3962 gravis
3135 3904 3353 3946 essem:
3386 3891 3640 3964 quando-

2037 3976 2261 4050 quidem
2295 3993 2484 4034 revera
2529 3993 2625 4034 vos
2657 3978 2878 4051 perinde
2904 3979 3273 4036 constristarit
3301 3995 3366 4036 ac
3395 3996 3522 4051 me,
3558 3991 3642 4038 at-

2035 4074 2224 4122 tamen
2277 4082 2348 4124 ne
2403 4083 2695 4141 aggravem
2732 4083 2864 4125 eum
2901 4067 2993 4140 qui
3022 4066 3326 4127 fornicatus
3354 4079 3469 4139 est,
3521 4093 3545 4118 α
3573 4084 3639 4126 ex

2047 4165 2203 4231 parte
2237 4179 2262 4206 ι»
2295 4155 2425 4213 dico
2459 4173 2556 4214 vos
2586 4158 2976 4215 constristatos
3059 4161 3247 4215 luisse.

2110 4251 2280 4304 Vens.
2321 4253 2375 4303 6.
2419 4269 2444 4296 α
2490 4247 2709 4304 Sufﬁcit
2739 4248 2814 4305 illi
2859 4249 2952 4320 qui
2985 4249 3254 4322 ejusmodi
3296 4257 3412 4318 est,
3444 4250 3643 4324 objur-

2038 4338 2188 4410 gatio
2218 4337 2336 4395 haec
2384 4353 2508 4410 quae
2537 4337 2600 4392 ﬁt
2639 4355 2668 4394 a
2700 4338 2964 4410 pluribus.
3025 4362 3049 4387 ι»
3099 4342 3223 4396 Non
3270 4339 3430 4406 dixit,
3465 4341 3512 4397 ei
3547 4344 3640 4413 qui

2035 4425 2338 4484 fornicatus
2383 4435 2487 4498 est,
2536 4427 2654 4498 sed,
2692 4450 2717 4476 α
2749 4427 2831 4484 illi
2860 4428 2953 4500 qui
2983 4435 3066 4485 est
3107 4427 3419 4502 ejusmodi,
3457 4453 3481 4476 ιι
3517 4447 3643 4502 per-

2039 4515 2168 4573 inde
2213 4533 2276 4574 ac
2321 4517 2378 4572 in
2425 4517 2590 4589 priori
2647 4533 2864 4590 quoque
2915 4518 3160 4588 Epistola
3198 4535 3211 4573 :
3246 4517 3345 4574 sed
3399 4517 3516 4576 illic
3571 4537 3643 4576 nc

2039 4607 2325 4664 nominare
2372 4607 2551 4678 ipsum
2592 4607 2815 4680 quidem
2856 4607 3065 4675 volens,
3114 4606 3206 4662 hic
3253 4622 3381 4662 vero
3411 4622 3641 4678 parcens

319 4684 590 4745 παιδεύων
647 4685 740 4769 καὶ
797 4690 966 4766 ἡμᾶς,
1015 4691 1123 4756 τοῖς
1184 4686 1648 4769 συντετριμμένοις
1705 4710 1924 4765 συμπα-

2037 4695 2104 4765 ei,
2147 4711 2420 4768 nusquam
2451 4697 2664 4769 peccati
2693 4696 3038 4751 mentionem
3067 4693 3218 4765 fecit,
3245 4694 3498 4752 erudiens
3533 4712 3639 4752 nos

321 4774 598 4857 θεστέρους
627 4765 787 4840 εἶναι.

403 4891 428 4919 α
472 4863 649 4925 ⁴Ὧστε
701 4865 1001 4926 τούναντίον
1049 4867 1255 4944 μᾶλλον
1285 4869 1422 4945 ὑμᾶς
1462 4865 1792 4946 χαρίσασθαι
1835 4867 1926 4926 καὶ

316 4955 716 5036 παρακαλέσαι.
758 4978 787 5014 »
825 4956 918 5030 Μὴ
965 4955 1156 5034 μόνον,
1186 4956 1351 5037 φησὶ,
1379 4957 1588 5036 ⁸λύσατε
1613 4955 1708 5028 τὴν
1743 4956 1924 5016 ἐπιτί-

325 5069 521 5122 μησιν,
558 5045 699 5105 ἀλλά
732 5069 783 5105 τι
821 5047 914 5106 καὶ
947 5045 1109 5106 πλέον
1156 5049 1301 5128 αὐτῷ
1343 5047 1671 5127 χαρίσασθε,
1701 5045 1793 5107 καὶ
1823 5070 1927 5105 πα-

319 5134 656 5213 ρακαλέσατε
735 5135 932 5195 αὐτόν’
1008 5133 1308 5210 τουτέστιν,
1371 5137 1774 5210 ἀνακτήσασθε,
1839 5141 1926 5195 θε-

323 5221 632 5302 ραπεύσατε
659 5248 672 5261 ·
709 5223 892 5306 ὥσπερ
942 5225 991 5286 εἴ
1015 5250 1094 5292 τις
1145 5226 1412 5301 μαστίζων
1450 5225 1598 5299 τινὰ,
1649 5223 1725 5304 μὴ
1774 5224 1930 5302 μόνον

320 5317 592 5377 ἀπολῦσαι
638 5318 831 5392 αὐτὸν,
881 5317 1020 5376 ἀλλὰ
1068 5317 1160 5378 καὶ
1217 5317 1312 5388 τὰς
1356 5317 1566 5397 πληγὰς
1605 5323 1928 5398 θεραπεῦσαι

318 5410 627 5488 προτραπῇ.
683 5409 876 5474 Καλῶς
941 5407 996 5467 δὲ
1045 5398 1191 5482 εἶπε,
1245 5430 1274 5467 ‹‹
1330 5408 1662 5489 Χαρίσασθε.
1714 5431 1742 5467 ι)
1809 5405 1927 5470 Ἵνα

317 5493 426 5574 γὰρ
473 5493 550 5574 μὴ
578 5495 774 5577 νομίσῃ
821 5498 1051 5576 ἐκεῖνος,
1107 5497 1187 5557 ὅτι
1235 5499 1457 5580 ἆςρείθη,
1489 5501 1560 5567 ὡς
1606 5500 1803 5566 ἱκανῶς
1849 5496 1929 5567 ἐξ·

394 5777 443 5816 ⁸⁸
471 5776 602 5851 ὁρῶν
625 5794 691 5840 0.
764 5779 809 5817 ’9
847 5779 1163 5853 ιῦφρανεῖο.

2037 4795 2096 4842 ut
2125 4786 2372 4843 contritis
2392 4786 2882 4859 compatientiores
2907 4786 3101 4843 simus.

2106 4878 2285 4934 Van.
2334 4884 2387 4932 7.
2424 4896 2452 4929 ‹‹
2502 4880 2579 4933 Ita
2611 4885 2671 4933 ut
2696 4893 2726 4933 e
2757 4877 2976 4933 diverso
3008 4876 3188 4949 potius
3215 4892 3313 4934 vos
3341 4877 3394 4932 ei
3422 4875 3638 4933 condo-

2037 4966 2177 5024 netis
2223 4973 2280 5023 et
2315 4965 2702 5023 consolemini.
2757 4990 2781 5014 ιι
2818 4967 3076 5038 Nedum,
3133 4967 3333 5038 inquit,
3366 4975 3641 5022 removete

2036 5056 2503 5127 increpatiouem,
2545 5071 2740 5112 verum
2791 5057 2960 5113 etiam
2991 5057 3261 5130 quiddam
3309 5055 3540 5127 amplius
3565 5055 3642 5110 illi

2039 5145 2335 5218 indulgete,
2367 5153 2422 5201 et
2447 5145 2819 5202 adhortemini
2859 5146 3063 5216 ipsum,
3102 5145 3208 5201 hoc
3237 5154 3342 5213 est,
3382 5144 3641 5201 recreetis

2041 5243 2098 5292 et
2153 5237 2356 5292 curetis
2398 5235 2579 5308 ipsum
2619 5233 3139 5308 :quemadmodum
3191 5235 3239 5289 si
3290 5233 3413 5305 quis
3457 5233 3644 5306 ﬂagris

2039 5326 2358 5399 quempiam
2395 5325 2616 5382 credens
2653 5341 2764 5382 non
2793 5325 2977 5380 solum
3003 5339 3117 5379 non
3147 5323 3416 5392 dimittat,
3445 5339 3641 5379 verum

2039 5417 2208 5471 etiam
2250 5416 2440 5487 plagas
2475 5424 2530 5470 et
2557 5416 2786 5470 vulnera
2809 5429 3000 5470 curare
3026 5412 3370 5469 adhortetur.
3407 5411 3642 5468 Pulchre

2041 5515 2226 5562 autem
2265 5505 2422 5573 dixit,
2459 5528 2483 5554 α
2534 5505 2874 5562 Condonate.
2913 5524 2940 5557 »
2985 5506 3064 5562 Ut
3093 5503 3240 5559 enim
3269 5501 3357 5560 ille
3388 5517 3498 5558 non
3525 5501 3640 5557 exi-

1729 5691 1921 5752 Variaa
1961 5691 2270 5754 lectiones.
2294 5695 2301 5713 '
