4134 6422
491 471 596 526 819

1513 459 2047 529 ἸῊΕΟΡΗΥΙιΑΟἸἹΔ
2069 458 2430 515 BULGARIE
2468 456 2781 514 ARCHIEP.

3691 451 3793 504 820

488 595 678 652 stimet
729 592 839 650 sibi
862 588 1150 647 remissam
1196 603 1430 655 noxam,
1484 587 1611 659 quia
1639 586 1771 641 satis
1795 583 2079 642 confessus

2207 582 2681 662 ἱμολογησάμενος,
2744 580 2835 639 καὶ
2897 576 3229 656 μετανοήσας
3293 574 3628 656 ἀρκούντωςο
3686 573 3788 632 δείσ

487 686 580 753 sit,
603 692 659 740 et
677 681 1015 739 sufﬁcienter
1040 678 1362 751 poenitentia
1390 675 1610 744 ductus,
1654 673 1902 731 ostendit
1940 673 2086 746 quod

492 790 602 831 non
640 780 858 828 tantum
888 786 953 826 ex
984 768 1303 841 pmnitentia
1330 782 1448 834 sua,
1480 774 1749 838 quantum
1773 781 1839 821 ex
1868 764 2087 819 illorum

496 860 853 935 indulgentia,
898 858 1273 915 dimissionem
1304 856 1547 928 recipiat.

569 975 595 1001 ιι
620 954 703 1009 Ne
741 965 851 1024 quo
873 948 1041 1005 modo
1067 946 1450 1004 abundantiori
1472 945 1697 1002 tristitia
1734 942 2091 1000 absorbeatur

495 1042 587 1117 qui
639 1038 960 1114 hujusmodi
1014 1045 1114 1094 est.
1176 1038 1487 1108 n0portet,
1536 1034 1711 1107 inquit
1793 1042 1857 1089 ut
1908 1032 2089 1104 ipsum

492 1133 673 1190 denuo
720 1128 1032 1191 assumatis,
1062 1125 1417 1183 consolemini
1448 1133 1502 1181 ct
1530 1124 1753 1189 curetis,
1809 1138 1879 1179 ne
1917 1138 1947 1177 a
1989 1121 2088 1177 tri-

493 1222 635 1279 stitia
687 1221 837 1276 velut
887 1235 920 1275 a
959 1217 1138 1274 bellua
1179 1216 1438 1289 quadam,
1492 1214 1575 1270 vel
1611 1230 1643 1270 a
1680 1221 2006 1285 tempestate
2036 1219 2093 1267 et

494 1310 729 1385 procella
772 1308 1152 1375 absorbeatur,
1202 1305 1284 1362 vel
1328 1305 1399 1362 ad
1448 1303 1935 1377 strangulationem
1968 1316 2088 1373 per-

494 1401 703 1467 veniat,
754 1398 921 1454 veluti
963 1396 1168 1461 Judas,
1204 1410 1319 1466 prae
1359 1392 1776 1465 desperatione;
1826 1391 1907 1445 vel
1956 1389 2091 1445 resi-

500 1490 624 1558 liat,
650 1498 714 1545 ut
742 1495 870 1560 puta
919 1502 1038 1542 non
1078 1483 1257 1541 ferens
1308 1500 1374 1540 ex
1405 1481 1621 1539 immod
1642 1491 1792 1537 erata
1837 1479 2097 1552 objurga-

496 1581 649 1637 tione
668 1578 936 1646 dolorem,
954 1585 1009 1631 et
1029 1575 1097 1632 ad
1121 1574 1385 1646 majorem
1406 1572 1674 1628 malitiam
1697 1570 2090 1643 prmcipitetur.

502 1668 897 1727 Animadverte
925 1673 1109 1721 autem
1136 1661 1419 1736 quomodo
1443 1661 1613 1717 istum
1659 1661 1718 1716 in
1744 1659 1927 1716 ofﬁcio
1955 1674 2091 1714 con-

499 1760 694 1827 tineat,
723 1772 791 1812 ne
816 1763 940 1828 post
964 1752 1341 1811 dimissionem
1367 1751 1587 1825 segnior
1616 1751 1727 1806 ﬁat.
1773 1751 1901 1806 Non
1943 1747 2094 1803 enim

497 1847 622 1905 ideo
648 1854 704 1903 te
731 1843 965 1917 suscepi,
983 1842 1177 1916 inquit,
1220 1840 1375 1915 quod
1401 1839 1642 1914 perfecte
1662 1839 1853 1896 sordes
1875 1835 2093 1905 elueris,

2196 696 2378 732 κνυσιν
2425 673 2504 733 ὅτι
2535 674 2593 730 οὖ
2626 677 2868 729 τοσοῦτον
2905 667 3012 727 ἀπὸ
3041 671 3135 738 τῆς
3180 665 3489 744 μετανοίας,
3518 665 3641 726 ὅσον
3688 662 3792 722 ἀπὸ

2198 768 2294 835 τῆς
2322 763 2495 821 αὐτῶν
2524 760 2767 841 χάριτος,
2793 756 3064 834 λαμϐάνει
3091 754 3189 828 τὴν
3221 756 3424 837 ἄφεσιν.

2282 967 2305 992 ι
2359 939 2572 1012 Μήπως
2777 936 3131 1020 περισσοτέρᾳ
3208 936 3355 1017 λύπῃ
3427 940 3705 1015 καταποθῇ
3771 939 3799 993 δ

2199 1035 2451 1097 τοιοῦτος.
2488 1054 2518 1085 ι)
2554 1033 2652 1089 Δεῖ
2702 1029 2858 1088 αὐτὸν
2906 1026 3341 1110 προσλαϐέσθαι,
3375 1026 3530 1107 φησὶ,
3579 1026 3669 1083 καὶ
3699 1049 3799 1083 πα-

2204 1119 2527 1201 ρακαλέσαι,
2560 1119 2650 1177 καὶ
2692 1122 3036 1198 θεραπεῦσαι,
3064 1114 3152 1177 ἵνα
3186 1116 3261 1193 μὴ
3307 1120 3584 1195 καταποθῇ
3618 1114 3801 1194 ὥσπερ

2201 1209 2301 1269 ὕπὸ
2347 1209 2527 1291 θηρίου
2582 1209 2749 1280 τινὸς,
2797 1207 2832 1279 ἢ
2895 1207 2999 1266 ὕπὸ
3047 1210 3313 1288 χειμῶνος
3363 1206 3452 1264 καὶ
3500 1204 3799 1277 κλύδωνος,

2200 1303 2292 1371 τῆς
2338 1301 2543 1370 λύπης·
2583 1298 2677 1357 καὶ
2810 1299 2881 1364 εἷς
2923 1297 3156 1375 ἀγχόνην
3196 1295 3335 1374 ἥξῃ,
3376 1297 3446 1361 ὡς
3494 1298 3523 1353 ὁ
3567 1294 3803 1367 Ἰούδας,

2203 1393 2268 1468 τῇ
2320 1386 2655 1466 ἀπογνώσει·
2702 1384 2737 1458 ἢ
2791 1385 3193 1465 ἀποσκιρτήσῃ,
3249 1384 3326 1462 μὴ
3378 1384 3548 1463 φέρων
3596 1383 3691 1454 τὴν
3743 1384 3804 1440 ἐκ

2204 1482 2296 1548 τῆς
2344 1476 2573 1555 ἀμέτρου
2627 1472 2983 1551 ἰπιτιμήσεως
3037 1474 3261 1546 ὀδύνην,
3312 1472 3405 1530 καὶ
3459 1473 3532 1537 εἷς
3589 1471 3806 1548 μείζονα

2204 1565 2394 1624 κακίαν
2461 1565 2879 1644 ἐκτραχηλισθῇ.
2941 1562 3087 1643 "Op:
3147 1560 3233 1635 δὲ,
3289 1564 3401 1628 πῶς
3454 1560 3543 1620 καὶ
3602 1561 3806 1617 ἐκεῖνον

2201 1654 2585 1727 καταστῦιλει,
2630 1652 2716 1710 ἵνα
2762 1649 2838 1727 μὴ
2876 1649 3229 1732 ῥᾳθυμότερος
3273 1649 3492 1727 γένηται
3542 1644 3678 1723 μετὰ
3704 1646 3807 1717 τὴν

2205 1743 2413 1825 ἄφεσιν.
2462 1743 2545 1802 Οὐ
2583 1742 2687 1822 γὰρ
2731 1740 3011 1816 ἐδεξάμην,
3046 1738 3206 1819 φησὶ,
3247 1738 3379 1798 διότι
3427 1736 3667 1817 ἀπενίψω
3702 1759 3808 1825 ,τε-

2205 1824 2357 1898 λείως
2383 1829 2470 1889 τὸν
2504 1829 2689 1912 ῥύπον,
2738 1830 2856 1888 ἀλλ’
2883 1828 2972 1889 ἵνα
3018 1828 3093 1907 μὴ
3137 1827 3513 1908 χαλεπώτερόν
3550 1849 3603 1883 τι
3633 1824 3811 1903 πάθῃς

496 1936 599 1995 sed
627 1952 696 1993 ne
737 1933 870 2009 quid
893 1909 1116 2008 gravius
1137 1909 1365 2005 patiaris
1401 1909 1477 1987 ob
1507 1928 1887 1986 inﬁrmitatem
1913 1935 2088 1983 tuam.

2207 1921 2292 1981 διὰ
2320 1920 2417 1992 τὴν
2468 1919 2741 1979 ἀσθένειάν
2788 1942 2907 1980 σου.
2958 1920 3274 1995 Σημείωσαι
3305 1918 3391 1991 δὲ,
3442 1917 3523 1977 ὅτι
3571 1916 3630 1974 οὖ
3675 1914 3815 1993 πρὸς

496 2024 892 2084 Animadverte
932 2031 1118 2081 autem
1142 2020 1289 2094 quod
1319 2036 1434 2076 non
1463 2017 1535 2076 ad
1554 2026 1811 2075 naturam
1836 2024 2089 2090 peccato-

494 2132 642 2186 rum,
672 2124 934 2172 czeterum
976 2111 1045 2170 ad
1075 2110 1437 2169 affectionem
1478 2108 1825 2183 peccantium
1853 2107 2092 2178 increpa.

496 2206 678 2263 tiones
706 2204 815 2261 sint
838 2200 1213 2259 moderanda.

568 2297 748 2352 Vnus.
771 2300 827 2349 8.
860 2315 885 2341 α
929 2295 1161 2365 Propter
1202 2288 1351 2364 quod
1388 2287 1622 2346 obsecro
1651 2302 1751 2344 vos
1785 2295 1849 2343 ut
1888 2286 2094 2343 conﬁr-

499 2384 660 2443 metis
696 2383 755 2441 in
785 2382 946 2439 illum
972 2380 1319 2438 charitatem.
1358 2401 1385 2428 ι
1430 2381 1554 2435 Non
1590 2377 1709 2452 jam
1737 2376 1904 2433 veluti
1960 2390 2097 2449 prae-

499 2482 689 2548 ceptor
717 2472 969 2545 imperat,
991 2472 1089 2526 sed
1120 2469 1287 2526 veluti
1317 2476 1583 2541 patronus
1600 2466 1813 2542 judices
1843 2474 2098 2539 precatur

497 2561 843 2631 conﬁrmare,
888 2559 995 2617 hoc
1019 2567 1103 2617 est
1125 2558 1365 2615 stabilire
1408 2556 1784 2620 dilectionem,
1831 2572 1932 2611 nec
1960 2555 2097 2611 sim-

497 2652 707 2726 pliciter
735 2659 833 2708 aut
873 2649 1165 2723 vulgariter
1191 2648 1372 2721 ipsum
1405 2661 1707 2703 assumere.
1738 2645 1907 2717 253
1943 2643 2095 2700 Indi-

500 2750 590 2800 cat
622 2751 810 2800 autem
830 2755 1022 2798 eorum
1043 2738 1211 2795 etiam
1238 2738 1527 2805 virtutem;
1551 2735 1640 2808 qui
1667 2751 1793 2791 cum
1821 2742 1982 2790 antea
2020 2734 2101 2791 sic

500 2838 753 2889 amarant
780 2829 1089 2896 hominem,
1122 2836 1184 2884 ut
1213 2827 1262 2884 ei
1302 2825 1719 2899 appiauderent,
1750 2840 1901 2880 nunc
1927 2840 2102 2897 usque

506 2920 642 2979 adeo
675 2920 854 2993 ipsum
886 2918 1277 2975 aversabantur
1305 2915 1509 2989 peccati
1538 2914 1690 2971 istius
1715 2929 1877 2971 causa
1895 2953 1911 2982 ,
1940 2913 2099 2970 utch

505 3010 714 3070 Paulus
734 3009 853 3081 ipse
878 3022 980 3080 pro
1010 3021 1076 3063 eo
1105 3004 1489 3062 intercederet.

506 3168 515 3173 _
573 3103 756 3158 Vsns.
785 3104 842 3155 9.
873 3119 899 3147 σι
929 3095 1058 3153 Ideo
1077 3096 1222 3152 enim
1246 3093 1438 3166 scripsi
1465 3092 1639 3162 vobis,
1688 3101 1750 3150 ut
1772 3107 2103 3165 cognoscam

505 3189 946 3263 experimentum
976 3193 1223 3241 vestrum
1243 3225 1259 3253 ,
1305 3199 1446 3239 num
1477 3184 1546 3240 ad
1575 3182 1756 3239 omnia
1786 3182 2107 3239 obedientes

2200 2012 2296 2083 τὴν
2337 2013 2443 2069 τῶν
2505 2008 2913 2089 ἁμαρτημάτων
2960 2008 3143 2087 φύσιν,
3186 2006 3324 2066 ἀλλὰ
3374 2007 3504 2086 πρὸς
3553 2005 3652 2078 τὴν
3702 2007 3813 2063 τῶν

2202 2097 2615 2181 ἁμαρτανόντων
2648 2098 2880 2158 διάθεσιν
2915 2096 2980 2157 τὰ
3011 2097 3254 2176 ἐπιτίμια
3280 2098 3358 2156 δεῖ
3382 2096 3644 2177 δρίζεινφ*

2290 2305 2322 2339 α
2366 2282 2464 2344 Διὸ
2503 2286 2804 2361 παρακαλῶ
2851 2285 2989 2379 ὑμᾶς
3056 2286 3293 2362 κυρῶσαι
3342 2285 3415 2349 εἷς
3467 2279 3625 2341 αὐτὸν
3675 2282 3815 2361 ἁγά-

2204 2395 2331 2446 πην.
2386 2395 2415 2431 ιο
2468 2374 2670 2433 Οὐκέτι
2716 2377 2789 2443 ὡς
2842 2371 3159 2440 διδάσκαλος
3212 2372 3504 2450 ἐπιτάττει,
3561 2371 3688 2430 ἀλλ’
3738 2375 3817 2440 ὡς

2210 2462 2500 2543 συνήγορος
2527 2509 2541 2534 ,
2576 2463 2828 2531 δικαστὰς
2862 2465 3168 2544 παρακαλεῖ
3224 2468 3495 2542 κυρῶσαι,
3544 2461 3821 2534 τουτέστι,

2209 2555 2507 2636 βεϐαιῶσαι
2539 2557 2756 2634 ἀγάπην
2782 2604 2797 2629 ,
2849 2555 2940 2615 καὶ
2974 2554 3048 2632 μὴ
3082 2555 3295 2626 ἁπλῶς,
3344 2555 3435 2614 καὶ
3483 2557 3553 2620 ὡς
3602 2551 3817 2632 ἔτυχεν,

2210 2645 2363 2704 αὐτὸν
2422 2646 2846 2725 παραδέξασθαι.
2908 2645 3157 2705 Δείκνυσι
3218 2644 3273 2702 δὲ
3341 2642 3434 2701 καὶ
3485 2642 3580 2713 τὴν
3639 2642 3822 2700 αὐτῶν

2208 2733 2439 2815 ἀρετὴν,
2487 2732 2536 2793 εί
2575 2757 2634 2811 γε
2686 2734 2823 2793 οὕτω
2858 2735 3114 2816 πρότερον
3146 2737 3417 2814 φιλοῦντες
3461 2732 3549 2791 τὸν
3600 2733 3817 2811 ἄνθρω-

2208 2848 2343 2895 πον,
2399 2825 2469 2891 ὡς
2519 2823 2611 2881 καὶ
2662 2833 2969 2904 συγκροτεῖν
3022 2823 3211 2896 αὐτὸν,
3263 2821 3402 2881 οὕτω
3452 2827 3542 2881 ν’ὖν
3581 2820 3667 2880 διὰ
3715 2820 3820 2891 τὴν

2211 2911 2483 2993 ἁμαρτίαν
2536 2914 2960 2997 ἀπεστρέφοντο,
2990 2912 3128 2974 ὥστε
3167 2912 3259 2973 καὶ
3293 2914 3509 2973 Παῦλον
3544 2910 3677 2990 ὖπὲρ
3716 2912 3822 2968 αὖ·

2210 3007 2303 3061 τοῦ
2336 3003 2688 3081 παρακαλεῖν.

2301 3114 2329 3149 (‹
2379 3092 2471 3157 Εἷς
2500 3096 2655 3150 τοῦτο
2701 3091 2804 3172 γὰρ
2836 3091 2925 3151 καὶ
2968 3091 3214 3173 ἔγραψα,
3257 3087 3346 3150 ἵνα
3394 3094 3502 3169 γνῶ
3544 3088 3639 3161 τὴν
3673 3089 3825 3148 δοκι-

2217 3179 2321 3259 μὴν
2369 3183 2547 3257 ὑμῶν,
2595 3183 2639 3239 εἰ
2688 3184 2758 3249 εἷς
2795 3182 2971 3242 πάντα
3011 3179 3234 3252 ὑπήκοοί
3280 3181 3421 3242 ἐστε.
3468 3202 3497 3240 ι)
3555 3178 3828 3261 Ἐκφοϐεῖ

3523 3273 3556 3287 ~

504 3279 643 3338 sitis.
681 3301 708 3327 ν
762 3273 1150 3334 Perterrefacit
1200 3288 1324 3343 eos,
1356 3281 1419 3329 ut
1446 3280 1761 3330 metuentes
1804 3288 1874 3328 ne
1902 3272 2097 3328 inobe-

2212 3268 2439 3341 αὖτοὺς,
2484 3269 2572 3328 ἵνα
2632 3268 2896 3337 δείσαντες
2944 3270 3004 3329 τὸ
3065 3268 3442 3350 κατάκριμαλιο
3490 3273 3585 3339 τ’ἧς
3638 3293 3825 3347 παρα-

505 3368 720 3427 cientize
770 3364 1225 3433 condemnentur,
1290 3362 1443 3419 facile
1498 3362 1810 3420 condonent
1862 3360 2092 3418 homini.

510 3483 538 3509 ι
564 3457 694 3515 Ideo
722 3456 868 3513 enim
888 3454 1105 3526 scripsi,
1139 3476 1164 3504 ι
1198 3454 1403 3527 inquit,
1435 3475 1461 3502 α
1494 3460 1553 3509 ut
1571 3468 1901 3526 cognoscam
1928 3468 2093 3525 expe-

503 3547 802 3604 rimentum
830 3552 1095 3613 vestrum,
1128 3565 1149 3593 ι
1175 3542 1281 3599 hoc
1320 3551 1425 3610 est,
1457 3540 1783 3613 obedientias
1811 3541 2094 3611 virtutem,

502 3654 572 3695 an
602 3633 1075 3711 quemadmodum
1115 3633 1405 3689 audivistis
1441 3648 1535 3689 me
1559 3630 1627 3688 ad
1655 3647 1787 3689 eum
1806 3631 2099 3704 increpan-

503 3727 657 3796 dum,
680 3726 762 3783 sic
784 3725 918 3781 mihi
939 3740 1087 3781 nunc
1116 3722 1399 3794 obediatis,
1427 3721 1497 3779 ad
1525 3738 1655 3779 eum
1676 3721 2094 3779 consolandum.

503 3816 569 3874 Id
592 3816 743 3873 enim
772 3815 917 3871 valet
944 3813 1091 3886 quod
1115 3813 1213 3882 ait,
1249 3831 1279 3866 α
1311 3828 1446 3868 num
1469 3810 1539 3868 ad
1569 3811 1752 3867 omnia
1772 3811 2100 3869 obedientes

503 3906 640 3963 sitis.
691 3930 717 3955 ι
747 3904 917 3978 Atqui
954 3920 1066 3959 non
1113 3910 1403 3975 propterea
1450 3901 1810 3972 scripsit,sed
1842 3902 1913 3958 ob
1955 3902 2100 3959 illius

503 3996 741 4053 salutem
786 4011 801 4049 :
855 4000 1107 4050 attamen
1156 3991 1251 4048 ubi
1299 3989 1434 4047 nihil
1481 3989 1717 4056 laeditur,
1769 3989 1937 4048 simul
1997 3992 2102 4049 illis

503 4084 749 4143 amicum
780 4098 900 4140 sese
924 4081 1168 4138 exhibet.

575 4176 750 4230 Vsus.
799 4178 888 4228 10.
938 4188 969 4224 tt
998 4170 1098 4227 Cui
1152 4178 1339 4226 autem
1396 4168 1697 4242 quidquam
1745 4167 1999 4240 donatis,
2050 4178 2105 4228 et

505 4278 625 4335 ego.
652 4283 679 4310 ι·
711 4264 814 4317 Per
838 4259 960 4317 hac
995 4266 1319 4315 nascentem
1338 4257 1589 4331 ipsorum
1616 4258 2029 4315 contentionem
2050 4267 2106 4316 et

507 4348 888 4423 pertinaciam,
919 4363 1027 4420 qua
1074 4346 1288 4403 homini
1342 4346 1711 4403 condonaturi
1764 4363 1876 4404 non
1921 4356 2101 4416 erant,

507 4438 743 4512 mitigat.
777 4439 918 4494 Ecce
962 4437 1110 4494 enim
1142 4436 1268 4493 illos
1316 4435 1539 4509 quidem
1570 4435 1765 4510 gratiae
1804 4436 1969 4509 hujus
2010 4454 2105 4493 au-

506 4536 686 4587 ctores
722 4528 1019 4601 primarios
1066 4525 1228 4596 facit,
1275 4526 1519 4598 seipsum
1589 4541 1718 4582 vero
1770 4526 2103 4599 subsequen-

506 4627 675 4675 tem:
720 4641 746 4668 ιι
801 4618 923 4688 Cui,
985 4639 1010 4666 ιι
1061 4616 1335 4690 inquiens,
1389 4637 1416 4665 α
1469 4614 1689 4672 donatis
1738 4631 1865 4685 vos,
1914 4625 1971 4673 et
1998 4632 2097 4690 ego

505 4707 787 4766 condono.
826 4730 852 4757 ι

581 4819 608 4847 σι
634 4799 778 4853 Nam
818 4804 874 4853 et
896 4810 1024 4869 ego,
1054 4794 1098 4852 si
1127 4794 1262 4868 quid
1290 4792 1508 4864 donavi,
1557 4795 1646 4853 cui
1709 4795 1923 4864 donavi,
1979 4812 2107 4869 pro-

504 4895 629 4960 pter
656 4901 754 4943 vos
778 4886 835 4941 in
856 4901 1089 4958 persona
1108 4884 1334 4943 Christi.
1363 4908 1388 4934 ιο
1421 4888 1506 4943 Ne
1554 4886 1877 4943 existiment
1903 4902 1960 4942 se
1984 4902 2103 4942 esse

505 4975 768 5033 dominos
808 4973 1151 5043 dimittendi,
1196 4983 1253 5031 et
1273 4991 1404 5043 non,
1433 4992 1496 5032 ac
1515 4985 1797 5049 propterea
1829 4977 2105 5049 negligant

506 5065 797 5123 hominem
836 5065 1139 5133 absolvere,
1190 5064 1395 5121 indicat
1418 5067 1497 5122 eis
1533 5066 1679 5139 quod
1698 5067 1815 5139 jam
1843 5067 1958 5138 ipse
2004 5068 2104 5123 tali

503 5156 808 5224 donaverit,
845 5163 906 5213 ut
932 5171 1044 5211 non
1072 5155 1286 5228 possint
1321 5171 1440 5212 sese
1476 5172 1641 5228 porro
1670 5156 1769 5228 ipsi
1799 5172 2097 5229 apponere.

505 5247 587 5302 Ne
631 5254 817 5303 autem
887 5244 1242 5301 vulnerentur
1305 5261 1403 5301 ceu
1472 5245 1807 5318 contempti,
1876 5249 2103 5317 Propter

506 5350 637 5403 vos,
684 5335 895 5409 inquit,
933 5335 1118 5391 remisi
1147 5335 1193 5392 ei
1222 5351 1454 5392 :noram
1489 5335 1637 5391 enim
1679 5334 1830 5408 quod
1876 5335 1980 5391 hoc
2006 5352 2104 5391 vo-

505 5421 588 5480 bis
617 5433 838 5496 gratum
864 5423 936 5479 sit
961 5422 1230 5480 futurum.
1259 5423 1494 5491 Deinde,
1519 5439 1588 5480 ne
1614 5423 1906 5481 hominum
1928 5425 2101 5498 gratia

505 5515 717 5570 veniam
764 5511 840 5569 illi
880 5510 1218 5571 concessisse
1254 5512 1521 5584 videatur,
1569 5513 1794 5587 adjecit,
1823 5536 1850 5563 ι
1883 5513 1942 5571 in
1984 5529 2103 5587 per-

2205 3362 2364 3433 κοῆς,
2418 3358 2646 3427 εὐκόλως
2703 3365 2778 3439 τῷ
2838 3356 3098 3439 ἀνθρώπῳ
3147 3359 3558 3443 συγῃορήσωσι.
3622 3381 3650 3416 α
3707 3359 3825 3418 Διὰ

2204 3454 2359 3508 τοῦτο
2384 3448 2521 3528 γὰρ,
2552 3472 2579 3507 η
2622 3450 2782 3530 φησὶν
2802 3496 2817 3522 ,
2870 3472 2900 3508 α
2943 3448 3178 3530 ἔγραψα,
3206 3449 3293 3508 ἵνα
3320 3453 3428 3527 γνῶ
3459 3448 3555 3521 τὴν
3588 3448 3823 3524 δοκιμὴν

2205 3540 2351 3615 ὑμῶν
2379 3560 2393 3574 ·
2423 3560 2452 3595 υ
2511 3541 2778 3613 τουτέστι,
2808 3539 2925 3611 Τὴν
2978 3539 3170 3619 ἀρετὴν
3222 3539 3319 3609 τὴν
3366 3540 3420 3596 ἐν
3559 3542 3778 3619 ὓπακοῇ
3805 3583 3822 3611 ,

2208 3628 2297 3687 ἐὰν
2346 3626 2533 3707 ὥσπερ
2582 3629 2851 3699 ἠκούσατέ
2898 3653 2999 3704 μου
3060 3631 3131 3697 εἰς
3179 3628 3237 3687 τὸ
3286 3630 3599 3705 ἐπιτιμῆσαι
3653 3628 3829 3709 αὐτῷ,

2208 3716 2346 3777 οὕτω
2390 3719 2481 3777 καὶ
2534 3722 2627 3775 νῦν
2684 3717 3025 3789 ὕπακούσητε
3080 3716 3211 3797 πρὸς
3278 3718 3338 3776 τὸ
3401 3716 3827 3797 παρακαλέσαιῇ

2207 3811 2362 3865 τοῦτο
2399 3806 2501 3883 γάρ
2532 3807 2644 3865 ἐστι
2674 3806 2735 3865 τὸ
2760 3852 2776 3884 ,
2835 3828 2862 3863 (ι
2895 3808 2965 3866 Εἰ
3012 3808 3084 3874 εἷς
3112 3805 3287 3864 πάντα
3339 3805 3566 3878 ὖπήκοοί
3603 3810 3741 3868 ἐστε.
3789 3833 3823 3865 νυ

2213 3894 2404 3956 Καίτοι
2449 3896 2507 3954 οὐ
2552 3895 2637 3953 διὰ
2670 3901 2823 3955 τοῦτο
2872 3894 3130 3977 ἔγραψεν,
3168 3895 3309 3955 ἀλλὰ
3353 3897 3440 3955 διὰ
3470 3896 3567 3968 τὴν
3614 3894 3827 3958 ἐκείνου

2211 3984 2519 4059 σωτηρίαν·
2571 3984 2715 4061 ὅμως
2767 3984 2887 4044 ἔνθα
2937 3986 3104 4062 μηδὲν
3158 3985 3488 4066 βλάπτεται,
3538 3988 3828 4067 χαρίζεται

2207 4075 2487 4139 κάκείνοις.

2300 4185 2330 4222 (ι
2374 4151 2449 4247 ⁸ᾯ
2481 4162 2537 4221 δέ
2578 4186 2627 4221 τι
2670 4165 2986 4244 χαρίζεσθε,
3020 4164 3113 4224 καὶ
3144 4163 3271 4244 ἐγώ.
3315 4186 3345 4223 ›)
3402 4164 3686 4225 Μαλάττει
3722 4168 3818 4225 διὰ

2211 4251 2410 4310 τούτων
2459 4251 2554 4326 τὴν
2598 4254 2967 4336 ἀνακόψουσαν
3000 4255 3129 4321 ἴσως
3170 4254 3489 4337 φιλονεικίαν
3525 4258 3694 4313 αὐτῶν
3725 4258 3830 4317 καὶ

2211 4339 2489 4414 ἔνστασιν,
2521 4338 2658 4400 ὥστε
2700 4342 2775 4419 μὴ
2820 4347 3171 4423 συγχωρῆσαι
3220 4346 3296 4421 τῷ
3344 4343 3629 4423 ἀνθρώπῳ.
3680 4343 3828 4404 Ἰδοὺ

2209 4427 2314 4509 γὰρ
2389 4429 2615 4498 ἐκείνους
2681 4431 2776 4507 μὲν
2858 4433 3329 4512 προκατάρχοντας
3402 4437 3518 4513 τῆς
3568 4433 3824 4513 χάριτος,

2212 4518 2394 4578 ἑαυτὸν
2427 4520 2483 4579 δὲ
2518 4519 2776 4597 ἑπόμενον
2823 4520 3033 4595 τίθησι,
3079 4520 3283 4600 λέγων,
3317 4520 3399 4581 δ’τι
3430 4550 3454 4576 α
3487 4512 3561 4609 ’ᾯ
3595 4512 3815 4603 χαρίζεο

2209 4614 2299 4668 σθε
2334 4630 2361 4665 ››
2392 4611 2581 4688 ὑμεῖς,
2620 4608 2790 4691 τούτῳ
2834 4631 2861 4669 α
2895 4610 2984 4668 καὶ
3016 4608 3121 4690 ἐγὼ
3154 4632 3182 4667 ι
3218 4610 3532 4691 χαρίζομαι.

2303 4813 2333 4849 tt
2378 4790 2489 4852 Καὶ
2518 4790 2622 4873 γὰρ
2657 4791 2761 4871 ἐγὼ
2793 4792 2842 4852 εἴ
2869 4816 2919 4851 τι
2966 4792 3331 4874 κεχάρισμαι,
3377 4784 3420 4875 ᾧ
3450 4793 3782 4875 κεχάρισμαι
3805 4842 3822 4870 ,

2212 4882 2281 4940 δι’
2307 4883 2447 4957 ὑμᾶς
2476 4885 2528 4942 ἐν
2558 4882 2830 4963 προσώπῳ
2863 4885 3124 4964 Χριστοῦ.
3161 4910 3191 4941 n
3224 4884 3345 4946 Ἵνα
3380 4884 3455 4963 μὴ
3492 4884 3708 4953 ἑαυτοὺς
3734 4910 3824 4945 νο-

2213 4970 2413 5049 μίσωσι
2446 4971 2656 5052 κυρίους
2703 4979 2795 5031 τοῦ
2849 4972 3096 5054 ἀφιέναι,
3148 4975 3239 5033 καὶ
3272 4974 3346 5052 μὴ
3375 5019 3391 5044 ,
3424 4976 3513 5033 καὶ
3548 4972 3633 5035 διὰ
3663 4981 3822 5034 τοῦτο

2212 5059 2529 5137 ἅμελήσωσι
2577 5066 2668 5119 τοῦ
2730 5064 2997 5120 ἀπολῦσαι
3045 5061 3131 5121 τὸν
3181 5062 3457 5142 ἄνθρωπον
3492 5087 3504 5101 ο
3555 5064 3818 5123 δείκνυσιν

2213 5150 2386 5217 αὐτοῖς
2436 5150 2516 5207 ὅτι
2563 5150 2667 5223 ἤδη
2706 5151 2859 5217 αὐτὸς
2911 5152 3200 5233 ἐχαρίσατο
3249 5159 3325 5230 τῷ
3373 5153 3626 5236 τοιούτῳ,
3677 5155 3820 5213 ὥστε

2212 5240 2406 5315 μηκέτι
2457 5237 2714 5300 δύνασθαι
2761 5241 2948 5307 αὐτοὺς
2997 5242 3459 5310 ἀντιδιατάξασθαι
3491 5244 3659 5323 αὐτῷ.
3695 5240 3820 5301 Ἵνα

2215 5328 2270 5386 δὲ
2319 5328 2394 5407 μὴ
2442 5331 2720 5405 πληγῶσιν
2770 5334 2841 5397 ὡς
2888 5333 3273 5413 παροφθέντες,
3323 5332 3493 5414 φησί’
3543 5335 3626 5392 Δι’
3680 5333 3823 5409 ὑμᾶς

2214 5420 2551 5499 ἐχαρισάμην
2606 5422 2789 5502 αύτῷ·
2843 5420 2989 5502 ᾔδειν
3045 5421 3147 5497 γὰρ
3199 5423 3282 5482 ὅτι
3352 5422 3643 5483 ἀποδεκτὸν
3693 5426 3820 5500 ύμῖν

2211 5511 2326 5568 ἐστι
2370 5512 2545 5574 τοῦτο.
2595 5501 2734 5571 Εἶτα
2777 5501 2867 5571 ἵνα
2918 5511 2993 5590 μὴ
3048 5510 3172 5593 δόξῃ
3222 5511 3295 5572 δι’
3344 5514 3650 5595 ἀνθρώπους
3692 5538 3820 5593 συγ-

1890 5648 2083 5711 Variae
2126 5652 2435 5714 lectiones.

578 5742 624 5777 ‘°
647 5745 803 5817 κρῖμα
836 5760 890 5801 o.
