4134 6414
438 414 542 473 821

436 541 805 623 κεχωρηκέναι
825 585 841 615 ,
884 539 1214 621 προσέθηκεν

435 637 562 691 στοῦ
595 653 611 670 ο
646 658 669 684 ι
701 628 984 710 τουτέστι,
1011 629 1170 693 Κατὰ
1199 630 1377 705 Θεὸν,
1400 629 1493 691 καὶ
1526 628 1747 691 ἐνώπιον
1776 635 1870 691 τοῦ
1902 633 2037 713 Χρι-

435 726 603 795 στοῦ,
633 719 727 781 καὶ
773 720 968 781 ὡσανεὶ
1013 720 1214 782 ἐκείνου
1264 724 1421 781 τοῦτο
1466 720 1513 759 ⁴¹
1562 719 1865 787 κελεύοντος
1889 766 1906 795 ,
1949 720 2038 780 καὶ

433 812 508 878 ὣς
548 808 951 892 ἀντιπρόσωπος
1003 808 1076 869 ὢν
1114 809 1344 892 ἐκείνου,
1392 810 1747 891 συνεχώρησα
1791 833 1805 849 ·
1840 808 1908 883 ἢ,
1965 812 2038 878 εἰς

435 899 589 971 δόξαν
618 889 997 981 τοῦνΧριστοῦ.
1034 902 1097 962 Εἰ
1141 889 1231 958 οὖν
1274 900 1347 969 εἷς
1374 889 1792 979 δόξαννΧριστοῧ
1834 898 2038 980 γίνεται

432 992 469 1061 ἦ
500 988 861 1071 συγχώρησις,
886 992 999 1057 πῶς
1036 992 1097 1050 οὗ
1137 988 1217 1048 δεῖ
1246 994 1664 1071 συγχωρηθῆναι
1693 994 1876 1050 τοῦτον
1901 1034 1919 1065 ,
1950 986 2036 1049 ἵνα

435 1077 667 1161 δοξασθῇ
696 1077 928 1159 Χριστός
946 1100 964 1153 ;

525 1190 557 1227 ε
583 1164 708 1230 Ἵνα
762 1166 837 1247 μὴ
866 1169 1339 1246 πλεονεκτηθῶμεν
1380 1168 1482 1229 ὑπὸ
1524 1173 1619 1229 τοῦ
1650 1171 1873 1231 Σατανᾶ
1906 1193 1919 1208 ο
1976 1171 2034 1230 οὗ

431 1256 539 1341 γὰρ
568 1260 728 1319 αὐτοῦ
759 1257 828 1319 τὰ
871 1257 1116 1335 νοήματα
1167 1260 1479 1337 ἀγνοοῦμεν.
1520 1280 1553 1319 )
1585 1257 1708 1319 Ἵνα
1742 1259 1828 1339 μὴ
1872 1257 2035 1337 γένη-

430 1372 557 1426 ται,
587 1348 717 1430 φησὶ
736 1394 753 1424 ,
786 1347 936 1420 κοινὴ
975 1351 1007 1420 ἦ
1042 1347 1219 1428 βλάϐη
1241 1391 1260 1419 ,
1297 1350 1391 1407 καὶ
1416 1349 1691 1429 ἔλαττωθῇ
1717 1352 1811 1420 τῆς
1841 1350 2037 1427 ἀγέλης

428 1442 523 1497 τοῦ
581 1440 817 1518 Χριστοῦ
868 1440 897 1497 ὃ
946 1437 1186 1518 ἀριθμός.
1255 1440 1449 1506 Καλῶς
1504 1439 1559 1497 δὲ
1616 1437 1922 1506 πλεονεξίαν
1972 1438 2033 1497 τὸ

428 1536 657 1608 πρᾶγμα
716 1524 994 1604 ὠνόμασεν
1051 1549 1066 1565 ο
1114 1530 1143 1586 ὁ
1190 1527 1293 1608 γὰρ
1340 1526 1586 1596 διάϐολος
1626 1526 1748 1609 οὐχὶ
1790 1527 1856 1588 τὰ
1889 1529 2033 1610 αὑτῷ

429 1616 748 1700 διαφέροντα
775 1614 1081 1694 λαμϐάνει,
1102 1616 1240 1677 ἀλλὰ
1269 1615 1360 1674 καὶ
1395 1616 1462 1676 τὰ
1495 1615 1731 1697 ἡμέτερα
1759 1616 1986 1697 ἁρπάζει
2018 1640 2032 1655 ·

428 1705 523 1767 καὶ
568 1706 840 1785 μάλιστα,
882 1707 928 1765 εἰ
976 1705 1070 1765 καὶ
1121 1706 1208 1765 διὰ
1262 1706 1486 1783 μεθόδου
1530 1705 1829 1786 ἡμετέρας,
1873 1729 2032 1766 τουτ-

429 1796 585 1870 έστι,
630 1800 728 1868 τῆς
773 1795 1055 1871 μετανοίας
1085 1794 1140 1832 ⁴²
1193 1795 1427 1874 ἀμέτρου
1475 1794 1776 1875 γινομένης.
1810 1794 1908 1856 Διὸ
1937 1794 2028 1855 καὶ

424 1885 671 1963 νοήματα
728 1885 952 1946 ἐκάλεσε
1004 1889 1102 1945 τοῦ
1179 1884 1469 1963 διαϐόλου,
1526 1884 1624 1959 τὴν
1701 1884 2025 1967 κακουργίαν

427 1977 594 2035 αὐτοῦ
636 1974 731 2035 καὶ
778 1974 875 2048 τὴν
927 1974 1208 2052 δολιότῃτα
1229 2021 1248 2052 ,
1278 1975 1370 2034 καὶ
1418 1973 1563 2044 ὅπως
1593 1978 1648 2037 ἓν
1676 1974 2029 2057 προσχήματι

426 2062 707 2133 εὐλαϐείας
740 2063 794 2104 ⁴³
840 2063 1160 2126 ἀπόλλυσιν.
1214 2064 1297 2126 Οὔ
1340 2063 1444 2145 γὰρ
1492 2063 1653 2143 μόνον
1698 2067 1757 2124 ἐκ
1785 2064 2029 2145 πορνείας

426 2151 763 2234 ὑποσκελίζει
778 2199 797 2232 ,
855 2152 994 2214 ἀλλὰ
1051 2152 1142 2214 καὶ
1192 2152 1246 2222 ἐξ
1302 2154 1539 2234 ἀμέτρου
1592 2152 1789 2227 λύπης.
1904 2155 2030 2221 Πῶς

425 2233 516 2304 οὖν
544 2245 605 2304 οὗ
654 2242 965 2320 πλεονεξία,
1015 2241 1143 2303 ὅταν
1191 2241 1285 2303 καὶ
1337 2243 1398 2303 ἐκ
1449 2233 1553 2303 τῶν
1586 2241 1862 2325 ἡμετέρων
1904 2242 2029 2302 ἀλί-

426 2356 532 2415 σκῃ
569 2337 738 2410 huic;

515 2445 546 2482 ιι
577 2421 781 2483 Ἐλθὼν
829 2422 885 2483 δὲ
930 2424 1002 2491 εἷς
1055 2420 1294 2504 Τρωάδα
1324 2422 1396 2492 εἷς
1446 2421 1506 2483 τὸ
1551 2421 1879 2503 Εὖαγγέλιον
1933 2427 2027 2481 τοῦ

425 2513 667 2593 Χριστοῦ
691 2559 709 2590 ,
739 2512 831 2574 καὶ
860 2511 1018 2592 θύρας
1058 2534 1149 2590 μοι
1183 2510 1523 2593 ἀνεῳγμένης
1570 2515 1623 2573 ἐν
1676 2512 1888 2593 Κυρίῳ,
1935 2512 2030 2572 οὐκ

425 2603 634 2684 ἔσχηκα
662 2602 838 2663 ἄνεσιν
892 2605 966 2683 τῷ
993 2600 1261 2679 πνεύματί
1316 2626 1453 2685 μου,
1498 2605 1576 2683 τῷ
1625 2600 1702 2681 μὴ
1752 2602 1923 2685 εὑρεῖν
1960 2624 2029 2678 με

423 2682 589 2755 Τίτον
634 2691 724 2752 τὸν
785 2682 1010 2773 ἀδελφόν
1083 2715 1208 2768 μου.
1276 2715 1307 2748 κ
1376 2682 1555 2753 Εἶπεν
1594 2682 1845 2772 ἀνωτέρω
1869 2736 1887 2766 ,
1949 2688 2029 2750 ὅτι

423 2784 596 2863 θλῖψις
641 2783 789 2863 αὖτῷ
839 2779 1043 2859 ἐγένετο
1096 2782 1149 2839 ἐν
1319 2779 1473 2863 Ἀσία
1498 2829 1513 2853 ,
1565 2780 1662 2841 καὶ
1712 2778 1875 2851 ἔδειξε
1916 2783 2031 2848 πῶς

425 2872 713 2951 ἀπηλλάγη
755 2869 951 2941 ταύτης
976 2894 990 2909 ο
1034 2873 1123 2929 ν’ὗν
1155 2869 1320 2931 πάλιν
1366 2872 1606 2932 διδάσκει
1655 2870 1737 2930 ὅτι
1768 2868 1862 2930 καὶ
1906 2867 2029 2929 ἑτέ-

425 2985 527 3043 ρως
555 2960 739 3034 ἐθλίϐη
770 2963 847 3043 τῷ
887 2958 964 3043 μὴ
997 2963 1165 3039 εὑρεῖν
1197 2962 1248 3021 Τ
1254 2960 1380 3022 ίτον.
1415 2958 1599 3023 Ὅταν
1629 2959 1733 3042 γὰρ
1764 2962 1793 3019 ὅ
1837 2983 2023 3040 παρα-

422 3041 746 3128 μυθούμενος
897 3041 932 3131 ᾗ
950 3099 969 3126 ,
1019 3048 1307 3130 δεινότερος
1343 3054 1373 3110 ὁ
1412 3049 1731 3129 πειρασμός.
1767 3048 1945 3110 Ὥστε
1977 3048 2030 3107 τί

424 3162 515 3220 μοι
570 3140 843 3222 μέμφεσθε
893 3143 988 3212 τῆς
1041 3138 1370 3221 βραδύτητος
1433 3138 1725 3209 τοσαύταις
1771 3137 2029 3219 ἀνάγκαις

422 3229 764 3310 περιπεσόντι
793 3231 888 3290 οὔκ
919 3228 1110 3297 ἐώσαις
1157 3234 1334 3306 ἡμᾶς,
1375 3232 1449 3298 ὡς
1498 3228 1835 3311 βουλόμεθα,
1883 3231 2020 3287 ἀπο-

424 3319 652 3398 δημεῖν;
713 3320 839 3399 Οὐχ
896 3317 1082 3387 ἅπλῶς
1161 3317 1216 3378 δέ
1275 3341 1475 3398 φησιν,
1547 3320 1884 3397 ἕπιδημῆσαι

422 3409 673 3488 Τρωάδι,
734 3408 875 3483 ἀλλ’,
939 3430 971 3468 α
1015 3407 1121 3488 Εἷς,
1149 3406 1211 3467 τὸ
1248 3406 1574 3486 Εὐαγγέλιον
1599 3452 1618 3482 ,
1654 3430 1684 3466 υ
1720 3409 2025 3481 τουτέστιν,

424 3486 561 3558 ὥστε
590 3497 837 3579 κηρύξαι.
895 3499 1021 3565 Πῶς
1062 3486 1152 3556 οἷν
1191 3498 1291 3556 οὐκ
1320 3495 1577 3576 ἐκήρυξας
1596 3541 1614 3575 ,
1645 3496 1737 3556 καὶ
1769 3504 1943 3560 ταῦτα
1971 3502 2025 3540 ⁴⁴

423 3587 581 3666 θύρας
625 3610 709 3647 σοι
744 3586 1114 3669 ἀνεῳγμένης
1169 3584 1445 3665 Ἐκήρυξα
1476 3584 1596 3664 μὲν,
1627 3589 1721 3647 οὐκ
1772 3586 1860 3648 ἐπὶ
1888 3590 2025 3650 πολὺ

424 3675 513 3751 δὲ,
560 3677 698 3737 διότι
762 3667 864 3758 οὐχ
921 3667 1067 3757 εὖρον
1126 3675 1314 3738 Τίτον.
1379 3697 1410 3735 ι
1482 3677 1604 3737 Οὐκ
1662 3676 1871 3757 ἔσχηκα
1921 3677 2027 3763 γὰρ

424 3766 599 3827 ἄνεσιν
622 3790 638 3806 ο
680 3786 713 3826 α
769 3764 1076 3842 τουτέστιν,
1128 3763 1415 3839 Ἐθλίϐην,
1467 3765 1748 3839 ὠδυνήθην
1799 3767 1887 3826 διὰ
1930 3767 2027 3841 τὴν

423 3853 683 3917 ἀπουσίαν
730 3854 918 3915 τούτου
969 3854 1047 3918 ⁸⁵.
1099 3843 1238 3935 ’Ἆρα
1273 3845 1365 3916 οὖν
1409 3855 1496 3914 διὰ
1525 3858 1681 3916 τοῦτο
1724 3857 1935 3936 ἀφῆκας
1966 3859 2027 3919 τὸ

422 3945 574 4026 ἔργον
617 3950 710 4006 τοῦ
742 3945 918 4021 Θεοῦ;
960 3945 1043 4007 Οὔ
1091 3943 1179 4005 διὰ
1209 3951 1401 4018 τοῦτο,
1460 3945 1599 4005 ἀλλὰ
1652 3944 1787 4006 διότι
1838 3948 2025 4009 ἐνεπο-

422 4035 591 4106 δίζετο
620 4034 682 4095 τὸ
731 4034 917 4116 ἔργον,
968 4034 1170 4096 ἰκείνου
1204 4034 1431 4102 ἀπόντος
1472 4033 1546 4096 ³³⁸.
1601 4033 1748 4114 Ἐγὼ
1793 4034 1892 4113 μὲν
1921 4037 2026 4119 γὰρ

420 4125 560 4185 πάνυ
618 4124 912 4202 ἐπεθύμουν
993 4123 1253 4205 κηρύξαι,
1306 4124 1426 4183 ἀλλ’
1482 4128 1519 4198 ἡ
1573 4123 1806 4185 ἀπουσία
1861 4126 2026 4188 Τίτου

423 4213 673 4294 ἐμπόδιον
696 4212 880 4296 γέγονε
910 4237 925 4253 ο
959 4214 1172 4295 μεγάλα
1199 4212 1306 4296 γὰρ
1334 4213 1587 4296 συνήργει
1619 4212 1831 4295 παρών.

512 4414 545 4453 σ
577 4390 721 4453 Ἀλλ’
773 4389 1170 4472 ἀποταξάμενος
1218 4390 1395 4460 αὐτοῖς
1442 4390 1655 4465 ἐξῆλθον
1706 4393 1779 4461 εἷς
1826 4394 2020 4453 Μακε-

1366 412 1727 473 EXPOSITIO
1768 416 1834 472 IN
1872 414 2085 473 EPIST.
2125 415 2170 472 Il
2205 416 2300 472 AD
2338 416 2499 474 (ΞΟΠ.
2535 444 2606 458 -
2643 416 2795 473 CAP.
2839 418 2903 472 ll.

3647 417 3754 473 822

1262 557 1279 576 ⁸
1332 560 1363 600 ιι
1410 540 1507 602 Ἐν
1561 539 1833 622 προσώπῳ
1889 542 2029 621 Χρι-

2151 556 2291 597 sona
2318 540 2542 609 Christi,
2573 565 2599 591 ι
2629 540 2736 598 hoc
2762 550 2845 598 est
2890 540 3196 598 secundum
3227 545 3434 612 Deum,
3466 549 3524 598 et
3560 557 3753 599 coram

2149 630 2395 695 Christo,
2444 638 2500 688 et
2551 640 2816 704 tanquam
2866 631 2961 687 illo
3016 629 3123 686 hoc
3171 630 3426 705 jubente,
3467 647 3530 687 ac
3580 632 3751 688 veluti

2147 720 2267 793 ejus
2302 721 2476 777 vicem
2509 736 2724 794 gerens,
2774 720 2994 787 dimisi;
3044 720 3128 776 vel
3173 720 3226 775 in
3258 720 3490 793 gloriam
3525 719 3747 777 Christi.

2147 809 2309 881 Quod
2355 810 2401 866 si
2433 810 2489 866 in
2538 810 2774 883 gloriam
2835 809 3031 867 Christi
3079 809 3224 866 cedit
3294 808 3567 879 dimissio,
3617 826 3752 883 quo-

2149 898 2316 955 modo
2364 915 2478 956 non
2503 907 2648 957 esset
2691 898 2822 957 huic
2849 897 3276 973 ignoscendum,
3310 907 3371 956 ut
3416 897 3752 973 glorificatur

2149 988 2397 1047 Christus
2412 992 2435 1049 Ρ

2213 1174 2394 1230 Vens.
2439 1177 2523 1229 11.
2557 1195 2581 1222 α
2611 1176 2698 1231 Ut
2731 1188 2845 1230 non
2889 1171 3384 1231 circumveniamur
3419 1188 3451 1231 a
3479 1175 3677 1232 Satana
3733 1192 3747 1232 :

2146 1278 2260 1319 non
2303 1262 2451 1319 enim
2497 1263 2819 1337 ignoramus
2846 1264 3018 1335 ipsius
3037 1263 3423 1335 cogitationes.
3470 1286 3495 1312 ιι
3533 1266 3634 1333 Ne,
3664 1264 3747 1320 in-

2144 1351 2283 1425 quit,
2321 1350 2416 1408 ﬂat
2450 1368 2750 1409 commune
2790 1352 3080 1420 damnum,
3128 1352 3598 1426 imminuaturque
3626 1369 3750 1425 gre-

2140 1442 2228 1513 gis
2256 1441 2460 1497 Christi
2511 1457 2795 1499 numerus.
2850 1443 3152 1516 Eleganter
3179 1452 3362 1497 autem
3407 1458 3524 1498 rem
3569 1442 3746 1514 ipsam

2142 1531 2677 1587 circumventionem
2706 1532 3042 1588 nominavit.
3069 1533 3195 1588 Non
3220 1531 3402 1588 solum
3424 1532 3574 1588 enim
3599 1534 3666 1587 ad
3687 1548 3746 1587 se

2142 1618 2467 1692 pertinentia
2501 1621 2727 1676 Satanas
2770 1621 2984 1693 accipit,
3031 1636 3219 1677 verum
3250 1628 3305 1677 et
3340 1628 3533 1677 nostra
3567 1620 3742 1693 rapit:

2140 1723 2204 1765 ac
2230 1708 2469 1765 maxime
2493 1725 2593 1781 per
2613 1710 2940 1766 methodum
2964 1718 3236 1778 nostram,
3264 1709 3316 1765 id
3333 1718 3436 1780 est,
3454 1726 3549 1782 per
3567 1711 3746 1782 pmni-

2140 1798 2365 1856 tentiam
2391 1799 2831 1855 immoderatam.
2886 1802 3180 1871 Propterea
3218 1798 3418 1855 diaboli
3456 1799 3748 1872 cogitatio-

2141 1903 2244 1945 nes
2280 1887 2553 1945 malitiam
2586 1874 2720 1961 'ejus
2752 1896 2809 1945 et
2854 1888 3218 1961 imposturam
3249 1888 3479 1955 vocavit,
3512 1896 3567 1945 et
3599 1905 3739 1962 quo-

2139 1977 2309 2035 modo
2373 1976 2429 2034 in
2470 1977 2688 2051 pietatis
2725 1978 2907 2050 specie
2948 1978 3159 2047 perdat.
3195 1979 3322 2033 Non
3361 1978 3545 2034 solum
3588 1978 3738 2035 enim

2139 2083 2238 2141 per
2281 2066 2698 2124 fornicationem
2733 2068 3070 2141 supplantat,
3090 2082 3281 2124 verum
3311 2066 3472 2123 etiam
3514 2067 3739 2139 perim-

2139 2156 2424 2214 modicum
2460 2172 2786 2213 maerorem.
2844 2156 3143 2230 Quomodo
3198 2156 3367 2229 igitur
3390 2172 3503 2213 non
3530 2164 3613 2214 est
3635 2156 3738 2214 cir-

2148 2246 2483 2316 cumventio,
2501 2261 2629 2303 cum
2658 2247 2736 2303 vel
2757 2262 2856 2320 per
2883 2255 3067 2304 nostra
3124 2262 3230 2304 nos
3257 2245 3477 2318 capiat?

2209 2431 2393 2485 Vens.
2418 2434 2503 2496 12,
2532 2435 2616 2485 13.
2651 2451 2676 2479 ε
2718 2431 2887 2486 Porro
2915 2444 3041 2485 cum
3072 2428 3345 2486 venissem
3373 2429 3647 2486 Troadem
3684 2430 3743 2486 in

2139 2517 2495 2591 Evangelium
2524 2517 2749 2595 Christi,
2777 2527 2833 2574 et
2873 2518 3074 2573 ostium
3114 2519 3249 2574 mihi
3278 2527 3527 2591 apertum
3569 2518 3740 2592 254

2138 2616 2283 2664 esset
2312 2607 2368 2663 in
2401 2607 2668 2677 Domino,
2706 2623 2816 2664 non
2863 2607 3032 2663 habui
3074 2607 3322 2680 requiem
3347 2608 3561 2679 spiritui
3590 2624 3739 2678 meo,

2138 2712 2205 2754 eo
2254 2695 2405 2770 quod
2456 2713 2572 2753 non
2624 2697 2932 2754 invenerim
2984 2698 3172 2754 Titum
3218 2695 3413 2753 fratem
3450 2713 3659 2754 meum.
3708 2723 3733 2748 ιο

2139 2787 2316 2859 Supra
2344 2786 2802 2844 commemoravit
2828 2785 2981 2859 quod
3015 2785 3373 2843 afﬂictionem
3403 2786 3659 2843 habuerit
3686 2787 3740 2843 in

2139 2877 2294 2948 Asia,
2337 2877 2769 2949 monstravitque
2804 2876 3086 2948 quomodo
3137 2877 3395 2934 liberatus
3430 2878 3500 2933 sit
3525 2876 3598 2933 ab
3624 2893 3688 2933 ea
3724 2896 3738 2933 :

2128 2966 2248 3039 jam
2290 2982 2434 3022 nunc
2463 2982 2653 3023 rursus
2690 2964 2855 3022 docet
2882 2966 3028 3039 quod
3060 2974 3116 3022 et
3149 2966 3305 3022 aliter
3346 2964 3588 3023 afflictus
3615 2966 3738 3023 fue-

2137 3058 2229 3124 rit,
2256 3071 2322 3113 eo
2358 3054 2508 3129 quod
2529 3071 2643 3112 non
2687 3056 2955 3112 invenerit
2999 3057 3211 3112 Titum.
3260 3057 3399 3113 Cum
3428 3058 3576 3112 enim
3628 3072 3741 3113 non

2059 3177 2107 3244 ο
2137 3144 2489 3246 adfueritqui
2517 3145 2852 3246 cpnsoletur,
2881 3146 3101 3218 gravior
3129 3153 3218 3246 est
3257 3146 3506 3203 tentatio.
3557 3147 3739 3217 Quare

2133 3234 2299 3308 igitur
2328 3250 2416 3291 me
2440 3233 2718 3292 tarditatis
2757 3235 3045 3303 accusatis,
3086 3235 3178 3306 qui
3203 3234 3262 3291 in
3292 3242 3376 3291 tot
3396 3235 3740 3292 calamitates

2136 3323 2445 3394 ineiderim,
2477 3338 2602 3396 quae
2631 3340 2744 3380 non
2775 3323 2968 3381 sinunt
2991 3340 3095 3381 nos
3120 3340 3220 3397 pro
3248 3332 3439 3380 nostro
3468 3324 3740 3381 arbitratu

2136 3412 2406 3486 proficisci
2460 3415 2633 3471 rNon
2657 3412 2983 3486 simpliciter
3028 3421 3217 3471 autem
3265 3413 3414 3483 dicit,
3457 3412 3740 3471 Profectus

2134 3518 2258 3559 sum
2279 3501 2579 3569 Troadem,
2626 3518 2839 3570 verum,
2870 3524 2897 3551 α
2926 3502 3011 3558 Ad
3043 3502 3424 3575 Evangelium,
3455 3525 3481 3553 ι
3510 3503 3617 3560 hoc
3636 3512 3738 3572 est,

2136 3600 2199 3649 ut
2228 3590 2607 3665 praedicarem.
2638 3591 2809 3662 Ecqui
2831 3591 2995 3665 igitur
3019 3607 3128 3647 non
3146 3591 3474 3665 prmdicasti,
3503 3594 3741 3649 maxime

2136 3697 2263 3738 cum
2292 3681 2452 3754 ianua
2471 3679 2568 3737 tibi
2600 3680 2871 3752 patefacta
2904 3678 3110 3737 fuerit?
3149 3680 3450 3738 Praedicavi
3486 3682 3738 3754 quidem,

2134 3770 2232 3828 sed
2254 3786 2367 3827 non
2388 3770 2651 3836 multum,
2683 3785 2748 3825 eo
2779 3769 2927 3841 quod
2956 3784 3069 3826 non
3097 3770 3273 3842 reperi
3303 3770 3514 3826 Titum.
3554 3790 3582 3823 (ι
3606 3774 3737 3828 Non

2136 3859 2301 3917 habui
2339 3859 2485 3917 enim
2536 3859 2803 3934 quietem,
2837 3882 2863 3907 ιι
2910 3859 3016 3915 hoc
3039 3868 3142 3927 est,
3168 3858 3472 3931 afﬂigebar,
3500 3860 3738 3932 angebar

2135 3958 2358 4023 propter
2385 3949 2555 4022 ipsius
2579 3948 2908 4006 absentiam.
2951 3950 3045 4005 An
3073 3947 3197 4005 ideo
3226 3948 3572 4005 intermisisti
3594 3964 3739 4021 opus

2135 4039 2284 4099 Dei?
2322 4041 2447 4096 Non
2469 4054 2602 4097 sane
2631 4047 2853 4112 propter
2883 4038 3005 4108 hoc,
3045 4037 3145 4095 sed
3179 4038 3311 4111 quia
3338 4037 3740 4110 impediebatur

2134 4144 2274 4201 opus
2312 4129 2405 4185 illo
2434 4128 2681 4186 absente.
2711 4131 2850 4185 Nam
2893 4143 2996 4202 ego
3044 4128 3345 4201 prazdicare
3370 4128 3531 4185 valde
3559 4128 3738 4200 cupie-

2137 4217 2286 4285 bam,
2325 4217 2425 4276 sed
2464 4217 2573 4275 Titi
2601 4217 2850 4275 absentia
2891 4218 3291 4290 impedimento
3317 4216 3463 4275 fuit:
3497 4218 3739 4276 multum

2135 4309 2285 4366 enim
2315 4309 2712 4381 cooperabatur
2736 4324 2865 4365 cum
2883 4323 3128 4380 praesens
3151 4315 3316 4365 esset.

2211 4421 2243 4454 ιι
2280 4396 2608 4457 Verumillis
2633 4398 3005 4471 valerejussis,
3028 4395 3312 4471 profectus
3336 4413 3460 4454 sum
3482 4399 3541 4455 in
3565 4401 3743 4456 Mace-

425 4481 623 4546 δονίαν.
654 4504 684 4542 u
721 4478 1011 4545 Τουτέστιν
1033 4526 1051 4555 ,
1080 4482 1164 4543 Οὔ
1191 4480 1436 4562 διέτριψα
1461 4480 1680 4540 πλείονα
1699 4479 1892 4561 χρόνον
1914 4482 2024 4541 ἐκεῖ

2137 4489 2379 4548 doniam.
2414 4511 2438 4537 ι
2464 4491 2587 4546 Hoc
2604 4496 2707 4556 est,
2736 4504 2850 4544 non
2869 4488 3111 4544 multum
3135 4487 3406 4555 temporis
3433 4487 3547 4543 illic
3592 4487 3741 4558 trivi,

423 4570 930 4654 στενοχωρούμενος.
981 4571 1139 4652 Θύρα
1182 4568 1277 4647 μὲν
1327 4572 1434 4651 γὰρ
1486 4569 1724 4653 ἀνέῳκτο
1775 4570 2023 4650 μεγάλη,

420 4661 693 4723 τουτέστιν
737 4662 890 4741 ἔργον
942 4661 1080 4721 πολύ
1112 4684 1127 4700 ο
1172 4657 1314 4734 πλὴν
1472 4659 1705 4741 ἀπουσία
1752 4664 1848 4721 τοῦ
1893 4684 2023 4721 συν-

425 4773 451 4811 ε
458 4759 586 4833 ργοῦ
614 4750 966 4821 ἐνεποδίζετο.

513 4958 539 4987 α
585 4934 684 5015 Τῷ
732 4930 789 4993 δὶ
830 4933 959 5014 Θεῷ
1004 4929 1196 5014 χάρις,
1242 4931 1320 5010 τῷ
1368 4929 1598 4991 πάντοτε
1657 4929 2035 5010 θριαμϐεύοντι

424 5027 570 5101 ἡμᾶς
620 5023 675 5082 ἐν
720 5024 800 5103 τῷ
855 5021 1098 5102 Χριστῶ.
1144 5044 1173 5081 ι)
1234 5018 1465 5093 Ἐπειδὴ
1518 5020 1721 5089 πολλὰς
1779 5020 2025 5090 κατέλεξε

421 5110 635 5186 λύπας,
670 5109 767 5183 τὴν
800 5113 855 5171 ἕν
884 5109 1070 5192 Ἀσίᾳ,
1104 5107 1203 5176 τὴν
1234 5112 1287 5170 ἐν
1310 5109 1573 5189 Τρωάδι,
1607 5109 1705 5182 τὴν
1731 5109 1820 5170 διὰ
1856 5111 1919 5172 τὸ
1949 5108 2025 5188 μὴ

423 5202 555 5281 πρὸς
597 5198 787 5270 αὖτοὺς
841 5202 1010 5261 ἐλθεῖν
1044 5222 1058 5238 ο
1090 5197 1180 5259 ἵνα
1210 5198 1287 5278 μὴ
1336 5198 1459 5278 δόξῃ
1491 5202 1561 5266 ὣς
1591 5202 1798 5279 θρηνῶν
1835 5198 2029 5268 ταύτας

427 5293 852 5373 ἀπαριθμεῑσθαι
873 5336 889 5362 ,
915 5288 1074 5369 φησὶν
1096 5333 1112 5362 ,
1145 5290 1231 5350 δτι
1277 5290 1601 5371 Εὖχαριστῶ
1628 5292 1707 5368 τῷ
1746 5289 1876 5370 Θεῷ
1898 5332 1916 5361 ,
1949 5287 2032 5348 ὅτι

425 5408 452 5436 ι
472 5381 701 5444 πάντοτε
725 5376 1040 5461 θριαμϐεύει
1068 5383 1211 5457 ἡμᾶς
1228 5422 1245 5452 ,
1268 5407 1294 5432 ι
1331 5378 1573 5439 τουτέστι
1595 5378 1899 5459 περιφανεῖς
1924 5377 2030 5438 δεί-

427 5494 603 5535 κνυσι.
654 5468 940 5552 Θρίαμϐος
972 5466 1078 5551 γὰρ
1118 5467 1333 5548 λέγεται
1376 5472 1413 5543 ἡ
1444 5466 1582 5549 μετὰ
1610 5467 1759 5543 νίκης
1788 5467 1881 5530 καὶ
1909 5490 2032 5549 τροο

2132 4579 2190 4635 in
2217 4577 2496 4652 angustias
2548 4577 2809 4633 nimirum
2857 4577 3136 4633 redactus.
3198 4574 3411 4632 Ostium
3456 4576 3608 4649 enim
3654 4577 3740 4633 in-

2135 4683 2271 4741 gens
2307 4675 2561 4740 apertum
2597 4671 2735 4732 erat,
2784 4664 2838 4721 id
2879 4673 2985 4734 est,
3026 4662 3270 4720 multum
3325 4663 3513 4736 operis
3569 4672 3742 4720 resta-

2138 4759 2232 4817 bat
2279 4777 2294 4813 :
2334 4772 2525 4814 verum
2548 4766 2772 4829 propter
2811 4753 3191 4829 cooperatoris
3237 4752 3540 4810 absentiam
3560 4752 3736 4827 impe-

2137 4847 2416 4907 diebatur.

2210 4941 2393 4995 Vens.
2430 4942 2515 4994 t4.
2542 4957 2569 4987 ‹‹
2598 4938 2714 4992 Deo
2742 4943 2932 4991 autem
2957 4935 3152 5009 gratia,
3183 4934 3280 5009 qui
3309 4950 3531 5007 semper
3550 4933 3743 4990 trium-

2138 5027 2270 5101 phat
2313 5042 2419 5083 nos
2452 5024 2512 5080 in
2552 5023 2789 5081 Christo.
2826 5047 2851 5074 ι»
2886 5025 3028 5081 Cum
3077 5026 3285 5081 multos
3307 5022 3531 5081 dolores
3582 5038 3743 5080 com-

2137 5123 2524 5185 memorasset,
2569 5130 2735 5187 quem
2804 5114 2862 5171 in
2930 5114 3086 5183 Asia,
3155 5129 3324 5186 quem
3376 5113 3434 5170 in
3497 5113 3737 5171 Troade.

2139 5222 2304 5281 quem
2356 5220 2422 5261 eo
2462 5203 2612 5278 quod
2664 5203 2733 5261 ad
2794 5218 2891 5260 eos
2957 5218 3071 5263 non
3150 5210 3475 5270 accesserat,
3548 5211 3737 5274 pertu-

2142 5297 2302 5368 lerat,
2342 5309 2411 5351 ne
2463 5293 2711 5351 videatur
2757 5292 2861 5348 ista
2931 5291 3121 5363 lugens
3161 5306 3470 5359 recensere,
3514 5291 3737 5363 inquit;

2145 5409 2170 5435 α
2213 5384 2433 5442 Gratias
2483 5398 2587 5456 ago
2618 5385 2759 5451 Deo,
2784 5380 2934 5454 quod
2961 5396 3176 5451 semper
3224 5379 3527 5452 triumphat
3550 5397 3677 5448 nos,
3712 5405 3737 5430 ν

2141 5477 2251 5534 hoc
2290 5481 2400 5544 est,
2437 5474 2770 5547 conspicuos
2814 5470 2965 5530 facit.
3001 5471 3349 5545 Triumphus
3368 5472 3516 5528 enim
3545 5471 3744 5527 dicitur

1833 5611 2024 5672 Varia:
2065 5611 2371 5672 lectiones.

499 5749 845 5806 “suarum.

925 5748 970 5785 “
997 5747 1219 5811 διανοίας
1244 5762 1300 5806 0.
1376 5747 1420 5783 ⁸⁸
1447 5745 1693 5810 εὖσεϐείας
1722 5762 1802 5805 ω.
1877 5744 1925 5781 Ἀ
1952 5745 2169 5801 ἐνταῦθα
2190 5760 2269 5802 m.
2343 5744 2387 5778 η
2432 5742 2584 5796 Τίτου
2616 5758 2667 5799 ο.

2752 5742 2791 5776 "5
2822 5740 3195 5811 ἀποδημοῦντος
3225 5757 3259 5797 0
