4134 6436
406 451 508 505 823

1406 443 1921 502 THEOPHYLACTI
1957 442 2319 499 BULGARI/E
2356 441 2675 499 ARCHIEP.

3609 440 3712 498 824

405 571 712 647 progressio
739 570 887 643 regis
904 568 1016 627 sive
1035 568 1390 642 imperatoris
1423 585 1524 643 per
1545 568 1786 626 mediam
1812 569 2004 626 urbem

2129 567 2290 628 παίων
2338 567 2427 628 διὰ
2495 565 2663 647 μέσης
2688 567 2803 639 ’τῆς
2848 565 3055 647 πόλεως
3098 561 3322 646 πρόοδος
3372 563 3636 647 βασιλέως
3673 561 3710 638 ἢ

404 680 535 720 cum
560 662 785 719 victoria
820 669 874 716 et
901 659 1143 732 tropaeis.
1182 663 1249 716 Et
1275 675 1379 715 nos
1418 659 1586 729 igitur
1614 675 1742 716 cum
1779 659 2006 715 victoria

407 753 477 810 de
530 752 750 808 diabolo
794 752 944 806 Deus
970 749 1301 820 conspicuos
1329 749 1527 806 reddit.
1560 750 1698 819 Quae
1752 750 1897 804 enim
1924 747 2008 803 vi-

407 841 610 898 dentur
638 857 757 897 esse
803 840 1174 906 contumeliae,
1229 848 1358 894 sunt
1386 839 1555 911 gloria
1599 847 1834 895 nostra:
1889 846 2007 893 tum

408 933 557 996 enim
614 930 830 987 corruit
912 929 1191 984 diabolus.
1245 930 1307 983 lu
1378 928 1595 985 Christo
1656 937 1841 984 autem
1910 928 2009 983 ista

410 1021 571 1089 ﬁunt,
625 1019 729 1075 hoc
759 1028 863 1087 est,
914 1026 1134 1090 propter
1187 1017 1467 1074 Christum
1512 1025 1566 1073 et
1618 1017 1770 1073 verbi
1820 1016 2014 1089 praedi-

342 1128 347 1133 '
412 1111 719 1177 cationem;
765 1108 847 1164 vel
891 1107 1124 1181 quodin
1158 1106 1374 1164 Christo
1424 1107 1858 1180 triumphamur,
1908 1106 2012 1163 hoc

412 1209 493 1258 est
535 1197 931 1271 gloriﬁcamur.
982 1200 1125 1253 Nam
1181 1196 1468 1254 Christum
1519 1196 1685 1253 veluti
1739 1205 2012 1269 tropaeum

413 1297 709 1363 gestantes,
746 1303 851 1344 nos
903 1302 1124 1361 quoque
1176 1287 1235 1343 iu
1285 1286 1457 1359 ipsius
1509 1286 1802 1359 splendore
1843 1286 2009 1359 glori-

413 1380 671 1437 ﬁcamur.

490 1492 515 1518 α
557 1471 630 1525 Et
647 1466 877 1525 odorem
904 1466 1112 1523 notitiae
1149 1481 1265 1524 suae
1306 1464 1624 1522 manifestat
1662 1481 1758 1538 per
1799 1482 1902 1523 nos
1954 1465 2012 1522 in

417 1558 566 1616 omni
633 1558 770 1613 loco.
847 1557 1235 1628 Unguentum,
1278 1554 1475 1626 inquit,
1546 1555 1853 1626 pretiosum
1930 1560 2013 1608 est

413 1648 653 1721 cognitio
686 1646 808 1714 Dei,
829 1662 999 1719 quam
1041 1660 1142 1701 nos
1173 1645 1386 1701 cunctis
1411 1644 1730 1700 hominibus
1771 1642 2011 1699 manife-

414 1746 664 1795 stamus:
710 1737 822 1792 imo
864 1734 1045 1807 potius
1098 1750 1208 1790 non
1269 1734 1451 1805 ipsum
1497 1742 1862 1804 unguentum,
1913 1733 2007 1789 sed

415 1827 644 1884 odorem
692 1826 883 1897 ipsius.
928 1824 1150 1880 Etenim
1209 1838 1449 1895 prasens
1494 1823 1735 1896 cognitio
1776 1839 1891 1879 non
1933 1831 2014 1878 est

2118 662 2440 738 στρατηγοῦ.
2497 645 2608 718 Καὶ
2664 660 2808 732 ἡμᾶς
2856 645 2947 716 οὖν
2993 660 3022 715 6
3062 654 3198 723 Θεὸς
3239 645 3381 731 μετὰ*
3419 658 3526 714 τῶν
3572 654 3711 714 κατὰ

2116 754 2208 808 τοῦ
2242 747 2492 808 διαϐολου
2526 747 2794 827 τροπαίων
2841 753 3146 827 περιφανεῖς
3186 748 3351 807 ποιεῖ.
3388 746 3458 805 Αἱ
3489 741 3592 824 γὰρ
3622 746 3711 804 δο-

2119 843 2308 897 κοῦσαι
2361 836 2606 910 ἀτιμίαι,
2665 834 2787 905 δόξα
2816 836 3052 916 ἡμετέρα
3086 858 3100 873 °
3152 834 3271 893 τότε
3325 834 3427 915 γὰρ
3473 833 3660 893 πίπτει
3688 838 3717 895 6

2118 927 2381 995 διάϐολος.
2410 953 2434 978 κ
2465 925 2563 987 Ἐν
2587 928 2809 1008 Χριστῷ
2837 954 2858 978 ιο
2889 924 2944 984 δὲ
2973 930 3143 984 ταῦτα
3163 923 3420 1004 γίνονται,
3452 924 3716 998 τουτέστι,

2121 1015 2207 1075 διὰ
2236 1016 2326 1076 τὸν
2371 1014 2606 1097 Χριστὸν
2636 1013 2728 1074 καὶ
2778 1015 2839 1073 τὸ
2886 1012 3140 1093 κήρυγμα
3162 1035 3177 1052 ⁸
3223 1011 3260 1086 ἢ
3289 1011 3370 1072 ὅτι
3407 1014 3460 1073 ἐν
3491 1015 3715 1096 Χριστῷ

2121 1107 2586 1188 θριαμϐευόμεθα,
2664 1103 2905 1164 τουτέστι
2992 1103 3316 1181 δοξαζόμεθα
3377 1123 3390 1136 ⁸
3448 1102 3539 1163 τὸν
3610 1101 3716 1183 γὰρ

2120 1186 2356 1278 Χριστὸν
2409 1186 2518 1254 οἷόν
2562 1219 2615 1253 τι
2662 1194 2917 1274 τρόπαιον
2971 1193 3250 1275 φέροντες,
3298 1195 3355 1253 ἐν
3511 1193 3715 1253 ἐκείνου

2123 1285 2433 1370 περιφανείᾳ
2462 1283 2785 1363 δοξαζόμεθα
2814 1284 2905 1344 xui
2934 1286 3110 1361 ἡμεῖς.

2211 1488 2242 1527 (ι
2272 1466 2383 1530 Καὶ
2434 1465 2530 1540 τὴν
2579 1466 2753 1543 ὀσμὴν
2782 1473 2880 1542 τῆς
2907 1466 3155 1550 γνώσεως
3205 1471 3365 1531 αὐτοῦ
3409 1473 3723 1553 φανεροῦντι

2122 1556 2189 1617 δι’
2225 1560 2379 1635 ἡμῶν
2429 1560 2483 1618 ἐν
2527 1557 2690 1616 παντὶ
2734 1557 2901 1639 τόπῳ.
2934 1585 2960 1612 υ
3004 1562 3189 1640 Μ’ὗρον
3231 1558 3564 1637 πολύτιμον,
3620 1582 3724 1641 φη-

2121 1646 2237 1723 σὶν,
2289 1646 2430 1706 ἔστιν
2460 1651 2494 1720 ἡ
2542 1649 2736 1725 γνῶσις
2763 1653 2854 1707 τοῦ
2885 1648 3063 1720 Θεοῦ,
3110 1648 3174 1721 ἣν
3215 1653 3371 1726 ἡμεῖς
3416 1658 3583 1708 πᾶσιν
3628 1651 3724 1707 ἄν·

2121 1735 2347 1817 θρώποις
2373 1742 2696 1816 φανεροῦμεν
2717 1781 2735 1810 ,
2787 1739 2990 1816 μᾶλλον
3040 1736 3094 1796 δὲ
3123 1739 3218 1797 οὐκ
3263 1737 3391 1797 αὐτὸ
3422 1736 3482 1796 τὸ
3513 1742 3680 1820 μῦρον
3703 1783 3723 1814 ,

2125 1826 2263 1884 ἀλλὰ
2294 1823 2392 1897 τὴν
2422 1822 2596 1901 ὀσμὴν
2635 1825 2847 1887 τούτου.
2909 1826 3014 1886 Καὶ
3045 1825 3149 1908 γὰρ
3188 1829 3221 1898 ἡ
3253 1831 3500 1906 παροῦσα
3530 1829 3728 1908 γνῶσις

413 1916 713 1972 admodum
742 1915 1055 1987 perspicua,
1086 1913 1185 1970 sed
1216 1929 1317 1984 per
1336 1912 1619 1986 speculum
1663 1921 1718 1970 et
1754 1914 1809 1969 in
1839 1913 2010 1983 aenig—

2129 1915 2182 1973 οὗ
2215 1915 2415 1995 σφόδρα
2450 1912 2664 1996 σαφὴς,
2706 1914 2846 1974 ἀλλὰ
2890 1915 2959 1974 δι’
3007 1916 3265 1996 ἐσόπτρου
3308 1914 3401 1975 xui
3443 1920 3499 1976 έν
3546 1915 3729 1996 αἰνίγ-

412 2016 582 2062 mate.
638 2005 865 2061 Perinde
916 2003 1079 2075 igitur
1122 2019 1187 2059 ac
1215 2003 1260 2059 si
1296 2006 1420 2076 quis
1472 2002 1830 2075 fragrantiam
1877 2000 2015 2058 olfa-

415 2095 585 2162 ciens,
615 2102 966 2167 unguentum
1004 2091 1204 2148 alicubi
1255 2091 1495 2164 positum
1541 2107 1658 2147 esse
1700 2092 1877 2159 novit,
1918 2106 2013 2146 cu-

407 2184 656 2258 jusmodi
686 2191 873 2238 autem
903 2182 975 2237 sit
1003 2180 1284 2250 essentia},
1313 2197 1427 2236 non
1464 2181 1598 2236 item
1640 2197 1654 2235 :
1701 2180 1782 2235 sic
1810 2189 1863 2236 et
1892 2196 2017 2248 nos,

418 2274 567 2346 quod
610 2276 760 2328 Deus
804 2272 898 2337 sit,
942 2270 1215 2337 novimus,
1270 2270 1363 2342 qui
1399 2286 1534 2342 vero
1574 2268 1645 2325 sit
1672 2269 1852 2341 quoad
1890 2269 2017 2325 sub-

416 2358 705 2421 stantiam,
736 2369 848 2408 non
891 2353 1040 2407 item.
1079 2352 1260 2408 Veluti
1287 2350 1454 2422 255
1480 2351 1646 2422 igitur
1676 2349 2018 2407 thuribulum

416 2459 608 2501 sumus
654 2442 859 2514 regale,
920 2448 979 2496 et
1022 2455 1352 2512 quocunque
1411 2440 1731 2511 abierimus,
1786 2440 2019 2498 odorem

414 2533 707 2604 Spiritualls
748 2529 1011 2603 unguenti
1065 2528 1536 2597 circumferimus,
1581 2529 1636 2586 id
1685 2538 1790 2598 est,
1823 2532 2019 2603 cogni-

419 2623 583 2678 tionis
636 2621 757 2676 Dei.
803 2620 944 2675 Cum
996 2618 1165 2691 igitur
1194 2619 1357 2689 paulo
1401 2627 1529 2673 ante
1575 2618 1818 2687 dixisset,
1868 2619 2019 2691 quod

419 2712 646 2782 Semper
681 2707 1118 2779 triumphamur,
1163 2723 1312 2763 nunc
1340 2707 1540 2779 inquit,
1593 2709 1657 2762 in
1690 2708 1846 2763 omni
1901 2711 2022 2766 loco

418 2802 674 2858 homines
712 2799 858 2856 bono
891 2797 1085 2853 sufﬁtu
1111 2797 1390 2854 afﬂamus.
1436 2798 1636 2855 Omnis
1674 2799 1824 2855 enim
1852 2808 1911 2855 et
1949 2800 2024 2856 lo-

421 2908 521 2948 cus
561 2899 615 2946 et
638 2899 859 2960 tempus
882 2889 1083 2944 nostris
1130 2888 1568 2943 institutionibus
1618 2888 1861 2959 repletus
1916 2898 2022 2946 est.

422 2984 613 3053 Itaque
660 2988 877 3035 strenue
933 2985 1151 3050 oportet
1196 2978 1356 3044 ferre,
1420 2976 1695 3049 siquidem
1764 2986 1820 3034 et
1881 2994 2027 3036 nunc

422 3086 597 3143 usque
636 3068 773 3126 adeo
796 3066 1184 3141 gloriﬁcemur,
1238 3067 1563 3139 priusquam
1616 3064 1819 3123 futuris
1867 3067 2024 3125 bonis

425 3163 725 3235 potiamur.

493 3253 680 3306 Vens.
717 3253 798 3304 15.
824 3268 851 3297 (ι
890 3246 1029 3321 Quia
1070 3246 1276 3305 Christi
1296 3246 1475 3303 bonus
1498 3245 1637 3303 odor
1659 3261 1853 3305 sumus
1882 3250 2021 3317 Deo,
2055 3261 2101 3327 α

422 3341 478 3397 in
500 3339 562 3396 iis
588 3337 680 3412 qui
716 3337 854 3394 salvi
873 3336 1034 3403 ﬁunt,
1065 3344 1119 3392 et
1148 3336 1202 3392 in
1225 3336 1289 3392 iis
1317 3336 1407 3408 qui
1437 3345 1690 3408 pereunt.
1733 3355 1762 3390 »
1795 3338 1892 3393 Vel
1917 3337 2024 3394 hoc

425 3428 578 3497 dicit,
630 3428 783 3501 quod
831 3426 1218 3498 nosmetipsos.
1276 3426 1513 3481 hostiam
1559 3424 1865 3493 offerimus,
1895 3442 2023 3484 mo-

423 3518 618 3576 riendo
648 3525 870 3589 propter
896 3516 1177 3572 Christum
1238 3537 1250 3572 :
1282 3515 1367 3571 vel
1415 3515 1561 3588 quod
1593 3516 1660 3572 ad
1691 3515 1887 3572 Christi
1918 3518 2026 3573 vico

424 3608 643 3677 timam,
676 3606 842 3662 veluti
864 3606 1087 3677 quidam
1131 3604 1374 3674 sufﬁtus,
1404 3615 1461 3660 et
1509 3621 1612 3661 nos
1636 3605 2019 3663 incendamur.

425 3697 586 3771 Quod
635 3711 763 3753 vero
826 3697 920 3763 ait,
970 3704 1056 3752 est
1118 3694 1430 3768 hujusmodi
1490 3712 1504 3750 :
1562 3695 1683 3751 Sive
1739 3704 2025 3753 serventur

421 3788 667 3860 quidam,
696 3786 809 3843 sive
862 3793 1102 3857 pereant,
1139 3785 1504 3857 Evangelium
1535 3785 1818 3857 propriam
1855 3786 2025 3842 virtu-

420 3885 538 3932 tem
568 3877 788 3944 retinet,
841 3891 1053 3948 nosque
1116 3890 1526 3947 perseveramus
1569 3873 1702 3930 illud
1730 3890 1851 3931 esse
1876 3877 2024 3947 quod

422 3981 633 4023 sumus.
671 3970 753 4022 Ac
794 3964 1264 4038 quemadmodum
1298 3965 1502 4030 lumen,
1529 3964 1743 4020 etiamsi
1792 3965 2027 4038 caligine

422 4055 712 4127 perfundat
725 4071 820 4110 eos
838 4055 931 4126 qui
959 4053 1243 4110 debilioris
1272 4055 1419 4108 visus
1438 4061 1587 4117 sunt,
1620 4053 1804 4108 lumen
1839 4062 2027 4113 tamen

425 4153 550 4200 est:
582 4147 687 4199 mel
743 4158 985 4215 quoque,
1014 4143 1234 4198 etiamsi
1290 4143 1464 4200 ictero
1519 4143 1898 4200 laborantibus
1952 4146 2025 4219 (a)

423 4248 676 4289 amarum
709 4231 892 4298 fuerit,
913 4232 1070 4288 dulce
1100 4241 1282 4287 tamen
1318 4241 1399 4287 est
1443 4251 1458 4287 :
1491 4231 1637 4286 hunc
1681 4233 1747 4289 ad
1796 4234 2030 4291 modum

426 4322 789 4394 Evangelium
822 4320 947 4375 boni
984 4321 1171 4376 odoris
1217 4329 1322 4388 est,
1352 4322 1452 4377 etsi
1487 4321 1747 4378 increduli
1797 4321 2028 4393 quidam

428 4420 678 4484 pereunt.
729 4413 799 4467 Et
841 4425 944 4467 nos
972 4432 997 4459 «ι
1028 4410 1208 4466 bonus
1235 4407 1374 4465 odor
1406 4426 1600 4467 sumus
1634 4431 1657 4458 τι
1700 4428 1811 4467 non
1842 4420 2029 4470 autem

425 4501 759 4574 simpliciter,
786 4500 885 4558 sed
918 4522 941 4550 α
979 4501 1118 4602 Deo.
1153 4522 1178 4548 ιι
1207 4501 1440 4602 Quando
1466 4514 1597 4556 vero
1624 4500 1714 4557 ille
1734 4501 2021 4573 judicave-
2052 4539 2106 4602 Β

420 4592 496 4649 rit
531 4592 675 4648 istuc
700 4592 822 4664 quis
850 4598 935 4647 est
960 4590 1053 4663 qui
1081 4587 1461 4647 contradicat?

496 4683 675 4739 Vsus.
710 4687 792 4737 16.
818 4702 842 4729 κ
865 4679 1006 4736 Aliis
1028 4679 1257 4752 quidem
1274 4677 1414 4735 odor
1439 4679 1637 4736 mortis
1663 4679 1736 4738 ad
1765 4688 2024 4753 mortem,

423 4770 544 4828 aliis
572 4785 702 4826 vero
746 4769 889 4826 odor
932 4769 1059 4826 vita
1087 4767 1159 4826 ad
1183 4768 1372 4829 vitam.
1432 4794 1456 4819 ιι
1510 4769 1650 4840 Quia
1684 4771 1898 4829 dixerat
1925 4788 2030 4829 nos

421 4860 631 4919 bonam
660 4874 779 4915 esse
829 4857 1182 4931 fragrantiam
1212 4859 1591 4932 pereuntibus,
1637 4876 1705 4917 ne
1749 4862 2031 4918 arbitreris

424 4951 550 5007 illos
579 4964 800 5023 quoque
828 4951 948 5005 Deo
976 4947 1345 5021 acceptabiles
1371 4964 1510 5020 esse,
1535 4950 1827 5007 subintulit
1857 4951 1977 5007 haec
2012 4972 2025 5007 :

425 5039 688 5107 Odorem,
745 5038 1016 5112 inquiens,
1068 5038 1216 5095 hunc
1260 5038 1348 5095 alii
1393 5040 1620 5112 quidem
1649 5040 1924 5112 recipiunt
1971 5048 2031 5096 ut

424 5140 731 5197 serventur,
771 5131 857 5185 alii
904 5137 967 5184 ut
995 5138 1219 5202 pereant
1252 5148 1264 5184 :
1301 5129 1526 5200 perinde
1566 5146 1633 5187 ac
1661 5145 1790 5186 sues
1812 5139 1865 5185 et
1898 5145 2029 5186 can-

425 5220 613 5276 tharos
658 5230 1001 5292 unguentum
1047 5219 1324 5276 suffocare
1368 5220 1585 5287 dicitur,
1647 5228 1704 5276 et
1751 5219 2029 5289 Christus,

427 5316 577 5380 petra
605 5309 877 5378 soandali,
905 5319 961 5365 et
1000 5308 1059 5364 in
1085 5309 1309 5365 ruinam
1340 5307 1549 5380 positus
1575 5316 1679 5364 est.
1711 5310 1856 5364 Tum
1883 5309 2028 5381 ignis

2126 1993 2277 2082 putt.
2329 1993 2553 2083 εὨσπερ
2602 1993 2692 2062 οὖν
2741 2007 2770 2064 6
2816 2007 2910 2076 τῆς
2936 2005 3108 2087 ὀσμῆς
3151 1993 3594 2087 ὀσφραινόμενος,
3638 1993 3722 2067 ὅτε

2124 2092 2221 2170 μὲν
2250 2091 2365 2152 ἔστι
2390 2096 2557 2173 μ’ὄρον
2588 2094 2829 2170 κείμενόν
2858 2117 2962 2153 που
2981 2139 2999 2168 ,
3031 2084 3169 2154 οἶδεν
3198 2117 3212 2133 ο
3230 2084 3489 2155 *ποταπὸν
3525 2094 3581 2155 δὲ
3622 2093 3721 2169 τὴν

2124 2181 2308 2242 οὐσίαν
2335 2228 2350 2256 ,
2404 2183 2581 2242 οὐκέτι
2625 2206 2639 2221 ·
2691 2182 2831 2242 οὕτω
2884 2183 2975 2243 xui
3037 2184 3225 2260 ἡμεῖς,
3295 2182 3375 2243 ὅτι
3431 2183 3527 2263 μὲν
3585 2184 3726 2252 Θεὸς

2125 2270 2295 2347 ἔστιν,
2333 2271 2490 2350 ἴσμεν
2513 2295 2527 2310 ⁸
2554 2271 2611 2332 τί
2648 2271 2704 2334 δὲ
2746 2270 2844 2344 τὴν
2889 2272 3069 2333 οὐσίαν
3092 2316 3109 2346 ,
3144 2272 3343 2335 οὐκέτι.
3377 2271 3597 2335 Ὡσανεὶ
3635 2264 3728 2334 οὖν

2128 2363 2475 2442 θυμιατήριόν
2554 2365 2714 2438 ἐσμεν
2769 2362 3081 2441 βασιλικὸν,
3137 2362 3231 2423 καὶ
3289 2363 3422 2423 ὅπου
3493 2363 3725 2423 ἂνιᾶπ-

2129 2450 2392 2529 ἔλθωμεν,
2440 2451 2531 2511 xui
2571 2451 2669 2523 τὴν
2700 2450 2874 2529 ὀσμὴν
2897 2455 2989 2511 τοῦ
3022 2457 3384 2529 πνευματικοῦ
3413 2451 3582 2534 μύρου
3617 2477 3726 2514 πε-

2130 2541 2437 2623 ριφέρομεν,
2498 2541 2740 2600 τουτέστι
2800 2545 2894 2612 τῆς
2949 2540 3289 2619 θεογνωσίας.
3356 2538 3496 2602 Ἀνω
3551 2543 3727 2602 τοίνυν

2130 2633 2291 2689 εἰπὼν
2305 2677 2320 2705 ,
2352 2630 2432 2690 ὅτι
2467 2631 2710 2692 Πάντοτε
2760 2629 3224 2711 θριαμϐευόμεθα,
3267 2635 3360 2691 νῦν
3405 2655 3595 2712 φησιν,
3636 2631 3723 2692 ὅτι

2132 2720 2244 2781 Καὶ
2288 2726 2341 2783 ἐν
2382 2718 2546 2780 παντὶ
2602 2723 2749 2799 τόπῳ
2798 2720 3147 2796 εὐωδιάζομεν
3196 2717 3318 2789 τοὺς
3366 2722 3677 2800 ἀνθρώπους
3709 2767 3728 2785 .

2134 2812 2257 2876 Πᾶς
2301 2809 2426 2889 γὰρ,
2480 2808 2571 2868 καὶ
2625 2807 2818 2882 τόπος,
2869 2807 2962 2868 xui
3009 2809 3224 2889 καιρὸς,
3285 2814 3391 2869 τῶν
3450 2812 3733 2893 ἡμετέρων

2133 2898 2534 2975 ἐμπέπλησται.
2602 2895 2779 2957 Ὥστε
2835 2897 2915 2957 δεῖ
2981 2897 3156 2981 φέρειν
3215 2900 3501 2977 γενναίως,
3562 2899 3613 2960 εἴ
3669 2924 3734 2981 γε

2133 2993 2365 3048 τοσαῦτα
2410 2987 2503 3047 xui
2575 2991 2667 3046 νῦν
2716 2987 3037 3067 δοξαζόμεθα
3093 2989 3185 3048 xui
3257 2989 3361 3071 πρὸ
3430 2992 3536 3050 τῶν
3598 2992 3736 3069 μελ-

2134 3078 2330 3139 λόντων
2340 3125 2353 3138 .

2225 3276 2257 3316 α
2284 3251 2417 3317 Ὅτι
2439 3256 2674 3337 Χριστοῦ
2701 3255 2895 3317 εὐωδία
2932 3255 3093 3334 ἐσμὲν
3120 3261 3197 3338 τῷ
3231 3259 3360 3338 Θεῷ
3390 3259 3445 3318 ἐν
3479 3267 3588 3328 τοῖς
3622 3283 3733 3321 σω-

2131 3344 2401 3424 ζομένοις,
2431 3345 2522 3405 καὶ
2551 3349 2604 3407 ἐν
2649 3354 2757 3414 τοῖς
2806 3347 3212 3425 ἀπολλυμένοις.
3243 3375 3270 3401 ιο
3320 3346 3398 3409 Ἢ
3432 3348 3588 3409 τοῦτό
3617 3372 3735 3432 φη-

2133 3458 2216 3495 σιν
2238 3480 2254 3509 ,
2285 3434 2366 3495 ὅτι
2397 3434 2657 3504 Ἑαυτοὺς
2700 3434 2885 3495 θυσίαν
2928 3438 3328 3518 προσφέρομεν,
3368 3438 3734 3506 ἀποθνήσκον-

2132 3548 2216 3593 τες
2256 3524 2343 3586 διὰ
2385 3525 2474 3610 τον
2525 3525 2757 3606 Χριστόν
2809 3549 2823 3563 ·
2864 3523 2900 3598 ἢ
2956 3528 3038 3585 ὅτι
3072 3527 3203 3588 Ἐπὶ
3352 3532 3447 3588 τοῦ
3494 3530 3735 3610 Χριστοῦ

2133 3620 2349 3698 σφαγῇ,
2374 3607 2481 3676 οἶόν
2518 3640 2569 3675 τι
2596 3615 2843 3695 θυμίαμα
2876 3616 2969 3675 xui
2999 3620 3156 3693 ἡμεῖς
3184 3607 3616 3695 ἕπιθυμιώμεθά.
3650 3617 3731 3681 Ὃ

2131 3704 2187 3765 δὲ
2222 3704 2382 3784 λέγει,
2410 3705 2644 3766 τοιοῦτόν
2675 3708 2838 3780 ἐστιν,
2869 3705 2948 3766 ὅτι
2985 3705 3104 3767 Κᾶν
3127 3705 3402 3776 σώζωνταί
3433 3732 3603 3780 τινες,
3632 3707 3737 3768 κᾶν

2133 3794 2507 3869 ἄπόλλωνται,
2561 3794 2623 3854 τὸ
2676 3797 3005 3875 Εὗαγγέλιον
3036 3799 3183 3875 μένει
3216 3794 3340 3877 ἔχον
3386 3799 3484 3871 τὴν
3530 3796 3733 3859 οἰκείαν

2134 3883 2356 3962 ἀρετὴν,
2388 3882 2479 3943 xui
2524 3887 2681 3963 ἡμεῖς
2733 3882 2962 3962 μένομεν
3010 3890 3164 3945 τοῦτο
3201 3883 3345 3952 ὄντες
3372 3885 3503 3968 ὅπερ
3545 3887 3730 3966 ἐσμέν.

2135 3972 2246 4033 Kui
2278 3971 2462 4053 ὥσπερ
2491 3974 2549 4033 τὸ
2580 3976 2690 4052 φῶς
2718 3973 2819 4032 κᾶν
2867 3974 3082 4056 σκοτίζῃ
3122 3973 3243 4043 τοὺς
3286 3977 3521 4045 ἀσθενεῖς
3543 4021 3557 4048 ,
3589 3977 3736 4054 ὅμως

2135 4064 2243 4142 φῶς
2269 4065 2380 4122 ἐστι
2408 4081 2420 4094 ·
2449 4062 2541 4121 xui
2581 4061 2643 4122 τὸ
2685 4062 2841 4140 μέλι,
2880 4061 2980 4122 κᾶν
3018 4074 3129 4132 τοῖς
3158 4065 3427 4145 ἰκτεριῶσι
3452 4064 3640 4148 πικρὸν
3717 4111 3734 4141 ,

2135 4150 2282 4226 ὅμως
2310 4150 2476 4228 γλυκύ
2516 4152 2658 4212 ἐστιν
2687 4176 2701 4191 ·
2749 4150 2890 4212 οὕτω
2918 4153 3009 4212 xui
3060 4153 3122 4213 τὸ
3174 4154 3501 4233 Εὖαγγέλιον
3548 4157 3739 4224 εὐῶδές

2136 4241 2250 4300 ἐστι
2271 4286 2287 4313 ,
2317 4240 2418 4299 κᾶν
2453 4242 2797 4308 ἀπιστοῦντές
2822 4266 2959 4312 τινες
3000 4244 3390 4304 ἀπολλύωνται.
3444 4243 3550 4304 Καὶ
3574 4251 3735 4322 ἡμεῖς

2140 4351 2171 4418 (ι
2211 4329 2402 4389 εὐωδία
2432 4328 2597 4408 ἐσμέν
2622 4355 2634 4367 ·
2668 4358 2691 4386 ν
2723 4330 2814 4392 xui
2837 4333 2938 4413 οὐχ
2958 4333 3159 4407 ἁπλῶς,
3182 4334 3344 4408 ἀλλὰ,
3376 4361 3403 4390 α
3429 4339 3506 4418 τῷ
3533 4335 3685 4417 Θεῷ.
3714 4363 3738 4389 ιι

2135 4415 2312 4480 Ὅταν
2346 4420 2401 4479 δὲ
2431 4424 2624 4490 ἐκεῖνος
2652 4422 2983 4504 ψηφίζηται,
3012 4421 3089 4490 τίς
3117 4426 3144 4481 6
3174 4423 3462 4503 ἀντιλέγων
3479 4415 3509 4498 ’;

2253 4698 2283 4735 (ι
2329 4667 2427 4745 Οἷς
2477 4679 2573 4757 μὲν
2623 4680 2766 4758 ὀσμὴ
2819 4680 3049 4743 θανάτου
3103 4684 3178 4751 εἷς
3237 4681 3497 4764 θάνατον,
3551 4675 3627 4753 οἶς
3686 4684 3741 4745 δὲ

2138 4764 2281 4843 ὀσμὴ
2321 4769 2457 4839 ζωῆς
2489 4769 2560 4836 εἷς
2590 4769 2753 4841 ζωήν.
2785 4790 2816 4827 ι)
2851 4769 3075 4844 Ἐπειδὴ
3122 4763 3271 4832 εἶπεν
3292 4817 3308 4846 ,
3339 4770 3419 4831 ὅτι
3454 4763 3487 4832 αν
3518 4774 3733 4835 Εὖωδία

2137 4854 2298 4930 ἐσμὲν
2325 4857 2378 4913 ἐν
2409 4864 2516 4925 τοῖς
2537 4858 2919 4935 ἀπολλυμένοις
2945 4883 2959 4898 ·
2988 4887 3013 4913 ν
3037 4858 3126 4920 ἵνα
3160 4860 3235 4938 μὴ
3266 4860 3509 4943 νομίσῃς,
3541 4862 3622 4922 ὅτι
3641 4868 3740 4924 κά-

2139 4948 2303 5002 κεῖνοι
2348 4945 2722 5025 εὖπρόσδεκτοί
2763 4949 2814 4998 ⁴7
2874 4953 3006 5009 εἰσιν
3030 4995 3049 5023 ,
3097 4951 3335 5031 ἐπήγαγε
3388 4956 3596 5027 ταῦτα,
3648 4952 3743 5013 καί

2139 5056 2333 5114 φησιν,
2383 5035 2464 5125 ότι
2515 5039 2611 5107 τὴν
2641 5037 2861 5097 εὐωδίαν
2905 5039 3105 5112 ταύτην
3157 5042 3206 5101 οἱ
3255 5039 3349 5112 μὲν
3388 5041 3527 5101 οὕτω
3557 5066 3736 5125 προσ-

2142 5125 2328 5196 ίενται,
2363 5122 2502 5213 ὥέτε
2533 5130 2787 5201 σωθῆναι,
2832 5132 2879 5189 οἱ
2914 5128 2971 5188 δὲ
3000 5128 3138 5189 ὥστε
3170 5130 3464 5190 ἀπολέσθαι
3498 5154 3512 5168 ·
3553 5122 3736 5213 ὥσπερ

2139 5214 2231 5271 xui
2259 5212 2354 5281 τὰς
2396 5205 2490 5289 ὗς,
2518 5216 2611 5274 xui
2647 5215 2767 5283 τοὺς
2816 5219 3104 5298 κανθάρους
3127 5264 3144 5298 ,
3185 5221 3395 5298 λέγεται
3433 5219 3636 5300 πνίγειν
3664 5205 3725 5281 τό

2138 5306 2303 5383 μ’ῠρον
2333 5326 2348 5341 ο
2386 5302 2478 5364 xui
2529 5307 2559 5364 6
2604 5307 2873 5387 Χριστὸς,
2917 5305 3089 5389 πέτρα
3134 5310 3467 5389 σκανδάλου,
3518 5312 3611 5372 καὶ
3657 5313 3732 5379 εἰς

1817 5470 1999 5529 Variae
2042 5471 2337 5532 lectiones.

496 5576 536 5609 ⁸⁷
573 5577 983 5649 εὖπροσδόκητοι,
1013 5578 1118 5629 xui
1146 5576 1473 5649 ἆτρόσδεκτοι
1512 5593 1571 5633 0.

496 5740 573 5804 (a)
607 5737 756 5793 Edit.
798 5736 982 5794 Lond.
1015 5737 1201 5804 habet,
1231 5754 1328 5793 nec
1355 5755 1564 5810 quoque
1593 5740 1808 5797 etiamsi
1832 5741 2301 5809 febricitantibus.
