4134 6436
355 442 462 497 825

1210 442 1561 502 EXPOSITIO
1602 447 1668 502 IN
1706 446 1914 504 EPIST.
1955 448 1998 503 Π
2035 449 2128 505 AD
2165 448 2318 505 COR.
2363 477 2431 490 —
2471 447 2622 504 CAP.
2665 449 2748 504 Ill.

3559 454 3664 508 826

352 571 561 628 πτῶσιν
591 566 830 646 κείμενος
853 590 868 605 ·
900 566 991 627 καὶ
1023 567 1080 626 τὸ
1107 572 1246 648 πῦρ,
1270 567 1360 628 τὸν
1380 571 1578 650 χρυσὸν
1612 571 1941 653 λαμπρύνον,

2062 588 2261 632 aurum
2297 574 2572 630 illuminat
2595 574 2904 644 clariusque
2928 572 3130 640 reddit,
3169 575 3353 647 spinas
3398 592 3529 635 vero
3561 577 3649 635 uri

350 656 448 726 τὰς
481 657 711 724 ἀκάνθας
743 668 984 740 πιμπρᾷ.

441 775 468 799 ιι
507 745 620 805 Καὶ
659 746 788 823 πρὸς
823 752 990 806 ταῦτα
1031 746 1106 814 τίς
1152 749 1366 829 ἱκανός,
1407 771 1438 808 ι)
1468 750 1692 824 Ἐπειδὴ
1741 751 1950 831 μεγάλα

352 834 642 918 ἐφθέγξατο
664 882 679 911 ,
713 834 794 895 ὅτι
838 859 870 892 α
911 837 1125 897 Εὖωδία
1161 839 1320 916 ἐσμὲν
1343 883 1360 910 ,
1391 861 1421 898 υ
1472 843 1563 899 καὶ
1600 841 1680 899 ὅτι
1721 845 1951 925 Θριαμ-

351 925 618 1003 ϐευόμεθα
676 948 690 962 ·
747 926 910 985 πάλιν
983 937 1380 1008 μετριοφρονεῖ,
1453 929 1546 988 καί
1603 954 1793 1009 φησιν,
1870 930 1952 992 ὅτι

354 1015 499 1094 Πρὸς
527 1019 698 1074 ταῦτα
721 1019 754 1086 ἡ
789 1014 1027 1095 ἡμετέρα
1059 1017 1304 1076 ἀσθένεια
1338 1020 1434 1077 οὐκ
1462 1017 1648 1096 ἤρκει,
1681 1023 1728 1080 εἰ
1761 1019 1837 1098 μὴ
1887 1013 1951 1094 ἦν

351 1111 386 1174 ἡ
419 1109 510 1163 τοῦ
535 1108 676 1165 Θεοῦ
707 1103 926 1182 δύναμις
953 1129 966 1143 ο
1013 1105 1212 1166 ἐκείνου
1252 1105 1354 1188 γὰρ
1404 1108 1463 1167 τὸ
1492 1118 1600 1168 πᾶν
1621 1153 1636 1182 ,
1670 1111 1762 1170 καὶ
1801 1111 1950 1170 οὐδὲν

348 1194 637 1274 ἡμέτερον.

435 1305 466 1342 ε
515 1285 598 1344 Οὔ
629 1283 732 1363 γάρ
764 1285 926 1363 ἐσμεν
953 1329 970 1357 ,
1019 1289 1090 1352 ὡς
1137 1286 1366 1362 πολλοὶ,
1419 1289 1808 1362 καπηλεύοντες
1861 1291 1950 1352 τὸν

346 1371 506 1452 λόγον
535 1377 628 1432 τοῦ
659 1373 825 1434 Θεοῦ.
871 1397 898 1431 ι
927 1372 1066 1443 Τοὺς
1099 1377 1560 1456 ψευδαποστόλους
1592 1380 1816 1439 ἐνταῦθα
1851 1381 1949 1454 δη-

347 1464 434 1522 λοῖ
459 1461 533 1538 “,
563 1459 614 1522 οἳ
644 1461 738 1534 τὴν
769 1469 864 1522 τοῦ
903 1464 1045 1524 Θεοῦ
1078 1464 1238 1544 χάριν
1273 1468 1464 1526 οἰκεῖον
1493 1466 1722 1548 ἔφασκον
1751 1471 1949 1553 κατόρ-

346 1559 539 1628 θωμαο
563 1551 656 1612 καί
675 1575 859 1633 φησιν,
891 1551 970 1612 ὅτι
999 1554 1104 1612 Διὰ
1127 1561 1284 1615 τοῦτο
1315 1550 1461 1616 εἷπον
1481 1581 1494 1594 ·
1520 1584 1546 1611 α
1569 1558 1666 1625 Τίς
1694 1561 1870 1626 ἱκανός
1926 1589 1950 1613 ν

344 1644 438 1702 καὶ
471 1645 547 1723 τῷ
575 1644 702 1722 Θεῷ
743 1642 804 1701 τὸ
855 1651 960 1701 πᾶν
995 1644 1224 1716 ἀνέθηκα
1246 1687 1265 1720 ,
1314 1645 1446 1705 διότι
1491 1649 1588 1707 οὐκ
1618 1649 1725 1724 εἷμὶ
1746 1695 1762 1723 ,
1806 1653 1876 1718 ὡς
1905 1653 1952 1711 οἱ

2061 674 2118 722 et
2144 665 2408 721 absumit.

2135 779 2160 805 ιι
2204 757 2274 810 Et
2297 755 2366 811 ad
2383 754 2500 812 haec
2528 753 2649 826 quis
2676 753 2941 810 idoneus?
2973 775 2998 803 ι»
3032 751 3172 824 Quia
3201 769 3397 827 magna
3421 755 3652 826 dixerat,

2056 846 2347 912 nimirum,
2384 868 2410 895 α
2447 846 2638 900 Bonus
2673 843 2812 900 odor
2855 859 3068 911 sumus,
3107 867 3132 893 ››
3159 852 3215 900 et
3245 867 3270 894 «ι
3323 845 3655 918 Triumpha-

2059 951 2206 1004 mur,
2271 958 2296 984 ι
2356 950 2547 991 rursus
2591 934 2661 991 ad
2708 933 3052 991 moderatam
3103 934 3274 990 animi
3324 937 3657 994 sententiam

2060 1023 2240 1080 redit:
2293 1023 2380 1080 Ad
2409 1023 2548 1090 haec,
2579 1022 2854 1095 inquiens,
2900 1031 3086 1079 nostra
3133 1022 3484 1080 imbecillitas
3521 1042 3630 1082 non

2058 1112 2370 1169 sufficiebat
2394 1112 2514 1168 sine
2537 1111 2778 1182 potentia
2806 1111 2949 1180 Dei;
2980 1111 3130 1167 illius
3154 1111 3304 1167 enim
3331 1113 3642 1171 totumhoc

2060 1210 2145 1259 est
2167 1200 2317 1274 quod
2345 1201 2581 1274 agimus,
2606 1200 2851 1273 nihilque
2875 1208 3128 1257 nostrum
3157 1207 3258 1257 est.

2131 1293 2310 1351 Vnus.
2347 1297 2432 1348 t7.
2470 1313 2495 1338 α
2543 1292 2666 1346 Non
2716 1290 2867 1347 enim
2892 1305 3106 1358 sumus,
3137 1297 3199 1346 ut
3242 1290 3422 1358 multi,
3453 1305 3650 1364 caupo-

2058 1390 2251 1438 nantes
2300 1383 2535 1437 verbum
2584 1379 2707 1436 Dei.
2748 1403 2774 1428 »
2817 1378 3282 1449 Pseudapostolos
3331 1379 3417 1436 hic
3462 1389 3645 1449 notat,

2061 1471 2156 1544 qui
2211 1471 2310 1527 Dei
2344 1470 2577 1542 gratiam
2627 1485 2793 1525 suum
2839 1485 2958 1526 esse
2997 1485 3136 1541 opus
3165 1468 3558 1526 afﬁrmabant:
3590 1487 3653 1528 ac

2061 1563 2376 1632 Propterea,
2407 1559 2606 1630 inquit,
2646 1558 2782 1625 dixi,
2822 1581 2847 1608 α
2881 1558 3016 1630 Quis
3075 1567 3159 1614 est
3190 1559 3458 1617 idoneus?
3503 1583 3528 1608 ιι
3561 1575 3644 1628 ac,

2061 1653 2179 1706 Deo
2237 1659 2417 1707 totum
2446 1649 2610 1705 retuli
2660 1657 2969 1719 acceptum,
3003 1648 3151 1720 quod
3201 1665 3315 1704 non
3363 1663 3486 1705 sum
3510 1649 3653 1706 sicut

345 1730 808 1814 ψευδαπόστολοι,
880 1733 1204 1804 καπηλεύων
1279 1734 1371 1794 καὶ
1425 1734 1649 1796 νοθεύων
1699 1737 1794 1809 τὴν
1854 1741 1941 1798 δω-

2064 1739 2488 1813 pseudapostoli,
2540 1753 2858 1810 cauponaus
2925 1746 2979 1793 et
3033 1737 3350 1795 adulterans
3414 1739 3646 1795 verbum

347 1820 474 1901 ρεὰν
502 1826 594 1880 τοῦ
632 1821 798 1882 Θεοῦ.
845 1822 1154 1881 Αἷνίττεται
1210 1824 1264 1882 δὲ
1301 1823 1488 1891 αὐτοὺς
1536 1826 1627 1885 καὶ
1657 1826 1753 1898 τὴν
1798 1830 1948 1888 διδα-

345 1909 576 1970 σκαλίαν
627 1911 909 1979 δολοῦντας
955 1919 1064 1978 τοῖς
1117 1917 1213 1984 τῆς
1264 1911 1364 1982 ἔξω
1396 1915 1582 1994 σοφίας
1621 1915 1948 1996 σοφίσμασι,

344 2001 438 2060 καὶ
466 2000 764 2081 χρημάτων
801 2001 1109 2069 πωλοῦντας
1131 2049 1146 2072 ,
1190 2001 1318 2082 ὅπερ
1350 2003 1550 2084 δωρεὰν
1585 2003 1690 2066 ἔδει
1723 2006 1944 2072 διδόναι.

344 2089 489 2150 Ἀλλ’
515 2092 614 2169 οὐχ
641 2093 797 2166 ἡμεῖς
825 2093 1075 2150 τοιοῦτοι.
1111 2089 1340 2170 Ἐπάγει
1374 2093 1545 2153 τοίνυν
1575 2118 1589 2133 ο

437 2291 468 2326 (ι
494 2267 640 2329 Ἀλλ’
665 2271 736 2334 ὡς
773 2269 828 2339 ἐξ
862 2269 1222 2350 εἷλικρινείας,
1261 2273 1380 2331 ἀλλ’
1427 2275 1498 2341 ὡς
1531 2275 1590 2332 ἐκ
1620 2275 1786 2347 Θεοῦ,
1819 2299 1948 2335 κατ-

345 2357 570 2418 ενώπιον
598 2363 691 2418 τοῦ
726 2361 868 2420 Θεοῦ
902 2363 954 2420 ἐν
982 2362 1204 2441 Χριστῷ
1250 2363 1537 2438 λαλοῦμεν.
1579 2388 1608 2421 υ
1637 2363 1946 2438 Τουτέστιν,

343 2449 407 2506 ἐκ
458 2453 694 2527 καθαρᾶς
745 2450 837 2509 καὶ
887 2447 1078 2508 ἀδόλου
1128 2448 1377 2528 γνώμης,
1437 2452 1531 2511 καὶ
1579 2455 1648 2518 ὡς
1694 2455 1755 2510 ἐκ
1801 2455 1946 2513 Θεοῦ

343 2536 551 2616 ἔχοντες
585 2535 620 2595 ἃ
656 2540 947 2616 λαλοῦμεν,
979 2538 1070 2597 καὶ
1100 2543 1197 2619 οὐχ
1235 2543 1304 2607 ὡς
1339 2540 1539 2600 οἴκοθεν
1570 2543 1720 2600 αὐτοὶ
1750 2565 1946 2622 κατορ-

343 2631 570 2694 θοῦντες.
622 2629 733 2688 Καὶ
792 2629 902 2686 «ἐν
955 2630 1211 2708 Χριστῷ·
1255 2650 1286 2686 ι)
1342 2630 1438 2688 οὐκ
1489 2631 1542 2687 ἐν
1592 2635 1658 2712 τῇ
1705 2632 1944 2717 ἡμετέρᾳ

344 2717 536 2799 σοφίᾳ,
567 2717 705 2776 ἀλλὰ
837 2719 974 2798 παρ’
1007 2719 1204 2777 ἐκείνου
1238 2719 1535 2793 δυνάμει⁴⁹
1571 2721 1940 2800 ἐνηχούμενοι.

343 2814 424 2874 Τὸ
453 2813 537 2887 δὲ,
574 2837 601 2871 α
630 2814 894 2875 Ἐνώπιον
925 2820 1017 2874 τοῦ
1046 2818 1190 2875 Θεοῦ
1213 2862 1229 2893 ,
1275 2837 1306 2874 ι)
1348 2806 1496 2876 εἶπεν
1517 2862 1531 2888 ,
1571 2817 1660 2876 ἵνα
1702 2819 1841 2896 δείξῃ
1886 2820 1946 2878 τὸ

344 2903 484 2971 εὖθὲς
529 2908 622 2976 τῆς
680 2905 901 2985 καρδίας
956 2905 1047 2964 καὶ
1093 2906 1582 2987 εὖπαρῤησίαστον.
1672 2909 1942 2968 Τοσοῦτον

343 2992 445 3072 γὰρ
478 2999 512 3066 ἡ
556 2993 748 3074 καρδία
798 2997 955 3073 ἡμῶν
1000 2996 1114 3054 ἐστι
1161 2996 1406 3077 καθαρὰ,
1438 2997 1622 3077 φησὶν,
1675 2995 1814 3057 ὥστε
1865 3002 1942 3081 τῷ

342 3085 468 3164 Θεῷ
497 3084 664 3158 αὐτὴν
693 3085 1073 3166 ἐμφανίζομεν.

936 3229 1227 3292 ΚΕΦᾹΛ.
1263 3227 1350 3292 Γ¹.

424 3380 448 3408 α
487 3353 788 3434 Ἀρχόμεθα
814 3353 977 3414 πάλιν
1011 3353 1227 3421 ἑαυτοὺς
1269 3354 1597 3416 συνιστάνειν
1623 3377 1640 3435 ;
1664 3383 1688 3408 ιι
1721 3357 1943 3432 Ἐπειδὴ

345 3444 553 3523 μεγάλα
601 3444 724 3523 περὶ
774 3447 964 3526 ἑαυτοῦ
1021 3444 1336 3525 ἐφθέγξατο,
1395 3446 1599 3526 φησίν·
1647 3445 1809 3516 Ἴσως
1865 3474 1944 3517 τις

343 3536 486 3614 ἐρεῖ·
533 3533 607 3595 Τί
653 3540 835 3607 τοῦτο,
865 3523 909 3592 ὦ
953 3523 1170 3608 Παῦλε,
1220 3523 1455 3614 ἐπαίρεις
1505 3535 1725 3594 σεαυτὸν
1773 3543 1942 3598 ταῦτα

342 3623 507 3703 λέγων
551 3622 673 3702 περὶ
705 3628 952 3687 σεαυτοῦ.
1008 3623 1226 3696 Ταύτην
1256 3615 1344 3684 οὖν
1401 3623 1494 3696 τὴν
1527 3625 1788 3684 ἀντίθεσιν
1829 3628 1942 3687 λύει

343 3711 428 3772 διὰ
469 3715 577 3772 τῷν
607 3711 725 3784 ἑξῆς
755 3736 770 3750 ⁸

432 3824 460 3860 (ι
485 3805 551 3861 Εἰ
582 3799 658 3880 μὴ
704 3802 998 3883 χρῄζομεν,
1040 3800 1111 3870 ὥς
1145 3825 1317 3880 τινες,
1355 3807 1689 3863 συστατικῶν
1723 3806 1936 3864 ἐπιστο-

341 3895 445 3950 λῶν
492 3891 622 3972 πρὸς
673 3895 839 3969 ὑμᾶς,
886 3891 922 3963 ἢ
971 3891 1024 3961 ἐξ
1067 3895 1217 3969 ὑμῶν
1275 3895 1646 3968 συστατικῶν,
1695 3917 1724 3952 ι)
1762 3896 1937 3954 Τοῦτο

343 3981 479 4059 μετὰ
548 3981 844 4062 βαρύτητος
908 3981 1084 4060 λέγει,
1143 3981 1578 4061 πληκτικώτερον
1628 3987 1794 4042 ποιῷν
1848 3983 1934 4044 τὸν

338 4070 490 4148 λόγον
519 4094 534 4109 ο
563 4070 854 4129 αἰνίττεται
874 4070 940 4130 δὲ-
960 4073 1078 4138 τοὺς
1108 4071 1436 4138 ἀποστόλους
1468 4071 1522 4111 ⁵ο
1548 4070 1667 4141 τοὺς
1693 4074 1902 4153 ψευδεῖς
1920 4119 1935 4147 ,

2060 1830 2183 1886 Dei.
2217 1829 2406 1886 lnnuit
2430 1836 2614 1884 autent
2637 1868 2651 1895 ,
2680 1826 2832 1899 quod
2867 1827 2969 1898 ipsi
2997 1827 3270 1898 Evangelii
3311 1827 3478 1883 etiam
3515 1828 3650 1885 doc-

2057 1911 2260 1967 trinam
2289 1910 2587 1981 depravent
2628 1909 2882 1964 humana:
2912 1907 3190 1978 sapientiae
3219 1907 3653 1964 ratiocinationi-

2059 1999 2163 2055 bus
2186 2015 2249 2054 ac
2277 1998 2506 2071 pecunia
2531 1994 2822 2053 divendere
2851 2004 3136 2064 conentur,
3172 1994 3320 2066 quod
3353 1995 3519 2068 gratis
3543 1997 3655 2052 im-

2061 2089 2404 2162 pertiendum
2432 2095 2570 2145 erat.
2601 2089 2807 2144 Verum
2833 2102 2934 2144 nos
2950 2102 3062 2142 non
3083 2101 3279 2142 sumus
3307 2085 3644 2158 hujusmodi.

2057 2178 2235 2237 Infert
2259 2179 2428 2252 igitur
2459 2197 2473 2234 :

2137 2302 2164 2329 α
2209 2278 2314 2336 Sed
2359 2286 2622 2350 tanquam
2667 2291 2730 2332 ex
2760 2275 3096 2342 sinceritate,
3146 2274 3242 2332 sed
3284 2283 3550 2347 tanquam
3588 2290 3655 2331 ex

2059 2373 2198 2435 Deo,
2242 2376 2370 2424 ante
2406 2374 2761 2438 conspectum
2809 2366 2913 2421 Dei
2953 2364 3252 2425 inChristo
3297 2365 3591 2437 loquimur.
3623 2390 3647 2414 η

2057 2461 2179 2515 Hoc
2215 2465 2318 2522 est,
2369 2473 2430 2511 ex
2460 2472 2593 2528 pura
2641 2455 2981 2527 minimeque
3025 2455 3195 2526 256
3238 2453 3415 2510 fallaci
3444 2463 3649 2522 mente,

2057 2563 2120 2603 ac
2139 2546 2305 2602 veluti
2329 2563 2392 2601 cx
2421 2547 2534 2602 Deo
2576 2545 2838 2600 habentes
2878 2559 2939 2599 ea
2965 2559 3088 2614 qua:
3110 2543 3408 2615 loquimur,
3453 2551 3510 2599 et
3538 2559 3655 2599 non

2057 2636 2221 2692 veluti
2246 2651 2339 2708 per
2378 2651 2484 2691 nos
2527 2635 2626 2706 ipsi
2655 2633 2960 2706 quidquam
3004 2633 3392 2701 transigamus.
3431 2655 3454 2680 α
3500 2635 3571 2689 Et
3599 2633 3654 2689 in

2055 2725 2274 2783 Christo
2315 2747 2326 2782 :
2386 2748 2412 2774 ιο
2454 2740 2567 2780 non
2612 2739 2707 2794 per
2747 2731 2996 2779 nostram
3049 2723 3396 2793 sapientiam,
3458 2737 3652 2779 verum
3708 2711 3716 2718 ’

2054 2815 2196 2871 illius
2240 2814 2476 2886 potentia
2524 2812 2720 2868 imbuti
2763 2821 2819 2868 et
2863 2811 3112 2868 instituti.
3165 2835 3190 2860 α
3221 2815 3366 2867 Ante
3390 2827 3656 2884 conspec-

2051 2912 2173 2962 tum
2202 2929 2225 2953 υ
2262 2913 2449 2961 autem
2476 2923 2503 2956 ‹‹
2557 2904 2657 2958 Dei
2687 2924 2713 2951 ››
2753 2901 2912 2968 dixit,
2954 2910 3015 2958 ut
3063 2903 3246 2958 cordis
3294 2901 3379 2958 sui
3422 2903 3653 2958 rectitu-

2051 2994 2240 3052 dinem
2279 3003 2335 3052 et
2358 2995 2673 3051 libertatem
2719 2992 2990 3050 ostendat.
3024 2993 3180 3050 Adeo
3231 2992 3383 3048 enim
3423 3007 3519 3048 cor
3548 3007 3654 3047 no-

2053 3093 2230 3144 strum
2261 3101 2462 3159 purum
2482 3093 2585 3153 est,
2609 3091 2672 3142 ut
2692 3091 2746 3140 et
2771 3088 2885 3140 Deo
2915 3083 3098 3155 ipsum
3119 3081 3447 3140 indicemus.

2664 3234 2907 3292 CAPUT
2935 3235 3033 3289 III.

2125 3365 2306 3418 Vsus.
2358 3367 2410 3417 1.
2440 3383 2464 3408 ‹ι
2499 3358 2797 3430 lncipimus
2840 3359 3043 3415 iterum
3095 3357 3470 3431 nosmetipsos
3497 3373 3650 3414 com-

2051 3451 2409 3508 mendare?»
2443 3447 2906 3520 Quandoquidem
2941 3463 3136 3520 magna
3175 3447 3244 3504 de
3273 3449 3452 3518 seipso
3495 3447 3649 3503 locu-

2053 3548 2142 3596 tus
2178 3549 2316 3609 erat,
2341 3538 2438 3607 ait,
2471 3538 2683 3610 Aliquis
2724 3535 2959 3592 fortasse
2997 3536 3176 3592 dicere
3206 3544 3420 3608 poterat
3503 3535 3652 3606 Quid

2051 3630 2177 3699 hoc,
2208 3647 2241 3688 o
2265 3629 2428 3685 Paule
2455 3627 2616 3685 Μιωο
2638 3625 2706 3682 de
2729 3626 2906 3697 teipso
2930 3625 3139 3692 dicens,
3170 3627 3412 3696 teipsum
3449 3624 3645 3683 effers.

2050 3725 2211 3780 Hanc
2235 3720 2402 3793 igitur
2425 3717 2792 3790 objectionem
2819 3732 2915 3788 per
2937 3716 3210 3787 sequentia
3237 3715 3418 3772 diluit’.

2125 3830 2152 3859 α
2192 3810 2344 3864 Num
2383 3821 2630 3878 egemus,
2664 3813 2725 3860 ut
2753 3801 3018 3870 nonnulli,
3048 3802 3497 3859 commendauiis
3528 3804 3584 3860 lii
3600 3813 3647 3860 t-

2048 3899 2180 3955 teris
2202 3897 2272 3953 ad
2311 3912 2428 3963 vos,
2465 3904 2561 3951 aut
2602 3909 2666 3950 ex
2721 3893 2877 3949 vobis
2926 3891 3404 3949 commendatitiis
3451 3895 3474 3947 Ρ
3529 3896 3651 3950 Hoc

2047 4004 2178 4046 cum
2217 3986 2510 4042 acerbitate
2543 3983 2809 4056 loquitur,
2853 3997 3172 4038 sermonem
3200 3998 3304 4038 suu
3331 3995 3366 4035 ιὲ
3397 3984 3645 4054 asperio-

2045 4093 2166 4136 rem
2209 4075 2469 4133 reddens.
2541 4072 3001 4146 Pseudapostolos
3054 4081 3239 4128 autem
3296 4071 3498 4141 innuit,
3553 4075 3651 4147 qui

341 4159 389 4219 οἳ
436 4159 512 4236 μὴ
571 4160 776 4240 ἔχοντες
825 4161 886 4219 ἐκ
938 4163 1043 4219 τῷν
1082 4159 1288 4219 οἰκείων
1342 4159 1508 4240 ἔργων
1556 4163 1932 4240 γνωρίζεσθαι,

2052 4182 2175 4226 eum
2219 4165 2450 4239 propriis
2487 4163 2602 4220 suis
2644 4162 2903 4235 operibus
2945 4177 3061 4219 non
3110 4171 3334 4235 possent
3379 4162 3651 4220 inclares-

341 4257 659 4315 συστατικὰς
734 4249 1016 4316 ἐπιστολὰς
1083 4249 1434 4323 πλάττοντες,
1503 4250 1798 4327 διεκόμιζον
1859 4243 1934 4320 οἶς

340 4339 403 4398 ἂν
449 4339 662 4412 ἤθελον,
711 4338 797 4398 διὰ
851 4338 1049 4399 τούτων
1103 4337 1485 4415 συνιστώμενοι
1543 4340 1634 4398 καὶ
1685 4341 1933 4421 γνωριζό-

343 4452 511 4507 μενοι.
544 4427 622 4489 ⁶Ο
651 4428 827 4488 τοίνυν
855 4429 996 4507 λέγει
1030 4427 1413 4508 βαρυνόμενος,
1459 4429 1615 4489 τοῦτό
1644 4433 1785 4488 ἐστιν
1815 4455 1827 4468 ·
1866 4433 1930 4492 Εἰ

341 4519 415 4597 μὴ
443 4517 546 4598 ἄρα
576 4541 653 4586 τις
679 4519 803 4597 εἴπῃ
827 4563 844 4594 ,
883 4516 964 4578 ὅτι
1006 4518 1083 4577 δεῖ
1107 4523 1252 4594 ἡμᾶς
1281 4518 1604 4585 συστατικὰς
1651 4519 1932 4588 ἐπιστολὰς

337 4608 675 4689 ἐπιφέρεσθαι
723 4607 851 4688 πρὸς
895 4611 1057 4684 ὓμᾶς,
1085 4605 1174 4664 ἵνα
1220 4609 1287 4666 δι’
1317 4609 1929 4689 αὐτῶνγνωρισθῶμεν,

335 4697 371 4771 ἢ
430 4687 588 4758 πάλιν
649 4697 702 4764 ἐξ
761 4687 908 4775 ὑμῶν
960 4696 1092 4776 πρὸς
1147 4697 1376 4771 ἄλλους;
1437 4687 1570 4756 Εἶτα
1623 4699 1933 4767 ἐνδιαθέτως

337 4787 530 4868 ἐπάγει
557 4811 574 4826 ο

426 4989 458 5026 α
509 4964 579 5026 Ἦ
624 4965 918 5040 Ἐπιστολὴ
966 4969 1120 5044 ἡμῶν
1169 4971 1318 5044 ὑμεῖς
1369 4969 1489 5027 ἐστε
1528 4970 1934 5049 ἐγγεγραμμένη

335 5059 452 5124 ταῖς
495 5055 740 5136 καρδίαις
769 5060 956 5135 ἡμῶν,
1011 5055 1377 5136 γινωσκομένη
1429 5058 1521 5117 καὶ
1569 5061 1936 5138 ἀναγινωσκο-

339 5151 472 5223 μένη
515 5147 617 5204 ὑπὸ
659 5147 872 5205 πάντων
919 5144 1232 5228 ἀνθρώπων.
1275 5169 1303 5204 ››
1336 5143 1520 5227 Ὅπερ
1567 5147 1630 5206 ἂν
1681 5149 1935 5230 ἐποίησε,

337 5234 503 5316 φησὶ,
547 5234 614 5294 τὰ
660 5235 958 5314 γράμματα
1011 5238 1340 5295 συνιστῷντα
1393 5241 1568 5312 ἡμᾶς,
1615 5239 1707 5296 καὶ
1740 5240 1938 5299 αἰδεσί-

339 5347 468 5402 μους
495 5329 786 5398 ποιοῦντα,
835 5330 994 5385 τοῦτο
1042 5330 1192 5405 ὑμεῖς
1239 5327 1436 5385 ποιεῖτε
1461 5372 1477 5403 ,
1511 5327 1602 5385 καὶ
1649 5327 1938 5408 ὁρώμενοι,

337 5413 430 5473 καὶ
475 5413 788 5492 ἀκουόμενοι
834 5437 849 5452 ·
897 5415 990 5475 καὶ
1035 5414 1165 5476 ὅπου
1213 5413 1276 5474 ἂν
1321 5414 1670 5496 ἀπέλθωμεν,
1717 5417 1942 5500 περιφέ-

340 5526 496 5583 ρομεν
554 5507 695 5582 ὑμᾶς
760 5528 773 5542 ο
817 5505 871 5563 ἐν
1063 5503 1257 5586 καρδίᾳ
1326 5504 1430 5586 γὰρ
1482 5505 1942 5588 ἐγγεγραμμένους

2045 4273 2188 4327 cere,
2221 4253 2700 4312 commendatitias
2749 4251 3020 4324 ﬁngentes
3066 4252 3343 4323 epistolas,
3373 4253 3440 4308 ad
3480 4270 3650 4326 quos-

2040 4363 2261 4420 cunque
2299 4345 2499 4401 vellent
2543 4342 2906 4415 perferebant,
2945 4343 3145 4414 quibus
3189 4343 3260 4398 ita
3289 4345 3647 4402 commenda-

2039 4438 2244 4494 bantur
2267 4444 2322 4492 et
2345 4433 2780 4491 iunotescebant.
2811 4432 2972 4502 Quod
2997 4433 3161 4506 igitur
3188 4448 3316 4489 cum
3345 4433 3652 4492 acerbitate

2041 4527 2192 4595 dicit,
2243 4533 2326 4582 est
2375 4523 2692 4597 hujusmodi
2753 4541 2768 4577 :
2819 4525 2971 4580 Num
3028 4523 3193 4594 igitur
3230 4521 3379 4578 dicat
3429 4523 3646 4596 aliquis,

2043 4615 2194 4690 quod
2224 4621 2478 4688 oporteat
2507 4628 2610 4668 nos
2638 4612 2900 4684 epistolas
2936 4610 3418 4668 commendatitias
3445 4611 3650 4670 afferre

2044 4705 2114 4763 ad
2174 4721 2293 4776 vos,
2350 4713 2411 4760 ut
2470 4719 2567 4775 per
2624 4702 2768 4774 ipsas
2831 4701 2985 4758 vobis
3046 4699 3492 4773 manifestemur,
3555 4710 3652 4758 aut

2041 4810 2263 4852 rursum
2289 4810 2354 4850 ex
2391 4793 2546 4850 vobis
2574 4791 2646 4849 ad
2675 4791 2814 4849 alios
2832 4794 2858 4847 Ρ
2896 4789 3106 4849 Deinde
3142 4805 3208 4848 ex
3239 4788 3442 4847 affectu
3471 4806 3642 4864 appo-

2044 4885 2146 4943 site
2163 4883 2349 4941 subdit
2377 4902 2390 4938 :

2112 4973 2290 5031 Vnus.
2320 4980 2372 5029 2.
2410 4996 2434 5022 ι
2477 4971 2718 5044 Epistola
2760 4979 2946 5028 nostra
3010 4987 3109 5028 vos
3151 4971 3284 5028 estis
3329 4973 3532 5044 scripta
3581 4971 3641 5027 in

2045 5063 2304 5121 cordibus
2331 5063 2555 5132 nostris,
2573 5077 2700 5135 quae
2723 5062 3080 5134 cognoscitur
3095 5071 3149 5118 et
3164 5062 3367 5136 legitur
3382 5063 3450 5118 ab
3470 5061 3650 5118 homi-

2049 5155 2209 5210 nibus
2236 5153 2519 5210 omnibus.
2543 5176 2569 5203 υ
2590 5153 2752 5226 Quod
2764 5151 3042 5219 fecissent,
3062 5153 3258 5224 inquit,
3274 5152 3475 5208 litterae
3501 5168 3654 5208 com-

2048 5244 2367 5301 mendantes
2394 5259 2496 5300 nos
2520 5251 2574 5299 et
2603 5242 2935 5299 venerabiles
2967 5240 3280 5305 reddentes,
3327 5241 3434 5298 hoc
3465 5241 3644 5312 ipsum

2047 5350 2144 5392 vos
2168 5332 2367 5402 facitis,
2400 5333 2535 5390 dum
2561 5331 2651 5390 alii
2677 5348 2774 5389 vos
2800 5331 3009 5399 vident,
3037 5339 3094 5386 et
3113 5329 3182 5386 de
3204 5331 3358 5387 vobis
3386 5330 3647 5402 audiunt;

2049 5433 2105 5482 et
2149 5438 2481 5498 quocunque
2527 5421 2754 5495 profecti
2809 5419 3096 5490 fuerimus,
3145 5435 3245 5476 vos
3310 5419 3650 5478 circumferio

2050 5531 2176 5572 mus
2204 5535 2218 5572 :
2246 5530 2374 5570 nam
2403 5513 2554 5570 cordi
2582 5520 2773 5569 nostro
2811 5511 3104 5584 inscriptos
3131 5519 3432 5584 gestamus,
3457 5512 3644 5568 omni-

1728 5658 1920 5720 ναι-ἰῶ
1962 5661 2269 5721 lectiones.

410 5771 453 5807 ιο
479 5772 628 5846 φησιν
657 5788 712 5828 ο,
789 5771 833 5807 ω
860 5774 1008 5846 σοφίᾳ
1027 5789 1082 5833 ο,
1159 5774 1204 5810 ω
1225 5774 1660 5848 ψευδαπόστόλους
1680 5790 1736 5834 o.
