4134 6426
468 435 568 488 827

1479 421 1999 478 THEOPHYLACTI
2034 419 2396 477 BULGARDE
2429 418 2749 476 ARCHIEP.

3667 422 3773 477 828

482 555 584 612 bus
618 551 1011 610 denuntiantes
1056 549 1316 606 virtutem
1366 552 1622 604 vestram.
1669 545 1903 604 Proinde
1939 561 2063 603 cum

2181 544 2410 627 ἔχομεν,
2480 544 2571 604 καὶ
2651 553 2816 604 πᾶσιν
2892 542 3302 620 ὓποδεικνῦομεν
3356 540 3454 614 τὴν
3516 543 3773 624 ὑμετέραν

493 659 592 701 vos
645 643 878 699 habeam
921 641 1212 712 epistolam
1256 653 1346 694 me
1387 637 1510 694 aliis
1556 635 2072 707 commendantem,

490 749 605 790 non
643 733 865 805 indigeo
913 730 1146 786 aliorum
1209 727 1451 800 epistolis
1494 742 1526 782 a
1572 727 1752 796 vobis,
1797 742 1892 799 per
1941 741 2076 798 quas

477 824 825 880 innotescam
870 817 1251 893 ignorantibus
1295 831 1406 874 me.
1457 819 1631 873 Porro
1687 833 1815 872 cum
1867 831 1965 872 vos
2019 816 2072 871 in

474 921 667 969 mente
695 926 816 966 mea
854 909 992 973 sitis.
1054 923 1166 964 non
1204 923 1343 978 opus
1389 905 1564 962 habeo
1606 914 1668 962 ut
1707 905 1937 978 quidam
1975 905 2068 962 alii

468 1019 561 1059 me
605 1001 760 1057 vobis
803 998 1125 1072 praedicent.
1157 996 1245 1052 Ad
1286 996 1504 1069 ignotos
1531 995 1680 1052 enim
1709 994 2070 1052 commenda-

466 1091 598 1148 titiis
616 1089 812 1146 litteris
839 1104 978 1161 opus
1013 1096 1120 1157 est,
1156 1101 1273 1142 non
1313 1084 1382 1142 ad
1410 1085 1682 1158 cognitos.
1737 1087 1855 1142 Vos
1881 1093 2070 1142 autem

467 1182 543 1238 ita
606 1179 784 1236 menti
836 1193 980 1235 mea;
1022 1175 1267 1248 inscripti
1318 1177 1480 1246 estis,
1543 1183 1606 1232 ut
1659 1173 1911 1232 excidere
1955 1191 2068 1232 non

464 1268 713 1343 possitis.
764 1267 869 1324 Hic
912 1275 1099 1323 autem
1141 1264 1518 1321 testimonium
1563 1263 1696 1320 dicit
1735 1280 1849 1320 non
1887 1263 2068 1321 solum

471 1373 672 1415 eorum
711 1356 983 1424 charitati,
1031 1354 1388 1412 verumetiam
1417 1353 1688 1425 operibus.
1726 1354 1807 1410 Ut
1831 1354 1924 1426 qui
1949 1353 2063 1410 sul-

459 1447 711 1504 ﬁcientes
757 1444 965 1503 fuerint
1010 1444 1218 1501 cunctis
1248 1443 1573 1500 mortalibus
1603 1443 1951 1516 praeceptoris
1975 1444 2065 1501 sui

459 1535 796 1608 dignitatem
841 1541 1301 1592 commonstrare.
1361 1531 1775 1605 Discipulorum
1826 1544 2064 1606 namque

462 1627 634 1683 virtus
661 1633 1058 1698 praeceptorem
1085 1631 1267 1680 ornat.

542 1717 716 1772 Vens.
743 1721 796 1772 3.
850 1738 875 1763 ι
905 1711 1237 1770 Manifestati
1285 1711 1432 1786 quod
1473 1711 1604 1770 estis
1655 1711 1887 1785 epistola
1915 1711 2067 1769 Chri-

468 1803 568 1862 sti.
607 1827 633 1854 ι
686 1803 810 1874 Qua
851 1803 1104 1860 ratione?
1153 1802 1314 1873 Quod
1355 1803 1441 1860 lex
1487 1801 1688 1859 Christi
1717 1811 1772 1859 et
1806 1801 2068 1859 mandata

461 1893 620 1967 ejus,
652 1894 961 1950 litterarum
1005 1893 1200 1961 instar,
1225 1891 1371 1965 apud
1408 1906 1508 1950 vos
1546 1898 1812 1948 maneant
1847 1899 1905 1949 et
1932 1908 2055 1949 cus-

465 1984 770 2041 todiantur.

548 2096 575 2122 ι
640 2073 809 2145 257
851 2072 1164 2130 Ministrata
1191 2088 1224 2129 a
1254 2071 1432 2142 nobis,
1461 2071 1721 2145 inscripta
1760 2088 1879 2130 non
1920 2081 2066 2130 atra-

462 2170 682 2231 mento,
728 2161 827 2218 sed
855 2162 1060 2233 Spiritu
1099 2160 1201 2217 Dei
1231 2159 1462 2217 viventis
1505 2179 1519 2217 :
1562 2176 1676 2217 non
1708 2161 1910 2218 tabulis
1935 2162 2068 2236 lapi-

462 2249 608 2319 deis,
679 2249 779 2307 sed
848 2249 1048 2306 tabulis
1118 2248 1302 2307 cordis
1365 2249 1598 2306 carneis.
1664 2272 1690 2300 ιι
1761 2251 2067 2309 Occasione

471 2343 815 2415 apprehensa
841 2340 1203 2414 comparandi
1249 2342 1425 2414 legem
1450 2358 1579 2399 cum
1617 2344 1937 2417 Evangelia,
1975 2360 2066 2402 or-

469 2430 618 2488 ditur
634 2431 781 2501 hinc,
801 2431 1053 2504 inquieua
1090 2450 1103 2488 :
1127 2431 1609 2502 Quemadmodum
1621 2434 1805 2490 Moses
1817 2435 2068 2493 minister

462 2519 577 2578 fuit
599 2520 754 2593 legis,
780 2521 862 2578 sic
881 2529 938 2577 et
965 2537 1065 2578 nos
1099 2530 1294 2578 vestrae
1321 2521 1378 2577 in
1406 2522 1634 2579 verbum
1659 2523 1785 2580 ﬁdei
1827 2525 2068 2600 ministri

453 2611 787 2668 exstitimus.
819 2613 890 2667 Et
923 2609 1147 2684 perinde
1175 2619 1235 2668 ut
1267 2611 1314 2668 is
1339 2611 1558 2668 tabulas
1583 2613 1823 2685 lapideas
1847 2615 2066 2685 incidit,

453 2700 531 2756 sic
550 2708 606 2756 et
642 2716 748 2757 nos
781 2709 960 2756 vestra
979 2699 1164 2758 corda.
1195 2701 1309 2756 Lex
1351 2717 1516 2772 porro
1557 2709 1880 2760 atramento
1921 2707 2060 2762 scri-

455 2787 718 2857 bebatur;
770 2789 1126 2862 Evangelium
1171 2799 1356 2846 autem
1385 2789 1443 2847 in
1491 2791 1646 2847 vobis
1669 2807 1768 2864 per
1797 2794 2063 2866 Spiritum

463 2878 730 2950 scriptum
768 2887 872 2934 est.
934 2879 1153 2948 Quanto
1179 2879 1346 2950 igitur
1371 2879 1660 2937 intervallo
1709 2882 1951 2954 Spiritus
1991 2887 2063 2942 ab

460 2975 776 3024 atramento
813 2967 998 3034 distat,
1031 2976 1088 3024 et
1123 2983 1220 3024 cor
1255 2983 1288 3024 a
1315 2967 1515 3041 lapide,
1555 2977 1718 3026 tanto
1758 2978 1814 3027 et
1849 2973 2068 3030 Novum

458 3060 880 3115 Testamentum
898 3073 927 3112 a
953 3057 1069 3130 lege
1089 3057 1380 3130 discrepat.
1411 3058 1574 3128 Quod
1601 3074 1732 3116 vero
1761 3060 1860 3130 ait,
1906 3083 1935 3114 ιι
2006 3064 2064 3121 in

460 3144 677 3203 tabulis
718 3146 907 3204 cordis
950 3147 1190 3217 carneis,
1219 3170 1245 3197 ν
1277 3147 1357 3203 sic
1405 3147 1521 3221 lege
1563 3164 1660 3220 per
1686 3149 2052 3222 hyperbaton,

469 3259 494 3286 α
536 3237 590 3291 in
633 3235 836 3292 tabulis
879 3236 1092 3292 carneis
1145 3253 1160 3292 :

459 3324 710 3382 medium
751 3325 1077 3397 impositum
1121 3333 1227 3396 est,
1260 3349 1286 3375 α
1319 3325 1426 3382 hoc
1467 3335 1550 3383 est
1583 3350 1608 3376 ιι
1637 3329 1836 3386 cordis.
1873 3353 1900 3380 ι
1948 3336 2061 3389 Aut

460 3415 593 3488 quia
646 3413 812 3471 corda
858 3423 989 3471 sunt
1041 3415 1272 3487 lapidea,
1339 3415 1722 3474 induratorum
1773 3419 2058 3492 nimirum,

459 3514 585 3556 eam
650 3500 722 3557 ob
767 3515 888 3557 rem
936 3500 1272 3558 credentium
1305 3502 1469 3560 corda
1497 3519 1693 3561 carnea
1722 3521 1844 3564 esse
1899 3507 2058 3580 dixit,

463 3589 670 3662 quippe
697 3606 821 3663 quae
851 3598 981 3647 sunt
1002 3592 1224 3664 capacia
1245 3593 1418 3651 verbi.

532 3681 714 3737 Vsss.
767 3686 883 3750 4,5.
919 3703 945 3730 ι
995 3680 1274 3740 Fiduciam
1339 3692 1526 3741 autem
1573 3683 1840 3744 habemus
1889 3688 2057 3746 talem

462 3785 559 3842 per
610 3770 890 3827 Christum
944 3769 1017 3828 ad
1077 3774 1284 3842 Deum,
1336 3789 1447 3830 non
1521 3774 1674 3847 quod
1721 3774 2059 3837 sufﬁcientes

463 3863 639 3921 simus
692 3863 934 3938 cogitare
981 3864 1185 3937 aliquid
1236 3882 1267 3922 a
1337 3866 1516 3937 nobis,
1567 3869 1724 3942 quasi
1768 3883 1836 3926 ex
1897 3871 2060 3929 nobis

459 3953 609 4026 ipsis.
646 3977 672 4003 υ
714 3955 857 4025 Quia
895 3955 1353 4011 commonstravit
1384 3958 1604 4013 Novum
1640 3959 2059 4019 Testamentum

461 4045 664 4100 Vetere
711 4059 834 4101 esse
870 4044 1072 4116 majus,
1118 4060 1463 4118 consequens
1499 4055 1683 4104 autem
1729 4059 1849 4106 erat
1894 4052 2060 4108 ratio-

467 4130 665 4198 cinari,
709 4132 858 4203 quod
900 4141 956 4188 et
978 4148 1083 4188 nos
1117 4134 1373 4206 deinceps
1419 4136 1650 4207 apostoli
1689 4139 1830 4194 Novi
1864 4142 2059 4197 Testa-

468 4220 645 4276 menti
693 4220 938 4277 ministri
973 4223 1214 4294 majores
1241 4239 1460 4280 sumus
1513 4228 1687 4294 Mose,
1739 4227 1833 4300 qui
1882 4231 2058 4287 Veteri

464 4311 828 4366 Testamento
900 4311 1151 4368 inserviit
1211 4333 1224 4370 :
1279 4313 1336 4370 id
1388 4323 1576 4371 autem
1621 4332 1885 4390 arrogans
1940 4334 2059 4376 esse

461 4398 754 4456 videbatur
811 4420 824 4454 :
870 4401 1044 4472 Nihil,
1115 4402 1311 4476 inquit,
1363 4413 1640 4476 nostrum,
1709 4407 1806 4464 sed
1862 4407 2060 4466 ﬁducia

2089 1971 2140 2036 B

1219 3261 1245 3287 ι
1296 3235 1489 3294 deinde
1543 3237 1723 3310 adjice
1752 3241 1904 3314 quod
1959 3257 2058 3315 per

2172 3244 2372 3312 κίναις,
2403 3258 2432 3295 n
2468 3234 2634 3302 οὕτως
2681 3231 2962 3315 ἀνάγνωθι,
2996 3234 3118 3292 καθ’
3178 3233 3478 3313 ὑπερϐατόν
3513 3257 3528 3271 .

2183 634 2396 715 ἀρετήν.
2437 634 2613 695 ⁶Ωστε
2652 633 2834 706 ἐπειδὴ
2865 637 3004 710 ὑμᾶς
3026 633 3138 714 ἔχω
3177 631 3465 705 ἐπιστολὴν
3518 637 3776 694 συνιστῶ-

2179 727 2278 786 σάν
2337 749 2405 803 με
2455 725 2583 803 πρὸς
2621 724 2848 798 ἄλλους,
2897 725 2958 783 οὖ
3005 723 3199 802 δέομαι
3252 722 3430 782 ἄλλων
3481 724 3775 784 ἐπιστολῶν

2178 818 2307 896 παρ’
2351 817 2502 892 ὓμῶν
2533 815 2610 892 ⁵⁸,
2632 813 2722 873 ἵνα
2753 814 2820 872 δι’
2849 812 3062 874 ἐκείνων
3093 815 3371 892 γνωρισθῶ
3398 822 3508 879 τοῖς
3532 814 3778 890 ἀγνοοῦσί

2179 927 2270 980 με.
2315 903 2476 965 Ἀλλὰ
2522 903 2614 964 καὶ
2663 901 2850 976 ἐπειδὴ
2897 905 2952 962 ἐν
3000 906 3064 983 τῇ
3108 901 3316 983 διανοίᾳ
3367 899 3470 981 μού
3514 905 3668 979 ἐστε,
3715 905 3776 962 οὗ

2177 996 2365 1072 δέομαι
2423 992 2512 1054 ἵνα
2570 1017 2637 1071 με
2686 992 3024 1065 συστήσωσιν
3077 993 3231 1052 ἄλλοι
3268 990 3406 1060 τινὲς
3451 992 3584 1072 πρὸς
3613 997 3773 1069 ὑμᾶς.

2178 1085 2321 1166 Πρὸς
2361 1082 2466 1164 γὰρ
2498 1083 2617 1151 τοὺς
2669 1086 2906 1163 ἀγνῶτας
2956 1082 3128 1143 δεῖταί
3175 1105 3252 1150 τις
3295 1083 3670 1161 γραμμάτων,
3715 1085 3775 1142 οὗ

2173 1175 2304 1254 πρὸς
2345 1173 2466 1242 τοὺς
2496 1174 2698 1239 εἰδότας
2728 1194 2742 1210 ο
2783 1172 2934 1250 ὑμεῖς
2963 1170 3018 1231 δὲ
3050 1174 3104 1231 ἐν
3154 1175 3222 1249 τῇ
3255 1170 3464 1252 διανοίᾳ⁵
3512 1171 3615 1247 μού
3656 1177 3776 1231 ἐστε

2174 1261 2601 1344 ἐγγεγραμμένοι
2621 1309 2642 1339 ,
2692 1261 2831 1322 ὥστε
2861 1261 2997 1339 μηδὲ
3022 1264 3310 1322 ἀποπεσεῖν
3340 1261 3620 1323 δύνασθαι.
3644 1260 3776 1321 Ἐν-

2173 1358 2342 1414 ταῦθα
2373 1352 2427 1412 δὲ
2473 1359 2733 1433 μαρτυρεῖ
2782 1352 2959 1420 αὐτοῖς
3015 1353 3075 1411 οὗ
3123 1351 3282 1433 μόνον
3335 1350 3582 1429 ἀγάπην,
3637 1349 3781 1409 ἀλλὰ

2171 1443 2265 1503 καὶ
2293 1441 2689 1522 κατορθώματα
2722 1465 2736 1479 ο
2766 1443 2896 1521 εἴγε
2929 1442 3104 1502 ἱκανοὶ
3147 1430 3284 1514 ἦσαν
3327 1439 3579 1500 δεικνύειν
3607 1449 3776 1500 πᾶσιν

2173 1531 2465 1612 ἀνθρώποις
2494 1537 2584 1592 τοῦ
2635 1531 2959 1592 διδασκάλου
2987 1533 3048 1592 τὸ
3091 1529 3325 1606 ἀξίωμα.
3369 1532 3496 1591 Τῶν
3524 1529 3630 1611 γὰρ
3663 1553 3779 1609 μα-

2171 1627 2344 1698 θητῶν
2371 1626 2404 1694 ἡ
2433 1619 2632 1703 ἀρετὴ,
2659 1621 2748 1680 τὸν
2782 1621 3100 1681 διδάσκαλον
3133 1627 3370 1697 κοσμεῖζξ

2252 1739 2278 1766 ι
2312 1707 2736 1790 Φανεροῦμενοι,
2757 1709 2839 1772 ὅτι
2861 1708 2979 1771 ἐστὶ
3000 1711 3250 1783 ἐπιστολὴ
3278 1711 3537 1788 Χριστοῦ.
3567 1736 3591 1763 ι
3611 1711 3776 1784 Πῶς;

2169 1805 2221 1864 Τ
2223 1804 2268 1884 ᾧ
2290 1803 2380 1862 τὸν
2407 1802 2569 1878 νόμον
2614 1805 2708 1860 τοῦ
2746 1801 3024 1878 Χριστοῦ,
3073 1801 3166 1858 καὶ
3204 1799 3298 1867 τὰς
3327 1797 3540 1866 ἐντολὰς
3577 1801 3774 1875 αὐτοῦ,

2167 1892 2506 1974 γραμμάτων
2528 1889 2682 1963 δίκην
2708 1893 2883 1968 μένειν
2906 1887 3034 1970 παρ’
3066 1892 3190 1967 ὑμῖν
3218 1887 3312 1950 καὶ
3345 1889 3724 1971 φυλάττεσθαι.

2263 2090 2295 2128 σ
2325 2071 2710 2140 Διακονηθεῖσα
2754 2069 2842 2149 ὑφ’
2869 2070 3064 2145 ἡμῶν,
3119 2065 3526 2146 ἔγγεγραμμένη
3571 2071 3631 2128 οὗ
3671 2067 3781 2145 μέ-

2173 2161 2323 2233 λανι,
2355 2157 2494 2216 ἀλλὰ
2542 2156 2826 2235 Πνεύματι
2854 2158 2995 2216 Θεοῦ
3024 2159 3246 2231 ζῶντος,
3275 2160 3372 2216 οὐκ
3403 2159 3456 2216 ἐν
3486 2155 3652 2227 πλαξὶ
3682 2161 3776 2217 λι-

2175 2246 2366 2322 θίναις,
2413 2248 2533 2305 ἀλλ’
2566 2250 2620 2307 ἐν
2663 2244 2826 2315 πλαξὶ
2876 2244 3096 2326 καρδίας
3146 2245 3440 2325 σαρκίναις.
3499 2265 3532 2304 ιι
3588 2246 3774 2330 Ἀφορο

2177 2341 2281 2415 μῆς
2327 2335 2651 2419 δραξάμενος
2698 2339 2791 2396 τοῦ
2843 2334 2934 2395 τὸν
2981 2336 3142 2413 νόμον
3196 2343 3480 2416 συγκρῖναι
3527 2336 3656 2416 πρὸς
3712 2338 3782 2397 τὸ

2178 2426 2532 2506 Εὗαγγέλιον,
2564 2427 2790 2506 ἄρχεται
2819 2427 3086 2498 ἐντεῦθεν,
3111 2423 3204 2484 καί
3229 2447 3410 2506 φησιν,
3441 2427 3522 2484 ὅτι
3551 2425 3780 2508 ⁰Ωσπερ

2175 2523 2205 2579 ὁ
2261 2521 2466 2589 Μωσῆς
2524 2515 2764 2583 διάκονος
2817 2519 2913 2575 τοῦ
2967 2513 3132 2592 νόμου
3182 2515 3418 2593 ἐγένετο,
3477 2513 3618 2576 οὕτω
3678 2516 3778 2577 καὶ

2176 2614 2330 2686 ἡμεῖς
2373 2611 2470 2678 τῆς
2499 2608 2760 2688 ὑμετέρας
2803 2607 2874 2673 εἰς
2902 2604 2962 2665 τὸ
3008 2604 3261 2685 κήρυγμα
3308 2603 3540 2673 πίστεως
3587 2605 3778 2666 διάκο-

2174 2726 2254 2762 νοι
2283 2695 2568 2780 ἐγενόμεθα
2598 2718 2612 2734 ·
2641 2696 2735 2756 καὶ
2777 2695 2961 2774 ὥσπερ
3001 2697 3196 2762 ἐκεῖνος
3240 2692 3334 2762 τὰς
3383 2694 3596 2763 πλάκας
3643 2694 3778 2756 ἐλά-

2177 2792 2393 2863 ξευσεν,
2423 2786 2560 2846 οὕτω
2606 2786 2698 2846 καὶ
2745 2789 2901 2863 ἡμεῖς
2933 2783 3030 2853 τὰς
3072 2781 3334 2864 ὑμετέρας
3379 2784 3618 2864 καρδίας.
3665 2787 3778 2848 Καὶ

2177 2886 2207 2944 ὁ
2236 2882 2332 2960 μὲν
2364 2877 2523 2953 νόμος
2572 2874 2762 2952 μέλανι
2817 2872 3020 2955 ἐγράφη
3047 2897 3061 2912 ο
3117 2873 3177 2938 τὸ
3227 2873 3283 2932 δὲ
3338 2874 3674 2960 Εὗ-αγγέλιον
3716 2878 3776 2935 ἐν

2179 2953 2303 3050 ὓμῖν
2387 2964 2665 3042 Πνεύματι
2733 2953 3053 3046 γέγραπται.
3128 2961 3290 3040 Ὅσῳ
3377 2953 3467 3021 οὖν
3535 2964 3778 3046 διαφέρει

2179 3064 2406 3136 Πνεῦμα
2447 3054 2700 3131 μέλανος,
2747 3055 2839 3114 καὶ
2884 3053 3081 3135 καρδία
3114 3055 3297 3123 λίθου,
3329 3053 3570 3134 τοσούτῳ
3613 3053 3706 3114 καὶ
3733 3061 3774 3128 ἡ

2170 3148 2344 3222 Καινὴ
2391 3151 2483 3207 τοῦ
2526 3145 2708 3224 νόμου.
2739 3143 2821 3204 Τὸ
2849 3143 2935 3217 δὲ,
2970 3165 3000 3202 σ
3047 3142 3142 3204 Ἐν
3167 3143 3352 3217 ,πλαξὶ
3394 3144 3615 3225 καρδίας
3643 3168 3780 3226 σαρ-

3598 3255 3627 3292 ιι
3671 3233 3772 3295 Ἐν

2169 3330 2332 3400 πλαξὶ
2407 3324 2682 3408 σαρκίναις
2731 3345 2748 3360 θ
2817 3343 2848 3383 n
2914 3313 3031 3383 εἶτα
3085 3321 3172 3381 διὰ
3238 3323 3432 3400 μέσου,
3491 3321 3775 3396 τουτέστι,

2178 3445 2208 3482 ιι
2243 3418 2500 3500 Καρδίας.
2531 3436 2562 3474 n
2599 3413 2680 3476 Ἢ
2725 3412 2816 3473 καὶ
2844 3410 3050 3500 ,ἐπειδὴ
3089 3412 3306 3493 καρδίαι
3349 3413 3450 3473 εἰσὶ
3478 3413 3672 3472 λίθιναι
3715 3417 3777 3474 αἱ

2165 3514 2270 3572 τῶν
2300 3499 2712 3588 πεπωρωμένων
2735 3547 2753 3577 ,
2784 3499 2870 3562 διὰ
2908 3507 3066 3562 τοῦτο
3110 3502 3206 3568 τὰς
3235 3505 3341 3562 τῶν
3379 3505 3585 3563 πιστῶν
3625 3525 3768 3584 καρ-

2165 3601 2281 3671 δίας
2309 3582 2562 3678 σαρκίνας
2599 3582 2742 3654 εἶπεν
2763 3637 2781 3670 ,
2810 3594 2884 3659 ὥς
2914 3591 3158 3662 δεκτικὰς
3185 3595 3277 3651 τοῦ
3303 3590 3482 3671 λόγου.

2247 3717 2272 3744 α
2307 3687 2638 3758 Πεποίθησιν
2671 3683 2726 3741 δὲ
2755 3678 3006 3752 τοιαύτην
3037 3679 3232 3760 ἔχομεν
3265 3679 3354 3740 διὰ
3396 3685 3492 3740 τοῦ
3533 3681 3774 3761 Χριστοῦ

2164 3779 2297 3861 πρὸς
2319 3780 2407 3839 τὸν
2433 3773 2572 3838 Θεόν
2605 3792 2622 3808 ⁸
2657 3772 2758 3861 οὔχ
2794 3767 2877 3830 ὅτι
2901 3770 3078 3830 ἱκανοί
3106 3771 3282 3861 ἐσμεν
3435 3772 3639 3861 ἑαυτῶν
3669 3771 3770 3830 λο-

2163 3857 2413 3948 γίσασθαί
2441 3890 2534 3940 τι,
2569 3867 2640 3932 ὡς
2683 3860 2737 3930 ἐξ
2777 3863 3001 3920 ἑαυτῶν.
3039 3885 3064 3913 ο
3105 3857 3330 3924 Ἐπειδὴ
3363 3857 3624 3948 ἔδειξεῌτὰ
3669 3863 3773 3932 τῆς

2164 3939 2306 4026 Νέας
2339 3958 2502 4035 μείζω
2520 3939 2634 4012 τῶν
2665 3955 2759 4023 τῆς
2785 3950 3038 4017 Παλαιᾶς
3079 3971 3094 3987 ο
3124 3951 3410 4010 ἀκόλουθον
3445 3948 3501 4008 δὲ
3532 3939 3598 4023 ἧν
3633 3951 3768 4010 συλ-

2163 4049 2510 4125 λογίσασθαι,
2553 4041 2634 4101 ὅτι
2687 4039 2794 4102 Καὶ
2838 4043 2993 4116 ἡμεῖς
3035 4039 3222 4100 λοιπὸν
3270 4041 3318 4098 οἱ
3368 4039 3686 4112 ἀπόστολοι,
3719 4043 3773 4100 οἱ

2165 4139 2398 4199 διάκονοι
2427 4138 2524 4206 τῆς
2557 4129 2724 4205 Νέας,
2760 4129 2994 4209 μείζονές
3022 4131 3182 4203 ἐσμεν
3216 4129 3459 4196 Μωσέως
3484 4176 3501 4206 ,
3529 4133 3625 4189 τοῦ
3656 4130 3773 4189 δια-

2164 4227 2489 4299 κονήσαντος
2637 4222 2876 4300 Παλαιᾷ·
2922 4218 3094 4280 ἐδόκει
3123 4218 3178 4278 δὲ
3207 4225 3363 4278 τοῦτο
3410 4219 3722 4290 ἀλαζονείας
3756 4243 3774 4258 ο

2165 4315 2345 4398 φησὶν,
2373 4313 2454 4374 ὅτι
2483 4311 2656 4374 Οὐδὲν
2686 4309 2977 4390 ἡμέτερον,
3014 4308 3132 4368 ἀλλ’
3159 4313 3195 4381 ἡ
3222 4309 3544 4381 πεποίθησις
3582 4312 3764 4386 ἡμῶν,

2163 4405 2401 4468 τουτέστι
2460 4405 2520 4464 τὸ
2569 4401 2831 4481 καύχημα
2883 4402 3068 4476 ἡμῶν,
3123 4398 3212 4459 διὰ
3243 4403 3336 4460 τοῦ
3370 4401 3608 4480 Χριστοῦ
3655 4401 3772 4460 ἐστι

466 4495 679 4579 nostra,
731 4489 785 4546 id
810 4499 891 4546 est
944 4491 1196 4564 gloriatio
1245 4503 1451 4563 nostra,
1504 4511 1601 4566 per
1640 4495 1923 4554 Christum
1968 4507 2053 4556 est

2172 4495 2297 4576 πρὸς
2327 4495 2414 4556 τὸν
2456 4491 2615 4556 Θεόν.
2668 4490 2738 4552 Ὀ
2783 4489 2907 4579 γὰρ,
2937 4488 3166 4579 Χριστὸς
3210 4489 3376 4556 αἴτιος
3414 4489 3557 4579 ’ἡμῖν
3588 4493 3681 4579 τοῦ
3711 4491 3764 4550 ἐν

463 4578 536 4635 ad
570 4582 770 4636 Deum.
822 4579 1068 4638 Christus
1113 4582 1264 4639 enim
1291 4583 1452 4640 nobis
1483 4594 1567 4642 est
1592 4585 1647 4640 in
1675 4602 1844 4643 causa
1870 4603 1967 4644 cur
1997 4588 2052 4646 in

2172 4587 2288 4666 Θεῷ
2309 4589 2645 4665 καυχᾶσθαι,
2679 4581 2770 4642 καὶ
2801 4578 2949 4641 οὐδὲν
2978 4578 3266 4661 ἡμέτερον,
3313 4577 3433 4639 οὐδὲ
3476 4579 3542 4640 τὸ
3569 4578 3759 4661 ἐλάχι-

462 4670 585 4724 Deo
633 4669 952 4741 gloriemur,
1013 4669 1259 4744 nihilque
1322 4673 1481 4746 plane
1529 4681 1781 4732 nostrum
1825 4685 1930 4746 est,
1985 4694 2054 4736 ne

2172 4699 2308 4735 ττον.
2358 4677 2530 4736 Τοῦτο
2577 4671 2682 4753 γὰρ
2735 4670 2888 4744 δηλοῖ
2932 4667 3020 4729 διὰ
3068 4673 3160 4730 τοῦ
3193 4670 3362 4730 εἰπεῖν
3390 4693 3405 4709 ο
3463 4695 3490 4724 α
3523 4669 3609 4732 Οὗ
3657 4669 3764 4749 γάρ

463 4757 756 4814 minimum
809 4759 1056 4831 quidem.
1095 4763 1217 4817 Hoc
1266 4762 1414 4819 enim
1450 4761 1674 4833 indicat,
1715 4781 1843 4822 cum
1898 4767 1978 4825 ait
2033 4786 2049 4826 :

469 4868 497 4896 ι
539 4849 665 4904 Non
720 4863 912 4906 sumus
957 4848 1293 4908 sufﬁcientes
1334 4850 1572 4925 cogitare
1643 4853 1848 4928 aliquid
1899 4856 2063 4914 veluti

462 4951 534 4992 ex
563 4935 879 5009 nobisipsis.
904 4962 930 4988 ιι

539 5027 709 5083 Vsns.
766 5032 820 5083 6.
869 5050 896 5076 α
936 5027 1042 5085 Sed
1097 5027 1426 5088 sufﬁcientia
1473 5041 1662 5089 nostra
1692 5049 1758 5090 ex
1802 5036 1922 5092 Deo
1954 5045 2056 5106 est,

477 5115 566 5187 qui
591 5124 647 5170 et
674 5132 778 5173 nos
794 5116 1024 5175 idoneos
1037 5117 1162 5175 fecit
1183 5119 1464 5177 ministros
1492 5123 1632 5178 Novi
1645 5126 2012 5182 Testamenti.
2035 5149 2058 5174 ιο

468 5205 746 5276 Potentia,
799 5206 999 5278 inquit,
1053 5215 1238 5264 nostra
1279 5224 1345 5264 ex
1394 5211 1514 5267 Deo
1568 5219 1654 5268 est
1705 5232 1719 5268 :
1769 5213 1884 5284 ipse
1913 5215 2059 5270 enim

471 5293 710 5352 idoneos
753 5313 858 5353 nos
905 5297 1166 5368 reddidit,
1221 5297 1326 5356 hoc
1367 5308 1454 5356 est
1496 5300 1800 5372 roboravit,
1830 5304 2064 5362 idoneos

465 5383 596 5442 fecit
622 5387 910 5445 ministros
933 5404 1152 5463 magnai
1171 5405 1236 5448 ac
1249 5390 1451 5450 divinae
1475 5391 1706 5468 hujusce
1733 5394 1835 5460 rei,
1865 5410 2066 5468 nempe

465 5475 606 5532 Novi
643 5478 996 5537 Testamenti.

2162 4768 2321 4844 ἐσμεν
2349 4762 2523 4825 ἱκανοὶ
2549 4758 2865 4844 λογίσασθαί
2892 4783 2944 4820 τι
2972 4762 3044 4829 ὡς
3073 4757 3128 4830 ἐξ
3152 4761 3376 4820 ἑαυτῶν.
3410 4782 3442 4820 ι

2253 5049 2286 5083 α
2317 5024 2459 5087 Ἀλλ’
2509 5027 2544 5098 ἡ
2589 5023 2836 5098 ἱκανότης
2887 5026 3041 5102 ἡμῶν
3089 5025 3153 5084 ἐκ
3199 5027 3291 5084 τοῦ
3347 5024 3526 5101 Θεοῦ,
3573 5025 3631 5094 ὃς
3676 5025 3770 5086 καὶ

2167 5117 2429 5178 ἱκάνωσεν
2480 5120 2623 5194 ἡμᾶς
2680 5114 2948 5182 διακόνους
2999 5117 3202 5187 Καινῆς
3255 5113 3550 5188 Διαθήκης.
3604 5138 3633 5175 υ
3698 5118 3771 5178 Ἦ

2169 5206 2426 5284 δύναμις,
2463 5204 2648 5286 φησὶν,
2682 5208 2837 5282 ἡμῶν
2867 5207 2928 5264 ἐκ
2951 5205 3094 5264 Θεοῦ
3125 5206 3267 5263 ἐστιν
3289 5227 3303 5241 ·
3335 5203 3494 5272 αὐτὸς
3517 5203 3622 5286 γὰρ
3645 5205 3774 5264 ἱκά-

2169 5319 2338 5357 νωσεν
2383 5301 2563 5374 ἡμᾶς,
2617 5294 2890 5356 τουτέστιν
2957 5293 3384 5370 ἐνεδυνάμωσεν,
3441 5294 3774 5367 ἐπιτηδείους

2171 5385 2458 5467 εἰργάσατο
2499 5383 2772 5453 διακόνους
2827 5390 2920 5445 τοῦ
2972 5383 3208 5462 μεγάλου
3259 5383 3448 5447 τούτου
3489 5385 3587 5447 καὶ
3633 5385 3774 5446 θείου

2170 5477 2493 5560 πράγματος
2520 5479 2617 5551 τῆς
2649 5479 2855 5551 Καινῆς
2890 5475 3186 5550 Διαθήκης.

1854 5645 2044 5707 Variae
2086 5647 2389 5713 lectiones.

545 5728 588 5763 ⁶¹
619 5727 739 5800 πρὸς
759 5727 890 5802 δμᾶς
921 5747 978 5788 ο.
