4134 6444
446 446 556 502 829

538 593 566 630 (ι
591 574 675 632 Οὐ
703 571 1049 654 γράμματος,
1077 574 1217 634 ἀλλὰ
1243 575 1577 653 Πνεύματος.
1614 600 1646 632 ι
1685 574 1796 637 Καὶ
1826 578 1855 634 ὃ
1883 575 2039 652 νόμος
2070 585 2124 646 Α

445 660 544 737 μὲν
577 663 932 738 πνευματικὸς
977 655 1043 737 ἧν
1068 710 1086 741 ,
1120 665 1421 739 τουτέστιν,
1463 666 1568 724 ὑπὸ
1603 665 1915 743 Πνεύματος
1952 668 2041 726 δο-

443 749 547 835 θείς
574 774 589 790 ·
621 752 680 811 οὗ
715 751 823 828 μὴν
856 756 1081 830 Πνεῦμα
1128 755 1402 835 ἐχορήγει,
1447 759 1517 824 ὡς
1554 759 1589 829 ἡ
1638 755 1839 826 Καινή.
1867 759 2042 816 Τοῦτο

471 828 620 899 τλ¹
755 828 1335 901 8‘11"
1629 847 1653 904 ἐ
1829 845 1979 899 ’θς

442 861 533 897 ουν
594 863 724 917 εγει,
787 864 839 900 τι
946 865 1197 918 μειςαου
1231 866 1603 922 γραμματοςι
1656 868 1843 903 πιστευ
1878 868 2036 920 ημ-ν,

440 930 513 995 ὥς
526 932 556 987 ὁ
575 931 803 1004 Μωσῆς,
830 957 853 985 ιι
872 930 1012 991 ἀλλὰ
1036 933 1352 1010 Πνεύματος
1368 962 1391 986 ιι
1417 933 1699 1014 χορηγίαν.
1732 933 1839 994 Καὶ
1861 932 1966 1014 γὰρ
1982 935 2040 993 οὗ

442 1017 602 1095 μόνον
633 1019 973 1097 πνευματικὰ
1001 1022 1091 1081 καὶ
1120 1023 1172 1060 ⁵³
1198 1027 1311 1082 θεῖα
1333 1023 1609 1082 ἐδίδασκον
1644 1025 1693 1082 οἱ
1735 1023 2039 1097 ἀπόστολοι,

441 1107 582 1165 ἀλλὰ
602 1108 692 1167 καὶ
714 1109 807 1177 τὰς
824 1114 1012 1191 χεῖρας
1037 1110 1355 1179 ἐπιτιθέντες
1374 1156 1390 1183 ,
1430 1116 1652 1190 Πνεῦμα
1690 1112 1952 1171 ἐδίδοσαν.

527 1223 553 1249 α
607 1200 687 1258 Τὸ
729 1198 832 1280 γὰρ
887 1200 1115 1278 γράμμα
1178 1202 1522 1279 ἀποκτείνει,
1576 1201 1639 1261 τὸ
1703 1202 1759 1261 δὲ
1813 1204 2037 1279 Πνεῦμα

436 1288 701 1353 ζωοποιεῖ.
743 1315 768 1342 ιι
826 1286 896 1351 Ὁ
925 1290 1121 1370 νόμος,
1156 1291 1348 1371 φησὶν,
1395 1291 1486 1350 ἐὰν
1535 1290 1674 1372 λάϐῃ
1707 1290 1826 1349 τινὰ
1856 1291 2035 1370 ἆμαρ-

436 1373 597 1434 τόντα
623 1378 764 1435 κατὰ
805 1376 864 1436 τὸ
895 1380 1078 1437 δοκοῦν
1118 1380 1430 1460 ἐλάχιστον,
1474 1383 1545 1447 ὡς
1574 1384 1663 1440 τὸν
1710 1380 1777 1438 τὰ
1813 1379 1938 1448 ξύλα
1968 1383 2035 1437 ’ἐν

437 1464 714 1546 Σαϐϐάτῳ
745 1467 1106 1541 συλλέξαντα,
1141 1471 1347 1551 ἀναιρεῖ
1378 1493 1393 1508 ο
1424 1469 1486 1529 τὸ
1513 1468 1570 1528 δὲ
1603 1469 1752 1551 ἅγιον
1791 1473 2033 1546 Πνεῦμα,

433 1551 558 1621 τοὺς
614 1557 778 1637 μυρία
829 1555 973 1617 κακὰ
1020 1560 1556 1637 πεπλημμεληκότας
1611 1557 2033 1639 ὑποδεχόμενον,

433 1643 488 1701 ἓν
612 1645 963 1727 κολυμϐήθρᾳ
1003 1652 1094 1708 τοῦ
1129 1648 1503 1728 βαπτίσματος
1551 1650 1779 1722 δικαιοῖ,
1832 1649 1921 1706 καὶ
1953 1671 2035 1706 νε-

432 1733 790 1813 νεκρωμένους
822 1740 888 1816 τῇ
919 1736 1161 1818 ἁμαρτίᾳ
1192 1741 1460 1807 ζωοποιεῖ.

524 1842 555 1880 (ι
584 1823 645 1883 Εἰ
673 1823 728 1883 δὲ
841 1827 1081 1885 διακονία
1108 1833 1203 1886 τοῦ
1244 1827 1475 1888 θανάτου
1508 1829 1560 1886 έν
1595 1827 1913 1909 γράμμασιν
1945 1827 2032 1884 ἐν·

1328 448 1684 536 EXPOSITlO
1722 449 1790 506 IN
1826 449 2036 507 EPIST.
2077 450 2122 507 ll
2158 451 2254 507 AD
2291 450 2449 509 COR.
2491 482 2559 493 —
2599 452 2752 510 CAP.
2792 453 2881 510 ΙΙΙ.

3650 455 3757 512 830

2230 599 2257 626 α
2298 579 2426 633 Non
2453 576 2671 648 litterae,
2700 576 2796 634 sed
2825 576 3085 651 Spiritus.
3131 599 3158 625 η
3187 577 3304 633 Lex
3332 577 3560 651 quidem
3590 578 3756 651 spiri-

2149 665 2317 722 tualis
2365 675 2468 735 est,
2516 666 2623 723 boc
2669 674 2755 723 est
2815 683 2844 723 a
2881 666 3088 738 Spiritu
3131 664 3259 722 data
3330 686 3347 724 :
3395 683 3513 724 non
3558 675 3752 724 tamen

2149 755 2416 826 Spiritum
2437 755 2845 828 suppeditabat,
2873 764 2935 812 ut
2960 757 3206 812 Novum.
3232 758 3355 812 Hoc
3378 756 3549 828 igitur
3570 756 3703 814 dicit
3731 775 3747 814 :

2148 845 2320 900 Nobis
2348 862 2465 902 non
2493 844 2691 903 litterae
2718 846 2863 903 sicut
2908 845 3112 918 Moysi,
3156 844 3257 902 sed
3281 845 3519 917 Spiritus
3546 860 3751 918 suppe-

2146 931 2342 990 ditatio
2362 936 2661 991 commissa
2686 944 2786 993 est.
2816 935 3037 992 Etenim
3061 950 3173 990 non
3196 942 3417 990 tantum
3446 933 3748 1006 spiritualia

2147 1031 2203 1078 et
2248 1022 2430 1080 divina
2479 1024 2755 1081 docebant
2803 1024 3064 1097 apostoli,
3113 1024 3476 1081 verumetiam
3518 1038 3748 1081 manum

2145 1112 2518 1184 imponentes,
2551 1114 2818 1187 Spiritum
2852 1114 3076 1171 dabant.

2223 1220 2250 1254 «
2277 1202 2480 1260 Littera
2501 1205 2652 1261 enim
2685 1204 2905 1273 occidit,
2935 1203 3174 1277 Spiritus
3199 1212 3391 1260 autem
3420 1202 3682 1259 viviﬁcat.
3713 1223 3743 1253 »

2144 1291 2280 1361 Lex,
2336 1292 2535 1365 inquit,
2584 1294 2631 1350 si
2673 1294 2951 1367 acceperit
3005 1294 3322 1366 quempiam
3391 1301 3739 1366 peccantem,

2144 1380 2308 1437 etiam
2358 1383 2418 1438 in
2466 1399 2533 1441 eo
2577 1383 2728 1456 quod
2759 1383 3057 1440 minimum
3108 1383 3407 1450 videretur,
3441 1382 3605 1438 veluti
3649 1381 3744 1454 qui

2142 1469 2197 1526 in
2251 1472 2491 1529 Sabbato
2539 1473 2682 1546 ligna
2722 1472 3050 1547 collegisset,
3095 1488 3225 1529 eum
3272 1471 3417 1529 tollit
3454 1487 3485 1528 e
3531 1471 3741 1528 medio.

2142 1560 2377 1631 Spiritus
2425 1570 2615 1618 autem
2665 1572 2883 1619 sanctus
2928 1578 3024 1619 eos
3078 1562 3170 1634 qui
3207 1562 3500 1618 innumera
3544 1560 3745 1633 ﬂagitia

2141 1649 2542 1707 commiserunt
2610 1650 2932 1723 suscipiens,
2994 1653 3056 1708 in
3118 1652 3333 1707 lavacro
3394 1649 3744 1723 baptismatis

2132 1735 2401 1809 justiﬁcat
2433 1748 2790 1812 mortuosque
2816 1748 3044 1812 peccato
3072 1739 3329 1796 viviﬁcat.

2215 1827 2577 1899 258VEns.
2594 1835 2647 1884 7.
2680 1847 2710 1881 ί(
2731 1830 2894 1901 Quod
2912 1829 2959 1884 si
2977 1829 3312 1885 ministratio
3333 1828 3741 1885 mortislitteris

430 1912 780 1990 τετυπωμένη
813 1916 866 1972 ἐν
896 1914 1058 1984 λίθοις
1106 1916 1326 1995 ἐγενήθη
1364 1922 1416 1978 ἐν
1466 1916 1613 1996 δόξῃ.
1658 1942 1687 1974 ν
1723 1916 1947 1984 Διδάξας
1976 1918 2028 1974 ἐν

2139 1913 2442 1974 deformata
2467 1918 2524 1974 in
2568 1918 2843 1990 lapidibus
2885 1912 2989 1975 fuit
3036 1919 3095 1974 in
3143 1918 3342 1990 gloria.
3393 1920 3532 1976 Cum
3572 1934 3739 1990 supra

428 2003 538 2069 τοῖς
567 2002 679 2062 ἄνω
698 2003 795 2077 τὴν
818 2004 1075 2085 διαφορὰν
1102 2010 1196 2078 τῆς
1226 2005 1368 2075 Νέας
1387 2010 1459 2076 ὣς
1485 2009 1613 2087 πρὸς
1640 2007 1737 2079 τὴν
1760 2005 2032 2083 Παλαιὰν,

427 2093 507 2171 τῷ
538 2091 742 2165 ἐκείνην
796 2094 892 2173 μὲν
924 2098 978 2155 ἐν
1020 2094 1251 2171 μέλανι,
1302 2096 1501 2171 ταύτην
1547 2096 1603 2155 δὲ
1657 2098 1708 2155 ἐν
1749 2095 2037 2173 Πνεύματι

427 2179 720 2263 γεγράφθαι
765 2206 779 2221 ο
817 2184 1068 2258 κάκείνην
1118 2186 1169 2243 ἐν
1218 2184 1411 2259 λίθοις,
1454 2184 1656 2259 ταύτην
1702 2185 1758 2245 δὲ
1807 2189 1861 2245 ἐν
1898 2208 2032 2265 καρ-

428 2269 566 2338 δίαις
624 2294 637 2309 ·
695 2272 785 2333 καὶ
854 2272 1185 2333 ἀποκτείνειν
1239 2273 1336 2352 μὲν
1409 2274 1647 2349 ἐκείνην,
1711 2273 1917 2347 ταύτην
1979 2273 2033 2333 δὲ

428 2363 700 2429 ζωοποιεῖν
731 2383 746 2399 ·
777 2369 867 2422 νῦν
911 2363 1162 2439 βούλεται
1208 2363 1409 2438 δεῖξαι,
1438 2364 1520 2425 ὅτι
1562 2363 1655 2425 καὶ
1686 2370 1719 2438 ἡ
1764 2363 1889 2433 δόξα
1940 2369 2030 2423 τοῦ

428 2450 758 2530 Εὖαγγελίου
787 2450 1003 2527 μείζων.
1040 2452 1201 2513 Ἐπεὶ
1242 2453 1296 2513 δὲ
1339 2457 1367 2512 ὁ
1400 2453 1559 2531 νόμος
1591 2453 1850 2526 αἰσθητὴν
1878 2452 2030 2522 δόξαν

428 2537 554 2618 ἔσχε
577 2584 594 2611 ,
617 2539 713 2612 τὴν
744 2547 835 2601 τοῦ
857 2541 1146 2621 προσώπου
1176 2543 1432 2612 Μωσέως·
1456 2550 1488 2617 ἡ
1513 2543 1568 2604 δὲ
1595 2544 1792 2617 Καινὴ,
1813 2543 2028 2616 νοητὴν,

428 2627 493 2698 ἣν
523 2628 690 2698 οὐδεὶς
722 2633 985 2704 αἰσθητῶς
1011 2636 1109 2712 ὁρᾷ
1142 2655 1157 2671 ο
1201 2632 1309 2692 ἀπὸ
1338 2634 1596 2713 λογισμοῦ
1640 2634 1694 2673 ⁵³
1736 2633 1832 2705 τὴν
1864 2636 2028 2715 ὓπερ-

426 2716 557 2797 οχῆν
589 2723 683 2791 τῆς
724 2726 817 2779 τοῦ
852 2723 1180 2800 Εὗαγγελίου
1223 2722 1373 2795 δόξης
1417 2723 1684 2796 δείκνυσι,
1717 2722 1810 2781 καί
1842 2746 2024 2802 φησιν,

424 2807 507 2865 ὅτι
553 2811 582 2867 ὁ
628 2806 789 2885 νόμος
860 2810 1098 2879 διάκονος
1157 2803 1220 2884 ἦν
1279 2810 1527 2874 θανάτου.
1585 2813 1705 2874 Οὖκ
1765 2802 1880 2870 εἷπε
1939 2814 2027 2886 δὲ,

427 2897 739 2971 Ποιητικὸς,
769 2896 857 2959 ἵνα
908 2898 983 2978 μὴ
1027 2902 1102 2981 δῷ
1150 2900 1333 2982 χώραν
1375 2909 1486 2971 τοῖς
1516 2901 1833 2981 αἱρετικοῖς,
1882 2903 2022 2976 ἀλλ’,

425 2984 741 3072 ⁶ξ’πουργός.
792 2987 867 3048 Ἡ
912 2988 1017 3071 γὰρ
1062 2989 1303 3072 ἁμαρτία
1356 2982 1419 3064 ἦν
1461 2990 1716 3066 ποιητικὴ
1767 2991 2027 3064 θανάτου,

422 3066 570 3144 οἶτος
604 3066 668 3161 *δὲ
716 3079 810 3150 τήν
845 3066 1064 3139 κόλασιν
1103 3066 1335 3157 Ϋέπίῆγεν.
1372 3079 1536 3142 Ἀλλὰ
1592 3080 1684 3140 καὶ
1730 3081 2027 3161 γράμματα

424 3166 560 3242 μόνα
607 3157 705 3240 ἦν,
756 3169 815 3227 οὗ
862 3168 1108 3247 βοήθειάν
1148 3194 1266 3229 τινα
1313 3168 1572 3251 παρέχων
1620 3179 1728 3238 τοῖς
1770 3172 2027 3250 ἀγωνιζο-

2143 2003 2423 2063 docuisset
2468 2007 2773 2065 discrimen
2817 2008 2958 2065 Novi
3009 2016 3064 2065 et
3105 2007 3320 2065 Veteris
3375 2007 3738 2077 Testamenti,

2142 2093 2296 2166 quod
2324 2095 2460 2152 illud
2487 2096 2707 2169 quidem
2732 2106 3061 2168 atramento,
3089 2097 3197 2154 hoc
3217 2112 3346 2154 vero
3374 2096 3584 2170 Spiritu
3602 2096 3738 2153 scri-

2142 2183 2329 2242 bitur:
2359 2196 2415 2242 et
2436 2186 2570 2244 illud
2591 2187 2820 2260 quidem
2848 2188 2906 2244 in
2926 2187 3218 2260 lapidibus,
3245 2185 3354 2244 hoc
3380 2202 3510 2244 vero
3538 2186 3594 2242 in
3617 2202 3740 2243 cor-

2140 2273 2302 2331 dibus
2337 2276 2611 2334 scribatur
2656 2295 2670 2334 :
2701 2285 2825 2334 tum
2863 2276 3012 2351 quod
3042 2277 3175 2334 illud
3203 2277 3435 2346 occidat,
3478 2276 3586 2333 hoc
3611 2292 3738 2333 vero

2140 2363 2406 2421 viviﬁcet:
2450 2382 2598 2423 nunc
2626 2367 2915 2424 ostendere
2960 2366 3098 2436 vult,
3131 2366 3280 2440 quod
3309 2367 3479 2439 gloria
3520 2381 3739 2440 quoque

2141 2454 2414 2526 Evangelii
2446 2455 2623 2528 maior
2660 2457 2749 2512 sit.
2778 2457 2918 2528 Quia
2946 2472 3077 2513 vero
3116 2457 3201 2512 lex
3242 2456 3472 2529 gloriam
3502 2456 3740 2513 sensibi-

2139 2545 2249 2599 lem
2278 2542 2488 2612 habuit,
2513 2545 2666 2601 illam
2696 2546 2918 2623 scilicet
2943 2562 3067 2618 quin
3108 2547 3167 2602 in
3198 2547 3353 2601 vultu
3377 2545 3550 2601 Mosis
3585 2546 3738 2603 reni-

2133 2632 2319 2703 tebat,
2375 2635 2595 2690 Novum
2624 2650 2756 2691 vero
2803 2638 3222 2691 Testamentum
3280 2633 3732 2704 intellectualem,

2134 2737 2303 2793 quam
2331 2739 2499 2780 nemo
2532 2724 2860 2780 seusibiliter
2889 2723 3073 2793 videt;
3113 2740 3144 2781 a
3173 2724 3602 2781 ratiocinatione
3648 2739 3738 2781 ex-

2134 2811 2441 2868 cellentiam
2514 2813 2843 2884 evangelica:
2907 2813 3095 2885 gloriae
3147 2811 3410 2880 ostendit,
3460 2812 3734 2885 inquiens,

2137 2903 2249 2956 lex
2290 2900 2544 2957 ministra
2573 2910 2690 2958 erat
2718 2904 2931 2959 mortis.
2973 2907 3101 2959 Non
3126 2902 3261 2960 dixit
3289 2891 3478 2958 autem
3520 2901 3735 2959 Factrix

2134 2991 2352 3060 mortis,
2378 3007 2449 3047 ne
2477 2991 2575 3048 det
2601 2991 2788 3048 locum
2815 2992 3107 3061 haereticis,
3139 2992 3257 3061 sed,
3290 2990 3567 3065 Adjutrix.
3598 2993 3733 3049 Pec-

2132 3087 2319 3136 catum
2351 3096 2593 3154 namque
2620 3090 2858 3139 mortem
2880 3081 3146 3150 faciebat;
3182 3082 3271 3139 lex
3299 3090 3485 3138 autem
3506 3098 3733 3156 poenam

2133 3167 2372 3226 induxit.
2431 3172 2706 3228 Prasterea
2755 3172 2950 3229 litterae
3015 3180 3232 3228 tantum
3288 3171 3372 3227 lex
3436 3170 3562 3242 fuit,
3621 3188 3735 3230 non

423 3256 620 3332 μένοις,
655 3254 786 3337 ὅπερ
815 3257 907 3319 ἐπὶ
936 3266 1029 3320 τοῦ
1062 3259 1437 3339 βαπτίσματος
1485 3259 1725 3339 γίνεται,
1754 3261 1892 3320 ἀλλὰ
1927 3259 2019 3319 καὶ

2135 3258 2398 3316 auxilium
2430 3270 2702 3332 praestans
2730 3262 3091 3329 certantibus,
3134 3262 3282 3335 quod
3326 3262 3386 3316 iit
3427 3260 3485 3318 in
3530 3260 3735 3336 baptis-

420 3346 515 3414 τὰς
564 3349 822 3428 τιμωρίας
884 3347 1290 3417 ἀνεξαλείπτους
1350 3348 1727 3409 ἱποδεικνύων.
1791 3349 1886 3409 Ἐν
1938 3349 2020 3407 λί-

420 3442 525 3504 θοις
562 3437 684 3517 γὲιρ,
737 3436 934 3518 φησὶν,
996 3438 1400 3517 ἐντετυπωμένη
1448 3430 1515 3512 ἦν
1572 3443 1606 3512 ἡ
1638 3439 1881 3498 διακονία
1930 3444 2022 3498 τοῦ

419 3526 646 3588 θανάτου
669 3525 830 3600 αὕτη.
862 3528 929 3587 Εἰ
957 3526 1132 3589 τοίνυν
1163 3531 1193 3588 ὁ
1222 3530 1383 3606 νόμος
1410 3533 1638 3595 τοιοῦτος
1669 3525 1769 3608 ὢν,
1799 3527 2019 3605 ἐγενήθη

415 3619 471 3676 ἐν
523 3615 675 3699 δόξῃ,
759 3615 914 3698 πόσῳ
969 3620 1176 3696 μᾶλλον
1226 3623 1262 3691 ἡ
1337 3617 1524 3700 χάρις,
1581 3621 1616 3691 ἡ
1689 3617 2022 3698 ἀσυγκρίτως

416 3706 793 3787 ὗπερέχουσας

505 3822 537 3857 ιι
562 3795 740 3860 τὨστε
789 3795 865 3875 μὴ
901 3796 1158 3859 δύνασθαι
1190 3796 1427 3858 ἀτενίσαι
1457 3795 1578 3865 τοὺς
1619 3794 1759 3864 υἱοὺς
1792 3795 2020 3876 Ἰσραὴλ

415 3890 489 3957 εἷς
526 3890 585 3949 τὸ
632 3888 920 3972 πρόσωπον
964 3886 1236 3963 Μωσέως,
1276 3887 1363 3947 διὰ
1410 3884 1505 3959 τὴν
1548 3885 1700 3955 δόξαν
1733 3891 1822 3946 τοῦ
1852 3909 2018 3966 προσ-

411 3978 561 4039 ώπου
592 3984 748 4040 αὐτοῦ
770 4027 782 4047 ,
820 3978 916 4048 τὴν
962 3976 1425 4057 καταργουμένην.
1463 4004 1486 4029 »
1523 3980 1831 4056 Κατηγορεῖ
1856 3978 2016 4051 λελη-

412 4070 573 4137 θότως
595 4073 699 4129 τῶν
728 4066 1022 4129 Ἰουδαίων.
1058 4065 1221 4128 Οὕτω
1246 4066 1375 4147 γὰρ,
1411 4067 1589 4149 φησὶν,
1617 4058 1753 4140 ἦσαν
1785 4074 1976 4149 παχεῖς
1998 4112 2014 4141 ,

411 4161 483 4226 ὡς
531 4158 666 4237 μηδὲ
717 4156 979 4228 αἰσθητὴν
1028 4156 1181 4224 δόξαν
1234 4147 1485 4238 δύνασθαι
1543 4160 1694 4238 ὁρᾷν.
1743 4156 1862 4217 Οὐκ
1899 4147 2012 4216 εἷπε

412 4247 467 4309 δὲ
486 4293 501 4321 ,
532 4236 612 4306 ὅτι
639 4252 668 4308 ὁ
698 4247 854 4323 νόμος
896 4246 988 4306 καὶ
1025 4249 1081 4305 αἱ
1110 4246 1309 4313 πλάκες
1354 4236 1497 4326 εἶχον
1526 4236 1633 4317 τὴν
1671 4244 1844 4319 δόξαν,
1876 4247 2015 4306 ἀλλὰ

408 4337 469 4396 τὸ
502 4337 741 4404 Μωσέως
768 4335 1052 4416 πρόσωπον
1085 4358 1097 4371 °
1128 4338 1156 4394 ὁ
1177 4334 1283 4416 γὰρ
1313 4338 1518 4407 Μωσῆς
1542 4327 1606 4409 ἦν
1633 4333 1836 4403 ἔνδοξος
1858 4381 1873 4409 ν
1916 4337 2014 4417 οὐχ

412 4428 468 4485 αἱ
498 4426 699 4494 πλάκες
726 4431 817 4485 τοῦ
846 4425 1035 4501 νόμου.
1064 4423 1228 4485 Ἀλλὰ
1264 4423 1355 4484 καὶ
1388 4424 1551 4497 αὐτὴν
1593 4423 1690 4497 τὴν
1731 4423 1882 4493 δόξαν
1919 4431 2011 4484 τοῦ

411 4516 652 4584 Μωσέως
701 4515 975 4595 καθαιρεῖ,
1042 4512 1482 4594 καταργουμένην
1544 4512 2008 4595 λέγων-ταύτην,

410 4605 527 4664 ἀντὶ
555 4610 681 4679 τοῦ,
716 4593 1049 4682 παυομένην.
1102 4593 1252 4685 ⁸Ορα
1296 4604 1394 4677 δὲ,
1445 4604 1524 4664 ὅτι
1570 4606 1667 4664 οὐκ
1708 4593 1858 4681 εἷπε,
1891 4602 2009 4677 Τὴν
2039 4645 2090 4710 D

586 4695 598 4710 .
837 4693 849 4710 ι
934 4692 1011 4710 ..η
1138 4693 1172 4710 ι,
1288 4695 1308 4710 κ
1411 4692 1474 4710 ρ,
1842 4692 1854 4710 ι
1928 4695 1946 4710 ..

406 4695 681 4774 πονηρὰν,
724 4693 901 4772 ἀλλὰ,
934 4692 1052 4766 Τὴν
1093 4693 1241 4761 τέλος
1288 4692 1673 4772 λαμϐάνουσαν
1699 4737 1718 4770 ,
1770 4692 1861 4752 καὶ
1914 4695 2014 4775 ἀρ-

408 4788 632 4862 γοῦσαν.

497 4896 530 4933 α
574 4876 699 4943 Πῶς
754 4872 875 4955 οὐχὶ
914 4875 1118 4951 μᾶλλον
1172 4876 1207 4946 ἡ
1255 4871 1494 4955 διακονία
1546 4879 1638 4933 τοῦ
1699 4872 2015 4951 Πνεῦματος

406 4962 559 5023 ἔσται
605 4966 657 5023 ἐν
703 4954 860 5043 δόξης
914 4984 945 5021 »
979 4961 1197 5043 εὨσπερ
1246 4954 1362 5023 εἷπε
1410 4962 1501 5022 τὸν
1544 4963 1704 5041 νόμον
1742 4964 2014 5024 διακονίαν

405 5052 660 5127 θανάτου,
702 5053 988 5114 ἀκόλουθον
1033 5043 1098 5125 ἦν
1143 5055 1310 5112 εἰπεῖν
1356 5053 1416 5114 τὸ
1463 5053 1790 5131 Εὖαγγέλιον
1826 5054 2010 5113 διακο-

402 5142 520 5203 νίαν
551 5148 691 5216 ζωῆς
718 5163 731 5177 ·
783 5142 811 5202 ὃ
864 5142 920 5202 δὲ
974 5141 1034 5201 τὸ
1080 5146 1258 5219 μεῖζον
1308 5133 1464 5222 εἷπε,
1519 5167 1551 5201 α
1602 5142 1938 5221 Πνεόματος.
1970 5165 2001 5202 ι)

404 5230 474 5294 Ἦ
504 5231 612 5313 γὰρ
647 5232 820 5304 Καινὴ
852 5231 1100 5304 Διαθήκη
1125 5232 1387 5312 χορηγίαν
1412 5232 1526 5312 ἔχει
1556 5232 1615 5291 οὗ
1649 5236 1786 5304 ζωῆς
1826 5233 2010 5312 μόνον,

406 5321 545 5381 ἀλλὰ
571 5321 634 5383 τὸ
680 5324 897 5401 μεῖζον,
944 5321 1036 5380 καὶ
1068 5321 1416 5404 Πνεύματος,
1461 5327 1551 5383 τοῦ
1600 5320 1698 5396 τὴν
1750 5320 1891 5394 ζωὴν
1919 5344 2013 5402 χο-

2135 3357 2310 3418 mate,
2368 3348 2466 3406 sed
2514 3358 2569 3406 et
2629 3351 2900 3423 supplicia
2974 3350 3288 3409 indelebilia
3356 3350 3729 3411 subindicans.

2135 3436 2437 3509 Lapidibns
2466 3440 2618 3494 enim
2644 3440 2979 3510 impressum
3005 3440 3108 3498 fuit
3133 3441 3240 3497 hoc
3263 3440 3462 3497 mortis
3480 3442 3729 3499 ministe—

2131 3527 2295 3583 rium.
2322 3526 2379 3584 Si
2400 3527 2563 3600 igitur
2588 3528 2692 3597 lex,
2714 3544 2842 3586 cum
2872 3529 3189 3602 hujusmodi
3209 3528 3301 3597 sit,
3331 3528 3440 3587 fuit
3460 3530 3514 3586 in
3533 3531 3727 3603 gloria,

2131 3625 2338 3689 quanto
2386 3618 2569 3689 potius
2611 3617 2806 3691 gratia,
2854 3634 2977 3691 quae
3027 3618 3181 3676 illam
3228 3619 3733 3693 incomparabiliter

2132 3705 2386 3763 excellit?

2205 3814 2235 3849 α
2273 3797 2355 3852 Ita
2378 3805 2443 3853 ut
2469 3813 2585 3853 non
2632 3804 2857 3870 possent
2883 3796 3125 3871 deﬁgere
3155 3796 3344 3854 oculos
3365 3798 3460 3855 ﬁlii
3503 3799 3728 3858 Israelis

2128 3884 2188 3941 in
2216 3883 2414 3943 faciem
2450 3886 2624 3959 Moysi
2652 3894 2878 3959 propter
2926 3885 3165 3959 gloriam
3204 3886 3387 3944 vultus
3440 3888 3560 3959 ejus
3599 3904 3723 3962 qua:

2127 3975 2394 4031 aboletur.
2433 3999 2457 4025 ιο
2491 3975 2818 4033 Clanculum
2845 3976 3072 4034 Iudaeos
3100 3984 3343 4034 accusat.
3384 3977 3540 4034 Adeo
3569 3993 3727 4034 nam-

2128 4079 2233 4136 que
2269 4064 2454 4134 rudes,
2511 4066 2706 4137 inquit,
2763 4065 3005 4134 l'uerunt,
3054 4073 3117 4122 ut
3170 4082 3349 4138 neque
3406 4066 3725 4124 sensibilem

2127 4154 2361 4226 gloriam
2390 4154 2587 4212 intueri
2617 4163 2859 4227 possent.
2898 4157 3023 4211 Non
3050 4155 3189 4211 dixit
3215 4164 3426 4222 autem,
3459 4156 3608 4228 quod
3639 4158 3725 4214 lex

2126 4250 2181 4299 ct
2206 4243 2408 4300 tabulae
2432 4243 2730 4302 habuerint
2756 4245 3017 4317 gloriam,
3048 4243 3144 4301 sed
3170 4245 3349 4301 vultus
3378 4247 3573 4302 Mosis.
3602 4247 3728 4303 Mo-

2125 4348 2213 4389 ses
2239 4333 2390 4390 enim
2419 4334 2648 4392 celebris
2677 4342 2818 4404 erat,
2850 4350 2965 4391 non
2992 4335 3196 4392 tabulae
3225 4334 3381 4408 legis.
3411 4332 3726 4406 Quinetiam

2125 4422 2303 4494 ipsam
2348 4423 2522 4480 Mosis
2546 4424 2782 4497 gloriam
2825 4424 2987 4493 tollit,
3023 4425 3286 4481 abolitam
3332 4425 3485 4483 illam
3514 4425 3724 4495 dicens,

2125 4510 2228 4568 hoc
2273 4520 2358 4569 est
2408 4513 2798 4586 quiescentem.
2849 4513 2984 4572 Vide
3038 4524 3223 4571 autem
3274 4514 3556 4586 quomodo
3613 4531 3725 4572 non

2123 4600 2343 4672 dixerit,
2393 4619 2644 4677 pravam,
2697 4603 2819 4674 sed,
2875 4602 3048 4661 ﬁnem
3092 4602 3452 4677 accipientem
3498 4610 3555 4660 et
3602 4620 3724 4660 ces-

2125 4698 2359 4749 santem.

2196 4884 2369 4940 Vens.
2393 4887 2444 4939 8.
2475 4900 2504 4936 ι(
2530 4882 2827 4954 Quomodo
2864 4898 2982 4940 non
3014 4881 3195 4955 magis
3232 4878 3565 4939 ministratio
3595 4882 3721 4954 Spi-

2127 4971 2261 5027 ritus
2283 4971 2392 5027 erit
2418 4971 2471 5027 in
2500 4972 2712 5043 gloria?
2755 4995 2783 5023 ››
2815 4970 3302 5043 Quemadmodum
3346 4972 3524 5044 legem
3560 4971 3718 5028 dixe-

2119 5068 2204 5117 rat
2231 5061 2609 5117 ministerium
2638 5063 2862 5127 morlis,
2892 5061 2969 5118 ita
3007 5075 3353 5133 consequens
3372 5068 3490 5117 erat
3515 5059 3718 5129 dicere,

2124 5151 2479 5223 Evangelium
2509 5166 2631 5208 esse
2672 5150 3045 5208 ministerium
3075 5149 3199 5204 vitae
3231 5168 3244 5205 :
3275 5158 3333 5205 at
3358 5147 3507 5221 quod
3538 5149 3723 5220 majus

2121 5249 2207 5297 est
2252 5240 2408 5308 dixit,
2461 5240 2751 5309 nimirum,
2810 5258 2838 5293 α
2885 5240 3139 5311 Spiritus.
3210 5260 3238 5288 ιι
3288 5241 3508 5295 Novum
3561 5238 3714 5296 enim

2122 5332 2540 5388 Testamentum
2583 5328 2966 5404 suppeditandi
3008 5325 3326 5385 facultatem
3367 5326 3555 5385 habet.
3595 5344 3709 5386 non

1795 5593 1987 5655 Variae
2025 5595 2323 5657 lectiones.

470 5771 518 5809 ⁵³
536 5771 650 5828 τινὰ
677 5787 729 5831 0.
807 5771 855 5809 ⁵³
882 5771 1229 5849 συλλογισμοῦ
1255 5788 1312 5833 o.
