4134 6418
374 464 468 516 83l
1389 452 1907 509 THEOPHYLACTI
1950 449 2306 505 BULGARl/E
2345 448 2655 504 ARCHIEP.

3575 443 3678 497 832

375 585 548 640 vitam
575 581 766 650 modo,
799 581 894 639 sed
925 579 1072 653 quod
1102 578 1278 650 majus
1304 586 1408 645 est,
1439 578 1705 649 Spiritum
1753 591 1971 648 quoque

2100 579 2385 654 ιηγοῦντος.
2425 575 2621 652 Πολλῷ
2663 560 2754 630 οὖν
2797 572 3004 648 μᾶλλον
3048 570 3184 641 αὕτη
3221 568 3378 628 ἔσται
3415 567 3474 627 ἐν
3522 565 3678 649 δόξῃ,

376 674 559 745 ipsum
591 672 684 745 qui
715 672 888 727 vitam
927 668 1257 742 suppeditat.
1290 669 1413 723 Hoc
1441 667 1604 739 igitur
1631 667 1810 722 multo
1835 665 1977 722 cele-

386 761 541 819 brius
565 763 668 818 erit
703 763 845 832 lege.

456 853 637 908 Vsus.
683 856 738 907 9.
782 869 809 902 α
863 851 1003 906 Nam
1042 847 1085 904 si
1127 846 1460 902 ministratio
1490 845 1865 901 damnationis
1895 851 1979 900 est

386 940 586 1014 gloria,
617 939 795 996 multo
827 938 1002 1011 magis
1046 934 1287 993 abundat
1340 934 1714 991 ministerium
1759 933 1979 1007 iustitia:

389 1030 447 1086 in
492 1029 686 1102 gloria.
744 1048 774 1082 »
817 1030 1032 1084 Rursus
1081 1024 1339 1082 eamdem
1393 1027 1724 1080 sententiam
1779 1032 1974 1080 versat.

388 1122 755 1191 lnterpretans
780 1127 966 1173 autem
999 1114 1284 1188 quomodo
1325 1113 1540 1169 dixerit.
1589 1133 1616 1165 ι(
1656 1113 1860 1169 Littera
1887 1129 1979 1169 oc-

387 1209 540 1277 cidit,
575 1232 600 1256 »
642 1209 814 1280 legem
862 1207 940 1262 ait
974 1221 1090 1262 esse
1140 1204 1516 1260 ministerium
1559 1202 1977 1260 condemnatio-

386 1299 494 1365 nis,
546 1305 609 1353 ut
636 1297 965 1370 punitricem
998 1295 1226 1368 peccati,
1273 1309 1391 1349 non
1432 1290 1757 1349 factricem:
1804 1295 1981 1348 Evan-

388 1387 591 1459 gelium
611 1394 823 1454 autem,
843 1383 1207 1440 ministerium
1235 1381 1492 1454 justitiaa;
1525 1397 1654 1437 nam
1676 1397 1786 1437 non
1802 1381 1984 1437 solum

389 1493 419 1533 a
449 1492 612 1548 poena
652 1484 706 1532 et
749 1473 1018 1546 supplicio
1047 1472 1258 1542 liberat,
1289 1487 1480 1528 verum
1523 1470 1790 1544 justiﬁcat
1818 1471 1984 1528 etiam

390 1573 722 1637 peccatores.
796 1564 974 1620 Multo
1036 1561 1202 1636 igitur
1263 1561 1440 1634 magis
1499 1560 1858 1634 Evangelium
1927 1561 1984 1616 in

391 1654 562 1727 gloria
592 1654 714 1710 erit.

462 1743 632 1815 259
663 1747 843 1801 Vsus.
881 1750 964 1799 to.
991 1761 1018 1794 «
1048 1743 1267 1798 Etenim
1293 1757 1471 1815 neque
1502 1740 1875 1814 gloriﬁcatum
1903 1747 1987 1797 est

390 1834 536 1906 quod
564 1832 936 1906 gloriﬁcatum
966 1840 1071 1899 est,
1116 1833 1170 1888 in
1213 1832 1316 1888 hac
1343 1841 1518 1904 parte,
1557 1839 1777 1904 propter
1812 1830 1988 1886 excel-

2085 663 2225 745 ἤπερ
2255 666 2282 722 6
2312 665 2494 742 νόμος.

2175 871 2200 898 α
2261 846 2330 904 Εἰ
2379 843 2482 924 γὰρ
2532 847 2566 914 ἡ
2622 841 2862 901 διακονία
2918 843 3014 912 τῆς
3060 838 3464 920 κατακρίσεως,
3516 836 3640 905 δόξα
3674 860 3689 876 ο

2088 936 2269 1014 πολλῷ
2301 936 2503 1010 μᾶλλον
2540 936 2575 1004 ἡ
2616 929 2855 992 διακονία
2881 935 2976 1003 τῆς
3009 927 3347 1002 δικαιοσύνης
3386 927 3691 1006 περισσεύει

2090 1025 2144 1082 ἐν
2174 1023 2316 1104 δόξῃ.
2357 1051 2382 1076 ι
2421 1021 2598 1083 Πάλιν
2637 1019 2702 1104 'r‘o
2742 1021 2871 1080 αὐτὸ
2918 1019 3094 1098 νόημα
3123 1019 3172 1054 ⁵⁴
3201 1015 3574 1098 περιστρέφειο
3606 1019 3690 1098 ἑρο

2091 1101 2334 1191 μηνεύων
2381 1111 2470 1182 δὲ,
2500 1114 2612 1178 πῶς
2654 1101 2839 1191 εἶπεν,
2869 1107 2950 1171 ὅτι
2996 1131 3027 1168 α
3049 1110 3133 1170 Τὸ
3165 1107 3394 1187 γράμμα
3439 1106 3687 1165 ἀποκτεί-

2091 1225 2202 1276 νει,
2235 1225 2262 1262 ι)
2306 1201 2436 1283 φησὶ
2466 1200 2554 1259 τὸν
2583 1198 2742 1276 νόμον
2793 1189 2928 1258 εἶναι
2971 1199 3241 1258 διακονίαν
3286 1194 3654 1274 κατακρίσεως
3676 1243 3692 1271 ,

2091 1295 2161 1360 ὡς
2207 1291 2520 1351 κολαστικὸν
2573 1287 2875 1368 ἁμαρτίας,
2927 1289 2986 1348 οὗ
3022 1287 3300 1359 ποιητικόν
3355 1305 3370 1321 ⁸
3417 1284 3692 1344 διακονίαν

2093 1379 2147 1440 δὲ
2192 1379 2560 1453 δικαιοσύνης,
2599 1379 2660 1438 τὸ
2697 1379 3026 1458 Εὖαγγέλιον
3057 1400 3072 1415 ο
3119 1377 3178 1435 οὗ
3206 1375 3366 1453 μόνον
3409 1372 3513 1455 γὰρ
3560 1375 3694 1434 ἆπο-

2091 1469 2205 1528 λύει
2235 1474 2330 1542 τῆς
2380 1469 2686 1542 κολάσεως,
2739 1467 2878 1527 ἀλλὰ
2915 1467 3006 1527 καὶ⁵
3058 1465 3254 1525 δικαιοῖ
3280 1463 3397 1531 τοὺς
3442 1465 3695 1544 ἁμαρτω-

2094 1563 2234 1629 λούς.
2264 1561 2462 1642 Πολλῷ
2493 1550 2582 1618 οὖν
2607 1558 2811 1635 μᾶλλον
2836 1561 2888 1618 ἐν
2911 1554 3035 1637 δόξῃ
3067 1554 3218 1614 ἔσται
3251 1553 3310 1614 τὸ
3341 1551 3692 1632 Εὖαγγέλιον.

2184 1767 2208 1793 α
2247 1739 2357 1800 Καὶ
2407 1737 2510 1819 γὰρ
2551 1736 2668 1799 οὐδὲ
2725 1737 3037 1807 δεδόξασται
3065 1736 3146 1797 ’τὸ
3207 1735 3586 1813 δεδοξασμένον
3643 1734 3696 1794 ἐν

2097 1828 2267 1910 τούτῳ
2299 1831 2376 1888 τῶ
2407 1828 2587 1908 μέρει,
2617 1827 2792 1887 ἕνεκεν
2837 1832 2932 1899 τ’ἧς
2982 1826 3434 1907 ὓπερϐαλλούσης
3463 1823 3631 1898 δόξης.
3660 1847 3692 1884 ι)

390 1905 592 1980 lentem
633 1922 882 1995 gloriam.
927 1948 948 1968 -
1005 1921 1150 1991 Quid
1182 1921 1432 1991 confero,
1473 1921 1676 1992 inquit,
1717 1922 1888 1976 Vetus
1930 1926 1985 1975 et

2107 1919 2212 1978 Καὶ
2242 1905 2293 1978 τί
2313 1961 2330 1991 ,
2357 1905 2516 1998 φὴσῖ,
2547 1916 2814 1996 συγκρίνω
2841 1915 2939 1988 τὴν
2980 1905 3235 1977 Παλαιὰν
3257 1915 3350 1976 καὶ
3379 1913 3475 1986 τὴν
3511 1914 3696 1990 Νέαν,

391 2014 612 2068 Novum
654 2015 1071 2068 Testamentum
1126 2011 1265 2066 inter
1293 2015 1448 2067 sese?
1499 2013 1675 2065 Tanta
1722 2017 1806 2066 est
1835 2007 1986 2064 enim

389 2103 530 2158 Novi
569 2102 910 2169 excellentia,
959 2109 1022 2158 ut
1069 2123 1094 2149 (ι
1152 2101 1209 2156 in
1252 2099 1355 2156 hac
1399 2108 1574 2171 parte,
1637 2123 1662 2148 ν
1718 2098 1772 2154 id
1824 2099 1986 2154 estin

389 2192 823 2263 comparatione,
869 2207 937 2246 ne
976 2191 1204 2262 gloriam
1245 2188 1471 2262 quidem
1517 2189 1718 2244 habere
1766 2195 1990 2261 putetur

393 2281 539 2352 quod
563 2279 930 2352 glorificatum
955 2289 1057 2346 est,
1076 2282 1244 2335 Vetus
1261 2279 1526 2335 nimirum
1543 2281 1985 2346 Testamentum,

391 2377 614 2442 promer
668 2369 1172 2440 supereminentum
1240 2367 1376 2425 Novi
1429 2368 1681 2440 gloriam.
1756 2367 1987 2423 Etiamsi

393 2459 543 2514 enim
594 2459 678 2515 lex
711 2459 1007 2531 gloriﬁcata
1054 2467 1137 2514 est
1180 2474 1279 2531 per
1305 2458 1564 2529 seipsam,
1620 2465 1842 2530 propter
1891 2472 1986 2512 ex-

392 2549 706 2604 cellentiam
755 2557 946 2604 tamen
995 2548 1184 2620 gloria
1234 2547 1518 2621 Evangelii
1573 2547 1805 2620 ingloria
1838 2546 1987 2603 vide-

390 2647 500 2694 tur.
544 2636 933 2695 Animadverte
977 2647 1164 2694 autem
1209 2637 1357 2711 quod
1406 2639 1487 2694 vel
1517 2653 1617 2709 per
1658 2637 1786 2701 hoc,
1819 2639 1992 2692 Vetus

391 2729 808 2784 Testamentum
873 2727 1247 2784 commendat.
1321 2726 1775 2798 Comparationes
1847 2726 1992 2782 enim

398 2815 538 2871 ﬁunt
563 2818 706 2872 inter
729 2825 983 2889 cognata.

465 2908 645 2962 νεεδ.
685 2911 770 2960 11.
801 2927 825 2952 ιι
870 2906 923 2961 Si
953 2905 1102 2961 enim
1130 2905 1278 2977 quod
1321 2904 1590 2975 aboletur,
1639 2921 1735 2976 per
1759 2903 1992 2977 gloriam

391 2993 514 3064 fuit,
558 2995 730 3051 multo
783 2995 954 3067 magis
1007 2994 1156 3066 quod
1203 3003 1413 3062 manet,
1468 2995 1523 3050 in
1580 2995 1751 3069 gloria
1800 2995 1926 3051 erit.
1967 3018 1990 3044 ι

395 3083 579 3140 Aliam
602 3084 873 3139 rationem
902 3083 1090 3156 adjicit
1123 3101 1136 3139 :
1175 3083 1230 3139 Si
1273 3084 1423 3139 enim
1453 3083 1539 3139 lex
1569 3099 1695 3156 quae
1723 3083 1994 3140 abolenda

396 3182 452 3229 et
497 3173 813 3246 abroganda
853 3181 992 3239 erat,
1048 3188 1143 3244 per
1189 3173 1422 3244 gloriam
1481 3173 1607 3229 data
1656 3181 1758 3242 est,
1818 3174 1996 3230 multo

393 3263 572 3335 magis
629 3264 686 3318 in
731 3262 903 3330 gloria
955 3262 1057 3318 erit
1087 3262 1278 3318 stabile
1323 3278 1384 3318 ac
1414 3278 1632 3336 semper
1660 3263 1935 3320 duratura
1981 3281 1996 3319 ι

395 3353 614 3408 Novum
643 3355 1078 3408 Testamentum.

468 3445 650 3498 Vens.
699 3448 783 3498 l2.
832 3459 859 3492 «
893 3442 1176 3498 Habentes
1217 3441 1385 3514 igitur
1412 3441 1574 3498 talem
1607 3457 1782 3514 spem,
1813 3442 1989 3499 multa

397 3531 594 3587 fiducia
625 3533 854 3588 utimur.
891 3555 914 3578 ι
948 3531 1083 3603 Quia
1122 3532 1393 3604 ingentem
1426 3533 1727 3604 quamdam
1755 3533 1990 3605 gloriam

395 3624 551 3677 Novo
583 3621 848 3689 attribuit,
876 3621 970 3694 qui
1000 3637 1129 3677 vero
1178 3621 1322 3678 istuc
1350 3621 1695 3689 audiverant,
1726 3631 1990 3694 tanquam

390 3709 616 3776 inﬁrmi,
649 3709 965 3766 sensibilem
994 3709 1228 3781 gloriam
1249 3710 1429 3767 videre
1457 3710 1749 3782 cupiebant
1784 3730 1798 3768 :
1824 3713 1990 3782 Spem

393 3799 683 3868 habemus,
728 3800 926 3872 inquit.
974 3800 1248 3870 Qualem?
1291 3799 1451 3870 Quod
1492 3799 1802 3872 majoribus
1831 3801 1992 3857 bonis

391 3887 644 3946 honorati
691 3905 754 3945 ac
794 3889 978 3945 donati
1025 3890 1202 3946 simus
1247 3904 1416 3962 quam
1469 3892 1674 3960 Moses,
1722 3898 1994 3963 quotquot

393 3978 691 4034 credimus.
725 3978 868 4034 Hinc
894 3978 1068 4034 multa
1098 3978 1298 4034 ﬁducia
1329 3979 1543 4034 utimur
1570 3993 1698 4051 erga
1729 3994 1823 4036 eos
1851 3995 1992 4051 quos

394 4067 756 4135 instituimus,
795 4067 936 4123 nihil
976 4067 1233 4136 celantes,
1283 4067 1417 4123 nihil
1448 4068 1612 4123 etiam
1657 4069 1989 4140 praztermit-

393 4164 573 4212 tentes
629 4174 640 4210 :
709 4171 890 4228 neque
945 4156 1246 4212 metuimus
1303 4165 1545 4213 vestrum
1608 4166 1990 4230 conspectum,

395 4244 862 4316 quemadmodum
906 4247 1090 4301 Moses
1140 4245 1482 4304 Judaaorum.
1525 4249 1649 4304 Non
1681 4248 1829 4304 enim
1858 4248 1993 4303 estis

395 4333 601 4390 inﬁrmi
639 4348 795 4405 aeque
837 4343 1002 4407 atque
1044 4335 1141 4390 illi.
1175 4339 1358 4392 Moses
1386 4337 1532 4392 enim
1571 4353 1701 4393 cum
1748 4337 1990 4393 secunda

394 4423 509 4479 vice
550 4423 852 4496 accepisset
882 4424 1096 4480 tabulas
1132 4433 1295 4498 atque
1336 4443 1367 4483 a
1394 4435 1582 4483 monte
1612 4425 1988 4496 descenderet,

394 4511 595 4568 faciem
630 4513 870 4570 habebat
898 4513 1040 4570 adeo
1078 4514 1448 4586 splendidam,
1492 4524 1556 4572 ut
1600 4515 1786 4572 Judazi
1815 4531 1993 4587 neque

393 4602 648 4659 accedere
685 4602 755 4659 ad
782 4619 912 4660 eum
942 4613 1182 4676 possent,
1227 4621 1404 4677 neque
1431 4604 1740 4678 quidquam
1768 4620 1897 4660 cum
1927 4623 1992 4662 eo

394 4693 567 4764 loqui,
615 4691 795 4749 donec
835 4694 1053 4750 vultum
1109 4694 1390 4751 obvelaret
1432 4697 1474 4751 1.
1521 4694 1700 4766 Hujus
1747 4694 1993 4752 historia:

392 4782 597 4838 Paulus
627 4781 716 4838 hic
738 4783 856 4854 jam
889 4785 1166 4850 meminit,
1198 4793 1253 4841 et
1283 4785 1358 4840 ait
1387 4801 1401 4838 :
1479 4773 1483 4777 ’

471 4873 646 4928 Vens.
683 4878 766 4929 13.
806 4895 831 4922 ‹‹
861 4875 930 4928 Et
957 4890 1068 4929 non
1099 4873 1243 4930 sicut
1261 4878 1448 4932 Moses
1474 4873 1710 4946 ponebat
1737 4875 1991 4932 velamen

393 4977 564 5032 super
600 4959 793 5018 faciem
832 4978 1013 5032 suam,
1041 4972 1106 5019 ut
1146 4980 1258 5020 non
1296 4963 1652 5020 intenderent
1687 4964 1784 5021 ﬁlii
1826 4967 1992 5021 Israel

393 5052 450 5107 in
481 5051 648 5107 ﬁnem
678 5050 798 5124 ejus
831 5051 982 5125 quod
1010 5053 1282 5109 aboletur.
1314 5077 1338 5103 υ
1372 5054 1434 5110 Id
1460 5063 1562 5122 est,
1602 5070 1716 5110 non
1745 5063 1827 5111 est
1857 5072 1994 5125 opus

392 5156 496 5196 nos
522 5141 764 5212 contegi,
807 5142 1029 5214 perinde
1057 5159 1122 5198 ac
1151 5145 1335 5200 Moses
1377 5159 1435 5199 se
1482 5144 1829 5217 contegebat.
1887 5149 1991 5200 Po-

391 5230 548 5286 testis
585 5231 730 5286 enim
781 5248 877 5288 vos
921 5233 1165 5304 aspicere
1210 5233 1440 5306 gloriam
1488 5233 1632 5291 hanc
1679 5250 1848 5307 quam
1895 5251 1996 5290 nos

395 5318 690 5389 habemus,
742 5321 978 5392 gloriam
1025 5322 1150 5379 dico
1198 5323 1506 5397 Evangelii,
1543 5340 1856 5397 quanquam
1899 5325 1994 5382 illa

397 5407 563 5481 longe
594 5409 884 5466 clariorem
921 5409 1072 5468 :hoc
1116 5419 1222 5480 est,
1249 5413 1475 5484 potestis
1520 5413 1823 5488 intelligere
1868 5430 1994 5487 my-

482 5570 496 5610 i
521 5569 696 5626 Exod.
731 5585 955 5640 xxxrv,
987 5577 1072 5628 34.

2020 4566 2070 4628 D

2096 2006 2348 2079 Τοσαύτη
2375 2006 2478 2088 γὰρ
2520 2010 2615 2078 τῆς
2655 2005 2796 2073 Νέας
2825 2010 2859 2078 ἡ
2889 2005 3128 2086 ὑπεροχὴ
3151 2051 3168 2084 ,
3209 2005 3350 2065 ὥστε
3389 2025 3416 2062 (ι
3445 2006 3500 2064 ἐν
3529 2003 3702 2084 τούτῳ

2095 2101 2172 2178 τῷ
2204 2097 2393 2176 μέρει,
2443 2122 2468 2148 ν
2497 2095 2768 2156 τουτέστιν
2801 2097 2855 2154 ἐν
2902 2099 2980 2176 τῷ
3013 2095 3422 2175 συγκρίνεσθαι,
3460 2091 3578 2154 οὐδὲ
3609 2094 3700 2152 δό-

2099 2187 2187 2255 ξαν
2232 2187 2373 2265 ἔχειν
2414 2184 2798 2263 νομισθήσεται
2851 2185 2910 2244 τὸ
2968 2183 3380 2260 δεδοξασμένον,
3433 2183 3700 2244 τουτέστιν

2097 2280 2130 2346 ἡ
2165 2275 2422 2348 Παλαιὰ,
2454 2275 2539 2334 διὰ
2582 2273 2679 2346 τὴν
2723 2274 3164 2355 ὑπερϐάλλουσαν
3211 2273 3361 2343 δόξαν
3398 2277 3492 2345 τῆς
3535 2273 3700 2339 Νέας.

2104 2365 2292 2425 Καίτοι
2323 2363 2426 2444 γὰρ
2459 2363 2834 2438 δεδοξασμένος
2876 2367 2904 2422 6
2940 2363 3097 2440 νόμος
3131 2364 3286 2430 αὐτὸς
3315 2363 3436 2422 καθ’
3475 2363 3699 2438 ἑαυτὸν,

2098 2453 2241 2530 ὅμως
2275 2453 2360 2511 διὰ
2395 2453 2455 2513 τὸ
2489 2452 2824 2533 ὑπερϐάλλον
2874 2457 2966 2526 τῆς
3006 2451 3157 2525 δόξης
3207 2457 3301 2512 οιτοῗ)⁹
3350 2451 3706 2533 Εὖαγγελίου,

2100 2542 2280 2611 ἄδοξος
2313 2542 2579 2623 φαίνεται.
2607 2538 2755 2621 ’Ὅρα
2790 2541 2877 2615 δὲ,
2915 2539 3001 2600 ὅτι
3041 2546 3132 2602 καὶ
3173 2543 3226 2599 ἐν
3270 2541 3442 2623 τούτῳ
3484 2553 3704 2622 συνιστᾷ

2104 2634 2200 2704 τὴν
2235 2631 2489 2692 Παλαιάν
2521 2655 2534 2669 ο
2565 2634 2616 2690 αἳ
2657 2631 2762 2712 γὰρ
2813 2630 3111 2712 συγκρίσεις
3162 2630 3250 2690 ἐπὶ
3293 2635 3396 2691 τῶν
3439 2635 3703 2711 συγγενῶν

2098 2721 2358 2802 γίνονται.

2188 2927 2218 2959 (ι
2270 2905 2339 2965 Εἰ
2389 2901 2493 2983 γὰρ
2545 2903 2606 2961 τὸ
2643 2902 3104 2983 καταργούμενον,
3156 2903 3240 2962 διὰ
3282 2902 3430 2976 δόξης
3463 2929 3477 2944 ο
3523 2906 3707 2985 πολλῷ

2105 2995 2306 3068 μᾶλλον
2355 2991 2414 3051 τὸ
2458 2991 2645 3070 μένον,
2707 2997 2757 3053 ἐν
2792 2992 2936 3073 δόξῃ.
2989 3020 3013 3046 ιι
3080 2993 3189 3053 Καὶ
3240 2992 3402 3052 ἄλλον
3451 2995 3707 3072 λογισμὸν

2102 3082 2473 3161 προστίθησιν.
2555 3085 2617 3142 Εἰ
2673 3081 2775 3162 γὰρ
2827 3085 2856 3140 6
2904 3081 3113 3158 μέλλων
3171 3083 3555 3162 καταργεῖσθαι
3613 3083 3706 3143 καὶ

2105 3171 2368 3230 παύεσθαι
2411 3170 2596 3247 νόμος,
2647 3171 2733 3230 διὰ
2765 3171 2916 3242 δόξης
2956 3171 3109 3244 ἐδόθη
3147 3186 3162 3203 ⁹
3194 3173 3378 3252 πολλῷ
3409 3174 3615 3250 μᾶλλον
3647 3175 3701 3231 ἐν

2103 3261 2226 3341 δόξῃ
2258 3261 2410 3321 ἔσται
2437 3264 2471 3334 ἡ
2501 3261 2721 3339 μόνιμος
2756 3261 2845 3320 καὶ
2877 3260 2958 3322 ἀεὶ
2989 3259 3216 3339 ἐσομένη
3249 3261 3363 3323 Νέα
3391 3262 3656 3335 Διαθήκη.

2193 3440 2498 3524 «Ἔχοντες
2533 3433 2621 3502 οὖν
2652 3441 2902 3514 τοιαύτην
2938 3443 3130 3502 ἐλπίδα
3160 3490 3176 3521 ,
3226 3443 3400 3524 πολλῇ
3438 3443 3698 3526 παῤῥηίᾳ

2100 3531 2380 3612 χρώμεθαο
2423 3559 2447 3585 ⁸
2499 3533 2723 3604 Ἐπειδὴ
2776 3533 3014 3611 μεγάλην
3044 3532 3160 3593 τινὰ
3203 3532 3358 3601 δόξαν
3399 3556 3711 3614 προσεμαρο

2098 3623 2289 3700 τύρησε
2323 3625 2388 3700 τῇ
2441 3620 2558 3704 Νέᾳ
2582 3644 2594 3658 ⁸
2626 3624 2673 3680 οἱ
2723 3620 2777 3680 δὲ
2832 3621 3104 3690 ἀκούοντες
3141 3619 3267 3688 ἴσως
3313 3622 3573 3694 αἰσθητὴν
3607 3625 3709 3682 ἐπ-

2102 3709 2323 3788 εθύμουν
2353 3711 2482 3770 ἰδεῖν
2525 3709 2677 3777 δόξαν
2708 3715 2777 3779 ὥς
2809 3714 3039 3779 ἀσθενεῖς
3063 3734 3076 3747 ·
3113 3710 3306 3791 φησὶν,
3357 3709 3437 3769 ὅτι
3471 3711 3707 3772 Ἐλπίδα

2136 3801 2350 3880 ἔχομεν.
2421 3799 2713 3873 Ποταπήν;
2761 3801 2890 3862 Ὅτι
2940 3799 3192 3877 μειζόνων
3239 3799 3560 3878 ἠξιώθημεν,
3607 3801 3702 3874 ἢὸ

2100 3892 2336 3963 Μωσῆς,
2404 3889 2598 3957 πάντες
2656 3893 2704 3948 οἱ
2759 3890 3136 3957 πιστεύσαντες
3187 3913 3201 3926 ο
3253 3889 3346 3948 καὶ
3403 3889 3490 3949 διὰ
3550 3895 3708 3952 τοῦτο

2098 3980 2272 4058 πολλῇ
2327 3977 2601 4060 παρρησίᾳ
2650 3977 2905 4058 χρώμεθα
2973 3978 3104 4058 πρὸς
3164 3976 3285 4046 τοὺς
3328 3978 3704 4058 μαθητευομέ-

2094 4090 2212 4132 νους
2237 4114 2253 4145 ,
2292 4067 2438 4126 οὐδὲν
2486 4066 2980 4146 ἀποκρυπτόμενοι,
3014 4066 3159 4127 οὐδὲν
3203 4067 3656 4145 ὕποστελλόμενοι
3691 4094 3705 4107 ·

2095 4155 2184 4214 καὶ
2213 4157 2272 4214 οὐ
2312 4155 2624 4232 δεδοίκαμεν
2668 4159 2818 4233 ὑμῶν
2861 4156 2956 4223 τὰς
2987 4155 3164 4237 ὄψεις,
3195 4157 3439 4237 καθάπερ
3473 4161 3500 4217 6
3546 4161 3698 4219 Μω-

2095 4249 2190 4316 σῆς
2219 4249 2321 4303 τῶν
2369 4243 2639 4306 Ἰουδαίων
2673 4268 2687 4283 ⁸
2736 4247 2795 4303 οὐ
2825 4245 2927 4325 γάρ
2971 4248 3090 4306 ἐστε
3137 4249 3406 4324 ἀσθενεῖς,
3441 4253 3514 4312 ὡς
3557 4249 3699 4307 ἐκεῖ-

2097 4357 2198 4395 νοι.
2228 4333 2298 4395 Ὁ
2336 4335 2440 4416 γὰρ
2489 4337 2727 4407 Μωσῆς,
2777 4334 2912 4412 μετὰ
2957 4336 3018 4394 τὸ
3064 4337 3125 4394 ἐκ
3166 4335 3414 4416 δευτέρου
3456 4335 3708 4406 δέξασθαι

2099 4424 2197 4506 τ-ᾇς
2225 4424 2471 4499 πλάκας,
2521 4424 2763 4493 καταϐὰς
2809 4423 3035 4484 ἀπὸτοῦ
3081 4425 3267 4503 ὅρους,
3311 4424 3372 4483 τὸ
3423 4425 3709 4506 πρόσωπον

2105 4504 2246 4594 εἶχεν
2298 4513 2653 4593 ἀπολάμπον,
2702 4515 2774 4581 ὥς
2822 4513 2896 4591 μὴ
2947 4514 3202 4574 δύνασθαι
3253 4513 3371 4581 τοὺς
3425 4504 3713 4584 Ἰουδαίους

2104 4601 2379 4683 προσιέναι
2413 4605 2589 4684 αὐτῷ,
2640 4603 2733 4662 καὶ
2778 4602 3146 4683 διαλέγεσθαι,
3193 4603 3292 4670 ἕως
3321 4604 3443 4664 ὅτου
3473 4605 3700 4678 ἐπέθηκε

2103 4692 2367 4772 κάλυμμα
2413 4697 2490 4774 τῷ
2531 4693 2828 4774 προσώπῳ.
2877 4693 3092 4766 Ταύτης
3141 4697 3235 4765 τῆς
3281 4694 3518 4775 ἱστορίας
3570 4699 3703 4755 ἂνα-

2106 4781 2397 4860 μιμνήσκει
2427 4787 2519 4843 νῦν
2551 4786 2578 4841 6
2603 4785 2817 4851 Παῦλος
2837 4827 2853 4856 ,
2893 4783 2986 4843 καί
3019 4806 3177 4864 φησιν
3205 4806 3219 4820 ⁸

2193 4898 2215 4923 α
2253 4873 2360 4933 Καὶ
2397 4874 2457 4932 οὖ
2489 4873 2732 4952 καθάπερ
2765 4876 2968 4944 Μωσῆς
3011 4873 3170 4932 ἐτίθει
3219 4871 3494 4950 κάλυμμα
3514 4874 3602 4934 ἐπὶ
3648 4876 3709 4934 τὸ

2105 4960 2392 5042 πρόσωπον
2444 4965 2605 5020 αὖτοῦ
2631 5008 2647 5035 ,
2683 4961 2815 5041 πρὸς
2842 4963 2902 5021 τὸ
2950 4962 3024 5041 μὴ
3076 4961 3314 5022 ἀτενίσαι
3342 4962 3392 4998 ⁵⁵
3421 4963 3542 5031 τοὺς
3570 4964 3710 5033 υἱοὺς

2105 5049 2326 5130 Ἰσραὴλ
2357 5053 2426 5117 εἷς
2454 5049 2514 5110 τὸ
2557 5051 2705 5119 τέλος
2736 5056 2825 5111 τοῦ
2855 5051 3352 5132 καταργουμένουῷ
3385 5055 3674 5114 Τουτέστιν
3696 5099 3712 5128 ,

2107 5141 2190 5200 Οὐ
2245 5136 2404 5220 χρεία
2449 5139 2813 5201 καλύπτεσθαι
2845 5146 2988 5218 ἡμᾶς
3029 5142 3271 5222 καθάπερ
3317 5140 3404 5201 τὸν
3454 5144 3664 5216 Μωσῆν
3690 5162 3705 5178 ⁸

2109 5230 2316 5288 δυνατοὶ
2347 5229 2452 5310 γὰρ
2504 5231 2631 5289 ἰδεῖν
2662 5235 2812 5306 ὑμεῖς
2859 5232 2956 5304 τὴν
2997 5230 3150 5299 δόξαν
3197 5231 3423 5308 ταύτην,
3461 5232 3528 5306 ἣν
3557 5238 3712 5311 ἡμεῖς

2109 5317 2334 5410 ἕξομεν,
2383 5318 2480 5392 τὴν
2530 5325 2620 5379 τοῦ
2672 5320 3037 5401 Εὖαγγελίου,
3089 5321 3263 5380 καίτοι
3328 5323 3708 5404 λαμπροτέραν

2108 5408 2268 5467 οὖσαν
2301 5408 2502 5484 ἐκείνης
2532 5433 2546 5449 ·
2597 5409 2871 5484 τουτέστι,
2917 5409 3159 5471 Δύνασθε
3205 5419 3340 5472 νοεῖν
3389 5413 3455 5471 τὰ
3503 5413 3709 5490 μυστή-

1787 5649 1986 5708 Variae
2027 5649 2335 5710 lectiones.

471 5739 514 5774 ³⁸
542 5740 705 5811 ὄνομα
732 5754 786 5796 0.
861 5740 907 5776 ⁸⁵
930 5741 1172 5796 δύνασθαι
1201 5759 1261 5801 ο.
