4134 6426
436 392 540 446 833

1191 390 1543 448 EXPOSITIO
1581 391 1647 446 ΙΝ
1687 387 1901 445 EPIST.
1945 389 2010 442 Il.
2048 388 2140 444 AD
2181 390 2336 447 COB.
2371 421 2436 431 —
2478 393 2625 448 CAP.
2670 396 2755 450 ΙΙΙ.

3637 402 3742 456 834

439 539 529 595 ρια
575 519 668 574 τοῦ
699 516 846 578 Θεοῦ
887 516 960 590 ⁵⁸,
1001 515 1165 594 ἤγουν
1193 516 1256 576 τὸ
1298 515 1666 595 Εὗαγγέλιον,
1697 515 1788 576 καὶ
1832 515 1894 576 οὗ
1941 515 2031 575 δε-

2142 519 2310 575 steria
2341 519 2467 587 Dei,
2508 534 2703 591 nempe
2739 520 3136 592 Evangelium,
3173 538 3350 596 neque
3373 542 3514 598 opus
3552 534 3638 583 est
3678 543 3740 584 ea

436 605 607 682 όμεθα
636 605 996 686 ἀποκρύπτειν
1025 609 1198 664 ταῦτα
1235 608 1392 682 ύμῖν,
1436 605 1618 686 ὥσπερ
1663 605 1768 665 τινὶ
1817 603 2033 683 καλύμ-

436 717 599 770 ματι,
736 693 992 776 ἀσαφείᾳ.
1038 697 1111 757 Οἱ
1152 693 1210 754 δὲ
1253 692 1591 776 Ἰσραηλῖται
1630 702 1824 775 παχεῖς
1854 693 2031 768 ὄντες,

435 787 536 842 οὐκ
561 783 824 856 ἠδύναντο
856 786 1016 855 ἰδεῖν,
1069 781 1150 845 ὅτι
1191 785 1342 852 τέλος
1374 786 1485 864 ἔχει
1516 787 1544 842 6
1591 784 1750 862 νόμος
1774 833 1787 857 ,
1819 785 1910 844 καὶ
1954 783 2034 842 ὅτι

435 872 908 954 καταργηθήσεται
936 890 952 906 ⁸
983 871 1175 954 τὸγὰρ
1215 873 1478 952 κάλυμμα
1520 873 1616 944 τὴν
1657 874 1885 954 παχεῖαν
1942 874 2033 932 αὖ·

433 965 540 1022 τῶν
590 963 826 1023 διάνοιαν
877 963 1030 1036 δηλοῖ
1060 962 1136 1038 ⁵⁷,
1190 964 1260 1030 ὡς
1307 961 1426 1036 ἑξῆς
1480 963 1722 1044 μαθήσῃ.
1769 961 1925 1029 Τινὲς
1977 962 2034 1021 δὲ

433 1051 600 1121 οὕτως
629 1052 852 1126 ἐνόησαν
873 1097 890 1126 ,
936 1051 1016 1110 ὅτι
1047 1051 1175 1112 αὐτὸ
1203 1056 1357 1110 τοῦτο
1385 1051 1444 1110 τὸ
1477 1051 1552 1132 μὴ
1602 1053 1852 1113 δύνασθαι
1897 1050 2034 1110 ἐκεί-

433 1165 550 1210 νους
581 1142 852 1217 ἀτενίσαι,
887 1142 1114 1202 ἐδείκνυε
1144 1141 1247 1223 τὴν
1276 1139 1432 1211 δόξαν
1464 1143 1611 1210 τέλος
1645 1141 1900 1223 ἔχουσαν.
1937 1140 2032 1214 Μὴ

433 1232 682 1311 ὁρωμένη
734 1230 875 1314 γὰρ,
910 1231 1028 1292 οὐδὲ
1060 1230 1183 1301 δόξα
1215 1221 1278 1304 ἧν
1317 1252 1330 1266 ·
1384 1229 1481 1291 καὶ
1527 1221 1707 1299 οὕτως
1741 1233 1994 1303 ἐδηλοῦτο
2015 1275 2032 1304 ,

433 1320 516 1380 ὅτι
561 1323 917 1403 ὀλιγοχρόνιος
973 1320 1154 1396 ἔσται,
1216 1323 1277 1382 ἐκ
1344 1328 1438 1382 τοῦ
1507 1319 1643 1399 μηδὲ
1696 1318 1853 1390 δόξαν
1901 1318 2032 1401 φαί-

432 1415 640 1474 νεσθαι.

514 1618 538 1645 ι
572 1591 711 1653 Ἀλλ’
731 1591 1094 1675 ἐπωρώθησαν
1137 1593 1204 1653 τὰ
1227 1592 1474 1671 νοήματα
1512 1594 1683 1654 αὐτῶν
1718 1615 1729 1631 ·
1769 1595 1896 1676 ἄχρι
1928 1592 2032 1672 γὰρ

430 1687 526 1756 τῆς
578 1682 806 1762 σήμερον
863 1682 926 1743 τὸ
982 1683 1112 1743 αὐτὸ
1154 1683 1416 1762 κάλυμμα
1468 1684 1558 1742 ἐπὶ
1607 1689 1674 1765 τῇ
1729 1683 2032 1761 ἀναγνώσει

429 1777 527 1845 τῆς
560 1775 811 1840 Παλαιᾶς
845 1774 1113 1846 Διαθήκης
1145 1774 1327 1850 μένει,
1361 1771 1436 1851 μὴ
1480 1775 1984 1851 ἀνακαλυπτόμενον
2013 1818 2029 1851 ,

429 1861 464 1922 8
487 1886 540 1922 τι
571 1863 624 1922 ἐν
657 1865 876 1944 Χριστῷ
906 1871 1276 1943 καταργεῖται.
1331 1886 1359 1921 >>
1415 1863 1718 1944 Ἐπωρώθη
1739 1911 1756 1944 ,
1803 1865 1962 1945 φησὶν
2003 1869 2031 1924 6

427 1957 550 2021 νοῦς
605 1955 814 2026 αὐτῶν,
871 1952 962 2014 καὶ
1008 1952 1094 2011 διὰ
1131 1958 1287 2012 τοῦτο
1334 1951 1455 2012 οὔτε
1503 1957 1550 2012 οἱ
1600 1955 1721 2014 τότε
1769 1955 2030 2027 ἔϐλεπον,

430 2041 553 2102 οὔτε
582 2045 631 2103 οἱ
659 2047 748 2103 νῦν
772 2089 788 2119 ,
835 2045 906 2111 ὣς
935 2041 1323 2121 πεπωρωμένοι
1340 2088 1356 2114 ,
1400 2043 1490 2101 καὶ
1520 2043 1580 2102 τὸ
1612 2044 1740 2104 αὐτὸ
1768 2045 2030 2122 κάλυμμα

429 2133 640 2213 ἔχοντες
671 2133 725 2192 ἐν
755 2135 832 2215 τῷ
871 2132 1143 2214 προσώπῳ
1193 2139 1286 2192 τοῦ
1333 2135 1578 2201 Μωσέως
1601 2179 1617 2206 ,
1671 2135 1946 2194 τουτέστιν
1978 2139 2030 2195 ἐν

429 2227 499 2302 τῇ
529 2223 831 2306 ἐπιπολαίῳ
875 2221 1172 2301 ἀναγνώσει
1222 2227 1316 2282 τοῦ
1359 2222 1522 2301 νόμου
1551 2224 1604 2263 ⁵⁸
1635 2224 1881 2302 (Μωσέα
1926 2223 2029 2306 γὰρ

429 2310 519 2371 τὸν
557 2311 716 2390 νόμον
744 2312 991 2389 ὀνομάζει
1033 2311 1297 2392 Χριστὸς,
1331 2315 1402 2379 ὡς
1431 2315 1488 2372 τὸ
1509 2361 1525 2388 ,
1564 2336 1592 2371 (ι
1621 2311 1852 2393 Ἔχουσι
1887 2316 1941 2372 Μ
1957 2338 2027 2371 ω-

433 2400 529 2461 σέα
573 2403 663 2461 καὶ
701 2400 819 2470 τοὺς
865 2401 1138 2483 προφήτας
1168 2404 1258 2481 ιι),
1305 2402 1395 2460 καὶ⁵
1429 2403 1544 2462 οὐδὲ
1595 2402 2031 2463 ἀνακαλύπτεται

433 2491 636 2564 αὐτοῖς,
685 2490 804 2552 οὐδὲ
853 2489 1287 2570 διαγινώσκεται,
1346 2491 1426 2550 ὅτι
1468 2495 1496 2550 6
1555 2491 1790 2570 Χριστὸς
1839 2492 2032 2568 ἔμελλε

431 2585 766 2662 καταρῇσαι
807 2579 904 2654 τὴν
940 2580 1211 2640 Παλαιάν.
1255 2579 1436 2639 ⁰Ωστε
1483 2585 1576 2654 τῆς
1611 2584 1785 2640 αὐτῶν
1817 2581 2032 2660 γνώμης

431 2670 495 2728 τὸ
522 2678 769 2748 πταῖσμα
809 2689 823 2704 ⁸
860 2673 896 2742 ἡ
938 2669 1043 2751 γὰρ
1089 2668 1374 2748 πώρωσις,
1434 2670 1650 2748 γνώμης
1700 2670 2022 2751 ἁμάρτημα.

436 2757 532 2832 Μὴ
570 2759 762 2834 τοίνυν,
807 2758 973 2841 φησὶ,
1022 2757 1358 2834 θαυμάζετε,
1401 2761 1447 2819 εἰ
1497 2759 1571 2836 μὴ
1603 2758 1853 2818 δύνανται
1903 2761 2030 2818 ἰδεῖν

432 2845 532 2919 τὴν
562 2848 713 2918 δόξαν
743 2855 834 2909 τοῦ
868 2851 1104 2928 Χριστοῦ
1135 2847 1211 2924 ⁵9,
1247 2849 1339 2906 καὶ
1363 2856 1647 2908 πιστεῦσαι
1678 2852 1726 2908 οἱ
1753 2849 2030 2909 Ἰουδαῖοιο

434 2938 552 2998 οὗδὲ
598 2940 700 3021 γὰρ
733 2939 830 3013 τὴν
884 2943 976 2998 τοῦ
1029 2937 1226 3021 νόμου,
1270 2939 1365 3012 τὴν
1425 2941 1710 3014 ἐλάττονα,
1769 2940 2032 3012 ἠδύναντο

433 3029 578 3088 ἰδεῖν.
614 3019 683 3089 Ei
711 3027 814 3109 γὰρ
863 3028 1066 3100 ἐκείνην
1115 3019 1286 3102 εἶδον,
1323 3029 1536 3096 πάντως
1580 3027 1642 3088 ἂν
1675 3029 1767 3088 καὶ
1801 3028 1898 3098 τὴν
1942 3036 2033 3090 τοῦ⁹

431 3119 690 3197 Χριστοῦ.
731 3118 872 3187 Δόξα
901 3117 1006 3200 γᾴρ
1041 3115 1206 3194 νόμου
1229 3117 1292 3177 τὸ
1335 3118 1466 3199 πρὸς
1513 3119 1607 3178 τὸν
1639 3119 1873 3200 Χριστὸν
1910 3119 2030 3178 ἐπι-

434 3210 679 3292 στρέψαι.
717 3210 831 3268 Ποῦ
853 3208 910 3268 δὲ
941 3198 1084 3268 εἶπεν
1113 3206 1194 3266 ὅτι
1233 3212 1261 3268 6
1286 3198 1443 3285 νόμος
1471 3208 1523 3246 ⁶⁰
1555 3211 1607 3268 ἐν
1644 3198 1865 3290 Χριστῷ
1897 3207 2028 3286 μέλ·

433 3300 514 3358 λει
560 3301 991 3379 καταργηθῆναι;
1052 3296 1160 3359 Καὶ
1206 3299 1258 3356 ἐν
1308 3302 1424 3378 τῷ,
1481 3325 1505 3352 α
1565 3299 1859 3380 Προφήτην
1906 3301 2030 3375 ὑμῖν

433 3387 724 3461 ἀναστήσει
781 3387 972 3468 Κύριος
1017 3390 1046 3446 6
1096 3387 1233 3455 Θεός
1269 3409 1282 3424 ·
1331 3390 1488 3448 αὐτοῦ
1539 3389 1829 3448 ἀκούσεσθε
1889 3388 2030 3447 κατὰ

431 3477 628 3539 πάντα.
656 3501 686 3537 ι
717 3475 890 3538 ’Ὥστε
935 3479 1050 3536 ἐπεὶ
1079 3477 1506 3558 προσετάσσοντο
1551 3479 1714 3537 αὐτοῦ
1764 3479 1991 3537 ἀκοῦσαι
2014 3523 2030 3552 ,

433 3567 588 3636 αὐτὸς
619 3569 674 3628 δὲ
703 3568 796 3630 καὶ
823 3567 891 3626 τὰ
933 3567 1202 3628 Σάϐϐατα
1233 3567 1535 3647 παρέλυσε,
1566 3567 1654 3626 καὶ
1687 3569 1782 3640 τὴν
1817 3591 2027 3647 περιτο·

434 3658 572 3734 μὴν,
600 3659 694 3719 καὶ
745 3657 918 3717 τᾶλλα
969 3659 1183 3718 ἅπαντα
1213 3681 1227 3695 ·
1267 3662 1295 3717 6
1343 3657 1499 3735 νόμος
1547 3657 1650 3738 ἄρα
1697 3657 2030 3738 προσέτασσε

433 3747 529 3821 τὴν
573 3749 770 3809 οἰκείαν
810 3748 1125 3809 κατάλυσιν.
1169 3746 1332 3808 Ἀλλὰ
1375 3748 1466 3807 καὶ
1514 3749 1567 3806 ἐν
1615 3751 1689 3828 τῷ
1719 3749 1814 3815 τὰς
1845 3749 2030 3816 Θυσίας

431 3837 726 3916 προστάξαι
754 3837 989 3916 γίνεσθαι
1031 3835 1126 3915 μὲν
1172 3838 1225 3895 ἐν
1278 3836 1357 3896 ἑνὶ
1391 3841 1500 3917 ναῷ
1521 3883 1536 3910 ,
1567 3841 1750 3897 τοῦτον
1785 3837 1839 3896 δὲ
1873 3837 2031 3896 αὐτὸν

431 3928 593 3987 πάλιν
638 3929 915 4003 καθελεῖν,
948 3929 1008 3986 οὗ
1057 3927 1150 3994 τὰς
1199 3925 1380 3994 θυσίας
1429 3926 1614 4008 ἀνῄρει
1646 3929 1921 3994 παντελῶς
1949 3927 2029 4001 6‘;

439 4017 573 4092 Καὶ,
624 4040 654 4072 α
700 4015 779 4078 Σὺ
813 4015 1010 4096 ⁴ἱερεὺς
1055 4017 1126 4084 εἰς
1178 4015 1266 4074 τὸν
1317 4019 1486 4074 αἰῶνα
1538 4016 1676 4076 κατὰ
1731 4016 1828 4089 τὴν
1885 4015 2028 4084 τάξιν

434 4105 778 4187 Μελχισεδέκ
811 4129 824 4143 ’
856 4126 886 4163 ι)
929 4106 1055 4178 καὶ,
1108 4132 1133 4158 α
1177 4104 1385 4167 Θυσίαν
1433 4103 1524 4165 καὶ
1574 4105 1884 4185 προσφορὰν
1936 4108 2028 4165 οὐκ

430 4197 720 4270 ἠθέλησας.
753 4218 783 4256 ι)
826 4197 1014 4256 Ταῦτα
1045 4194 1150 4277 γὰρ
1181 4195 1359 4255 πάντα
1386 4195 1534 4263 λύσις
1561 4203 1653 4256 τοῦ
1683 4195 1867 4274 νόμου.

519 4397 549 4434 (ι
578 4373 719 4436 Ἀλλ’
763 4375 863 4443 ἕως
891 4373 1126 4456 σήμερον
1147 4373 1306 4448 ἡνίκα
1338 4373 1763 4452 ἀναγινώσκεται
1793 4379 1998 4451 Μωσῆς
2016 4421 2033 4451 ,

2145 609 2299 666 vobis
2341 609 2677 666 obscuritate
2718 618 2986 681 tanquam
3021 611 3293 670 velamine
3339 618 3605 689 qu0piam
3649 633 3742 674 oc-

2145 699 2368 756 cultare.
2404 698 2666 755 Israelita;
2710 707 2919 767 autem,
2968 708 3160 772 utpote
3207 701 3394 772 rudes,
3441 721 3552 762 non
3581 715 3738 778 pote-

2143 797 2267 845 rant
2295 788 2476 846 videre
2516 787 2665 862 quod
2696 788 2860 844 ﬁnem
2888 788 3140 847 habitura
3183 807 3299 848 erat
3327 792 3436 860 lex,
3484 796 3739 866 quodque

2144 877 2460 951 abroganda
2492 876 2652 934 foret.
2682 877 2876 934 Velum
2899 879 3045 935 enim
3068 880 3326 953 pinguem
3351 899 3569 940 necnon
3594 901 3738 941 cras-

2141 984 2262 1026 sam
2283 984 2476 1025 eorum
2508 976 2755 1025 mentem
2781 968 3075 1041 signiﬁcat,
3103 979 3164 1026 ut
3192 971 3336 1028 infra
3366 971 3564 1030 disces.
3588 976 3736 1030 Non-

2140 1059 2276 1114 nulli
2303 1074 2429 1116 vero
2454 1057 2529 1114 ita
2562 1057 2975 1128 intellexerunt,
3007 1058 3163 1132 quod
3191 1060 3326 1118 illud
3359 1061 3562 1135 ipsum,
3587 1064 3736 1136 quod

2140 1148 2353 1204 vultum
2387 1148 2504 1221 ejus
2534 1147 2740 1205 intueri
2773 1163 2883 1204 non
2920 1157 3240 1220 potuerunt,
3273 1151 3594 1209 ostenderet
3623 1153 3736 1226 glo-

2141 1237 2283 1294 riam
2305 1237 2467 1294 istam
2494 1236 2661 1294 ﬁnem
2689 1236 2912 1294 habere.
2944 1239 3086 1295 Cum
3115 1240 3263 1296 enim
3303 1255 3414 1298 non
3439 1241 3736 1311 videretur,

2139 1327 2311 1401 gloria
2356 1343 2466 1384 non
2513 1334 2671 1384 erat:
2709 1335 2874 1400 atque
2908 1326 3014 1386 hac
3065 1330 3280 1387 ratione
3323 1331 3738 1404 signiﬁcabatur

2141 1433 2266 1474 eam
2295 1434 2412 1474 non
2443 1417 2538 1475 diu
2564 1417 2912 1487 duraturam,
2951 1418 3405 1493 quandoquidem
3444 1437 3512 1478 ne
3557 1422 3735 1494 gloria

2142 1507 2362 1580 quidem
2395 1514 2695 1580 appareret.

2214 1596 2384 1666 260
2408 1597 2586 1652 Vens.
2619 1600 2702 1650 t4.
2736 1615 2762 1643 σι
2796 1593 2905 1650 Sed
2930 1594 3110 1653 obtusi
3136 1604 3268 1652 sunt
3292 1612 3486 1656 sensus
3515 1614 3736 1669 eorum,

2141 1688 2279 1742 Nam
2318 1685 2377 1741 in
2405 1683 2734 1740 hodiernum
2774 1698 2947 1755 usque
2976 1683 3125 1741 diem
3179 1685 3330 1743 idem
3379 1687 3630 1745 velamen
3683 1690 3739 1746 in

2063 1784 2110 1846 Β
2140 1774 2374 1832 lectione
2410 1773 2623 1830 Veteris
2649 1772 2988 1829 Testamenti
3043 1783 3234 1831 manet
3272 1791 3383 1832 non
3413 1778 3736 1846 revelatum,

2136 1865 2285 1939 quod
2315 1865 2374 1921 in
2419 1863 2638 1921 Christo
2667 1861 2938 1918 aboletur.
2994 1885 3019 1911 α
3054 1865 3337 1921 Excaecata
3378 1874 3483 1935 est,
3535 1867 3735 1940 inquit,

2140 1972 2298 2014 mens
2333 1971 2530 2014 eorum
2576 1972 2589 2008 :
2621 1969 2685 2010 ac
2723 1960 3013 2024 propterea
3053 1969 3234 2026 neque
3265 1955 3358 2028 qui
3403 1964 3524 2012 tum
3556 1957 3738 2015 vixere

2140 2046 2419 2116 videbant,
2472 2059 2649 2117 neque
2696 2041 2791 2117 qui
2861 2045 3023 2103 hodie
3077 2055 3372 2119 supersunt
3422 2056 3652 2103 cernunt
3721 2069 3732 2106 :

2141 2138 2340 2209 quippe
2366 2139 2622 2194 excaecati
2669 2138 2798 2209 sint,
2848 2139 3103 2212 idemque
3152 2136 3527 2194 velamentum
3565 2137 3736 2194 habe-

2139 2229 2318 2283 autin
2346 2227 2482 2284 facie
2518 2229 2711 2294 Mosis,
2740 2229 2860 2302 [hoc
2908 2237 3012 2297 est,
3056 2229 3115 2284 in
3142 2227 3468 2300 superﬁciali
3500 2228 3732 2284 lectione

2140 2317 2294 2390 legis.
2324 2319 2465 2373 Nam
2494 2320 2684 2375 Mosen
2727 2319 2978 2376 Christus
3025 2319 3200 2391 legem
3249 2317 3522 2386 nominat,
3575 2324 3635 2372 ut
3681 2318 3732 2372 in

2139 2421 2206 2462 eo
2235 2406 2356 2462 loco
2389 2427 2401 2462 :
2433 2430 2458 2456 α
2503 2407 2724 2464 Habent
2755 2411 2947 2464 Mosen
2977 2414 3034 2463 et
3072 2406 3368 2479 prophetas
3394 2400 3441 2461 ".
3492 2430 3515 2454 ι)
3545 2408 3736 2478 Neque

2139 2495 2416 2553 revelatur
2462 2497 2560 2565 eis,
2609 2513 2786 2570 neque
2850 2495 3208 2569 dignoscitur,
3264 2495 3410 2568 quod
3483 2495 3734 2552 Christus

2139 2593 2284 2641 esset
2350 2585 2736 2658 antiquaturus
2807 2587 2980 2642 Vetus
3041 2588 3474 2641 Testamentum.
3538 2587 3731 2656 Itaque

2141 2674 2342 2730 mentis
2371 2691 2565 2731 eorum
2601 2691 2754 2732 error
2779 2684 2863 2732 est
2896 2694 2910 2730 :
2944 2674 3221 2748 siquidem
3250 2674 3541 2731 excaecatio
3571 2689 3730 2730 men-

2139 2763 2208 2820 tis
2236 2774 2317 2820 est
2338 2775 2643 2837 peccatum.
2675 2767 2756 2821 Ne
2784 2765 2946 2839 igitur
2978 2766 3181 2821 mirum
3226 2765 3295 2820 sit
3323 2763 3497 2832 vobis,
3531 2764 3730 2836 inquit,

2141 2853 2186 2910 si
2226 2871 2336 2910 non
2375 2856 2587 2928 possint
2609 2855 2812 2912 intueri
2839 2856 2891 2910 in
2923 2854 3152 2927 gloriam
3177 2853 3400 2923 Christi,
3435 2863 3490 2910 et
3517 2855 3736 2910 credere

2140 2945 2320 3001 Judaei
2349 2965 2362 3000 :
2393 2961 2569 3018 neque
2597 2946 2742 3001 enim
2767 2945 3001 3018 gloriam
3035 2944 3184 3016 legis,
3221 2959 3344 3017 quae
3374 2944 3556 3000 minor
3593 2951 3731 3012 erat,

2141 3036 2455 3106 conspicere
2493 3043 2762 3106 poterant.
2810 3035 2866 3092 Si
2908 3036 3056 3090 enim
3103 3035 3240 3104 legis
3287 3035 3517 3107 gloriam
3569 3033 3735 3090 vidis-

2142 3132 2284 3192 sent,
2335 3124 2533 3181 Christi
2577 3125 2742 3182 etiam
2772 3123 3003 3197 gloriam
3046 3123 3326 3180 vidissent.
3363 3122 3554 3180 Gloria
3583 3123 3734 3179 enim

2141 3213 2272 3287 legis
2300 3223 2402 3282 est,
2454 3213 2524 3270 ad
2567 3215 2852 3272 Christum
2883 3215 3151 3271 converti.
3204 3213 3304 3270 Ubi
3340 3221 3530 3269 autem
3575 3213 3735 3280 dixit,

2140 3304 2290 3377 quod
2317 3305 2397 3359 lex
2427 3320 2526 3376 per
2557 3305 2839 3361 Christum
2870 3305 2940 3361 sit
2965 3303 3312 3376 abroganda?
3339 3303 3455 3359 Illic
3481 3303 3576 3358 ubi
3608 3303 3684 3360 ait
3716 3321 3728 3358 :

2144 3415 2168 3442 α
2212 3393 2542 3466 Prophetam
2604 3395 2758 3450 vobis
2816 3393 3079 3450 excitabit
3122 3393 3399 3450 Dominus
3445 3397 3596 3450 Deus
3643 3410 3660 3453 1
3721 3411 3733 3448 :

2138 3482 2316 3554 ipsum
2349 3499 2444 3555 per
2471 3483 2656 3539 omnia
2677 3483 2926 3539 audietis.
2977 3507 3001 3531 η
3037 3485 3230 3554 Itaque
3260 3498 3387 3538 cum
3409 3483 3738 3555 juberentur

2139 3572 2322 3644 ipsum
2374 3572 2585 3638 audire,
2617 3573 2734 3643 ipse
2776 3587 2901 3628 vero
2931 3579 2985 3627 et
3023 3571 3264 3638 Sabbata
3303 3571 3648 3640 dissolveret,
3681 3580 3736 3627 et

2139 3661 2613 3718 circumcisionem
2648 3663 2864 3733 aliaque
2908 3661 3097 3718 omnia
3151 3663 3279 3718 :lex
3323 3662 3493 3733 igitur
3551 3662 3736 3734 impe-

2138 3750 2295 3808 rabat
2324 3751 2606 3823 propriam
2641 3751 2724 3807 sui
2755 3750 3198 3806 dissolutionem.
3245 3751 3472 3820 Insuper
3509 3766 3604 3822 per
3631 3750 3739 3806 hoc

2139 3839 2287 3915 quod
2325 3841 2582 3913 praecepit
2603 3853 2768 3896 sacra
2796 3839 2912 3896 ﬁeri
2941 3841 2996 3895 in
3020 3855 3130 3896 uno
3172 3839 3400 3911 templo,
3452 3855 3518 3895 ac
3546 3855 3739 3895 rursus

2139 3931 2271 3988 illud
2304 3931 2484 4002 ipsum
2517 3929 2800 3998 destruxit,
2831 3945 3010 3985 nonne
3055 3928 3325 3984 sacriﬁcia
3375 3929 3610 3984 omnino
3638 3944 3738 3984 au-

2139 4019 2387 4078 ferebat?
2438 4023 2528 4085 Et,
2573 4038 2603 4072 ι(
2644 4022 2730 4076 Tu
2803 4035 2860 4076 es
2907 4017 3163 4074 sacerdos
3207 4019 3261 4074 in
3305 4026 3598 4087 aeternum,
3655 4033 3737 4074 se-

2140 4110 2382 4168 cundum
2419 4110 2675 4167 ordinem
2707 4108 3107 4166 Melchisedech
3146 4111 3185 4140 ¹¹¹
3208 4127 3224 4177 ;
3251 4128 3278 4158 η
3323 4115 3399 4176 et,
3436 4127 3462 4162 ι(
3513 4107 3736 4165 Sacriﬁ-

2142 4201 2290 4258 cium
2331 4209 2386 4256 et
2413 4200 2753 4257 oblationem
2784 4199 3013 4256 noluisti
3044 4207 3094 4255 ιι.
3145 4222 3170 4250 ι)
3198 4200 3318 4255 Hac
3358 4197 3504 4255 enim
3547 4197 3733 4255 omnia

2143 4291 2275 4365 legis
2302 4299 2433 4347 sunt
2459 4289 2681 4347 solutio.

2214 4389 2394 4442 Vnus.
2445 4390 2532 4441 12.
2567 4407 2592 4434 α
2623 4382 2733 4442 Sed
2761 4399 2935 4455 usque
2958 4383 3015 4440 in
3043 4383 3375 4442 hodiernum
3406 4383 3562 4441 diem
3598 4398 3727 4439 cum

431 4464 694 4544 κάλυμμα
738 4465 829 4550 ἐπὶ
875 4465 971 4537 τὴν
1021 4465 1244 4544 καρδίαν
1276 4466 1452 4524 αὐτῶν
1504 4472 1697 4527 κεῖται.
1733 4493 1756 4519 ι
1805 4464 2031 4539 Ἐπειδή

2141 4476 2338 4550 legitur
2403 4478 2611 4542 Moses,
2668 4473 2915 4530 velamen
2972 4474 3213 4545 positum
3273 4481 3359 4529 est
3419 4489 3588 4545 super
3636 4487 3734 4528 cor

433 4555 680 4636 ἀνωτέρω
731 4544 898 4628 εἶπεν,
935 4554 1019 4615 ὅτι
1069 4554 1331 4632 κάλυμμα
1373 4555 1462 4614 ἐπὶ
1603 4553 1898 4634 ἀναγνώσει
1937 4562 2031 4630 τῆς

435 4646 684 4712 Παλαιᾶς
712 4653 886 4704 κεῖται
912 4667 926 4682 ο
980 4642 1069 4702 ἵνα
1114 4643 1190 4722 μή
1240 4667 1318 4711 τις
1361 4642 1554 4724 νομίσῃ
1583 4689 1601 4722 ,
1637 4645 1720 4706 ὅτι
1764 4647 2030 4724 κάλυμμα

428 4732 572 4812 λέγει
619 4734 714 4807 τὴν
749 4741 842 4794 τοῦ
871 4732 1034 4813 νόμου
1083 4733 1379 4815 ἀσάφειαν,
1429 4734 1612 4814 Οὐχὶ,
1661 4734 1857 4814 φησὶν,
1890 4735 2030 4796 ἀλλὰ

432 4823 527 4896 τὴν
559 4821 809 4903 πώρωσιν
857 4825 952 4885 καὶ
991 4824 1282 4905 παχύτητα
1327 4826 1424 4894 τῆς
1468 4825 1643 4883 αὐτῶν
1694 4824 1913 4904 καρδίας
1945 4826 2028 4900 (⁵³,

431 4913 630 4987 ταύτην
661 4916 799 4995 φημὶ
828 4913 1090 4993 κάλυμμα
1120 4934 1134 4949 ⁶
1168 4913 1279 4974 ἐπεὶ
1310 4913 1402 4972 καὶ
1432 4915 1485 4972 ἐν
1612 4912 1732 4996 ὄψει
1767 4915 2028 4988 Μωσέως,

434 5004 490 5062 οὖ
515 5006 583 5063 δι’
625 5005 822 5063 ἐκεῖνον
849 5003 1056 5080 ἔκειτο,
1090 5003 1231 5065 ἀλλὰ
1263 5002 1352 5063 διὰ
1380 5001 1479 5076 τὴν
1515 5002 1718 5064 τούτων
1747 5005 2030 5088 παχύτητα

433 5092 520 5152 καὶ
555 5093 938 5173 ἇμϐλυωπίαν.

522 5273 774 5336 (ιἯνίκα
821 5273 867 5334 δ’
907 5274 973 5336 ἂν
1015 5273 1312 5357 ἐπιστρέψῃ
1360 5276 1491 5357 πρὸς
1544 5273 1776 5357 Κύριον,
1826 5299 2032 5359 περιαι-

2137 4581 2353 4623 eorum.
2403 4588 2428 4613 ι
2481 4564 2624 4637 Quia
2672 4579 2833 4635 supra
2881 4561 3113 4630 dixerat,
3170 4560 3318 4634 quod
3370 4561 3431 4616 in
3499 4561 3737 4616 lectione

2140 4656 2338 4712 veteris
2385 4654 2519 4727 legis
2567 4653 2829 4710 velamen
2872 4651 3232 4724 sitpositum,
3279 4665 3349 4705 ne
3394 4651 3514 4722 quis
3539 4649 3740 4705 existi-

2141 4753 2256 4802 met
2301 4743 2454 4817 quod
2499 4741 2872 4799 velamentum
2918 4741 3048 4812 legis
3114 4739 3516 4796 obscuritatem
3567 4739 3734 4808 dicat,

2136 4833 2600 4906 Haudquaquam,
2631 4830 2972 4905 inquitﬁ‘sed
3025 4831 3328 4888 caecitatem
3378 4839 3436 4887 et
3483 4828 3739 4886 crassitu-

2143 4925 2330 4982 dinem
2387 4921 2568 4980 cordis
2626 4937 2844 4990 eorum,
2900 4919 3044 4977 hanc
3111 4919 3240 4978 dico
3293 4920 3665 4976 velamentum
3718 4935 3734 4973 :

2140 5011 2589 5089 quandoqurdem
2631 5011 2688 5066 in
2718 5009 2855 5067 facie
2898 5010 3237 5079 Mosis,non
3284 5019 3508 5082 prOpter
3536 5007 3737 5078 ipsum,

2141 5104 2237 5164 sed
2275 5111 2499 5177 propter
2534 5117 2731 5159 eorum
2774 5100 3077 5157 crassitiem
3120 5098 3621 5170 hebetudinemque
3653 5097 3734 5153 vi-

2140 5211 2234 5252 sus
2263 5193 2506 5268 positum
2529 5200 2668 5248 erat.

2213 5287 2398 5342 Vsus.
2431 5286 2518 5340 16.
2556 5304 2583 5332 ι
2615 5279 2847 5351 Quando
2885 5287 3074 5336 autem
3115 5292 3416 5336 conversus
3466 5275 3635 5336 fuerit
3668 5276 3741 5335 ad

502 5402 530 5442 "
555 5412 692 5468 Luc.
725 5424 855 5480 xvr,
889 5415 978 5468 29.
1057 5409 1073 5446 ¹
1103 5411 1272 5468 Deut.
1308 5424 1494 5478 xvm,
1533 5416 1621 5472 18.
1695 5418 1738 5447 ιη
1766 5411 1911 5468 Psal.
1944 5427 2075 5470 cur.
2101 5418 2155 5470 4.
2233 5419 2261 5448 ιι
2291 5410 2439 5468 Psal.
2471 5423 2688 5480 XXXIX,
2719 5412 2774 5464 7.

1824 5520 2015 5582 Variae
2055 5521 2354 5582 lectiones.

503 5635 546 5671 ⁸⁷
594 5635 761 5699 καλῶς
811 5638 900 5691 τοῦ
930 5634 1226 5707 εὖαγγελίου
1280 5652 1334 5693 0.
1411 5636 1453 5671 ⁵⁷
1481 5637 1634 5692 καλεῖ
1674 5654 1726 5694 o.
1805 5635 1850 5672 ⁸⁸
1906 5641 1995 5705 τῆς
2043 5638 2258 5700 παλαιᾶς
2310 5636 2549 5704 διαθήκης
2602 5650 2655 5692 0.
2733 5632 2778 5669 δ’
2809 5636 2897 5687 τοῦ
2941 5631 3070 5686 Θεοῦ
3112 5647 3166 5689 ο.
3242 5629 3289 5665 ⁶⁰
3316 5629 3346 5684 ὁ
3374 5631 3525 5702 νόμος
3569 5628 3648 5684 δτι
3677 5646 3734 5686 0-

430 5717 468 5752 ⁶¹
501 5722 721 5788 φανερῶς
747 5732 800 5773 ο.
878 5717 922 5752 ⁸³
948 5717 1168 5780 διανοίας
1191 5733 1248 5774 0.
