4134 6420
394 409 496 463 835

1411 398 1927 455 THEOPHYLACTI
1966 394 2328 451 BULGARl/E
2367 394 2686 450 ARCHIEP.

3596 393 3700 446 836

391 532 721 599 Dominum,
779 526 1056 586 auferetur
1129 527 1401 582 velamen.
1459 525 1735 580 Dominus
1789 530 1973 578 autem

2101 527 2268 600 ρεῖται
2297 520 2356 578 τὸ
2387 521 2651 596 κάλυμμα
2686 541 2699 554 ·
2735 521 2764 576 ὁ
2893 517 3088 598 Κύριος
3120 516 3180 576 τὸ
3228 517 3452 593 Πνεῦμὲ
3489 519 3626 576 ἐστι.
3661 537 3691 573 n

390 621 628 694 Spiritus
667 625 771 677 est.
821 639 846 667 ι
901 619 1132 674 Modum
1181 615 1267 671 hic
1317 614 1452 671 dicit
1502 630 1612 686 quo
1651 611 1768 668 ﬁeri
1809 611 1984 683 possit

388 719 454 767 ut
478 710 826 782 corrigantur
857 707 1118 764 Israelita:
1147 723 1162 761 :
1211 729 1238 755 ιι
1270 704 1504 776 Quando
1535 717 1830 758 conversus
1859 700 1986 756 fue-

385 801 461 857 rit
487 799 558 857 ad
587 799 916 866 Dominum,
948 819 976 848 ι)
1030 796 1208 869 inquit
1238 813 1251 852 :
1284 795 1389 851 hoc
1417 803 1522 861 est,
1550 792 1774 866 quando
1803 806 1833 847 a
1866 790 1985 862 lege

387 888 668 958 defecerit,
714 888 1116 959 accesseritque
1170 884 1432 958 spirituali
1477 882 1795 953 Evangelio,
1850 889 1984 935 tunc

389 979 672 1036 auferetur
733 977 1129 1034 velamentum.
1187 976 1333 1031 Nam
1380 972 1598 1047 quando
1671 975 1876 1037 Moses,
1923 977 1985 1025 ut

387 1067 615 1124 historia
661 1067 846 1136 habet,
898 1066 967 1124 ad
997 1065 1306 1123 Dominum
1342 1062 1784 1129 convertebatur,
1843 1067 1984 1115 rete-

385 1165 507 1214 ctus
533 1165 665 1213 erat.
694 1156 756 1214 ld
779 1171 910 1212 vero
938 1155 1106 1212 futuri
1136 1164 1296 1228 typus
1324 1162 1442 1210 erat
1477 1173 1488 1208 :
1519 1167 1648 1208 nam
1677 1165 1805 1206 cum
1846 1163 1983 1204 con-

385 1263 571 1304 versus
597 1247 873 1319 quispiam
901 1244 1070 1302 fuerit
1091 1245 1160 1302 ad
1211 1243 1479 1316 Spiritum
1512 1242 1580 1314 (is
1610 1239 1757 1296 enim
1783 1237 1981 1294 Domi-

383 1352 490 1392 nus
527 1342 655 1404 est),
693 1344 825 1392 tunc
864 1335 1076 1391 nudam
1135 1332 1344 1390 videbit
1384 1332 1578 1388 faciem
1633 1327 1981 1402 legislatoris,

384 1426 499 1482 imo
530 1425 644 1497 ipse
689 1424 794 1481 erit
835 1425 891 1480 in
937 1423 1110 1481 Mosis
1161 1423 1355 1479 ordine
1398 1429 1452 1477 et
1497 1422 1640 1488 loco,
1682 1427 1738 1475 et
1765 1417 1982 1474 fruetur

384 1515 580 1587 gloria,
630 1514 766 1586 legis
803 1514 1061 1587 gloriam,
1109 1521 1382 1586 quantum
1420 1511 1628 1568 dictum
1666 1515 1769 1577 est,
1817 1521 1978 1578 supe-

383 1613 564 1661 rante.
607 1605 769 1676 261
821 1605 980 1659 Hanc
1022 1602 1172 1660 enim
1215 1600 1442 1659 donabit
1485 1599 1743 1672 Spiritus,
1788 1602 1979 1668 utpote

382 1693 662 1751 Dominus
686 1702 740 1750 et
767 1693 1138 1765 omnipotens.

455 1786 733 1842 VEBSJ'I.
769 1802 798 1836 (ι
838 1783 951 1840 Ubi
999 1791 1182 1839 autem
1211 1781 1444 1855 Spiritus
1498 1778 1746 1848 Domini,
1794 1775 1870 1832 ibi
1911 1775 1976 1832 li—

382 1875 586 1931 bertas.
623 1897 650 1924 ιο
682 1874 747 1928 1n
771 1874 890 1946 lege
929 1871 1125 1945 jugum
1162 1880 1280 1929 erat
1309 1879 1367 1928 et
1393 1870 1630 1927 servitus
1664 1887 1676 1923 :
1707 1867 1760 1922 in
1809 1865 1977 1937 Spiri-

379 1971 472 2021 tus
507 1972 694 2020 autem
732 1964 852 2036 lege
881 1971 936 2019 et
964 1962 1276 2036 Evangelio,
1316 1962 1561 2027 libertas,
1595 1965 1659 2015 ut
1697 1956 1835 2013 citra
1883 1954 1981 2010 ob-

374 2057 652 2114 staculum
679 2065 735 2114 et
756 2057 930 2114 libere
956 2055 1211 2112 videatur
1231 2055 1404 2128 gloria
1430 2053 1676 2112 Domini.

449 2241 630 2297 Vens.
693 2245 779 2296 18.
843 2257 874 2293 ι(
921 2239 1038 2296 Nos
1085 2253 1218 2294 vero
1265 2253 1461 2294 omnes
1528 2236 1769 2294 revelata
1850 2234 1983 2292 facie

377 2330 617 2387 Sloriam
651 2328 872 2386 Domini
905 2327 1272 2402 speculantes,
1303 2327 1369 2384 ad
1401 2326 1654 2384 eamdem
1677 2326 1979 2399 imaginem

376 2419 865 2488 transformamur,
915 2435 947 2476 a
993 2418 1161 2491 gloria
1206 2419 1261 2474 in
1315 2418 1575 2491 gloriam,
1633 2425 1898 2488 tauquam
1947 2431 1978 2472 a

377 2508 600 2566 Domini
637 2509 861 2581 Spiritu.
908 2531 935 2557 ν
971 2511 1185 2578 Tanta,
1214 2508 1410 2582 inquit,
1445 2507 1694 2563 libertate
1724 2515 1778 2563 et
1823 2507 1978 2579 inge-

376 2599 583 2656 nuitate
606 2597 864 2666 fruimur,
911 2606 974 2654 ut
1001 2614 1196 2654 omnes
1225 2614 1329 2653 nos
1369 2597 1575 2662 ﬁdeles,
1620 2613 1733 2653 non
1779 2611 1973 2669 quem-

376 2688 675 2745 admodum
706 2703 848 2744 nnus
875 2686 984 2744 illic
1012 2689 1220 2756 Moses,
1259 2693 1461 2743 retecta
1491 2685 1625 2742 facie
1663 2685 1796 2758 (non
1823 2685 1973 2741 enim

378 2784 459 2834 est
506 2777 650 2848 apud
695 2777 978 2833 credentes
1029 2776 1416 2842 velamentum)
1476 2775 1711 2849 gloriam
1751 2774 1977 2830 Domini

371 2866 734 2939 speculantes,
769 2864 841 2921 ad
869 2865 1132 2922 eamdem
1161 2865 1458 2936 imaginem
1486 2864 1972 2930 transiormemur,

378 2955 482 3011 hoc
509 2963 612 3024 est,
643 2955 900 3012 eamdem
947 2955 1186 3027 gloriam
1237 2954 1584 3025 recipiamus,
1618 2963 1675 3010 et
1711 2961 1974 3026 tanquam

376 3045 685 3118 speculum,
736 3043 1089 3116 splendorem
1136 3043 1468 3115 recipientcs
1522 3059 1585 3099 ac
1639 3058 1836 3098 rursus
1888 3058 1976 3097 re-

376 3134 738 3207 splendentes.
789 3136 872 3189 Ac
911 3133 1391 3204 quemadmodum
1430 3141 1722 3205 argentum
1769 3132 1870 3188 soli
1911 3148 1974 3189 ex

376 3224 606 3281 adverso
636 3223 883 3296 positum
920 3221 1102 3278 radios
1130 3221 1400 3295 quosdam
1430 3231 1484 3278 et
1519 3223 1698 3294 ipsum
1739 3222 1973 3294 appulsu

377 3314 511 3370 solis
529 3313 781 3381 remittit,
805 3313 882 3369 sic
909 3321 966 3368 et
990 3328 1092 3367 nos
1127 3312 1181 3367 iu
1209 3311 1538 3383 baptismate
1580 3329 1675 3384 per
1703 3313 1969 3384 Spiritum

381 3402 595 3476 purgati
650 3401 906 3475 illiusque
952 3401 1119 3457 radiis
1172 3401 1451 3470 illustrati,
1477 3402 1644 3474 jubar
1690 3401 1970 3474 quoddam

380 3493 662 3564 spirituale
690 3493 1050 3560 remittimus,
1091 3507 1156 3548 ac
1205 3492 1670 3548 transformamur
1715 3493 1786 3549 ad
1815 3508 1971 3548 eam-

384 3581 517 3638 dem
567 3582 886 3655 imaginem,
935 3597 964 3636 a
1015 3581 1184 3652 gloria
1234 3582 1467 3654 Spiritus
1496 3581 1568 3637 ad
1598 3581 1832 3655 gloriam
1877 3598 1974 3637 nc-

382 3679 555 3727 stram
585 3688 599 3726 :
637 3687 865 3744 eamque
893 3671 1085 3736 talem,
1109 3671 1327 3742 qualem
1364 3688 1460 3743 par
1487 3679 1569 3728 est
1611 3671 1812 3728 habere
1839 3688 1968 3728 eum

379 3761 515 3833 quia
540 3761 746 3833 Spiritu
776 3761 1023 3829 Domini,
1059 3761 1154 3832 qui
1185 3761 1318 3817 nulli
1361 3769 1450 3816 est
1486 3761 1786 3832 subjectus,
1842 3761 1970 3816 illu-

379 3857 587 3907 stratus
627 3859 731 3907 est.
776 3852 917 3906 Nam
965 3866 1094 3906 cum
1132 3851 1401 3906 Dominus
1439 3851 1531 3919 sit,
1565 3850 1766 3906 heriles
1806 3850 1970 3908 etiam

379 3939 525 3996 faces
554 3939 741 3996 habet.
787 3938 1068 4012 Siquidem
1096 3955 1290 3996 omnes
1325 3940 1511 3996 ﬁdeles
1551 3941 1754 4012 Spiritu
1780 3949 1970 3996 sancto

377 4031 657 4102 replentur
689 4044 784 4101 per
825 4029 1093 4100 baptisma
1146 4029 1434 4101 animaque
1483 4030 1727 4102 ipsorum
1777 4029 1969 4102 fulget,

376 4119 827 4191 quandoquidem
864 4117 1032 4174 etiam
1060 4119 1242 4175 Moses
1272 4117 1514 4173 divinam
1554 4118 1784 4191 gloriam
1833 4135 1972 4174 con-

373 4207 633 4279 spicatus,
663 4204 1089 4263 transformatus
1109 4216 1190 4263 est
1214 4216 1271 4264 et
1298 4208 1412 4279 ipse
1444 4207 1502 4263 in
1535 4209 1699 4277 hanc,
1732 4209 1840 4264 hoc
1869 4219 1970 4276 est,

375 4296 676 4369 assumpsit
713 4305 769 4352 et
797 4294 910 4367 ipse
949 4294 1239 4366 fulgorem,
1281 4297 1526 4370 luxitque
1573 4299 1756 4356 vultus
1781 4299 1970 4370 ipsius,

373 4387 577 4459 quippe
601 4385 697 4460 qui
727 4386 898 4458 ﬁgura
917 4387 1090 4441 nostri
1114 4395 1274 4445 esset.

978 4662 1220 4719 CAPUT
1261 4664 1352 4718 ιν.

439 4769 620 4825 Vsus.
660 4774 710 4823 1.
755 4789 781 4818 ιι
823 4767 950 4825 Ideo
988 4768 1249 4825 habentes
1299 4769 1440 4826 hanc
1476 4769 1962 4840 ministrationem,

369 4856 840 4928 quemadmodum
913 4857 1353 4915 misericordiam
1422 4861 1699 4915 consecuti
1751 4877 1962 4931 sumus,

369 4963 480 5003 non
514 4945 820 5003 deﬁcimus.
865 4970 891 4996 ι)
924 4948 1060 5016 Quia
1085 4950 1260 5005 multa
1292 4965 1358 5006 ac
1385 4965 1580 5020 magna
1605 4950 1844 5015 dixerat,
1879 4953 1964 5006 ni-

370 5037 598 5103 mirum,
623 5039 738 5093 Nos
776 5037 1008 5108 apostoli
1054 5041 1206 5094 Mose
1252 5038 1491 5110 majores
1521 5055 1710 5094 sumus
1741 5042 1888 5105 (nam
1916 5042 1961 5096 si

371 5141 584 5193 omnes,
613 5127 785 5183 multo
827 5128 1002 5199 magis
1031 5127 1158 5194 isti),
1192 5136 1348 5183 curat
1384 5144 1552 5194 nunc,
1597 5129 1840 5200 adquue
1872 5130 1962 5186 (fc-

370 5215 542 5271 mittit
586 5223 864 5273 tumorem
915 5217 1105 5284 istum,
1146 5216 1248 5272 Dei
1287 5224 1390 5283 est,
1425 5218 1696 5288 inquiens,
1739 5219 1960 5274 univer-

369 5319 514 5360 sum.
546 5306 655 5361 Nos
678 5306 823 5362 enim
842 5306 1077 5362 ministri
1109 5307 1501 5362 tantummodo
1521 5322 1713 5363 sumus
1746 5329 1757 5364 :
1788 5325 1966 5381 neque

368 5394 498 5451 illud
528 5395 696 5451 etiam
727 5395 1096 5452 ministerium
1126 5404 1375 5452 nostrum
1414 5403 1519 5464 est,
1553 5397 1671 5466 sed,
1711 5417 1737 5450 ι(
1763 5414 1958 5470 quem-

363 5483 688 5551 admodum,
720 5506 745 5532 ιο
778 5484 979 5556 inquit,
1024 5506 1050 5533 α
1074 5485 1513 5543 misericordiam
1544 5489 1832 5544 consecuti
1863 5505 1960 5544 su-

2012 1909 2060 1971 Β

2098 609 2257 686 Λέγει
2289 613 2378 667 νῦν
2408 607 2601 688 τρόπον
2622 653 2638 684 ,
2685 609 2753 665 δι’
2785 598 2842 666 οὗ
2876 608 3094 666 δυνατόν
3125 609 3237 664 ἐστι
3271 609 3620 684 διορθεηθῆναι
3645 606 3698 643 ⁵³

2095 699 2217 765 τοὺς
2249 698 2609 777 Ἰσραηλίτας,
2645 719 2671 753 ιι
2706 695 2883 758 "Otus
2917 695 3208 776 ἐπιστρέψῃ
3249 695 3378 775 πρὸς
3408 696 3627 775 Κύριον,
3663 719 3694 750 υ

2097 789 2258 866 φησί·
2289 787 2587 860 τουτέστιν,
2636 786 2812 848 εὈταν
2843 789 3050 866 ἀποστῇ
3080 791 3173 845 τοῦ
3203 784 3386 862 νόμου,
3410 784 3502 842 καὶ
3530 807 3696 864 προσ-

2095 877 2218 956 έλθῃ
2266 880 2342 958 τῷ
2415 881 2761 956 πνευματικῷ
2829 876 3178 955 Εὐαγγελίῳ,
3230 874 3349 934 τότε
3403 877 3696 954 περιαιρεῖ-

2093 990 2180 1026 ται
2223 967 2283 1026 τὸ
2312 966 2596 1044 κάλυμμα.
2631 966 2743 1026 Καὶ
2783 965 2886 1046 γὰρ
2926 968 3019 1026 καὶ
3050 964 3138 1025 ἐπὶ
3169 968 3266 1034 τ’ἧς
3308 964 3542 1041 ἱστορίας
3564 1012 3579 1037 ,
3605 963 3692 1023 ὅτε

2094 1056 2226 1137 πρὸς
2274 1057 2360 1115 τὸν
2409 1058 2548 1117 Θεὸν
2579 1056 2871 1142 ἐπέσφεψε
2913 1060 3115 1128 Μωσῆς
3137 1101 3151 1129 ,
3184 1053 3697 1132 ἀνακεκαλυμμένος

2091 1138 2177 1220 ἦν.
2210 1150 2386 1208 Τοῦτο
2435 1145 2489 1204 δὲ
2537 1152 2626 1206 τοῦ
2677 1136 2958 1222 μέλλοντος
2998 1144 3162 1213 τύπος
3201 1136 3292 1217 ἦν,
3318 1143 3398 1203 ὅτι
3430 1145 3554 1202 ὅταν
3585 1145 3693 1202 ἐπιο

2093 1241 2302 1317 στραφῇ
2353 1259 2430 1304 τις
2459 1235 2587 1315 πρὸς
2632 1235 2691 1294 τὸ
2727 1239 2951 1314 Πνεῦμα
3001 1234 3198 1314 (τοῦτο
3237 1233 3342 1313 γὰρ
3377 1237 3404 1292 ὃ
3440 1232 3694 1312 Κύριος),

2091 1327 2212 1385 τότε
2265 1327 2462 1404 γυμνὸν
2525 1325 2713 1406 ὄψεται
2775 1324 2834 1383 τὸ
2889 1324 3173 1404 πρόσωπον
3234 1329 3326 1383 τοῦ
3370 1323 3692 1399 νομοθέτου·

2093 1417 2295 1494 μᾶλλον
2341 1415 2396 1474 δὲ
2446 1415 2598 1483 αὐτὸς
2648 1416 2798 1474 ἔσται
2843 1418 2895 1474 ἐν
2940 1414 3085 1484 τάξει
3135 1413 3401 1484 Μωσέως,
3462 1412 3554 1470 καὶ
3600 1417 3696 1484 τῆς

2090 1505 2242 1578 δόξης
2294 1503 2591 1564 ἀπολαύσει
2623 1507 2718 1576 τῆς
2763 1503 3199 1585 ὑπερϐαλλούσης
3249 1501 3344 1574 τὴν
3387 1507 3479 1560 τοῦ
3525 1501 3690 1579 νόμου

2090 1593 2280 1669 δόξαν,
2314 1591 2434 1654 ὅσον
2469 1593 2713 1673 εἴρηταιο
2759 1593 2958 1666 ταύτην
3011 1592 3114 1671 γάρ
3154 1615 3238 1653 σοι
3287 1592 3572 1672 χαρίσεται
3625 1591 3685 1649 τὸ

2091 1686 2348 1762 Πνεῦμα,
2378 1685 2449 1750 ὡς
2483 1682 2676 1763 Κύριος
2707 1681 2798 1742 καὶ
2831 1682 3258 1759 παντοδύναμος.

2171 1800 2194 1824 α
2222 1764 2305 1833 Οἵ
2346 1773 2401 1832 δὲ
2430 1771 2491 1831 τὸ
2520 1776 2744 1851 Πνεῦμα
2778 1771 3009 1852 Κυρίου,
3045 1774 3160 1830 ἐκεῖ
3198 1772 3492 1852 ἐλευθερία.
3528 1798 3552 1824 ι
3585 1770 3684 1832 Ἐν

2088 1863 2164 1943 τῷ
2197 1861 2343 1942 νόμῳ
2375 1861 2522 1939 ζυγὸς
2569 1853 2635 1934 ἧν
2680 1861 2774 1921 καὶ
2815 1863 3026 1921 δουλεία
3057 1881 3072 1895 ⁸
3103 1863 3156 1919 ἐν
3201 1861 3256 1920 δὲ
3289 1864 3362 1942 τῷ
3393 1868 3484 1922 τοῦ
3511 1860 3692 1920 Πνεύ-

2091 1975 2256 2029 ματος
2306 1950 2456 2032 νόμῳ
2510 1949 2603 2010 καὶ
2653 1953 2728 2030 τῷ
2787 1951 3134 2032 Ιίὖαγγελίῳ,
3185 1952 3454 2027 ἐλευθερία
3483 1995 3499 2023 ,
3553 1949 3693 2009 ὥστε

2094 2039 2380 2108 ἀκωλύτως
2436 2039 2527 2099 καὶ
2585 2037 2865 2120 ἐλευθέρως
2925 2039 3143 2121 βλέπειν
3219 2040 3316 2114 τὴν
3388 2039 3538 2108 δόξαν
3597 2045 3690 2098 τοῦ

2099 2129 2319 2210 Κυρίου.

2171 2247 2198 2275 α
2258 2218 2448 2294 Ἡμεῖς
2495 2219 2550 2278 δὲ
2604 2218 2801 2287 πάντες
2860 2218 3356 2299 ἀνακεκαλυμμένῳ
3413 2217 3688 2300 προσώπῳ

2089 2308 2184 2382 τὴν
2212 2309 2363 2378 δόξαν
2393 2309 2592 2390 Κυρίου
2637 2309 3148 2388 κατοπτριζόμενοι,
3183 2310 3279 2383 τὴν
3311 2310 3476 2381 αὐτὴν
3512 2309 3690 2369 εἰκόνα

2090 2400 2609 2480 μεταμορφρούμεθα
2652 2400 2759 2459 ἀπὸ
2805 2398 2954 2470 δόξης
2979 2402 3052 2466 εἰς
3091 2398 3243 2467 δόξαν
3265 2445 3282 2476 ,
3315 2400 3558 2478 καθάπερ
3583 2399 3690 2458 ἀπὸ

2090 2490 2287 2570 Κυρίου
2339 2489 2671 2566 Πνεύματος.
2718 2511 2748 2547 υ
2785 2492 3055 2550 Τοσοῦτον
3099 2488 3442 2566 ἀπολαύομεν
3480 2492 3688 2548 ἐλευθε-

2089 2578 2203 2658 ρίας
2254 2579 2346 2637 καὶ
2413 2577 2711 2658 εὐγενείας,
2771 2578 2971 2658 φησὶν,
3017 2577 3156 2637 ὥστε
3207 2578 3401 2646 πάντες
3448 2579 3603 2654 ἡμεῖς
3642 2581 3690 2638 οἱ

2086 2667 2302 2741 πιστοὶ,
2353 2669 2455 2748 οὖχ
2503 2667 2685 2748 ὥσπερ
2736 2670 2846 2726 ἐκεῖ
2881 2658 2953 2736 εἶς
2996 2671 3025 2726 ὁ
3077 2670 3285 2739 Μωσῆς
3317 2669 3389 2738 6⁵,
3426 2670 3690 2727 ἀνακεκα-

2085 2756 2342 2837 λυμμένῳ
2373 2756 2644 2837 προσώπῳ
2695 2755 2786 2835 (οὗ
2837 2757 2941 2838 γάρ
2972 2760 3084 2817 ἐστι
3134 2758 3285 2836 παρὰ
3323 2757 3430 2824 τοῖς
3472 2756 3689 2816 πιστεύ-

2087 2847 2510 2924 σασικάλυμμα)
2548 2846 2642 2918 τὴν
2684 2845 2837 2914 δόξαν
2862 2852 2953 2904 τοῦ
2997 2845 3195 2927 Κυρίου
3223 2847 3273 2885 6⁵
3331 2846 3686 2926 κατοπτριζό·

2087 2958 2255 3014 μενοι,
2289 2934 2385 3006 τὴν
2411 2936 2574 3007 αὐτὴν
2602 2935 2780 2993 εἰκόνα
2825 2937 3344 3018 μεταμορφρούμεθα
3365 2981 3381 3009 ,
3418 2937 3679 3012 τουτέστι,

2085 3023 2181 3098 τὴν
2232 3023 2396 3095 αὐτὴν
2441 3023 2594 3092 δόξαν
2646 3015 3170 3103 μεταλαμϐάνομεν,
3221 3015 3329 3084 οἷον
3383 3026 3684 3104 κάτοπτρον

2085 3113 2229 3180 ὄντες
2271 3112 2365 3172 καὶ
2402 3112 2678 3193 δεχόμενοι
2706 3112 2801 3184 τὴν
2847 3115 3203 3195 λαμπρότητα
3228 3160 3241 3187 ,
3273 3114 3364 3174 καὶ
3394 3107 3539 3181 αὖθις
3587 3119 3684 3174 ἆν-

2085 3201 2464 3269 τιστίλϐοντες.
2552 3203 2664 3262 Καὶ
2717 3202 2900 3283 ὥσπερ
2970 3206 3197 3284 ἄργυρος
3258 3203 3475 3284 ἄντικρυ
3535 3203 3685 3275 ἡλίου

2085 3291 2363 3369 κείμενος,
2417 3291 2741 3369 ἀντιπέμπει
2797 3294 2943 3360 τινὰς
2997 3296 3211 3360 ἀκτῖνας
3261 3293 3352 3351 καὶ
3403 3293 3559 3360 αὐτὸς
3617 3298 3683 3371 τῇ

2084 3381 2361 3462 προσϐολῇ
2405 3387 2498 3440 τοῦ
2532 3381 2708 3455 ἡλίου·
2753 3381 2893 3441 οὕτω
2940 3381 3034 3441 καὶ
3079 3387 3236 3460 ἡμεῖς
3283 3385 3337 3441 ἐν
3491 3387 3682 3462 βαπτί-

2085 3494 2252 3549 σματι
2310 3472 2690 3553 καθαιρόμενοι
2737 3472 2825 3530 διὰ
2870 3477 2963 3531 τοῦ
3027 3472 3379 3550 Πνεύματος,
3429 3474 3520 3530 καὶ
3567 3481 3684 3541 ταῖς

2083 3560 2286 3619 ἐκείνου
2323 3563 2502 3619 ἀκτῖσι
2557 3561 3048 3639 καταυγαζόμενοι,
3101 3561 3290 3639 αἴγλην
3326 3561 3443 3620 τινὰ
3491 3561 3682 3634 νοητὴν

2083 3649 2176 3708 καὶ
2224 3651 2373 3710 αὐτοὶ
2421 3650 2854 3728 ἀντιπέμπομεν,
2907 3651 3000 3710 καὶ
3053 3652 3538 3731 μεταμορφούμεθα
3579 3649 3676 3722 τὴν

2083 3738 2247 3810 αὐτὴν
2301 3739 2512 3813 εἰκόνα,
2579 3740 2685 3800 ἀπὸ
2735 3739 2885 3812 δόξης
2935 3744 3031 3812 τῆς
3079 3747 3169 3800 τοῦ
3221 3741 3566 3817 Πνεύματος,
3612 3744 3686 3810 εἷς

2083 3829 2234 3898 δὸξαν
2287 3827 2383 3900 τὴν
2429 3829 2727 3909 ἡμετέραν,
2772 3829 2864 3888 καὶ
2898 3829 3180 3904 τοιαύτην,
3215 3829 3330 3889 οἵαν
3361 3831 3500 3897 εἰκὸς
3539 3829 3682 3910 ἔχειν

2079 3917 2169 3977 τὸν
2224 3916 2326 3977 ὑπὸ
2390 3923 2481 3977 τοῦ
2539 3919 2855 3988 Πνεύματος
2904 3923 2996 3978 τοῦ
3047 3922 3282 4000 Κυρίου,
3347 3924 3437 3979 καὶ
3494 3921 3682 3998 μηδενὶ

2084 4005 2438 4084 ὑποκειμένου
2489 4008 2976 4086 καταυγαζόμενον.
3030 4010 3224 4088 Κύριος
3272 4011 3374 4090 γὰρ
3421 4008 3520 4084 ὢν,
3572 4014 3682 4070 Δε-

2083 4099 2341 4163 σποτικὰς
2395 4097 2507 4176 ἔχει
2547 4097 2639 4156 καὶ
2678 4098 2773 4162 τὰς
2819 4099 3188 4172 λαμπηδόνας.
3231 4099 3438 4165 Πάντες
3488 4100 3591 4178 γὰρ
3623 4099 3682 4179 ξοῖ

2082 4185 2300 4263 πιστοὶ,
2358 4185 2674 4262 Πνεύματος
2729 4187 2882 4267 ἁγίου
2937 4189 3266 4268 πληροῦνται
3312 4188 3397 4246 διὰ
3448 4195 3536 4247 τοῦ
3581 4193 3683 4268 βα-

2082 4275 2410 4350 πτίσματος,
2455 4275 2544 4334 καὶ
2595 4275 2800 4352 λάμπει
2831 4280 3004 4337 αὐτῶν
3053 4283 3084 4350 ἡ
3136 4277 3284 4359 ψυχή
3321 4301 3333 4315 ·
3367 4280 3481 4336 ἐπεὶ
3531 4279 3625 4338 καὶ
3652 4282 3680 4337 ὁ

2082 4367 2286 4437 Μωσῆς
2355 4363 2481 4423 ἰδὼν
2526 4364 2622 4438 τὴν
2674 4367 2819 4425 θείαν
2886 4367 3070 4440 δόξαν,
3135 4369 3525 4447 μετεμορφεῖιθη
3586 4367 3680 4426 καὶ

2083 4455 2236 4521 αὐτὸς
2267 4453 2396 4534 πρὸς
2434 4455 2665 4529 ταύτην,
2716 4455 2989 4527 τουτέστι,
3025 4456 3291 4533 μετέλαϐε
3341 4459 3434 4517 καὶ
3485 4457 3672 4525 αὐτὸς,

2006 4547 2056 4610 D
2084 4541 2177 4602 καὶ
2205 4541 2414 4622 ἔλαμπε
2445 4545 2505 4603 τὸ
2531 4545 2815 4626 πρόσωπον
2835 4591 2850 4620 ,
2879 4547 3038 4614 τύπος
3066 4543 3140 4605 ὢν
3181 4549 3354 4624 ἡμῶν.

2682 4663 2969 4724 ΚΕΦΑΛ.
3018 4662 3100 4724 Δ’.

2159 4791 2190 4824 α
2223 4767 2326 4828 Διὰ
2365 4771 2519 4828 τοῦτο
2548 4769 2584 4828 ἔ·
3119 4770 3132 4792 ’
3313 4770 3327 4788 ’
3406 4798 3413 4806 ·
3617 4771 3631 4794 “

2574 4792 2758 4851 έοντες
2792 4767 2887 4842 τὴν
2928 4771 3196 4830 διακονιαν
3232 4795 3466 4845 ταυτηι,
3503 4775 3675 4837 καθως

2076 4856 2402 4936 ἠλεήθημεν,
2456 4861 2552 4918 οὐκ
2609 4861 2964 4936 ἐκκακοῦμεν.
3011 4882 3039 4918 ι)
3100 4859 3322 4932 Ἐπειδή
3375 4862 3550 4921 πολλὰ
3583 4860 3677 4920 καὶ

2075 4949 2284 5024 μεγάλα
2327 4938 2506 5018 εἶπεν,
2563 4947 2643 5007 ὅτι
2697 4949 2807 5009 Καὶ
2858 4949 3100 5015 Μωσέως
3147 4952 3354 5026 μείζους
3407 4949 3565 5027 ἐσμὲν
3624 4953 3673 5010 οἱ

2075 5036 2358 5096 ἀπόστολοι
2407 5037 2486 5116 (εἰ
2533 5042 2635 5117 γὰρ
2693 5037 2924 5110 πάντες,
2980 5042 3162 5117 πολλῷ
3213 5045 3415 5117 μᾶλλον
3469 5032 3673 5119 οὗτοι),

2070 5125 2252 5184 λοιπὸν
2297 5125 2574 5206 θεραπεύει
2605 5127 2690 5187 τὸν
2725 5129 2879 5205 ὄγκον
2899 5175 2916 5206 ,
2960 5129 3051 5188 καί
3082 5153 3270 5209 φησιν,
3300 5129 3378 5188 ὅτι
3406 5136 3496 5188 τοῦ
3525 5132 3672 5190 Θεοῦ

2071 5217 2182 5275 ἐστι
2230 5215 2288 5273 τὸ
2339 5226 2466 5279 πᾶν.
2505 5215 2691 5295 Ἡμεῖς
2722 5219 2822 5297 γὰρ
2858 5218 3088 5276 διάκονοι
3137 5223 3295 5292 μόνον
3342 5221 3533 5294 ἐσμὲν,
3577 5218 3670 5277 καὶ

2073 5305 2190 5363 οὐδὲ
2237 5310 2391 5364 τοῦτο
2437 5305 2617 5378 τὸτῆς
2662 5307 2930 5375 διακονίας
2976 5306 3232 5386 ἡμέτερον
3260 5357 3274 5384 ,
3327 5309 3466 5367 ἀλλὰ
3507 5331 3535 5368 ς(
3569 5334 3678 5368 κα-

2071 5393 2199 5468 θὼς,
2229 5416 2258 5452 ι)
2299 5394 2458 5476 φησὶν
2482 5441 2498 5470 ,
2551 5417 2580 5454 (ι
2607 5396 2910 5472 ἠλεήθημεν
2941 5420 2954 5435 ο
2986 5424 3009 5450 υ
3054 5403 3144 5457 τοῦ
3177 5400 3314 5458 θείου
3362 5400 3463 5478 γὲρ
3497 5399 3675 5465 ἐλέους

2068 5482 2159 5542 καὶ
2189 5489 2363 5546 τοῦτο.
2403 5486 2484 5546 Τὸ
2525 5486 2579 5545 δὲ
2617 5485 2914 5568 ὑπερϐατὸν
2936 5532 2952 5562 ,
2997 5509 3023 5544 (ι
3045 5487 3150 5548 Διὰ
3183 5495 3334 5549 τοῦτο
3367 5492 3459 5549 οὖν.
3491 5492 3658 5548 ἐκκα-

1759 5578 1951 5645 Varim
1998 5583 2301 5646 lectiones.

437 5673 482 5706 ⁸³
507 5673 904 5743 κατορθωθῆναι.
938 5689 992 5730 0.
1071 5675 1115 5708 "°
1145 5677 1301 5729 ἐκεῖσε
1340 5675 1367 5728 ὁ
1397 5685 1468 5731 Μ.
1504 5693 1558 5733 0.

1637 5677 1680 5711 ⁸⁸
1709 5676 1988 5748 πνεύματος
2008 5721 2023 5748 ,
2053 5681 2136 5733 καὶ
2162 5681 2343 5753 πατρὸς
2371 5697 2425 5741 ο.
