4134 6416
324 390 429 444 837

322 518 519 589 κοῦμεν
546 535 559 549 ·
598 540 624 567 ι
669 513 938 588 τουτέστι,
970 512 1121 575 Διότι
1162 514 1413 574 τοιούτων
1460 513 1795 592 ἠξιώθημεν,
1827 515 1923 575 οὐκ
1951 520 2002 583 Α
2033 532 2186 584 mus;
2242 539 2265 565 ι

323 602 725 683 ἀπαγορεόομεν
777 603 909 683 πρὸς
955 602 1074 671 τοὺς
1133 604 1435 682 κινδύνους,
1484 604 1613 685 πρὸς
1659 604 1754 672 τὰς
1800 603 1915 664 θλί-

319 694 475 773 ψεις,
520 692 701 764 ἐπειδὴ
746 691 887 763 ἅπαξ
932 692 1228 765 ἐλεηθέντες
1278 693 1581 774 ἐτάχθημεν
1642 695 1920 753 διακονεῖν.

1202 388 1551 446 EXPOSITIO
1590 389 1656 445 IN
1696 389 1905 445 EPIST.
1945 390 1989 446 Il
2026 392 2119 447 AD
2159 392 2317 448 COR.
2357 420 2428 433 -—
2467 394 2618 449 CAP.
2654 394 2746 473 Illi.

3529 398 3635 452 838

2324 517 2524 574 divinae
2575 518 2722 573 enim
2770 525 2827 573 et
2871 518 3012 575 istuc
3061 519 3457 579 misericordiae
3514 531 3596 579 cst

2029 606 2381 681 Hyperbaton
2409 616 2596 663 autem
2626 605 2732 663 hoc
2757 616 2859 676 est,
2894 630 2920 657 ι
2953 607 3085 663 ldeo
3106 624 3217 663 non
3254 610 3562 680 deﬁcimus,
3594 637 3618 662 υ

2028 696 2135 753 hoc
2163 703 2277 763 est,
2330 697 2461 769 quia
2498 696 2662 752 tantis
2689 711 2881 753 sumus
2924 694 3138 768 dignati
3178 696 3479 773 donatique
3520 702 3628 758 bo-

320 789 441 859 nis,
475 806 587 846 non
627 790 987 848 destituimur
1025 807 1206 865 neque
1252 790 1543 848 deﬁcimus
1595 791 1665 849 ad
1713 789 1985 865 pericula,
2018 786 2091 844 ad
2153 784 2512 855 afﬁictiones,
2576 794 2866 859 postquam
2926 787 3097 842 semel
3156 786 3598 849 misericordiam

322 879 623 947 consecuti,
653 881 889 937 ordinati
921 897 1115 938 sumus
1144 881 1475 938 ministrare.

406 996 434 1023 ε
470 968 612 1031 Ἀλλ’
645 972 989 1035 ἀπειπάμεθα
1030 972 1099 1032 τὰ
1137 970 1347 1052 κρυπτὰ
1375 974 1471 1044 τῆς
1504 969 1760 1052 αἰσχύνης
1782 1015 1799 1046 ,
1841 969 1917 1048 μὴ

320 1064 733 1140 περιπατοῦντες
780 1063 833 1120 ἐν
865 1060 1186 1143 πανουργίᾳ.
1230 1089 1256 1115 ιι
1284 1061 1424 1129 Τοὺς
1461 1060 1921 1141 ψευδαποστόλους

320 1147 641 1225 αἰνίττεται,
667 1149 719 1211 οἳ
761 1151 1101 1232 ὓπεκρίνοντο
1146 1150 1345 1211 πάντα.
1396 1150 1777 1229 Λαμϐάνοντες
1818 1150 1921 1231 γὰρ

318 1236 496 1320 κρύφα
520 1285 538 1313 ,
586 1240 861 1320 ἐφαίνοντο
909 1240 984 1320 μὴ
1039 1240 1405 1320 λαμϐάνοντες
1429 1264 1443 1279 ο
1499 1239 1641 1319 ἅγιοι
1680 1240 1919 1313 ἐδόκουν,

319 1326 413 1387 καὶ
444 1331 731 1411 ἀκάθαρτοι
762 1323 923 1403 ἦσαν.
979 1329 1170 1407 Ἡμεῖς
1198 1321 1321 1404 οὖν,
1351 1329 1541 1412 φησὶν,
1576 1329 1919 1407 ἀπειπάμεθα

320 1418 385 1476 τὸ
434 1420 658 1480 τοιαῦτά
706 1420 993 1500 πράττειν,
1058 1420 1092 1479 ἃ
1154 1419 1519 1501 φανερούμενα
1577 1418 1921 1500 καταισχύνει

318 1505 410 1565 τὸν
442 1508 781 1590 πράττοντα,
812 1510 879 1569 τὰ
909 1508 1023 1586 μεθ’
1065 1509 1391 1590 ὑποκρίσεως
1416 1508 1622 1581 δηλαδὴ
1647 1510 1916 1590 γινόμενα.

319 1593 599 1679 Ἐπι-ρέρει
627 1599 733 1680 γάρ
753 1623 769 1639 ·
808 1621 840 1658 α
868 1598 964 1672 Μὴ
995 1605 1410 1678 περιπατοῦντες
1439 1600 1494 1659 ἕν
1524 1597 1846 1679 πανουργίᾳ.
1885 1623 1911 1651 ι

318 1684 497 1746 Ὥστε
534 1690 704 1749 ταῦτά
759 1691 874 1749 ἐστι
918 1689 986 1748 τὰ
1031 1687 1291 1769 αἰσχύνην
1331 1690 1686 1767 ἐμποιοῦντα,
1742 1688 1810 1747 τὰ
1863 1688 1918 1745 ἐν

318 1778 618 1859 πανουργίᾳ
665 1778 937 1857 γινόμενα.
996 1780 1065 1839 Εἰ
1123 1778 1179 1838 δὲ
1232 1777 1324 1838 καὶ
1368 1779 1491 1860 περὶ
1538 1777 1782 1859 πράξεων
1834 1778 1919 1835 αἰ-

318 1869 500 1947 σχρῶν
532 1867 741 1940 νοήσεις
783 1873 966 1947 τοῦτο,
1001 1866 1148 1930 οὐδὲν
1181 1867 1362 1929 καινόν
1396 1891 1411 1906 θ
1446 1866 1537 1928 καὶ
1567 1872 1791 1928 τοιοῦτοι
1821 1863 1922 1946 γὰρ

317 1956 369 2012 οἱ
392 1957 835 2034 ψευδαπόστολοι.

402 2164 429 2193 ι
459 2138 619 2213 Μηδὲ
668 2140 944 2208 δολοῦντες
985 2140 1073 2201 τὸν
1111 2140 1268 2219 λόγον
1313 2143 1409 2200 τοῦ
1437 2141 1602 2201 Θεοῦ.
1633 2166 1658 2193 ι
1702 2139 1785 2201 Οὔ
1816 2137 1920 2218 μό·-

317 2251 444 2302 νον,
491 2229 684 2310 φησὶν,
728 2232 758 2290 ὁ
799 2230 907 2311 βίος
946 2232 1100 2309 ἡμῶν
1148 2229 1349 2298 ἁπλοῦς
1382 2230 1494 2290 ἔστι
1542 2230 1635 2289 καὶ
1666 2227 1925 2305 καθαρὸς,

318 2316 415 2378 καὶ
448 2318 737 2400 ἀπόνηρος,
784 2318 925 2379 ἀλλὰ
973 2316 1157 2379 καὶτὸ
1192 2318 1364 2399 δόγμα
1410 2320 1504 2379 καὶ
1533 2322 1561 2379 ὁ
1602 2319 1756 2397 λόγος
1797 2318 1924 2376 ἄδο-

317 2407 431 2475 λος.
467 2410 549 2469 Οὖ
596 2408 701 2489 γὰρ
738 2407 1151 2491 παραμίγνυμὰ
1181 2433 1232 2469 τι
1275 2412 1371 2481 τῆς
1398 2407 1497 2477 ἔξω
1526 2407 1712 2489 σοφίας
1746 2409 1922 2485 αὐτῷ,

315 2499 354 2569 ἢ
405 2498 781 2558 κολακευτικόν
821 2522 873 2558 τι
892 2542 909 2573 ,
957 2498 994 2569 ἢ
1042 2498 1303 2580 χρήματα
1344 2497 1668 2578 συλλέγομεν
1721 2497 1781 2556 ἐκ
1829 2499 1920 2554 τοῦ

316 2585 517 2667 λόγου,
549 2586 585 2659 ἢ
642 2594 730 2648 νῦν
776 2587 875 2667 μὲν
916 2593 1105 2661 τοῦτο,
1143 2593 1234 2648 νῦν
1275 2586 1331 2647 δὲ
1380 2588 1548 2647 ἐκεῖνο
1598 2586 1920 2663 διδάσκομεν

316 2678 451 2756 πρὸς
473 2675 593 2746 τοὺς
632 2677 845 2759 καιροὺς
874 2677 969 2738 καὶ
1006 2678 1072 2738 τὰ
1096 2678 1361 2760 πρόσωπα
1380 2716 1404 2745 ς
1443 2680 1516 2745 ὡς
1546 2678 1593 2737 οἳ
1643 2676 1919 2757 ψευδαπό-

315 2769 513 2831 στολοι.

400 2950 441 3021 ξι
489 2946 651 3010 Ἀλλὰ
688 2952 756 3031 τῇ
808 2947 1100 3031 φανερώσει
1142 2951 1236 3021 τῆς
1281 2945 1532 3021 ἀληθείας
1569 2946 1919 3008 συνιστῶντες

316 3037 535 3106 ἑαυτοὺς
583 3037 713 3120 πρὸς
761 3047 941 3098 πᾶσαν
1009 3039 1307 3112 συνείδησιν
1355 3035 1647 3118 ἀνθρώπων
1695 3034 1916 3095 ἐνώπιον

2098 969 2272 1022 Vsus.
2320 970 2374 1021 2.
2424 988 2450 1015 α
2482 964 2589 1023 Sed
2630 964 3005 1022 abdicavimus
3044 968 3256 1023 occulta
3302 949 3616 1040 dedecoris,

2027 1071 2141 1111 non
2188 1054 2539 1112 ambulantes
2585 1055 2641 1111 in
2680 1055 2898 1111 astutia.
2937 1080 2961 1104 υ
2994 1056 3451 1129 Pseudapostolos
3492 1061 3623 1117 sub-

2029 1145 2264 1201 obscure
2291 1154 2449 1201 notat
2476 1153 2532 1201 et
2560 1145 2818 1219 intelligit
2845 1145 2958 1215 hic,
2991 1147 3087 1219 qui
3124 1148 3463 1206 simulabant
3494 1167 3620 1208 om-

2031 1236 2137 1291 nia.
2172 1236 2518 1307 Accipientes
2540 1237 2688 1292 enim
2725 1236 2891 1308 262
2931 1236 3271 1305 clanculum,
3304 1239 3630 1298 videbantur

2030 1342 2147 1381 non
2181 1325 2429 1396 accipere
2478 1325 2704 1382 :sancti
2754 1325 2813 1381 in
2861 1326 3102 1397 speciem
3132 1326 3521 1395 cernebantur,
3569 1338 3626 1385 et

2030 1415 2308 1471 immundi
2361 1423 2542 1472 erant.
2599 1418 2714 1472 Nos
2768 1430 2927 1485 vero,
2991 1415 3199 1487 inquit,
3251 1418 3627 1476 recusavimus

2028 1500 2154 1555 talia
2205 1503 2582 1570 committere,
2616 1516 2739 1573 qua:
2780 1517 2904 1557 cum
2945 1500 3392 1571 manifestantur,
3431 1521 3621 1578 perpe-

2026 1596 2262 1645 trantem
2292 1590 2561 1647 dedecore
2602 1589 2876 1659 afﬁciunt,
2914 1606 3113 1662 nempe
3144 1608 3269 1665 quae
3293 1609 3422 1649 cum
3447 1594 3628 1669 hypo-

2028 1679 2150 1735 crisi
2181 1680 2583 1752 transiguntur.
2629 1680 2803 1736 Infert
2840 1681 2990 1736 enim
3027 1700 3039 1735 :
3073 1704 3099 1731 ι
3132 1698 3246 1737 non
3274 1684 3629 1743 ambulantes

2032 1767 2088 1822 in
2115 1768 2330 1824 astutia.
2384 1792 2410 1817 ι»
2456 1768 2693 1825 Proinde
2734 1769 2855 1825 haec
2885 1777 3016 1824 sunt
3045 1770 3133 1826 illa
3175 1786 3300 1843 quae
3343 1783 3633 1833 contume-

1951 1838 2000 1901 Β
2037 1857 2166 1913 liam
2194 1858 2436 1929 pariunt,
2469 1874 2591 1931 quae
2626 1859 2833 1915 scilicet
2864 1859 3059 1916 astutia
3097 1838 3500 1934 transiguntur.
3534 1866 3633 1923 Sin

2035 1946 2107 2003 de
2135 1948 2388 2021 turpibus
2403 1949 2712 2007 actionibus
2737 1950 2878 2006 istuc
2908 1950 3195 2024 intelligas,
3226 1951 3357 2007 nihil
3386 1954 3629 2013 mirum:

2033 2053 2164 2094 nam
2196 2037 2514 2111 huiusmodi
2542 2039 2711 2096 etiam
2743 2047 2871 2096 sunt
2897 2038 3329 2113 pseudapostoli.

2110 2151 2136 2177 «ι
2183 2130 2373 2200 Neque
2414 2127 2782 2185 adulterantes
2807 2129 3032 2186 verbum
3061 2129 3179 2186 Dei.
3225 2154 3249 2179 ι
3284 2134 3411 2188 Non
3451 2132 3630 2190 solum

2034 2215 2175 2287 vita,
2206 2217 2411 2291 inquit,
2442 2226 2633 2275 nostra
2673 2218 2908 2291 simplex
2955 2227 3040 2276 est
3079 2227 3136 2275 et
3176 2236 3314 2292 pura
3356 2229 3410 2277 et
3437 2236 3633 2295 expers

2030 2307 2287 2376 sceleris,
2333 2324 2523 2366 verum
2566 2308 2735 2365 etiam
2765 2308 3017 2365 doctrina
3068 2318 3259 2366 nostra
3304 2318 3359 2366 et
3400 2313 3630 2370 verbum

2030 2394 2219 2453 fraude
2252 2404 2459 2453 carent.
2483 2400 2609 2454 Non
2649 2397 2797 2454 enim
2825 2398 3130 2471 quidquam
3158 2407 3397 2456 externa;
3420 2401 3634 2472 sapien-

2027 2484 2121 2542 tiae
2162 2484 2531 2542 admiscemus
2560 2486 2690 2557 ipsi,
2738 2494 2832 2542 aut
2883 2485 3185 2559 quidquam
3220 2487 3630 2559 adulatorium,

2029 2584 2125 2632 aut
2160 2592 2225 2631 ex
2256 2574 2424 2631 verbo
2458 2576 2718 2647 pecunias
2747 2574 3053 2646 colligimus
3081 2594 3094 2630 :
3129 2583 3224 2631 aut
3258 2576 3376 2647 jam
3404 2578 3634 2650 quidem

2028 2664 2159 2731 hoc,
2199 2662 2319 2736 jam
2364 2679 2493 2719 vero
2540 2662 2678 2719 illud
2721 2662 3016 2730 docemus,
3064 2678 3161 2734 pro
3208 2672 3526 2735 temporum
3574 2674 3633 2722 et

2028 2768 2390 2825 personarum
2467 2752 2912 2825 opportunitate,
2986 2752 3209 2826 perinde
3288 2769 3351 2808 ac
3425 2755 3625 2826 pseud-

2028 2842 2283 2916 apostoli.

2100 2957 2127 2983 σι
2159 2933 2268 2990 Sed
2306 2932 2365 2989 in
2407 2930 2849 2990 manifestatione
2896 2932 3137 2990 veritatis
3174 2934 3634 2994 commendantes

2026 3039 2128 3081 nos
2154 3025 2302 3097 ipsos
2327 3022 2398 3080 ad
2424 3038 2653 3080 omnem
2681 3021 3075 3080 conscientiam
3106 3021 3399 3081 hominum
3438 3041 3628 3083 coram

315 3132 409 3187 τοῦ
438 3104 600 3189 Θεοῦ.
630 3104 672 3181 ἰ
701 3104 777 3190 Οἱ
811 3128 908 3206 μὲν
938 3104 1381 3211 ψευδαπόστολοι,
1412 3104 1570 3206 φησὶ,
1604 3127 1918 3185 συνιστῶσιν

2031 3116 2168 3171 Deo.
2197 3138 2221 3164 ››
2254 3104 2666 3185 Pseudapostoli
2688 3112 3084 3170 commendant
3102 3114 3309 3186 seipsos
3330 3130 3427 3186 per
3457 3114 3628 3188 hypo-

314 3217 531 3284 ἑαυτοὺς
578 3222 693 3286 ταῖς
747 3220 1082 3298 ίοποκρίσεσι,
1141 3217 1234 3278 καὶ
1281 3219 1358 3297 τῷ
1409 3214 1687 3298 φαίνεσθαι
1743 3213 1910 3292 ἄλλο,

314 3310 452 3368 ἄλλο
478 3307 621 3376 ὄντες
646 3330 661 3346 ·
710 3306 816 3387 ἐγὼ
865 3307 923 3367 δὲ
972 3312 1200 3368 συνιστῶ
1243 3306 1472 3385 ἐμαυτὸν
1511 3330 1537 3360 ι
1669 3303 1917 3385 φανερώ-

315 3420 399 3458 σει
430 3403 523 3470 τῆς
553 3399 804 3470 ἀληθείας
833 3415 848 3432 ⁸
896 3425 919 3450 ιο
947 3398 1246 3471 τουτέστιν,
1278 3397 1456 3463 αὐτοῖς
1497 3402 1605 3461 τοῖς
1636 3393 1916 3473 πράγμασι

315 3487 551 3568 μάρτυσι
598 3486 869 3568 χρώμενος
891 3511 905 3524 ·
953 3478 1061 3547 οἷον
1088 3487 1229 3566 λέγω
1251 3531 1267 3560 ,
1306 3484 1389 3545 ὅτι
1436 3484 1585 3543 οὐδὲν
1609 3482 1874 3560 λαμϐάνω
1894 3526 1913 3557 ,

317 3576 412 3637 καὶ
462 3577 732 3658 μάρτυρας
764 3577 871 3657 ἔχω
909 3580 1047 3654 ὑμᾶς
1077 3598 1091 3613 ⁸
1136 3576 1231 3635 καὶ
1270 3575 1335 3634 τὰ
1369 3573 1509 3634 ἀλλα
1538 3572 1753 3649 ὁμοίως.
1809 3570 1917 3630 Καὶ

317 3664 461 3725 οὕτω
538 3670 770 3727 συνιστῶ
826 3667 1058 3745 ἐμαυτὸν
1123 3664 1253 3747 πρὸς
1308 3663 1513 3730 πάντας
1554 3661 1912 3747 ἀνθρώπους,

316 3754 573 3824 ἀπίστους
620 3780 676 3815 τε
722 3756 813 3816 καὶ
854 3755 1104 3833 πιστοὺς,
1152 3754 1242 3815 τόν
1280 3777 1337 3813 τε
1397 3752 1512 3834 βίον
1549 3773 1651 3827 μου
1697 3753 1908 3829 ἀπογυ-

315 3847 495 3921 μνῶν,
528 3846 619 3906 καὶ
651 3845 710 3904 τὸ
737 3843 990 3927 κήρυγμα
1026 3843 1249 3926 φανερὸν
1278 3852 1411 3901 πᾶσι
1451 3839 1740 3920 προτιθεὶς,
1776 3836 1915 3897 ὥστε

315 3935 602 4011 μανθάνειν
635 3935 788 3997 αὖτό.
827 3927 962 3997 Εἶτα
1005 3934 1197 4009 ἐπειδὴ
1231 3932 1450 3993 δυνατὸν
1484 3930 1790 4011 ἀνθρώπους
1817 3932 1917 3990 λα-

314 4027 459 4104 θεῖν,
496 4027 692 4109 φησὶν,
726 4024 808 4085 ὅτι
855 4053 880 4081 α
908 4025 1169 4086 Ἐνώπιον
1208 4029 1299 4084 τοῦ
1340 4025 1513 4095 Θεοῦ,
1550 4048 1575 4073 υ
1615 4019 1673 4081 ὃν
1703 4022 1750 4081 oi
1790 4022 1917 4101 ψευ-

314 4115 637 4178 δαπόστολοι
668 4116 911 4197 μάρτυρα
946 4115 1089 4198 ἔχειν
1118 4116 1217 4175 οὐκ
1241 4114 1306 4172 ἂν
1338 4110 1592 4181 δέξαιντο.

415 4232 447 4271 α
506 4210 571 4269 Εἰ
613 4207 667 4266 δὲ
716 4206 808 4267 καὶ
852 4197 1254 4283 κεκαλυμμένον
1308 4200 1422 4261 ἐστὶ
1478 4201 1539 4260 τὸ
1587 4197 1915 4277 Εὖαγγέλιον

316 4304 476 4379 ἡμῶν
500 4347 516 4377 ,
550 4299 606 4357 ἕν
635 4306 743 4363 τοῖς
776 4295 1158 4373 ἀπολλυμένοις
1189 4293 1242 4333 ⁶⁶
1272 4294 1385 4353 ἐστὶ
1415 4293 1843 4367 κεκαλυμμένον.
1882 4315 1907 4342 ιο

322 4389 508 4453 Εἰπὼν
553 4387 697 4463 ἀνω,
741 4386 823 4446 ὅτι
862 4387 907 4446 εἰ
946 4386 1039 4445 καὶ
1091 4384 1199 4452 τοῖς
1246 4381 1611 4462 Ἰσραηλίταις
1656 4379 1919 4455 κάλυμμα

2016 3203 2206 3274 crisin,
2242 3211 2298 3259 et
2315 3219 2410 3275 per
2433 3203 2536 3259 hoc
2566 3202 2713 3275 quod
2747 3203 2838 3259 alii
2878 3218 2997 3259 esse
3030 3203 3341 3272 videantur,
3369 3219 3499 3260 cum
3537 3205 3628 3262 alii

2022 3292 2131 3348 sint
2156 3314 2170 3359 ς
2202 3307 2302 3364 ego
2330 3308 2459 3349 vero
2472 3291 2803 3349 commendo
2828 3290 3105 3364 meipsum
3131 3310 3160 3345 ι(
3182 3292 3631 3350 manifestatione

2023 3380 2295 3451 veritatis,
2346 3404 2372 3429 ι»
2424 3380 2529 3437 hoc
2569 3389 2686 3450 est,
2721 3379 2849 3452 ipsis
2878 3381 3137 3450 operibus
3184 3397 3281 3453 pro
3313 3382 3629 3440 testimonio

2024 3477 2193 3526 utor:
2233 3470 2399 3526 veluti
2427 3469 2587 3537 dico,
2634 3485 2721 3526 me
2766 3469 2904 3525 nihil
2942 3469 3185 3542 accipere
3226 3479 3283 3526 et
3328 3487 3425 3527 vos
3465 3480 3632 3528 testes

2025 3558 2199 3616 habeo
2240 3576 2252 3614 :
2285 3566 2340 3615 et
2368 3559 2446 3614 sic
2487 3558 2539 3614 in
2571 3559 2803 3615 cmteris.
2846 3562 3030 3631 Atque
3057 3559 3136 3614 sic
3176 3575 3262 3615 me
3294 3560 3533 3632 praedico
3578 3570 3634 3617 et

2021 3648 2358 3705 commendo
2372 3647 2521 3720 apud
2534 3663 2728 3703 omnes
2748 3646 3026 3714 homines,
3051 3656 3165 3702 tam
3189 3648 3437 3704 inﬁdeles
3456 3666 3625 3722 quam

2024 3738 2224 3807 ﬁdeles,
2256 3754 2384 3795 cum
2428 3737 2595 3793 vitam
2625 3752 2804 3792 meam
2834 3745 3103 3809 retegens,
3135 3744 3258 3792 tum
3294 3737 3446 3793 verbi
3492 3755 3631 3811 pra:-

2018 3827 2351 3885 dicationem
2376 3826 2633 3883 omnibus
2661 3824 2728 3881 ad
2757 3823 3085 3881 discendum
3107 3841 3447 3897 proponens.
3483 3827 3627 3896 Quia

2021 3934 2151 3974 vero
2189 3917 2303 3973 ﬁeri
2335 3922 2515 3989 potest
2544 3926 2605 3971 ut
2633 3914 2886 3971 homines
2912 3912 3192 3983 fallantur,
3225 3913 3437 3987 adjicit,
3472 3936 3499 3964 «
3530 3931 3626 3971 co-

2023 4024 2147 4066 ram
2175 4010 2315 4075 Deo,
2348 4030 2373 4055 »
2407 4021 2574 4079 quem
2598 4005 3012 4078 pseudapostoli
3053 4013 3257 4061 testem
3282 4020 3399 4060 non
3430 4004 3628 4061 admit-

2024 4104 2227 4154 terent.

2096 4189 2277 4243 Vens.
2313 4191 2365 4241 3.
2408 4206 2432 4233 ι
2473 4182 2633 4255 Quod
2665 4184 2712 4240 si
2739 4181 2903 4239 etiam
2948 4190 3202 4256 opertum
3253 4190 3337 4239 est
3383 4185 3633 4258 Evange-

2026 4273 2163 4331 lium
2208 4282 2500 4339 nostrum,
2550 4274 2607 4329 in
2644 4272 2708 4328 iis
2739 4273 2836 4345 qui
2878 4282 3110 4345 pereunt
3157 4280 3242 4329 est
3268 4282 3551 4345 opertum.
3602 4298 3628 4324 ιι

2028 4365 2171 4421 Cum
2212 4379 2375 4435 supra
2409 4362 2657 4432 dixisset,
2690 4361 2924 4417 Etiamsi
2954 4362 3211 4419 Israelitis
3251 4363 3502 4420 velamen
3532 4382 3635 4438 ap-

318 4483 617 4551 ἕπίκειται,
686 4478 805 4538 ἀλλ’
857 4479 905 4537 οἱ
963 4476 1144 4537 πιστοὶ
1199 4478 1353 4550 ἡμεῖς
1422 4467 1918 4551 ἀνακεκαλυμμένῳ

2034 4453 2279 4525 positum
2304 4461 2416 4517 est,
2453 4461 2699 4508 attamen
2723 4467 2825 4508 nos
2856 4451 3044 4507 ﬁdeles
3078 4460 3267 4524 aperta
3311 4451 3455 4509 facie
3478 4454 3635 4510 vide-

316 4568 593 4651 προσώπῳ
618 4570 826 4647 ὁρῶμεν
874 4590 888 4605 ο
915 4565 1046 4648 φησὶ
1075 4569 1195 4638 νῦν,
1224 4562 1306 4623 ὅτι
1340 4585 1371 4623 α
1404 4563 1475 4651 Ei
1499 4559 1594 4621 καὶ
1626 4559 1739 4651 ἔστι
1762 4582 1919 4619 κεκα-

315 4648 590 4738 λυμμένον
641 4657 700 4717 τὸ
748 4655 1122 4737 Ἐυαγγέλιον,
1173 4661 1279 4720 τοῖς
1322 4650 1564 4718 ἀπίστοις
1614 4648 1727 4710 ἐστὶ
1757 4672 1921 4709 κεκα-

316 4748 610 4827 λυμμένον.
656 4775 680 4799 υ
709 4745 891 4826 ⁰Οπερ
939 4744 1044 4827 γὰρ
1090 4742 1210 4803 τότε
1253 4742 1360 4811 τοῖς
1402 4739 1676 4807 Ἰουδαίοις
1722 4738 1923 4816 ἐγίνετο

317 4838 455 4918 πρὸς
487 4835 722 4910 Μωσέα,
753 4841 912 4896 τοῦτο
944 4838 1034 4893 νῦν
1064 4837 1171 4901 τοῖς
1207 4832 1451 4900 ἀπίστοις
1481 4830 1612 4910 πρὸς
1651 4828 1713 4887 τὸ
1743 4830 1922 4918 Eriny-

317 4916 519 5008 γέλιον.
549 4927 808 4987 Ἐκείνων
838 4927 894 4984 δὲ
924 4924 985 4984 τὸ
1010 4923 1290 5003 ἔγκλημα,
1322 4922 1382 4982 οὗ
1411 4924 1505 4981 τοῦ
1536 4916 1865 4998 Εὖαγγελίου
1899 4935 1914 4950 ⁸

320 5017 440 5077 ἐπεὶ
491 5017 544 5078 εἴ
584 5040 645 5095 γε
680 5015 1022 5089 ἐπίστευσαν,
1071 5016 1253 5093 ἑώρων
1306 5010 1370 5071 ἂν
1409 5009 1502 5071 καὶ
1552 5009 1702 5068 αὐτοὶ
1731 5012 1920 5067 ἀνακε-

319 5107 669 5184 καλλυμίνως
696 5105 793 5179 τὴν
819 5103 972 5174 δόξαν
1003 5108 1096 5163 τοῦ
1127 5103 1288 5164 Θεοῦ.

414 5219 447 5255 (ι
482 5196 574 5255 Ἐν
604 5187 681 5263 οῖς
725 5199 754 5254 ὃ
801 5195 937 5262 Θεὸς
966 5202 1059 5255 τοῦ
1090 5193 1275 5259 αἰῶνος
1324 5192 1514 5250 τούτου
1556 5188 1826 5269 ἐτύφλωσε
1856 5186 1922 5246 τὰ

329 5287 582 5364 νοήματα
615 5288 721 5344 τῶν
780 5285 1051 5356 ἀπίστων,
1102 5284 1174 5351 εἷς
1222 5282 1281 5340 τὸ
1331 5279 1406 5359 μὴ
1455 5279 1686 5355 αὐγάσαι
1749 5280 1925 5343 αὐτοῖς

326 5378 419 5437 τὸν
472 5375 747 5459 φωτισμὸν
796 5380 888 5435 τοῦ
926 5372 1252 5453 Εὖαγγελίου
1303 5374 1395 5442 τῆς
1443 5368 1595 5441 δόξης
1640 5372 1739 5459 ,τοῦ
1788 5369 1922 5459 Χρι-

322 5447 496 5528 στοῦ..
532 5492 559 5519 ι
614 5447 713 5527 Ἔν
752 5468 860 5533 τοῖς
893 5447 1309 5540 ἀπολλυμένοις,
1361 5460 1520 5541 φησὶ,
1563 5458 1778 5525 πολλοῖς
1806 5447 1923 5515 οὖσι

2034 4561 2162 4602 mus
2182 4587 2196 4615 ,
2217 4561 2369 4602 nunc
2396 4546 2499 4615 ait,
2532 4544 2588 4603 Si
2618 4553 2871 4616 opertum
2902 4554 2986 4601 est
3019 4544 3400 4616 Evangelium,
3432 4544 3637 4603 inﬁde-

2030 4633 2176 4691 libus
2200 4642 2287 4691 est
2322 4644 2598 4707 opertum.
2630 4633 2793 4703 Quod
2818 4634 2967 4689 enim
2998 4641 3115 4688 tum
3141 4632 3351 4690 Judaeis
3379 4642 3634 4705 respectu

2031 4723 2204 4780 Mosis
2226 4723 2598 4795 contingebat,
2641 4723 2788 4779 idem
2825 4738 2971 4779 nunc
3002 4720 3335 4789 inﬁdelibus,
3378 4730 3633 4796 respectu

2030 4811 2330 4884 Evangelii.
2365 4812 2594 4869 Illorum
2623 4821 2808 4868 autem
2849 4811 3010 4883 culpa
3037 4818 3141 4877 est,
3167 4825 3283 4866 non
3310 4811 3585 4886 Evangelii
3620 4831 3632 4867 :

2030 4918 2157 4958 nam
2202 4903 2248 4957 si
2284 4900 2688 4969 credidissent,
2730 4903 2896 4957 etiam
2924 4898 3027 4973 ipsi
3055 4908 3242 4971 aperte
3280 4900 3462 4973 palam
3494 4917 3635 4958 con-

2030 4992 2337 5064 spexissent
2364 4990 2597 5063 gloriam
2626 4990 2751 5047 Dei.

2104 5193 2285 5249 Vsns.
2327 5199 2383 5249 4.
2419 5214 2440 5239 α
2474 5193 2535 5245 In
2565 5189 2766 5263 quibus
2794 5192 2946 5245 Deus
2978 5188 3164 5245 saeculi
3196 5186 3359 5259 hujus
3399 5203 3637 5245 excaeca-

2032 5285 2111 5340 vit
2150 5292 2369 5340 mentes
2416 5281 2752 5351 inﬁdelium,
2800 5296 2869 5337 ne
2912 5278 3121 5353 fulgeat
3159 5279 3267 5335 illis
3298 5279 3633 5336 illuminatio

2032 5372 2311 5446 Evangelii
2339 5372 2531 5445 gloriae
2577 5370 2802 5428 Christi.
2832 5388 2861 5422 ››
2910 5372 3066 5425 Inter
3111 5383 3241 5437 eos,
3284 5368 3500 5441 inquit,
3542 5370 3638 5442 qui

2032 5471 2297 5537 pereunt,
2327 5461 2421 5535 qui
2463 5460 2620 5517 multi
2651 5467 2787 5516 sunt
2822 5466 2877 5516 et
2913 5457 3082 5527 varii,
3108 5466 3240 5514 sunt
3266 5458 3432 5515 etiam
3462 5459 3640 5515 incre-

1752 5617 1945 5678 Variae
1989 5617 2293 5677 lectiones.

397 5718 442 5754 ⁸⁸
464 5717 689 5781 ἀπίστοις
718 5732 772 5773 ο.
