4134 6416
469 403 576 458 839

1497 398 2013 457 THEOPHYLACTI
2052 400 2410 458 BULGARIE
2447 400 2764 457 ARCHIEP.

3669 397 3770 450 8i0

474 525 611 581 duli.
641 526 859 581 Horum
887 522 1054 596 igitur
1089 545 1114 572 αι
1149 529 1363 578 mentes
1385 525 1684 581 excaecavit
1707 527 1860 582 Deus
1883 525 2066 582 smeuli

2189 527 2272 587 καὶ
2323 525 2590 608 διαφόροις
2612 573 2630 604 ,
2661 527 2762 586 εἶσὶ
2793 523 2888 584 καὶ
2915 524 2963 583 οἳ
3004 522 3219 582 ἄπιστοι
3242 544 3256 558 ο
3305 518 3506 581 τούτων
3535 509 3624 578 οῦν
3658 547 3682 570 «ι
3709 517 3773 575 τὰ

485 614 664 686 hujus.
720 638 744 661 ν
775 613 879 670 Hic
916 610 1189 684 prodeunt
1243 613 1646 684 Marcionistae,
1695 623 2064 672 asseverantes

477 704 547 759 de
575 706 830 760 Creatore
862 701 980 759 hac
1013 716 1132 758 esse
1159 701 1336 770 dicta,
1369 719 1530 775 quem
1559 703 1768 776 justum
1792 703 1980 761 dicunt
2012 713 2066 762 et

473 793 682 848 bonum
714 811 729 846 :
758 791 1050 848 Manichaei
1077 807 1204 847 vero
1232 791 1302 848 de
1330 792 1567 861 diabolo,
1597 809 1766 866 quem
1790 801 1846 850 et
1872 793 2066 850 mundi

475 881 636 952 hujus
677 881 1021 936 conditorem
1061 889 1330 937 asserunt.
1380 886 1454 939 At
1493 898 1622 939 vero
1669 891 1928 940 neutrum
1971 882 2069 940 h0-

477 985 604 1026 rum
636 970 930 1027 dicendum
959 979 1072 1038 est,
1109 978 1373 1028 caeterum
1415 969 1489 1028 de
1527 973 1693 1045 263
1734 975 1850 1029 Deo
1877 981 2068 1029 nostro

480 1059 583 1115 hoc
608 1059 815 1116 dictum
851 1067 954 1117 est.
990 1065 1063 1116 At
1087 1061 1134 1116 si
1159 1060 1343 1118 saeculi
1377 1059 1540 1134 hujus
1573 1065 1720 1118 Deus
1744 1077 1862 1118 esse
1893 1061 2066 1134 perhi-

479 1149 691 1217 beatur,
721 1148 856 1205 nihil
883 1165 1088 1207 novum
1110 1158 1212 1214 est,
1237 1166 1367 1207 cum
1393 1158 1448 1208 et
1476 1153 1626 1208 Deus
1650 1151 1775 1209 coeli
1803 1150 2020 1208 dicatur
2052 1169 2066 1208 :

477 1253 578 1295 nec
613 1238 778 1312 hujus
817 1247 1036 1296 tantum
1076 1243 1228 1298 Deus
1269 1249 1368 1296 est.
1415 1242 1554 1298 Item
1583 1243 1735 1297 Deus
1767 1237 2070 1298 Abrahami

488 1336 543 1383 et
572 1330 727 1385 Isaac
753 1337 809 1385 et
836 1329 1007 1386 Jacob
1033 1329 1234 1387 dicitur
1266 1349 1278 1387 :
1317 1347 1431 1386 non
1459 1338 1647 1387 tamen
1677 1330 1897 1386 illorum
1943 1337 2071 1385 tan-

484 1425 602 1474 tum
624 1421 776 1475 Deus
808 1427 919 1487 est,
959 1419 1053 1476 sed
1078 1419 1245 1477 etiam
1272 1419 1547 1477 omnium.
1571 1419 1714 1491 Quid
1742 1420 1908 1493 igitur
1942 1419 2071 1474 novi

478 1515 594 1574 est,
641 1508 684 1563 si
726 1509 930 1564 Paulus
976 1517 1284 1580 opportune
1317 1509 1432 1581 jam
1477 1525 1620 1566 nunc
1665 1509 1847 1580 ipsum
1888 1511 2072 1564 Deum

473 1596 637 1668 hujus
674 1598 860 1654 saeculi
890 1598 1144 1669 appellat,
1177 1615 1286 1671 quo
1317 1599 1493 1670 magis
1521 1599 1775 1655 ostendat
1813 1597 2069 1653 incredu-

475 1686 572 1754 lis,
603 1686 750 1759 quod
793 1689 957 1743 etiam
1005 1703 1066 1744 ea
1111 1704 1234 1760 quae
1267 1689 1534 1755 videntur,
1576 1689 1688 1761 ipse
1727 1686 2064 1752 condiderit,

475 1791 541 1831 ex
593 1777 792 1847 quibus
831 1777 928 1848 ipsi
973 1778 1314 1849 voluptatem
1358 1779 1631 1850 capientes
1659 1780 1838 1851 ipsum
1886 1777 2072 1833 condi-

473 1873 649 1921 torem
677 1865 811 1921 nihil
844 1865 1080 1924 faciunt?
1110 1867 1251 1938 Quin
1283 1877 1336 1924 et
1363 1869 1430 1924 ad
1465 1868 1614 1924 hunc
1640 1869 1807 1925 etiam
1843 1867 2072 1923 modum

475 1954 564 2012 hic
617 1957 768 2012 locus
806 1965 890 2012 est
936 1958 1200 2029 legendus
1249 1976 1261 2013 :
1318 1959 1631 2014 Inﬁdelium
1678 1959 1843 2031 hujus
1889 1953 2074 2014 saeculi

471 2055 683 2102 mentes
710 2047 1026 2115 excaecavit,
1058 2045 1309 2103 futurum
1339 2048 1488 2104 enim
1518 2049 1783 2106 saculum
1822 2045 2078 2102 inﬁdeles

469 2153 580 2193 non
610 2136 796 2193 habet.
824 2137 974 2206 Quid
1002 2153 1129 2193 vero
1156 2147 1246 2193 est
1277 2160 1302 2187 ι
1343 2139 1653 2194 Excmcavit
1672 2139 1700 2192 ?
1735 2161 1758 2187 ν
1809 2139 1930 2193 Hoc
1958 2145 2074 2201 est,

474 2227 727 2298 permisit
779 2227 856 2282 eis
903 2227 1062 2283 caecis
1107 2243 1258 2295 esse,
1311 2227 1787 2298 quemadmodum
1827 2235 1883 2284 et
1912 2225 2078 2294 illud,

486 2334 515 2368 «
561 2315 808 2372 Tradidit
853 2331 947 2372 eos
993 2319 1144 2373 Deus
1193 2317 1248 2371 in
1294 2316 1525 2374 affectus
1576 2317 1894 2390 ignominiae
1944 2326 1987 2372 °.
2049 2340 2072 2364 ιο

483 2407 856 2477 Posteaquam
900 2407 1044 2463 enim
1084 2406 1392 2463 resilierunt
1431 2408 1503 2464 ab
1553 2423 1652 2476 eo,
1698 2408 1910 2464 dimisit
1951 2421 2076 2471 eos,

476 2495 696 2567 reliquit
733 2512 856 2563 eos;
893 2513 1004 2552 non
1045 2495 1193 2552 enim
1243 2498 1392 2569 cogit
1421 2497 1490 2554 ad
1530 2498 1781 2554 salutem.
1834 2497 2077 2554 Observa

483 2594 669 2642 autem
695 2585 841 2658 quod
864 2603 974 2642 non
1002 2587 1225 2654 dixerit,
1260 2588 1571 2644 Exczncavit
1595 2596 1658 2644 ut
1685 2604 1798 2644 non
1827 2587 2076 2651 credant,

473 2675 594 2742 sed,
640 2686 703 2731 ut
745 2675 954 2746 profani
1005 2678 1149 2733 oculi
1190 2693 1300 2733 non
1339 2678 1559 2734 videant
1585 2678 1933 2749 splendorem
1964 2677 2077 2749 glo-

481 2765 579 2820 ria:
634 2764 860 2820 Christi.
925 2766 1193 2837 Splendor
1256 2775 1443 2822 autem
1491 2775 1611 2836 est,
1658 2767 1885 2824 credere
1928 2765 2077 2839 quod

485 2853 780 2909 crucifixus
814 2855 903 2920 sit,
933 2855 1080 2926 quod
1109 2855 1163 2910 in
1199 2857 1397 2912 cmlum
1427 2866 1678 2928 receptus
1706 2857 1800 2924 sit,
1846 2865 1898 2911 et
1928 2855 2076 2928 quod

475 2941 665 2998 futura
707 2943 868 2998 nobis
908 2943 1135 2999 daturus
1182 2945 1271 2999 sit.
1320 2944 1808 3014 Quemadmodum
1858 2947 1902 3000 si
1955 2945 2078 3016 quis

481 3031 821 3104 ophthalmia
843 3033 1184 3088 laborantem
1214 3035 1490 3100 excludat,
1511 3043 1573 3090 ut
1601 3034 1730 3089 solis
1752 3033 1936 3090 radios
1964 3051 2073 3089 non

485 3121 682 3189 videat,
722 3139 791 3177 ne
820 3122 887 3178 iis
917 3121 1226 3178 offendatur
1259 3143 1270 3178 :
1316 3123 1455 3179 hanc
1484 3123 1553 3180 ad
1599 3124 1871 3179 rationem
1913 3133 1969 3180 et
2001 3124 2072 3178 illi

484 3211 747 3268 increduli
778 3211 904 3268 facti
948 3221 1073 3267 sunt
1103 3229 1132 3268 a
1169 3211 1393 3284 seipsis:
1447 3222 1739 3286 postquam
1773 3230 1898 3269 vero
1940 3214 2077 3269 tales

480 3298 612 3357 facti
643 3310 823 3368 erant,
874 3301 1104 3358 exclusit
1142 3305 1294 3358 Deus
1341 3302 1521 3358 radios
1550 3303 1735 3376 gloriae
1765 3304 2074 3375 Evangelii,

482 3406 639 3462 aeque
662 3401 827 3463 atque
869 3392 1124 3447 lsraelitis
1166 3393 1332 3448 Mosis
1359 3391 1560 3448 faciem
1590 3393 1874 3448 obvelavit.
1911 3393 2000 3449 Sic
2025 3402 2080 3448 et

489 3480 649 3538 nobis
679 3482 733 3535 in
759 3481 1029 3537 mandatis
1057 3481 1242 3549 dedit,
1269 3498 1336 3537 ne
1375 3481 1722 3554 projiciamus
1752 3482 2078 3555 margaritas

481 3580 699 3627 nostras
729 3570 799 3627 ad
827 3587 1021 3643 porcos
1067 3581 1108 3626 ι’.
1138 3574 1282 3627 Bene
1309 3580 1493 3628 autem
1519 3571 1672 3638 dixit,
1703 3594 1727 3620 ι
1762 3572 2019 3644 Fulgeat;
2050 3597 2074 3622 ιι

485 3659 820 3716 mediocrem
868 3661 1018 3716 enim
1058 3677 1204 3717 nunc
1247 3659 1513 3718 habemus
1542 3661 1922 3732 Splendorem,
1968 3678 2079 3717 non

482 3756 658 3805 totam
708 3749 1191 3816 illuminationem;
1242 3750 1295 3806 id
1343 3749 1492 3823 quod
1535 3767 1699 3822 supra
1747 3751 1974 3808 odorem
2025 3759 2082 3806 et.

484 3838 850 3895 arrhabonem
908 3839 1070 3909 dixit,
1119 3839 1415 3898 ostendens
1461 3840 1611 3914 quod
1660 3837 1770 3896 illic
1819 3839 2078 3912 quiddam

482 3929 726 4002 amplius
745 3937 934 3986 restat.

561 4019 718 4088 «Qui
757 4026 842 4074 est
871 4019 1054 4091 imago
1097 4020 1199 4075 Dei
1242 4019 1546 4076 invisibilis.
1599 4042 1624 4068 υ
1678 4021 1951 4077 Monstrat
1998 4019 2085 4076 hic

489 4107 640 4180 quod
673 4124 783 4163 non
831 4109 1012 4164 solum
1055 4109 1254 4163 Christi
1301 4109 1529 4179 gloriam
1573 4109 1856 4181 ignorent,
1890 4126 2082 4164 verum

492 4197 662 4252 etiam
707 4197 899 4251 Patris.
946 4198 1085 4252 Cum
1117 4197 1264 4252 enim
1293 4198 1542 4253 Christus
1571 4197 1642 4254 sit
1676 4199 1857 4272 imago
1890 4200 2085 4266 Patris,

489 4284 582 4357 qui
615 4283 765 4340 hunc
793 4300 906 4340 non
935 4284 1105 4351 videt,
1139 4301 1312 4356 neque
1336 4286 1489 4342 illum
1523 4287 1691 4344 novit.

563 4375 742 4430 Vens.
774 4380 828 4428 5.
865 4396 889 4422 α
920 4375 1042 4429 Non
1087 4374 1234 4430 enim
1273 4375 1523 4447 nosipsos
1562 4377 1956 4448 pradicamus,
1989 4376 2080 4433 sed

491 4463 772 4522 Christum
803 4465 992 4519 Jesum
1036 4465 1339 4520 Dominum
1373 4483 1385 4520 :
1420 4481 1520 4520 nos
1549 4475 1732 4521 autem
1765 4482 1950 4522 servos
1989 4483 2078 4521 vc-
2116 4444 2162 4508 ί)

491 4561 661 4622 stros,
697 4562 920 4626 propter
952 4554 1254 4611 Christum.
1287 4577 1312 4604 ν
1345 4556 1518 4627 Supra
1547 4553 1702 4622 dixit,
1743 4559 1866 4612 Non
1896 4555 2088 4612 ambu-

498 4643 678 4699 lamus
732 4643 787 4698 in
833 4643 1064 4712 astutia,
1117 4643 1320 4701 deinde
1379 4643 1573 4717 adjecit
1623 4643 1692 4701 de
1741 4644 2087 4715 inﬁdelibus,

498 4731 782 4803 quomodo
839 4732 945 4788 sint
1002 4734 1259 4790 contecti.
1326 4733 1417 4790 Ait
1475 4734 1643 4806 igitur
1708 4751 1888 4804 nunc,
1953 4738 2090 4792 Pro-

491 4830 674 4893 pterea
733 4820 1115 4879 fraudulenter
1177 4839 1288 4880 non
1344 4824 1583 4897 agimus,
1657 4825 1783 4897 quia
1837 4825 2093 4898 nosipsos

485 4910 638 4968 haud
691 4912 1087 4985 praedicamus,
1135 4928 1397 4969 vanorum
1464 4915 1844 4986 apostolorum
1893 4915 2086 4972 instar.

495 5005 640 5059 Nam
681 5002 752 5058 illi
798 5001 1199 5072 persuadebant
1241 5002 1519 5076 discipulis
1565 5003 1677 5060 suis
1727 5013 1789 5060 ut
1831 5021 1862 5061 a
1897 5020 1954 5062 se
1990 5005 2093 5062 sibi

499 5093 727 5148 nomina
776 5090 1057 5162 inderent,
1097 5099 1160 5147 ut
1203 5092 1261 5148 in
1308 5092 1490 5165 priore
1522 5093 1758 5166 Epistola
1790 5095 2084 5164 indicavit,

492 5181 612 5236 aliis
637 5182 967 5250 dicentibus,
1003 5201 1032 5236 (ι
1053 5184 1167 5256 Ego
1195 5181 1420 5255 quidem
1444 5199 1565 5239 sum
1593 5183 1814 5256 Apollo,
1841 5200 1943 5257 ego
1962 5201 2093 5242 vero

488 5272 686 5343 Cephaz
718 5285 770 5340 <1;
817 5297 842 5322 ι»
892 5281 1014 5340 aut,
1055 5288 1127 5328 ne
1155 5288 1250 5329 vos
1279 5273 1630 5336 existimetis,
1661 5273 1757 5346 qui
1801 5273 2094 5331 adversum

491 5375 593 5416 nos
619 5363 891 5434 pugnatis,
920 5363 1067 5435 quod
1098 5361 1392 5420 nobiscum
1422 5363 1628 5420 bellum
1657 5363 1866 5436 geritis.
1913 5388 1938 5413 ι
1969 5367 2095 5422 Non

561 5495 772 5552 0Rom.
819 5509 860 5560 ι,
894 5499 983 5549 '28.
1071 5491 1318 5550 PMatlh.
1351 5509 1461 5564 vn,
1499 5498 1552 5550 6.
1629 5505 1650 5537 ιι
1707 5495 1733 5549 1
1761 5495 1886 5553 Cor.
1924 5511 1966 5562 ι,
2008 5502 2096 5555 12.

2169 606 2435 694 νοήματα*
2483 606 2785 695 ἐτύφλωσεν
2843 619 2872 675 ὁ
2922 614 3060 678 Θεὸς
3105 618 3196 671 τοῦ
3245 612 3432 676 αἰῶνος
3487 606 3701 667 τούτου.
3741 634 3764 658 υ

2173 705 2445 768 Ἐνταῦθα
2499 704 2596 782 μὲν
2645 709 2694 764 οἳ
2767 701 3179 780 Μαρκιωνισταὶ
3227 698 3445 777 λέγουσι
3501 701 3624 778 περὶ
3684 703 3773 755 τοῦ

2176 801 2517 876 Δημιουργοῦ
2547 799 2715 854 ταῦτα
2765 797 3007 873 εἰρῆσθαι
3031 836 3045 862 ,
3068 788 3146 872 [ὃν
3194 789 3394 848 δίκαιον
3427 787 3644 876 λέγουσι
3684 784 3774 876 καί

2176 885 2372 964 ἀγαθόν
2394 873 2500 943 toi
2550 883 2604 942 δὲ
2653 887 2946 962 Βιανιχαῖοι
2983 880 3106 960 περὶ
3147 884 3238 938 τοῦ
3281 876 3568 951 διαϐόλου,
3597 873 3655 934 δν
3687 874 3777 964 καὶ

2177 963 2499 1055 δημιουργὸν
2546 975 2698 1032 τοῦδε
2749 977 2840 1031 τοῦ
2879 977 3084 1047 κόσμου
3132 967 3284 1051 φασί.
3321 966 3473 1040 Πλὴν
3507 963 3776 1055 οὐδέτερόν

2177 1065 2291 1123 ἐστι
2337 1063 2582 1139 τούτων,
2643 1061 2784 1122 ἀλλὰ
2840 1060 2965 1141 περὶ
3020 1064 3116 1118 τοῦ
3166 1059 3312 1119 Θεοῦ
3367 1059 3521 1136 ἡμῶν
3574 1054 3780 1134 εἴρηται

2179 1157 2353 1214 τοῦτο.
2397 1155 2464 1214 Εἰ
2493 1153 2547 1211 δὲ
2579 1151 2766 1211 τούτου
2812 1155 2904 1209 τοῦ
2940 1151 3127 1215 αἰῶνος
3165 1149 3306 1214 Θεὸς
3359 1149 3604 1226 εἴρηται,
3633 1142 3780 1230 οὐδὲν

2178 1243 2360 1302 καινὸν
2381 1287 2398 1314 ,
2451 1243 2637 1314 ἐπειδὴ
2670 1241 2760 1301 καὶ
2795 1239 2935 1306 Θεὸς
2987 1241 3212 1317 ούρανοῦ
3261 1237 3474 1316 λέγεται
3504 1258 3518 1272 ο
3563 1233 3656 1293 καὶ
3685 1235 3782 1291 οὐκ

2181 1332 2293 1392 ἔστι
2341 1333 2530 1391 τούτου
2581 1354 2744 1410 μονου
2803 1331 2942 1396 Θεός
2993 1352 3008 1367 ο
3057 1327 3151 1386 καὶ
3211 1325 3352 1393 Θεός
3385 1322 3635 1406 Ἀϐραὰμ
3689 1322 3782 1381 καὶ

2179 1419 2370 1481 Ἰσαὰκ
2397 1420 2489 1480 καὶ
2520 1420 2720 1482 Ἰακώϐ
2752 1442 2766 1458 ·
2798 1419 2890 1478 καὶ
2922 1418 3018 1477 οὐκ
3048 1415 3258 1476 ἐκείνων
3293 1413 3486 1492 μόνων,
3515 1411 3654 1472 ἀλλὰ
3691 1410 3783 1470 καὶ

2180 1510 2415 1570 πάντων.
2449 1511 2523 1572 Τί
2551 1502 2640 1570 οὖν
2669 1509 2887 1586 καινὸνξ,
2922 1509 2968 1566 εἰ
2992 1508 3083 1566 καὶ
3113 1511 3200 1565 νῦν
3231 1510 3259 1564 ὂ
3287 1505 3505 1572 Παῦλος
3530 1500 3785 1581 εὐκαίρως

2188 1599 2466 1676 ὠνόμασεν
2520 1598 2680 1660 αὐτὸν
2723 1601 2863 1662 Θεὸν
2914 1598 3103 1657 τούτου
3135 1601 3227 1656 τοῦ
3256 1596 3476 1667 αἰῶνος,
3523 1591 3613 1652 ἵνα
3644 1593 3784 1668 μᾶλ-

2180 1691 2272 1749 λον
2301 1688 2443 1767 δείξῃ
2475 1697 2580 1755 τοῖς
2634 1689 2876 1754 ἀπίστοις
2898 1735 2912 1763 ,
2959 1684 3041 1745 ὅτι
3071 1685 3163 1744 καὶ
3213 1689 3386 1742 ταῦτα
3422 1685 3487 1742 τὰ
3537 1681 3782 1761 δρώμενα

2182 1777 2336 1844 αὐτὸς
2383 1777 2663 1850 ἐποίησεν,
2713 1769 2790 1845 οἷς
2837 1779 3223 1856 ἐντρυφῶντες,
3277 1773 3431 1834 αὐτὸν
3488 1773 3781 1845 ἀθετοῦσι;

2192 1868 2303 1928 Καὶ
2331 1867 2473 1927 οὕτω
2524 1868 2579 1926 δὲ
2631 1865 2998 1947 ἀναγνωστέον
3025 1909 3042 1941 ,
3087 1862 3168 1924 ὅτι
3215 1865 3341 1924 Τῶν
3396 1861 3635 1922 ἀπίστων
3689 1863 3787 1921 τοῦ

2191 1960 2378 2024 αἰῶνος
2415 1957 2600 2016 τούτου
2625 1956 2898 2037 ἐτύφλωσε
2925 1953 2994 2013 τὰ
3020 1952 3268 2030 νοήματα
3292 1977 3306 1992 ο
3334 1955 3363 2010 δ
3405 1951 3509 2034 γὰρ
3541 1951 3749 2030 μέλλων
3768 1996 3784 2022 ,

2190 2045 2444 2113 ἀπίστους
2495 2048 2592 2106 οὐκ
2644 2045 2779 2127 ἔχει.
2809 2045 2883 2107 Τί
2916 2044 2972 2102 δέ
3005 2044 3114 2102 ἐστι
3161 2043 3254 2127 τὸ,
3305 2065 3336 2097 α
3368 2040 3714 2122 Ἐτύφλωσες
3751 2068 3779 2093 ιο

2189 2134 2468 2210 τουτέστι,
2503 2136 2843 2218 συνεχώρησε
2883 2132 3111 2214 τυφλοὺς
3152 2123 3288 2193 εἶναι
3320 2154 3334 2169 ο
3361 2129 3544 2211 ὥσπερ
3568 2129 3659 2190 καὶ
3689 2129 3787 2201 τὸ,

2197 2253 2222 2277 α
2278 2226 2599 2305 Παρέδωκεν
2633 2225 2823 2292 αὐτοὺς
2875 2226 2946 2290 εἰς
2988 2223 3132 2295 πάθη
3177 2221 3415 2299 ἀτιμίας.
3468 2242 3496 2278 θ
3556 2219 3786 2292 Ἐπειδὴ

2187 2315 2290 2394 γὰρ
2323 2317 2680 2388 ἀπεπήδησαν
2707 2316 2756 2353 ⁶⁷
2787 2315 2948 2373 αὐτοῦ
2969 2356 2988 2388 ,
3023 2311 3196 2372 εἴασεν
3229 2310 3451 2385 αὐτοὺς,
3485 2309 3790 2386 ἐγκατέλει-

2187 2408 2283 2484 ψεν
2314 2429 2326 2443 ·
2360 2406 2419 2464 ού
2449 2405 2552 2485 γὰρ
2588 2407 2826 2484 βιάζεται
2853 2402 2984 2482 πρὸς
3012 2401 3111 2475 τὴν
3150 2401 3444 2480 σωτηρίαν.
3519 2399 3668 2480 ’Ὅρα
3699 2398 3784 2473 δὲ,

2188 2496 2268 2553 ὅτι
2314 2496 2410 2554 οὐκ
2446 2486 2613 2567 εἶπεν,
2669 2493 2751 2553 ὅτι
2795 2492 3066 2573 ἐτύφλωσε
3108 2491 3240 2573 πρὸς
3271 2491 3330 2550 τὸ
3371 2493 3666 2562 ἀπιστῆσαι
3697 2489 3785 2562 ⁵⁸,

2188 2583 2326 2642 ἀλλὰ
2379 2586 2508 2664 πρὸς
2575 2585 2636 2644 τὸ
2700 2583 2774 2660 μὴ
2819 2584 2944 2642 ἰδεῖν
2992 2581 3112 2650 τοὺς
3167 2578 3424 2660 βεϐήλους
3487 2578 3793 2659 ὀφθαλμοὺς

2187 2673 2274 2731 τὸν
2309 2674 2585 2753 φωτισμὸν
2620 2677 2714 2746 τῆς
2743 2671 2894 2744 δόξης
2941 2677 3033 2731 τοῦ
3084 2674 3337 2750 Χριστοῦ.
3399 2669 3692 2746 Φωτισμὸς
3730 2669 3793 2727 δέ

2189 2765 2301 2820 ἐστι
2361 2764 2421 2822 τὸ
2466 2769 2750 2823 πιστεῦσαι
2801 2761 2881 2820 ὅτι
2933 2760 3276 2842 ἐσταυρώθη,
3331 2760 3412 2819 ὅτι
3478 2757 3793 2840 ἀνελήφθη,

2188 2850 2268 2908 ὅτι
2314 2851 2380 2910 τὰ
2414 2851 2677 2926 μέλλοντα
2730 2851 2911 2911 δώσει.
2952 2850 3168 2929 Ὥσπερ
3209 2848 3259 2908 εἴ
3293 2873 3371 2916 τις
3409 2847 3796 2928 ὀφθαλμιῶντοὶ

2189 2963 2307 2999 τινα
2355 2940 2684 3000 ἀποκλείσειε
2715 2947 2808 3001 τοῦ
2847 2939 2920 3016 μὴ
2951 2941 3045 3008 τὰς
3089 2941 3306 3007 ἀκτῖνας
3332 2943 3422 2998 τοῦ
3454 2936 3609 3010 ἡλίου
3639 2939 3794 3010 ἰδεῖν,

2193 3029 2277 3088 ἵνα
2313 3030 2385 3108 μὴ
2429 3031 2520 3088 καὶ
2575 3029 2943 3110 προσϐλαϐείη
3001 3050 3014 3063 °
3071 3027 3210 3089 οὕτω
3269 3029 3440 3087 τοίνυν
3505 3026 3598 3086 καὶ
3651 3016 3801 3087 οὗτοι

2188 3119 2403 3179 ἄπιστοι
2460 3119 2554 3197 μὲν
2614 3121 2852 3200 ἐγένοντο
2909 3117 3000 3200 ἀφ’
3059 3121 3262 3178 ἑαυτῶν
3297 3139 3311 3154 ⁶
3375 3117 3674 3196 γενομένοις
3735 3116 3797 3174 δὲ

2187 3209 2438 3276 τοιούτοις
2484 3211 2798 3269 ἀπέκλεισεν
2849 3212 2878 3268 ὁ
2926 3208 3061 3276 Θεὸς
3089 3206 3185 3277 τὰς
3243 3210 3460 3275 ἀκτῖνας
3506 3211 3599 3279 τ’ἧς
3640 3204 3802 3278 δόξης

2187 3305 2278 3358 τοῦ
2310 3299 2639 3377 Εὗαγγελίου
2662 3343 2678 3371 ,
2723 3302 2794 3366 ὡς
2822 3298 2914 3358 καὶ
2961 3307 3072 3365 τοῖς
3114 3297 3480 3377 Ἰσραηλίταις
3523 3296 3584 3356 τὸ
3613 3294 3792 3376 πρόσ-

2188 3412 2333 3447 ωπον
2379 3391 2633 3456 Μωσέως.
2665 3386 2829 3450 Οὕτω
2882 3389 2974 3447 καὶ
3009 3392 3137 3466 ἡμῖν
3169 3386 3388 3454 ἐπέταξε
3439 3383 3518 3464 μὴ
3571 3385 3797 3465 βάλλειν

2188 3475 2305 3558 τοὺς
2354 3476 2693 3557 μαργαρίτας
2741 3476 3039 3558 ἔμπροσθεν
3088 3480 3191 3536 τῶν
3241 3477 3452 3557 χοίρων.
3495 3477 3686 3542 Καλῶς
3737 3474 3797 3533 δὲ

2189 3556 2305 3626 εἷπε
2352 3567 2446 3638 τὸ,
2496 3594 2520 3618 α
2549 3556 2806 3645 ίΑὖγοίσαι
2856 3556 2870 3604 λ
2905 3591 2930 3618 ι
2973 3566 3138 3646 αὐγὴν
3169 3556 3274 3647 γὰρ
3321 3565 3512 3646 ἔχομεν
3569 3571 3658 3625 νῦν
3691 3587 3802 3642 με-

2189 3655 2374 3736 τρίαν,
2405 3655 2514 3732 καὶξ
2543 3659 2601 3717 οὖ
2633 3657 2722 3716 τὸν
2751 3656 2872 3716 ὅλον
2924 3656 3194 3736 φωτισμόν
3228 3678 3242 3692 ο
3282 3653 3312 3714 ὃ
3361 3654 3454 3713 καὶ
3494 3653 3799 3734 ἔμπροσθεν

2190 3735 2304 3806 εἷπε
2361 3745 2535 3822 ὀσμὴν
2592 3745 2684 3804 καὶ
2733 3735 3059 3827 ἀρραϐῶνα,
3121 3743 3325 3812 δεικνὺς
3384 3742 3466 3802 ὅτι
3520 3743 3582 3802 τὸ
3625 3742 3791 3804 πλέον

2194 3837 2303 3894 ἐκεῖ
2337 3833 2500 3912 μένει.

2341 4012 2368 4039 τι
2693 4019 2710 4042 ν
2759 4016 2774 4039 \
2927 4021 2960 4036 κ
3100 4022 3133 4037 κ
3237 4024 3270 4037 συ
3434 4015 3448 4036 I
3751 4017 3762 4032 ο

2287 4038 2316 4075 (ι
2370 4021 2447 4085 Ος
2491 4019 2634 4076 ἐστιν
2665 4039 2822 4076 εικων
2868 4040 2960 4076 του
2993 4021 3134 4078 Θεου
3181 4041 3271 4078 του
3315 4019 3564 4095 ἀορατου.
3605 4043 3630 4070 ιο
3668 4019 3802 4078 Δει-

2198 4129 2378 4166 κνυσιν
2409 4108 2636 4164 ἐνταῦθα
2660 4150 2676 4179 ,
2709 4107 2792 4166 ὅτι
2820 4108 2880 4166 οὐ
2917 4107 3077 4185 μόνον
3128 4106 3223 4179 τὴν
3255 4112 3346 4165 τοῦ
3377 4109 3612 4186 Χριστοῦ
3643 4106 3800 4176 δόξαν

2197 4196 2494 4273 ἀγνοοῦσιν,
2523 4193 2661 4255 ἀλλὰ
2689 4195 2779 4254 καὶ
2804 4194 2903 4268 τὴν
2931 4201 3023 4255 τοῦ
3052 4196 3285 4275 Πατρός.
3324 4195 3480 4257 Ἐπεὶ
3509 4195 3612 4276 γὰρ
3643 4197 3802 4254 εἰκών

2199 4287 2312 4343 ἐστι
2339 4290 2427 4343 τοῦ
2447 4284 2679 4368 ⁸Πατρὸς
2725 4288 2752 4343 ὁ
2788 4286 3050 4367 Χριστὸς,
3093 4289 3120 4346 ὁ
3158 4291 3341 4346 τοῦτον
3375 4285 3450 4365 μὴ
3477 4288 3645 4368 ὁρῶν,
3679 4285 3800 4344 οὐδὲ

2199 4374 2398 4434 ἐκεῖνον
2423 4364 2582 4436 οἶδεν.

2282 4485 2310 4520 α
2370 4465 2453 4526 Οὖ
2511 4463 2616 4544 γὰρ
2659 4462 2872 4530 ἑαυτοὺς
2924 4464 3298 4548 κηρύσσομεν,
3358 4465 3498 4526 ἀλλὰ
3558 4465 3792 4546 Χριστὸν

2198 4553 2405 4626 Ἰησοῦν
2447 4553 2646 4632 Κύριον
2678 4577 2691 4590 ο
2729 4552 2946 4622 ἑαυτοὺς
2991 4555 3046 4614 δὲ
3078 4555 3291 4622 δούλους
3342 4558 3495 4633 ὑμῶν
3543 4554 3630 4614 διὰ
3659 4556 3797 4632 Χριο

2199 4642 2344 4704 στόν.
2375 4665 2403 4700 ›>
2443 4639 2582 4725 Ἀνω
2625 4633 2801 4715 εἶπεν,
2836 4642 2916 4702 ὅτι
2969 4645 3052 4706 Οὖ
3106 4650 3506 4725 περιπατοῦμεν
3553 4648 3607 4705 ἐν
3659 4667 3800 4702 παν-

2200 4731 2387 4813 ουργίᾳ
2449 4755 2462 4770 ·
2518 4724 2632 4791 εἶτα
2689 4731 3020 4812 παρενέϐαλε
3077 4733 3144 4792 τὰ
3183 4724 3315 4815 περὶ
3361 4736 3466 4794 τῶν
3525 4733 3797 4806 ἀπίστων,

2201 4825 2314 4888 πῶς
2343 4823 2444 4880 εἰσι
2469 4821 2892 4898 κεκαλυμμένοι.
2925 4821 3107 4899 Φησὶν
3139 4815 3228 4884 οὖν
3259 4829 3384 4898 νῦν,
3408 4823 3490 4883 ὅτι
3519 4823 3622 4884 Διὰ
3645 4827 3802 4883 τοῦτο

2203 4913 2262 4970 οὖ
2311 4910 2812 4990 πανουργευόμεθα,
2857 4911 2991 4971 διότι
3028 4913 3131 4994 οὐχ
3178 4913 3392 4982 ἑαυτοὺς
3421 4913 3799 4995 κηρύσσομεν,

2202 5004 2273 5068 ὥς
2303 5002 2351 5060 οἱ
2398 5000 2844 5082 ψευδαπόστολοι.
2886 5002 3118 5062 Ἐκεῖνοι
3161 5004 3266 5084 γὰρ
3302 5001 3508 5064 ἔπειθον
3545 5002 3664 5070 τοὺς
3694 5027 3801 5082 μαο

2203 5089 2365 5163 θητὰς
2398 5091 2494 5150 ἀπ’
2537 5092 2710 5149 αὐτῶν
2747 5091 3133 5169 ὀνομάζεσθαι,
3161 5095 3234 5161 ὡς
3265 5094 3355 5152 καὶ
3385 5095 3439 5152 ἐν
3564 5092 3799 5173 προτέρα

2203 5179 2468 5251 ἐδήλωσεν
2501 5204 2513 5218 ⁸
2555 5206 2578 5232 α
2608 5177 2755 5261 Ἐγὼ
2782 5182 2879 5256 μέν
2911 5182 3022 5258 εἶμι
3043 5181 3320 5261 Ἀπολλὼ,
3345 5182 3451 5262 ἐγὼ
3481 5181 3536 5242 δὲ
3565 5185 3746 5263 Κηφᾶ.
3778 5210 3802 5234 ιο

2204 5269 2285 5328 Ἢ
2303 5314 2320 5342 ,
2351 5272 2432 5328 ὅτι
2455 5268 2552 5340 Μὴ
2579 5269 2827 5345 νομίζητε
2849 5268 3135 5350 [fl—Cera
3151 5272 3174 5352 ]
3191 5274 3238 5332 οἱ
3271 5273 3623 5351 πολεμοῦντες
3648 5272 3804 5348 ἡμῖν,

2203 5358 2284 5418 ὅτι
2311 5363 2442 5437 ἡμῖν
2485 5359 2788 5437 πολεμεῖτε.
2832 5380 2890 5441 αλ
2912 5361 3006 5434 Μὴ
3037 5360 3402 5442 γὰρξιέαυτοὺς
3429 5363 3766 5444 κηρύσσομεν
3784 5408 3800 5436 ,

1893 5606 2077 5664 Variae
2127 5606 2425 5667 lectiones.

567 5701 610 5735 ⁶⁷
639 5700 967 5770 ἀπεδήμησαν
997 5715 1071 5756 m.
1150 5699 1193 5732 ⁸⁸
1223 5698 1537 5767 ἀποπηδῆσαι
1565 5717 1624 5757 ο.
