4134 6430
344 401 441 456 841
1248 400 1598 457 EXPOSITIO
1639 403 1703 457 IN
1743 401 1955 458 EPIST.

2032 403 2038 457 l
2076 402 2167 457 AD
2204 400 2363 458 COR.
2411 432 2471 441 —
2515 402 2665 457 CAP.
2706 403 2789 456 ιν.
3555 404 3664 460 842

346 526 489 585 ἀλλὰ
534 525 787 603 Χριστόν.
840 553 864 577 ι
909 525 1135 607 Ἐκείνῳ
1182 516 1273 585 οῦν
1302 528 1587 604 πολεμεῖτε
1620 529 1701 608 τῷ
1746 549 1978 607 κηρυσοη

2031 590 2033 596 λ
2061 527 2211 584 enim
2234 526 2486 599 nosipsos
2514 524 2902 598 pradicamus,
2927 524 3024 581 sed
3048 524 3330 583 Christum
3350 568 3368 595 ,
3395 550 3424 578 ι
3449 526 3663 586 Adver-

342 613 573 693 σομίνῳ.
601 613 793 693 Ἦμεῖς
820 615 925 695 γὰρ
953 620 1202 676 τοσοῦτον
1233 617 1292 675 οὗ
1332 615 1674 695 κηρύσσομεν
1704 615 1948 690 ἑαυτοὺς,

2058 633 2154 675 sus
2180 633 2310 673 eum
2344 617 2527 689 itaque
2547 615 2844 683 dimicatis,
2865 614 2958 687 qui
2983 614 3337 687 pradicatur.
3369 618 3484 674 Nos
3507 619 3657 675 enim

345 703 489 764 ὥστε
538 705 631 765 καὶ
673 705 734 765 οὖ
801 704 1206 787 παραιτούμεθα
1258 705 1433 765 δοῦλοι
1479 709 1629 783 ὑμῶν
1680 698 1814 767 εἶναι
1863 705 1952 765 διὰ

2059 706 2198 763 adeo
2228 722 2339 761 non
2389 705 2754 777 pradicamus
2795 703 3085 774 nosipsos,
3138 712 3199 760 ut
3240 722 3352 761 non
3393 706 3653 763 detrecte-

345 794 438 853 τὸν
502 795 755 874 Χριστόν·
808 795 1082 873 τουτέστι,
1132 795 1284 856 Διότι
1336 796 1530 863 ἐκείνος
1580 798 1746 864 οὕτως
1810 800 1953 875 ἡμᾶς

2060 811 2189 853 mus
2224 795 2367 852 servi
2410 794 2575 851 vestri
2619 810 2738 851 esse
2786 803 3010 866 propter
3054 794 3369 862 Christum,
3405 794 3509 852 hoc
3545 806 3661 864 est,

346 883 625 963 ἠγάπησε,
662 883 755 945 καὶ
784 884 961 944 πάντα
1000 884 1132 967 fin-ip
1164 888 1317 963 ἡμῶν
1346 883 1589 965 ἔπραξεν.

2063 892 2145 947 Eo
2169 890 2317 963 quod
2348 889 2441 946 ille
2478 888 2560 946 sic
2593 904 2699 945 nos
2735 886 2958 959 dilexit,
2988 896 3047 945 et
3078 890 3264 946 omnia
3292 890 3473 946 nostri
3503 905 3666 947 causa

1526 1020 1533 1029 .
2063 979 2192 1035 egit.

433 1090 457 1116 ι
484 1059 617 1124 Ὀτι
664 1065 693 1122 6
724 1062 863 1131 Θεὸς
910 1065 940 1122 6
975 1062 1138 1123 εἰπὼν
1157 1108 1174 1137 ,
1226 1064 1287 1123 ix
1318 1020 1539 1129 σκότους
1572 1068 1682 1145 φῶς
1710 1061 1950 1146 λάμψαι,

2063 996 2306 1142 Θεέθῆ.
2318 1072 2560 1126 Vsss.6.
2574 1092 2599 1117 σι
2614 1068 2891 1139 Quoniam
2905 1071 3076 1135 Deus,
3087 1068 3179 1141 qui
3190 1068 3331 1125 dixit
3342 1066 3411 1125 de
3423 1068 3667 1125 tenebris

347 1152 404 1220 ὃς
446 1153 688 1233 ἔλαμψεν
724 1153 778 1211 iv
828 1155 946 1219 ταῖς
994 1152 1238 1234 καρδίαις
1284 1156 1468 1228 ἡμῶν,
1512 1152 1641 1232 πρὸς
1683 1155 1954 1234 φωτισμὸν

2066 1162 2247 1215 lucem
2289 1161 2686 1231 splendescere,
2715 1160 2809 1232 qui
2859 1158 3033 1215 illuxit
3074 1156 3129 1213 in
3164 1159 3424 1215 cordibus
3461 1158 3670 1215 nostris

349 1247 446 1315 τῆς
474 1240 717 1321 γνώσεως
762 1245 857 1313 τῆς
899 1240 1052 1314 δόξης
1096 1247 1189 1301 τοῦ
1218 1243 1360 1303 Θεοῦ
1392 1247 1445 1302 ἐν
1473 1241 1745 1323 προσώπῳ
1775 1241 1955 1315 Ἰησοῦ

2063 1251 2132 1308 ad
2171 1250 2633 1305 illuminationem
2661 1248 3002 1321 cognitionis
3043 1248 3234 1320 gloria
3265 1248 3404 1317 Dei,
3431 1249 3490 1305 in
3534 1246 3672 1306 facie

350 1333 610 1411 Χριστοῦ.
656 1355 685 1384 ι
731 1329 837 1392 Διὰ
877 1330 949 1405 τί,
994 1330 1177 1412 φησὶν,
1212 1335 1312 1412 οὐχ
1351 1331 1565 1398 ἑαυτοὺς
1594 1330 1956 1412 κηρύττομενς

2064 1343 2192 1397 Jesu
2220 1340 2440 1397 Christi.
2484 1363 2509 1389 ν
2537 1344 2746 1412 Quare,
2778 1339 2988 1410 inquit,
3026 1338 3278 1409 nosipsos
3316 1354 3430 1394 non
3460 1337 3669 1409 pradi-

351 1420 505 1482 Διότι
543 1423 573 1480 6
614 1420 751 1487 Θεὸς
795 1418 1037 1501 ἔλαμψεν
1083 1424 1136 1480 iv
1185 1430 1301 1485 ταῖς
1352 1420 1595 1501 καρδίαις
1641 1424 1826 1499 ἡμῶν,
1866 1420 1958 1480 καὶ

2064 1436 2289 1488 camus?
2337 1429 2476 1498 Quia
2520 1432 2669 1485 Deus
2720 1429 2900 1484 illuxit
2957 1427 3013 1483 in
3060 1427 3317 1484 cordibus
3345 1428 3583 1494 nostris,
3618 1436 3675 1484 et

351 1510 535 1590 ὥσπερ
582 1511 656 1578 εἷς
692 1509 754 1569 τὺ
799 1509 1086 1587 πρόσωπον
1138 1515 1231 1569 τοῦ
1284 1511 1522 1578 Μωσέως
1570 1510 1769 1585 πάλαι,
1819 1510 1957 1570 οὕτω

2068 1519 2291 1592 perinde
2318 1535 2383 1575 ac
2416 1518 2574 1575 faciei
2612 1518 2784 1574 Mosis
2826 1517 3141 1590 quondam,
3187 1517 3266 1573 sic
3307 1517 3470 1575 nobis
3520 1534 3674 1575 nunc

355 1606 447 1661 νῦν
477 1602 549 1667 εἰς
588 1604 752 1681 ᾼῂμᾶς.
793 1601 916 1680 Οὐχ
960 1598 1144 1680 ὥσπερ
1192 1598 1247 1658 δὲ
1305 1599 1393 1659 ἐπὶ
1443 1604 1539 1671 τῆς
1588 1602 1804 1681 πρώτης
1843 1601 1956 1660 κτί-

2065 1608 2295 1665 refulsit.
2339 1612 2508 1665 Porro
2547 1624 2658 1664 non
2685 1607 3163 1680 quemadmodum
3195 1608 3253 1664 in
3303 1608 3480 1679 prima
3524 1624 3677 1665 crea-

359 1713 525 1769 σεως,
566 1679 704 1763 εἷπε,
740 1690 834 1748 καὶ
879 1679 1084 1766 ἐγένετο
1113 1679 1222 1769 φῶς
1262 1691 1322 1749 ἐκ
1369 1679 1822 1766 σκότουςςοῧτω,
1866 1691 1957 1749 καὶ

2065 1699 2246 1767 tione,
2276 1697 2448 1768 dixit,
2493 1707 2549 1754 et
2589 1696 2729 1753 facta
2755 1706 2837 1753 est
2868 1697 2962 1753 lux
3012 1713 3043 1753 e
3083 1697 3365 1765 tenebris,
3410 1698 3488 1753 sic
3526 1714 3676 1754 nunc

358 1785 448 1839 νῦν
493 1768 629 1852 εἷπε,
682 1779 776 1839 καὶ
820 1778 1025 1857 ἐγένετο
1071 1782 1196 1860 φῶς·
1249 1781 1367 1837 ἀλλ’
1412 1779 1564 1847 αὐτὸς
1611 1784 1740 1855 ἡμῖν
1777 1780 1957 1858 γέγονε

2068 1788 2228 1854 dixit,
2284 1796 2339 1844 et
2386 1786 2523 1843 facta
2569 1795 2653 1843 est
2699 1787 2793 1843 lux
2846 1806 2858 1842 :
2913 1785 3013 1841 sed
3058 1788 3175 1857 ipse
3225 1786 3387 1843 nobis
3441 1786 3676 1845 effectus

359 1872 490 1952 φῶς.
526 1866 693 1934 Αὐτὸς
726 1867 831 1949 γὰρ
861 1870 1099 1950 ἔλαμψεν
1132 1872 1260 1945 ἡμῖν
1306 1870 1359 1926 iv
1389 1868 1659 1950 προσώπῳ
1699 1871 1959 1949 Χριστοῦ,
1990 1887 1991 1891 ‘

2068 1885 2153 1934 est
2180 1878 2385 1933 lumen.
2416 1877 2702 1948 Siquidem
2733 1876 2781 1931 is
2811 1876 2991 1932 illuxit
3018 1875 3177 1931 nobis
3205 1875 3262 1931 in
3282 1874 3419 1931 facie
3449 1876 3675 1941 Christi,

361 1958 632 2034 τουτέστι,
685 1957 771 2016 διὰ
820 1961 913 2016 τοῦ
965 1960 1222 2038 Χριστοῦ.
1278 1957 1381 2019 Διὰ
1433 1958 1537 2038 γὰρ
1589 1964 1681 2018 τοῦ
1732 1963 1966 2038 Χριστοῦ

2075 1966 2181 2023 hoc
2227 1974 2328 2035 est,
2357 1983 2454 2038 per
2489 1966 2793 2023 Christum.
2832 1967 2933 2020 Per
2962 1964 3240 2021 Christum
3260 1964 3413 2020 enim
3443 1964 3586 2021 lucet
3619 1965 3679 2023 in

359 2046 566 2126 λάμπει
598 2049 649 2105 iv
692 2047 822 2123 ἡμῖν
856 2051 884 2106 6
936 2046 1149 2129 Πατὴρ,
1198 2048 1292 2106 καὶ
1327 2048 1606 2128 χαρίζεται
1656 2076 1680 2101 ι
1729 2048 1816 2107 τὸν
1848 2072 1965 2131 φω-

2073 2056 2236 2112 nobis
2269 2059 2446 2121 Pater,
2472 2055 2677 2127 datque
2718 2075 2746 2107 (ι
2775 2055 3238 2110 illuminationem
3268 2054 3619 2126 cognitionis,
3653 2078 3677 2104 ιι

359 2137 551 2214 τισμὸν
590 2140 685 2209 τῆς
721 2134 996 2216 γνώσεως,
1056 2163 1083 2189 ι
1132 2139 1191 2196 οὗ
1243 2140 1339 2207 τῆς
1387 2138 1566 2205 οὐσίας
1611 2139 1793 2210 αὐτοῦ,
1832 2136 1969 2197 ἀλλὰ

2074 2161 2191 2200 non
2227 2144 2549 2201 substantia
2590 2160 2724 2211 sua,
2772 2143 2866 2200 sed
2899 2167 2924 2192 α
2958 2143 3169 2217 gloria.
3223 2167 3250 2194 ν
3292 2142 3682 2201 Animadverte

371 2249 403 2287 σ
430 2231 526 2299 τῆς
572 2226 742 2298 δόξης.
783 2248 815 2284 ι
846 2224 996 2305 Ὅρα
1044 2226 1101 2285 δὲ
1149 2229 1243 2298 τῆς
1288 2228 1518 2305 Τριάδος
1558 2224 1653 2298 τὴν
1698 2227 1968 2306 θεολογίαν

2074 2243 2258 2289 autem
2284 2234 2564 2290 Trinitatis
2590 2234 2915 2306 mysterium
2944 2232 3092 2303 apud
3123 2233 3350 2290 Paulum
3383 2233 3490 2288 hoc
3515 2232 3682 2288 etiam

362 2318 510 2397 παρὰ
556 2318 631 2397 τῷ
681 2315 884 2396 Παύλῳ
915 2314 1005 2375 καὶ
1041 2320 1148 2374 νῦν·
1189 2315 1313 2397 περὶ
1345 2316 1441 2393 μὲν
1470 2321 1562 2377 τοῦ
1620 2317 1967 2395 Πνεύματος,

2076 2323 2132 2379 in
2162 2323 2302 2378 loco.
2332 2327 2416 2378 De
2442 2323 2647 2395 Spiritu
2676 2339 2915 2381 namque
2946 2322 3105 2393 dicit,
3139 2346 3165 2371 ιι
3200 2322 3448 2379 Gloriam
3478 2322 3682 2379 Domi-

365 2433 392 2460 ι
436 2404 554 2478 Τὴν
605 2403 758 2473 δόξαν
827 2412 919 2466 τοῦ
974 2404 1168 2484 Κυρίου
1216 2407 1695 2486 κατοπτριζόμεθα·
1756 2432 1782 2459 ι
1836 2409 1864 2465 6
1915 2406 1970 2464 δὲ

2079 2412 2136 2468 ni
2171 2412 2519 2485 speculamur
2568 2432 2581 2467 :
2628 2436 2655 2462 ι
2701 2412 2985 2468 Dominus
3028 2414 3178 2468 enim
3212 2411 3444 2483 Spiritus
3472 2420 3585 2477 est;
3616 2411 3684 2469 de

368 2495 562 2575 Κύριος
607 2494 667 2553 τὸ
700 2493 922 2572 Πνεῦμά
951 2497 1082 2555 ἐστι·
1115 2494 1240 2577 περὶ
1280 2494 1335 2553 δὲ
1366 2501 1455 2555 τοῦ
1500 2497 1653 2567 Υίοῦ,
1698 2494 1809 2556 Τὸν
1850 2518 1967 2578 φω-

2079 2501 2219 2557 Filio
2247 2509 2459 2569 autem,
2491 2501 2965 2557 llluminationem
2997 2500 3186 2579 gloria
3220 2499 3500 2572 Evangelii
3537 2499 3688 2556 Chri-

364 2584 556 2663 τισμὸν
604 2588 700 2656 τῆς
730 2584 881 2657 δόξης
908 2589 1001 2644 τοῦ
1037 2585 1367 2664 Εὖαγγελίου
1406 2589 1495 2644 τοῦ
1540 2588 1803 2665 Χριστοῦ·
1851 2584 1974 2662 περὶ

2080 2591 2183 2659 sti;
2215 2590 2285 2647 de
2314 2592 2474 2647 Patre
2503 2599 2693 2646 autem
2722 2606 2887 2659 nunc,
2925 2611 2953 2641 (ι
2983 2590 3453 2647 llluminationem
3492 2588 3686 2661 cogni-

367 2676 426 2735 δὲ
454 2678 549 2735 τοῦ
579 2672 792 2755 [ἰατρὸς
819 2681 943 2749 νῦν,
979 2694 1008 2732 ιι
1038 2676 1149 2736 Τὸν
1178 2676 1451 2759 φωτισμὸν
1480 2678 1576 2747 τῆς
1611 2675 1854 2755 γνώσεως
1879 2678 1976 2746 τῆς

1119 2699 1149 2734 ιν
1178 2676 1451 2759 φωτισμὸν
1480 2678 1576 2747 τῆς
1611 2675 1854 2755 γνώσεως
1879 2678 1976 2746 τῆς
2082 2680 2242 2737 tionis
2271 2680 2462 2753 gloria
2498 2703 2524 2729 ι
2558 2679 2751 2753 ipsius.

368 2762 521 2838 δόξης
549 2790 575 2817 ι
612 2765 793 2823 αὖτοῦ.

452 2881 479 2906 α
505 2850 746 2933 Ἐχομεν
795 2852 852 2912 δὲ
890 2852 980 2913 τὸν
1022 2852 1287 2933 θησαυρὸν
1330 2857 1512 2913 τοῦτον
1562 2855 1615 2913 iv
1646 2852 1977 2934 ὀστρακίνοις

2154 2866 2333 2919 Vnus.
2361 2867 2413 2918 7.
2447 2884 2474 2911 α
2510 2861 2802 2918 Habemus
2837 2867 3027 2918 autem
3056 2860 3381 2917 thesaurum
3411 2860 3582 2917 istum
3633 2859 3688 2917 in

370 2942 633 3003 σκεύεσιν.
688 2970 711 2994 ιο
757 2941 984 3016 Ἐπειδὴ
1027 2942 1202 3002 πολλὰ
1267 2944 1359 3002 καὶ
1408 2943 1619 3022 μεγάλα
1680 2934 1796 3003 εἶπε
1854 2943 1976 3025 περὶ

2085 2952 2228 3007 vasis
2269 2950 2549 3007 ﬁctilibus.
2590 2972 2618 3003 »
2659 2954 2963 3023 Postquam
3009 2950 3187 3006 multa
3240 2959 3294 3007 et
3322 2952 3581 3023 praclara
3621 2949 3691 3006 de

372 3037 469 3106 τῆς
518 3032 824 3114 ἀποῤῥήτου
879 3032 1049 3105 δόξης,
1107 3030 1197 3091 ἵνα
1248 3032 1324 3111 μή
1376 3056 1454 3100 τις
1504 3033 1650 3111 εἴπῃο
1710 3032 1818 3093 Καὶ
1863 3036 1977 3101 πῶς

2083 3039 2350 3097 ineffabili
2379 3039 2550 3113 gloria
2599 3040 2819 3097 locutus
2856 3047 3034 3108 esset,
3062 3055 3131 3095 ne
3160 3039 3287 3111 quis
3318 3028 3500 3107 dicat,
3534 3041 3688 3113 Quo-

374 3122 602 3201 μίνομεν
657 3124 711 3181 iv
764 3127 940 3203 θνητῷ
987 3122 1201 3197 σώματι
1246 3124 1296 3180 οῖ
1356 3127 1602 3195 τοιαῦτα,
1660 3127 1732 3190 ὣς
1782 3122 1976 3199 λέγεις,

2088 3130 2255 3186 modo
2286 3145 2417 3202 ergo
2446 3145 2736 3186 manemus
2783 3130 2838 3184 in
2872 3130 3093 3185 mortali
3135 3145 3397 3201 corpore,
3448 3129 3492 3184 si
3534 3129 3691 3198 talia,

373 3211 661 3284 λαϐόντες
700 3214 895 3294 φησὶν,
936 3212 1020 3273 ὅτι
1064 3211 1175 3273 Καὶ
1223 3216 1379 3271 τοῦτο
1408 3211 1539 3270 αὐτὸ
1570 3217 1663 3283 τῆς
1695 3216 1788 3271 τοῦ
1834 3214 1977 3272 Θεοῦ

2088 3228 2153 3277 ut
2190 3220 2357 3291 dicis,
2398 3220 2814 3291 acceperimus?
2840 3220 2964 3276 Hoc
2990 3220 3204 3293 ipsum,
3231 3219 3434 3292 inquit,
3465 3218 3567 3275 Dei
3601 3234 3696 3291 po-

374 3302 677 3380 δυνάμεως,
723 3300 806 3361 ὅτι
850 3303 1160 3383 ὀστράκινον
1212 3306 1398 3369 σκεῦος
1446 3300 1711 3371 τοιούτους
1766 3309 1979 3376 θησαυ-

2088 3312 2274 3367 tentia
2316 3311 2667 3367 tribuendum
2710 3320 2819 3378 est,
2850 3309 2999 3384 quod
3043 3326 3134 3366 vas
3159 3318 3460 3367 testaceum
3503 3307 3696 3384 hujus,

378 3390 495 3470 ροὺς
522 3398 707 3470 χωρεῖ·
1496 3471 1507 3473 ,

1496 3471 1507 3473 Α
2088 3402 2240 3457 modi
2274 3401 2562 3457 thesauros
2587 3401 2749 3473 capit.

467 3502 499 3540 α
524 3479 643 3541 Ἵνα
678 3484 713 3553 ἡ
744 3478 1014 3559 ὑπερϐολὴ
1044 3482 1140 3552 τῆς
1172 3479 1449 3563 δυνοίμεως
1553 3487 1645 3541 τοῦ
1671 3481 1837 3553 Θεοῦ,
1887 3480 1979 3541 καὶ

2165 3514 2191 3541 σι
2232 3494 2311 3549 Ut
2339 3471 2942 3563 excellentia‘potentia
2978 3494 3051 3548 sit
3078 3493 3195 3561 Dei,
3235 3501 3290 3549 et
3326 3508 3442 3550 non
3478 3508 3546 3549 ex
3593 3507 3695 3548 no-

378 3569 458 3650 μὴ
489 3568 543 3639 ἐξ
576 3573 755 3646 ἡμῶν.
809 3593 842 3626 ι
875 3568 1025 3644 Ἵνα,
1057 3569 1246 3651 φησὶν,
1365 3569 1634 3654 ὑπερβολή
1668 3573 1761 3640 τῆς
1802 3593 1980 3651 φαινο-

2090 3581 2194 3638 bis.
2224 3600 2251 3634 ››
2282 3582 2363 3638 Ut
2394 3560 2733 3645 excellentia,
2765 3582 2963 3653 inquit,
2994 3560 3258 3652 potentia
3281 3597 3404 3654 qua
3441 3581 3497 3637 in
3533 3582 3695 3638 nobis

379 3658 544 3739 μένης
590 3661 646 3718 iv
674 3661 805 3737 ἡμῖν
840 3660 1115 3737 δυνάμεως
1161 3664 1251 3719 τοῦ
1301 3660 1443 3719 Θεοῦ
1477 3651 1537 3741 ᾗ,
1578 3660 1671 3719 καὶ
1709 3660 1784 3736 μὴ
1829 3666 1983 3737 ἡμεῖς

2090 3680 2336 3744 apparet,
2362 3672 2461 3728 Dei
2488 3672 2577 3739 sit,
2609 3686 2741 3726 neve
2776 3651 3163 3727 existimemur
3189 3651 3349 3727 nos—a
3378 3672 3539 3727 nobis
3563 3672 3697 3743 ipsis

378 3749 721 3826 νομιζώμεθα
776 3753 1066 3829 κατορθοῦν
1113 3747 1167 3817 ἐξ
1216 3751 1423 3831 ἕαυτιῗξν
1472 3772 1547 3821 τι,
1597 3748 1736 3808 ἀλλὰ
1789 3748 1984 3816 πάντες

2092 3759 2298 3830 aliquid
2322 3759 2515 3831 egisse,
2545 3774 2737 3814 verum
2768 3773 2962 3813 omnes
3003 3755 3096 3830 qui
3134 3757 3338 3823 vident,
3386 3759 3483 3813 Dei
3508 3758 3692 3813 dicant

378 3840 429 3898 οἱ
475 3841 699 3919 δρῶντες
746 3843 841 3899 τοῦ
888 3843 1029 3899 Θεοῦ
1082 3839 1310 3916 λέγωσιν
1360 3829 1495 3897 εἶναι
1532 3838 1596 3898 τὸ
1625 3847 1756 3899 πᾶν.
1795 3838 1981 3897 Αἷνίτ-

2094 3829 2199 3905 boc
2226 3829 2408 3905 totum
2439 3864 2575 3903 esse.
2616 3850 2787 3905 Notat
2814 3854 3001 3903 autem
3030 3829 3513 3920 pseudapostolos,
3556 3861 3694 3920 quo-

380 3950 534 3988 τεται
588 3926 645 3987 δὲ
690 3927 809 3995 τοὺς
858 3927 1345 4009 ψευδαποστόλους,
1398 3927 1481 3988 ὅτι
1532 3930 1737 3997 ἑαυτοῖς
1787 3929 1849 3988 τὸ
1878 3936 1985 3988 πᾶν

1609 3932 1737 3997 »τοῖς
1787 3929 1849 3988 τὸ
1878 3936 1985 3988 πᾶν
2094 3940 2248 3996 niam
2279 3939 2513 4011 sibiipsis
2538 3938 2849 3995 universum
2876 3936 3241 3993 ascribebant.

520 4041 707 4098 ραφον.
3112 4078 3123 4088 ,

383 4020 847 4169 ἕκῗρξέιονπαντὶ
892 4105 1223 4185 θλιϐόμενοι,
1271 4105 1391 4166 ἀλλ’
1446 4109 1505 4167 οὗ
1554 4106 1987 4189 στενοχωρούμε-

2166 4116 2353 4171 Vsns.
2388 4121 2443 4171 8.
2488 4132 2518 4168 α
2568 4118 2631 4170 In
2660 4112 2923 4169 omnibus
2970 4078 3383 4168 tribulationem
3432 4112 3695 4183 patimur,

384 4220 488 4259 νοι.
524 4223 551 4251 ν
600 4195 707 4258 Καὶ
755 4200 1027 4275 τοσοῦτον,
1079 4196 1273 4278 φησὶν,
1332 4194 1448 4255 ἔστι
1493 4198 1553 4255 τὸ
1604 4205 1711 4254 πᾶν
1760 4202 1853 4268 τῆς
1898 4202 1989 4257 τοῦ

2098 4205 2196 4264 sed
2248 4222 2360 4261 non
2407 4205 2807 4277 angustiamur.
2852 4226 2877 4251 ιι
2918 4200 3105 4269 Adeo,
3150 4200 3354 4274 inquit,
3390 4209 3576 4259 totum
3617 4211 3701 4259 est

385 4289 534 4351 Θεοῦ
577 4284 870 4363 δυνάμεως,
914 4284 1054 4345 ὥστε
1100 4285 1275 4344 καίτοι
1318 4286 1623 4364 ὀστράκινοι
1674 4286 1853 4359 ὄντες,
1900 4286 1991 4345 καὶ

2098 4295 2358 4367 potentia
2405 4294 2539 4362 Dei,
2588 4304 2653 4349 ut
2695 4292 2947 4366 quamvis
2996 4291 3217 4348 testacei
3271 4291 3479 4359 simus,
3532 4295 3700 4350 tantis

386 4374 655 4444 τοσούτοις
697 4374 1131 4455 περικρουόμενοι
1180 4382 1521 4453 πειρασμοῖς,
1569 4376 1629 4435 οὐ
1691 4374 1990 4455 θραυόμεθα

390 4466 480 4493 μμὶ
541 4467 843 4493 2_1\\-_---.
901 4465 986 4493 -3.--
1037 4464 1088 4493 2--
1151 4466 1281 4493 Su?“
1329 4464 1593 4493 ﬂ---__,-1.-
1674 4463 1987 4493 D‘.-E.’r--b-s

2065 4397 2326 4482 ’tamque
2371 4384 2533 4440 variis
2573 4380 2974 4439 tentationibus
3009 4381 3265 4452 impulsi,
3312 4397 3421 4437 non
3476 4381 3697 4455 franga-

2122 4492 2148 4493 η
2206 4492 2225 4493 η
2280 4488 2451 4493 ᾼΑμη-
2492 4471 2783 4493 ..-..Αι-.μ.---
2818 4472 3138 4493 ιι------..--...
3185 4470 3270 4493 ---ξ
3308 4468 3358 4493 2..
3402 4467 3561 4493 _-I..:_
3604 4477 3683 4493 -.ι

388 4466 485 4527 καὶ
537 4467 844 4543 ἀπόλλυμεν
898 4465 987 4524 τὸν
1034 4464 1088 4522 iv
1151 4466 1281 4541 ἡμῖν
1329 4464 1612 4540 θησαυρόν.
1674 4463 1990 4539 Θλιϐόμεθα

2068 4463 2071 4477 ’
2102 4492 2249 4539 mur,
2280 4488 2455 4546 neque
2492 4471 2785 4544 perdamus
2818 4472 3141 4526 thesaurum
3180 4470 3275 4542 qui
3308 4468 3362 4524 in
3402 4467 3563 4525 nobis
3600 4477 3700 4525 est.

390 4554 497 4636 γὰρ
551 4558 605 4615 iv
649 4554 811 4614 παντὶ
860 4556 1051 4634 καιρῷ,
1101 4553 1194 4612 καὶ
1242 4551 1414 4634 τόπῳ,
1446 4552 1538 4613 καὶ
1575 4553 1891 4633 πράγματι,
1937 4556 1991 4613 iv

2099 4562 2422 4634 Affligimur
2458 4562 2601 4617 enim
2631 4562 2687 4615 in
2717 4560 2872 4618 omni
2920 4567 3200 4629 tempore,
3234 4565 3290 4612 et
3333 4557 3485 4623 loco,
3524 4566 3581 4613 et
3610 4573 3695 4622 re,

392 4644 594 4727 φίλοις,
653 4645 708 4703 iv
764 4647 993 4725 ἐχθροῖς
1049 4643 1169 4702 ἀλλ’
1219 4644 1279 4702 οὗ
1338 4641 1850 4725 στενοχωρούμεθα,
1900 4647 1992 4703 τοῦ

2103 4652 2247 4708 inter
2285 4652 2528 4718 amicos,
2558 4650 2702 4706 inter
2743 4650 2926 4704 hostes
2974 4669 2987 4704 :
3024 4647 3119 4702 sed
3166 4646 3237 4702 ad
3280 4646 3561 4719 angustias
3589 4662 3704 4702 non

393 4736 538 4797 Θεοῦ
567 4733 923 4801 πλατύνοντος
945 4731 1040 4797 τὰς
1067 4731 1288 4812 καρδίας
1317 4735 1495 4810 ἡμῶν.

2103 4742 2380 4815 cogimur,
2412 4742 2523 4796 Deo
2551 4740 2715 4796 corda
2739 4748 2929 4794 nostra
2958 4735 3220 4792 dilataute

480 4852 508 4880 ι
538 4822 936 4903 ’Δπορούμενοι,
982 4824 1101 4881 ἀλλ’
1129 4825 1224 4881 οὐκ
1265 4822 1698 4900 ἐξαπορούμενοι.
1748 4843 1779 4880 n
1820 4825 1996 4885 Τουτ-

2183 4855 2209 4881 ι
2256 4831 2610 4901 Aporiamur,
2658 4828 2753 4884 sed
2785 4842 2893 4883 non
2940 4824 3319 4883 destituimur.
3371 4848 3396 4875 ιο
3428 4826 3555 4882 Ηοο
3578 4832 3666 4881 est
3689 4867 3704 4892 ,

398 4914 570 4988 ἐστιν,
642 4916 714 4982 εἷς
791 4913 1016 4993 ἀπορίας
1090 4910 1182 4971 καὶ
1246 4912 1550 4992 ἀμηχανίας
1631 4912 2001 4989 ἐμπίπτοντεςο

2106 4920 2164 4977 in
2197 4936 2479 4976 summam
2510 4934 2695 4975 rerum
2736 4917 3020 4991 penuriam
3059 4924 3116 4971 et
3146 4914 3531 4972 difﬁcultatem
3573 4916 3707 4971 inci-

392 5003 546 5075 ’πλὴν
578 5004 697 5062 ἀλλ’
745 5002 891 5079 ὀρθοὶ
934 5001 1213 5077 ἱστάμενοι
1266 5002 1360 5061 καὶ
1408 5003 1503 5060 οὐκ
1553 5002 2002 5080 ἀπογινώσκοντες

2109 5010 2335 5079 dentes,
2400 5017 2779 5065 verumtamen
2851 5007 2988 5063 recti
3045 5006 3442 5072 consistentes,
3502 5005 3555 5059 in
3613 5004 3709 5061 de-

400 5092 496 5153 καὶ
524 5092 850 5171 ἡττώμενοι,
877 5093 1016 5151 ἀλλὰ
1044 5091 1235 5173 πόρους
1279 5093 1333 5151 iv
1372 5093 1501 5171 Θεῷ
1544 5092 1867 5171 εὑρίσκοντες
1908 5091 2001 5151 καὶ

2111 5099 2481 5171 ερεηιιίοηοηι
2544 5114 2657 5153 non
2711 5095 3075 5159 devolvimur,
3131 5110 3312 5167 neque
3368 5094 3637 5149 vincimur
3695 5111 3709 5149 :

401 5185 669 5250 νικῶντες.
2112 5198 2375 5245 caterum
2410 5187 2466 5243 in
2524 5189 2645 5243 Deo
2683 5188 2893 5243 exitum
2923 5183 3263 5252 invenimus,
3332 5194 3500 5256 atque
3540 5183 3714 5239 vinci-

2115 5294 2260 5335 mus.

489 5388 515 5418 ι
559 5360 913 5438 Διωκόμενοι,
964 5360 1082 5422 ἀλλ’
1112 5363 1207 5422 οὐκ
1236 5362 1768 5442 ἐγκαταλειπόμενοι.
1801 5388 1828 5415 ιι
1860 5360 2006 5422 Διώ-

2188 5370 2370 5425 Vsss.
2430 5372 2488 5423 9.
2545 5390 2570 5415 ι
2626 5364 3070 5423 Persecutionem
3125 5363 3384 5436 patimur,
3444 5363 3539 5419 sed
3598 5379 3715 5421 non

408 5474 590 5514 κουσιν
642 5458 789 5529 ἡμᾶς
830 5455 879 5513 οἱ
929 5450 1216 5532 ἄνθρωποι,
1268 5455 1387 5513 ἀλλ’
1416 5458 1445 5513 6
1484 5454 1621 5521 Θεὸς
1657 5455 1751 5511 οὐκ
1780 5456 2010 5530 ἐγκατα-

2117 5457 2574 5530 derelinquimnr.
2604 5479 2627 5503 ιο
2651 5457 3061 5527 Persequnntur
3075 5455 3296 5527 quidem
3321 5468 3424 5508 nos
3450 5452 3718 5521 homines,

409 5544 604 5604 λείπει.
652 5542 798 5624 Πρὸς
844 5543 1144 5623 γυμνασίαν
1188 5540 1294 5624 γὰρ
1339 5545 1529 5622 ἡμῶν,
1560 5543 1622 5605 οὗ
1653 5542 1784 5625 πρὸς
1816 5534 2010 5623 ἧτταν,

2120 5562 2316 5605 verum
2343 5550 2494 5604 Deus
2522 5563 2624 5603 nos
2663 5562 2777 5604 non
2821 5544 3042 5601 deserit.
3085 5544 3174 5601 Ad
3211 5543 3530 5601 exercitium
3574 5543 3719 5599 enim

415 5639 822 5714 συγχωροῦνται
853 5637 1048 5695 ταῦτα.

2121 5647 2375 5698 nostrum
2394 5679 2410 5709 ,
2467 5652 2581 5694 non
2624 5645 2689 5695 ut
2735 5634 3192 5706 succumbamus,
3242 5632 3361 5692 bac
3390 5632 3725 5709 permittun-

704 5825 939 5882 ΡΑτιιοι..
970 5825 1076 5883 Gn.
1117 5824 1339 5882 CXXIV.
2123 5737 2235 5787 tur.

2123 5737 2235 5787 tur.

3342 5818 3415 5872 27
