4134 6448
437 368 539 423 843

512 515 537 539 σι
570 490 876 562 Dejicimur
904 488 1131 561 quidem
1150 531 1165 558 ,
1197 487 1295 545 sed
1321 503 1432 544 non
1462 487 1727 560 perimus.
1768 511 1793 537 ι
1828 487 2035 558 Corpo-
2064 488 2121 552 Α

437 596 529 648 re,
563 580 769 653 inquit,
799 588 856 636 et
890 578 1131 634 externis
1164 578 1325 633 rebus
1363 577 1431 633 ab
1471 576 1798 633 adversariis
1824 577 2033 632 nostris

436 669 750 742 dejicimur,
789 667 888 724 sed
917 683 1031 723 non
1069 668 1337 739 perimus,
1367 676 1636 739 quantum
1666 667 1735 723 ad
1777 666 2030 723 alacrita—

436 768 551 816 tem
566 760 871 830 animaeque
890 757 1259 814 constantiam
1277 757 1490 826 attinet,
1514 765 1635 813 tum
1652 755 1834 829 quoad
1849 757 2032 829 ipsum

433 864 632 919 corpus
656 865 687 905 a
710 851 826 903 Deo
855 849 1015 903 etiam
1047 864 1458 905 conservamur.

510 938 677 1010 265
706 939 878 995 Vnus.
912 945 999 994 10.
1035 962 1060 987 ι
1094 940 1323 1009 Semper
1350 945 1593 993 mortem
1636 936 1863 992 Domini
1904 938 2033 991 Jesu

434 1028 492 1084 in
520 1043 751 1100 corpore
787 1026 1270 1096 circumferentes,
1302 1034 1365 1082 ut
1394 1035 1449 1082 et
1488 1027 1599 1083 vita
1632 1028 1765 1082 Jesu
1804 1024 2037 1081 manife-

434 1125 608 1174 stetur
635 1117 693 1173 in
746 1133 976 1187 corpore
1018 1126 1233 1173 nostro.
1281 1140 1306 1165 υ
1355 1118 1479 1172 Hoc
1527 1124 1639 1183 est,
1691 1114 2038 1188 quotidianas

435 1214 642 1264 mortes
688 1206 1061 1277 sustinentes,
1106 1207 1493 1279 imitantesque
1526 1215 1767 1262 mortem
1808 1205 2038 1261 Domini

433 1298 560 1352 Jesu
588 1310 828 1367 semper,
859 1293 1094 1367 hincque
1122 1295 1290 1350 vitam
1316 1296 1482 1368 ipsius
1512 1303 2037 1363 commonstrantes,

434 1402 533 1443 seu
576 1384 1073 1454 resurrectionem,
1129 1385 1182 1440 in
1226 1401 1455 1457 corpore
1511 1393 1723 1442 nostro.
1779 1386 1834 1441 Si
1888 1385 2037 1440 enim

436 1474 712 1547 quispiam
752 1489 865 1529 non
901 1473 1090 1529 credat
1126 1473 1277 1546 quod
1320 1474 1599 1531 Dominus
1642 1474 2036 1545 resurrexerit,

435 1579 563 1621 cum
606 1578 709 1619 nos
751 1562 994 1635 quotidie
1035 1563 1369 1630 morientes,
1423 1572 1480 1620 et
1523 1564 1764 1636 quotidie
1803 1564 2039 1622 viventes

436 1650 814 1726 conspexerit,
858 1651 1002 1708 bona
1046 1668 1172 1709 cum
1200 1653 1408 1709 ratione
1436 1669 1551 1710 non
1602 1654 1841 1725 amplius
1884 1654 2041 1711 dubi-

436 1741 594 1799 tabit.

502 1834 679 1888 Vnus.
709 1836 797 1887 ιι.
852 1852 877 1877 σι
908 1831 1136 1903 Semper
1180 1830 1325 1889 enim
1379 1847 1480 1889 nos
1534 1832 1626 1906 qui
1664 1832 1928 1903 vivimus,
1978 1833 2036 1889 in
2066 1848 2115 1911 Β

433 1931 679 1978 mortem
720 1918 997 1977 tradimur
1044 1931 1269 1995 propter
1299 1925 1521 1992 Jesum,
1560 1932 1622 1979 ut
1658 1932 1716 1979 et
1744 1923 1856 1979 vita
1899 1927 2034 1980 Jesu

432 2010 812 2068 manifestetur
859 2010 915 2067 in
962 2012 1183 2069 mortali
1240 2028 1405 2068 carne
1446 2020 1654 2068 nostra.
1702 2014 1741 2083 »ζ
1765 2015 1872 2069 Per
1914 2014 2034 2071 haec

430 2102 823 2173 interpretatur
856 2100 1138 2175 quomodo
1164 2101 1370 2157 dixerit
1401 2112 1644 2157 mortem
1685 2104 1819 2158 Jesu
1857 2121 1870 2156 :
1903 2120 2032 2160 nam

431 2188 732 2246 obscurum
780 2199 919 2247 erat.
952 2191 1105 2248 Solet
1129 2190 1280 2246 enim
1311 2200 1574 2263 perpetuo
1610 2191 1842 2247 obscure
1887 2191 2031 2248 dicta

432 2279 755 2339 dilucidare.
802 2284 954 2339 Istud
985 2290 1190 2350 autem,
1236 2305 1260 2330 ι
1303 2283 1375 2337 Ut
1400 2290 1456 2338 et
1485 2282 1592 2337 vita
1623 2285 1752 2339 Jesu
1794 2283 2028 2340 manife-

430 2377 628 2439 stetur,
686 2394 712 2421 ι
764 2380 968 2444 praeter
1016 2372 1260 2444 priorem
1310 2372 1690 2443 acceptionem
1731 2374 1903 2430 etiam
1954 2374 2034 2431 sic

430 2460 813 2532 accipiendum
866 2466 949 2517 est
1008 2480 1021 2516 :
1076 2460 1568 2531 Quemadmodum
1637 2479 1737 2519 nos
1792 2472 2031 2520 mortem

430 2548 630 2605 Christi
656 2551 997 2607 sustinemus
1027 2567 1193 2619 nunc,
1225 2551 1574 2622 viventesque
1596 2560 1817 2624 propter
1846 2553 2031 2625 ipsum

429 2639 569 2694 mori
598 2640 882 2712 elegimus,
915 2640 987 2696 ita
1009 2640 1099 2696 ille
1123 2649 1372 2695 mortuos
1392 2649 1508 2695 tum
1541 2640 1817 2699 viviﬁcare
1837 2644 1983 2700 volet
2016 2662 2028 2699 :

430 2726 489 2783 id
509 2727 659 2799 quod
686 2728 813 2783 alibi
835 2729 949 2783 ait'
974 2748 988 2783 :
1026 2751 1053 2777 σι
1084 2728 1140 2784 Si
1174 2728 1322 2784 enim
1349 2728 1569 2785 Christo
1609 2734 2028 2803 commorimur,

431 2816 597 2872 simul
623 2817 791 2872 etiam
820 2833 948 2873 cum
979 2833 1044 2873 eo
1074 2818 1336 2873 vivemus.
1375 2840 1399 2865 ι

501 2906 675 2960 Vnus.
727 2909 814 2960 12.
859 2927 884 2953 α
920 2907 1061 2978 Ergo
1112 2921 1265 2961 mors
1307 2904 1364 2960 in
1393 2905 1555 2961 nobis
1605 2914 1888 2978 operatur,
1918 2906 2029 2964 vita

428 2998 613 3047 autem
655 2993 707 3047 in
746 2993 921 3049 vobis.
960 3016 984 3041 ιι
1038 2996 1279 3049 Mortem
1332 2993 1419 3049 hic
1447 2997 1785 3052 tentationes
1838 3005 2031 3065 vocat,

429 3079 535 3136 hoc
562 3080 753 3139 dicens
797 3100 811 3137 :
845 3085 959 3138 Nos
1000 3082 1225 3154 quidem
1256 3083 1314 3137 in
1358 3084 1609 3154 periculis
1656 3100 1885 3153 sumus,
1939 3102 2036 3143 vos

1381 362 1898 418 THEOPHYLACTI
1938 358 2296 416 BULGARIE
2331 358 2647 415 ARCHIEP.

3640 356 3740 410 844

2263 510 2289 537 α
2345 480 2864 560 Καταϐαλλόμενοί,
2895 481 3017 540 ἀλλ’
3036 481 3134 540 οὐκ
3177 478 3556 557 ἀπολλύμενοι.
3589 506 3614 532 ι
3644 483 3740 560 Τῷ

2148 573 2365 653 σώματι
2414 575 2506 632 καὶ
2564 579 2671 640 τοῖς
2721 569 2869 639 ἐκτὸς
2923 568 3392 647 καταϐαλλόμενοι
3443 566 3593 647 παρὰ
3636 573 3743 630 τῶν

2144 662 2622 735 ἀντιπαλαιόντων,
2656 662 2775 721 ἀλλ’
2798 662 2894 719 οὐκ
2924 660 3309 737 ἀπολλύμενοι,
3445 658 3740 740 προθυμίᾳ,

2144 752 2235 812 καὶ
2358 758 2453 824 ἧς
2482 756 2661 833 ψυχῆς
2697 749 2960 824 ἐνστάσει,
2986 750 3076 809 καὶ
3107 752 3227 809 κατ’
3263 749 3391 809 αὖτὸ
3422 749 3477 808 δὲ
3498 748 3558 808 τὸ
3584 751 3741 825 σῶμα

2144 843 2248 901 ὑπὸ
2282 845 2425 904 Θεοῦ
2456 840 2896 921 συντηρούμενοι.

2229 956 2257 987 α
2295 932 2538 992 Πάντοτε
2587 930 2686 1002 τὴν
2716 930 2969 1010 νέκρωσιν
3000 933 3091 988 τοῦ
3126 928 3326 1009 Κυρίου
3359 931 3537 1002 Ἰησοῦ
3574 929 3627 987 ἓν
3669 930 3743 1010 τῷ

2145 1022 2356 1102 σώματι
2409 1020 2796 1101 περιφέροντες,
2855 1018 2944 1078 ἳνα
3004 1018 3097 1079 καὶ
3164 1023 3199 1092 ἡ
3248 1017 3357 1091 ζωὴ
3412 1022 3505 1079 τοῦ
3567 1020 3747 1090 Ἰησοῦ

2145 1115 2422 1193 φανερωθῇ
2462 1111 2515 1169 ὲν
2561 1113 2637 1189 τῷ
2696 1106 2908 1187 σώματι
2940 1111 3119 1187 ἡμῶν.
3173 1129 3203 1167 υ
3240 1107 3531 1185 Τουτίστι,
3585 1107 3747 1166 θανά-

2145 1224 2264 1269 τους
2308 1198 2695 1281 καθημερινοὺς
2747 1198 3129 1280 ὑφιστάμενοι,
3163 1196 3256 1257 καὶ
3310 1196 3627 1274 μιμούμενοι
3656 1197 3745 1257 τὸν

2145 1290 2369 1351 θάνατον
2413 1294 2502 1349 τοῦ
2556 1289 2751 1370 Κυρίου
2805 1287 2920 1358 ἀεὶ,
2970 1292 3254 1348 κάντεῦθεν
3307 1286 3598 1355 δεικνύντες
3652 1285 3745 1346 καὶ

2146 1379 2242 1453 τὴν
2295 1380 2433 1452 ζωὴν
2484 1382 2669 1453 αὐτοῦ,
2720 1378 2838 1452 ἤτοι
2888 1379 2983 1451 τὴν
3038 1376 3365 1451 ἀνάστασιν,
3408 1378 3462 1436 ἐν
3511 1379 3589 1456 τῷ
3635 1376 3747 1435 σώ-

2147 1494 2278 1549 ματι
2324 1473 2499 1548 ἡμῶν.
2533 1471 2599 1529 Εἰ
2648 1467 2754 1549 γάρ
2803 1491 2881 1535 τις
2929 1470 3144 1526 ἀπιστεῖ
3195 1464 3276 1525 ὅτι
3320 1465 3517 1538 ἀνίστη
3548 1469 3577 1525 6
3622 1463 3748 1527 Κύ-

2150 1584 2272 1642 ριος,
2319 1565 2463 1635 ἡμᾶς
2526 1561 2662 1638 δρῶν
2711 1560 2837 1617 καθ’
2881 1555 3091 1637 ἡμέραν
3146 1554 3241 1635 μὲν
3288 1555 3750 1629 ἀποθνήσκοντας,

2147 1648 2264 1709 καθ’
2313 1649 2521 1729 ἡμέραν
2564 1647 2619 1707 δὲ
2672 1650 2900 1722 ζῶντας,
2954 1648 3052 1707 οὐκ
3099 1645 3165 1706 ἂν
3214 1644 3293 1705 ἔτι
3342 1644 3572 1724 εὐλόγως
3616 1646 3746 1706 ἀπι-

2150 1738 2347 1818 στήσῃ.

2228 1854 2253 1883 α
2284 1827 2392 1889 Ἀεὶ
2438 1826 2540 1907 γὰρ
2580 1831 2735 1905 ἡμεῖς
2786 1828 2834 1887 οἱ
2885 1828 3075 1897 ζῶντες
3127 1827 3199 1893 εἰς
3244 1823 3467 1884 θάνατον
3510 1825 3751 1906 παραδι-

2145 1920 2344 1996 δόμεθα
2393 1918 2479 1977 διὰ
2511 1919 2741 1991 Ἰησοῦν,
2780 1915 2868 1976 ἵνα
2907 1914 2999 1975 καὶ
3029 1920 3063 1989 ἡ
3109 1914 3217 1986 ζωὴ
3249 1920 3342 1974 τοῦ
3378 1913 3557 1986 Ἰησοῦ
3587 1937 3751 1995 φανε-

2145 2013 2287 2089 ρωθῇ
2322 2011 2373 2068 ἐν
2503 2010 2668 2089 θνητῇ
2717 2004 2879 2087 σαρκὶ
2927 2008 3104 2082 ἡμῶν.
3141 2030 3165 2057 ι
3196 2003 3300 2065 Διὰ
3330 2003 3530 2063 τούτων
3570 2007 3752 2084 ἑρμη-

2141 2087 2310 2170 νεύει,
2369 2101 2484 2165 πῶς
2538 2087 2657 2156 εἶπε
2709 2095 2805 2163 τὴν
2858 2096 3115 2175 νέκρωσιν
3154 2098 3245 2154 τοῦ
3292 2093 3491 2165 Ἰησοῦ·
3541 2092 3755 2175 ἀσαφὴς

2141 2185 2244 2267 γὰρ
2274 2178 2361 2259 ἦν·
2396 2184 2548 2247 εἴωθε
2589 2185 2693 2265 γὰρ
2728 2186 2810 2243 ἀεὶ
2841 2184 2910 2243 τὰ
2944 2186 3125 2263 ἆσαφῆ
3171 2183 3503 2265 σαφηνίζειν.
3552 2183 3633 2244 Τὸ
3664 2181 3753 2261 δὲ,

2144 2302 2168 2329 α
2196 2274 2319 2336 Ἵνα
2370 2278 2403 2347 ἡ
2436 2275 2543 2347 ζωὴ
2590 2280 2682 2333 τοῦ
2715 2275 2896 2348 Ἰησοῦ
2928 2277 3232 2355 φανερωθῇ,
3266 2300 3289 2325 ι
3333 2271 3466 2350 πρὸς
3609 2295 3756 2351 προ-

2141 2364 2268 2448 τέρα
2300 2366 2495 2445 ἕκδοχῇ
2525 2365 2616 2424 καὶ
2652 2363 2818 2433 οὔτως
2862 2364 3155 2435 ἐκληπτέον
3174 2411 3190 2437 ,
3220 2360 3303 2422 ὅτι
3351 2362 3567 2443 Ὠσπερ
3596 2367 3755 2438 ἡμεῖς

2141 2453 2230 2513 τὸν
2260 2454 2479 2514 θάνατον
2511 2458 2603 2513 τοῦ
2634 2456 2873 2532 Χριστοῦ
2910 2452 3244 2530 ὑπομένομεν
3276 2455 3400 2524 νῦν,
3442 2450 3535 2510 καὶ
3562 2454 3755 2521 ζῶντες

2144 2544 2435 2624 αἱρούμεθα
2489 2545 2556 2604 δι’
2590 2544 2748 2603 αὑτὸν
2788 2550 2987 2618 θανεῖν,
3025 2541 3165 2602 οὔτω
3212 2541 3305 2601 καὶ
3335 2539 3493 2607 αὐτὸς
3525 2539 3753 2620 αἱρήσε-

2143 2656 2231 2692 ται
2268 2632 2628 2700 ἀποθανόντας
2658 2636 2989 2712 ζωογονῆσαι
3020 2633 3159 2689 τότε·
3205 2630 3338 2711 ὅπερ
3376 2629 3467 2689 καὶ
3509 2631 3753 2710 ἀλλαχοῦ

2148 2744 2328 2802 φησιν·
2376 2751 2399 2775 ι
2431 2725 2497 2781 Εἰ
2543 2722 2646 2802 γὰρ
2698 2720 3153 2797 συναπεθάνομεν,
3205 2720 3297 2779 καὶ
3339 2722 3658 2798 συζήσομεν.
3707 2746 3735 2774 ι

2225 2930 2250 2955 ει
2277 2899 2453 2963 Ὥστε
2500 2903 2529 2959 6
2568 2899 2665 2981 μὲν
2716 2900 2939 2969 θάνατος
2970 2902 3026 2959 ἐν
3075 2904 3204 2976 ἡμῖν
3255 2900 3576 2981 ἐνεργεῖται,
3616 2902 3651 2972 ἡ
3692 2896 3756 2959 δὲ

2146 2988 2255 3063 ζωὴ
2296 2994 2348 3050 ἐν
2403 2994 2549 3067 ὑμῖν.
2608 3016 2634 3044 ιι
2680 2992 2930 3051 Θάνατον
2982 2992 3208 3050 ἐνταῦθα
3249 2989 3371 3057 τοὺς
3422 2987 3757 3071 πειρασμούς

2146 3105 2310 3163 φησι,
2372 3086 2526 3140 τοῦτο
2577 3078 2780 3158 λέγων,
2835 3079 2915 3140 ὅτι
2976 3080 3174 3156 Ἡμεῖς
3233 3078 3331 3157 μὲν
3389 3082 3443 3139 ἐν
3496 3079 3758 3148 κινδύνοις

427 3177 614 3227 autem
666 3171 804 3240 vita,
865 3187 991 3245 qua;
1039 3188 1104 3229 ex
1156 3171 1408 3244 periculis
1457 3182 1700 3245 paratur,
1757 3176 2030 3245 fruimini,

2147 3170 2322 3246 ἐσμέν·
2375 3174 2524 3248 ὑμεῖς
2586 3170 2639 3228 δὲ
2693 3169 2788 3241 τὴν
2853 3173 2914 3230 ἐκ
2970 3173 3074 3229 τῶν
3133 3169 3390 3229 κινδύνων
3450 3175 3753 3249 καρποῦσθε

425 3261 716 3333 Evangelia
750 3277 945 3333 nempe
974 3259 1131 3317 vobis
1166 3260 1467 3334 praedicato
1488 3303 1504 3331 ,
1546 3279 1643 3335 per
1676 3264 1827 3336 quod
1863 3266 2035 3323 vitam

430 3350 604 3407 vivitis
632 3351 1047 3421 sempiternam.

502 3445 683 3500 Vnus.
735 3448 822 3498 13.
866 3466 891 3492 (ι
930 3442 1211 3499 Habentes
1257 3453 1440 3499 autem
1472 3444 1728 3501 eumdem
1770 3448 2040 3521 Spiritum

429 3531 578 3599 ﬁdei,
604 3532 913 3587 secundum
940 3530 1091 3603 quod
1111 3533 1380 3604 scriptum
1402 3542 1517 3589 est:
1551 3535 1793 3601 Credidi,
1817 3548 2043 3611 propter

431 3618 579 3691 quod
608 3620 823 3676 locutus
853 3636 981 3677 sum
1010 3630 1031 3656 ³
1064 3637 1077 3675 :
1117 3629 1172 3677 et
1199 3638 1303 3677 nos
1328 3623 1628 3691 credimus,
1666 3635 1951 3697 pr0pterea
1986 3638 2044 3685 et

432 3708 735 3781 loquimur.
768 3732 794 3758 ι»
821 3709 1218 3767 Tentationum
1247 3726 1412 3783 supra
1437 3713 1785 3770 mentionem
1817 3714 1965 3785 fecit,
1988 3724 2044 3773 et

438 3798 670 3867 mortis;
698 3796 897 3854 deinde
930 3799 1024 3864 ait,
1073 3798 1223 3872 quod
1263 3800 1349 3856 Ab
1379 3801 1500 3857 istis
1544 3802 1705 3857 etiam
1746 3804 1910 3860 Jesus
1937 3821 2042 3862 nos

433 3888 708 3955 liberavit,
756 3888 1137 3961 rationemque
1180 3888 1451 3959 reddidit,
1512 3906 1712 3963 nempe
1764 3892 1887 3950 ideo
1937 3911 2042 3952 nos

434 3976 708 4045 liberavit,
733 3985 796 4032 ut
824 3977 1241 4034 resurrectionis
1273 3993 1387 4034 suae
1416 3978 1584 4035 ﬁdem
1623 3980 1811 4038 faciat.
1847 3984 2044 4040 Subdit

438 4065 623 4138 itaque
647 4065 763 4137 jam
797 4080 979 4134 nunc,
1029 4066 1177 4137 quod
1227 4066 1334 4122 ﬁde
1386 4067 1493 4123 hoc
1523 4078 1777 4139 oporteat
1827 4081 2043 4129 certum

440 4152 625 4219 reddi,
653 4162 708 4208 et
734 4168 847 4208 non
874 4154 1179 4210 rationibus
1214 4163 1428 4211 tantum
1460 4175 1474 4211 :
1514 4158 2041 4229 Quemadmodum,

439 4241 687 4312 inquiens
708 4282 724 4307 ,
766 4241 936 4296 David
982 4244 1377 4299 tentationibus
1408 4246 1732 4315 immersus,
1765 4258 1821 4304 et
1857 4266 1887 4305 a
1921 4254 2042 4308 Deo

440 4330 563 4387 solo
584 4330 652 4385 ab
683 4330 749 4385 iis
776 4340 1031 4402 ereptus,
1068 4332 1243 4398 dixit,
1278 4352 1307 4386 α
1344 4336 1593 4404 Credidi,
1642 4349 1865 4411 propter
1893 4341 2045 4412 quod

439 4418 661 4474 locutus
689 4434 817 4473 sum
850 4438 867 4473 :
898 4442 922 4467 ιο
963 4420 1042 4475 sic
1086 4430 1142 4476 et
1170 4438 1271 4477 nos
1296 4425 1555 4480 eumdem
1601 4426 1729 4482 ﬁdei
1776 4430 2043 4500 Spiritum

2151 3258 2324 3342 ζωὴν,
2364 3261 2456 3318 ἅτε
2506 3265 2596 3320 τοῦ
2650 3259 2980 3339 Εὖαγγελίου
3028 3258 3424 3342 κηρυττομένου
3471 3260 3629 3337 ὑμῖν,
3686 3257 3759 3319 δι’

2150 3340 2210 3407 οὑ
2240 3349 2335 3419 τὴν
2366 3349 2577 3409 αἰώνιον
2621 3353 2743 3421 ζῆτε
2770 3350 2928 3420 ζωήν.

2238 3465 2264 3493 σι
2289 3435 2550 3519 Ἔχοντες
2581 3438 2635 3498 δὲ
2673 3440 2732 3499 τὸ
2770 3440 2900 3499 αὐτὸ
2934 3441 3160 3516 Πνεῦμα
3189 3442 3281 3511 τῆς
3323 3438 3571 3513 πίστεως,
3607 3437 3756 3498 κατὰ

2151 3529 2211 3586 τὸ
2282 3528 2668 3608 γεγραμμένον·
2744 3530 3113 3602 Ἐπίστευσα,
3173 3528 3257 3588 διὸ
3332 3528 3590 3599 ἐλάλησα·
3660 3525 3760 3586 καὶ

2150 3620 2304 3695 ἡμεῖς
2344 3616 2690 3695 πιστεύομεν,
2735 3618 2816 3677 διὸ
2863 3618 2958 3677 καὶ
3003 3619 3292 3694 λαλοῦμεν.
3356 3644 3379 3670 ιι
3422 3618 3754 3695 Πειρασμῶν

2152 3708 2513 3784 ἐμνημόνευσε
2564 3708 2657 3767 καλ⁵
2704 3707 2942 3767 θανάτων
2998 3707 3263 3787 ἀνωτέρω·
3316 3695 3455 3781 εἶτα,
3508 3706 3586 3767 ὅτι
3643 3704 3755 3766 Καὶ

2152 3800 2212 3855 ἐκ
2244 3796 2443 3856 τούτων
2474 3797 2656 3879 ῥύεται
2698 3803 2866 3873 ἡμᾶς,
2898 3796 3085 3878 φησὶν,
3121 3800 3149 3855 6
3183 3797 3410 3869 Ἰησοῦς·
3445 3795 3538 3855 καὶ
3583 3818 3753 3877 προσ-

2151 3884 2306 3957 έθηκε
2358 3887 2645 3965 λογισμὸν,
2678 3885 2760 3947 ὅτι
2805 3888 2892 3945 διὰ
2938 3892 3094 3947 τοῦτο
3150 3887 3361 3967 ῥύεται,
3412 3884 3500 3945 ἵνα
3548 3882 3751 3944 πιστῶ-

2153 3998 2312 4047 σηται
2342 3975 2439 4047 τὴν
2471 3977 2629 4034 αὑτοῦ
2662 3976 2973 4036 ἀνάστασιν.
3023 3979 3139 4037 Νῦν
3170 3967 3288 4049 οὖν,
3319 3975 3501 4056 φησὶν,
3534 3975 3617 4034 ὅτι
3656 3973 3753 4033 καὶ

2152 4063 2327 4122 πίστει
2395 4064 2475 4123 δεῖ
2523 4071 2676 4123 τοῦτο
2733 4067 3273 4144 πεπληροφορῆσθαι,
3332 4065 3425 4123 καὶ
3478 4066 3538 4123 οὐ
3593 4062 3750 4141 μόνον

2150 4154 2438 4229 λογισμοῖς.
2481 4153 2589 4213 Καὶ
2620 4177 2806 4234 φησιν,
2844 4155 2925 4213 ὅτι
2952 4153 3173 4234 Ὥσπερ
3200 4157 3229 4213 6
3258 4151 3429 4215 Δαυῒδ
3457 4156 3511 4214 ἐν
3553 4175 3756 4231 πειρα-

2150 4242 2304 4318 σμοῖς
2349 4241 2440 4315 ὢν,
2485 4243 2576 4301 καὶ⁸
2607 4248 2709 4302 ὑπὸ
2738 4250 2879 4305 Θεοῦ
2922 4242 3083 4323 μόνου
3118 4242 3346 4327 ῥυσθεὶς,
3380 4241 3501 4323 ἔφη·
3533 4270 3559 4297 ιι
3589 4241 3750 4304 Ἐπί·

2156 4353 2380 4404 στευσα,
2434 4332 2514 4391 διὸ
2564 4333 2822 4404 ἐλάλησα·
2879 4360 2903 4387 ι
2963 4333 3103 4392 οὕτω
3164 4331 3258 4393 καὶ
3308 4338 3465 4410 ἡμεῖς
3509 4332 3570 4391 τὸ
3624 4330 3753 4410 αὐτὸ

2155 4420 2380 4494 Πνεῦμα
2430 4420 2637 4502 ἔχοντες
2688 4426 2785 4494 τῆς
2835 4420 3097 4495 πίστεως,
3151 4420 3281 4499 ὅπερ
3327 4408 3569 4487 κάκεῖνος
3608 4408 3751 4500 εἶχε,

438 4506 726 4575 habentes,
776 4524 941 4580 quem
970 4517 1025 4563 et
1052 4509 1139 4564 ille
1186 4510 1438 4581 habebat,
1480 4514 1775 4583 credimus,
1823 4533 1886 4573 ac
1915 4534 2041 4577 eam

2151 4510 2490 4589 πιστεύομεν,
2537 4511 2629 4571 καὶ⁸
2660 4511 2747 4569 διὰ
2789 4516 2944 4571 τοῦτο
2971 4512 3065 4571 καὶ
3109 4512 3415 4588 λαλοῦμεν,
3456 4510 3538 4569 ὅτι
3568 4509 3755 4589 ὥσπερ

440 4593 512 4649 ob
559 4610 778 4650 causam
808 4595 1109 4667 loquimur,
1144 4597 1291 4668 quod
1324 4599 1549 4669 perinde
1574 4610 1636 4655 ut
1671 4603 1832 4659 Jesus
1866 4619 2047 4661 resur-

440 4683 610 4751 rexit,
651 4684 729 4739 sic
762 4701 862 4739 nos
895 4686 1127 4756 pericula
1157 4687 1322 4758 hujus
1349 4689 1616 4760 temporis
1648 4690 1957 4762 vincemus,
1988 4705 2044 4752 et

2158 4596 2364 4672 Ἰησοῦς
2395 4599 2615 4682 ἀνέστη,
2648 4600 2787 4661 οὕτω
2820 4600 2912 4660 καὶ
2954 4605 3109 4677 ἡμεῖς
3137 4606 3226 4660 νῦν
3256 4625 3316 4661 τε
3357 4604 3460 4659 τῶν
3500 4599 3751 4659 κινδύνων

2157 4692 2537 4768 περιεσόμεθα,
2587 4690 2679 4750 καὶ
2740 4682 2809 4750 αὖ
2847 4690 3378 4768 συναναστησόμεθα.
3432 4689 3752 4761 Σημείωσαι

439 4786 633 4827 rursus
657 4773 1038 4829 excitabimur.
1062 4776 1329 4843 Observa,
1356 4777 1505 4848 quod
1536 4777 1683 4833 idem
1714 4781 1781 4835 sit
1806 4782 2041 4854 Spiritus

2155 4776 2231 4850 δὲ,
2272 4778 2353 4837 ὅτι
2396 4779 2457 4839 τὸ
2504 4779 2633 4840 αὐτὸ
2679 4782 2905 4857 Πνεῦμα
2953 4778 3045 4841 καὶ
3092 4783 3145 4840 ἐν
3283 4782 3534 4862 Παλαιᾷ,
3564 4777 3659 4840 καὶ
3695 4780 3750 4838 ἐν

438 4861 654 4917 Veteris
685 4870 739 4917 et
776 4864 913 4919 Novi
959 4865 1323 4934 Testamenti,
1362 4874 1588 4938 propter
1620 4883 1717 4925 eos
1745 4871 1840 4942 qui
1866 4872 2044 4944 legem

441 4946 871 5015 calumniantur,

510 5038 693 5092 Vnus.
739 5042 827 5106 l4,
867 5041 959 5092 15.
1006 5060 1033 5085 α
1084 5037 1361 5104 Scientes,
1415 5041 1565 5112 quod
1620 5042 1713 5115 qui
1759 5045 2043 5104 suscitavit

437 5127 659 5189 Jesum,
701 5134 755 5180 et
795 5141 900 5181 nos
937 5126 1217 5182 suscitabit
1240 5169 1255 5195 ,
1293 5136 1350 5183 et
1385 5132 1681 5187 constituet
1733 5135 2038 5193 vobiscum.

440 5212 645 5269 Omnia
670 5215 817 5269 enim
851 5225 1073 5286 propter
1098 5232 1215 5284 vos,
1247 5225 1310 5271 ut
1338 5219 1625 5275 abundans
1659 5224 1832 5294 gratia
1864 5226 2037 5295 pluri-

442 5304 546 5359 bus
585 5307 786 5376 gratias
837 5305 1122 5378 agentibus
1171 5306 1414 5363 abundet
1455 5309 1526 5365 ad
1556 5312 1791 5383 gloriam
1834 5317 1957 5371 Dei.
2011 5340 2037 5365 ν

440 5393 608 5463 Quid,
640 5394 832 5466 inquit,
862 5395 1164 5465 credimus,
1194 5404 1251 5453 et
1281 5397 1410 5469 quid
1436 5401 1731 5457 novimus?
1764 5406 2041 5477 Quoniam

441 5490 497 5539 et
520 5499 673 5541 nunc
708 5500 778 5542 ex
827 5486 1083 5559 periculis
1124 5504 1231 5545 nos
1282 5488 1503 5561 eripiet,
1540 5507 1603 5549 ac
1651 5492 1707 5549 in
1752 5504 2040 5567 posterum

510 5649 531 5677 τ
559 5647 725 5702 Rom.
755 5661 897 5715 vm,
935 5654 989 5705 6.
1067 5657 1089 5685 ⁸
1118 5651 1261 5707 Psal.
1295 5666 1442 5721 cxv,
1483 5661 1532 5710 1.

2154 4870 2220 4947 τῇ
2253 4870 2450 4950 Καινῇ,
2477 4869 2567 4929 διὰ
2591 4869 2712 4938 τοὺς
2741 4871 2830 4931 τὸν
2858 4868 3018 4948 νόμον
3051 4868 3453 4937 διαϐάλλοντας.

2236 5074 2262 5099 α
2299 5046 2513 5115 Εἰδότες
2559 5046 2639 5108 ὅτι
2675 5051 2703 5108 6
2741 5048 2947 5131 ἐγείρας
2992 5048 3199 5122 Ἰησοῦν
3247 5049 3339 5111 καὶ
3380 5053 3524 5125 ἡμᾶς
3553 5048 3747 5127 ἆγερεῖ,

2150 5135 2241 5195 καὶ
2287 5137 2624 5218 παραστήσει
2663 5136 2756 5197 σὺν
2804 5142 2953 5216 ὑμῖν.
3000 5138 3088 5200 Τὰ
3132 5139 3235 5221 γὰρ
3268 5140 3443 5199 πάντα
3485 5140 3553 5197 δι’
3585 5139 3750 5211 ὑμᾶς,

2147 5223 2235 5283 ἴνα
2289 5229 2321 5296 ἡ
2372 5228 2529 5308 χάρις
2574 5227 2948 5302 πλεονάσασα,
2989 5228 3076 5287 διὰ
3106 5232 3211 5287 τῶν
3244 5230 3502 5289 πλειόνων
3540 5225 3637 5300 τὴν
3668 5225 3746 5284 εὖ·

2148 5316 2432 5397 χαριστίαν
2471 5317 2793 5399 περισσεύσῃ
2843 5320 2915 5384 εἰς
2961 5316 3057 5390 τὴν
3105 5317 3261 5387 δόξαν
3288 5322 3385 5377 τοῦ
3417 5318 3579 5379 Θεοῦ,
3610 5336 3642 5374 υ
3678 5311 3749 5374 Τί

2150 5405 2469 5481 πιστεύομεν
2490 5452 2506 5484 ,
2540 5406 2690 5487 φησὶ,
2729 5406 2822 5467 καὶ
2849 5406 2902 5466 τί
2929 5406 3145 5483 οἴδαμεν
3164 5431 3183 5482 3
3215 5404 3350 5469 Ὀτι
3383 5405 3475 5467 καὶ
3508 5409 3598 5465 νῦν
3644 5404 3746 5463 τῶν

2149 5494 2401 5555 κινδύνων
2449 5499 2595 5575 ἡμᾶς
2646 5495 2935 5576 ἐξελεῖται,
2982 5495 3075 5557 καὶ
3115 5495 3333 5579 ὕστερον
3384 5495 3677 5569 ἀναστήσει
3719 5493 3747 5549 6
