4134 6422
361 383 471 440 845

1276 391 1627 451 EXPOSITIO
1668 395 1731 451 IN
1774 396 1988 453 EPIST.
2030 397 2071 453 ll
2109 399 2201 453 AD
2241 398 2400 455 COR.
2438 428 2513 443 --
2538 400 2688 457 CAP.
2731 402 2809 464 ν.

3565 413 3671 469 846

357 511 453 571 καὶ
491 512 582 614 τὸν
614 512 826 589 Ἰησοῦν
845 517 1128 614 ῳέγείρας,
1180 521 1274 582 καὶ
1310 525 1646 614 παραστήσει
1694 524 1788 585 σὺν
1840 530 1961 606 ὃμῖν

2079 528 2364 598 excitabit,
2396 530 2445 587 is
2500 530 2597 603 qui
2624 538 2677 588 et
2719 532 2912 590 Iesum
2938 534 3221 608 excitavit,
3259 538 3521 614 sistetque
3567 558 3670 602 nos

362 601 767 695 ἀπολαύσοντας
807 607 912 665 τῶν
960 611 1196 688 ἀγαθῶν.
1233 601 1645 695 Παραθαῤῥύνει
1689 615 1744 675 δὲ
1776 601 1964 686 αὐτοὺς

359 690 493 773 πρὸς
533 691 627 764 τὴν
660 694 840 755 πίστιν
888 696 981 756 καὶ
1010 698 1107 770 τὴν
1152 690 1355 779 ἀγαθὴν
1382 690 1674 765 πολιτείαν.
1714 706 1964 767 Αἷνιττό-

362 804 519 856 μενος
567 783 624 842 δὲ
666 782 785 853 τοὺς
826 787 1289 866 ψευδαποστόλους
1319 791 1592 870 λέγοντας,
1647 794 1731 853 ὅτι
1774 793 1964 873 Ἦμεῖς

360 872 524 947 ἐσμεν
569 872 787 948 μεσῖται
835 884 946 943 τοῖς
1006 884 1270 955 μαθηταῖς
1326 883 1431 939 τῶν
1485 881 1638 962 παρὰ
1680 889 1774 944 τοῦ
1820 872 1963 948 Θεοῦ

359 961 596 1037 ἀγαθῶν,
628 961 814 1042 φησὶν,
845 962 928 1023 ὅτι
962 988 991 1024 ε
1024 970 1109 1028 Δι’
1139 970 1279 1045 ὑμᾶς
1331 970 1446 1029 ἔστι
1474 971 1544 1030 τὰ
1572 961 1773 1045 πάντα,
1817 1000 1842 1029 ιι
1873 974 1964 1035 καὶ

358 1052 394 1121 ἡ
448 1050 736 1121 ἀνάστασις
787 1052 949 1133 αὕτη,
1006 1057 1127 1136 οὗχὶ
1175 1058 1264 1118 διὰ
1313 1058 1403 1119 τὸν
1448 1062 1623 1136 δεῖνα,
1669 1059 1705 1135 ἢ
1756 1062 1843 1123 διὰ
1874 1065 1961 1126 τὸν

358 1141 529 1233 δεῖνα.
562 1143 761 1233 ΑΤοῦτο
814 1142 869 1202 δὲ
903 1154 1043 1206 ποιεῖ
1093 1150 1121 1206 6
1152 1149 1309 1222 Θεὸς,
1367 1151 1458 1209 καὶ
1510 1152 1787 1233 χαρίζεται
1832 1158 1962 1215 πολ-

357 1229 496 1303 λοῖς,
546 1227 685 1290 ὥστε
733 1233 1126 1307 πλεοναζούσης
1167 1241 1262 1310 τῆς
1293 1227 1521 1319 χοίριτος⁷
1536 1227 1832 1303 πλεονάσαι
1872 1245 1963 1305 καὶ⁵

357 1318 457 1391 τὴν
486 1321 828 1414 εὐχαριστίαν
860 1324 947 1414 διὰ
976 1328 1187 1387 πολλῶν
1219 1318 1521 1408 προσώπων
1557 1332 1960 1414 προσαγομένην

358 1410 435 1503 εἰς
482 1407 633 1503 δόξαν
666 1412 831 1503 θεοῦ.
872 1410 1045 1473 Ὥστε
1098 1418 1147 1476 οἱ
1195 1407 1618 1498 ψευδαπόστολοι
1799 1407 1960 1503 χάριν

358 1501 454 1589 τοῦ
483 1499 628 1559 Θεοῦ
659 1499 712 1540 ⁶⁹
742 1503 1202 1586 σφετεριξάμενοι,
1232 1509 1533 1589 ἀμαυροῦσι
1561 1509 1650 1569 καὶ
1682 1511 1778 1584 τὴν
1801 1499 1960 1583 ’δόξαν

358 1609 526 1647 αυτου
533 1634 549 1649 σ

443 1704 469 1729 ι
500 1677 598 1738 Διὸ
645 1680 743 1739 οὔκ
788 1682 1155 1762 ἐκκακοῦμεν,
1200 1687 1322 1746 ἀλλ’
1369 1690 1413 1748 εἰ
1459 1690 1549 1750 καὶ
1597 1695 1626 1752 6
1671 1690 1772 1760 ἔξω
1812 1695 1961 1770 ἡμῶν

2070 617 2265 675 iisdem
2307 619 2592 677 vobiscum
2619 620 2780 678 bonis
2818 621 3205 694 perfruituros.
3240 628 3455 687 Excitat
3482 639 3671 690 autem

2071 722 2166 763 eos
2202 708 2271 765 ad
2293 707 2463 765 ﬁdem
2490 718 2547 765 et
2570 710 2772 767 bonam
2789 712 2981 769 vitam.
3007 716 3057 770 Ν
3063 722 3223 772 otans
3250 725 3437 774 autem
3463 719 3674 792 pseud-

2072 797 2350 869 apostolos
2368 798 2460 870 qui
2492 799 2662 871 266
2685 799 2964 870 dicebant,
2994 806 3112 861 Nos
3126 819 3319 862 sumus
3342 807 3672 869 mediatores

2072 884 2349 944 bonorum
2376 902 2500 960 que
2518 888 2804 962 discipulis
2823 908 2855 949 a
2871 895 2990 949 Deo
3003 893 3357 965 proveniunt,
3386 919 3415 948 ι
3436 899 3671 971 Propter

2070 990 2190 1040 vos,
2223 999 2251 1026 ν
2283 976 2483 1050 inquit,
2517 996 2547 1031 α
2586 988 2719 1035 sunt
2745 981 2952 1050 omnia,
2992 1005 3020 1032 ι
3050 983 3220 1040 etiam
3265 985 3380 1058 ipsa
3417 1002 3668 1047 resurre-

2070 1065 2202 1131 ctio,
2233 1081 2347 1123 non
2376 1075 2599 1139 propter
2630 1068 2777 1127 hunc
2813 1070 2895 1127 vel
2923 1070 3098 1130 illum.
3130 1076 3251 1131 Hoc
3285 1082 3479 1134 autem
3518 1080 3670 1136 Deus

2072 1152 2227 1224 facit,
2261 1156 2559 1229 multisque
2607 1160 2841 1232 gratiam
2875 1176 3032 1219 suam
3076 1162 3320 1233 exhibet,
3353 1175 3417 1223 ut
3459 1167 3668 1227 exube-

2069 1252 2225 1301 rante
2253 1246 2455 1317 gratia,
2489 1248 2736 1305 abundet
2782 1257 2837 1306 et
2864 1250 3166 1323 gratiarum
3211 1254 3380 1325 actio,
3411 1271 3445 1313 a
3472 1258 3667 1315 multis

2070 1333 2314 1405 personis
2341 1335 2394 1391 in
2414 1336 2645 1410 gloriam
2666 1338 2768 1396 Dei
2810 1340 3011 1398 oblata.
3048 1342 3231 1412 Quare
3255 1344 3664 1419 pseudapostoli

2068 1425 2302 1495 gratiam
2330 1425 2436 1483 Dei
2465 1425 2572 1484 sibi
2595 1428 2949 1501 ascribentes,
2964 1431 3265 1491 obscurant
3291 1434 3462 1493 etiam
3492 1435 3665 1509 ipsius

2067 1511 2321 1584 gloriam.

2142 1692 2325 1749 VBBS.
2362 1696 2448 1749 16.
2484 1716 2511 1744 α
2542 1696 2839 1768 Pr0pterea
2880 1712 3001 1754 non
3044 1698 3355 1772 deﬁcimus,
3404 1703 3504 1763 sed
3540 1706 3670 1766 licet

361 1764 633 1869 ἄνθρωπος
659 1770 989 1869 ιφθείρεται,
1060 1777 1178 1869 ἀλλ’
1231 1780 1261 1835 6
1316 1776 1529 1869 ἔσωθεν
1578 1764 1961 1842 ἀνακαινοῦται

2069 1778 2113 1836 is
2140 1781 2234 1853 qui
2285 1780 2420 1839 foris
2454 1791 2540 1840 est
2566 1764 2760 1842 noster
2805 1785 2975 1844 homo
3023 1798 3433 1863 corrumpatur,
3479 1803 3667 1855 tamen

359 1855 538 1948 ἡμέρᾳ
586 1858 679 1918 καὶ
724 1862 924 1943 ἡμέρᾳ.
974 1892 1000 1917 ι
1044 1864 1222 1940 Διότι,
1258 1868 1436 1946 φησὶν,
1481 1868 1696 1948 οἴδαμεν
1733 1871 1833 1944 τὴν
1870 1880 1962 1934 τοῦ

360 1946 503 2007 Θεοῦ
551 1948 803 2026 δύναμιν,
858 1952 951 2013 καὶ
1000 1952 1077 2014 ὅτι
1122 1960 1215 2015 νῦν
1265 1980 1325 2016 τε
1375 1962 1519 2036 ἡμᾶς
1565 1966 1671 2021 τῶν
1710 1963 1961 2024 κινδύνων

360 2034 573 2115 ῥύεται,
614 2062 707 2098 και
745 2040 960 2123 ὕστερον
994 2045 1285 2116 ἀναστήσει
1330 2049 1628 2131 λαμπροὺς,
1677 2054 1775 2111 οὐκ
1803 2055 1963 2114 ἐκκα-

359 2131 579 2203 κοῦμεν,
629 2129 748 2188 οὐδὲ
804 2133 1210 2213 ἀπαγορεύομεν
1259 2129 1576 2218 πάσχοντες’
1634 2140 1725 2200 καὶ⁸
1784 2144 1812 2200 6
1862 2140 1960 2220 μὲν

359 2242 385 2271 ι
415 2214 518 2283 ἔξω
547 2216 853 2298 ἄνθρωπος,
887 2247 913 2275 υ
941 2225 1206 2300 τουτέστι,
1238 2225 1300 2285 τὸ
1341 2234 1519 2306 σῶμα,
1549 2258 1574 2284 α
1615 2230 1902 2311 φθείρεται.
1936 2259 1961 2286 ι

359 2307 520 2381 Πῶςς
573 2310 1001 2386 Μαστιζόμενος,
1054 2315 1423 2392 ἐλαυνόμενος.
1477 2344 1501 2371 α
1551 2307 1889 2400 Ὀνδέ-ἔσω,
1935 2351 1961 2376 ιι

357 2396 632 2471 τουτέστι,
662 2398 723 2457 τὸ
754 2406 968 2478 πνεῦμα
1000 2403 1092 2462 καὶ
1121 2410 1155 2477 ἡ
1193 2405 1374 2487 ψυχὴ,
1420 2430 1450 2467 α
1479 2410 1881 2472 ἀνακαινοῦται.
1922 2433 1953 2470 n

362 2487 524 2581 Πῷςς
572 2485 807 2581 ⁸Ἇχιιιθᾶις
862 2492 1081 2560 ἐλπίδας
1149 2485 1388 2575 ἔχουσα,
1451 2498 1543 2557 καὶ
1590 2503 1962 2581 παῤῥησιαζο·

359 2572 528 2652 μίνη,
555 2579 627 2647 ὥς
656 2578 744 2638 διὰ
771 2580 860 2641 τὸν
888 2581 1027 2643 Θεὸν
1058 2572 1366 2666 πάσχουσα,
1394 2588 1486 2646 καὶ
1515 2572 1799 2671 χαίρουσα.

444 2781 467 2809 α
516 2756 597 2817 Τὸ
640 2757 743 2837 γὰρ
773 2761 1077 2841 παραυτίκα
1126 2764 1353 2843 ἐλαφρὸν
1381 2769 1477 2837 τῆς
1516 2766 1738 2848 θλίψεως
1765 2771 1956 2847 ἡμῶν,

360 2848 485 2904 καθ’
516 2848 816 2938 ὑπερϐολὴν
861 2851 933 2918 εἶς
977 2852 1315 2933 ὑπερϐολὴν,
1357 2854 1567 2916 αἰώνιον
1604 2858 1766 2938 βάρος
1813 2859 1960 2934 δόξης

360 2936 742 3015 κατεργάζεται
781 2940 931 3017 ἡμῖν.
972 2961 1003 2999 n
1041 2940 1387 3023 Ἑρμηνεύει,
1436 2949 1549 3015 πῶς
1579 2936 1961 3009 ἀνακαινοῦται

360 3026 389 3081 6
422 3023 528 3085 ἔσω
572 3026 874 3107 ἄνθρωπος,
924 3030 1017 3089 καί
1047 3054 1235 3111 φησιν,
1264 3031 1345 3092 ὅτι
1392 3036 1774 3115 ἐνθυμούμενος
1816 3039 1957 3112 ὅτιὴ

2068 1870 2113 1926 is
2137 1871 2233 1944 qui
2258 1870 2407 1929 intus
2443 1881 2552 1942 est,
2584 1884 2883 1933 renovatur
2910 1876 2979 1933 de
3006 1878 3094 1935 die
3124 1878 3182 1936 in
3222 1879 3395 1939 diem.
3434 1902 3464 1938 κ
3509 1886 3666 1956 Quo-

2067 1960 2241 2030 niam,
2270 1961 2469 2034 inquit,
2503 1965 2762 2021 novimus
2792 1966 2893 2023 Dei
2923 1969 3249 2039 potentiam,
3287 1979 3345 2028 et
3367 1973 3516 2044 quod
3561 1974 3667 2033 hoc

2067 2058 2317 2122 tempore
2340 2069 2444 2109 nos
2472 2069 2505 2110 a
2544 2055 2798 2127 periculis
2839 2057 3055 2126 liberet,
3082 2066 3139 2115 et
3167 2060 3319 2133 quod
3349 2071 3538 2135 postea
3564 2081 3667 2123 nos

2067 2140 2355 2197 suscitabit
2388 2142 2725 2215 splendidos,
2767 2161 2885 2202 non
2913 2146 3226 2214 deﬁcimus,
3254 2166 3436 2224 neque
3473 2152 3667 2228 despe-

2068 2245 2255 2287 ramus
2280 2231 2415 2288 dum
2442 2235 2700 2305 patimur.
2733 2237 2931 2305 Porro,
2966 2259 2994 2287 ι
3037 2238 3274 2296 exterior
3312 2240 3509 2311 homo,
3547 2265 3573 2293 υ
3615 2243 3669 2301 id

2070 2326 2173 2386 est,
2202 2335 2422 2392 corpus,
2471 2324 2846 2397 corrumpitur
2876 2344 2889 2381 :
2924 2327 3205 2398 quomodo
3234 2331 3258 2385 Ρ
3301 2329 3439 2388 dum
3488 2331 3671 2405 ﬂagris

2069 2408 2318 2479 ceditur,
2341 2410 2476 2468 dum
2499 2413 2752 2485 agitatur.
2786 2416 3078 2473 «Interior
3109 2440 3136 2468 ι
3165 2434 3321 2489 vero,
3352 2419 3410 2477 id
3437 2422 3672 2494 est,spi—

2068 2498 2208 2555 ritus
2237 2508 2295 2556 et
2337 2501 2547 2571 anima,
2580 2513 2920 2561 renovatur:
2968 2522 3211 2578 quanam
3242 2510 3496 2567 ratione?
3537 2527 3667 2567 cum

2069 2587 2209 2644 bene
2235 2598 2437 2660 sperat,
2479 2599 2534 2648 et
2560 2589 2822 2650 audacter
2859 2594 2993 2667 agit,
3021 2597 3179 2668 quasi
3223 2607 3454 2671 propter
3483 2602 3665 2658 Deum

2069 2677 2278 2749 patiens
2304 2688 2363 2735 et
2389 2680 2657 2751 gaudens.

2139 2771 2323 2826 Vxns.
2367 2776 2451 2826 I7.
2498 2790 2526 2823 α
2566 2770 2626 2828 Id
2650 2772 2802 2829 enim
2828 2773 2979 2847 quod
3028 2774 3085 2831 in
3133 2777 3388 2848 presenti
3427 2787 3512 2836 est
3540 2797 3670 2840 mo-

2067 2868 2430 2915 mentaneum
2460 2869 2515 2916 et
2545 2862 2657 2917 leve
2685 2862 3057 2921 tribulationis
3082 2874 3309 2934 nostre,
3354 2883 3518 2941 supra
3545 2887 3671 2928 mo-

2067 2947 2207 3005 dum
2226 2949 2285 3004 in
2312 2949 2649 3007 sublimitate
2665 2960 2936 3009 aeternum
2959 2952 3178 3026 pondus
3197 2956 3390 3027 glorie
3412 2969 3672 3031 operatur

2068 3038 2249 3095 nobis.
2285 3056 2315 3093 ››
2348 3040 2742 3111 Interpretatur
2787 3042 3074 3115 quomodo
3100 3055 3400 3103 renovetur
3439 3048 3673 3107 interior

358 3111 458 3192 μὲν
510 3118 685 3195 omet;
732 3120 1038 3197 παραυτίκα
1087 3121 1226 3196 ἐστὶ,
1278 3124 1554 3199 τουτέστι,
1604 3126 1955 3209 πρόσκαιρος,

2069 3126 2261 3196 homo,
2309 3145 2528 3202 nempe,
2562 3129 2703 3190 dum
2753 3111 2941 3189 secum
2986 3143 3208 3206 reputat
3252 3136 3408 3209 quod
3445 3137 3672 3197 afﬂictio

358 3201 452 3296 κα]
494 3206 731 3287 ἐλαφρὰ,
763 3207 866 3296 ,διὰ
909 3214 1063 3269 τοῦτο
1116 3212 1243 3271 αὐτὸ
1294 3211 1375 3272 ὅτι
1418 3201 1756 3296 πρόσκαιρος·
1810 3201 1849 3291 ἡ,
1904 3201 1960 3279 δὲ

359 3291 486 3361 δόξα
537 3296 627 3353 καὶ
678 3294 889 3364 αἰώνιός
941 3302 1087 3376 ἐστι,
1132 3300 1224 3360 καὶ
1284 3291 1631 3384 βᾶροςτέχει,
1683 3306 1957 3383 τουτέστι,

359 3381 581 3477 μέγεθος
626 3386 987 3465 ὑπερϐολικῶς
1035 3389 1401 3471 ὗπερϐολικόν·
1451 3381 1605 3454 τοῦτο
1661 3396 1764 3477 γὰρ
1817 3381 1962 3477 λέγει

358 3471 450 3533 διὰ
489 3479 605 3552 τοῦ,
654 3503 679 3531 ιι
712 3477 851 3536 Καθ’
885 3478 1192 3561 ὑπερϐολὴν
1224 3483 1294 3550 εἷς
1323 3471 1721 3560 ὑπερϐολήν.)

442 3678 466 3705 α
500 3650 595 3723 Μὴ
641 3653 978 3715 σκοπούντων
1024 3661 1176 3734 ἡμῶν
1209 3658 1279 3719 τὰ
1331 3660 1666 3741 βλεπόμενα,
1701 3662 1841 3724 ἀλλὰ
1892 3666 1962 3726 τὰ

493 3743 817 3832 βλεπόμενα.
873 3745 961 3805 Τὰ
1007 3746 1111 3828 γὰρ
1145 3737 1838 3832 βλεπόμενα,πρόσκαιραο
1893 3755 1962 3816 τὰ

310 3892 317 3897 ,
359 3828 417 3922 δὲ
469 3830 544 3906 μὴ
599 3831 929 3922 βλεπόμενα,
982 3836 1193 3900 αἰώνια.
1248 3862 1275 3895 ι)
1318 3842 1443 3907 Πῶς
1483 3828 1711 3922 ἐλαφρόν
1753 3828 1894 3902 ἔστιν
1924 3848 1959 3918 ἡ

359 3920 552 3998 θλῖψις,
597 3921 849 3982 δείκνυσι.
882 3924 1051 4001 Διότι,
1085 3927 1234 4008 φησὶ,
1267 3929 1444 3988 πάντα
1475 3959 1498 3983 α
1532 3920 1603 3989 τὰή
1630 3920 1958 4011 βλεπόμενα,

358 4009 659 4090 πρόσκαιρα
691 4012 761 4050 ’⁷ο-
793 4038 824 4069 n
870 4015 1008 4073 ὥστε
1042 4015 1133 4075 καὶ
1164 4020 1197 4089 ἡ
1232 4022 1434 4099 θλῖψις,
1464 4020 1558 4079 καὶ
1581 4024 1616 4093 ἠ
1638 4009 1962 4093 *ἀνάπαυσιςο

357 4098 642 4191 καὶ-αὕτη
694 4100 800 4191 γὰρ
854 4104 1209 4182 βλεπόμενον.
1276 4098 1381 4168 Διὰ
1446 4116 1604 4169 τοῦτο
1664 4112 1767 4191 γὰρ
1817 4100 1958 4188 εἶπε,

359 4188 501 4281 ιι..Τᾶ
539 4190 871 4281 βλεπόμενα,
919 4220 943 4245 η
991 4193 1080 4252 ἵνα
1109 4195 1202 4254 καὶ
1246 4197 1442 4271 ταύτην
1495 4188 1781 4281 περιλάϐῄ.
1818 4201 1962 4263 Οὔτε

359 4266 451 4336 οῦν
483 4283 551 4358 τῇ
604 4280 780 4360 θλίψει
832 4285 1306 4361 καταπεσούμεθα,
1366 4287 1486 4348 οὔτε
1662 4292 1964 4353 ἀναπαύσει

358 4370 840 4459 χαυνωθησόμεθαο
894 4374 1198 4454 πρόσκαιρα
1248 4375 1293 4413 ⁷⁴
1331 4376 1432 4456 γὰρ
1480 4378 1778 4459 ἀμφότερα.
1811 4381 1960 4441 Τού-

2065 3226 2449 3276 momentanea
2472 3220 2564 3289 sit,
2600 3220 2654 3277 id
2701 3229 2805 3291 est,
2840 3225 3199 3295 temporaria,
3240 3233 3297 3282 et
3342 3226 3502 3297 levis,
3542 3245 3670 3302 pro-

2068 3314 2188 3378 pter
2216 3307 2321 3364 hoc
2348 3308 2528 3380 ipsum
2565 3308 2718 3382 quod
2750 3311 2824 3367 sit
2856 3313 3207 3384 temporaria.
3239 3315 3432 3373 Gloria
3460 3325 3668 3387 autem,

2066 3405 2120 3452 et
2159 3405 2364 3453 eterna
2392 3406 2493 3465 est,
2520 3405 2576 3454 et
2611 3399 2828 3470 pondus
2870 3400 3056 3471 habet,
3103 3402 3210 3460 hoc
3236 3412 3341 3475 est,
3385 3407 3665 3479 magnitu-

2066 3484 2254 3542 dinem
2287 3487 2617 3543 excellenter
2653 3489 3031 3555 excellentem,
3061 3490 3168 3548 hoc
3204 3494 3358 3551 enim
3400 3504 3488 3553 est
3512 3497 3662 3569 quod

2068 3575 2169 3645 ait,
2194 3575 2316 3628 Καθ’
2342 3574 2622 3647 ὓπερϐολὴν
2656 3576 2721 3640 εἰς
2750 3577 3052 3649 ὑπερϐολήν.

2138 3667 2315 3721 Vsus.
2362 3671 2447 3722 18.
2494 3688 2521 3715 α
2550 3668 2678 3724 Non
2705 3668 3209 3737 contemplantibus
3234 3670 3396 3729 nobis
3436 3688 3562 3746 que
3588 3674 3671 3730 vi-

2067 3753 2290 3825 dentur,
2322 3754 2424 3812 sed
2447 3771 2572 3828 que
2600 3772 2717 3813 non
2742 3755 3022 3813 videntur.
3048 3759 3186 3828 Que
3208 3760 3359 3817 enim
3386 3761 3666 3831 videntur,

2067 3844 2402 3916 temporaria
2427 3853 2590 3902 sunt:
2618 3861 2743 3918 que
2769 3861 2898 3901 vero
2936 3862 3049 3902 non
3078 3847 3353 3918 videntur,
3383 3858 3611 3907 eterna.
3642 3876 3666 3901 ι·

2068 3934 2253 4005 Quam
2280 3934 2396 3991 leve
2425 3935 2496 3991 sit
2520 3933 2747 4004 aﬂlctio,
2777 3935 3022 3993 ostendit
3050 3952 3145 4008 per
3187 3938 3295 3994 hoc
3324 3939 3478 4012 quod
3514 3940 3669 4011 dicit,

2074 4047 2100 4074 α
2131 4024 2353 4095 Omnia,
2377 4041 2503 4098 que
2526 4025 2801 4091 videntur,
2818 4027 3157 4098 temporaria
3178 4036 3338 4085 sunt:
3363 4052 3389 4079 ν
3414 4029 3599 4103 itaque
3614 4040 3671 4090 et

2069 4112 2321 4183 afflictio,
2366 4115 2482 4171 imo
2525 4123 2581 4172 et
2633 4116 2750 4188 ipsa
2786 4117 3052 4188 requies:
3102 4133 3232 4174 nam
3272 4125 3328 4175 et
3366 4120 3481 4193 ipsa
3531 4120 3669 4179 visui

2071 4204 2333 4277 subjacet.
2363 4206 2451 4261 Ob
2477 4220 2601 4260 eam
2640 4205 2791 4261 enim
2816 4221 3039 4262 causam
3072 4206 3226 4263 dixit.
3260 4231 3287 4259 σι
3318 4212 3455 4282 Quae
3486 4209 3673 4268 viden-

2071 4300 2182 4361 tur,
2238 4313 2264 4341 ν
2318 4301 2384 4348 ut
2432 4292 2573 4348 hanc
2628 4309 2849 4365 quoque
2897 4294 3414 4366 comprehenderet.
3475 4301 3673 4373 Neque

2069 4380 2233 4455 igitur
2254 4380 2542 4438 afﬂictioni
2577 4382 3029 4450 succumbemus,
3067 4400 3244 4457 neque
3274 4386 3385 4443 otio
3411 4395 3467 4444 et
3489 4389 3671 4460 quiete

361 4478 467 4515 των
501 4455 556 4515 δὲ
578 4456 827 4518 τοιούτων
857 4461 1057 4537 ὄντων,
1097 4486 1124 4521 (ί
1156 4464 1224 4523 τὰ
1253 4455 1665 4545 μὴβλεπόμενα
1693 4455 1909 4544 αἰώνια,
1937 4497 1961 4524 ι

2072 4470 2378 4527 laxabimur
2417 4488 2431 4526 :
2466 4478 2766 4544 utrumque
2790 4472 2939 4529 enim
2963 4455 3365 4545 temporarium
3394 4485 3499 4532 est.
3523 4479 3667 4535 Cum

359 4544 651 4620 τουτέστιν,
698 4552 732 4620 ἡ
768 4552 1014 4629 βασιλεία
1063 4552 1154 4612 καὶ
1184 4556 1218 4626 ἡ
1257 4544 1492 4625 κόλασις·
1524 4555 1665 4617 ὥστε
1692 4559 1783 4617 καὶ
1825 4559 1961 4619 ἐκεί-

360 4658 458 4708 νην
503 4641 706 4713 ποθεῖν,
739 4640 830 4699 καὶ
858 4642 1060 4716 ταύτην
1086 4642 1323 4725 φεύγειν.

952 4823 1239 4886 ΚΕΦΑΛ.

447 4949 473 5013 ξ
512 4922 755 5003 Οἴδαμεν
785 4926 888 5009 γὰρ
918 4927 998 4987 ὅτι
1041 4929 1132 4989 ἐὰν
1168 4937 1203 5003 ἡ
1247 4932 1472 5013 ἐπίγειος
1516 4937 1672 5009 ἡμῶν
1701 4934 1843 4995 οἰκία
1872 4942 1965 4998 τοῦ

363 5010 590 5083 σκήνους
634 5020 944 5100 καταλυθῇ,
998 5021 1280 5097 οἰκοδομὴν
1331 5010 1392 5083 ἔκ
1436 5025 1576 5084 Θεοῦ
1608 5024 1835 5103 ἔχομεν,
1886 5028 1965 5086 οἷ·

363 5102 515 5160 κείαν
575 5105 1012 5184 ἀχειροποίητον,
1073 5110 1284 5170 αἰώνιον
1333 5113 1386 5170 ἐν
1439 5121 1547 5181 τοῖς
1608 5116 1870 5195 οὐρανοῖς.
1939 5143 1966 5170 ιι

363 5187 591 5283 Ἐπειδὴ
633 5185 779 5253 εἶπεν
833 5199 1099 5279 ἀνωτέρω,
1150 5199 1229 5259 ὅτι
1286 5200 1409 5261 ὅσον
1467 5205 1495 5261 ὁ
1544 5201 1645 5271 ἔξω
1676 5185 1968 5283 ’ἄνθρωπος

364 5279 659 5360 φθείρεται,
709 5292 956 5347 τοσοῦτον
1009 5293 1038 5348 6
1085 5290 1190 5350 ἔσω
1231 5292 1639 5370 ἀνακαινοῦται,
1684 5293 1854 5353 ἐδόκει
1911 5294 1965 5354 δὲ

364 5372 546 5430 καινόν
595 5396 646 5433 τι
693 5373 896 5453 λέγειν,
944 5380 1138 5459 φησὶν,
1191 5380 1270 5440 ὅτι
1325 5383 1528 5461 μᾶλλον
1580 5381 1709 5443 ὅταν
1757 5382 1970 5452 τελείως

365 5462 543 5542 φθαρῇ
579 5461 641 5522 τὸ
675 5465 861 5538 θνητὸν
893 5473 1049 5529 τοῦτο
1083 5472 1241 5548 σῶμα
1282 5472 1373 5531 καὶ
1416 5470 1619 5552 γήϊνον,
1652 5470 1773 5533 τότε
1802 5471 1970 5554 μυρία

2072 4561 2256 4633 itaque
2283 4560 2402 4618 hec
2439 4577 2497 4618 se
2526 4561 2598 4617 ita
2643 4561 2899 4630 habeant,
2931 4587 2956 4611 ει
3006 4578 3067 4618 ea
3096 4577 3219 4634 que
3256 4579 3367 4620 non
3393 4564 3667 4636 videntur,

2070 4658 2273 4707 eterna
2302 4659 2454 4719 sunt,
2485 4674 2512 4701 ν
2546 4649 2606 4707 id
2637 4659 2741 4720 est,
2772 4667 3003 4724 regnum
3030 4659 3087 4707 et
3122 4667 3283 4724 poena
3316 4672 3333 4708 :
3373 4652 3515 4711 illud
3536 4671 3670 4729 ergo

2071 4737 2406 4811 desiderate,
2438 4739 2582 4797 hanc
2605 4756 2737 4797 vero
2768 4740 3057 4797 declinate.

2680 4849 2925 4905 CAPUT
2990 4850 3059 4905 V.

2140 4947 2324 5002 Vnus.
2360 4951 2409 5001 ι.
2446 4968 2472 4995 οι
2513 4946 2732 5003 Scimus
2756 4946 2909 5002 enim
2930 4944 3077 5018 quod
3093 4946 3140 5003 si
3172 4948 3449 5007 terrestris
3472 4958 3666 5009 nostra

2072 5033 2275 5091 domus
2301 5034 2467 5108 hujus
2490 5035 2830 5091 tabernaculi
2858 5035 3212 5102 dissolvatur,
3249 5037 3671 5097 aedificationem

2074 5138 2140 5180 ex
2162 5127 2283 5181 Deo
2299 5125 2586 5191 habemus,
2604 5125 2840 5181 domum
2858 5141 2971 5180 non
2990 5126 3384 5195 manufactam,
3401 5136 3674 5186 aeternam

2076 5214 2131 5269 in
2179 5214 2348 5271 celis.
2392 5238 2416 5262 υ
2452 5214 2591 5283 Quia
2636 5230 2802 5285 supra
2850 5213 3061 5270 dixerat
3111 5235 3124 5270 :
3170 5219 3393 5288 Quanto
3434 5219 3673 5275 exterior

2077 5304 2244 5359 homo
2289 5304 2688 5375 corrumpitur,
2750 5311 2905 5359 tanto
2954 5312 3250 5361 renovatur
3293 5304 3546 5377 interior,
3610 5325 3674 5365 ac

2077 5393 2280 5467 aliquid
2312 5394 2386 5449 ita
2423 5393 2551 5449 novi
2581 5394 2763 5449 dicere
2812 5392 3108 5465 videretur,
3143 5393 3218 5450 ait
3258 5396 3411 5468 quod
3455 5398 3678 5470 quando

2076 5480 2315 5554 perfecte
2356 5488 2680 5554 corruptum
2724 5480 2893 5552 267
2939 5480 3100 5538 fuerit
3152 5483 3409 5557 mortale,
3431 5484 3582 5543 istud
3626 5493 3685 5543 et

1754 5598 1941 5659 Variae
1986 5600 2290 5662 lectiones.

437 5716 486 5755 ⁶⁹
521 5716 691 5787 Ἰησοῦ
719 5734 772 5776 0.
851 5721 896 5757 ’⁷ο
919 5724 1215 5796 πρόσκαιρα,
1240 5724 1303 5780 τὰ
1325 5727 1380 5782 δὲ
1409 5724 1477 5799 μὴ
1517 5727 1807 5801 βλεπόμενα
1834 5726 2047 5783 αἰώνιαο
2081 5731 2213 5784 ὥστε
2244 5744 2322 5785 m.
2399 5727 2443 5762 τί
2473 5726 2592 5798 πρὸς
2620 5726 2793 5797 καιρόν
2828 5743 2906 5784 m.
