4134 6420
436 412 540 468 847

1451 403 1969 462 THEOPHYLACTI
2008 398 2367 456 BULGARIE
2406 396 2726 455 ARCHIEP.

3645 390 3749 445 848

433 543 686 593 terrestre
711 549 933 607 corpus,
975 542 1095 590 tum
1132 533 1423 589 innumera
1448 531 1611 589 nobis
1656 531 1802 586 bona
1832 528 2027 601 germi-

2141 523 2270 601 ἡμῖν
2329 521 2619 603 βλαστήσει
2672 517 2865 599 ἀγαθά·
2917 516 3035 595 ἅμα
3089 516 3146 576 δὲ
3193 514 3459 607 καὶπερὶ
3486 514 3745 607 ἀναστά-

430 626 659 681 nabunt.
690 622 865 682 Simul
891 630 1075 678 autem
1099 629 1156 677 et
1185 620 1253 678 de
1282 619 1709 677 ressurrectione
1737 617 1871 689 ipsis
1910 630 2027 671 rur-

2133 635 2265 681 σεως
2295 615 2472 679 αὐτοῖς
2502 607 2802 688 διαλέγεται
2831 608 2993 665 πάλιν
3011 648 3029 679 ,
3061 609 3109 665 εἶ
3150 607 3242 665 καὶ
3271 603 3327 643 ⁷³
3358 604 3435 683 μὴ
3468 603 3740 685 ἀριδήλως

428 730 523 771 sus
581 714 832 783 disserit,
860 711 1079 768 etiamsi
1146 726 1257 766 non
1310 709 1449 766 adeo
1509 708 1797 780 perspicue
1846 722 1912 762 ac
1966 704 2024 759 in

2140 704 2200 771 ὣς
2249 704 2304 762 ἐν
2355 705 2423 781 τῇ
2466 698 2721 780 προτέρα·
2772 695 2861 756 ἵνα
2896 753 2903 762 ,
2928 694 3005 773 μὴ
3060 694 3183 775 δόξῃ
3252 694 3332 755 ἔτι
3387 692 3746 783 ἀδιορθώτους

433 805 648 876 priore,
700 817 772 859 ne
828 802 979 874 ipsos
1027 799 1277 856 nondum
1317 797 1652 855 reformatos
1710 795 2023 853 existimare

436 892 703 949 videatur.
770 894 1108 948 Terrestrem
1172 898 1359 944 autem
1406 888 1634 944 domum
1694 883 2034 942 tabernaculi

437 998 639 1055 corpus
659 981 983 1039 nominavit.
1012 982 1185 1037 Porro
1226 977 1365 1034 dum
1394 976 1808 1034 tabernaculum
1854 981 2033 1043 vocat,

437 1069 824 1143 temporariam
877 1068 1397 1140 eorruptibilemque
1426 1067 1543 1139 ejus
1567 1074 1822 1121 naturam
1864 1063 2037 1137 signi-

438 1160 560 1215 ficat
584 1178 596 1214 :
616 1158 1031 1215 tabernaculum
1065 1157 1213 1214 enim
1246 1157 1355 1214 tale
1386 1155 1607 1228 quidam
1649 1163 1751 1211 est.
1794 1152 2031 1210 Etiamsi

437 1256 621 1305 autem
650 1262 1035 1320 saepenumero
1085 1246 1438 1303 tabernacula
1481 1252 1705 1301 vocetur
1747 1244 2035 1316 justorum

438 1337 612 1409 quies,
642 1352 837 1393 verum
878 1337 1020 1392 istuc
1048 1351 1178 1392 cum
1209 1333 1511 1406 appendice
1562 1332 1789 1403 dicitur,
1838 1347 2035 1403 nempe

438 1426 787 1482 tabernacula
833 1434 1060 1483 aeterna.
1091 1423 1475 1481 Animadverte
1516 1431 1707 1479 autem
1748 1421 2028 1495 quomodo

441 1516 690 1571 terrestri
721 1517 939 1572 caeleste
974 1524 1029 1571 et
1054 1514 1408 1571 tabernaculo
1436 1521 1707 1570 aeternum
1743 1514 2021 1585 opposuit.

442 1606 783 1677 Exaggerans
804 1614 984 1661 autem
1014 1604 1334 1662 encomium
1354 1601 1555 1660 futurae
1570 1603 1760 1675 gloriae
1784 1604 2031 1675 corporis

445 1694 644 1763 nostri,
673 1693 880 1751 addidit
901 1694 1086 1761 etiam,
1115 1718 1138 1741 η
1172 1697 1295 1751 Non
1316 1691 1725 1762 manufactam;
1753 1715 1779 1741 ιι
1826 1708 1944 1749 non
1972 1700 2034 1748 ut

2134 789 2321 859 αὖτοὺς
2376 790 2628 868 νομίζειν.
2689 786 2967 865 Ἐπίγειον
3032 784 3088 845 δὲ
3141 784 3314 843 οἰκίαν
3379 783 3641 857 σκήνους,
3686 782 3747 842 τὸ

2133 884 2291 956 σῶμα
2322 880 2591 940 ἐκάλεσεν·
2632 876 2719 937 διὰ
2758 874 2813 935 δὲ
2844 880 2938 936 τοῦ
2965 879 3157 947 σκῆνος
3201 873 3329 933 αὐτὸ
3383 872 3640 946 καλέσαι,
3687 871 3746 930 τὸ

2136 968 2465 1050 πρόσκαιρον
2530 967 2787 1039 ἐδήλωσε·
2838 968 3073 1024 τοιοῦτον
3124 964 3228 1043 γὰρ
3261 966 3297 1035 ἡ
3338 961 3532 1036 σκηνή.
3579 964 3649 1023 Εἰ
3691 961 3748 1022 δὲ

2133 1058 2226 1118 καὶ
2258 1057 2518 1125 πολλάκις
2562 1055 2754 1128 σκηναὶ
2795 1057 3084 1114 καλοῦνται
3131 1052 3225 1112 καὶ
3258 1054 3313 1111 αἱ
3350 1055 3458 1111 τῶν
3516 1051 3742 1110 δικαίων

2136 1147 2490 1219 ἀναπαύσεις,
2565 1145 2703 1203 ἀλλὰ
2775 1143 2912 1222 μετὰ
2986 1142 3315 1225 προσθήκης·
3371 1142 3579 1201 αἰώνιοι
3642 1140 3747 1221 γὰρ

2136 1240 2352 1311 σκηναί.
2395 1236 2547 1317 Ὅρα
2599 1236 2685 1308 δὲ,
2732 1237 2846 1302 πῶς
2891 1232 3022 1314 πρὸς
3070 1232 3167 1306 τὴν
3214 1233 3447 1310 ἐπίγειον
3492 1231 3749 1303 ἀντέθηκε

2136 1326 2232 1400 τὴν
2265 1327 2529 1406 οὐράνιον·
2578 1324 2708 1405 πρὸς
2754 1324 2814 1383 τὸ
2862 1328 3078 1397 σκῆνος,
3121 1321 3220 1394 τὴν
3271 1320 3503 1381 αἰώνιον.
3557 1319 3747 1390 Αύξων

2136 1415 2192 1475 δὲ
2243 1416 2303 1477 τὸ
2347 1416 2610 1494 ἐγκώμιον
2662 1417 2756 1484 τῆς
2799 1412 3099 1492 μελλούσης
3152 1411 3307 1481 δόξης
3357 1417 3451 1471 τοῦ
3501 1410 3752 1489 σώματος

2135 1508 2319 1583 ἡμῶν,
2358 1505 2482 1579 καὶ,
2517 1526 2546 1562 α
2584 1502 3050 1583 Ἀχειροποίητον,
3086 1531 3110 1555 ιο
3148 1500 3496 1583 προσέθηκεν
3532 1503 3634 1582 οὐχ
3677 1503 3751 1568 ὣς

2137 1594 2266 1675 πρὸς
2323 1594 2728 1666 ἆντιδιαστολὴν
2771 1592 2958 1651 τούτου
3014 1596 3107 1651 τοῦ
3152 1590 3425 1667 σώματος’
3479 1589 3595 1651 οὐδὲ
3645 1591 3751 1671 γὰρ

2136 1682 2504 1765 χειροποίητόν
2534 1685 2645 1741 ἐστι
2670 1688 2844 1741 τοῦτο.
2875 1680 3031 1749 Τινὲς
3060 1679 3115 1740 δὲ
3145 1680 3519 1761 χειροποίητον
3547 1679 3601 1720 ⁷³
3645 1679 3740 1757 μὲν

445 1792 747 1856 opponeret
777 1783 993 1856 corpori
1038 1784 1163 1840 huic
1206 1802 1218 1837 :
1250 1784 1357 1839 hoc
1385 1784 1513 1839 enin
1568 1798 1681 1839 non
1710 1790 1795 1838 est
1834 1798 2031 1838 manu-

2142 1772 2465 1856 οἰκίανλτὴν
2505 1774 2559 1832 ἐν
2681 1775 2750 1851 γῇ
2782 1768 2940 1847 ζωὴν,
2972 1775 3163 1843 σκῆνος
3192 1769 3249 1829 δὲ
3293 1770 3354 1829 τὸ
3400 1769 3562 1847 σῶμά
3602 1792 3751 1851 φασν

442 1872 671 1930 factum.
699 1873 959 1930 Nonnulli
999 1881 1184 1930 autem
1226 1874 1459 1930 domum
1504 1871 1898 1936 manufactam,
1935 1886 2033 1944 pro

443 1962 549 2018 vita
585 1977 752 2034 quam
778 1962 837 2018 in
865 1962 1023 2019 terris
1060 1962 1332 2035 degimus,
1362 1970 1693 2033 acceperunt
1735 1980 1751 2019 :
1782 1961 2035 2017 taberna-

440 2051 629 2108 culum
668 2059 882 2119 autem,
925 2067 1125 2123 corpus
1160 2050 1384 2122 ipsum:
1430 2058 1490 2107 ut
1534 2051 1606 2106 sit
1632 2049 1779 2123 quod
1806 2048 2031 2116 dicitur,

440 2139 757 2212 hujusmodi
788 2158 802 2195 :
830 2141 885 2197 Si
934 2140 1201 2196 dissoluta
1231 2138 1425 2207 fuerit,
1465 2155 1589 2211 quae
1616 2139 1674 2194 in
1718 2148 1863 2195 terra
1915 2146 2030 2209 est,

440 2229 547 2285 vita
575 2230 823 2301 corporis
850 2229 1054 2296 nostri,
1094 2244 1219 2301 quae
1253 2235 1311 2285 et
1351 2228 1672 2285 manufacta
1701 2227 1810 2285 dici
1841 2226 2030 2300 possit,

439 2326 706 2391 tanquam
766 2335 797 2375 a
858 2318 1116 2375 manibus
1170 2319 1471 2389 composita
1530 2318 1720 2391 (panis
1776 2319 1925 2374 enim
1980 2324 2037 2373 et

441 2409 628 2464 vinum
653 2415 709 2465 et
734 2408 951 2476 similia,
981 2423 1047 2464 ex
1074 2407 1275 2480 quibus
1303 2407 1413 2463 vita
1438 2416 1628 2464 nostra
1652 2416 1888 2475 constat,
1916 2421 2035 2463 ma-

442 2495 605 2553 nibus
647 2495 1046 2567 conﬁciuntur)
1102 2513 1114 2549 :
1166 2494 1489 2552 habebimus
1539 2495 1704 2551 aliam
1756 2496 1921 2551 vitam
1980 2494 2037 2550 in

2143 1860 2281 1922 ὥστε
2326 1851 2461 1922 εἶναι
2505 1861 2568 1921 τὸ
2594 1851 2882 1940 λεγόμενον
2925 1864 3179 1920 τοιοῦτον
3208 1856 3347 1921 Ἐὰν
3391 1861 3667 1940 καταλυθῇ
3715 1863 3751 1931 ἡ

2143 1951 2231 2011 ἐπὶ
2280 1956 2375 2030 γῆς
2421 1948 2529 2023 ζωὴ
2579 1953 2672 2008 τοῦ
2736 1948 2983 2027 σώματος
3029 1951 3202 2026 ἡμῶνο
3257 1948 3378 2021 ἥτις
3430 1947 3525 2009 καὶ
3576 1971 3757 2029 χειρο-

2143 2040 2359 2113 ποίητος
2430 2038 2494 2098 ἃν
2570 2038 2775 2119 ῥηθείη,
2832 2042 2904 2105 ὡς
2961 2039 3069 2098 ἀπὸ
3135 2040 3327 2118 χειρῶν
3389 2037 3753 2119 συνισταμένη

2143 2128 2324 2210 (ἄρτος
2352 2127 2456 2209 γὰρ
2503 2117 2595 2188 καὶ
2639 2117 2797 2201 οἶνος,
2841 2128 2934 2185 καὶ
2969 2127 3036 2187 τὰ
3068 2117 3319 2200 τοιαῦτα,
3356 2126 3413 2197 ἐξ
3454 2117 3531 2187 ὧν
3576 2127 3668 2187 καὶ
3714 2132 3752 2200 ἡ

2142 2218 2253 2290 ζωὴ
2305 2221 2501 2297 ἡμῶν,
2555 2215 2642 2276 διὰ
2710 2220 2902 2298 χειρῶν
2956 2217 3251 2296 γίνονται
3312 2215 3498 2295 ἕξομεν
3562 2216 3755 2297 ἑτέραν

2146 2306 2285 2379 ζωὴν
2317 2309 2371 2367 ἐν
2401 2308 2640 2387 οὖρανοῖς
2676 2306 2945 2386 ἄφθαρτον
2988 2306 3080 2365 καὶ
3123 2306 3559 2386 ἀχειροποίητον,
3595 2329 3754 2366 τουτ-

2147 2397 2317 2471 ἐστιν,
2367 2397 2427 2456 οὗ
2482 2396 2878 2477 προσδεομένην
2928 2398 3023 2469 τῆς
3070 2398 3177 2455 τῶν
3225 2395 3503 2477 ἡμετέρων
3551 2399 3753 2477 χειρῶν

2147 2485 2417 2567 ἐργασίας.

438 2586 593 2643 caelis
642 2584 1111 2658 incorruptibilem
1172 2591 1228 2641 et
1306 2600 1417 2641 non
1486 2584 1893 2656 manufactam,
1954 2584 2060 2640 hoc
2107 2592 2213 2654 est,
2265 2600 2377 2641 non
2430 2584 2770 2658 indigentem
2842 2591 3161 2641 nostrarum
3226 2599 3493 2642 manuum
3552 2599 3757 2659 opera-

440 2675 608 2732 tione.

510 2767 690 2821 Vnns.
730 2770 784 2820 2.
838 2786 866 2813 σι
905 2766 1050 2822 Nam
1092 2764 1147 2821 in
1194 2764 1302 2821 hoc
1330 2764 1761 2837 ingemiscimus,
1816 2765 2031 2822 habita-

440 2855 649 2910 tionem
707 2860 957 2909 nostram
978 2896 994 2922 ,
1054 2868 1177 2926 quae
1226 2852 1295 2910 de
1341 2855 1487 2912 coelo
1531 2862 1617 2911 est
1639 2897 1654 2924 ,
1710 2854 2031 2927 superindui

440 2942 743 3015 cupientes.
779 2966 805 2991 ι»
844 2943 1077 3016 Qualem
1114 2942 1556 3000 habitationem?
1588 2947 1806 3017 Corpus
1848 2946 2031 3001 incor-

437 3031 707 3105 ruptibile.
745 3035 822 3089 Ex
869 3033 1009 3090 cmlo
1049 3041 1234 3089 autem
1281 3034 1462 3106 ipsum
1508 3034 1664 3105 dicit,
1723 3050 1837 3090 non
1886 3035 2035 3107 quod

2223 2799 2249 2827 ι
2306 2773 2419 2833 Καὶ
2465 2773 2569 2853 γὰρ
2621 2774 2675 2833 ἐν
2727 2771 2901 2855 τούτῳ
2945 2772 3292 2849 στενάζομεν,
3323 2773 3386 2833 τὸ
3438 2772 3754 2855 οἰκητήριον

2142 2864 2296 2937 ἡμῶν
2346 2862 2407 2921 τὸ
2456 2860 2509 2931 ἐξ
2556 2863 2781 2943 οὐρανοῦ
2835 2862 3225 2924 ἐπενδύσασθαι
3271 2865 3670 2931 ἐπιποθοῦντες.
3725 2894 3755 2917 ι

2143 2951 2306 3010 Ποῖον
2332 2951 2664 3031 οἰκητήριονς
2701 2952 2783 3013 Τὸ
2812 2955 2973 3030 σῶμα
3017 2952 3079 3012 τὸ
3129 2951 3417 3034 ἄφθαρτον.
3450 2952 3545 3023 Ἐξ
3586 2954 3755 3033 οὖρα-

2144 3045 2234 3098 νοῦ
2283 3038 2341 3099 δέ
2389 3063 2550 3121 φησιν
2596 3041 2759 3115 αὐτὸ,
2794 3042 2895 3121 οὐχ
2943 3040 3025 3099 ὅτι
3074 3039 3274 3101 ἄνωθεν
3307 3042 3573 3119 κάτεισιν,
3627 3043 3753 3101 ἀλλ’

436 3122 750 3213 descendat,
785 3138 818 3178 a
882 3123 1137 3213 supernis
1164 3165 1179 3191 ,
1202 3212 1208 3213 γ
1233 3123 1328 3180 sed
1388 3122 1538 3213 quod
1598 3124 2026 3196 incorruptibili-

2147 3128 2229 3188 ὅτι
2278 3130 2472 3189 ἐκεῖθεν
2524 3130 2638 3210 ἔχει
2687 3130 3105 3213 ἐκπεμπομένην
3159 3130 3256 3205 τὴν
3308 3135 3402 3204 τῆς
3450 3131 3756 3213 ἀφθαρσίας

437 3213 563 3269 tatis
614 3212 851 3285 gratiam
889 3211 1020 3268 inde
1064 3211 1364 3268 demissam
1422 3212 1606 3269 habet.
1657 3214 1814 3270 Adeo
1868 3213 2032 3287 igitur

438 3316 552 3358 non
584 3309 669 3359 est
713 3317 851 3373 opus
888 3309 954 3358 ut
981 3301 1272 3374 quisquam
1317 3301 1574 3359 turbetur
1602 3304 1673 3358 ob
1702 3303 2030 3360 tentationes

436 3390 683 3464 corporis
708 3390 947 3464 quadam
989 3405 1052 3446 ex
1082 3401 1235 3462 parte
1263 3391 1662 3464 contingentes,
1685 3400 1746 3448 ut
1764 3408 1794 3448 e
1815 3393 2030 3450 diverso

436 3480 616 3552 potius
653 3480 1005 3553 ingemiscere
1034 3479 1359 3549 debeamus,
1391 3482 1536 3552 quod
1572 3497 1683 3538 non
1711 3483 2027 3540 universum

440 3568 789 3641 corruptibile
825 3585 1025 3641 corpus
1050 3585 1341 3637 exuamus,
1372 3578 1432 3626 ut
1471 3570 1895 3645 incorruptibile
1925 3572 2031 3629 hoc

439 3658 909 3731 superinduamus.
937 3662 1231 3731 Propterea
1260 3676 1369 3715 non
1402 3659 1818 3718 tabernaculum
1846 3662 2028 3735 ipsum

435 3747 771 3813 nominavit,
822 3747 949 3818 sed,
1007 3748 1436 3818 habitationem,
1498 3751 1666 3808 veluti
1704 3767 2029 3824 permanen-

433 3838 650 3895 tiorem.

420 3952 424 3956 ·
505 3931 683 3986 VERS.
717 3933 771 3984 3.
827 3950 854 3978 α
883 3928 937 3985 Si
976 3937 1165 3985 tamen
1214 3930 1416 3999 vestiti,
1456 3945 1573 3987 non
1602 3931 1737 3989 nudi
1782 3932 2029 3990 invenia-

437 4034 585 4075 mur.
603 4036 634 4072 ν
666 4018 750 4074 Ne
772 4017 1061 4075 conﬁdant
1080 4034 1275 4076 omnes
1299 4020 1807 4092 incorruptibilitati
1839 4036 2031 4095 corpo-

437 4108 531 4163 ris.
565 4130 591 4156 α
620 4107 675 4163 Si
693 4106 886 4175 modo,
909 4125 939 4159 »
969 4106 1169 4179 inquit,
1195 4130 1220 4156 ιι
1246 4107 1428 4165 induti
1456 4108 1895 4184 incorruptione,
1924 4131 1955 4166 ν
1978 4120 2034 4168 et

439 4210 639 4265 corpus
665 4195 1082 4266 incorruptibile
1130 4197 1481 4270 accipientes,
1524 4222 1551 4249 ιι
1606 4216 1722 4257 non
1763 4200 1895 4256 nudi
1939 4202 2029 4257 in-

440 4284 729 4341 veniamur
760 4306 786 4334 ι
819 4300 851 4341 a
884 4285 1057 4358 gloria
1086 4294 1141 4342 et
1165 4289 1478 4359 securitate,
1529 4298 1793 4362 tanquam
1824 4291 2029 4362 peccati

438 4370 856 4429 deformitatem
897 4373 1177 4432 habentes.
1206 4378 1560 4435 Resurrectio
1604 4394 1844 4451 namque
1872 4394 2031 4435 com-

440 4462 629 4519 munis
656 4470 762 4530 est,
789 4462 967 4520 honos
986 4479 1100 4520 non
1124 4465 1279 4523 item.

509 4554 691 4610 Van.
725 4559 778 4609 4.
805 4574 832 4603 α
856 4555 1004 4610 Nam
1035 4562 1089 4610 et
1113 4556 1203 4626 qui
1231 4570 1426 4613 sumus
1452 4558 1509 4614 in
1528 4558 1887 4615 tabernaculo
1906 4558 2034 4625 hoc,

439 4642 877 4715 ingemiscimus,
916 4651 1187 4717 quatenus
1244 4645 1504 4703 nolumus
1561 4647 1884 4719 exspoliari,
1937 4648 2035 4705 sed

441 4732 819 4804 supervestiri,
868 4741 931 4788 ut
978 4734 1337 4791 absorbeatur
1385 4734 1538 4808 quod
1584 4736 1818 4793 mortale
1865 4745 1950 4794 est
2002 4754 2032 4793 a

442 4819 571 4877 vita.
622 4844 648 4871 ν
698 4821 840 4891 Quia
883 4822 1184 4879 molestum
1227 4822 1517 4881 videbatur
1558 4825 1709 4897 quod
1742 4825 1907 4895 dixit,
1943 4830 2033 4882 In-

439 4909 791 4982 gemiscimus
869 4910 1242 4969 desiderantes
1320 4912 1539 4970 liberari
1623 4929 1655 4969 a
1718 4930 1950 4987 corpore
2017 4935 2031 4973 :

437 4997 730 5055 ineffabilis
757 5000 908 5057 enim
939 5008 1027 5056 est
1053 5002 1253 5058 animae
1286 5000 1354 5057 ad
1384 5018 1587 5075 corpus
1615 5003 1836 5060 affectio
1868 5022 1882 5060 :
1909 5008 2035 5063 Non

439 5096 747 5161 propterea,
789 5088 996 5162 inquit,
1058 5090 1490 5163 ingemiscimus,
1542 5100 1607 5148 ut
1641 5093 1961 5165 simpliciter
2000 5110 2033 5151 a

435 5193 668 5250 corpore
690 5177 1010 5249 liberemur,
1050 5194 1240 5235 verum
1278 5180 1402 5251 quia
1430 5180 1831 5253 superinduere
1854 5184 2033 5241 incor-

436 5267 851 5338 ruptibilitatem
880 5268 1213 5340 expetimus,
1260 5269 1398 5325 adeo
1424 5279 1486 5325 ut
1512 5287 1622 5326 non
1652 5272 1759 5328 hoc
1804 5274 2029 5345 quidem

438 5356 607 5428 268
648 5372 847 5413 exuere
894 5357 1169 5426 volumus,
1216 5374 1406 5415 verum
1462 5375 1493 5415 a
1554 5365 1909 5433 corruptione
1958 5364 2030 5419 li-

438 5446 633 5516 berari,
665 5453 730 5501 ut
768 5462 800 5503 a
829 5446 937 5502 vita
979 5448 1258 5517 corruptio
1288 5448 1616 5521 insumatur,
1667 5466 1779 5508 non
1808 5468 2027 5527 corpus.

2141 3218 2318 3299 χάριν.
2366 3221 2637 3280 Τοσοῦτον
2685 3210 2775 3279 οὖν
2820 3222 2879 3278 οὗ
2911 3220 2992 3278 δεῖ
3017 3222 3302 3280 λυπεῖσθαι
3332 3222 3421 3280 ἐπὶ
3462 3210 3572 3289 τοῖς
3604 3210 3754 3281 κατὰ

2143 3306 2300 3386 μέρος
2376 3312 2469 3369 τοῦ
2544 3306 2792 3388 σώματος
2847 3317 3180 3390 πειρασμοῖς,
3238 3308 3377 3369 ὥστε
3447 3310 3753 3371 τούναντίον

2142 3399 2346 3473 μᾶλλον
2400 3398 2667 3469 στενάζειν
2703 3399 3021 3480 ὀφείλομεν,
3075 3398 3157 3458 ὅτι
3214 3398 3289 3476 μὴ
3346 3402 3639 3467 καθολικῶς
3692 3399 3757 3459 τὸ

2140 3486 2371 3567 φθαρτὸν
2424 3493 2585 3564 σῶμα
2658 3489 3054 3563 ἀπεκδυόμεθα,
3124 3486 3213 3546 ἵνα
3267 3489 3537 3571 ἄφθαρτον
3591 3493 3753 3549 τοῦτο

2141 3576 2573 3655 ἐπενδυσώμεθα.
2620 3577 2726 3639 Διὰ
2775 3582 2959 3653 τοῦτο,
2995 3578 3115 3637 οὐδὲ
3158 3581 3349 3651 σκῆνος
3394 3580 3526 3640 αὐτὸ
3556 3578 3756 3640 ἐκάλε-

2141 3688 2259 3741 σεν,
2290 3666 2413 3726 ἀλλ’
2440 3666 2778 3749 οἰκητήριον,
2815 3669 2887 3734 ὥς
2916 3666 3304 3749 μονιμώτερον.

2222 3966 2247 3992 ι
2303 3937 2372 4000 Εἰ
2420 3962 2483 4019 γε
2535 3940 2629 3999 καὶ
2684 3940 3060 4016 ἐνδυσάμενοι,
3113 3941 3173 4001 οὗ
3222 3940 3413 4021 γυμνοὶ
3466 3940 3749 4020 εὑρεθησό-

2144 4032 2300 4104 μεθα.
2352 4052 2379 4080 ι
2427 4027 2546 4089 Ἵνα
2600 4030 2677 4105 μὴ
2735 4032 2975 4111 θαῤῥῶσι
3029 4030 3225 4097 πάντες
3281 4030 3369 4089 δῖὰ
3416 4028 3516 4102 τὴν
3547 4035 3751 4113 ἀφθαρ-

2144 4116 2263 4174 σίαν
2309 4119 2403 4176 τοῦ
2435 4117 2699 4195 σώματος,
2730 4118 2908 4199 φησίν·
2954 4145 2980 4174 ι
3036 4118 3111 4179 Εἴ
3134 4141 3196 4197 γε
3224 4117 3318 4179 καὶ
3347 4120 3693 4198 ἐνδυσάμενοι
3722 4150 3748 4173 ιι

2142 4204 2240 4277 τὴν
2274 4206 2592 4288 ἀφθαρσίαν,
2650 4207 2741 4267 καὶ
2789 4211 2950 4285 σῶμα
2993 4208 3260 4290 ἄφθαρτον
3292 4207 3567 4289 λαϐόντες,
3617 4233 3643 4262 ι
3686 4212 3746 4270 οὗ

2139 4295 2329 4373 γυμνοὶ
2380 4295 2771 4375 εὑρεθησόμεθα
2839 4323 2863 4350 ιι
2922 4295 3073 4370 δόξης
3126 4297 3219 4356 καὶ
3277 4297 3608 4379 ἀσφαλείας,
3671 4302 3743 4366 ὣς

2141 4382 2239 4454 τὴν
2284 4386 2343 4443 ἐκ
2382 4389 2477 4458 τῆς
2518 4384 2783 4465 ἁμαρτίας
2830 4385 3216 4465 ἀσχημοσύνην
3247 4385 3479 4466 ἔχοντες.
3514 4386 3586 4447 ¢H
3642 4388 3737 4467 μὲν

2064 4452 2115 4516 D
2142 4452 2243 4552 γάρ
2274 4452 2597 4553 ἀνάστασις,
2630 4452 2800 4548 κοινήο
2833 4478 2868 4545 ἡ
2902 4452 3143 4553 δὲ’-τιμὴ,
3173 4452 3256 4537 οὗ.

2237 4583 2268 4620 ιι
2298 4564 2406 4623 Καὶ
2434 4563 2539 4645 γὰρ
2568 4567 2615 4623 οἱ
2650 4564 2791 4631 ὄντες
2812 4566 2888 4647 -ἐν
2922 4567 2997 4645 τῷ
3035 4566 3221 4638 σκήνει
3265 4565 3468 4647 τούτῳ,
3502 4568 3746 4637 στενάζο-

2145 4674 2265 4726 μεν,
2301 4652 2651 4734 βαρυνόμενοι
2690 4657 2772 4736 ἐφ’
2803 4645 2847 4735 ᾧ
2881 4656 2938 4713 οὖ
2975 4654 3192 4733 θέλομεν
3223 4645 3581 4729 ἐκδύσασθαι,
3624 4658 3742 4715 ἀλλ’

2144 4740 2562 4814 ἐπενδύσασθαι,
2634 4741 2723 4802 ἵνα
2790 4746 3071 4824 καταποθῇ
3127 4743 3189 4803 τὸ
3244 4743 3432 4818 θνητὸν
3478 4745 3583 4804 ὑπὸ
3650 4748 3744 4817 τῆς

2144 4832 2302 4902 ζωῆς.
2338 4852 2369 4888 n
2406 4830 2633 4903 Ἐπειδὴ
2680 4830 2924 4914 φορτικὸν
2968 4833 3138 4892 ἐδόκει
3176 4832 3205 4893 ὃ
3235 4833 3441 4912 ἔλεγεν,
3477 4834 3559 4892 ὅτι
3600 4836 3738 4894 Στε-

2143 4918 2364 4996 νάζομεν
2395 4924 2768 4997 ἐπιθυμοῦντες
2811 4922 2863 4961 ⁷⁴
2913 4923 3294 4998 ἀπαλλαγῆναι
3337 4930 3433 4984 τοῦ
3478 4939 3743 5002 σώματος’

2142 5007 2233 5065 καὶ
2282 5007 2387 5095 γὰρ
2419 5010 2647 5091 ἅρῤητος
2694 5012 2875 5089 σχέσις
3036 5015 3184 5093 ψυχῇ
3236 5011 3367 5093 πρὸς
3425 5010 3487 5072 τὸ
3553 5016 3740 5089 σῶμα·

2142 5096 2334 5177 φησὶν,
2371 5098 2452 5159 ὅτι
2499 5101 2582 5159 Οὐ
2626 5100 2714 5158 διὰ
2761 5105 2918 5159 τοῦτο
2964 5102 3309 5175 στενάζομεν,
3353 5100 3440 5161 ἵνα
3488 5106 3580 5161 τοῦ
3632 5100 3740 5161 σώ-

2144 5208 2308 5264 ματος
2347 5186 2532 5255 ἅπλῶς
2584 5188 3010 5266 ἀπαλλαγῶμεν,
3056 5188 3196 5249 ἀλλὰ
3243 5188 3484 5259 θέλοντες
3530 5190 3743 5253 ἐπενδύ-

2142 5279 2338 5333 σασθαι
2384 5274 2479 5347 τὴν
2528 5276 2845 5356 ἀφθαρσίαν·
2876 5282 2948 5347 ὡς
2977 5278 3134 5338 τοῦτό
3165 5302 3224 5356 γε
3253 5277 3375 5339 οὐδὲ
3416 5278 3741 5340 ἐκδύσασθαι

2143 5364 2473 5442 βουλόμεθα,
2508 5365 2645 5425 ἀλλὰ
2676 5370 2769 5438 τῆς
2807 5372 3003 5447 φθορᾶς
3033 5368 3451 5447 ἀπαλλαγῆναι,
3490 5365 3577 5428 ἵνα
3610 5371 3739 5427 ἀνα-

2138 5450 2283 5531 λωθῇ
2333 5452 2425 5512 καὶ
2454 5454 2732 5535 δαπανηθῇ
2784 5459 2820 5528 ἡ
2866 5454 3034 5537 φθορὰ
3087 5456 3191 5516 ὑπὸ
3232 5459 3328 5529 τῆς
3372 5459 3537 5531 ζωῆς,
3583 5459 3645 5517 οὗ
3677 5458 3737 5519 τὸ

1822 5570 2015 5634 Varia
2057 5574 2362 5640 lectiones.

504 5668 546 5701 τι
571 5670 666 5739 γάρ
696 5685 752 5725 ο,
827 5669 871 5704 ⁷³
905 5669 1089 5741 ἔπιγεν.
1116 5687 1170 5727 ο.
1250 5672 1293 5707 ’⁷⁸
1321 5673 1672 5741 ἐπιποθοῦντες
1701 5694 1775 5735 ω.
