4134 6412
382 453 487 508 849

1295 456 1652 514 EXPOSITIO
1692 459 1757 513 IN
1796 457 2006 514 EPIST.
2049 458 2093 513 ll
2120 460 2215 516 AD
2255 460 2412 516 COR.
2455 491 2525 502 —
2562 462 2710 518 CAP.
2753 465 2816 518 V.

3580 471 3684 524 850

375 581 558 655 σῶμα.
611 578 695 640 Οὔ
758 579 862 659 γὰρ
909 578 995 640 διὰ
1053 579 1114 640 τὸ
1159 582 1315 659 σῶμα
1370 581 1553 650 ἅπλῶς
1610 581 1959 664 βαρυνόμεθαἸ

2087 584 2213 641 Non
2265 586 2416 642 enim
2466 586 2784 659 simpliciter
2843 597 3069 661 propter
3117 604 3319 662 corpus
3370 607 3681 665 gravamur,

375 666 515 729 ἀλλὰ
586 668 718 728 διότι
774 668 884 729 ἐστὶ
960 670 1212 752 φθαρτόν.
1248 672 1525 733 Ἐντεῦθεν
1590 677 1646 733 δὲ
1703 677 1976 741 παντελῶς

371 756 767 839 ἐμφράττονται
821 762 928 819 τῶν
977 762 1256 840 αἱρετικῶν
1311 762 1380 822 τὰ
1429 763 1695 843 στόματα.
1737 766 1820 825 Οὖ
1872 762 1974 845 γὰρ

370 847 493 929 περὶ
525 846 691 909 ἄλλου
736 847 832 908 καὶ
874 849 1039 911 ἄλλου
1067 850 1319 930 σώματος
1364 854 1393 911 ὁ
1439 852 1623 933 λόγος,
1662 852 1803 914 ἀλλὰ
1852 852 1973 934 περὶ

372 941 568 1019 φθορᾶς
600 937 695 997 καὶ
726 937 1041 1020 ἀφθαρσίας.

452 1052 480 1081 ι
531 1024 602 1090 Ὀ
664 1027 722 1088 δὲ
772 1027 1242 1109 κατεργασάμενος
1290 1034 1433 1109 ἡμᾶς
1487 1034 1559 1100 εἷς
1614 1031 1743 1092 αὖτό
1794 1036 1968 1106 τοῦτο,

365 1115 528 1185 Θεός.
562 1138 594 1175 ι
629 1115 767 1186 Θεὸς
814 1117 873 1179 δέ
917 1119 1069 1193 ἐστι,
1126 1120 1307 1201 φησὶν,
1358 1123 1385 1179 ὁ
1439 1123 1510 1189 εἰς
1542 1123 1671 1181 αὐτὸ
1720 1127 1874 1181 τοῦτο
1921 1121 1972 1191 ἐξ

367 1208 540 1287 ἀρχῆς
590 1206 1062 1294 κατεργασάμενος
1111 1213 1275 1288 ἡμᾶς’
1329 1210 1420 1269 καὶ
1460 1212 1565 1294 γὰρ
1616 1211 1968 1293 ἐδημιούργη-

364 1318 455 1354 σεν
504 1300 651 1375 ἡμᾶς
703 1296 795 1357 ἵνα
850 1287 995 1375 ὦμεν
1061 1287 1363 1380 ἄφθαρτοι·
1428 1287 1549 1359 καὶ·
1577 1303 1636 1363 οὗ
1697 1287 1785 1360 νῦν
1818 1287 1971 1362 ¹τοῦτο

367 1384 541 1455 ἔδοξεν
573 1387 748 1469 αὐτῷ,
798 1387 918 1448 ἀλλ’
963 1386 1019 1459 ἐξ
1052 1391 1241 1470 ἀρχῆς.
1273 1387 1443 1450 Ὥστε
1474 1390 1686 1460 πάντως
1730 1392 1784 1430 ⁷⁵
1814 1391 1971 1471 γενή⁹

367 1497 543 1539 σεται.

450 1586 480 1622 α
510 1564 581 1628 Ὀ
609 1566 706 1626 καὶ
761 1567 883 1635 δοὺς
925 1572 1055 1645 ἡμῖν
1101 1568 1191 1628 τὸν
1236 1569 1523 1653 αῤῥαϐῶνα
1570 1576 1662 1629 τοῦ
1706 1571 1967 1649 Πνεύμα-

363 1677 476 1722 τος.
510 1655 749 1724 »Θέλεις
772 1701 789 1729 ,
824 1657 1014 1738 φησὶν,
1064 1658 1365 1735 ἀπόδειξινς
1415 1658 1588 1721 Δώσω
1618 1680 1700 1719 σοι
1745 1661 1836 1719 καὶ
1862 1662 1963 1720 ἄλ-

362 1744 485 1816 λην.
529 1743 635 1805 Διὰ
681 1750 773 1804 τοῦ
822 1746 1195 1827 βαπτίσματος
1240 1752 1467 1827 Πνεῦμα
1519 1753 1650 1828 ἡμῖν
1695 1748 1831 1824 δοὺς,
1877 1749 1967 1809 τὸν

2082 672 2183 730 sed
2240 675 2371 746 quia
2426 683 2511 732 est
2580 676 2959 750 corruptibile.
3018 678 3163 735 Hinc
3211 687 3400 737 autem
3458 682 3683 739 omnino

2084 762 2473 822 haereticorum
2502 781 2600 823 ora
2642 766 3028 825 obstruuntur.
3083 771 3207 825 Non
3258 769 3412 826 enim
3457 771 3527 827 de
3572 772 3682 828 alio

2081 860 2245 925 atque
2291 854 2399 911 alio
2436 871 2669 927 corpore
2706 871 2895 914 sermo
2933 864 3037 927 est,
3075 856 3173 914 sed
3223 857 3295 915 de
3335 859 3682 931 corruptione

2081 950 2136 999 et
2170 942 2714 1017 incorruptibilitate.

2152 1036 2329 1090 Vnns.
2366 1039 2421 1088 5.
2458 1057 2483 1083 α
2516 1035 2625 1105 Qui
2654 1044 2840 1092 autem
2877 1035 3049 1093 efﬁcit
3072 1052 3179 1094 nos
3233 1037 3303 1094 ad
3332 1037 3493 1107 illud,
3538 1040 3683 1097 Deus

2080 1130 2182 1179 est.
2218 1142 2248 1176 »
2291 1126 2440 1180 Deus
2483 1132 2593 1193 est,
2640 1125 2843 1197 inquit,
2886 1126 2979 1199 qui
3023 1127 3268 1199 primum
3309 1143 3413 1184 nos
3449 1126 3519 1184 ad
3572 1129 3682 1186 hoc

2081 1210 2283 1269 effecit.
2327 1213 2548 1269 Etenim
2577 1214 2834 1271 condidit
2879 1231 3005 1285 nos,
3047 1224 3108 1272 ut
3136 1216 3313 1273 simus
3352 1218 3681 1290 incorrupti-

2079 1300 2234 1357 biles.
2265 1304 2450 1373 Neque
2474 1301 2582 1358 hoc
2622 1320 2773 1360 nunc
2812 1304 3058 1377 primum
3098 1305 3146 1361 ei
3189 1305 3412 1379 placuit,
3441 1305 3537 1363 sed
3560 1306 3679 1379 jam

2078 1390 2205 1448 inde
2231 1408 2261 1448 a
2288 1392 2575 1465 principio.
2609 1395 2803 1466 Itaque
2840 1395 3071 1451 omnino
3099 1394 3212 1451 fiet.

2151 1595 2177 1621 α
2222 1573 2332 1643 Qui
2359 1572 2513 1631 dedit
2538 1574 2709 1631 etiam
2754 1574 2917 1631 nobis
2943 1575 3141 1649 pignus
3187 1576 3445 1649 Spiritus.
3486 1597 3512 1626 ιι
3563 1579 3678 1634 De-

2077 1664 2539 1721 monstrationem
2562 1706 2576 1732 ,
2610 1664 2808 1737 inquit,
2845 1666 3037 1737 cupis?
3078 1665 3333 1723 Alteram
3366 1666 3469 1722 tibi
3510 1665 3673 1724 dabo.

2076 1753 2183 1823 Qui
2231 1754 2389 1811 nobis
2449 1770 2544 1826 per
2588 1754 2861 1826 baptisma
2913 1754 3183 1827 Spiritum
3247 1754 3430 1825 dedit,
3474 1756 3676 1829 pignus

365 1833 654 1915 ἀῤῥαϐῶνα
684 1838 782 1908 τῆς
823 1837 1120 1918 ἀφθαρσίας
1157 1840 1343 1898 ἔδωκε.
1378 1838 1487 1899 Καὶ
1515 1839 1619 1920 γὰρ
1652 1839 1845 1918 ἡγίασε
1886 1863 1953 1899 κα

2088 1858 2311 1915 quoque
2346 1843 2778 1900 immortalitatis
2800 1843 2961 1901 nobis
2992 1843 3276 1917 impertiit.
3302 1845 3525 1902 Etenim
3551 1861 3678 1902 san-

362 1921 540 2005 ψυχὴν
569 1922 662 1984 καὶ
707 1927 886 2003 σῶμα,
939 1926 1031 1986 καὶ
1063 1926 1299 2007 θειότερα
1346 1928 1626 2009 ἀμφότερα
1670 1927 1950 2002 πεποίηκε,

2069 1932 2322 1989 ctiﬁcavit
2349 1940 2402 1989 et
2422 1933 2669 1989 animam
2693 1940 2749 1990 et
2777 1949 2998 2005 corpus,
3044 1941 3100 1989 et
3127 1941 3362 2006 utraque
3405 1933 3673 1991 diviniora

364 2014 459 2084 τῆς
509 2012 773 2095 ἁμαρτίας
833 2015 1164 2089 ἀπαλλάξας,
1213 2017 1266 2085 ἐξ
1307 2009 1369 2089 ἧς
1419 2020 1446 2075 ὃ
1495 2018 1735 2085 θάνατος.
1788 2014 1967 2079 ¹⁵Ὠστε

363 2100 479 2161 ἐπεὶ
536 2104 761 2181 Πνεῦμα
818 2103 1045 2178 δέδωκε,
1098 2106 1364 2185 πρόδηλον
1410 2104 1492 2165 ὅτι
1558 2111 1658 2179 τῆς
1704 2107 1970 2188 ἁμαρτίας

366 2190 691 2265 ἀπήλλαξεν
723 2193 992 2275 ἁμαρτίας
1022 2194 1078 2254 δὲ
1111 2195 1458 2270 ἀπαλλάξας,
1503 2196 1595 2256 καὶ
1624 2196 1720 2268 τὴν
1767 2196 1966 2280 φθορᾷιν

359 2280 717 2361 κατήργησεν⁹
766 2282 821 2353 ἐξ
867 2282 1140 2363 ἁμαρτίας
1183 2287 1287 2367 γὰρ
1332 2290 1366 2355 ἡ
1420 2285 1606 2365 φθορά.
1638 2285 1828 2354 Οὕτως
1872 2277 1963 2347 οὖν

362 2370 646 2452 ἀῤῥαϐῶνα
674 2375 767 2445 τῆς
794 2373 1093 2448 μελλούσης
1136 2374 1425 2441 ἀθανασίας
1462 2374 1523 2434 τὸ
1572 2378 1820 2452 Πνεῦμα.
1858 2378 1963 2437 Καὶ

360 2458 539 2529 ἄλλως
600 2460 686 2536 δὲ,
745 2463 865 2531 δοὺς
918 2468 1007 2523 νῦν
1074 2469 1211 2542 ἡμῖν
1270 2467 1501 2547 μερικῶς
1566 2464 1625 2524 τὸ
1695 2468 1960 2544 Πνεῦμα,

358 2548 572 2619 πάντως
620 2552 907 2634 ἁῤῥαϐῶνά
954 2576 1074 2612 τινα
1133 2552 1359 2630 ἔδωκεν,
1412 2553 1551 2614 ὥστε
1603 2554 1695 2613 καὶ
1741 2554 1801 2614 τὸ
1840 2555 1960 2615 ὅλον

360 2637 541 2702 δώσει.
578 2643 706 2710 Πῶς
757 2645 802 2702 δ’
852 2641 917 2702 ἂν
965 2642 1158 2723 δώσει,
1211 2645 1256 2703 εἰ
1302 2643 1378 2722 μὴ
1432 2642 1720 2722 μέλλοιμεν
1754 2646 1961 2725 Ῠᾶφθαρο

358 2733 603 2802 τισθῆναι
666 2734 815 2813 ψυχῇ
871 2756 930 2792 τε
985 2734 1079 2792 καὶ
1148 2732 1394 2811 σώματι;
1451 2732 1652 2793 Λαϐὼν
1717 2724 1819 2793 οὖν
1876 2737 1961 2793 ἐν·

357 2822 527 2879 ταῦθα
580 2822 641 2881 τὸ
688 2823 862 2901 ὀλίγον
914 2822 1008 2882 καὶ
1052 2825 1200 2905 ψυχῇ
1250 2823 1340 2883 καὶ
1372 2822 1584 2899 σώματι
1631 2814 1738 2895 οἷον
1786 2826 1959 2905 ἀῤῥα-

358 2905 506 2968 ϐῶνα
525 2952 544 2983 ,
577 2908 754 2982 ἔλπιζε
789 2911 869 2971 ὅτι
903 2912 995 2971 καὶ
1038 2912 1098 2972 τὸ
1128 2914 1250 2972 ὅλον
1279 2913 1399 2972 τότε
1429 2911 1563 2981 ἕξεις
1591 2913 1914 2995 ὁλοκλήρως.

440 3117 465 3145 ι
495 3092 830 3172 Θαῤῥοῦντες
872 3081 960 3151 οῦν
1002 3092 1257 3164 πάντοτε,
1306 3093 1397 3153 καὶ
1448 3093 1644 3162 εἰδότες
1676 3093 1755 3153 ὅτι
1802 3096 1953 3168 ἐνδη-

2078 2021 2342 2094 reddidit,
2392 2038 2425 2078 a
2478 2030 2700 2095 peccato
2763 2038 2869 2079 nos
2913 2022 3177 2093 liberans,
3222 2038 3290 2079 ex
3345 2038 3457 2096 quo
3521 2038 3675 2081 mors

2078 2119 2375 2185 propagata
2390 2119 2523 2167 erat.
2541 2111 2813 2184 Quocirca
2829 2128 2953 2167 cum
2975 2112 3240 2184 Spiritum
3259 2111 3424 2168 nobis
3441 2110 3675 2183 dederit,

2078 2201 2425 2274 perspicuum
2449 2208 2538 2257 est
2574 2200 2722 2273 quod
2747 2217 2779 2257 a
2808 2209 3034 2273 peccato
3068 2201 3339 2257 liberavit.
3372 2204 3422 2257 A
3450 2210 3675 2276 peccato

2078 2305 2206 2346 vero
2245 2298 2535 2362 postquam
2577 2306 2681 2346 nos
2734 2289 3006 2360 liberavit,
3048 2291 3463 2362 corruptionem
3509 2291 3674 2348 etiam

2072 2379 2345 2436 destruxit
2394 2397 2409 2435 :
2457 2394 2524 2435 ex
2562 2388 2790 2450 peccato
2842 2379 2989 2435 enim
3038 2380 3340 2452 corruptio.
3385 2382 3467 2435 ita
3510 2379 3676 2453 igitur

2074 2467 2277 2524 futurae
2304 2467 2735 2524 immortalitatis
2753 2468 2948 2540 pignus
2974 2476 3058 2524 est
3084 2469 3341 2541 Spiritus.
3373 2471 3444 2525 Et
3474 2468 3673 2527 aliter:

2073 2557 2177 2631 Qui
2198 2557 2351 2614 dedit
2376 2557 2537 2613 nobis
2556 2558 2614 2612 in
2633 2558 2891 2629 praesenti
2907 2558 3175 2629 Spiritum
3194 2574 3261 2614 ex
3287 2565 3457 2630 parte,
3477 2558 3673 2632 pignus

2071 2648 2347 2720 quoddam
2376 2646 2531 2703 dedit
2557 2663 2615 2703 se
2640 2654 2817 2703 totum
2864 2663 3087 2719 quoque
3110 2646 3463 2704 traditurum.
3512 2648 3672 2718 Quo-

2070 2737 2240 2793 modo
2281 2744 2467 2793 autem
2505 2735 2679 2803 dabit,
2721 2735 2825 2793 nisi
2874 2752 3107 2809 corpore
3153 2745 3208 2793 et
3255 2736 3446 2793 animo
3492 2737 3674 2794 incor-

2070 2826 2353 2898 ruptibiles
2414 2825 2579 2882 futuri
2627 2825 2839 2883 simus?
2882 2826 2993 2883 Ubi
3041 2827 3209 2897 igitur
3255 2825 3517 2898 pusillum
3580 2825 3670 2885 hic

2068 2917 2356 2988 acceperis,
2406 2915 2778 2972 arrhabonem
2827 2915 3102 2984 videlicet,
3151 2914 3368 2973 conﬁde
3405 2914 3560 2989 quod
3611 2925 3669 2974 et

2066 3013 2248 3062 totum
2274 3014 2407 3061 tunc
2435 3022 2658 3077 prorsus
2681 3005 2755 3061 sis
2783 3004 3090 3062 habiturus.

2136 3098 2317 3155 Vens.
2359 3101 2480 3151 6-8.
2517 3118 2543 3144 α
2570 3094 2851 3152 Audentes
2879 3094 3049 3168 igitur
3076 3110 3320 3168 semper,
3350 3103 3406 3152 et
3433 3096 3669 3154 scientes

356 3184 579 3255 μοῦντες
627 3185 705 3262 τῷ
756 3180 969 3258 σώματι
1019 3183 1363 3261 ἐκδημοῦμεν
1397 3183 1503 3243 ἀπὸ
1549 3184 1774 3263 Κυρίου.
1827 3182 1959 3264 (Διὰ

2070 3184 2220 3258 quod
2248 3183 2385 3241 dum
2424 3200 2618 3241 sumus
2654 3184 2710 3240 in
2757 3184 2863 3243 hoc
2893 3201 3145 3258 corpore,
3194 3186 3612 3259 peregrinamur
3636 3203 3667 3243 a

354 3268 582 3337 πίστεως
632 3270 734 3352 γὰρ
788 3277 1219 3351 περιπατοῦμεν,
1270 3275 1329 3331 οὗ
1387 3272 1474 3330 διὰ
1520 3273 1736 3354 εἴδους.)
1783 3276 1955 3355 Θαρ-

358 3361 548 3439 ῥοῦμεν
588 3358 763 3419 δὲκαὶ
810 3362 1126 3438 εὐδοκοῦμεν
1169 3363 1373 3439 μᾶλλον
1418 3364 1726 3439 ἐκδημῆσαι
1756 3365 1816 3421 ἐκ
1859 3368 1951 3423 τοῦ

357 3446 625 3528 σώματος,
675 3450 767 3509 καὶ
797 3451 1096 3524 ἐνδημῆσαι
1124 3451 1254 3531 πρὸς
1305 3450 1521 3531 Κύριον.
1564 3478 1588 3506 ι
1622 3450 1754 3513 Ἔτι
1786 3453 1955 3511 ἐκεῖνο

355 3540 738 3608 κατασκευάζει
785 3538 813 3599 ὃ
847 3539 1093 3619 ἀνωτέρω
1138 3538 1316 3614 εἶπεν,
1358 3541 1439 3600 ὄτι
1485 3543 1569 3603 Οὐ
1609 3543 1952 3623 φροντίζομεν

352 3628 458 3686 τῶν
499 3628 769 3688 κινδύνων·
800 3631 847 3687 οἱ
876 3628 1105 3689 κίνδυνοι
1130 3629 1256 3708 γὰρ,
1289 3630 1443 3709 φησὶ,
1477 3631 1569 3689 καὶ
1599 3632 1647 3689 οἱ
1703 3631 1951 3705 θάνατοι,

356 3714 415 3775 τὸ
440 3719 679 3777 εὐκταῖον
708 3722 837 3797 ἡμῖν
885 3722 1075 3799 χρῆμα
1108 3719 1161 3759 ⁷⁵
1201 3719 1546 3799 προξενοῦσι,
1596 3720 1690 3791 τὴν
1742 3721 1951 3800 ἀφθαρ-

356 3804 497 3885 σίαν,
533 3808 600 3866 δι’
645 3809 710 3879 ἢν
762 3806 853 3865 καὶ
887 3809 1239 3885 στενάζομεν,
1280 3809 1374 3868 καὶ
1423 3808 1776 3890 προσάγουσιν
1809 3813 1953 3886 ἡμᾶς

355 3894 539 3976 τάχιον
588 3900 663 3979 τῷ
705 3897 954 3976 Δεσπότῃ
987 3901 1163 3972 ἡμῶν.
1222 3921 1253 3953 α
1294 3889 1633 3979 Θαρροῦντες
1683 3889 1772 3957 οὖν
1812 3899 1951 3959 πάν-

354 4007 505 4063 τοτε,
557 4012 582 4040 ι
631 3986 904 4061 τουτέστι,
956 3986 1050 4060 Μὴ
1106 3986 1423 4067 φοϐούμενοι
1480 3988 1617 4065 μήτε
1666 3987 1948 4067 διωγμοὺς,

354 4074 489 4150 μήτε
538 4075 847 4149 ἐπιϐουλὰς,
917 4076 1053 4154 μήτε
1101 4077 1374 4145 θανάτους.
1425 4078 1574 4157 Ὅρα
1625 4078 1681 4137 δὲ
1740 4079 1951 4159 σοφίαν,

354 4167 463 4232 πῶς
492 4165 767 4247 ἀπέκρυψε
797 4165 867 4225 τὰ
896 4165 1134 4243 ὀνόματα
1162 4171 1254 4225 τοῦ
1285 4165 1508 4226 θανάτου
1550 4166 1641 4225 καὶ
1670 4171 1763 4239 τῆς
1792 4171 1955 4242 ζωῆς,

352 4254 445 4314 καὶ
470 4253 569 4326 τὴν
616 4258 713 4333 μὲν
756 4254 1011 4331 ἐνδημίαν
1049 4255 1176 4335 πρὸς
1227 4255 1438 4338 Κύριον,
1469 4258 1564 4329 τὴν
1608 4255 1664 4314 δὲ
1695 4257 1954 4334 ἐκδημίαν

354 4344 461 4403 ἀπὸ
494 4343 985 4425 Κυρίουντέθεικεν,
1039 4342 1128 4402 ἵνα
1168 4347 1351 4421 μηδεὶς
1388 4351 1484 4417 τ’ἧς
1517 4344 1788 4425 παρούσης
1819 4351 1955 4419 ζωῆς

353 4422 628 4514 ἐξέχηται,
676 4423 762 4493 οἶα
806 4432 870 4505 δὴ
903 4433 1210 4512 ἀπαγούσης
1258 4434 1364 4493 ἀπὸ
1413 4441 1504 4494 τοῦ
1552 4422 1774 4514 κυρίου.
1815 4427 1950 4497 Εἶτα
1986 4422 2035 4484 D

352 4522 440 4582 ἵνα
471 4525 545 4603 μή
592 4548 670 4592 τις
719 4522 861 4602 εἴπῃ·
892 4524 965 4607 Τί
1004 4514 1128 4597 οῦνς
1179 4524 1241 4583 τὸ
1292 4528 1448 4603 σῶμα
1504 4529 1643 4601 ἡμᾶς
1686 4526 1952 4605 ἀλλστριοῐ

354 4613 461 4672 ἀπὸ
495 4618 588 4672 τοῦ
623 4617 800 4687 Θεοῦ;
840 4614 1183 4693 διωρθώσατο
1213 4620 1390 4687 τοῦτο,
1430 4612 1611 4674 εἰπών·
1645 4642 1670 4667 σι
1716 4615 1819 4675 Διὰ
1861 4616 1949 4674 πί-

353 4726 517 4770 στεως
540 4703 644 4783 γὰρ
687 4710 1113 4784 περιπατοῦμεν,
1148 4706 1206 4764 οὐ
1244 4705 1332 4763 διὰ
1376 4703 1561 4772 εἴδουςο
1600 4731 1627 4758 ιι
1662 4704 1949 4778 τουτέστιν,

353 4791 624 4853 Ἐνταῦθα
678 4792 775 4868 μὲν
831 4792 985 4853 αὐτὸν
1048 4792 1233 4870 ἴσμεν,
1291 4794 1431 4854 ἀλλὰ
1493 4793 1739 4875 μετρίωςο
1801 4799 1954 4855 τοῦτο

351 4882 455 4961 γάρ
484 4884 597 4941 ἐστι
625 4881 712 4954 1‘0,
772 4909 795 4935 ε
834 4881 935 4943 Διᾶ
968 4882 1213 4949 πίστεως
1252 4906 1281 4941 ι
1333 4885 1391 4943 οὗ
1444 4884 1622 4959 μέντοι
1669 4885 1953 4963 πρόσωπον

351 4973 479 5052 πρὸς
507 4972 813 5050 πρόσωπον,
833 4971 964 5051 ὅπερ
989 4972 1103 5032 ἐστὶ
1129 4971 1211 5044 1‘0,
1249 4999 1274 5025 α
1304 4971 1407 5033 Διὰ
1437 4974 1626 5041 εἴδους.
1660 4996 1688 5030 ))
1719 4973 1874 5034 Ἐπεὶ
1902 4974 1954 5032 δὲ

352 5064 518 5120 ταῦτα
549 5059 716 5128 οὕτως
745 5062 878 5141 ἔχει,
921 5082 949 5119 ιι
972 5062 1328 5139 Εὐδοκοῦμεν·
1378 5085 1410 5119 ι
1440 5062 1706 5138 τουτέστι,
1740 5063 1953 5142 Σφόδρα

352 5150 712 5227 ἐπιθυμοῦμεν
763 5157 855 5210 τοῦ
911 5150 1235 5209 ἐκδύσασθαι
1288 5150 1348 5211 τὸ
1408 5155 1569 5229 σῶμα
1622 5158 1800 5226 τοῦτο,
1866 5153 1956 5212 καὶ

354 5238 489 5316 μετὰ
549 5239 748 5320 Κυρίου
809 5240 1081 5319 γενέσθαι.
1145 5242 1268 5301 Οὖκ
1327 5231 1442 5301 εἷπε
1502 5240 1584 5316 δὲ,
1636 5241 1956 5323 Ἀφθαρσίας

353 5337 670 5411 μετασχεῖν,
702 5329 843 5388 ἀλλὰ
896 5329 957 5389 1‘0
987 5337 1257 5409 κρεῖττον,
1303 5330 1365 5391 τὸ
1394 5330 1533 5409 μετὰ
1564 5331 1767 5413 Κυρίου
1797 5323 1949 5390 εἶναι·

352 5421 528 5494 μεῖζον
556 5418 662 5499 γὰρ
693 5422 850 5479 τοῦτο
893 5422 988 5491 τῆς
1018 5419 1336 5500 ἀφθαρσίας.

2066 3275 2328 3330 Domino.
2377 3275 2501 3345 (Per
2547 3272 2714 3330 ﬁdem
2771 3274 2919 3330 enim
2974 3274 3363 3342 ambulamus,
3404 3291 3519 3331 non
3568 3291 3667 3348 per

2062 3363 2343 3434 speciem.)
2385 3362 2673 3419 Audemus
2713 3372 2934 3431 autem,
2979 3373 3034 3420 et
3071 3365 3277 3421 bonam
3322 3364 3663 3422 voluntatem

2064 3450 2332 3507 habemus
2361 3451 2537 3523 magis
2565 3451 2899 3523 peregrinari
2944 3467 2976 3507 a
3004 3467 3259 3523 corpore,
3290 3460 3346 3509 et
3372 3462 3665 3525 praesentes

2061 3555 2180 3597 esse
2206 3540 2276 3597 ad
2306 3541 2635 3595 Dominum.
2674 3563 2699 3587 ι
2726 3540 3066 3596 Couﬁrmare
3105 3542 3282 3614 pergit
3303 3543 3452 3613 quod
3496 3560 3661 3614 supra

2062 3630 2199 3688 dixit
2237 3648 2253 3686 :
2295 3645 2515 3701 nempe,
2554 3630 2702 3702 quod
2738 3630 2987 3686 Pericula
3018 3646 3128 3686 non
3160 3646 3464 3687 moramur.
3515 3636 3659 3689 Nam

2064 3719 2298 3793 pericula
2328 3727 2384 3774 et
2400 3728 2626 3788 mortes,
2658 3718 2853 3790 inquit,
2898 3734 3018 3774 rem
3046 3719 3205 3775 nobis
3232 3727 3482 3791 optatam
3522 3737 3655 3776 con-

2061 3809 2266 3876 ciliant,
2294 3808 2593 3877 nimirum,
2624 3807 3193 3880 incorruptibilitatem
3238 3818 3464 3881 propter
3492 3826 3657 3882 quam

2061 3898 2500 3971 ingemiscimus,
2527 3907 2582 3955 et
2607 3898 2834 3954 celerius
2853 3913 2955 3954 nos
2973 3898 3044 3955 ad
3074 3900 3382 3956 Dominum
3404 3909 3658 3956 nostrum

2062 3988 2389 4060 perducunt.
2430 4012 2455 4037 ι
2494 3988 2779 4045 Audentes
2806 3987 2973 4060 igitur
3002 4004 3248 4060 semper,
3284 4011 3308 4036 ι»
3338 3988 3391 4045 id
3420 3996 3522 4056 est,
3545 4004 3657 4045 non

2060 4086 2375 4134 metuentes
2437 4093 2615 4149 neque
2684 4078 3099 4149 persecutiones
3158 4093 3343 4151 neque
3404 4078 3656 4147 insidias,

2058 4182 2235 4239 neque
2282 4176 2511 4223 mortes.
2566 4166 2831 4240 Expende
2882 4175 3071 4223 autem
3120 4167 3468 4239 sapientiam,
3516 4184 3659 4242 quo-

2059 4254 2230 4312 modo
2278 4256 2502 4312 nomina
2532 4255 2731 4312 mortis
2766 4264 2819 4312 et
2866 4256 2993 4313 vitae
3054 4256 3379 4326 occultarit;
3432 4257 3661 4314 alteram

2063 4344 2289 4419 quidem
2321 4346 2671 4418 praesentiam
2727 4344 2877 4417 apud
2906 4346 3233 4415 Dominum,
3267 4348 3498 4404 alteram
3534 4364 3661 4403 vero

2070 4436 2563 4509 peregrinationem
2609 4453 2641 4493 a
2698 4436 2946 4493 Domino
2993 4435 3235 4504 faciens,
3280 4444 3344 4492 ut
3388 4452 3556 4493 nemo
3594 4437 3662 4494 de

2064 4535 2333 4597 praesente
2362 4527 2472 4582 vita
2518 4525 2773 4598 pendeat,
2820 4534 2881 4581 ut
2907 4540 3032 4597 quae
3066 4541 3094 4581 a
3121 4524 3366 4581 Domino
3400 4524 3658 4582 abducat.

2063 4615 2295 4684 Deinde,
2347 4632 2417 4672 ne
2453 4616 2577 4687 quis
2622 4614 2789 4683 dicat,
2832 4614 2977 4685 Quid
3012 4614 3180 4687 igitur
3239 4617 3262 4668 Ρ
3311 4629 3514 4685 corpus
3560 4630 3664 4672 nos

2062 4705 2272 4761 alienos
2298 4704 2426 4761 facit
2460 4721 2489 4760 a
2516 4708 2670 4762 Deo?
2701 4704 2935 4760 correxit
2964 4703 3088 4770 hoc,
3130 4702 3387 4776 inquiens
3424 4720 3438 4759 :
3492 4724 3517 4750 οι
3561 4705 3664 4760 Per

2065 4795 2231 4852 ﬁdem
2252 4796 2399 4851 enim
2428 4796 2798 4861 ambulamus,
2822 4811 2933 4850 non
2952 4810 3048 4867 per
3073 4794 3339 4865 speciem,
3369 4811 3399 4847 ››
3424 4791 3533 4850 hoc
3556 4802 3660 4862 est,

2065 4885 2153 4941 hic
2183 4886 2366 4957 ipsum
2396 4884 2622 4958 quidem
2659 4883 2935 4952 novimus,
2976 4883 3070 4940 sed
3111 4883 3329 4941 modice
3357 4883 3487 4949 (hoc
3514 4884 3663 4940 enim

2065 4984 2150 5032 est
2191 4998 2217 5024 α
2260 4977 2367 5031 Per
2419 4973 2629 5042 ﬁdem;
2666 4998 2691 5022 υ
2731 4990 2844 5029 non
2871 4973 3095 5045 quidem
3149 4972 3289 5030 facie
3326 4972 3395 5029 ad
3447 4971 3663 5043 faciem,

2065 5069 2217 5144 quod
2252 5073 2352 5136 est)
2392 5092 2416 5117 α
2443 5072 2550 5125 Per
2578 5068 2842 5141 speciem.
2875 5090 2901 5116 ι
2930 5068 3070 5123 Cum
3097 5076 3282 5124 autem
3310 5068 3428 5123 haec
3449 5067 3531 5123 sic
3573 5066 3673 5123 ha-

2068 5161 2251 5229 beant,
2278 5182 2303 5208 ι
2318 5160 2532 5215 Bonam
2555 5158 2893 5214 voluntatem
2916 5157 3208 5223 habemus,
3238 5180 3262 5205 ιο
3280 5156 3382 5211 hoc
3395 5164 3497 5225 est,
3511 5156 3667 5214 valde

2069 5250 2240 5322 269
2288 5248 2673 5306 desideramus
2718 5262 2918 5303 exuere
2949 5261 3148 5317 corpus
3174 5245 3300 5311 hoc,
3350 5252 3518 5317 atque
3551 5261 3671 5302 esse

2068 5354 2196 5396 cum
2242 5338 2506 5396 Domino.
2547 5339 2673 5393 Non
2710 5335 2847 5393 dixit
2896 5342 3115 5400 autem,
3185 5334 3668 5392 Immortalitatem

2066 5429 2283 5501 assequi
2316 5450 2329 5485 :
2363 5444 2558 5484 verum
2586 5426 2735 5499 quod
2765 5425 3115 5498 praestantius
3139 5432 3245 5492 est,
3271 5439 3399 5480 cum
3428 5425 3671 5481 Domino

2068 5534 2186 5577 esse
2213 5538 2229 5577 :
2270 5518 2377 5576 hoc
2405 5518 2552 5575 enim
2575 5516 2989 5575 immortalitate
3008 5514 3194 5587 majus
3211 5522 3323 5574 est.
3412 5514 3419 5517 ”

1744 5685 1940 5747 Varia
1979 5686 2284 5747 lectiones.

426 5782 475 5820 ⁷⁸
509 5783 700 5863 πάντας
731 5782 1004 5867 αἰνίττεται
1030 5799 1086 5842 o.
1165 5783 1212 5822 ⁷⁸
1236 5788 1406 5858 κτῆμα
1431 5800 1487 5844 o.
