4134 6428
443 487 537 544 851
1433 477 1950 537 THEOPHYLACTI
1985 475 2346 534 BULGARIE
2382 477 2696 535 ARCHIEP.

3639 481 3746 538 852

510 615 695 674 Vsns.
720 619 775 672 9.
814 635 840 662 σι
889 611 1019 669 ideo
1041 607 1448 677 contendimus,
1473 606 1584 662 sive
1615 605 1895 672 absentes,
1923 603 2034 660 sive

2232 630 2258 658 α
2293 603 2390 664 Διὸ
2433 603 2526 663 καὶ
2572 604 3012 686 φιλοτιμούμεθα,
3064 605 3170 686 εἴτε
3218 605 3588 680 ἐνδημοῦντες,
3642 606 3746 664 εἴτε

442 712 761 779 praesentes,
802 701 1021 776 placere
1050 698 1144 756 illi.
1188 721 1215 748 ι
1257 695 1418 768 Quod
1469 695 1736 768 quaeritur
1786 693 1894 750 hoc
1932 701 2036 759 est,

442 802 504 852 ut
543 793 650 868 ipsi
686 793 744 850 in
773 792 886 849 vita
941 790 1276 864 placeamus.
1334 789 1418 844 Ne
1469 785 1620 842 enim
1664 782 1897 840 audiens
1939 798 2036 855 pe-

443 882 875 956 regrinationem
935 895 966 937 a
1005 893 1260 951 corpore,
1307 875 1588 933 existimes
1638 873 1782 930 hanc
1829 872 1930 928 tibi
1970 871 2039 928 ad

445 973 680 1030 salutem
729 971 864 1028 satis
918 983 1042 1026 esse
1095 985 1110 1023 :
1161 965 1352 1034 Stude,
1383 964 1583 1038 inquit,
1624 963 1884 1034 probatus
1913 960 2041 1017 hinc

445 1059 707 1133 migrare,
750 1060 922 1115 vitam
957 1055 1227 1113 nimirum
1278 1058 1396 1112 Deo
1433 1052 1741 1125 placentem
1782 1049 2036 1107 vivendo.

513 1152 698 1206 Vnus.
741 1153 829 1206 10.
858 1171 886 1197 σι
917 1148 1126 1203 Omnes
1151 1144 1300 1201 enim
1327 1158 1432 1199 nos
1458 1139 1795 1198 manifestari
1827 1146 2044 1212 oportet

443 1246 569 1297 ante
603 1237 848 1294 tribunal
875 1235 1106 1294 Christi.
1148 1257 1174 1284 ao
1226 1236 1522 1290 Terrorem
1551 1230 1749 1287 incutit
1775 1229 1866 1286 hic
1889 1245 2043 1284 men-

440 1326 588 1386 tione
630 1327 776 1384 facta
820 1323 1097 1383 tremendi
1148 1323 1295 1380 illius
1345 1321 1656 1387 tribunalis,
1701 1327 1757 1376 et
1798 1334 1895 1392 per
1937 1317 2044 1374 hoc

445 1415 597 1490 quod
622 1416 717 1483 ait,
756 1439 780 1464 σ
814 1412 1150 1472 Manifestari
1178 1419 1415 1484 oportet.
1447 1433 1474 1459 ν
1503 1410 1692 1466 Nolito
1718 1409 1868 1465 enim
1897 1407 2046 1480 cogi-

445 1515 563 1563 tare
605 1504 756 1578 quod
819 1504 932 1561 illic
984 1502 1227 1576 parietes
1286 1508 1344 1557 et
1392 1501 1702 1556 velamenta
1755 1497 2046 1569 cordisque

446 1593 791 1668 profunditas
838 1593 922 1649 vel
979 1606 1178 1665 opera,
1227 1590 1312 1647 vel
1354 1588 1585 1647 consilia
1629 1587 1905 1657 occultet,
1948 1586 2044 1644 sed

446 1684 639 1742 omnia
667 1682 1113 1740 manifestantur.

519 1795 547 1823 σι
588 1773 674 1831 Ut
729 1777 975 1844 reportet
1026 1767 1403 1841 unusquisque
1461 1781 1524 1822 ea
1571 1781 1698 1839 quae
1742 1765 1883 1822 ﬁunt
1945 1779 2044 1838 per

443 1877 644 1935 corpus
668 1861 821 1936 juxta
837 1875 902 1918 ea
923 1873 1047 1932 qua
1069 1857 1214 1927 fecit,
1241 1857 1356 1914 sive
1375 1857 1610 1925 bonum,
1635 1856 1742 1912 sive
1758 1855 1989 1912 malum.
2014 1877 2038 1902 ιο

442 1954 551 2010 Per
597 1951 701 2009 ista
744 1965 840 2008 eos
898 1949 991 2023 qui
1044 1947 1186 2004 bene
1233 1955 1291 2003 et
1337 1953 1489 2003 recte
1541 1944 1794 2013 vixerint,
1849 1944 2044 2000 melius

442 2056 667 2114 sperare
733 2038 862 2096 facit
919 2059 934 2097 :
987 2037 1267 2110 segniores
1314 2043 1504 2093 autem
1545 2041 1761 2092 terrore
1812 2032 2044 2105 diligen-

443 2131 614 2188 tiores
683 2127 882 2186 reddit.
961 2128 1289 2186 Sermonem
1356 2133 1543 2181 autem
1618 2123 1686 2180 de
1745 2139 2043 2195 corporum

442 2219 848 2277 resurrectione
904 2217 1103 2273 iterum
1165 2213 1478 2272 conﬁrmat.
1529 2211 1695 2283 Quod
1755 2212 1907 2269 enim
1959 2213 2042 2269 vel

445 2308 607 2367 bonis
641 2307 726 2364 vel
770 2305 950 2380 pravis
1004 2303 1260 2378 operibus
1297 2303 1542 2360 inserviit
1592 2311 1757 2376 atque
1808 2302 2043 2359 obsecu-

444 2407 570 2456 tum
605 2404 710 2464 est,
738 2395 872 2453 illud
911 2395 1140 2452 omnino
1177 2394 1262 2451 vel
1315 2401 1612 2451 coronatur
1659 2393 1743 2450 vel
1781 2392 2034 2466 punitur.

445 2487 822 2546 Obstruuntur
857 2500 988 2558 ergo
1015 2485 1101 2541 vel
1126 2483 1256 2540 hinc
1286 2482 1673 2540 haereticorum
1703 2498 1820 2539 ora.

514 2579 700 2635 Vnus.
729 2581 818 2634 11.
867 2594 891 2627 ε
923 2574 1174 2632 Scientes
1202 2573 1372 2647 igitur
1397 2572 1664 2630 timorem
1701 2571 1824 2643 Dei,
1866 2571 2045 2628 bomi-

441 2666 603 2724 nibus
639 2665 934 2723 suademus
980 2684 996 2720 :
1027 2667 1146 2720 Deo
1192 2672 1379 2721 autem
1406 2661 1742 2719 manifestati
1799 2677 1994 2719 sumus
2024 2679 2038 2718 :

445 2771 606 2828 spero
645 2763 829 2811 autem
878 2761 934 2810 et
979 2752 1324 2810 conscientiis
1361 2751 1553 2808 vestris
1582 2751 1905 2808 manifestos
1942 2765 2046 2806 nos

445 2859 582 2902 esse.
615 2866 643 2893 ιι
693 2843 957 2912 Scientes,
984 2843 1187 2915 inquit,
1219 2841 1574 2898 tremendum
1607 2841 1740 2896 illud
1780 2839 2043 2906 tribunal,

447 2934 635 2992 omnia
657 2933 896 3006 agimus,
925 2948 996 2989 ne
1019 2930 1339 2988 scandalum
1377 2946 1649 3003 ponamus
1694 2929 2044 2986 mortalibus.

447 3027 570 3081 Hoc
597 3022 744 3080 enim
774 3030 858 3078 est
895 3021 1047 3094 quod
1092 3021 1185 3089 ait,
1221 3043 1248 3070 ι
1279 3020 1610 3077 Hominibus
1651 3019 1971 3076 suademus.
2016 3041 2042 3068 ιι

447 3112 554 3170 hoc
591 3118 696 3180 est,
748 3109 1120 3169 Offendiculis
1176 3107 1488 3165 medemur.
1546 3109 1663 3164 Etsi
1712 3110 1862 3165 enim
1918 3107 2044 3164 mali

2145 695 2518 772 ἐκδημοῦντες,
2560 685 2835 774 εὐάρεστοι
2869 697 3014 776 αὐτῷ
3050 685 3208 758 εἶναι.
3237 715 3270 754 n
3305 697 3387 756 Τὸ
3426 695 3744 774 ζητούμενον

2145 783 2302 842 τοῦτό
2351 787 2493 857 ἐστι,
2542 784 2603 843 τὸ
2645 783 2942 865 εὐαρέστως
2995 788 3140 866 αὐτῷ
3187 788 3298 865 ζῇν.
3349 781 3477 846 Ἵνα
3517 785 3622 865 γὰρ
3671 787 3746 862 μὴ

2148 871 2406 951 ἐκδημίαν
2454 873 2715 950 ἀκούσας,
2763 875 2986 956 νομίσῃς
3031 877 3211 953 ἀρκεῖν
3249 897 3333 934 σοι
3382 873 3584 946 ταύτην
3615 875 3745 954 πρὸς

2148 963 2450 1043 σωτηρίαν,
2501 964 2684 1044 φησὶν,
2736 962 2818 1022 ὅτι
2867 965 3181 1025 Σπούδασον
3237 963 3517 1041 εὐδόκιμος
3583 965 3748 1023 ἀπελ-

2148 1057 2277 1127 θεῖν,
2311 1052 2397 1111 διὰ
2428 1057 2520 1112 τοῦ
2555 1055 2782 1113 ἐνταῦθα
2812 1053 3108 1135 εὐαρέστως
3137 1056 3280 1134 αὐτῷ
3314 1057 3528 1132 βιῶσαι.

2237 1163 2266 1200 ε
2297 1142 2434 1209 Τοὺς
2458 1141 2562 1222 γὰρ
2599 1143 2802 1210 πάντας
2845 1147 2989 1221 ἡμᾶς
3020 1148 3388 1226 φανερωθῆναῖ
3424 1145 3502 1202 δεῖ
3551 1142 3752 1225 ἔμπρο-

2151 1237 2272 1293 σθεν
2313 1237 2408 1292 τοῦ
2439 1232 2682 1312 βήματος
2719 1237 2812 1292 τοῦ
2843 1235 3096 1314 Χριστοῦ.
3132 1259 3159 1287 ι
3193 1233 3372 1294 Φοϐεῖ
3419 1234 3642 1292 ἐνταῦθα

2149 1322 2448 1398 ὑπομνήσει
2500 1327 2594 1380 τοῦ
2649 1322 2878 1404 φοϐεροῦ
2935 1322 3140 1382 ἐκείνου
3195 1321 3465 1402 βήματος,
3528 1321 3620 1381 καὶ
3673 1325 3752 1403 τῷ

2152 1413 2347 1485 εἰπεῖν,
2387 1434 2419 1468 α
2449 1413 2842 1492 Φανερωθῆναι
2867 1413 2965 1472 δεῖ.
3005 1438 3032 1466 ι
3069 1412 3169 1485 Μὴ
3199 1412 3303 1492 γὰρ
3340 1411 3644 1488 ὑπολάϐῃς,
3671 1411 3754 1471 δτι

2151 1501 2260 1560 ἐκεῖ
2287 1509 2496 1582 τοῖχοι,
2526 1501 2620 1560 καὶ
2661 1501 3169 1580 παραπετάσματα,
3215 1501 3308 1560 καὶ
3351 1501 3583 1580 βαθύτης
3623 1524 3754 1580 καρ-

2155 1590 2270 1659 δίας
2301 1589 2696 1670 ἀποκρύπτειῆ
2741 1590 2811 1648 τὰ
2852 1590 3005 1671 ἔργα,
3047 1589 3084 1664 ἢ
3116 1589 3183 1651 τὰ
3225 1589 3584 1671 βουλεύματα,
3618 1589 3756 1651 ἀλλὰ

2154 1680 2331 1740 πάντα
2375 1685 2724 1762 φανεροῦνται
2736 1728 2748 1740 .

2235 1797 2258 1822 ιι
2289 1767 2414 1830 Ἵνα
2441 1767 2731 1848 κομίσηται
2757 1768 2980 1838 ἕκαστος
3003 1768 3071 1828 τὰ
3106 1767 3195 1828 διὰ
3225 1772 3318 1828 τοῦ
3348 1767 3596 1846 σώματος
3623 1768 3755 1850 πρὸς

2155 1859 2190 1918 ἃ
2232 1857 2486 1942 ἔπραξεν,
2535 1859 2640 1917 εἴτε
2680 1860 2897 1938 ἀγαθὸν,
2950 1858 3060 1919 εἴτε
3108 1857 3292 1919 κακόν.
3334 1880 3365 1917 n
3407 1857 3510 1920 Διὰ
3551 1857 3752 1918 τούτων

2082 1927 2129 1991 Β
2155 1947 2276 2017 τοὺς
2306 1927 2420 2023 ’μὲν
2471 1927 2911 2028 ⁷κοιτωρθιιύκςίταγς
2975 1951 3179 2026 μᾶλλον
3243 1948 3524 2016 εὐέλπιδας
3594 1950 3754 2008 ποιεῖ·

2152 2037 2270 2105 τοὺς
2300 2039 2355 2097 δὲ
2400 2037 2792 2120 ῥᾳθυμοτέρους
2821 2039 3264 2118 σπουδαιοτέρους
3299 2041 3375 2119 τῷ
3421 2037 3589 2119 φόϐῳ.
3643 2040 3750 2098 Βε-

2154 2126 2298 2186 ϐαιοῖ
2334 2126 2391 2186 δὲ
2435 2127 2528 2188 καὶ
2563 2128 2652 2188 τὸν
2681 2129 2804 2208 περὶ
2835 2133 2932 2201 τῆς
2962 2127 3305 2196 ἀναστάσεως
3350 2130 3456 2186 τῶν
3486 2125 3753 2204 σωμάτων

2154 2217 2330 2296 λόγον’
2381 2216 2443 2277 τὸ
2499 2215 2604 2296 γὰρ
2658 2219 3143 2296 διακονησάμενον,
3197 2216 3303 2278 εἴτε
3349 2224 3458 2286 τοῖς
3513 2218 3755 2298 ἀγαθοῖς,

2153 2305 2258 2366 εἴτε
2309 2314 2420 2374 τοῖς
2467 2307 2687 2388 φαύλοις
2743 2306 2936 2388 ἔργοις,
2980 2309 3148 2367 ἐκεῖνο
3199 2306 3413 2388 πάντως
3465 2305 3501 2379 ἢ
3562 2329 3756 2386 στεφα-

2151 2401 2358 2471 νοῦται,
2407 2397 2443 2470 ἣ
2482 2387 2792 2466 κολάζεται.
2851 2397 3285 2479 Ἐμφράττονται
3337 2387 3428 2456 οὖν
3473 2397 3755 2456 κάντεῦθεν

2149 2490 2254 2547 τῶν
2286 2489 2565 2564 αἱρετικῶν
2595 2488 2661 2546 τὰ
2697 2486 2965 2563 στόματα.

2239 2602 2266 2630 α
2323 2576 2538 2643 Εἷδότες
2589 2565 2679 2634 οῦν
2725 2576 2814 2635 τὸν
2861 2573 3024 2657 φόϐον
3073 2578 3167 2633 τοῦ
3221 2575 3394 2649 Θεοῦ,
3448 2574 3756 2654 ἀνθρώπους

2153 2665 2422 2742 πείθομενο
2462 2668 2590 2746 Θεῷ
2641 2665 2694 2726 δὲ
2742 2663 3182 2746 πεφανερώμεθα·
3232 2663 3429 2734 ἐλπίζω
3464 2663 3519 2722 δὲ
3565 2664 3658 2723 καὶ
3703 2665 3755 2721 ἐν

2156 2763 2273 2821 ταῖς
2326 2754 2688 2824 συνειδήσεσιν
2745 2757 2895 2832 ὐμῶν
2943 2757 3372 2834 πεφανερῶσθαι.
3427 2777 3459 2810 ιι
3511 2753 3758 2825 Εἶδότεξ,

2154 2845 2310 2927 φησὶ,
2339 2843 2398 2903 τὸ
2430 2842 2775 2922 δικαστήριον
2803 2845 2974 2902 ἐκεῖνο
3015 2843 3077 2902 τὸ
3106 2843 3354 2924 φοϐερὸν,
3385 2843 3564 2903 πάντα
3593 2843 3762 2922 πράτ-

2153 2956 2312 3011 τομεν
2335 2979 2351 3007 ,
2384 2933 2522 2992 ὥστε
2555 2931 2632 3009 μὴ
2678 2931 3032 2992 σκανδαλίσαι
3081 2931 3199 2999 τοὺς
3229 2933 3551 3014 ἀνθρώπους·
3603 2939 3755 2992 τοῦτο

2155 3023 2258 3103 γάρ
2287 3025 2400 3082 ἐστι
2427 3023 2506 3095 τὸ,
2541 3049 2566 3076 ιι
2597 3021 2925 3103 Ἀνθρώπους
2966 3021 3240 3100 πείθομεν,
3279 3044 3310 3081 n
3359 3023 3479 3081 ἀντὶ
3511 3027 3628 3098 τοῦ,
3665 3022 3755 3083 Τὰ

2153 3114 2425 3172 σκάνδαλα
2474 3111 2855 3193 θεραπεύομεν.
2893 3111 3010 3172 Κᾶν
3062 3112 3164 3193 γὰρ
3194 3113 3362 3171 κακόν
3394 3135 3444 3170 τι
3483 3115 3556 3190 μὴ
3590 3112 3759 3191 πράτ-

445 3201 745 3276 quidquam
813 3215 926 3256 non
975 3214 1295 3271 operemur,
1359 3205 1416 3254 et
1472 3197 1691 3254 interim
1754 3197 2045 3270 suSpicioni

2156 3226 2355 3279 τωμεν,
2400 3201 2632 3284 ὑποψίαν
2665 3202 2722 3260 δὲ
2747 3201 3108 3282 παρέχωμεν,
3137 3201 3228 3261 καὶ
3273 3202 3553 3280 δυνάμενοι
3594 3203 3756 3260 λῦσαι

447 3307 642 3348 ansam
708 3289 1087 3364 praebeamus,
1149 3303 1252 3345 nec
1322 3303 1706 3344 removeamus
1753 3287 2048 3356 scandala,

447 3396 575 3438 cum
623 3379 902 3452 possimus
931 3387 1138 3448 tamen,
1192 3377 1650 3435 condemnamur.
1703 3379 1821 3432 Deo
1865 3385 2051 3433 autem

451 3469 718 3543 perspecti
767 3483 980 3535 sumus,
1035 3467 1128 3539 qui
1169 3468 1378 3539 optime
1424 3465 1593 3522 etiam
1646 3467 1797 3522 novit
1833 3468 2052 3539 qualem

449 3561 574 3618 vita:
613 3559 888 3616 rationem
934 3557 1242 3615 habeamus
1284 3576 1298 3614 :
1367 3572 1546 3628 neque
1581 3572 1720 3629 opus
1750 3564 1833 3612 est
1861 3565 1920 3612 ut
1947 3555 2052 3630 ipsi

445 3649 760 3718 suademus,
793 3656 986 3720 utpote
1036 3647 1131 3721 qui
1161 3645 1646 3704 scandalizaretur.
1701 3646 1874 3704 Vobis
1919 3646 2051 3703 item

447 3737 780 3796 manifestati
815 3754 1032 3807 sumus,
1061 3737 1264 3812 quippe
1295 3737 1391 3810 qui
1441 3735 1628 3793 omnia
1667 3743 1855 3792 nostra
1884 3736 2054 3808 probe

443 3828 696 3886 teneatis.
740 3827 910 3886 Vobis
962 3827 1132 3898 igitur
1176 3825 1508 3899 persuadere
1567 3841 1686 3882 non
1751 3824 2050 3895 debemus,

445 3935 543 3976 ceu
596 3918 655 3974 in
694 3917 854 3975 nobis
883 3915 1208 3974 scandalum
1233 3915 1424 3988 passis.

513 4009 694 4065 Vnus.
727 4013 814 4063 12.
860 4029 886 4056 ιι
913 4008 1038 4062 Non
1065 4005 1216 4061 enim
1243 4019 1436 4062 rursus
1465 4020 1570 4062 nos
1589 4005 1739 4078 ipsos
1765 4020 2053 4062 commen-

445 4099 643 4154 damus
659 4095 837 4164 vobis,
857 4094 957 4151 sed
987 4095 1337 4151 occasionem
1361 4094 1559 4151 damus
1582 4095 1740 4151 vobis
1765 4093 2048 4167 gloriandi

445 4185 516 4243 de
555 4184 736 4241 nobis.
786 4207 813 4233 ι
853 4182 1139 4241 Gloriandi
1178 4183 1554 4256 suspicionem
1615 4182 1912 4240 confestim
1957 4184 2054 4240 de—

449 4273 608 4342 terit,
660 4271 746 4329 Ad
791 4271 925 4339 bos,
979 4271 1262 4344 inquiens,
1333 4287 1620 4329 sermones
1668 4273 2050 4345 pervenimus,

449 4378 562 4419 non
605 4369 672 4418 ut
724 4377 829 4419 nos
868 4362 1015 4434 ipsos
1042 4361 1525 4433 commendemus,
1567 4361 1673 4419 hoc
1701 4370 1804 4430 est,
1837 4362 2057 4419 attolla-

452 4467 596 4521 mus,
629 4451 713 4508 vel
759 4452 1052 4525 preeconiis
1103 4450 1426 4520 evehamus,
1457 4468 1646 4509 verum
1683 4459 1747 4508 ut
1779 4451 1940 4508 vobis
1981 4451 2051 4508 de

452 4541 612 4598 nobis
655 4541 799 4615 apud
837 4540 1314 4614 pseudapostolos,
1343 4542 1434 4614 qui
1455 4557 1558 4598 nos
1588 4541 1940 4598 contumeliis
1963 4541 2052 4598 di-

454 4633 713 4700 lacerant,
754 4630 1027 4705 gloriandi
1072 4639 1129 4687 et
1151 4629 1399 4704 jactandi
1450 4647 1646 4688 ansam
1685 4629 2048 4705 prmbeamus.

531 4835 558 4861 ι
597 4814 680 4870 Ut
715 4811 965 4868 habeatis
999 4811 1070 4868 ad
1094 4827 1189 4869 eos
1227 4813 1398 4885 quiin
1439 4812 1581 4870 {acie
1628 4813 1956 4885 gloriantur,
1999 4824 2054 4870 et

451 4917 563 4959 non
605 4901 659 4958 in
689 4903 873 4958 corde.
908 4926 933 4952 η
985 4905 1070 4961 Ut
1108 4901 1352 4960 habeatis
1403 4903 1549 4975 quod
1599 4902 1796 4960 dicatis
1831 4913 1890 4961 et
1939 4904 2051 4978 glo-

448 4991 664 5049 riemini
715 4990 787 5048 de
835 4991 999 5048 nobis
1058 4991 1208 5064 apud
1252 4992 1736 5064 pseudapostolos,
1793 5015 1818 5042 α
1851 4995 1943 5066 qui
1995 4995 2052 5050 in

452 5080 585 5138 facie
646 5080 1050 5154 gloriabantur,
1120 5103 1146 5130 ιι
1203 5080 1310 5137 hoc
1372 5089 1493 5150 est,
1545 5081 1604 5137 in
1653 5081 1742 5138 his
1811 5097 1936 5156 qum
1981 5082 2050 5140 ad

450 5171 880 5228 ostentationem
925 5169 1223 5240 faciebant,
1267 5171 1438 5242 270
1480 5179 1537 5227 et
1581 5170 1766 5243 quoad
1811 5173 2046 5229 vultum.

449 5259 772 5317 Istiusmodi
827 5261 983 5317 enim
1044 5268 1228 5332 erant,
1285 5274 1488 5332 nempe
1545 5259 1766 5332 pietatis
1800 5281 1814 5291 '
1842 5262 2048 5319 larvam

448 5349 876 5422 praetendentes,
919 5357 1164 5406 attamen
1213 5349 1342 5406 boni
1383 5349 1626 5406 nihilum
1671 5351 1729 5406 in
1758 5350 1924 5408 corde
1953 5367 2048 5425 ge-

445 5445 675 5496 stantes.
702 5441 829 5496 Non
855 5453 1078 5512 semper
1106 5447 1298 5496 autem
1326 5437 1546 5512 gloriari
1567 5438 1750 5513 jubet,
1779 5439 1878 5497 sed
1919 5457 2044 5498 cum

441 5527 519 5585 illi
547 5541 670 5584 sese
696 5527 1009 5585 extulerint.

510 5616 690 5674 Vsus.
743 5625 830 5676 13.
875 5641 902 5666 ι
947 5617 1068 5675 Sive
1097 5619 1250 5676 enim
1283 5627 1468 5676 mente
1497 5617 1852 5688 excessimus,
1881 5622 2042 5678 Deo:

439 5705 561 5762 sive
588 5705 760 5763 sobrii
787 5721 1002 5776 sumus,
1042 5708 1222 5765 vobis.
1257 5731 1286 5758 ι
1313 5709 1439 5766 Sive
1481 5724 1753 5780 magnum
1779 5708 2044 5782 quiddam

2157 3289 2218 3349 τὸ
2263 3291 2584 3368 σκάνδαλον,
2639 3292 2698 3350 οὐ
2739 3291 2983 3368 λύωμεν,
3019 3292 3468 3372 κατακρινόμεθα·
3510 3294 3586 3372 τῷ
3635 3292 3758 3368 μέν·

2157 3315 2218 3349 το
2263 3315 2584 3368 σκανοαΛον,
2639 3316 2698 3350 ου
2741 3315 2983 3368 Λυωμεν,
3019 3315 3192 3350 κατακ
3233 3315 3468 3366 ινομευα·
3510 3315 3586 3372 τῳ
3635 3315 3757 3368 μεν-

2157 3404 2239 3438 τοι
2273 3383 2399 3460 Θεῷ
2429 3381 2646 3462 φανεροί
2676 3383 2868 3458 ἐσμεν,
2908 3383 3151 3449 κάκεῖνος
3179 3315 3286 3440 οἵδε
3327 3384 3442 3448 πῶς
3487 3381 3757 3459 διάγομεν·

2158 3471 2250 3531 καὶ
2279 3473 2425 3532 οὐδὲν
2470 3473 2550 3532 δεῖ
2595 3472 2795 3532 πείθειν
2842 3473 3078 3547 ἐκεῖνον,
3118 3475 3189 3540 ὡς
3219 3476 3372 3545 δῆθεν
3413 3472 3760 3542 σκανδαλιζό-

2160 3585 2335 3638 μενον.
2395 3561 2506 3623 Καὶ
2556 3563 2682 3637 ὑμῖν
2732 3562 2787 3620 δὲ
2841 3562 3290 3642 πεφανερώμεθα,
3339 3565 3408 3630 ὡς
3463 3563 3635 3622 πάντα
3689 3562 3759 3620 τὰ

2158 3650 2396 3732 ἡμέτερα
2432 3653 2612 3718 καλῶς
2641 3651 2858 3714 εἰδόσιν.
2891 3653 3010 3713 Οὐκ
3050 3645 3139 3710 οὖν
3173 3655 3252 3711 δεῖ
3279 3651 3478 3710 πείθειν
3506 3654 3644 3730 ὓμᾶς
3687 3654 3761 3718 ὡς

2160 3742 2665 3808 σκανδαλισθέντας.

2244 4035 2265 4056 ι
2296 4010 2380 4068 Οὐ
2422 4008 2527 4090 γὰρ
2555 4007 2720 4065 πάλιν
2770 4003 2988 4072 ἑαυτοὺς
3017 4004 3397 4083 συνιστάνομεν
3445 4008 3594 4081 ὑμῖν,
3640 4005 3758 4063 ἀλλ’

2160 4096 2402 4175 ἀφορμὴν
2462 4097 2686 4162 διδόντες
2741 4095 2864 4172 ὖμῖν
2916 4095 3268 4174 καυχήματος
3311 4094 3440 4175 ὑπὲρ
3491 4098 3671 4172 ἡμῶν.
3723 4118 3754 4152 n

2160 4186 2408 4266 Συνεχῶς
2481 4185 2826 4263 ἀποτρίϐεται
2892 4184 2988 4251 τὴν
3044 4192 3136 4244 τοῦ
3209 4187 3380 4243 δοκεῖν
3451 4188 3760 4264 καυχᾶσθαι

2157 4273 2440 4354 ὑπόνοιαν,
2497 4275 2590 4335 καί
2637 4296 2826 4354 φησιν,
2882 4272 2963 4330 ὅτι
3022 4275 3116 4341 Εἰς
3151 4272 3364 4339 τούτους
3413 4271 3532 4340 τοὺς
3577 4273 3763 4349 λόγους

2159 4363 2427 4443 ἤλθομεν,
2465 4369 2565 4446 οὐχ
2597 4362 2812 4429 ἑαυτοὺς
2855 4366 3228 4435 συνιστῶντες,
3271 4362 3564 4440 τουτέστιν,
3611 4363 3762 4420 ἐπαί-

2160 4455 2415 4534 ροντες,ἢ
2457 4453 2901 4534 ἐγκωμιάζοντες,
2951 4452 3071 4512 ἀλλ’
3117 4458 3242 4529 ὑμῖν
3293 4451 3540 4531 ἀφορμὴν
3584 4451 3759 4528 παρέ-

2093 4565 2342 4642 ῡχοντες
2419 4550 2511 4642 τοῦ
2586 4549 2891 4642 καυχᾶσθαι
2969 4540 3573 4642 καὶικαλλωπίζεσθαι,
3627 4541 3760 4620 ὓπὲρ

2161 4637 2318 4705 ἡμῶν
2376 4633 2506 4716 πρὸς
2563 4631 2680 4700 τοὺς
2755 4629 3232 4712 ψευδαποστόλους,
3299 4627 3350 4689 οἳ
3423 4628 3757 4709 διασύρουσιν

2163 4726 2322 4803 ὑμᾶς.
3663 4791 3672 4802 ο

2245 4839 2269 4866 ι
2295 4811 2413 4875 Ἵνα
2443 4813 2602 4894 ἔχητε
2645 4811 2774 4891 πρὸς
2802 4809 2923 4877 τοὺς
2968 4812 3022 4868 ἐν
3055 4808 3328 4891 προσώπῳ
3357 4808 3757 4889 καυχωμένους,

2161 4901 2254 4962 καὶ
2282 4905 2342 4960 οὐ
2381 4901 2593 4984 καρδίᾳ.
2629 4928 2651 4954 ιι
2690 4899 2812 4962 Ἵνα
2839 4897 3001 4981 ἔχητέ
3029 4924 3082 4958 τι
3111 4899 3282 4978 λέγειν
3314 4899 3404 4958 καὶ
3453 4905 3759 4978 καυχᾶσθαι

2159 4991 2294 5074 ὗπὲρ
2324 4996 2479 5069 ἡμῶν
2508 4991 2638 5072 πρὸς
2682 4988 2801 5057 τοὺς
2844 4990 3323 5070 ψευδαποστόλους,
3365 5011 3394 5047 (ι
3429 4988 3480 5047 οἳ
3514 4991 3564 5046 ἓν
3596 5011 3759 5068 προσ·

2159 5079 2291 5162 ώπῳ
2341 5083 2667 5161 ἐκαυχῶντο⁶
2721 5105 2746 5132 ιι
2793 5079 3081 5156 τουτέστιν,
3135 5080 3188 5138 ἓν
3234 5081 3342 5145 τοῖς
3394 5077 3522 5158 πρὸς
3572 5079 3760 5162 ἐπίδει·

2160 5157 2274 5244 ξιν,
2313 5173 2367 5231 ἐν
2427 5157 2536 5239 τοῖς
2581 5169 2718 5229 κατὰ
2785 5168 3091 5248 πρόσωπον.
3140 5169 3388 5228 Τοιοῦτοι
3433 5157 3538 5246 γὰρ
3601 5157 3758 5237 ἦσαν·

2158 5259 2438 5327 εὐλαϐείας
2502 5258 2597 5338 μὲν
2652 5259 2861 5338 ἔχοντες
2908 5259 3277 5337 προσωπεῖον,
3341 5259 3396 5315 ἐν
3461 5255 3514 5314 δὲ
3563 5255 3758 5334 καρδίᾳ

2155 5350 2304 5410 οὐδὲν
2334 5351 2577 5430 φέροντες
2605 5349 2829 5428 ἀγαθόν.
2861 5349 2978 5408 Οὐκ
3004 5346 3086 5406 ἀεὶ
3116 5345 3172 5405 δὲ
3195 5351 3502 5428 καυχᾶσθαι
3534 5343 3758 5416 κελεύει,

2157 5437 2275 5498 ἀλλ’
2317 5440 2444 5499 ὅταν
2472 5441 2664 5498 ἐκεῖνοι
2689 5436 2906 5504 ἑαυτοὺς
2930 5435 3262 5518 ἐπαίρουσιν.

2234 5639 2260 5666 α
2307 5609 2439 5672 Εἴτε
2487 5607 2593 5690 γὰρ
2639 5607 2946 5686 ἐξέστημεν,
3002 5609 3150 5688 Θεῷ⁶
3195 5606 3300 5666 εἴτε
3341 5609 3755 5687 σωφρονοῦμεν,

2151 5701 2294 5780 ὑμῖν.
2330 5727 2354 5754 υ
2401 5698 2496 5760 Ἂν
2527 5698 2587 5758 τέ
2636 5721 2689 5757 τι
2741 5699 2881 5778 μέγα
2925 5695 3276 5780 φθεγγώμεθα
3322 5695 3598 5777 (ἔκστασιν
3649 5691 3758 5774 γὰρ

435 5793 720 5879 loquimur
749 5796 1007 5866 (extasin
1071 5799 1220 5863 enim
1276 5797 1424 5856 istud
1473 5809 1652 5873 vocat,
1703 5797 1930 5875 perinde
1978 5815 2043 5858 ac

2151 5795 2306 5852 τοῦτο
2355 5791 2526 5870 καλεῖ,
2586 5788 2768 5868 ὥσπερ
2825 5786 2918 5848 καὶ
2966 5789 3208 5868 ἀλλαχοῦ
3253 5783 3606 5868 ἀφροσύνην),
3663 5782 3755 5848 διὰ
