4134 6412
393 455 499 511 853

1279 451 1635 511 EXPOSITIO
1678 457 1741 510 ΙΝ
1784 455 1997 512 EPIST.
2041 457 2083 512 ll
2122 457 2215 512 AD
2255 455 2413 513 COR.
2454 487 2523 500 —
2560 458 2709 514 CAP.
2752 461 2817 514 V.

3599 468 3703 523 854

392 579 484 641 τὸν
531 580 672 642 Θεὸν
723 583 878 639 τοῦτο
920 582 1197 654 ποιοῦμεν,
1241 576 1330 638 ἵνα
1380 579 1458 657 μὴ
1496 581 1648 656 ῧμεῖς
1701 583 1996 657 νομίζοντες

2108 581 2256 651 alibi,
2301 581 2717 654 insipientiam),
2790 583 2911 653 Dei,
2962 585 3160 658 inquit,
3218 587 3356 645 istuc
3411 606 3573 647 causa
3629 590 3706 649 fa-

393 675 537 747 ἡμᾶς
566 672 793 737 εὐτελεῖς
810 713 827 742 ,
861 672 1268 749 καταφρονῆτε,
1295 668 1389 728 καὶ
1431 670 1736 730 ἀπόλλυσθε
1761 670 1837 752 [Γ.
1865 671 1996 732 ἀπό-

397 760 607 838 λησθε]·
641 760 705 817 ἀν
751 760 809 817 τέ
843 782 897 817 τι
949 756 1160 837 μέτριον
1191 757 1285 817 καὶ
1332 759 1581 819 ταπεινὸν
1612 759 1881 833 εἴπωμεν,
1927 761 1996 820 δι’

394 852 551 924 ὑμᾶς,
579 848 667 906 ἵνα
697 847 900 925 μάθητε
928 858 1375 928 ταπεινοφρονεῖν.
1444 845 1527 909 Ἢ
1569 850 1659 908 καὶ
1695 850 1888 918 ἄλλωςο
1928 853 1995 912 Ei

395 940 494 1016 μὲν
544 936 829 1013 μαίνεσθαί
866 961 945 1005 τις
994 942 1137 1015 ἡμᾶς
1185 937 1493 1010 ὕποπτεύει,
1541 940 1690 1018 παρὰ
1720 941 1862 1000 Θεοῦ
1896 938 1995 998 τὸν

396 1027 583 1105 μισθὸν
645 1028 1010 1107 ἐκδεχόμεθα,
1077 1026 1211 1107 ὑπὲρ
1275 1017 1348 1084 ὧν
1421 1027 1510 1086 ἐπὶ
1576 1036 1682 1095 τοῖς
1744 1030 1996 1097 τοιούτοις

393 1115 820 1191 ὖποπτευόμεθα’
852 1118 899 1175 εἰ
940 1114 997 1175 δὲ
1043 1119 1333 1196 σωφρονεῖν
1381 1120 1612 1194 ἡγεῖται,
1655 1117 1809 1184 αὐτὸς
1857 1121 1995 1179 ἀπο·

392 1207 603 1267 λαυέτω
650 1210 745 1279 τῆς
788 1206 849 1265 ἐκ
909 1210 1003 1265 τοῦ
1049 1207 1337 1286 σωφρονεῖν
1386 1210 1530 1281 ἡμᾶς
1576 1207 1856 1286 ὠφελείας.
1913 1206 1993 1270 ’Ἡ

394 1296 487 1355 καὶ
538 1297 730 1362 ἄλλωςο
762 1297 831 1355 Ei
876 1296 1197 1372 μαινόμεθα,
1252 1296 1340 1355 διὰ
1390 1297 1477 1356 τὸν
1522 1297 1658 1357 Θεὸν
1695 1298 1994 1374 μαινόμεθα

391 1390 633 1460 τοιαῦτα,
678 1383 767 1445 ἵνα
796 1390 940 1461 ἡμᾶς
991 1387 1138 1465 αὐτῷ
1188 1386 1653 1464 παραστήσωμεν.
1704 1386 1995 1462 Ἐμαίνετο

394 1476 452 1535 δὲ
502 1474 606 1555 ἄρα
636 1479 663 1534 ὁ
708 1478 926 1540 Παῦλος
968 1475 1162 1548 μανίαν
1210 1474 1496 1555 ἐρωτικὴν,
1538 1481 1633 1534 τοῦ
1660 1478 1802 1537 Θεοῦ
1834 1480 1992 1556 ἐρῶν,

394 1564 488 1623 καὶ
516 1568 586 1631 ὡς
612 1564 838 1643 ἐραστὴς
869 1563 1056 1645 ἐκείνῳ
1094 1568 1196 1633 ζῶν
1216 1610 1235 1639 ,
1270 1567 1345 1644 τῷ
1396 1564 1670 1647 ἐρωμένῳ,
1714 1566 1873 1644 φημὶ,
1906 1566 1996 1625 καὶ

394 1652 585 1720 ἐκστὰς
614 1657 829 1732 ἑαυτοῦ,
858 1654 946 1711 καὶ
972 1652 1092 1721 ὅλος
1116 1654 1248 1735 πρὸς
1277 1653 1366 1713 τὸν
1396 1654 1536 1714 Θεὸν
1568 1656 1859 1730 μεταστὰς,
1904 1656 1996 1715 καὶ

394 1744 458 1802 οὐ
498 1741 595 1811 τὴν
620 1746 808 1802 ἑαυτοῦ
839 1746 942 1812 ζῶν
970 1744 1136 1819 ζωὴν,
1182 1742 1321 1801 ἀλλὰ
1348 1742 1445 1815 τὴν
1476 1749 1567 1802 τοῦ
1596 1745 1861 1825 ἐρωμένου
1880 1790 1896 1817 ,
1927 1748 1998 1813 ὡς

396 1834 600 1913 σφόδρα
631 1834 887 1912 ἐρωτικὴν
914 1831 1033 1904 ἤτοι
1079 1833 1387 1909 ἀγαπητήν.
1438 1835 1506 1893 Ei
1548 1826 1637 1892 οὐν
1685 1833 1992 1912 ἐξέστημεν,

397 1920 575 2002 φησὶν,
604 1924 803 1995 αὐτῶν,
830 1924 908 2003 τῷ
952 1922 1079 2003 Θεῷ
1102 1922 1317 1991 πάντως
1359 1921 1674 1999 ἐξέστημεν,
1716 1924 1834 1983 ἀντὶ
1877 1928 1991 1997 τοῦ,

397 2011 487 2070 διὰ
517 2011 606 2070 τὸν
630 2012 788 2072 Θεόν.

478 2220 502 2243 ι
529 2189 601 2253 Ἥ
627 2192 730 2272 γὰρ
756 2191 942 2270 ἀγάπη
972 2195 1064 2251 τοῦ
1092 2194 1328 2273 Χριστοῦ
1367 2193 1421 2232 ⁷⁷
1453 2191 1660 2272 συνέχει
1685 2195 1852 2269 ἡμᾶς,
1881 2194 1999 2273 κρί-

392 2305 583 2350 ναντας
637 2286 816 2357 τοῦτο,
864 2280 946 2341 ὅτι
989 2283 1034 2340 εἶ
1101 2272 1173 2349 εἶς
1236 2283 1369 2364 ὑπὲρ
1424 2282 1643 2342 πάντων
1708 2272 1990 2359 ἀπέθανεν,

394 2371 503 2454 ἄρα
552 2373 599 2431 οἱ
660 2372 854 2441 πάντες
926 2370 1212 2432 ἀπέθανον
1280 2370 1370 2430 ἵνα
1442 2376 1490 2431 οἱ
1556 2376 1748 2441 ζῶντες
1805 2373 1998 2450 μηκέτι

394 2462 597 2527 ἑαυτοῖς
620 2464 802 2537 ζῶσιν,
844 2460 983 2521 ἀλλὰ
1026 2464 1101 2542 τῷ
1149 2461 1281 2542 ὑπὲρ
1327 2466 1501 2521 αὐτῶν
1542 2462 1863 2519 ἀποθανόντι
1906 2462 1997 2521 καὶ

394 2550 678 2629 ὶγερθέντι.
731 2578 757 2603 ιι
794 2550 868 2611 Ἦ
922 2550 1110 2627 ἀγάπη
1158 2556 1253 2609 τοῦ
1296 2552 1440 2611 Θεοῦ
1471 2551 1536 2624 ἢν
1576 2550 1883 2619 ἐπεδείξατο
1924 2554 1996 2619 εἰς

394 2644 558 2716 ἡμᾶς,
612 2643 826 2720 συνέχει
865 2643 1011 2718 ἡμᾶς
1058 2639 1149 2698 καὶ
1195 2646 1419 2699 συνωθεῖ
1459 2642 1532 2707 εἷς
1568 2640 1627 2699 τὸ
1675 2640 1996 2699 κινδυνεύειν

396 2728 530 2809 ὑπὲρ
581 2730 779 2805 αὐτοῦ,
829 2735 987 2788 τοῦτο
1035 2731 1213 2796 καλῶς
1256 2732 1387 2809 παρ’
1443 2732 1648 2798 ἑαυτοῖς
1692 2730 1993 2809 κρίναντας,

395 2816 480 2878 ὅτι
510 2818 626 2877 ἐπεὶ
656 2818 916 2877 ἀπέθανεν
957 2820 1089 2899 ὑπὲρ
1133 2819 1381 2890 πάντων,
1416 2819 1681 2897 πρόδηλον
1734 2817 1817 2876 ὅτι
1856 2819 1999 2877 πάν-

397 2931 483 2975 τες
520 2899 655 2984 ἦμεν
694 2906 1064 2983 ἀπολωλότες,
1113 2907 1206 2966 καὶ
1260 2907 1346 2967 διὰ
1380 2914 1533 2967 τοῦτο
1572 2908 1831 2966 ἀπέθανεν
1868 2907 1999 2988 ὑπὲρ

395 3000 500 3057 τῶν
558 2996 915 3057 ἀπολωλότων
968 2996 1061 3056 καὶ
1121 2998 1603 3074 τεθανατωμένων,
1666 2996 1754 3055 ἵνα
1810 2997 1996 3076 ζωώσῃ

396 3091 556 3163 ἡμᾶς.
614 3086 771 3148 Ἐπεὶ
842 3076 932 3146 οὐν
985 3082 1263 3160 ἐζώωσεν,
1324 3089 1420 3145 οὐκ
1476 3087 1755 3167 ὀφείλομεν
1810 3088 1994 3147 λοιπὸν

394 3179 597 3243 ἑαυτοῖς
643 3181 762 3256 ζ’ᾕν⁷
814 3177 931 3236 ἀλλ’
979 3178 1165 3255 ἐκείνῳ
1216 3175 1282 3233 δι’
1311 3175 1366 3235 ὃν
1415 3179 1606 3251 ζῶμενο
1642 3175 1697 3242 ὃς
1747 3179 1805 3236 οὐ
1838 3180 1995 3253 μόνον

396 3267 658 3327 ἀπέθανεν
690 3264 820 3344 ὑπὲρ
852 3268 1040 3342 ἡμῶν,
1076 3264 1215 3323 ἀλλὰ
1260 3265 1353 3324 καὶ
1402 3267 1631 3347 ἠγέρθη,
1678 3265 1773 3337 τὴν
1815 3269 1996 3345 ἀπαρ-

394 3356 497 3434 χὴν
529 3360 716 3431 ἡμῶν,
766 3354 1037 3428 τουτέστι,
1081 3354 1142 3413 τὸ
1173 3359 1332 3414 αὑτοῦ
1366 3360 1524 3431 σῶμα
1557 3358 1629 3421 εἰς
1655 3355 1745 3414 τὸν
1778 3357 1995 3435 οὐρανὸν

397 3444 705 3524 ἀναγαγὼν,
755 3445 846 3503 καὶ
878 3442 965 3502 ἵνα
1013 3449 1156 3521 ἡμᾶς
1196 3446 1411 3510 πάντως
1456 3445 1723 3523 ἀναγάγῃ.
1759 3444 1857 3511 Τίς
1894 3445 1996 3522 γὰρ

396 3534 530 3602 ὅλως
574 3532 731 3614 χρεία
764 3536 962 3593 ἐκεῖνον
992 3533 1047 3572 ⁷⁸
1069 3536 1303 3593 ἀνελθεῖν
1326 3578 1342 3608 ,
1386 3534 1430 3592 εἰ
1462 3532 1537 3610 μὴ
1569 3534 1859 3610 ἐμέλλομεν
1906 3534 1999 3591 καὶ

396 3625 548 3698 ἡμεῖς
577 3626 681 3681 τῶν
712 3622 908 3702 ὁμοίων
956 3630 1171 3703 τυχεῖν;
1211 3621 1382 3682 ’Ὥστε
1432 3623 1519 3681 καὶ
1570 3620 1702 3682 διότι
1733 3622 1996 3681 ἀπέθανεν

396 3711 532 3791 ὑπὲρ
561 3714 752 3786 ἡμῶν,
792 3711 884 3771 καὶ
930 3711 1062 3771 διότι
1102 3711 1343 3781 ἐζώωσεν
1386 3716 1549 3787 ἡμᾶς,
1583 3711 1676 3770 καὶ
1714 3711 1845 3770 διότι
1878 3709 1999 3779 τοὺς

400 3802 716 3883 ἀρραϐῶνας
760 3806 894 3879 ἡμῖν
940 3805 1036 3873 τῆς
1085 3801 1383 3882 ἀφθαρσίας
1442 3801 1668 3874 ἔδωκεν,
1718 3800 1996 3882 ὀφείλομεν

397 3892 542 3972 αὐτῷ
570 3895 685 3972 ζῇν,
721 3892 814 3951 καὶ
842 3890 961 3970 οὐχὶ
988 3894 1106 3957 ταῖς
1132 3894 1335 3950 ἑαυτῶν
1363 3891 1687 3968 ἐπιθυμίαις.

478 4090 511 4125 α
540 4066 717 4127 Ὥστε
755 4067 909 4143 ἡμεῖς
947 4067 1051 4126 ἀπὸ
1098 4071 1189 4127 τοῦ
1221 4072 1313 4127 νῦν
1362 4067 1551 4128 οὐδένα
1597 4066 1817 4144 οἴδαμεν
1858 4065 1999 4126 κατὰ

398 4158 597 4238 σάρκα.
634 4180 663 4216 ι
701 4156 859 4218 Ἐπεὶ
904 4157 1099 4223 πάντες
1137 4156 1526 4225 θανατωθέντες
1555 4158 1659 4216 ὕπὸ
1699 4163 1791 4229 τῆς
1821 4159 1998 4236 ἁμαρ-

396 4245 544 4323 τίας,
577 4246 964 4319 ἀνεζωώθησαν
996 4248 1099 4305 ὑπὸ
1141 4252 1233 4305 τοῦ
1269 4248 1502 4325 Χριστοῦ
1541 4245 1629 4305 διὰ
1666 4253 1757 4304 τοῦ
1803 4244 2000 4326 βαπτί-

399 4358 617 4415 σματος*
671 4336 888 4404 εἰκότως
928 4336 1116 4395 οὐδένα
1164 4337 1405 4411 οἴδαμεν,
1454 4336 1606 4417 φησὶ,
1648 4338 1751 4393 τῶν
1791 4339 1997 4395 πιστῶν

398 4424 539 4484 κατὰ
587 4424 765 4504 σάρκα
814 4429 986 4494 ζῶντα
1020 4425 1098 4499 79,
1149 4426 1417 4502 τουτέστι,
1449 4424 1592 4485 κατὰ
1633 4423 1727 4496 τὴν
1759 4424 1997 4483 παλαιὰν

397 4514 489 4574 καὶ
519 4512 780 4594 σαρκικὴν
830 4514 1128 4576 πολιτείαν.
1182 4514 1391 4580 Πάντες
1438 4514 1542 4593 γὰρ
1591 4516 1666 4593 τῷ
1718 4513 1999 4589 Πνεύματι

398 4603 869 4684 ἀναγεννηθέντες,
912 4604 1033 4663 νέαν
1085 4604 1176 4663 καὶ
1219 4604 1586 4681 πνευματικὴν
1634 4603 1772 4676 ζωὴν
1804 4602 1998 4684 μετέρ-

397 4715 607 4773 χονται.

482 4810 507 4837 ι
541 4786 611 4845 Ei
638 4784 693 4842 δὲ
722 4782 814 4842 καὶ
846 4781 1157 4862 ἐγνώκαμεν
1180 4782 1321 4841 κατὰ
1353 4783 1529 4863 σάρκα
1572 4782 1836 4865 Χριστὸν,
1861 4780 2001 4842 ἀλλὰ

399 4876 489 4931 νῦν
542 4872 718 4932 οὐκέτι
744 4871 1099 4951 γινώσκομεν.
1156 4897 1180 4925 ι
1214 4872 1492 4932 Δείκνυσιν
1551 4870 1635 4931 ὅτι
1677 4873 1769 4930 καὶ
1813 4871 2001 4932 τούτου

396 4963 578 5036 αὐτοῦ,
624 4967 717 5021 τοῦ
758 4960 833 5038 μὴ
863 4961 1004 5020 κατὰ
1032 4960 1207 5042 σάρκα
1239 4964 1367 5043 ζῇν,
1400 4961 1562 5042 φημὶ,
1611 4961 1848 5042 ἀρχηγὸν
1882 4963 2004 5040 ἔχο-

398 5074 495 5133 μεν
543 5050 635 5110 τὸν
680 5050 939 5131 Χριστόν·
972 5050 1066 5109 καί
1117 5074 1311 5133 φησιν,
1342 5049 1422 5109 ὅτι
1464 5053 1532 5110 Εἰ
1577 5051 1669 5110 καὶ
1699 5054 1727 5109 ὁ
1776 5050 2005 5133 Χριστὸς

397 5130 463 5212 ἧν
496 5162 623 5199 ποτε
650 5130 790 5200 κατὰ
819 5139 995 5219 σάρκα
1016 5184 1035 5219 ,
1083 5130 1224 5198 ἀλλὰ
1267 5144 1355 5200 νῦν
1388 5139 1564 5199 οὐκέτι
1594 5138 1729 5199 ἐστί.
1776 5138 1848 5201 Τί
1877 5130 2001 5214 οῦνς

395 5228 496 5301 τὴν
559 5228 736 5310 σάρκα
790 5227 1051 5303 ἀπέθετο;
1112 5227 1207 5299 Μὴ
1260 5227 1482 5305 γένοιτοο
1533 5229 1604 5295 ὥς
1655 5227 1761 5307 γὰρ
1815 5227 2007 5299 ἀνελή-

399 5323 529 5399 φθη,
563 5317 707 5378 οὕτω
754 5316 809 5358 ⁸ο
842 5318 936 5377 καὶ
990 5316 1281 5378 ἐλεύσεται.
1332 5316 1626 5399 Ἀνελήφθη
1656 5316 1710 5375 δὲ
1762 5320 1814 5376 ἐν
1846 5318 2004 5397 σαρκὶ

397 5406 491 5466 καὶ
535 5406 678 5486 μετὰ
710 5411 810 5467 τοῦ
842 5407 1111 5486 σώματος.
1144 5406 1215 5468 Τί
1244 5405 1419 5467 τοίνυν
1454 5406 1640 5490 φησίν;
1667 5402 1803 5467 Ὅτι
1851 5411 2005 5484 ἡμεῖς

488 5570 656 5626 tAct.
690 5581 782 5639 ιν,
813 5572 898 5626 ιι.

2030 1888 2078 1950 Β

2104 671 2301 739 cimus,
2352 688 2421 728 ne
2457 688 2554 727 vos
2596 672 2973 730 existimantes
3014 692 3116 731 nos
3166 693 3285 733 esse
3321 679 3470 747 viles,
3512 696 3702 753 asper-

2106 760 2309 816 nemini
2353 769 2410 817 et
2468 762 2722 833 pereatis.
2778 763 2899 820 Sive
2965 764 3320 823 moderatum
3372 770 3599 839 quidam
3646 780 3704 827 et

2105 849 2312 906 humile
2335 850 2602 915 dicamus,
2647 861 2870 924 propter
2912 870 3031 921 vos,
3078 857 3155 910 uti
3208 855 3428 913 discatis
3474 858 3704 916 humilia

2104 955 2317 1011 sapere.
2362 942 2458 997 Vel
2508 941 2701 998 aliter:
2735 942 2791 998 Si
2831 943 2951 1015 quis
2992 960 3094 1000 nos
3145 944 3326 1001 furere
3371 947 3702 1018 suspicetur,

2105 1044 2136 1085 a
2191 1034 2307 1086 Deo
2352 1031 2665 1087 mercedem
2706 1033 3027 1103 recipimus,
3080 1050 3146 1090 eo
3195 1035 3342 1107 quod
3389 1036 3705 1109 hujusmodi

2103 1119 2401 1191 suspicioni
2422 1120 2598 1176 simus
2619 1121 2870 1191 obnoxii;
2896 1123 2978 1178 sin
3004 1124 3221 1180 sobrios
3253 1142 3353 1181 nos
3378 1142 3498 1181 esse
3525 1133 3702 1198 putet,

2104 1209 2222 1280 ipse
2244 1211 2444 1281 pariter
2467 1211 2703 1266 utilitate
2728 1227 2758 1267 θ
2794 1213 3089 1269 sobrietate
3119 1224 3307 1270 nostra
3343 1217 3702 1287 proveniente

2107 1298 2441 1369 perfruatur.
2471 1301 2567 1356 Vel
2598 1301 2759 1355 aliam
2796 1302 2865 1356 ad
2908 1304 3179 1359 rationem
3224 1323 3237 1360 :
3269 1305 3325 1359 Si
3379 1304 3700 1373 insanimus,

2106 1388 2206 1443 Dei
2251 1405 2413 1445 causa
2460 1388 2530 1444 ita
2572 1391 2900 1457 insanimus,
2930 1402 2993 1447 ttt
3037 1410 3134 1448 vos
3167 1394 3237 1449 ad
3288 1396 3469 1465 ipsum
3506 1396 3703 1467 perdu-

2105 1493 2314 1533 camus.
2344 1479 2653 1534 lusaniebat
2674 1481 2853 1552 itaque
2901 1483 3102 1537 Paulus
3144 1483 3469 1539 amatoriam
3517 1501 3708 1556 quam-

2103 1566 2228 1622 dam
2280 1567 2575 1634 insaniam,
2631 1572 2810 1625 Deum
2857 1586 3082 1637 amans,
3130 1588 3193 1627 ac
3230 1574 3490 1628 amatoris
3530 1575 3704 1630 instar

2106 1654 2181 1711 illi
2211 1655 2417 1725 vivens,
2460 1673 2659 1728 nempe
2694 1659 2974 1728 adamato,
3018 1669 3169 1716 extra
3206 1663 3447 1734 seipsum
3488 1674 3699 1734 raptus,

2103 1761 2168 1801 ac
2196 1753 2346 1801 totus
2380 1747 2439 1801 in
2471 1750 2649 1802 Deum
2672 1750 2993 1817 translatus,
3029 1766 3131 1805 nec
3152 1767 3311 1806 suam
3339 1752 3506 1823 ipsius
3538 1753 3707 1809 vitam

2106 1834 2309 1902 vivens,
2340 1836 2435 1891 sed
2460 1836 2577 1907 ejus
2608 1853 2769 1909 quem
2793 1848 2964 1905 amat,
2993 1841 3327 1896 amatoriam
3360 1841 3536 1911 plane,
3587 1842 3704 1899 sive

2106 1923 2366 1980 dilectam
2398 1935 2454 1981 et
2486 1925 2640 1981 valde
2672 1927 2915 1983 charam.
2957 1929 3013 1984 Si
3044 1929 3211 1999 igitur
3244 1946 3274 1985 e
3320 1930 3483 1986 nobis
3516 1946 3705 1986 exces-

2106 2014 2305 2082 simus,
2330 2016 2524 2088 inquit,
2553 2020 2669 2072 Deo
2711 2018 2939 2073 omnino
2978 2020 3342 2086 excessimus,
3387 2018 3443 2075 id
3469 2028 3576 2091 est,
3602 2021 3707 2077 Dei

2106 2120 2293 2161 causa.

2174 2196 2345 2251 VEBS.
2380 2200 2466 2263 14,
2502 2200 2590 2251 15.
2631 2218 2655 2245 ι
2691 2196 2939 2253 Charitas
2977 2198 3128 2253 enim
3158 2198 3358 2255 Christi
3396 2207 3556 2271 urget
3579 2215 3705 2267 nos,

2107 2284 2445 2340 aestimantes
2467 2284 2593 2352 hoc,
2619 2288 2765 2358 quod
2789 2288 2835 2341 si
2863 2304 3008 2343 unus
3035 2304 3131 2359 pro
3159 2287 3417 2343 omnibus
3456 2297 3709 2345 mortuus

2107 2382 2211 2441 est,
2258 2390 2390 2445 ergo
2431 2391 2625 2431 omnes
2671 2377 2874 2431 mortui
2917 2387 3078 2445 sunt;
3111 2386 3171 2433 ut
3216 2378 3305 2448 qui
3336 2378 3543 2445 vivunt,
3589 2379 3707 2450 jam

2110 2478 2222 2519 non
2253 2464 2355 2518 sibi
2402 2464 2607 2531 vivant,
2650 2465 2745 2521 sed
2774 2467 2821 2521 ei
2861 2467 2954 2537 qui
3004 2482 3101 2537 pro
3132 2468 3259 2538 ipsis
3307 2478 3562 2523 mortuus
3604 2476 3707 2537 est,

2106 2562 2161 2608 et
2184 2554 2494 2608 resurrexit.
2524 2578 2547 2603 υ
2584 2556 2816 2610 Dilectio
2844 2556 2941 2611 Dei
2964 2573 3133 2628 quam
3161 2556 3410 2612 exhibuit
3434 2574 3560 2630 erga
3584 2574 3707 2626 nos,

2108 2652 2267 2715 urget
2300 2660 2400 2699 nos
2436 2653 2492 2699 et
2529 2645 2809 2715 compellit
2837 2654 2898 2701 ut
2927 2647 3046 2718 ejus
3085 2663 3274 2702 amore
3310 2647 3545 2717 pericula
3579 2646 3711 2702 sub-

2108 2748 2320 2801 eamus,
2404 2733 2511 2789 hoc
2580 2736 2752 2806 probe
2825 2734 2972 2807 apud
3034 2752 3136 2791 nos
3177 2735 3508 2808 judicantes,
3559 2736 3712 2808 quod

2109 2822 2239 2894 quia
2292 2831 2554 2880 mortuus
2597 2833 2679 2879 est
2719 2841 2817 2895 pro
2871 2824 3149 2893 omnibus,
3212 2825 3562 2896 perspicuum
3629 2832 3714 2881 est

2108 2912 2257 2984 quod
2288 2929 2485 2969 omnes
2515 2914 2875 2984 perieramus,
2925 2931 3158 2985 eamque
3188 2914 3259 2969 ob
3291 2930 3516 2971 causam
3561 2931 3711 2970 mor-

2107 3009 2235 3057 tuus
2264 3010 2350 3058 est
2386 3020 2485 3075 pro
2517 3003 2581 3058 iis
2609 3003 2698 3070 qui
2732 3005 3031 3074 perierant,
3063 3004 3423 3074 obierantque
3448 3012 3707 3071 mortem,

2110 3099 2169 3146 ut
2213 3108 2314 3147 nos
2356 3092 2673 3148 viviﬁcaret.
2724 3094 3001 3164 Quoniam
3049 3094 3215 3164 igitur
3261 3109 3363 3148 nos
3403 3093 3705 3159 viviﬁcavit,

2104 3197 2218 3235 non
2261 3181 2527 3237 debemus
2579 3198 2744 3255 porro
2803 3183 2958 3239 nobis
3012 3183 3145 3254 ipsis
3190 3184 3389 3252 vivere,
3451 3182 3550 3238 sed
3606 3183 3709 3252 illi,

2106 3280 2331 3342 propter
2356 3287 2521 3343 quem
2564 3272 2854 3328 vivimus:
2909 3272 3004 3345 qui
3056 3272 3263 3328 nedum
3319 3280 3572 3327 mortuus
3626 3281 3714 3329 est

2108 3376 2207 3431 pro
2254 3360 2431 3427 nobis,
2484 3377 2675 3416 verum
2709 3362 2876 3417 etiam
2929 3361 3247 3426 resurrexit,
3296 3362 3565 3434 primitias
3609 3378 3711 3417 no-

2107 3458 2268 3516 stras,
2313 3449 2417 3504 hoc
2447 3458 2549 3515 est,
2591 3466 2793 3521 corpus
2846 3467 3005 3506 suum
3050 3451 3103 3505 in
3144 3451 3316 3506 coelos
3354 3450 3616 3516 referens,
3652 3460 3714 3506 ut

2106 3539 2330 3593 omnino
2360 3554 2462 3593 nos
2501 3539 2670 3595 etiam
2704 3555 2767 3593 eo
2801 3540 3082 3610 perducat.
3115 3540 3261 3611 Quid
3293 3542 3443 3595 enim
3485 3556 3712 3611 prorsus

2108 3642 2246 3698 Opus
2274 3637 2390 3681 erat
2419 3628 2573 3682 illum
2613 3626 2933 3696 ascendere,
2962 3628 3064 3683 nisi
3114 3644 3215 3683 nos
3244 3643 3463 3700 quoque
3507 3629 3710 3685 similia

2107 3718 2454 3772 consecuturi
2498 3720 2782 3772 essemus?
2829 3716 3090 3783 Proinde,
3142 3718 3266 3788 quia
3315 3725 3571 3771 mortuus
3627 3724 3710 3772 est

2110 3822 2208 3878 pro
2238 3805 2416 3869 nobis,
2480 3814 2536 3861 et
2587 3806 2712 3877 quia
2771 3805 3061 3860 viviﬁcavit
3112 3821 3237 3870 nos,
3282 3814 3338 3861 et
3380 3805 3505 3876 quia
3548 3806 3710 3862 nobis

2105 3894 2444 3951 arrhabones
2472 3895 3002 3966 incorruptibilitatis
3029 3895 3195 3960 dedit,
3226 3893 3325 3966 ipsi
3344 3896 3399 3950 in
3425 3902 3711 3966 posterum

2105 3984 2368 4041 debemus
2394 3985 2593 4053 vivere,
2623 3985 2767 4040 haud
2797 3984 3000 4040 nostris
3029 3983 3449 4056 cupiditatibus.

2178 4077 2357 4131 Vnns.
2394 4080 2471 4130 16.
2500 4078 2739 4145 «Itaque
2764 4091 2862 4129 nos
2897 4089 2962 4129 ex
3005 4074 3110 4129 hoc
3144 4074 3423 4129 neminem
3449 4072 3709 4129 novimus

2108 4165 2409 4219 secundum
2447 4180 2690 4219 carnem.
2745 4188 2770 4212 υ
2805 4165 2944 4234 Quia
2990 4179 3192 4219 omnes
3220 4164 3439 4219 occisia
3482 4170 3706 4234 peccato

2108 4254 2424 4319 reviximus,
2455 4262 2510 4309 et
2531 4254 2786 4309 viviiicati
2802 4270 2995 4308 sumus
3017 4253 3281 4311 aChristo
3296 4269 3392 4326 per
3408 4253 3697 4323 baptisma,

2106 4344 2303 4399 merito
2347 4344 2630 4399 neminem
2671 4345 2927 4399 novimus
2958 4342 3223 4412 ﬁdelium,
3265 4343 3461 4415 inquit,
3500 4358 3701 4399 secun-

2109 4432 2248 4489 dum
2296 4449 2519 4489 carnem
2570 4434 2860 4499 viventem,
2911 4432 3017 4488 hoc
3056 4442 3159 4500 est,
3184 4432 3342 4503 juxta
3379 4441 3619 4487 veterem
3653 4441 3710 4487 et

2111 4524 2389 4578 carnalem
2424 4523 2619 4578 vitam.
2673 4524 2890 4579 Omnes
2948 4523 3095 4578 enim
3142 4521 3349 4593 Spiritu
3381 4520 3709 4592 regenerati,

2107 4628 2310 4669 novam
2330 4620 2385 4669 et
2407 4613 2749 4685 spiritualem
2770 4612 2939 4668 vitam
2965 4610 3198 4667 ducunt.

2183 4785 2347 4856 271
2381 4808 2405 4833 α
2437 4785 2555 4840 Etsi
2585 4780 2944 4857 cognovimus
2968 4782 3272 4839 secundum
3303 4794 3528 4837 carnem
3550 4780 3713 4838 Chri-

2110 4884 2281 4941 stum,
2310 4873 2405 4929 sed
2434 4891 2583 4929 nunc
2606 4891 2718 4930 non
2745 4874 3023 4929 novimus.
3062 4896 3085 4921 ι
3114 4871 3331 4928 [ndicat
3362 4870 3514 4943 quod
3542 4871 3701 4928 Chri-

2112 4973 2263 5021 stum
2304 4963 2504 5020 ducem
2547 4972 2601 5019 et
2647 4964 2946 5036 principem
3000 4963 3265 5019 habemus
3305 4962 3470 5033 hujus
3517 4960 3717 5031 ipsius,

2112 5069 2313 5125 nempe
2334 5061 2395 5109 ut
2422 5053 2730 5109 secundum
2763 5069 2980 5109 carnem
3007 5068 3117 5108 non
3141 5052 3409 5118 vivamus,
3438 5051 3577 5116 Etsi,
3624 5051 3713 5106 in-

2114 5144 2329 5217 quiens,
2360 5143 2610 5199 Christus
2638 5143 2766 5198 olim
2797 5140 3102 5199 secundum
3137 5156 3363 5196 carnem
3387 5148 3524 5205 erat,
3565 5155 3715 5196 nunc

2114 5242 2303 5298 tamen
2347 5249 2458 5290 non
2514 5242 2615 5289 est.
2662 5232 2808 5304 Quid
2854 5231 3020 5288 inde?
3070 5244 3366 5286 carnemne
3422 5228 3716 5301 deposuit?

2116 5324 2347 5381 Minime
2395 5342 2410 5379 :
2456 5340 2587 5379 nam
2630 5321 3106 5395 quemadmodum
3150 5327 3464 5391 assumptus
3491 5328 3596 5385 est,
3641 5319 3719 5375 sic

2114 5414 2286 5471 etiam
2320 5414 2504 5471 veniet
2535 5416 2554 5449 ι
2580 5455 2593 5470 .
2631 5416 2968 5485 Assumptus
3000 5417 3082 5468 est
3112 5416 3302 5467 autem
3338 5409 3396 5465 in
3441 5423 3629 5478 carne,
3661 5415 3720 5464 et

1794 5650 1983 5709 Variae.
2026 5648 2335 5709 lectiones.

465 5780 512 5816 τ’
566 5782 696 5837 Θεοῦ
724 5798 781 5841 o.
856 5783 900 5818 ⁷⁸
929 5783 1105 5856 iiabnp
1130 5800 1183 5840 ο.
1262 5784 1306 5818 ⁷9
1335 5784 1456 5837 ὄντα
1485 5798 1541 5840 0.
1620 5784 1663 5817 ⁸ο
1693 5785 1915 5844 τοιοῦτος
1934 5800 1988 5837 ο.
