  <div class='ocr_page' id='page_1' title='image "/cluster/home/n/w/nwhite01/storage/ocr_20150623/124:no.2/coo.31924054870294/435.png"; bbox 0 0 4134 6422; ppageno 0'>
   <div class='ocr_carea' id='block_1_1' title="bbox 421 439 526 495">
    <p class='ocr_par' dir='ltr' id='par_1_1' title="bbox 421 439 526 495">
     <span class='ocr_line' id='line_1_1' title="bbox 421 439 526 495; baseline -0.01 -1"><span class='ocrx_word' id='word_1_1' title='bbox 421 439 526 495; x_wconf 73' lang='lat'><strong>855</strong></span> 
     </span>
    </p>
   </div>
   <div class='ocr_carea' id='block_1_2' title="bbox 1445 434 2707 494">
    <p class='ocr_par' dir='ltr' id='par_1_2' title="bbox 1445 434 2707 494">
     <span class='ocr_line' id='line_1_2' title="bbox 1445 434 2707 494; baseline 0.004 -5"><span class='ocrx_word' id='word_1_2' title='bbox 1445 434 1962 493; x_wconf 81' lang='lat' dir='ltr'><strong>THEOPHYLACTI</strong></span> <span class='ocrx_word' id='word_1_3' title='bbox 1996 434 2356 493; x_wconf 71' lang='lat' dir='ltr'><strong>BULGARIE</strong></span> <span class='ocrx_word' id='word_1_4' title='bbox 2396 438 2707 494; x_wconf 83' lang='lat' dir='ltr'><strong>ARCHIEP.</strong></span> 
     </span>
    </p>
   </div>
   <div class='ocr_carea' id='block_1_3' title="bbox 3618 443 3721 499">
    <p class='ocr_par' dir='ltr' id='par_1_3' title="bbox 3618 443 3721 499">
     <span class='ocr_line' id='line_1_3' title="bbox 3618 443 3721 499; baseline 0.01 -2"><span class='ocrx_word' id='word_1_5' title='bbox 3618 443 3721 499; x_wconf 77' lang='lat'><strong>856</strong></span> 
     </span>
    </p>
   </div>
   <div class='ocr_carea' id='block_1_4' title="bbox 419 558 2023 646">
    <p class='ocr_par' dir='ltr' id='par_1_4' title="bbox 419 558 2015 633">
     <span class='ocr_line' id='line_1_4' title="bbox 419 558 2015 633; baseline -0.002 -14"><span class='ocrx_word' id='word_1_6' title='bbox 419 577 550 619; x_wconf 89' lang='lat' dir='ltr'><strong>cum</strong></span> <span class='ocrx_word' id='word_1_7' title='bbox 575 574 832 633; x_wconf 90' lang='lat' dir='ltr'><strong>corpore.</strong></span> <span class='ocrx_word' id='word_1_8' title='bbox 861 559 1009 631; x_wconf 87' lang='lat' dir='ltr'><strong>Quid</strong></span> <span class='ocrx_word' id='word_1_9' title='bbox 1034 558 1199 633; x_wconf 78' lang='lat' dir='ltr'><strong>igitur</strong></span> <span class='ocrx_word' id='word_1_10' title='bbox 1224 558 1403 616; x_wconf 78' lang='lat' dir='ltr'><strong>dicit?</strong></span> <span class='ocrx_word' id='word_1_11' title='bbox 1426 560 1588 629; x_wconf 89' lang='lat' dir='ltr'><strong>Quod</strong></span> <span class='ocrx_word' id='word_1_12' title='bbox 1621 576 1725 617; x_wconf 92' lang='lat' dir='ltr'><strong>nos</strong></span> <span class='ocrx_word' id='word_1_13' title='bbox 1745 569 1877 617; x_wconf 91' lang='lat' dir='ltr'><strong>tunc</strong></span> <span class='ocrx_word' id='word_1_14' title='bbox 1896 561 2015 633; x_wconf 90' lang='lat' dir='ltr'><strong>qui-</strong></span> 
     </span>
    </p>
   </div>
   <div class='ocr_carea' id='block_1_5' title="bbox 2133 558 3723 646">
    <p class='ocr_par' dir='ltr' id='par_1_5' title="bbox 2133 561 3723 646">
     <span class='ocr_line' id='line_1_5' title="bbox 2133 561 3723 646; baseline 0.002 -26"><span class='ocrx_word' id='word_1_15' title='bbox 2133 561 2222 638; x_wconf 79' lang='grc' dir='ltr'>μὲν</span> <span class='ocrx_word' id='word_1_16' title='bbox 2265 562 2385 646; x_wconf 57' lang='grc' dir='ltr'>τότε</span> <span class='ocrx_word' id='word_1_17' title='bbox 2432 564 2697 643; x_wconf 64' lang='grc' dir='ltr'>Μγόμεθα</span> <span class='ocrx_word' id='word_1_18' title='bbox 2733 561 2873 624; x_wconf 72' lang='grc' dir='ltr'>κατὰ</span> <span class='ocrx_word' id='word_1_19' title='bbox 2920 561 3097 644; x_wconf 94' lang='grc' dir='ltr'>σάρκα</span> <span class='ocrx_word' id='word_1_20' title='bbox 3127 566 3254 644; x_wconf 82' lang='grc' dir='ltr'>ζῇν,</span> <span class='ocrx_word' id='word_1_21' title='bbox 3287 564 3413 624; x_wconf 77' lang='grc' dir='ltr'>ὅταν</span> <span class='ocrx_word' id='word_1_22' title='bbox 3445 567 3499 625; x_wconf 79' lang='grc' dir='ltr'>ἐν</span> <span class='ocrx_word' id='word_1_23' title='bbox 3543 566 3723 646; x_wconf 79' lang='grc' dir='ltr'>ἆμαρ-</span> 
     </span>
    </p>
   </div>
   <div class='ocr_carea' id='block_1_6' title="bbox 419 648 2018 723">
    <p class='ocr_par' dir='ltr' id='par_1_6' title="bbox 419 648 2018 723">
     <span class='ocr_line' id='line_1_6' title="bbox 419 648 2018 723; baseline -0.003 -13"><span class='ocrx_word' id='word_1_24' title='bbox 419 651 548 710; x_wconf 87' lang='lat' dir='ltr'><strong>dem</strong></span> <span class='ocrx_word' id='word_1_25' title='bbox 582 648 891 707; x_wconf 85' lang='lat' dir='ltr'><strong>secundum</strong></span> <span class='ocrx_word' id='word_1_26' title='bbox 928 665 1154 706; x_wconf 91' lang='lat' dir='ltr'><strong>carnem</strong></span> <span class='ocrx_word' id='word_1_27' title='bbox 1192 648 1372 706; x_wconf 86' lang='lat' dir='ltr'><strong>vivere</strong></span> <span class='ocrx_word' id='word_1_28' title='bbox 1408 649 1665 719; x_wconf 87' lang='lat' dir='ltr'><strong>dicimur,</strong></span> <span class='ocrx_word' id='word_1_29' title='bbox 1702 648 1926 723; x_wconf 86' lang='lat' dir='ltr'><strong>quando</strong></span> <span class='ocrx_word' id='word_1_30' title='bbox 1964 649 2018 706; x_wconf 92' lang='lat' dir='ltr'><strong>in</strong></span> 
     </span>
    </p>
   </div>
   <div class='ocr_carea' id='block_1_7' title="bbox 436 738 2018 815">
    <p class='ocr_par' dir='ltr' id='par_1_7' title="bbox 436 738 2018 815">
     <span class='ocr_line' id='line_1_7' title="bbox 436 738 2018 815; baseline -0.001 -19"><span class='ocrx_word' id='word_1_31' title='bbox 436 741 672 815; x_wconf 80' lang='lat' dir='ltr'><strong>peccatis</strong></span> <span class='ocrx_word' id='word_1_32' title='bbox 715 738 989 795; x_wconf 82' lang='lat' dir='ltr'><strong>fuerimus</strong></span> <span class='ocrx_word' id='word_1_33' title='bbox 1014 758 1028 794; x_wconf 92' lang='lat'>:</span> <span class='ocrx_word' id='word_1_34' title='bbox 1051 746 1283 810; x_wconf 88' lang='lat' dir='ltr'><strong>tumque</strong></span> <span class='ocrx_word' id='word_1_35' title='bbox 1310 756 1423 795; x_wconf 92' lang='lat' dir='ltr'><strong>non</strong></span> <span class='ocrx_word' id='word_1_36' title='bbox 1459 738 1760 796; x_wconf 89' lang='lat' dir='ltr'><strong>secundum</strong></span> <span class='ocrx_word' id='word_1_37' title='bbox 1792 754 2018 795; x_wconf 90' lang='lat' dir='ltr'><strong>carnem</strong></span> 
     </span>
    </p>
   </div>
   <div class='ocr_carea' id='block_1_8' title="bbox 424 826 2017 901">
    <p class='ocr_par' dir='ltr' id='par_1_8' title="bbox 424 826 2017 901">
     <span class='ocr_line' id='line_1_8' title="bbox 424 826 2017 901; baseline -0.002 -15"><span class='ocrx_word' id='word_1_38' title='bbox 424 830 626 898; x_wconf 82' lang='lat' dir='ltr'><strong>vivere,</strong></span> <span class='ocrx_word' id='word_1_39' title='bbox 656 826 879 901; x_wconf 90' lang='lat' dir='ltr'><strong>quando</strong></span> <span class='ocrx_word' id='word_1_40' title='bbox 926 843 1036 883; x_wconf 92' lang='lat' dir='ltr'><strong>non</strong></span> <span class='ocrx_word' id='word_1_41' title='bbox 1087 829 1514 900; x_wconf 86' lang='lat' dir='ltr'><strong>peccaverimus.</strong></span> <span class='ocrx_word' id='word_1_42' title='bbox 1547 829 1799 885; x_wconf 83' lang='lat' dir='ltr'><strong>Christus</strong></span> <span class='ocrx_word' id='word_1_43' title='bbox 1827 837 2017 884; x_wconf 90' lang='lat' dir='ltr'><strong>autem</strong></span> 
     </span>
    </p>
   </div>
   <div class='ocr_carea' id='block_1_9' title="bbox 423 918 2022 991">
    <p class='ocr_par' dir='ltr' id='par_1_9' title="bbox 423 918 2022 991">
     <span class='ocr_line' id='line_1_9' title="bbox 423 918 2022 991; baseline -0.003 -14"><span class='ocrx_word' id='word_1_44' title='bbox 423 919 735 977; x_wconf 84' lang='lat' dir='ltr'><strong>secundum</strong></span> <span class='ocrx_word' id='word_1_45' title='bbox 778 932 998 973; x_wconf 90' lang='lat' dir='ltr'><strong>carnem</strong></span> <span class='ocrx_word' id='word_1_46' title='bbox 1046 918 1243 975; x_wconf 83' lang='lat' dir='ltr'><strong>vixisse</strong></span> <span class='ocrx_word' id='word_1_47' title='bbox 1284 918 1502 985; x_wconf 90' lang='lat' dir='ltr'><strong>dicitur,</strong></span> <span class='ocrx_word' id='word_1_48' title='bbox 1556 919 1777 991; x_wconf 87' lang='lat' dir='ltr'><strong>quando</strong></span> <span class='ocrx_word' id='word_1_49' title='bbox 1825 934 2022 974; x_wconf 88' lang='lat' dir='ltr'><strong>secun-</strong></span> 
     </span>
    </p>
   </div>
   <div class='ocr_carea' id='block_1_10' title="bbox 423 1007 2018 1080">
    <p class='ocr_par' dir='ltr' id='par_1_10' title="bbox 423 1007 2018 1080">
     <span class='ocr_line' id='line_1_10' title="bbox 423 1007 2018 1080; baseline -0.004 -11"><span class='ocrx_word' id='word_1_50' title='bbox 423 1010 558 1069; x_wconf 87' lang='lat' dir='ltr'><strong>dum</strong></span> <span class='ocrx_word' id='word_1_51' title='bbox 594 1007 869 1067; x_wconf 86' lang='lat' dir='ltr'><strong>naturales</strong></span> <span class='ocrx_word' id='word_1_52' title='bbox 904 1014 958 1062; x_wconf 87' lang='lat' dir='ltr'><strong>et</strong></span> <span class='ocrx_word' id='word_1_53' title='bbox 985 1007 1288 1080; x_wconf 87' lang='lat' dir='ltr'><strong>inculpatos</strong></span> <span class='ocrx_word' id='word_1_54' title='bbox 1310 1008 1541 1065; x_wconf 82' lang='lat' dir='ltr'><strong>affectus</strong></span> <span class='ocrx_word' id='word_1_55' title='bbox 1572 1009 1726 1075; x_wconf 87' lang='lat' dir='ltr'><strong>vixit,</strong></span> <span class='ocrx_word' id='word_1_56' title='bbox 1758 1008 2018 1072; x_wconf 88' lang='lat' dir='ltr'><strong>esuriens,</strong></span> 
     </span>
    </p>
   </div>
   <div class='ocr_carea' id='block_1_11' title="bbox 425 1100 2024 1169">
    <p class='ocr_par' dir='ltr' id='par_1_11' title="bbox 425 1100 2024 1169">
     <span class='ocr_line' id='line_1_11' title="bbox 425 1100 2024 1169; baseline -0.004 -11"><span class='ocrx_word' id='word_1_57' title='bbox 425 1101 639 1169; x_wconf 79' lang='lat' dir='ltr'><strong>sitiens,</strong></span> <span class='ocrx_word' id='word_1_58' title='bbox 683 1101 985 1169; x_wconf 88' lang='lat' dir='ltr'><strong>dormiens,</strong></span> <span class='ocrx_word' id='word_1_59' title='bbox 1032 1100 1307 1156; x_wconf 86' lang='lat' dir='ltr'><strong>laborans.</strong></span> <span class='ocrx_word' id='word_1_60' title='bbox 1339 1101 1497 1155; x_wconf 84' lang='lat' dir='ltr'><strong>Nunc</strong></span> <span class='ocrx_word' id='word_1_61' title='bbox 1542 1107 1728 1154; x_wconf 86' lang='lat' dir='ltr'><strong>autem</strong></span> <span class='ocrx_word' id='word_1_62' title='bbox 1769 1113 1887 1153; x_wconf 91' lang='lat' dir='ltr'><strong>non</strong></span> <span class='ocrx_word' id='word_1_63' title='bbox 1939 1104 2024 1152; x_wconf 90' lang='lat' dir='ltr'><strong>est</strong></span> 
     </span>
    </p>
   </div>
   <div class='ocr_carea' id='block_1_12' title="bbox 426 1188 2028 1257">
    <p class='ocr_par' dir='ltr' id='par_1_12' title="bbox 426 1188 2028 1257">
     <span class='ocr_line' id='line_1_12' title="bbox 426 1188 2028 1257; baseline -0.004 -7"><span class='ocrx_word' id='word_1_64' title='bbox 426 1193 735 1250; x_wconf 82' lang='lat' dir='ltr'><strong>secundum</strong></span> <span class='ocrx_word' id='word_1_65' title='bbox 776 1206 1023 1257; x_wconf 89' lang='lat' dir='ltr'><strong>carnem,</strong></span> <span class='ocrx_word' id='word_1_66' title='bbox 1071 1189 1179 1245; x_wconf 83' lang='lat' dir='ltr'><strong>hoc</strong></span> <span class='ocrx_word' id='word_1_67' title='bbox 1211 1197 1317 1256; x_wconf 89' lang='lat' dir='ltr'><strong>est,</strong></span> <span class='ocrx_word' id='word_1_68' title='bbox 1358 1189 1428 1244; x_wconf 91' lang='lat' dir='ltr'><strong>ab</strong></span> <span class='ocrx_word' id='word_1_69' title='bbox 1466 1188 1550 1245; x_wconf 91' lang='lat' dir='ltr'><strong>his</strong></span> <span class='ocrx_word' id='word_1_70' title='bbox 1587 1188 1931 1244; x_wconf 87' lang='lat' dir='ltr'><strong>naturalibus</strong></span> <span class='ocrx_word' id='word_1_71' title='bbox 1967 1195 2028 1243; x_wconf 89' lang='lat' dir='ltr'><strong>et</strong></span> 
     </span>
    </p>
   </div>
   <div class='ocr_carea' id='block_1_13' title="bbox 425 1277 2020 1353">
    <p class='ocr_par' dir='ltr' id='par_1_13' title="bbox 425 1277 2020 1353">
     <span class='ocr_line' id='line_1_13' title="bbox 425 1277 2020 1353; baseline -0.003 -15"><span class='ocrx_word' id='word_1_72' title='bbox 425 1281 718 1353; x_wconf 90' lang='lat' dir='ltr'><strong>inculpatis</strong></span> <span class='ocrx_word' id='word_1_73' title='bbox 765 1279 1155 1338; x_wconf 77' lang='lat' dir='ltr'><strong>affectionibus</strong></span> <span class='ocrx_word' id='word_1_74' title='bbox 1215 1278 1475 1335; x_wconf 88' lang='lat' dir='ltr'><strong>liberatus</strong></span> <span class='ocrx_word' id='word_1_75' title='bbox 1530 1287 1637 1347; x_wconf 89' lang='lat' dir='ltr'><strong>est,</strong></span> <span class='ocrx_word' id='word_1_76' title='bbox 1690 1277 2020 1350; x_wconf 87' lang='lat' dir='ltr'><strong>impassibile</strong></span> 
     </span>
    </p>
   </div>
   <div class='ocr_carea' id='block_1_14' title="bbox 424 1366 2019 1443">
    <p class='ocr_par' dir='ltr' id='par_1_14' title="bbox 424 1366 2019 1443">
     <span class='ocr_line' id='line_1_14' title="bbox 424 1366 2019 1443; baseline -0.004 -15"><span class='ocrx_word' id='word_1_77' title='bbox 424 1379 482 1428; x_wconf 92' lang='lat' dir='ltr'><strong>et</strong></span> <span class='ocrx_word' id='word_1_78' title='bbox 505 1371 818 1428; x_wconf 89' lang='lat' dir='ltr'><strong>immortale</strong></span> <span class='ocrx_word' id='word_1_79' title='bbox 842 1386 1041 1443; x_wconf 87' lang='lat' dir='ltr'><strong>corpus</strong></span> <span class='ocrx_word' id='word_1_80' title='bbox 1065 1368 1303 1435; x_wconf 88' lang='lat' dir='ltr'><strong>habens;</strong></span> <span class='ocrx_word' id='word_1_81' title='bbox 1334 1376 1395 1423; x_wconf 89' lang='lat' dir='ltr'><strong>ut</strong></span> <span class='ocrx_word' id='word_1_82' title='bbox 1420 1384 1520 1424; x_wconf 90' lang='lat' dir='ltr'><strong>nos</strong></span> <span class='ocrx_word' id='word_1_83' title='bbox 1544 1383 1781 1439; x_wconf 90' lang='lat' dir='ltr'><strong>quoque,</strong></span> <span class='ocrx_word' id='word_1_84' title='bbox 1814 1366 2019 1439; x_wconf 86' lang='lat' dir='ltr'><strong>inquit,</strong></span> 
     </span>
    </p>
   </div>
   <div class='ocr_carea' id='block_1_15' title="bbox 426 1456 2021 1529">
    <p class='ocr_par' dir='ltr' id='par_1_15' title="bbox 426 1456 2021 1529">
     <span class='ocr_line' id='line_1_15' title="bbox 426 1456 2021 1529; baseline -0.004 -11"><span class='ocrx_word' id='word_1_85' title='bbox 426 1460 646 1518; x_wconf 83' lang='lat' dir='ltr'><strong>abunde</strong></span> <span class='ocrx_word' id='word_1_86' title='bbox 683 1461 902 1529; x_wconf 89' lang='lat' dir='ltr'><strong>doceat,</strong></span> <span class='ocrx_word' id='word_1_87' title='bbox 930 1476 999 1515; x_wconf 91' lang='lat' dir='ltr'><strong>ne</strong></span> <span class='ocrx_word' id='word_1_88' title='bbox 1020 1458 1251 1515; x_wconf 89' lang='lat' dir='ltr'><strong>ulterius</strong></span> <span class='ocrx_word' id='word_1_89' title='bbox 1272 1456 1579 1513; x_wconf 88' lang='lat' dir='ltr'><strong>secundum</strong></span> <span class='ocrx_word' id='word_1_90' title='bbox 1615 1473 1841 1513; x_wconf 90' lang='lat' dir='ltr'><strong>carnem</strong></span> <span class='ocrx_word' id='word_1_91' title='bbox 1868 1465 1926 1513; x_wconf 92' lang='lat' dir='ltr'><strong>et</strong></span> <span class='ocrx_word' id='word_1_92' title='bbox 1961 1456 2021 1512; x_wconf 92' lang='lat' dir='ltr'><strong>in</strong></span> 
     </span>
    </p>
   </div>
   <div class='ocr_carea' id='block_1_16' title="bbox 424 1546 1694 1622">
    <p class='ocr_par' dir='ltr' id='par_1_16' title="bbox 424 1546 1694 1622">
     <span class='ocr_line' id='line_1_16' title="bbox 424 1546 1694 1622; baseline -0.003 -16"><span class='ocrx_word' id='word_1_93' title='bbox 424 1548 660 1622; x_wconf 81' lang='lat' dir='ltr'><strong>peccatis</strong></span> <span class='ocrx_word' id='word_1_94' title='bbox 683 1550 951 1616; x_wconf 82' lang='lat' dir='ltr'><strong>vivamus,</strong></span> <span class='ocrx_word' id='word_1_95' title='bbox 973 1546 1071 1604; x_wconf 90' lang='lat' dir='ltr'><strong>sed</strong></span> <span class='ocrx_word' id='word_1_96' title='bbox 1092 1546 1397 1603; x_wconf 89' lang='lat' dir='ltr'><strong>secundum</strong></span> <span class='ocrx_word' id='word_1_97' title='bbox 1424 1546 1694 1617; x_wconf 84' lang='lat' dir='ltr'><strong>spiritum.</strong></span> 
     </span>
    </p>
   </div>
   <div class='ocr_carea' id='block_1_17' title="bbox 499 1635 2021 1710">
    <p class='ocr_par' dir='ltr' id='par_1_17' title="bbox 499 1635 2021 1710">
     <span class='ocr_line' id='line_1_17' title="bbox 499 1635 2021 1710; baseline -0.002 -16"><span class='ocrx_word' id='word_1_98' title='bbox 499 1639 678 1696; x_wconf 74' lang='lat' dir='ltr'><strong>Vsus.</strong></span> <span class='ocrx_word' id='word_1_99' title='bbox 724 1645 808 1696; x_wconf 84' lang='grc'><strong>17.</strong></span> <span class='ocrx_word' id='word_1_100' title='bbox 838 1660 864 1687; x_wconf 71' lang='grc' dir='ltr'><strong>ε</strong></span> <span class='ocrx_word' id='word_1_101' title='bbox 899 1641 1093 1710; x_wconf 84' lang='lat' dir='ltr'><strong>Itaque</strong></span> <span class='ocrx_word' id='word_1_102' title='bbox 1121 1637 1165 1692; x_wconf 89' lang='lat' dir='ltr'><strong>si</strong></span> <span class='ocrx_word' id='word_1_103' title='bbox 1195 1636 1316 1708; x_wconf 89' lang='lat' dir='ltr'><strong>quis</strong></span> <span class='ocrx_word' id='word_1_104' title='bbox 1345 1635 1400 1691; x_wconf 92' lang='lat' dir='ltr'><strong>in</strong></span> <span class='ocrx_word' id='word_1_105' title='bbox 1428 1635 1668 1702; x_wconf 88' lang='lat' dir='ltr'><strong>Christo,</strong></span> <span class='ocrx_word' id='word_1_106' title='bbox 1694 1649 1834 1692; x_wconf 90' lang='lat' dir='ltr'><strong>nova</strong></span> <span class='ocrx_word' id='word_1_107' title='bbox 1869 1650 2021 1691; x_wconf 87' lang='lat' dir='ltr'><strong>crea-</strong></span> 
     </span>
    </p>
   </div>
   <div class='ocr_carea' id='block_1_18' title="bbox 424 1724 2020 1801">
    <p class='ocr_par' dir='ltr' id='par_1_18' title="bbox 424 1724 2020 1801">
     <span class='ocr_line' id='line_1_18' title="bbox 424 1724 2020 1801; baseline -0.002 -16"><span class='ocrx_word' id='word_1_108' title='bbox 424 1736 569 1786; x_wconf 86' lang='lat' dir='ltr'><strong>tura.</strong></span> <span class='ocrx_word' id='word_1_109' title='bbox 633 1750 659 1777; x_wconf 74' lang='grc' dir='ltr'><strong>ιι</strong></span> <span class='ocrx_word' id='word_1_110' title='bbox 702 1728 761 1784; x_wconf 91' lang='lat' dir='ltr'><strong>Si</strong></span> <span class='ocrx_word' id='word_1_111' title='bbox 797 1727 919 1801; x_wconf 89' lang='lat' dir='ltr'><strong>quis</strong></span> <span class='ocrx_word' id='word_1_112' title='bbox 959 1725 1196 1782; x_wconf 88' lang='lat' dir='ltr'><strong>credidit</strong></span> <span class='ocrx_word' id='word_1_113' title='bbox 1248 1725 1488 1792; x_wconf 90' lang='lat' dir='ltr'><strong>Christo,</strong></span> <span class='ocrx_word' id='word_1_114' title='bbox 1541 1725 1597 1781; x_wconf 91' lang='lat' dir='ltr'><strong>in</strong></span> <span class='ocrx_word' id='word_1_115' title='bbox 1639 1724 1806 1781; x_wconf 84' lang='lat' dir='ltr'><strong>aliam</strong></span> <span class='ocrx_word' id='word_1_116' title='bbox 1860 1725 2020 1796; x_wconf 87' lang='lat' dir='ltr'><strong>plane</strong></span> 
     </span>
    </p>
   </div>
   <div class='ocr_carea' id='block_1_19' title="bbox 424 1815 2017 1889">
    <p class='ocr_par' dir='ltr' id='par_1_19' title="bbox 424 1815 2017 1889">
     <span class='ocr_line' id='line_1_19' title="bbox 424 1815 2017 1889; baseline -0.004 -14"><span class='ocrx_word' id='word_1_117' title='bbox 424 1826 728 1875; x_wconf 87' lang='lat' dir='ltr'><strong>creaturam</strong></span> <span class='ocrx_word' id='word_1_118' title='bbox 784 1816 1055 1889; x_wconf 86' lang='lat' dir='ltr'><strong>pervenit,</strong></span> <span class='ocrx_word' id='word_1_119' title='bbox 1109 1822 1166 1872; x_wconf 89' lang='lat' dir='ltr'><strong>et</strong></span> <span class='ocrx_word' id='word_1_120' title='bbox 1226 1830 1364 1870; x_wconf 82' lang='lat' dir='ltr'><strong>nova</strong></span> <span class='ocrx_word' id='word_1_121' title='bbox 1411 1820 1662 1871; x_wconf 88' lang='lat' dir='ltr'><strong>creatura</strong></span> <span class='ocrx_word' id='word_1_122' title='bbox 1721 1815 1857 1871; x_wconf 82' lang='lat' dir='ltr'><strong>facta</strong></span> <span class='ocrx_word' id='word_1_123' title='bbox 1915 1823 2017 1871; x_wconf 89' lang='lat' dir='ltr'><strong>est.</strong></span> 
     </span>
    </p>
   </div>
   <div class='ocr_carea' id='block_1_20' title="bbox 423 1903 2020 1979">
    <p class='ocr_par' dir='ltr' id='par_1_20' title="bbox 423 1903 2020 1979">
     <span class='ocr_line' id='line_1_20' title="bbox 423 1903 2020 1979; baseline -0.004 -14"><span class='ocrx_word' id='word_1_124' title='bbox 423 1908 548 1965; x_wconf 81' lang='lat' dir='ltr'><strong>Non</strong></span> <span class='ocrx_word' id='word_1_125' title='bbox 579 1906 847 1962; x_wconf 89' lang='lat' dir='ltr'><strong>debemus</strong></span> <span class='ocrx_word' id='word_1_126' title='bbox 883 1905 1047 1979; x_wconf 82' lang='lat' dir='ltr'><strong>igitur</strong></span> <span class='ocrx_word' id='word_1_127' title='bbox 1078 1904 1383 1961; x_wconf 90' lang='lat' dir='ltr'><strong>secundum</strong></span> <span class='ocrx_word' id='word_1_128' title='bbox 1420 1914 1666 1961; x_wconf 86' lang='lat' dir='ltr'><strong>veterem</strong></span> <span class='ocrx_word' id='word_1_129' title='bbox 1692 1920 1909 1961; x_wconf 92' lang='lat' dir='ltr'><strong>morem</strong></span> <span class='ocrx_word' id='word_1_130' title='bbox 1940 1903 2020 1960; x_wconf 90' lang='lat' dir='ltr'><strong>vi-</strong></span> 
     </span>
    </p>
   </div>
   <div class='ocr_carea' id='block_1_21' title="bbox 422 2014 683 2057">
    <p class='ocr_par' dir='ltr' id='par_1_21' title="bbox 422 2014 683 2057">
     <span class='ocr_line' id='line_1_21' title="bbox 422 2014 683 2057; baseline 0.008 -2"><span class='ocrx_word' id='word_1_131' title='bbox 422 2014 572 2057; x_wconf 91' lang='lat' dir='ltr'><strong>vere.</strong></span> <span class='ocrx_word' id='word_1_132' title='bbox 678 2016 683 2021; x_wconf 81' lang='grc'><strong>’</strong></span> 
     </span>
    </p>
   </div>
   <div class='ocr_carea' id='block_1_22' title="bbox 497 2085 2019 2151">
    <p class='ocr_par' dir='ltr' id='par_1_22' title="bbox 497 2085 2019 2151">
     <span class='ocr_line' id='line_1_22' title="bbox 497 2085 2019 2151; baseline 0 -6"><span class='ocrx_word' id='word_1_133' title='bbox 497 2112 526 2139; x_wconf 77' lang='grc' dir='ltr'><strong>ι</strong></span> <span class='ocrx_word' id='word_1_134' title='bbox 566 2091 762 2146; x_wconf 85' lang='lat' dir='ltr'><strong>Vetera</strong></span> <span class='ocrx_word' id='word_1_135' title='bbox 798 2089 1157 2151; x_wconf 85' lang='lat' dir='ltr'><strong>transierunt,</strong></span> <span class='ocrx_word' id='word_1_136' title='bbox 1195 2101 1321 2144; x_wconf 89' lang='lat' dir='ltr'><strong>ecce</strong></span> <span class='ocrx_word' id='word_1_137' title='bbox 1356 2102 1494 2143; x_wconf 86' lang='lat' dir='ltr'><strong>nova</strong></span> <span class='ocrx_word' id='word_1_138' title='bbox 1535 2085 1680 2143; x_wconf 89' lang='lat' dir='ltr'><strong>facta</strong></span> <span class='ocrx_word' id='word_1_139' title='bbox 1717 2095 1850 2143; x_wconf 89' lang='lat' dir='ltr'><strong>sunt</strong></span> <span class='ocrx_word' id='word_1_140' title='bbox 1896 2104 2019 2145; x_wconf 82' lang='lat' dir='ltr'><strong>om-</strong></span> 
     </span>
    </p>
   </div>
   <div class='ocr_carea' id='block_1_23' title="bbox 419 2176 2023 2249">
    <p class='ocr_par' dir='ltr' id='par_1_23' title="bbox 419 2176 2023 2249">
     <span class='ocr_line' id='line_1_23' title="bbox 419 2176 2023 2249; baseline -0.001 -14"><span class='ocrx_word' id='word_1_141' title='bbox 419 2179 534 2235; x_wconf 85' lang='lat' dir='ltr'><strong>nia.</strong></span> <span class='ocrx_word' id='word_1_142' title='bbox 577 2200 605 2228; x_wconf 71' lang='grc' dir='ltr'><strong>ι</strong></span> <span class='ocrx_word' id='word_1_143' title='bbox 660 2177 855 2249; x_wconf 87' lang='lat' dir='ltr'><strong>Qualia</strong></span> <span class='ocrx_word' id='word_1_144' title='bbox 904 2182 1120 2235; x_wconf 82' lang='lat' dir='ltr'><strong>vetera?</strong></span> <span class='ocrx_word' id='word_1_145' title='bbox 1155 2186 1441 2248; x_wconf 90' lang='lat' dir='ltr'><strong>peccatum</strong></span> <span class='ocrx_word' id='word_1_146' title='bbox 1479 2184 1535 2232; x_wconf 92' lang='lat' dir='ltr'><strong>et</strong></span> <span class='ocrx_word' id='word_1_147' title='bbox 1591 2176 1833 2234; x_wconf 64' lang='lat' dir='ltr'><strong>Judaicaa</strong></span> <span class='ocrx_word' id='word_1_148' title='bbox 1875 2194 2023 2235; x_wconf 88' lang='lat' dir='ltr'><strong>cere-</strong></span> 
     </span>
    </p>
   </div>
   <div class='ocr_carea' id='block_1_24' title="bbox 422 2266 2020 2341">
    <p class='ocr_par' dir='ltr' id='par_1_24' title="bbox 422 2266 2020 2341">
     <span class='ocr_line' id='line_1_24' title="bbox 422 2266 2020 2341; baseline 0.001 -16"><span class='ocrx_word' id='word_1_149' title='bbox 422 2268 650 2325; x_wconf 66' lang='lat' dir='ltr'><strong>moniaa.</strong></span> <span class='ocrx_word' id='word_1_150' title='bbox 703 2269 846 2323; x_wconf 84' lang='lat' dir='ltr'><strong>Nam</strong></span> <span class='ocrx_word' id='word_1_151' title='bbox 889 2274 1041 2322; x_wconf 88' lang='lat' dir='ltr'><strong>vetus</strong></span> <span class='ocrx_word' id='word_1_152' title='bbox 1103 2274 1385 2337; x_wconf 90' lang='lat' dir='ltr'><strong>peccatum</strong></span> <span class='ocrx_word' id='word_1_153' title='bbox 1432 2266 1715 2336; x_wconf 80' lang='lat' dir='ltr'><strong>praeteriit,</strong></span> <span class='ocrx_word' id='word_1_154' title='bbox 1771 2284 2020 2341; x_wconf 86' lang='lat' dir='ltr'><strong>novaque</strong></span> 
     </span>
    </p>
   </div>
   <div class='ocr_carea' id='block_1_25' title="bbox 422 2355 2020 2429">
    <p class='ocr_par' dir='ltr' id='par_1_25' title="bbox 422 2355 2020 2429">
     <span class='ocr_line' id='line_1_25' title="bbox 422 2355 2020 2429; baseline 0.001 -16"><span class='ocrx_word' id='word_1_155' title='bbox 422 2356 583 2414; x_wconf 91' lang='lat' dir='ltr'><strong>nobis</strong></span> <span class='ocrx_word' id='word_1_156' title='bbox 611 2357 819 2425; x_wconf 89' lang='lat' dir='ltr'><strong>anima,</strong></span> <span class='ocrx_word' id='word_1_157' title='bbox 857 2364 914 2411; x_wconf 91' lang='lat' dir='ltr'><strong>et</strong></span> <span class='ocrx_word' id='word_1_158' title='bbox 942 2372 1151 2411; x_wconf 86' lang='lat' dir='ltr'><strong>novum</strong></span> <span class='ocrx_word' id='word_1_159' title='bbox 1192 2371 1394 2426; x_wconf 90' lang='lat' dir='ltr'><strong>corpus</strong></span> <span class='ocrx_word' id='word_1_160' title='bbox 1424 2355 1633 2412; x_wconf 83' lang='lat' dir='ltr'><strong>factum</strong></span> <span class='ocrx_word' id='word_1_161' title='bbox 1676 2365 1779 2425; x_wconf 90' lang='lat' dir='ltr'><strong>est,</strong></span> <span class='ocrx_word' id='word_1_162' title='bbox 1818 2366 1876 2413; x_wconf 91' lang='lat' dir='ltr'><strong>et</strong></span> <span class='ocrx_word' id='word_1_163' title='bbox 1922 2375 2020 2429; x_wconf 92' lang='lat' dir='ltr'><strong>pro</strong></span> 
     </span>
    </p>
   </div>
   <div class='ocr_carea' id='block_1_26' title="bbox 420 2442 2017 2504">
    <p class='ocr_par' dir='ltr' id='par_1_26' title="bbox 420 2442 2017 2504">
     <span class='ocr_line' id='line_1_26' title="bbox 420 2442 2017 2504; baseline -0.001 -1"><span class='ocrx_word' id='word_1_164' title='bbox 420 2445 665 2504; x_wconf 86' lang='lat' dir='ltr'><strong>Judaicis</strong></span> <span class='ocrx_word' id='word_1_165' title='bbox 694 2442 954 2500; x_wconf 89' lang='lat' dir='ltr'><strong>omnibus</strong></span> <span class='ocrx_word' id='word_1_166' title='bbox 1006 2459 1145 2499; x_wconf 88' lang='lat' dir='ltr'><strong>nova</strong></span> <span class='ocrx_word' id='word_1_167' title='bbox 1193 2444 1358 2501; x_wconf 90' lang='lat' dir='ltr'><strong>nobis</strong></span> <span class='ocrx_word' id='word_1_168' title='bbox 1413 2443 1550 2498; x_wconf 82' lang='lat' dir='ltr'><strong>facta</strong></span> <span class='ocrx_word' id='word_1_169' title='bbox 1599 2453 1729 2500; x_wconf 90' lang='lat' dir='ltr'><strong>sunt</strong></span> <span class='ocrx_word' id='word_1_170' title='bbox 1768 2446 1951 2501; x_wconf 88' lang='lat' dir='ltr'><strong>omnia</strong></span> <span class='ocrx_word' id='word_1_171' title='bbox 2002 2463 2017 2501; x_wconf 88' lang='lat'><strong>:</strong></span> 
     </span>
    </p>
   </div>
   <div class='ocr_carea' id='block_1_27' title="bbox 422 2532 2016 2608">
    <p class='ocr_par' dir='ltr' id='par_1_27' title="bbox 422 2532 2016 2608">
     <span class='ocr_line' id='line_1_27' title="bbox 422 2532 2016 2608; baseline 0 -18"><span class='ocrx_word' id='word_1_172' title='bbox 422 2551 524 2608; x_wconf 91' lang='lat' dir='ltr'><strong>pro</strong></span> <span class='ocrx_word' id='word_1_173' title='bbox 554 2534 692 2607; x_wconf 84' lang='lat' dir='ltr'><strong>lege,</strong></span> <span class='ocrx_word' id='word_1_174' title='bbox 746 2533 1139 2605; x_wconf 86' lang='lat' dir='ltr'><strong>Evangelium;</strong></span> <span class='ocrx_word' id='word_1_175' title='bbox 1180 2549 1278 2605; x_wconf 93' lang='lat' dir='ltr'><strong>pro</strong></span> <span class='ocrx_word' id='word_1_176' title='bbox 1326 2532 1746 2606; x_wconf 86' lang='lat' dir='ltr'><strong>Hierosolymis,</strong></span> <span class='ocrx_word' id='word_1_177' title='bbox 1788 2535 2016 2602; x_wconf 77' lang='lat' dir='ltr'><strong>coelum;</strong></span> 
     </span>
    </p>
   </div>
   <div class='ocr_carea' id='block_1_28' title="bbox 420 2623 2022 2697">
    <p class='ocr_par' dir='ltr' id='par_1_28' title="bbox 420 2623 2022 2697">
     <span class='ocr_line' id='line_1_28' title="bbox 420 2623 2022 2697; baseline -0.001 -17"><span class='ocrx_word' id='word_1_178' title='bbox 420 2639 523 2697; x_wconf 90' lang='lat' dir='ltr'><strong>pro</strong></span> <span class='ocrx_word' id='word_1_179' title='bbox 562 2623 791 2695; x_wconf 91' lang='lat' dir='ltr'><strong>templo,</strong></span> <span class='ocrx_word' id='word_1_180' title='bbox 836 2624 1066 2680; x_wconf 89' lang='lat' dir='ltr'><strong>interior</strong></span> <span class='ocrx_word' id='word_1_181' title='bbox 1116 2623 1358 2691; x_wconf 87' lang='lat' dir='ltr'><strong>cortina,</strong></span> <span class='ocrx_word' id='word_1_182' title='bbox 1402 2623 1462 2679; x_wconf 93' lang='lat' dir='ltr'><strong>in</strong></span> <span class='ocrx_word' id='word_1_183' title='bbox 1508 2638 1612 2694; x_wconf 89' lang='lat' dir='ltr'><strong>qua</strong></span> <span class='ocrx_word' id='word_1_184' title='bbox 1676 2633 2022 2680; x_wconf 88' lang='lat' dir='ltr'><strong>sacrosancta</strong></span> 
     </span>
    </p>
   </div>
   <div class='ocr_carea' id='block_1_29' title="bbox 421 2711 2023 2785">
    <p class='ocr_par' dir='ltr' id='par_1_29' title="bbox 421 2711 2023 2785">
     <span class='ocr_line' id='line_1_29' title="bbox 421 2711 2023 2785; baseline -0.001 -15"><span class='ocrx_word' id='word_1_185' title='bbox 421 2712 662 2770; x_wconf 90' lang='lat' dir='ltr'><strong>Trinitas</strong></span> <span class='ocrx_word' id='word_1_186' title='bbox 724 2732 743 2783; x_wconf 73' lang='grc' dir='ltr'><strong>ς</strong></span> <span class='ocrx_word' id='word_1_187' title='bbox 802 2729 902 2785; x_wconf 89' lang='lat' dir='ltr'><strong>pro</strong></span> <span class='ocrx_word' id='word_1_188' title='bbox 974 2712 1415 2778; x_wconf 88' lang='lat' dir='ltr'><strong>circumcisione,</strong></span> <span class='ocrx_word' id='word_1_189' title='bbox 1481 2711 1755 2784; x_wconf 87' lang='lat' dir='ltr'><strong>baptisma</strong></span> <span class='ocrx_word' id='word_1_190' title='bbox 1832 2736 1848 2781; x_wconf 86' lang='lat'><strong>;</strong></span> <span class='ocrx_word' id='word_1_191' title='bbox 1922 2729 2023 2785; x_wconf 88' lang='lat' dir='ltr'><strong>pro</strong></span> 
     </span>
    </p>
   </div>
   <div class='ocr_carea' id='block_1_30' title="bbox 421 2799 2021 2872">
    <p class='ocr_par' dir='ltr' id='par_1_30' title="bbox 421 2799 2021 2872">
     <span class='ocr_line' id='line_1_30' title="bbox 421 2799 2021 2872; baseline -0.001 -15"><span class='ocrx_word' id='word_1_192' title='bbox 421 2816 652 2869; x_wconf 89' lang='lat' dir='ltr'><strong>manna,</strong></span> <span class='ocrx_word' id='word_1_193' title='bbox 701 2815 902 2871; x_wconf 87' lang='lat' dir='ltr'><strong>corpus</strong></span> <span class='ocrx_word' id='word_1_194' title='bbox 942 2799 1078 2867; x_wconf 85' lang='lat' dir='ltr'><strong>Dei;</strong></span> <span class='ocrx_word' id='word_1_195' title='bbox 1128 2815 1229 2871; x_wconf 92' lang='lat' dir='ltr'><strong>pro</strong></span> <span class='ocrx_word' id='word_1_196' title='bbox 1278 2815 1439 2872; x_wconf 92' lang='lat' dir='ltr'><strong>aqua,</strong></span> <span class='ocrx_word' id='word_1_197' title='bbox 1486 2801 1708 2871; x_wconf 86' lang='lat' dir='ltr'><strong>sanguis</strong></span> <span class='ocrx_word' id='word_1_198' title='bbox 1760 2800 2021 2869; x_wconf 86' lang='lat' dir='ltr'><strong>Domini;</strong></span> 
     </span>
    </p>
   </div>
   <div class='ocr_carea' id='block_1_31' title="bbox 434 2888 2026 2962">
    <p class='ocr_par' dir='ltr' id='par_1_31' title="bbox 434 2888 2026 2962">
     <span class='ocr_line' id='line_1_31' title="bbox 434 2888 2026 2962; baseline 0.001 -17"><span class='ocrx_word' id='word_1_199' title='bbox 434 2905 538 2962; x_wconf 91' lang='lat' dir='ltr'><strong>pro</strong></span> <span class='ocrx_word' id='word_1_200' title='bbox 568 2890 717 2961; x_wconf 87' lang='lat' dir='ltr'><strong>virga</strong></span> <span class='ocrx_word' id='word_1_201' title='bbox 755 2888 926 2945; x_wconf 87' lang='lat' dir='ltr'><strong>Mosis</strong></span> <span class='ocrx_word' id='word_1_202' title='bbox 955 2888 1041 2944; x_wconf 89' lang='lat' dir='ltr'><strong>vel</strong></span> <span class='ocrx_word' id='word_1_203' title='bbox 1079 2890 1337 2955; x_wconf 85' lang='lat' dir='ltr'><strong>Aaronis,</strong></span> <span class='ocrx_word' id='word_1_204' title='bbox 1371 2905 1537 2956; x_wconf 79' lang='lat' dir='ltr'><strong>crux;</strong></span> <span class='ocrx_word' id='word_1_205' title='bbox 1574 2905 1674 2961; x_wconf 91' lang='lat' dir='ltr'><strong>pro</strong></span> <span class='ocrx_word' id='word_1_206' title='bbox 1712 2904 1877 2961; x_wconf 87' lang='lat' dir='ltr'><strong>agno,</strong></span> <span class='ocrx_word' id='word_1_207' title='bbox 1928 2890 2026 2946; x_wconf 90' lang='lat' dir='ltr'><strong>Fi-</strong></span> 
     </span>
    </p>
   </div>
   <div class='ocr_carea' id='block_1_32' title="bbox 424 2977 2021 3050">
    <p class='ocr_par' dir='ltr' id='par_1_32' title="bbox 424 2977 2021 3050">
     <span class='ocr_line' id='line_1_32' title="bbox 424 2977 2021 3050; baseline 0 -14"><span class='ocrx_word' id='word_1_208' title='bbox 424 2977 531 3036; x_wconf 86' lang='lat' dir='ltr'><strong>lius</strong></span> <span class='ocrx_word' id='word_1_209' title='bbox 587 2977 726 3048; x_wconf 83' lang='lat' dir='ltr'><strong>Dei;</strong></span> <span class='ocrx_word' id='word_1_210' title='bbox 763 2978 1085 3050; x_wconf 72' lang='lat' dir='ltr'><strong>Lomniaque</strong></span> <span class='ocrx_word' id='word_1_211' title='bbox 1147 2978 1251 3035; x_wconf 90' lang='lat' dir='ltr'><strong>alia</strong></span> <span class='ocrx_word' id='word_1_212' title='bbox 1293 2977 1549 3035; x_wconf 89' lang='lat' dir='ltr'><strong>eamdem</strong></span> <span class='ocrx_word' id='word_1_213' title='bbox 1617 2977 1685 3034; x_wconf 88' lang='lat' dir='ltr'><strong>ad</strong></span> <span class='ocrx_word' id='word_1_214' title='bbox 1732 2979 2021 3037; x_wconf 89' lang='lat' dir='ltr'><strong>rationem.</strong></span> 
     </span>
    </p>
   </div>
   <div class='ocr_carea' id='block_1_33' title="bbox 496 3154 2025 3229">
    <p class='ocr_par' dir='ltr' id='par_1_33' title="bbox 496 3154 2025 3229">
     <span class='ocr_line' id='line_1_33' title="bbox 496 3154 2025 3229; baseline 0.001 -16"><span class='ocrx_word' id='word_1_215' title='bbox 496 3158 682 3214; x_wconf 77' lang='lat' dir='ltr'><strong>Vnns.</strong></span> <span class='ocrx_word' id='word_1_216' title='bbox 717 3161 805 3213; x_wconf 82' lang='lat'><strong>18.</strong></span> <span class='ocrx_word' id='word_1_217' title='bbox 832 3178 859 3205; x_wconf 75' lang='grc' dir='ltr'><strong>σι</strong></span> <span class='ocrx_word' id='word_1_218' title='bbox 884 3154 1088 3212; x_wconf 88' lang='lat' dir='ltr'><strong>Omnia</strong></span> <span class='ocrx_word' id='word_1_219' title='bbox 1125 3162 1312 3211; x_wconf 88' lang='lat' dir='ltr'><strong>autem</strong></span> <span class='ocrx_word' id='word_1_220' title='bbox 1332 3170 1396 3211; x_wconf 89' lang='lat' dir='ltr'><strong>ex</strong></span> <span class='ocrx_word' id='word_1_221' title='bbox 1415 3156 1555 3223; x_wconf 91' lang='lat' dir='ltr'><strong>Deo,</strong></span> <span class='ocrx_word' id='word_1_222' title='bbox 1582 3156 1679 3229; x_wconf 89' lang='lat' dir='ltr'><strong>qui</strong></span> <span class='ocrx_word' id='word_1_223' title='bbox 1699 3157 2025 3215; x_wconf 90' lang='lat' dir='ltr'><strong>reconcilia-</strong></span> 
     </span>
    </p>
   </div>
   <div class='ocr_carea' id='block_1_34' title="bbox 425 3244 2025 3318">
    <p class='ocr_par' dir='ltr' id='par_1_34' title="bbox 425 3244 2025 3318">
     <span class='ocr_line' id='line_1_34' title="bbox 425 3244 2025 3318; baseline 0.001 -15"><span class='ocrx_word' id='word_1_224' title='bbox 425 3246 502 3303; x_wconf 92' lang='lat' dir='ltr'><strong>vit</strong></span> <span class='ocrx_word' id='word_1_225' title='bbox 537 3261 644 3303; x_wconf 89' lang='lat' dir='ltr'><strong>nos</strong></span> <span class='ocrx_word' id='word_1_226' title='bbox 679 3244 887 3316; x_wconf 90' lang='lat' dir='ltr'><strong>sibiipsi</strong></span> <span class='ocrx_word' id='word_1_227' title='bbox 916 3261 1012 3318; x_wconf 90' lang='lat' dir='ltr'><strong>per</strong></span> <span class='ocrx_word' id='word_1_228' title='bbox 1032 3247 1223 3301; x_wconf 88' lang='lat' dir='ltr'><strong>Jesum</strong></span> <span class='ocrx_word' id='word_1_229' title='bbox 1258 3244 1618 3301; x_wconf 79' lang='lat' dir='ltr'><strong>Christum.»</strong></span> <span class='ocrx_word' id='word_1_230' title='bbox 1650 3247 1784 3303; x_wconf 67' lang='lat' dir='ltr'><strong>Haec</strong></span> <span class='ocrx_word' id='word_1_231' title='bbox 1831 3248 2025 3305; x_wconf 88' lang='lat' dir='ltr'><strong>omnia</strong></span> 
     </span>
    </p>
   </div>
   <div class='ocr_carea' id='block_1_35' title="bbox 2054 1990 2101 2052">
    <p class='ocr_par' dir='ltr' id='par_1_35' title="bbox 2054 1990 2101 2052">
     <span class='ocr_line' id='line_1_35' title="bbox 2054 1990 2101 2052; baseline 0 0"><span class='ocrx_word' id='word_1_232' title='bbox 2054 1990 2101 2052; x_wconf 90' lang='grc' dir='ltr'><strong>Β</strong></span> 
     </span>
    </p>
   </div>
   <div class='ocr_carea' id='block_1_36' title="bbox 2131 642 3721 733">
    <p class='ocr_par' dir='ltr' id='par_1_36' title="bbox 2131 642 3721 733">
     <span class='ocr_line' id='line_1_36' title="bbox 2131 642 3721 733; baseline 0.003 -24"><span class='ocrx_word' id='word_1_233' title='bbox 2131 650 2267 719; x_wconf 87' lang='grc' dir='ltr'>τίαις</span> <span class='ocrx_word' id='word_1_234' title='bbox 2314 642 2460 727; x_wconf 72' lang='grc' dir='ltr'>ὦμεν</span> <span class='ocrx_word' id='word_1_235' title='bbox 2492 675 2504 687; x_wconf 81' lang='grc'><strong><em>⁸</em></strong></span> <span class='ocrx_word' id='word_1_236' title='bbox 2566 652 2659 712; x_wconf 71' lang='grc' dir='ltr'><strong>καὶ</strong></span> <span class='ocrx_word' id='word_1_237' title='bbox 2704 653 2822 713; x_wconf 84' lang='grc' dir='ltr'>τότε</span> <span class='ocrx_word' id='word_1_238' title='bbox 2870 652 2947 730; x_wconf 80' lang='grc' dir='ltr'><strong>μὴ</strong></span> <span class='ocrx_word' id='word_1_239' title='bbox 2998 642 3099 729; x_wconf 16' lang='grc' dir='ltr'>ήζῇν</span> <span class='ocrx_word' id='word_1_240' title='bbox 3153 642 3294 713; x_wconf 80' lang='grc' dir='ltr'>κατὰ</span> <span class='ocrx_word' id='word_1_241' title='bbox 3347 655 3559 733; x_wconf 90' lang='grc' dir='ltr'>σάρκα,</span> <span class='ocrx_word' id='word_1_242' title='bbox 3593 642 3721 714; x_wconf 75' lang='grc' dir='ltr'>ὅταν</span> 
     </span>
    </p>
   </div>
   <div class='ocr_carea' id='block_1_37' title="bbox 2129 740 3722 824">
    <p class='ocr_par' dir='ltr' id='par_1_37' title="bbox 2129 740 3722 824">
     <span class='ocr_line' id='line_1_37' title="bbox 2129 740 3722 824; baseline 0.003 -24"><span class='ocrx_word' id='word_1_243' title='bbox 2129 740 2206 817; x_wconf 87' lang='grc' dir='ltr'><strong>μὴ</strong></span> <span class='ocrx_word' id='word_1_244' title='bbox 2254 742 2669 821; x_wconf 82' lang='grc' dir='ltr'>ἁμαρτάνωμεν.</span> <span class='ocrx_word' id='word_1_245' title='bbox 2706 742 2776 804; x_wconf 69' lang='grc' dir='ltr'>Ὀ</span> <span class='ocrx_word' id='word_1_246' title='bbox 2826 742 2880 802; x_wconf 79' lang='grc' dir='ltr'>δὲ</span> <span class='ocrx_word' id='word_1_247' title='bbox 2911 743 3144 824; x_wconf 82' lang='grc' dir='ltr'>Χριστὸς</span> <span class='ocrx_word' id='word_1_248' title='bbox 3189 744 3329 803; x_wconf 80' lang='grc' dir='ltr'>κατὰ</span> <span class='ocrx_word' id='word_1_249' title='bbox 3369 744 3545 824; x_wconf 91' lang='grc' dir='ltr'>σάρκα</span> <span class='ocrx_word' id='word_1_250' title='bbox 3574 747 3722 823; x_wconf 81' lang='grc' dir='ltr'>λέγε-</span> 
     </span>
    </p>
   </div>
   <div class='ocr_carea' id='block_1_38' title="bbox 2128 831 3718 911">
    <p class='ocr_par' dir='ltr' id='par_1_38' title="bbox 2128 831 3718 911">
     <span class='ocr_line' id='line_1_38' title="bbox 2128 831 3718 911; baseline 0.003 -22"><span class='ocrx_word' id='word_1_251' title='bbox 2128 854 2217 889; x_wconf 88' lang='grc' dir='ltr'><strong>ται</strong></span> <span class='ocrx_word' id='word_1_252' title='bbox 2251 836 2443 905; x_wconf 84' lang='grc' dir='ltr'>ζῆσαι,</span> <span class='ocrx_word' id='word_1_253' title='bbox 2485 832 2570 891; x_wconf 74' lang='grc' dir='ltr'>ὅτε</span> <span class='ocrx_word' id='word_1_254' title='bbox 2600 833 2738 891; x_wconf 83' lang='grc' dir='ltr'>κατὰ</span> <span class='ocrx_word' id='word_1_255' title='bbox 2772 831 2835 891; x_wconf 78' lang='grc' dir='ltr'><strong>τὰ</strong></span> <span class='ocrx_word' id='word_1_256' title='bbox 2884 833 3083 911; x_wconf 78' lang='grc' dir='ltr'>φυσικὰ</span> <span class='ocrx_word' id='word_1_257' title='bbox 3115 835 3208 892; x_wconf 78' lang='grc' dir='ltr'><strong>καὶ</strong></span> <span class='ocrx_word' id='word_1_258' title='bbox 3236 834 3541 907; x_wconf 79' lang='grc' dir='ltr'>ἄδιάϐλητα</span> <span class='ocrx_word' id='word_1_259' title='bbox 3573 835 3718 907; x_wconf 83' lang='grc' dir='ltr'>πάθη</span> 
     </span>
    </p>
   </div>
   <div class='ocr_carea' id='block_1_39' title="bbox 2130 921 3723 1002">
    <p class='ocr_par' dir='ltr' id='par_1_39' title="bbox 2130 921 3723 1002">
     <span class='ocr_line' id='line_1_39' title="bbox 2130 921 3723 1002; baseline 0.002 -23"><span class='ocrx_word' id='word_1_260' title='bbox 2130 921 2244 995; x_wconf 82' lang='grc' dir='ltr'>ἔζη,</span> <span class='ocrx_word' id='word_1_261' title='bbox 2277 926 2491 997; x_wconf 79' lang='grc' dir='ltr'>πεινῶν,</span> <span class='ocrx_word' id='word_1_262' title='bbox 2528 924 2723 1002; x_wconf 75' lang='grc' dir='ltr'>διψῶν,</span> <span class='ocrx_word' id='word_1_263' title='bbox 2754 925 2958 996; x_wconf 77' lang='grc' dir='ltr'>ὑπνῶν,</span> <span class='ocrx_word' id='word_1_264' title='bbox 3006 928 3227 982; x_wconf 80' lang='grc' dir='ltr'>κοπιῶν.</span> <span class='ocrx_word' id='word_1_265' title='bbox 3280 927 3391 986; x_wconf 86' lang='grc' dir='ltr'>Νῦν</span> <span class='ocrx_word' id='word_1_266' title='bbox 3429 923 3508 997; x_wconf 79' lang='grc' dir='ltr'>δὲ,</span> <span class='ocrx_word' id='word_1_267' title='bbox 3543 924 3723 983; x_wconf 77' lang='grc' dir='ltr'>οὐκέτι</span> 
     </span>
    </p>
   </div>
   <div class='ocr_carea' id='block_1_40' title="bbox 2129 1010 3724 1092">
    <p class='ocr_par' dir='ltr' id='par_1_40' title="bbox 2129 1010 3724 1092">
     <span class='ocr_line' id='line_1_40' title="bbox 2129 1010 3724 1092; baseline 0.002 -24"><span class='ocrx_word' id='word_1_268' title='bbox 2129 1010 2268 1069; x_wconf 84' lang='grc' dir='ltr'>κατὰ</span> <span class='ocrx_word' id='word_1_269' title='bbox 2343 1012 2537 1091; x_wconf 90' lang='grc' dir='ltr'>σάρκα·</span> <span class='ocrx_word' id='word_1_270' title='bbox 2594 1012 2857 1085; x_wconf 81' lang='grc' dir='ltr'><strong>τουτέστι,</strong></span> <span class='ocrx_word' id='word_1_271' title='bbox 2917 1012 3118 1071; x_wconf 78' lang='grc' dir='ltr'>τούτων</span> <span class='ocrx_word' id='word_1_272' title='bbox 3173 1016 3279 1072; x_wconf 76' lang='grc' dir='ltr'><strong>τῶν</strong></span> <span class='ocrx_word' id='word_1_273' title='bbox 3350 1017 3584 1092; x_wconf 75' lang='grc' dir='ltr'><strong>φυσικῶν</strong></span> <span class='ocrx_word' id='word_1_274' title='bbox 3634 1015 3724 1073; x_wconf 80' lang='grc' dir='ltr'>καὶ</span> 
     </span>
    </p>
   </div>
   <div class='ocr_carea' id='block_1_41' title="bbox 2132 1099 3724 1181">
    <p class='ocr_par' dir='ltr' id='par_1_41' title="bbox 2132 1099 3724 1181">
     <span class='ocr_line' id='line_1_41' title="bbox 2132 1099 3724 1181; baseline 0.003 -24"><span class='ocrx_word' id='word_1_275' title='bbox 2132 1099 2471 1173; x_wconf 80' lang='grc' dir='ltr'>ἆδιαϐλήτων</span> <span class='ocrx_word' id='word_1_276' title='bbox 2516 1102 2831 1178; x_wconf 76' lang='grc' dir='ltr'>ἀπηλλάγη,</span> <span class='ocrx_word' id='word_1_277' title='bbox 2868 1101 3065 1169; x_wconf 75' lang='grc' dir='ltr'>ἀπαθὲς</span> <span class='ocrx_word' id='word_1_278' title='bbox 3114 1103 3205 1161; x_wconf 81' lang='grc' dir='ltr'><strong>καὶ</strong></span> <span class='ocrx_word' id='word_1_279' title='bbox 3245 1101 3513 1181; x_wconf 76' lang='grc' dir='ltr'>ἀκήρατον</span> <span class='ocrx_word' id='word_1_280' title='bbox 3565 1105 3724 1181; x_wconf 81' lang='grc' dir='ltr'>σῶμα</span> 
     </span>
    </p>
   </div>
   <div class='ocr_carea' id='block_1_42' title="bbox 2131 1186 3725 1272">
    <p class='ocr_par' dir='ltr' id='par_1_42' title="bbox 2131 1186 3725 1272">
     <span class='ocr_line' id='line_1_42' title="bbox 2131 1186 3725 1272; baseline 0.004 -27"><span class='ocrx_word' id='word_1_281' title='bbox 2131 1186 2308 1267; x_wconf 82' lang='grc' dir='ltr'>ἔχων·</span> <span class='ocrx_word' id='word_1_282' title='bbox 2338 1188 2457 1264; x_wconf 75' lang='grc' dir='ltr'>ἵνα,</span> <span class='ocrx_word' id='word_1_283' title='bbox 2510 1190 2677 1272; x_wconf 74' lang='grc' dir='ltr'>φησὶ,</span> <span class='ocrx_word' id='word_1_284' title='bbox 2722 1193 2935 1258; x_wconf 86' lang='grc' dir='ltr'>πάντως</span> <span class='ocrx_word' id='word_1_285' title='bbox 2983 1191 3074 1250; x_wconf 76' lang='grc' dir='ltr'><strong>καὶ</strong></span> <span class='ocrx_word' id='word_1_286' title='bbox 3119 1196 3262 1269; x_wconf 78' lang='grc' dir='ltr'>ἡμᾶς</span> <span class='ocrx_word' id='word_1_287' title='bbox 3304 1195 3364 1251; x_wconf 77' lang='grc' dir='ltr'>ἐκ</span> <span class='ocrx_word' id='word_1_288' title='bbox 3416 1192 3725 1270; x_wconf 79' lang='grc' dir='ltr'><strong>περιουσίας</strong></span> 
     </span>
    </p>
   </div>
   <div class='ocr_carea' id='block_1_43' title="bbox 2131 1278 3721 1363">
    <p class='ocr_par' dir='ltr' id='par_1_43' title="bbox 2131 1278 3721 1363">
     <span class='ocr_line' id='line_1_43' title="bbox 2131 1278 3721 1363; baseline 0.003 -26"><span class='ocrx_word' id='word_1_289' title='bbox 2131 1278 2315 1359; x_wconf 84' lang='grc' dir='ltr'>διδάξῃ</span> <span class='ocrx_word' id='word_1_290' title='bbox 2369 1278 2563 1355; x_wconf 77' lang='grc' dir='ltr'>μηκέτι</span> <span class='ocrx_word' id='word_1_291' title='bbox 2606 1283 2701 1358; x_wconf 81' lang='grc' dir='ltr'><strong>ζῆν</strong></span> <span class='ocrx_word' id='word_1_292' title='bbox 2748 1278 2888 1340; x_wconf 79' lang='grc' dir='ltr'>κατὰ</span> <span class='ocrx_word' id='word_1_293' title='bbox 2932 1280 3139 1360; x_wconf 86' lang='grc' dir='ltr'>σάρκα,</span> <span class='ocrx_word' id='word_1_294' title='bbox 3182 1281 3273 1340; x_wconf 80' lang='grc' dir='ltr'>καὶ</span> <span class='ocrx_word' id='word_1_295' title='bbox 3313 1280 3721 1363; x_wconf 76' lang='grc' dir='ltr'>ἂμαρτητικῷς,</span> 
     </span>
    </p>
   </div>
   <div class='ocr_carea' id='block_1_44' title="bbox 2131 1368 2699 1447">
    <p class='ocr_par' dir='ltr' id='par_1_44' title="bbox 2131 1368 2699 1447">
     <span class='ocr_line' id='line_1_44' title="bbox 2131 1368 2699 1447; baseline 0.002 -20"><span class='ocrx_word' id='word_1_296' title='bbox 2131 1368 2270 1429; x_wconf 77' lang='grc' dir='ltr'>ἀλλὰ</span> <span class='ocrx_word' id='word_1_297' title='bbox 2300 1369 2440 1430; x_wconf 79' lang='grc' dir='ltr'>κατὰ</span> <span class='ocrx_word' id='word_1_298' title='bbox 2463 1373 2699 1447; x_wconf 90' lang='grc' dir='ltr'>πνεῦμα.</span> 
     </span>
    </p>
   </div>
   <div class='ocr_carea' id='block_1_45' title="bbox 2212 1632 3723 1715">
    <p class='ocr_par' dir='ltr' id='par_1_45' title="bbox 2212 1632 3723 1715">
     <span class='ocr_line' id='line_1_45' title="bbox 2212 1632 3723 1715; baseline 0.001 -22"><span class='ocrx_word' id='word_1_299' title='bbox 2212 1660 2236 1686; x_wconf 78' lang='grc' dir='ltr'>ι</span> <span class='ocrx_word' id='word_1_300' title='bbox 2286 1632 2462 1693; x_wconf 83' lang='grc' dir='ltr'>Ὥστε</span> <span class='ocrx_word' id='word_1_301' title='bbox 2499 1633 2652 1700; x_wconf 80' lang='grc' dir='ltr'>εἴτις</span> <span class='ocrx_word' id='word_1_302' title='bbox 2680 1635 2733 1692; x_wconf 80' lang='grc' dir='ltr'>ἐν</span> <span class='ocrx_word' id='word_1_303' title='bbox 2782 1635 3021 1715; x_wconf 82' lang='grc' dir='ltr'>Χριστῷ,</span> <span class='ocrx_word' id='word_1_304' title='bbox 3054 1632 3212 1706; x_wconf 79' lang='grc' dir='ltr'>καινὴ</span> <span class='ocrx_word' id='word_1_305' title='bbox 3261 1634 3449 1702; x_wconf 87' lang='grc' dir='ltr'>κτίσις.</span> <span class='ocrx_word' id='word_1_306' title='bbox 3490 1661 3516 1689; x_wconf 74' lang='grc' dir='ltr'><strong>ι</strong></span> <span class='ocrx_word' id='word_1_307' title='bbox 3550 1635 3619 1695; x_wconf 77' lang='grc' dir='ltr'><strong>Εἴ</strong></span> <span class='ocrx_word' id='word_1_308' title='bbox 3648 1660 3723 1703; x_wconf 86' lang='grc' dir='ltr'><strong>τις</strong></span> 
     </span>
    </p>
   </div>
   <div class='ocr_carea' id='block_1_46' title="bbox 2130 1715 3725 1805">
    <p class='ocr_par' dir='ltr' id='par_1_46' title="bbox 2130 1715 3725 1805">
     <span class='ocr_line' id='line_1_46' title="bbox 2130 1715 3725 1805; baseline 0.001 -24"><span class='ocrx_word' id='word_1_309' title='bbox 2130 1722 2404 1782; x_wconf 68' lang='grc' dir='ltr'>ἐπίστευσε</span> <span class='ocrx_word' id='word_1_310' title='bbox 2450 1727 2527 1805; x_wconf 83' lang='grc' dir='ltr'><strong>τῷ</strong></span> <span class='ocrx_word' id='word_1_311' title='bbox 2560 1724 2811 1803; x_wconf 81' lang='grc' dir='ltr'>Χριστῷ,</span> <span class='ocrx_word' id='word_1_312' title='bbox 2858 1725 2930 1789; x_wconf 86' lang='grc' dir='ltr'><strong>εἰς</strong></span> <span class='ocrx_word' id='word_1_313' title='bbox 2958 1721 3141 1802; x_wconf 79' lang='grc' dir='ltr'>ἑτέραν</span> <span class='ocrx_word' id='word_1_314' title='bbox 3174 1721 3521 1805; x_wconf 73' lang='grc' dir='ltr'>δημιουργίαν</span> <span class='ocrx_word' id='word_1_315' title='bbox 3563 1715 3725 1801; x_wconf 74' lang='grc' dir='ltr'>ἦλθε,</span> 
     </span>
    </p>
   </div>
   <div class='ocr_carea' id='block_1_47' title="bbox 2131 1804 3724 1894">
    <p class='ocr_par' dir='ltr' id='par_1_47' title="bbox 2131 1804 3724 1894">
     <span class='ocr_line' id='line_1_47' title="bbox 2131 1804 3724 1894; baseline 0.001 -23"><span class='ocrx_word' id='word_1_316' title='bbox 2131 1813 2223 1871; x_wconf 82' lang='grc' dir='ltr'>καὶ</span> <span class='ocrx_word' id='word_1_317' title='bbox 2250 1814 2344 1872; x_wconf 88' lang='grc' dir='ltr'>νέα</span> <span class='ocrx_word' id='word_1_318' title='bbox 2375 1804 2544 1881; x_wconf 84' lang='grc' dir='ltr'>κτίσις</span> <span class='ocrx_word' id='word_1_319' title='bbox 2583 1812 2808 1893; x_wconf 77' lang='grc' dir='ltr'>ἐγένετο.</span> <span class='ocrx_word' id='word_1_320' title='bbox 2848 1814 2970 1876; x_wconf 84' lang='grc' dir='ltr'><strong>Οὐκ</strong></span> <span class='ocrx_word' id='word_1_321' title='bbox 3014 1811 3297 1894; x_wconf 79' lang='grc' dir='ltr'>ὀφείλομεν</span> <span class='ocrx_word' id='word_1_322' title='bbox 3335 1804 3427 1874; x_wconf 71' lang='grc' dir='ltr'><strong>οὖν</strong></span> <span class='ocrx_word' id='word_1_323' title='bbox 3466 1813 3607 1875; x_wconf 79' lang='grc' dir='ltr'>κατὰ</span> <span class='ocrx_word' id='word_1_324' title='bbox 3655 1813 3724 1874; x_wconf 75' lang='grc' dir='ltr'><strong>τὰ</strong></span> 
     </span>
    </p>
   </div>
   <div class='ocr_carea' id='block_1_48' title="bbox 2130 1901 2493 1982">
    <p class='ocr_par' dir='ltr' id='par_1_48' title="bbox 2130 1901 2493 1982">
     <span class='ocr_line' id='line_1_48' title="bbox 2130 1901 2493 1982; baseline 0.011 -21"><span class='ocrx_word' id='word_1_325' title='bbox 2130 1901 2340 1962; x_wconf 80' lang='grc' dir='ltr'>παλαιὰ</span> <span class='ocrx_word' id='word_1_326' title='bbox 2375 1905 2493 1982; x_wconf 80' lang='grc' dir='ltr'>ζῇν.</span> 
     </span>
    </p>
   </div>
   <div class='ocr_carea' id='block_1_49' title="bbox 2214 2084 3727 2166">
    <p class='ocr_par' dir='ltr' id='par_1_49' title="bbox 2214 2084 3727 2166">
     <span class='ocr_line' id='line_1_49' title="bbox 2214 2084 3727 2166; baseline 0 -22"><span class='ocrx_word' id='word_1_327' title='bbox 2214 2107 2243 2144; x_wconf 70' lang='grc' dir='ltr'><strong>ε</strong></span> <span class='ocrx_word' id='word_1_328' title='bbox 2295 2084 2381 2147; x_wconf 78' lang='grc' dir='ltr'><strong>Τὰ</strong></span> <span class='ocrx_word' id='word_1_329' title='bbox 2436 2087 2640 2166; x_wconf 78' lang='grc' dir='ltr'>ἀρχαῖα</span> <span class='ocrx_word' id='word_1_330' title='bbox 2687 2087 2977 2165; x_wconf 85' lang='grc' dir='ltr'>παρῆλθεν·</span> <span class='ocrx_word' id='word_1_331' title='bbox 3025 2084 3137 2145; x_wconf 72' lang='grc' dir='ltr'>ἰδοὺ</span> <span class='ocrx_word' id='word_1_332' title='bbox 3190 2084 3376 2166; x_wconf 73' lang='grc' dir='ltr'>γέγονε</span> <span class='ocrx_word' id='word_1_333' title='bbox 3432 2085 3500 2146; x_wconf 75' lang='grc' dir='ltr'><strong>τὰ</strong></span> <span class='ocrx_word' id='word_1_334' title='bbox 3550 2084 3727 2145; x_wconf 87' lang='grc' dir='ltr'>πάντα</span> 
     </span>
    </p>
   </div>
   <div class='ocr_carea' id='block_1_50' title="bbox 2129 2174 3729 2257">
    <p class='ocr_par' dir='ltr' id='par_1_50' title="bbox 2129 2174 3729 2257">
     <span class='ocr_line' id='line_1_50' title="bbox 2129 2174 3729 2257; baseline -0.001 -22"><span class='ocrx_word' id='word_1_335' title='bbox 2129 2174 2309 2236; x_wconf 89' lang='grc' dir='ltr'>καινά.</span> <span class='ocrx_word' id='word_1_336' title='bbox 2347 2203 2370 2227; x_wconf 77' lang='grc' dir='ltr'>ι·</span> <span class='ocrx_word' id='word_1_337' title='bbox 2403 2178 2545 2235; x_wconf 87' lang='grc' dir='ltr'>Ποῖα</span> <span class='ocrx_word' id='word_1_338' title='bbox 2579 2178 2812 2257; x_wconf 83' lang='grc' dir='ltr'>άρχαῖα;</span> <span class='ocrx_word' id='word_1_339' title='bbox 2852 2175 2961 2236; x_wconf 78' lang='grc' dir='ltr'><strong>Καὶ</strong></span> <span class='ocrx_word' id='word_1_340' title='bbox 2989 2175 3058 2235; x_wconf 78' lang='grc' dir='ltr'><strong>τὰ</strong></span> <span class='ocrx_word' id='word_1_341' title='bbox 3089 2179 3184 2247; x_wconf 89' lang='grc' dir='ltr'><strong>τῆς</strong></span> <span class='ocrx_word' id='word_1_342' title='bbox 3214 2174 3510 2254; x_wconf 71' lang='grc' dir='ltr'>ἁμαρτίας,</span> <span class='ocrx_word' id='word_1_343' title='bbox 3541 2174 3633 2235; x_wconf 78' lang='grc' dir='ltr'>καὶ</span> <span class='ocrx_word' id='word_1_344' title='bbox 3660 2174 3729 2234; x_wconf 75' lang='grc' dir='ltr'><strong>τὰ</strong></span> 
     </span>
    </p>
   </div>
   <div class='ocr_carea' id='block_1_51' title="bbox 2130 2264 3728 2345">
    <p class='ocr_par' dir='ltr' id='par_1_51' title="bbox 2130 2264 3728 2345">
     <span class='ocr_line' id='line_1_51' title="bbox 2130 2264 3728 2345; baseline -0.004 -18"><span class='ocrx_word' id='word_1_345' title='bbox 2130 2264 2420 2327; x_wconf 76' lang='grc' dir='ltr'>Ἰουδαῖκάο</span> <span class='ocrx_word' id='word_1_346' title='bbox 2476 2264 2569 2325; x_wconf 80' lang='grc' dir='ltr'>καὶ</span> <span class='ocrx_word' id='word_1_347' title='bbox 2614 2265 2717 2345; x_wconf 78' lang='grc' dir='ltr'><strong>γὰρ</strong></span> <span class='ocrx_word' id='word_1_348' title='bbox 2763 2264 2857 2325; x_wconf 73' lang='grc' dir='ltr'><strong>καὶ</strong></span> <span class='ocrx_word' id='word_1_349' title='bbox 2910 2264 3117 2324; x_wconf 77' lang='grc' dir='ltr'>παλαιὰ</span> <span class='ocrx_word' id='word_1_350' title='bbox 3184 2264 3423 2345; x_wconf 75' lang='grc' dir='ltr'>ἁμαρτία</span> <span class='ocrx_word' id='word_1_351' title='bbox 3468 2266 3728 2345; x_wconf 75' lang='grc' dir='ltr'>παρῆλθε,</span> 
     </span>
    </p>
   </div>
   <div class='ocr_carea' id='block_1_52' title="bbox 2130 2352 3732 2436">
    <p class='ocr_par' dir='ltr' id='par_1_52' title="bbox 2130 2352 3732 2436">
     <span class='ocr_line' id='line_1_52' title="bbox 2130 2352 3732 2436; baseline -0.002 -21"><span class='ocrx_word' id='word_1_352' title='bbox 2130 2356 2221 2416; x_wconf 77' lang='grc' dir='ltr'><strong>καὶ</strong></span> <span class='ocrx_word' id='word_1_353' title='bbox 2252 2353 2411 2427; x_wconf 85' lang='grc' dir='ltr'>καινὴ</span> <span class='ocrx_word' id='word_1_354' title='bbox 2458 2358 2588 2432; x_wconf 73' lang='grc' dir='ltr'>ἡμῖν</span> <span class='ocrx_word' id='word_1_355' title='bbox 2619 2354 2798 2436; x_wconf 76' lang='grc' dir='ltr'>ψυχὴ,</span> <span class='ocrx_word' id='word_1_356' title='bbox 2831 2353 2925 2413; x_wconf 79' lang='grc' dir='ltr'><strong>καὶ</strong></span> <span class='ocrx_word' id='word_1_357' title='bbox 2953 2355 3136 2414; x_wconf 83' lang='grc' dir='ltr'>καινὸν</span> <span class='ocrx_word' id='word_1_358' title='bbox 3181 2358 3339 2431; x_wconf 81' lang='grc' dir='ltr'>σῶμα</span> <span class='ocrx_word' id='word_1_359' title='bbox 3387 2352 3591 2432; x_wconf 73' lang='grc' dir='ltr'>γέγονε·</span> <span class='ocrx_word' id='word_1_360' title='bbox 3639 2352 3732 2412; x_wconf 78' lang='grc' dir='ltr'>καὶ</span> 
     </span>
    </p>
   </div>
   <div class='ocr_carea' id='block_1_53' title="bbox 2133 2442 3731 2518">
    <p class='ocr_par' dir='ltr' id='par_1_53' title="bbox 2133 2442 3731 2518">
     <span class='ocr_line' id='line_1_53' title="bbox 2133 2442 3731 2518; baseline -0.002 -15"><span class='ocrx_word' id='word_1_361' title='bbox 2133 2444 2250 2504; x_wconf 77' lang='grc' dir='ltr'>ἀντὶ</span> <span class='ocrx_word' id='word_1_362' title='bbox 2298 2448 2404 2503; x_wconf 78' lang='grc' dir='ltr'><strong>τῶν</strong></span> <span class='ocrx_word' id='word_1_363' title='bbox 2451 2442 2766 2504; x_wconf 79' lang='grc' dir='ltr'>Ἰουδαϊκῶν</span> <span class='ocrx_word' id='word_1_364' title='bbox 2828 2444 3083 2518; x_wconf 89' lang='grc' dir='ltr'>πάντων,</span> <span class='ocrx_word' id='word_1_365' title='bbox 3139 2443 3299 2503; x_wconf 76' lang='grc' dir='ltr'>καινὰ</span> <span class='ocrx_word' id='word_1_366' title='bbox 3354 2446 3485 2516; x_wconf 82' lang='grc' dir='ltr'>ἡμῖν</span> <span class='ocrx_word' id='word_1_367' title='bbox 3538 2442 3731 2501; x_wconf 88' lang='grc' dir='ltr'>πάντα·</span> 
     </span>
    </p>
   </div>
   <div class='ocr_carea' id='block_1_54' title="bbox 2132 2530 3729 2612">
    <p class='ocr_par' dir='ltr' id='par_1_54' title="bbox 2132 2530 3729 2612">
     <span class='ocr_line' id='line_1_54' title="bbox 2132 2530 3729 2612; baseline -0.003 -17"><span class='ocrx_word' id='word_1_368' title='bbox 2132 2534 2249 2596; x_wconf 70' lang='grc' dir='ltr'>ἀντὶ</span> <span class='ocrx_word' id='word_1_369' title='bbox 2320 2539 2414 2593; x_wconf 86' lang='grc' dir='ltr'><strong>τοῦ</strong></span> <span class='ocrx_word' id='word_1_370' title='bbox 2476 2534 2677 2612; x_wconf 88' lang='grc' dir='ltr'>νόμου,</span> <span class='ocrx_word' id='word_1_371' title='bbox 2757 2534 3100 2611; x_wconf 76' lang='grc' dir='ltr'>Εὖαγγέλιονο</span> <span class='ocrx_word' id='word_1_372' title='bbox 3157 2533 3275 2592; x_wconf 74' lang='grc' dir='ltr'>ἀντὶ</span> <span class='ocrx_word' id='word_1_373' title='bbox 3347 2530 3729 2609; x_wconf 81' lang='grc' dir='ltr'>Ἰερουσαλὴμ,</span> 
     </span>
    </p>
   </div>
   <div class='ocr_carea' id='block_1_55' title="bbox 2130 2620 3732 2704">
    <p class='ocr_par' dir='ltr' id='par_1_55' title="bbox 2130 2620 3732 2704">
     <span class='ocr_line' id='line_1_55' title="bbox 2130 2620 3732 2704; baseline -0.002 -21"><span class='ocrx_word' id='word_1_374' title='bbox 2130 2621 2369 2704; x_wconf 81' lang='grc' dir='ltr'>οὐρανός·</span> <span class='ocrx_word' id='word_1_375' title='bbox 2418 2624 2534 2704; x_wconf 72' lang='grc' dir='ltr'>ἀντὶ</span> <span class='ocrx_word' id='word_1_376' title='bbox 2564 2627 2693 2681; x_wconf 90' lang='grc' dir='ltr'>ναοῦ</span> <span class='ocrx_word' id='word_1_377' title='bbox 2714 2667 2733 2697; x_wconf 92' lang='grc'><strong>,</strong></span> <span class='ocrx_word' id='word_1_378' title='bbox 2763 2622 2825 2683; x_wconf 84' lang='grc' dir='ltr'><strong>τὸ</strong></span> <span class='ocrx_word' id='word_1_379' title='bbox 2870 2621 3126 2701; x_wconf 75' lang='grc' dir='ltr'>ἐσώτερον</span> <span class='ocrx_word' id='word_1_380' title='bbox 3186 2626 3279 2680; x_wconf 90' lang='grc' dir='ltr'><strong>τοῦ</strong></span> <span class='ocrx_word' id='word_1_381' title='bbox 3310 2620 3732 2698; x_wconf 83' lang='grc' dir='ltr'>καταπετάσμα-</span> 
     </span>
    </p>
   </div>
   <div class='ocr_carea' id='block_1_56' title="bbox 2131 2703 3730 2793">
    <p class='ocr_par' dir='ltr' id='par_1_56' title="bbox 2131 2703 3730 2793">
     <span class='ocr_line' id='line_1_56' title="bbox 2131 2703 3730 2793; baseline -0.003 -21"><span class='ocrx_word' id='word_1_382' title='bbox 2131 2736 2248 2783; x_wconf 89' lang='grc' dir='ltr'>τος,</span> <span class='ocrx_word' id='word_1_383' title='bbox 2302 2715 2355 2771; x_wconf 79' lang='grc' dir='ltr'>ἐν</span> <span class='ocrx_word' id='word_1_384' title='bbox 2428 2703 2473 2793; x_wconf 70' lang='grc' dir='ltr'><em>ᾧ</em></span> <span class='ocrx_word' id='word_1_385' title='bbox 2523 2716 2558 2785; x_wconf 80' lang='grc' dir='ltr'><strong>ἡ</strong></span> <span class='ocrx_word' id='word_1_386' title='bbox 2614 2712 2800 2791; x_wconf 74' lang='grc' dir='ltr'>Τριάςο</span> <span class='ocrx_word' id='word_1_387' title='bbox 2854 2712 2973 2771; x_wconf 80' lang='grc' dir='ltr'>ἀντὶ</span> <span class='ocrx_word' id='word_1_388' title='bbox 3045 2712 3359 2791; x_wconf 80' lang='grc' dir='ltr'>περιτομῆς,</span> <span class='ocrx_word' id='word_1_389' title='bbox 3430 2711 3730 2793; x_wconf 72' lang='grc' dir='ltr'>βάπτισμα·</span> 
     </span>
    </p>
   </div>
   <div class='ocr_carea' id='block_1_57' title="bbox 2134 2789 3732 2881">
    <p class='ocr_par' dir='ltr' id='par_1_57' title="bbox 2134 2789 3732 2881">
     <span class='ocr_line' id='line_1_57' title="bbox 2134 2789 3732 2881; baseline -0.003 -19"><span class='ocrx_word' id='word_1_390' title='bbox 2134 2802 2251 2862; x_wconf 80' lang='grc' dir='ltr'>ἀντὶ</span> <span class='ocrx_word' id='word_1_391' title='bbox 2280 2806 2372 2861; x_wconf 88' lang='grc' dir='ltr'><strong>τοῦ</strong></span> <span class='ocrx_word' id='word_1_392' title='bbox 2417 2789 2613 2881; x_wconf 85' lang='grc' dir='ltr'>μάννα,</span> <span class='ocrx_word' id='word_1_393' title='bbox 2664 2789 2825 2877; x_wconf 80' lang='grc' dir='ltr'>σῶμα</span> <span class='ocrx_word' id='word_1_394' title='bbox 2870 2803 3032 2861; x_wconf 91' lang='grc' dir='ltr'>Θεοῦ·</span> <span class='ocrx_word' id='word_1_395' title='bbox 3075 2789 3193 2859; x_wconf 78' lang='grc' dir='ltr'>ἀντὶ</span> <span class='ocrx_word' id='word_1_396' title='bbox 3220 2805 3312 2859; x_wconf 89' lang='grc' dir='ltr'><strong>τοῦ</strong></span> <span class='ocrx_word' id='word_1_397' title='bbox 3341 2799 3553 2878; x_wconf 80' lang='grc' dir='ltr'>ὕδατος,</span> <span class='ocrx_word' id='word_1_398' title='bbox 3594 2789 3732 2876; x_wconf 70' lang='grc' dir='ltr'>αἷμα</span> 
     </span>
    </p>
   </div>
   <div class='ocr_carea' id='block_1_58' title="bbox 2134 2887 3733 2972">
    <p class='ocr_par' dir='ltr' id='par_1_58' title="bbox 2134 2887 3733 2972">
     <span class='ocr_line' id='line_1_58' title="bbox 2134 2887 3733 2972; baseline -0.003 -19"><span class='ocrx_word' id='word_1_399' title='bbox 2134 2891 2432 2953; x_wconf 84' lang='grc' dir='ltr'>Δεσπότου’</span> <span class='ocrx_word' id='word_1_400' title='bbox 2515 2890 2634 2949; x_wconf 73' lang='grc' dir='ltr'>ἀντὶ</span> <span class='ocrx_word' id='word_1_401' title='bbox 2708 2890 2906 2972; x_wconf 77' lang='grc' dir='ltr'>ῥάϐδου</span> <span class='ocrx_word' id='word_1_402' title='bbox 2981 2889 3222 2956; x_wconf 80' lang='grc' dir='ltr'><strong>Μωσέως</strong></span> <span class='ocrx_word' id='word_1_403' title='bbox 3278 2889 3315 2961; x_wconf 75' lang='grc' dir='ltr'><strong>ἢ</strong></span> <span class='ocrx_word' id='word_1_404' title='bbox 3394 2887 3632 2970; x_wconf 81' lang='grc' dir='ltr'>Ἀαρὼν,</span> <span class='ocrx_word' id='word_1_405' title='bbox 3704 2894 3733 2948; x_wconf 80' lang='grc' dir='ltr'>ὁ</span> 
     </span>
    </p>
   </div>
   <div class='ocr_carea' id='block_1_59' title="bbox 2135 2977 3733 3059">
    <p class='ocr_par' dir='ltr' id='par_1_59' title="bbox 2135 2977 3733 3059">
     <span class='ocr_line' id='line_1_59' title="bbox 2135 2977 3733 3059; baseline -0.004 -17"><span class='ocrx_word' id='word_1_406' title='bbox 2135 2980 2378 3059; x_wconf 83' lang='grc' dir='ltr'>σταυρός’</span> <span class='ocrx_word' id='word_1_407' title='bbox 2436 2981 2552 3041; x_wconf 74' lang='grc' dir='ltr'>ἆντὶ</span> <span class='ocrx_word' id='word_1_408' title='bbox 2595 2986 2689 3040; x_wconf 89' lang='grc' dir='ltr'><strong>τοῦ</strong></span> <span class='ocrx_word' id='word_1_409' title='bbox 2740 2982 2936 3058; x_wconf 81' lang='grc' dir='ltr'>ἀμνοῦ,</span> <span class='ocrx_word' id='word_1_410' title='bbox 3001 2980 3131 3047; x_wconf 74' lang='grc' dir='ltr'>Υἱὸς</span> <span class='ocrx_word' id='word_1_411' title='bbox 3187 2981 3351 3042; x_wconf 71' lang='grc' dir='ltr'>Θεοῦ·</span> <span class='ocrx_word' id='word_1_412' title='bbox 3405 2977 3499 3037; x_wconf 78' lang='grc' dir='ltr'>καὶ</span> <span class='ocrx_word' id='word_1_413' title='bbox 3553 2977 3733 3037; x_wconf 87' lang='grc' dir='ltr'>πάντα</span> 
     </span>
    </p>
   </div>
   <div class='ocr_carea' id='block_1_60' title="bbox 2134 3068 2608 3137">
    <p class='ocr_par' dir='ltr' id='par_1_60' title="bbox 2134 3068 2608 3137">
     <span class='ocr_line' id='line_1_60' title="bbox 2134 3068 2608 3137; baseline 0.004 -8"><span class='ocrx_word' id='word_1_414' title='bbox 2134 3071 2306 3130; x_wconf 79' lang='grc' dir='ltr'>τᾶλλα</span> <span class='ocrx_word' id='word_1_415' title='bbox 2334 3068 2608 3137; x_wconf 80' lang='grc' dir='ltr'>ὡσαύτως.</span> 
     </span>
    </p>
   </div>
   <div class='ocr_carea' id='block_1_61' title="bbox 2223 3155 3735 3234">
    <p class='ocr_par' dir='ltr' id='par_1_61' title="bbox 2223 3155 3735 3234">
     <span class='ocr_line' id='line_1_61' title="bbox 2223 3155 3735 3234; baseline -0.002 -15"><span class='ocrx_word' id='word_1_416' title='bbox 2223 3180 2254 3218; x_wconf 79' lang='grc' dir='ltr'><strong>σ</strong></span> <span class='ocrx_word' id='word_1_417' title='bbox 2284 3160 2373 3219; x_wconf 81' lang='grc' dir='ltr'><strong>Τὰ</strong></span> <span class='ocrx_word' id='word_1_418' title='bbox 2412 3159 2467 3219; x_wconf 80' lang='grc' dir='ltr'>δὲ</span> <span class='ocrx_word' id='word_1_419' title='bbox 2500 3161 2679 3219; x_wconf 86' lang='grc' dir='ltr'>πάντα</span> <span class='ocrx_word' id='word_1_420' title='bbox 2710 3160 2771 3218; x_wconf 80' lang='grc' dir='ltr'><strong>ἐκ</strong></span> <span class='ocrx_word' id='word_1_421' title='bbox 2801 3160 2949 3219; x_wconf 87' lang='grc' dir='ltr'>Θεοῦ</span> <span class='ocrx_word' id='word_1_422' title='bbox 2989 3164 3084 3219; x_wconf 89' lang='grc' dir='ltr'><strong>τοῦ</strong></span> <span class='ocrx_word' id='word_1_423' title='bbox 3129 3155 3562 3227; x_wconf 80' lang='grc' dir='ltr'>καταλλάξαντος</span> <span class='ocrx_word' id='word_1_424' title='bbox 3590 3158 3735 3234; x_wconf 77' lang='grc' dir='ltr'>ἡμᾶς</span> 
     </span>
    </p>
   </div>
   <div class='ocr_carea' id='block_1_62' title="bbox 2135 3245 3735 3329">
    <p class='ocr_par' dir='ltr' id='par_1_62' title="bbox 2135 3245 3735 3329">
     <span class='ocr_line' id='line_1_62' title="bbox 2135 3245 3735 3329; baseline -0.001 -23"><span class='ocrx_word' id='word_1_425' title='bbox 2135 3250 2309 3328; x_wconf 80' lang='grc' dir='ltr'>ἑαυτῷ</span> <span class='ocrx_word' id='word_1_426' title='bbox 2354 3247 2441 3308; x_wconf 76' lang='grc' dir='ltr'><strong>διὰ</strong></span> <span class='ocrx_word' id='word_1_427' title='bbox 2490 3251 2670 3321; x_wconf 87' lang='grc' dir='ltr'>Ἰησοῦ</span> <span class='ocrx_word' id='word_1_428' title='bbox 2713 3250 2973 3329; x_wconf 88' lang='grc' dir='ltr'>Χριστοῦ.</span> <span class='ocrx_word' id='word_1_429' title='bbox 3022 3269 3055 3307; x_wconf 71' lang='grc' dir='ltr'><strong>ν</strong></span> <span class='ocrx_word' id='word_1_430' title='bbox 3107 3249 3298 3309; x_wconf 89' lang='grc' dir='ltr'>Ταῦτα</span> <span class='ocrx_word' id='word_1_431' title='bbox 3347 3248 3401 3308; x_wconf 85' lang='grc' dir='ltr'>δὲ</span> <span class='ocrx_word' id='word_1_432' title='bbox 3447 3245 3627 3306; x_wconf 90' lang='grc' dir='ltr'>πάντα</span> <span class='ocrx_word' id='word_1_433' title='bbox 3674 3247 3735 3305; x_wconf 75' lang='grc' dir='ltr'>ἐκ</span> 
     </span>
    </p>
   </div>
   <div class='ocr_carea' id='block_1_63' title="bbox 422 3334 2023 3417">
    <p class='ocr_par' dir='ltr' id='par_1_63' title="bbox 422 3334 2021 3409">
     <span class='ocr_line' id='line_1_63' title="bbox 422 3334 2021 3409; baseline -0.001 -15"><span class='ocrx_word' id='word_1_434' title='bbox 422 3335 591 3394; x_wconf 90' lang='lat' dir='ltr'><strong>nobis</strong></span> <span class='ocrx_word' id='word_1_435' title='bbox 608 3334 735 3391; x_wconf 87' lang='lat' dir='ltr'><strong>data</strong></span> <span class='ocrx_word' id='word_1_436' title='bbox 762 3343 893 3391; x_wconf 89' lang='lat' dir='ltr'><strong>sunt</strong></span> <span class='ocrx_word' id='word_1_437' title='bbox 915 3350 945 3390; x_wconf 91' lang='lat' dir='ltr'><strong>a</strong></span> <span class='ocrx_word' id='word_1_438' title='bbox 982 3338 1125 3398; x_wconf 83' lang='lat' dir='ltr'><strong>Deo,</strong></span> <span class='ocrx_word' id='word_1_439' title='bbox 1154 3335 1247 3407; x_wconf 92' lang='lat' dir='ltr'><strong>qui</strong></span> <span class='ocrx_word' id='word_1_440' title='bbox 1276 3335 1650 3391; x_wconf 87' lang='lat' dir='ltr'><strong>reconciliavit</strong></span> <span class='ocrx_word' id='word_1_441' title='bbox 1684 3351 1787 3392; x_wconf 90' lang='lat' dir='ltr'><strong>nos</strong></span> <span class='ocrx_word' id='word_1_442' title='bbox 1816 3337 2021 3409; x_wconf 86' lang='lat' dir='ltr'><strong>sibiipsi</strong></span> 
     </span>
    </p>
   </div>
   <div class='ocr_carea' id='block_1_64' title="bbox 2133 3334 3736 3417">
    <p class='ocr_par' dir='ltr' id='par_1_64' title="bbox 2133 3337 3736 3415">
     <span class='ocr_line' id='line_1_64' title="bbox 2133 3337 3736 3415; baseline -0.002 -17"><span class='ocrx_word' id='word_1_443' title='bbox 2133 3339 2275 3398; x_wconf 85' lang='grc' dir='ltr'>Θεοῦ</span> <span class='ocrx_word' id='word_1_444' title='bbox 2345 3341 2477 3415; x_wconf 83' lang='grc' dir='ltr'>ἡμῖν</span> <span class='ocrx_word' id='word_1_445' title='bbox 2537 3338 2778 3412; x_wconf 84' lang='grc' dir='ltr'>δέδοται,</span> <span class='ocrx_word' id='word_1_446' title='bbox 2842 3342 2936 3398; x_wconf 89' lang='grc' dir='ltr'><strong>τοῦ</strong></span> <span class='ocrx_word' id='word_1_447' title='bbox 3004 3337 3544 3407; x_wconf 78' lang='grc' dir='ltr'>ᾶποκαταλλάξαντος</span> <span class='ocrx_word' id='word_1_448' title='bbox 3591 3339 3736 3411; x_wconf 76' lang='grc' dir='ltr'>ἡμᾶς</span> 
     </span>
    </p>
   </div>
   <div class='ocr_carea' id='block_1_65' title="bbox 424 3424 2023 3500">
    <p class='ocr_par' dir='ltr' id='par_1_65' title="bbox 424 3424 2023 3500">
     <span class='ocr_line' id='line_1_65' title="bbox 424 3424 2023 3500; baseline -0.001 -18"><span class='ocrx_word' id='word_1_449' title='bbox 424 3440 523 3500; x_wconf 89' lang='lat' dir='ltr'><strong>per</strong></span> <span class='ocrx_word' id='word_1_450' title='bbox 568 3424 1017 3481; x_wconf 87' lang='lat' dir='ltr'><strong>intercessionem</strong></span> <span class='ocrx_word' id='word_1_451' title='bbox 1046 3424 1168 3482; x_wconf 92' lang='lat' dir='ltr'><strong>Filii</strong></span> <span class='ocrx_word' id='word_1_452' title='bbox 1223 3424 1304 3480; x_wconf 87' lang='lat' dir='ltr'><strong>sui</strong></span> <span class='ocrx_word' id='word_1_453' title='bbox 1330 3424 1375 3481; x_wconf 90' lang='lat'><strong>&#39;.</strong></span> <span class='ocrx_word' id='word_1_454' title='bbox 1415 3426 1545 3480; x_wconf 89' lang='lat' dir='ltr'><strong>Non</strong></span> <span class='ocrx_word' id='word_1_455' title='bbox 1591 3425 1739 3481; x_wconf 88' lang='lat' dir='ltr'><strong>enim</strong></span> <span class='ocrx_word' id='word_1_456' title='bbox 1786 3441 1887 3481; x_wconf 90' lang='lat' dir='ltr'><strong>nos</strong></span> <span class='ocrx_word' id='word_1_457' title='bbox 1922 3426 2023 3497; x_wconf 88' lang='lat' dir='ltr'><strong>ipsi</strong></span> 
     </span>
    </p>
   </div>
   <div class='ocr_carea' id='block_1_66' title="bbox 424 3512 2024 3588">
    <p class='ocr_par' dir='ltr' id='par_1_66' title="bbox 424 3512 2024 3588">
     <span class='ocr_line' id='line_1_66' title="bbox 424 3512 2024 3588; baseline -0.001 -15"><span class='ocrx_word' id='word_1_458' title='bbox 424 3515 784 3583; x_wconf 69' lang='lat' dir='ltr'><strong>occurrimus,</strong></span> <span class='ocrx_word' id='word_1_459' title='bbox 834 3512 933 3571; x_wconf 88' lang='lat' dir='ltr'><strong>sed</strong></span> <span class='ocrx_word' id='word_1_460' title='bbox 976 3514 1093 3587; x_wconf 88' lang='lat' dir='ltr'><strong>ipse</strong></span> <span class='ocrx_word' id='word_1_461' title='bbox 1138 3529 1243 3571; x_wconf 90' lang='lat' dir='ltr'><strong>nos</strong></span> <span class='ocrx_word' id='word_1_462' title='bbox 1287 3514 1501 3570; x_wconf 86' lang='lat' dir='ltr'><strong>vocavit</strong></span> <span class='ocrx_word' id='word_1_463' title='bbox 1528 3530 1625 3588; x_wconf 90' lang='lat' dir='ltr'><strong>per</strong></span> <span class='ocrx_word' id='word_1_464' title='bbox 1652 3524 1889 3572; x_wconf 91' lang='lat' dir='ltr'><strong>mortem</strong></span> <span class='ocrx_word' id='word_1_465' title='bbox 1931 3517 2024 3574; x_wconf 88' lang='lat' dir='ltr'><strong>Fi-</strong></span> 
     </span>
    </p>
   </div>
   <div class='ocr_carea' id='block_1_67' title="bbox 425 3604 628 3663">
    <p class='ocr_par' dir='ltr' id='par_1_67' title="bbox 425 3604 628 3663">
     <span class='ocr_line' id='line_1_67' title="bbox 425 3604 628 3663; baseline -0.01 0"><span class='ocrx_word' id='word_1_466' title='bbox 425 3605 486 3663; x_wconf 87' lang='lat' dir='ltr'><strong>lii</strong></span> <span class='ocrx_word' id='word_1_467' title='bbox 518 3604 628 3662; x_wconf 90' lang='lat' dir='ltr'><strong>sui.</strong></span> 
     </span>
    </p>
   </div>
   <div class='ocr_carea' id='block_1_68' title="bbox 502 3692 2022 3753">
    <p class='ocr_par' dir='ltr' id='par_1_68' title="bbox 502 3692 2022 3753">
     <span class='ocr_line' id='line_1_68' title="bbox 502 3692 2022 3753; baseline 0 -6"><span class='ocrx_word' id='word_1_468' title='bbox 502 3715 532 3747; x_wconf 79' lang='grc' dir='ltr'><strong>ιι</strong></span> <span class='ocrx_word' id='word_1_469' title='bbox 581 3696 654 3751; x_wconf 87' lang='lat' dir='ltr'><strong>Et</strong></span> <span class='ocrx_word' id='word_1_470' title='bbox 676 3693 826 3751; x_wconf 90' lang='lat' dir='ltr'><strong>dedit</strong></span> <span class='ocrx_word' id='word_1_471' title='bbox 862 3693 1021 3750; x_wconf 90' lang='lat' dir='ltr'><strong>nobis</strong></span> <span class='ocrx_word' id='word_1_472' title='bbox 1065 3692 1432 3751; x_wconf 90' lang='lat' dir='ltr'><strong>ministerium</strong></span> <span class='ocrx_word' id='word_1_473' title='bbox 1467 3694 1947 3753; x_wconf 86' lang='lat' dir='ltr'><strong>reconciliationis.</strong></span> <span class='ocrx_word' id='word_1_474' title='bbox 1993 3718 2022 3747; x_wconf 86' lang='grc'><strong>››</strong></span> 
     </span>
    </p>
   </div>
   <div class='ocr_carea' id='block_1_69' title="bbox 424 3782 2025 3857">
    <p class='ocr_par' dir='ltr' id='par_1_69' title="bbox 424 3782 2025 3857">
     <span class='ocr_line' id='line_1_69' title="bbox 424 3782 2025 3857; baseline -0.001 -14"><span class='ocrx_word' id='word_1_475' title='bbox 424 3786 474 3843; x_wconf 92' lang='lat'><strong>0</strong></span> <span class='ocrx_word' id='word_1_476' title='bbox 498 3782 936 3857; x_wconf 83' lang='lat' dir='ltr'><strong>profunditatem</strong></span> <span class='ocrx_word' id='word_1_477' title='bbox 976 3784 1288 3841; x_wconf 72' lang='lat' dir='ltr'><strong>clementia:</strong></span> <span class='ocrx_word' id='word_1_478' title='bbox 1312 3784 1513 3841; x_wconf 63' lang='lat' dir='ltr'><strong>divinae</strong></span> <span class='ocrx_word' id='word_1_479' title='bbox 1538 3787 1551 3840; x_wconf 72' lang='grc' dir='ltr'><strong>ἓ</strong></span> <span class='ocrx_word' id='word_1_480' title='bbox 1584 3786 1723 3842; x_wconf 90' lang='lat' dir='ltr'><strong>Cum</strong></span> <span class='ocrx_word' id='word_1_481' title='bbox 1750 3785 1900 3841; x_wconf 90' lang='lat' dir='ltr'><strong>enim</strong></span> <span class='ocrx_word' id='word_1_482' title='bbox 1923 3789 2025 3844; x_wconf 88' lang='lat' dir='ltr'><strong>Pa-</strong></span> 
     </span>
    </p>
   </div>
   <div class='ocr_carea' id='block_1_70' title="bbox 422 3873 2026 3947">
    <p class='ocr_par' dir='ltr' id='par_1_70' title="bbox 422 3873 2026 3947">
     <span class='ocr_line' id='line_1_70' title="bbox 422 3873 2026 3947; baseline 0.001 -15"><span class='ocrx_word' id='word_1_483' title='bbox 422 3882 508 3932; x_wconf 84' lang='lat' dir='ltr'><strong>ter</strong></span> <span class='ocrx_word' id='word_1_484' title='bbox 524 3884 581 3931; x_wconf 89' lang='lat' dir='ltr'><strong>et</strong></span> <span class='ocrx_word' id='word_1_485' title='bbox 617 3873 819 3931; x_wconf 89' lang='lat' dir='ltr'><strong>Filium</strong></span> <span class='ocrx_word' id='word_1_486' title='bbox 863 3889 1030 3930; x_wconf 88' lang='lat' dir='ltr'><strong>suum</strong></span> <span class='ocrx_word' id='word_1_487' title='bbox 1059 3874 1301 3947; x_wconf 87' lang='lat' dir='ltr'><strong>legatum</strong></span> <span class='ocrx_word' id='word_1_488' title='bbox 1347 3874 1611 3942; x_wconf 86' lang='lat' dir='ltr'><strong>misisset,</strong></span> <span class='ocrx_word' id='word_1_489' title='bbox 1664 3890 1906 3947; x_wconf 90' lang='lat' dir='ltr'><strong>eumque</strong></span> <span class='ocrx_word' id='word_1_490' title='bbox 1935 3891 2026 3933; x_wconf 90' lang='lat' dir='ltr'><strong>oc-</strong></span> 
     </span>
    </p>
   </div>
   <div class='ocr_carea' id='block_1_71' title="bbox 421 3963 2026 4035">
    <p class='ocr_par' dir='ltr' id='par_1_71' title="bbox 421 3963 2026 4035">
     <span class='ocr_line' id='line_1_71' title="bbox 421 3963 2026 4035; baseline 0.001 -15"><span class='ocrx_word' id='word_1_491' title='bbox 421 3964 600 4021; x_wconf 88' lang='lat' dir='ltr'><strong>cisum</strong></span> <span class='ocrx_word' id='word_1_492' title='bbox 637 3963 982 4035; x_wconf 88' lang='lat' dir='ltr'><strong>conspicatus</strong></span> <span class='ocrx_word' id='word_1_493' title='bbox 1032 3971 1181 4018; x_wconf 89' lang='lat' dir='ltr'><strong>esset</strong></span> <span class='ocrx_word' id='word_1_494' title='bbox 1212 3963 1283 4019; x_wconf 91' lang='lat' dir='ltr'><strong>ab</strong></span> <span class='ocrx_word' id='word_1_495' title='bbox 1336 3963 1404 4019; x_wconf 92' lang='lat' dir='ltr'><strong>iis</strong></span> <span class='ocrx_word' id='word_1_496' title='bbox 1433 3963 1525 4035; x_wconf 92' lang='lat' dir='ltr'><strong>qui</strong></span> <span class='ocrx_word' id='word_1_497' title='bbox 1582 3965 2026 4022; x_wconf 88' lang='lat' dir='ltr'><strong>reconciliatione</strong></span> 
     </span>
    </p>
   </div>
   <div class='ocr_carea' id='block_1_72' title="bbox 424 4052 2023 4125">
    <p class='ocr_par' dir='ltr' id='par_1_72' title="bbox 424 4052 2023 4125">
     <span class='ocr_line' id='line_1_72' title="bbox 424 4052 2023 4125; baseline 0 -14"><span class='ocrx_word' id='word_1_498' title='bbox 424 4053 755 4125; x_wconf 88' lang='lat' dir='ltr'><strong>indigerent,</strong></span> <span class='ocrx_word' id='word_1_499' title='bbox 790 4068 968 4123; x_wconf 88' lang='lat' dir='ltr'><strong>neque</strong></span> <span class='ocrx_word' id='word_1_500' title='bbox 998 4052 1075 4109; x_wconf 90' lang='lat' dir='ltr'><strong>sic</strong></span> <span class='ocrx_word' id='word_1_501' title='bbox 1114 4060 1304 4107; x_wconf 91' lang='lat' dir='ltr'><strong>tamen</strong></span> <span class='ocrx_word' id='word_1_502' title='bbox 1345 4053 1586 4125; x_wconf 84' lang='lat' dir='ltr'><strong>neglexit</strong></span> <span class='ocrx_word' id='word_1_503' title='bbox 1620 4053 1894 4125; x_wconf 89' lang='lat' dir='ltr'><strong>homines,</strong></span> <span class='ocrx_word' id='word_1_504' title='bbox 1932 4071 2023 4111; x_wconf 89' lang='lat' dir='ltr'><strong>ve-</strong></span> 
     </span>
    </p>
   </div>
   <div class='ocr_carea' id='block_1_73' title="bbox 425 4141 2027 4216">
    <p class='ocr_par' dir='ltr' id='par_1_73' title="bbox 425 4141 2027 4216">
     <span class='ocr_line' id='line_1_73' title="bbox 425 4141 2027 4216; baseline 0.001 -18"><span class='ocrx_word' id='word_1_505' title='bbox 425 4157 553 4199; x_wconf 89' lang='lat' dir='ltr'><strong>rum</strong></span> <span class='ocrx_word' id='word_1_506' title='bbox 617 4141 993 4197; x_wconf 87' lang='lat' dir='ltr'><strong>ministerium</strong></span> <span class='ocrx_word' id='word_1_507' title='bbox 1059 4142 1543 4210; x_wconf 85' lang='lat' dir='ltr'><strong>reconciliationis,</strong></span> <span class='ocrx_word' id='word_1_508' title='bbox 1604 4143 1801 4216; x_wconf 89' lang='lat' dir='ltr'><strong>inquit,</strong></span> <span class='ocrx_word' id='word_1_509' title='bbox 1868 4143 2027 4200; x_wconf 90' lang='lat' dir='ltr'><strong>nobis</strong></span> 
     </span>
    </p>
   </div>
   <div class='ocr_carea' id='block_1_74' title="bbox 428 4230 2027 4307">
    <p class='ocr_par' dir='ltr' id='par_1_74' title="bbox 428 4230 2027 4307">
     <span class='ocr_line' id='line_1_74' title="bbox 428 4230 2027 4307; baseline 0.002 -19"><span class='ocrx_word' id='word_1_510' title='bbox 428 4231 691 4303; x_wconf 80' lang='lat' dir='ltr'><strong>apostolis</strong></span> <span class='ocrx_word' id='word_1_511' title='bbox 735 4230 850 4287; x_wconf 87' lang='lat' dir='ltr'><strong>suis</strong></span> <span class='ocrx_word' id='word_1_512' title='bbox 903 4230 1079 4297; x_wconf 90' lang='lat' dir='ltr'><strong>dedit,</strong></span> <span class='ocrx_word' id='word_1_513' title='bbox 1132 4238 1195 4285; x_wconf 90' lang='lat' dir='ltr'><strong>ut</strong></span> <span class='ocrx_word' id='word_1_514' title='bbox 1257 4231 1687 4301; x_wconf 89' lang='lat' dir='ltr'><strong>circumeuntes,</strong></span> <span class='ocrx_word' id='word_1_515' title='bbox 1749 4234 2027 4307; x_wconf 92' lang='lat' dir='ltr'><strong>legatione</strong></span> 
     </span>
    </p>
   </div>
   <div class='ocr_carea' id='block_1_75' title="bbox 428 4318 2027 4397">
    <p class='ocr_par' dir='ltr' id='par_1_75' title="bbox 428 4318 2027 4397">
     <span class='ocr_line' id='line_1_75' title="bbox 428 4318 2027 4397; baseline 0.003 -20"><span class='ocrx_word' id='word_1_516' title='bbox 428 4318 725 4392; x_wconf 80' lang='lat' dir='ltr'><strong>fungamur</strong></span> <span class='ocrx_word' id='word_1_517' title='bbox 760 4319 829 4377; x_wconf 92' lang='lat' dir='ltr'><strong>ad</strong></span> <span class='ocrx_word' id='word_1_518' title='bbox 865 4335 961 4376; x_wconf 87' lang='lat' dir='ltr'><strong>eos</strong></span> <span class='ocrx_word' id='word_1_519' title='bbox 991 4319 1083 4392; x_wconf 91' lang='lat' dir='ltr'><strong>qui</strong></span> <span class='ocrx_word' id='word_1_520' title='bbox 1121 4336 1153 4377; x_wconf 89' lang='lat' dir='ltr'><strong>a</strong></span> <span class='ocrx_word' id='word_1_521' title='bbox 1182 4322 1295 4378; x_wconf 90' lang='lat' dir='ltr'><strong>Deo</strong></span> <span class='ocrx_word' id='word_1_522' title='bbox 1323 4320 1660 4393; x_wconf 86' lang='lat' dir='ltr'><strong>defecerunt,</strong></span> <span class='ocrx_word' id='word_1_523' title='bbox 1707 4338 1915 4397; x_wconf 89' lang='lat' dir='ltr'><strong>eosque</strong></span> <span class='ocrx_word' id='word_1_524' title='bbox 1956 4322 2027 4381; x_wconf 89' lang='lat' dir='ltr'><strong>ad</strong></span> 
     </span>
    </p>
   </div>
   <div class='ocr_carea' id='block_1_76' title="bbox 430 4410 985 4481">
    <p class='ocr_par' dir='ltr' id='par_1_76' title="bbox 430 4410 985 4481">
     <span class='ocr_line' id='line_1_76' title="bbox 430 4410 985 4481; baseline -0.002 -13"><span class='ocrx_word' id='word_1_525' title='bbox 430 4425 562 4468; x_wconf 86' lang='lat' dir='ltr'><strong>eum</strong></span> <span class='ocrx_word' id='word_1_526' title='bbox 598 4410 985 4481; x_wconf 87' lang='lat' dir='ltr'><strong>perducamus.</strong></span> 
     </span>
    </p>
   </div>
   <div class='ocr_carea' id='block_1_77' title="bbox 498 4499 2030 4573">
    <p class='ocr_par' dir='ltr' id='par_1_77' title="bbox 498 4499 2030 4573">
     <span class='ocr_line' id='line_1_77' title="bbox 498 4499 2030 4573; baseline 0.002 -16"><span class='ocrx_word' id='word_1_527' title='bbox 498 4500 680 4557; x_wconf 64' lang='grc' dir='ltr'>νεεδ.</span> <span class='ocrx_word' id='word_1_528' title='bbox 715 4505 800 4556; x_wconf 85' lang='lat'><strong>19.</strong></span> <span class='ocrx_word' id='word_1_529' title='bbox 844 4521 872 4549; x_wconf 85' lang='lat'><strong>«</strong></span> <span class='ocrx_word' id='word_1_530' title='bbox 899 4499 1172 4573; x_wconf 90' lang='lat' dir='ltr'><strong>Quoniam</strong></span> <span class='ocrx_word' id='word_1_531' title='bbox 1200 4501 1425 4573; x_wconf 90' lang='lat' dir='ltr'><strong>quidem</strong></span> <span class='ocrx_word' id='word_1_532' title='bbox 1450 4506 1603 4559; x_wconf 89' lang='lat' dir='ltr'><strong>Deus</strong></span> <span class='ocrx_word' id='word_1_533' title='bbox 1634 4510 1753 4559; x_wconf 90' lang='lat' dir='ltr'><strong>erat</strong></span> <span class='ocrx_word' id='word_1_534' title='bbox 1782 4502 1839 4559; x_wconf 90' lang='lat' dir='ltr'><strong>in</strong></span> <span class='ocrx_word' id='word_1_535' title='bbox 1868 4502 2030 4561; x_wconf 91' lang='lat' dir='ltr'><strong>Chri-</strong></span> 
     </span>
    </p>
   </div>
   <div class='ocr_carea' id='block_1_78' title="bbox 428 4590 2031 4665">
    <p class='ocr_par' dir='ltr' id='par_1_78' title="bbox 428 4590 2031 4665">
     <span class='ocr_line' id='line_1_78' title="bbox 428 4590 2031 4665; baseline 0.002 -19"><span class='ocrx_word' id='word_1_536' title='bbox 428 4596 517 4647; x_wconf 81' lang='lat' dir='ltr'><strong>sto</strong></span> <span class='ocrx_word' id='word_1_537' title='bbox 542 4590 817 4646; x_wconf 89' lang='lat' dir='ltr'><strong>mundum</strong></span> <span class='ocrx_word' id='word_1_538' title='bbox 834 4590 1187 4646; x_wconf 86' lang='lat' dir='ltr'><strong>reconcilians</strong></span> <span class='ocrx_word' id='word_1_539' title='bbox 1202 4592 1325 4657; x_wconf 88' lang='lat' dir='ltr'><strong>sibi,</strong></span> <span class='ocrx_word' id='word_1_540' title='bbox 1345 4608 1457 4647; x_wconf 94' lang='lat' dir='ltr'><strong>non</strong></span> <span class='ocrx_word' id='word_1_541' title='bbox 1484 4593 1766 4665; x_wconf 90' lang='lat' dir='ltr'><strong>imputans</strong></span> <span class='ocrx_word' id='word_1_542' title='bbox 1800 4593 1879 4649; x_wconf 87' lang='lat' dir='ltr'><strong>eis</strong></span> <span class='ocrx_word' id='word_1_543' title='bbox 1907 4610 2031 4665; x_wconf 90' lang='lat' dir='ltr'><strong>pec-</strong></span> 
     </span>
    </p>
   </div>
   <div class='ocr_carea' id='block_1_79' title="bbox 428 4679 2028 4753">
    <p class='ocr_par' dir='ltr' id='par_1_79' title="bbox 428 4679 2028 4753">
     <span class='ocr_line' id='line_1_79' title="bbox 428 4679 2028 4753; baseline 0.001 -18"><span class='ocrx_word' id='word_1_544' title='bbox 428 4687 547 4735; x_wconf 87' lang='lat' dir='ltr'><strong>cata</strong></span> <span class='ocrx_word' id='word_1_545' title='bbox 574 4679 845 4750; x_wconf 87' lang='lat' dir='ltr'><strong>ipsorum.</strong></span> <span class='ocrx_word' id='word_1_546' title='bbox 884 4703 908 4727; x_wconf 71' lang='grc' dir='ltr'><strong>ι</strong></span> <span class='ocrx_word' id='word_1_547' title='bbox 941 4679 1103 4752; x_wconf 90' lang='lat' dir='ltr'><strong>Quod</strong></span> <span class='ocrx_word' id='word_1_548' title='bbox 1136 4696 1240 4735; x_wconf 93' lang='lat' dir='ltr'><strong>nos</strong></span> <span class='ocrx_word' id='word_1_549' title='bbox 1280 4681 1387 4736; x_wconf 88' lang='lat' dir='ltr'><strong>sibi</strong></span> <span class='ocrx_word' id='word_1_550' title='bbox 1413 4681 1531 4752; x_wconf 89' lang='lat' dir='ltr'><strong>ipse</strong></span> <span class='ocrx_word' id='word_1_551' title='bbox 1574 4683 2028 4753; x_wconf 86' lang='lat' dir='ltr'><strong>reconciliaverit,</strong></span> 
     </span>
    </p>
   </div>
   <div class='ocr_carea' id='block_1_80' title="bbox 431 4769 2029 4843">
    <p class='ocr_par' dir='ltr' id='par_1_80' title="bbox 431 4769 2029 4843">
     <span class='ocr_line' id='line_1_80' title="bbox 431 4769 2029 4843; baseline 0.002 -17"><span class='ocrx_word' id='word_1_552' title='bbox 431 4783 599 4840; x_wconf 80' lang='lat' dir='ltr'><strong>supra</strong></span> <span class='ocrx_word' id='word_1_553' title='bbox 619 4770 779 4824; x_wconf 78' lang='lat' dir='ltr'><strong>dixit.</strong></span> <span class='ocrx_word' id='word_1_554' title='bbox 800 4771 881 4824; x_wconf 87' lang='lat' dir='ltr'><strong>Ne</strong></span> <span class='ocrx_word' id='word_1_555' title='bbox 903 4770 1070 4839; x_wconf 73' lang='lat'><strong>272</strong></span> <span class='ocrx_word' id='word_1_556' title='bbox 1084 4771 1203 4840; x_wconf 91' lang='lat' dir='ltr'><strong>quis</strong></span> <span class='ocrx_word' id='word_1_557' title='bbox 1220 4769 1386 4842; x_wconf 88' lang='lat' dir='ltr'><strong>igitur</strong></span> <span class='ocrx_word' id='word_1_558' title='bbox 1413 4771 1561 4826; x_wconf 86' lang='lat' dir='ltr'><strong>dicat</strong></span> <span class='ocrx_word' id='word_1_559' title='bbox 1592 4792 1604 4827; x_wconf 92' lang='lat'><strong>:</strong></span> <span class='ocrx_word' id='word_1_560' title='bbox 1633 4773 1801 4843; x_wconf 82' lang='lat' dir='ltr'><strong>Atqui</strong></span> <span class='ocrx_word' id='word_1_561' title='bbox 1826 4773 2029 4831; x_wconf 91' lang='lat' dir='ltr'><strong>Filium</strong></span> 
     </span>
    </p>
   </div>
   <div class='ocr_carea' id='block_1_81' title="bbox 432 4858 2025 4933">
    <p class='ocr_par' dir='ltr' id='par_1_81' title="bbox 432 4858 2025 4933">
     <span class='ocr_line' id='line_1_81' title="bbox 432 4858 2025 4933; baseline 0.002 -17"><span class='ocrx_word' id='word_1_562' title='bbox 432 4874 600 4916; x_wconf 82' lang='lat' dir='ltr'><strong>suum</strong></span> <span class='ocrx_word' id='word_1_563' title='bbox 638 4858 792 4913; x_wconf 89' lang='lat' dir='ltr'><strong>misit</strong></span> <span class='ocrx_word' id='word_1_564' title='bbox 817 4901 830 4913; x_wconf 92' lang='lat'><strong>.</strong></span> <span class='ocrx_word' id='word_1_565' title='bbox 874 4875 1024 4914; x_wconf 88' lang='lat' dir='ltr'><strong>nunc</strong></span> <span class='ocrx_word' id='word_1_566' title='bbox 1048 4860 1126 4913; x_wconf 88' lang='lat' dir='ltr'><strong>ait</strong></span> <span class='ocrx_word' id='word_1_567' title='bbox 1150 4861 1297 4929; x_wconf 88' lang='lat' dir='ltr'><strong>quod</strong></span> <span class='ocrx_word' id='word_1_568' title='bbox 1317 4860 1517 4917; x_wconf 90' lang='lat' dir='ltr'><strong>Filium</strong></span> <span class='ocrx_word' id='word_1_569' title='bbox 1544 4860 1765 4933; x_wconf 82' lang='lat' dir='ltr'><strong>quidem</strong></span> <span class='ocrx_word' id='word_1_570' title='bbox 1791 4863 2025 4932; x_wconf 91' lang='lat' dir='ltr'><strong>miserit,</strong></span> 
     </span>
    </p>
   </div>
   <div class='ocr_carea' id='block_1_82' title="bbox 428 4949 2031 5020">
    <p class='ocr_par' dir='ltr' id='par_1_82' title="bbox 428 4949 2031 5020">
     <span class='ocr_line' id='line_1_82' title="bbox 428 4949 2031 5020; baseline 0.004 -17"><span class='ocrx_word' id='word_1_571' title='bbox 428 4955 815 5003; x_wconf 84' lang='lat' dir='ltr'><strong>verumtamen</strong></span> <span class='ocrx_word' id='word_1_572' title='bbox 826 4964 935 5003; x_wconf 89' lang='lat' dir='ltr'><strong>non</strong></span> <span class='ocrx_word' id='word_1_573' title='bbox 948 4949 1100 5004; x_wconf 90' lang='lat' dir='ltr'><strong>solus</strong></span> <span class='ocrx_word' id='word_1_574' title='bbox 1120 4949 1284 5005; x_wconf 87' lang='lat' dir='ltr'><strong>Filius</strong></span> <span class='ocrx_word' id='word_1_575' title='bbox 1300 4950 1639 5020; x_wconf 82' lang='lat' dir='ltr'><strong>exhortatur,</strong></span> <span class='ocrx_word' id='word_1_576' title='bbox 1654 4968 1843 5008; x_wconf 91' lang='lat' dir='ltr'><strong>verum</strong></span> <span class='ocrx_word' id='word_1_577' title='bbox 1863 4954 2031 5009; x_wconf 89' lang='lat' dir='ltr'><strong>etiam</strong></span> 
     </span>
    </p>
   </div>
   <div class='ocr_carea' id='block_1_83' title="bbox 429 5038 2029 5112">
    <p class='ocr_par' dir='ltr' id='par_1_83' title="bbox 429 5038 2029 5112">
     <span class='ocr_line' id='line_1_83' title="bbox 429 5038 2029 5112; baseline 0.004 -18"><span class='ocrx_word' id='word_1_578' title='bbox 429 5040 597 5095; x_wconf 88' lang='lat' dir='ltr'><strong>Pater</strong></span> <span class='ocrx_word' id='word_1_579' title='bbox 634 5038 908 5093; x_wconf 90' lang='lat' dir='ltr'><strong>mundum</strong></span> <span class='ocrx_word' id='word_1_580' title='bbox 950 5038 1156 5109; x_wconf 88' lang='lat' dir='ltr'><strong>sibiipsi</strong></span> <span class='ocrx_word' id='word_1_581' title='bbox 1197 5040 1564 5095; x_wconf 86' lang='lat' dir='ltr'><strong>reconciliavit</strong></span> <span class='ocrx_word' id='word_1_582' title='bbox 1596 5057 1692 5112; x_wconf 90' lang='lat' dir='ltr'><strong>per</strong></span> <span class='ocrx_word' id='word_1_583' title='bbox 1742 5041 2029 5100; x_wconf 89' lang='lat' dir='ltr'><strong>Christum</strong></span> 
     </span>
    </p>
   </div>
   <div class='ocr_carea' id='block_1_84' title="bbox 429 5126 2029 5203">
    <p class='ocr_par' dir='ltr' id='par_1_84' title="bbox 429 5126 2029 5203">
     <span class='ocr_line' id='line_1_84' title="bbox 429 5126 2029 5203; baseline 0.003 -20"><span class='ocrx_word' id='word_1_584' title='bbox 429 5126 555 5195; x_wconf 89' lang='lat' dir='ltr'><strong>(hoc</strong></span> <span class='ocrx_word' id='word_1_585' title='bbox 575 5128 725 5184; x_wconf 90' lang='lat' dir='ltr'><strong>enim</strong></span> <span class='ocrx_word' id='word_1_586' title='bbox 759 5136 843 5183; x_wconf 92' lang='lat' dir='ltr'><strong>est</strong></span> <span class='ocrx_word' id='word_1_587' title='bbox 868 5128 1022 5194; x_wconf 89' lang='lat' dir='ltr'><strong>illud,</strong></span> <span class='ocrx_word' id='word_1_588' title='bbox 1077 5151 1104 5176; x_wconf 81' lang='grc' dir='ltr'><strong>ιι</strong></span> <span class='ocrx_word' id='word_1_589' title='bbox 1139 5129 1195 5184; x_wconf 90' lang='lat' dir='ltr'><strong>in</strong></span> <span class='ocrx_word' id='word_1_590' title='bbox 1220 5127 1445 5185; x_wconf 86' lang='lat' dir='ltr'><strong>Christo</strong></span> <span class='ocrx_word' id='word_1_591' title='bbox 1491 5135 1541 5197; x_wconf 72' lang='grc' dir='ltr'><strong>ι)</strong></span> <span class='ocrx_word' id='word_1_592' title='bbox 1583 5138 1904 5203; x_wconf 89' lang='lat' dir='ltr'><strong>tantamque</strong></span> <span class='ocrx_word' id='word_1_593' title='bbox 1934 5133 2029 5188; x_wconf 87' lang='lat' dir='ltr'><strong>bo-</strong></span> 
     </span>
    </p>
   </div>
   <div class='ocr_carea' id='block_1_85' title="bbox 426 5216 2027 5294">
    <p class='ocr_par' dir='ltr' id='par_1_85' title="bbox 426 5216 2027 5294">
     <span class='ocr_line' id='line_1_85' title="bbox 426 5216 2027 5294; baseline 0.004 -22"><span class='ocrx_word' id='word_1_594' title='bbox 426 5216 655 5273; x_wconf 88' lang='lat' dir='ltr'><strong>nitatem</strong></span> <span class='ocrx_word' id='word_1_595' title='bbox 686 5218 1006 5275; x_wconf 89' lang='lat' dir='ltr'><strong>hominibus</strong></span> <span class='ocrx_word' id='word_1_596' title='bbox 1031 5218 1296 5284; x_wconf 89' lang='lat' dir='ltr'><strong>ostendit,</strong></span> <span class='ocrx_word' id='word_1_597' title='bbox 1343 5227 1406 5273; x_wconf 92' lang='lat' dir='ltr'><strong>ut</strong></span> <span class='ocrx_word' id='word_1_598' title='bbox 1433 5234 1546 5273; x_wconf 90' lang='lat' dir='ltr'><strong>non</strong></span> <span class='ocrx_word' id='word_1_599' title='bbox 1570 5222 1757 5276; x_wconf 92' lang='lat' dir='ltr'><strong>solum</strong></span> <span class='ocrx_word' id='word_1_600' title='bbox 1786 5237 1896 5277; x_wconf 93' lang='lat' dir='ltr'><strong>non</strong></span> <span class='ocrx_word' id='word_1_601' title='bbox 1922 5239 2027 5294; x_wconf 89' lang='lat' dir='ltr'><strong>pu-</strong></span> 
     </span>
    </p>
   </div>
   <div class='ocr_carea' id='block_1_86' title="bbox 424 5306 2026 5373">
    <p class='ocr_par' dir='ltr' id='par_1_86' title="bbox 424 5306 2026 5373">
     <span class='ocr_line' id='line_1_86' title="bbox 424 5306 2026 5373; baseline 0.005 -12"><span class='ocrx_word' id='word_1_602' title='bbox 424 5306 612 5373; x_wconf 90' lang='lat' dir='ltr'><strong>nierit,</strong></span> <span class='ocrx_word' id='word_1_603' title='bbox 639 5322 833 5365; x_wconf 88' lang='lat' dir='ltr'><strong>verum</strong></span> <span class='ocrx_word' id='word_1_604' title='bbox 862 5309 1034 5364; x_wconf 88' lang='lat' dir='ltr'><strong>etiam</strong></span> <span class='ocrx_word' id='word_1_605' title='bbox 1069 5308 1453 5364; x_wconf 86' lang='lat' dir='ltr'><strong>reconciliatus</strong></span> <span class='ocrx_word' id='word_1_606' title='bbox 1490 5309 1560 5365; x_wconf 87' lang='lat' dir='ltr'><strong>sit</strong></span> <span class='ocrx_word' id='word_1_607' title='bbox 1591 5327 1607 5365; x_wconf 89' lang='lat'><strong>:</strong></span> <span class='ocrx_word' id='word_1_608' title='bbox 1657 5326 1761 5366; x_wconf 93' lang='lat' dir='ltr'><strong>nec</strong></span> <span class='ocrx_word' id='word_1_609' title='bbox 1808 5319 2026 5369; x_wconf 87' lang='lat' dir='ltr'><strong>tantum</strong></span> 
     </span>
    </p>
   </div>
   <div class='ocr_carea' id='block_1_87' title="bbox 423 5395 2022 5472">
    <p class='ocr_par' dir='ltr' id='par_1_87' title="bbox 423 5395 2022 5472">
     <span class='ocr_line' id='line_1_87' title="bbox 423 5395 2022 5472; baseline 0.005 -22"><span class='ocrx_word' id='word_1_610' title='bbox 423 5395 714 5463; x_wconf 88' lang='lat' dir='ltr'><strong>dimiserit,</strong></span> <span class='ocrx_word' id='word_1_611' title='bbox 769 5397 868 5453; x_wconf 90' lang='lat' dir='ltr'><strong>sed</strong></span> <span class='ocrx_word' id='word_1_612' title='bbox 910 5414 981 5453; x_wconf 90' lang='lat' dir='ltr'><strong>ne</strong></span> <span class='ocrx_word' id='word_1_613' title='bbox 1009 5397 1366 5469; x_wconf 84' lang='lat' dir='ltr'><strong>imputaverit</strong></span> <span class='ocrx_word' id='word_1_614' title='bbox 1402 5398 1629 5470; x_wconf 89' lang='lat' dir='ltr'><strong>quidem</strong></span> <span class='ocrx_word' id='word_1_615' title='bbox 1679 5409 1919 5472; x_wconf 88' lang='lat' dir='ltr'><strong>peccata.</strong></span> <span class='ocrx_word' id='word_1_616' title='bbox 1965 5401 2022 5459; x_wconf 91' lang='lat' dir='ltr'><strong>Si</strong></span> 
     </span>
    </p>
   </div>
   <div class='ocr_carea' id='block_1_88' title="bbox 430 5485 2023 5563">
    <p class='ocr_par' dir='ltr' id='par_1_88' title="bbox 430 5485 2023 5563">
     <span class='ocr_line' id='line_1_88' title="bbox 430 5485 2023 5563; baseline 0.004 -24"><span class='ocrx_word' id='word_1_617' title='bbox 430 5485 587 5540; x_wconf 92' lang='lat' dir='ltr'><strong>enim</strong></span> <span class='ocrx_word' id='word_1_618' title='bbox 639 5486 911 5543; x_wconf 88' lang='lat' dir='ltr'><strong>rationem</strong></span> <span class='ocrx_word' id='word_1_619' title='bbox 961 5488 1184 5559; x_wconf 84' lang='lat' dir='ltr'><strong>exigere</strong></span> <span class='ocrx_word' id='word_1_620' title='bbox 1248 5487 1533 5558; x_wconf 88' lang='lat' dir='ltr'><strong>voluisset,</strong></span> <span class='ocrx_word' id='word_1_621' title='bbox 1585 5490 1817 5547; x_wconf 89' lang='lat' dir='ltr'><strong>omnino</strong></span> <span class='ocrx_word' id='word_1_622' title='bbox 1881 5492 2023 5563; x_wconf 87' lang='lat' dir='ltr'><strong>peri-</strong></span> 
     </span>
    </p>
   </div>
   <div class='ocr_carea' id='block_1_89' title="bbox 420 5572 617 5630">
    <p class='ocr_par' dir='ltr' id='par_1_89' title="bbox 420 5572 617 5630">
     <span class='ocr_line' id='line_1_89' title="bbox 420 5572 617 5630; baseline 0.015 -4"><span class='ocrx_word' id='word_1_623' title='bbox 420 5572 617 5630; x_wconf 82' lang='lat' dir='ltr'><strong>issent.</strong></span> 
     </span>
    </p>
   </div>
   <div class='ocr_carea' id='block_1_90' title="bbox 518 5733 968 5802">
    <p class='ocr_par' dir='ltr' id='par_1_90' title="bbox 518 5733 968 5802">
     <span class='ocr_line' id='line_1_90' title="bbox 518 5733 968 5802; baseline 0.002 -14"><span class='ocrx_word' id='word_1_624' title='bbox 518 5735 584 5789; x_wconf 75' lang='grc' dir='ltr'><strong>ιιῐ</strong></span> <span class='ocrx_word' id='word_1_625' title='bbox 606 5733 764 5789; x_wconf 85' lang='lat' dir='ltr'><strong>Joan.</strong></span> <span class='ocrx_word' id='word_1_626' title='bbox 797 5749 885 5802; x_wconf 84' lang='lat' dir='ltr'><strong>Iv,</strong></span> <span class='ocrx_word' id='word_1_627' title='bbox 914 5741 968 5790; x_wconf 92' lang='lat'><strong>7.</strong></span> 
     </span>
    </p>
   </div>
   <div class='ocr_carea' id='block_1_91' title="bbox 2059 4549 2112 4612">
    <p class='ocr_par' dir='ltr' id='par_1_91' title="bbox 2059 4549 2112 4612">
     <span class='ocr_line' id='line_1_91' title="bbox 2059 4549 2112 4612; baseline 0 0"><span class='ocrx_word' id='word_1_628' title='bbox 2059 4549 2112 4612; x_wconf 92' lang='lat' dir='ltr'><strong>D</strong></span> 
     </span>
    </p>
   </div>
   <div class='ocr_carea' id='block_1_92' title="bbox 2132 3423 3735 3509">
    <p class='ocr_par' dir='ltr' id='par_1_92' title="bbox 2132 3423 3735 3509">
     <span class='ocr_line' id='line_1_92' title="bbox 2132 3423 3735 3509; baseline -0.001 -24"><span class='ocrx_word' id='word_1_629' title='bbox 2132 3430 2306 3509; x_wconf 76' lang='grc' dir='ltr'>ἐαυτῷ</span> <span class='ocrx_word' id='word_1_630' title='bbox 2356 3426 2445 3487; x_wconf 83' lang='grc' dir='ltr'><strong>διὰ</strong></span> <span class='ocrx_word' id='word_1_631' title='bbox 2490 3430 2583 3501; x_wconf 87' lang='grc' dir='ltr'><strong>τῆς</strong></span> <span class='ocrx_word' id='word_1_632' title='bbox 2628 3426 2896 3504; x_wconf 88' lang='grc' dir='ltr'>μεσιτείας</span> <span class='ocrx_word' id='word_1_633' title='bbox 2938 3432 3033 3487; x_wconf 89' lang='grc' dir='ltr'><strong>τοῦ</strong></span> <span class='ocrx_word' id='word_1_634' title='bbox 3082 3428 3216 3488; x_wconf 78' lang='grc' dir='ltr'>Υἱοῦ</span> <span class='ocrx_word' id='word_1_635' title='bbox 3271 3430 3456 3488; x_wconf 81' lang='grc' dir='ltr'>αὐτοῦ.</span> <span class='ocrx_word' id='word_1_636' title='bbox 3493 3427 3577 3488; x_wconf 81' lang='grc' dir='ltr'><strong>Οὔ</strong></span> <span class='ocrx_word' id='word_1_637' title='bbox 3631 3423 3735 3506; x_wconf 80' lang='grc' dir='ltr'><strong>γὰρ</strong></span> 
     </span>
    </p>
   </div>
   <div class='ocr_carea' id='block_1_93' title="bbox 2131 3514 3735 3598">
    <p class='ocr_par' dir='ltr' id='par_1_93' title="bbox 2131 3514 3735 3598">
     <span class='ocr_line' id='line_1_93' title="bbox 2131 3514 3735 3598; baseline -0.001 -23"><span class='ocrx_word' id='word_1_638' title='bbox 2131 3521 2287 3593; x_wconf 77' lang='grc' dir='ltr'>ἡμεῖς</span> <span class='ocrx_word' id='word_1_639' title='bbox 2334 3519 2481 3598; x_wconf 79' lang='grc' dir='ltr'>αὐτῷ</span> <span class='ocrx_word' id='word_1_640' title='bbox 2516 3517 2987 3598; x_wconf 87' lang='grc' dir='ltr'>προσεδράμομεν,</span> <span class='ocrx_word' id='word_1_641' title='bbox 3040 3518 3162 3577; x_wconf 81' lang='grc' dir='ltr'>ἀλλ’</span> <span class='ocrx_word' id='word_1_642' title='bbox 3212 3517 3371 3586; x_wconf 79' lang='grc' dir='ltr'>αὐτὸς</span> <span class='ocrx_word' id='word_1_643' title='bbox 3412 3521 3560 3595; x_wconf 75' lang='grc' dir='ltr'>ἡμᾶς</span> <span class='ocrx_word' id='word_1_644' title='bbox 3602 3514 3735 3574; x_wconf 72' lang='grc' dir='ltr'>ἕκά-</span> 
     </span>
    </p>
   </div>
   <div class='ocr_carea' id='block_1_94' title="bbox 2131 3607 3073 3668">
    <p class='ocr_par' dir='ltr' id='par_1_94' title="bbox 2131 3607 3073 3668">
     <span class='ocr_line' id='line_1_94' title="bbox 2131 3607 3073 3668; baseline 0.002 -2"><span class='ocrx_word' id='word_1_645' title='bbox 2131 3608 2257 3667; x_wconf 88' lang='grc' dir='ltr'>λεσε</span> <span class='ocrx_word' id='word_1_646' title='bbox 2284 3608 2370 3666; x_wconf 83' lang='grc' dir='ltr'><strong>διὰ</strong></span> <span class='ocrx_word' id='word_1_647' title='bbox 2400 3613 2493 3666; x_wconf 90' lang='grc' dir='ltr'><strong>τοῦ</strong></span> <span class='ocrx_word' id='word_1_648' title='bbox 2526 3607 2754 3666; x_wconf 84' lang='grc' dir='ltr'>θανάτου</span> <span class='ocrx_word' id='word_1_649' title='bbox 2792 3610 2887 3666; x_wconf 89' lang='grc' dir='ltr'><strong>τοῦ</strong></span> <span class='ocrx_word' id='word_1_650' title='bbox 2920 3607 3073 3668; x_wconf 80' lang='grc' dir='ltr'>Υἱοῦ.</span> 
     </span>
    </p>
   </div>
   <div class='ocr_carea' id='block_1_95' title="bbox 2218 3693 3736 3771">
    <p class='ocr_par' dir='ltr' id='par_1_95' title="bbox 2218 3693 3736 3771">
     <span class='ocr_line' id='line_1_95' title="bbox 2218 3693 3736 3771; baseline -0.002 -17"><span class='ocrx_word' id='word_1_651' title='bbox 2218 3716 2251 3754; x_wconf 79' lang='grc' dir='ltr'><strong>α</strong></span> <span class='ocrx_word' id='word_1_652' title='bbox 2292 3694 2402 3757; x_wconf 67' lang='grc' dir='ltr'><strong>Καὶ</strong></span> <span class='ocrx_word' id='word_1_653' title='bbox 2455 3694 2632 3764; x_wconf 84' lang='grc' dir='ltr'>δόντος</span> <span class='ocrx_word' id='word_1_654' title='bbox 2665 3699 2794 3771; x_wconf 79' lang='grc' dir='ltr'>ἡμῖν</span> <span class='ocrx_word' id='word_1_655' title='bbox 2841 3694 2940 3767; x_wconf 80' lang='grc' dir='ltr'><strong>τὴν</strong></span> <span class='ocrx_word' id='word_1_656' title='bbox 2990 3693 3263 3755; x_wconf 80' lang='grc' dir='ltr'>διακονίαν</span> <span class='ocrx_word' id='word_1_657' title='bbox 3315 3697 3413 3769; x_wconf 81' lang='grc' dir='ltr'><strong>τῆς</strong></span> <span class='ocrx_word' id='word_1_658' title='bbox 3460 3695 3736 3754; x_wconf 85' lang='grc' dir='ltr'>καταλλα-</span> 
     </span>
    </p>
   </div>
   <div class='ocr_carea' id='block_1_96' title="bbox 2131 3782 3731 3867">
    <p class='ocr_par' dir='ltr' id='par_1_96' title="bbox 2131 3782 3731 3867">
     <span class='ocr_line' id='line_1_96' title="bbox 2131 3782 3731 3867; baseline -0.003 -19"><span class='ocrx_word' id='word_1_659' title='bbox 2131 3789 2253 3865; x_wconf 86' lang='grc' dir='ltr'>γῆς.</span> <span class='ocrx_word' id='word_1_660' title='bbox 2308 3810 2334 3838; x_wconf 75' lang='grc' dir='ltr'><strong>ι</strong></span> <span class='ocrx_word' id='word_1_661' title='bbox 2362 3782 2445 3845; x_wconf 72' lang='grc' dir='ltr'><strong>*Ω</strong></span> <span class='ocrx_word' id='word_1_662' title='bbox 2496 3785 2652 3864; x_wconf 84' lang='grc' dir='ltr'>βάθος</span> <span class='ocrx_word' id='word_1_663' title='bbox 2684 3784 3114 3867; x_wconf 63' lang='grc' dir='ltr'>φιλανθρωπίας]</span> <span class='ocrx_word' id='word_1_664' title='bbox 3170 3784 3403 3866; x_wconf 80' lang='grc' dir='ltr'>Πέμψας</span> <span class='ocrx_word' id='word_1_665' title='bbox 3446 3786 3551 3863; x_wconf 83' lang='grc' dir='ltr'><strong>γὰρ</strong></span> <span class='ocrx_word' id='word_1_666' title='bbox 3595 3785 3731 3863; x_wconf 83' lang='grc' dir='ltr'>πρέ-</span> 
     </span>
    </p>
   </div>
   <div class='ocr_carea' id='block_1_97' title="bbox 2135 3864 3735 3955">
    <p class='ocr_par' dir='ltr' id='par_1_97' title="bbox 2135 3864 3735 3955">
     <span class='ocr_line' id='line_1_97' title="bbox 2135 3864 3735 3955; baseline -0.001 -22"><span class='ocrx_word' id='word_1_667' title='bbox 2135 3864 2269 3935; x_wconf 77' lang='grc' dir='ltr'>σϐυν</span> <span class='ocrx_word' id='word_1_668' title='bbox 2301 3877 2329 3934; x_wconf 84' lang='grc' dir='ltr'><strong>δ</strong></span> <span class='ocrx_word' id='word_1_669' title='bbox 2378 3874 2573 3954; x_wconf 84' lang='grc' dir='ltr'>Πατὴρ</span> <span class='ocrx_word' id='word_1_670' title='bbox 2604 3864 3029 3947; x_wconf 28' lang='grc' dir='ltr'>τὸννΥἱὸν,εἶτα</span> <span class='ocrx_word' id='word_1_671' title='bbox 3075 3879 3256 3934; x_wconf 90' lang='grc' dir='ltr'>τοῦτον</span> <span class='ocrx_word' id='word_1_672' title='bbox 3290 3864 3560 3955; x_wconf 80' lang='grc' dir='ltr'>σφαγέντα</span> <span class='ocrx_word' id='word_1_673' title='bbox 3611 3870 3735 3932; x_wconf 80' lang='grc' dir='ltr'>ἰδὼν</span> 
     </span>
    </p>
   </div>
   <div class='ocr_carea' id='block_1_98' title="bbox 2134 3960 3737 4044">
    <p class='ocr_par' dir='ltr' id='par_1_98' title="bbox 2134 3960 3737 4044">
     <span class='ocr_line' id='line_1_98' title="bbox 2134 3960 3737 4044; baseline -0.001 -21"><span class='ocrx_word' id='word_1_674' title='bbox 2134 3964 2282 4044; x_wconf 76' lang='grc' dir='ltr'>παρὰ</span> <span class='ocrx_word' id='word_1_675' title='bbox 2331 3967 2437 4023; x_wconf 77' lang='grc' dir='ltr'><strong>τῶν</strong></span> <span class='ocrx_word' id='word_1_676' title='bbox 2500 3969 2595 4036; x_wconf 88' lang='grc' dir='ltr'><strong>τῆς</strong></span> <span class='ocrx_word' id='word_1_677' title='bbox 2647 3965 2993 4044; x_wconf 79' lang='grc' dir='ltr'>καταλλαγῆς</span> <span class='ocrx_word' id='word_1_678' title='bbox 3051 3962 3315 4041; x_wconf 82' lang='grc' dir='ltr'>δεομένων</span> <span class='ocrx_word' id='word_1_679' title='bbox 3338 4010 3356 4043; x_wconf 82' lang='grc'><strong>,</strong></span> <span class='ocrx_word' id='word_1_680' title='bbox 3405 3960 3525 4024; x_wconf 66' lang='grc' dir='ltr'>οὖδὶ</span> <span class='ocrx_word' id='word_1_681' title='bbox 3574 3961 3737 4029; x_wconf 77' lang='grc' dir='ltr'>οὕτως</span> 
     </span>
    </p>
   </div>
   <div class='ocr_carea' id='block_1_99' title="bbox 2133 4052 3738 4134">
    <p class='ocr_par' dir='ltr' id='par_1_99' title="bbox 2133 4052 3738 4134">
     <span class='ocr_line' id='line_1_99' title="bbox 2133 4052 3738 4134; baseline 0 -22"><span class='ocrx_word' id='word_1_682' title='bbox 2133 4054 2377 4129; x_wconf 72' lang='grc' dir='ltr'>ἠμέλησε</span> <span class='ocrx_word' id='word_1_683' title='bbox 2423 4056 2529 4113; x_wconf 83' lang='grc' dir='ltr'><strong>τῶν</strong></span> <span class='ocrx_word' id='word_1_684' title='bbox 2578 4053 2903 4134; x_wconf 82' lang='grc' dir='ltr'>ἀνθρώπων,</span> <span class='ocrx_word' id='word_1_685' title='bbox 2953 4052 3091 4112; x_wconf 78' lang='grc' dir='ltr'>ἀλλὰ</span> <span class='ocrx_word' id='word_1_686' title='bbox 3147 4053 3244 4125; x_wconf 86' lang='grc' dir='ltr'><strong>τὴν</strong></span> <span class='ocrx_word' id='word_1_687' title='bbox 3305 4052 3579 4113; x_wconf 74' lang='grc' dir='ltr'>διακονίαν</span> <span class='ocrx_word' id='word_1_688' title='bbox 3642 4055 3738 4122; x_wconf 85' lang='grc' dir='ltr'><strong>τῆς</strong></span> 
     </span>
    </p>
   </div>
   <div class='ocr_carea' id='block_1_100' title="bbox 2137 4142 3736 4222">
    <p class='ocr_par' dir='ltr' id='par_1_100' title="bbox 2137 4142 3736 4222">
     <span class='ocr_line' id='line_1_100' title="bbox 2137 4142 3736 4222; baseline -0.002 -21"><span class='ocrx_word' id='word_1_689' title='bbox 2137 4145 2484 4222; x_wconf 86' lang='grc' dir='ltr'>καταλλαγῆς</span> <span class='ocrx_word' id='word_1_690' title='bbox 2555 4146 2708 4219; x_wconf 82' lang='grc' dir='ltr'>ἡμῖν,</span> <span class='ocrx_word' id='word_1_691' title='bbox 2760 4142 2913 4221; x_wconf 73' lang='grc' dir='ltr'>φησὶ,</span> <span class='ocrx_word' id='word_1_692' title='bbox 2968 4142 3077 4211; x_wconf 85' lang='grc' dir='ltr'>τοῖς</span> <span class='ocrx_word' id='word_1_693' title='bbox 3141 4144 3455 4209; x_wconf 76' lang='grc' dir='ltr'>ἀποστόλοις</span> <span class='ocrx_word' id='word_1_694' title='bbox 3519 4142 3736 4219; x_wconf 82' lang='grc' dir='ltr'>ἔδωκεν,</span> 
     </span>
    </p>
   </div>
   <div class='ocr_carea' id='block_1_101' title="bbox 2134 4228 3738 4312">
    <p class='ocr_par' dir='ltr' id='par_1_101' title="bbox 2134 4228 3738 4312">
     <span class='ocr_line' id='line_1_101' title="bbox 2134 4228 3738 4312; baseline -0.001 -23"><span class='ocrx_word' id='word_1_695' title='bbox 2134 4228 2221 4290; x_wconf 72' lang='grc' dir='ltr'><strong>ἵνα</strong></span> <span class='ocrx_word' id='word_1_696' title='bbox 2254 4231 2659 4312; x_wconf 81' lang='grc' dir='ltr'>περιερχόμενοι</span> <span class='ocrx_word' id='word_1_697' title='bbox 2707 4230 3090 4311; x_wconf 78' lang='grc' dir='ltr'>πρισϐεύωμεν</span> <span class='ocrx_word' id='word_1_698' title='bbox 3136 4231 3269 4312; x_wconf 82' lang='grc' dir='ltr'>πρὸς</span> <span class='ocrx_word' id='word_1_699' title='bbox 3317 4230 3437 4299; x_wconf 76' lang='grc' dir='ltr'>τοὺς</span> <span class='ocrx_word' id='word_1_700' title='bbox 3485 4230 3738 4290; x_wconf 79' lang='grc' dir='ltr'>ἀποστά-</span> 
     </span>
    </p>
   </div>
   <div class='ocr_carea' id='block_1_102' title="bbox 2136 4319 3492 4403">
    <p class='ocr_par' dir='ltr' id='par_1_102' title="bbox 2136 4319 3492 4403">
     <span class='ocr_line' id='line_1_102' title="bbox 2136 4319 3492 4403; baseline 0.001 -22"><span class='ocrx_word' id='word_1_701' title='bbox 2136 4343 2230 4392; x_wconf 85' lang='grc' dir='ltr'><strong>τας</strong></span> <span class='ocrx_word' id='word_1_702' title='bbox 2256 4329 2346 4383; x_wconf 90' lang='grc' dir='ltr'><strong>τοῦ</strong></span> <span class='ocrx_word' id='word_1_703' title='bbox 2378 4325 2544 4397; x_wconf 86' lang='grc' dir='ltr'>Θεοῦ,</span> <span class='ocrx_word' id='word_1_704' title='bbox 2589 4322 2680 4383; x_wconf 77' lang='grc' dir='ltr'>καὶ</span> <span class='ocrx_word' id='word_1_705' title='bbox 2710 4321 3068 4402; x_wconf 83' lang='grc' dir='ltr'>προσάγωμεν</span> <span class='ocrx_word' id='word_1_706' title='bbox 3102 4319 3293 4391; x_wconf 74' lang='grc' dir='ltr'>αὐτοὺς</span> <span class='ocrx_word' id='word_1_707' title='bbox 3320 4322 3492 4403; x_wconf 78' lang='grc' dir='ltr'>αὐτῷ.</span> 
     </span>
    </p>
   </div>
   <div class='ocr_carea' id='block_1_103' title="bbox 2220 4483 3736 4574">
    <p class='ocr_par' dir='ltr' id='par_1_103' title="bbox 2220 4483 3736 4574">
     <span class='ocr_line' id='line_1_103' title="bbox 2220 4483 3736 4574; baseline -0.005 -17"><span class='ocrx_word' id='word_1_708' title='bbox 2220 4522 2245 4548; x_wconf 73' lang='grc' dir='ltr'>ι</span> <span class='ocrx_word' id='word_1_709' title='bbox 2291 4495 2390 4564; x_wconf 84' lang='grc' dir='ltr'><strong>Ὡς</strong></span> <span class='ocrx_word' id='word_1_710' title='bbox 2419 4494 2501 4555; x_wconf 76' lang='grc' dir='ltr'><strong>ὅτι</strong></span> <span class='ocrx_word' id='word_1_711' title='bbox 2537 4492 2672 4561; x_wconf 79' lang='grc' dir='ltr'>Θεὸς</span> <span class='ocrx_word' id='word_1_712' title='bbox 2701 4483 2764 4566; x_wconf 72' lang='grc' dir='ltr'><strong>ἦν</strong></span> <span class='ocrx_word' id='word_1_713' title='bbox 2798 4495 2850 4552; x_wconf 82' lang='grc' dir='ltr'>ἐν</span> <span class='ocrx_word' id='word_1_714' title='bbox 2881 4494 3106 4574; x_wconf 80' lang='grc' dir='ltr'>Χριστῷ</span> <span class='ocrx_word' id='word_1_715' title='bbox 3155 4494 3355 4571; x_wconf 87' lang='grc' dir='ltr'>κόσμον</span> <span class='ocrx_word' id='word_1_716' title='bbox 3386 4494 3563 4574; x_wconf 83' lang='grc' dir='ltr'>ἑαυτῷ</span> <span class='ocrx_word' id='word_1_717' title='bbox 3599 4515 3736 4551; x_wconf 85' lang='grc' dir='ltr'>κατ-</span> 
     </span>
    </p>
   </div>
   <div class='ocr_carea' id='block_1_104' title="bbox 2140 4581 3739 4662">
    <p class='ocr_par' dir='ltr' id='par_1_104' title="bbox 2140 4581 3739 4662">
     <span class='ocr_line' id='line_1_104' title="bbox 2140 4581 3739 4662; baseline -0.003 -20"><span class='ocrx_word' id='word_1_718' title='bbox 2140 4584 2450 4658; x_wconf 90' lang='grc' dir='ltr'>αλλάσσων,</span> <span class='ocrx_word' id='word_1_719' title='bbox 2494 4584 2570 4660; x_wconf 80' lang='grc' dir='ltr'><strong>μὴ</strong></span> <span class='ocrx_word' id='word_1_720' title='bbox 2618 4583 2953 4661; x_wconf 85' lang='grc' dir='ltr'>λογιζόμενος</span> <span class='ocrx_word' id='word_1_721' title='bbox 2997 4582 3172 4651; x_wconf 78' lang='grc' dir='ltr'>αὐτοῖς</span> <span class='ocrx_word' id='word_1_722' title='bbox 3202 4582 3272 4643; x_wconf 79' lang='grc' dir='ltr'><strong>τὰ</strong></span> <span class='ocrx_word' id='word_1_723' title='bbox 3320 4581 3739 4662; x_wconf 83' lang='grc' dir='ltr'>παραπτώματα</span> 
     </span>
    </p>
   </div>
   <div class='ocr_carea' id='block_1_105' title="bbox 2141 4664 3742 4745">
    <p class='ocr_par' dir='ltr' id='par_1_105' title="bbox 2141 4664 3742 4745">
     <span class='ocr_line' id='line_1_105' title="bbox 2141 4664 3742 4745; baseline -0.004 -12"><span class='ocrx_word' id='word_1_724' title='bbox 2141 4676 2339 4735; x_wconf 76' lang='grc' dir='ltr'>αὐτῶν.</span> <span class='ocrx_word' id='word_1_725' title='bbox 2391 4698 2421 4731; x_wconf 69' lang='grc' dir='ltr'><strong>ι)</strong></span> <span class='ocrx_word' id='word_1_726' title='bbox 2487 4664 2651 4734; x_wconf 68' lang='grc' dir='ltr'>Εἶπεν</span> <span class='ocrx_word' id='word_1_727' title='bbox 2712 4672 2842 4745; x_wconf 83' lang='grc' dir='ltr'>ἄνω,</span> <span class='ocrx_word' id='word_1_728' title='bbox 2885 4671 2968 4730; x_wconf 75' lang='grc' dir='ltr'>ὅτι</span> <span class='ocrx_word' id='word_1_729' title='bbox 3019 4672 3175 4740; x_wconf 77' lang='grc' dir='ltr'>αὐτὸς</span> <span class='ocrx_word' id='word_1_730' title='bbox 3223 4669 3552 4744; x_wconf 73' lang='grc' dir='ltr'>κατ-ἤλλαξεν</span> <span class='ocrx_word' id='word_1_731' title='bbox 3602 4674 3742 4744; x_wconf 80' lang='grc' dir='ltr'>ἡμᾶς</span> 
     </span>
    </p>
   </div>
   <div class='ocr_carea' id='block_1_106' title="bbox 2139 4753 3739 4843">
    <p class='ocr_par' dir='ltr' id='par_1_106' title="bbox 2139 4753 3739 4843">
     <span class='ocr_line' id='line_1_106' title="bbox 2139 4753 3739 4843; baseline -0.004 -19"><span class='ocrx_word' id='word_1_732' title='bbox 2139 4766 2330 4843; x_wconf 74' lang='grc' dir='ltr'>ἑαυτῷ.</span> <span class='ocrx_word' id='word_1_733' title='bbox 2384 4762 2504 4826; x_wconf 80' lang='grc' dir='ltr'><strong>Ἵνα</strong></span> <span class='ocrx_word' id='word_1_734' title='bbox 2556 4753 2645 4822; x_wconf 73' lang='grc' dir='ltr'><strong>οῦν</strong></span> <span class='ocrx_word' id='word_1_735' title='bbox 2699 4762 2773 4841; x_wconf 84' lang='grc' dir='ltr'><strong>μή</strong></span> <span class='ocrx_word' id='word_1_736' title='bbox 2824 4784 2904 4829; x_wconf 89' lang='grc' dir='ltr'><strong>τις</strong></span> <span class='ocrx_word' id='word_1_737' title='bbox 2955 4760 3100 4840; x_wconf 82' lang='grc' dir='ltr'>εἴπῃ·</span> <span class='ocrx_word' id='word_1_738' title='bbox 3162 4762 3271 4823; x_wconf 77' lang='grc' dir='ltr'><strong>Καὶ</strong></span> <span class='ocrx_word' id='word_1_739' title='bbox 3317 4761 3424 4839; x_wconf 79' lang='grc' dir='ltr'><strong>μὴν</strong></span> <span class='ocrx_word' id='word_1_740' title='bbox 3474 4761 3565 4820; x_wconf 79' lang='grc' dir='ltr'><strong>τὸν</strong></span> <span class='ocrx_word' id='word_1_741' title='bbox 3611 4759 3739 4821; x_wconf 83' lang='grc' dir='ltr'>Υἱὸν</span> 
     </span>
    </p>
   </div>
   <div class='ocr_carea' id='block_1_107' title="bbox 2137 4849 3740 4936">
    <p class='ocr_par' dir='ltr' id='par_1_107' title="bbox 2137 4849 3740 4936">
     <span class='ocr_line' id='line_1_107' title="bbox 2137 4849 3740 4936; baseline -0.004 -23"><span class='ocrx_word' id='word_1_742' title='bbox 2137 4852 2364 4936; x_wconf 65' lang='grc' dir='ltr'><strong>ἔπεμψε⁸</strong></span> <span class='ocrx_word' id='word_1_743' title='bbox 2429 4857 2522 4913; x_wconf 93' lang='grc' dir='ltr'><strong>νῦν</strong></span> <span class='ocrx_word' id='word_1_744' title='bbox 2577 4874 2762 4931; x_wconf 83' lang='grc' dir='ltr'>φησιν,</span> <span class='ocrx_word' id='word_1_745' title='bbox 2820 4851 2902 4911; x_wconf 77' lang='grc' dir='ltr'><strong>δτι</strong></span> <span class='ocrx_word' id='word_1_746' title='bbox 2964 4852 3077 4912; x_wconf 84' lang='grc' dir='ltr'><strong>Τὸν</strong></span> <span class='ocrx_word' id='word_1_747' title='bbox 3148 4852 3279 4914; x_wconf 80' lang='grc' dir='ltr'>Υἱὸν</span> <span class='ocrx_word' id='word_1_748' title='bbox 3339 4850 3437 4928; x_wconf 82' lang='grc' dir='ltr'>μὲν</span> <span class='ocrx_word' id='word_1_749' title='bbox 3500 4849 3740 4929; x_wconf 77' lang='grc' dir='ltr'>ἔπεμψε·</span> 
     </span>
    </p>
   </div>
   <div class='ocr_carea' id='block_1_108' title="bbox 2138 4938 3741 5023">
    <p class='ocr_par' dir='ltr' id='par_1_108' title="bbox 2138 4938 3741 5023">
     <span class='ocr_line' id='line_1_108' title="bbox 2138 4938 3741 5023; baseline -0.004 -21"><span class='ocrx_word' id='word_1_750' title='bbox 2138 4944 2279 5015; x_wconf 81' lang='grc' dir='ltr'>πλὴν</span> <span class='ocrx_word' id='word_1_751' title='bbox 2323 4945 2480 5023; x_wconf 79' lang='grc' dir='ltr'>οὖχδ</span> <span class='ocrx_word' id='word_1_752' title='bbox 2523 4943 2649 5008; x_wconf 81' lang='grc' dir='ltr'>Υἱὸς</span> <span class='ocrx_word' id='word_1_753' title='bbox 2693 4940 2849 5018; x_wconf 87' lang='grc' dir='ltr'>μόνος</span> <span class='ocrx_word' id='word_1_754' title='bbox 2890 4941 3218 5021; x_wconf 86' lang='grc' dir='ltr'>παρεκάλει,</span> <span class='ocrx_word' id='word_1_755' title='bbox 3264 4940 3404 4999; x_wconf 78' lang='grc' dir='ltr'>ἀλλὰ</span> <span class='ocrx_word' id='word_1_756' title='bbox 3432 4938 3524 4997; x_wconf 79' lang='grc' dir='ltr'><strong>καὶ</strong></span> <span class='ocrx_word' id='word_1_757' title='bbox 3554 4942 3582 4996; x_wconf 84' lang='grc' dir='ltr'><strong>δ</strong></span> <span class='ocrx_word' id='word_1_758' title='bbox 3618 4941 3741 5000; x_wconf 85' lang='grc' dir='ltr'>Πα-</span> 
     </span>
    </p>
   </div>
   <div class='ocr_carea' id='block_1_109' title="bbox 2136 5024 3741 5112">
    <p class='ocr_par' dir='ltr' id='par_1_109' title="bbox 2136 5024 3741 5112">
     <span class='ocr_line' id='line_1_109' title="bbox 2136 5024 3741 5112; baseline -0.002 -22"><span class='ocrx_word' id='word_1_759' title='bbox 2136 5033 2238 5112; x_wconf 72' lang='grc' dir='ltr'><strong>τὴρ</strong></span> <span class='ocrx_word' id='word_1_760' title='bbox 2290 5024 2356 5106; x_wconf 74' lang='grc' dir='ltr'><strong>ἦν</strong></span> <span class='ocrx_word' id='word_1_761' title='bbox 2404 5031 2793 5092; x_wconf 89' lang='grc' dir='ltr'>καταλλάσσων</span> <span class='ocrx_word' id='word_1_762' title='bbox 2830 5033 2976 5112; x_wconf 74' lang='grc' dir='ltr'>αὑτῷ</span> <span class='ocrx_word' id='word_1_763' title='bbox 3019 5030 3107 5089; x_wconf 79' lang='grc' dir='ltr'><strong>τὸν</strong></span> <span class='ocrx_word' id='word_1_764' title='bbox 3138 5030 3339 5107; x_wconf 87' lang='grc' dir='ltr'>κόσμον</span> <span class='ocrx_word' id='word_1_765' title='bbox 3370 5027 3459 5088; x_wconf 74' lang='grc' dir='ltr'><strong>διὰ</strong></span> <span class='ocrx_word' id='word_1_766' title='bbox 3486 5030 3741 5108; x_wconf 81' lang='grc' dir='ltr'>Χριστοῦ·</span> 
     </span>
    </p>
   </div>
   <div class='ocr_carea' id='block_1_110' title="bbox 2136 5118 3739 5203">
    <p class='ocr_par' dir='ltr' id='par_1_110' title="bbox 2136 5118 3739 5203">
     <span class='ocr_line' id='line_1_110' title="bbox 2136 5118 3739 5203; baseline -0.004 -22"><span class='ocrx_word' id='word_1_767' title='bbox 2136 5128 2293 5183; x_wconf 86' lang='grc' dir='ltr'>τοῦτο</span> <span class='ocrx_word' id='word_1_768' title='bbox 2337 5120 2439 5203; x_wconf 77' lang='grc' dir='ltr'><strong>γὰρ</strong></span> <span class='ocrx_word' id='word_1_769' title='bbox 2495 5122 2588 5195; x_wconf 82' lang='grc' dir='ltr'><strong>τὸ,</strong></span> <span class='ocrx_word' id='word_1_770' title='bbox 2627 5142 2654 5177; x_wconf 73' lang='grc' dir='ltr'><strong>α</strong></span> <span class='ocrx_word' id='word_1_771' title='bbox 2690 5122 2786 5181; x_wconf 87' lang='grc' dir='ltr'>Ἐν</span> <span class='ocrx_word' id='word_1_772' title='bbox 2838 5123 3076 5200; x_wconf 77' lang='grc' dir='ltr'>Χριστῷο</span> <span class='ocrx_word' id='word_1_773' title='bbox 3129 5146 3155 5173; x_wconf 73' lang='grc' dir='ltr'>ιο</span> <span class='ocrx_word' id='word_1_774' title='bbox 3197 5119 3287 5180; x_wconf 81' lang='grc' dir='ltr'>καὶ</span> <span class='ocrx_word' id='word_1_775' title='bbox 3323 5118 3590 5190; x_wconf 84' lang='grc' dir='ltr'>τοσαύτην</span> <span class='ocrx_word' id='word_1_776' title='bbox 3632 5120 3739 5185; x_wconf 85' lang='grc' dir='ltr'>τοῖς</span> 
     </span>
    </p>
   </div>
   <div class='ocr_carea' id='block_1_111' title="bbox 2139 5208 3742 5293">
    <p class='ocr_par' dir='ltr' id='par_1_111' title="bbox 2139 5208 3742 5293">
     <span class='ocr_line' id='line_1_111' title="bbox 2139 5208 3742 5293; baseline -0.002 -21"><span class='ocrx_word' id='word_1_777' title='bbox 2139 5214 2436 5293; x_wconf 78' lang='grc' dir='ltr'>ἀνθρώποις</span> <span class='ocrx_word' id='word_1_778' title='bbox 2486 5211 2793 5292; x_wconf 83' lang='grc' dir='ltr'>άγαθότητα</span> <span class='ocrx_word' id='word_1_779' title='bbox 2847 5209 3295 5288; x_wconf 78' lang='grc' dir='ltr'>ἐπιδεικνύμενος,</span> <span class='ocrx_word' id='word_1_780' title='bbox 3345 5208 3484 5269; x_wconf 78' lang='grc' dir='ltr'>ὥστε</span> <span class='ocrx_word' id='word_1_781' title='bbox 3534 5211 3594 5268; x_wconf 83' lang='grc' dir='ltr'>οὗ</span> <span class='ocrx_word' id='word_1_782' title='bbox 3641 5208 3742 5287; x_wconf 91' lang='grc' dir='ltr'>μό-</span> 
     </span>
    </p>
   </div>
   <div class='ocr_carea' id='block_1_112' title="bbox 2137 5296 3740 5380">
    <p class='ocr_par' dir='ltr' id='par_1_112' title="bbox 2137 5296 3740 5380">
     <span class='ocr_line' id='line_1_112' title="bbox 2137 5296 3740 5380; baseline -0.005 -17"><span class='ocrx_word' id='word_1_783' title='bbox 2137 5328 2221 5365; x_wconf 93' lang='grc' dir='ltr'><strong>νον</strong></span> <span class='ocrx_word' id='word_1_784' title='bbox 2253 5309 2348 5365; x_wconf 84' lang='grc' dir='ltr'>οὖκ</span> <span class='ocrx_word' id='word_1_785' title='bbox 2377 5304 2660 5379; x_wconf 85' lang='grc' dir='ltr'>ἐκόλασεν,</span> <span class='ocrx_word' id='word_1_786' title='bbox 2702 5301 2841 5362; x_wconf 78' lang='grc' dir='ltr'>ἀλλὰ</span> <span class='ocrx_word' id='word_1_787' title='bbox 2882 5300 2977 5361; x_wconf 78' lang='grc' dir='ltr'>καὶ</span> <span class='ocrx_word' id='word_1_788' title='bbox 3018 5302 3358 5380; x_wconf 81' lang='grc' dir='ltr'>κατηλλάγη’</span> <span class='ocrx_word' id='word_1_789' title='bbox 3401 5298 3495 5358; x_wconf 77' lang='grc' dir='ltr'>καὶ</span> <span class='ocrx_word' id='word_1_790' title='bbox 3534 5298 3594 5357; x_wconf 82' lang='grc' dir='ltr'>οὖ</span> <span class='ocrx_word' id='word_1_791' title='bbox 3636 5296 3740 5374; x_wconf 88' lang='grc' dir='ltr'>μό-</span> 
     </span>
    </p>
   </div>
   <div class='ocr_carea' id='block_1_113' title="bbox 2135 5386 3739 5475">
    <p class='ocr_par' dir='ltr' id='par_1_113' title="bbox 2135 5386 3739 5475">
     <span class='ocr_line' id='line_1_113' title="bbox 2135 5386 3739 5475; baseline -0.005 -23"><span class='ocrx_word' id='word_1_792' title='bbox 2135 5417 2222 5453; x_wconf 90' lang='grc' dir='ltr'><strong>νον</strong></span> <span class='ocrx_word' id='word_1_793' title='bbox 2255 5396 2482 5475; x_wconf 78' lang='grc' dir='ltr'>ἆφῆκεν,</span> <span class='ocrx_word' id='word_1_794' title='bbox 2531 5394 2651 5451; x_wconf 84' lang='grc' dir='ltr'>ἀλλ’</span> <span class='ocrx_word' id='word_1_795' title='bbox 2702 5391 2822 5451; x_wconf 75' lang='grc' dir='ltr'>οὐδὲ</span> <span class='ocrx_word' id='word_1_796' title='bbox 2866 5390 3147 5469; x_wconf 80' lang='grc' dir='ltr'>ἐλογίσατο</span> <span class='ocrx_word' id='word_1_797' title='bbox 3174 5390 3268 5457; x_wconf 80' lang='grc' dir='ltr'><strong>τὰς</strong></span> <span class='ocrx_word' id='word_1_798' title='bbox 3300 5386 3592 5466; x_wconf 80' lang='grc' dir='ltr'>ἁμαρτίας.</span> <span class='ocrx_word' id='word_1_799' title='bbox 3629 5386 3739 5446; x_wconf 77' lang='grc' dir='ltr'><strong>Καὶ</strong></span> 
     </span>
    </p>
   </div>
   <div class='ocr_carea' id='block_1_114' title="bbox 2132 5476 3739 5563">
    <p class='ocr_par' dir='ltr' id='par_1_114' title="bbox 2132 5476 3739 5563">
     <span class='ocr_line' id='line_1_114' title="bbox 2132 5476 3739 5563; baseline -0.007 -19"><span class='ocrx_word' id='word_1_800' title='bbox 2132 5483 2234 5563; x_wconf 84' lang='grc' dir='ltr'><strong>γὰρ</strong></span> <span class='ocrx_word' id='word_1_801' title='bbox 2287 5483 2353 5554; x_wconf 87' lang='grc' dir='ltr'><strong>δὴ</strong></span> <span class='ocrx_word' id='word_1_802' title='bbox 2402 5481 2495 5541; x_wconf 82' lang='grc' dir='ltr'>καὶ</span> <span class='ocrx_word' id='word_1_803' title='bbox 2543 5484 2589 5542; x_wconf 77' lang='grc' dir='ltr'>εἴ</span> <span class='ocrx_word' id='word_1_804' title='bbox 2639 5482 2868 5552; x_wconf 78' lang='grc' dir='ltr'>ἠθέλησε</span> <span class='ocrx_word' id='word_1_805' title='bbox 2912 5480 3100 5558; x_wconf 90' lang='grc' dir='ltr'>λόγους</span> <span class='ocrx_word' id='word_1_806' title='bbox 3148 5481 3475 5552; x_wconf 79' lang='grc' dir='ltr'>ἀπαιτῆσαι,</span> <span class='ocrx_word' id='word_1_807' title='bbox 3526 5476 3739 5541; x_wconf 89' lang='grc' dir='ltr'>πάντως</span> 
     </span>
    </p>
   </div>
   <div class='ocr_carea' id='block_1_115' title="bbox 2132 5571 2527 5633">
    <p class='ocr_par' dir='ltr' id='par_1_115' title="bbox 2132 5571 2527 5633">
     <span class='ocr_line' id='line_1_115' title="bbox 2132 5571 2527 5633; baseline -0.003 -2"><span class='ocrx_word' id='word_1_808' title='bbox 2132 5572 2196 5633; x_wconf 84' lang='grc' dir='ltr'><strong>ἂν</strong></span> <span class='ocrx_word' id='word_1_809' title='bbox 2225 5571 2527 5632; x_wconf 78' lang='grc' dir='ltr'>ἀπώλοντο.</span> 
     </span>
    </p>
   </div>
  </div>
