4134 6418
410 421 515 477 857

1300 422 1651 481 EXPOSITIO
1690 425 1758 480 IN
1798 426 2004 483 EPIST.
2046 428 2095 484 ll
2131 429 2223 484 AD
2262 428 2419 483 COR.
2463 458 2532 469 —
2571 426 2722 483 CAP.
2763 428 2827 481 V.

3598 427 3705 483 858

493 566 525 605 α
563 545 910 631 Καζθίμενος
933 548 987 606 ἐν
1011 549 1139 624 ἡμῖν
1168 548 1258 608 τὸν
1284 547 1441 628 λόγον
1466 553 1562 622 τῆς
1588 552 1953 631 καταλλαγῆς.
1979 579 1989 605 ι

2190 575 2220 605 ‹‹
2261 556 2332 609 Et
2362 552 2547 625 posuit
2584 552 2640 608 in
2672 551 2835 607 nobis
2875 550 3109 607 verbum
3167 550 3642 610 reconciliationis.
3680 575 3704 601 ιι

410 633 577 695 Οὖδὲν
628 629 717 696 οῦν
773 635 1017 717 φορτικὸν
1068 635 1117 676 ⁸⁸
1165 640 1289 715 ὑμῖν
1342 648 1511 699 ποιεῖν
1562 629 1861 722 ἐτάχθημεν
1906 643 2008 702 ὑπὸ

409 724 570 813 Θεοῦ,
640 724 779 783 ἀλλὰ
840 726 1232 787 καταλλάσσειν
1290 731 1427 804 ὑμᾶς
1474 731 1639 807 αὐτῷ.
1696 729 1856 791 Ἐπεὶ
1905 731 2009 813 γὰρ

410 812 549 888 ἐμοὶ,
607 813 800 895 φησὶν,
852 817 949 875 οὐκ
1003 816 1361 894 ἐπείσθησαν,
1429 817 1799 899 παραμείνατε
1859 812 2008 899 ὑμεῖς

406 905 868 984 παρακαλοῦντες,
903 904 1001 973 ἕως
1027 904 1089 965 ἂν
1120 906 1362 981 πείσητε.

486 1111 511 1137 ι
542 1082 715 1163 ’Υπὲρ
763 1086 1001 1164 Χριστοῦ
1043 1076 1131 1145 οὖν
1187 1087 1576 1167 πρεσϐεύομεν,
1611 1092 1683 1158 ὥς
1732 1097 1827 1151 τοῦ
1859 1093 2004 1153 Θεοῦ

405 1176 841 1253 παρακαλοῦντος
897 1175 963 1234 δι’
1032 1180 1205 1254 ἡμῶν·
1268 1178 1492 1254 δεόμεθα
1554 1179 1686 1258 ὑπὲρ
1745 1182 2002 1261 Χριστοῦ,

403 1263 779 1341 καταλλάγητε
803 1269 880 1345 τῷ
905 1268 1054 1346 Θεῷ,
1092 1292 1118 1318 ιι
1148 1300 1231 1314 -
1261 1293 1286 1320 α
1312 1268 1485 1348 ⁶Υπὲρ
1510 1270 1762 1349 Χριστοῦ,
1790 1294 1820 1326 ι)
1853 1294 2002 1330 τουτ-

402 1351 565 1439 έστιν,
616 1351 733 1411 ἀντὶ
781 1359 874 1413 τοῦ
934 1356 1168 1433 Χριστοῦ
1219 1356 1608 1435 πρεσϐεύομεν.
1663 1356 1846 1437 Ὅπερ
1897 1360 2000 1439 γὰρ

402 1438 621 1515 ἔμελλεν
670 1443 867 1511 ἐκεῖνος
904 1451 1097 1521 ποιεῖν,
1138 1448 1294 1521 ἡμεῖς
1345 1447 1703 1524 ἀνεδεξάμεθα
1753 1455 1864 1508 νῦν’
1910 1438 2000 1507 καὶ

398 1527 585 1610 ὥσπερ
638 1531 703 1589 δι’
751 1532 953 1592 ἐκείνου
992 1534 1287 1613 παρεκάλει
1332 1540 1477 1614 ἡμᾶς
1527 1541 1554 1595 ὁ
1596 1538 1815 1616 Πατὴρ,
1859 1538 1999 1597 οὕτω

397 1619 490 1677 καὶ
517 1627 608 1709 νῦν
639 1622 707 1679 δι’
741 1626 894 1699 ἡμῶν
929 1626 1259 1703 παρακαλεῖ,
1288 1622 1377 1683 ἵνα
1408 1628 1787 1703 καταλλαγῆτε
1823 1629 1990 1709 αὐτῷ.

397 1709 519 1768 Οὔκ
546 1700 663 1768 εἶπε
710 1708 785 1785 δὲ,
837 1700 1464 1783 Καταλλάξατενὲαυτοῖς
1506 1716 1595 1775 τὸν
1640 1700 1805 1792 Θεὸν,
1847 1700 1994 1791 ἀλλ’,

2115 643 2262 700 Nihil
2313 644 2474 717 igitur
2527 642 2827 699 molestum
2854 648 2951 697 aut
2998 655 3301 697 onerosum
3334 641 3492 698 vobis
3526 642 3710 715 impo-

2114 748 2246 790 nere
2270 733 2631 806 praecipimur
2660 748 2691 788 a
2719 734 2861 799 Deo,
2897 729 2995 788 sed
3022 738 3087 786 ut
3112 746 3208 787 vos
3237 730 3337 802 ipsi
3388 731 3711 788 reconcilie-

2111 839 2258 880 mus.
2283 824 2421 893 Quia
2445 823 2593 880 enim
2621 821 2783 888 mihi,
2805 821 2999 893 inquit,
3027 836 3145 876 non
3180 819 3558 891 crediderunt,
3593 836 3709 893 per-

2113 922 2357 971 severate
2410 929 2508 970 vos
2557 912 2938 980 adhortantes,
2984 910 3255 983 tantisper
3306 909 3444 967 dum
3492 924 3712 983 persua-

2113 1004 2316 1061 seritis.

2185 1096 2362 1151 Vens.
2401 1100 2491 1150 20.
2525 1117 2551 1141 α
2598 1095 2706 1149 Pro
2743 1091 2959 1148 Christo
3001 1090 3166 1164 igitur
3198 1090 3474 1164 legatione
3524 1088 3707 1163 fungi-

2112 1199 2260 1253 mur,
2288 1192 2553 1256 tanquam
2584 1184 2703 1238 Deo
2726 1181 3049 1237 exhortante
3064 1196 3164 1252 per
3185 1195 3309 1236 nos.
3332 1179 3707 1237 Obsecremus

2112 1289 2212 1345 pro
2260 1274 2500 1341 Christo,
2542 1271 2969 1328 reconciliamini
3001 1274 3141 1327 Deo.
3176 1292 3203 1319 ιι
3232 1299 3305 1311 —-
3332 1292 3356 1319 α
3392 1270 3499 1325 Pro
3546 1270 3705 1326 Chri-

2110 1372 2217 1429 sto,
2248 1385 2273 1411 ι»
2301 1362 2355 1419 id
2389 1370 2493 1429 est,
2523 1360 2726 1419 Christi
2759 1361 2881 1417 loco
2922 1359 3329 1417 intercedimus.
3358 1358 3523 1429 Quod
3553 1360 3703 1416 enim

2107 1452 2198 1508 ille
2224 1450 2472 1508 facturus
2500 1460 2637 1519 erat,
2677 1466 2778 1507 nos
2804 1449 3146 1522 suscepimus
3176 1465 3329 1505 nunc
3363 1466 3377 1505 :
3419 1456 3476 1505 et
3510 1465 3702 1522 quem-

2107 1540 2414 1597 admodum
2444 1557 2538 1612 per
2578 1541 2732 1597 illum
2752 1540 3147 1596 adhortabatur
3200 1554 3302 1594 nos
3326 1540 3511 1606 Pater,
3546 1539 3628 1595 sic
3651 1549 3707 1596 et

2104 1647 2251 1686 nunc
2300 1646 2397 1702 per
2437 1646 2538 1686 nos
2576 1629 2918 1697 adhortatur,
2977 1637 3039 1684 ut
3082 1629 3180 1699 ipsi
3237 1628 3693 1685 reconciliemini.

2107 1722 2233 1775 Non
2246 1719 2379 1775 dixit
2394 1725 2606 1785 autem,
2631 1718 2997 1774 Reconciliate
3022 1716 3176 1772 vobis
3198 1716 3329 1788 ipsis
3349 1719 3557 1789 Deum,
3581 1718 3701 1787 sed,

395 1794 587 1873 ’Υμεῖς
637 1800 1014 1879 καταλλάγητε
1072 1802 1236 1883 αὐτῷ.
1286 1801 1478 1881 ’Υμεῖς
1537 1806 1637 1885 γὰρ
1696 1808 1839 1886 αὐτῷ
1895 1808 1987 1886 ἐχ-

2103 1812 2214 1865 Vos
2250 1809 2351 1880 ipsi
2379 1807 2828 1865 reconciliemini.
2858 1809 2969 1864 Vos
2995 1807 3145 1862 enim
3186 1806 3373 1861 hostes
3398 1806 3519 1878 ejus
3544 1808 3696 1877 estis,

396 1887 653 1967 θραίνετε·
706 1892 900 1959 ἐκεῖνος
949 1887 1005 1950 δὲ
1044 1890 1300 1951 οὐδέποτε
1355 1896 1499 1971 ὕμῖν·
1555 1894 1692 1963 Θεὸς
1743 1896 1846 1975 γὰρ
1902 1895 1994 1955 καὶ

397 1976 613 2057 Πατήρ.
665 1976 896 2039 ¹Ωσανεὶ
942 1980 999 2040 δὲ
1058 1980 1381 2049 πταίσαντος
1428 1985 1603 2051 αὐτοῖς
1653 1990 1745 2045 τοῦ
1815 1988 1992 2059 Θεοῦ,

395 2064 535 2126 οὕτω
562 2078 792 2128 ποιεῖται
838 2069 937 2144 τὴν
979 2068 1309 2151 πρεσϐείαν,
1348 2070 1436 2131 ἵνα
1483 2075 1877 2156 συγχωρήσωσι
1920 2077 1995 2157 τῷ

396 2158 546 2235 Θεῷ.
602 2153 684 2218 Ὢ
746 2160 972 2228 πλοῦτος
1030 2160 1426 2243 εὐσπλαγχνίας
1486 2153 1991 2245 καὶησυγκαταϐάξ

396 2267 528 2313 σεως
541 2250 556 2305 ι

489 2358 519 2392 α
542 2335 651 2397 Τὸν
680 2335 783 2417 γὰρ
813 2336 890 2412 μὴ
920 2337 1112 2417 γνόντα
1143 2339 1435 2420 ἁμαρτίαν,
1463 2341 1597 2421 ὖπὲρ
1626 2346 1778 2421 ἡμῶν
1810 2344 1994 2423 ἆμαρ-

394 2425 513 2486 τίαν
560 2425 835 2501 ἐποίησεν,
885 2424 975 2487 ἵνα
1006 2431 1159 2504 ἡμεῖς
1187 2429 1465 2506 γενώμεθα
1517 2432 1817 2506 δικαιοσύνη
1850 2435 1993 2494 Θεοῦ

396 2518 449 2575 ἓν
480 2517 644 2595 αὐτῷ.
689 2544 713 2569 ι
744 2514 871 2576 Ἵνα
920 2517 997 2594 μὴ
1044 2517 1207 2597 λέγω,
1259 2519 1409 2600 φησὶ,
1456 2520 1626 2580 τᾶλλα
1679 2521 1882 2598 πάντα,
1914 2521 1995 2582 ὅτι

393 2605 670 2685 εὐεργέτην
721 2604 1052 2682 ἠτιμάσατε,
1099 2606 1181 2667 ὅτι
1227 2608 1377 2675 δίκας
1426 2610 1521 2670 οὔκ
1566 2611 1863 2685 ἀπῄτησεν,
1913 2612 1995 2671 ὅτι

392 2695 599 2772 μᾶλλον
636 2695 793 2763 αὐτὸς
838 2698 1048 2777 πρῶτος
1089 2699 1497 2776 καταλλαγῆναι
1544 2697 1735 2778 είλετο,
1782 2700 1874 2759 καὶ
1925 2703 1992 2759 δι’

392 2782 422 2843 8
482 2782 698 2856 ἐποίησε
745 2790 838 2844 νῦν
892 2787 987 2845 οὐκ
1035 2784 1180 2854 ἄξιόν
1227 2788 1340 2845 ἐστι
1393 2789 1800 2869 καταλλαγῆναι
1853 2792 1992 2871 αὖτῷ

391 2874 566 2947 ὓμᾶςς
598 2873 673 2935 Τί
701 2877 890 2948 τοῦτο;
922 2873 1056 2934 Ὀτι
1081 2875 1172 2935 τὸν
1203 2875 1334 2936 Υἱὸν
1365 2878 1527 2937 αὐτοῦ
1573 2878 1661 2938 τὸν
1693 2877 1769 2956 μὴ
1800 2878 1990 2958 γνόντα

390 2962 688 3042 ἁμαρτίαν,
718 2963 988 3035 τουτέστι,
1017 2963 1107 3022 τὸν
1139 2965 1608 3039 αὖτοδικαιοσύνην
1652 2967 1811 3044 ὄντα,
1855 2969 1987 3048 ὗπὲρ

385 3053 541 3128 ἡμῶν
572 3051 791 3125 ἐποίησε
840 3057 1015 3112 θανεῖν
1063 3057 1133 3122 ὡς
1166 3054 1486 3134 ἁμαρτωλὸν
1534 3057 1626 3116 καὶ
1669 3062 1986 3138 κακοῦργον.

2101 1898 2219 1970 ipse
2250 1913 2381 1954 vero
2429 1913 2715 1969 nunquam
2743 1905 2917 1953 vester
2945 1915 2957 1952 :
2984 1893 3259 1967 siquidem
3282 1898 3429 1949 Deus
3456 1903 3512 1951 et
3539 1897 3703 1952 Pater

2100 1995 2203 2043 est.
2235 1987 2403 2057 Quasi
2443 2003 2573 2043 vero
2612 1989 2761 2042 Deus
2797 1984 3091 2041 adversum
3129 2000 3225 2040 eos
3266 1983 3575 2055 deliquerit,
3619 1986 3699 2042 sic

2103 2092 2202 2151 per
2239 2078 2446 2150 legatos
2486 2076 2798 2144 intercedit,
2844 2083 2909 2131 ut
2943 2073 3265 2131 condonent
3310 2076 3449 2131 Deo.
3479 2075 3700 2143 [Miram

2102 2166 2316 2239 pietatis
2353 2174 2409 2224 et
2451 2165 2806 2239 indulgentia:
2835 2165 2949 2222 sive
2984 2163 3382 2220 humiliationis
3424 2164 3703 2238 magnitu-

2102 2257 2291 2315 dinem
2315 2260 2330 2312 !

2174 2348 2358 2403 Vsns.
2382 2352 2471 2404 21.
2496 2369 2525 2397 ι
2546 2350 2691 2403 Eum
2719 2346 2867 2402 enim
2881 2344 2971 2417 qui
2998 2353 3288 2417 peccatum
3316 2359 3429 2400 non
3450 2352 3697 2413 noverat,

2103 2452 2202 2508 pro
2226 2436 2388 2493 nobis
2414 2444 2699 2508 peccatum
2750 2434 2899 2503 fecit,
2936 2442 2997 2489 ut
3032 2449 3135 2490 nos
3169 2432 3518 2490 efﬁceremur
3543 2433 3705 2505 justi-

2103 2525 2173 2581 tia
2205 2525 2311 2581 Dei
2344 2525 2405 2581 in
2428 2526 2567 2597 ipso.
2615 2548 2640 2574 ν
2674 2527 2756 2581 Ne
2785 2522 3112 2593 alia,inquit,
3139 2522 3323 2578 omnia
3355 2538 3699 2579 commemo-

2095 2630 2243 2684 rem,
2279 2614 2426 2688 quod
2464 2615 2873 2671 benefactorem
2922 2621 3167 2669 vestrum
3214 2612 3515 2685 ignominia
3564 2611 3699 2669 affe-

2100 2704 2267 2769 cistis,
2318 2704 2469 2777 quod
2513 2702 2814 2760 vindictam
2858 2704 2904 2759 is
2931 2720 3042 2759 non
3082 2701 3346 2775 exegerit,
3380 2701 3531 2774 quod
3584 2701 3699 2774 ipse

2102 2793 2313 2865 primus
2356 2793 2538 2865 potius
2565 2792 2907 2849 reconciliari
2947 2793 3204 2860 voluerit,
3243 2807 3429 2847 nonne
3474 2799 3702 2863 propter

2101 2881 2155 2938 id
2184 2882 2333 2955 quod
2351 2899 2499 2938 nunc
2522 2880 2676 2949 fecit,
2700 2898 2798 2939 vos
2828 2882 2929 2953 ipsi
2955 2881 3295 2937 reconciliari
3317 2880 3552 2953 dignum
3584 2884 3701 2937 est?

2098 2971 2379 3042 Quidnam
2426 2971 2610 3028 istud?
2638 2970 2803 3043 Quod
2841 2971 3046 3028 Filium
3089 2986 3252 3026 suum
3277 2970 3369 3041 qui
3410 2977 3699 3041 peccatum

2097 3076 2209 3117 non
2246 3069 2435 3129 norat,
2470 3060 2578 3117 hoc
2615 3070 2718 3129 est,
2744 3060 2835 3133 qui
2875 3061 2990 3133 ipsa
3006 3060 3221 3132 justitia
3261 3068 3399 3127 erat,
3430 3075 3531 3114 ceu
3576 3074 3701 3130 pec-

390 3168 415 3193 ι
445 3138 877 3224 Ἐπικατάρατος
905 3143 1011 3223 γὰρ
1042 3148 1069 3202 ὁ
1098 3145 1432 3226 κρεμάμενος
1465 3145 1552 3226 ἐπὶ
1586 3144 1761 3215 ξύλου·
1810 3173 1835 3201 ι»
1865 3147 1981 3222 καὶ,

2098 3158 2343 3208 catorem
2394 3166 2459 3207 ac
2517 3151 2867 3220 sceleratum,
2901 3166 3001 3222 pro
3036 3148 3195 3206 nobis
3238 3148 3412 3204 morti
3453 3147 3696 3205 tradidit.

391 3258 417 3283 ι
442 3230 601 3291 Μετὰ
629 3231 843 3309 ἀνόμων
876 3225 1147 3311 ἐλογίσθη.
1186 3255 1213 3289 ι)
1252 3233 1363 3294 Καὶ
1391 3236 1486 3293 οὐκ
1510 3225 1675 3310 εἶπεν,
1705 3237 1784 3296 ὅτι
1815 3236 1992 3319 ἆμαρ-

389 3319 560 3379 τωλὸν
590 3322 863 3396 ἐποίησεν,
897 3322 1060 3397 ἀλλὰ,
1100 3346 1128 3379 ι
1160 3321 1469 3403 Ἆμαρτίανο
1506 3352 1531 3378 υ
1567 3326 1696 3407 ὅπερ
1733 3327 1843 3387 Iovi
1873 3332 1989 3403 μεῖ-

390 3414 498 3479 ζον.
534 3407 659 3470 Ἵνα
697 3410 749 3469 τί
796 3411 1056 3490 γένηται;
1107 3410 1227 3473 Ἵνα
1259 3414 1414 3491 ἡμεῖς
1463 3414 1846 3491 δικαιωθῶμεν*
1893 3417 1989 3477 οὐκ

389 3498 443 3568 ἐξ
490 3497 659 3580 ἔργων
711 3499 907 3577 νόμου,
960 3501 1080 3561 ἀλλ’
1127 3503 1188 3560 ἐκ
1236 3505 1331 3573 τῆς
1395 3503 1611 3583 χάριτος
1673 3510 1762 3563 τοῦ
1820 3508 1982 3567 Θεοῦ.

386 3590 564 3649 Τοῦτο
606 3588 711 3669 γάρ
764 3593 908 3650 ἐστιν
964 3595 999 3663 ἡ
1045 3595 1139 3650 τοῦ
1186 3593 1331 3652 Θεοῦ
1384 3593 1709 3667 δικαιοσύνη,
1748 3594 1873 3655 ὅταν
1910 3620 1989 3665 τις

386 3676 572 3758 χάριτι
626 3678 1076 3766 δικαιωθῇ,“ὅταν
1146 3680 1386 3761 μηδεμία
1439 3682 1592 3755 κηλὶς
1644 3686 1849 3766 εὑρεθῇ·
1900 3686 1987 3746 διὰ

386 3757 542 3829 τοῦτο
583 3764 690 3847 γὰρ
736 3757 871 3829 οὐδὲ.
908 3757 1076 3844 εἶπεν,
1106 3757 1232 3831 Ἵνα
1261 3757 1541 3852 γενώμεθα
1566 3757 1982 3851 δίκαιάξάλλὰ,

388 3883 414 3912 ι
472 3855 796 3933 Δικαιοσύνη
848 3861 1031 3934 Θεοῦ,
1066 3883 1096 3919 ))
1134 3859 1232 3933 τὴν
1273 3862 1571 3944 ὑπερϐολὴν
1618 3866 1712 3938 τῆς
1770 3864 1987 3947 χάριτος

389 3948 584 4022 δηλῶν.

953 4039 1250 4102 ΚΕΦΑΛ.
1294 4040 1397 4118 ς’.

472 4194 502 4226 ι
538 4171 929 4251 Συνεργοῦντες
958 4170 1012 4231 δὲ
1042 4172 1137 4233 καὶ
1165 4175 1591 4253 παρακαλοῦμεν
1617 4220 1635 4250 ,
1667 4175 1744 4255 μὴ
1786 4178 1859 4245 εἰς
1888 4202 1979 4237 κε-

385 4258 473 4321 νὸν
520 4260 620 4332 τὴν
659 4260 821 4341 χάριν
863 4266 959 4322 τοῦ
998 4264 1142 4322 Θεοῦ
1196 4262 1444 4333 δέξασθαι
1493 4268 1649 4342 ὑμᾶς.
1703 4291 1731 4319 ι
1778 4269 1984 4348 Συνερ-

383 4353 582 4428 γοῦμεν
608 4352 780 4427 ἡμεῖς,
820 4351 975 4432 φησὶ,
1006 4352 1102 4412 καὶ
1131 4354 1255 4430 ὑμῖν
1286 4356 1379 4413 καὶ
1415 4356 1493 4435 τῷ
1522 4356 1667 4435 Θεῷ*
1710 4360 1834 4434 ὑμῖν
1868 4356 1984 4433 μὲν,

382 4436 471 4498 ἵνα
508 4444 737 4513 σωθῆτε·
792 4445 871 4522 τῷ
912 4444 1040 4522 Θεῷ
1069 4440 1150 4512 δὲ,
1183 4444 1257 4510 εἷς
1289 4441 1352 4502 τὸ
1397 4446 1683 4523 πληρῶσαι
1709 4445 1773 4504 τὸ
1823 4446 1981 4505 αὗτοῦ

2105 3262 2130 3288 σι
2176 3240 2498 3297 Maledictus
2537 3241 2685 3296 enim
2725 3241 2821 3313 qui
2870 3238 3072 3311 pendet
3125 3254 3192 3294 ex
3255 3237 3403 3311 ligno
3443 3247 3485 3306 ',
3536 3259 3565 3289 ι»
3619 3246 3696 3308 et,

2102 3351 2129 3379 ι
2172 3330 2316 3385 Cum
2360 3329 2562 3402 iniquis
2599 3338 2883 3401 reputatus
2916 3336 2999 3385 est
3031 3333 3073 3385 ⁸.
3118 3349 3145 3376 ι
3192 3329 3307 3384 Nec
3334 3327 3494 3392 dixit,
3545 3326 3694 3399 quod

2098 3427 2443 3491 peccatorem
2473 3418 2684 3486 fecerit,
2738 3419 2854 3486 sed,
2886 3440 2912 3466 α
2942 3421 3257 3483 Peccatum,
3298 3441 3321 3466 ι
3347 3415 3499 3488 quod
3562 3431 3678 3472 ma-

2089 3507 2185 3579 jus
2203 3514 2303 3563 est.
2339 3508 2451 3564 Cur
2480 3507 2622 3563 istuc
2665 3506 2906 3563 factum?
2928 3509 3008 3564 Ut
3038 3522 3141 3563 nos
3155 3506 3548 3577 justificemur,
3571 3521 3684 3560 non

2096 3610 2161 3653 ex
2186 3595 2443 3668 operibus
2470 3596 2631 3668 legis,
2662 3596 2759 3653 sed
2789 3612 2853 3652 ex
2882 3596 3059 3667 gratia
3098 3595 3216 3651 Dei.
3246 3597 3383 3651 Haec
3421 3595 3572 3651 enim
3605 3604 3687 3650 est

2096 3686 2191 3741 Dei
2212 3685 2446 3756 justitia,
2468 3702 2599 3742 cum
2628 3685 2748 3757 quis
2783 3684 2955 3758 gratia
2969 3683 3301 3756 justiﬁcatus
3339 3683 3525 3751 fuerit,
3557 3699 3687 3739 cum

2091 3774 2276 3831 nullus
2305 3774 2361 3831 in
2403 3790 2468 3830 eo
2527 3790 2739 3842 naevus,
2794 3773 3011 3829 nullave
3066 3773 3282 3828 macula
3352 3772 3685 3828 inveniatur.

2094 3865 2391 3935 Propterea
2420 3863 2568 3920 enim
2600 3879 2712 3920 non
2739 3862 2896 3932 dixit,
2925 3864 2993 3918 Ut
3020 3860 3331 3918 efﬁciamur
3352 3860 3481 3933 justi
3514 3878 3528 3917 :
3560 3859 3682 3930 sed,

2097 3976 2124 4003 ι
2156 3953 2381 4011 Iustitia
2411 3954 2535 4023 Dei,
2567 3976 2593 4003 ιι
2620 3954 2811 4027 gratiae
2833 3952 3213 4009 excellentiam
3238 3950 3555 4008 ostendens.

2700 4062 2942 4119 CAPUT
2972 4061 3068 4118 Vl.

2164 4186 2345 4244 Vns.
2403 4208 2430 4236 α
2479 4187 2852 4258 Cooperantes
2880 4192 3064 4242 autem
3105 4183 3276 4240 etiam
3304 4184 3685 4254 exhortamur,

2090 4291 2161 4333 ne
2196 4276 2253 4332 in
2292 4291 2530 4333 vacuum
2559 4276 2801 4349 gratiam
2847 4276 2954 4331 Dei
2990 4274 3283 4347 recipiatis.
3332 4298 3359 4325 ι·
3405 4275 3686 4346 Coopera-

2092 4381 2240 4434 mur,
2280 4366 2482 4437 inquit,
2513 4381 2615 4421 nos
2650 4374 2706 4421 et
2741 4365 2895 4422 vobis
2921 4373 2978 4421 et
3003 4367 3123 4421 Deo
3159 4384 3172 4420 :
3229 4364 3383 4421 vobis
3435 4365 3684 4437 quidem,

2092 4463 2157 4512 ut
2182 4455 2510 4522 servemini;
2546 4455 2714 4527 273
2730 4458 2850 4511 Deo
2879 4462 3086 4523 autem,
3110 4461 3172 4510 ut
3194 4453 3531 4510 voluntatem
3564 4454 3684 4528 ejus

384 4529 612 4607 θέλημα,
662 4529 938 4604 τουτέστι,
977 4531 1039 4590 τὸ
1087 4534 1258 4591 σῶσαι
1282 4535 1446 4609 ἡμᾶς’
1496 4532 1587 4592 καὶ
1636 4535 1981 4615 παρακαλοῦ-

2098 4544 2448 4616 impleamus,
2484 4545 2588 4601 hoc
2635 4552 2737 4613 est,
2778 4552 2841 4599 ut
2878 4560 2973 4600 vos
3002 4544 3183 4599 salvos
3226 4542 3525 4598 reddamus
3556 4561 3569 4597 :
3630 4552 3686 4599 et

386 4640 483 4696 μεν
541 4618 659 4677 ἀντὶ
718 4622 813 4678 τοῦ
880 4621 1161 4702 Χριστοῦ,Δ
1195 4623 1323 4702 ἄχρι
1379 4625 1473 4692 τῆς
1520 4622 1767 4700 δευτέρας
1820 4625 1980 4684 αὐτοῦ

381 4706 707 4786 παρουσίας,
750 4707 844 4767 καὶ
886 4699 984 4777 Ecce
1026 4708 1090 4768 ἃν
1121 4699 1352 4781 (Burri—75v
1398 4714 1475 4792 τῷ
1516 4710 1636 4793 βίῳ,
1665 4699 1754 4772 ἵνα
1792 4711 1867 4790 μὴ
1904 4716 1977 4782 εἷς

378 4796 529 4856 κενὸν
576 4796 793 4870 δέξησθε
837 4796 933 4870 τὴν
978 4799 1138 4879 χάριν
1186 4804 1279 4858 τοῦ
1311 4801 1477 4863 Θεοῦ.
1528 4803 1601 4885 Τί
1650 4800 1753 4881 γὰρ
1792 4802 1977 4885 ὄφελος

376 4885 656 4966 ἁμαρτιῶν
707 4889 1085 4966 ἀπαλλαγῆναι
1138 4889 1323 4969 χάριτι
1368 4889 1503 4969 θείᾳ,
1548 4880 1662 4950 εἶτα
1692 4880 1854 4951 πάλιν
1898 4896 1973 4951 οἶ-

372 4975 492 5058 κεία
522 4976 759 5058 ῥαθυμίᾳ
798 4976 997 5038 τούτων
1038 4982 1378 5054 πλησθῆναι;
1414 4980 1595 5040 Πάλιν
1642 4979 1745 5061 γὰρ
1786 4981 1972 5061 ἔχθρα,

372 5064 466 5125 καὶ
508 5069 671 5133 κενῶς
714 5066 899 5127 λοιπὸν
960 5067 1167 5147 ἐγένετο
1223 5075 1256 5141 ἡ
1309 5070 1465 5150 χάρις
1518 5072 1592 5137 εἰς
1658 5074 1818 5148 ἡμᾶς.
1878 5071 1973 5142 Μὴ

370 5154 543 5214 τοίνυν
574 5154 831 5234 νομίσητε
871 5158 952 5216 ὅτι
995 5156 1055 5216 τὸ
1102 5163 1425 5232 πιστεῦσαι,
1469 5163 1626 5219 τοῦτο
1675 5159 1833 5237 μόνον
1863 5162 1974 5220 ἐστὶ

371 5244 715 5325 καταλλαγὴ,
747 5243 887 5305 ἀλλὰ
929 5246 1023 5305 καὶ
1052 5246 1323 5316 πολιτείας
1351 5247 1526 5328 χρεία.

455 5355 484 5391 α
516 5334 680 5416 Λέγει
702 5332 809 5414 γάρ
831 5357 847 5373 θ
879 5337 1069 5416 Καιρῷ
1097 5336 1268 5417 δεκτῷ
1310 5337 1585 5408 ἐπήκουσά
1615 5360 1746 5416 σου,
1793 5340 1884 5400 καὶ
1916 5341 1969 5399 ἐν

367 5422 550 5505 ἡμέρᾳ
576 5423 846 5504 σωτηρίας
888 5423 1161 5500 ἐϐοήθησά
1205 5448 1290 5486 σοι
1313 5445 1330 5463 ο
1377 5425 1488 5486 ἰδοὺ
1517 5434 1608 5488 νῦν
1646 5428 1829 5509 καιρὸς
1876 5430 1967 5490 εὖ-

452 5559 665 5613 'Deut.
703 5572 835 5627 χχι,
868 5564 922 5615 3.
1007 5560 1157 5616 xlsa.
1201 5574 1431 5632 χχχιιι,
1464 5567 1551 5619 12.

2090 4632 2309 4691 Christo
2339 4635 2460 4690 loco
2480 4634 2552 4691 ad
2576 4632 2885 4690 secundum
2919 4648 3092 4705 usque
3123 4631 3420 4688 adventum
3450 4633 3595 4702 ejus,
3618 4647 3682 4688 ac

2086 4723 2350 4795 tantisper
2388 4723 2523 4779 dum
2562 4724 2884 4789 vixerimus,
2912 4721 3222 4788 hortamur,
3272 4735 3343 4776 ne
3384 4720 3443 4775 in
3468 4734 3679 4777 vanum

2084 4812 2385 4883 suscipiatis
2406 4812 2639 4886 gratiam
2662 4812 2779 4868 Dei.
2811 4811 2953 4883 Quid
2984 4811 3137 4867 enim
3174 4808 3397 4882 prodest
3424 4825 3454 4865 a
3483 4825 3682 4881 pecca-

2084 4902 2156 4958 tis
2199 4902 2375 4958 divina
2405 4901 2576 4974 gratia
2609 4901 2854 4968 liberari,
2888 4900 3087 4957 deinde
3113 4915 3310 4956 rursus
3334 4899 3399 4955 iis
3437 4915 3533 4971 per
3561 4914 3685 4970 pro-

2086 4990 2261 5065 priam
2291 4991 2601 5047 socordiam
2643 4990 2898 5062 impleri?
2944 4992 3161 5046 Rursus
3198 4990 3349 5046 enim
3395 4987 3680 5045 inimicitia

2083 5082 2351 5149 nascitur,
2408 5090 2464 5137 et
2501 5080 2672 5154 gratia
2722 5080 2826 5136 Dei
2858 5095 2985 5153 erga
3030 5095 3131 5136 nos
3175 5079 3429 5149 deinceps
3477 5076 3676 5134 frustra

2083 5171 2163 5227 ﬁt.
2198 5173 2279 5227 Ne
2306 5171 2474 5243 igitur
2523 5170 2872 5238 existimetis,
2911 5167 3062 5241 quod
3100 5184 3251 5224 mera
3292 5166 3429 5223 ﬁdes
3471 5166 3545 5223 sit
3594 5183 3681 5224 re-

2081 5260 2411 5329 conciliatio,
2441 5275 2632 5316 verum
2655 5258 2765 5316 vita
2794 5258 2957 5314 etiam
2978 5266 3063 5313 est
3089 5257 3421 5313 necessaria.

2150 5352 2331 5408 Vsns.
2352 5354 2408 5406 2.
2429 5372 2456 5399 ι
2485 5350 2579 5407 Ait
2595 5349 2743 5406 enim
2762 5350 2830 5401 μ’
2861 5365 2876 5404 :
2897 5350 3172 5420 Tempore
3192 5354 3416 5418 accepto
3442 5346 3673 5404 exaudi-

2079 5439 2134 5496 vi
2158 5446 2237 5508 te,
2261 5446 2317 5497 et
2338 5437 2606 5496 indiebus
2629 5436 2824 5495 salutis
2841 5435 3026 5509 adjuvi
3050 5443 3127 5493 te.
3158 5438 3302 5494 Ecce
3338 5450 3491 5493 nunc
3518 5443 3660 5492 tem-

1661 5572 1721 5605 ?"
1756 5564 1860 5620 lsa.
1905 5578 1953 5634 ι,
1979 5569 2078 5624 49.

1776 5660 1970 5723 Varia
2014 5664 2316 5727 lectiones.

438 5735 478 5771 ¹¹
508 5739 711 5809 φρικτόν
739 5753 820 5796 m.
