4134 6426
433 469 535 522 859

1501 455 2020 513 THEOPHYLACTI
2058 454 2418 511 BULGARLE
2453 452 2772 510 ARCHIEP.

3630 459 3736 513 850

430 605 535 665 pus
560 587 917 662 acceptabile,
942 600 1070 643 ecce
1098 599 1251 640 nunc
1278 582 1396 639 dies
1414 581 1626 639 salutis.
1661 605 1687 630 ι
1715 580 2022 652 Qualenam

2153 578 2458 660 κρόσδεκτος
2480 624 2499 651 ,
2530 577 2642 639 ἰδοὺ
2670 583 2763 639 νῦν
2790 577 2971 661 ἧμίρα
3015 580 3304 661 σωτηρίας.
3335 603 3366 642 ε
3399 584 3566 665 Ποῖος
3605 606 3738 642 nat-

434 691 656 753 tempus
698 676 1070 750 acceptabile?
1111 674 1341 736 Gratiae.
1387 672 1447 728 in
1488 688 1599 745 quo
1645 679 1730 728 est
1772 671 2030 728 remissio

436 778 813 844 peccatorum,
854 765 1193 838 justitimque
1237 762 1697 819 subministratio.
1745 760 1899 817 Istud
1950 768 2034 817 est

436 857 774 930 acceptabile
804 864 1042 927 tempus,
1083 854 1144 909 in
1168 868 1278 925 quo
1315 868 1418 908 nos
1446 855 1598 907 Deus
1627 849 1838 923 recipit,
1869 865 2031 906 exau~

435 948 631 1021 ditque
678 961 804 1013 nos,
843 953 899 1002 et
925 951 1125 1001 servat.
1157 942 1353 998 Judicii
1382 942 1531 998 enim
1558 949 1809 1012 tempore
1852 955 2033 1012 neque

436 1038 716 1107 exaudiet,
753 1050 935 1109 neque
958 1032 1260 1107 adjuvabit,
1303 1047 1485 1104 neque
1509 1030 1766 1087 servabit.
1820 1031 1886 1085 In
1928 1029 2035 1085 hoc

439 1128 629 1200 itaque
697 1126 889 1200 gratiae
940 1131 1195 1195 tempore
1245 1130 1457 1179 certare
1513 1120 1813 1190 debemus;
1872 1118 2036 1176 facile

434 1232 679 1291 namque
702 1229 1062 1288 assequemur
1091 1211 1338 1286 praemia.

508 1400 690 1455 Vitas.
718 1402 774 1453 3.
808 1418 836 1445 α
869 1395 1093 1452 Nullam
1116 1393 1227 1449 ulla
1255 1392 1315 1448 in
1339 1407 1398 1448 re
1425 1391 1623 1448 dantes
1644 1388 2038 1459 offensionem,

442 1496 506 1546 ut
529 1503 642 1544 non
670 1487 1006 1558 vituperetur
1035 1483 1411 1539 ministerium
1454 1489 1727 1537 nostrum.
1762 1503 1786 1530 ι
1817 1479 2038 1537 Adhor-

449 1587 656 1643 tamur,
714 1574 908 1648 inquit,
959 1582 1014 1629 et
1059 1587 1446 1644 cooperamur.
1499 1570 1828 1641 Quomodo?
1884 1569 2035 1625 Citra

441 1665 807 1724 offensionem
836 1665 1100 1720 viventes.
1146 1665 1247 1718 Per
1296 1660 1629 1716 narrationis
1654 1667 1841 1715 autem
1885 1657 2035 1715 ordi-

438 1772 569 1814 nem
588 1754 849 1822 consulit,
872 1760 935 1809 ut
957 1760 1014 1809 et
1040 1751 1139 1824 ipsi
1171 1751 1326 1806 illum
1349 1750 1693 1806 intueantur.
1723 1749 1818 1805 Sic
1853 1749 2027 1811 enim,

2144 670 2231 751 ρδς
2286 670 2701 749 εὐπρόσδεκτος;
2754 669 2826 731 Ὀ
2880 674 2977 743 τῆς
3032 669 3281 753 χάριτος,
3340 674 3395 731 ἐν
3449 662 3494 755 ᾧ
3542 672 3738 755 Αᾷφεσις

2143 760 2586 839 ἁμαρτημάτων,
2640 758 2733 842 καῖ
2788 752 3125 834 δικαιοσύνης
3167 760 3425 842 χορηγία.
3466 752 3662 830 Ὀὗτος
3709 768 3737 823 ὃ

2144 849 2325 915 δεκτὸς
2352 849 2532 929 καιρὸς
2553 895 2569 920 ,
2600 850 2652 907 ἐν
2683 840 2728 931 ᾧ
2777 848 2989 929 δέχεται
3032 840 3176 928 ἡμᾶς
3196 840 3435 926 ῨδνΘεὸς,
3479 850 3574 911 καὶ
3604 854 3742 910 ἐπα-

2144 938 2288 999 κούει
2334 943 2523 1016 ἡμῶν,
2577 938 2669 997 καὶ
2720 937 2895 1009 σώζει.
2950 938 3048 999 Ἐν
3099 940 3204 1019 γὰρ
3256 943 3332 1019 τῷ
3379 945 3473 1013 τῆς
3524 941 3745 1021 κρίσεως

2144 1031 2349 1108 καιρῷ,
2382 1026 2501 1087 οὔτε
2550 1026 2903 1087 ἐπακούσεται
2928 1074 2945 1106 ,
2989 1027 3107 1088 οὔτε
3145 1030 3436 1110 βοηθήσει,
3481 1031 3601 1090 οὔτε
3632 1030 3739 1089 σώ-

2144 1140 2246 1178 σει.
2283 1117 2379 1178 Ἐν
2424 1119 2559 1198 τῷδε
2597 1122 2691 1190 τῆς
2736 1117 2955 1198 χάριτος
3003 1108 3090 1177 οὖν
3142 1108 3350 1198 καιρῷ,
3394 1122 3742 1199 ἀγωνίζεσθαι

2472 1231 2485 1245 ·
2544 1207 2766 1274 εὐκόλως
2824 1206 2929 1288 γὰρ
2994 1207 3373 1287 ἐπιτευξόμεθα
3435 1212 3540 1269 τῶν
3603 1214 3741 1291 βρα-

2149 1475 2226 1556 μὴ
2285 1480 2520 1556 μωμηθῇ
2573 1479 2608 1547 ἡ
2664 1475 2905 1536 διακονία
2958 1480 3132 1553 ἡμῶν.
3187 1504 3213 1531 ι
3280 1479 3744 1556 Παρακαλοῦμεν,

2147 1565 2304 1647 φησὶ,
2334 1568 2424 1626 καὶ
2453 1572 2828 1647 συνεργοῧμεν.
2868 1569 3033 1641 Πῶς;
3093 1566 3509 1645 Πολιτευόμενοι
3565 1572 3739 1647 ἄπρο-

2147 1655 2381 1723 σκόπως.
2432 1656 2529 1716 Ἐν
2576 1654 2721 1724 τάξει
2769 1656 2823 1714 δὲ
2867 1655 3162 1734 διηγήσεως
3213 1656 3603 1733 συμϐουλεύει,
3656 1655 3745 1716 ἵνα

2146 1746 2238 1803 καὶ
2276 1743 2425 1807 αὐτοὶ
2465 1745 2596 1825 πρὸς
2647 1745 2804 1805 αὐτὸν
2836 1748 3126 1825 ἀφορῶσιν.
3165 1743 3327 1805 Οὕτω
3368 1744 3503 1825 γὰρ,
3550 1746 3707 1827 φησὶν
3730 1793 3747 1824 ,

440 1844 642 1916 inquit,
692 1843 919 1899 instituo
951 1840 1121 1897 vitam
1173 1855 1377 1912 meam,
1404 1846 1469 1895 ut
1496 1838 1703 1895 nedum
1733 1853 1851 1893 non
1873 1853 2035 1893 accu-

2153 1834 2425 1893 ἀπευθύνω
2453 1835 2543 1894 τὸν
2577 1833 2691 1915 βίον
2742 1858 2880 1911 μου,
2927 1833 3065 1894 ὥστε
3108 1836 3168 1893 οὗ
3216 1834 3357 1913 λέγω
3384 1833 3464 1893 ὅτι
3506 1858 3750 1913 κατηγο-

435 1932 662 2000 sationi,
699 1947 899 1988 verum
927 1932 1009 1986 Ne
1044 1929 1404 2001 querimoniae
1428 1927 1656 2001 quidem
1687 1927 1919 1999 exiguae,
1950 1932 2045 1981 aut

439 2020 699 2079 seandalo
726 2020 973 2092 cuipiam
1010 2018 1196 2074 locum
1220 2018 1373 2087 dem,
1395 2032 1465 2073 ne
1494 2017 1749 2089 culpetur
1786 2015 2042 2071 ministe-

440 2113 586 2169 rium
639 2118 918 2167 nostrum.
963 2111 1214 2164 Rursum
1260 2123 1374 2163 non
1422 2106 1584 2174 dixit,
1623 2108 1705 2161 Ne
1733 2112 2042 2173 accusetur,

440 2217 658 2269 verum,
690 2202 772 2257 Ne
812 2198 1105 2254 minimam
1151 2195 1372 2269 quidem
1422 2195 1910 2268 reprehensionem
1949 2210 2045 2250 θος

438 2290 609 2364 cipiat
626 2305 765 2362 opus
795 2303 1002 2355 meum,
1034 2294 1089 2342 et
1116 2285 1486 2341 ministerium
1535 2300 1747 2340 meum.
1777 2283 2044 2340 Nonnulli

444 2396 573 2436 vero
600 2380 681 2434 sic
706 2376 1047 2450 interpretati
1078 2384 1243 2431 sunt:
1277 2377 1361 2431 Ne
1389 2374 1721 2447 vituperium
1749 2375 1807 2429 in
1845 2373 2044 2446 praedi-

441 2470 715 2526 cationem
761 2467 1044 2533 reﬂectat;
1088 2464 1232 2520 hanc
1269 2465 1416 2520 enim
1464 2464 1835 2520 ministerium
1879 2479 2044 2518 suum

444 2559 698 2631 appellat.
727 2560 815 2614 Me
838 2557 989 2612 enim
1020 2555 1167 2612 male
1204 2554 1443 2623 vivente,
1474 2554 1793 2626 praedicatio
1822 2552 2044 2609 concul-

445 2648 658 2705 cabitur
709 2654 766 2703 et
824 2645 1241 2718 vituperabitur.
1307 2643 1630 2699 Clanculum
1688 2650 1873 2699 autem
1926 2640 2046 2696 illos

446 2752 666 2811 quoque
700 2735 1033 2803 subindicat,
1070 2736 1219 2806 quod
1247 2732 1419 2788 Vobis
1441 2732 1611 2788 etiam
1641 2731 1786 2787 male
1809 2730 2047 2786 viventi-

445 2827 572 2893 bus,
624 2824 696 2881 ad
767 2825 1043 2881 Christum
1102 2830 1160 2879 et
1229 2820 1397 2878 ﬁdem
1452 2820 1793 2894 blasphemia
1850 2819 2048 2876 redun-

398 2926 403 2929 '
452 2914 623 2972 dabit.

520 3006 704 3061 Vsns.
729 3006 788 3058 4.
821 3024 847 3051 σι
880 3001 984 3058 Sed
1014 3001 1075 3057 in
1102 2999 1360 3056 omnibus
1395 2997 1723 3055 exhibentes
1753 3013 1858 3054 nos
1878 2997 2049 3070 ipsos,

2156 1925 2270 2005 ρίας
2290 1971 2308 2003 ,
2334 1926 2453 1983 ἀλλ’
2483 1924 2603 1983 οὐδὲ
2644 1924 2897 2005 μέμψεως
2934 1926 3095 2005 ψιλῆς
3116 1970 3132 2001 ,
3182 1927 3385 2003 μᾶλλον
3422 1925 3477 1985 δὲ
3508 1926 3746 1986 σκανδά-

2149 2015 2245 2073 λου
2273 2013 2455 2094 χώραν
2484 2016 2543 2072 οὗ
2574 2012 2770 2090 δίδωμί
2800 2037 2946 2094 τινι,
2989 2012 3078 2071 ἵνα
3106 2014 3183 2091 μὴ
3215 2018 3450 2093 μωμηθῇ
3483 2018 3514 2086 ἡ
3565 2016 3749 2075 διακο-

2151 2102 2239 2162 νία
2268 2093 2444 2178 ἡμῶν.
2494 2102 2671 2163 Πάλιν
2720 2104 2815 2162 οὐκ
2862 2093 3038 2177 εἶπεν,
3065 2101 3187 2162 Ἵνα
3237 2103 3314 2180 μὴ
3361 2110 3747 2184 κατηγορηθῇ,

2153 2192 2274 2251 ἀλλ’
2306 2190 2428 2254 Ἵνα
2460 2191 2595 2268 μηδὲ
2643 2191 2731 2250 τὸν
2778 2192 3009 2271 τυχόντα
3053 2195 3241 2269 μῶμον
3268 2193 3481 2266 δέξηται
3512 2194 3573 2253 τὸ
3601 2192 3749 2275 ἔργον

2155 2304 2295 2359 μου,
2325 2281 2419 2341 καὶ
2463 2287 2498 2353 ἡ
2542 2279 2779 2341 διακονία
2812 2304 2913 2359 μου
2944 2280 3017 2341 ⁸³.
3066 2280 3221 2348 Τινὲς
3267 2282 3321 2340 δὲ
3352 2281 3518 2351 οὕτως
3564 2283 3747 2364 ἡρμή-

2152 2395 2342 2431 νευσαν
2371 2395 2383 2409 ·
2416 2370 2539 2432 Ἵνα
2594 2369 2670 2449 μὴ
2720 2371 3004 2451 ἄναδράμῃ
3030 2374 3057 2430 ὃ
3116 2376 3301 2449 μῶμος
3341 2373 3412 2440 εἷς
3445 2372 3505 2431 τὸ
3556 2373 3755 2453 κήρυγ-

2155 2486 2233 2540 μα
2260 2485 2273 2499 ·
2319 2466 2474 2520 τοῦτο
2519 2459 2623 2541 γὰρ
2668 2460 2937 2520 διακονίαν
2991 2464 3153 2522 αὐτοῦ
3200 2462 3374 2523 καλεῖ.
3434 2462 3604 2539 Ἐμοῢ
3650 2463 3751 2544 γὰρ

2155 2556 2333 2617 κακῶς
2380 2554 2601 2626 ζῶντος,
2652 2550 2713 2609 τὸ
2776 2549 3028 2631 κήρυγμα
3096 2552 3609 2624 καταπατηθήσεται
3662 2551 3754 2611 καὶ

2156 2642 2593 2715 διαϐληθήσεται.
2672 2642 2985 2714 Λεληθότως
3046 2634 3135 2699 οὖν
3194 2640 3286 2699 καὶ
3342 2638 3533 2707 αὐτοὺς
3590 2645 3758 2700 ὕπαι-

2154 2730 2388 2788 νίττεται
2445 2730 2527 2803 ⁸³,
2592 2728 2673 2789 ὅτι
2731 2729 2839 2790 Καὶ
2922 2733 3071 2808 ὑμῶν
3127 2733 3306 2797 κακῶς
3383 2729 3628 2803 ζώντων,
3687 2733 3758 2797 εἷς

2155 2818 2247 2879 τὸν
2281 2819 2511 2901 Χριστὸν
2548 2818 2641 2879 καὶ
2686 2816 2784 2891 τὴν
2816 2818 2996 2879 πίστιν
3046 2819 3436 2900 ἀναδραμεῖται
3485 2824 3519 2892 ἡ
3573 2823 3749 2900 βλασ-

2159 2908 2357 2993 φημία-

2244 3024 2275 3054 ι
2310 2999 2451 3060 Ἀλλ’
2500 3000 2554 3058 ἐν
2598 2997 2760 3058 παντὶ
2791 3001 3135 3067 συνιστῶντες
3190 2997 3409 3066 ἑαυτοὺς
3432 3045 3449 3074 ,
3500 3003 3571 3067 ὡς
3613 3001 3755 3061 Θεοῦ

446 3104 709 3164 tanquam
740 3091 836 3147 Dei
866 3089 1126 3146 ministri.
1175 3113 1197 3140 ι
1229 3092 1351 3144 Hoc
1386 3087 1567 3160 majus
1596 3095 1703 3154 est,
1729 3104 1840 3143 non
1866 3089 2044 3143 solum

2153 3089 2406 3150 διάκονοι.
2436 3115 2460 3143 ιι
2490 3091 2668 3148 Τοῦτο
2715 3092 2892 3165 μεῖζον
2917 3133 2933 3163 ,
2974 3088 3035 3148 τὸ
3079 3086 3156 3167 μὴ
3201 3087 3359 3166 μόνον
3396 3088 3582 3147 ἑαυτὸν
3619 3112 3755 3147 κατ-

448 3184 691 3256 seipsum
718 3181 788 3237 ab
818 3178 1266 3237 accusationibus
1290 3184 1348 3233 et
1390 3176 1910 3249 reprehensionibus
1944 3192 2045 3249 pu-

446 3288 574 3330 rum
593 3271 794 3340 facere,
820 3285 1011 3325 verum
1032 3268 1197 3325 etiam
1220 3266 1543 3339 hujusmodi
1569 3268 1737 3322 vitam
1756 3282 2045 3322 common-

448 3370 649 3429 strare,
700 3369 761 3416 ut
794 3375 892 3431 per
933 3360 1110 3431 ipsam
1159 3364 1420 3430 appareat
1455 3371 1575 3413 esse
1618 3356 1873 3412 minister
1923 3355 2045 3413 Dei.

448 3454 574 3508 Non
604 3450 745 3507 dixit
773 3458 984 3516 autem,
1017 3452 1374 3520 Apparentes,
1408 3445 1526 3515 sed,
1561 3468 1588 3496 ι
1615 3445 1970 3515 Exhibentes,
2016 3468 2043 3495 ι

452 3540 559 3597 hoc
586 3547 687 3610 est,
720 3538 1189 3595 demonstrantes.

529 3653 554 3679 οι
585 3632 651 3685 In
683 3628 943 3702 patientia
990 3627 1188 3684 multa.
1252 3647 1279 3675 ι
1314 3623 1546 3683 Modum
1575 3624 1711 3682 dicit
1756 3641 1867 3698 quo
1917 3626 2047 3683 talis

448 3720 645 3788 evasit,
697 3735 792 3790 per
821 3718 1151 3790 patientiam
1198 3713 1451 3771 videlicet
1505 3730 1519 3767 :
1558 3730 1663 3771 nec
1700 3715 2047 3788 simpliciter,

450 3808 568 3877 sed,
600 3832 626 3859 ι
656 3810 761 3865 Per
808 3808 1078 3876 multam,
1114 3829 1141 3856 ι
1173 3805 1368 3877 inquit.
1408 3806 1533 3861 Non
1562 3805 1713 3861 enim
1756 3806 1889 3861 satis
1944 3813 2048 3875 est,

448 3914 629 3956 unum
656 3896 864 3970 aliquid
908 3904 965 3953 et
1008 3895 1243 3951 alterum
1297 3893 1551 3965 sufferre,
1596 3902 1862 3952 caeterum
1909 3910 2051 3968 opus

451 3997 533 4046 est
560 3988 632 4045 ad
663 3988 828 4043 linem
851 4001 1027 4058 usque
1052 3984 1348 4041 sustinere.

525 4101 550 4125 ι
594 4080 660 4133 In
690 4074 1162 4140 tribulationibus,
1184 4074 1242 4129 in
1281 4072 1724 4130 necessitatibus.
1750 4093 1780 4124 »
1802 4074 1931 4129 Haec
1970 4083 2056 4129 est

453 4165 827 4223 tribulationis
876 4163 1119 4220 intensio
1161 4170 1216 4218 et
1266 4162 1633 4235 exaggeratio,
1707 4162 1928 4235 quando
1972 4162 2055 4218 in-

455 4254 798 4311 extricabilia
872 4252 1023 4309 mala
1085 4250 1309 4321 fuerint,
1374 4267 1500 4326 qua:
1574 4252 1866 4309 hominem
1931 4267 2057 4324 pre-

461 4352 639 4402 munt.

2154 3182 2385 3260 ηγοριῶν
2429 3178 2519 3238 καὶ
2551 3176 2755 3255 μώμων
2784 3180 3016 3259 καθαρὸν
3056 3187 3225 3237 ποιεῖν
3244 3223 3260 3250 ,
3291 3178 3429 3236 ἀλλὰ
3468 3177 3561 3238 καὶ
3590 3183 3760 3237 τοιοῦ-

2156 3291 2243 3327 τον
2297 3268 2409 3347 βίον
2462 3266 2884 3346 ἐπιδείκνυσθαι,
2937 3266 3077 3327 ὥστε
3129 3268 3199 3326 δι’
3253 3268 3415 3325 αὐτοῦ⁹
3479 3268 3758 3347 φαίνεσθαι

2155 3356 2249 3416 καὶ
2276 3357 2515 3416 διάκονον
2550 3358 2715 3417 Θεοῦ.
2753 3358 2874 3418 Οὔκ
2904 3348 3022 3416 εἷπε
3064 3357 3149 3431 δὲ,
3178 3355 3542 3432 Φαινόμενοι,
3578 3355 3751 3429 ἀλλὰ,

2162 3468 2193 3506 ε
2228 3449 2616 3522 Συνιστῶντες,
2644 3474 2668 3499 ιι
2694 3446 2994 3521 τουτέστιν,
3027 3444 3452 3513 ἀποδεικνύντες.

2244 3648 2274 3685 α
2312 3626 2408 3688 Ἐν
2452 3628 2692 3706 ὖπομονῇ
2743 3628 2936 3707 πολλῇ.
2968 3648 2996 3685 ε
3047 3624 3208 3705 Δίγει
3251 3625 3344 3686 καὶ
3389 3625 3481 3684 τὸν
3530 3624 3761 3707 τρόπον,

2159 3719 2273 3785 πῶς
2324 3715 2529 3795 ἐγένετο
2579 3722 2843 3790 τοιοῦτος,
2899 3715 2979 3774 ὅτι
3032 3716 3117 3774 διὰ
3150 3720 3245 3787 τῆς
3297 3718 3567 3792 ὓπομονῆς
3592 3737 3607 3753 ·
3663 3718 3765 3797 οὐχ

2164 3805 2346 3874 ἅπλῶς
2393 3804 2485 3878 δὲ,
2540 3804 2680 3863 ἀλλὰ
2724 3805 2817 3865 καὶ
2861 3807 3157 3877 «Πολλῆς.
3189 3829 3219 3861 ι
3256 3807 3338 3865 Οὖ
3371 3804 3474 3885 γὰρ
3508 3809 3657 3885 ἀρκεῖ
3702 3806 3764 3863 τὸ

2161 3894 2216 3955 ἐν
2244 3920 2296 3955 τι
2320 3893 2412 3953 καὶ
2452 3893 2695 3975 δεύτερον
2728 3897 3032 3974 ὑπενεγκεῖν
3052 3940 3071 3973 ,
3122 3894 3261 3953 ἀλλὰ
3301 3896 3381 3953 δεῖ
3424 3897 3551 3975 ἄχρι
3581 3893 3765 3961 τέλους

2163 3984 2466 4063 ὑπομένειν.

2250 4095 2277 4131 ε
2315 4072 2411 4132 Ἐν
2458 4072 2728 4153 θλίψεσιν,
2777 4074 2830 4133 ἐν
2893 4072 3172 4151 ἀνάγκαις.
3203 4093 3236 4132 n
3289 4072 3469 4132 Τοῦτο
3528 4073 3767 4140 ἐπίτασις

2164 4165 2260 4235 τῆς
2289 4160 2512 4243 θλίψεως
2533 4206 2551 4236 ,
2588 4163 2711 4222 ὅταν
2744 4160 3081 4232 ἄδιεξόδευτα
3176 4162 3245 4222 τὰ
3271 4162 3415 4223 κακὰ
3446 4162 3683 4242 ἄγχοντα
3712 4162 3765 4202 ⁸⁴

2165 4250 2253 4312 τὸν
2285 4253 2582 4333 ἄνθρωπον.

531 4458 555 4484 α
600 4435 663 4489 In
687 4431 974 4505 angustiis.
1009 4453 1037 4483 ι
1069 4433 1206 4504 Qum
1243 4438 1374 4489 sunt
1394 4446 1427 4489 a
1452 4430 1618 4500 fame,
1649 4431 1733 4488 vel
1783 4430 2044 4504 simplici-

2204 4450 2274 4531 ":
2297 4422 2403 4500 _’Ev
2433 4422 2831 4531 στενοχωρίαις.
2866 4450 2893 4476 ι
2923 4425 3062 4493 Ταῖς
3097 4422 3207 4483 ἀπὸ
3238 4427 3329 4485 τοῦ
3354 4424 3512 4502 λιμοῦ
3531 4468 3548 4497 ,
3588 4424 3625 4498 ἢ
3654 4428 3768 4491 ταῖς

459 4533 542 4581 ter
570 4540 599 4579 a
629 4521 1046 4579 tentationibus.

530 4611 700 4685 274
718 4614 896 4669 Vitas.
917 4618 971 4668 5.
999 4633 1025 4661 ι
1047 4612 1116 4667 In
1142 4609 1311 4683 plagis
1322 4618 1380 4667 et
1403 4608 1794 4678 carceribus,»
1823 4608 2058 4681 Quando

461 4706 634 4777 plaga
671 4710 727 4758 et
770 4718 1016 4759 carceres
1061 4701 1264 4769 adsint,
1300 4700 1423 4759 vide
1471 4711 1746 4773 quantum
1788 4702 1860 4758 sit
1891 4700 2057 4770 mali;

457 4791 734 4865 siquidem
775 4792 856 4847 vel
899 4792 1139 4848 alterum
1196 4790 1401 4848 horum
1432 4783 1529 4864 per
1574 4805 1634 4848 se
1680 4791 1752 4848 sit
1795 4790 2060 4863 gravissi-

464 4897 641 4939 mum.

536 4994 561 5020 α
606 4972 675 5027 In
715 4968 1092 5027 seditionibus.
1138 4992 1165 5019 ι»
1196 4972 1322 5026 Hoc
1349 4977 1452 5038 est,
1502 4968 1557 5025 in
1598 4969 2058 5041 persectionibus,

461 5060 687 5134 quando
732 5076 845 5116 non
879 5059 1130 5117 habuerit
1172 5060 1371 5134 aliquis
1408 5059 1506 5117 ubi
1548 5058 1746 5130 pedem
1785 5059 1939 5133 figat,
1992 5061 2063 5117 de

463 5152 585 5207 loco
608 5152 679 5221 .in
708 5151 892 5207 locum
920 5158 1090 5206 actus.

537 5264 561 5288 «ι
604 5242 670 5295 In
700 5240 1002 5307 laboribus,
1032 5240 1086 5295 in
1116 5238 1334 5312 vigiliis,
1363 5238 1419 5294 in
1438 5236 1676 5310 jejuniis.
1728 5261 1754 5287 ι»
1792 5240 1935 5297 Cum
1972 5240 2059 5297 di-

464 5331 637 5386 xisset
662 5328 731 5386 de
760 5330 1023 5399 externis,
1051 5344 1175 5402 quae
1217 5345 1313 5385 sua
1356 5337 1486 5384 sunt
1520 5328 1636 5401 jam
1682 5328 1772 5385 hic
1808 5329 2059 5401 apponit,

462 5418 661 5489 quibus
682 5427 876 5491 suapte
904 5428 1102 5491 sponte
1115 5435 1234 5477 sese
1262 5418 1546 5491 affligebat
1575 5435 1591 5476 :
1621 5441 1646 5467 ει
1680 5418 2055 5490 Laboribus,»

466 5523 730 5565 manuum
785 5509 1013 5577 scilicet,
1078 5524 1175 5582 per
1227 5524 1367 5581 quos
1410 5516 1469 5566 et
1536 5508 1781 5582 seipsum
1827 5516 1885 5567 et
1926 5509 2062 5567 alios

2170 4515 2272 4572 τῶν
2303 4516 2615 4593 πειρασμῶν
2648 4512 2857 4579 ἁπλῶς.

2254 4626 2282 4662 ε
2316 4601 2414 4663 Ἐν
2464 4605 2731 4680 πληγαῖς,
2775 4602 2829 4660 ἐν
2859 4602 3145 4679 φυλακαῖς.
3181 4629 3203 4655 ι
3249 4600 3428 4664 Ὅταν
3480 4602 3574 4662 καὶ
3622 4604 3767 4676 πλη-

2165 4692 2255 4773 γαὶ
2283 4692 2375 4752 καὶ
2399 4691 2668 4774 φυλακαὶ,
2712 4691 2811 4771 ὅρα
2842 4690 3005 4749 πόσον
3058 4692 3116 4751 τὸ
3163 4691 3357 4751 κακόν*
3408 4690 3542 4752 ὅπου
3584 4715 3645 4772 γε
3678 4692 3771 4753 καὶ

2164 4782 2226 4843 τὸ
2254 4779 2429 4861 ἕτερον
2462 4781 2659 4841 τούτων
2686 4779 2818 4840 αὐτὸ
2844 4781 2965 4841 καθ’
2996 4779 3127 4840 αὑτὸ
3149 4780 3474 4862 βαρύτατον.

2247 4991 2275 5018 ι
2306 4963 2402 5025 Ἐν
2446 4965 2893 5034 ἀκαταστασίαις.
2936 4987 2968 5025 n
3013 4966 3340 5044 Τουτέστιν,
3380 4969 3435 5029 ἐν
3481 4967 3769 5044 διωγμοῖς,

2167 5053 2293 5204 ὅεὲαν
2323 5051 2399 5132 μὴ
2429 5054 2531 5135 ἔχῃ
2564 5080 2643 5124 τις
2685 5061 2788 5117 ποῦ
2956 5102 2974 5131 ,
3023 5056 3371 5133 ἐλαυνόμενος
3407 5059 3469 5117 ἐκ
3502 5055 3668 5116 τόπου
3698 5057 3771 5123 εἷς

2168 5168 2200 5203 τ
2232 5168 2349 5204 πον.

2168 5168 2349 5204 τοπον.

2251 5260 2276 5286 ι
2324 5232 2421 5292 Ἐν
2452 5233 2667 5311 κόποις’,
2698 5235 2752 5294 ἐν
2803 5234 3119 5314 ἀγρυπνίαις
3142 5281 3158 5313 ,
3203 5240 3256 5297 ἐν
3292 5236 3578 5310 νηστείαις.
3612 5261 3639 5290 ι
3678 5235 3774 5297 Ei-

2168 5322 2285 5383 πὼν
2305 5322 2374 5381 τὰ
2398 5324 2549 5402 παρὰ
2574 5328 2679 5384 τῶν
2710 5323 2811 5393 ἔξω
2850 5324 2926 5399 ⁸⁵,
2953 5326 3023 5385 τὰ
3054 5328 3178 5406 παρ’
3202 5329 3391 5387 ἑαυτοῦ
3422 5324 3768 5406 προστίθησιν

2171 5414 2393 5471 ἐνταῦθα
2413 5461 2428 5486 ,
2468 5412 2504 5472 ἃ
2533 5412 2981 5495 ἕκὼνῗέκακούχει
3024 5414 3234 5477 ἑαυτόν.
3278 5443 3302 5468 ι
3349 5415 3586 5492 Κόποις,
3612 5441 3637 5469 ι
3665 5422 3773 5482 τοῖς

2170 5506 2277 5560 τῶν
2307 5504 2504 5584 χειρῶν
2524 5545 2543 5578 ,
2575 5503 2641 5563 δι’
2664 5494 2737 5563 ὧν
2759 5502 2852 5563 καὶ
2880 5494 3068 5565 ἑαυτὸν
3097 5507 3191 5567 καὶ
3221 5506 3414 5574 ἄλλους
3444 5507 3630 5586 ἔτρεφε
3654 5528 3669 5543 ο

1854 5634 2045 5696 Variae
2084 5635 2387 5709 lectiones.

538 5766 581 5800 "
608 5766 907 5820 διδασκαλία
938 5783 1011 5823 m.
1089 5767 1135 5805 ⁸³
1164 5767 1329 5831 αὐτοῖς
1364 5784 1419 5827 0.
1497 5770 1542 5807 ⁸⁸
1573 5769 1757 5841 ἔχοντα
1796 5784 1849 5826 0.
1928 5769 1971 5805 ⁸⁸
2002 5770 2235 5842 περὶτῶν
2266 5769 2446 5833 ῐεωθεν
2470 5786 2524 5827 o.
