4134 6464
429 491 528 545 861

1361 490 1714 549 EXPOSITIO
1751 492 1819 548 IN
1857 493 2067 551 EPIST.
2113 497 2154 551 ll
2191 497 2284 552 AD
2322 495 2480 553 COR.
2521 527 2593 540 -
2630 498 2780 554 CAP.
2823 499 2910 555 Vl.

3627 504 3736 559 862

427 613 522 674 καὶ
571 613 711 692 μετὰ
766 614 964 674 τούτων
1031 615 1247 677 πάντων
1301 615 1393 675 καὶ
1444 615 1701 697 ἠγρύπνιι
1750 617 1845 679 καὶ
1896 619 2009 693 ἐνή-

2137 619 2338 692 alebat,
2385 637 2622 697 cumque
2674 621 2766 680 his
2809 621 3066 679 omnibus
3117 631 3173 680 et
3218 624 3458 698 vigilavit
3493 633 3551 683 et
3591 626 3734 699 jeju-

428 727 635 764 στευεν.

517 821 542 847 α
576 793 675 855 Ἐν
719 793 993 870 ἁγνότητι.
1025 814 1057 853 1)
1093 793 1211 869 Τὴν
1254 795 1598 876 σωφροσύνην
1646 797 1785 858 οὕτω
1834 798 2028 881 φησὶν,

427 883 463 955 ἢ
493 883 589 955 τήν
620 886 674 942 ἐν
700 893 837 943 πᾶσι
869 883 1208 964 καθαρότητα
1229 932 1246 959 ,
1275 887 1370 944 καὶ
1398 884 1462 946 τὸ
1485 887 1902 968 ἀδωροδόκητον,
1936 889 2028 949 καὶ

427 972 488 1031 τὸ
518 973 805 1041 ἀδαπάνως
832 998 899 1046 κη
908 971 1138 1054 ρύσσειν.

511 1184 534 1212 ι
560 1156 658 1217 Ἐν
684 1154 899 1235 γνώσει.
928 1184 955 1213 ι
983 1155 1275 1218 Τουτέστιν
1296 1206 1312 1238 ,
1346 1159 1399 1218 ἐν
1528 1166 1617 1219 τοῦ
1647 1165 1789 1224 Θεοῦ
1830 1166 1989 1246 σοφίᾳ
2010 1189 2024 1204 ο

424 1244 543 1318 ἥτις
567 1246 707 1305 ἐστὶν
764 1245 926 1314 ὄντως
959 1250 1185 1327 γνῶσις·
1232 1247 1351 1328 οὖχὶ
1399 1253 1469 1330 τῇ
1513 1249 1640 1325 ἔξω,
1687 1244 1930 1336 καθάπερ
1972 1244 2025 1317 οἱ

427 1336 874 1417 ψευδαπόστολοι.

516 1447 547 1485 α
575 1425 668 1486 Ἐν
716 1424 1084 1508 μακροθυμίᾳ,
1129 1429 1183 1487 ἐν
1211 1427 1561 1508 χρηστότητι.
1613 1455 1644 1488 r
1680 1428 2023 1510 Ἀδαμαντί-

425 1540 518 1588 νης
553 1519 754 1597 ψυχῆς,
780 1514 870 1589 τὸ,
908 1520 1164 1577 πάντοθεν
1209 1518 1630 1597 παροξυνόμενον
1669 1521 1761 1579 καὶ
1804 1526 2023 1584 κεντού-

427 1628 618 1683 μενον,
652 1606 711 1664 οὐ
761 1604 920 1682 μόνον
981 1608 1375 1688 μακροθυμεῖν,
1428 1606 1566 1668 ἀλλὰ
1608 1609 1702 1670 καὶ
1748 1615 2023 1694 χρηστεύ-

428 1701 598 1758 εσθαι.

518 1807 532 1844 ι
576 1786 643 1847 Ἐ
708 1790 760 1847 Π
833 1784 849 1808 Ι
1021 1787 1055 1846 ἆ
1098 1787 1113 1809 Ι
1400 1788 1414 1810 Ι
1703 1790 1717 1813 Ι
1754 1818 1772 1828 ⁸
1904 1795 1921 1819 Ι

533 1809 547 1845 ι
644 1810 672 1845 ν
765 1810 988 1865 νευματι
1056 1811 1176 1867 γιῳ.
1232 1809 1263 1846 n
1321 1792 1603 1863 Δεικνυσι,
1644 1798 1804 1852 ποθεν
1842 1818 2020 1855 παντα

423 1879 593 1934 ταῦτα
613 1876 992 1957 κατώρθωσενο
1019 1876 1101 1936 ὅτι
1134 1878 1231 1936 «ἐν
1264 1878 1541 1956 Πνεύματι
1562 1880 1718 1961 ἁγίῳ.
1738 1905 1765 1940 ›)
1795 1882 1932 1944 "Ore
1964 1886 2018 1945 δὲ

422 1964 493 2023 τὰ
543 1965 671 2047 παρ’
739 1968 929 2025 ἑαυτοῦ
982 1965 1283 2035 ἐπεδείξατο
1308 2013 1326 2045 ,
1383 1968 1501 2028 τότε
1564 1967 1658 2041 τὴν
1716 1977 1810 2030 τοῦ
1865 1974 2018 2053 ἁγίου

424 2054 735 2131 Πνεύματος
792 2056 1036 2136 βοήθειαν
1088 2057 1294 2131 ἔθηκεν,
1350 2060 1570 2119 Νοεῖται
1617 2059 1673 2118 δὲ
1723 2060 1804 2120 ὅτι
1836 2066 2015 2125 καὶέν

419 2144 721 2226 χαρίσμασι
787 2154 1164 2224 πνευματικοῖς
1206 2189 1221 2203 .
1268 2147 1361 2207 καὶ
1411 2147 1516 2227 γὰρ
1570 2144 1662 2208 καί
1716 2154 1768 2211 ἐν
1815 2152 2018 2223 τούτοις

420 2234 696 2313 δείκνυμεν
725 2235 806 2295 ὅτι
837 2238 979 2298 Θεοῦ
1008 2238 1168 2313 ἔσμεν
1190 2237 1457 2310 διάκονοι,
1485 2237 1578 2298 ἅτε
1608 2240 1856 2319 θαύματα
1889 2246 2015 2303 ἐπι-

418 2324 770 2402 δεικνύμενοι.
806 2324 883 2384 Ἦ
929 2324 1008 2384 ὅτι
1051 2326 1145 2385 καὶ
1192 2328 1245 2385 ἐν
1294 2331 1370 2408 τῷ
1424 2329 1701 2406 Πνεύματι
1744 2335 1820 2413 τῷ
1877 2333 2013 2417 ἁγίῳ

417 2413 732 2493 προσκοπὴν
777 2417 873 2475 οὐκ
908 2414 1211 2493 ἐδώκαμεν,
1244 2420 1543 2494 τουτέστιν,
1593 2421 1646 2478 ἐν
1697 2429 1805 2489 τοῖς
1852 2413 2011 2504 χαρίξ

418 2526 589 2593 σμασι
628 2511 721 2564 τοῦ
753 2506 1088 2584 Πνεύματος.
1144 2507 1349 2568 Πολλοὶ
1389 2506 1493 2587 γὰρ
1543 2510 1911 2593 ἐπαιρόμενοι,
1944 2518 2015 2583 ὡς

417 2598 467 2653 oi
499 2592 593 2663 τὰς
635 2594 881 2674 γλώσσας
932 2595 1172 2675 ἔχοντες,
1222 2599 1318 2657 οὐκ
1364 2599 1411 2656 εἰ
1452 2597 1566 2659 δέον
1597 2603 1833 2681 χρῶνται
1884 2592 2011 2664 τού-

415 2707 525 2752 τοις
545 2707 559 2722 ’
591 2686 707 2743 ἀλλ’
738 2688 837 2765 οὐχ
866 2685 955 2765 ὅγε
995 2690 1206 2755 ΙΙαῦλος
1235 2687 1423 2754 οὕτως.

498 2801 522 2829 ι
556 2773 655 2836 Ἐν
703 2777 888 2856 ἀγάπῃ
921 2778 1277 2858 ἀνυποκρίτῳ.
1311 2802 1339 2837 ››
1378 2779 1552 2839 Τοῦτο
1578 2780 1639 2841 τὸ
1683 2781 1896 2841 πάντων
1930 2785 2013 2844 αἴ-

414 2885 528 2923 τιον
556 2867 659 2923 τῶν
690 2867 927 2944 ἀγαθῶν,
974 2871 1128 2926 τοῦτο
1155 2867 1248 2927 καὶ
1288 2867 1350 2927 τὸ
1407 2870 1629 2948 Πνεῦμα
1678 2874 1807 2954 παρ’
1867 2876 2011 2957 αὐτῷ

416 2954 592 3030 μένειν
622 2955 810 3016 ἐποίει.

504 3069 529 3095 η
566 3043 664 3104 Ἐν
704 3044 848 3127 λόγῳ
881 3046 1152 3119 ἀληθείας.
1184 3068 1213 3105 ι)
1258 3047 1580 3124 Τουτέστιν,
1634 3051 1695 3109 οὗ
1744 3051 2014 3123 δολοῦντες

410 3133 500 3193 τὸν
530 3134 684 3212 λόγον
715 3140 806 3194 τοῦ
836 3138 1001 3197 Θεοῦ.

500 3246 531 3281 α
558 3223 655 3286 Ἐν
686 3224 905 3302 δυνάμει
946 3226 1113 3290 Θεοῦ.
1146 3250 1176 3286 »
1212 3227 1385 3289 Οὐδὲν
1404 3276 1421 3308 ,
1452 3228 1613 3312 φησὶν
1633 3274 1649 3303 ,
1679 3231 1805 3310 ἐμὸν
1824 3279 1839 3306 ,
1874 3233 2013 3293 ἀλλὰ

412 3311 591 3373 πάντα
616 3322 784 3374 ταῦτα
818 3317 871 3373 ἐν
908 3314 1128 3391 δυνάμει
1156 3322 1299 3379 Θεοῦ
1331 3311 1600 3396 ἐγένοντο,
1635 3319 1669 3392 ἣ
1702 3321 1792 3380 καὶ
1823 3324 1876 3381 ἐν
1908 3347 2011 3398 ση-

414 3401 579 3475 μείοις
610 3404 703 3464 καὶ
734 3405 953 3485 τέρασι,
986 3406 1079 3466 καὶ
1110 3407 1405 3488 κολαστικῇ
1440 3410 1531 3468 καὶ
1566 3411 1869 3494 εὖεργετικῇ
1919 3413 2010 3471 δυ-

411 3490 589 3571 νάμει.

505 3608 531 3634 ι
566 3583 669 3643 Διὰ
711 3585 815 3641 τῶν
842 3583 1021 3642 ὅπλων
1061 3587 1155 3658 τῆς
1186 3586 1523 3660 δικαιοσύνης
1566 3590 1671 3647 τῶν
1706 3587 1886 3658 δεξιῶν
1917 3593 2010 3653 καὶ

410 3673 515 3730 τῶν
559 3674 873 3752 ἀριστερῶν.
919 3694 951 3733 ι)
987 3669 1178 3735 Ὅπλα
1229 3677 1560 3749 δικαιοσύνης
1612 3679 1893 3760 ἀριστερὰ,
1939 3685 2008 3742 τὰ

409 3761 626 3841 λυπηρὰ
674 3762 854 3823 πάντα
880 3787 894 3801 ο
945 3762 1090 3822 ὅπλα
1136 3765 1268 3843 μὲν,
1319 3769 1390 3835 ὡς
1452 3767 1748 3847 τειχίζοντα
1802 3770 1893 3828 καὶ
1953 3773 2006 3831 ἐν

412 3851 677 3932 ἀσφαλείᾳ
735 3855 1111 3911 καθιστῶντα·
1165 3855 1421 3937 ἀριστερὰ
1472 3858 1553 3931 δὲ,
1608 3858 1694 3916 διὰ
1750 3856 1847 3930 τὴν
1900 3864 2005 3920 τῶν

408 3941 619 3999 πολλῶν
666 3940 949 4013 ὑπόληψιν.
987 3942 1093 4003 Καὶ
1137 3942 1242 4023 γὰρ
1291 3947 1385 4004 καὶ
1434 3949 1462 4005 ὁ
1509 3946 1698 4026 Κύριος
1734 3948 2004 4010 ἐκέλευσεν

409 4027 689 4110 εὔχεσθαι,
745 4028 823 4108 μὴ
851 4032 1102 4090 εἰσελθεῖν
1144 4035 1215 4100 εἷς
1262 4037 1578 4113 πειρασμόν.
1616 4036 1775 4105 Δεξιὰ
1808 4038 1891 4112 δὲ,
1937 4041 2005 4100 τὰ

409 4119 757 4201 εὖθυμότερα.
812 4123 896 4180 Δι’
947 4123 1262 4203 ἀμφοτέρων
1301 4114 1391 4183 οῦν
1443 4129 1659 4194 Παῦλος
1709 4129 2006 4207 ἀμώμητος

410 4210 711 4287 ἐδείκνυτο,
765 4210 884 4270 οὔτε
934 4219 1043 4278 τοῖς
1087 4214 1345 4291 λυπηροῖς
1392 4217 1838 4295 συστελλόμενος,
1885 4219 2004 4281 οὔτε

407 4306 515 4366 τοῖς
561 4299 923 4380 εὖθυμοτέροις
977 4301 1322 4381 ὀγκούμενος,
1374 4306 1492 4364 ἀλλ’
1535 4304 1678 4364 ὅπλα
1735 4308 2005 4369 δικαιοσύ-

407 4413 499 4463 νης
527 4394 694 4447 ταῦτα
728 4394 894 4449 ποιῶν
920 4390 995 4450 ⁸⁸.

496 4500 524 4537 (ι
551 4476 655 4537 Διὰ
684 4479 835 4553 δόξης
868 4479 960 4540 καὶ
990 4480 1223 4560 ἀτιμίας.
1259 4505 1287 4540 a
1343 4482 1709 4562 Ἦρμήνευσεν
1748 4490 1881 4563 ἡμῖν
1931 4489 2000 4548 τὰ

2138 712 2316 768 navit.

2208 805 2389 858 Vens.
2415 805 2469 856 6.
2507 824 2532 850 «ι
2562 804 2628 857 In
2659 801 2912 873 puritate.
2944 820 2972 855 ι)
3006 802 3455 874 Temperantiam
3493 804 3573 861 sic
3629 821 3731 877 ap-

2136 891 2320 963 pellat,
2361 890 2442 946 vel
2491 890 2785 962 puritatem
2816 891 2873 947 in
2916 891 3175 948 omnibus
3204 891 3386 961 rebus,
3436 899 3555 949 tum
3584 895 3732 966 quod

2134 996 2433 1037 munerum
2458 981 2828 1052 corruptelam
2853 997 2965 1038 non
2990 980 3297 1052 admiserit,
3321 990 3444 1038 tum
3483 982 3632 1055 quod
3660 984 3735 1041 ci-

2136 1077 2217 1127 tra
2255 1080 2542 1143 sumptum
2565 1070 2958 1143 pradicaverit.

2211 1182 2238 1209 σι
2271 1163 2334 1215 In
2374 1160 2618 1216 scientia.
2656 1182 2681 1209 ιι
2715 1162 2840 1217 Hoc
2888 1167 2992 1229 est,
3035 1161 3093 1216 in
3140 1160 3241 1218 Dei
3270 1160 3557 1234 sapientia,
3605 1178 3733 1236 quae

2135 1258 2218 1306 est
2266 1265 2453 1306 revera
2500 1250 2728 1307 scientia.
2765 1270 2777 1307 :
2819 1266 2935 1307 non
2987 1258 3237 1317 externa,
3273 1249 3732 1325 pseudapostolo-

2135 1356 2260 1395 rum
2289 1356 2463 1396 more.

2209 1451 2234 1479 ι
2279 1432 2345 1485 1η
2369 1430 2794 1503 longanimitate,
2826 1430 2885 1486 in
2914 1429 3271 1503 benignitate.
3298 1453 3325 1480 ι
3370 1429 3728 1489 Adamantini

2132 1519 2289 1590 plane
2335 1520 2502 1575 animi
2554 1528 2655 1589 est,
2711 1520 2755 1576 si
2800 1520 2941 1591 quis,
2989 1534 3117 1575 cum
3154 1519 3405 1593 undique
3433 1521 3729 1578 exacerbe-

2132 1615 2226 1664 tur
2244 1615 2300 1663 et
2320 1616 2611 1681 pungatur,
2630 1624 2738 1664 non
2760 1609 2940 1664 solum
2971 1609 3325 1681 longanimis,
3347 1624 3539 1666 verum
3558 1610 3724 1667 etiam

2130 1696 2277 1753 mitis
2298 1698 2367 1752 sit
2394 1706 2449 1752 et
2476 1697 2766 1770 benignus.

2205 1808 2231 1834 σι
2284 1789 2347 1842 In
2376 1786 2579 1857 Spiritu
2615 1794 2828 1843 sancto.
2864 1810 2890 1835 ι
2918 1786 3173 1843 Ostendit
3201 1786 3350 1843 unde
3393 1786 3513 1844 hac
3541 1789 3728 1846 omnia

2131 1875 2431 1946 peregerit:
2460 1875 2725 1931 nimirum
2759 1898 2783 1924 α
2824 1876 2878 1930 in
2906 1875 3115 1948 Spiritu
3156 1882 3373 1933 sancto.
3408 1899 3435 1925 ιο
3470 1877 3609 1933 Cum
3634 1893 3729 1935 au-

2129 1972 2244 2020 tem
2292 1980 2388 2021 sua
2427 1964 2775 2032 ostendisset,
2804 1972 2925 2020 tum
2961 1965 3200 2036 Spiritus
3237 1965 3414 2021 sancti
3462 1965 3729 2022 auxilium

2128 2054 2331 2126 posuit.
2382 2054 2707 2126 intelligitur
2743 2054 2936 2119 etiam,
2974 2070 3095 2126 pro,
3127 2077 3152 2103 κ
3182 2055 3239 2109 in
3281 2053 3441 2111 donis
3478 2055 3727 2127 spiritua-

2125 2144 2298 2210 libus;
2336 2167 2361 2192 ν
2386 2160 2483 2216 per
2510 2143 2630 2200 haec
2653 2143 2799 2199 enim
2825 2142 3219 2200 documentum
3248 2159 3471 2217 quoque
3490 2143 3713 2214 damus,

2123 2232 2274 2305 quod
2308 2233 2409 2288 Dei
2444 2232 2615 2289 simus
2658 2233 2910 2302 ministri,
2953 2240 3015 2288 ut
3054 2234 3147 2306 qui
3174 2234 3437 2290 miracula
3462 2233 3726 2290 exhibea-

2124 2337 2265 2378 mus.
2300 2322 2394 2378 Vel
2432 2323 2487 2377 in
2521 2321 2724 2393 Spiritu
2754 2330 2944 2378 sancto
2982 2323 3192 2379 nullam
3235 2322 3489 2379 dedimus
3535 2322 3727 2380 offen-

2123 2412 2353 2481 sionem,
2388 2410 2494 2467 hoc
2534 2419 2637 2481 est,
2667 2412 2722 2467 in
2764 2412 2929 2468 donis
2960 2412 3221 2483 Spiritus.
3263 2412 3424 2469 Multi
3454 2413 3599 2468 enim
3628 2428 3723 2469 eo-

2123 2516 2249 2556 rum
2295 2500 2386 2572 qui
2429 2498 2759 2569 efferuntur,
2795 2501 2961 2556 veluti
3020 2501 3061 2556 ii
3112 2502 3205 2574 qui
3244 2502 3453 2574 linguas
3498 2501 3725 2569 habent,

2125 2590 2191 2645 iis
2212 2590 2289 2646 uti
2315 2588 2470 2646 decet
2496 2606 2605 2647 non
2628 2596 2881 2647 utuntur.
2918 2590 3111 2647 Paulus
3141 2606 3270 2647 vero
3304 2606 3417 2646 non
3448 2590 3547 2647 sic.

2199 2777 2223 2803 α
2272 2757 2335 2810 In
2351 2753 2615 2810 charitate
2640 2770 2751 2810 non
2780 2754 2924 2811 ficta.
2954 2775 2981 2806 »
3012 2756 3146 2811 Haec
3176 2770 3261 2811 res
3283 2756 3530 2812 omnium
3551 2755 3726 2813 bono-

2122 2860 2248 2900 rum
2278 2859 2440 2900 causa
2468 2852 2549 2900 est
2575 2862 2591 2899 :
2622 2844 2740 2901 haec
2768 2851 2823 2900 et
2849 2843 3116 2916 Spiritum
3152 2844 3300 2917 apud
3329 2860 3459 2902 eum
3501 2859 3724 2918 perma-

2123 2949 2255 2990 nere
2280 2932 2539 2990 faciebat.

2196 3025 2379 3080 Vsns.
2412 3030 2469 3080 7.
2494 3046 2521 3073 σι
2554 3025 2620 3078 In
2645 3021 2812 3079 verbo
2835 3023 3105 3081 veritatis.
3132 3042 3162 3078 in
3196 3024 3321 3080 Hoc
3347 3031 3457 3092 est,
3483 3040 3600 3081 non
3625 3023 3721 3082 de-

2123 3121 2409 3185 pravantes
2435 3113 2664 3169 verbum
2694 3112 2818 3170 Dei.

2200 3220 2229 3255 «
2264 3205 2326 3258 In
2347 3203 2546 3259 virtute
2590 3202 2711 3258 Dei.
2745 3224 2772 3252 ι»
2803 3203 2976 3270 Nihil,
3030 3202 3228 3275 inquit,
3262 3217 3453 3259 meum
3489 3210 3595 3269 est,
3625 3202 3726 3261 sed

2043 3290 2090 3355 C
2122 3291 2240 3347 haec
2265 3292 2451 3347 omnia
2480 3292 2539 3347 in
2571 3292 2769 3347 virtute
2788 3301 2844 3348 et
2882 3293 3129 3364 potentia
3157 3292 3257 3348 Dei
3291 3291 3432 3348 facta
3469 3301 3616 3361 sunt,
3642 3292 3725 3349 vel

2118 3381 2174 3435 in
2206 3380 2375 3453 signis
2397 3381 2563 3437 etiam
2588 3390 2752 3452 atque
2774 3382 3039 3453 prodigiis
3070 3391 3126 3437 et
3159 3381 3387 3450 virtute,
3433 3398 3542 3454 qua
3572 3385 3728 3439 Deus

2121 3477 2177 3525 et
2206 3471 2381 3540 punit,
2412 3478 2467 3525 et
2492 3469 2753 3525 beneﬁcia
2781 3471 2943 3527 nobis
2971 3471 3237 3543 impertit.

2194 3578 2221 3611 ι(
2252 3560 2353 3613 Per
2394 3575 2545 3615 arma
2569 3559 2801 3631 justitize
2845 3559 3038 3616 dextra
3092 3568 3146 3614 et
3193 3560 3433 3616 sinistra.
3482 3584 3506 3610 ιο
3558 3565 3725 3617 Arma

2125 3647 2349 3720 justitiae
2376 3647 2617 3716 sinistra,
2655 3649 2830 3704 tristia
2867 3657 3097 3717 cuncta;
3142 3665 3295 3704 arma
3337 3648 3567 3721 quidem
3598 3657 3724 3705 tan-

2120 3754 2287 3810 quam
2340 3737 2673 3806 munientia,
2705 3753 2770 3794 ac
2793 3739 2852 3794 in
2881 3745 3003 3794 tuto
3032 3753 3137 3794 nos
3181 3738 3555 3806 collocantia;
3590 3738 3726 3795 sini-

2117 3837 2228 3883 stra
2276 3843 2426 3894 vero,
2466 3836 2689 3899 propter
2726 3827 3027 3883 multorum
3058 3827 3397 3898 opinionem.
3434 3828 3720 3901 Siquidem

2115 3926 2171 3973 et
2219 3916 2493 3972 Dominus
2522 3917 2636 3988 ipse
2676 3932 2779 3972 nos
2808 3932 2972 3974 orare
3008 3917 3199 3989 jussit,
3237 3932 3310 3972 ne
3342 3916 3719 3989 ingrediamur

2117 4006 2175 4062 in
2216 4006 2598 4063 tentationem.
2634 4010 2838 4062 Dextra
2885 4022 3037 4075 vero,
3066 4006 3420 4078 jucundiora.
3456 4009 3518 4062 In
3552 4007 3721 4063 utris-

2113 4111 2218 4169 que
2282 4111 2414 4168 ergo
2468 4096 2666 4152 Paulus
2711 4095 3211 4169 irreprehensibilis
3277 4095 3721 4168 monstrabatur,

2114 4194 2174 4242 ut
2210 4185 2302 4256 qui
2343 4201 2521 4258 neque
2563 4185 2817 4242 tristibus
2846 4184 3189 4259 dejiceretur,
3220 4201 3400 4258 neque
3450 4185 3591 4242 laetis
3633 4185 3714 4242 ef-

2111 4272 2367 4344 ferretur,
2400 4274 2495 4331 sed
2524 4290 2679 4331 arma
2701 4273 2936 4347 justitia:
2965 4276 3083 4332 haec
3122 4291 3313 4332 revera
3354 4274 3575 4333 faceret.

2184 4430 2355 4484 Vnus.
2388 4434 2441 4485 8.
2470 4449 2495 4477 α
2528 4431 2631 4485 Per
2649 4428 2879 4501 gloriam
2902 4438 2957 4485 et
2977 4428 3357 4503 ignominiam.
3384 4452 3411 4480 υ
3435 4431 3714 4503 Interpre-

2108 4522 2256 4572 tatus
2270 4516 2436 4588 275
2461 4524 2545 4573 est
2559 4517 2737 4585 nobis,
2759 4518 2950 4573 dextra
2963 4526 3017 4573 et
3035 4519 3276 4585 sinistra,
3298 4516 3447 4590 quod
3466 4519 3577 4575 sint
3608 4522 3727 4593 glo-

408 4566 547 4637 δεξιὰ
571 4568 662 4627 καὶ
693 4570 761 4628 τὰ
807 4570 1093 4650 ἀριστερὰ,
1126 4570 1207 4631 ὅτι
1248 4570 1372 4643 δόξα
1415 4574 1509 4633 καὶ
1541 4574 1744 4643 ἀδοξία.
1784 4579 1909 4646 Πῶς
1942 4578 1995 4638 δὲ

412 4656 437 4681 d
476 4661 495 4681 Ἦ
616 4660 640 4681 δ
833 4657 847 4677 Ι
996 4664 1014 4681 ρ
1069 4663 1089 4681 ᾗ
1106 4660 1145 4681 ΙΡ
1258 4661 1333 4681 ΠΛ
1503 4668 1522 4681 ι
1542 4667 1556 4681 \
1602 4664 1615 4681 ι
1717 4668 1731 4681 ε
1782 4666 1796 4681 Ι
1954 4672 1970 4681 ι

2117 4566 2364 4588 mm...
2386 4566 2436 4588 υ
2464 4566 2737 4585 η--η--τ
2760 4566 3016 4573 -ν--ηη-
3036 4566 3276 4585 νην-π,
3301 4566 3447 4590 -ι-ν-
3466 4566 3577 4575 ----
3608 4566 3697 4593 οη.

2117 4607 2186 4662 ria
2206 4614 2262 4662 et
2280 4606 2598 4679 ignominia.
2622 4607 2919 4677 Quomodo
2940 4623 3068 4664 vero
3090 4623 3245 4663 arma
3259 4606 3492 4679 justitize
3512 4609 3724 4681 gloria?

405 4656 567 4717 ὅπλον
611 4657 946 4733 δικαιοσύνης
985 4664 1020 4732 ἡ
1062 4660 1213 4735 δόξα;
1258 4661 1390 4723 "Ott
1431 4664 1657 4733 πολλοὺς
1708 4666 1877 4746 ἐνάγει
1925 4672 1998 4737 εἷς

433 4751 450 4770 Ἵ
505 4746 559 4770 ’ρ
768 4748 779 4765 ‘
940 4758 975 4770 no
1016 4755 1037 4770 Α
1212 4749 1228 4770 \
1347 4752 1373 4770 ﬁ
1401 4754 1425 4770 Α
1553 4754 1586 4770 I‘
1757 4756 1828 4770 ml
1900 4749 1933 4770 ν

2117 4656 2186 4662 --_
2211 4656 2292 4662 ---
2337 4656 2598 4663 “--_--_-_.
2629 4656 2915 4677 ,θην-,η
2952 4656 3063 4664 .-η
3090 4656 3491 4679 ηψπ---πην-
3550 4656 3711 4667 .-.-...

2117 4656 2376 4768 Quoniam
2394 4697 2598 4753 multos
2626 4696 2829 4753 inducit
2858 4695 2929 4753 ad
2957 4697 3242 4769 pietatem,
3275 4696 3455 4753 honor
3497 4656 3589 4770 (ἶυὶ
3620 4698 3721 4757 de-

402 4746 672 4807 εὗσέϐειαν
733 4748 792 4806 τὸ
843 4755 1100 4823 τιμᾶσθαι
1149 4749 1268 4819 τοὺς
1344 4752 1714 4824 διδασκάλους.
1757 4756 1828 4817 Τί
1873 4749 1998 4835 οῦν;

403 4841 559 4927 τοῦτο
603 4838 927 4919 κατόρθωμα
976 4840 1234 4917 Παύλους
1286 4844 1420 4916 Ναὶ,
1460 4842 1542 4903 ὅτι
1574 4846 1666 4906 οὐκ
1712 4850 1999 4927 ἐχαυνοῦτο

404 4926 834 5018 δοξαζόμενος-ἡ
882 4930 1065 4999 ἀδοξία
1114 4930 1167 4991 δὲ
1210 4934 1480 5011 ὑπομονὴν
1530 4926 1995 5018 κατεργαζομένη,

404 5015 679 5095 εὐδόκιμον
707 5017 865 5077 αὐτὸν
896 5018 1091 5096 ἐποίει,
1119 5020 1212 5080 καὶ
1241 5022 1438 5083 εὖώδου
1467 5026 1528 5085 τὸ
1554 5015 1821 5107 κήρυγμα.

486 5221 523 5293 ¢_
546 5198 653 5260 Διὰ
682 5200 985 5283 δυσφημίας
1008 5204 1098 5263 καὶ
1129 5205 1413 5287 εὐφημίας.
1442 5230 1470 5268 ››
1510 5208 1621 5269 Καὶ
1644 5215 1801 5271 τοῦτο
1832 5211 1996 5293 μέγα,

400 5287 789 5385 τὸῃθπομεῖναι
834 5293 1137 5385 δυσφημίαν
1164 5317 1178 5333 ο
1227 5297 1472 5376 μεγάλως
1525 5298 1630 5380 γὰρ
1676 5305 1771 5374 τ’ἤς

400 5378 754 5471 καθάπτεται.
801 5380 897 5442 Διὸ
937 5383 1027 5442 καὶ
1071 5388 1101 5445 δ
1136 5386 1331 5467 Κύριος
1368 5378 1651 5471 μακαρίζει
1696 5378 1998 5461 τοὺξῦπο-

401 5466 657 5548 μένοντας
704 5471 791 5529 τὸν
825 5472 1142 5553 ὅνειδισμόν.
1177 5466 1272 5538 Ἐν
1320 5475 1418 5556 μὲν
1443 5466 1548 5561 γὰρ
1593 5482 1702 5551 τοῖς
1745 5484 1998 5564 βασάνοις

469 5621 494 5649 ³
522 5613 668 5671 Psal.
710 5629 912 5683 cxvu,
948 5620 1033 5673 18.

2108 4784 2283 4841 fertur
2310 4785 2647 4843 doctoribus.
2680 4786 2828 4856 Quid
2855 4785 3019 4844 inde?
3050 4785 3306 4842 Haeccine
3329 4786 3485 4842 Pauli
3513 4786 3720 4846 virtus?

2106 4876 2251 4941 Imo,
2279 4875 2409 4947 quia
2439 4891 2568 4931 cum
2596 4876 2768 4948 gloria
2800 4874 3031 4932 effectus
3066 4883 3229 4946 esset,
3273 4892 3386 4932 non
3436 4878 3719 4949 superbie-

2105 4962 2220 5021 bat.
2280 4965 2584 5037 Ignominia
2643 4973 2827 5021 autem
2873 4981 3001 5038 qua:
3055 4965 3382 5038 patientiam
3434 4975 3714 5039 operatur,

2106 5054 2291 5125 ipsum
2323 5053 2619 5127 probatum
2669 5054 2965 5125 efﬁciebat,
3003 5054 3560 5129 praedicationemque
3601 5055 3719 5128 ejus

2110 5142 2323 5199 felicem
2353 5141 2641 5200 reddebat.

2183 5249 2213 5286 α
2250 5235 2355 5289 Per
2381 5232 2672 5290 infamiam
2695 5242 2754 5291 et
2781 5233 2988 5292 bonam
3029 5233 3258 5291 famam.
3294 5258 3319 5286 ι
3350 5235 3474 5291 Hoc
3499 5250 3719 5307 quoque

2107 5321 2343 5379 arduum
2397 5330 2501 5389 est,
2561 5322 2852 5381 infamiam
2911 5324 3233 5381 sustinere:
3273 5340 3407 5380 nam
3470 5323 3718 5382 animum

2106 5426 2441 5485 magnopere
2469 5421 2678 5470 movet.
2729 5415 3028 5486 Propterea
3075 5413 3355 5470 Dominus
3398 5428 3494 5470 eos
3520 5412 3718 5473 beatos

2109 5500 2389 5573 pradicet,
2422 5502 2518 5574 qui
2554 5503 2859 5575 opprobria
2884 5502 3069 5561 ferunt
3092 5512 3137 5561 ⁸.
3164 5505 3226 5560 In
3252 5503 3544 5561 tormentis
3564 5505 3713 5560 enim

1793 5710 1984 5772 Variae
2027 5713 2332 5774 lectiones.

469 5784 515 5819 ⁸⁸
538 5792 692 5843 ταῦτα
711 5786 766 5840 ὄν
776 5805 870 5857 τως
891 5792 1048 5844 ποιῶν
1077 5804 1156 5855 In.
