4134 6422
424 440 525 493 863

1410 444 1928 506 THEOPHYLACTI
1967 451 2322 512 BULGARME
2358 459 2674 516 ARCHIEP.

3633 463 3739 518 864

420 577 618 635 corpus
641 579 770 621 cum
811 565 998 622 anima
1026 567 1263 639 partitur
1301 567 1556 637 dolores;
1590 572 1647 627 in
1676 576 2009 632 contumelia

2122 578 2184 638 τὸ
2213 584 2369 658 σῶμα
2420 584 2690 665 μερίζεται
2728 585 2820 645 σὺν
2979 590 3128 668 ψυχῇ
3171 587 3265 655 τὰς
3309 586 3607 666 ἀλγηδόνας
3636 608 3648 622 ⁸
3680 588 3733 645 ἓν

418 667 548 708 vero
569 652 683 708 sive
703 652 931 711 infamia
953 662 1135 711 totum
1180 671 1323 713 onus
1341 658 1538 716 animae
1562 660 1816 719 imminet
1840 683 1857 720 :
1882 665 2025 722 unde

419 747 475 797 et
493 741 635 798 Jobo
662 741 808 798 istuc
827 745 1040 800 caeteris
1060 745 1232 818 plagis
1251 749 1474 820 gravius
1497 758 1629 806 erat.
1665 775 1690 800 η

493 852 521 880 ι
548 830 831 903 Tanquam
859 831 1185 891 seductores
1203 843 1261 891 et
1290 853 1526 896 veraces.
1556 862 1580 889 ο
1613 842 1736 897 Ηοο
1760 850 1843 899 est
1871 844 2022 916 quod

414 918 578 987 dixit,
611 942 639 968 α
678 923 785 977 Per
814 920 1179 993 ignominiam
1211 933 1267 981 et
1286 925 1489 984 bonam
1524 928 1751 988 famam.

491 1010 668 1066 Vsns.
698 1015 754 1066 9.
789 1032 816 1059 ι
846 1012 1007 1068 Velut
1044 1012 1279 1085 ignorati
1308 1025 1364 1072 et
1391 1017 1578 1089 agniti.
1614 1041 1641 1068 «ι
1691 1020 1830 1078 Aliis
1874 1024 2021 1079 enim

423 1097 660 1155 adamati
687 1109 741 1156 et
779 1100 992 1172 cogniti
1029 1112 1204 1173 erant,
1235 1105 1322 1161 alii
1356 1122 1482 1163 vero
1520 1108 1667 1181 ipsos
1703 1120 1760 1166 et
1800 1113 2020 1169 novisse

416 1186 641 1259 quidem
681 1190 887 1262 dignati
919 1201 1100 1248 erant.
1141 1195 1264 1250 Hoc
1294 1204 1477 1253 autem
1508 1198 1653 1256 idem
1678 1209 1762 1256 est
1788 1216 1917 1258 cum
1951 1218 2019 1260 e0

417 1275 568 1347 quod
595 1277 755 1347 dixit,
782 1302 809 1328 α
840 1281 945 1336 Per
969 1281 1206 1353 gloriam
1233 1291 1286 1339 et
1314 1285 1703 1357 ignominiam.
1738 1312 1765 1338 ι

492 1388 520 1415 α
548 1369 839 1439 Tanquam
860 1371 1178 1442 morientes,
1202 1381 1260 1429 et
1284 1389 1413 1431 ecce
1440 1376 1693 1434 vivimus.
1722 1402 1748 1429 ι»
1774 1379 1888 1437 Hoc
1912 1388 2015 1450 est,

416 1462 687 1529 tanquam
721 1459 886 1517 morti
926 1459 1133 1516 addicti
1163 1470 1218 1518 et
1246 1463 1622 1535 condemnati,
1650 1484 1711 1524 ac
1746 1478 2017 1541 quatenus

416 1543 485 1601 ad
509 1554 751 1603 mentem
778 1547 1161 1606 insidiantium
1180 1552 1435 1623 pertinet,
1470 1578 1497 1604 ι
1532 1558 1830 1615 morientes
1858 1578 1889 1612 η
1918 1575 2015 1633 per

418 1633 517 1689 Dei
541 1644 723 1692 autem
745 1638 1051 1708 potentiam
1080 1662 1105 1687 α
1136 1656 1266 1697 ecce
1293 1642 1554 1701 vivimus.
1590 1668 1617 1696 η

494 1745 521 1772 α
549 1725 835 1797 Tanquam
860 1728 1135 1801 castigati,
1171 1738 1364 1788 etnon
1406 1734 1594 1789 occisi.
1642 1758 1666 1785 ι
1716 1739 2024 1817 Permittit,

417 1811 620 1884 inquit,
646 1813 765 1871 haec
791 1816 962 1885 Deus,
992 1825 1052 1873 ut
1079 1818 1295 1876 erudiat
1336 1837 1438 1879 nos
1466 1831 1523 1880 et
1544 1826 1795 1898 castiget.
1846 1811 2027 1898 Quare

2135 669 2190 728 δὲ
2217 676 2283 751 τῇ
2316 674 2623 754 δυσφημίᾳ,
2657 680 2719 734 τὸ
2745 675 2863 736 ὅλον
2898 677 3062 757 βάρος
3088 676 3175 736 ἐπὶ
3210 676 3305 751 τὴν
3336 676 3539 758 ψυχήν.
3572 674 3737 738 Ὅθεν

2134 760 2228 818 καὶ
2256 766 2333 843 τῷ
2364 762 2491 824 Ἰὼϐ
2523 765 2810 845 βαρύτερον
2834 771 2989 826 τοῦτο
3008 769 3113 825 τῶν
3136 766 3316 826 ἄλλων
3345 769 3590 847 πληγῶν.

2218 872 2249 909 τι
2285 850 2386 918 Ὡς
2418 855 2609 913 πλάνοι
2638 854 2731 912 καὶ
2762 855 2994 926 ἀληθεῖς.
3030 881 3057 910 υ
3112 855 3290 916 Τοῦτό
3340 845 3483 915 ἐστιν
3523 855 3551 914 ὃ
3584 845 3738 916 εἷπε·

2132 939 2235 1002 Διὰ
2262 941 2567 1023 δυσφημίας
2592 941 2686 1002 καὶ
2719 945 3002 1021 εὐφημίας.
3037 971 3064 998 ι

2210 1059 2234 1084 ι
2274 1029 2369 1097 Ὡς
2416 1029 2762 1109 ἀγνοούμενοι
2813 1034 2906 1093 καὶ
2964 1032 3456 1115 ἐπιγινωσκόμενοι.
3519 1057 3550 1095 ι)
3606 1038 3735 1103 Τοῖς

2132 1121 2226 1199 μὲν
2269 1120 2371 1200 γὰρ
2426 1112 2561 1194 ἦσαν
2598 1112 3194 1199 περισπούδαστοιααὶ
3232 1124 3526 1204 γνώριμον
3578 1126 3627 1185 οῖ
3681 1123 3735 1184 δὲ

2130 1209 2249 1270 οὐδὲ
2284 1211 2481 1271 εἰδέναι
2512 1211 2699 1280 αὐτοὺς
2722 1213 2923 1285 ἠξίουν.
2956 1216 3132 1274 Τοῦτο
3160 1212 3218 1273 δὲ
3259 1214 3454 1274 ταύτόν
3479 1217 3594 1276 ἐστι
3621 1218 3698 1295 τῷ
3716 1260 3733 1290 ,

2130 1300 2291 1379 α-Διὰ
2314 1299 2465 1373 δόξης
2494 1301 2585 1360 καὶ
2622 1302 2858 1379 ἀτιμίας.
2898 1330 2922 1357 ι

2160 1376 2169 1380 ’
2210 1418 2235 1443 ι
2260 1388 2365 1457 ⁶Ως
2391 1376 2809 1463 ἀποθνήσκοντες
2826 1441 2842 1467 ,
2870 1392 2961 1451 καὶ
2985 1391 3098 1453 ἰδοὺ
3126 1397 3325 1469 ζῶμεν.
3358 1414 3389 1452 »
3423 1392 3731 1468 Τουτέστιν,

2123 1481 2197 1547 ὣς
2249 1479 2580 1539 ἐπιθανάτιοι
2633 1480 2725 1540 καὶ
2774 1482 3083 1557 κατάδικοι,
3138 1483 3232 1542 καὶ
3284 1480 3407 1543 ὅσον
3452 1483 3584 1563 πρὸς
3631 1482 3729 1553 τὴν

2123 1567 2339 1644 γνώμην
2394 1572 2502 1628 τῶν
2560 1570 3045 1650 ἐπιϐουλευόντων,
3112 1594 3144 1632 (ι
3174 1570 3630 1644 ἀποθνήσκοντες·
3700 1601 3723 1624 υ

2126 1658 2211 1716 διὰ
2238 1658 2294 1717 δὲ
2323 1659 2416 1730 τὴν
2445 1663 2538 1719 τοῦ
2561 1662 2703 1721 Θεοῦ
2735 1659 2957 1740 δύναμιν
2996 1683 3026 1721 ιι
3052 1660 3161 1721 ἰδοὺ
3196 1664 3388 1739 ζῶμεν.
3426 1687 3452 1716 ι

2227 1770 2257 1807 ιι
2286 1747 2386 1814 Ὡς
2407 1750 2802 1826 παιδευόμενοι,
2850 1752 2940 1810 καὶ
2974 1752 3049 1828 μὴ
3076 1754 3477 1829 θανατούμενοι.
3529 1775 3555 1804 ι
3584 1751 3728 1831 Συγ·

2136 1844 2301 1917 χωρεῖ
2324 1836 2426 1913 δὲ,
2477 1838 2636 1917 φησὶ,
2686 1845 2854 1898 ταῦτα
2883 1840 3114 1919 ὁεΘεὸς,
3156 1840 3245 1899 ἵνα
3283 1838 3510 1921 παιδεύῃ
3560 1844 3724 1916 ἡμᾶς.

417 1901 745 1972 etiamnum,
783 1913 912 1961 ante
959 1904 1142 1963 futura
1172 1908 1264 1965 illa
1306 1912 1555 1982 praemia,
1597 1930 1711 1970 non
1751 1917 2009 1989 exiguum

2121 1925 2295 1987 εὨστε
2338 1926 2430 1985 καὶ
2481 1928 2584 2007 πρὸ
2630 1930 2735 1986 τῶν
2769 1930 2966 1988 ἐκεῖθεν
2999 1933 3234 2005 μισθῶν,
3284 1934 3346 1989 οὗ
3393 1928 3583 2009 μικρὸν
3635 1931 3724 1989 lv-

412 1991 571 2048 nobis
616 2008 647 2048 a
686 1992 1044 2066 castigatione
1089 1997 1305 2055 lucrum
1356 2002 1626 2073 provenit.
1687 2010 1737 2061 A
1802 2006 2010 2063 Davide

413 2087 596 2137 autem
622 2080 727 2138 hoc
749 2082 1108 2156 desumptum
1129 2096 1212 2142 est
1227 2080 1276 2155 δ,
1302 2111 1330 2137 σι
1363 2091 1649 2163 Castigans
1676 2112 1704 2146 η
1734 2094 1903 2165 enim,
1928 2095 2009 2151 in-

411 2169 532 2242 quit
557 2169 670 2239 ille,
703 2192 731 2220 α
757 2172 1040 2245 castigavit
1090 2190 1183 2232 me
1232 2179 1534 2251 Dominus,
1582 2188 1641 2237 et
1687 2184 1856 2239 morti
1896 2200 2011 2241 non

409 2258 633 2315 tradidit
660 2275 771 2317 me.
826 2284 853 2309 ν

484 2350 667 2405 Vnus.
712 2356 797 2407 10.
846 2373 873 2399 α
906 2354 1196 2424 Tanquam
1243 2352 1517 2428 dolentes,
1567 2375 1786 2433 semper
1825 2370 2011 2419 autem

410 2437 728 2509 gaudentes.
758 2459 785 2491 »
823 2441 984 2514 Apud
1011 2449 1227 2499 exteros
1249 2445 1500 2516 quidem,
1522 2451 1707 2507 moesti
1736 2450 2009 2519 videmur,

412 2526 489 2583 ait
528 2545 543 2584 :
602 2544 706 2586 nos
742 2546 872 2586 vero
922 2531 1095 2590 solida
1156 2533 1434 2607 voluptate
1480 2538 1833 2611 perfruimur.
1888 2543 2013 2599 Non

406 2615 551 2673 enim
590 2617 887 2692 aliquando
922 2620 1194 2693 laetamur,
1234 2624 1528 2697 aliquando
1556 2645 1693 2698 non,
1732 2630 1835 2688 sed
1862 2647 2009 2688 sem-

409 2720 526 2777 per.

480 2797 769 2869 Tanquam
806 2807 1048 2871 egentes,
1076 2803 1287 2860 multos
1313 2811 1505 2862 autem
1535 2807 1951 2881 locupletantes.
1986 2836 2010 2861 υ

406 2883 621 2941 Divitiis
674 2893 796 2943 tum
845 2889 1218 2960 spiritualibus
1244 2899 1366 2951 tum
1417 2897 1766 2955 sensibilibus
1815 2901 2018 2959 multos

400 2973 768 3046 locupletavit.
804 2978 1019 3034 Etenim
1070 2982 1324 3039 omnium
1352 2983 1502 3041 aedes
1530 2986 1631 3042 sibi
1676 2996 1890 3060 apertas
1918 2990 2017 3047 ba-

409 3064 568 3132 bens,
632 3065 1085 3137 opulentissimus
1158 3079 1294 3137 erat,
1356 3088 1421 3128 ac
1471 3074 1592 3132 aliis
1640 3076 1909 3149 impertiri
1965 3086 2020 3136 et

2119 2020 2284 2075 ταῢθα
2312 2014 2372 2074 τὸ
2402 2014 2585 2096 κέρδος
2604 2064 2621 2097 ,
2662 2016 2723 2076 τὸ
2751 2021 2845 2090 τῆς
2884 2019 3147 2088 παιδείας.
3182 2022 3358 2081 Τοῦτο
3398 2019 3454 2079 δὲ
3501 2018 3608 2079 ἀπὸ
3634 2023 3727 2078 τοῦ

2121 2105 2293 2164 Δαυῖδ
2314 2123 2329 2140 ’
2374 2108 2567 2173 ἐκεῖνος
2608 2106 2738 2188 γὰρ,
2787 2135 2813 2160 ιι
2851 2108 3164 2183 Παιδεύων,
3200 2130 3231 2167 1)
3288 2108 3471 2192 φησὶν,
3510 2131 3540 2167 ι(
3570 2108 3728 2168 ἐπαί-

2122 2194 2272 2253 δευσέ
2304 2218 2372 2273 με
2406 2198 2434 2254 ὁ
2467 2195 2694 2275 Κύριος,
2726 2198 2804 2277 τῷ
2834 2197 2890 2258 δὲ
2922 2197 3133 2280 θανάτῳ
3162 2200 3221 2258 οὖ
3248 2196 3535 2280 παρέδωκέ
3571 2221 3660 2276 με.
3689 2221 3716 2257 ι)

2205 2394 2228 2418 α
2261 2364 2356 2433 Ὡς
2405 2366 2765 2446 λυπούμενοι,
2810 2367 2892 2428 ἀεὶ
2923 2369 2979 2429 δὲ
3014 2367 3313 2451 χαίροντες.
3357 2395 3384 2422 ι
3420 2368 3585 2450 Παρὰ
3630 2370 3726 2447 μὲν

2124 2463 2228 2523 τοῖς
2284 2455 2415 2532 ἔξω,
2467 2457 2631 2539 φησὶ,
2691 2459 2948 2537 δοκοῦμεν
3002 2463 3266 2535 ἀθυμεῖν
3324 2466 3479 2537 ἡμεῖς
3524 2457 3578 2518 δὲ
3630 2460 3727 2530 τὴν

2122 2545 2316 2619 ἡδονὴν
2348 2547 2712 2622 αἰκμάζουσαν
2745 2549 2961 2629 ἔχομεν.
3005 2552 3088 2611 Οὔ
3133 2550 3237 2631 γὰρ
3280 2549 3408 2611 ποτὲ
3457 2548 3555 2628 μὲν
3596 2550 3728 2631 χαί-

2128 2659 2319 2715 ρομεν,
2358 2636 2487 2695 ποτὲ
2520 2638 2574 2696 δὲ
2607 2636 2666 2696 οὒ
2686 2687 2698 2709 ,
2734 2640 2851 2699 ἀλλ’
2875 2637 2981 2700 ἀεί.

2212 2830 2239 2865 (ι
2274 2807 2372 2875 Ὡς
2427 2806 2671 2887 πτωχοὶ,
2706 2808 2933 2877 πολλοὺς
2989 2808 3043 2868 δὲ
3099 2808 3485 2879 πλουτίζοντες.
3535 2834 3561 2863 ι
3615 2810 3728 2871 Καὶ

2127 2896 2265 2955 κατὰ
2309 2895 2398 2954 τὸν
2433 2896 2792 2974 πνευματικὸν
2849 2902 3079 2959 πλοῦτον
3127 2897 3356 2966 πολλοὺς
3410 2897 3686 2968 ἓπλούτιζε
3707 2945 3723 2975 ,

2128 2986 2218 3046 καὶ
2268 2984 2407 3046 κατὰ
2464 2987 2551 3046 τὸν
2604 2986 2854 3059 αἰσθητὸν
2906 2988 2985 3051 δέ.
3031 2989 3143 3050 Καὶ
3174 2989 3277 3069 γὰρ
3329 2988 3426 3056 τὰς
3478 2988 3727 3048 ἁπάντων

2127 3075 2296 3143 οἰκίας
2343 3074 2687 3157 ἀνεῳγμένας
2745 3078 2888 3157 αὐτῷ
2950 3076 3087 3156 ἔχων
3117 3127 3129 3149 ,
3179 3076 3579 3146 πλουσιώτατος
3626 3069 3723 3152 ἦν,

406 3154 621 3210 nutrire
669 3156 870 3227 potuit,
898 3157 1124 3229 perinde
1174 3174 1239 3217 ac
1288 3170 1506 3220 sanctos
1557 3164 1613 3220 in
1651 3165 2009 3227 Hierusalem.

2133 3163 2225 3223 καὶ
2265 3154 2463 3233 ἄλλοις
2492 3165 2749 3245 παρέχειν
2793 3154 2884 3225 καί
2933 3154 3143 3248 τρέφειν
3193 3167 3511 3245 δυνάμενος,
3544 3164 3725 3248 ὥσπερ

406 3242 616 3301 Iudicat
636 3251 824 3301 autem
851 3244 957 3303 hoc
976 3255 1032 3304 et
1050 3263 1147 3320 per
1168 3251 1473 3324 sequentia.

480 3446 509 3474 α
544 3426 835 3497 Tanquam
879 3427 1017 3485 nihil
1060 3428 1354 3499 habentes,
1396 3439 1452 3489 et
1500 3436 1688 3493 omnia
1732 3438 2014 3509 possiden-

405 3521 509 3570 tes.
535 3536 563 3564 υ
584 3514 695 3585 Qui
718 3515 865 3572 enim
890 3517 1027 3573 nulli
1055 3534 1243 3577 rerum
1273 3524 1665 3593 temporalium
1713 3527 1787 3583 ad
1808 3529 2012 3587 victum

406 3611 462 3658 et
482 3604 756 3661 amictum
784 3606 1181 3677 pertinentium
1214 3609 1415 3670 afﬁxus
1444 3622 1547 3683 est,
1591 3631 1717 3688 qua:
1760 3619 2009 3676 omnium

405 3701 554 3762 sunt,
576 3693 758 3751 habet.
791 3714 819 3748 α
842 3695 897 3753 Si
917 3698 1069 3755 enim
1094 3699 1211 3756 ﬁeri
1232 3710 1441 3773 posset,
1474 3726 1500 3753 ι
1529 3704 1731 3777 inquit,
1764 3730 1788 3755 αι
1821 3709 2009 3767 oculos

407 3790 616 3840 vestros
646 3784 938 3841 .eruissetis
966 3794 1022 3843 et
1062 3787 1195 3844 mibi
1237 3788 1529 3849 dedissetis
1555 3796 1614 3863 ος
1658 3814 1686 3849 »
1723 3798 2007 3867 quomodo

405 3870 570 3944 igitur
598 3874 738 3929 tales
762 3876 1011 3947 pecuniis
1042 3879 1419 3951 pepercissent
1450 3898 1578 3956 erga
1606 3884 1786 3956 ipsum
1826 3889 2007 3945 ?Ha3c

403 3968 588 4018 autem
618 3964 806 4020 omnia
856 3964 962 4022 illis
1006 3969 1301 4039 recensuit,
1352 3986 1423 4027 ne
1451 3972 1523 4027 ob
1551 3972 1759 4046 aliquid
1810 3990 2005 4033 eorum

403 4066 529 4125 quae
552 4052 733 4109 tristia
765 4053 1112 4124 videbantur,
1140 4058 1518 4117 turbarentur.

476 4142 662 4197 νεεδ.
694 4147 781 4196 ιι.
812 4163 838 4191 ι
859 4143 939 4198 Os
958 4151 1209 4202 nostrum
1234 4156 1379 4218 patet
1406 4148 1475 4205 ad
1491 4166 1607 4221 vos,
1637 4167 1670 4207 ο
1707 4152 2001 4221 Corinthii,

404 4245 503 4286 cor
539 4238 791 4285 nostrum
844 4230 1137 4290 dilatatum
1184 4243 1286 4291 est.
1340 4260 1367 4286 ι
1426 4241 1732 4312 Postquam
1780 4245 2001 4315 propria

403 4318 709 4374 certamina
737 4320 1125 4389 recensuisset,
1180 4324 1420 4398 ipsisque
1459 4328 1623 4385 veluti
1662 4345 1759 4402 per
1807 4347 1999 4388 narra-

404 4407 706 4463 tiunculam
744 4408 1047 4480 quamdam
1077 4414 1247 4485 276
1268 4416 1615 4486 ostendisset,
1645 4419 1798 4493 quod
1822 4421 2002 4493 ipsum

2124 3253 2214 3312 καὶ
2244 3253 2362 3321 τοὺς
2410 3257 2464 3312 ἐν
2511 3252 2878 3336 Ἰερουσαλὴμ
2908 3255 3105 3336 ἁγίους.
3154 3258 3324 3331 Δηλοῖ
3367 3257 3421 3315 δὲ
3452 3263 3607 3317 τοῦτο
3635 3258 3725 3316 καὶ

2125 3342 2212 3402 διὰ
2236 3346 2341 3401 τῶν
2372 3342 2513 3417 ἑξῆς.

2206 3459 2230 3485 α
2260 3431 2361 3499 ⁶Ως
2389 3432 2554 3509 μηδὲν
2605 3432 2812 3513 ἔχοντες
2833 3480 2848 3507 ,
2880 3434 2973 3495 καὶ
3015 3435 3193 3495 πάντα
3223 3435 3563 3517 κατέχοντες.
3598 3460 3622 3488 ι
3654 3432 3724 3494 Ὀ

2123 3520 2224 3603 γὰρ
2274 3522 2463 3596 μηδενί
2518 3523 2931 3603 προσηλώμενος
2964 3528 3072 3585 τῶν
3129 3528 3423 3605 βιωτικῶν,
3470 3524 3539 3585 τὰ
3583 3525 3724 3584 πάν-

2121 3635 2225 3669 των
2260 3610 2311 3650 ³⁷
2342 3612 2477 3691 ἔχει.
2525 3635 2556 3668 α
2602 3614 2670 3673 Εἰ
2701 3614 2922 3675 δυνατὸν
2968 3613 3091 3695 γὰρ,
3128 3642 3151 3668 υ
3188 3616 3354 3694 φησὶ,
3387 3642 3413 3668 ι
3458 3614 3552 3674 καὶ
3602 3613 3727 3680 τοὺς

2119 3699 2423 3817 ὀῗθαλμοὺς
2472 3704 2624 3779 ὑμῶν
2678 3703 3044 3781 ἐξορύξαντες,
3084 3704 3319 3764 ἐδώκατέ
3367 3727 3494 3813 μρι·
3546 3731 3584 3812 1
3614 3706 3725 3770 πῶς

2119 3791 2208 3849 οὖν
2239 3791 2535 3871 χρημάτων
2568 3792 2631 3850 ἂν
2677 3794 2951 3873 ἐφείσαντο
2986 3796 3034 3853 οἱ
3074 3801 3299 3854 τοιοῦτοι
3332 3794 3460 3874 πρὸς
3490 3799 3675 3853 τοῦτον
3702 3823 3716 3864 ;

2117 3880 2306 3940 Ταῦτα
2352 3881 2408 3940 δὲ
2453 3880 2629 3941 πάντα
2682 3884 2858 3950 αὐτοῖς
2905 3883 3217 3959 κατέλεξεν,
3249 3881 3337 3943 ἵνα
3393 3882 3469 3960 μὴ
3526 3883 3722 3961 ταράτ-

2115 3993 2312 4028 τωνται
2342 3969 2431 4030 ἐπί
2449 3993 2551 4028 τινι
2582 3976 2686 4029 τῶν
2718 3971 3010 4031 δοκούντων
3041 3976 3319 4053 λυπηρῶν.

2204 4146 2338 4209 «Τὸ
2387 4146 2563 4226 στόμα
2594 4151 2747 4226 ἡμῶν
2802 4150 3002 4232 ἀνέῳγε
3050 4151 3180 4233 πρὸς
3226 4155 3397 4231 ὑμᾶς,
3428 4142 3474 4211 ῶ
3532 4152 3723 4233 Κορίν-

2113 4243 2251 4297 θιοι·
2296 4243 2329 4310 ἡ
2361 4238 2553 4318 καρδία
2603 4243 2753 4315 ἡμῶν
2806 4240 3199 4303 πεπλάτυνται.
3237 4268 3263 4297 ι
3312 4243 3451 4312 Τοὺς
3494 4242 3718 4312 οἰκείους

2110 4328 2318 4406 ἀγῶνας
2364 4329 2695 4401 καταλέξας,
2742 4328 2836 4389 καὶ
2894 4330 3065 4400 δείξας
3110 4333 3315 4405 αὖτοῖς,
3370 4336 3441 4401 ὣς
3486 4334 3539 4391 ἐν
3565 4331 3717 4401 τάξει

2114 4417 2436 4494 διηγήσεως,
2469 4418 2609 4485 ὅπως
2636 4416 2744 4499 χρὴ
2771 4419 2930 4479 αὐτὸν
2964 4427 3277 4499 μιμεῖσθαι,
3314 4423 3498 4498 μέλλει
3538 4423 3723 4482 λοιπὸν

402 4495 608 4552 imitari
655 4495 965 4569 debuerint,
1015 4500 1270 4575 deinceps
1308 4488 1709 4579 ,increpaturus
1753 4518 1835 4566 est
1889 4527 2003 4579 eos,

2121 4504 2478 4566 καθάπτεσθαι
2521 4509 2725 4582 αὐτῶν,
2774 4512 2845 4576 ὣς
2872 4511 2931 4568 ού
2986 4511 3190 4589 σφόδρα
3245 4512 3404 4570 αὐτὸν
3466 4511 3723 4589 ἀγαπών-

403 4599 500 4640 ceu
526 4599 655 4640 eum
674 4602 785 4643 non
813 4586 1113 4647 admodum
1138 4591 1445 4665 diligentes.
1472 4599 1649 4653 Antea
1680 4613 1809 4654 vero
1839 4614 2004 4671 quam

401 4673 510 4730 hoc
550 4673 734 4744 faciat,
764 4678 1048 4749 propriam
1090 4679 1414 4740 charitatem
1457 4684 2002 4761 ostendit:Semper.

404 4762 679 4835 inquiens,
733 4766 855 4822 volo
888 4768 1047 4825 vobis
1077 4770 1231 4842 loqui
1273 4781 1329 4828 et
1384 4772 1672 4845 disserere,
1715 4793 1779 4833 ac
1817 4778 2001 4846 libere,

400 4867 638 4923 cumque
666 4852 868 4911 ﬁducia
892 4857 1055 4913 verba
1096 4857 1311 4917 facere:
1359 4861 1464 4919 hoc
1513 4864 1662 4922 enim
1713 4866 2001 4939 signiﬁcat,

406 4964 431 4991 ι
473 4943 552 4999 Os
578 4951 833 4999 nostrum
880 4953 1049 5017 patet.
1097 4971 1120 4997 ιθ
1155 4949 1245 5006 Sic
1285 4958 1473 5009 autem
1520 4953 1679 5023 dicit,
1727 4957 1856 5029 quia
1910 4974 2005 5014 eos

401 5030 797 5107 objurgaturus
841 5043 947 5103 est,
988 5036 1230 5096 iudicans
1258 5055 1381 5096 eam
1418 5057 1538 5099 esse
1562 5046 1812 5103 maxime
1831 5046 2005 5104 dilec-

399 5122 632 5191 tionem,
689 5123 864 5195 ipsam
910 5125 1164 5185 videlicet
1213 5130 1472 5204 loquendi
1522 5133 1850 5192 libertatem.
1879 5140 2002 5194 Non

398 5211 583 5269 solum
603 5222 786 5270 autem
807 5230 903 5271 ore
924 5217 1153 5275 ostendo
1175 5218 1530 5279 dilectionem
1554 5240 1763 5296 meam,
1786 5242 2004 5283 verum-

397 5301 559 5357 etiam
596 5303 781 5371 corde,
833 5307 1087 5378 amplum
1130 5308 1265 5366 illud
1304 5318 1361 5367 et
1383 5312 1561 5369 latum
1600 5328 1727 5388 erga
1768 5332 1867 5373 vos
1898 5317 2001 5374 ha-

397 5390 557 5448 bens.
596 5393 803 5451 Fervor
829 5397 983 5453 enim
1018 5396 1340 5458 dilectionis
1384 5410 1448 5459 et
1472 5418 1536 5461 os
1582 5419 1774 5462 meum
1801 5408 1997 5478 aperit,

469 5563 497 5597 δ
529 5562 730 5620 Matth.
768 5579 831 5635 ν,
866 5569 945 5623 ιι.
1023 5570 1048 5601 °
1075 5568 1254 5628 Galat.
1300 5586 1390 5644 IV,
1420 5577 1509 5632 15.

2115 4619 2239 4657 των.
2303 4596 2442 4674 Πρὶν
2475 4596 2529 4655 δὲ
2580 4603 2732 4657 τοῦτο
2781 4603 3033 4672 ποιῆσαι,
3091 4600 3352 4658 δείκνυσιν
3404 4601 3579 4667 αὐτοῖς
3625 4598 3721 4672 τὴν

2114 4686 2315 4744 οἰκείαν
2349 4686 2601 4765 ἀγάπην,
2637 4688 2730 4747 καὶ
2763 4711 2922 4767 φησιν
2947 4735 2963 4767 ,
2998 4688 3079 4749 ὅτι
3116 4689 3218 4751 Ἀεὶ
3254 4691 3515 4769 βούλομαι
3556 4714 3721 4772 προσ-

2115 4777 2295 4835 λαλεῖν
2343 4776 2465 4849 ὑμῖν
2513 4776 2606 4834 καὶ
2654 4776 3017 4855 διαλέγεσθαι,
3065 4778 3158 4839 καὶ
3212 4778 3584 4847 ἀνυποστόλως
3631 4780 3722 4839 καὶ

2116 4862 2253 4941 μετὰ
2296 4864 2601 4946 παρρησίας
2634 4867 2841 4927 λαλεῖν.
2880 4870 3057 4927 Τοῦτο
3106 4868 3210 4947 γὰρ
3265 4870 3419 4941 δηλοῖ
3467 4867 3554 4928 διὰ
3592 4872 3718 4943 τοῦ,

2118 4973 2148 5011 α
2182 4951 2403 5035 Ἀνέῳγε
2436 4955 2496 5013 τὸ
2518 4953 2712 5031 στόμα.
2748 4978 2776 5014 ο)
2817 4955 2977 5017 Οὕτω
3007 4957 3064 5017 δὲ
3095 4957 3265 5037 λέγει,
3318 4957 3510 5029 ἐπειδὴ
3539 4958 3723 5035 μέλλει

2115 5046 2293 5110 αὐτοῖς
2319 5048 2596 5125 ἐπιτιμᾷν,
2628 5046 2878 5106 δεικνύων
2915 5047 2996 5107 ὅτι
3039 5054 3194 5107 τοῦτο
3226 5048 3465 5126 μάλιστα
3495 5049 3682 5127 ἀγάπη
3703 5092 3719 5121 ,

2114 5137 2147 5205 ἡ
2182 5135 2484 5215 παρρησία.
2545 5135 2623 5196 Οὖ
2659 5134 2817 5213 μόνον
2863 5137 2917 5195 δὲ
2948 5140 3024 5217 τῷ
3059 5138 3287 5208 στόματι
3341 5137 3583 5214 δείκνυμι
3624 5138 3720 5208 τὴν

2113 5223 2330 5301 ἀγάπην
2352 5267 2368 5296 ,
2404 5222 2545 5283 ἀλλὰ
2591 5224 2685 5284 καὶ
2816 5225 3008 5308 καρδία
3027 5272 3042 5299 ,
3073 5229 3332 5287 πλατεῖαν
3362 5228 3563 5299 ταύτην
3593 5226 3722 5307 πρὸς

2110 5315 2253 5389 ὖμᾶς
2293 5312 2450 5393 ἔχων.
2486 5312 2558 5375 Ἦ
2604 5314 2709 5396 γὰρ
2736 5314 2908 5395 θέρμη
2940 5322 3034 5389 τῆς
3066 5317 3280 5397 ἀγάπης
3330 5317 3424 5377 καὶ
3453 5316 3516 5377 τὸ
3543 5317 3720 5393 στόμα

2112 5424 2213 5480 μου
2245 5402 2481 5483 ἀνοίγει,
2509 5402 2601 5463 καὶ
2630 5402 2727 5477 τὴν
2771 5404 2997 5487 καρδίαν
3030 5429 3133 5484 μου
3176 5406 3476 5484 ἓπλάτυνε,
3505 5408 3597 5467 καὶ
3628 5407 3719 5466 εὖ·

1793 5667 1981 5729 Variae
2025 5671 2325 5733 lectiones.

472 5738 513 5772 ⁸⁷
543 5740 702 5794 πάντα
727 5744 927 5817 κατέχει
952 5762 1006 5803 o.
