4134 6422
446 393 553 449 867

1466 390 1978 449 THEOPHYLACTI
2016 385 2375 443 BULGARIE
2412 382 2727 442 ARCHIEP.

3646 382 3752 435 868

446 515 665 590 qualem
690 514 792 589 ipsi
829 514 1063 589 ﬁngunt,
1101 514 1220 585 sed,
1260 514 1520 574 viventis.
1549 518 1684 588 Quis
1707 517 1878 589 igitur
1903 530 2042 572 con-

2158 511 2256 579 Τίς
2306 501 2394 571 οὖν
2439 509 2851 589 συγκατάθεσις,
2891 505 3177 583 ίτουτέστιν
3196 550 3214 583 ,
3262 504 3544 587 ὁμοιότης,
3596 502 3753 566 συνέ-

443 622 657 676 sensus,
689 605 747 663 id
794 611 901 676 est,
957 604 1287 676 similitudo,
1337 608 1655 678 conventio,
1714 607 1868 665 vobis
1910 621 2041 663 cum

445 695 566 753 istis
596 697 622 753 Ρ

520 807 548 835 α
579 784 736 842 Sicut
759 782 898 842 dixit
920 771 1136 841 Deus“:
1161 785 1441 856 Quoniam
1459 784 1780 845 inbabitabo
1800 785 1858 843 in
1885 784 2040 858 ipsis,

444 881 502 931 et
525 872 903 946 inambulabo,
934 889 1139 945 eroque
1169 875 1418 947 ipsorum
1448 879 1619 945 Deus,
1651 884 1706 935 et
1732 876 1834 949 ipsi
1881 882 2045 933 erunt

447 963 580 1021 mihi
610 964 864 1035 populus.
917 986 945 1016 ι
977 967 1062 1021 Ne
1088 964 1295 1022 adulari
1339 966 1608 1035 videatur,
1648 983 1715 1023 ex
1762 965 2043 1038 Scriptura

446 1054 744 1111 conﬁrmat
768 1052 920 1127 quod
935 1054 1053 1111 sint
1080 1056 1351 1128 templum
1380 1058 1506 1113 Dei.
1525 1056 1688 1127 Quod
1718 1056 1881 1130 igitur
1902 1059 2045 1113 Deus

446 1142 502 1199 in
524 1142 685 1200 nobis
710 1142 946 1213 habitet,
986 1144 1190 1217 prioris
1226 1146 1354 1203 vita
1380 1148 1590 1219 puritas
1619 1163 1752 1204 sane
1793 1146 2039 1219 praebet:

446 1231 597 1305 quod
647 1248 773 1289 vero
802 1233 1072 1304 ambulet,
1126 1244 1356 1293 conatus
1395 1236 1624 1309 posthac
1665 1245 1721 1292 et
1762 1236 2044 1309 diligentia

447 1320 599 1379 facit.
639 1323 780 1379 Cum
807 1324 958 1381 enim
994 1323 1165 1382 homo
1195 1342 1362 1398 purus
1390 1326 1578 1392 fuerit,
1608 1326 1881 1382 inhabitat
1916 1341 2043 1382 eum

447 1410 642 1468 Deus:
675 1420 821 1484 post,
853 1413 899 1469 si
939 1412 1010 1470 ad
1061 1414 1211 1471 aliud
1243 1414 1529 1488 quoddam
1559 1432 1697 1489 Opus
1738 1420 2043 1483 moveatur,

448 1498 786 1558 inambulare
829 1501 1055 1573 dicitur,
1102 1504 1325 1577 quando
1396 1504 1602 1562 scilicet
1653 1508 1825 1577 Deus,
1878 1504 2045 1576 ipsius

450 1586 513 1645 ﬁt
567 1592 741 1660 Deus,
783 1590 860 1649 ita
915 1592 972 1649 in
1040 1594 1481 1666 patriarcharum
1548 1595 1802 1652 ordinem
1858 1610 2047 1652 ascen-

451 1675 651 1736 dentis.

520 1733 693 1826 Vsns.
836 1792 875 1870 ἰ
904 1772 1139 1870 Propter
1162 1771 1313 1845 quod
1341 1773 1486 1870 exite
1515 1774 1584 1833 de
1624 1772 1807 1831 medio
1825 1789 2043 1842 eorum,
2078 1807 2127 1870 Β

2156 602 2332 669 λευσις
2350 648 2366 675 ,
2395 602 2520 679 ύμῖν
2542 599 2669 682 πρὸς
2689 597 2939 678 τούτους;

2232 808 2256 835 ε
2298 780 2495 850 Καθὼς
2525 770 2672 842 εἶπεν
2702 784 2730 840 ὁ
2772 778 2939 852 Θεὸς,
2984 782 3067 841 ὅτι
3096 777 3401 851 Ἐνοικήσω
3452 779 3503 837 ἐν
3543 778 3754 854 αὐτοῖς,

2152 871 2246 930 καὶ
2307 871 2771 952 ἐμπεριπατήσω,
2828 870 2920 929 καὶ
2973 870 3169 947 ἔσομαι
3225 872 3399 929 αὐτῶν
3456 868 3612 942 Θεὸς,
3661 865 3755 927 καὶ

2154 961 2303 1020 αὐτοὶ
2331 962 2542 1021 ἔσονταί
2586 985 2677 1038 μοι
2723 960 2864 1028 λαός.
2909 987 2929 1010 ι
2969 958 3092 1021 Ἵνα
3139 959 3213 1037 μὴ
3246 958 3369 1037 δόξῃ
3408 956 3752 1031 κολακεύειν,

2154 1050 2262 1110 ἀπὸ
2290 1054 2383 1123 τῆς
2416 1053 2635 1133 Γραςρῆς
2658 1049 2919 1110 δείκνυσιν
2942 1049 3023 1108 ὅτι
3048 1050 3149 1107 εἰσὶ
3178 1049 3299 1116 ναὸς
3333 1052 3498 1110 Θεοῦ.
3534 1046 3617 1106 Τὸ
3659 1045 3756 1123 μὲν

2154 1142 2425 1211 ἐνοικῆσαι
2451 1144 2504 1201 ἐν
2548 1145 2675 1217 ἡμῖν
2706 1140 2795 1200 τὸν
2824 1140 2965 1200 Θεὸν
2984 1185 3001 1214 ,
3045 1139 3283 1219 προξενεῖ
3312 1142 3346 1211 ἡ
3375 1142 3465 1197 τοῦ
3498 1136 3756 1218 προτέρου

2156 1229 2271 1308 βίου
2327 1230 2663 1310 καθαρότης·
2693 1230 2753 1289 τὸ
2799 1229 2855 1288 δὲ
2900 1229 2994 1289 καὶ
3027 1230 3497 1309 ἕμπεριπατῆσαι,
3537 1231 3571 1299 ἡ
3618 1225 3757 1304 μετὰ

2153 1324 2322 1378 ταῦτα
2349 1320 2573 1394 σπουδή.
2620 1322 2856 1400 Καθαρῷ
2887 1318 2989 1398 γὰρ
3020 1318 3133 1379 ὄντι
3169 1322 3245 1399 τῷ
3276 1318 3542 1398 ἀνθρώπῳ
3568 1318 3759 1375 ἐνοικεῖ

2152 1411 2183 1469 ὁ
2206 1409 2346 1478 Θεός
2368 1433 2383 1449 ο
2415 1400 2532 1469 εἶτα
2566 1409 2658 1471 καὶ
2708 1410 2838 1490 πρὸς
2883 1408 3041 1489 ἕτερα
3086 1408 3250 1467 πάλιν
3283 1407 3413 1487 ἔργα
3464 1405 3759 1485 κινουμένῳ

2155 1499 2538 1579 ἐμπεριπατεῖν
2566 1501 2778 1579 λέγεται
2797 1522 2811 1536 ⁸
2840 1495 2928 1557 ὅτε
2954 1498 3018 1570 δὴ
3068 1497 3161 1557 καὶ
3188 1497 3327 1566 Θεὸς
3364 1497 3524 1555 αὐτοῦ
3555 1499 3757 1576 γίνεται

2154 1588 2184 1645 ὃ
2207 1589 2367 1668 Θεὸς,
2394 1592 2467 1657 εἰς
2496 1586 2591 1661 τὴν
2630 1586 2779 1657 τάξιν
2819 1590 2926 1647 τῶν
2964 1589 3319 1667 πατριαρχῶν
3350 1584 3751 1651 ἀναϐαίνοντος.

2243 1787 2273 1821 α
2306 1762 2405 1825 Διὸ
2454 1760 2685 1831 ἕξίλθετε
2734 1763 2797 1821 ἐκ
2833 1759 2997 1841 μέσου
3029 1760 3204 1819 αὐτῶν
3255 1758 3349 1819 καὶ
3398 1756 3754 1840 ἀφορίσθητε,

446 1864 501 1914 et
526 1858 875 1930 separamini,
914 1869 971 1917 et
1014 1862 1299 1935 impurum
1352 1864 1526 1921 nolite
1563 1872 1813 1937 tangere,
1862 1873 1918 1920 et
1944 1879 2045 1936 ego

2158 1852 2249 1913 xui
2282 1852 2586 1933 ἀκαθάρτου
2626 1849 2703 1931 μὴ
2744 1851 3002 1937 ἅπτεσθε,
3045 1851 3199 1930 κάγὼ
3250 1849 3551 1924 εἰσδέξομαι
3580 1853 3755 1925 ὑμᾶς,

446 1945 743 2019 suscipiam
782 1964 900 2016 vos,
946 1948 1080 2006 dicit
1125 1952 1443 2009 Dominns°.
1484 1975 1510 2002 ι
1554 1955 1677 2009 Non
1733 1951 1894 2021 dixit,
1964 1956 2047 2009 Ne

446 2035 623 2107 agatis
648 2036 907 2105 absurda,
934 2038 1053 2107 sed,
1087 2063 1115 2089 α
1149 2044 1228 2096 Ne
1260 2042 1509 2114 attingite
1538 2064 1563 2091 ι
1597 2042 1842 2114 quidem.
1869 2044 2050 2113 Impu-

446 2124 580 2181 ritas
623 2134 812 2182 autem
852 2126 1055 2199 duplex
1096 2137 1186 2186 est
1240 2149 1253 2185 :
1304 2131 1475 2187 altera
1513 2131 1741 2203 quidem
1779 2132 2047 2204 corporis,

447 2213 617 2271 altera
654 2231 785 2271 vero
841 2217 1043 2273 anima:
1100 2236 1114 2273 :
1167 2220 1369 2277 anima:
1418 2220 1666 2293 quidem,
1724 2228 1787 2278 ut
1813 2220 2051 2277 sordidae

450 2304 831 2377 cogitationes,
883 2314 941 2363 et
981 2306 1181 2364 intueri
1228 2310 1519 2382 impudicis
1562 2310 1755 2379 oculis,
1798 2309 2052 2367 vindictae

448 2393 739 2463 cupiditas,
764 2394 899 2465 doli,
944 2395 1111 2469 idque
1158 2414 1335 2470 genus
1379 2400 1538 2457 alia:
1594 2400 1843 2471 corporis
1896 2415 2047 2469 vero,

450 2491 513 2539 ut
564 2481 867 2555 fornicatio,
912 2486 1265 2558 adulterium,
1336 2490 1634 2563 omnisque
1676 2489 2044 2563 impudicitia.

448 2571 580 2628 Vult
604 2573 769 2646 igitur
796 2575 1064 2649 utrinque
1088 2593 1196 2635 nos
1245 2594 1365 2635 esse
1391 2596 1583 2652 puros.
1610 2582 1769 2639 Exite
1808 2580 1976 2653 igitur
2019 2596 2049 2635 e

448 2660 635 2719 medio
685 2662 1014 2736 inﬁdelium,
1069 2674 1127 2723 et
1170 2669 1563 2741 segregemini,
1622 2669 1730 2727 hoc
1784 2680 1893 2737 est,
1947 2669 2051 2727 soli

449 2751 619 2822 agite,
649 2753 994 2823 separemini,
1045 2762 1101 2811 et
1136 2755 1258 2828 puri
1286 2766 1484 2827 estote,
1506 2767 1563 2815 et
1604 2766 1725 2816 tum
1754 2760 2052 2832 suscipiam

449 2853 566 2896 vos.
599 2840 745 2897 Cum
783 2842 935 2899 enim
985 2842 1301 2902 discesseris
1347 2862 1377 2903 a
1431 2847 1633 2920 pravis,
1692 2856 1814 2905 tum
1848 2848 2052 2907 unieris

451 2928 600 2985 Deo.

522 3019 705 3075 Vnns.
730 3025 785 3077 8.
820 3041 846 3069 α
880 3023 947 3078 Et
996 3036 1093 3078 ero
1120 3022 1273 3081 vobis
1322 3024 1381 3081 in
1408 3028 1656 3096 Patrem,
1685 3034 1743 3084 et
1767 3043 1865 3084 vos
1894 3028 2048 3086 eritis
2082 2997 2131 3063 α

452 3106 589 3163 mihi
621 3108 681 3164 in
719 3108 865 3166 ﬁlios
889 3118 947 3165 et
970 3110 1131 3179 ﬁlias,
1151 3113 1287 3170 dicit
1311 3115 1585 3173 Dominus
1613 3117 1991 3189 omnipotens.
2023 3142 2047 3169 ιο

452 3195 648 3254 Viden’
698 3198 796 3270 qui
824 3199 1142 3270 praedixerit
1192 3204 1485 3277 propheta,
1537 3221 1661 3278 quas
1696 3207 1818 3280 jam
1861 3208 1920 3265 in
1948 3226 2052 3266 nos

450 3287 700 3359 pervenit
724 3303 820 3359 per
848 3288 1142 3362 baptisma,
1179 3294 1663 3366 regenerationem
1697 3298 2051 3372 ﬁliorumque

456 3375 815 3449 adaptionem
840 3381 866 3436 Ρ

1073 3487 1321 3548 CAPUT
1345 3494 1467 3550 VII.

524 3610 703 3666 Vsns.
739 3616 789 3668 1.
816 3634 842 3661 α
868 3613 986 3670 Has
1021 3629 1151 3688 ergo
1178 3615 1447 3675 habentes
1476 3621 1887 3694 promissiones,
1919 3623 2047 3680 cha-

452 3697 673 3769 rissimi,
703 3701 1040 3760 mundemus
1070 3721 1170 3762 nos
1194 3706 1266 3762 ab
1300 3709 1451 3764 omni
1489 3709 1907 3782 inquinamento
1930 3731 2050 3770 car-

452 3787 535 3844 nis
563 3796 619 3845 et
661 3789 899 3863 spiritus.
932 3815 959 3843 »
1015 3794 1216 3864 Quales
1246 3798 1668 3868 promissiones?
1698 3801 1860 3873 Quod
1904 3812 2047 3860 tem-

450 3878 602 3951 plum
637 3878 811 3938 simus
852 3882 957 3938 Dei
1008 3898 1021 3935 :
1053 3887 1199 3957 quod
1230 3885 1538 3945 habeamus
1564 3890 1963 3949 inhabitantem
1996 3893 2051 3950 in

450 3968 614 4024 nobis
643 3976 699 4025 et
752 3970 1192 4030 inambulantem
1247 3975 1429 4047 ipsum
1481 3982 1665 4036 Deum
1710 3990 1765 4037 et
1808 3985 2047 4039 Patrem.

455 4058 627 4130 278
662 4060 973 4133 Purgemus
993 4064 1248 4135 nosipsos
1266 4067 1333 4122 ab
1361 4066 1592 4139 impuris
1619 4071 1883 4143 operibus
1912 4072 2051 4139 (haec

450 4146 600 4201 enim
652 4149 837 4205 carnis
890 4158 1021 4206 sunt
1065 4152 1457 4225 coinquinatio)
1512 4168 1570 4215 et
1615 4175 1647 4216 a
1695 4160 1930 4217 sordidis
1978 4178 2045 4219 ac

450 4234 688 4291 turbidis
714 4239 1142 4311 cogitationibus
1166 4262 1181 4311 ;
1210 4242 1327 4301 haec
1365 4248 1512 4304 enim
1540 4257 1673 4305 sunt
1700 4250 2047 4308 contamina-

452 4324 530 4379 tio
557 4325 804 4396 spiritus,
831 4329 889 4385 id
916 4337 1020 4399 est,
1068 4332 1285 4391 animae.

530 4435 556 4463 α
587 4415 938 4475 Perﬁcientes
966 4422 1469 4483 sanctiﬁcationem
1516 4426 1576 4484 in
1614 4428 1818 4486 timore
1866 4431 1988 4487 Dei.
2022 4455 2049 4483 ι

456 4505 582 4561 Non
655 4507 791 4564 satis
842 4517 945 4579 est,
1000 4511 1203 4585 inquit,
1264 4516 1541 4572 abstinere
1594 4516 1663 4573 ab
1718 4518 2050 4591 impuritate,

452 4610 641 4651 verum
681 4612 818 4669 opus
841 4608 928 4656 est
962 4601 1130 4658 etiam
1154 4603 1351 4676 aliquid
1381 4605 1509 4660 boni
1538 4605 1828 4677 perﬁcere,
1850 4625 2052 4684 nempe

451 4684 967 4759 sanctiﬁcationem,
1000 4690 1057 4747 id
1097 4700 1202 4763 est,
1236 4694 1550 4764 puritatem,
1601 4699 2051 4770 temperantiam.

454 4794 478 4821 ι
529 4774 597 4829 In
621 4774 823 4833 timore
859 4800 884 4826 ι
913 4787 1104 4835 autem
1143 4802 1169 4828 α
1200 4781 1323 4850 Dei,
1353 4803 1382 4833 »
1410 4778 1682 4854 apposuit,
1710 4788 1791 4844 vel
1821 4791 1944 4862 quia
1971 4798 2056 4848 est

455 4864 819 4934 temperantia
849 4864 1125 4938 instituta,
1156 4877 1219 4925 ut
1242 4870 1450 4941 placeat
1479 4873 1813 4948 hominibus,
1842 4887 1900 4936 et
1943 4896 2054 4937 non

448 4951 506 5007 in
538 4952 747 5009 timore
775 4953 878 5010 Dei
932 4972 949 5011 :
996 4957 1081 5012 vel
1125 4958 1369 5016 ostendit
1402 4963 1561 5019 nobis
1598 4968 1880 5037 quomodo
1908 4968 2052 5028 hanc

452 5042 825 5115 perﬁciamus,
877 5060 1104 5118 nempe,
1144 5048 1203 5103 in
1242 5049 1453 5108 timore
1500 5054 1625 5110 Dei.
1658 5058 1798 5113 Nam
1837 5060 2052 5119 etiamsi

450 5130 639 5189 saeviat
659 5134 1102 5207 concupiscentia
1129 5138 1330 5209 carnis,
1357 5141 1614 5199 timorem
1654 5146 1754 5202 Dei
1785 5147 1948 5220 habe,
1987 5166 2053 5208 ac

450 5221 674 5278 tolletur
704 5225 931 5281 insania.
982 5228 1109 5284 Non
1154 5229 1330 5286 solam
1386 5239 1576 5289 autem
1617 5241 2049 5309 temperantiam

453 5326 550 5383 per
575 5315 1007 5375 sanctimoniam
1044 5318 1340 5394 intelliges.
1370 5336 1567 5381 verum
1593 5325 1761 5384 etiam
1797 5332 2049 5401 quamvis

453 5400 510 5457 in
537 5402 649 5460 vita
676 5406 998 5477 puritatem.

523 5506 552 5550 ἀ
583 5519 763 5575 Lavit.
794 5536 969 5593 xxvi,
1002 5527 1089 5581 12.
1166 5536 1187 5563 ·
1221 5528 1331 5585 Isa.
1373 5543 1483 5601 ut,
1514 5536 1602 5587 ιι.

2155 1942 2300 2022 λέγει
2359 1944 2576 2023 Κύριος.
2639 1968 2664 1995 »
2701 1943 2822 2001 Οὐκ
2870 1934 3018 2015 εἶπε,
3075 1941 3170 2012 Μὴ
3237 1941 3508 2018 πράττητε
3558 1941 3761 2012 ἄτοπα,

2159 2032 2333 2106 ἀλλὰ,
2364 2059 2387 2087 ιι
2412 2032 2567 2104 Μηδὲ
2603 2031 2857 2093 ἅπτεσθε.
2895 2058 2918 2084 ι
2951 2031 3022 2093 Ἢ
3054 2030 3109 2091 δὲ
3138 2030 3441 2110 ἀκαθαρσία
3484 2029 3673 2101 διττή·
3720 2026 3759 2101 ἢ

2161 2122 2440 2198 σώματος,
2472 2119 2507 2192 ἢ
2538 2125 2713 2203 ψυχῆς
2734 2142 2748 2156 ·
2786 2124 2961 2203 ψυχῆς
3004 2121 3134 2199 μὲν,
3170 2126 3242 2188 ὡς
3270 2124 3315 2182 οἱ
3359 2119 3586 2201 ῥυπαροὶ
3613 2122 3758 2197 λογι-

2158 2212 2315 2289 σμοὶ,
2366 2212 2457 2270 καὶ
2486 2209 2549 2269 τὸ
2603 2211 2872 2292 ἐμϐλέψαι
2923 2212 3240 2277 ἀκολάστοις
3289 2211 3618 2290 ὀφθαλμοῖς,
3666 2208 3760 2268 καὶ

2160 2300 2545 2379 μνησικακίαι,
2584 2301 2676 2360 καὶ
2726 2303 2906 2378 δόλοι,
2956 2303 3048 2361 καὶ
3090 2300 3160 2359 τὰ
3210 2306 3464 2359 τοιαῦτα·
3516 2298 3761 2375 σώματος

2159 2390 2247 2463 δὲ,
2282 2392 2352 2457 ὣς
2376 2390 2591 2469 πορνεία
2615 2436 2631 2464 ,
2654 2390 2899 2469 μοιχεία,
2930 2389 3021 2451 καὶ
3051 2398 3203 2449 πᾶσα
3233 2389 3286 2428 ⁸⁸
3314 2390 3590 2467 ἀσέλγεια.
3616 2389 3756 2449 Βού-

2158 2480 2308 2537 λεται
2348 2480 2522 2539 τοίνυν
2562 2478 2886 2560 ἑκατέρωθεν
2917 2485 3059 2557 ἡμᾶς
3087 2469 3221 2539 εἶναι
3254 2483 3532 2560 καθαρούς.
3578 2475 3763 2545 Ἐξέλο

2158 2574 2279 2628 θετε
2325 2560 2417 2628 οὖν
2458 2572 2519 2629 ἐκ
2572 2571 2737 2647 μέσου
2786 2575 2891 2630 τῶν
2931 2572 3202 2646 ἀπίστων,
3261 2570 3355 2629 καὶ
3406 2568 3756 2649 ἀφορίσθητε,

2159 2659 2433 2733 τουτέστι,
2470 2661 2743 2735 μονώθητε
2772 2660 2861 2721 καὶ
2887 2660 3245 2742 καθαρίσθητε
3270 2706 3285 2735 ,
3317 2659 3409 2719 καὶ
3436 2658 3557 2717 τότε
3582 2655 3760 2718 εἰσδέ-

2160 2747 2318 2826 ξομαι
2364 2753 2524 2826 ὑμᾶς.
2572 2749 2751 2811 Ὅταν
2806 2749 2909 2831 γὰρ
2962 2752 3283 2830 ἀπαλλαγῇς
3338 2750 3445 2808 τῶν
3501 2749 3760 2828 πονηρῶν,

2157 2838 2275 2898 τότε
2306 2839 2544 2921 ἑνωθήσῃ
2573 2841 2722 2921 Θεῷ.

2240 3046 2267 3072 ιι
2298 3018 2412 3079 Καὶ
2461 3016 2654 3097 ἔσομαι
2687 3022 2810 3095 ὑμῖν
2843 3024 2916 3086 εἰς
2946 3018 3199 3100 Πατέρα,
3254 3019 3346 3079 καὶ
3390 3022 3541 3096 ὑμεῖς
3580 3017 3763 3077 ἔσεσθέ

2160 3131 2251 3189 μοι
2297 3114 2369 3177 εἰς
2429 3108 2569 3176 υἱοὺς
2616 3110 2709 3169 καὶ
2760 3109 3080 3189 θυγατέρας,
3128 3108 3271 3187 λέγει
3324 3108 3520 3190 Κύριος
3564 3132 3758 3169 παντο·

2159 3201 2394 3282 κράτωρ.
2432 3222 2460 3259 ι
2497 3199 2698 3283 Ὁρᾷς,
2750 3205 2863 3268 πῶς
2923 3200 3366 3282 προανεφώνησεν
3410 3205 3437 3260 ὁ
3492 3200 3763 3281 προφήτης

2158 3289 2254 3363 τὴν
2310 3292 2380 3357 εἷς
2433 3295 2578 3371 ἡμᾶς
2629 3298 2718 3351 νῦν
2767 3293 3046 3371 φθάσασαν
3095 3291 3181 3350 διὰ
3230 3299 3323 3353 τοῦ
3390 3290 3763 3373 βαπτίσματος

2161 3379 2512 3459 ἀναγέννησιν
2542 3381 2635 3441 καὶ
2666 3382 2928 3441 υἱοθεσίαν
2939 3406 2956 3455 ;

2747 3509 3038 3569 ΚΕΦΑΛ.
3089 3505 3177 3570 Ζ’.

2248 3639 2279 3678 α
2308 3616 2528 3683 Ταύτας
2552 3607 2643 3675 οῦν
2677 3616 2886 3695 ἔχοντες
2916 3615 3011 3682 τὰς
3054 3613 3403 3694 ἐπαγγελίας,
3455 3614 3759 3692 ἀγαπητοὶ,

2159 3707 2538 3787 καθαρίσωμεν
2587 3704 2805 3771 ἑαυτοὺς
2859 3705 2966 3764 ἀπὸ
3014 3704 3211 3772 παντὸς
3244 3708 3519 3787 μολυσμοῦ
3568 3703 3763 3785 σαρκὸς

2157 3796 2250 3856 καὶ
2295 3785 2613 3872 πνεύματος.
2672 3820 2698 3849 ι
2748 3794 2959 3868 Ποίας;
3003 3795 3082 3853 Τὸ
3128 3794 3244 3854 ναοὶ
3294 3785 3428 3853 εἶναι
3479 3796 3650 3867 Θεοῦ,
3700 3794 3763 3853 τὸ

2158 3886 2300 3967 ἔχειν
2342 3886 2499 3945 αὐτὸν
2527 3887 2830 3945 ἐνοικοῦντα
2862 3884 2953 3944 καὶ
2984 3886 3446 3963 ἐμπεριπατοῦντα
3494 3883 3582 3942 τὸν
3621 3882 3763 3942 Θεὸν

2161 3976 2252 4035 καὶ
2279 3976 2522 4055 Πατέρα.
2566 3973 2963 4053 Καθαρίσωμεν
2994 3971 3210 4041 ἑαυτοὺς
3252 3975 3357 4031 ἀπὸ
3384 3976 3488 4032 τῶν
3517 3971 3761 4052 ἀκαθάρ-

2158 4088 2263 4125 των
2325 4063 2492 4142 ἔργων
2523 4081 2541 4100 ⁸
2573 4069 2745 4122 ταῦτα
2790 4064 2891 4143 γὰρ
2936 4064 3207 4142 μολυσμὸς
3261 4062 3486 4142 σαρκός·
3531 4062 3761 4122 καὶτῶν

2160 4157 2409 4236 ῥυπαρῶν
2440 4153 2533 4212 καὶ
2582 4157 2837 4231 ἐμπαθῶν
2885 4154 3159 4232 λογισμῶν
3182 4176 3198 4190 ·
3226 4158 3399 4213 ταῦτα
3424 4154 3548 4234 ιγὰρ
3596 4154 3764 4229 μολυ-

2160 4242 2293 4322 σμὸς
2315 4243 2615 4321 πνεύματος
2632 4289 2647 4317 ,
2675 4243 2917 4305 τουτέστι
2936 4289 2955 4321 ,
2977 4248 3073 4316 τῆς
3114 4246 3313 4324 ψυχῆς.

2244 4450 2270 4479 ι
2294 4422 2699 4492 Ἐπιτελοῦντες
2749 4423 3052 4502 ἁγιωσύνην
3086 4427 3141 4484 ἐν
3187 4424 3336 4506 φόϐῳ
3382 4425 3551 4486 Θεοῦ.
3592 4450 3616 4475 ιι
3645 4426 3763 4485 Οὐκ

2164 4515 2348 4593 ἀρκεῖ,
2380 4513 2579 4595 φησὶν,
2614 4514 2911 4593 ἀπέχεσθαι
2953 4516 3283 4593 ἀκαθαρσίας
3306 4559 3323 4591 ,
3367 4515 3502 4574 ἀλλᾶ
3549 4515 3626 4572 δεῖ
3669 4513 3764 4573 καὶ

2164 4604 2470 4664 ἐπιτελέσαι
2497 4626 2550 4663 τι
2579 4604 2776 4683 ἀγαθὸν
2794 4650 2810 4678 ,
2850 4601 2947 4676 τὴν
2993 4603 3320 4681 ἁγιωσύνην,
3350 4602 3593 4663 τουτέστι
3612 4648 3628 4676 ,
3664 4602 3762 4676 τὴν

2160 4693 2535 4775 καθαρότητα,
2584 4692 2683 4765 τὴν
2726 4692 3092 4775 σωφροσύνην.
3146 4695 3226 4755 Τὸ
3274 4693 3353 4771 δὲ,
3390 4720 3415 4747 α
3468 4692 3566 4753 Ἐν
3613 4692 3763 4775 φόϐῳ

2160 4784 2303 4845 Θεοῦ
2323 4830 2339 4857 ,
2374 4811 2398 4837 υ
2445 4782 2770 4862 προσέθηκεν
2790 4829 2806 4858 ,
2830 4782 2866 4855 ἢ
2892 4782 3024 4843 διότι
3054 4782 3169 4842 ἐστὶ
3192 4782 3284 4843 καὶ
3313 4781 3630 4855 ἐπιτηδευτὴ
3654 4806 3763 4841 σω-

2160 4870 2393 4956 φροσύνη
2430 4871 2563 4952 πρὸς
2618 4874 3143 4955 ἀνθρωπαρέσκειαν,
3173 4872 3267 4933 καὶ
3309 4873 3368 4932 οὔ
3414 4872 3558 4931 κατὰ
3601 4872 3761 4953 φόϐον

2162 4964 2302 5025 Θεοῦ
2335 4980 2350 4997 ⁸
2402 4961 2726 5035 ἢδείκνυσιν
2770 4963 2901 5037 ἡμῖν
2956 4966 3070 5033 πῶς
3114 4962 3489 5040 ἐπιτελὲσομεν
3527 4961 3758 5036 ταύτην,

2160 5052 2240 5112 ὅτι
2270 5054 2323 5111 ἐν
2355 5050 2505 5134 φόϐῳ
2546 5054 2711 5114 Θεοῦ.
2764 5054 2829 5112 Εἰ
2867 5052 2971 5132 γὰρ
3014 5052 3106 5111 xui
3138 5062 3379 5133 τυραννεί
3421 5056 3455 5125 ἡ
3509 5052 3762 5129 ἐπιθυμία

2158 5146 2254 5215 τῆς
2285 5141 2511 5223 σαρκὸς,
2560 5142 2699 5201 ἀλλὰ
2734 5142 2895 5225 φόϐον
2945 5141 3033 5222 ἔχε
3064 5145 3241 5216 Θεοῦ,
3273 5142 3364 5202 καὶ
3410 5142 3696 5213 λυθήσεται
3725 5144 3760 5212 ἡ

2162 5232 2348 5310 μανία.
2389 5230 2487 5302 Μὴ
2525 5234 2682 5310 μόνον
2732 5233 2787 5291 δὲ
2834 5232 2930 5303 τὴν
2964 5232 3308 5313 σωφροσύνην
3351 5230 3546 5309 νοήσῃς
3598 5232 3768 5308 ἁγιω-

2159 5320 2351 5398 σύνην,
2380 5318 2495 5384 ἀλλ’
2528 5321 2711 5391 ἁπλῶς
2734 5330 2914 5384 πᾶσαν
2940 5319 3038 5393 τὴν
3061 5324 3114 5381 ἐν
3144 5320 3243 5404 βίῳ
3270 5322 3632 5403 καθαρότητα.

1845 5615 2035 5678 Variae
2079 5620 2383 5682 lectiones.

532 5686 576 5722 ss
604 5686 740 5756 ἄλλη
767 5704 821 5746 ο,
