4134 6424
496 399 593 453 8⁸71

1512 375 2029 436 THEOPHYLACTI
2069 370 2427 428 BULGARIE
2465 372 2781 429 ARCHIEP.

3694 371 3797 424 872

494 530 607 589 net,
654 516 930 593 siquidem
973 521 1196 572 tantum
1234 509 1487 567 dolorem
1529 506 1795 577 repulerit
1825 516 2088 593 represse-

2200 498 2590 593 ἀπεκρούσατο.
2626 499 2823 593 Καλῶς
2851 496 2909 556 δὲ
2938 486 3115 593 sine,
3147 496 3308 593 ὅτιΔή
3338 492 3474 576 σὰρξ
3515 495 3614 554 οὒκ
3639 492 3797 574 ἔσχεν

496 612 692 683 ritque.
719 591 729 593 Ὗ
756 606 991 664 Pulchre
1062 610 1249 659 autem
1317 599 1478 667 dixit,
1552 611 1779 653 carnem
1840 591 2086 664 requiem

497 716 609 757 non
644 698 907 755 habuisse
946 693 1171 751 :anima
1210 690 1363 747 enim
1406 687 1560 745 Pauli
1588 684 1911 742 invincibilis
1945 688 2083 737 erat.

571 812 599 839 ι
636 787 745 846 Sed
782 800 1005 843 omnem
1030 780 1444 838 tribulationem
1472 776 1619 851 passi
1660 790 1855 833 sumus
1898 790 1915 829 :
1954 771 2088 829 foris

496 894 718 953 pugnae.
753 898 782 927 ι
824 876 912 933 Ab
938 872 1268 930 infidelibus.

573 949 605 1023 ἆ
641 972 798 1025 Intus
824 974 1086 1022 terrores.
1130 984 1157 1010 ι
1188 963 1420 1031 Propter
1448 952 1834 1013 imbecilliores
1880 949 2088 1017 ﬁdeles,

496 1076 565 1117 ne
590 1058 922 1117 seducantur
953 1070 985 1110 a
1024 1052 1169 1108 falsis
1198 1048 1479 1107 fratribus.

567 1151 754 1206 Vnns.
793 1152 849 1203 6.
892 1168 919 1194 ι
941 1142 1052 1201 Sed
1079 1141 1175 1215 qui
1204 1140 1524 1197 consolatur
1547 1134 1803 1199 humiles,
1828 1147 1933 1189 nos
1959 1145 2090 1187 con-

494 1240 703 1297 solatus
731 1244 817 1293 est
856 1238 1007 1291 Deus
1040 1233 1095 1289 in
1140 1230 1381 1287 adventu
1407 1227 1531 1283 Titi.
1584 1250 1609 1276 ι»
1636 1226 1775 1296 Quia
1806 1223 1983 1279 multa
2011 1220 2089 1276 eis

495 1336 789 1386 attestatus
817 1332 956 1393 erat,
996 1322 1179 1380 Titum
1220 1320 1386 1376 etiam
1413 1325 1612 1374 testem
1643 1312 1922 1388 producit.
1954 1310 2091 1383 Quis

494 1434 626 1476 vero
652 1416 972 1473 consolatur
996 1412 1260 1469 humiles?
1302 1412 1476 1475 Deus,
1519 1405 1697 1477 inquit
1729 1421 1745 1460 :
1785 1403 1877 1458 ille
1904 1408 1961 1457 et
1990 1414 2090 1456 nos

498 1507 819 1565 consolatus
840 1512 941 1568 est,
968 1510 1158 1576 utpote
1186 1501 1281 1573 qui
1307 1500 1499 1556 Titum
1520 1495 1681 1551 nobis
1703 1491 1942 1559 miserit;
1970 1490 2090 1562 ejus

499 1598 645 1656 enim
673 1596 937 1652 adventus
962 1593 1094 1649 satis
1134 1590 1240 1647 fuit
1266 1596 1330 1644 ut
1355 1587 1694 1659 dispergeret
1729 1581 2088 1639 afﬂictionem

496 1694 763 1744 nostram.
819 1684 951 1741 Vult
991 1690 1183 1739 autem
1230 1680 1400 1736 istum
1449 1676 1622 1732 virum
1664 1673 1765 1729 illis
1800 1668 2089 1727 venerabi-

493 1777 605 1833 lem
632 1773 878 1832 reddere.
923 1772 1106 1843 Quare
1133 1768 1322 1841 magni
1352 1764 1653 1823 admodum
1687 1761 1818 1819 facit
1842 1760 1962 1833 ejus
1989 1757 2091 1815 ad-

494 1874 742 1923 ventum.

562 1958 753 2013 Vnus.
799 1960 833 2010 7
876 1975 904 2003 ι
954 1954 1078 2009 Non
1123 1949 1307 2007 solum
1344 1955 1530 2006 autem
1570 1945 1625 2001 in
1666 1942 1908 2000 adventu
1948 1937 2090 2009 ejus,

494 2060 689 2103 verum
716 2044 882 2101 etiam
925 2042 981 2098 in
1012 2039 1388 2097 consolatione
1430 2051 1601 2109 quam
1642 2034 1760 2105 ipse
1787 2030 1997 2100 accepit
2034 2028 2093 2084 in

494 2134 668 2191 vobis.
713 2156 740 2182 ιο
779 2134 906 2189 Non
933 2130 1137 2195 solum,
1180 2128 1381 2199 inquit,
1427 2126 1498 2182 ob
1527 2140 1653 2180 eam
1685 2135 1905 2177 causam
1942 2116 2091 2191 quod

495 2222 635 2281 mihi
653 2231 902 2293 tempore
926 2218 1236 2275 afﬂictionis
1261 2230 1401 2272 meae
1429 2214 1626 2282 adfuit,
1655 2228 1747 2268 me
1776 2209 2090 2267 consolatus

492 2321 597 2383 est,
621 2327 815 2369 verum
841 2311 1004 2367 etiam
1046 2309 1173 2381 quia
1201 2303 1524 2379 hujusmodi
1554 2309 1790 2358 vestram
1827 2300 2088 2355 virtutem

492 2401 651 2459 nobis
679 2398 1045 2467 denuntiavit,
1082 2414 1148 2455 ex
1186 2412 1292 2470 qua
1335 2404 1391 2453 et
1427 2394 1538 2467 ipse
1564 2392 1817 2450 solamen
1857 2387 2090 2461 adeptus

492 2500 594 2561 est,
639 2491 746 2548 hoc
781 2498 893 2559 est,
946 2488 1166 2562 gavisus
1202 2494 1287 2543 est
1332 2486 1388 2542 in
1428 2484 1607 2553 vobis,
1646 2480 1948 2553 suscipiens
1987 2492 2089 2534 vos

489 2589 711 2654 propter
749 2581 979 2637 virtutes
1004 2586 1235 2635 vestras.
1279 2575 1549 2633 Conciliat
1575 2580 1786 2640 autem,
1834 2577 1890 2625 et
1928 2569 2087 2625 fami-

490 2671 681 2727 liarem
714 2668 846 2726 facit
874 2668 1006 2741 ipsis
1043 2667 1192 2724 hunc
1218 2666 1424 2734 virum,
1451 2671 1647 2737 utpote
1674 2662 1770 2735 qui
1812 2674 1912 2717 eos
1940 2656 2086 2730 apud

492 2760 677 2832 ipsum
706 2758 1044 2815 laudaverat.

564 2869 592 2898 οι
626 2848 893 2906 Referens
930 2846 1092 2903 nobis
1133 2853 1385 2901 vestrum
1435 2842 1791 2910 desiderium,
1841 2845 2098 2896 vestrum‘

491 2938 708 3008 fletum,
736 2946 980 2994 vestram
1008 2935 1419 2992 aemulationem
1446 2949 1546 3005 pro
1570 2948 1681 2989 me.
1718 2954 1745 2980 υ
1778 2929 2088 2986 Verisimile

494 3028 643 3085 enim
689 3036 808 3085 erat
844 3042 940 3084 eos
982 3026 1168 3097 lugere
1217 3032 1276 3081 et
1320 3023 1512 3081 anxios
1570 3036 1711 3090 esse,
1757 3036 1927 3093 quare
1970 3028 2086 3075 tam

494 3132 642 3190 aegro
681 3124 831 3173 esset
858 3115 1041 3171 animo
1071 3122 1393 3186 praeceptor,
1425 3120 1481 3167 et
1511 3126 1683 3183 quare
1708 3109 1895 3165 tandiu
1931 3108 2089 3165 abes-

493 3214 597 3263 set.
644 3206 793 3261 Hinc
854 3220 966 3260 non
1027 3203 1348 3275 simpliciter
1404 3201 1560 3268 dixit,
1606 3202 1926 3271 Lacrymas,
1973 3198 2089 3268 sed,

497 3319 521 3345 ι
564 3295 782 3352 Fletum
823 3311 838 3349 :
889 3316 915 3342 ι
962 3308 1164 3365 neque,
1194 3291 1586 3364 Cupiditatem,
1630 3289 1747 3359 sed,
1795 3312 1822 3338 α
1865 3288 2089 3345 Deside-

490 3383 657 3454 rium,
699 3407 726 3434 ι
753 3385 859 3440 hoc
881 3390 985 3450 est,
1010 3381 1398 3438 vehementem
1428 3380 1841 3453 inquisitionem
1875 3397 1889 3435 :
1914 3394 2093 3450 neque

488 3478 651 3544 Iram,
692 3473 814 3541 sed,
844 3496 869 3522 ι
904 3471 1351 3541 Emulationem,
1390 3494 1416 3521 ι»
1448 3486 1645 3542 nempe
1671 3469 1934 3526 adversus
1960 3484 2090 3526 eum

488 3564 580 3637 qui
620 3564 924 3621 fornicatus
966 3572 1103 3619 erat.
1162 3564 1393 3633 Pr0pter
1433 3576 1527 3617 me
1571 3560 1721 3617 enim
1773 3559 1981 3616 accensi
2038 3567 2092 3615 et

487 3654 644 3727 igniti
692 3653 843 3724 estis,
874 3661 936 3709 ut
958 3653 1110 3727 jussa
1159 3668 1280 3708 mea
1321 3650 1678 3723 capesseretis
1729 3671 1743 3707 :
1788 3650 1871 3706 vel
1919 3648 2089 3706 etiam

487 3743 775 3801 adversum
836 3741 1291 3816 pseudapostolos
1346 3740 1753 3798 zemularemini
1818 3755 1920 3813 pro
1974 3754 2086 3796 me.

486 3835 624 3892 Haec
651 3842 838 3891 autem
862 3832 1002 3890 dicit
1026 3834 1347 3904 Apostolus,
1390 3833 1560 3903 280
1584 3846 1697 3888 non
1723 3830 1902 3887 solum
1935 3830 2088 3902 prio-

487 3939 575 3981 res
608 3923 1067 3996 reprehensiones
1086 3937 1310 3985 sanans,
1342 3937 1533 3977 verum
1563 3920 1731 3977 etiam
1768 3935 1955 3976 revera
1992 3935 2079 3976 su-

486 4013 720 4086 scipiens
749 4029 844 4071 eos
870 4012 965 4084 qui
997 4012 1139 4067 bene
1176 4027 1236 4068 se
1260 4020 1561 4082 gesserant.
1596 4011 1758 4067 Multi
1781 4010 1929 4066 enim
1962 4025 2088 4066 ma-

485 4102 555 4160 lis
585 4103 831 4159 moribus
856 4100 1072 4173 praediti
1097 4108 1280 4168 erant,
1310 4110 1366 4155 et
1387 4099 1537 4157 hisce
1568 4100 1821 4157 laudibus
1848 4099 2085 4171 indigni;

488 4198 732 4247 attamen
772 4190 895 4245 illos
936 4189 1050 4260 ipse
1082 4204 1198 4244 non
1236 4187 1466 4257 diducit,
1507 4204 1701 4247 verum
1745 4205 1873 4246 cum
1917 4204 2086 4244 enco-

490 4280 624 4349 mia,
664 4288 786 4335 tum
839 4277 1104 4347 vituperia
1154 4278 1473 4335 communia
1521 4278 1577 4334 in
1618 4278 1859 4335 medium
1909 4277 2089 4350 ponit,

487 4369 629 4427 dans
679 4370 758 4425 ita
812 4366 1035 4424 cuilibet
1070 4366 1180 4423 sibi
1219 4367 1443 4424 conscio
1470 4367 1673 4441 eligere
1714 4367 1865 4441 quod
1910 4366 1981 4423 ad
2028 4382 2089 4424 se

490 4458 779 4532 pertineat.

564 4570 592 4599 ι
631 4552 710 4605 Ita
743 4556 805 4605 ut
841 4548 1022 4622 magis
1067 4547 1391 4621 gauderem.
1426 4551 1553 4606 Ἐκ
1583 4546 1873 4619 praesentia
1919 4547 2085 4603 etiam

491 4639 610 4712 ejus
647 4638 1003 4707 exhilaratus,
1043 4638 1238 4712 magis,
1281 4637 1478 4709 inquit,
1516 4637 1733 4712 gavisus
1775 4653 1923 4707 sum,
1954 4639 2084 4712 quia

489 4729 615 4785 talia
644 4728 777 4783 mihi
797 4729 864 4783 de
899 4728 1057 4784 vobis
1080 4728 1442 4785 annuntiavit.
1489 4763 1492 4766 ~

561 4818 740 4873 Vens.
783 4822 841 4872 8.
887 4840 910 4866 ι
942 4820 1134 4889 Itaque
1159 4817 1378 4873 etiamsi
1405 4817 1720 4874 contristavi
1747 4833 1844 4875 vos
1866 4818 1927 4875 in
1957 4818 2089 4891 Epi-

489 4906 652 4975 stola,
707 4920 800 4961 me
826 4921 937 4961 non
969 4907 1219 4977 poenitet,
1264 4907 1510 4977 quamvis
1556 4906 1865 4979 pmnitebat
1904 4923 2018 4964 me.
2059 4932 2085 4957 ν

492 4998 610 5052 Etsi
656 4994 927 5068 ejusmodi
974 4995 1284 5066 scripserim
1317 4996 1495 5065 vobis,
1527 4997 1727 5069 quibus
1762 4997 2087 5053 excesserim

491 5086 721 5143 modum
769 5084 1189 5159 objurgationis.
1220 5094 1283 5142 ut
1323 5085 1459 5142 adeo
1490 5102 1581 5142 me
1613 5086 1907 5158 pmniteret
1937 5086 2089 5159 quod

490 5177 635 5233 ultra
664 5174 894 5231 modum
925 5190 1023 5231 vos
1051 5174 1439 5247 increpaverim
1470 5193 1483 5230 :
1510 5178 1704 5248 ingens
1725 5184 1911 5232 tamen
1940 5192 2091 5232 com-

491 5265 730 5322 moditas
747 5280 871 5337 quae
898 5264 1025 5321 inde
1049 5265 1332 5337 proﬂuxit,
1359 5281 1471 5320 non
1497 5265 1627 5321 sinit
1654 5281 1742 5321 me
1762 5265 1884 5338 jam
1916 5266 2091 5337 poeni-

492 5356 662 5413 tentia
708 5354 854 5411 duci.
907 5358 1044 5411 Haec
1083 5364 1267 5411 autem
1322 5355 1478 5425 dixit,
1528 5371 1643 5412 non
1700 5356 1851 5429 quod
1902 5372 2089 5413 revera

491 5444 852 5501 immoderate
901 5460 997 5502 eos
1056 5444 1412 5518 increpuerit,
1455 5460 1648 5503 verum
1707 5453 1770 5504 ut
1815 5448 2091 5519 prazconia

495 5548 691 5591 eorum
718 5536 932 5606 majora
958 5532 1138 5591 faciat.
1679 5552 1686 5562 ·

2117 4506 2173 4572 D

2194 585 2375 649 ἄνεσιν
2397 611 2413 627 ο
2442 591 2477 661 ἡ
2508 588 2613 669 γὰρ
2643 587 2792 668 ψυχὴ
2821 591 2913 646 τοῦ
2944 587 3165 646 Παύλου
3189 583 3473 657 ἀήττητος.

2284 794 2311 825 σι
2340 767 2486 829 Ἀλλ’
2517 770 2570 828 ἐν
2597 766 2762 828 παντὶ
2783 766 3115 847 θλιϐόμενοι*
3139 764 3330 836 ἔξωθεν
3347 764 3545 845 μάχαι.
3580 761 3798 843 »Παρὰ

2197 860 2303 918 τῶν
2336 859 2599 921 ἀπίστων.

2290 970 2320 1007 (ι
2346 945 2592 1009 Ἔσωθεν
2620 947 2797 1029 φόϐοι.
2830 974 2856 1002 ι
2885 947 2991 1008 Διὰ
3014 945 3137 1014 τοὺς
3165 946 3400 1013 ἀσθενεῖς
3425 946 3535 1003 τῶν
3556 944 3795 1017 πιστῶν,

2197 1036 2284 1097 ἵνα
2305 1035 2383 1115 μὴ
2413 1042 2792 1119 παρασυρῶσιν
2821 1037 2923 1096 ὑπὸ
2943 1042 3049 1097 τῶν
3068 1037 3449 1117 ψευδαδέλφων

2279 1154 2304 1182 ι
2339 1127 2478 1187 Ἀλλ’
2508 1134 2536 1188 ὁ
2582 1130 2911 1209 παρακαλῶν
2948 1127 3078 1201 ζτοὺς
3121 1124 3441 1197 ταπεινοὺς,
3492 1122 3799 1202 παρεκάλε-

2200 1240 2288 1277 σεν
2314 1220 2457 1294 ἡμᾶς
2487 1220 2515 1275 ὅ
2547 1218 2685 1284 Θεὸς
2718 1220 2769 1276 ἐν
2794 1217 2840 1255 9‘
2984 1216 3253 1296 παρουσία
3282 1215 3473 1276 Τίτου.
3501 1236 3535 1271 ι
3571 1211 3797 1282 Ἐπειδὴ

2200 1308 2411 1386 μεγάλα
2440 1307 2954 1389 προσεμαρτύρησεν
2988 1308 3195 1379 αὐτοῖς,
3239 1304 3332 1364 καὶ
3365 1304 3454 1364 τὸν
3495 1302 3658 1365 Τίτον
3685 1323 3797 1360 πα-

2202 1397 2348 1477 ράγει
2380 1397 2648 1479 μάρτυρα.
2695 1399 2797 1479 Τίς
2823 1396 2878 1456 δὲ
2908 1400 2938 1456 ὃ
2966 1396 3297 1476 παρακαλῶν
3326 1394 3446 1460 τοὺς
3474 1391 3789 1459 ταπεινούςς

2196 1485 2272 1547 ⁸0
2298 1478 2471 1565 Θεὸς,
2521 1478 2709 1569 φησίν·
2740 1478 2891 1555 οὗτος
2930 1485 3025 1545 καὶ
3063 1490 3209 1563 ἡμᾶς
3249 1483 3647 1565 παρεκάλεσεν,
3699 1479 3794 1541 ἅτε

2196 1577 2287 1635 τὸν
2327 1577 2489 1637 Τίτον
2534 1582 2665 1653 ἡμῖν
2713 1579 2929 1657 πέμψας
2951 1597 2966 1613 ·
2997 1580 3031 1648 ἡ
3061 1575 3164 1655 γὰρ
3193 1574 3462 1655 παρουσία
3506 1574 3665 1631 αὐτοῦ
3695 1572 3794 1651 ἤρ-

2196 1688 2349 1725 κεσεν
2383 1670 2455 1735 εἷς
2481 1667 2543 1727 τὸ
2586 1667 2933 1727 διασκεδάσαι
2960 1666 3059 1737 τὴν
3098 1667 3275 1747 θλῖψιν
3306 1666 3485 1741 ἡμῶν.
3532 1662 3793 1723 Βούλεται

2199 1755 2253 1816 δὲ
2276 1757 2452 1823 αὐτοῖς
2484 1757 2755 1834 αἰδέσιμον
2797 1759 3135 1827 καταστῆσαι
3166 1755 3256 1813 τὸν
3287 1754 3473 1836 ἄνδρα.
3505 1751 3609 1813 Διὰ
3635 1755 3795 1812 τοῦτο

2124 1860 2176 1925 Β
2202 1845 2438 1924 μεγάλην
2462 1846 2663 1905 τίθεται
2687 1845 2784 1918 τὴν
2808 1845 3106 1926 παρουσίαν
3144 1846 3328 1903 αὐτοῦ.

2281 1962 2307 1988 ι
2341 1938 2423 1997 Οὐ
2473 1937 2629 2012 μόνον
2662 1936 2717 1994 δὲ
2750 1938 2801 1994 ἐν
2833 1941 2899 2017 τῇ
2928 1933 3194 2015 παρουσία
3225 1936 3413 2008 αὐτοῦ,
3435 1931 3575 1992 ἀλλᾶ
3606 1932 3697 1991 καὶ
3740 1933 3795 1991 ἐν

2199 2028 2267 2106 τῇ
2298 2026 2637 2106 παρακλήσει
2744 2025 3057 2107 παρεκλήθη
3115 2028 3197 2104 ἐφ’
3231 2028 3378 2100 ύμῖν.
3412 2049 3438 2077 ι
3482 2024 3566 2083 Οὖ
3598 2022 3791 2100 μόνον,

2199 2119 2358 2195 φησὶ,
2404 2115 2524 2175 κατ’
2554 2116 2685 2176 αὐτὸ
2726 2121 2920 2189 τοῦτο,
2951 2114 3034 2174 ὅτι
3091 2113 3288 2185 ἐπέστη
3337 2117 3469 2189 ἡμῖν
3522 2115 3576 2172 ἐν
3625 2110 3795 2191 καιρῷ

2197 2206 2454 2285 θλίψεως,
2504 2204 2955 2285 παρεμυθήσατο,
3006 2204 3127 2263 ἀλλ’
3155 2206 3240 2263 ὅτι
3270 2203 3363 2263 καὶ
3396 2200 3648 2273 τοιαύτην
3698 2199 3796 2271 τὴν

2197 2295 2390 2373 ἀρετὴν
2416 2298 2566 2374 ὑμῶν
2598 2295 2921 2374 ἀπήγγειλεν
2938 2340 2954 2369 ,
2979 2293 3032 2363 ἐξ
3053 2285 3118 2367 ἧς
3148 2294 3239 2354 καὶ
3265 2294 3419 2360 αὐτὸς
3442 2290 3757 2373 παρεκλήθη
3776 2337 3792 2362 ,

2196 2384 2498 2456 τουτέστιν,
2548 2385 2719 2466 ἐχάρη
2769 2384 2848 2467 ἐφ’
2898 2387 3064 2463 ὑμῖν,
3102 2381 3487 2460 ἀποδεξάμενος
3530 2384 3669 2459 ὑμᾶς
3709 2378 3795 2438 διὰ

2193 2472 2261 2531 τὰ
2288 2474 2683 2557 κατορθώματα
2734 2477 2905 2553 ὑμῶν.
2938 2476 3144 2536 Οἷκειοῖ
3174 2474 3229 2533 δὲ
3271 2474 3449 2542 αὐτοῖς
3476 2472 3565 2532 τὸν
3598 2470 3793 2551 ἄνδρα,

2194 2564 2266 2642 ὣς
2294 2565 2651 2626 ἐπαινέσαντα
2683 2564 2870 2633 αὐτοὺς
2895 2563 3026 2645 πρὸς
3049 2563 3227 2625 αὐτόν.

2284 2863 2316 2901 α
2354 2841 2723 2921 Ἀναγγέλλων
2762 2844 2893 2919 ἡμῖν
2947 2842 3046 2914 τὴν
3102 2842 3253 2919 ὖμῶν
3305 2838 3654 2914 ἐπιπόθησιν,
3706 2838 3796 2898 τὸν

2198 2935 2343 3007 ὑμῶν
2373 2932 2634 3009 ὄδυρμὸν,
2664 2931 2754 2990 τὸν
2810 2935 2960 3010 ὃμῶν
3008 2934 3166 3003 ζῆλον
3200 2929 3333 3009 ὑπὲρ
3388 2932 3543 3006 ἐμοῦ.
3574 2958 3597 2983 ιι
3637 2930 3796 2997 Εἰκὸς

2196 3022 2296 3101 γὰρ
2317 3012 2383 3093 ἦν
2413 3021 2603 3090 αὐτοὺς
2652 3026 2856 3082 πενθεῖν
2903 3022 2996 3082 καὶ
3032 3024 3248 3099 ἀλγεῖν·
3274 3020 3344 3082 Τί
3371 3020 3538 3087 οὕτως
3576 3018 3797 3099 ἐδυσχέ-

2206 3133 2357 3191 ρανεν
2382 3114 2410 3169 ὃ
2441 3111 2793 3190 διδάσκαλος,
2836 3111 2889 3170 τί
2917 3116 3168 3170 τοσοῦτον
3208 3111 3416 3183 ἀπέστη
3446 3109 3669 3188 χρόνον;
3699 3106 3796 3169 Διὸ

2204 3198 2322 3261 οὐδὲ
2364 3201 2545 3267 ἁπλῶς
2574 3192 2717 3274 εἷπε,
2748 3201 2969 3280 Δάκρυα
2991 3246 3008 3274 ,
3042 3199 3157 3259 ἀλλ’
3188 3228 3213 3254 ε
3245 3199 3511 3278 Ὀδυρμόν
3536 3221 3551 3236 ·
3585 3225 3610 3251 ιι
3639 3196 3756 3258 οὖδὲ
3778 3246 3792 3268 ,

2201 3289 2561 3363 Ἐπιθυμίαν,
2613 3289 2762 3364 ἀλλ’,
2803 3318 2826 3345 ιι
2867 3289 3226 3363 Ἐπιπόθησιν
3250 3334 3268 3364 ,
3300 3318 3326 3342 ι
3356 3288 3633 3363 τουτέστι,
3670 3310 3799 3367 σφο-

2202 3380 2329 3460 δρὰν
2374 3379 2714 3451 ἐπιζήτησιν·
2761 3379 2920 3456 οὐδὲ,
2968 3380 3208 3459 Ὀργὴν,
3266 3378 3434 3452 ἀλλὰ,
3469 3407 3492 3431 ι
3525 3381 3740 3450 Ζῆλον,
3772 3404 3797 3429 ι

2200 3470 2340 3529 κατὰ
2392 3474 2484 3530 τοῦ
2544 3469 2991 3551 πεπορνευκότος.
3026 3467 3197 3547 ’Υπὲρ
3257 3471 3384 3546 ἐμοῦ
3426 3466 3532 3549 γὰρ
3587 3466 3798 3545 ἐπυρώ-

2199 3564 2323 3631 θητε
2346 3605 2361 3633 ,
2398 3559 2493 3619 καὶ
2538 3560 2784 3632 διεκάητε
2808 3604 2824 3633 ,
2868 3561 3007 3619 ὥστε
3039 3558 3100 3619 τὸ
3127 3558 3453 3639 πρόσταγμά
3505 3581 3607 3635 μου
3651 3557 3794 3629 πλη-

2201 3648 2460 3728 ρῶσαι⁹²⁶
2507 3647 2543 3720 ἢ
2579 3647 2671 3708 καὶ
2721 3649 2854 3730 πρὸς
2903 3648 3024 3717 τοὺς
3052 3649 3512 3729 ψευδαποστόλους
3548 3649 3796 3721 ἐζηλοῧτε

2197 3738 2328 3819 ὑπὲρ
2382 3741 2530 3815 ἐμοῦ.
2586 3741 2779 3799 Ταῦτα
2827 3738 2882 3798 δὲ
2911 3738 3060 3818 λέγει
3106 3744 3135 3799 ὃ
3161 3738 3507 3811 Ἀπόστολος,
3538 3738 3596 3795 οὗ
3640 3735 3800 3813 μόνον

2200 3827 2504 3909 θεραπεύων
2556 3827 2650 3895 τὰς
2700 3827 2962 3907 προτέρας
3027 3827 3361 3901 ἐπιτιμήσεις
3384 3825 3470 3900 ⁰³,
3537 3824 3697 3909 ἀλλὰῌ
3720 3827 3799 3906 τῷ

2198 3904 2307 3976 ὄντι
2362 3916 2454 3977 καὶ
2518 3904 2907 3997 ἀποδεχόμενος
2968 3916 3088 3987 τοὺς
3153 3916 3570 3999 κατωρθωκότας
3600 3936 3614 3951 ⁸
3661 3904 3799 3987 ἦσαν

2198 4007 2295 4085 μὲν
2326 4005 2431 4087 γὰρ
2481 4007 2574 4065 καὶ
2604 4007 2883 4079 κακοήθεις
2927 4007 3154 4083 πολλοὶ,
3200 4009 3294 4069 καὶ
3345 4005 3550 4077 ἀνάξιοι
3592 4005 3799 4065 τούτων

2196 4101 2301 4155 τῶν
2335 4095 2563 4155 ἐπαίνων
2588 4114 2606 4132 ’
2655 4098 2775 4155 ἀλλ’
2817 4096 2961 4176 ὅμως
3005 4098 3161 4167 αὐτὸς
3202 4098 3263 4157 οὐ
3316 4098 3510 4177 διαιρεῖ
3557 4094 3798 4168 τούτους,

2198 4185 2335 4245 ἀλλὰ
2376 4186 2468 4243 καὶ
2522 4185 2591 4246 τὰ
2645 4188 2889 4266 ἐγκώμια
2932 4188 3024 4247 καὶ
3074 4185 3144 4247 τὰ
3198 4187 3514 4264 ἐγκλήματα
3561 4184 3713 4245 κοινὰ
3743 4186 3797 4242 ἐν

2197 4278 2271 4355 τῷ
2311 4274 2461 4356 μέσῳ
2498 4275 2709 4353 τίθησι,
2760 4276 2930 4345 διδοὺς
2956 4280 3034 4359 τῷ
3057 4276 3316 4338 συνειδότι
3364 4277 3589 4337 ἑκάστου
3619 4272 3797 4335 ἐπιλέ-

2195 4369 2380 4442 γεσθαι
2402 4364 2470 4424 τὰ
2498 4366 2691 4428 οἰκεῖα.

2290 4568 2319 4603 ιι
2340 4542 2519 4605 Ὥστε
2540 4569 2605 4621 με
2622 4548 2825 4624 μᾶλλον
2846 4548 3097 4627 χαρῆναι.
3126 4568 3153 4605 ι
3176 4545 3285 4608 Καὶ
3298 4547 3358 4608 ἐκ
3381 4548 3475 4619 τῆς
3502 4542 3797 4626 παρουσίας

2197 4636 2358 4693 αὐτοῦ
2400 4635 2608 4715 χαρεὶς,
2658 4638 2857 4713 μᾶλλον
2900 4635 3101 4718 ἐχάρνη
3121 4681 3138 4713 ,
3168 4637 3327 4719 φησὶν
3348 4679 3366 4712 ,
3399 4638 3481 4717 ἐφ’
3505 4636 3580 4702 οῦς
3614 4632 3792 4711 ἀπήγ-

2197 4729 2338 4802 γειλε
2368 4729 2589 4784 τοιαῦτα
2617 4726 2737 4806 περὶ
2771 4728 2944 4803 ὑμῶν.

2279 4841 2302 4867 ι
2332 4812 2509 4874 Ὥστε
2540 4817 2585 4873 εἰ
2608 4813 2700 4873 καὶ
2728 4812 2970 4889 ἐλύπησα
3014 4817 3154 4892 ὑμᾶς
3183 4818 3238 4876 ἐν
3362 4815 3697 4896 Ἐπιστολῇ,
3729 4810 3791 4871 οὖ

2199 4904 2593 4981 μεταμέλομαι,
2621 4906 2666 4963 εἰ
2695 4904 2786 4963 καὶ
2811 4907 3210 4983 μετεμελόμην.
3248 4934 3272 4959 ιι
3321 4906 3388 4966 Εἰ
3418 4906 3511 4967 καὶ
3539 4907 3758 4965 τοιαῦτα
3779 4944 3798 4974 ,

2198 4997 2390 5073 φησὶν,
2420 4994 2625 5074 ἔγραψα
2671 4996 2825 5071 ὑμῖν,
2862 4994 3002 5054 ὥστε
3044 4996 3343 5076 ὑπερϐῆναι
3377 4996 3439 5056 τὸ
3478 4996 3668 5075 μέτρον
3703 4994 3801 5063 τῆς

2199 5084 2581 5160 ἐπιτιμήσεως,
2636 5083 2728 5141 καὶ
2782 5086 3003 5154 ποιῆσαί
3070 5109 3137 5165 με
3194 5088 3665 5166 μεταμεληθῆναι,
3727 5083 3800 5145 ὣς

2199 5171 2329 5249 ὑπὲρ
2380 5173 2570 5253 μέτρον
2616 5174 3012 5244 ἐπιπλήξαντα·
3042 5175 3187 5245 ὅμως
3231 5176 3293 5235 τὸ
3337 5174 3473 5236 πολὺ
3518 5177 3699 5255 κέρδος
3737 5173 3804 5233 τὸ

2200 5259 2254 5328 ἐξ
2286 5263 2461 5320 αὐτῶν
2514 5266 2611 5322 οὐκ
2663 5267 2725 5343 ἐᾷ
2778 5287 2844 5341 με
2884 5266 3298 5342 μεταμελεῖσθαι
3337 5271 3447 5327 ν’ὗν.
3503 5268 3693 5328 Ταῦτα
3743 5262 3802 5324 δὲ

2197 5349 2408 5429 ἔλεγεν,
2467 5354 2568 5433 οὐχ
2596 5357 2667 5419 ὡς
2699 5352 2938 5433 ἀμέτρως
2965 5358 3042 5436 τῷ
3084 5353 3197 5416 ὄντι
3247 5357 3613 5435 ἐπιτιμήσας,
3655 5355 3800 5416 ἀλλὰ

2200 5440 2266 5499 τὰ
2289 5440 2532 5521 ἐγκώμια
2554 5444 2732 5502 αὐτῶν
2757 5441 2951 5511 αὔξων.

1893 5609 2086 5671 Variae
2127 5612 2429 5675 lectiones.

571 5684 610 5719 ⁹¹
645 5684 724 5739 ἐπί
752 5700 806 5741 0.
883 5685 929 5719 θ’
955 5687 1158 5753 ποιήσαι
1184 5702 1235 5743 o.
1316 5688 1363 5722 θ’
1386 5687 1663 5755 ἐπιπλήξεις
1686 5704 1744 5746 0.
