4134 6422
407 398 511 451 873
1301 396 1656 456 EXPOSITIO
1693 399 1760 454 IN
1799 399 2006 456 EPIST.

2076 400 2091 454 Ι
2131 401 2222 455 ΑΙ)
2260 399 2418 456 COR.
2463 431 2528 440 —
2554 400 2706 455 CAP.
2747 400 2861 453 VII.
3610 405 3708 459 874

495 543 521 577 ι
557 519 755 581 Βλέπω
774 522 877 601 γὰρ
902 522 981 581 ὅτι
1024 525 1058 593 ἡ
1086 520 1386 594 Ἐπιστολή
1428 524 1604 597 ἐκείνη
1626 570 1640 599 ,
1669 526 1717 583 εἰ
1745 525 1838 584 καὶ
1882 524 2011 605 πρὸς
2040 529 2094 591 Α

2078 558 2094 591 ι
2197 526 2378 582 Vnus.
2429 531 2485 594 8,
2520 530 2578 580 9.
2629 546 2654 573 ι
2693 523 2865 580 Video
2910 522 3056 579 enim
3115 523 3267 595 quod
3311 526 3554 598 Epistola
3598 528 3710 598 illa,

406 608 583 688 ὥραν,
627 609 892 682 ἐλύπησεν
924 614 1100 688 ὑμᾶς’
1154 617 1241 671 νῦν
1292 615 1505 694 χαίρω,
1537 615 1638 695 οὐχ
1678 612 1761 673 ὅτι
1800 615 2002 687 ἐλυπή-

2114 613 2326 670 etiamsi
2357 614 2425 671 ad
2455 621 2700 685 tempus,
2730 628 2827 669 vos
2846 611 3271 669 contristaverit.
3296 614 3524 672 Gaudeo
3544 633 3711 685 nunc,

405 703 563 772 θητε,
595 700 713 758 ἀλλ’
752 699 832 758 ὅτι
880 699 1180 775 ἐλυπήθητε
1230 703 1304 769 εἷς
1335 703 1619 781 μετάνοιαν
1642 727 1655 739 ·
1704 705 2003 779 ἐλυπήθητε

2113 719 2230 759 non
2283 702 2433 775 quod
2469 702 2778 759 contristati
2821 702 2974 771 estis,
3035 700 3136 758 sed
3191 702 3342 775 quod
3400 706 3710 763 contristati

402 786 505 867 γὰρ
533 788 674 847 κατὰ
708 789 871 850 Θεόν,
924 818 949 842 ››
990 791 1135 870 Πρὸς
1167 790 1313 870 ὥραν
1356 796 1391 863 ἡ
1421 791 1565 864 λύπη
1593 816 1606 830 ·
1637 792 1698 852 τὸ
1728 793 1784 852 δὲ
1823 793 2003 875 κέρδος

2112 793 2243 849 estis
2270 791 2344 848 ad
2389 792 2774 865 paenitentiam
2807 809 2820 845 :
2858 792 3166 848 contristati
3211 800 3399 849 autem
3440 795 3575 850 estis
3620 811 3714 853 se-

407 877 659 950 διηνεκές.
685 905 710 932 α
742 878 932 959 Χαίρω
950 905 974 933 ι
1002 878 1083 953 δὲ,
1116 879 1274 961 φησὶν
1297 927 1314 957 ,
1342 908 1367 935 α
1408 884 1509 961 οὐχ
1535 883 1615 940 ὅτι
1644 881 1943 956 ἐλυπήθητε
1970 911 1995 939 υ

2111 881 2355 938 cundum
2384 884 2588 939 Deum.
2627 904 2652 931 ιι
2682 881 2922 938 Tristitia
2967 881 3037 938 ad
3065 880 3263 938 horam
3290 882 3475 949 durat,
3507 884 3715 940 utilitas

406 967 494 1044 (τί
542 967 647 1047 γάρ
718 993 808 1045 μοι
857 968 1038 1049 κέρδος
1106 969 1214 1028 ἀπὸ
1271 975 1363 1029 τοῦ
1424 973 1729 1043 λυπηθῆναι
1788 971 2001 1052 ὗμᾶς;),

2111 980 2297 1027 autem
2324 978 2583 1044 perpetua
2635 978 2738 1027 est.
2792 994 2819 1020 α
2851 970 3079 1028 Gaudeo
3123 993 3150 1020 τι
3183 986 3334 1035 vero,
3369 994 3395 1020 «ι
3426 987 3539 1028 non
3564 972 3713 1044 quod

411 1083 436 1108 α
471 1058 595 1116 ἀλλ’
640 1056 719 1116 ὅτι
774 1058 1073 1131 ἐλυπήθητε
1118 1061 1190 1126 εἷς
1230 1060 1281 1099 ⁹⁴
1337 1060 1622 1137 μετάνοιαν
1669 1062 1739 1120 9⁵.
1780 1086 1811 1121 1)
1853 1061 2003 1144 ⁶¹Ορα

2112 1061 2417 1118 contristati
2463 1061 2614 1130 estis,
2657 1084 2683 1110 υ
2728 1060 2879 1133 (quid
2932 1061 3082 1117 enim
3138 1060 3272 1116 lucri
3320 1060 3452 1117 mihi
3502 1061 3713 1118 accedit

403 1144 493 1219 δὲ,
523 1150 634 1215 πῶς
672 1149 732 1207 τὸ
776 1148 871 1224 μὲν
903 1150 1144 1218 λυπῆσαι
1284 1149 1581 1232 Ἐπιστολῇ
1632 1151 1946 1224 ἀνατίθησιν
1982 1171 1998 1185 ⁸

2111 1165 2176 1205 ex
2203 1166 2269 1205 eo
2298 1149 2451 1223 quod
2478 1165 2577 1207 vos
2622 1150 2959 1217 moereatis?)
3006 1171 3033 1199 ι
3077 1149 3176 1206 sed
3210 1150 3338 1222 quia
3376 1151 3713 1207 constristatl

402 1236 578 1295 οὐκέτι
608 1237 663 1295 δὲ
701 1236 877 1316 λέγει,
922 1238 1333 1321 ὅτιὨφέλησεν
1378 1244 1546 1317 ὑμᾶς·
1592 1240 1619 1299 δ
1648 1241 1740 1300 καὶ
1777 1233 1842 1315 ἦν
1874 1245 2004 1313 ἄλη-

2109 1240 2242 1295 estis
2284 1239 2354 1296 ad
2383 1239 2784 1311 paenitentiam.
2837 1262 2863 1289 »
2913 1238 3150 1295 Observa
3193 1247 3379 1296 autem
3428 1240 3710 1312 quomodo

403 1325 487 1393 θές
538 1350 552 1363 ·
604 1327 745 1387 ἀλλὰ
776 1332 871 1400 τῆς
922 1329 1137 1388 ἐκείνων
1191 1332 1383 1410 ἀρετῆς
1433 1329 1492 1387 τὸ
1543 1339 1771 1411 πρᾶγμα
1834 1342 1994 1393 ποιεῖ.

2108 1327 2386 1385 tristitiam
2415 1329 2679 1401 Epistolas
2712 1327 2987 1398 attribuit,
3018 1338 3070 1384 et
3100 1344 3215 1385 non
3245 1327 3406 1396 dicit,
3437 1329 3586 1401 quod
3611 1345 3714 1385 v0-

403 1413 591 1491 Ὑμεῑς
642 1416 778 1498 γὰρ,
813 1417 1006 1499 φησὶν,
1036 1419 1377 1497 ἐλυπήθητε]
1434 1419 1734 1494 ἐλυπήθητε
1777 1422 1831 1480 δὲ
1861 1422 2001 1481 κατὰ

2115 1418 2195 1473 bis
2225 1417 2495 1491 profuerit
2523 1418 2601 1484 (id
2626 1418 2774 1491 quod
2814 1434 3008 1474 verum
3037 1418 3193 1491 erat),
3224 1417 3322 1474 sed
3352 1418 3575 1475 illorum
3600 1418 3714 1474 vir-

403 1505 564 1567 Θεόν.
2108 1508 2214 1563 tuti
2249 1522 2371 1564 rem
2418 1506 2655 1563 ascribit.
2700 1509 2814 1563 Vos
2866 1507 3034 1574 enim,
3082 1507 3281 1579 inquit,
3334 1530 3361 1557 ιι
3403 1508 3714 1565 contristati

2107 1596 2238 1652 estis
2269 1614 2283 1651 :
2312 1596 2621 1652 contristati
2652 1603 2837 1654 autem
2866 1597 2997 1652 estis
3024 1596 3325 1653 secundum
3368 1600 3578 1653 Deum.
3614 1620 3639 1646 ι.

495 1705 523 1741 (ι
546 1684 669 1745 Ἵνα
698 1688 752 1744 ἐν
786 1685 974 1764 μηδενὶ
1005 1687 1057 1754 ἐξ
1100 1691 1254 1761 ἡμῶν
1286 1691 1610 1765 ζημιωθῆτε.
1644 1718 1670 1742 ν
1698 1687 1997 1766 Ἐπιτιμη-

2188 1708 2212 1733 α
2248 1686 2331 1741 Ut
2365 1685 2424 1741 in
2460 1684 2613 1741 nullo
2651 1684 3050 1742 detrimentum
3081 1685 3367 1756 patiamini
3395 1701 3428 1742 a
3468 1684 3649 1742 nobis.
3680 1706 3707 1738 ι)

402 1773 602 1849 θέντες,
632 1776 780 1855 φησὶ,
811 1776 940 1858 παρ’
971 1781 1155 1850 ἡμῶν,
1190 1778 1489 1851 ἐλυπήθητε
1528 1777 1669 1837 κατὰ
1697 1781 1835 1839 Θεὸν
1856 1824 1871 1851 ,
1904 1780 1994 1839 καὶ

2117 1774 2404 1847 Objurgati
2423 1791 2453 1831 a
2480 1773 2662 1843 nobis,
2687 1776 2889 1847 inquit,
2919 1774 3223 1830 contristati
3251 1776 3385 1831 estis
3406 1775 3713 1832 secundum

402 1864 582 1923 λοιπὸν
606 1867 701 1923 οὐκ
733 1865 1063 1942 ἐζημιώθητε
1106 1869 1234 1948 παρ’
1277 1871 1430 1945 ἡμῶν
1473 1868 1525 1925 ἐν
1568 1869 1759 1929 οὐδενί.
1797 1869 2003 1935 Πάντες

2078 1882 2083 1928 ;
2113 1866 2315 1931 Deum,
2349 1880 2412 1920 ac
2441 1864 2498 1919 in
2522 1864 2671 1920 nulla
2703 1879 2868 1935 porro
2898 1880 2958 1920 re
2994 1880 3025 1919 a
3058 1862 3217 1920 nobis
3248 1864 3362 1920 laesi
3404 1864 3559 1932 estis,
3610 1864 3710 1920 da-

403 1952 525 2033 γὰρ,
572 1954 665 2014 καὶ
704 1954 862 2021 αὐτὸς
910 1959 937 2013 ὃ
965 1955 1034 2014 τὰ
1072 1954 1280 2035 ἔσχατα
1317 1957 1645 2038 ἡμαρτηκὼς
1679 1959 1771 2017 καὶ
1800 1982 2000 2041 πεπορ-

2109 1968 2372 2009 mnumve
2408 1954 2573 2025 passi.
2616 1955 2825 2010 Omnes
2861 1953 3009 2009 enim
3037 1968 3156 2020 vos,
3192 1960 3357 2025 atque
3401 1952 3570 2009 etiam
3596 1953 3712 2024 ipse

400 2050 636 2116 νευκώς,
697 2043 1051 2117 ἐϐελτιώθητε
1102 2044 1176 2106 ³⁸.
1230 2044 1301 2105 εΟ
1347 2045 1452 2125 γὰρ
1512 2048 1829 2116 διδάσκαλος
1882 2047 2004 2106 τότε

2111 2042 2209 2115 qui
2253 2050 2501 2100 extreme
2547 2042 2853 2115 deliquerat
2894 2059 2991 2115 per
3035 2040 3483 2110 fornicationem,
3525 2057 3713 2099 mores

401 2137 581 2209 ζημιοῖ
610 2132 697 2191 τὸν
738 2135 1019 2210 μαθητὴν,
1046 2133 1172 2193 ὅταν
1203 2136 1584 2217 ἁμαρτάνοντα
1634 2135 1709 2215 μὴ
1752 2141 1999 2217 ἐπιτιμᾷ.

2113 2140 2325 2188 vestros
2363 2131 2695 2189 correxistis.
2740 2134 3057 2204 Praeceptor
3093 2132 3246 2188 enim
3294 2140 3412 2188 tum
3440 2131 3711 2204 discipulo

404 2224 474 2283 Εἰ
500 2221 603 2304 γὰρ
633 2223 931 2301 ἐπετιμήθη
950 2268 966 2298 ,
998 2223 1193 2305 ἔμελλε
1224 2228 1500 2305 κερδᾶναι.
1587 2236 1604 2303 3

2110 2219 2381 2277 damnum
2428 2220 2612 2289 infert,
2658 2221 2877 2295 quando
2920 2220 3332 2292 delinquentem
3369 2236 3483 2277 non
3527 2220 3713 2294 objur-

2112 2318 2224 2383 gat.
2270 2314 2415 2367 Nam
2465 2312 2509 2367 si
2552 2310 2873 2385 objurgatus
2926 2319 3089 2379 esset,
3120 2310 3308 2382 ipsiin
3354 2311 3569 2367 lucrum
3616 2326 3711 2367 ce-

2112 2396 2286 2454 deret.

483 2501 507 2528 «
556 2474 625 2536 Ἦ
656 2475 759 2556 γὰρ
789 2474 928 2535 κατὰ
974 2476 1114 2537 Θεὸν
1163 2477 1304 2549 λύπη
1360 2478 1645 2556 μετάνοιαν
1700 2480 1774 2546 εἷς
1824 2503 2003 2553 σωτη-

2185 2490 2368 2545 Vsus.
2414 2494 2499 2545 10.
2536 2508 2562 2542 ‹‹
2593 2488 2831 2564 Tristitia
2862 2503 3103 2561 namque
3140 2503 3264 2561 quae
3296 2495 3381 2545 est
3407 2485 3710 2543 secundum

405 2565 521 2647 ρίαν
571 2565 979 2643 ἀμεταμέλητον
1026 2568 1411 2646 κατεργάζεται
1441 2587 1454 2601 ⁸
1490 2573 1526 2642 ἡ
1575 2568 1628 2628 δὲ
1659 2575 1750 2628 τοῦ
1799 2570 2004 2646 κόσμου

2113 2579 2315 2644 Deum,
2357 2579 2739 2650 paenitentiam
2784 2578 2852 2635 ad
2893 2579 3129 2634 salutem
3160 2577 3306 2634 haud
3336 2576 3710 2650 poenitendam

403 2653 547 2724 λύπη
597 2653 820 2713 θάνατον
871 2655 1272 2734 κατεργάζεται.
1319 2685 1344 2711 ιο
1391 2658 1693 2737 Φιλοσοφεῖ
1741 2657 1862 2738 περὶ
1910 2665 2005 2731 τῆς

2111 2676 2366 2739 Operatur
2399 2686 2411 2722 :
2454 2668 2648 2724 mundi
2678 2682 2805 2724 vero
2835 2667 3061 2723 tristitia
3091 2675 3334 2723 mortem
3363 2674 3644 2738 operatur.
3682 2688 3708 2715 ι

402 2742 618 2820 λύπης,
677 2744 769 2802 καὶ
825 2743 1083 2803 δείκνυσιν
1137 2745 1218 2805 ὅτι
1282 2747 1376 2805 οὐκ
1428 2746 1503 2805 ὶεὶ
1536 2746 1699 2805 κακὸν
1740 2752 1774 2819 ἡ
1820 2747 2000 2826 λύπη,

2113 2756 2538 2829 Philosophatur
2565 2756 2635 2813 de
2666 2773 2923 2826 moerere,
2947 2755 3246 2813 ostendens
3265 2754 3416 2829 quod
3438 2770 3549 2811 non
3569 2770 3713 2811 sem-

404 2835 522 2891 ἀλλ’
557 2831 684 2892 ὅταν
722 2835 862 2893 κατὰ
912 2836 1116 2912 κόσμου
1144 2835 1226 2916 [
1259 2835 1500 2918 κάστὸν]
1546 2836 1801 2916 γίνηται,
1848 2862 2001 2897 τουτ-

2113 2860 2209 2917 per
2254 2846 2326 2901 sit
2369 2846 2533 2903 noxia
2592 2862 2681 2903 res
2722 2861 2952 2913 mceror,
2997 2845 3093 2902 sed
3142 2845 3360 2918 quando
3408 2843 3713 2901 secundum

402 2922 517 2981 ἐστι
535 2968 553 2998 ,
582 2922 669 2981 διὰ
699 2923 958 3004 χρήματα
980 2971 996 3000 ,
1022 2925 1109 2982 διὰ
1142 2924 1325 2998 δόξαν,
1348 2924 1438 2984 διὰ
1474 2925 1594 2993 τοὺς
1626 2929 1999 2994 τελευτῶντας.

2112 2936 2384 2991 mundum
2427 2935 2543 3005 ﬁat,
2597 2935 2703 2992 hoc
2743 2944 2825 2992 est
2884 2944 3109 3007 propter
3167 2933 3444 3007 pecunias,
3490 2942 3714 3005 propter

404 3010 556 3085 Αὕτη
608 3011 712 3094 γὰρ
774 3012 999 3071 θάνατον
1051 3014 1471 3093 κατεργάζεται,
1520 3016 1734 3083 πάντως
1775 3015 1870 3094 μὲν
1915 3017 2002 3075 τὸν

2111 3024 2362 3095 gloriam,
2395 3033 2617 3096 propter
2635 3033 2906 3080 mortuos.
2940 3027 3051 3080 Ista
3073 3024 3224 3080 enim
3252 3032 3488 3079 mortem
3517 3021 3711 3091 efﬁcit,

403 3101 672 3182 ψυχικὸν,
726 3100 984 3169 πολλάκις
1034 3100 1088 3161 δὲ
1132 3104 1223 3162 καὶ
1274 3103 1362 3163 τὸν
1411 3104 1714 3181 σωματικόν
1749 3123 1765 3140 ⁸
1814 3105 2003 3165 πολλοὶ

2080 3162 2083 3188 ,
2112 3113 2339 3170 omnino
2368 3114 2592 3185 quidem
2622 3114 2846 3185 animae,
2875 3128 3257 3184 saepenumero
3286 3121 3473 3169 autem
3504 3119 3559 3167 et
3586 3128 3712 3169 cor-

402 3192 502 3269 γὰρ
534 3192 619 3249 διὰ
663 3195 837 3249 ταῦτα
868 3189 1165 3251 ἀπώλοντο.
1220 3192 1323 3254 Διὰ
1374 3191 1553 3268 μέντοι
1600 3194 1693 3260 τὰς
1737 3194 2004 3273 ἁμαρτίας

2115 3203 2259 3274 poris
2302 3221 2315 3259 :
2347 3201 2496 3259 haud
2526 3204 2682 3276 pauci
2708 3203 2862 3259 enim
2896 3202 2968 3259 ob
3002 3203 3101 3259 bas
3127 3218 3215 3259 res
3244 3203 3544 3274 perierunt.
3574 3204 3710 3257 Pro-

401 3281 682 3339 λυπεῖσθαί
730 3304 810 3348 τις
860 3280 1060 3354 θέλων,
1107 3282 1248 3340 κατὰ
1297 3282 1434 3342 Θεὸν
1481 3284 1762 3342 λυπεῖταιο
1808 3284 1867 3341 τὸ
1901 3284 2003 3363 γὰρ

2113 3298 2232 3362 pter
2266 3299 2485 3362 peccata
2514 3308 2645 3348 vero
2684 3292 2728 3347 si
2770 3292 2895 3365 quis
2936 3290 3168 3347 libenter
3207 3289 3478 3358 tristatur,
3517 3305 3713 3346 secun-

403 3371 685 3451 φάρμακον
752 3374 908 3429 τοῦτο
957 3372 1087 3450 πρὸς
1145 3370 1346 3443 ταύτην
1422 3370 1519 3444 τὴν
1573 3372 1724 3431 νόσον
1782 3372 2003 3452 ἁρμόζει

2110 3378 2247 3435 dum
2298 3384 2479 3437 Deum
2526 3381 2902 3437 contristatur.
2947 3381 3223 3437 Medicina
3277 3380 3427 3436 enim
3478 3379 3598 3435 haec
3643 3377 3715 3436 ad

406 3460 605 3534 μόνην,
665 3458 934 3541 σωτηρίαν
999 3462 1407 3537 ἀμεταμέλητον
1439 3460 1492 3499 9⁷
1544 3462 2001 3541 κατεργαζόμενον

2112 3469 2254 3525 hanc
2293 3470 2680 3541 aegritudinem
2729 3471 2907 3527 solam
2947 3469 3290 3537 commodat,
3338 3470 3488 3525 haud
3535 3469 3712 3541 paeni-

403 3548 603 3624 (οὗδεὶς
650 3548 752 3629 γὰρ
797 3552 988 3607 ἑαυτοῦ
1024 3549 1417 3627 καταγινώσκει
1448 3550 1535 3608 ἐπὶ
1587 3550 1872 3631 ἁμαρτίαις
1917 3553 2007 3608 λυ-

2111 3559 2332 3615 tendam
2358 3560 2591 3615 salutem
2617 3559 2863 3615 efﬁciens
2892 3560 3077 3631 (nemo
3101 3559 3249 3616 enim
3276 3559 3441 3629 281
3470 3558 3713 3630 seipsum

402 3639 713 3718 πηθέντος),
767 3638 859 3697 καὶ
915 3638 1141 3718 ἁρπάζει
1169 3639 1219 3675 9⁸
1264 3642 1325 3698 ἐκ
1372 3646 1464 3701 τοῦ
1502 3643 1731 3721 ψυχικοῦ
1774 3641 2003 3699 θανάτου

2109 3647 2445 3704 condemnat
2474 3650 2677 3719 peccati
2699 3648 2925 3704 nomine
2943 3648 3368 3715 contristatum),
3404 3646 3714 3703 hominem-

404 3726 493 3786 τὸν
525 3727 823 3807 ἄνθρωπον.

2111 3753 2221 3809 que
2244 3754 2273 3793 a
2304 3746 2483 3793 morte
2508 3738 2714 3793 animae
2736 3737 2917 3808 eripit.

492 3844 516 3869 α
552 3817 689 3877 Ἰδοὺ
720 3819 823 3897 γὰρ
873 3818 1002 3877 αὐτὸ
1045 3818 1103 3877 τὸ
1154 3818 1293 3878 κατὰ
1338 3818 1479 3879 Θεὸν
1519 3822 1819 3891 λυπηθῆναι
1862 3822 2003 3896 ὖμᾶς

2182 3829 2364 3883 Vsus.
2414 3834 2499 3883 ll.
2542 3850 2566 3875 ‹‹
2609 3829 2749 3883 Ecce
2792 3826 2943 3882 enim
2986 3825 3135 3897 quod
3184 3824 3490 3882 secundum
3526 3828 3710 3880 Deum

403 3905 573 3979 πόσην
618 3908 1011 3987 κατειργάσατο
1060 3910 1111 3965 ἐν
1169 3912 1292 3985 ὑμῖν
1340 3909 1603 3983 σπουδήν.
1658 3936 1683 3962 ιι
1733 3910 1852 3969 Οὐκ
1911 3907 2004 3965 ἀπ’

2111 3916 2417 3973 contristati
2456 3916 2655 3987 fuistis,
2689 3924 2957 3988 quantam
2997 3915 3054 3970 in
3083 3914 3237 3972 vobis
3273 3914 3464 3987 genuit
3503 3911 3710 3969 sollici-

404 3996 623 4069 ἄλλων,
680 3996 840 4077 φησὶ,
894 3997 1135 4075 δείκνυμι
1184 4003 1279 4071 τῆς
1323 3997 1465 4057 κατὰ
1518 3997 1657 4058 Θεὸν
1704 3996 1875 4068 λύπης
1908 3996 2003 4068 τὴν

2111 4005 2383 4062 tudinem.
2424 4030 2447 4055 ι
2494 4007 2618 4062 Non
2658 4004 2902 4073 aliunde,
2934 4005 3134 4076 inquit,
3183 4004 3504 4061 demonstro
3548 4018 3707 4059 com-

403 4086 698 4167 ὠφέλειαν,
743 4086 865 4145 ἀλλ’
915 4087 1023 4146 ἀπὸ
1078 4090 1182 4147 τῶν
1214 4088 1336 4147 καθ’
1383 4090 1544 4162 ὑμᾶς.
1589 4091 1672 4148 Οὖ
1707 4089 1865 4164 μόνον
1895 4087 2001 4167 γὰρ

2112 4095 2446 4153 moditatem
2478 4111 2543 4152 ex
2580 4094 2802 4152 tristitia
2830 4094 3137 4150 secundum
3173 4096 3354 4150 Deum
3397 4092 3715 4164 provenien-

403 4176 462 4234 οὗ
511 4175 906 4252 μετεμελήθητε
954 4176 1033 4236 ὅτι
1079 4177 1413 4252 ἐλυπήθητε,
1462 4178 1600 4238 ἀλλὰ
1659 4179 1863 4255 μᾶλλον
1908 4178 2001 4236 καὶ

2110 4192 2247 4250 tem,
2287 4185 2386 4242 sed
2424 4202 2492 4242 ex
2536 4185 2701 4241 rebus
2743 4182 2950 4240 vestris.
2996 4184 3124 4239 Non
3163 4191 3384 4240 tantum
3428 4182 3573 4238 enim
3600 4197 3714 4238 non

405 4267 804 4346 σπουδαιότεροι
841 4265 1108 4345 γεγόνατε.

2112 4275 2369 4347 paenituit
2394 4290 2490 4331 vos
2526 4274 2677 4347 quod
2706 4271 3014 4329 contristati
3058 4272 3290 4340 fueritis,
3323 4288 3519 4330 verum
3544 4271 3712 4328 etiam

2114 4364 2479 4422 studiosiores
2508 4362 2637 4419 facti
2666 4363 2817 4419 estis.

490 4471 515 4496 α
576 4444 715 4505 Ἀλλ’
770 4446 1081 4526 ἀπολογίαν.
1125 4472 1150 4497 ι
1202 4444 1345 4527 Πρὸς
1394 4445 1513 4524 ἐμέ.
1572 4445 2000 4523 Ἀπελογήσασθε
2040 4514 2076 4527 Α

2190 4478 2217 4503 ι
2252 4454 2363 4511 Sed
2405 4452 2800 4510 defensionem.
2843 4476 2869 4501 ι
2918 4455 3063 4525 Erga
3101 4468 3212 4508 me.
3258 4450 3512 4507 Excusati
3568 4451 3715 4507 enim

403 4534 507 4613 γάρ
538 4559 628 4610 μοι
656 4533 708 4571 99
739 4534 825 4593 διὰ
854 4514 1277 4613 τ’ἧξμετανοίαςί
1423 4514 1434 4524 ·
1774 4514 1785 4523 '
1822 4514 1831 4520 Ι

1774 4514 1785 4523 ’
1822 4514 1831 4520 1
2035 4514 2079 4577 C
2112 4544 2259 4616 apud
2297 4561 2387 4602 me
2411 4545 2562 4611 estis,
2591 4543 2719 4616 quia
2744 4514 3067 4615 resipuistis.

490 4648 522 4680 ct
550 4624 688 4683 Ἀλλ’
717 4625 1105 4703 ἀγανάκτησιν.
1140 4652 1165 4679 ι
1206 4626 1350 4707 Πρὸς
1381 4625 1798 4708 πεπορνευκότα.

2189 4656 2217 4682 κ
2257 4633 2361 4690 Sed
2407 4632 2860 4705 indignationem.
2898 4655 2923 4681 ιι
2970 4634 3105 4703 Erga
3141 4644 3270 4686 eum
3293 4629 3385 4701 qui
3413 4627 3714 4685 fornicatus

2114 4731 2255 4779 erat.

496 4823 524 4859 «ι
552 4800 714 4863 Ἀλλὰ
767 4801 950 4884 φόϐον.
974 4831 1000 4857 ιι
1035 4804 1152 4883 Πρὸ
1181 4803 1278 4883 ἐμέ
1304 4827 1317 4840 ·
1348 4803 1515 4885 φόϐου
1556 4803 1659 4886 γὰρ
1703 4795 1764 4877 ἦν
1814 4807 1847 4877 ἡ
1880 4828 2001 4864 τοσ-

2188 4835 2215 4861 ‹ι
2257 4811 2365 4870 Sed
2404 4812 2688 4869 timorem.
2740 4813 2886 4884 Erga
2937 4825 3025 4867 me
3070 4826 3084 4864 :
3132 4808 3352 4865 timoris
3398 4807 3548 4865 enim
3593 4812 3712 4863 erat

406 4892 545 4964 αύτη
576 4893 667 4951 καὶ
694 4891 835 4952 οὕτω
853 4900 1044 4972 ταχεῖα
1078 4893 1094 4927 ⁴
1131 4892 1418 4972 διόρθωσις.

2112 4909 2269 4959 tanta
2310 4902 2554 4975 adeoque
2589 4900 2784 4959 festina
2813 4901 3108 4957 correctio.

492 5005 523 5037 at
558 4980 700 5041 Ἀλλ’
729 4982 1066 5055 ἐπιπόθησιν.
1107 5008 1132 5035 ι
1161 4983 1310 5063 Πρὸς
1354 4982 1470 5061 ἐμέ.
1506 4981 1696 5045 Εἰπὼν
1726 4983 1781 5042 δὲ
1810 4982 1998 5065 φόϐον,

2191 5011 2219 5045 ς(
2248 4991 2357 5048 Sed
2376 4990 2790 5049 desiderium.»
2824 4992 2967 5063 Erga
3000 5005 3109 5046 me.
3140 4990 3285 5046 Cum
3299 4995 3484 5044 autem
3504 4991 3715 5042 metum

406 5070 492 5129 ἵνα
523 5069 599 5149 μὴ
632 5071 756 5153 δόξῃ
791 5076 1054 5131 αὐθεντεῖν
1076 5115 1093 5144 ,
1141 5072 1415 5148 συντόμως
1464 5072 1842 5151 διωρθώσατο,
1886 5077 2002 5133 ἐπι-

2115 5080 2361 5150 dixisset,
2402 5095 2472 5138 ne
2512 5089 2801 5153 putaretur
2846 5081 2954 5136 ista
2982 5095 3049 5135 ex
3093 5076 3422 5135 auctoritate
3467 5073 3713 5149 quadam

407 5159 633 5235 πόθησιν
681 5161 847 5221 εἰπών
875 5185 888 5199 ·
936 5162 1066 5242 ὅπερ
1102 5161 1416 5221 ἐνδεικτικὸν
1464 5160 1710 5241 ἀγάπης,
1743 5164 1837 5222 οὒκ
1868 5162 2006 5232 ἐξου-

2117 5171 2372 5244 suiipsius
2429 5171 2628 5241 dicere,
2680 5171 2861 5227 statim
2904 5167 3165 5235 correxit,
3221 5164 3566 5223 desiderium
3630 5164 3714 5219 in-

409 5249 547 5319 σίαςο
2118 5262 2318 5335 quiens
2361 5280 2376 5320 :
2420 5260 2569 5334 quod
2593 5259 2901 5328 charitatis,
2946 5272 3059 5314 non
3087 5254 3373 5329 potestatis
3398 5261 3518 5311 erat
3561 5252 3715 5310 indi—

494 5458 520 5484 ι
546 5428 712 5491 Ἀλλὰ
749 5432 926 5504 ζῆλον.
963 5456 988 5483 ι
1024 5431 1134 5492 Τὸν
1163 5430 1422 5513 ὗπὲρξῖτοῢ
1450 5433 1617 5493 Θεοῦ.
1650 5468 1657 5474 -
2122 5377 2126 5398 4

2122 5367 2295 5409 cium.

1585 5437 1617 5493 ί.
1650 5468 1657 5474 ·
2200 5463 2224 5491 ι
2268 5437 2376 5499 Sed
2406 5438 2835 5497 aemulationem.
2871 5460 2898 5487 ι
2941 5438 3050 5493 Pro
3080 5436 3217 5492 Deo.

1820 5539 2005 5601 Variae
2048 5540 2351 5601 lectiones.

412 5718 427 5752 1
479 5635 525 5670 ⁹⁴
576 5636 696 5707 πρὸς
733 5652 789 5693 0.
866 5635 911 5672 ⁵⁵
955 5636 1287 5710 μεταμέλειαν
1339 5652 1421 5696 m.
1495 5636 1541 5671 κ
1596 5636 1963 5707 ἐὸελτιώθησαν
2004 5653 2076 5713 _0.
2153 5639 2195 5673 9"
2253 5638 2594 5709 ἀμετανόητον
2622 5654 2685 5694 0.
2764 5636 2808 5671 ⁸⁸
2864 5636 3082 5707 ἁρπάζον
3133 5649 3185 5691 0.
3264 5630 3307 5666 ⁹⁹
3363 5631 3481 5703 πρὸς
3508 5630 3595 5704 ἐμὲ
3657 5646 3713 5686 0.

467 5737 589 5773 τραγ
602 5720 682 5771 εἴα
711 5733 772 5773 ο.

497 5738 682 5789 ραχεια
711 5738 772 5773 ο.

704 5808 937 5865 ΡΑτκοῐ..
979 5808 1076 5863 Gn.
1118 5807 1336 5863 CXXIV.

3338 5807 3408 5859 28
