4134 6428
474 426 575 479 875

1498 413 2009 469 THEOPHYLACTI
2049 411 2407 468 BULGARL/E
2443 415 2754 470 ARCHIEP.

3675 410 3777 462 876

546 570 571 594 ει
613 545 721 602 Sed
762 543 1085 600 vindictam.
1131 565 1157 592 ι
1201 542 1421 613 Legum
1448 539 1548 596 Dei
1595 558 1608 594 :
1641 540 1775 595 istas
1803 539 1951 596 enim
1979 539 2066 594 in-

2174 594 2178 604 .
2265 561 2293 596 ex
2327 539 2466 599 Ἀλλ’
2497 539 2814 613 ἐκδίκησινῖ
2842 566 2867 592 υ
2901 535 3160 617 Τῶνῖτοῦ
3186 539 3333 598 Θεοῦ
3371 534 3546 608 νόμων
3571 554 3586 568 ·
3614 531 3778 601 ἐξεδί-

463 635 669 706 juriam
700 650 887 707 passas
930 632 1352 688 ulciscebantur.

549 749 573 774 «ι
616 727 680 780 In
705 724 964 780 omnibus
989 721 1310 778 exhibuistis
1339 737 1436 776 vos
1465 721 1927 776 incontaminatos
1955 735 2073 775 esse

471 816 530 870 in
553 815 798 887 negotio.
835 837 860 862 υ
884 816 1006 870 Non
1036 813 1238 877 solum,
1265 810 1463 881 inquit,
1490 809 1625 865 nihil
1648 810 1754 866 tale
1774 809 1903 865 estis
1931 808 2070 876 ausi,

473 905 634 976 quale
668 903 963 960 fornicator
1001 903 1124 969 iste,
1175 901 1270 957 sed
1312 915 1489 971 neque
1533 899 1790 956 Oblectati
1840 899 1968 955 estis
2015 899 2071 955 in

473 994 588 1050 illo.
618 995 757 1064 Quia
786 993 936 1049 enim
977 992 1032 1048 in
1061 992 1243 1064 priore
1272 991 1512 1063 Epistola
1542 990 1775 1057 dixerat,
1823 1013 1846 1038 ε
1877 992 1950 1046 Et
1975 1005 2072 1045 vos

475 1083 652 1139 inﬂati
678 1084 810 1139 estis
842 1105 866 1131 ιι
901 1083 974 1149 (id
1019 1081 1169 1154 quod
1200 1097 1296 1137 eos
1325 1081 1503 1136 socios
1544 1078 1919 1135 constituebat
1948 1095 2070 1135 sce-

473 1173 641 1242 leris),
674 1174 859 1241 talem,
889 1172 1086 1245 inquit,
1109 1172 1229 1244 jam
1256 1187 1403 1226 nunc
1427 1170 1798 1242 suspicionem
1823 1169 1890 1225 de
1916 1167 2072 1224 vobis

467 1262 783 1332 detrivistis,
825 1262 1354 1333 demonstrastisque
1390 1277 1487 1317 vos
1527 1275 1646 1317 esse
1673 1275 1841 1332 puros
1869 1259 1939 1315 ab
1971 1258 2072 1314 hac

469 1352 920 1426 reprehensione.

544 1529 728 1584 Vnus.
761 1531 848 1582 12.
879 1548 906 1575 α
936 1525 1110 1598 Igitur
1132 1524 1340 1582 etiamsi
1368 1523 1558 1598 scripsi
1591 1522 1762 1590 vobis,
1793 1539 1909 1580 non
1937 1539 2070 1596 pro—

472 1624 598 1690 pter
646 1633 774 1674 eum
825 1617 921 1690 qui
982 1615 1112 1672 fecit
1163 1615 1444 1687 injuriam,
1495 1631 1598 1672 nec
1664 1623 1891 1686 propter
1940 1629 2072 1670 eum

472 1707 562 1779 qui
604 1722 798 1782 passus
841 1712 945 1775 est,
987 1705 1088 1763 sed
1133 1705 1202 1762 ad
1232 1703 1695 1761 manifestandam
1735 1703 2069 1760 sollicitudi-

472 1813 601 1853 nem
649 1805 901 1854 nostram
927 1811 1096 1868 quam
1138 1795 1408 1852 habemus
1452 1811 1552 1867 pro
1589 1794 1748 1850 vobis
1790 1809 1922 1864 erga
1971 1807 2069 1849 vos
2099 1837 2150 1902 Β

470 1903 657 1943 coram
688 1891 825 1943 Deo.
861 1910 888 1937 η
933 1889 1016 1943 Ne
1052 1886 1242 1942 dicant
1268 1886 1338 1953 ei,
1366 1884 1514 1957 Quid
1552 1885 1720 1956 igitur
1747 1884 2069 1955 increpabas

471 1992 594 2044 nos,
633 1977 677 2032 si
707 1977 766 2032 in
809 1977 916 2033 hoc
954 1974 1179 2048 negotio
1209 1974 1630 2032 incontaminati
1659 1975 1916 2030 eramus?
1947 1971 2024 2028 ait
2056 1993 2068 2029 :

471 2068 708 2122 Tantam
733 2065 906 2122 habeo
935 2067 1171 2137 gratiam
1202 2064 1397 2120 litteris
1427 2064 1555 2131 illis,
1586 2079 1690 2119 nec
1734 2062 1962 2134 poenitet
1983 2077 2072 2118 me

473 2154 899 2227 objurgationis,
946 2163 1007 2210 ut
1046 2153 1214 2209 etiam
1253 2152 1460 2220 dicam,
1501 2152 1649 2225 quod
1692 2160 1918 2225 propter
1964 2151 2071 2208 hoc

474 2244 658 2315 ipsum
685 2244 805 2301 haec
827 2243 1161 2315 scripserim,
1193 2251 1257 2299 ut
1276 2240 1494 2299 dilectio
1522 2258 1646 2298 mea
1682 2250 1736 2298 et
1763 2241 2072 2298 sollicitudo

471 2349 594 2389 mea
631 2349 733 2404 pro
775 2332 933 2389 vobis
977 2331 1367 2389 manifestetur
1407 2347 1536 2404 erga
1578 2347 1674 2388 vos
1704 2347 1896 2387 coram
1925 2333 2068 2399 Deo,

468 2421 576 2478 hoc
603 2431 687 2479 est
723 2423 1060 2494 inspectante
1088 2425 1231 2491 Deo,
1273 2421 1424 2494 quod
1455 2437 1581 2478 vera
1619 2422 1710 2477 sit.
1748 2421 2068 2478 Metuabam

469 2513 623 2568 enim
651 2529 721 2568 ne
739 2513 793 2568 in
819 2528 917 2569 vos
942 2528 1160 2586 quoque
1187 2512 1497 2584 perveniret
1515 2511 1856 2585 contagium.
1887 2513 2068 2582 Quem

468 2610 654 2658 autem
701 2603 835 2659 dicit
872 2602 1133 2675 injuriam
1163 2603 1430 2670 intulisse,
1475 2609 1528 2659 et
1569 2601 1765 2674 injuria
1804 2599 2068 2657 affectum

471 2695 633 2748 esse?
660 2695 770 2748 Eos
790 2693 888 2764 qui
915 2690 1174 2749 fornicati
1207 2699 1366 2748 erant
1397 2709 1411 2746 :
1441 2692 1657 2763 utrique
1686 2690 1831 2747 enim
1861 2705 1920 2747 se
1949 2706 2071 2745 mu-

468 2787 568 2838 tuo
604 2780 802 2853 injuria
829 2779 1147 2837 affecerunt.
1177 2780 1469 2850 Quomodo
1513 2790 1702 2836 autem
1744 2779 1897 2846 dicit,
1942 2782 2069 2836 Non

469 2877 696 2940 propter
718 2869 824 2926 hos
856 2869 1082 2942 scripsi?
1111 2871 1234 2925 Hoc
1259 2879 1365 2937 est,
1404 2869 1595 2941 scripsi
1627 2869 1872 2941 quidem,
1906 2867 2070 2939 idque

471 2967 694 3031 propter
721 2958 845 3025 hos,
872 2957 966 3015 sed
995 2974 1108 3014 non
1137 2959 1411 3030 prazcipue
1441 2966 1665 3030 propter
1695 2973 1810 3025 eos,
1846 2965 2069 3029 prOpter

469 3063 568 3103 vos
595 3063 725 3104 vero
763 3049 966 3119 potius,
995 3062 1220 3120 operam
1252 3047 1391 3103 dans
1433 3063 1503 3102 ne
1527 3055 1646 3103 tota
1685 3047 1877 3102 civitas
1904 3046 2068 3102 laede-

467 3145 619 3193 retur
651 3157 664 3193 :
696 3137 921 3209 perinde
941 3153 1004 3192 ac
1032 3153 1159 3192 cum
1189 3136 1343 3204 dicit,
1364 3140 1511 3193 Num
1544 3141 1697 3193 Deus
1719 3152 1911 3192 curam
1932 3136 2069 3209 gerit

467 3225 638 3282 boum
665 3225 682 3263 ⁸
716 3231 864 3284 ?non
892 3226 1000 3282 hoc
1031 3225 1180 3293 dicit,
1207 3225 1358 3298 quod
1386 3230 1536 3283 Deus
1563 3227 1712 3283 nulla
1741 3226 1911 3284 boum
1938 3241 2067 3282 cura
2101 3209 2146 3272 C

467 3321 723 3386 tangatur
773 3334 786 3371 :
821 3315 912 3388 qui
956 3316 1102 3371 enim
1144 3315 1350 3371 conditi
1381 3315 1648 3372 fuissent?
1694 3331 1890 3373 verum
1932 3316 2063 3390 quia

467 3414 691 3478 propter
719 3405 887 3462 boves
917 3406 1196 3478 praecipue
1226 3421 1338 3462 non
1366 3406 1544 3462 sancit
1577 3407 1739 3479 leges.

541 3497 708 3567 282
725 3499 908 3553 VEns.
941 3500 1025 3552 13.
1049 3518 1074 3544 α
1109 3499 1406 3568 Propterea
1442 3497 1880 3552 consolationem
1909 3511 2061 3552 acce-

465 3586 671 3658 pimus.
722 3608 746 3634 ι
770 3588 852 3641 Eo
876 3585 1028 3657 quod
1066 3585 1304 3643 studium
1336 3602 1524 3642 meum
1552 3585 1805 3658 apparuit
1833 3601 1934 3658 pro
1964 3603 2062 3642 vo-

464 3675 567 3745 bis,
598 3691 775 3748 neque
796 3691 920 3746 spes
947 3691 1069 3732 mea
1094 3692 1181 3732 me
1208 3675 1421 3743 fefellit,
1451 3686 1674 3748 propter
1695 3678 1822 3748 hoc,
1852 3675 2060 3748 inquit,

465 3764 768 3822 maximam
805 3765 1247 3822 consolationem
1276 3765 1481 3838 accepi.

540 3879 566 3904 «ι
605 3857 780 3928 Super
824 3855 1200 3912 consolatione
1247 3865 1435 3912 autem
1483 3863 1661 3912 vestra
1693 3855 2061 3913 abundantius

463 3945 636 4016 magis
660 3944 826 4018 gavisi
856 3960 1050 4000 sumus
1105 3961 1271 4016 super
1300 3944 1499 4016 gaudio
1519 3945 1646 4001 Titi.
1685 3969 1711 3995 υ
1743 3948 1905 4002 Nunc
1929 3962 2059 4003 vero

463 4034 535 4090 ad
559 4035 995 4090 consolationem
1021 4049 1128 4106 qua
1153 4035 1420 4089 consolati
1443 4036 1594 4104 estis,
1621 4051 1734 4104 me,
1759 4045 1821 4092 ut
1848 4036 2059 4092 dictum

465 4131 571 4190 est,
625 4123 788 4195 longe
835 4122 1015 4178 adhuc
1065 4123 1442 4179 vehementius
1483 4125 1698 4196 gavisus
1739 4141 1865 4183 sum
1899 4141 2061 4197 super

465 4211 668 4284 gaudio
692 4211 820 4267 Titi.
864 4214 974 4267 Ista
1002 4226 1130 4268 vero
1159 4212 1350 4268 laetitia
1392 4220 1448 4268 et
1471 4216 1775 4272 consolatio
1817 4231 1882 4272 ex
1907 4217 2060 4272 vobis

467 4309 573 4369 est,
603 4307 656 4356 et
680 4308 900 4372 propter
937 4317 1053 4357 vos.
1087 4302 1183 4357 Ait
1207 4317 1338 4373 ergo
1367 4301 1623 4376 deinceps
1653 4324 1666 4360 :

537 4392 713 4447 Vnus.
731 4396 817 4458 13,
840 4396 924 4446 14.
953 4391 1131 4462 «Quia
1142 4391 1380 4448 refectus
1398 4401 1480 4448 est
1491 4392 1711 4464 Spiritus
1726 4394 1845 4466 ejus
1856 4393 1923 4449 ab
1937 4409 2057 4448 om-

2182 652 2353 701 κησαν
2379 630 2404 664 ³
2427 629 2531 712 γὰρ
2558 631 2772 696 τούτους
2802 626 3170 710 ὑϐρισθέντας.

2259 733 2304 790 fa
2357 720 2452 782 Ἐν
2513 720 2672 778 παντὶ
2723 717 3081 788 συνεστήσατε
3135 713 3349 780 ἑαυτοὺς
3400 711 3591 790 ἁγνοὺς
3642 701 3776 770 εἶναι

2181 812 2234 868 ἐν
2270 813 2348 891 τῷ
2400 809 2698 890 πράγματι.
2728 831 2758 866 ι)
2814 812 2921 891 OG”
2942 806 3133 883 μόνον,
3183 805 3382 886 φησὶν,
3435 800 3583 861 οὐδὲν
3648 804 3778 876 ἡμῖν

2178 904 2410 958 τοιοῦτον
2466 898 2818 976 τετόλμηται,
2869 886 2975 956 οἷον
3039 899 3116 974 τῷ
3174 891 3557 972 πεπορνευκότι
3580 934 3598 962 ,
3659 891 3776 947 ἀλλ’

2179 989 2297 1048 οὐδὲ
2347 988 2641 1061 συνήσθητε
2683 989 2845 1066 αὐτῷ.
2900 982 3130 1056 Ἐπειδὴ
3166 981 3270 1062 γὰρ
3319 985 3372 1041 ἐν
3542 978 3778 1061 προτέρᾳ

2177 1078 2472 1159 Ἐπιστολῇ
2505 1077 2703 1157 εἰρήκει
2730 1095 2744 1108 ·
2777 1103 2800 1128 ι
2835 1074 2945 1135 Καὶ
2973 1079 3119 1152 ὑμεῖς
3143 1069 3542 1152 πεφυσιωμένοι
3572 1067 3718 1126 ἐστέ·
3755 1095 3777 1118 n

2177 1167 2307 1248 ὅπερ
2361 1158 2548 1234 αὐτοὺς
2593 1163 2870 1233 κοινωνοὺς
2901 1163 3180 1236 καθέστη⁴
3228 1159 3312 1240 [
3365 1158 3634 1248 καθίστη]
3683 1161 3774 1248 τοῦ

2177 1247 2539 1337 ἐγκλήματος·
2575 1256 2766 1339 φησὶν,
2805 1255 2886 1314 ὅτι
2929 1257 3040 1316 Νῦν
3065 1253 3159 1313 καὶ
3186 1251 3387 1324 ταύτην
3417 1247 3513 1339 τὴν
3544 1247 3775 1339 ὓποψίαν

2179 1335 2506 1428 ἀπετρίψατε
2557 1335 2648 1406 καὶ
2700 1343 2931 1415 ἐδείξατε
2976 1341 3195 1410 ἑαυτοὺς
3235 1338 3506 1420 καθαροὺς
3551 1343 3643 1398 τοῦ
3687 1335 3776 1396 ἐπὶ

2176 1438 2346 1518 τούτῳ
2379 1436 2589 1514 μώμου.

2266 1556 2291 1581 α
2328 1524 2461 1606 Ἄρα
2495 1528 2540 1585 εἷ
2583 1525 2674 1586 καὶ
2705 1522 2915 1605 ἔγραψα
2948 1525 3075 1600 ὗμῖν
3097 1569 3112 1595 ,
3161 1523 3263 1600 οὐχ
3290 1519 3463 1579 ἕνεκεν
3509 1521 3602 1606 τοῦ
3624 1604 3630 1606 _
3652 1519 3772 1577 ἀδι-

2178 1604 2476 1694 κήσαντος,
2530 1613 2647 1676 οὐδὲ
2690 1604 2863 1672 ἕνεκεν
2892 1616 2986 1672 τοῦ
3032 1610 3402 1683 ἀδικηθέντος,
3436 1605 3557 1666 ἀλλ’
3601 1604 3775 1666 ἕνεκεν

2180 1713 2269 1766 τοῦ
2324 1709 2686 1788 φανερωθῆναι
2722 1704 2820 1775 τὴν
2867 1699 3102 1774 σπουδὴν
3134 1705 3292 1788 ἡμῶν
3321 1697 3418 1770 τὴν
3463 1697 3603 1788 ὑπὲρ,
3628 1699 3776 1775 ὑμῶν

2179 1797 2306 1877 πρὸς
2338 1786 2497 1874 Ὕῦμᾶς
2529 1794 2764 1877 -ἐνώπιον
2809 1798 2899 1851 τοῦ
2947 1794 3110 1853 Θεοῦ.
3151 1811 3182 1850 n
3237 1786 3363 1849 Ἵνα
3417 1788 3494 1877 pili
3554 1787 3775 1847 εἴπωσιν

2181 1869 2324 1967 αύτῷ
2350 1907 2364 1920 ⁸
2394 1869 2478 1946 ⁷Τί
2500 1875 2590 1944 οὖν
2621 1882 2870 1960 ἐπετίμας
2898 1882 2922 1921 ⁴
2951 1885 3117 1958 ἡμῖν,
3150 1883 3196 1939 εἷ
3248 1877 3397 1957 ἁγνοὶ
3445 1869 3581 1953 ἦμεν
3613 1877 3667 1935 ἓν
3702 1879 3777 1955 τῷ

2183 1977 2500 2056 πράγματι;
2546 1975 2706 2054 φησὶν
2734 2019 2751 2051 ,
2786 1970 2866 2032 ὅτι
2911 1970 3198 2042 Τοσαύτην
3226 1971 3250 2008 δ
3303 1967 3414 2048 ἔχω
3464 1967 3622 2047 χάριν
3650 1973 3780 2056 ,τοῖς

2180 2055 2495 2146 γράμμασιν
2542 2061 2568 2098 δ
2610 2062 2851 2134 ἐκείνοις,
2900 2060 2992 2119 καὶ
3047 2061 3104 2118 οὗ
3165 2058 3539 2137 μεταμέλομαι
3583 2055 3669 2146 ἐπὶ
3709 2059 3778 2134 τῇ

2181 2141 2510 2232 ἐπιτιμήσει,
2539 2153 2677 2212 ὥστε
2701 2151 2793 2212 καὶ
2821 2152 2964 2232 λέγω
2983 2195 2998 2224 ,
3022 2151 3102 2210 ὅτι
3129 2151 3193 2208 δι’
3226 2146 3354 2207 αὐτὸ
3379 2154 3534 2206 τοῦτο
3564 2145 3773 2224 ἔγραψα

2178 2250 2349 2304 ταῦτα
2374 2289 2389 2318 ,
2421 2244 2506 2302 ἵνα
2543 2246 2571 2314 ἡ
2608 2241 2795 2320 ἀγάπη
2827 2265 2960 2319 μου,
3004 2239 3096 2298 καὶ
3124 2242 3158 2310 ἡ
3196 2237 3403 2310 σπουδή
3433 2260 3532 2313 μου
3577 2239 3611 2307 ἡ
3646 2235 3778 2314 ὑπὲρ

2180 2337 2360 2411 ὑμῶν,
2389 2336 2664 2414 φανερωθῇ
2708 2331 2838 2411 πρὸς
2881 2333 3019 2406 ὑμᾶς
3049 2328 3273 2388 ἐνώπιον
3304 2332 3396 2385 τοῦ
3427 2328 3605 2398 Θεοῦ,
3631 2348 3779 2384 τουτ-

2180 2424 2354 2496 έστιν,
2385 2425 2677 2504 ἐφορῶντος
2715 2425 2806 2480 τοῦ
2858 2420 2999 2480 Θεοῦ
3049 2417 3130 2477 ὅτι
3175 2415 3376 2489 ἀληθής
3427 2416 3590 2478 ἐστιν.
3625 2414 3779 2474 Ἐδε-

2179 2513 2368 2573 δοίκειν
2538 2510 2614 2589 μὴ
2645 2509 2738 2569 καὶ
2769 2511 2840 2576 εἰς
2890 2511 3026 2586 ὓμᾶς
3062 2507 3225 2588 διαϐῇ
3261 2511 3295 2576 ἡ
3327 2504 3498 2582 λύμη.
3555 2503 3693 2565 Τίνα
3723 2503 3778 2562 δὲ

2177 2602 2320 2682 λέγει
2368 2600 2699 2673 ἀδικήσαντα
2749 2599 2842 2658 καὶ
2897 2596 3247 2670 ἀδικηθέντα;
3302 2594 3440 2662 Τοὺς
3491 2617 3782 2674 πεπορνευ-

2178 2692 2337 2760 κότας
2369 2716 2381 2728 ·
2433 2689 2721 2771 ἀμφότεροι
2750 2688 2856 2769 γὰρ
2905 2686 3166 2759 ἀλλήλους
3213 2685 3495 2758 ἠδίκησαν.
3547 2686 3674 2750 Πῶς
3718 2684 3778 2741 δέ

2181 2805 2372 2861 φησιν,
2411 2779 2492 2838 ὅτι
2539 2781 2664 2859 Οὐχ
2702 2778 2855 2838 ἕνεκα
2905 2777 3106 2837 τούτων
3157 2775 3402 2856 ἔγραψα,
3455 2773 3772 2850 Τουτέστιν,

2179 2868 2436 2952 Ἔγραψα
2493 2868 2588 2944 μὲν
2634 2868 2725 2927 καὶ
2772 2867 2860 2927 διὰ
2890 2867 3135 2939 τούτους,
3181 2866 3300 2924 ἀλλ’
3329 2866 3388 2924 οὗ
3432 2863 3773 2952 προηγουμέ-

2178 2985 2279 3028 νως
2309 2962 2377 3018 δι’
2409 2957 2596 3026 αὐτούς
2631 2976 2644 2991 ⁸
2681 2957 2751 3016 δι’
2781 2960 2920 3034 ὑμᾶς
2967 2955 3056 3030 δὲ,
3087 2953 3401 3022 σπουδάζων
3431 2951 3518 3011 ἵνα
3553 2952 3630 3030 μὴ
3675 2951 3774 3024 ὅλη

2176 3055 2211 3122 ἡ
2241 3049 2393 3116 πόλις
2426 3047 2604 3128 βλαϐῇ
2654 3065 2670 3082 ⁶
2721 3044 2905 3126 ὥσπερ
2934 3044 3026 3105 καὶ
3081 3044 3204 3104 ὅταν
3244 3043 3389 3124 λέγει
3425 3067 3438 3080 ο
3479 3066 3507 3100 (ι
3541 3040 3632 3114 Μὴ
3670 3044 3776 3100 τῶν

2180 3143 2318 3219 βοῶν
2353 3137 2503 3216 μέλει
2546 3141 2621 3217 τῷ
2651 3138 2813 3215 Θεῷ;
2851 3161 2876 3188 ιο
2897 3136 2955 3194 οὖ
2981 3139 3135 3194 τοῦτο
3177 3132 3346 3213 λέγει,
3377 3131 3457 3191 ὅτι
3496 3132 3553 3190 οὖ
3589 3129 3742 3209 μέλει
3763 3154 3776 3167 ο

2174 3231 2284 3295 πῶς
2307 3229 2410 3307 γὰρ
2458 3227 2521 3285 ἂν
2569 3225 2934 3299 συνέστησανς
2984 3224 3102 3283 ἀλλ’
3149 3222 3230 3282 ὅτι
3274 3226 3332 3284 οὗ
3363 3221 3779 3305 προηγουμένως

2175 3317 2260 3376 διὰ
2293 3319 2413 3385 τοὺς
2443 3317 2569 3397 βόας
2591 3317 2880 3395 νομοθετεῖ.

2261 3523 2289 3557 α
2319 3498 2421 3559 Διὰ
2450 3503 2606 3556 τοῦτο
2631 3494 3112 3578 παρακεκλήμεθα.
3143 3519 3168 3545 υ
3193 3491 3398 3565 Διότιῆ
3427 3490 3634 3564 σπουδή
3657 3515 3758 3568 μου

2174 3589 2340 3670 ἐφάνη
2382 3587 2514 3668 ὑπὲρ
2565 3589 2749 3664 ὓμῶν,
2808 3587 2901 3645 καὶ
2953 3585 3012 3644 οὗ
3062 3582 3447 3665 διεψεύσθησάν
3508 3604 3610 3660 μου
3632 3581 3672 3660 ,⁷
3716 3582 3771 3639 αἱ

2173 3678 2411 3752 ἐλπίδες,
2441 3676 2530 3736 διὰ
2561 3682 2738 3751 τοῦτο,
2775 3673 2935 3757 φησὶ,
2963 3673 3309 3754 παραμυθίαν
3340 3671 3600 3751 μεγίστην
3630 3693 3770 3750 παρ-

2174 3768 2458 3845 εδεξάμην.
3748 3789 3750 3791 ’

2261 3881 2288 3915 α
2337 3856 2470 3920 Ἐπὶ
2497 3855 2552 3915 δὲ
2681 3853 3020 3936 παρακλήσει
3050 3856 3197 3932 ὑμῶν
3226 3849 3612 3933 περισσοτέρως
3632 3853 3768 3929 μᾶλ-

2173 3951 2263 4006 λον
2307 3946 2578 4026 ἐχάρημεν
2609 3943 2698 4003 ἐπὶ
2733 3949 2799 4024 τῇ
2840 3953 2988 4026 χαρᾷ
3038 3943 3222 4004 Τίτου.
3259 3967 3283 3996 ι
3319 3940 3443 4004 Νῦν
3488 3940 3544 4000 δὲ
3574 3940 3664 4000 ἐπὶ
3702 3944 3771 4020 τῇ

2173 4035 2513 4118 παρακλήσει
2542 4038 2688 4112 ὑμῶν
2786 4033 3133 4114 παρεκλήθην
3164 4034 3256 4114 ἀφ’
3297 4035 3446 4111 ὑμῶν
3472 4081 3483 4102 ,
3520 4033 3591 4099 ὣς
3620 4029 3766 4108 εἴρη-

2174 4150 2295 4200 ται,
2336 4126 2414 4185 ἔτι
2444 4124 2814 4204 περισσότερον
2867 4121 3068 4203 ἐχάρην
3115 4121 3208 4180 καὶ
3241 4119 3330 4180 ἐπὶ
3489 4129 3637 4201 χαρᾷ
3665 4119 3769 4180 Τί-

2174 4239 2264 4273 του
2293 4238 2307 4254 ο
2339 4214 2431 4273 καὶ
2456 4212 2592 4286 αὕτη
2627 4214 2682 4275 δὲ
2709 4218 2743 4285 ἡ
2773 4212 2919 4292 χαρὰ
2965 4210 3056 4270 καὶ
3102 4215 3137 4282 ἡ
3177 4209 3512 4290 παράκλησις
3541 4209 3593 4278 ἐξ
3623 4212 3769 4285 ὑμῶν

2174 4307 2287 4363 ἐστι
2307 4349 2323 4378 ,
2344 4302 2435 4362 καὶ
2466 4304 2532 4360 δι’
2562 4307 2715 4381 ὑμᾶς.
2744 4291 2926 4376 Φησὶν
2955 4291 3045 4359 οὖν
3073 4299 3206 4373 ἑξῆς·

2261 4423 2287 4448 α
2332 4390 2464 4453 Ὀτι
2508 4391 2882 4452 ἀναπέπαυται
2919 4389 2981 4449 τὸ
3021 4396 3232 4467 πνεῦμα
3281 4389 3439 4448 αὐτοῦ
3487 4385 3594 4446 ἀπὸ
3631 4385 3770 4445 πάν-

465 4479 625 4536 nibus
647 4479 816 4536 vobis.
841 4483 980 4536 Nam
998 4482 1045 4537 si
1066 4481 1215 4552 quod
1239 4481 1504 4554 gloriatus
1524 4499 1649 4538 sum
1674 4483 1774 4554 ipsi
1794 4483 1863 4540 de
1887 4483 2060 4552 vobis,

2174 4508 2276 4545 των
2307 4487 2481 4561 ὑμῶν.
2521 4482 2655 4543 "Ott
2681 4481 2730 4541 εἴ
2755 4503 2806 4541 τι
2836 4481 2983 4560 αὐτῷ
3027 4478 3375 4560 κεκαύχημαι
3424 4477 3554 4559 ὑπὲρ
3586 4480 3770 4555 ὑμῶν,

465 4586 578 4625 non
602 4586 727 4626 sum
754 4569 1095 4642 pudefactus.
1120 4593 1140 4622 ι
1175 4574 1311 4626 Eam
1337 4571 1407 4626 ob
1429 4588 1544 4627 rem
1569 4571 1898 4628 exhilaratus
1912 4589 2056 4641 sum,

465 4659 661 4731 inquit,
684 4660 835 4732 quod
864 4660 1074 4715 invenit
1105 4676 1202 4716 vos
1230 4661 1389 4716 Titus
1417 4661 1578 4730 tales,
1605 4664 1796 4734 quales
1827 4679 1928 4735 ego
1959 4663 2058 4734 ipsi

462 4748 576 4804 dixi
607 4765 704 4804 vos
728 4765 864 4804 esse.
882 4749 1118 4805 Proinde
1132 4758 1185 4804 et
1210 4750 1323 4822 ipse
1345 4762 1623 4806 recreatus
1650 4760 1752 4820 est,
1776 4768 1904 4808 cum
1929 4753 2060 4809 tales

463 4852 562 4893 vos
579 4837 863 4906 invenerit,
885 4853 1060 4910 neque
1078 4839 1380 4910 quidquam
1409 4857 1664 4912 asperum
1690 4851 1787 4897 aut
1810 4842 2060 4915 injucun-

463 4927 598 4983 dum
626 4925 729 4998 ipsi
749 4941 778 4981 a
808 4927 963 4982 vobis
988 4928 1242 4982 occurrit.
1274 4929 1432 4999 Quod
1458 4946 1583 4986 vero
1615 4932 1812 4988 Paulus
1831 4933 2056 5004 discipu-

461 5017 642 5072 lorum
679 5016 903 5073 nomine
930 5016 1207 5090 gloriatur,
1237 5017 1443 5073 indicat
1471 5020 1762 5078 virtutibus
1799 5038 1895 5079 eos
1923 5037 2054 5078 con-

460 5105 685 5176 spicuos
710 5103 897 5175 fuisse,
929 5105 1216 5179 ipsumque
1247 5107 1545 5165 liberorum
1570 5119 1874 5168 amantem.
1897 5113 2056 5168 Tales

461 5192 627 5265 igitur
665 5193 935 5267 hodieque
969 5195 1224 5252 convenit
1246 5196 1537 5269 discipulos
1560 5215 1678 5257 esse
1713 5209 1880 5273 amne
1906 5216 2053 5273 prae-

461 5291 731 5356 ceptores.

535 5395 560 5420 α
601 5374 707 5430 Sed
736 5373 876 5430 sicut
899 5377 1084 5431 omnia
1113 5377 1169 5431 in
1209 5376 1435 5433 veritate
1472 5378 1690 5435 locutus
1722 5396 1849 5436 sum
1882 5380 2053 5450 vobis,

532 5479 552 5512 ί
581 5482 604 5534 I
631 5482 758 5537 Cor.
787 5497 874 5552 Ix,
906 5489 995 5540 15.

2169 4577 2228 4634 οὗ
2283 4571 2676 4653 κατῃσχύνθην.
2715 4599 2738 4623 ι
2788 4570 2891 4632 Διὰ
2957 4573 3140 4644 τοῦτο,
3178 4567 3363 4650 φησὶν,
3416 4567 3637 4648 ἐχάρην,
3690 4564 3777 4624 ὅτι

2170 4656 2315 4743 εἷρεν
2349 4666 2484 4740 ὑμᾶς
2509 4667 2538 4722 ὁ
2565 4661 2725 4728 Τίτος
2768 4659 3060 4733 τοιούτους,
3103 4658 3238 4725 οἵους
3277 4656 3382 4736 ἐγὼ
3425 4660 3572 4738 αὐτῷ
3597 4655 3620 4691 ⁸
3651 4657 3770 4713 ἔλε-

2170 4778 2260 4836 γον
2316 4743 2453 4812 εἶναι
2508 4755 2647 4828 ὑμᾶς
2689 4773 2704 4789 ⁸
2760 4751 2850 4809 καὶ
2907 4747 3178 4821 ἀνεπαύθη
3240 4746 3332 4806 καὶ
3390 4747 3547 4836 αὐτὸς
3603 4743 3769 4836 εὓρων

2173 4849 2311 4923 ὑμᾶς
2356 4840 2654 4915 τοιούτους,
2694 4841 2786 4900 καὶ
2828 4838 2976 4900 οὐδὲν
3027 4836 3282 4919 δυσχερὲς
3331 4838 3478 4918 αὐτῷ
3526 4835 3561 4907 ἢ
3613 4835 3771 4907 ἀηδὲς

2171 4933 2259 5015 ἀφ’
2288 4936 2436 5010 ὑμῶν
2491 4930 2788 5005 ἀπήντησε.
2840 4929 2921 4991 Τὸ
2965 4929 3022 4988 δὲ
3051 4932 3358 5008 καυχᾶσθαι
3408 4927 3496 4986 τὸν
3549 4927 3769 4986 Παῦλον

2165 5026 2252 5083 ἐπὶ
2286 5033 2392 5090 τοῖς
2424 5027 2713 5098 μαθηταῖς,
2752 5019 2986 5078 δείκνυσι
3023 5017 3115 5077 καὶ
3148 5017 3335 5084 αὐτοὺς
3387 5016 3412 5098 θ
3451 5015 3727 5095 ἐναρέτους
3748 5059 3764 5086 ,

2163 5115 2404 5174 κάκεῖνον
2439 5112 2488 5148 ⁴⁰
2531 5110 2852 5193 φιλότεκνον.
2902 5109 3188 5176 Τοιούτους
3241 5108 3322 5167 δεῖ
3364 5097 3496 5169 εἶναι
3550 5105 3642 5164 καὶ
3674 5109 3764 5162 νῦν

2161 5203 2283 5271 τούς
2311 5227 2367 5260 τε
2391 5201 2634 5279 μαθητὰς
2655 5203 2747 5260 καὶ
2771 5201 2891 5269 τοὺς
2912 5197 3284 5265 διδασκάλους.

2246 5403 2270 5428 ει
2305 5374 2442 5435 Ἀλλ’
2475 5378 2545 5442 ὡς
2593 5374 2768 5434 πάντα
2812 5375 2865 5432 ἔν
2897 5371 3118 5451 ἀληθείᾳ
3157 5372 3391 5443 ἐλάλησα
3425 5372 3560 5447 ,ὑμῖν
3584 5415 3598 5442 ,
3629 5367 3769 5426 οὕτω

1842 5560 2033 5619 Variae
2081 5562 2381 5622 lectiones.

528 5641 550 5673 ³
579 5640 886 5708 ἐξεδικήσατε
921 5644 1044 5714 ,γὰρ
1092 5645 1203 5707 τοὺς
1255 5646 1335 5701 ὒό.
1390 5663 1443 5703 ο.
1521 5647 1543 5681 ⁸
1593 5648 1790 5710 καινοὺς
1845 5651 2054 5721 καθιοτᾷ

461 5715 479 5752 ’ί
512 5741 596 5791 μοι
624 5737 678 5776 0.
755 5723 775 5754 ⁸
805 5722 948 5784 αὐτὸς
975 5740 1029 5779 0.
1108 5725 1128 5758 ⁹
1159 5725 1370 5788 ἐκείνους
1400 5744 1448 5783 0.
1529 5729 1571 5761 ¹⁰
1601 5730 1684 5780 καὶ
1707 5728 1858 5783 αὐτὸν
1898 5747 1952 5785 0.

2112 5666 2171 5708 0.
2247 5651 2268 5685 ³
2321 5651 2617 5724 ἐπετίμησας
2676 5667 2726 5708 0.
2807 5651 2828 5685 ⁵
2897 5654 3133 5704 τοσούτον
3191 5666 3242 5706 0.
3322 5651 3342 5684 ⁸
3375 5651 3656 5721 πράγμασιν
3711 5665 3766 5703 0.
