4134 6462
455 443 558 494 879

1472 436 1986 493 THEOPHYLACTI
2025 436 2384 494 BULGARL/E
2420 437 2737 494 ARCHIEP.

3658 437 3763 490 880

451 564 583 619 tiam
618 581 630 618 :
681 577 797 619 non
823 561 1233 618 succubuerunt
1284 569 1508 630 tamen,
1538 561 1635 618 sed
1674 561 1854 634 magis
1883 561 2050 634 gavisi

2161 562 2304 640 ὅμως
2343 565 2402 623 οὗ
2433 563 2729 623 κατέπεσον
2749 608 2768 640 ,
2799 562 2939 626 ἀλλὰ
2975 563 3178 640 μᾶλλον
3208 560 3300 620 καὶ
3336 559 3512 641 χαρὰν
3557 558 3714 639 ἔσχον
3746 579 3758 592 ·

452 661 582 708 sunt
616 671 630 708 :
667 661 724 709 et
748 668 863 708 non
891 651 1230 724 impliciter,
1275 666 1468 706 verum
1494 666 1624 706 cum
1668 651 2046 708 exuberantia.

528 766 553 791 σι
593 745 668 798 Et
717 741 989 813 profunda
1042 747 1331 812 paupertas
1384 755 1579 796 eorum
1643 740 1939 797 abundavit
1994 740 2053 796 in

453 831 675 888 divitias
693 830 1061 903 simplicitatis
1079 845 1290 885 eorum.
1329 852 1356 878 ν
1388 831 1512 885 Ηοο
1546 837 1651 897 est,
1689 829 2052 901 quemadmo-

456 921 593 977 dum
638 921 827 992 ingens
874 919 1102 975 aﬂlictio
1147 918 1464 974 exuberavit
1505 917 1560 973 in
1611 917 1862 975 laetitiam
1920 938 1933 973 :
1976 918 2054 974 sic

453 1012 646 1083 ingens
683 1019 739 1065 et
773 1007 1042 1080 profunda
1093 1023 1289 1064 eorum
1347 1015 1638 1079 paupertas
1685 1007 2052 1080 eleemosynis

456 1116 572 1156 non
598 1099 777 1154 solum
800 1114 912 1154 non
937 1105 1054 1154 erat
1080 1096 1508 1168 impedimento,
1531 1112 1720 1153 verum
1757 1097 1926 1153 etiam
1959 1113 2054 1154 eos

461 1189 638 1261 potius
705 1187 908 1244 divitiis
969 1186 1255 1244 abundare
1327 1187 1612 1258 persuasit.
1676 1189 1801 1242 Non
1868 1194 2053 1243 autem

461 1278 619 1345 dixit,
660 1280 867 1332 Eorum
893 1291 1019 1348 qua:
1046 1276 1175 1332 data
1201 1285 1331 1332 sunt
1355 1317 1371 1343 ,
1403 1274 1500 1332 sed
1528 1299 1552 1324 α
1583 1275 1982 1347 Simplicitatis,
2024 1300 2050 1325 υ

456 1367 566 1423 hoc
618 1376 704 1423 est
752 1365 971 1422 candidi
1018 1366 1222 1433 animi,
1276 1364 1347 1420 ad
1393 1364 1738 1438 largiendum
1795 1365 2052 1437 prompti.

457 1459 584 1512 Non
617 1455 761 1511 enim
781 1470 847 1511 ex
871 1455 1219 1511 multitudine
1246 1455 1543 1520 donorum,
1561 1454 1656 1510 sed
1679 1455 1848 1510 animi
1875 1471 2058 1527 prom-

460 1545 728 1615 ptitudine
765 1543 1063 1600 liberalitas
1088 1543 1415 1599 aestimatur.
1467 1545 1591 1598 Hoc
1632 1552 1822 1599 autem
1852 1545 2057 1600 miran-

455 1635 614 1703 dum,
641 1634 790 1706 quod
823 1641 972 1689 tanta
1016 1649 1080 1690 ex
1114 1641 1430 1705 paupertate
1475 1631 1694 1705 (direpti
1733 1634 1880 1689 enim
1927 1642 2058 1690 sunt

457 1741 489 1780 a
563 1723 798 1796 propriis
877 1723 1293 1790 contribulibus)
1371 1731 1587 1778 tantam
1677 1722 2054 1780 liberalitatem

453 1813 809 1869 ostenderint.

523 1903 698 1960 Vnus.
741 1909 794 1969 3,
833 1908 888 1957 4.
927 1926 952 1950 α
996 1901 1136 1974 Quia
1165 1918 1264 1974 pro
1304 1901 1511 1958 viribus
1547 1901 1921 1958 testimonium
1951 1901 2058 1958 illis

450 1990 639 2062 reddo,
671 2000 726 2047 et
753 2006 920 2063 supra
948 1993 1095 2047 vires
1121 1991 1414 2048 voluntarii
1441 1991 1690 2060 fuerunt,
1717 2008 1846 2048 cum
1879 1994 2055 2048 multa

448 2080 832 2137 exhortatione
865 2079 1212 2136 obsecrantes
1249 2096 1370 2137 nos.
1406 2104 1432 2129 η
1466 2084 1863 2151 Interpretatur
1907 2082 2056 2152 quod

447 2168 609 2236 dixit,
638 2172 747 2225 Pro
774 2167 1002 2237 viribus,
1027 2167 1301 2240 inquiens,
1327 2169 1438 2225 imo
1470 2192 1494 2218 α
1526 2171 1598 2225 Et
1623 2185 1785 2241 supra
1809 2170 1950 2226 vires
1978 2190 1990 2226 :
2028 2194 2052 2220 ιι

449 2257 557 2314 hoc
589 2257 740 2314 enim
765 2257 997 2329 appellat
1023 2257 1435 2313 exuberantiam
1461 2258 1860 2328 simplicitatis,
1902 2282 1927 2308 «
1963 2260 2057 2316 Su-

450 2363 548 2418 pra
584 2347 766 2417 vires,
804 2371 828 2395 n
861 2347 1113 2419 inquam.
1151 2347 1294 2418 Quin
1325 2348 1496 2402 etiam
1553 2363 1665 2404 non
1717 2347 1980 2404 admoniti
2023 2366 2054 2405 a

448 2437 646 2506 nobis,
678 2437 806 2506 sed,
842 2460 865 2484 «
911 2436 1243 2493 Voluntarii.
1281 2459 1306 2484 »
1358 2440 1429 2492 Et
1457 2436 1589 2509 quid
1619 2436 1723 2493 hoc
1772 2437 1936 2494 dico?
1978 2438 2055 2495 illi

447 2527 551 2597 ipsi
595 2527 835 2582 multum
874 2525 1320 2582 adhortabantur
1361 2542 1466 2582 nos
1495 2535 1552 2582 et
1581 2527 1866 2598 rogabant.
1921 2529 2055 2584 Hazc

445 2623 635 2671 autem
662 2614 822 2685 dicit,
845 2625 908 2670 ut
931 2615 1080 2687 ipsos
1101 2616 1273 2671 etiam
1304 2614 1765 2671 commouefaciat
1794 2633 1905 2672 non
1936 2625 2052 2673 tam

445 2705 622 2761 multa
649 2705 807 2774 dare,
846 2721 1016 2777 quam
1055 2720 1183 2760 cum
1221 2705 1522 2762 alacritate.
1563 2704 1807 2778 Ideoque
1848 2706 1904 2761 in
1945 2722 2056 2761 ser-

384 2863 390 2869 _
444 2808 610 2848 mone
637 2792 706 2849 de
733 2793 835 2849 hac
863 2809 924 2849 re
960 2794 1316 2850 immoratur.
1648 2782 1656 2788 ’

519 2981 689 3055 284
740 3005 764 3032 ιι
798 2982 1051 3040 Gratiam
1089 2992 1147 3039 et
1186 2983 1716 3039 communicationm
1767 2983 2052 3042 ministerii
2081 3006 2125 3068 ρ

445 3073 598 3146 quod
633 3073 696 3128 ﬁt
740 3075 799 3128 in
835 3081 1075 3128 sanctos.
1113 3097 1138 3120 υ
1182 3076 1385 3141 Deest,
1432 3073 1893 3130 Adhortabantur
1942 3090 2043 3130 nos

443 3162 720 3233 suscipere
779 3162 1155 3218 ministerium
1211 3161 1338 3217 hoc.
1385 3184 1412 3212 α
1461 3163 1717 3219 Gratiam
1778 3187 1800 3208 η
1857 3171 2041 3220 autem

444 3251 613 3321 dixit,
646 3259 709 3307 ut
758 3251 880 3323 quia
923 3250 1194 3308 Corinthii
1243 3251 1608 3322 spiritualium
1645 3253 2043 3309 charismatum

443 3342 795 3397 aemulatores
845 3348 1058 3408 essent,
1113 3340 1242 3396 huic
1296 3356 1520 3413 quoque
1571 3357 1670 3397 ceu
1719 3342 2041 3398 charismati

442 3437 765 3495 accurrant,
814 3429 1038 3501 perinde
1068 3445 1133 3485 ac
1174 3446 1336 3502 supra
1398 3441 1898 3488 commemoratum
1939 3441 2039 3488 est.

448 3542 474 3567 α
516 3518 1093 3576 Communicationem
1138 3541 1160 3569 ι
1212 3527 1400 3575 autem
1445 3520 1690 3587 vocavit,
1739 3531 1801 3576 ut
1833 3521 2044 3577 discant

443 3609 589 3681 quod
611 3624 726 3663 non
747 3609 928 3664 solum
949 3608 1081 3664 dant
1101 3650 1114 3676 ,
1151 3625 1341 3664 verum
1367 3608 1536 3665 etiam
1562 3610 1860 3682 accipiunt.

513 3700 690 3754 Vens.
726 3705 779 3754 5.
822 3722 845 3746 «
874 3700 943 3754 Et
970 3714 1082 3754 non
1126 3698 1268 3754 sicut
1309 3700 1667 3770 speravimus.
1705 3722 1732 3748 ι
1762 3703 1884 3756 Non
1923 3715 2042 3771 spe-

438 3803 758 3855 rassemus,
810 3787 1020 3860 inquit,
1082 3787 1232 3861 quod
1288 3788 1342 3843 in
1411 3796 1564 3845 tanta
1617 3797 1938 3861 paupertate
1989 3799 2045 3846 et

441 3876 733 3933 afﬂictione
761 3878 1086 3944 existentes,
1116 3893 1222 3934 nos
1263 3877 1399 3933 adeo
1441 3879 1597 3936 enixe
1637 3887 1953 3952 rogassent,
1984 3887 2045 3935 ut

439 3967 844 4038 susciperemus
869 3967 1236 4023 ministerium
1262 3982 1477 4023 eorum.

511 4078 536 4104 ε
577 4055 687 4110 Sed
713 4055 924 4126 seipsos
950 4053 1227 4110 dederunt
1266 4055 1491 4126 primun
1525 4055 1802 4125 Domino,
1845 4055 2042 4114 deinde

442 4151 500 4199 et
519 4136 806 4214 nobis'per
837 4143 1178 4198 voluntatem
1207 4143 1324 4199 Dei.
1358 4163 1387 4195 »
1411 4145 1566 4200 Alias
1591 4161 1789 4203 eorum
1813 4147 2042 4203 virtutes

441 4230 529 4286 hic
567 4240 985 4286 commemorat.
1027 4235 1152 4287 Non
1199 4232 1343 4287 enim
1380 4232 1502 4290 ideo
1549 4232 1675 4289 elati
1717 4234 1846 4306 quia
1901 4236 2042 4292 elee—

442 4335 691 4392 mosynm
732 4321 1061 4389 studebant,
1106 4321 1207 4376 alia
1240 4322 1593 4393 neglexerunt
1625 4342 1638 4379 :
1667 4333 1928 4381 caeterum
1953 4341 2040 4380 se-

442 4410 594 4484 ipsos
630 4407 900 4467 dederunt
922 4415 1071 4466 totos
1117 4411 1394 4482 Domino,
1435 4411 1505 4468 ad
1543 4427 1888 4484 omneopus
1924 4417 2043 4470 Deo

440 4510 662 4572 gratum
704 4506 821 4556 toto
867 4507 923 4555 et
963 4499 1199 4556 indiviso
1259 4500 1448 4556 animo
1495 4501 1840 4558 inclinantes.
1897 4503 2043 4574 Quin

440 4591 609 4646 etiam
638 4588 801 4646 nobis
829 4589 1099 4646 dederunt
1125 4590 1365 4662 seipsos,
1413 4589 1520 4646 hoc
1557 4597 1670 4657 est,
1703 4589 1757 4645 in
1787 4592 2048 4649 omnibus

439 4677 668 4752 subjecti
696 4676 944 4748 fuerunt,
974 4678 1301 4735 charitatem
1331 4679 1695 4736 ostenderunt
1724 4697 1821 4752 per
1856 4681 2047 4738 volun-

440 4774 609 4827 tatem
638 4768 773 4836 Dei,
803 4767 909 4824 hoc
937 4776 1021 4825 est
1047 4769 1121 4826 uti
1151 4771 1270 4825 Deo
1308 4769 1485 4841 placet
1503 4809 1519 4838 ,
1561 4777 1618 4826 et
1643 4786 1755 4827 non
1785 4769 2045 4828 humanae

439 4857 660 4913 rationi.

509 4947 694 5004 Vnus.
724 4952 779 5004 6.
815 4970 839 4996 «
865 4949 948 5005 Ut
967 4963 1071 5004 nos
1094 4946 1518 5005 adhortaremur
1535 4949 1741 5020 Titum,
1775 4959 1835 5007 ut
1851 4967 2044 5023 quem-

436 5035 743 5094 admodum
780 5035 899 5110 jam
935 5046 1103 5093 antea
1147 5038 1436 5110 coepisset,
1481 5038 1536 5094 in
1582 5039 1741 5096 vobis
1770 5040 1850 5096 sic
1879 5041 2039 5112 perﬁ-

437 5133 584 5183 ceret
619 5126 855 5200 gratiam
890 5126 1052 5183 hanc.
1096 5151 1121 5176 n
1173 5127 1369 5196 Adeo,
1421 5128 1631 5199 inquit,
1685 5128 1761 5184 illi
1804 5145 1922 5186 sese
1972 5129 2043 5187 ad

438 5216 842 5288 eleemosyuam
884 5216 1193 5284 dederunt,
1235 5226 1299 5272 ut
1337 5233 1440 5290 ego
1484 5218 1835 5289 conspicatus
1883 5235 2038 5287 rem,

436 5305 592 5362 anxie
617 5305 918 5378 cogitarem
943 5323 1042 5379 pro
1073 5307 1258 5377 vobis,
1295 5323 1365 5363 ne
1398 5306 1529 5379 ipsis
1562 5306 1856 5364 inferiores
1887 5323 2040 5365 esse-

436 5394 540 5466 tis,
586 5410 650 5452 ac
691 5405 982 5468 propterea
1026 5396 1351 5453 adhortarer
1380 5397 1569 5453 Titum
1618 5405 1681 5453 ut
1729 5397 1938 5454 veniret
1967 5398 2038 5454 ad

436 5499 532 5540 vos
564 5506 575 5540 :
606 5489 756 5556 quod
796 5493 852 5540 et
875 5487 990 5559 ipse
1028 5487 1150 5559 jam
1193 5495 1353 5544 antea
1381 5501 1612 5544 exorsus
1641 5495 1794 5557 erat,
1838 5485 1896 5542 id
1919 5497 2034 5554 est,

2159 652 2252 713 καὶ
2281 656 2382 733 οὐχ
2406 653 2588 720 ἅπλῶς
2608 699 2624 731 ,
2656 651 2794 711 ἀλλὰ
2825 652 2917 711 καὶ
2951 649 3087 729 μετὰ
3108 649 3436 730 περισσείας.

2261 769 2287 794 σι
2318 743 2425 803 Καὶ
2461 747 2495 814 ἡ
2527 741 2666 801 κατὰ
2694 741 2884 820 βάθους
2912 742 3152 821 πτωχεία
3191 741 3366 799 αὐτῶν
3396 740 3764 820 ἐπερίσσευσεν

2161 834 2234 900 εἷς
2258 831 2348 891 τὸν
2391 834 2614 892 πλοῦτον
2661 835 2757 902 τῆς
2800 830 3097 904 ἁπλότητος
3147 831 3344 890 αὐτῶν.
3381 856 3406 880 ι
3449 828 3766 902 Τουτέστιν,

2161 920 2343 1002 ὥσπερ
2403 925 2437 992 ἡ
2495 919 2668 991 πολλὴ
2746 919 2918 1000 θλίψις
2987 918 3361 999 ἐπερίσσευσεν
3428 920 3503 984 εἷς
3556 919 3763 999 χαρὰν,

2162 1009 2325 1077 οὕτως
2353 1014 2387 1080 ἡ
2435 1010 2607 1080 πολλή
2639 1011 2812 1068 αὐτῶν
2861 1009 2951 1067 καὶ
3003 1008 3190 1087 βαθεῖα
3238 1007 3482 1086 πτωχεία
3515 1009 3575 1065 οὖ
3607 1006 3762 1082 μόνον

2162 1101 2257 1159 οὐκ
2308 1099 2602 1157 ἐνεπόδισεν
2645 1101 2716 1164 εἷς
2773 1097 3133 1174 ἐλεημοσύνην
3155 1142 3174 1175 ,
3230 1097 3367 1155 ἀλλὰ
3422 1097 3628 1173 μᾶλλον
3673 1095 3766 1154 καὶ

2163 1193 2512 1270 περισσεῦσαι
2572 1185 2762 1254 αὐτοὺς
2837 1185 3160 1268 παρέπεισεν
3221 1188 3292 1254 εἷς
3355 1185 3443 1244 τὸν
3505 1187 3760 1246 πλοῦτον.

2167 1268 2284 1338 Ούκ
2314 1268 2428 1335 εἶπε
2452 1276 2528 1354 δὲ,
2551 1279 2672 1336 Τῶν
2705 1275 2956 1335 δοθέντων
2975 1322 2991 1351 ,
3014 1274 3173 1348 ἀλλὰ,
3197 1303 3222 1328 α
3253 1278 3369 1346 Τῆς
3397 1274 3710 1344 ἁπλότητος
3740 1303 3763 1325 υ

2166 1367 2436 1444 τουτέστι,
2491 1369 2584 1437 τῆς
2633 1367 2856 1446 ἀφθόνου
2908 1366 3160 1443 γνώμης,
3219 1369 3313 1435 τῆς
3380 1364 3758 1441 εὖμεταδότου.

2163 1459 2244 1517 Οὔ
2273 1455 2376 1537 γὰρ
2405 1459 2482 1534 τῷ
2513 1455 2704 1528 πλήθει
2736 1460 2840 1514 τῶν
2886 1454 3173 1530 διδομένων
3195 1498 3211 1526 ,
3259 1454 3398 1537 ἀλλὰ
3448 1457 3516 1533 τῇ
3573 1477 3765 1532 προαι-

2167 1533 2305 1624 ρέσει
2350 1533 2585 1624 κρίνεται
2632 1550 2666 1616 ἡ
2720 1544 3015 1625 φιλοτιμία.
3066 1546 3241 1604 Τοῦτο
3285 1533 3375 1601 οὖν
3403 1542 3761 1620 ,θαυμαστὸη

2165 1637 2245 1694 ὅτι
2295 1637 2355 1694 ἐκ
2399 1633 2661 1705 τοσαύτης
2716 1634 2898 1700 πενίας
2932 1633 3333 1712 (διηρπάγησαν
3383 1632 3486 1712 γὰρ
3525 1632 3628 1691 ὑπὸ
3658 1636 3761 1690 τῶν

2164 1725 2369 1785 οἰκείων
2413 1724 2462 1762 ⁴⁴
2500 1725 2879 1805 συμφυλετῶν)
2929 1723 3194 1794 τοσαύτην
3228 1721 3560 1791 ἐπεδείξαντο
3584 1721 3634 1759 ⁴⁵
3669 1745 3760 1798 φι-

2090 1843 2138 1903 Β
2163 1813 2433 1890 λοτιμίαν.

2252 1926 2282 1960 α
2304 1903 2435 1964 Ὀτι
2463 1902 2602 1962 κατὰ
2650 1902 2872 1980 δύναμιν
2916 1905 3203 1980 μαρτυρῶ,
3235 1900 3328 1960 καὶ
3361 1899 3490 1980 ὑπὲρ
3538 1900 3761 1975 δύναμιν

2164 1991 2492 2072 αὐθαίρετοι,
2582 1991 2720 2068 μετὰ
2779 1993 2980 2072 πολλῆς
3059 1989 3450 2071 παρακλήσεως
3521 1989 3761 2065 δεόμενοι

2161 2070 2340 2158 ἡμῶν.
2375 2110 2400 2134 ιο
2430 2080 2752 2160 Ἒρμηνεύει
2809 2080 2838 2138 ὃ
2885 2070 3034 2152 εἶπε,
3088 2070 3181 2138 καί
3212 2084 3384 2160 ’φησιν
3401 2125 3422 2156 ,
3479 2076 3560 2138 ὅτι
3616 2074 3765 2151 Ὅση

2163 2172 2418 2249 δύναμις,
2476 2172 2681 2247 μᾶλλον
2731 2169 2786 2228 δὲ
2827 2192 2857 2224 α
2901 2168 2992 2228 καὶ
3022 2168 3154 2248 ὑπὲρ
3207 2166 3430 2244 δύναμιν
3467 2191 3480 2204 ·
3523 2190 3553 2225 ι)
3612 2173 3766 2228 τοῦτο

2164 2260 2266 2341 γὰρ
2300 2265 2334 2332 ἡ
2378 2259 2653 2340 περισσεία
2700 2263 2796 2330 τῆς
2840 2258 3173 2335 ἁπλότητος,
3226 2256 3312 2330 τὸ,
3356 2279 3386 2315 ι(
3428 2257 3560 2337 ὑπὲρ
3607 2256 3765 2315 δύνα-

2165 2376 2293 2430 μιν,
2346 2374 2377 2406 ι)
2445 2348 2627 2430 φησίν.
2692 2347 2852 2407 Ἇλλὰ
2901 2347 2993 2405 καὶ
3073 2347 3208 2424 μηδὲ
3264 2345 3317 2385 ⁴⁶
3374 2344 3765 2426 προτραπέντες

2163 2440 2290 2519 παρ’
2318 2442 2505 2516 ἡμῶν,
2532 2437 2657 2519 am
2690 2459 2722 2492 ι(
2755 2436 3073 2516 αὐθαίρετοι.
3107 2460 3137 2492 n
3176 2436 3288 2496 Καὶ
3322 2435 3374 2494 τί
3403 2441 3558 2496 τοῦτο
3587 2434 3762 2515 λέγω;

2167 2517 2330 2590 Αὐτοὶ
2378 2527 2472 2605 μὲν
2501 2517 2589 2585 οὖν
2631 2529 2818 2586 ἐκεῖνοι
2865 2525 3069 2597 πολλὴν
3098 2524 3438 2605 παράκλησιν
3486 2523 3758 2606 εἰσφέρον-

2163 2644 2285 2692 τες,
2329 2618 2418 2677 καὶ
2449 2616 2686 2695 δεόμενοι
2732 2619 2908 2692 ἡμῶν.
2959 2617 3148 2675 Ταῦτα
3198 2614 3254 2672 δὲ
3303 2614 3475 2693 λέγει,
3534 2613 3620 2673 ἵνα
3668 2614 3762 2674 καὶ

2166 2709 2352 2774 αὖτοὺς
2401 2705 2765 2786 προτρέψηται
2806 2708 2865 2764 οὗ
2915 2708 3164 2764 τοσοῦτον
3213 2705 3285 2770 εἷς
3328 2703 3389 2762 τὸ
3433 2703 3607 2762 πολλὰ
3633 2706 3761 2764 δοῦ-

2165 2822 2284 2871 ναι,
2317 2795 2441 2854 ὅσον
2491 2798 2561 2862 εἷς
2603 2795 2663 2853 τὸ
2692 2792 2828 2871 μετὰ
2872 2792 3186 2874 προθυμίας.
3237 2790 3333 2853 Διὸ
3366 2791 3458 2851 καὶ
3493 2792 3763 2872 ἐνδιατρί-

2167 2887 2250 2945 ϐει
2277 2889 2356 2965 τῷ
2385 2883 2508 2964 περὶ
2551 2882 2739 2942 τούτου
2771 2883 2937 2961 λόγῳ.

2253 3003 2277 3028 α
2312 2975 2429 3048 Τὴν
2470 2973 2627 3054 χάριν
2661 2973 2754 3032 καὶ
2796 2971 2890 3044 τὴν
2922 2971 3200 3032 κοινωνίαν
3239 2975 3335 3044 τῆς
3365 2971 3634 3040 διακονίας
3667 2975 3762 3043 τῆς

2159 3070 2229 3134 εἷς
2273 3064 2394 3131 τοὺς
2449 3063 2648 3142 ἁγίους.
2701 3089 2727 3115 ι
2811 3061 3002 3123 Λείπει
3058 3061 3155 3135 τὸ,
3212 3062 3564 3143 Παρεκάλουν
3621 3065 3762 3138 ἡμᾶς

2153 3154 2504 3222 ἀναδέξασθαι
2533 3151 2628 3224 τὴν
2658 3152 2925 3210 διακονίαν
2966 3149 3189 3224 ταύτην.
3227 3178 3252 3204 ι
3285 3151 3399 3225 Τὴν
3434 3151 3593 3231 χάριν
3623 3178 3646 3204 υ
3678 3149 3758 3229 δὲ,

2152 3234 2331 3318 εἶπεν,
2371 3241 2459 3301 ἵνα
2509 3241 2694 3312 ἐπειδὴ
2745 3240 2984 3310 ζηλωταὶ
3035 3231 3174 3313 ἦσαν
3224 3242 3328 3300 τῶν
3383 3243 3760 3319 πνευματικῶν

2151 3333 2500 3416 χαρισμάτων
2578 3333 2626 3390 οἱ
2679 3329 2980 3412 Κορίνθιοι,
3041 3329 3376 3410 ἐπιδράμωσι
3429 3330 3523 3390 καὶ
3585 3329 3760 3410 τούτῳ

2152 3427 2224 3493 ὡς
2277 3423 2617 3502 χαρίσματι,
2678 3420 2816 3479 καθὰ
2882 3419 2976 3478 καὶ
3041 3419 3290 3500 ἀνωτέρω
3351 3417 3578 3498 εἴρηται.
3648 3419 3759 3481 Καὶ

2162 3535 2191 3571 (ι
2223 3511 2494 3572 κοινωνίαν
2523 3539 2548 3562 ν
2575 3508 2631 3569 δὲ
2672 3510 2920 3568 ἐκάλεσεν
2939 3553 2954 3581 ,
2984 3506 3072 3566 ἵνα
3115 3508 3359 3585 μάθωσιν
3387 3507 3469 3566 ὅτι
3508 3510 3568 3567 οὗ
3599 3508 3757 3585 μόνον

2155 3601 2384 3661 διδόασιν
2407 3645 2422 3672 ,
2462 3600 2601 3659 ἀλλὰ
2632 3599 2725 3660 καὶ
2746 3597 3108 3674 λαμϐάνουσι.

2239 3721 2264 3744 σι
2303 3693 2412 3752 Καὶ⁵
2444 3693 2502 3748 οὐ
2531 3690 2707 3755 καθὼς
2735 3687 3065 3763 ἠλπίσαμεν.
3113 3711 3144 3743 »
3185 3687 3304 3747 Οὐκ
3333 3687 3644 3765 ἠλπίσαμεν
3676 3687 3758 3746 ὅτι

2153 3780 2244 3839 καὶ
2274 3779 2536 3851 τοσαύτην
2576 3778 2760 3837 πενίαν
2805 3776 3015 3857 ἔχοντες
3038 3821 3054 3850 ,
3089 3775 3180 3834 καὶ
3211 3779 3264 3836 ἐν
3309 3775 3542 3858 τοσαύτῃ
3583 3776 3756 3856 θλίψει

2150 3870 2330 3942 ὄντες,
2403 3874 2640 3928 τοσαῦτα
2694 3865 3042 3939 δεηθήσονται
3093 3867 3288 3944 ἡμῶν,
3339 3864 3428 3926 ἵνα
3482 3867 3752 3943 δεξώμεθα

2152 3958 2247 4031 τὴν
2281 3957 2551 4018 διακονίαν
2585 3959 2776 4017 αὐτῶν.

2242 4069 2274 4106 α
2315 4047 2459 4108 Ἀλλ’
2503 4045 2718 4116 ἑαυτοὺς
2763 4044 2968 4104 ἔδωκαν
3007 4046 3216 4125 πρῶτον
3272 4047 3346 4126 τῷ
3398 4043 3616 4126 Κυρίῳ,
3663 4041 3756 4104 καὶ

2154 4137 2280 4214 ἡμῖν
2340 4137 2426 4194 διὰ
2479 4136 2775 4214 θελήματος
2852 4135 3013 4195 Θεοῦ.
3067 4156 3097 4191 u
3177 4134 3442 4194 Ἐνταῦθα
3506 4136 3600 4192 καὶ
3662 4134 3756 4202 τὰς

2152 4226 2320 4293 ἄλλας
2371 4224 2562 4305 ἀρετὰς
2617 4228 2795 4293 αὐτοῖς
2843 4232 3284 4306 προσμαρτυρεῖ·
3321 4225 3380 4282 οὗ
3426 4222 3526 4304 γὰρ
3571 4223 3753 4294 ἐπειδὴ

2153 4315 2510 4393 ἐλεημοσύνης
2597 4315 2648 4352 ‘7
2715 4313 3125 4392 ἐπεμελήθησαν
3207 4312 3572 4395 τυφωθέντες,
3647 4317 3751 4371 τῶν

2154 4405 2330 4463 ἄλλων
2391 4403 2706 4481 ἠμέλησαν,
2755 4404 2878 4462 ἀλλ’
2936 4403 3084 4469 ὅλους
3142 4403 3359 4470 ἑαυτοὺς
3413 4402 3618 4462 ἔδωκαν
3679 4403 3756 4482 τῷ

2157 4494 2372 4575 Κυρίῳ,
2432 4494 2564 4574 πρὸς
2620 4503 2727 4552 πᾶν
2783 4493 2934 4573 ἔργον
2987 4492 3268 4572 θεάρεστον
3322 4490 3604 4572 ὁλοψύχως
3663 4491 3753 4567 ίδ,

2154 4585 2244 4643 καὶ
2294 4585 2354 4643 οὐ
2405 4582 2541 4661 μετὰ
2590 4582 2839 4664 διψυχίας
2887 4581 2937 4620 ¹⁹
2988 4583 3280 4649 νεύσαντες.
3339 4583 3454 4643 Καὶ
3509 4583 3640 4659 ἡμῖν
3697 4581 3753 4639 δὲ

2153 4672 2358 4732 ἔδωκαν
2408 4672 2656 4750 ἑαυτοὺς,
2713 4670 3020 4745 τουτέστιν,
3068 4674 3122 4730 ἐν
3153 4680 3318 4735 πᾶσιν
3367 4671 3708 4751 ὑπετάγησαν
3734 4716 3751 4744 ,

2153 4763 2370 4841 ἀγάπην
2401 4763 2486 4821 διὰ
2519 4763 2816 4840 θελήματος
2860 4765 3001 4824 Θεοῦ
3040 4761 3361 4830 ἐνεδείξαντο
3390 4785 3404 4798 ο
3433 4760 3704 4820 τουτέστιν
3731 4805 3748 4834 ,

2153 4856 2222 4918 ὡς
2252 4853 2472 4932 ἀρέσκει
2497 4855 2655 4932 Θεῷ,
2686 4852 2777 4911 καὶ
2802 4855 2896 4911 οὗκ
2925 4851 3241 4932 ἀνθρωπίνῳ
3266 4852 3530 4931 λογισμῷ.

2316 4937 2344 4964 θ
2637 4951 2671 4964 η
3019 4941 3034 4962 Ι
3243 4942 3254 4964 Ι
3690 4938 3705 4961 \

2243 4964 2272 4999 ιι
2345 4943 2495 5001 Ωστε
2555 4947 2698 5018 ἡμας
2755 4942 3130 5022 παρακαλεσαι
3183 4943 3375 5014 Τιτον,
3425 4937 3517 5000 ἵνα
3576 4945 3751 5006 καθως

2152 5030 2511 5112 προενήρξατο
2533 5078 2551 5107 ,
2584 5034 2638 5090 ἐν
2665 5034 2788 5109 ὑμῖν
2825 5031 3105 5110 ἐπιτελέσῃ
3145 5029 3282 5088 οὕτω
3325 5029 3416 5088 καὶ
3455 5029 3550 5100 τὴν
3595 5029 3751 5110 χάριν

2151 5121 2369 5195 ταύτην.
2401 5145 2430 5180 ι)
2490 5123 2790 5194 Τοσοῦτον,
2843 5120 3029 5202 φησὶν,
3061 5123 3246 5179 ἐκεῖνοι
3283 5121 3488 5179 ἔδωκαν
3532 5119 3752 5187 ἑαυτοὺς

2151 5214 2224 5278 εἷς
2273 5210 2664 5289 ἐλεημοσύνην,
2715 5210 2855 5271 ὥστε
2885 5209 2978 5288 ἐμὲ
3033 5209 3214 5269 ἰδόντα
3268 5210 3327 5269 τὸ
3372 5217 3598 5289 πρᾶγμα
3641 5231 3750 5284 με-

2151 5303 2408 5381 ριμνῆσαι
2465 5301 2598 5382 ὑπὲρ
2666 5303 2849 5378 ὓμῶν,
2904 5299 3097 5375 μήπως
3143 5301 3476 5370 ἐλαπωθῆτε
3530 5300 3704 5357 αὐτῶν
3727 5341 3747 5371 ,

2149 5391 2238 5449 καὶ
2265 5390 2350 5448 διὰ
2375 5395 2529 5450 τοῦτο
2558 5390 2934 5470 παρακαλέσαι
2961 5388 3123 5449 Τίτον
3150 5390 3321 5449 ἐλθεῖν
3360 5387 3493 5469 πρὸς
3522 5390 3660 5464 ὑμᾶς
3693 5387 3750 5425 ²⁰

2149 5480 2238 5538 καὶ
2284 5479 2387 5560 πρὸ
2453 5482 2548 5551 τῆς
2599 5481 2732 5557 ἐμῆς
2789 5481 3112 5558 προτροπῆς.
3192 5478 3399 5539 Οἷκειοῖ
3455 5477 3513 5536 δὲ
3563 5476 3744 5544 αὐτοῖς

1852 5577 2041 5637 Varie
2088 5581 2387 5638 lectiones.

506 5674 546 5706 ¹¹⁵
577 5673 711 5726 ἰδίων
744 5691 798 5730 0.
879 5675 920 5708 ‘5
970 5674 1168 5737 ἐνεδείξ.
1211 5693 1263 5732 0.
1343 5675 1386 5710 ¹⁶
1423 5675 1490 5748 μὴ
1535 5693 1590 5732 0.
1670 5675 1712 5711 ¹⁷
1745 5676 2050 5747 ἐλεημοσύνη

2158 5694 2191 5734 t.
2268 5677 2311 5712 ⁸⁸
2357 5677 2645 5749 ὁλοκλήρως
2695 5694 2749 5735 0.
2826 5677 2870 5712 ¹⁹
2905 5677 3195 5749 διχοψυχίας
3240 5692 3291 5733 0.
3370 5673 3416 5709 ²⁹
3451 5673 3527 5730 to.
3582 5674 3611 5725 δ
3665 5674 3754 5727 καὶ

432 5753 764 5824 προενήρξατο
792 5754 938 5816 αὐτὸς
961 5797 975 5822 ,
1006 5758 1254 5822 τουτέστι,
1297 5759 1532 5828 προέθετο
1562 5757 1728 5811 ἐλθεῖν
1758 5758 1877 5828 πρὸς
1902 5757 2027 5829 ὑμᾶς
2058 5775 2112 5816 0.
