  <div class='ocr_page' id='page_1' title='image "/cluster/home/n/w/nwhite01/storage/ocr_20150623/124:no.2/coo.31924054870294/448.png"; bbox 0 0 4134 6412; ppageno 0'>
   <div class='ocr_carea' id='block_1_1' title="bbox 423 427 519 480">
    <p class='ocr_par' dir='ltr' id='par_1_1' title="bbox 423 427 519 480">
     <span class='ocr_line' id='line_1_1' title="bbox 423 427 519 480; baseline 0 0"><span class='ocrx_word' id='word_1_1' title='bbox 423 427 519 480; x_wconf 79' lang='lat' dir='ltr'><strong>88f</strong></span> 
     </span>
    </p>
   </div>
   <div class='ocr_carea' id='block_1_2' title="bbox 1286 421 2896 480">
    <p class='ocr_par' dir='ltr' id='par_1_2' title="bbox 1286 421 2896 480">
     <span class='ocr_line' id='line_1_2' title="bbox 1286 421 2896 480; baseline 0 -2"><span class='ocrx_word' id='word_1_2' title='bbox 1286 421 1642 478; x_wconf 81' lang='lat' dir='ltr'><strong>EXPOSITIO</strong></span> <span class='ocrx_word' id='word_1_3' title='bbox 1682 423 1747 477; x_wconf 88' lang='lat' dir='ltr'><strong>IN</strong></span> <span class='ocrx_word' id='word_1_4' title='bbox 1786 421 1996 478; x_wconf 87' lang='lat' dir='ltr'><strong>EPIST.</strong></span> <span class='ocrx_word' id='word_1_5' title='bbox 2039 423 2080 477; x_wconf 91' lang='lat' dir='ltr'><strong>II</strong></span> <span class='ocrx_word' id='word_1_6' title='bbox 2119 425 2212 476; x_wconf 85' lang='lat' dir='ltr'><strong>AD</strong></span> <span class='ocrx_word' id='word_1_7' title='bbox 2253 423 2408 477; x_wconf 80' lang='lat' dir='ltr'><strong>COR.</strong></span> <span class='ocrx_word' id='word_1_8' title='bbox 2451 453 2520 463; x_wconf 89' lang='lat'><strong>-—</strong></span> <span class='ocrx_word' id='word_1_9' title='bbox 2559 423 2709 479; x_wconf 81' lang='lat' dir='ltr'><strong>CAP.</strong></span> <span class='ocrx_word' id='word_1_10' title='bbox 2755 426 2896 480; x_wconf 84' lang='lat' dir='ltr'><strong>VIII.</strong></span> 
     </span>
    </p>
   </div>
   <div class='ocr_carea' id='block_1_3' title="bbox 3620 429 3725 482">
    <p class='ocr_par' dir='ltr' id='par_1_3' title="bbox 3620 429 3725 482">
     <span class='ocr_line' id='line_1_3' title="bbox 3620 429 3725 482; baseline 0.01 -1"><span class='ocrx_word' id='word_1_11' title='bbox 3620 429 3725 482; x_wconf 82' lang='lat'><strong>882</strong></span> 
     </span>
    </p>
   </div>
   <div class='ocr_carea' id='block_1_4' title="bbox 426 545 2048 624">
    <p class='ocr_par' dir='ltr' id='par_1_4' title="bbox 426 545 2048 624">
     <span class='ocr_line' id='line_1_4' title="bbox 426 545 2048 624; baseline -0.002 -16"><span class='ocrx_word' id='word_1_12' title='bbox 426 549 514 608; x_wconf 80' lang='grc' dir='ltr'><strong>τὸν</strong></span> <span class='ocrx_word' id='word_1_13' title='bbox 543 549 710 610; x_wconf 80' lang='grc' dir='ltr'>Τίτον</span> <span class='ocrx_word' id='word_1_14' title='bbox 739 547 828 608; x_wconf 75' lang='grc' dir='ltr'><strong>διὰ</strong></span> <span class='ocrx_word' id='word_1_15' title='bbox 854 547 1088 621; x_wconf 80' lang='grc' dir='ltr'>τούτων,</span> <span class='ocrx_word' id='word_1_16' title='bbox 1117 546 1206 605; x_wconf 78' lang='grc' dir='ltr'><strong>ἵνα</strong></span> <span class='ocrx_word' id='word_1_17' title='bbox 1235 546 1438 607; x_wconf 70' lang='grc' dir='ltr'>ἐλθόντι</span> <span class='ocrx_word' id='word_1_18' title='bbox 1472 547 1564 605; x_wconf 88' lang='lat' dir='ltr'><strong>xui</strong></span> <span class='ocrx_word' id='word_1_19' title='bbox 1597 545 2012 624; x_wconf 77' lang='grc' dir='ltr'>συμϐουλεύοντι</span> <span class='ocrx_word' id='word_1_20' title='bbox 2042 603 2048 614; x_wconf 69' lang='grc'><strong>,</strong></span> 
     </span>
    </p>
   </div>
   <div class='ocr_carea' id='block_1_5' title="bbox 2129 545 3724 624">
    <p class='ocr_par' dir='ltr' id='par_1_5' title="bbox 2129 549 3724 622">
     <span class='ocr_line' id='line_1_5' title="bbox 2129 549 3724 622; baseline 0.002 -19"><span class='ocrx_word' id='word_1_21' title='bbox 2129 555 2482 619; x_wconf 85' lang='lat' dir='ltr'><strong>proposuerat</strong></span> <span class='ocrx_word' id='word_1_22' title='bbox 2523 549 2705 605; x_wconf 90' lang='lat' dir='ltr'><strong>venire</strong></span> <span class='ocrx_word' id='word_1_23' title='bbox 2749 549 2818 606; x_wconf 91' lang='lat' dir='ltr'><strong>ad</strong></span> <span class='ocrx_word' id='word_1_24' title='bbox 2855 563 2985 615; x_wconf 90' lang='lat' dir='ltr'><strong>vos,</strong></span> <span class='ocrx_word' id='word_1_25' title='bbox 3029 550 3344 622; x_wconf 83' lang='lat' dir='ltr'><strong>priusquam</strong></span> <span class='ocrx_word' id='word_1_26' title='bbox 3394 568 3523 608; x_wconf 89' lang='lat' dir='ltr'><strong>eum</strong></span> <span class='ocrx_word' id='word_1_27' title='bbox 3572 568 3724 608; x_wconf 83' lang='lat' dir='ltr'><strong>com-</strong></span> 
     </span>
    </p>
   </div>
   <div class='ocr_carea' id='block_1_6' title="bbox 420 636 2016 719">
    <p class='ocr_par' dir='ltr' id='par_1_6' title="bbox 420 636 2016 719">
     <span class='ocr_line' id='line_1_6' title="bbox 420 636 2016 719; baseline -0.001 -21"><span class='ocrx_word' id='word_1_28' title='bbox 420 637 540 719; x_wconf 78' lang='grc' dir='ltr'>περὶ</span> <span class='ocrx_word' id='word_1_29' title='bbox 605 636 1002 714; x_wconf 78' lang='grc' dir='ltr'>ἕλεημοσύνης,</span> <span class='ocrx_word' id='word_1_30' title='bbox 1060 636 1416 717; x_wconf 75' lang='grc' dir='ltr'><strong>εὐκολώτερον</strong></span> <span class='ocrx_word' id='word_1_31' title='bbox 1477 637 1620 717; x_wconf 79' lang='grc' dir='ltr'>αὐτῷ</span> <span class='ocrx_word' id='word_1_32' title='bbox 1685 639 1976 697; x_wconf 79' lang='grc' dir='ltr'><strong>πεισθῶσιν</strong></span> <span class='ocrx_word' id='word_1_33' title='bbox 1998 682 2016 710; x_wconf 94' lang='grc'><strong>,</strong></span> 
     </span>
    </p>
   </div>
   <div class='ocr_carea' id='block_1_7' title="bbox 425 725 2025 808">
    <p class='ocr_par' dir='ltr' id='par_1_7' title="bbox 425 725 2025 808">
     <span class='ocr_line' id='line_1_7' title="bbox 425 725 2025 808; baseline -0.002 -22"><span class='ocrx_word' id='word_1_34' title='bbox 425 730 494 794; x_wconf 80' lang='grc' dir='ltr'>ὡς</span> <span class='ocrx_word' id='word_1_35' title='bbox 521 727 589 786; x_wconf 86' lang='grc' dir='ltr'><strong>τὰ</strong></span> <span class='ocrx_word' id='word_1_36' title='bbox 643 727 781 808; x_wconf 76' lang='grc' dir='ltr'>ὑπὲρ</span> <span class='ocrx_word' id='word_1_37' title='bbox 831 729 1004 786; x_wconf 74' lang='grc' dir='ltr'>αὐτῶν</span> <span class='ocrx_word' id='word_1_38' title='bbox 1054 731 1350 808; x_wconf 74' lang='grc' dir='ltr'>φρονοῦντι.</span> <span class='ocrx_word' id='word_1_39' title='bbox 1411 727 1526 789; x_wconf 82' lang='grc' dir='ltr'><strong>Καὶ</strong></span> <span class='ocrx_word' id='word_1_40' title='bbox 1572 728 1734 786; x_wconf 90' lang='grc' dir='ltr'>πάλιν</span> <span class='ocrx_word' id='word_1_41' title='bbox 1783 725 1838 785; x_wconf 72' lang='grc' dir='ltr'>δὲ</span> <span class='ocrx_word' id='word_1_42' title='bbox 1867 727 2025 807; x_wconf 82' lang='grc' dir='ltr'>χάριν</span> 
     </span>
    </p>
   </div>
   <div class='ocr_carea' id='block_1_8' title="bbox 421 814 2020 897">
    <p class='ocr_par' dir='ltr' id='par_1_8' title="bbox 421 814 2020 897">
     <span class='ocr_line' id='line_1_8' title="bbox 421 814 2020 897; baseline -0.001 -23"><span class='ocrx_word' id='word_1_43' title='bbox 421 815 640 876; x_wconf 75' lang='grc' dir='ltr'>ἐκάλεσε</span> <span class='ocrx_word' id='word_1_44' title='bbox 686 816 748 875; x_wconf 76' lang='grc' dir='ltr'>τὸ</span> <span class='ocrx_word' id='word_1_45' title='bbox 776 824 1025 897; x_wconf 81' lang='grc' dir='ltr'>πρᾶγμα.</span> <span class='ocrx_word' id='word_1_46' title='bbox 1079 816 1240 897; x_wconf 81' lang='grc' dir='ltr'>Μέγα</span> <span class='ocrx_word' id='word_1_47' title='bbox 1278 814 1382 896; x_wconf 78' lang='grc' dir='ltr'><strong>γὰρ</strong></span> <span class='ocrx_word' id='word_1_48' title='bbox 1413 820 1488 896; x_wconf 83' lang='grc' dir='ltr'><strong>τῷ</strong></span> <span class='ocrx_word' id='word_1_49' title='bbox 1529 814 1676 888; x_wconf 78' lang='grc' dir='ltr'>ὄντι,</span> <span class='ocrx_word' id='word_1_50' title='bbox 1729 815 1825 874; x_wconf 81' lang='lat' dir='ltr'><strong>xui</strong></span> <span class='ocrx_word' id='word_1_51' title='bbox 1854 817 2020 895; x_wconf 79' lang='grc' dir='ltr'>δῶρον</span> 
     </span>
    </p>
   </div>
   <div class='ocr_carea' id='block_1_9' title="bbox 421 904 2018 985">
    <p class='ocr_par' dir='ltr' id='par_1_9' title="bbox 421 904 2018 985">
     <span class='ocr_line' id='line_1_9' title="bbox 421 904 2018 985; baseline -0.003 -19"><span class='ocrx_word' id='word_1_52' title='bbox 421 907 590 979; x_wconf 86' lang='grc' dir='ltr'>Θεοῦ,</span> <span class='ocrx_word' id='word_1_53' title='bbox 633 905 726 964; x_wconf 76' lang='grc' dir='ltr'>καὶ</span> <span class='ocrx_word' id='word_1_54' title='bbox 772 904 1044 982; x_wconf 79' lang='grc' dir='ltr'><strong>ἐξομοιοῦν</strong></span> <span class='ocrx_word' id='word_1_55' title='bbox 1097 907 1243 985; x_wconf 80' lang='grc' dir='ltr'>αὐτῷ</span> <span class='ocrx_word' id='word_1_56' title='bbox 1305 905 1523 964; x_wconf 85' lang='grc' dir='ltr'>δυνατὸν</span> <span class='ocrx_word' id='word_1_57' title='bbox 1574 904 1662 963; x_wconf 86' lang='grc' dir='ltr'><strong>τὸν</strong></span> <span class='ocrx_word' id='word_1_58' title='bbox 1726 904 1974 981; x_wconf 80' lang='grc' dir='ltr'><strong>μετιόντα</strong></span> <span class='ocrx_word' id='word_1_59' title='bbox 2004 923 2018 939; x_wconf 84' lang='lat'><strong><em>°</em></strong></span> 
     </span>
    </p>
   </div>
   <div class='ocr_carea' id='block_1_10' title="bbox 419 992 2019 1075">
    <p class='ocr_par' dir='ltr' id='par_1_10' title="bbox 419 992 2019 1075">
     <span class='ocr_line' id='line_1_10' title="bbox 419 992 2019 1075; baseline 0 -23"><span class='ocrx_word' id='word_1_60' title='bbox 419 994 532 1054; x_wconf 81' lang='grc' dir='ltr'>ὅθεν</span> <span class='ocrx_word' id='word_1_61' title='bbox 587 995 681 1053; x_wconf 88' lang='grc' dir='ltr'><strong>καί</strong></span> <span class='ocrx_word' id='word_1_62' title='bbox 731 1017 809 1062; x_wconf 87' lang='grc' dir='ltr'><strong>τις</strong></span> <span class='ocrx_word' id='word_1_63' title='bbox 864 994 1020 1075; x_wconf 78' lang='grc' dir='ltr'>σοφός</span> <span class='ocrx_word' id='word_1_64' title='bbox 1070 1017 1241 1074; x_wconf 75' lang='grc' dir='ltr'>φησιο</span> <span class='ocrx_word' id='word_1_65' title='bbox 1302 1015 1332 1051; x_wconf 75' lang='grc' dir='ltr'><strong>α</strong></span> <span class='ocrx_word' id='word_1_66' title='bbox 1372 994 1524 1073; x_wconf 82' lang='grc' dir='ltr'>Μέγα</span> <span class='ocrx_word' id='word_1_67' title='bbox 1578 992 1891 1073; x_wconf 84' lang='grc' dir='ltr'>ἄνθρωπος,</span> <span class='ocrx_word' id='word_1_68' title='bbox 1926 992 2019 1052; x_wconf 82' lang='grc' dir='ltr'><strong>καὶ</strong></span> 
     </span>
    </p>
   </div>
   <div class='ocr_carea' id='block_1_11' title="bbox 423 1083 1202 1166">
    <p class='ocr_par' dir='ltr' id='par_1_11' title="bbox 423 1083 1202 1166">
     <span class='ocr_line' id='line_1_11' title="bbox 423 1083 1202 1166; baseline -0.001 -23"><span class='ocrx_word' id='word_1_69' title='bbox 423 1084 602 1162; x_wconf 87' lang='grc' dir='ltr'>τίμιον</span> <span class='ocrx_word' id='word_1_70' title='bbox 633 1083 770 1166; x_wconf 79' lang='grc' dir='ltr'>ἀνὴρ</span> <span class='ocrx_word' id='word_1_71' title='bbox 798 1083 1042 1162; x_wconf 75' lang='grc' dir='ltr'><strong>ἐλεήμων</strong></span> <span class='ocrx_word' id='word_1_72' title='bbox 1069 1083 1140 1141; x_wconf 81' lang='grc'><strong>²¹.</strong></span> <span class='ocrx_word' id='word_1_73' title='bbox 1169 1105 1202 1142; x_wconf 78' lang='lat' dir='ltr'><strong>n</strong></span> 
     </span>
    </p>
   </div>
   <div class='ocr_carea' id='block_1_12' title="bbox 504 1349 2019 1433">
    <p class='ocr_par' dir='ltr' id='par_1_12' title="bbox 504 1349 2019 1433">
     <span class='ocr_line' id='line_1_12' title="bbox 504 1349 2019 1433; baseline 0.001 -24"><span class='ocrx_word' id='word_1_74' title='bbox 504 1374 538 1409; x_wconf 78' lang='grc' dir='ltr'><strong>α</strong></span> <span class='ocrx_word' id='word_1_75' title='bbox 581 1350 725 1412; x_wconf 80' lang='grc' dir='ltr'>Ἀλλ’</span> <span class='ocrx_word' id='word_1_76' title='bbox 763 1350 944 1433; x_wconf 79' lang='grc' dir='ltr'>ὥσπερ</span> <span class='ocrx_word' id='word_1_77' title='bbox 992 1353 1048 1410; x_wconf 75' lang='grc' dir='ltr'>ἐν</span> <span class='ocrx_word' id='word_1_78' title='bbox 1079 1351 1241 1411; x_wconf 79' lang='grc' dir='ltr'>παντὶ</span> <span class='ocrx_word' id='word_1_79' title='bbox 1272 1349 1614 1431; x_wconf 73' lang='grc' dir='ltr'><strong>περισσεύετε</strong></span> <span class='ocrx_word' id='word_1_80' title='bbox 1663 1350 1877 1428; x_wconf 83' lang='grc' dir='ltr'>πίστει,</span> <span class='ocrx_word' id='word_1_81' title='bbox 1925 1351 2019 1411; x_wconf 81' lang='grc' dir='ltr'><strong>καὶ</strong></span> 
     </span>
    </p>
   </div>
   <div class='ocr_carea' id='block_1_13' title="bbox 423 1440 2019 1522">
    <p class='ocr_par' dir='ltr' id='par_1_13' title="bbox 423 1440 2019 1522">
     <span class='ocr_line' id='line_1_13' title="bbox 423 1440 2019 1522; baseline 0.001 -23"><span class='ocrx_word' id='word_1_82' title='bbox 423 1441 598 1522; x_wconf 83' lang='grc' dir='ltr'>λόγῳ,</span> <span class='ocrx_word' id='word_1_83' title='bbox 647 1443 741 1500; x_wconf 84' lang='grc' dir='ltr'>καὶ</span> <span class='ocrx_word' id='word_1_84' title='bbox 791 1441 1021 1520; x_wconf 84' lang='grc' dir='ltr'>γνώσει,</span> <span class='ocrx_word' id='word_1_85' title='bbox 1073 1440 1168 1501; x_wconf 75' lang='grc' dir='ltr'>καὶ</span> <span class='ocrx_word' id='word_1_86' title='bbox 1221 1442 1426 1522; x_wconf 84' lang='grc' dir='ltr'>σπουδῇ</span> <span class='ocrx_word' id='word_1_87' title='bbox 1473 1440 1658 1520; x_wconf 81' lang='grc' dir='ltr'>πάσῃ,</span> <span class='ocrx_word' id='word_1_88' title='bbox 1707 1441 1799 1500; x_wconf 82' lang='lat' dir='ltr'><strong>xui</strong></span> <span class='ocrx_word' id='word_1_89' title='bbox 1967 1441 2019 1509; x_wconf 83' lang='grc' dir='ltr'><strong>ἐξ</strong></span> 
     </span>
    </p>
   </div>
   <div class='ocr_carea' id='block_1_14' title="bbox 421 1529 2019 1612">
    <p class='ocr_par' dir='ltr' id='par_1_14' title="bbox 421 1529 2019 1612">
     <span class='ocr_line' id='line_1_14' title="bbox 421 1529 2019 1612; baseline 0 -24"><span class='ocrx_word' id='word_1_90' title='bbox 421 1533 568 1607; x_wconf 77' lang='grc' dir='ltr'>ὑμῶν</span> <span class='ocrx_word' id='word_1_91' title='bbox 607 1531 794 1612; x_wconf 83' lang='grc' dir='ltr'>ἀγάπῃ</span> <span class='ocrx_word' id='word_1_92' title='bbox 846 1533 901 1590; x_wconf 78' lang='grc' dir='ltr'>ἐν</span> <span class='ocrx_word' id='word_1_93' title='bbox 943 1537 1105 1609; x_wconf 84' lang='grc' dir='ltr'>ἡμῖν,</span> <span class='ocrx_word' id='word_1_94' title='bbox 1154 1529 1242 1589; x_wconf 81' lang='grc' dir='ltr'><strong>ἵνα</strong></span> <span class='ocrx_word' id='word_1_95' title='bbox 1301 1531 1393 1589; x_wconf 85' lang='lat' dir='ltr'><strong>xui</strong></span> <span class='ocrx_word' id='word_1_96' title='bbox 1423 1533 1476 1589; x_wconf 77' lang='grc' dir='ltr'><strong>ἐν</strong></span> <span class='ocrx_word' id='word_1_97' title='bbox 1507 1531 1675 1611; x_wconf 83' lang='grc' dir='ltr'>ταύτῃ</span> <span class='ocrx_word' id='word_1_98' title='bbox 1837 1531 2019 1611; x_wconf 90' lang='grc' dir='ltr'>χάριτι</span> 
     </span>
    </p>
   </div>
   <div class='ocr_carea' id='block_1_15' title="bbox 421 1619 2019 1702">
    <p class='ocr_par' dir='ltr' id='par_1_15' title="bbox 421 1619 2019 1702">
     <span class='ocr_line' id='line_1_15' title="bbox 421 1619 2019 1702; baseline -0.001 -23"><span class='ocrx_word' id='word_1_99' title='bbox 421 1620 790 1700; x_wconf 74' lang='grc' dir='ltr'>περισσεύητε.</span> <span class='ocrx_word' id='word_1_100' title='bbox 857 1642 886 1677; x_wconf 70' lang='grc' dir='ltr'><strong>ι</strong></span> <span class='ocrx_word' id='word_1_101' title='bbox 938 1619 1070 1679; x_wconf 87' lang='grc' dir='ltr'><strong>Μετ’</strong></span> <span class='ocrx_word' id='word_1_102' title='bbox 1130 1619 1408 1698; x_wconf 76' lang='grc' dir='ltr'><strong>ἐγκωμίων</strong></span> <span class='ocrx_word' id='word_1_103' title='bbox 1481 1619 1878 1702; x_wconf 77' lang='grc' dir='ltr'>προτρέπεται,</span> <span class='ocrx_word' id='word_1_104' title='bbox 1927 1619 2019 1678; x_wconf 88' lang='grc' dir='ltr'><strong>καί</strong></span> 
     </span>
    </p>
   </div>
   <div class='ocr_carea' id='block_1_16' title="bbox 421 1707 2020 1791">
    <p class='ocr_par' dir='ltr' id='par_1_16' title="bbox 421 1707 2020 1791">
     <span class='ocr_line' id='line_1_16' title="bbox 421 1707 2020 1791; baseline -0.003 -20"><span class='ocrx_word' id='word_1_105' title='bbox 421 1733 613 1791; x_wconf 78' lang='grc' dir='ltr'>φησιν,</span> <span class='ocrx_word' id='word_1_106' title='bbox 645 1707 727 1768; x_wconf 80' lang='grc' dir='ltr'><strong>ὅτι</strong></span> <span class='ocrx_word' id='word_1_107' title='bbox 743 1707 967 1788; x_wconf 85' lang='grc' dir='ltr'>Ὥσπερ</span> <span class='ocrx_word' id='word_1_108' title='bbox 992 1711 1059 1769; x_wconf 83' lang='grc' dir='ltr'><strong>τὰ</strong></span> <span class='ocrx_word' id='word_1_109' title='bbox 1089 1710 1227 1768; x_wconf 82' lang='grc' dir='ltr'>ἀλλα</span> <span class='ocrx_word' id='word_1_110' title='bbox 1257 1709 1432 1768; x_wconf 90' lang='grc' dir='ltr'>πάντα</span> <span class='ocrx_word' id='word_1_111' title='bbox 1464 1709 1602 1787; x_wconf 80' lang='grc' dir='ltr'>μετὰ</span> <span class='ocrx_word' id='word_1_112' title='bbox 1629 1709 1682 1748; x_wconf 85' lang='grc'><strong>²²</strong></span> <span class='ocrx_word' id='word_1_113' title='bbox 1715 1709 2020 1790; x_wconf 90' lang='grc' dir='ltr'>περισσείας</span> 
     </span>
    </p>
   </div>
   <div class='ocr_carea' id='block_1_17' title="bbox 2125 635 3723 711">
    <p class='ocr_par' dir='ltr' id='par_1_17' title="bbox 2125 635 3723 711">
     <span class='ocr_line' id='line_1_17' title="bbox 2125 635 3723 711; baseline 0.001 -19"><span class='ocrx_word' id='word_1_114' title='bbox 2125 635 2554 694; x_wconf 88' lang='lat' dir='ltr'><strong>monefacerem.</strong></span> <span class='ocrx_word' id='word_1_115' title='bbox 2593 640 2698 696; x_wconf 88' lang='lat' dir='ltr'><strong>Per</strong></span> <span class='ocrx_word' id='word_1_116' title='bbox 2721 639 2841 695; x_wconf 64' lang='lat' dir='ltr'><strong>haec</strong></span> <span class='ocrx_word' id='word_1_117' title='bbox 2865 647 3054 696; x_wconf 90' lang='lat' dir='ltr'><strong>autem</strong></span> <span class='ocrx_word' id='word_1_118' title='bbox 3072 640 3263 695; x_wconf 90' lang='lat' dir='ltr'><strong>Titum</strong></span> <span class='ocrx_word' id='word_1_119' title='bbox 3289 639 3416 711; x_wconf 88' lang='lat' dir='ltr'><strong>ipsis</strong></span> <span class='ocrx_word' id='word_1_120' title='bbox 3443 641 3723 708; x_wconf 82' lang='lat' dir='ltr'><strong>conciliat,</strong></span> 
     </span>
    </p>
   </div>
   <div class='ocr_carea' id='block_1_18' title="bbox 2125 726 3724 801">
    <p class='ocr_par' dir='ltr' id='par_1_18' title="bbox 2125 726 3724 801">
     <span class='ocr_line' id='line_1_18' title="bbox 2125 726 3724 801; baseline 0.004 -20"><span class='ocrx_word' id='word_1_121' title='bbox 2125 735 2186 782; x_wconf 92' lang='lat' dir='ltr'><strong>ut</strong></span> <span class='ocrx_word' id='word_1_122' title='bbox 2217 726 2312 782; x_wconf 92' lang='lat' dir='ltr'><strong>ubi</strong></span> <span class='ocrx_word' id='word_1_123' title='bbox 2362 729 2574 784; x_wconf 83' lang='lat' dir='ltr'><strong>venerit</strong></span> <span class='ocrx_word' id='word_1_124' title='bbox 2622 737 2787 800; x_wconf 92' lang='lat' dir='ltr'><strong>atque</strong></span> <span class='ocrx_word' id='word_1_125' title='bbox 2813 727 2885 784; x_wconf 92' lang='lat' dir='ltr'><strong>de</strong></span> <span class='ocrx_word' id='word_1_126' title='bbox 2911 728 3255 801; x_wconf 90' lang='lat' dir='ltr'><strong>eleemosyna</strong></span> <span class='ocrx_word' id='word_1_127' title='bbox 3294 731 3600 799; x_wconf 79' lang='lat' dir='ltr'><strong>consultet,</strong></span> <span class='ocrx_word' id='word_1_128' title='bbox 3647 731 3724 787; x_wconf 86' lang='lat' dir='ltr'><strong>fa-</strong></span> 
     </span>
    </p>
   </div>
   <div class='ocr_carea' id='block_1_19' title="bbox 2121 815 3722 890">
    <p class='ocr_par' dir='ltr' id='par_1_19' title="bbox 2121 815 3722 890">
     <span class='ocr_line' id='line_1_19' title="bbox 2121 815 3722 890; baseline 0.002 -19"><span class='ocrx_word' id='word_1_129' title='bbox 2121 816 2282 872; x_wconf 86' lang='lat' dir='ltr'><strong>cilius</strong></span> <span class='ocrx_word' id='word_1_130' title='bbox 2301 816 2350 872; x_wconf 91' lang='lat' dir='ltr'><strong>ei</strong></span> <span class='ocrx_word' id='word_1_131' title='bbox 2371 815 2631 885; x_wconf 86' lang='lat' dir='ltr'><strong>credant,</strong></span> <span class='ocrx_word' id='word_1_132' title='bbox 2660 833 2762 874; x_wconf 92' lang='lat' dir='ltr'><strong>ceu</strong></span> <span class='ocrx_word' id='word_1_133' title='bbox 2787 817 3055 890; x_wconf 81' lang='lat' dir='ltr'><strong>cogitanti</strong></span> <span class='ocrx_word' id='word_1_134' title='bbox 3092 834 3216 890; x_wconf 72' lang='lat' dir='ltr'><strong>quae</strong></span> <span class='ocrx_word' id='word_1_135' title='bbox 3245 817 3314 875; x_wconf 88' lang='lat' dir='ltr'><strong>ad</strong></span> <span class='ocrx_word' id='word_1_136' title='bbox 3339 833 3537 875; x_wconf 89' lang='lat' dir='ltr'><strong>eorum</strong></span> <span class='ocrx_word' id='word_1_137' title='bbox 3576 820 3722 876; x_wconf 87' lang='lat' dir='ltr'><strong>salu-</strong></span> 
     </span>
    </p>
   </div>
   <div class='ocr_carea' id='block_1_20' title="bbox 2126 904 3720 979">
    <p class='ocr_par' dir='ltr' id='par_1_20' title="bbox 2126 904 3720 979">
     <span class='ocr_line' id='line_1_20' title="bbox 2126 904 3720 979; baseline 0.003 -19"><span class='ocrx_word' id='word_1_138' title='bbox 2126 915 2238 961; x_wconf 91' lang='lat' dir='ltr'><strong>tem</strong></span> <span class='ocrx_word' id='word_1_139' title='bbox 2286 904 2505 962; x_wconf 81' lang='lat' dir='ltr'><strong>faciant.</strong></span> <span class='ocrx_word' id='word_1_140' title='bbox 2555 910 2766 964; x_wconf 83' lang='lat' dir='ltr'><strong>Rursus</strong></span> <span class='ocrx_word' id='word_1_141' title='bbox 2808 914 2999 964; x_wconf 91' lang='lat' dir='ltr'><strong>autem</strong></span> <span class='ocrx_word' id='word_1_142' title='bbox 3051 909 3287 979; x_wconf 79' lang='lat' dir='ltr'><strong>gratiam</strong></span> <span class='ocrx_word' id='word_1_143' title='bbox 3335 909 3551 964; x_wconf 90' lang='lat' dir='ltr'><strong>vocavit</strong></span> <span class='ocrx_word' id='word_1_144' title='bbox 3599 924 3720 964; x_wconf 89' lang='lat' dir='ltr'><strong>rem</strong></span> 
     </span>
    </p>
   </div>
   <div class='ocr_carea' id='block_1_21' title="bbox 2124 995 3720 1068">
    <p class='ocr_par' dir='ltr' id='par_1_21' title="bbox 2124 995 3720 1068">
     <span class='ocr_line' id='line_1_21' title="bbox 2124 995 3720 1068; baseline 0.001 -18"><span class='ocrx_word' id='word_1_145' title='bbox 2124 995 2290 1052; x_wconf 90' lang='lat' dir='ltr'><strong>istam</strong></span> <span class='ocrx_word' id='word_1_146' title='bbox 2329 1017 2341 1052; x_wconf 90' lang='lat'>:</span> <span class='ocrx_word' id='word_1_147' title='bbox 2390 1011 2652 1068; x_wconf 80' lang='lat' dir='ltr'><strong>magnum</strong></span> <span class='ocrx_word' id='word_1_148' title='bbox 2690 996 2839 1052; x_wconf 86' lang='lat' dir='ltr'><strong>enim</strong></span> <span class='ocrx_word' id='word_1_149' title='bbox 2875 1012 3065 1053; x_wconf 82' lang='lat' dir='ltr'><strong>revera</strong></span> <span class='ocrx_word' id='word_1_150' title='bbox 3095 1005 3180 1053; x_wconf 91' lang='lat' dir='ltr'><strong>est</strong></span> <span class='ocrx_word' id='word_1_151' title='bbox 3214 1013 3278 1053; x_wconf 89' lang='lat' dir='ltr'><strong>ac</strong></span> <span class='ocrx_word' id='word_1_152' title='bbox 3331 998 3427 1053; x_wconf 90' lang='lat' dir='ltr'><strong>Dei</strong></span> <span class='ocrx_word' id='word_1_153' title='bbox 3474 997 3720 1066; x_wconf 86' lang='lat' dir='ltr'><strong>donum,</strong></span> 
     </span>
    </p>
   </div>
   <div class='ocr_carea' id='block_1_22' title="bbox 2124 1085 3726 1158">
    <p class='ocr_par' dir='ltr' id='par_1_22' title="bbox 2124 1085 3726 1158">
     <span class='ocr_line' id='line_1_22' title="bbox 2124 1085 3726 1158; baseline 0.002 -19"><span class='ocrx_word' id='word_1_154' title='bbox 2124 1099 2398 1156; x_wconf 90' lang='lat' dir='ltr'><strong>eumque,</strong></span> <span class='ocrx_word' id='word_1_155' title='bbox 2437 1086 2533 1158; x_wconf 88' lang='lat' dir='ltr'><strong>qui</strong></span> <span class='ocrx_word' id='word_1_156' title='bbox 2610 1085 2728 1158; x_wconf 85' lang='lat' dir='ltr'><strong>ejus</strong></span> <span class='ocrx_word' id='word_1_157' title='bbox 2766 1093 2850 1142; x_wconf 90' lang='lat' dir='ltr'><strong>est</strong></span> <span class='ocrx_word' id='word_1_158' title='bbox 2900 1085 3198 1158; x_wconf 86' lang='lat' dir='ltr'><strong>particeps,</strong></span> <span class='ocrx_word' id='word_1_159' title='bbox 3245 1091 3364 1143; x_wconf 90' lang='lat' dir='ltr'><strong>Deo</strong></span> <span class='ocrx_word' id='word_1_160' title='bbox 3420 1087 3726 1143; x_wconf 88' lang='lat' dir='ltr'><strong>assimilare</strong></span> 
     </span>
    </p>
   </div>
   <div class='ocr_carea' id='block_1_23' title="bbox 2125 1173 3724 1250">
    <p class='ocr_par' dir='ltr' id='par_1_23' title="bbox 2125 1173 3724 1250">
     <span class='ocr_line' id='line_1_23' title="bbox 2125 1173 3724 1250; baseline 0.003 -22"><span class='ocrx_word' id='word_1_161' title='bbox 2125 1173 2282 1230; x_wconf 89' lang='lat' dir='ltr'><strong>valet.</strong></span> <span class='ocrx_word' id='word_1_162' title='bbox 2314 1175 2479 1232; x_wconf 87' lang='lat' dir='ltr'><strong>Unde</strong></span> <span class='ocrx_word' id='word_1_163' title='bbox 2506 1183 2561 1232; x_wconf 91' lang='lat' dir='ltr'><strong>et</strong></span> <span class='ocrx_word' id='word_1_164' title='bbox 2599 1176 2819 1247; x_wconf 87' lang='lat' dir='ltr'><strong>sapiens</strong></span> <span class='ocrx_word' id='word_1_165' title='bbox 2847 1175 3124 1248; x_wconf 88' lang='lat' dir='ltr'><strong>quispiam</strong></span> <span class='ocrx_word' id='word_1_166' title='bbox 3163 1176 3301 1232; x_wconf 86' lang='lat' dir='ltr'><strong>dixit</strong></span> <span class='ocrx_word' id='word_1_167' title='bbox 3345 1194 3361 1232; x_wconf 91' lang='lat'><strong>:</strong></span> <span class='ocrx_word' id='word_1_168' title='bbox 3398 1199 3422 1225; x_wconf 76' lang='grc' dir='ltr'><strong>α</strong></span> <span class='ocrx_word' id='word_1_169' title='bbox 3459 1179 3724 1250; x_wconf 81' lang='lat' dir='ltr'><strong>Magnum</strong></span> 
     </span>
    </p>
   </div>
   <div class='ocr_carea' id='block_1_24' title="bbox 2125 1261 3719 1337">
    <p class='ocr_par' dir='ltr' id='par_1_24' title="bbox 2125 1261 3719 1337">
     <span class='ocr_line' id='line_1_24' title="bbox 2125 1261 3719 1337; baseline 0.001 -17"><span class='ocrx_word' id='word_1_170' title='bbox 2125 1261 2393 1335; x_wconf 88' lang='lat' dir='ltr'><strong>quiddam</strong></span> <span class='ocrx_word' id='word_1_171' title='bbox 2419 1273 2504 1320; x_wconf 90' lang='lat' dir='ltr'><strong>est</strong></span> <span class='ocrx_word' id='word_1_172' title='bbox 2531 1264 2726 1334; x_wconf 89' lang='lat' dir='ltr'><strong>homo,</strong></span> <span class='ocrx_word' id='word_1_173' title='bbox 2773 1273 2830 1322; x_wconf 93' lang='lat' dir='ltr'><strong>et</strong></span> <span class='ocrx_word' id='word_1_174' title='bbox 2868 1265 3168 1337; x_wconf 87' lang='lat' dir='ltr'><strong>pretiosum</strong></span> <span class='ocrx_word' id='word_1_175' title='bbox 3196 1265 3278 1321; x_wconf 92' lang='lat' dir='ltr'><strong>vir</strong></span> <span class='ocrx_word' id='word_1_176' title='bbox 3324 1265 3659 1322; x_wconf 87' lang='lat' dir='ltr'><strong>misericors.</strong></span> <span class='ocrx_word' id='word_1_177' title='bbox 3695 1289 3719 1312; x_wconf 68' lang='grc' dir='ltr'><strong>υ</strong></span> 
     </span>
    </p>
   </div>
   <div class='ocr_carea' id='block_1_25' title="bbox 2196 1354 3725 1412">
    <p class='ocr_par' dir='ltr' id='par_1_25' title="bbox 2196 1354 3725 1412">
     <span class='ocr_line' id='line_1_25' title="bbox 2196 1354 3725 1412; baseline 0.001 -4"><span class='ocrx_word' id='word_1_178' title='bbox 2196 1355 2378 1412; x_wconf 74' lang='lat' dir='ltr'><strong>Vsus.</strong></span> <span class='ocrx_word' id='word_1_179' title='bbox 2415 1361 2470 1411; x_wconf 83' lang='lat'><strong>7.</strong></span> <span class='ocrx_word' id='word_1_180' title='bbox 2500 1379 2524 1403; x_wconf 75' lang='grc' dir='ltr'><strong>α</strong></span> <span class='ocrx_word' id='word_1_181' title='bbox 2568 1355 2673 1412; x_wconf 90' lang='lat' dir='ltr'><strong>Sed</strong></span> <span class='ocrx_word' id='word_1_182' title='bbox 2701 1355 2843 1411; x_wconf 86' lang='lat' dir='ltr'><strong>sicut</strong></span> <span class='ocrx_word' id='word_1_183' title='bbox 2871 1354 2926 1410; x_wconf 91' lang='lat' dir='ltr'><strong>in</strong></span> <span class='ocrx_word' id='word_1_184' title='bbox 2971 1354 3238 1412; x_wconf 85' lang='lat' dir='ltr'><strong>omnibus</strong></span> <span class='ocrx_word' id='word_1_185' title='bbox 3281 1354 3573 1412; x_wconf 89' lang='lat' dir='ltr'><strong>abundatis</strong></span> <span class='ocrx_word' id='word_1_186' title='bbox 3615 1355 3725 1411; x_wconf 83' lang='lat' dir='ltr'><strong>fide</strong></span> 
     </span>
    </p>
   </div>
   <div class='ocr_carea' id='block_1_26' title="bbox 2124 1444 3724 1502">
    <p class='ocr_par' dir='ltr' id='par_1_26' title="bbox 2124 1444 3724 1502">
     <span class='ocr_line' id='line_1_26' title="bbox 2124 1444 3724 1502; baseline 0.001 -3"><span class='ocrx_word' id='word_1_187' title='bbox 2124 1450 2182 1498; x_wconf 91' lang='lat' dir='ltr'><strong>et</strong></span> <span class='ocrx_word' id='word_1_188' title='bbox 2205 1459 2462 1500; x_wconf 88' lang='lat' dir='ltr'><strong>sermone</strong></span> <span class='ocrx_word' id='word_1_189' title='bbox 2499 1453 2553 1501; x_wconf 92' lang='lat' dir='ltr'><strong>et</strong></span> <span class='ocrx_word' id='word_1_190' title='bbox 2581 1445 2805 1501; x_wconf 88' lang='lat' dir='ltr'><strong>scientia</strong></span> <span class='ocrx_word' id='word_1_191' title='bbox 2828 1452 2884 1500; x_wconf 92' lang='lat' dir='ltr'><strong>et</strong></span> <span class='ocrx_word' id='word_1_192' title='bbox 2902 1445 3058 1502; x_wconf 89' lang='lat' dir='ltr'><strong>omni</strong></span> <span class='ocrx_word' id='word_1_193' title='bbox 3099 1444 3475 1502; x_wconf 88' lang='lat' dir='ltr'><strong>sollicitudine</strong></span> <span class='ocrx_word' id='word_1_194' title='bbox 3507 1453 3565 1501; x_wconf 93' lang='lat' dir='ltr'><strong>et</strong></span> <span class='ocrx_word' id='word_1_195' title='bbox 3597 1445 3724 1501; x_wconf 85' lang='lat' dir='ltr'><strong>cha-</strong></span> 
     </span>
    </p>
   </div>
   <div class='ocr_carea' id='block_1_27' title="bbox 2123 1533 3724 1608">
    <p class='ocr_par' dir='ltr' id='par_1_27' title="bbox 2123 1533 3724 1608">
     <span class='ocr_line' id='line_1_27' title="bbox 2123 1533 3724 1608; baseline 0.002 -21"><span class='ocrx_word' id='word_1_196' title='bbox 2123 1533 2286 1588; x_wconf 87' lang='lat' dir='ltr'><strong>ritate</strong></span> <span class='ocrx_word' id='word_1_197' title='bbox 2314 1542 2490 1589; x_wconf 91' lang='lat' dir='ltr'><strong>vestra</strong></span> <span class='ocrx_word' id='word_1_198' title='bbox 2520 1535 2576 1589; x_wconf 91' lang='lat' dir='ltr'><strong>in</strong></span> <span class='ocrx_word' id='word_1_199' title='bbox 2605 1550 2729 1603; x_wconf 91' lang='lat' dir='ltr'><strong>nos,</strong></span> <span class='ocrx_word' id='word_1_200' title='bbox 2760 1543 2825 1590; x_wconf 93' lang='lat' dir='ltr'><strong>ut</strong></span> <span class='ocrx_word' id='word_1_201' title='bbox 2844 1541 2901 1590; x_wconf 89' lang='lat' dir='ltr'><strong>et</strong></span> <span class='ocrx_word' id='word_1_202' title='bbox 2929 1535 2990 1589; x_wconf 90' lang='lat' dir='ltr'><strong>in</strong></span> <span class='ocrx_word' id='word_1_203' title='bbox 3021 1533 3124 1591; x_wconf 90' lang='lat' dir='ltr'><strong>hac</strong></span> <span class='ocrx_word' id='word_1_204' title='bbox 3151 1534 3331 1608; x_wconf 86' lang='lat' dir='ltr'><strong>gratia</strong></span> <span class='ocrx_word' id='word_1_205' title='bbox 3361 1533 3671 1590; x_wconf 88' lang='lat' dir='ltr'><strong>abundetis.</strong></span> <span class='ocrx_word' id='word_1_206' title='bbox 3701 1557 3724 1581; x_wconf 77' lang='grc' dir='ltr'>ι»</span> 
     </span>
    </p>
   </div>
   <div class='ocr_carea' id='block_1_28' title="bbox 2124 1621 3727 1694">
    <p class='ocr_par' dir='ltr' id='par_1_28' title="bbox 2124 1621 3727 1694">
     <span class='ocr_line' id='line_1_28' title="bbox 2124 1621 3727 1694; baseline 0.002 -18"><span class='ocrx_word' id='word_1_207' title='bbox 2124 1621 2430 1678; x_wconf 90' lang='lat' dir='ltr'><strong>Laudando</strong></span> <span class='ocrx_word' id='word_1_208' title='bbox 2469 1622 2815 1690; x_wconf 88' lang='lat' dir='ltr'><strong>adhortatur,</strong></span> <span class='ocrx_word' id='word_1_209' title='bbox 2860 1623 3116 1694; x_wconf 90' lang='lat' dir='ltr'><strong>inquiens</strong></span> <span class='ocrx_word' id='word_1_210' title='bbox 3174 1641 3188 1678; x_wconf 91' lang='lat'>:</span> <span class='ocrx_word' id='word_1_211' title='bbox 3241 1623 3727 1694; x_wconf 91' lang='lat' dir='ltr'><strong>Quemadmodum</strong></span> 
     </span>
    </p>
   </div>
   <div class='ocr_carea' id='block_1_29' title="bbox 2125 1711 3727 1781">
    <p class='ocr_par' dir='ltr' id='par_1_29' title="bbox 2125 1711 3727 1781">
     <span class='ocr_line' id='line_1_29' title="bbox 2125 1711 3727 1781; baseline 0.001 -15"><span class='ocrx_word' id='word_1_212' title='bbox 2125 1719 2320 1768; x_wconf 85' lang='lat' dir='ltr'><strong>caetera</strong></span> <span class='ocrx_word' id='word_1_213' title='bbox 2349 1712 2536 1768; x_wconf 89' lang='lat' dir='ltr'><strong>omnia</strong></span> <span class='ocrx_word' id='word_1_214' title='bbox 2561 1711 2776 1769; x_wconf 89' lang='lat' dir='ltr'><strong>abunde</strong></span> <span class='ocrx_word' id='word_1_215' title='bbox 2821 1712 3019 1768; x_wconf 89' lang='lat' dir='ltr'><strong>tenetis</strong></span> <span class='ocrx_word' id='word_1_216' title='bbox 3040 1754 3056 1781; x_wconf 92' lang='lat'><strong>,</strong></span> <span class='ocrx_word' id='word_1_217' title='bbox 3099 1712 3180 1768; x_wconf 89' lang='lat' dir='ltr'><strong>sic</strong></span> <span class='ocrx_word' id='word_1_218' title='bbox 3208 1721 3265 1769; x_wconf 92' lang='lat' dir='ltr'><strong>et</strong></span> <span class='ocrx_word' id='word_1_219' title='bbox 3294 1712 3402 1768; x_wconf 92' lang='lat' dir='ltr'><strong>hoc</strong></span> <span class='ocrx_word' id='word_1_220' title='bbox 3428 1712 3578 1778; x_wconf 89' lang='lat' dir='ltr'><strong>loco,</strong></span> <span class='ocrx_word' id='word_1_221' title='bbox 3616 1728 3727 1769; x_wconf 91' lang='lat' dir='ltr'><strong>non</strong></span> 
     </span>
    </p>
   </div>
   <div class='ocr_carea' id='block_1_30' title="bbox 421 1797 2048 1902">
    <p class='ocr_par' dir='ltr' id='par_1_30' title="bbox 421 1797 2010 1902">
     <span class='ocr_line' id='line_1_30' title="bbox 421 1797 2010 1902; baseline -0.001 -44"><span class='ocrx_word' id='word_1_222' title='bbox 421 1799 571 1880; x_wconf 69' lang='grc' dir='ltr'>ἔχετε</span> <span class='ocrx_word' id='word_1_223' title='bbox 589 1844 608 1871; x_wconf 90' lang='grc'><strong>,</strong></span> <span class='ocrx_word' id='word_1_224' title='bbox 641 1797 780 1902; x_wconf 70' lang='grc' dir='ltr'>οὕτω</span> <span class='ocrx_word' id='word_1_225' title='bbox 803 1799 896 1902; x_wconf 63' lang='grc' dir='ltr'><strong>καὶ</strong></span> <span class='ocrx_word' id='word_1_226' title='bbox 936 1803 1164 1902; x_wconf 63' lang='grc' dir='ltr'>ἐνταῦθα</span> <span class='ocrx_word' id='word_1_227' title='bbox 1181 1845 1201 1874; x_wconf 83' lang='grc'><strong>,</strong></span> <span class='ocrx_word' id='word_1_228' title='bbox 1233 1801 1334 1878; x_wconf 78' lang='grc' dir='ltr'>οὐχ</span> <span class='ocrx_word' id='word_1_229' title='bbox 1369 1797 1457 1858; x_wconf 69' lang='grc' dir='ltr'><strong>ἵνα</strong></span> <span class='ocrx_word' id='word_1_230' title='bbox 1486 1799 1622 1858; x_wconf 84' lang='grc' dir='ltr'>δῶτε</span> <span class='ocrx_word' id='word_1_231' title='bbox 1642 1843 1659 1873; x_wconf 93' lang='grc'><strong>,</strong></span> <span class='ocrx_word' id='word_1_232' title='bbox 1699 1801 1820 1902; x_wconf 68' lang='grc' dir='ltr'>ἀλλ’</span> <span class='ocrx_word' id='word_1_233' title='bbox 1848 1797 1936 1858; x_wconf 77' lang='grc' dir='ltr'><strong>ἵνα</strong></span> <span class='ocrx_word' id='word_1_234' title='bbox 1957 1799 2010 1837; x_wconf 72' lang='grc'><strong>2³</strong></span> 
     </span>
    </p>
   </div>
   <div class='ocr_carea' id='block_1_31' title="bbox 2129 1797 3726 1902">
    <p class='ocr_par' dir='ltr' id='par_1_31' title="bbox 2129 1801 3726 1873">
     <span class='ocr_line' id='line_1_31' title="bbox 2129 1801 3726 1873; baseline 0.001 -17"><span class='ocrx_word' id='word_1_235' title='bbox 2129 1810 2189 1857; x_wconf 94' lang='lat' dir='ltr'><strong>ut</strong></span> <span class='ocrx_word' id='word_1_236' title='bbox 2205 1803 2367 1870; x_wconf 90' lang='lat' dir='ltr'><strong>detis,</strong></span> <span class='ocrx_word' id='word_1_237' title='bbox 2394 1818 2587 1859; x_wconf 91' lang='lat' dir='ltr'><strong>verum</strong></span> <span class='ocrx_word' id='word_1_238' title='bbox 2624 1813 2688 1860; x_wconf 92' lang='lat' dir='ltr'><strong>ut</strong></span> <span class='ocrx_word' id='word_1_239' title='bbox 2705 1802 3036 1871; x_wconf 85' lang='lat' dir='ltr'><strong>exuberetis,</strong></span> <span class='ocrx_word' id='word_1_240' title='bbox 3066 1803 3148 1857; x_wconf 89' lang='lat' dir='ltr'><strong>vel</strong></span> <span class='ocrx_word' id='word_1_241' title='bbox 3173 1818 3336 1873; x_wconf 87' lang='lat' dir='ltr'><strong>supra</strong></span> <span class='ocrx_word' id='word_1_242' title='bbox 3373 1801 3726 1870; x_wconf 84' lang='lat' dir='ltr'><strong>Macedones,</strong></span> 
     </span>
    </p>
   </div>
   <div class='ocr_carea' id='block_1_32' title="bbox 422 1885 2012 1969">
    <p class='ocr_par' dir='ltr' id='par_1_32' title="bbox 422 1885 2012 1969">
     <span class='ocr_line' id='line_1_32' title="bbox 422 1885 2012 1969; baseline -0.001 -23"><span class='ocrx_word' id='word_1_243' title='bbox 422 1887 808 1968; x_wconf 81' lang='grc' dir='ltr'>περισσεύητε,</span> <span class='ocrx_word' id='word_1_244' title='bbox 846 1887 881 1959; x_wconf 77' lang='grc' dir='ltr'>ἢ</span> <span class='ocrx_word' id='word_1_245' title='bbox 910 1887 1042 1967; x_wconf 74' lang='grc' dir='ltr'>ὑπὲρ</span> <span class='ocrx_word' id='word_1_246' title='bbox 1087 1887 1209 1955; x_wconf 81' lang='grc' dir='ltr'>τοὺς</span> <span class='ocrx_word' id='word_1_247' title='bbox 1258 1887 1604 1965; x_wconf 79' lang='grc' dir='ltr'><strong>Μακεδόνας,</strong></span> <span class='ocrx_word' id='word_1_248' title='bbox 1654 1887 1691 1959; x_wconf 81' lang='grc' dir='ltr'><strong>ἢ</strong></span> <span class='ocrx_word' id='word_1_249' title='bbox 1733 1885 1822 1947; x_wconf 77' lang='grc' dir='ltr'><strong>ἵνα</strong></span> <span class='ocrx_word' id='word_1_250' title='bbox 1851 1889 2012 1969; x_wconf 73' lang='grc' dir='ltr'>δαψι-</span> 
     </span>
    </p>
   </div>
   <div class='ocr_carea' id='block_1_33' title="bbox 421 1976 2018 2058">
    <p class='ocr_par' dir='ltr' id='par_1_33' title="bbox 421 1976 2018 2058">
     <span class='ocr_line' id='line_1_33' title="bbox 421 1976 2018 2058; baseline -0.001 -21"><span class='ocrx_word' id='word_1_251' title='bbox 421 1979 680 2052; x_wconf 84' lang='grc' dir='ltr'>λεύσησθε</span> <span class='ocrx_word' id='word_1_252' title='bbox 710 1976 914 2045; x_wconf 77' lang='grc' dir='ltr'>ἅπλῶς.</span> <span class='ocrx_word' id='word_1_253' title='bbox 953 1998 983 2036; x_wconf 77' lang='grc' dir='ltr'><strong>α</strong></span> <span class='ocrx_word' id='word_1_254' title='bbox 1010 1977 1202 2038; x_wconf 85' lang='grc' dir='ltr'>Πίστει</span> <span class='ocrx_word' id='word_1_255' title='bbox 1232 1999 1262 2035; x_wconf 80' lang='lat' dir='ltr'><strong>n</strong></span> <span class='ocrx_word' id='word_1_256' title='bbox 1293 1978 1346 2036; x_wconf 77' lang='grc' dir='ltr'>δὲ</span> <span class='ocrx_word' id='word_1_257' title='bbox 1369 2023 1385 2053; x_wconf 93' lang='grc'><strong>,</strong></span> <span class='ocrx_word' id='word_1_258' title='bbox 1515 1981 1621 2036; x_wconf 85' lang='grc' dir='ltr'><strong>τῶν</strong></span> <span class='ocrx_word' id='word_1_259' title='bbox 1641 1977 2018 2058; x_wconf 82' lang='grc' dir='ltr'>χαρισμάτων,</span> 
     </span>
    </p>
   </div>
   <div class='ocr_carea' id='block_1_34' title="bbox 419 2064 2009 2148">
    <p class='ocr_par' dir='ltr' id='par_1_34' title="bbox 419 2064 2009 2148">
     <span class='ocr_line' id='line_1_34' title="bbox 419 2064 2009 2148; baseline -0.002 -23"><span class='ocrx_word' id='word_1_260' title='bbox 419 2071 486 2147; x_wconf 84' lang='grc' dir='ltr'><strong>τῇ</strong></span> <span class='ocrx_word' id='word_1_261' title='bbox 514 2065 816 2146; x_wconf 81' lang='grc' dir='ltr'>ἀδιστάκτῳ</span> <span class='ocrx_word' id='word_1_262' title='bbox 837 2091 849 2104; x_wconf 73' lang='grc' dir='ltr'><strong>ο</strong></span> <span class='ocrx_word' id='word_1_263' title='bbox 879 2087 910 2126; x_wconf 79' lang='grc' dir='ltr'><strong>α</strong></span> <span class='ocrx_word' id='word_1_264' title='bbox 931 2065 1100 2148; x_wconf 84' lang='grc' dir='ltr'>λόγῳ,</span> <span class='ocrx_word' id='word_1_265' title='bbox 1129 2090 1161 2123; x_wconf 66' lang='grc' dir='ltr'><strong>ι</strong></span> <span class='ocrx_word' id='word_1_266' title='bbox 1186 2070 1263 2147; x_wconf 83' lang='grc' dir='ltr'><strong>τῷ</strong></span> <span class='ocrx_word' id='word_1_267' title='bbox 1291 2069 1387 2138; x_wconf 83' lang='grc' dir='ltr'>τ’ἧς</span> <span class='ocrx_word' id='word_1_268' title='bbox 1411 2067 1594 2148; x_wconf 79' lang='grc' dir='ltr'>σοφίας</span> <span class='ocrx_word' id='word_1_269' title='bbox 1621 2088 1634 2101; x_wconf 92' lang='grc'><strong>·</strong></span> <span class='ocrx_word' id='word_1_270' title='bbox 1670 2089 1698 2124; x_wconf 73' lang='grc' dir='ltr'><strong>α</strong></span> <span class='ocrx_word' id='word_1_271' title='bbox 1737 2064 1954 2146; x_wconf 83' lang='grc' dir='ltr'>γνώσει,</span> <span class='ocrx_word' id='word_1_272' title='bbox 1981 2088 2009 2123; x_wconf 83' lang='grc'><strong>›)</strong></span> 
     </span>
    </p>
   </div>
   <div class='ocr_carea' id='block_1_35' title="bbox 418 2155 2017 2238">
    <p class='ocr_par' dir='ltr' id='par_1_35' title="bbox 418 2155 2017 2238">
     <span class='ocr_line' id='line_1_35' title="bbox 418 2155 2017 2238; baseline 0 -24"><span class='ocrx_word' id='word_1_273' title='bbox 418 2161 487 2238; x_wconf 83' lang='grc' dir='ltr'><strong>τῇ</strong></span> <span class='ocrx_word' id='word_1_274' title='bbox 513 2159 618 2215; x_wconf 81' lang='grc' dir='ltr'><strong>τῶν</strong></span> <span class='ocrx_word' id='word_1_275' title='bbox 644 2155 923 2233; x_wconf 88' lang='grc' dir='ltr'>δογμάτων</span> <span class='ocrx_word' id='word_1_276' title='bbox 945 2181 958 2194; x_wconf 90' lang='grc'><strong>·</strong></span> <span class='ocrx_word' id='word_1_277' title='bbox 990 2183 1016 2210; x_wconf 78' lang='grc' dir='ltr'><strong>ιι</strong></span> <span class='ocrx_word' id='word_1_278' title='bbox 1063 2155 1156 2214; x_wconf 84' lang='lat' dir='ltr'><strong>xui</strong></span> <span class='ocrx_word' id='word_1_279' title='bbox 1185 2160 1392 2236; x_wconf 82' lang='grc' dir='ltr'>σπουδῇ</span> <span class='ocrx_word' id='word_1_280' title='bbox 1423 2155 1606 2236; x_wconf 76' lang='grc' dir='ltr'>πάσῃ’,</span> <span class='ocrx_word' id='word_1_281' title='bbox 1651 2183 1677 2208; x_wconf 74' lang='grc' dir='ltr'><strong>ι</strong></span> <span class='ocrx_word' id='word_1_282' title='bbox 1713 2161 1780 2237; x_wconf 81' lang='grc' dir='ltr'><strong>τῇ</strong></span> <span class='ocrx_word' id='word_1_283' title='bbox 1816 2159 1890 2222; x_wconf 88' lang='grc' dir='ltr'><strong>εἰς</strong></span> <span class='ocrx_word' id='word_1_284' title='bbox 1921 2155 2017 2226; x_wconf 76' lang='grc' dir='ltr'><strong>τὴν</strong></span> 
     </span>
    </p>
   </div>
   <div class='ocr_carea' id='block_1_36' title="bbox 419 2244 2012 2326">
    <p class='ocr_par' dir='ltr' id='par_1_36' title="bbox 419 2244 2012 2326">
     <span class='ocr_line' id='line_1_36' title="bbox 419 2244 2012 2326; baseline -0.001 -20"><span class='ocrx_word' id='word_1_285' title='bbox 419 2247 589 2319; x_wconf 76' lang='grc' dir='ltr'>ἀλλην</span> <span class='ocrx_word' id='word_1_286' title='bbox 648 2246 877 2326; x_wconf 70' lang='grc' dir='ltr'><strong>ἀρετήν⁸</strong></span> <span class='ocrx_word' id='word_1_287' title='bbox 929 2246 1020 2305; x_wconf 80' lang='grc' dir='ltr'><strong>καὶ</strong></span> <span class='ocrx_word' id='word_1_288' title='bbox 1071 2250 1137 2325; x_wconf 83' lang='grc' dir='ltr'><strong>τῇ</strong></span> <span class='ocrx_word' id='word_1_289' title='bbox 1187 2244 1241 2314; x_wconf 80' lang='grc' dir='ltr'><strong>ἐξ</strong></span> <span class='ocrx_word' id='word_1_290' title='bbox 1291 2249 1440 2322; x_wconf 76' lang='grc' dir='ltr'>ὑμῶν</span> <span class='ocrx_word' id='word_1_291' title='bbox 1515 2247 1570 2304; x_wconf 79' lang='grc' dir='ltr'>ἐν</span> <span class='ocrx_word' id='word_1_292' title='bbox 1627 2250 1756 2324; x_wconf 83' lang='grc' dir='ltr'>ἡμῖν</span> <span class='ocrx_word' id='word_1_293' title='bbox 1807 2246 2012 2324; x_wconf 81' lang='grc' dir='ltr'>ἀγάπῃ.</span> 
     </span>
    </p>
   </div>
   <div class='ocr_carea' id='block_1_37' title="bbox 426 2333 2021 2417">
    <p class='ocr_par' dir='ltr' id='par_1_37' title="bbox 426 2333 2021 2417">
     <span class='ocr_line' id='line_1_37' title="bbox 426 2333 2021 2417; baseline -0.002 -20"><span class='ocrx_word' id='word_1_294' title='bbox 426 2338 662 2417; x_wconf 87' lang='grc' dir='ltr'>Προεῖπε</span> <span class='ocrx_word' id='word_1_295' title='bbox 705 2335 840 2415; x_wconf 84' lang='grc' dir='ltr'>γὰρ,</span> <span class='ocrx_word' id='word_1_296' title='bbox 890 2334 972 2395; x_wconf 76' lang='grc' dir='ltr'>ὅτι</span> <span class='ocrx_word' id='word_1_297' title='bbox 1003 2334 1372 2404; x_wconf 83' lang='grc' dir='ltr'>Ἐνεδείξασθε</span> <span class='ocrx_word' id='word_1_298' title='bbox 1421 2337 1499 2415; x_wconf 80' lang='grc' dir='ltr'><strong>τῷ</strong></span> <span class='ocrx_word' id='word_1_299' title='bbox 1543 2334 1691 2416; x_wconf 84' lang='grc' dir='ltr'>Τίτῳ</span> <span class='ocrx_word' id='word_1_300' title='bbox 1745 2333 1843 2407; x_wconf 85' lang='grc' dir='ltr'><strong>τὴν</strong></span> <span class='ocrx_word' id='word_1_301' title='bbox 1890 2338 2021 2415; x_wconf 88' lang='grc' dir='ltr'>πρὸς</span> 
     </span>
    </p>
   </div>
   <div class='ocr_carea' id='block_1_38' title="bbox 426 2424 1455 2504">
    <p class='ocr_par' dir='ltr' id='par_1_38' title="bbox 426 2424 1455 2504">
     <span class='ocr_line' id='line_1_38' title="bbox 426 2424 1455 2504; baseline 0.002 -21"><span class='ocrx_word' id='word_1_302' title='bbox 426 2426 524 2502; x_wconf 75' lang='grc' dir='ltr'>ἐμὲ</span> <span class='ocrx_word' id='word_1_303' title='bbox 551 2425 800 2502; x_wconf 91' lang='grc' dir='ltr'>ἀγάπην,</span> <span class='ocrx_word' id='word_1_304' title='bbox 833 2426 1111 2497; x_wconf 78' lang='grc' dir='ltr'>ζηλοῦντες</span> <span class='ocrx_word' id='word_1_305' title='bbox 1146 2424 1280 2504; x_wconf 73' lang='grc' dir='ltr'>ὑπὲρ</span> <span class='ocrx_word' id='word_1_306' title='bbox 1303 2426 1455 2502; x_wconf 82' lang='grc' dir='ltr'>ἐμοῦ.</span> 
     </span>
    </p>
   </div>
   <div class='ocr_carea' id='block_1_39' title="bbox 512 2511 2021 2593">
    <p class='ocr_par' dir='ltr' id='par_1_39' title="bbox 512 2511 2021 2593">
     <span class='ocr_line' id='line_1_39' title="bbox 512 2511 1882 2576; baseline 0.002 -4"><span class='ocrx_word' id='word_1_307' title='bbox 512 2516 639 2576; x_wconf 78' lang='grc' dir='ltr'><strong>((οὐ</strong></span> <span class='ocrx_word' id='word_1_308' title='bbox 663 2517 783 2574; x_wconf 90' lang='grc' dir='ltr'>κατ’</span> <span class='ocrx_word' id='word_1_309' title='bbox 817 2516 975 2573; x_wconf 75' lang='grc' dir='ltr'>ἕπιτα</span> <span class='ocrx_word' id='word_1_310' title='bbox 1021 2513 1035 2534; x_wconf 80' lang='lat'><em>‘</em></span> <span class='ocrx_word' id='word_1_311' title='bbox 1100 2512 1161 2572; x_wconf 84' lang='grc' dir='ltr'>λ’</span> <span class='ocrx_word' id='word_1_312' title='bbox 1344 2517 1396 2574; x_wconf 92' lang='grc' dir='ltr'>Τ</span> <span class='ocrx_word' id='word_1_313' title='bbox 1502 2511 1518 2536; x_wconf 72' lang='lat'><em>&#39;</em></span> <span class='ocrx_word' id='word_1_314' title='bbox 1701 2515 1777 2574; x_wconf 86' lang='grc'><strong>0’</strong></span> <span class='ocrx_word' id='word_1_315' title='bbox 1867 2515 1882 2536; x_wconf 91' lang='grc'>’</span> 
     </span>
     <span class='ocr_line' id='line_1_40' title="bbox 978 2536 2021 2593; baseline 0 -21"><span class='ocrx_word' id='word_1_316' title='bbox 978 2538 1076 2592; x_wconf 92' lang='grc' dir='ltr'><strong>γην</strong></span> <span class='ocrx_word' id='word_1_317' title='bbox 1138 2537 1312 2591; x_wconf 74' lang='grc' dir='ltr'>εγω.»</span> <span class='ocrx_word' id='word_1_318' title='bbox 1398 2536 1669 2592; x_wconf 90' lang='grc' dir='ltr'>ουτεστιν,</span> <span class='ocrx_word' id='word_1_319' title='bbox 1756 2538 1822 2573; x_wconf 90' lang='grc' dir='ltr'><strong>υκ</strong></span> <span class='ocrx_word' id='word_1_320' title='bbox 1853 2537 2021 2593; x_wconf 81' lang='grc' dir='ltr'>αναγ-</span> 
     </span>
    </p>
   </div>
   <div class='ocr_carea' id='block_1_40' title="bbox 421 2602 1502 2683">
    <p class='ocr_par' dir='ltr' id='par_1_40' title="bbox 421 2602 1502 2683">
     <span class='ocr_line' id='line_1_41' title="bbox 421 2602 1502 2683; baseline 0 -21"><span class='ocrx_word' id='word_1_321' title='bbox 421 2603 594 2673; x_wconf 82' lang='grc' dir='ltr'>κάζων</span> <span class='ocrx_word' id='word_1_322' title='bbox 617 2609 755 2672; x_wconf 65' lang='lat' dir='ltr'><strong>fach</strong></span> <span class='ocrx_word' id='word_1_323' title='bbox 773 2648 793 2683; x_wconf 96' lang='grc'><strong>,</strong></span> <span class='ocrx_word' id='word_1_324' title='bbox 817 2604 936 2663; x_wconf 84' lang='grc' dir='ltr'>οὔτε</span> <span class='ocrx_word' id='word_1_325' title='bbox 964 2606 1034 2670; x_wconf 81' lang='grc' dir='ltr'>ὡς</span> <span class='ocrx_word' id='word_1_326' title='bbox 1060 2602 1502 2673; x_wconf 85' lang='grc' dir='ltr'>κατεξουσιάζων.</span> 
     </span>
    </p>
   </div>
   <div class='ocr_carea' id='block_1_41' title="bbox 511 2783 2022 2865">
    <p class='ocr_par' dir='ltr' id='par_1_41' title="bbox 511 2783 2022 2865">
     <span class='ocr_line' id='line_1_42' title="bbox 511 2783 2022 2865; baseline 0.001 -22"><span class='ocrx_word' id='word_1_327' title='bbox 511 2807 541 2843; x_wconf 79' lang='grc' dir='ltr'><strong>α</strong></span> <span class='ocrx_word' id='word_1_328' title='bbox 573 2785 750 2846; x_wconf 80' lang='grc' dir='ltr'>Ἀλλὰ</span> <span class='ocrx_word' id='word_1_329' title='bbox 817 2785 903 2845; x_wconf 84' lang='grc' dir='ltr'><strong>διὰ</strong></span> <span class='ocrx_word' id='word_1_330' title='bbox 944 2789 1040 2858; x_wconf 79' lang='grc' dir='ltr'><strong>τῆς</strong></span> <span class='ocrx_word' id='word_1_331' title='bbox 1111 2785 1302 2865; x_wconf 77' lang='grc' dir='ltr'>ἑτέρων</span> <span class='ocrx_word' id='word_1_332' title='bbox 1354 2785 1616 2857; x_wconf 78' lang='grc' dir='ltr'>σπουδῆς,</span> <span class='ocrx_word' id='word_1_333' title='bbox 1669 2784 1763 2844; x_wconf 88' lang='lat' dir='ltr'><strong>xui</strong></span> <span class='ocrx_word' id='word_1_334' title='bbox 1815 2783 1876 2844; x_wconf 79' lang='grc' dir='ltr'><strong>τὸ</strong></span> <span class='ocrx_word' id='word_1_335' title='bbox 1926 2789 2022 2858; x_wconf 82' lang='grc' dir='ltr'><strong>τῆς</strong></span> 
     </span>
    </p>
   </div>
   <div class='ocr_carea' id='block_1_42' title="bbox 425 2873 2021 2955">
    <p class='ocr_par' dir='ltr' id='par_1_42' title="bbox 425 2873 2021 2955">
     <span class='ocr_line' id='line_1_43' title="bbox 425 2873 2021 2955; baseline 0.001 -24"><span class='ocrx_word' id='word_1_336' title='bbox 425 2874 682 2955; x_wconf 72' lang='grc' dir='ltr'>ὑμετέρας</span> <span class='ocrx_word' id='word_1_337' title='bbox 732 2873 946 2951; x_wconf 85' lang='grc' dir='ltr'>ἀγάπης</span> <span class='ocrx_word' id='word_1_338' title='bbox 1012 2873 1228 2953; x_wconf 84' lang='grc' dir='ltr'>γνήσιον</span> <span class='ocrx_word' id='word_1_339' title='bbox 1285 2874 1670 2950; x_wconf 77' lang='grc' dir='ltr'>δοκιμάζων.»</span> <span class='ocrx_word' id='word_1_340' title='bbox 1730 2873 2021 2947; x_wconf 90' lang='grc' dir='ltr'>Τουτέστι,</span> 
     </span>
    </p>
   </div>
   <div class='ocr_carea' id='block_1_43' title="bbox 422 2963 2025 3036">
    <p class='ocr_par' dir='ltr' id='par_1_43' title="bbox 422 2963 2025 3036">
     <span class='ocr_line' id='line_1_44' title="bbox 422 2963 2025 3036; baseline -0.001 -12"><span class='ocrx_word' id='word_1_341' title='bbox 422 2964 526 3024; x_wconf 78' lang='grc' dir='ltr'>Διὰ</span> <span class='ocrx_word' id='word_1_342' title='bbox 552 2969 708 3023; x_wconf 87' lang='grc' dir='ltr'>τοῦτο</span> <span class='ocrx_word' id='word_1_343' title='bbox 742 2967 944 3023; x_wconf 78' lang='grc' dir='ltr'>ἐπαινῶ</span> <span class='ocrx_word' id='word_1_344' title='bbox 982 2963 1102 3031; x_wconf 80' lang='grc' dir='ltr'>τοὺς</span> <span class='ocrx_word' id='word_1_345' title='bbox 1131 2963 1479 3036; x_wconf 84' lang='grc' dir='ltr'>Μακεδόνας,</span> <span class='ocrx_word' id='word_1_346' title='bbox 1509 2963 1598 3022; x_wconf 80' lang='grc' dir='ltr'><strong>ἵνα</strong></span> <span class='ocrx_word' id='word_1_347' title='bbox 1631 2963 1718 3023; x_wconf 80' lang='grc' dir='ltr'><strong>διὰ</strong></span> <span class='ocrx_word' id='word_1_348' title='bbox 1751 2967 1846 3035; x_wconf 76' lang='grc' dir='ltr'><strong>τῆς</strong></span> <span class='ocrx_word' id='word_1_349' title='bbox 1893 2963 2025 3022; x_wconf 80' lang='grc' dir='ltr'>ἐκεί-</span> 
     </span>
    </p>
   </div>
   <div class='ocr_carea' id='block_1_44' title="bbox 421 3052 2024 3134">
    <p class='ocr_par' dir='ltr' id='par_1_44' title="bbox 421 3052 2024 3134">
     <span class='ocr_line' id='line_1_45' title="bbox 421 3052 2024 3134; baseline -0.001 -22"><span class='ocrx_word' id='word_1_350' title='bbox 421 3075 526 3112; x_wconf 89' lang='grc' dir='ltr'><strong>νων</strong></span> <span class='ocrx_word' id='word_1_351' title='bbox 557 3055 792 3125; x_wconf 79' lang='grc' dir='ltr'>σπουδῆς</span> <span class='ocrx_word' id='word_1_352' title='bbox 829 3052 928 3126; x_wconf 79' lang='grc' dir='ltr'><strong>τὴν</strong></span> <span class='ocrx_word' id='word_1_353' title='bbox 970 3052 1228 3134; x_wconf 72' lang='grc' dir='ltr'>ὑμετέραν</span> <span class='ocrx_word' id='word_1_354' title='bbox 1263 3053 1394 3133; x_wconf 80' lang='grc' dir='ltr'>πρὸς</span> <span class='ocrx_word' id='word_1_355' title='bbox 1431 3053 1550 3120; x_wconf 79' lang='grc' dir='ltr'>τοὺς</span> <span class='ocrx_word' id='word_1_356' title='bbox 1580 3052 1811 3126; x_wconf 84' lang='grc' dir='ltr'>πένητας</span> <span class='ocrx_word' id='word_1_357' title='bbox 1842 3052 2024 3130; x_wconf 81' lang='grc' dir='ltr'>ἁγίους</span> 
     </span>
    </p>
   </div>
   <div class='ocr_carea' id='block_1_45' title="bbox 422 3141 1868 3222">
    <p class='ocr_par' dir='ltr' id='par_1_45' title="bbox 422 3141 1868 3222">
     <span class='ocr_line' id='line_1_46' title="bbox 422 3141 1868 3222; baseline 0.003 -22"><span class='ocrx_word' id='word_1_358' title='bbox 422 3143 636 3222; x_wconf 80' lang='grc' dir='ltr'>ἀγάπην</span> <span class='ocrx_word' id='word_1_359' title='bbox 671 3142 1030 3222; x_wconf 84' lang='grc' dir='ltr'>δοκιμωτέραν</span> <span class='ocrx_word' id='word_1_360' title='bbox 1059 3141 1322 3211; x_wconf 80' lang='grc' dir='ltr'>ἀποδείξω</span> <span class='ocrx_word' id='word_1_361' title='bbox 1353 3143 1445 3202; x_wconf 84' lang='grc' dir='ltr'><strong>καὶ</strong></span> <span class='ocrx_word' id='word_1_362' title='bbox 1465 3141 1868 3222; x_wconf 81' lang='grc' dir='ltr'>λαμπροτέραν.</span> 
     </span>
    </p>
   </div>
   <div class='ocr_carea' id='block_1_46' title="bbox 509 3214 2098 3313">
    <p class='ocr_par' dir='ltr' id='par_1_46' title="bbox 509 3214 2098 3313">
     <span class='ocr_line' id='line_1_47' title="bbox 509 3214 2098 3313; baseline -0.001 -22"><span class='ocrx_word' id='word_1_363' title='bbox 509 3254 541 3291; x_wconf 75' lang='grc' dir='ltr'><strong>α</strong></span> <span class='ocrx_word' id='word_1_364' title='bbox 568 3214 866 3294; x_wconf 80' lang='grc' dir='ltr'>Γινώσκετε</span> <span class='ocrx_word' id='word_1_365' title='bbox 930 3214 1034 3313; x_wconf 78' lang='grc' dir='ltr'><strong>γὰρ</strong></span> <span class='ocrx_word' id='word_1_366' title='bbox 1089 3231 1188 3304; x_wconf 79' lang='grc' dir='ltr'><strong>τὴν</strong></span> <span class='ocrx_word' id='word_1_367' title='bbox 1240 3231 1400 3312; x_wconf 86' lang='grc' dir='ltr'>χάριν</span> <span class='ocrx_word' id='word_1_368' title='bbox 1455 3214 1549 3290; x_wconf 87' lang='grc' dir='ltr'><strong>τοῦ</strong></span> <span class='ocrx_word' id='word_1_369' title='bbox 1601 3214 1804 3310; x_wconf 68' lang='grc' dir='ltr'>Κυρίου</span> <span class='ocrx_word' id='word_1_370' title='bbox 1864 3235 2018 3304; x_wconf 81' lang='grc' dir='ltr'>ἡμῶν</span> <span class='ocrx_word' id='word_1_371' title='bbox 2047 3214 2098 3275; x_wconf 77' lang='lat' dir='ltr'>G</span> 
     </span>
    </p>
   </div>
   <div class='ocr_carea' id='block_1_47' title="bbox 421 3318 2024 3400">
    <p class='ocr_par' dir='ltr' id='par_1_47' title="bbox 421 3318 2024 3400">
     <span class='ocr_line' id='line_1_48' title="bbox 421 3318 2024 3400; baseline -0.002 -18"><span class='ocrx_word' id='word_1_372' title='bbox 421 3321 598 3395; x_wconf 87' lang='grc' dir='ltr'>Ἰησοῦ</span> <span class='ocrx_word' id='word_1_373' title='bbox 650 3324 923 3400; x_wconf 88' lang='grc' dir='ltr'>Χριστοῦ,</span> <span class='ocrx_word' id='word_1_374' title='bbox 971 3319 1055 3380; x_wconf 76' lang='grc' dir='ltr'><strong>ὅτι</strong></span> <span class='ocrx_word' id='word_1_375' title='bbox 1105 3320 1170 3379; x_wconf 85' lang='grc' dir='ltr'>δι’</span> <span class='ocrx_word' id='word_1_376' title='bbox 1223 3325 1361 3397; x_wconf 77' lang='grc' dir='ltr'>ὑμᾶς</span> <span class='ocrx_word' id='word_1_377' title='bbox 1409 3319 1719 3400; x_wconf 78' lang='grc' dir='ltr'>ἐπτώχευσε</span> <span class='ocrx_word' id='word_1_378' title='bbox 1772 3318 2024 3387; x_wconf 82' lang='grc' dir='ltr'>πλούσιος</span> 
     </span>
    </p>
   </div>
   <div class='ocr_carea' id='block_1_48' title="bbox 424 3409 2016 3490">
    <p class='ocr_par' dir='ltr' id='par_1_48' title="bbox 424 3409 2016 3490">
     <span class='ocr_line' id='line_1_49' title="bbox 424 3409 2016 3490; baseline -0.001 -22"><span class='ocrx_word' id='word_1_379' title='bbox 424 3410 529 3486; x_wconf 83' lang='grc' dir='ltr'>ὢν,</span> <span class='ocrx_word' id='word_1_380' title='bbox 558 3410 644 3468; x_wconf 79' lang='grc' dir='ltr'>ἵνα</span> <span class='ocrx_word' id='word_1_381' title='bbox 698 3411 847 3486; x_wconf 77' lang='grc' dir='ltr'>ὑμεῖς</span> <span class='ocrx_word' id='word_1_382' title='bbox 900 3415 966 3490; x_wconf 82' lang='grc' dir='ltr'><strong>τῇ</strong></span> <span class='ocrx_word' id='word_1_383' title='bbox 1016 3410 1217 3469; x_wconf 78' lang='grc' dir='ltr'>ἐκείνου</span> <span class='ocrx_word' id='word_1_384' title='bbox 1269 3409 1514 3490; x_wconf 74' lang='grc' dir='ltr'>πτωχεία</span> <span class='ocrx_word' id='word_1_385' title='bbox 1561 3409 1927 3481; x_wconf 82' lang='grc' dir='ltr'>πλουτήσητε.</span> <span class='ocrx_word' id='word_1_386' title='bbox 1988 3431 2016 3466; x_wconf 77' lang='grc' dir='ltr'><strong>ιι</strong></span> 
     </span>
    </p>
   </div>
   <div class='ocr_carea' id='block_1_49' title="bbox 425 3497 2021 3577">
    <p class='ocr_par' dir='ltr' id='par_1_49' title="bbox 425 3497 2021 3577">
     <span class='ocr_line' id='line_1_50' title="bbox 425 3497 2021 3577; baseline -0.003 -17"><span class='ocrx_word' id='word_1_387' title='bbox 425 3499 748 3574; x_wconf 88' lang='grc' dir='ltr'>Τουτέστιν,</span> <span class='ocrx_word' id='word_1_388' title='bbox 794 3499 1155 3573; x_wconf 87' lang='grc' dir='ltr'>Ἐννοήσατε,</span> <span class='ocrx_word' id='word_1_389' title='bbox 1205 3500 1593 3577; x_wconf 81' lang='grc' dir='ltr'>ἀναλογίσασθε</span> <span class='ocrx_word' id='word_1_390' title='bbox 1638 3497 1698 3556; x_wconf 79' lang='grc' dir='ltr'><strong>τὸ</strong></span> <span class='ocrx_word' id='word_1_391' title='bbox 1744 3497 1882 3577; x_wconf 83' lang='grc' dir='ltr'>μέγα</span> <span class='ocrx_word' id='word_1_392' title='bbox 1913 3523 2021 3574; x_wconf 88' lang='grc' dir='ltr'>μυ·-</span> 
     </span>
    </p>
   </div>
   <div class='ocr_carea' id='block_1_50' title="bbox 424 3585 2022 3670">
    <p class='ocr_par' dir='ltr' id='par_1_50' title="bbox 424 3585 2022 3670">
     <span class='ocr_line' id='line_1_51' title="bbox 424 3585 2022 3670; baseline -0.003 -22"><span class='ocrx_word' id='word_1_393' title='bbox 424 3589 672 3670; x_wconf 85' lang='grc' dir='ltr'>στήριον,</span> <span class='ocrx_word' id='word_1_394' title='bbox 707 3589 798 3648; x_wconf 81' lang='grc' dir='ltr'>καὶ</span> <span class='ocrx_word' id='word_1_395' title='bbox 825 3589 1032 3657; x_wconf 77' lang='grc' dir='ltr'>οὐδενὸς</span> <span class='ocrx_word' id='word_1_396' title='bbox 1052 3588 1295 3669; x_wconf 80' lang='grc' dir='ltr'>φείσεσθε</span> <span class='ocrx_word' id='word_1_397' title='bbox 1319 3588 1394 3647; x_wconf 62' lang='grc' dir='ltr'>Ἤ.</span> <span class='ocrx_word' id='word_1_398' title='bbox 1430 3590 1498 3648; x_wconf 80' lang='grc' dir='ltr'>Εἰ</span> <span class='ocrx_word' id='word_1_399' title='bbox 1523 3587 1624 3666; x_wconf 80' lang='grc' dir='ltr'><strong>γὰρ</strong></span> <span class='ocrx_word' id='word_1_400' title='bbox 1651 3589 1898 3653; x_wconf 87' lang='grc' dir='ltr'>ἀπιστεῖς</span> <span class='ocrx_word' id='word_1_401' title='bbox 1921 3585 2022 3660; x_wconf 71' lang='grc'><strong>²⁴*,</strong></span> 
     </span>
    </p>
   </div>
   <div class='ocr_carea' id='block_1_51' title="bbox 425 3675 2024 3759">
    <p class='ocr_par' dir='ltr' id='par_1_51' title="bbox 425 3675 2024 3759">
     <span class='ocr_line' id='line_1_52' title="bbox 425 3675 2024 3759; baseline -0.003 -22"><span class='ocrx_word' id='word_1_402' title='bbox 425 3679 618 3759; x_wconf 79' lang='grc' dir='ltr'>φησὶν,</span> <span class='ocrx_word' id='word_1_403' title='bbox 661 3678 740 3737; x_wconf 82' lang='grc' dir='ltr'><strong>ὅτι</strong></span> <span class='ocrx_word' id='word_1_404' title='bbox 791 3683 826 3750; x_wconf 89' lang='grc' dir='ltr'>ἡ</span> <span class='ocrx_word' id='word_1_405' title='bbox 857 3679 1101 3759; x_wconf 86' lang='grc' dir='ltr'>πτωχεία</span> <span class='ocrx_word' id='word_1_406' title='bbox 1153 3677 1386 3736; x_wconf 81' lang='grc' dir='ltr'>πλούτου</span> <span class='ocrx_word' id='word_1_407' title='bbox 1444 3677 1558 3736; x_wconf 75' lang='grc' dir='ltr'>ἐστὶ</span> <span class='ocrx_word' id='word_1_408' title='bbox 1599 3675 1888 3748; x_wconf 87' lang='grc' dir='ltr'>ποιητικὴ,</span> <span class='ocrx_word' id='word_1_409' title='bbox 1940 3677 2024 3733; x_wconf 74' lang='grc' dir='ltr'><strong>ἐν-</strong></span> 
     </span>
    </p>
   </div>
   <div class='ocr_carea' id='block_1_52' title="bbox 421 3763 2024 3841">
    <p class='ocr_par' dir='ltr' id='par_1_52' title="bbox 421 3763 2024 3841">
     <span class='ocr_line' id='line_1_53' title="bbox 421 3763 2024 3841; baseline -0.002 -15"><span class='ocrx_word' id='word_1_410' title='bbox 421 3767 612 3841; x_wconf 86' lang='grc' dir='ltr'>νόησόν</span> <span class='ocrx_word' id='word_1_411' title='bbox 665 3791 760 3826; x_wconf 88' lang='grc' dir='ltr'><strong>σου</strong></span> <span class='ocrx_word' id='word_1_412' title='bbox 807 3768 896 3827; x_wconf 79' lang='grc' dir='ltr'><strong>τὸν</strong></span> <span class='ocrx_word' id='word_1_413' title='bbox 945 3767 1249 3840; x_wconf 89' lang='grc' dir='ltr'>Δεσπότην,</span> <span class='ocrx_word' id='word_1_414' title='bbox 1298 3767 1392 3824; x_wconf 88' lang='lat' dir='ltr'><strong>xui</strong></span> <span class='ocrx_word' id='word_1_415' title='bbox 1461 3766 1636 3825; x_wconf 81' lang='grc' dir='ltr'>οὐκέτι</span> <span class='ocrx_word' id='word_1_416' title='bbox 1689 3763 2024 3837; x_wconf 85' lang='grc' dir='ltr'>ἀπιστήσεις.</span> 
     </span>
    </p>
   </div>
   <div class='ocr_carea' id='block_1_53' title="bbox 427 3853 2024 3937">
    <p class='ocr_par' dir='ltr' id='par_1_53' title="bbox 427 3853 2024 3937">
     <span class='ocr_line' id='line_1_54' title="bbox 427 3853 2024 3937; baseline -0.005 -19"><span class='ocrx_word' id='word_1_417' title='bbox 427 3859 498 3918; x_wconf 78' lang='grc' dir='ltr'>Εἰ</span> <span class='ocrx_word' id='word_1_418' title='bbox 541 3859 617 3934; x_wconf 77' lang='grc' dir='ltr'><strong>μὴ</strong></span> <span class='ocrx_word' id='word_1_419' title='bbox 647 3855 752 3937; x_wconf 80' lang='grc' dir='ltr'><strong>γὰρ</strong></span> <span class='ocrx_word' id='word_1_420' title='bbox 785 3861 979 3926; x_wconf 81' lang='grc' dir='ltr'>ἐκεῖνος</span> <span class='ocrx_word' id='word_1_421' title='bbox 1026 3856 1364 3936; x_wconf 82' lang='grc' dir='ltr'>ἐπτώχευσε,</span> <span class='ocrx_word' id='word_1_422' title='bbox 1417 3856 1689 3928; x_wconf 85' lang='grc' dir='ltr'>τουτέστι,</span> <span class='ocrx_word' id='word_1_423' title='bbox 1734 3853 1830 3926; x_wconf 84' lang='grc' dir='ltr'><strong>τὴν</strong></span> <span class='ocrx_word' id='word_1_424' title='bbox 1877 3853 2024 3912; x_wconf 85' lang='grc' dir='ltr'>κάτω</span> 
     </span>
    </p>
   </div>
   <div class='ocr_carea' id='block_1_54' title="bbox 423 3942 2022 4026">
    <p class='ocr_par' dir='ltr' id='par_1_54' title="bbox 423 3942 2022 4026">
     <span class='ocr_line' id='line_1_55' title="bbox 423 3942 2022 4026; baseline -0.003 -22"><span class='ocrx_word' id='word_1_425' title='bbox 423 3947 673 4023; x_wconf 84' lang='grc' dir='ltr'>κειμένην</span> <span class='ocrx_word' id='word_1_426' title='bbox 731 3947 825 4006; x_wconf 82' lang='grc' dir='ltr'><strong>καὶ</strong></span> <span class='ocrx_word' id='word_1_427' title='bbox 885 3947 1074 4024; x_wconf 83' lang='grc' dir='ltr'>ἄτιμον</span> <span class='ocrx_word' id='word_1_428' title='bbox 1129 3945 1304 4026; x_wconf 91' lang='grc' dir='ltr'>σάρκα</span> <span class='ocrx_word' id='word_1_429' title='bbox 1376 3944 1638 4018; x_wconf 82' lang='grc' dir='ltr'>ἀνέλαϐε,</span> <span class='ocrx_word' id='word_1_430' title='bbox 1692 3943 1782 4003; x_wconf 89' lang='lat' dir='ltr'><strong>xui</strong></span> <span class='ocrx_word' id='word_1_431' title='bbox 1849 3942 2022 4002; x_wconf 83' lang='grc' dir='ltr'>τᾶλλα</span> 
     </span>
    </p>
   </div>
   <div class='ocr_carea' id='block_1_55' title="bbox 427 4031 2018 4113">
    <p class='ocr_par' dir='ltr' id='par_1_55' title="bbox 427 4031 2018 4113">
     <span class='ocr_line' id='line_1_56' title="bbox 427 4031 2018 4113; baseline -0.004 -19"><span class='ocrx_word' id='word_1_432' title='bbox 427 4036 602 4096; x_wconf 88' lang='grc' dir='ltr'>πάντα</span> <span class='ocrx_word' id='word_1_433' title='bbox 649 4039 745 4108; x_wconf 77' lang='grc' dir='ltr'><strong>τῆς</strong></span> <span class='ocrx_word' id='word_1_434' title='bbox 791 4035 1006 4113; x_wconf 86' lang='grc' dir='ltr'>ἀτιμίας</span> <span class='ocrx_word' id='word_1_435' title='bbox 1055 4034 1298 4111; x_wconf 79' lang='grc' dir='ltr'>ὗπέστη,</span> <span class='ocrx_word' id='word_1_436' title='bbox 1353 4034 1444 4092; x_wconf 90' lang='lat' dir='ltr'><strong>xui</strong></span> <span class='ocrx_word' id='word_1_437' title='bbox 1496 4039 1665 4094; x_wconf 91' lang='grc' dir='ltr'>ταῦτα</span> <span class='ocrx_word' id='word_1_438' title='bbox 1718 4031 1783 4091; x_wconf 88' lang='grc' dir='ltr'>δι’</span> <span class='ocrx_word' id='word_1_439' title='bbox 1842 4037 2018 4109; x_wconf 81' lang='grc' dir='ltr'>ἡμᾶς,</span> 
     </span>
    </p>
   </div>
   <div class='ocr_carea' id='block_1_56' title="bbox 422 4123 2022 4204">
    <p class='ocr_par' dir='ltr' id='par_1_56' title="bbox 422 4123 2022 4204">
     <span class='ocr_line' id='line_1_57' title="bbox 422 4123 2022 4204; baseline -0.003 -20"><span class='ocrx_word' id='word_1_440' title='bbox 422 4125 542 4192; x_wconf 75' lang='grc' dir='ltr'>τοὺς</span> <span class='ocrx_word' id='word_1_441' title='bbox 586 4124 860 4204; x_wconf 87' lang='grc' dir='ltr'>ἀναξίους,</span> <span class='ocrx_word' id='word_1_442' title='bbox 915 4124 1038 4193; x_wconf 83' lang='grc' dir='ltr'>τοὺς</span> <span class='ocrx_word' id='word_1_443' title='bbox 1087 4125 1340 4204; x_wconf 78' lang='grc' dir='ltr'>ἐχθροὺς,</span> <span class='ocrx_word' id='word_1_444' title='bbox 1387 4126 1482 4182; x_wconf 86' lang='grc' dir='ltr'>οὖκ</span> <span class='ocrx_word' id='word_1_445' title='bbox 1533 4123 1595 4181; x_wconf 84' lang='grc' dir='ltr'><strong>ἂν</strong></span> <span class='ocrx_word' id='word_1_446' title='bbox 1635 4127 1788 4200; x_wconf 83' lang='grc' dir='ltr'>ἡμεῖς</span> <span class='ocrx_word' id='word_1_447' title='bbox 1829 4125 2022 4181; x_wconf 78' lang='grc' dir='ltr'>ἐπλου-</span> 
     </span>
    </p>
   </div>
   <div class='ocr_carea' id='block_1_57' title="bbox 423 4210 2018 4294">
    <p class='ocr_par' dir='ltr' id='par_1_57' title="bbox 423 4210 2018 4294">
     <span class='ocr_line' id='line_1_58' title="bbox 423 4210 2018 4294; baseline -0.004 -20"><span class='ocrx_word' id='word_1_448' title='bbox 423 4214 686 4292; x_wconf 82' lang='grc' dir='ltr'>τήσαμεν.</span> <span class='ocrx_word' id='word_1_449' title='bbox 717 4218 880 4276; x_wconf 87' lang='grc' dir='ltr'>Ποῖον</span> <span class='ocrx_word' id='word_1_450' title='bbox 911 4215 966 4274; x_wconf 83' lang='grc' dir='ltr'>δὲ</span> <span class='ocrx_word' id='word_1_451' title='bbox 997 4213 1224 4274; x_wconf 91' lang='grc' dir='ltr'>πλοῦτόν</span> <span class='ocrx_word' id='word_1_452' title='bbox 1256 4236 1421 4294; x_wconf 80' lang='grc' dir='ltr'>φησι;</span> <span class='ocrx_word' id='word_1_453' title='bbox 1454 4211 1563 4273; x_wconf 83' lang='grc' dir='ltr'><strong>Τὸν</strong></span> <span class='ocrx_word' id='word_1_454' title='bbox 1594 4217 1690 4284; x_wconf 82' lang='grc' dir='ltr'><strong>τῆς</strong></span> <span class='ocrx_word' id='word_1_455' title='bbox 1720 4210 2018 4283; x_wconf 77' lang='grc' dir='ltr'>εὐσεϐείας,</span> 
     </span>
    </p>
   </div>
   <div class='ocr_carea' id='block_1_58' title="bbox 421 4299 2023 4384">
    <p class='ocr_par' dir='ltr' id='par_1_58' title="bbox 421 4299 2023 4384">
     <span class='ocr_line' id='line_1_59' title="bbox 421 4299 2023 4384; baseline -0.002 -23"><span class='ocrx_word' id='word_1_456' title='bbox 421 4303 512 4362; x_wconf 80' lang='grc' dir='ltr'><strong>τὸν</strong></span> <span class='ocrx_word' id='word_1_457' title='bbox 540 4305 872 4384; x_wconf 82' lang='grc' dir='ltr'>καθαρισμὸν</span> <span class='ocrx_word' id='word_1_458' title='bbox 893 4351 911 4381; x_wconf 92' lang='grc'><strong>,</strong></span> <span class='ocrx_word' id='word_1_459' title='bbox 940 4303 1029 4363; x_wconf 80' lang='grc' dir='ltr'><strong>τὸν</strong></span> <span class='ocrx_word' id='word_1_460' title='bbox 1061 4303 1355 4384; x_wconf 80' lang='grc' dir='ltr'>ἁγιασμὸν,</span> <span class='ocrx_word' id='word_1_461' title='bbox 1387 4301 1479 4361; x_wconf 86' lang='grc' dir='ltr'><strong>καὶ</strong></span> <span class='ocrx_word' id='word_1_462' title='bbox 1523 4300 1698 4361; x_wconf 80' lang='grc' dir='ltr'>τᾶλλα</span> <span class='ocrx_word' id='word_1_463' title='bbox 1753 4299 1954 4378; x_wconf 80' lang='grc' dir='ltr'>ἀγαθὰ,</span> <span class='ocrx_word' id='word_1_464' title='bbox 1989 4300 2023 4358; x_wconf 81' lang='grc' dir='ltr'>ἃ</span> 
     </span>
    </p>
   </div>
   <div class='ocr_carea' id='block_1_59' title="bbox 427 4391 1052 4455">
    <p class='ocr_par' dir='ltr' id='par_1_59' title="bbox 427 4391 1052 4455">
     <span class='ocr_line' id='line_1_60' title="bbox 427 4391 1052 4455; baseline 0.006 -4"><span class='ocrx_word' id='word_1_465' title='bbox 427 4393 518 4452; x_wconf 82' lang='grc' dir='ltr'><strong>καὶ</strong></span> <span class='ocrx_word' id='word_1_466' title='bbox 547 4391 713 4452; x_wconf 78' lang='grc' dir='ltr'>ἔδωκε</span> <span class='ocrx_word' id='word_1_467' title='bbox 742 4394 837 4452; x_wconf 85' lang='grc' dir='ltr'><strong>καὶ</strong></span> <span class='ocrx_word' id='word_1_468' title='bbox 871 4393 1052 4455; x_wconf 91' lang='grc' dir='ltr'>δώσει.</span> 
     </span>
    </p>
   </div>
   <div class='ocr_carea' id='block_1_60' title="bbox 513 4477 2024 4562">
    <p class='ocr_par' dir='ltr' id='par_1_60' title="bbox 513 4477 2024 4562">
     <span class='ocr_line' id='line_1_61' title="bbox 513 4477 2024 4562; baseline -0.001 -23"><span class='ocrx_word' id='word_1_469' title='bbox 513 4506 546 4539; x_wconf 85' lang='grc' dir='ltr'><strong>α</strong></span> <span class='ocrx_word' id='word_1_470' title='bbox 580 4483 690 4544; x_wconf 86' lang='lat' dir='ltr'><strong>Kui</strong></span> <span class='ocrx_word' id='word_1_471' title='bbox 717 4483 936 4561; x_wconf 90' lang='grc' dir='ltr'>γνώμην</span> <span class='ocrx_word' id='word_1_472' title='bbox 983 4487 1036 4541; x_wconf 72' lang='grc' dir='ltr'>ἐν</span> <span class='ocrx_word' id='word_1_473' title='bbox 1075 4481 1247 4562; x_wconf 81' lang='grc' dir='ltr'>τούτῳ</span> <span class='ocrx_word' id='word_1_474' title='bbox 1295 4480 1516 4558; x_wconf 67' lang='grc' dir='ltr'>δίδωμι*</span> <span class='ocrx_word' id='word_1_475' title='bbox 1549 4483 1719 4562; x_wconf 66' lang='grc' dir='ltr'><strong>⁸τοῦτο</strong></span> <span class='ocrx_word' id='word_1_476' title='bbox 1767 4477 1869 4558; x_wconf 77' lang='grc' dir='ltr'><strong>γὰρ</strong></span> <span class='ocrx_word' id='word_1_477' title='bbox 1900 4483 2024 4557; x_wconf 71' lang='grc' dir='ltr'>ὑμῖν</span> 
     </span>
    </p>
   </div>
   <div class='ocr_carea' id='block_1_61' title="bbox 434 4551 2104 4654">
    <p class='ocr_par' dir='ltr' id='par_1_61' title="bbox 434 4551 2104 4654">
     <span class='ocr_line' id='line_1_62' title="bbox 434 4551 2104 4654; baseline -0.001 -24"><span class='ocrx_word' id='word_1_478' title='bbox 434 4551 780 4654; x_wconf 32' lang='grc' dir='ltr'>συμφέρειί»</span> <span class='ocrx_word' id='word_1_479' title='bbox 818 4551 967 4654; x_wconf 25' lang='grc' dir='ltr'>θΟἾρα</span> <span class='ocrx_word' id='word_1_480' title='bbox 1015 4574 1129 4638; x_wconf 82' lang='grc' dir='ltr'><strong>πῶς</strong></span> <span class='ocrx_word' id='word_1_481' title='bbox 1180 4551 1489 4650; x_wconf 61' lang='grc' dir='ltr'>ἀνεπαχθὴς</span> <span class='ocrx_word' id='word_1_482' title='bbox 1528 4559 1662 4628; x_wconf 70' lang='grc' dir='ltr'>εἶναι</span> <span class='ocrx_word' id='word_1_483' title='bbox 1716 4551 2020 4638; x_wconf 59' lang='grc' dir='ltr'>σπουδάζει.</span> <span class='ocrx_word' id='word_1_484' title='bbox 2057 4551 2104 4610; x_wconf 72' lang='grc' dir='ltr'><strong>ί)</strong></span> 
     </span>
    </p>
   </div>
   <div class='ocr_carea' id='block_1_62' title="bbox 439 4655 2027 4741">
    <p class='ocr_par' dir='ltr' id='par_1_62' title="bbox 439 4655 2027 4741">
     <span class='ocr_line' id='line_1_63' title="bbox 439 4655 2027 4741; baseline -0.002 -23"><span class='ocrx_word' id='word_1_485' title='bbox 439 4684 470 4718; x_wconf 85' lang='grc' dir='ltr'><strong>α</strong></span> <span class='ocrx_word' id='word_1_486' title='bbox 498 4660 728 4739; x_wconf 88' lang='grc' dir='ltr'>Γνώμην</span> <span class='ocrx_word' id='word_1_487' title='bbox 751 4685 781 4720; x_wconf 79' lang='grc' dir='ltr'>ι)</span> <span class='ocrx_word' id='word_1_488' title='bbox 819 4661 943 4741; x_wconf 77' lang='grc' dir='ltr'>γὰρ,</span> <span class='ocrx_word' id='word_1_489' title='bbox 979 4660 1132 4740; x_wconf 75' lang='grc' dir='ltr'>φησὶ,</span> <span class='ocrx_word' id='word_1_490' title='bbox 1189 4683 1219 4718; x_wconf 83' lang='grc' dir='ltr'>(ι</span> <span class='ocrx_word' id='word_1_491' title='bbox 1247 4660 1470 4736; x_wconf 87' lang='grc' dir='ltr'>δίδωμι·</span> <span class='ocrx_word' id='word_1_492' title='bbox 1513 4681 1544 4716; x_wconf 78' lang='grc' dir='ltr'>ι)</span> <span class='ocrx_word' id='word_1_493' title='bbox 1580 4655 1840 4732; x_wconf 85' lang='grc' dir='ltr'>τουτέστι,</span> <span class='ocrx_word' id='word_1_494' title='bbox 1877 4660 2027 4736; x_wconf 78' lang='grc' dir='ltr'>Συμο</span> 
     </span>
    </p>
   </div>
   <div class='ocr_carea' id='block_1_63' title="bbox 430 4745 2026 4831">
    <p class='ocr_par' dir='ltr' id='par_1_63' title="bbox 430 4745 2026 4831">
     <span class='ocr_line' id='line_1_64' title="bbox 430 4745 2026 4831; baseline -0.004 -22"><span class='ocrx_word' id='word_1_495' title='bbox 430 4749 658 4821; x_wconf 83' lang='grc' dir='ltr'>ϐουλὴν,</span> <span class='ocrx_word' id='word_1_496' title='bbox 701 4753 794 4810; x_wconf 81' lang='grc' dir='ltr'>οὐκ</span> <span class='ocrx_word' id='word_1_497' title='bbox 841 4752 1080 4831; x_wconf 85' lang='grc' dir='ltr'>ἀνάγκην</span> <span class='ocrx_word' id='word_1_498' title='bbox 1120 4749 1397 4827; x_wconf 79' lang='grc' dir='ltr'>ἐπιτίθημι</span> <span class='ocrx_word' id='word_1_499' title='bbox 1419 4772 1434 4786; x_wconf 78' lang='grc' dir='ltr'><strong>ο</strong></span> <span class='ocrx_word' id='word_1_500' title='bbox 1471 4749 1564 4808; x_wconf 87' lang='lat' dir='ltr'><strong>xui</strong></span> <span class='ocrx_word' id='word_1_501' title='bbox 1618 4746 1786 4818; x_wconf 76' lang='grc' dir='ltr'>αὐτὴν</span> <span class='ocrx_word' id='word_1_502' title='bbox 1836 4745 1892 4805; x_wconf 83' lang='grc' dir='ltr'>δὲ</span> <span class='ocrx_word' id='word_1_503' title='bbox 1929 4745 2026 4818; x_wconf 77' lang='grc' dir='ltr'><strong>τὴν</strong></span> 
     </span>
    </p>
   </div>
   <div class='ocr_carea' id='block_1_64' title="bbox 429 4835 2026 4918">
    <p class='ocr_par' dir='ltr' id='par_1_64' title="bbox 429 4835 2026 4918">
     <span class='ocr_line' id='line_1_65' title="bbox 429 4835 2026 4918; baseline -0.003 -20"><span class='ocrx_word' id='word_1_504' title='bbox 429 4839 738 4918; x_wconf 83' lang='grc' dir='ltr'>συμϐουλὴν</span> <span class='ocrx_word' id='word_1_505' title='bbox 766 4846 1025 4916; x_wconf 88' lang='grc' dir='ltr'>ποιοῦμαι</span> <span class='ocrx_word' id='word_1_506' title='bbox 1073 4837 1160 4898; x_wconf 81' lang='grc' dir='ltr'><strong>διὰ</strong></span> <span class='ocrx_word' id='word_1_507' title='bbox 1201 4838 1262 4898; x_wconf 81' lang='grc' dir='ltr'>τὸ</span> <span class='ocrx_word' id='word_1_508' title='bbox 1308 4835 1596 4918; x_wconf 83' lang='grc' dir='ltr'>συμφέρειν</span> <span class='ocrx_word' id='word_1_509' title='bbox 1645 4839 1770 4915; x_wconf 72' lang='grc' dir='ltr'>ὑμῖν</span> <span class='ocrx_word' id='word_1_510' title='bbox 1822 4837 2026 4913; x_wconf 82' lang='grc' dir='ltr'>μᾶλλον</span> 
     </span>
    </p>
   </div>
   <div class='ocr_carea' id='block_1_65' title="bbox 431 4927 1018 5008">
    <p class='ocr_par' dir='ltr' id='par_1_65' title="bbox 431 4927 1018 5008">
     <span class='ocr_line' id='line_1_66' title="bbox 431 4927 1018 5008; baseline 0.002 -18"><span class='ocrx_word' id='word_1_511' title='bbox 431 4927 466 5000; x_wconf 74' lang='grc' dir='ltr'><strong>ἢ</strong></span> <span class='ocrx_word' id='word_1_512' title='bbox 495 4938 603 4998; x_wconf 87' lang='grc' dir='ltr'>τοῖς</span> <span class='ocrx_word' id='word_1_513' title='bbox 627 4929 1018 5008; x_wconf 80' lang='grc' dir='ltr'>λαμϐάνουσιν.</span> 
     </span>
    </p>
   </div>
   <div class='ocr_carea' id='block_1_66' title="bbox 513 5013 2024 5094">
    <p class='ocr_par' dir='ltr' id='par_1_66' title="bbox 513 5013 2024 5094">
     <span class='ocr_line' id='line_1_67' title="bbox 513 5013 2024 5094; baseline -0.005 -12"><span class='ocrx_word' id='word_1_514' title='bbox 513 5048 536 5072; x_wconf 78' lang='grc' dir='ltr'><strong>σι</strong></span> <span class='ocrx_word' id='word_1_515' title='bbox 557 5018 768 5087; x_wconf 79' lang='grc' dir='ltr'>Οἵτινες</span> <span class='ocrx_word' id='word_1_516' title='bbox 795 5023 854 5078; x_wconf 82' lang='grc' dir='ltr'>οὗ</span> <span class='ocrx_word' id='word_1_517' title='bbox 886 5017 1044 5094; x_wconf 87' lang='grc' dir='ltr'>μόνον</span> <span class='ocrx_word' id='word_1_518' title='bbox 1071 5017 1132 5076; x_wconf 82' lang='grc' dir='ltr'><strong>τὸ</strong></span> <span class='ocrx_word' id='word_1_519' title='bbox 1163 5021 1420 5093; x_wconf 79' lang='grc' dir='ltr'>ποιῆσαι,</span> <span class='ocrx_word' id='word_1_520' title='bbox 1457 5015 1598 5075; x_wconf 79' lang='grc' dir='ltr'>ἀλλὰ</span> <span class='ocrx_word' id='word_1_521' title='bbox 1639 5017 1728 5075; x_wconf 80' lang='grc' dir='ltr'>καὶ</span> <span class='ocrx_word' id='word_1_522' title='bbox 1767 5013 1828 5073; x_wconf 72' lang='grc' dir='ltr'><strong>τὸ</strong></span> <span class='ocrx_word' id='word_1_523' title='bbox 1857 5015 2024 5074; x_wconf 81' lang='grc' dir='ltr'>θέλειν</span> 
     </span>
    </p>
   </div>
   <div class='ocr_carea' id='block_1_67' title="bbox 425 5104 2027 5188">
    <p class='ocr_par' dir='ltr' id='par_1_67' title="bbox 425 5104 2027 5188">
     <span class='ocr_line' id='line_1_68' title="bbox 425 5104 2027 5188; baseline -0.004 -20"><span class='ocrx_word' id='word_1_524' title='bbox 425 5107 814 5188; x_wconf 80' lang='grc' dir='ltr'>προενήρξασθε</span> <span class='ocrx_word' id='word_1_525' title='bbox 861 5107 967 5167; x_wconf 78' lang='grc' dir='ltr'><strong>ἀπὸ</strong></span> <span class='ocrx_word' id='word_1_526' title='bbox 1004 5107 1231 5188; x_wconf 82' lang='grc' dir='ltr'>πέρυσι-</span> <span class='ocrx_word' id='word_1_527' title='bbox 1283 5107 1396 5166; x_wconf 73' lang='grc' dir='ltr'>νυνὶ</span> <span class='ocrx_word' id='word_1_528' title='bbox 1447 5106 1503 5164; x_wconf 80' lang='grc' dir='ltr'>δὲ</span> <span class='ocrx_word' id='word_1_529' title='bbox 1554 5105 1646 5164; x_wconf 85' lang='lat' dir='ltr'><strong>xui</strong></span> <span class='ocrx_word' id='word_1_530' title='bbox 1689 5104 1748 5163; x_wconf 87' lang='grc' dir='ltr'>τὸ</span> <span class='ocrx_word' id='word_1_531' title='bbox 1804 5108 2027 5176; x_wconf 78' lang='grc' dir='ltr'>ποιῆσαι</span> 
     </span>
    </p>
   </div>
   <div class='ocr_carea' id='block_1_68' title="bbox 429 5194 2028 5274">
    <p class='ocr_par' dir='ltr' id='par_1_68' title="bbox 429 5194 2028 5274">
     <span class='ocr_line' id='line_1_69' title="bbox 429 5194 2028 5274; baseline -0.004 -15"><span class='ocrx_word' id='word_1_532' title='bbox 429 5200 791 5259; x_wconf 81' lang='grc' dir='ltr'>ἐπιτελέσατε.</span> <span class='ocrx_word' id='word_1_533' title='bbox 828 5225 852 5252; x_wconf 74' lang='grc' dir='ltr'><strong>ν</strong></span> <span class='ocrx_word' id='word_1_534' title='bbox 911 5197 1111 5258; x_wconf 78' lang='grc' dir='ltr'>Οὐκέτι</span> <span class='ocrx_word' id='word_1_535' title='bbox 1141 5201 1201 5256; x_wconf 84' lang='grc' dir='ltr'><strong>ἐκ</strong></span> <span class='ocrx_word' id='word_1_536' title='bbox 1234 5200 1328 5268; x_wconf 80' lang='grc' dir='ltr'><strong>τῆς</strong></span> <span class='ocrx_word' id='word_1_537' title='bbox 1373 5198 1479 5254; x_wconf 79' lang='grc' dir='ltr'><strong>τῶν</strong></span> <span class='ocrx_word' id='word_1_538' title='bbox 1535 5194 1728 5274; x_wconf 83' lang='grc' dir='ltr'>ἑτέρων</span> <span class='ocrx_word' id='word_1_539' title='bbox 1790 5195 2028 5265; x_wconf 82' lang='grc' dir='ltr'>σπουδῆς</span> 
     </span>
    </p>
   </div>
   <div class='ocr_carea' id='block_1_69' title="bbox 436 5283 2028 5369">
    <p class='ocr_par' dir='ltr' id='par_1_69' title="bbox 436 5283 2028 5369">
     <span class='ocr_line' id='line_1_70' title="bbox 436 5283 2028 5369; baseline -0.004 -22"><span class='ocrx_word' id='word_1_540' title='bbox 436 5287 622 5355; x_wconf 80' lang='grc' dir='ltr'>αὐτοὺς</span> <span class='ocrx_word' id='word_1_541' title='bbox 671 5287 1054 5369; x_wconf 88' lang='grc' dir='ltr'>προτρέπεται,</span> <span class='ocrx_word' id='word_1_542' title='bbox 1083 5285 1207 5345; x_wconf 87' lang='grc' dir='ltr'>ἀλλ’</span> <span class='ocrx_word' id='word_1_543' title='bbox 1240 5288 1300 5344; x_wconf 79' lang='grc' dir='ltr'><strong>ἐκ</strong></span> <span class='ocrx_word' id='word_1_544' title='bbox 1347 5289 1443 5358; x_wconf 78' lang='grc' dir='ltr'><strong>τῆς</strong></span> <span class='ocrx_word' id='word_1_545' title='bbox 1478 5287 1650 5344; x_wconf 79' lang='grc' dir='ltr'>αὐτῶν</span> <span class='ocrx_word' id='word_1_546' title='bbox 1696 5283 1992 5363; x_wconf 90' lang='grc' dir='ltr'>προθυμίας</span> <span class='ocrx_word' id='word_1_547' title='bbox 2015 5307 2028 5320; x_wconf 78' lang='grc' dir='ltr'><strong><em>ο</em></strong></span> 
     </span>
    </p>
   </div>
   <div class='ocr_carea' id='block_1_70' title="bbox 435 5371 2029 5459">
    <p class='ocr_par' dir='ltr' id='par_1_70' title="bbox 435 5371 2029 5459">
     <span class='ocr_line' id='line_1_71' title="bbox 435 5371 2029 5459; baseline -0.004 -22"><span class='ocrx_word' id='word_1_548' title='bbox 435 5377 528 5437; x_wconf 85' lang='grc' dir='ltr'><strong>καί</strong></span> <span class='ocrx_word' id='word_1_549' title='bbox 575 5399 768 5459; x_wconf 77' lang='grc' dir='ltr'>φησιν,</span> <span class='ocrx_word' id='word_1_550' title='bbox 813 5375 896 5436; x_wconf 78' lang='grc' dir='ltr'><strong>ὅτι</strong></span> <span class='ocrx_word' id='word_1_551' title='bbox 920 5375 1170 5440; x_wconf 84' lang='grc' dir='ltr'>Ἑκόντες</span> <span class='ocrx_word' id='word_1_552' title='bbox 1214 5375 1304 5435; x_wconf 77' lang='grc' dir='ltr'><strong>ἐπὶ</strong></span> <span class='ocrx_word' id='word_1_553' title='bbox 1345 5379 1500 5433; x_wconf 90' lang='grc' dir='ltr'>τοῦτο</span> <span class='ocrx_word' id='word_1_554' title='bbox 1550 5374 1776 5447; x_wconf 84' lang='grc' dir='ltr'>ἤλθετε,</span> <span class='ocrx_word' id='word_1_555' title='bbox 1829 5371 1921 5431; x_wconf 86' lang='lat' dir='ltr'><strong>xui</strong></span> <span class='ocrx_word' id='word_1_556' title='bbox 1970 5373 2029 5431; x_wconf 80' lang='grc' dir='ltr'>οὔ</span> 
     </span>
    </p>
   </div>
   <div class='ocr_carea' id='block_1_71' title="bbox 437 5461 2032 5547">
    <p class='ocr_par' dir='ltr' id='par_1_71' title="bbox 437 5461 2032 5547">
     <span class='ocr_line' id='line_1_72' title="bbox 437 5461 2032 5547; baseline -0.004 -21"><span class='ocrx_word' id='word_1_557' title='bbox 437 5467 594 5543; x_wconf 83' lang='grc' dir='ltr'>μόνον</span> <span class='ocrx_word' id='word_1_558' title='bbox 638 5465 812 5547; x_wconf 80' lang='grc' dir='ltr'>ἀρχὴν</span> <span class='ocrx_word' id='word_1_559' title='bbox 864 5463 1225 5525; x_wconf 81' lang='grc' dir='ltr'>κατεϐάλεσθε</span> <span class='ocrx_word' id='word_1_560' title='bbox 1269 5463 1398 5545; x_wconf 81' lang='grc' dir='ltr'>πρὸς</span> <span class='ocrx_word' id='word_1_561' title='bbox 1427 5463 1488 5522; x_wconf 75' lang='grc' dir='ltr'><strong>τὸ</strong></span> <span class='ocrx_word' id='word_1_562' title='bbox 1528 5463 1733 5541; x_wconf 81' lang='grc' dir='ltr'>ποιεῖν,</span> <span class='ocrx_word' id='word_1_563' title='bbox 1771 5461 1911 5522; x_wconf 82' lang='grc' dir='ltr'>ἀλλὰ</span> <span class='ocrx_word' id='word_1_564' title='bbox 1940 5461 2032 5520; x_wconf 85' lang='lat' dir='ltr'><strong>xui</strong></span> 
     </span>
    </p>
   </div>
   <div class='ocr_carea' id='block_1_72' title="bbox 2128 1891 3730 1964">
    <p class='ocr_par' dir='ltr' id='par_1_72' title="bbox 2128 1891 3730 1964">
     <span class='ocr_line' id='line_1_73' title="bbox 2128 1891 3730 1964; baseline 0.001 -18"><span class='ocrx_word' id='word_1_565' title='bbox 2128 1892 2209 1948; x_wconf 89' lang='lat' dir='ltr'><strong>vel</strong></span> <span class='ocrx_word' id='word_1_566' title='bbox 2239 1901 2300 1948; x_wconf 91' lang='lat' dir='ltr'><strong>ut</strong></span> <span class='ocrx_word' id='word_1_567' title='bbox 2327 1893 2458 1964; x_wconf 87' lang='lat' dir='ltr'><strong>largi</strong></span> <span class='ocrx_word' id='word_1_568' title='bbox 2484 1891 2604 1948; x_wconf 85' lang='lat' dir='ltr'><strong>sitis</strong></span> <span class='ocrx_word' id='word_1_569' title='bbox 2633 1891 2975 1964; x_wconf 87' lang='lat' dir='ltr'><strong>simpliciter.</strong></span> <span class='ocrx_word' id='word_1_570' title='bbox 3019 1913 3046 1940; x_wconf 73' lang='grc' dir='ltr'><strong>α</strong></span> <span class='ocrx_word' id='word_1_571' title='bbox 3073 1891 3204 1948; x_wconf 90' lang='lat' dir='ltr'><strong>Fide</strong></span> <span class='ocrx_word' id='word_1_572' title='bbox 3240 1914 3265 1941; x_wconf 72' lang='grc' dir='ltr'><strong>ιι</strong></span> <span class='ocrx_word' id='word_1_573' title='bbox 3293 1898 3499 1958; x_wconf 90' lang='lat' dir='ltr'><strong>autem,</strong></span> <span class='ocrx_word' id='word_1_574' title='bbox 3527 1906 3730 1962; x_wconf 90' lang='lat' dir='ltr'><strong>nempe</strong></span> 
     </span>
    </p>
   </div>
   <div class='ocr_carea' id='block_1_73' title="bbox 2125 1979 3723 2051">
    <p class='ocr_par' dir='ltr' id='par_1_73' title="bbox 2125 1979 3723 2051">
     <span class='ocr_line' id='line_1_74' title="bbox 2125 1979 3723 2051; baseline -0.001 -14"><span class='ocrx_word' id='word_1_575' title='bbox 2125 1981 2540 2051; x_wconf 88' lang='lat' dir='ltr'><strong>charismatum,</strong></span> <span class='ocrx_word' id='word_1_576' title='bbox 2569 1981 2910 2050; x_wconf 84' lang='lat' dir='ltr'><strong>indubitata;</strong></span> <span class='ocrx_word' id='word_1_577' title='bbox 2948 2005 2973 2030; x_wconf 78' lang='grc' dir='ltr'><strong>σι</strong></span> <span class='ocrx_word' id='word_1_578' title='bbox 3020 1996 3280 2037; x_wconf 90' lang='lat' dir='ltr'><strong>sermone</strong></span> <span class='ocrx_word' id='word_1_579' title='bbox 3305 2021 3321 2047; x_wconf 95' lang='lat'><strong>,</strong></span> <span class='ocrx_word' id='word_1_580' title='bbox 3351 2002 3377 2029; x_wconf 78' lang='grc' dir='ltr'><strong>ιι</strong></span> <span class='ocrx_word' id='word_1_581' title='bbox 3406 1979 3723 2050; x_wconf 68' lang='lat' dir='ltr'><strong>sapientiae;</strong></span> 
     </span>
    </p>
   </div>
   <div class='ocr_carea' id='block_1_74' title="bbox 2125 2069 3722 2139">
    <p class='ocr_par' dir='ltr' id='par_1_74' title="bbox 2125 2069 3722 2139">
     <span class='ocr_line' id='line_1_75' title="bbox 2125 2069 3722 2139; baseline -0.002 -12"><span class='ocrx_word' id='word_1_582' title='bbox 2125 2072 2378 2139; x_wconf 89' lang='lat' dir='ltr'><strong>scientia,</strong></span> <span class='ocrx_word' id='word_1_583' title='bbox 2408 2070 2816 2139; x_wconf 82' lang='lat' dir='ltr'><strong>doctrinarum;</strong></span> <span class='ocrx_word' id='word_1_584' title='bbox 2884 2094 2910 2120; x_wconf 80' lang='grc' dir='ltr'>«ι</span> <span class='ocrx_word' id='word_1_585' title='bbox 2961 2080 3018 2126; x_wconf 91' lang='lat' dir='ltr'><strong>et</strong></span> <span class='ocrx_word' id='word_1_586' title='bbox 3065 2071 3215 2126; x_wconf 89' lang='lat' dir='ltr'><strong>omni</strong></span> <span class='ocrx_word' id='word_1_587' title='bbox 3267 2069 3672 2137; x_wconf 89' lang='lat' dir='ltr'><strong>sollicitudine,</strong></span> <span class='ocrx_word' id='word_1_588' title='bbox 3699 2092 3722 2117; x_wconf 77' lang='grc' dir='ltr'><strong>ν</strong></span> 
     </span>
    </p>
   </div>
   <div class='ocr_carea' id='block_1_75' title="bbox 2127 2159 3729 2233">
    <p class='ocr_par' dir='ltr' id='par_1_75' title="bbox 2127 2159 3729 2233">
     <span class='ocr_line' id='line_1_76' title="bbox 2127 2159 3729 2233; baseline -0.002 -17"><span class='ocrx_word' id='word_1_589' title='bbox 2127 2176 2255 2233; x_wconf 86' lang='lat' dir='ltr'><strong>erga</strong></span> <span class='ocrx_word' id='word_1_590' title='bbox 2293 2161 2457 2216; x_wconf 90' lang='lat' dir='ltr'><strong>aliam</strong></span> <span class='ocrx_word' id='word_1_591' title='bbox 2497 2161 2760 2217; x_wconf 83' lang='lat' dir='ltr'><strong>virtutem</strong></span> <span class='ocrx_word' id='word_1_592' title='bbox 2809 2179 2821 2215; x_wconf 92' lang='lat'>:</span> <span class='ocrx_word' id='word_1_593' title='bbox 2875 2183 2902 2209; x_wconf 72' lang='grc' dir='ltr'><strong>α</strong></span> <span class='ocrx_word' id='word_1_594' title='bbox 2931 2168 2987 2216; x_wconf 93' lang='lat' dir='ltr'><strong>et</strong></span> <span class='ocrx_word' id='word_1_595' title='bbox 3010 2159 3309 2227; x_wconf 88' lang='lat' dir='ltr'><strong>charitate,</strong></span> <span class='ocrx_word' id='word_1_596' title='bbox 3351 2183 3376 2207; x_wconf 70' lang='grc' dir='ltr'><strong><em>ι</em></strong></span> <span class='ocrx_word' id='word_1_597' title='bbox 3429 2173 3602 2230; x_wconf 90' lang='lat' dir='ltr'><strong>quam</strong></span> <span class='ocrx_word' id='word_1_598' title='bbox 3631 2174 3729 2213; x_wconf 91' lang='lat' dir='ltr'><strong>vos</strong></span> 
     </span>
    </p>
   </div>
   <div class='ocr_carea' id='block_1_76' title="bbox 2127 2247 3731 2322">
    <p class='ocr_par' dir='ltr' id='par_1_76' title="bbox 2127 2247 3731 2322">
     <span class='ocr_line' id='line_1_77' title="bbox 2127 2247 3731 2322; baseline -0.001 -18"><span class='ocrx_word' id='word_1_599' title='bbox 2127 2249 2182 2305; x_wconf 91' lang='lat' dir='ltr'><strong>in</strong></span> <span class='ocrx_word' id='word_1_600' title='bbox 2227 2266 2334 2306; x_wconf 93' lang='lat' dir='ltr'><strong>nos</strong></span> <span class='ocrx_word' id='word_1_601' title='bbox 2369 2250 2602 2306; x_wconf 91' lang='lat' dir='ltr'><strong>habetis.</strong></span> <span class='ocrx_word' id='word_1_602' title='bbox 2651 2251 2793 2306; x_wconf 89' lang='lat' dir='ltr'><strong>Nam</strong></span> <span class='ocrx_word' id='word_1_603' title='bbox 2849 2266 3016 2322; x_wconf 87' lang='lat' dir='ltr'><strong>supra</strong></span> <span class='ocrx_word' id='word_1_604' title='bbox 3066 2249 3226 2316; x_wconf 80' lang='lat' dir='ltr'><strong>dixit,</strong></span> <span class='ocrx_word' id='word_1_605' title='bbox 3275 2247 3566 2304; x_wconf 88' lang='lat' dir='ltr'><strong>Indicastis</strong></span> <span class='ocrx_word' id='word_1_606' title='bbox 3607 2247 3731 2303; x_wconf 89' lang='lat' dir='ltr'><strong>Tito</strong></span> 
     </span>
    </p>
   </div>
   <div class='ocr_carea' id='block_1_77' title="bbox 2125 2339 3617 2410">
    <p class='ocr_par' dir='ltr' id='par_1_77' title="bbox 2125 2339 3617 2410">
     <span class='ocr_line' id='line_1_78' title="bbox 2125 2339 3617 2410; baseline -0.002 -15"><span class='ocrx_word' id='word_1_607' title='bbox 2125 2339 2482 2397; x_wconf 88' lang='lat' dir='ltr'><strong>dilectionem</strong></span> <span class='ocrx_word' id='word_1_608' title='bbox 2510 2348 2757 2397; x_wconf 82' lang='lat' dir='ltr'><strong>vestram</strong></span> <span class='ocrx_word' id='word_1_609' title='bbox 2783 2340 2838 2396; x_wconf 90' lang='lat' dir='ltr'><strong>in</strong></span> <span class='ocrx_word' id='word_1_610' title='bbox 2873 2355 2963 2395; x_wconf 92' lang='lat' dir='ltr'><strong>me</strong></span> <span class='ocrx_word' id='word_1_611' title='bbox 2981 2380 2998 2407; x_wconf 95' lang='lat'><strong>,</strong></span> <span class='ocrx_word' id='word_1_612' title='bbox 3031 2339 3356 2396; x_wconf 71' lang='lat' dir='ltr'><strong>aemulantes</strong></span> <span class='ocrx_word' id='word_1_613' title='bbox 3382 2354 3482 2410; x_wconf 88' lang='lat' dir='ltr'><strong>pro</strong></span> <span class='ocrx_word' id='word_1_614' title='bbox 3509 2353 3617 2395; x_wconf 90' lang='lat' dir='ltr'><strong>me.</strong></span> 
     </span>
    </p>
   </div>
   <div class='ocr_carea' id='block_1_78' title="bbox 2198 2522 3732 2594">
    <p class='ocr_par' dir='ltr' id='par_1_78' title="bbox 2198 2522 3732 2594">
     <span class='ocr_line' id='line_1_79' title="bbox 2198 2522 3732 2594; baseline -0.003 -14"><span class='ocrx_word' id='word_1_615' title='bbox 2198 2525 2376 2580; x_wconf 77' lang='lat' dir='ltr'><strong>Vnus.</strong></span> <span class='ocrx_word' id='word_1_616' title='bbox 2418 2529 2470 2578; x_wconf 91' lang='lat'><strong>8.</strong></span> <span class='ocrx_word' id='word_1_617' title='bbox 2504 2545 2528 2571; x_wconf 76' lang='grc' dir='ltr'><strong>α</strong></span> <span class='ocrx_word' id='word_1_618' title='bbox 2549 2525 2673 2578; x_wconf 84' lang='grc' dir='ltr'>Νοιι</span> <span class='ocrx_word' id='word_1_619' title='bbox 2715 2523 2874 2594; x_wconf 88' lang='lat' dir='ltr'><strong>quasi</strong></span> <span class='ocrx_word' id='word_1_620' title='bbox 2902 2522 3184 2594; x_wconf 91' lang='lat' dir='ltr'><strong>imperans</strong></span> <span class='ocrx_word' id='word_1_621' title='bbox 3221 2522 3361 2578; x_wconf 90' lang='lat' dir='ltr'><strong>dico.</strong></span> <span class='ocrx_word' id='word_1_622' title='bbox 3411 2543 3437 2569; x_wconf 75' lang='grc' dir='ltr'>ιο</span> <span class='ocrx_word' id='word_1_623' title='bbox 3470 2524 3592 2576; x_wconf 85' lang='grc' dir='ltr'>Ηοο</span> <span class='ocrx_word' id='word_1_624' title='bbox 3618 2530 3732 2587; x_wconf 92' lang='lat' dir='ltr'><strong>est,</strong></span> 
     </span>
    </p>
   </div>
   <div class='ocr_carea' id='block_1_79' title="bbox 2128 2609 3730 2683">
    <p class='ocr_par' dir='ltr' id='par_1_79' title="bbox 2128 2609 3730 2683">
     <span class='ocr_line' id='line_1_80' title="bbox 2128 2609 3730 2683; baseline -0.002 -14"><span class='ocrx_word' id='word_1_625' title='bbox 2128 2611 2296 2683; x_wconf 76' lang='lat'><strong>285</strong></span> <span class='ocrx_word' id='word_1_626' title='bbox 2342 2627 2455 2668; x_wconf 89' lang='lat' dir='ltr'><strong>non</strong></span> <span class='ocrx_word' id='word_1_627' title='bbox 2490 2627 2628 2683; x_wconf 84' lang='lat' dir='ltr'><strong>cogo</strong></span> <span class='ocrx_word' id='word_1_628' title='bbox 2683 2627 2814 2678; x_wconf 88' lang='lat' dir='ltr'><strong>vos,</strong></span> <span class='ocrx_word' id='word_1_629' title='bbox 2855 2626 3036 2683; x_wconf 88' lang='lat' dir='ltr'><strong>neque</strong></span> <span class='ocrx_word' id='word_1_630' title='bbox 3065 2611 3211 2666; x_wconf 90' lang='lat' dir='ltr'><strong>velut</strong></span> <span class='ocrx_word' id='word_1_631' title='bbox 3238 2609 3480 2682; x_wconf 90' lang='lat' dir='ltr'><strong>aliquam</strong></span> <span class='ocrx_word' id='word_1_632' title='bbox 3527 2609 3582 2665; x_wconf 91' lang='lat' dir='ltr'><strong>in</strong></span> <span class='ocrx_word' id='word_1_633' title='bbox 3633 2625 3730 2665; x_wconf 90' lang='lat' dir='ltr'><strong>vos</strong></span> 
     </span>
    </p>
   </div>
   <div class='ocr_carea' id='block_1_80' title="bbox 2127 2701 2700 2773">
    <p class='ocr_par' dir='ltr' id='par_1_80' title="bbox 2127 2701 2700 2773">
     <span class='ocr_line' id='line_1_81' title="bbox 2127 2701 2700 2773; baseline -0.002 -16"><span class='ocrx_word' id='word_1_634' title='bbox 2127 2710 2454 2773; x_wconf 89' lang='lat' dir='ltr'><strong>potestatem</strong></span> <span class='ocrx_word' id='word_1_635' title='bbox 2478 2701 2700 2757; x_wconf 89' lang='lat' dir='ltr'><strong>habens.</strong></span> 
     </span>
    </p>
   </div>
   <div class='ocr_carea' id='block_1_81' title="bbox 2203 2788 3734 2862">
    <p class='ocr_par' dir='ltr' id='par_1_81' title="bbox 2203 2788 3734 2862">
     <span class='ocr_line' id='line_1_82' title="bbox 2203 2788 3734 2862; baseline -0.001 -16"><span class='ocrx_word' id='word_1_636' title='bbox 2203 2814 2229 2839; x_wconf 75' lang='grc' dir='ltr'><strong>α</strong></span> <span class='ocrx_word' id='word_1_637' title='bbox 2267 2790 2372 2847; x_wconf 90' lang='lat' dir='ltr'><strong>Sed</strong></span> <span class='ocrx_word' id='word_1_638' title='bbox 2412 2807 2510 2862; x_wconf 92' lang='lat' dir='ltr'><strong>per</strong></span> <span class='ocrx_word' id='word_1_639' title='bbox 2550 2789 2787 2847; x_wconf 89' lang='lat' dir='ltr'><strong>aliorum</strong></span> <span class='ocrx_word' id='word_1_640' title='bbox 2815 2788 3282 2856; x_wconf 88' lang='lat' dir='ltr'><strong>sollicitudinem,</strong></span> <span class='ocrx_word' id='word_1_641' title='bbox 3331 2789 3501 2844; x_wconf 91' lang='lat' dir='ltr'><strong>etiam</strong></span> <span class='ocrx_word' id='word_1_642' title='bbox 3535 2796 3734 2844; x_wconf 66' lang='lat' dir='ltr'><strong>vestrae</strong></span> 
     </span>
    </p>
   </div>
   <div class='ocr_carea' id='block_1_82' title="bbox 2126 2878 3731 2952">
    <p class='ocr_par' dir='ltr' id='par_1_82' title="bbox 2126 2878 3731 2952">
     <span class='ocr_line' id='line_1_83' title="bbox 2126 2878 3731 2952; baseline -0.002 -16"><span class='ocrx_word' id='word_1_643' title='bbox 2126 2880 2412 2936; x_wconf 91' lang='lat' dir='ltr'><strong>charitatis</strong></span> <span class='ocrx_word' id='word_1_644' title='bbox 2432 2881 2732 2952; x_wconf 79' lang='lat' dir='ltr'><strong>ingenuum</strong></span> <span class='ocrx_word' id='word_1_645' title='bbox 2763 2879 2973 2936; x_wconf 91' lang='lat' dir='ltr'><strong>bonum</strong></span> <span class='ocrx_word' id='word_1_646' title='bbox 3003 2878 3395 2949; x_wconf 89' lang='lat' dir='ltr'><strong>comprobans.</strong></span> <span class='ocrx_word' id='word_1_647' title='bbox 3425 2901 3452 2926; x_wconf 69' lang='grc' dir='ltr'><strong>υ</strong></span> <span class='ocrx_word' id='word_1_648' title='bbox 3484 2880 3607 2933; x_wconf 86' lang='lat' dir='ltr'><strong>Hoc</strong></span> <span class='ocrx_word' id='word_1_649' title='bbox 3628 2887 3731 2944; x_wconf 90' lang='lat' dir='ltr'><strong>est,</strong></span> 
     </span>
    </p>
   </div>
   <div class='ocr_carea' id='block_1_83' title="bbox 2129 2966 3736 3041">
    <p class='ocr_par' dir='ltr' id='par_1_83' title="bbox 2129 2966 3736 3041">
     <span class='ocr_line' id='line_1_84' title="bbox 2129 2966 3736 3041; baseline -0.002 -17"><span class='ocrx_word' id='word_1_650' title='bbox 2129 2977 2420 3041; x_wconf 89' lang='lat' dir='ltr'><strong>propterea</strong></span> <span class='ocrx_word' id='word_1_651' title='bbox 2451 2967 2614 3024; x_wconf 90' lang='lat' dir='ltr'><strong>laudo</strong></span> <span class='ocrx_word' id='word_1_652' title='bbox 2652 2968 3000 3036; x_wconf 86' lang='lat' dir='ltr'><strong>Macedones,</strong></span> <span class='ocrx_word' id='word_1_653' title='bbox 3042 2976 3104 3022; x_wconf 93' lang='lat' dir='ltr'><strong>ut</strong></span> <span class='ocrx_word' id='word_1_654' title='bbox 3134 2983 3231 3040; x_wconf 90' lang='lat' dir='ltr'><strong>per</strong></span> <span class='ocrx_word' id='word_1_655' title='bbox 3256 2966 3478 3023; x_wconf 90' lang='lat' dir='ltr'><strong>illorum</strong></span> <span class='ocrx_word' id='word_1_656' title='bbox 3505 2966 3736 3039; x_wconf 88' lang='lat' dir='ltr'><strong>diligen-</strong></span> 
     </span>
    </p>
   </div>
   <div class='ocr_carea' id='block_1_84' title="bbox 2129 3055 3732 3130">
    <p class='ocr_par' dir='ltr' id='par_1_84' title="bbox 2129 3055 3732 3130">
     <span class='ocr_line' id='line_1_85' title="bbox 2129 3055 3732 3130; baseline -0.002 -16"><span class='ocrx_word' id='word_1_657' title='bbox 2129 3060 2260 3114; x_wconf 88' lang='lat' dir='ltr'><strong>tiam</strong></span> <span class='ocrx_word' id='word_1_658' title='bbox 2314 3066 2556 3114; x_wconf 87' lang='lat' dir='ltr'><strong>vestram</strong></span> <span class='ocrx_word' id='word_1_659' title='bbox 2611 3074 2740 3130; x_wconf 86' lang='lat' dir='ltr'><strong>erga</strong></span> <span class='ocrx_word' id='word_1_660' title='bbox 2799 3073 3067 3130; x_wconf 86' lang='lat' dir='ltr'><strong>pauperes</strong></span> <span class='ocrx_word' id='word_1_661' title='bbox 3113 3065 3334 3113; x_wconf 89' lang='lat' dir='ltr'><strong>sanctos</strong></span> <span class='ocrx_word' id='word_1_662' title='bbox 3378 3055 3732 3112; x_wconf 87' lang='lat' dir='ltr'><strong>dilectionem</strong></span> 
     </span>
    </p>
   </div>
   <div class='ocr_carea' id='block_1_85' title="bbox 2128 3145 3289 3220">
    <p class='ocr_par' dir='ltr' id='par_1_85' title="bbox 2128 3145 3289 3220">
     <span class='ocr_line' id='line_1_86' title="bbox 2128 3145 3289 3220; baseline -0.003 -17"><span class='ocrx_word' id='word_1_663' title='bbox 2128 3148 2503 3220; x_wconf 88' lang='lat' dir='ltr'><strong>probatiorem</strong></span> <span class='ocrx_word' id='word_1_664' title='bbox 2541 3155 2596 3203; x_wconf 93' lang='lat' dir='ltr'><strong>et</strong></span> <span class='ocrx_word' id='word_1_665' title='bbox 2625 3145 3010 3220; x_wconf 86' lang='lat' dir='ltr'><strong>fulgentiorem</strong></span> <span class='ocrx_word' id='word_1_666' title='bbox 3042 3147 3289 3203; x_wconf 89' lang='lat' dir='ltr'><strong>reddam.</strong></span> 
     </span>
    </p>
   </div>
   <div class='ocr_carea' id='block_1_86' title="bbox 2199 3236 3737 3310">
    <p class='ocr_par' dir='ltr' id='par_1_86' title="bbox 2199 3236 3737 3310">
     <span class='ocr_line' id='line_1_87' title="bbox 2199 3236 3737 3310; baseline -0.001 -17"><span class='ocrx_word' id='word_1_667' title='bbox 2199 3239 2371 3295; x_wconf 73' lang='lat' dir='ltr'><strong>Vnus.</strong></span> <span class='ocrx_word' id='word_1_668' title='bbox 2426 3245 2479 3294; x_wconf 90' lang='lat'><strong>9.</strong></span> <span class='ocrx_word' id='word_1_669' title='bbox 2533 3261 2558 3285; x_wconf 85' lang='grc'><em>‹‹</em></span> <span class='ocrx_word' id='word_1_670' title='bbox 2608 3238 2770 3294; x_wconf 88' lang='lat' dir='ltr'><strong>Scitis</strong></span> <span class='ocrx_word' id='word_1_671' title='bbox 2816 3239 2965 3293; x_wconf 90' lang='lat' dir='ltr'><strong>enim</strong></span> <span class='ocrx_word' id='word_1_672' title='bbox 3015 3237 3250 3310; x_wconf 83' lang='lat' dir='ltr'><strong>gratiam</strong></span> <span class='ocrx_word' id='word_1_673' title='bbox 3295 3236 3520 3292; x_wconf 86' lang='lat' dir='ltr'><strong>Domini</strong></span> <span class='ocrx_word' id='word_1_674' title='bbox 3561 3238 3737 3292; x_wconf 85' lang='lat' dir='ltr'><strong>nostri</strong></span> 
     </span>
    </p>
   </div>
   <div class='ocr_carea' id='block_1_87' title="bbox 2131 3326 3732 3399">
    <p class='ocr_par' dir='ltr' id='par_1_87' title="bbox 2131 3326 3732 3399">
     <span class='ocr_line' id='line_1_88' title="bbox 2131 3326 3732 3399; baseline -0.002 -16"><span class='ocrx_word' id='word_1_675' title='bbox 2131 3331 2263 3384; x_wconf 91' lang='lat' dir='ltr'><strong>Jesu</strong></span> <span class='ocrx_word' id='word_1_676' title='bbox 2292 3327 2530 3396; x_wconf 91' lang='lat' dir='ltr'><strong>Christi,</strong></span> <span class='ocrx_word' id='word_1_677' title='bbox 2561 3327 2712 3398; x_wconf 93' lang='lat' dir='ltr'><strong>quod</strong></span> <span class='ocrx_word' id='word_1_678' title='bbox 2757 3335 2985 3399; x_wconf 90' lang='lat' dir='ltr'><strong>propter</strong></span> <span class='ocrx_word' id='word_1_679' title='bbox 3013 3342 3110 3382; x_wconf 90' lang='lat' dir='ltr'><strong>vos</strong></span> <span class='ocrx_word' id='word_1_680' title='bbox 3156 3341 3365 3398; x_wconf 87' lang='lat' dir='ltr'><strong>pauper</strong></span> <span class='ocrx_word' id='word_1_681' title='bbox 3413 3326 3585 3381; x_wconf 86' lang='lat' dir='ltr'><strong>factus</strong></span> <span class='ocrx_word' id='word_1_682' title='bbox 3614 3336 3697 3380; x_wconf 87' lang='lat' dir='ltr'><strong>est</strong></span> <span class='ocrx_word' id='word_1_683' title='bbox 3719 3369 3732 3394; x_wconf 90' lang='lat'><strong>,</strong></span> 
     </span>
    </p>
   </div>
   <div class='ocr_carea' id='block_1_88' title="bbox 2132 3414 3734 3486">
    <p class='ocr_par' dir='ltr' id='par_1_88' title="bbox 2132 3414 3734 3486">
     <span class='ocr_line' id='line_1_89' title="bbox 2132 3414 3734 3486; baseline -0.002 -14"><span class='ocrx_word' id='word_1_684' title='bbox 2132 3433 2262 3472; x_wconf 92' lang='lat' dir='ltr'><strong>cum</strong></span> <span class='ocrx_word' id='word_1_685' title='bbox 2292 3417 2439 3472; x_wconf 88' lang='lat' dir='ltr'><strong>dives</strong></span> <span class='ocrx_word' id='word_1_686' title='bbox 2459 3425 2622 3481; x_wconf 89' lang='lat' dir='ltr'><strong>esset,</strong></span> <span class='ocrx_word' id='word_1_687' title='bbox 2654 3424 2717 3471; x_wconf 91' lang='lat' dir='ltr'><strong>ut</strong></span> <span class='ocrx_word' id='word_1_688' title='bbox 2739 3415 2884 3470; x_wconf 87' lang='lat' dir='ltr'><strong>illius</strong></span> <span class='ocrx_word' id='word_1_689' title='bbox 2909 3416 3088 3486; x_wconf 89' lang='lat' dir='ltr'><strong>in0pia</strong></span> <span class='ocrx_word' id='word_1_690' title='bbox 3117 3431 3215 3470; x_wconf 92' lang='lat' dir='ltr'><strong>vos</strong></span> <span class='ocrx_word' id='word_1_691' title='bbox 3237 3414 3436 3470; x_wconf 88' lang='lat' dir='ltr'><strong>divites</strong></span> <span class='ocrx_word' id='word_1_692' title='bbox 3463 3415 3674 3470; x_wconf 90' lang='lat' dir='ltr'><strong>essetis.</strong></span> <span class='ocrx_word' id='word_1_693' title='bbox 3708 3440 3734 3463; x_wconf 76' lang='grc' dir='ltr'><strong>υ</strong></span> 
     </span>
    </p>
   </div>
   <div class='ocr_carea' id='block_1_89' title="bbox 2136 3503 3732 3577">
    <p class='ocr_par' dir='ltr' id='par_1_89' title="bbox 2136 3503 3732 3577">
     <span class='ocr_line' id='line_1_90' title="bbox 2136 3503 3732 3577; baseline -0.002 -15"><span class='ocrx_word' id='word_1_694' title='bbox 2136 3509 2257 3562; x_wconf 85' lang='lat' dir='ltr'><strong>Hoc</strong></span> <span class='ocrx_word' id='word_1_695' title='bbox 2278 3515 2388 3575; x_wconf 90' lang='lat' dir='ltr'><strong>est,</strong></span> <span class='ocrx_word' id='word_1_696' title='bbox 2421 3505 2656 3577; x_wconf 86' lang='lat' dir='ltr'><strong>cogitate</strong></span> <span class='ocrx_word' id='word_1_697' title='bbox 2676 3545 2692 3570; x_wconf 93' lang='lat'><strong>,</strong></span> <span class='ocrx_word' id='word_1_698' title='bbox 2737 3503 3030 3575; x_wconf 84' lang='lat' dir='ltr'><strong>expendite</strong></span> <span class='ocrx_word' id='word_1_699' title='bbox 3058 3504 3340 3559; x_wconf 87' lang='lat' dir='ltr'><strong>vobiscum</strong></span> <span class='ocrx_word' id='word_1_700' title='bbox 3370 3505 3562 3573; x_wconf 86' lang='lat' dir='ltr'><strong>ingens</strong></span> <span class='ocrx_word' id='word_1_701' title='bbox 3612 3520 3732 3575; x_wconf 83' lang='lat' dir='ltr'><strong>my-</strong></span> 
     </span>
    </p>
   </div>
   <div class='ocr_carea' id='block_1_90' title="bbox 2132 3592 3730 3664">
    <p class='ocr_par' dir='ltr' id='par_1_90' title="bbox 2132 3592 3730 3664">
     <span class='ocr_line' id='line_1_91' title="bbox 2132 3592 3730 3664; baseline -0.003 -12"><span class='ocrx_word' id='word_1_702' title='bbox 2132 3595 2392 3662; x_wconf 89' lang='lat' dir='ltr'><strong>sterium,</strong></span> <span class='ocrx_word' id='word_1_703' title='bbox 2429 3603 2485 3649; x_wconf 94' lang='lat' dir='ltr'><strong>et</strong></span> <span class='ocrx_word' id='word_1_704' title='bbox 2507 3594 2644 3650; x_wconf 90' lang='lat' dir='ltr'><strong>nulli</strong></span> <span class='ocrx_word' id='word_1_705' title='bbox 2691 3594 2770 3648; x_wconf 91' lang='lat' dir='ltr'><strong>rei</strong></span> <span class='ocrx_word' id='word_1_706' title='bbox 2804 3592 3054 3664; x_wconf 91' lang='lat' dir='ltr'><strong>parcetis.</strong></span> <span class='ocrx_word' id='word_1_707' title='bbox 3089 3592 3142 3647; x_wconf 90' lang='lat' dir='ltr'><strong>Si</strong></span> <span class='ocrx_word' id='word_1_708' title='bbox 3173 3593 3320 3646; x_wconf 91' lang='lat' dir='ltr'><strong>enim</strong></span> <span class='ocrx_word' id='word_1_709' title='bbox 3366 3608 3480 3647; x_wconf 90' lang='lat' dir='ltr'><strong>non</strong></span> <span class='ocrx_word' id='word_1_710' title='bbox 3522 3593 3730 3660; x_wconf 90' lang='lat' dir='ltr'><strong>credis,</strong></span> 
     </span>
    </p>
   </div>
   <div class='ocr_carea' id='block_1_91' title="bbox 2132 3680 3728 3756">
    <p class='ocr_par' dir='ltr' id='par_1_91' title="bbox 2132 3680 3728 3756">
     <span class='ocr_line' id='line_1_92' title="bbox 2132 3680 3728 3756; baseline -0.003 -16"><span class='ocrx_word' id='word_1_711' title='bbox 2132 3685 2340 3756; x_wconf 91' lang='lat' dir='ltr'><strong>inquit,</strong></span> <span class='ocrx_word' id='word_1_712' title='bbox 2395 3683 2542 3754; x_wconf 91' lang='lat' dir='ltr'><strong>quod</strong></span> <span class='ocrx_word' id='word_1_713' title='bbox 2596 3690 2890 3754; x_wconf 87' lang='lat' dir='ltr'><strong>paupertas</strong></span> <span class='ocrx_word' id='word_1_714' title='bbox 2942 3681 3256 3738; x_wconf 86' lang='lat' dir='ltr'><strong>divitiarum</strong></span> <span class='ocrx_word' id='word_1_715' title='bbox 3318 3681 3392 3737; x_wconf 90' lang='lat' dir='ltr'><strong>sit</strong></span> <span class='ocrx_word' id='word_1_716' title='bbox 3442 3680 3728 3750; x_wconf 83' lang='lat' dir='ltr'><strong>effectrix,</strong></span> 
     </span>
    </p>
   </div>
   <div class='ocr_carea' id='block_1_92' title="bbox 2130 3769 3733 3841">
    <p class='ocr_par' dir='ltr' id='par_1_92' title="bbox 2130 3769 3733 3841">
     <span class='ocr_line' id='line_1_93' title="bbox 2130 3769 3733 3841; baseline -0.002 -12"><span class='ocrx_word' id='word_1_717' title='bbox 2130 3773 2420 3830; x_wconf 82' lang='lat' dir='ltr'><strong>considera</strong></span> <span class='ocrx_word' id='word_1_718' title='bbox 2447 3772 2758 3828; x_wconf 89' lang='lat' dir='ltr'><strong>Dominum</strong></span> <span class='ocrx_word' id='word_1_719' title='bbox 2786 3781 2949 3827; x_wconf 90' lang='lat' dir='ltr'><strong>tuum</strong></span> <span class='ocrx_word' id='word_1_720' title='bbox 2969 3811 2985 3838; x_wconf 95' lang='lat'><strong>,</strong></span> <span class='ocrx_word' id='word_1_721' title='bbox 3025 3778 3080 3825; x_wconf 89' lang='lat' dir='ltr'><strong>et</strong></span> <span class='ocrx_word' id='word_1_722' title='bbox 3104 3785 3214 3824; x_wconf 92' lang='lat' dir='ltr'><strong>non</strong></span> <span class='ocrx_word' id='word_1_723' title='bbox 3253 3769 3492 3841; x_wconf 89' lang='lat' dir='ltr'><strong>amplius</strong></span> <span class='ocrx_word' id='word_1_724' title='bbox 3518 3769 3733 3825; x_wconf 88' lang='lat' dir='ltr'><strong>dubita-</strong></span> 
     </span>
    </p>
   </div>
   <div class='ocr_carea' id='block_1_93' title="bbox 2133 3858 3731 3932">
    <p class='ocr_par' dir='ltr' id='par_1_93' title="bbox 2133 3858 3731 3932">
     <span class='ocr_line' id='line_1_94' title="bbox 2133 3858 3731 3932; baseline -0.004 -13"><span class='ocrx_word' id='word_1_725' title='bbox 2133 3863 2238 3919; x_wconf 90' lang='lat' dir='ltr'><strong>bis.</strong></span> <span class='ocrx_word' id='word_1_726' title='bbox 2269 3862 2385 3919; x_wconf 88' lang='lat' dir='ltr'><strong>Nisi</strong></span> <span class='ocrx_word' id='word_1_727' title='bbox 2429 3862 2579 3918; x_wconf 90' lang='lat' dir='ltr'><strong>enim</strong></span> <span class='ocrx_word' id='word_1_728' title='bbox 2628 3862 2720 3917; x_wconf 92' lang='lat' dir='ltr'><strong>ille</strong></span> <span class='ocrx_word' id='word_1_729' title='bbox 2750 3876 2954 3932; x_wconf 90' lang='lat' dir='ltr'><strong>pauper</strong></span> <span class='ocrx_word' id='word_1_730' title='bbox 3000 3859 3172 3915; x_wconf 89' lang='lat' dir='ltr'><strong>factus</strong></span> <span class='ocrx_word' id='word_1_731' title='bbox 3215 3867 3392 3925; x_wconf 90' lang='lat' dir='ltr'><strong>esset,</strong></span> <span class='ocrx_word' id='word_1_732' title='bbox 3451 3858 3558 3914; x_wconf 93' lang='lat' dir='ltr'><strong>hoc</strong></span> <span class='ocrx_word' id='word_1_733' title='bbox 3615 3869 3731 3925; x_wconf 89' lang='lat' dir='ltr'><strong>est,</strong></span> 
     </span>
    </p>
   </div>
   <div class='ocr_carea' id='block_1_94' title="bbox 2133 3947 3732 4024">
    <p class='ocr_par' dir='ltr' id='par_1_94' title="bbox 2133 3947 3732 4024">
     <span class='ocr_line' id='line_1_95' title="bbox 2133 3947 3732 4024; baseline -0.003 -16"><span class='ocrx_word' id='word_1_734' title='bbox 2133 3952 2272 4009; x_wconf 89' lang='lat' dir='ltr'><strong>infra</strong></span> <span class='ocrx_word' id='word_1_735' title='bbox 2319 3952 2599 4024; x_wconf 90' lang='lat' dir='ltr'><strong>jacentem</strong></span> <span class='ocrx_word' id='word_1_736' title='bbox 2655 3959 2711 4005; x_wconf 93' lang='lat' dir='ltr'><strong>et</strong></span> <span class='ocrx_word' id='word_1_737' title='bbox 2751 3949 3044 4022; x_wconf 85' lang='lat' dir='ltr'><strong>ingloriam</strong></span> <span class='ocrx_word' id='word_1_738' title='bbox 3102 3963 3327 4005; x_wconf 90' lang='lat' dir='ltr'><strong>carnem</strong></span> <span class='ocrx_word' id='word_1_739' title='bbox 3379 3947 3732 4019; x_wconf 87' lang='lat' dir='ltr'><strong>suscepisset,</strong></span> 
     </span>
    </p>
   </div>
   <div class='ocr_carea' id='block_1_95' title="bbox 2131 4036 3734 4113">
    <p class='ocr_par' dir='ltr' id='par_1_95' title="bbox 2131 4036 3734 4113">
     <span class='ocr_line' id='line_1_96' title="bbox 2131 4036 3734 4113; baseline -0.004 -15"><span class='ocrx_word' id='word_1_740' title='bbox 2131 4041 2351 4113; x_wconf 87' lang='lat' dir='ltr'><strong>aliaque</strong></span> <span class='ocrx_word' id='word_1_741' title='bbox 2415 4047 2611 4095; x_wconf 89' lang='lat' dir='ltr'><strong>cuncta</strong></span> <span class='ocrx_word' id='word_1_742' title='bbox 2669 4037 3067 4094; x_wconf 87' lang='lat' dir='ltr'><strong>contumeliosa</strong></span> <span class='ocrx_word' id='word_1_743' title='bbox 3147 4037 3522 4100; x_wconf 89' lang='lat' dir='ltr'><strong>sustinuisset,</strong></span> <span class='ocrx_word' id='word_1_744' title='bbox 3571 4036 3734 4108; x_wconf 90' lang='lat' dir='ltr'><strong>idque</strong></span> 
     </span>
    </p>
   </div>
   <div class='ocr_carea' id='block_1_96' title="bbox 2132 4125 3729 4202">
    <p class='ocr_par' dir='ltr' id='par_1_96' title="bbox 2132 4125 3729 4202">
     <span class='ocr_line' id='line_1_97' title="bbox 2132 4125 3729 4202; baseline -0.003 -16"><span class='ocrx_word' id='word_1_745' title='bbox 2132 4139 2354 4202; x_wconf 90' lang='lat' dir='ltr'><strong>propter</strong></span> <span class='ocrx_word' id='word_1_746' title='bbox 2377 4145 2479 4184; x_wconf 92' lang='lat' dir='ltr'><strong>nos</strong></span> <span class='ocrx_word' id='word_1_747' title='bbox 2519 4128 2810 4200; x_wconf 85' lang='lat' dir='ltr'><strong>indignos,</strong></span> <span class='ocrx_word' id='word_1_748' title='bbox 2847 4127 3104 4182; x_wconf 88' lang='lat' dir='ltr'><strong>inimicos</strong></span> <span class='ocrx_word' id='word_1_749' title='bbox 3142 4141 3301 4190; x_wconf 89' lang='lat' dir='ltr'><strong>suos,</strong></span> <span class='ocrx_word' id='word_1_750' title='bbox 3341 4140 3448 4182; x_wconf 89' lang='lat' dir='ltr'><strong>nos</strong></span> <span class='ocrx_word' id='word_1_751' title='bbox 3471 4125 3619 4182; x_wconf 91' lang='lat' dir='ltr'><strong>haud</strong></span> <span class='ocrx_word' id='word_1_752' title='bbox 3640 4141 3729 4181; x_wconf 92' lang='lat' dir='ltr'><strong>es-</strong></span> 
     </span>
    </p>
   </div>
   <div class='ocr_carea' id='block_1_97' title="bbox 2130 4214 3728 4288">
    <p class='ocr_par' dir='ltr' id='par_1_97' title="bbox 2130 4214 3728 4288">
     <span class='ocr_line' id='line_1_98' title="bbox 2130 4214 3728 4288; baseline -0.004 -12"><span class='ocrx_word' id='word_1_753' title='bbox 2130 4235 2317 4276; x_wconf 87' lang='lat' dir='ltr'><strong>semus</strong></span> <span class='ocrx_word' id='word_1_754' title='bbox 2358 4218 2538 4275; x_wconf 88' lang='lat' dir='ltr'><strong>ditati.</strong></span> <span class='ocrx_word' id='word_1_755' title='bbox 2587 4218 2792 4288; x_wconf 88' lang='lat' dir='ltr'><strong>Quales</strong></span> <span class='ocrx_word' id='word_1_756' title='bbox 2842 4224 3030 4272; x_wconf 89' lang='lat' dir='ltr'><strong>autem</strong></span> <span class='ocrx_word' id='word_1_757' title='bbox 3079 4232 3210 4287; x_wconf 90' lang='lat' dir='ltr'><strong>opes</strong></span> <span class='ocrx_word' id='word_1_758' title='bbox 3261 4215 3377 4271; x_wconf 83' lang='lat' dir='ltr'><strong>ait?</strong></span> <span class='ocrx_word' id='word_1_759' title='bbox 3422 4214 3728 4282; x_wconf 89' lang='lat' dir='ltr'><strong>Pietatem,</strong></span> 
     </span>
    </p>
   </div>
   <div class='ocr_carea' id='block_1_98' title="bbox 2135 4304 3735 4382">
    <p class='ocr_par' dir='ltr' id='par_1_98' title="bbox 2135 4304 3735 4382">
     <span class='ocr_line' id='line_1_99' title="bbox 2135 4304 3735 4382; baseline -0.003 -18"><span class='ocrx_word' id='word_1_760' title='bbox 2135 4308 2465 4382; x_wconf 89' lang='lat' dir='ltr'><strong>puritatem,</strong></span> <span class='ocrx_word' id='word_1_761' title='bbox 2497 4305 3014 4372; x_wconf 85' lang='lat' dir='ltr'><strong>sanctiﬁcationem,</strong></span> <span class='ocrx_word' id='word_1_762' title='bbox 3042 4313 3349 4377; x_wconf 70' lang='lat' dir='ltr'><strong>caateraque</strong></span> <span class='ocrx_word' id='word_1_763' title='bbox 3388 4304 3565 4373; x_wconf 91' lang='lat' dir='ltr'><strong>bona,</strong></span> <span class='ocrx_word' id='word_1_764' title='bbox 3611 4319 3735 4375; x_wconf 69' lang='lat' dir='ltr'><strong>qua:</strong></span> 
     </span>
    </p>
   </div>
   <div class='ocr_carea' id='block_1_99' title="bbox 2133 4395 2982 4454">
    <p class='ocr_par' dir='ltr' id='par_1_99' title="bbox 2133 4395 2982 4454">
     <span class='ocr_line' id='line_1_100' title="bbox 2133 4395 2982 4454; baseline -0.006 0"><span class='ocrx_word' id='word_1_765' title='bbox 2133 4413 2262 4454; x_wconf 89' lang='lat' dir='ltr'><strong>eum</strong></span> <span class='ocrx_word' id='word_1_766' title='bbox 2289 4397 2439 4454; x_wconf 90' lang='lat' dir='ltr'><strong>dedit</strong></span> <span class='ocrx_word' id='word_1_767' title='bbox 2466 4405 2590 4452; x_wconf 90' lang='lat' dir='ltr'><strong>tum</strong></span> <span class='ocrx_word' id='word_1_768' title='bbox 2617 4395 2849 4452; x_wconf 90' lang='lat' dir='ltr'><strong>daturus</strong></span> <span class='ocrx_word' id='word_1_769' title='bbox 2881 4402 2982 4451; x_wconf 92' lang='lat' dir='ltr'><strong>est.</strong></span> 
     </span>
    </p>
   </div>
   <div class='ocr_carea' id='block_1_100' title="bbox 2208 4480 3735 4543">
    <p class='ocr_par' dir='ltr' id='par_1_100' title="bbox 2208 4480 3735 4543">
     <span class='ocr_line' id='line_1_101' title="bbox 2208 4480 3735 4543; baseline -0.003 -1"><span class='ocrx_word' id='word_1_770' title='bbox 2208 4489 2395 4543; x_wconf 79' lang='lat' dir='ltr'><strong>Vnns.</strong></span> <span class='ocrx_word' id='word_1_771' title='bbox 2429 4491 2514 4540; x_wconf 87' lang='lat'><strong>10.</strong></span> <span class='ocrx_word' id='word_1_772' title='bbox 2557 4508 2583 4534; x_wconf 73' lang='grc' dir='ltr'><strong>α</strong></span> <span class='ocrx_word' id='word_1_773' title='bbox 2613 4487 2686 4541; x_wconf 90' lang='lat' dir='ltr'><strong>Et</strong></span> <span class='ocrx_word' id='word_1_774' title='bbox 2708 4483 3000 4540; x_wconf 90' lang='lat' dir='ltr'><strong>consilium</strong></span> <span class='ocrx_word' id='word_1_775' title='bbox 3027 4485 3083 4538; x_wconf 90' lang='lat' dir='ltr'><strong>in</strong></span> <span class='ocrx_word' id='word_1_776' title='bbox 3107 4483 3209 4539; x_wconf 92' lang='lat' dir='ltr'><strong>hac</strong></span> <span class='ocrx_word' id='word_1_777' title='bbox 3230 4498 3288 4538; x_wconf 90' lang='lat' dir='ltr'><strong>re</strong></span> <span class='ocrx_word' id='word_1_778' title='bbox 3315 4480 3387 4537; x_wconf 94' lang='lat' dir='ltr'><strong>do</strong></span> <span class='ocrx_word' id='word_1_779' title='bbox 3416 4501 3430 4537; x_wconf 91' lang='lat'><strong>:</strong></span> <span class='ocrx_word' id='word_1_780' title='bbox 3461 4481 3566 4538; x_wconf 91' lang='lat' dir='ltr'><strong>hoc</strong></span> <span class='ocrx_word' id='word_1_781' title='bbox 3588 4482 3735 4538; x_wconf 91' lang='lat' dir='ltr'><strong>enim</strong></span> 
     </span>
    </p>
   </div>
   <div class='ocr_carea' id='block_1_101' title="bbox 2137 4569 3736 4641">
    <p class='ocr_par' dir='ltr' id='par_1_101' title="bbox 2137 4569 3736 4641">
     <span class='ocr_line' id='line_1_102' title="bbox 2137 4569 3736 4641; baseline -0.003 -12"><span class='ocrx_word' id='word_1_782' title='bbox 2137 4574 2294 4632; x_wconf 91' lang='lat' dir='ltr'><strong>vobis</strong></span> <span class='ocrx_word' id='word_1_783' title='bbox 2338 4575 2470 4631; x_wconf 88' lang='lat' dir='ltr'><strong>utile</strong></span> <span class='ocrx_word' id='word_1_784' title='bbox 2511 4581 2614 4631; x_wconf 89' lang='lat' dir='ltr'><strong>est.</strong></span> <span class='ocrx_word' id='word_1_785' title='bbox 2661 4597 2687 4622; x_wconf 70' lang='grc' dir='ltr'><strong>υ</strong></span> <span class='ocrx_word' id='word_1_786' title='bbox 2737 4571 3130 4630; x_wconf 80' lang='lat' dir='ltr'><strong>Animadverte</strong></span> <span class='ocrx_word' id='word_1_787' title='bbox 3175 4569 3459 4641; x_wconf 89' lang='lat' dir='ltr'><strong>quomodo</strong></span> <span class='ocrx_word' id='word_1_788' title='bbox 3510 4570 3736 4625; x_wconf 90' lang='lat' dir='ltr'><strong>minime</strong></span> 
     </span>
    </p>
   </div>
   <div class='ocr_carea' id='block_1_102' title="bbox 2136 4656 3740 4722">
    <p class='ocr_par' dir='ltr' id='par_1_102' title="bbox 2136 4656 3740 4722">
     <span class='ocr_line' id='line_1_103' title="bbox 2136 4656 3740 4722; baseline -0.006 -2"><span class='ocrx_word' id='word_1_789' title='bbox 2136 4664 2401 4719; x_wconf 88' lang='lat' dir='ltr'><strong>molestus</strong></span> <span class='ocrx_word' id='word_1_790' title='bbox 2434 4677 2551 4719; x_wconf 91' lang='lat' dir='ltr'><strong>esse</strong></span> <span class='ocrx_word' id='word_1_791' title='bbox 2587 4660 2908 4718; x_wconf 91' lang='lat' dir='ltr'><strong>contendat.</strong></span> <span class='ocrx_word' id='word_1_792' title='bbox 2954 4683 2980 4707; x_wconf 77' lang='grc' dir='ltr'><strong>α</strong></span> <span class='ocrx_word' id='word_1_793' title='bbox 3032 4658 3334 4715; x_wconf 89' lang='lat' dir='ltr'><strong>Consilium</strong></span> <span class='ocrx_word' id='word_1_794' title='bbox 3383 4680 3408 4705; x_wconf 73' lang='grc' dir='ltr'><strong>υ</strong></span> <span class='ocrx_word' id='word_1_795' title='bbox 3442 4656 3613 4722; x_wconf 90' lang='lat' dir='ltr'><strong>enim,</strong></span> <span class='ocrx_word' id='word_1_796' title='bbox 3664 4657 3740 4711; x_wconf 88' lang='lat' dir='ltr'><strong>in-</strong></span> 
     </span>
    </p>
   </div>
   <div class='ocr_carea' id='block_1_103' title="bbox 2135 4746 3732 4825">
    <p class='ocr_par' dir='ltr' id='par_1_103' title="bbox 2135 4746 3732 4825">
     <span class='ocr_line' id='line_1_104' title="bbox 2135 4746 3732 4825; baseline -0.006 -16"><span class='ocrx_word' id='word_1_797' title='bbox 2135 4754 2301 4825; x_wconf 90' lang='lat' dir='ltr'><strong>quit,</strong></span> <span class='ocrx_word' id='word_1_798' title='bbox 2331 4776 2356 4800; x_wconf 78' lang='grc' dir='ltr'><strong>α</strong></span> <span class='ocrx_word' id='word_1_799' title='bbox 2407 4752 2510 4820; x_wconf 82' lang='grc'>(10,</span> <span class='ocrx_word' id='word_1_800' title='bbox 2553 4775 2578 4799; x_wconf 80' lang='grc' dir='ltr'>ι»</span> <span class='ocrx_word' id='word_1_801' title='bbox 2625 4749 2681 4806; x_wconf 92' lang='lat' dir='ltr'><strong>id</strong></span> <span class='ocrx_word' id='word_1_802' title='bbox 2717 4757 2834 4816; x_wconf 89' lang='lat' dir='ltr'><strong>est,</strong></span> <span class='ocrx_word' id='word_1_803' title='bbox 2881 4748 3142 4815; x_wconf 89' lang='lat' dir='ltr'><strong>consulo,</strong></span> <span class='ocrx_word' id='word_1_804' title='bbox 3185 4763 3301 4802; x_wconf 91' lang='lat' dir='ltr'><strong>non</strong></span> <span class='ocrx_word' id='word_1_805' title='bbox 3341 4746 3732 4802; x_wconf 88' lang='lat' dir='ltr'><strong>necessitatem</strong></span> 
     </span>
    </p>
   </div>
   <div class='ocr_carea' id='block_1_104' title="bbox 2137 4833 3736 4913">
    <p class='ocr_par' dir='ltr' id='par_1_104' title="bbox 2137 4833 3736 4913">
     <span class='ocr_line' id='line_1_105' title="bbox 2137 4833 3736 4913; baseline -0.006 -15"><span class='ocrx_word' id='word_1_806' title='bbox 2137 4842 2386 4913; x_wconf 91' lang='lat' dir='ltr'><strong>impono.</strong></span> <span class='ocrx_word' id='word_1_807' title='bbox 2417 4839 2567 4897; x_wconf 86' lang='lat' dir='ltr'><strong>Istud</strong></span> <span class='ocrx_word' id='word_1_808' title='bbox 2596 4849 2785 4896; x_wconf 91' lang='lat' dir='ltr'><strong>autem</strong></span> <span class='ocrx_word' id='word_1_809' title='bbox 2816 4839 3102 4894; x_wconf 91' lang='lat' dir='ltr'><strong>consilium</strong></span> <span class='ocrx_word' id='word_1_810' title='bbox 3139 4837 3244 4905; x_wconf 89' lang='lat' dir='ltr'><strong>do,</strong></span> <span class='ocrx_word' id='word_1_811' title='bbox 3280 4851 3348 4892; x_wconf 95' lang='lat' dir='ltr'><strong>eo</strong></span> <span class='ocrx_word' id='word_1_812' title='bbox 3393 4834 3544 4909; x_wconf 91' lang='lat' dir='ltr'><strong>quod</strong></span> <span class='ocrx_word' id='word_1_813' title='bbox 3585 4833 3736 4890; x_wconf 90' lang='lat' dir='ltr'><strong>vobis</strong></span> 
     </span>
    </p>
   </div>
   <div class='ocr_carea' id='block_1_105' title="bbox 2135 4927 3118 5003">
    <p class='ocr_par' dir='ltr' id='par_1_105' title="bbox 2135 4927 3118 5003">
     <span class='ocr_line' id='line_1_106' title="bbox 2135 4927 3118 5003; baseline -0.003 -16"><span class='ocrx_word' id='word_1_814' title='bbox 2135 4930 2314 5003; x_wconf 83' lang='lat' dir='ltr'><strong>magis</strong></span> <span class='ocrx_word' id='word_1_815' title='bbox 2334 4930 2508 5001; x_wconf 90' lang='lat' dir='ltr'><strong>prosit</strong></span> <span class='ocrx_word' id='word_1_816' title='bbox 2526 4944 2692 5000; x_wconf 90' lang='lat' dir='ltr'><strong>quam</strong></span> <span class='ocrx_word' id='word_1_817' title='bbox 2706 4927 3118 5000; x_wconf 90' lang='lat' dir='ltr'><strong>accipientibus.</strong></span> 
     </span>
    </p>
   </div>
   <div class='ocr_carea' id='block_1_106' title="bbox 2206 5013 3739 5088">
    <p class='ocr_par' dir='ltr' id='par_1_106' title="bbox 2206 5013 3739 5088">
     <span class='ocr_line' id='line_1_107' title="bbox 2206 5013 3739 5088; baseline -0.006 -11"><span class='ocrx_word' id='word_1_818' title='bbox 2206 5023 2388 5077; x_wconf 73' lang='lat' dir='ltr'><strong>Vsus.</strong></span> <span class='ocrx_word' id='word_1_819' title='bbox 2445 5025 2534 5087; x_wconf 84' lang='grc' dir='ltr'><strong>ιο,</strong></span> <span class='ocrx_word' id='word_1_820' title='bbox 2569 5024 2654 5074; x_wconf 86' lang='grc' dir='ltr'><strong>ιι.</strong></span> <span class='ocrx_word' id='word_1_821' title='bbox 2690 5041 2716 5066; x_wconf 71' lang='grc' dir='ltr'>σι</span> <span class='ocrx_word' id='word_1_822' title='bbox 2759 5017 2864 5088; x_wconf 89' lang='lat' dir='ltr'><strong>Qui</strong></span> <span class='ocrx_word' id='word_1_823' title='bbox 2906 5031 3019 5072; x_wconf 89' lang='lat' dir='ltr'><strong>non</strong></span> <span class='ocrx_word' id='word_1_824' title='bbox 3069 5017 3251 5073; x_wconf 92' lang='lat' dir='ltr'><strong>solum</strong></span> <span class='ocrx_word' id='word_1_825' title='bbox 3283 5015 3496 5082; x_wconf 87' lang='lat' dir='ltr'><strong>facere,</strong></span> <span class='ocrx_word' id='word_1_826' title='bbox 3539 5013 3636 5070; x_wconf 84' lang='lat' dir='ltr'><strong>sed</strong></span> <span class='ocrx_word' id='word_1_827' title='bbox 3683 5022 3739 5068; x_wconf 90' lang='lat' dir='ltr'><strong>et</strong></span> 
     </span>
    </p>
   </div>
   <div class='ocr_carea' id='block_1_107' title="bbox 2135 5107 3740 5180">
    <p class='ocr_par' dir='ltr' id='par_1_107' title="bbox 2135 5107 3740 5180">
     <span class='ocr_line' id='line_1_108' title="bbox 2135 5107 3740 5180; baseline -0.005 -14"><span class='ocrx_word' id='word_1_828' title='bbox 2135 5111 2272 5166; x_wconf 89' lang='lat' dir='ltr'><strong>velle</strong></span> <span class='ocrx_word' id='word_1_829' title='bbox 2321 5109 2562 5180; x_wconf 73' lang='lat' dir='ltr'><strong>cmpistis</strong></span> <span class='ocrx_word' id='word_1_830' title='bbox 2607 5107 2677 5163; x_wconf 91' lang='lat' dir='ltr'><strong>ab</strong></span> <span class='ocrx_word' id='word_1_831' title='bbox 2723 5123 2871 5163; x_wconf 89' lang='lat' dir='ltr'><strong>anno</strong></span> <span class='ocrx_word' id='word_1_832' title='bbox 2920 5107 3237 5177; x_wconf 88' lang='lat' dir='ltr'><strong>superiore,</strong></span> <span class='ocrx_word' id='word_1_833' title='bbox 3293 5120 3448 5160; x_wconf 88' lang='lat' dir='ltr'><strong>nunc</strong></span> <span class='ocrx_word' id='word_1_834' title='bbox 3509 5118 3639 5158; x_wconf 92' lang='lat' dir='ltr'><strong>vero</strong></span> <span class='ocrx_word' id='word_1_835' title='bbox 3685 5110 3740 5159; x_wconf 88' lang='lat' dir='ltr'><strong>et</strong></span> 
     </span>
    </p>
   </div>
   <div class='ocr_carea' id='block_1_108' title="bbox 2136 5192 3740 5270">
    <p class='ocr_par' dir='ltr' id='par_1_108' title="bbox 2136 5192 3740 5270">
     <span class='ocr_line' id='line_1_109' title="bbox 2136 5192 3740 5270; baseline -0.006 -14"><span class='ocrx_word' id='word_1_836' title='bbox 2136 5198 2286 5256; x_wconf 89' lang='lat' dir='ltr'><strong>facto</strong></span> <span class='ocrx_word' id='word_1_837' title='bbox 2324 5197 2588 5270; x_wconf 79' lang='lat' dir='ltr'><strong>perﬁcito.</strong></span> <span class='ocrx_word' id='word_1_838' title='bbox 2619 5217 2646 5250; x_wconf 84' lang='lat'><strong>»</strong></span> <span class='ocrx_word' id='word_1_839' title='bbox 2683 5197 2809 5253; x_wconf 83' lang='lat' dir='ltr'><strong>Non</strong></span> <span class='ocrx_word' id='word_1_840' title='bbox 2852 5210 3016 5267; x_wconf 92' lang='lat' dir='ltr'><strong>porro</strong></span> <span class='ocrx_word' id='word_1_841' title='bbox 3044 5211 3110 5250; x_wconf 81' lang='lat' dir='ltr'><strong>ex</strong></span> <span class='ocrx_word' id='word_1_842' title='bbox 3143 5193 3380 5250; x_wconf 88' lang='lat' dir='ltr'><strong>aliorum</strong></span> <span class='ocrx_word' id='word_1_843' title='bbox 3423 5192 3613 5248; x_wconf 91' lang='lat' dir='ltr'><strong>studio</strong></span> <span class='ocrx_word' id='word_1_844' title='bbox 3643 5207 3740 5247; x_wconf 90' lang='lat' dir='ltr'><strong>eos</strong></span> 
     </span>
    </p>
   </div>
   <div class='ocr_carea' id='block_1_109' title="bbox 2138 5282 3744 5355">
    <p class='ocr_par' dir='ltr' id='par_1_109' title="bbox 2138 5282 3744 5355">
     <span class='ocr_line' id='line_1_110' title="bbox 2138 5282 3744 5355; baseline -0.006 -10"><span class='ocrx_word' id='word_1_845' title='bbox 2138 5285 2592 5355; x_wconf 86' lang='lat' dir='ltr'><strong>commonefacit,</strong></span> <span class='ocrx_word' id='word_1_846' title='bbox 2622 5291 2885 5343; x_wconf 67' lang='lat' dir='ltr'><strong>caeterum</strong></span> <span class='ocrx_word' id='word_1_847' title='bbox 2914 5299 2980 5339; x_wconf 84' lang='lat' dir='ltr'><strong>ex</strong></span> <span class='ocrx_word' id='word_1_848' title='bbox 3007 5299 3106 5339; x_wconf 90' lang='lat' dir='ltr'><strong>sua</strong></span> <span class='ocrx_word' id='word_1_849' title='bbox 3131 5283 3381 5354; x_wconf 89' lang='lat' dir='ltr'><strong>ipsorum</strong></span> <span class='ocrx_word' id='word_1_850' title='bbox 3407 5282 3744 5355; x_wconf 89' lang='lat' dir='ltr'><strong>promptitu-</strong></span> 
     </span>
    </p>
   </div>
   <div class='ocr_carea' id='block_1_110' title="bbox 2139 5369 3743 5448">
    <p class='ocr_par' dir='ltr' id='par_1_110' title="bbox 2139 5369 3743 5448">
     <span class='ocr_line' id='line_1_111' title="bbox 2139 5369 3743 5448; baseline -0.007 -13"><span class='ocrx_word' id='word_1_851' title='bbox 2139 5377 2270 5435; x_wconf 90' lang='lat' dir='ltr'><strong>dine</strong></span> <span class='ocrx_word' id='word_1_852' title='bbox 2297 5395 2312 5432; x_wconf 91' lang='lat'>:</span> <span class='ocrx_word' id='word_1_853' title='bbox 2351 5378 2578 5448; x_wconf 89' lang='lat' dir='ltr'><strong>Sponte,</strong></span> <span class='ocrx_word' id='word_1_854' title='bbox 2607 5373 2881 5446; x_wconf 88' lang='lat' dir='ltr'><strong>inquiens,</strong></span> <span class='ocrx_word' id='word_1_855' title='bbox 2913 5373 2984 5429; x_wconf 89' lang='lat' dir='ltr'><strong>ad</strong></span> <span class='ocrx_word' id='word_1_856' title='bbox 3021 5371 3129 5428; x_wconf 89' lang='lat' dir='ltr'><strong>hoc</strong></span> <span class='ocrx_word' id='word_1_857' title='bbox 3156 5369 3401 5436; x_wconf 90' lang='lat' dir='ltr'><strong>venistis,</strong></span> <span class='ocrx_word' id='word_1_858' title='bbox 3434 5385 3536 5425; x_wconf 92' lang='lat' dir='ltr'><strong>nec</strong></span> <span class='ocrx_word' id='word_1_859' title='bbox 3563 5370 3743 5425; x_wconf 87' lang='lat' dir='ltr'><strong>solum</strong></span> 
     </span>
    </p>
   </div>
   <div class='ocr_carea' id='block_1_111' title="bbox 2140 5458 3743 5536">
    <p class='ocr_par' dir='ltr' id='par_1_111' title="bbox 2140 5458 3743 5536">
     <span class='ocr_line' id='line_1_112' title="bbox 2140 5458 3743 5536; baseline -0.007 -12"><span class='ocrx_word' id='word_1_860' title='bbox 2140 5466 2360 5524; x_wconf 89' lang='lat' dir='ltr'><strong>facienti</strong></span> <span class='ocrx_word' id='word_1_861' title='bbox 2415 5464 2839 5522; x_wconf 88' lang='lat' dir='ltr'><strong>fundamentum</strong></span> <span class='ocrx_word' id='word_1_862' title='bbox 2884 5461 3126 5536; x_wconf 86' lang='lat' dir='ltr'><strong>jecistis,</strong></span> <span class='ocrx_word' id='word_1_863' title='bbox 3174 5474 3372 5516; x_wconf 89' lang='lat' dir='ltr'><strong>verum</strong></span> <span class='ocrx_word' id='word_1_864' title='bbox 3425 5458 3592 5515; x_wconf 89' lang='lat' dir='ltr'><strong>etiam</strong></span> <span class='ocrx_word' id='word_1_865' title='bbox 3647 5474 3743 5514; x_wconf 87' lang='lat' dir='ltr'><strong>vo-</strong></span> 
     </span>
    </p>
   </div>
   <div class='ocr_carea' id='block_1_112' title="bbox 1827 5567 2362 5628">
    <p class='ocr_par' dir='ltr' id='par_1_112' title="bbox 1827 5567 2362 5628">
     <span class='ocr_line' id='line_1_113' title="bbox 1827 5567 2362 5628; baseline -0.006 -2"><span class='ocrx_word' id='word_1_866' title='bbox 1827 5567 2018 5628; x_wconf 66' lang='lat' dir='ltr'><strong>Varia</strong></span> <span class='ocrx_word' id='word_1_867' title='bbox 2058 5567 2362 5628; x_wconf 86' lang='lat' dir='ltr'><strong>lectiones.</strong></span> 
     </span>
    </p>
   </div>
   <div class='ocr_carea' id='block_1_113' title="bbox 442 5667 2113 5744">
    <p class='ocr_par' dir='ltr' id='par_1_113' title="bbox 442 5667 2113 5744">
     <span class='ocr_line' id='line_1_114' title="bbox 442 5667 2113 5744; baseline 0.01 -24"><span class='ocrx_word' id='word_1_868' title='bbox 442 5687 446 5694; x_wconf 82' lang='lat'>&#39;</span> <span class='ocrx_word' id='word_1_869' title='bbox 511 5673 551 5707; x_wconf 81' lang='grc'><strong>²¹</strong></span> <span class='ocrx_word' id='word_1_870' title='bbox 599 5674 730 5744; x_wconf 81' lang='grc' dir='ltr'>μέγα</span> <span class='ocrx_word' id='word_1_871' title='bbox 788 5671 888 5743; x_wconf 83' lang='grc' dir='ltr'><strong>γὰρ</strong></span> <span class='ocrx_word' id='word_1_872' title='bbox 949 5672 1226 5741; x_wconf 71' lang='grc' dir='ltr'>ἄνθρωπος,</span> <span class='ocrx_word' id='word_1_873' title='bbox 1284 5669 1408 5740; x_wconf 78' lang='grc' dir='ltr'>ἀνὴρ</span> <span class='ocrx_word' id='word_1_874' title='bbox 1460 5670 1542 5722; x_wconf 63' lang='grc' dir='ltr'><strong>καὶ</strong></span> <span class='ocrx_word' id='word_1_875' title='bbox 1594 5670 1754 5740; x_wconf 78' lang='grc' dir='ltr'>τίμιος</span> <span class='ocrx_word' id='word_1_876' title='bbox 1802 5667 2032 5738; x_wconf 76' lang='grc' dir='ltr'>ἐλεήμων</span> <span class='ocrx_word' id='word_1_877' title='bbox 2057 5682 2113 5722; x_wconf 72' lang='grc' dir='ltr'><strong>ου</strong></span> 
     </span>
    </p>
   </div>
   <div class='ocr_carea' id='block_1_114' title="bbox 447 5753 872 5810">
    <p class='ocr_par' dir='ltr' id='par_1_114' title="bbox 447 5753 872 5810">
     <span class='ocr_line' id='line_1_115' title="bbox 447 5753 872 5810; baseline -0.002 -4"><span class='ocrx_word' id='word_1_878' title='bbox 447 5754 470 5786; x_wconf 74' lang='grc' dir='ltr'><strong>δ</strong></span> <span class='ocrx_word' id='word_1_879' title='bbox 494 5756 518 5782; x_wconf 71' lang='grc'>⁶</span> <span class='ocrx_word' id='word_1_880' title='bbox 541 5753 789 5808; x_wconf 84' lang='grc' dir='ltr'>ἀπιστεῖτε</span> <span class='ocrx_word' id='word_1_881' title='bbox 817 5769 872 5810; x_wconf 91' lang='lat' dir='ltr'><strong>o.</strong></span> 
     </span>
    </p>
   </div>
   <div class='ocr_carea' id='block_1_115' title="bbox 2267 5659 3746 5728">
    <p class='ocr_par' dir='ltr' id='par_1_115' title="bbox 2267 5659 3746 5728">
     <span class='ocr_line' id='line_1_116' title="bbox 2267 5659 3746 5728; baseline -0.003 -14"><span class='ocrx_word' id='word_1_882' title='bbox 2267 5665 2308 5695; x_wconf 63' lang='grc'><strong>³³</strong></span> <span class='ocrx_word' id='word_1_883' title='bbox 2350 5662 2403 5716; x_wconf 82' lang='grc' dir='ltr'>ἐκ</span> <span class='ocrx_word' id='word_1_884' title='bbox 2431 5679 2482 5718; x_wconf 90' lang='lat'><strong>0.</strong></span> <span class='ocrx_word' id='word_1_885' title='bbox 2632 5662 2676 5695; x_wconf 78' lang='grc'>³³</span> <span class='ocrx_word' id='word_1_886' title='bbox 2698 5664 2785 5712; x_wconf 72' lang='grc' dir='ltr'><strong>ἵνα</strong></span> <span class='ocrx_word' id='word_1_887' title='bbox 2834 5661 2886 5713; x_wconf 81' lang='grc' dir='ltr'>δὲ</span> <span class='ocrx_word' id='word_1_888' title='bbox 2921 5679 2977 5718; x_wconf 91' lang='grc' dir='ltr'><strong>ο.</strong></span> <span class='ocrx_word' id='word_1_889' title='bbox 3124 5661 3170 5694; x_wconf 68' lang='grc'><strong>⁸⁸</strong></span> <span class='ocrx_word' id='word_1_890' title='bbox 3199 5659 3309 5712; x_wconf 73' lang='grc' dir='ltr'>οὐδὲ</span> <span class='ocrx_word' id='word_1_891' title='bbox 3356 5659 3642 5728; x_wconf 76' lang='grc' dir='ltr'>νοσφίσεσοε</span> <span class='ocrx_word' id='word_1_892' title='bbox 3689 5671 3746 5713; x_wconf 93' lang='lat'><strong>0.</strong></span> 
     </span>
    </p>
   </div>
  </div>
