4134 6422
377 411 482 463 883

1391 401 1908 459 THEOPHYLACTI
1953 401 2309 458 BULGARIE
2349 400 2660 457 ARCHIEP.

3579 399 3684 452 884

375 530 551 598 lendi,
599 529 707 587 hoc
731 537 849 598 est,
881 536 944 585 ut
982 527 1272 585 voluntarii
1320 527 1582 600 nulloque
1614 527 1972 595 adhortante,

2107 527 2215 608 τρὸ(
2245 527 2308 588 τὸ
2343 526 2540 586 θέλειν·
2572 523 2842 599 τουτέστι,
2888 521 3018 604 πρὸς
3071 521 3134 582 τὸ
3179 522 3432 608 ἑκουσίως
3481 530 3684 595 ποιεῖν,

377 620 608 677 faciatis.
641 622 801 676 Nunc
825 619 994 694 igitur
1015 617 1307 675 consilium
1345 618 1501 674 vobis
1531 618 1628 688 do,
1657 627 1723 674 ut
1759 626 1814 676 et
1835 634 1975 691 Opus

379 710 697 783 perﬁciatis.

452 823 479 849 κ
520 802 604 858 Ut
657 797 1123 872 quemadmodum
1171 805 1460 869 promptus
1506 805 1592 855 est
1627 798 1845 854 animus
1893 813 1978 852 vo-

378 890 644 959 luntatis,
671 889 743 946 ita
767 890 841 946 sit
872 897 928 944 et
956 886 1275 960 perﬁciendi
1302 902 1370 943 ex
1409 903 1475 944 eo
1505 886 1656 960 quod
1683 886 1911 943 habetis.
1950 910 1976 936 ι

377 982 459 1036 Ut
485 979 691 1036 bonum
716 979 774 1033 in
803 976 1236 1050 promptitudine
1263 992 1376 1032 non
1396 976 1569 1046 sistat,
1604 975 1702 1032 sed
1728 984 1785 1031 et
1814 991 1981 1048 opere

379 1069 709 1143 perﬁciatur.
742 1070 885 1124 Nam
929 1067 1075 1124 sicut
1113 1066 1610 1139 promptitudinem
1639 1073 1695 1122 et
1721 1065 1984 1123 delibera-

378 1159 588 1214 tionem
637 1156 888 1212 voluntas
934 1155 1063 1212 facit
1122 1197 1138 1224 ,
1187 1155 1269 1212 sic
1311 1163 1366 1212 et
1412 1171 1550 1228 opus
1605 1170 1671 1212 ex
1725 1153 1983 1211 facultate

378 1247 644 1304 nascitur.
672 1247 780 1316 Qui
824 1246 992 1318 igitur
1020 1244 1209 1314 habet,
1239 1244 1468 1318 impleat
1495 1260 1634 1318 opus
1665 1263 1680 1300 :
1729 1259 1863 1300 nam
1892 1244 1986 1317 qui

379 1354 494 1394 non
552 1336 752 1404 habet,
811 1334 961 1408 quod
1021 1334 1095 1392 ad
1148 1335 1491 1392 voluntatem
1556 1334 1790 1404 attinet,
1846 1349 1986 1406 opus

383 1428 648 1502 implevit.

453 1520 639 1575 Vsus.
674 1521 761 1572 12.
814 1534 843 1569 α
870 1516 925 1574 Si
974 1515 1123 1570 enim
1154 1514 1404 1572 voluntas
1444 1522 1698 1588 prompta
1727 1522 1844 1584 est,
1895 1530 1988 1572 se-

387 1605 632 1664 cundum
674 1605 730 1662 id
773 1603 922 1677 quod
949 1603 1119 1672 habet
1145 1613 1363 1677 accepta
1403 1613 1516 1674 est,
1546 1620 1662 1661 non
1688 1603 1990 1662 secundum

390 1696 447 1753 id
481 1694 630 1769 quod
672 1710 786 1751 non
832 1693 1016 1750 habet.
1053 1713 1082 1746 n
1135 1693 1273 1750 Vide
1325 1694 1660 1767 sapientiam
1710 1695 1861 1766 ejus,
1907 1693 1990 1748 uti

2086 602 2180 676 καὶ
2211 617 2435 694 μηδενὸς
2483 602 2945 697 προτρεψαμένουξ
2994 613 3128 676 Νυνὶ
3173 602 3264 671 οὖν
3310 611 3528 692 γνώμην
3561 616 3682 689 ὑμῖν

2091 709 2314 784 δίδωμι,
2341 706 2431 765 ἵνα
2458 707 2547 764 καὶ
2579 705 2639 764 τὸ
2670 705 2821 784 ἔργον
2853 702 3219 776 ἐπιτελέσητε.

2177 793 2426 864 (ιθΟπως
2483 795 2726 874 καθάπερ
2777 799 2812 866 ἡ
2861 792 3130 873 προθυμία
3182 798 3274 852 τοῦ
3319 790 3521 866 θέλειν,
3551 791 3688 850 οὕτω

2089 887 2182 948 καὶ
2206 888 2266 948 τὸ
2295 885 2595 947 ἐπιτελέσαι
2642 887 2702 943 ἐκ
2732 888 2824 943 τοῦ
2881 882 3046 962 ἔχειν.
3086 909 3109 936 ι
3137 881 3262 942 Ἵνα
3308 881 3383 959 μὴ
3423 881 3552 960 ἄχρι
3595 887 3690 952 τῆς

2092 976 2386 1058 προθυμίας
2435 979 2535 1052 στῇ
2586 974 2646 1032 τὸ
2683 973 2874 1046 καλὸν,
2919 974 3056 1031 ἀλλὰ
3089 973 3181 1030 καὶ
3237 973 3471 1051 ἐργασθῇ
3502 971 3555 1009 ²³
3597 995 3688 1029 τε-

2091 1067 2374 1146 λειότερον.
2403 1063 2627 1144 Ἵὶσπερ
2667 1064 2769 1142 γὰρ
2813 1061 2910 1134 τὴν
2949 1064 3246 1142 προθυμίαν
3291 1061 3383 1121 καὶ
3435 1061 3692 1140 προαίρε-

2093 1182 2175 1217 σιν
2205 1155 2267 1216 τὸ
2295 1155 2462 1214 θέλειν
2496 1154 2672 1214 ποιεῖ·
2707 1152 2848 1212 οὕτω
2896 1152 2989 1212 καὶ
3026 1151 3087 1210 τὸ
3129 1150 3280 1231 ἔργον
3314 1153 3372 1209 ἐκ
3415 1155 3507 1208 τοῦ
3551 1149 3691 1228 ἔχειν

2094 1247 2314 1325 γίνεται.
2357 1244 2552 1312 Ὅστις
2595 1243 2648 1282 ²⁶
2692 1232 2783 1301 οὖν
2831 1240 2976 1322 ἔχει,
3028 1240 3370 1322 πληρωσάτω
3399 1240 3460 1298 τὸ
3501 1239 3690 1318 ἔργονο

2096 1340 2166 1406 ὣς
2195 1335 2228 1395 ὅ
2247 1358 2306 1416 γε
2336 1333 2412 1414 μὴ
2440 1333 2579 1416 ἔχων
2619 1331 2679 1392 τὸ
2719 1332 2827 1392 ἀπὸ
2855 1335 2948 1404 τῆς
2971 1330 3328 1412 προαιρέσεως
3357 1329 3688 1410 ἐπλήρωσεν.

2188 1538 2219 1577 α
2248 1518 2315 1576 Εἰ
2363 1514 2468 1595 γὰρ
2510 1519 2544 1586 ἡ
2590 1511 2858 1595 προθυμία
2904 1511 3208 1591 πρόκειται,
3265 1510 3399 1570 καθὸ
3451 1508 3542 1570 ἐὰν
3593 1509 3693 1590 ἔχῃ

2097 1630 2206 1680 τις,
2241 1604 2644 1684 εὐπρόσδεκτος,
2670 1604 2729 1661 οὗ
2758 1601 2890 1663 καθὸ
2930 1605 3024 1661 οὐκ
3055 1601 3186 1680 ἔχει.
3234 1629 3258 1654 υ
3287 1598 3438 1678 εὈριιι
3471 1600 3694 1681 σοφίαν,

2103 1698 2216 1761 πῶς
2279 1693 2401 1761 τοὺς
2469 1692 2810 1765 Μακεδόνας,
2866 1690 2990 1758 τοὺς
3049 1693 3461 1758 Θεσσαλονικεῖς
3519 1713 3692 1770 φημι,

385 1784 713 1842 Macedones
774 1782 1312 1851 (Thessalonicenses
1375 1783 1625 1858 inquam)
1703 1798 1989 1840 commen.

2107 1783 2423 1857 ἐπαινέσας,
2477 1786 2548 1850 ὡς
2600 1782 2732 1862 ὑπὲρ
2781 1781 3005 1858 δύναμιν
3068 1779 3425 1852 ποιήσαντας,
3481 1777 3700 1846 τούτους

387 1873 562 1943 dans,
607 1872 756 1946 quod
798 1887 963 1945 supra
995 1871 1137 1929 vires
1189 1873 1578 1946 praestiterint,
1617 1872 1689 1930 ab
1734 1871 1818 1930 bis
1860 1871 1993 1928 nihil

386 1965 530 2020 ultra
559 1962 702 2019 vires
744 1969 956 2034 poscat.
996 1961 1054 2018 Si
1090 1961 1257 2034 igitur
1299 1961 1515 2020 animos
1543 1977 1748 2034 pronos
1796 1961 1998 2017 habue-

389 2053 528 2123 ritis,
561 2067 658 2124 pro
683 2050 822 2106 virili
850 2065 976 2124 quae
1008 2051 1235 2124 potestis
1267 2051 1632 2120 contribuite,
1679 2066 1744 2106 ac
1770 2050 1997 2122 suscipit

385 2145 505 2202 hzec
533 2148 704 2201 Deus.

458 2237 642 2292 Vnus.
678 2238 766 2288 t3.
798 2253 824 2279 α
855 2233 982 2288 Non
1011 2231 1166 2288 enim
1194 2240 1257 2289 ut
1299 2233 1420 2290 aliis
1445 2233 1513 2289 sit
1541 2232 1816 2298 remissio,
1844 2231 1996 2288 vobis

389 2331 574 2382 autem
622 2319 923 2377 tribulatio.
958 2344 983 2370 ι
1032 2323 1157 2379 Non
1198 2331 1262 2380 ut
1305 2323 1431 2391 alii,
1466 2323 1636 2395 286
1681 2322 1896 2394 inquit,
1941 2322 1997 2378 in

387 2419 570 2492 quiete
611 2434 678 2476 ac
715 2417 919 2476 deliciis
965 2423 1168 2490 agant,
1217 2429 1315 2470 vos
1367 2421 1585 2486 oportet
1635 2429 1804 2486 supra
1848 2413 1996 2470 vires

390 2506 640 2580 elargiri,
675 2515 738 2564 ut
776 2523 843 2564 ex
871 2506 977 2562 hoc
1025 2503 1308 2579 penuriam
1349 2510 1406 2558 et
1440 2499 1800 2559 afflictioncm
1839 2501 1997 2558 susti-

387 2597 584 2654 neatis.
614 2595 779 2669 Atqui
818 2595 1096 2652 Dominus
1123 2592 1342 2649 viduam
1369 2592 1538 2648 etiam
1563 2591 1805 2648 laudavit
1826 2631 1843 2658 ,
1869 2607 1996 2663 qua:

392 2701 588 2743 omnes
628 2683 915 2742 facultates
967 2699 1096 2740 suas
1141 2681 1408 2754 impertiit
1469 2690 1518 2737 ε.
1595 2684 1806 2738 Verum
1848 2680 1995 2736 enim

395 2791 522 2832 vero
544 2774 745 2832 Paulus
772 2773 878 2830 hoc
905 2788 1056 2830 nunc
1076 2787 1194 2828 non
1221 2771 1336 2843 agit
1355 2812 1371 2839 ,
1412 2770 1610 2843 partim
1636 2769 1787 2843 quod
1826 2769 1996 2826 imbe-

395 2863 627 2922 cilliores
655 2871 844 2931 erant,
874 2863 1077 2934 partim
1116 2859 1263 2932 quod
1293 2859 1538 2931 opulenti
1583 2866 1782 2915 erant:
1832 2866 1995 2930 atque

399 2953 625 3010 omnino
653 2953 699 3009 si
727 2967 826 3024 pro
855 2951 1061 3007 viribus
1089 2950 1202 3006 suis
1229 2948 1542 3014 dedissent,
1588 2963 1790 3020 magna
1809 2988 1826 3016 ,
1875 2948 1992 3004 exi-

2104 1873 2250 1932 οὐδὲν
2311 1873 2468 1932 πλέον
2525 1876 2618 1944 τῆς
2675 1860 2950 1949 δυνάμεως
3014 1871 3249 1931 ἀπαιτεῖ.
3299 1869 3434 1930 Ἐὰν
3475 1860 3566 1928 οὖν
3600 1868 3699 1940 τὴν

2103 1963 2433 2042 προθυμίαν,
2463 1961 2650 2043 φησὶν,
2701 1960 2896 2041 ἔχητε,
2950 1958 3018 2019 τὰ
3054 1959 3193 2018 κατὰ
3245 1961 3467 2036 δυναμιν
3518 1958 3700 2041 εἰσφέ-

2106 2074 2252 2133 ρετε,
2284 2050 2376 2111 καὶ
2403 2051 2758 2132 προσδέχεται
2802 2055 2972 2109 ταῦτα
3001 2052 3028 2109 ὁ
3055 2047 3215 2114 Θεός.

2187 2245 2220 2283 α
2251 2225 2332 2286 Οὔ
2358 2222 2460 2302 γὰρ
2488 2222 2576 2282 ἵνα
2607 2222 2786 2288 ἄλλοις
2822 2221 2996 2289 ἄνεσις
3015 2265 3030 2295 ,
3063 2224 3188 2300 ὑμῖν
3220 2219 3276 2280 δὲ
3308 2222 3502 2302 etiam.
3530 2246 3554 2272 ι
3583 2221 3703 2302 Οὐχ

2101 2310 2217 2391 ἵνα,
2248 2312 2442 2396 φησὶν,
2502 2312 2655 2372 ἄλλοι
2705 2310 2846 2389 μετὰ
2877 2312 3106 2379 ἀνέσεως
3154 2315 3420 2392 τρυφῶσιν
3456 2310 3544 2385 ³⁷,
3594 2312 3701 2391 χρή

2103 2405 2242 2477 ὑμᾶς
2306 2401 2438 2482 ὑπὲρ
2493 2401 2716 2480 δύναμιν
2773 2403 2984 2475 δοῦναι,
3044 2399 3184 2460 ὥστε
3226 2399 3320 2460 καὶ
3367 2401 3568 2460 ἔνδειαν
3612 2401 3703 2460 καὶ

2103 2493 2274 2574 θλῖψιν
2330 2495 2610 2567 ὑπομεῖναι
2671 2493 2730 2550 ἐκ
2777 2491 2983 2552 τούτου.
3029 2490 3226 2552 Καίτοι
3277 2493 3306 2548 ὁ
3357 2490 3555 2570 Κύριος
3605 2489 3702 2560 τὴν

2102 2582 2276 2662 χήραν
2325 2581 2610 2661 ἐπῄνεσεν,
2661 2583 2734 2650 ὣς
2780 2581 2898 2640 ὅλον
2930 2581 3019 2641 τὸν
3080 2580 3191 2659 βίον
3239 2581 3460 2640 δοῦσανο
3509 2581 3628 2638 ἀλλ’
3678 2583 3705 2636 ὃ

2107 2675 2320 2738 Παῦλος
2365 2674 2424 2729 οὗ
2454 2671 2595 2731 ποιεῖ
2642 2676 2796 2729 τοῦτο
2834 2675 2953 2729 νῦνο
3013 2670 3129 2748 ἅμα
3178 2668 3275 2747 μὲν
3315 2668 3447 2728 διότι
3482 2669 3700 2728 ἀσθενέα

2103 2784 2279 2842 στεροι
2323 2753 2495 2833 ἦσαν,
2534 2759 2650 2837 ἅμα
2697 2757 2752 2819 δὲ
2786 2759 2868 2820 ὅτι
2911 2761 3002 2819 καὶ
3044 2759 3324 2821 πλούσιον
3371 2757 3460 2818 καὶ
3490 2758 3706 2826 πάντως

2103 2853 2151 2909 εἰ
2170 2849 2299 2931 πρὸς
2328 2852 2550 2926 δύναμιν
2584 2849 2818 2925 ἔδωκαν,
2851 2849 2990 2929 ἁδρὰ
3019 2849 3084 2908 ἂν
3105 2897 3122 2928 ,
3159 2850 3251 2908 καὶ
3284 2847 3584 2929 ἀξιόλογος,
3615 2850 3705 2907 καὶ

2104 2938 2332 3000 πλουσία
2388 2939 2593 3018 ἐγένετο
2623 2944 2658 3012 ἡ
2689 2939 2850 3006 δόσις.
2882 2935 3008 3000 Ἔτι
3037 2939 3092 2998 δὲ
3134 2937 3225 2998 καὶ
3259 2939 3459 3007 ἐλπίζει
3514 2936 3597 2998 ὅτι
3627 2942 3705 3020 τῷ

402 3043 512 3100 mia
571 3050 733 3115 atque
799 3041 1064 3113 opulenta
1123 3038 1454 3096 contributio
1500 3036 1712 3094 fuisset.
1784 3037 1998 3095 Deinde

2107 3033 2208 3088 τῶν
2262 3029 2701 3090 Θεσσαλονικέων
2751 3029 3104 3107 ὑποδείγματι
3155 3030 3358 3106 μᾶλλον
3430 3027 3702 3106 διεγερθή-

399 3133 568 3190 etiam
603 3137 784 3203 sperat
808 3127 1385 3186 Thessalonicensium
1425 3127 1678 3198 exemplo
1708 3141 1803 3182 eos
1832 3126 2003 3198 magis

401 3219 747 3289 excitandos,
789 3218 1024 3290 ideoque
1046 3217 1271 3274 illorum
1300 3215 1589 3272 arbitratui
1627 3231 1745 3272 rem
1771 3215 2002 3288 permit-

400 3310 485 3368 tit.
517 3306 764 3378 Denique
792 3306 848 3363 in
885 3304 1244 3379 sequentibus
1282 3303 1623 3361 subobscure
1651 3302 1723 3361 ad
1753 3303 2002 3362 eamdem

401 3413 522 3454 rem
543 3397 816 3453 hortatur.

473 3491 660 3544 Vsns.
697 3489 784 3541 l4.
819 3502 848 3537 ‹‹
887 3483 1005 3541 Sed
1035 3499 1104 3540 ex
1139 3482 1458 3556 aequalitate
1489 3481 1543 3538 in
1571 3483 1826 3554 praesenti
1860 3491 2004 3540 tem-

403 3591 540 3650 pore
579 3582 754 3632 vestra
796 3572 1131 3630 abundantia
1158 3571 1382 3629 illorum
1420 3571 1667 3644 inopiam
1717 3573 2002 3646 suppleat,

406 3673 469 3720 ut
501 3672 556 3721 et
583 3663 805 3720 illorum
849 3662 1191 3719 abundantia
1232 3670 1429 3719 vestrae
1457 3661 1654 3734 inopiae
1691 3662 1765 3719 sit
1787 3662 2006 3734 supple-

407 3763 677 3812 mentum.
715 3777 741 3802 ιο
773 3755 895 3810 Hoc
923 3761 1029 3822 est,
1055 3751 1265 3808 ﬁoretis
1301 3768 1399 3809 vos
1432 3751 1632 3824 opibus
1659 3761 1717 3809 et
1743 3752 2004 3825 pecuniis,

408 3843 484 3899 illi
523 3851 712 3899 autem
753 3842 951 3900 ﬂorent
986 3841 1188 3899 ﬁducia
1229 3851 1290 3899 et
1331 3841 1579 3898 libertate
1629 3857 1759 3914 erga
1798 3846 2004 3899 Deum.

405 3936 544 3990 Date
590 3933 761 4006 igitur
805 3948 872 3990 ex
917 3932 989 3988 iis
1040 3931 1244 4003 quibus
1284 3946 1382 3987 vos
1428 3930 1724 3987 abundatis
1775 3929 2006 3999 divitiis,

406 4023 484 4078 illi
525 4018 654 4078 vero
707 4021 1102 4088 destituuntur,
1151 4027 1216 4075 ut
1251 4019 1527 4091 accipiatis
1573 4035 1604 4075 a
1649 4018 1853 4076 ﬁducia
1901 4037 2010 4093 qua

406 4111 486 4167 illi
575 4109 800 4183 quidem
837 4109 1136 4179 locupletes
1186 4117 1346 4177 sunt,
1397 4124 1494 4163 vos
1546 4116 1730 4164 autem
1797 4109 2006 4182 inopes.

407 4197 803 4256 Animadverte
822 4195 1101 4269 quomodo
1131 4196 1444 4253 clanculum
1479 4197 1774 4254 conﬁrmet
1803 4215 1866 4254 ac
1889 4215 2013 4271 pro-

408 4291 528 4347 bet.
583 4294 645 4343 ut
672 4301 836 4358 supra
878 4286 1018 4340 vires
1065 4286 1232 4341 etiam
1278 4284 1431 4341 dent.
1479 4285 1536 4341 Si
1586 4285 1772 4355 enim,
1805 4288 2009 4360 inquit,

2108 3139 2321 3177 σονται’
2379 3119 2471 3179 καὶ
2507 3121 2595 3177 διὰ
2651 3123 2806 3178 τοῦτο
2845 3118 2934 3178 ἐπὶ
2965 3122 3032 3196 τῇ
3079 3117 3287 3199 ἐξουσίᾳ
3335 3121 3508 3178 αὐτῶν
3557 3120 3619 3197 ἐᾷ
3647 3117 3706 3176 τὸ

2107 3219 2332 3289 πρᾶγμα
2363 3232 2377 3246 ο
2451 3208 2643 3286 ἀμέλει
2698 3212 2750 3267 ἐν
2803 3218 2914 3277 τοῖς
2978 3209 3098 3282 ἑξῆς
3177 3209 3579 3288 αἰνιγματωδῶς
3635 3209 3705 3273 εἰς

2110 3299 2238 3359 αὐτὸ
2275 3297 2654 3380 προτρέπεται.

2200 3501 2230 3538 ιι
2257 3477 2401 3540 Ἀλλ’
2428 3479 2479 3549 ἐξ
2525 3478 2766 3552 ἰσότητος
2809 3480 2864 3538 έν
2902 3482 2980 3560 τῷ
3001 3483 3091 3538 νῦν
3118 3483 3291 3564 καιρῷ
3329 3479 3390 3540 τὸ
3423 3481 3574 3558 ὑμῶν
3604 3504 3706 3540 πε-

2113 3569 2376 3650 ρίσσευμα
2456 3575 2528 3638 εἰς
2584 3569 2644 3630 τὸ
2701 3568 2914 3630 ἐκείνων
2960 3571 3266 3649 ὑστέρημω
3328 3569 3419 3630 ἵνα
3480 3569 3573 3630 καὶ
3649 3572 3708 3630 τὸ

2112 3661 2325 3719 ἐκείνων
2355 3659 2688 3738 περίσσευμα
2716 3659 2937 3738 γένηται
2969 3663 3040 3726 εἰς
3079 3660 3140 3719 τὸ
3174 3663 3320 3738 ὑμῶν
3343 3660 3642 3741 ὑστέρημα.
3671 3683 3700 3718 n

2114 3749 2407 3824 Τουτέστι,
2448 3753 2665 3828 Κομᾶτε
2711 3748 2987 3829 χρήμασιν
3041 3753 3216 3826 ὑμεῖς’
3248 3754 3482 3828 κομῶσιν
3514 3753 3707 3810 ἐκεῖνοι

2113 3843 2178 3918 τῇ
2211 3838 2341 3918 πρὸς
2387 3838 2526 3900 Θεὸν
2573 3838 2862 3919 παῤῥησίᾳ.
2915 3839 3050 3899 Δότε
3097 3838 3266 3899 τοίνυν
3317 3843 3406 3921 ἀφ’
3436 3831 3510 3899 ὧν
3562 3844 3709 3916 ὑμεῖς

2115 3927 2450 4008 περισσεύετε
2504 3930 2828 4008 χρημάτων,
2889 3931 3079 3988 ἐκεῖνοι
3114 3928 3169 3987 δὲ
3197 3931 3292 3988 οὐκ
3330 3929 3572 4009 ἔχουσιν,
3621 3929 3708 3988 ἵνα

2116 4017 2319 4090 λάϐητε
2372 4018 2481 4077 ἀπὸ
2527 4023 2620 4089 τῆς
2664 4019 2995 4098 παῤῥησίας,
3057 4021 3108 4078 ἐν
3266 4021 3554 4078 πλουτοῦσι
3613 4018 3707 4096 μὲν

2117 4108 2334 4178 ἐκεῖνοι,
2369 4109 2518 4184 ὑμεῖς
2552 4105 2608 4164 δὲ
2649 4108 2969 4186 ὑστερεῖσθε.
3024 4107 3172 4187 "Ope:
3224 4106 3306 4182 δὲ,
3345 4112 3458 4179 πῶς
3516 4110 3710 4169 λανθαο

2117 4195 2308 4262 νόντως
2359 4195 2744 4265 κατασκευάζει
2791 4196 2850 4255 τὸ
2892 4197 2983 4254 καὶ
3032 4194 3166 4276 ὑπὲρ
3210 4196 3431 4272 δύναμιν
3483 4197 3700 4258 διδόναι.

2121 4285 2186 4344 Εἰ
2206 4283 2308 4364 γὰρ
2340 4284 2547 4364 βούλει,
2592 4285 2784 4367 φησὶν,
2814 4289 2873 4344 ἐκ
2902 4289 2994 4345 τοῦ
3039 4285 3464 4364 περισσεύματος
3491 4285 3707 4361 λαϐεῖν,

408 4378 489 4431 vis
513 4391 581 4430 ex
610 4372 914 4429 abundanti
952 4373 1236 4444 accipere,
1269 4373 1338 4429 da
1375 4372 1539 4428 etiam
1573 4389 1638 4430 ex
1661 4373 1998 4432 abundanti:

2118 4372 2200 4441 δὸς
2252 4373 2344 4430 καὶ
2400 4373 2462 4432 σὺ
2519 4377 2579 4434 ἐκ
2635 4380 2727 4434 τοῦ
2789 4375 3236 4456 περισσεύματος.
3301 4378 3367 4436 Εἰ
3416 4376 3470 4434 δὲ
3533 4377 3710 4457 βούλει

409 4464 496 4520 sin
536 4469 713 4518 totam
769 4461 847 4517 vis
892 4462 1116 4518 omnino
1162 4461 1672 4533 compensationem
1723 4462 2004 4535 accipere,

410 4562 474 4610 tu
505 4552 706 4625 pariter
734 4559 918 4608 totum
952 4550 1150 4608 exhibe
1193 4567 1209 4606 :
1257 4549 1409 4623 quod
1438 4550 1662 4621 quidem
1692 4558 1776 4607 est
1797 4567 1864 4608 ex
1892 4552 2009 4609 ino-

404 4643 493 4716 pia
519 4650 576 4698 et
611 4658 773 4715 supra
821 4643 963 4698 vires
1002 4660 1016 4697 :
1061 4656 1253 4699 verum
1279 4641 1334 4698 id
1369 4640 1516 4696 clam
1562 4641 1695 4714 agit.
1728 4643 2008 4701 Hactenus

406 4733 591 4804 igitur,
613 4739 676 4787 ut
697 4738 949 4802 apparet,
981 4745 1080 4801 pro
1105 4729 1313 4786 viribus
1341 4729 1473 4786 dare
1496 4729 1865 4789 commendat.

474 4823 650 4877 Vsus.
687 4823 773 4875 15.
805 4839 834 4872 ιι
857 4822 936 4876 Ut
961 4819 1055 4874 ﬁat
1084 4819 1389 4891 inqualitas,
1417 4821 1560 4877 sicut
1586 4821 1858 4892 scriptum
1874 4830 1959 4878 est
1991 4842 2002 4878 :

402 4909 510 4980 Qui
549 4908 811 4975 multum,
835 4923 946 4962 non
973 4906 1313 4973 exuberavit,
1341 4917 1398 4964 et
1431 4909 1524 4982 qui
1563 4910 1867 4981 modicum,
1893 4927 2005 4968 non

401 4997 603 5056 defecit
649 4997 689 5035 ι’-
743 5021 767 5046 »
823 4999 1075 5066 Quanam
1117 4997 1327 5053 ratione
1373 4997 1439 5054 ﬁt
1481 4999 1795 5071 aequalitas?
1849 5001 1904 5058 Si
1951 5011 2007 5058 et

403 5103 502 5145 vos
537 5096 593 5143 et
622 5085 700 5142 illi
725 5086 1088 5142 exuberantia
1135 5089 1491 5159 permutetis,
1524 5106 1590 5146 ac
1629 5089 1878 5147 defectus
1914 5107 2002 5147 re-

403 5177 614 5250 pleatis.
665 5177 802 5247 Qua:
841 5185 1030 5233 autem
1076 5184 1158 5232 est
1203 5177 1522 5249 aequalitas,
1561 5179 1867 5250 spiritualia
1907 5197 2006 5254 pro

402 5266 708 5323 carnalibus
742 5266 917 5323 dare?
945 5269 1070 5323 Non
1109 5266 1416 5324 secundum
1471 5269 1741 5340 pretium,
1774 5285 1878 5328 nec
1924 5287 2006 5328 se-

399 5354 640 5412 cundum
668 5355 931 5412 vilitatem
962 5371 1170 5425 rerum,
1198 5372 1322 5428 quae
1348 5356 1551 5414 dantur
1593 5367 1648 5414 et
1678 5359 2008 5432 redduntur,

471 5508 495 5540 α
523 5497 693 5554 Marc.
729 5513 847 5565 xu,
880 5503 968 5554 43.
1047 5494 1073 5531 ¹¹
1111 5499 1286 5556 Exod.
1319 5515 1451 5568 τιν,
1487 5506 1574 5558 18.

2117 4460 2407 4542 ὁλόκληρον
2448 4462 2631 4522 λαϐεῖν
2673 4461 2770 4534 τὴν
2821 4463 3189 4541 ἀντιμισθίαν,
3238 4464 3486 4545 πάρασχε
3523 4466 3612 4524 καὶ
3649 4469 3712 4526 σὺ

2118 4550 2264 4610 ὅλονο
2338 4551 2468 4631 ὅπερ
2520 4553 2661 4611 ἐστὶν
2721 4553 2782 4611 ἐκ
2840 4560 2930 4613 τοῦ
2987 4552 3384 4631 ὑστερήματος,
3438 4555 3529 4613 καὶ
3581 4559 3710 4635 ὑπὲρ

2119 4639 2373 4719 δύναμιν·
2423 4641 2564 4702 ἀλλὰ
2610 4649 2764 4703 τοῦτο
2813 4641 2910 4719 μὲν
2945 4642 3259 4713 λεληθότως.
3310 4643 3461 4710 Τέως
3505 4644 3554 4703 δ’
3584 4637 3673 4705 οὖν
3693 4692 3709 4723 ,

2117 4731 2257 4790 κατὰ
2278 4730 2337 4791 τὸ
2355 4731 2668 4811 φαινόμενον
2686 4778 2701 4804 ,
2724 4731 2786 4791 τὸ
2814 4730 2952 4789 κατὰ
2979 4732 3199 4808 δύναμιν
3230 4741 3498 4812 παραινεῖ.

2205 4846 2229 4872 ιι
2263 4817 2457 4888 ’Ὅπως
2485 4820 2703 4900 γένηται
2755 4820 2964 4897 ἰσότης,
3023 4821 3198 4890 καθὼς
3245 4821 3584 4902 γέγραπται·
3642 4822 3712 4883 Ὁ

2114 4909 2174 4968 τὸ
2201 4908 2370 4986 πολὺ,
2401 4911 2496 4968 οὐκ
2526 4910 2846 4984 ἐπλεόνασε,
2877 4911 2968 4968 καὶ
3011 4914 3039 4969 ὁ
3068 4910 3129 4969 τὸ
3160 4911 3370 4990 ὀλίγον,
3409 4914 3507 4972 οὐκ
3538 4916 3710 4986 ἠλατ-

2113 4997 2321 5072 τόνησε.
2369 5022 2396 5056 u
2456 5002 2581 5066 Πῶς
2655 4998 2874 5078 γένηται
2929 5001 3136 5074 ἰσότης,
3201 5000 3336 5062 Ἐὰν
3419 5003 3510 5060 καὶ
3566 5008 3712 5080 ὑμεῖς

2115 5092 2207 5147 καὶ
2255 5088 2442 5148 ἐκεῖνοι
2508 5089 2576 5148 τὰ
2643 5089 3026 5168 περισσεύοντα
3096 5091 3438 5169 ἀντιδιδῶτε,
3495 5091 3587 5150 καὶ
3643 5095 3711 5151 τὰ

2116 5177 2459 5256 ὑστερήματα
2515 5180 2905 5257 ἀναπληροῦτε.
2974 5180 3082 5240 Καὶ
3128 5179 3256 5240 ποία
3309 5181 3486 5253 ἰσότης
3545 5207 3710 5242 πνευ-

2119 5265 2320 5342 ματικὰ
2411 5265 2531 5325 ἀντὶ
2621 5271 2886 5348 σαρκικῶν
2960 5268 3190 5342 διδόναι;
3272 5272 3354 5329 Οὖ
3434 5271 3574 5329 κατὰ
3651 5273 3712 5330 τὸ

2115 5354 2528 5434 πολυτιμότερον
2585 5355 2619 5419 ἢ
2694 5357 3000 5436 ἀτιμότερον
3081 5364 3188 5418 τῶν
3244 5359 3532 5434 διδομένων
3609 5363 3702 5417 καὶ

1792 5604 1988 5664 Variae
2047 5604 2344 5668 lectiones.

475 5703 516 5736 ’5
547 5700 820 5772 ἐξεργασθῇ
849 5719 902 5758 ο.
982 5705 1026 5737 ¹⁶
1052 5703 1168 5766 εἴτις
1198 5721 1251 5761 0.
1329 5707 1374 5739 ²⁷
1404 5713 1674 5778 τρυφῶντες
1697 5705 1791 5761 ὦσι
1817 5724 1870 5768 0,
