4134 6416
403 422 503 475 885

1293 421 1646 480 EXPOSITIO
1686 424 1751 478 IN
1790 423 1995 478 EPIST.
2037 423 2080 478 II
2117 423 2209 478 AD
2249 422 2407 478 COR.
2448 453 2517 463 —
2554 425 2703 479 CAP.
2749 425 2880 480 VIII.

3604 435 3708 486 886

401 545 808 623 ἀναδιδομένων
865 547 1072 628 εἴρηται
1127 554 1162 621 ἡ
1213 549 1421 624 ἰσότης,
1481 549 1620 608 ἀλλὰ
1675 547 1806 608 καθὸ
1833 547 1862 607 ὃ
1909 573 1998 608 πει

2110 547 2394 621 zequalitas
2432 547 2579 604 dicta
2618 557 2724 618 est,
2781 564 2973 606 verum
3020 557 3296 623 quatenus
3337 569 3403 611 ex
3473 572 3539 612 eo
3589 573 3704 630 quo

403 633 631 713 ρισσεύει
657 637 809 712 ὑμῖν,
839 637 1006 696 δίδοτε
1048 643 1226 712 ὑμεῖς·
1264 639 1356 697 καὶ
1399 639 1590 710 πάλιν,
1621 636 1650 697 ὃ
1699 637 2044 717 περισσεύει,

403 724 645 798 ἐκείνοις,
678 726 911 786 διδόασιν
967 731 1156 787 ἐκεῖνοι
1184 753 1198 766 ·
1249 729 1340 787 καὶ
1372 729 1562 802 πάλιν,
1614 727 1642 785 ὃ
1699 732 1998 808 ὑστερεῖσθε

400 814 561 889 ὑμεῖς,
601 814 938 892 λαμϐάνετε·
972 819 1061 876 καὶ
1095 817 1123 878 ὃ
1155 817 1495 898 όστεροῦνται
1525 818 1744 891 ἐκεῖνοι,
1782 817 1998 894 λαμϐά-

398 925 544 965 νουσι
563 925 577 940 ·
635 903 776 963 κατὰ
828 910 984 965 τοῦτο
1027 911 1062 978 ἡ
1112 907 1312 980 ἰσότης.
1348 907 1551 975 Ἄλλως
1605 931 1664 966 τε
1717 908 1808 966 καὶ
1857 906 1997 966 κατὰ

396 991 484 1052 τὸν
539 991 810 1072 παρόντα,
856 995 1020 1076 φησὶ,
1073 996 1262 1078 καιρὸν
1313 1002 1347 1069 ἡ
1397 996 1573 1069 ἰσότης
1617 995 1786 1068 αὕτη·
1835 997 1890 1056 ἐν
1940 996 1994 1055 δὲ

395 1085 471 1162 τῷ
525 1084 775 1158 μέλλοντι
829 1085 1072 1165 ὑπεροχὴ
1123 1085 1298 1158 πολλὴ
1345 1078 1419 1145 ὧν
1467 1088 1658 1146 ἐκεῖνοι
1717 1086 1952 1147 διδόασιν
1979 1132 1994 1148 .

393 1167 562 1230 Ὥστε
587 1174 930 1249 συστάλητε,
972 1177 1022 1234 οἱ
1059 1175 1338 1250 πλούσιοι,
1369 1179 1423 1235 εἴ
1446 1199 1508 1255 γε
1555 1179 1608 1235 ἐν
1633 1184 1742 1242 τοῖς
1770 1177 1993 1235 ἑστῶσιν

395 1260 740 1342 ὑπερέχωσιν
793 1265 943 1339 ὑμῶν
989 1265 1036 1324 οἱ
1091 1265 1333 1337 πένητες.
1384 1265 1629 1345 Παράγει
1687 1266 1743 1324 δὲ
1791 1265 1852 1324 τὸ
1904 1266 1993 1324 ἐπὶ

393 1355 484 1408 τοῦ
506 1353 682 1427 μάννα
697 1351 1007 1431 γινόμενον,
1053 1354 1170 1429 ἅμα
1198 1355 1294 1432 μὲν
1326 1355 1416 1414 ἵνα
1445 1355 1585 1428 δείξη
1634 1358 1746 1422 πῶς
1791 1354 1991 1434 γίνεται

390 1444 424 1510 ἡ
456 1439 666 1513 ἰσότης·
701 1440 783 1500 ὅτι
811 1441 936 1502 ὅταν
982 1447 1009 1501 6
1057 1443 1117 1503 τὸ
1162 1443 1299 1503 πολὺ
1341 1443 1482 1526 ἔχων
1523 1446 1801 1518 πλούσιος,
1835 1447 1880 1503 εἰ
1915 1447 1988 1526 δῷ

389 1528 451 1587 τὸ
478 1534 781 1609 περιττεῦον
830 1536 908 1614 τῷ
939 1532 1116 1612 ἔχοντι
1165 1533 1234 1592 τὰ
1275 1535 1460 1614 ὀλίγα,
1490 1534 1610 1594 οὔτε
1640 1534 1796 1602 αὐτὸς
1824 1537 1988 1592 πλεο-

391 1619 570 1692 νάζει,
602 1620 695 1678 καὶ
741 1623 769 1678 6
811 1620 874 1680 τὸ
925 1622 1103 1701 ὀλίγον
1133 1622 1273 1701 ἔχων
1329 1626 1426 1682 οὐκ
1456 1625 1844 1698 ἐλαττονεῖται,
1894 1621 1987 1682 ἅτε

387 1705 570 1767 λαϐὼν
596 1708 729 1789 παρ’
758 1711 978 1774 ἐκείνου.
1043 1712 1152 1773 Καὶ
1199 1714 1361 1772 πάλιν
1403 1713 1491 1773 ἐπὶ
1543 1718 1637 1785 τῆς
1684 1713 1814 1793 πρὸς
1845 1712 1986 1773 Θεὸν

386 1797 692 1878 παῤῥησίας
737 1800 798 1859 τὸ
829 1799 959 1861 αὑτό
982 1824 995 1838 ·
1030 1800 1144 1878 ἅμα
1195 1801 1250 1862 δὲ
1281 1802 1369 1861 καί
1411 1827 1465 1862 τι
1497 1806 1671 1880 μεῖζον
1704 1804 1982 1884 κατορθοῖ,

386 1886 635 1946 δεικνύων
664 1896 773 1956 τοῖς
827 1890 1130 1967 πλουσίοις,
1182 1890 1265 1950 ὅτι
1296 1891 1476 1973 ὥσπερ
1507 1892 1592 1951 ἐπὶ
1644 1897 1735 1952 τοῦ
1772 1893 1944 1970 μάννα
1964 1937 1982 1966 ,

386 1975 440 2034 οἵ
478 2000 535 2036 τε
591 1977 756 2037 πλέον
791 1979 1140 2058 συνάγοντες,
1192 1981 1284 2040 καὶ
1333 1985 1380 2040 οἷ
1419 1981 1666 2054 ἔλαττον,
1703 1983 1894 2042 πάντες
1928 1982 1988 2040 τὸ

387 2065 514 2125 αὐτὸ
591 2067 784 2149 μέτρον
861 2068 1163 2148 εὑρίσκοντο
1226 2070 1434 2151 ἔχοντες
1457 2115 1475 2144 ,
1539 2070 1634 2143 τὴν
1687 2071 1988 2146 ἀπληστίαν

385 2160 478 2214 τοῦ
533 2158 678 2218 Θεοῦ
748 2158 1060 2228 κολάζοντος
1084 2181 1097 2195 ·
1152 2159 1291 2221 οὕτω
1341 2161 1436 2220 καὶ
1488 2167 1578 2221 νῦν
1639 2163 1698 2223 οὖ
1755 2164 1832 2220 δεῖ
1895 2170 1986 2223 τοῦ

384 2244 622 2316 πλείονος
650 2247 913 2329 ἐφίεσθαι.

469 2453 500 2485 ι
532 2429 700 2511 Χάρις
731 2431 786 2490 δὲ
826 2435 904 2513 τῷ
954 2434 1082 2513 Θεῷ
1120 2435 1198 2515 τῷ
1229 2433 1369 2494 δόντι
1397 2434 1491 2508 τὴν
1541 2434 1706 2507 αὐτὴν
1749 2437 1981 2510 σπουδὴν

383 2521 515 2599 ὑπὲρ
543 2523 691 2598 ὑμῶν
743 2525 795 2581 ἐν
838 2547 905 2595 τη
947 2524 1143 2604 καρδίᾳ
1190 2523 1380 2585 Τίτου.
1435 2550 1459 2576 ι
1496 2527 1810 2605 Διαλεχθεὶς
1861 2528 1984 2606 περὶ

379 2614 475 2681 τῆς
509 2609 872 2685 ἐλεημοσύνης
921 2611 1021 2670 ὅσα
1068 2612 1210 2688 ἔδει,
1258 2615 1443 2673 λοιπὸν
1493 2616 1702 2674 ἐπαινεῖ
1733 2616 1852 2682 τοὺς
1875 2618 1982 2692 ξέπὶ

377 2698 550 2781 τούτῳ
599 2700 926 2770 σταλέντας·
956 2699 1045 2759 ἵνα
1087 2702 1386 2762 ἀνύποπτοι
1421 2704 1688 2784 γεγονότες
1717 2704 1806 2777 ²⁸,
1841 2709 1981 2782 μᾶλ-

376 2791 466 2848 λον
513 2790 587 2856 εἷς
635 2794 934 2870 προθυμίαν
979 2791 1168 2860 αὐτοὺς
1219 2798 1312 2852 τοῦ
1358 2803 1771 2872 συνεισενεγκεῖν
1806 2796 1977 2872 ἐμϐά-

378 2880 562 2938 λωσιν.
601 2877 832 2951 Ἐπειδὴ
886 2879 941 2938 δὲ
983 2884 1189 2961 πρῶτος
1226 2882 1422 2942 τούτων
1454 2883 1613 2951 Τίτος
1664 2875 1764 2958 ἧν,
1794 2890 1978 2944 τοῦτον

329 3018 332 3020 ν
376 2971 613 3042 ἐπαινεῖ,
647 2970 738 3028 καὶ
791 2970 936 3029 Θεοῦ
970 2970 1123 3050 ἔργον
1177 2971 1318 3049 λέγει
1347 2973 1408 3032 τὸ
1449 2973 1776 3052 διεγεροῆναι
1817 2975 1974 3035 αὐτὸν

378 3057 451 3122 εἷς
477 3057 537 3117 τὸ
567 3058 906 3129 διακονῆσαι.
945 3059 1062 3130 Τὴν
1094 3059 1258 3132 αὐτὴν
1289 3059 1393 3141 γὰρ
1445 3060 1735 3134 σπουδὴνῆ
1765 3089 1792 3122 ν
1822 3063 1974 3142 κάγὼ

2019 1858 2066 1919 Β

2111 637 2423 707 abundatis,
2460 636 2604 694 datis
2635 654 2766 708 vos;
2799 655 2862 694 ac
2891 649 3107 706 contra,
3135 657 3244 712 quo
3277 642 3353 697 illi
3377 645 3698 715 exuberant,

2110 727 2266 782 vobis
2296 727 2708 784 communicant
2751 747 2762 782 :
2793 746 2858 784 ac
2887 729 3090 784 iterum
3121 747 3231 801 quo
3283 748 3379 788 vos
3423 733 3701 807 indigetis,

2106 816 2174 872 ab
2220 817 2327 873 illis
2373 817 2642 890 accipitis;
2674 827 2728 874 et
2756 818 2835 875 illi
2879 835 2988 892 quo
3037 836 3176 891 opus
3205 820 3436 888 habent,
3477 840 3506 878 a
3550 824 3708 880 vobis

2107 905 2382 978 accipiunt
2414 928 2426 965 :
2475 908 2778 964 secundum
2809 907 2917 964 hoc
2966 917 3050 965 est
3088 911 3391 982 aequalitas.
3424 915 3704 986 Praecipue

2105 1006 2289 1052 autem
2346 996 2406 1052 in
2453 999 2732 1068 praesenti,
2778 998 2977 1071 inquit,
3005 1008 3087 1055 est
3125 1001 3410 1071 aequalitas
3449 1001 3596 1058 ista:
3649 1003 3706 1060 in

2104 1084 2294 1141 futuro
2333 1094 2519 1141 autem
2555 1087 2856 1158 plurimum
2901 1088 3175 1143 excellunt
3203 1105 3268 1145 ea
3316 1106 3441 1161 qum
3468 1091 3571 1163 ipsi
3608 1092 3706 1148 do-

2104 1183 2254 1230 nant.
2286 1175 2527 1232 Proinde
2573 1176 2883 1233 submittite
2924 1193 3052 1246 vos,
3101 1179 3377 1250 opulenti,
3420 1180 3699 1253 siquidem

2102 1264 2160 1319 in
2212 1263 2373 1321 rebus
2400 1265 2687 1321 stabilibus
2731 1282 2829 1323 vos
2859 1283 3129 1340 pauperes
3171 1269 3522 1326 antecellunt.
3562 1275 3701 1327 Pro-

2099 1354 2254 1411 ducit
2291 1364 2484 1412 autem
2511 1356 2567 1412 id
2619 1356 2768 1428 quod
2792 1357 2863 1414 de
2891 1374 3097 1414 manna
3128 1357 3337 1414 factum
3363 1369 3464 1424 est,
3498 1362 3699 1432 partim

2099 1453 2162 1499 ut
2203 1445 2405 1501 indicet
2423 1446 2706 1518 quomodo
2749 1445 2810 1502 ﬁt
2846 1449 3154 1520 aequalitas;
3189 1449 3414 1520 quando
3453 1450 3704 1506 videlicet

2100 1533 2250 1589 dives
2299 1535 2391 1606 qui
2436 1536 2680 1592 multum
2711 1535 2895 1606 habet,
2939 1538 2982 1593 si
3025 1537 3239 1594 dederit
3276 1538 3428 1610 quod
3476 1540 3576 1595 sibi
3605 1557 3698 1596 su-

2097 1622 2339 1696 perﬂuit,
2387 1624 2433 1680 ei
2490 1625 2577 1680 cui
2627 1641 2823 1697 parum
2878 1635 2980 1694 est,
3028 1643 3206 1699 neque
3255 1629 3374 1699 ipse
3421 1629 3698 1692 abundat,

2099 1721 2265 1783 atque
2307 1711 2352 1767 is
2377 1712 2463 1769 cui
2485 1729 2683 1784 parum
2705 1723 2808 1781 est,
2840 1731 2955 1770 non
2975 1714 3183 1784 deﬁcit,
3216 1732 3283 1772 eo
3320 1718 3469 1789 quod
3500 1719 3568 1773 ab
3608 1719 3699 1772 illo

2099 1801 2392 1874 acceperit.
2420 1806 2503 1858 Ac
2529 1819 2718 1859 rursus
2752 1803 2899 1860 idem
2929 1804 2992 1859 ﬁt
3024 1805 3080 1859 in
3113 1805 3310 1860 ﬁducia
3339 1821 3467 1878 erga
3492 1810 3695 1862 Deum.

2099 1891 2270 1948 Simul
2320 1907 2447 1948 vero
2478 1893 2654 1964 majus
2683 1893 2854 1950 etiam
2886 1893 3092 1966 aliquid
3137 1895 3369 1965 perlicit,
3407 1894 3480 1950 ob
3510 1897 3699 1952 oculos

2102 1997 2313 2054 ponens
2340 1981 2634 2053 opulentis,
2665 1982 2818 2054 quod
2857 1982 3339 2054 quemadmodum
3370 1984 3426 2038 in
3460 2000 3694 2047 manna,

2099 2071 2190 2142 qui
2241 2072 2366 2142 plus
2393 2072 2745 2144 collegerant,
2798 2080 2854 2127 et
2894 2073 2989 2144 qui
3031 2073 3236 2142 minus,
3274 2089 3472 2130 omnes
3524 2075 3691 2146 287

2097 2160 2357 2218 eamdem
2378 2161 2578 2216 habere
2606 2177 2930 2218 mensuram
2948 2162 3382 2234 inveniebantur,
3415 2166 3532 2219 Deo
3561 2163 3698 2219 insa-

2095 2250 2447 2306 tiabilitatem
2477 2266 2670 2306 eorum
2703 2253 2986 2323 puniente,
3018 2254 3092 2308 ita
3122 2253 3433 2309 etiamnum
3457 2253 3696 2309 nimium

2095 2348 2348 2412 expetere
2374 2356 2486 2394 non
2507 2349 2749 2410 oportet.

2166 2433 2347 2486 Vnus.
2378 2436 2463 2486 16.
2499 2453 2523 2478 α
2557 2430 2750 2486 Gratia
2773 2438 2960 2486 autem
2981 2433 3120 2500 Deo,
3152 2431 3242 2499 qui
3262 2432 3414 2488 dedit
3441 2432 3694 2488 eamdem

2089 2518 2518 2574 sollicitudinem
2571 2535 2671 2592 pro
2727 2519 2883 2576 vobis
2929 2520 2983 2575 in
3032 2521 3197 2576 corde
3238 2522 3371 2577 Titi.
3407 2545 3432 2569 ιι
3461 2523 3601 2577 Cum
3627 2521 3695 2578 de

2091 2609 2457 2682 eleemosyna,
2518 2618 2785 2681 quantum
2838 2625 2930 2665 res
2995 2609 3276 2682 poscebat,
3323 2610 3693 2676 disseruisset,

2089 2697 2352 2771 deinceps
2401 2699 2752 2754 commendat
2792 2714 2889 2755 eos
2935 2700 3029 2772 qui
3073 2715 3196 2755 eam
3241 2699 3314 2756 ob
3378 2716 3497 2756 rem
3545 2702 3693 2756 missi

2089 2795 2264 2855 erant,
2316 2795 2376 2842 ut
2423 2789 2580 2844 omni
2627 2789 2942 2861 suspicione
2989 2798 3262 2857 carentes,
3314 2788 3693 2845 vehementius

2084 2892 2185 2934 eos
2210 2875 2279 2934 ad
2309 2877 2646 2933 alacritatem
2686 2887 2740 2934 et
2769 2877 3270 2950 promptitudinem
3309 2878 3691 2934 contribuendi

2087 2966 2393 3040 impellant.
2443 2966 2584 3036 Quia
2621 2983 2752 3022 vero
2785 2967 2927 3022 inter
2969 2967 3072 3022 hos
3101 2967 3311 3039 primus
3341 2977 3462 3023 erat
3509 2969 3689 3031 Titus,

2086 3056 2272 3113 laudat
2301 3073 2453 3125 eum,
2500 3056 2713 3128 Deique
2755 3073 2893 3129 opus
2921 3073 3040 3112 esse
3083 3057 3213 3112 dicit
3241 3057 3391 3128 quod
3421 3057 3492 3112 ad
3521 3059 3688 3112 mini—

378 3147 486 3226 ἔχω
525 3146 657 3227 ὑπὲρ
706 3150 884 3225 ὑμῶν,
923 3147 1164 3221 ἐνέθηκεν
1206 3151 1376 3230 αὐτῷ.
1432 3152 1709 3212 Ἐντεῦθεν
1748 3152 1803 3211 δὲ
1841 3179 1971 3232 προ-

2086 3145 2373 3204 strandum
2422 3146 2492 3201 sit
2536 3146 2825 3202 excitatus.
2879 3145 3150 3202 Eamdem
3202 3145 3347 3201 enim
3400 3161 3592 3202 curam
3638 3157 3691 3202 et

375 3235 625 3314 τρέπεται
703 3236 890 3305 αὖτοὺς
965 3235 1055 3297 ἵνα
1124 3238 1393 3318 ἀξιόλογον
1471 3241 1804 3312 ποιήσωνται
1874 3242 1971 3314 τὴν

375 3324 540 3387 δόσιν.
578 3328 644 3386 Εἰ
671 3323 774 3405 γὰρ
804 3330 831 3385 6
866 3328 1004 3394 Θεὸς
1036 3327 1192 3387 αὐτὸν
1225 3328 1517 3410 διήγειρεν,
1552 3334 1581 3388 6
1611 3330 1748 3397 Θεὸς
1787 3333 1970 3392 λοιπὸν

377 3417 548 3494 αἰτεῖ,
578 3416 670 3474 καὶ
699 3414 934 3496 ὀφείλετε
965 3415 1193 3486 ἀξιόθεον
1214 3417 1267 3456 ²⁹
1297 3421 1392 3490 τὴν
1441 3419 1585 3479 δόσιν
1617 3420 1967 3494 ποιήσασθαι.

463 3616 492 3654 α
520 3596 654 3658 Ὅτι
694 3595 792 3668 τὴν
827 3595 922 3674 μὲν
955 3598 1294 3679 παράκλησιν
1347 3599 1586 3676 ἐδέξατο,
1616 3601 1968 3662 σπουδαιότε-

375 3706 460 3762 ρος
515 3685 570 3744 δὲ
618 3684 909 3766 ὑπάρχων,
964 3687 1268 3768 αὐθαίρετος
1325 3688 1516 3760 ἐξῆλθε
1563 3690 1693 3770 πρὸς
1733 3695 1957 3768 ὑμᾶς.»

375 3774 547 3860 Πόθεν
585 3776 775 3849 δῆλον,
823 3775 908 3837 ὅτι
960 3779 989 3834 6
1043 3778 1181 3844 Θεὸς
1231 3780 1597 3860 προετρέψατο
1643 3779 1732 3840 τὸν
1773 3781 1968 3860 Τίτον;

370 3858 503 3924 Ὅτι
532 3865 621 3925 καὶ
660 3865 1023 3944 παρακληθεὶς
1072 3870 1202 3946 παρ’
1232 3858 1409 3943 ἐμοῦ,
1441 3858 1724 3950 προθύμως
1755 3859 1968 3939 ἐδέξατο

369 3952 465 4022 τὴν
494 3954 867 4035 παράκλησιν,
897 3955 989 4014 καὶ
1029 3957 1124 4014 οὐκ
1171 3957 1489 4037 ἐγόγγυσεν,
1546 3957 1688 4017 ἀλλὰ
1741 3959 1848 4035 μὴν
1876 3959 1966 4018 καὶ

371 4043 672 4123 αὐθαίρετος
718 4043 958 4118 ἐξῆλθεν,
1008 4042 1148 4106 ὥστε
1175 4045 1274 4105 κᾶν
1307 4047 1383 4123 μὴ
1437 4047 1543 4129 ἐγὼ
1578 4050 1923 4130 παρεκάλεσα
1946 4093 1962 4122 ,

371 4131 524 4200 αὐτὸς
553 4131 649 4206 τὴν
681 4132 882 4194 οἰκείαν
907 4135 1140 4206 σπουδὴν
1159 4136 1471 4207 ἐνεδείξατο.

447 4414 476 4450 ε
508 4392 944 4475 Συνεπέμψαμεν
978 4393 1032 4453 δὲ
1066 4397 1184 4470 μετ’
1210 4396 1370 4455 αὐτοῦ
1405 4396 1494 4456 τὸν
1537 4400 1801 4481 ἀδελφὸν,
1829 4393 1888 4461 οὑ
1931 4407 1960 4462 6

2083 3235 2510 3294 sollicitudinem
2577 3251 2746 3308 quam
2790 3251 2891 3308 ego
2940 3234 3118 3291 habeo
3150 3251 3250 3307 pro
3301 3235 3477 3304 vobis,
3516 3238 3689 3292 menti

2084 3327 2201 3399 ejus
2230 3325 2514 3398 imposuit.
2555 3325 2699 3380 Hinc
2735 3340 2864 3381 vero
2895 3325 3152 3380 hortatur
3170 3339 3266 3381 eos
3296 3333 3359 3379 ut
3400 3324 3686 3380 contribu-

2083 3417 2291 3472 tionem
2321 3413 2546 3483 faciant,
2586 3429 2713 3486 qua:
2749 3414 2986 3486 alicujus
3019 3414 3288 3469 momenti
3324 3415 3418 3470 sit.
3447 3415 3504 3471 Si
3531 3415 3683 3470 enim

2081 3507 2233 3560 Deus
2259 3503 2436 3574 ipsum
2464 3502 2736 3571 excitavit,
2782 3511 2904 3558 tum
2940 3506 3091 3559 Deus
3122 3503 3281 3574 petit,
3312 3502 3686 3575 largitionem-

2081 3607 2187 3665 que
2216 3594 2338 3647 Deo
2366 3590 2589 3662 dignam
2612 3589 2794 3646 facere
2843 3590 3077 3646 debetis.

2149 3683 2330 3738 Vsus.
2353 3685 2415 3734 17
2432 3721 2447 3737 .
2475 3702 2502 3730 ‹‹
2529 3681 2810 3752 Quoniam
2834 3678 3294 3735 adhortationem
3312 3680 3539 3752 quidem
3564 3695 3683 3736 sus-

2079 3769 2257 3842 cepit,
2315 3769 2410 3825 sed
2463 3784 2589 3824 cum
2649 3768 2936 3824 sollicitior
3018 3777 3180 3836 esset,
3240 3784 3338 3824 sua
3396 3769 3680 3824 voluntate

2078 3857 2356 3932 profectus
2383 3866 2467 3914 est
2490 3857 2560 3913 ad
2587 3873 2698 3913 vos.
2730 3881 2754 3906 ι
2784 3856 2948 3914 Unde
2976 3857 3206 3930 planum
3237 3865 3320 3914 est
3363 3858 3509 3930 quod
3532 3860 3682 3913 Deus

2077 3949 2269 4006 Titum
2313 3946 2674 4004 excitaverit?
2703 3947 2978 4016 Quoniam
3019 3945 3494 4003 commonefactus
3531 3963 3562 4002 a
3590 3962 3680 4002 me

2074 4038 2323 4094 alacriter
2349 4037 2795 4094 adhortationem
2842 4037 3100 4108 suscepit,
3150 4051 3326 4108 neque
3375 4036 3677 4108 quidquam

2076 4128 2461 4196 murmuravit,
2503 4125 2604 4182 sed
2651 4142 2750 4182 sua
2778 4134 2975 4196 sponte
3013 4125 3199 4192 exivit,
3234 4135 3296 4180 ut
3325 4125 3541 4181 etiamsi
3571 4141 3674 4198 ego

2075 4219 2252 4290 ipsum
2286 4233 2399 4272 non
2427 4232 2606 4272 essem
2635 4215 2983 4284 adhortatus,
3011 4215 3295 4287 proprium
3338 4223 3528 4272 tamen
3563 4223 3678 4272 stu-

2073 4307 2231 4364 dium
2260 4307 2378 4379 ipse
2405 4305 2858 4362 demonstrasset.

2144 4399 2314 4454 Vnus.
2359 4403 2444 4453 18.
2504 4419 2531 4446 ι
2589 4395 2842 4452 Misimus
2888 4401 3075 4450 autem
3103 4409 3210 4450 una
3260 4411 3392 4450 cum
3419 4395 3538 4466 ipso
3569 4394 3675 4452 fra-

360 4480 571 4551 ἔπαινος
610 4485 666 4540 ἐν
706 4483 1153 4572 ‘7?)71‘3617781‘9
1199 4485 1287 4544 διὸ.
1319 4490 1506 4545 πασῶν
1559 4480 1688 4546 τῶν
1713 4492 1950 4564 Ἐκκλη-
1984 4510 1998 4572 ]

2086 4503 2236 4556 :rem,
2279 4487 2436 4559 cujus
2482 4487 2603 4542 laus
2647 4485 2705 4540 in
2755 4484 3050 4556 Evangelia
3105 4499 3201 4554 per
3241 4499 3437 4540 omnes
3488 4485 3674 4540 Eccle-

359 4572 563 4660 σιῶν.τ
596 4574 648 4633 Τ
651 4570 752 4660 ινὲς
780 4571 877 4649 μὲν
923 4572 1014 4632 τὸν
1052 4576 1264 4633 Λουκᾶν
1311 4599 1472 4656 φασι,
1505 4576 1590 4634 διὰ
1622 4576 1683 4636 τὸ
1714 4581 1954 4660 Εὐαγγέ-

356 4662 468 4751 λιον
508 4658 639 4751 ᾇπερ
691 4659 916 4743 ἔγραφε·
944 4661 1100 4751 ,τινὲς
1146 4662 1200 4724 δὲ
1225 4663 1314 4722 τὸν
1361 4664 1648 4746 Βαρνάϐαν
1673 4691 1687 4704 ·
1730 4658 1954 4751 καὶγὰρ

355 4749 448 4808 καὶ
461 4763 471 4820 λ
503 4749 564 4808 τὸ
600 4749 833 4832 ἄγραφον
881 4749 1144 4832 κήρυγμαξ
1198 4752 1525 4834 Εὖαγγέλιον
1574 4759 1748 4816 καλεῖ.
1832 4749 1950 4820 Οὐκ

354 4840 709 4919 ἐμφιλοχωρεῐ
767 4839 822 4900 δὲ
857 4848 963 4906 τοῖς
1018 4841 1303 4919 ἐγκωμίοις
1349 4841 1576 4922 τούτου,
1631 4843 1813 4927 ὥσπερ
1855 4855 1950 4908 τοῦ

355 4928 554 5001 Τίτου,
586 4929 713 4996 ἴσως
741 4928 875 4988 διότι
903 4931 1144 5008 ἠγνοεῖτο
1189 4939 1298 4997 τοῖς
1325 4933 1650 5014 Κορινθίοις,
1681 4940 1712 4994 6
1752 4937 1808 4995 δὲ
1847 4938 1951 4999 Τί-

353 5039 438 5084 τος
487 5016 722 5094 ἔγνωστο
768 5021 984 5087 ἱκανῶς,
1041 5018 1192 5091 Πλὴν
1248 5021 1340 5080 καὶ
1390 5022 1556 5090 οὕτως
1585 5026 1764 5084 ἱκανὸν
1805 5030 1950 5109 αὐτῷ

353 5107 538 5196 πλέκει
558 5107 848 5186 ἐγκώμιον.
884 5111 967 5170 Οὐ
997 5107 1102 5189 γὰρ
1141 5111 1324 5179 ἁπλῶς
1345 5155 1360 5184 ,
1393 5114 1551 5193 φησὶν
1572 5159 1590 5188 ,
1623 5107 1950 5196 Εὖαγγέλιον

352 5195 638 5288 κηρύττει,
670 5199 810 5258 ἀλλὰ
839 5199 930 5258 καὶ
951 5199 1278 5288 ἐπαινεῖται·
1307 5204 1406 5281 οὐχ
1437 5203 1541 5263 ὑπὸ
1567 5202 1658 5264 δύο
1689 5203 1723 5278 ἢ
1761 5195 1952 5288 τριῶν,

353 5286 474 5344 ἀλλ’
502 5286 607 5346 ὑπὸ
629 5291 816 5346 πασῶν
839 5290 946 5347 τῶν
981 5287 1347 5362 Ἐκκλησιῶν.

435 5483 458 5509 α
485 5456 569 5518 Οὔ
617 5457 775 5537 μόνον
815 5457 903 5535 δὲ,
933 5458 1071 5519 ἀλλὰ
1121 5460 1213 5519 καί⁵
1256 5462 1641 5543 χειροτονηθεὶς
1688 5465 1791 5526 ὑπὸ
1843 5469 1948 5526 τῶν

2066 4578 2190 4634 sias.
2234 4601 2258 4624 »
2288 4575 2554 4633 Nonnulli
2592 4579 2804 4631 Lucam
2843 4572 2932 4628 hic
2963 4573 3191 4644 intelligi
3244 4572 3417 4635 aiunt,
3447 4583 3674 4644 propter

2064 4667 2423 4739 Evangelium
2469 4665 2618 4738 quod
2649 4665 2873 4734 scripsit
2917 4681 2932 4719 :
2973 4677 3083 4717 non
3121 4660 3257 4716 nulli
3306 4676 3434 4716 vero
3463 4663 3672 4716 Barna-

2063 4758 2212 4813 bam.
2248 4758 2392 4812 Nam
2426 4764 2482 4810 et
2504 4754 2950 4826 praedicationem
2977 4769 3094 4808 non
3123 4751 3388 4821 scriptam
3409 4751 3667 4822 Evange-

2059 4847 2198 4903 lium
2241 4852 2422 4901 vocat.
2451 4847 2576 4901 Non
2608 4844 2938 4898 immoratur
2967 4850 3152 4898 autem
3178 4841 3231 4896 in
3263 4839 3430 4913 hujus
3456 4855 3671 4912 praeco-

2059 4936 2190 5004 niis,
2237 4934 2458 5006 perinde
2501 4949 2567 4989 ac
2612 4934 2669 4988 in
2711 4933 2814 4988 Titi
2850 4950 2862 4986 :
2910 4930 3098 4988 forsan
3141 4931 3287 4998 ideo,
3320 4930 3448 5001 quia
3481 4930 3671 4986 Corin-

2059 5026 2180 5082 thiis
2227 5026 2447 5097 ignotus
2474 5031 2614 5090 erat,
2667 5023 2825 5079 Titus
2865 5031 3049 5078 autem
3077 5021 3300 5078 abunde
3332 5028 3500 5075 notus
3527 5029 3665 5074 erat.

2064 5119 2326 5171 Attamen
2373 5123 2429 5170 et
2458 5113 2534 5169 sic
2578 5113 2840 5170 idoneum
2894 5112 2968 5167 illi
3005 5111 3324 5167 encomium
3352 5109 3507 5163 texit.
3544 5111 3668 5163 Non

2063 5209 2211 5262 enim
2241 5205 2562 5276 simpliciter
2589 5201 3126 5273 dicit,Evangelium
3152 5198 3443 5271 praedicat,
3476 5213 3667 5253 verum

2064 5297 2230 5352 etiam
2262 5295 2537 5364 laudatur,
2577 5310 2693 5350 non
2740 5308 2769 5348 a
2815 5291 3033 5348 duobus
3078 5291 3162 5346 vel
3215 5288 3415 5356 tribus,
3472 5288 3570 5344 sed
3598 5288 3666 5343 ah

2063 5386 2324 5442 omnibus
2348 5385 2625 5442 Ecclesiis.

2133 5479 2308 5534 Vnus.
2341 5481 2426 5532 19.
2463 5497 2487 5526 α
2519 5477 2643 5531 Non
2669 5473 2849 5530 solum
2866 5480 3077 5539 autem,
3094 5469 3190 5528 sed
3213 5477 3268 5527 et
3285 5466 3570 5526 ordinatus
3583 5475 3663 5522 cst

1729 5653 1918 5714 Variae
1963 5657 2260 5721 IectionOs.

421 5744 466 5779 ⁸⁸
501 5750 767 5818 γενόμενοι
803 5763 858 5804 ο.
936 5747 981 5782 ’θ
1010 5746 1275 5820 ἀξιόλογον
1304 5765 1385 5804 m.
