4134 6418
429 451 534 506 887

1459 443 1972 501 THEOPHYLACTI
2009 441 2366 497 BULGARIE
2402 441 2716 498 ARCHIEP.

3637 440 3741 496 888

427 575 500 632 ab
548 572 808 631 Ecclesiis
870 587 1064 629 comes
1115 570 1573 645 peregrinationis
1612 578 1839 637 nostrae,
1892 584 2020 624 cum

2139 566 2476 639 Ἐκκλησιῶν
2501 565 2826 644 συνέκδημος
2874 568 3064 644 ἡμῶν,
3097 564 3191 624 σὺν
3345 564 3526 644 χάριτι
3571 563 3741 646 ταύτῃ

425 663 603 738 gratia
631 663 737 720 hac
761 677 886 735 quae
916 677 947 717 a
976 661 1141 718 nobis
1183 659 1624 717 administratur.
1661 683 1688 710 ι
1736 661 2032 716 Commen-

431 753 529 812 dat
577 752 870 809 hominem
897 751 1066 807 etiam
1105 766 1173 808 ex
1228 765 1422 807 eorum
1443 749 1670 822 judicio,
1727 747 1821 821 qui
1848 746 2029 820 ipsum

441 843 779 914 selegerunt.
810 843 935 898 Non
984 840 1134 896 enim
1175 847 1432 908 tantum,
1482 839 1690 910 inquit,
1745 836 2026 909 Evangelii

428 930 664 988 verbum
691 927 1040 1004 praedicando
1069 933 1496 986 commendatur
1537 928 1708 984 veluti
1747 927 2025 1000 probatus,

430 1035 630 1078 verum
668 1020 837 1077 etiam
864 1019 933 1076 ab
961 1018 1217 1076 Ecclesiis
1265 1019 1470 1075 electus
1511 1026 1615 1086 est,
1649 1025 1710 1074 ut
1737 1016 1898 1072 simul
1926 1031 2026 1072 no-

430 1109 652 1168 biscum
703 1108 1081 1182 proﬁciscatur
1129 1129 1146 1164 :
1199 1107 1431 1180 proinde
1478 1123 1608 1164 cum
1653 1106 2026 1163 tentationum

429 1208 551 1257 tum
579 1199 956 1271 periculorum
993 1206 1077 1255 est
1115 1199 1319 1255 socius.
1367 1198 1501 1253 Haec
1534 1206 1718 1253 autem
1761 1195 2028 1252 Barnabae

428 1290 604 1361 magis
628 1289 930 1361 quadrant.
967 1289 1183 1345 Electus
1209 1295 1290 1344 est
1309 1296 1492 1344 autem
1513 1286 1580 1343 ad
1602 1285 1834 1359 gratiam
1857 1284 2026 1352 hanc,

427 1379 536 1434 hoc
563 1385 649 1434 est
675 1378 745 1435 ad
773 1379 1128 1450 pecuniarum
1167 1378 1568 1445 ministerium,
1597 1385 1660 1433 ut
1695 1392 1803 1432 una
1844 1375 2026 1432 nobis-

431 1482 564 1524 cum
585 1467 952 1524 administret.

507 1581 531 1607 ι
576 1556 664 1613 Ad
704 1556 873 1628 ipsius
917 1556 1142 1613 Domini
1170 1556 1407 1628 gloriam
1445 1564 1504 1612 et
1534 1552 2026 1626 promptitudinem

433 1654 729 1702 vestram.»
746 1645 867 1701 Hoc
885 1653 984 1712 est,
1000 1653 1062 1700 ut
1078 1653 1133 1700 et
1143 1649 1292 1701 Deus
1302 1645 1656 1717 gloriﬁcetur,
1675 1651 1726 1699 et
1738 1659 1833 1698 vos
1848 1657 2029 1714 prom-

432 1735 640 1807 ptiores
663 1733 990 1801 reddamini,
1021 1741 1210 1806 utpote
1247 1749 1372 1790 cum
1403 1733 1764 1805 pecuniarum
1794 1732 2026 1786 istarum

432 1824 603 1895 288
617 1831 926 1894 receptores
941 1824 1155 1894 probati
1178 1824 1310 1886 sint,
1326 1822 1570 1894 adeoque
1589 1829 1851 1894 spectatae
1878 1819 2026 1888 ﬁdei,

2140 661 2208 736 τῇ
2266 654 2648 736 διακονουμένῃ
2697 658 2786 738 ὑφ’
2827 659 3009 732 ἡμῶν.
3063 684 3086 708 υ
3139 654 3387 716 Ἐπαινεῖ
3433 654 3522 714 τὸν
3579 655 3743 733 ἄνδρα

2140 745 2232 804 καὶ
2265 749 2324 806 ἐκ
2384 749 2480 818 τῆς
2532 745 2753 826 κρίσεως
2800 747 2904 804 τῶν
2971 743 3364 821 ἐπιλεξαμένων
3423 743 3602 805 αὐτόν.
3661 746 3742 804 Οὔ

2139 834 2241 914 γὰρ
2303 833 2492 912 μόνον,
2552 833 2746 914 φησὶν,
2776 845 2782 854 ’
2813 834 3279 913 εὐαγγελιζόμενος
3329 835 3630 892 ἐπαινεῖται
3671 836 3744 900 ὣς

2140 923 2446 999 εὐδόκιμος,
2488 923 2629 983 ἀλλὰ
2667 923 2760 982 καὶ
2803 923 3132 1000 συνέκδημος
3174 927 3330 998 ἡμῶν
3367 921 3738 1002 ἐχειροτονήθη

2139 1012 2240 1072 ὑπὸ
2297 1015 2402 1071 τῶν
2470 1011 2830 1084 Ἐκκλησιῶν.
2887 1009 3061 1072 θΩστε
3119 1012 3212 1072 καὶ
3263 1016 3367 1072 τῶν
3425 1015 3741 1088 πειρασμῶν

2138 1101 2229 1161 καὶ
2273 1106 2378 1162 τῶν
2424 1100 2677 1161 κινδύνων
2718 1103 2982 1169 κοινωνός.
3039 1105 3232 1161 Ταῦτα
3283 1101 3339 1160 δὲ
3371 1102 3449 1181 τῷ
3481 1099 3737 1182 Βαρνάϐα

2139 1194 2344 1269 μᾶλλον
2388 1192 2664 1271 προσήκει.
2714 1191 3128 1271 Ἐχειροτονήθη
3168 1189 3224 1250 δὲ
3271 1192 3361 1250 καὶ
3394 1191 3466 1256 εἷς
3493 1189 3589 1260 τὴν
3636 1191 3738 1269 χά-

2139 1304 2217 1360 ριν
2273 1280 2508 1354 ταύτην,
2544 1279 2846 1355 τουτέστιν,
2894 1283 2966 1348 εἷς
2998 1279 3092 1352 τὴν
3152 1279 3421 1339 διακονίαν
3467 1281 3574 1337 τῶν
3603 1300 3734 1358 χρης

2137 1371 2352 1448 μάτων,
2381 1373 2450 1438 ὡς
2475 1369 2537 1428 ἂν
2571 1369 2663 1428 σὺν
2699 1375 2825 1448 ἡμῖν
2861 1371 3105 1449 διακονῇ.

2223 1573 2254 1612 α
2285 1551 2428 1631 Πρὸς
2455 1551 2553 1623 τὴν
2583 1552 2744 1610 αὐτοῦ
2767 1558 2858 1612 τοῦ
2894 1551 3095 1632 Κυρίου
3121 1550 3274 1619 δόξαν
3312 1550 3405 1609 καὶ
3437 1550 3736 1630 προθυμίαν

2137 1643 2306 1718 ὑμῶν.
2349 1668 2375 1693 ιι
2410 1639 2726 1715 Τουτέστιν,
2775 1639 2898 1700 Ἵνα
2929 1641 3020 1700 καὶ
3059 1645 3086 1698 ὁ
3119 1641 3256 1707 Θεὸς
3284 1639 3622 1710 δοξάζηται,³
3647 1641 3740 1700 καὶ

2138 1734 2284 1806 ὑμεῖς
2332 1730 2710 1810 προθυμότεροι
2762 1730 3016 1807 γένησθε,
3061 1728 3155 1788 ἅτε
3185 1732 3290 1788 τῶν
3334 1728 3738 1808 ὑποδεχομένων

2137 1817 2205 1878 τὰ
2257 1821 2517 1900 χρήματα
2571 1824 2741 1878 ταῦτα
2797 1819 3029 1894 δοκίμων
3090 1819 3287 1896 ὄντων,
3356 1818 3449 1876 καὶ
3517 1820 3741 1895 μηδενὸς

425 1920 489 1968 ut
515 1927 678 1968 nemo
719 1912 1010 1969 adversum
1040 1911 1185 1984 ipsos
1215 1913 1585 1984 suspicionem
1617 1926 1805 1983 parere
1837 1917 2022 1981 queat.

2140 1909 2371 1990 ὑποψίαν
2399 1908 2518 1967 κατ’
2550 1911 2724 1967 αὐτῶν
2752 1917 2923 1968 τεκεῖν
2954 1910 3272 1985 δυναμένου.

499 2004 676 2058 Vnus.
717 2007 802 2056 22.
872 2024 898 2051 α
947 2003 1115 2058 Veriti
1157 2003 1285 2069 hoc,
1327 2018 1399 2057 ne
1451 2002 1576 2073 quis
1626 2016 1730 2056 nos
1756 2007 1944 2072 carpat
1973 1999 2028 2054 in

426 2090 775 2165 plenitudine
803 2091 923 2157 hac,
974 2107 1100 2163 qua:
1133 2091 1550 2148 administratur
1576 2105 1607 2145 a
1634 2089 1811 2145 nobis.
1856 2111 1881 2136 ιι
1917 2091 2028 2143 De-

425 2189 515 2237 cet
540 2180 648 2236 hoc
675 2189 921 2236 sanctam
944 2181 1096 2236 Pauli
1123 2181 1389 2245 animam,
1422 2181 1816 2251 ingentemque
1839 2191 2028 2253 curam

426 2278 484 2325 et
521 2270 968 2325 submissionem.
1017 2271 1156 2325 Eam
1184 2269 1336 2324 enim
1377 2269 1449 2324 ob
1485 2284 1626 2335 rem,
1669 2267 1866 2338 inquit,
1896 2267 2030 2322 tales

427 2357 681 2415 misimus
715 2377 728 2412 :
760 2374 860 2414 nec
899 2374 1092 2426 unum,
1120 2359 1216 2414 sed
1248 2359 1430 2430 plures
1460 2381 1485 2406 α
1518 2357 1715 2426 Veriti,
1755 2379 1779 2404 ι»
1811 2355 1868 2412 id
1917 2363 2024 2424 est,

425 2448 768 2520 suspicantes
807 2457 862 2503 et
916 2455 1224 2504 metuentes
1271 2463 1340 2503 ne
1393 2448 1512 2519 quis
1572 2447 1874 2518 suspicetur
1924 2460 2028 2500 nos

424 2539 728 2610 quidquam
773 2553 804 2594 θ
849 2537 1095 2608 pecuniis
1138 2537 1198 2592 in
1227 2553 1390 2593 usum
1436 2544 1691 2592 nostrum
1721 2535 2024 2608 sublegere.

427 2628 543 2682 Nec
591 2626 752 2692 dixit,
799 2628 882 2681 Ne
928 2643 1046 2694 vos,
1096 2626 1213 2692 sed,
1258 2645 1287 2678 (ί
1330 2629 1413 2681 Ne
1468 2626 1590 2697 quis
1636 2625 1822 2681 alius:
1880 2647 1905 2673 ιο
1959 2640 2028 2679 ne

425 2723 777 2772 succenseant
821 2723 1089 2787 tanquam
1137 2716 1376 2787 suspecti
1429 2713 1580 2786 quod
1619 2713 1690 2770 de
1734 2715 1858 2785 ipso
1896 2713 2027 2768 talia

428 2804 686 2860 sentiant.
712 2803 1022 2876 Siquidem,
1074 2805 1276 2875 inquit,
1329 2803 1614 2876 plenitudo
1663 2803 1788 2869 ista,
1837 2802 1892 2858 id
1947 2811 2030 2858 est

429 2893 786 2964 pecuniarum
831 2893 1009 2964 copia,
1060 2895 1194 2948 satis
1235 2902 1317 2948 est
1354 2893 1571 2959 idonea,
1627 2900 1690 2946 ut
1733 2892 1910 2963 pravis
1939 2907 2029 2948 su-

429 2982 737 3056 spicionem
776 2983 1040 3055 praebeat,
1068 2982 1173 3038 nisi
1217 2982 1570 3038 securitatem
1594 2981 2025 3038 ostenderimus.

497 3164 678 3220 Vnns.
718 3167 806 3218 21.
845 3184 872 3211 «ι
902 3161 1262 3219 Providentes
1292 3161 1457 3229 bona,
1479 3175 1592 3217 non
1620 3160 1800 3217 solum
1836 3176 2026 3217 coram

428 3251 696 3318 Domino,
717 3267 914 3307 verum
933 3250 1100 3306 etiam
1123 3266 1313 3307 coram
1334 3249 1674 3306 hominibus.
1713 3274 1736 3298 υ
1764 3253 1846 3306 En
1871 3251 2023 3305 Pauli

2136 3247 2273 3306 ἀλλὰ
2313 3250 2405 3306 καὶ
2459 3248 2679 3308 ἐνώπιον
2710 3249 3023 3329 ἀνθρώπων.
3062 3278 3086 3302 ιι

428 3349 677 3396 mentem
715 3356 882 3411 quam
933 3339 1206 3396 sollicitus
1237 3339 1418 3406 fuerit,
1459 3354 1528 3395 ne
1557 3339 1878 3395 scandalum
1926 3355 2026 3410 po-

427 3438 590 3488 neret
640 3428 920 3485 fratribus.
951 3431 1077 3485 Non
1106 3429 1252 3486 enim
1304 3429 1462 3496 dixit,
1500 3432 1613 3501 Ego
1657 3444 1825 3500 purus
1855 3443 1980 3485 sum
2005 3471 2020 3498 ,

427 3520 615 3592 lugeat
636 3519 732 3591 qui
762 3519 911 3576 vult:
952 3518 1051 3576 sed
1083 3518 1582 3590 quemadmodum,
1609 3517 1810 3590 inquit,
1836 3534 2025 3574 coram

431 3611 554 3664 Deo
583 3608 862 3680 provideo,
894 3607 1002 3664 hoc
1048 3619 1130 3665 est
1175 3623 1308 3664 curo
1337 3606 1510 3664 videri
1559 3607 1898 3680 inculpatus,
1945 3608 2026 3663 sic

426 3705 483 3753 et
509 3713 695 3754 coram
723 3696 1038 3754 hominibus
1076 3717 1090 3752 :
1137 3713 1200 3752 ac
1223 3705 1430 3770 quanto
1460 3707 1589 3754 sunt
1612 3697 2023 3766 imbecilliores,

428 3793 585 3844 tanto
621 3787 795 3861 magis
842 3803 944 3843 nos
980 3786 1274 3843 demittere
1303 3795 1543 3859 oportet,
1577 3786 2023 3859 quandoquidem

424 3883 481 3932 et
527 3876 766 3947 parvulis
816 3877 999 3948 pueris
1051 3875 1584 3946 condescendamus,
1626 3876 1674 3932 si
1735 3875 1896 3931 laturi
1944 3875 2019 3931 si-

425 3980 552 4022 mus
569 3980 683 4022 608.

496 4057 676 4111 Vnus.
713 4058 804 4109 22.
844 4071 872 4104 α
921 4053 1180 4109 Misimus
1231 4061 1414 4109 autem
1455 4069 1586 4109 cum
1627 4054 1758 4125 ipsis
1787 4053 2022 4110 fratrem

426 4149 702 4211 nostrum,
742 4157 911 4213 quem
940 4143 1296 4212 probavimus
1324 4143 1384 4197 in
1423 4143 1614 4198 multis
1640 4158 1787 4215 saepe
1819 4143 2023 4199 studio-

423 4245 551 4287 sum
595 4245 737 4296 esse,
795 4245 946 4285 nunc
990 4239 1174 4286 autem
1230 4231 1622 4287 studiosiorem
1661 4233 1731 4288 ob
1785 4233 2021 4288 multam

423 4318 689 4374 ﬁduciam
727 4333 897 4390 quam
938 4317 1112 4374 habeo
1158 4335 1284 4392 erga
1313 4336 1430 4376 vos.
1477 4343 1503 4368 ιν
1552 4321 1805 4377 Alterum
1841 4320 2019 4390 addit,

423 4407 653 4462 fratrem
689 4422 818 4463 eum
856 4407 1172 4476 nominans,
1203 4417 1258 4463 et
1284 4409 1681 4465 commendans
1724 4412 1908 4483 ipsum
1955 4425 2020 4466 ex

426 4496 533 4552 hoc
551 4495 703 4568 quod
731 4495 981 4569 probarit
1010 4498 1213 4568 ipsum,
1237 4497 1679 4571 judicaveritque
1708 4499 2020 4556 studiosum

423 4599 543 4642 esse
586 4593 643 4642 et
687 4586 876 4642 multis
918 4587 979 4642 in
1020 4589 1206 4655 rebus,
1259 4595 1316 4643 et
1367 4603 1530 4660 saepe.
1582 4587 1792 4645 Laudis
1833 4597 2018 4645 autem

423 4675 770 4747 exaggeratio
822 4683 929 4746 est,
974 4675 1270 4733 dictionem
1321 4676 1396 4733 ita
1445 4677 1796 4750 ingeminare.
1857 4681 2020 4735 Nunc

421 4771 629 4832 autem,
674 4763 876 4835 inquit,
915 4764 1209 4823 studiosior
1247 4763 1425 4822 factus
1457 4770 1559 4832 est,
1612 4775 1804 4839 utpote
1839 4768 2019 4824 conﬁ-

419 4851 560 4908 dens
586 4853 736 4924 quod
767 4867 865 4908 vos
883 4853 1178 4926 largiorem
1203 4855 1615 4928 eleemosynam
1639 4854 1836 4913 facturi
1879 4858 2015 4928 sitis,

419 4956 586 5014 quam
625 4940 1109 4999 administraturus
1157 4951 1266 5000 est.

489 5033 672 5088 Vsns.
715 5037 805 5087 23.
850 5053 876 5080 α
907 5031 1033 5088 Sive
1062 5048 1163 5104 pro
1197 5034 1344 5102 Tito,
1375 5035 1470 5106 qui
1511 5044 1596 5092 est
1629 5036 1810 5093 socius
1838 5052 2018 5107 meus,

419 5129 476 5177 et
505 5121 578 5178 ad
595 5136 690 5178 vos
718 5120 956 5194 adjutor.
987 5145 1013 5172 ι
1042 5124 1167 5179 Hoc
1196 5132 1298 5190 est,
1331 5126 1378 5180 si
1402 5125 1535 5197 quid
1561 5126 1698 5182 mihi
1723 5127 2018 5185 dicendum

420 5209 488 5265 de
520 5209 671 5276 Tito,
723 5209 924 5267 eadem
971 5211 1205 5270 dicenda
1236 5222 1389 5282 sunt,
1431 5215 1585 5287 quod
1623 5216 1832 5290 collega
1861 5233 2018 5274 meus

420 5301 507 5368 sit,
543 5298 811 5372 adjuvans
841 5317 931 5357 me
970 5302 1032 5357 in
1072 5303 1478 5360 institutionem
1507 5313 1561 5360 et
1589 5305 1885 5363 utilitatem
1929 5323 2018 5364 ve-

416 5397 606 5443 stram.
637 5390 757 5457 Vel,
803 5391 847 5446 si
883 5392 1013 5463 quid
1043 5393 1152 5447 Titi
1191 5393 1412 5448 nomine
1460 5393 1654 5450 facturi
1689 5394 1838 5463 estis,
1895 5412 2010 5453 non

415 5477 649 5548 vulgaris
661 5479 969 5550 cujuSpiam
999 5482 1221 5536 nomine
1247 5481 1478 5552 facietis,
1503 5483 1602 5540 sed
1631 5485 1859 5558 collega:
1881 5487 2006 5542 mei.

2047 4642 2098 4705 D

2223 2019 2254 2052 α
2283 1998 2639 2075 Στελλόμενοι
2683 2003 2869 2069 τοῦτο,
2904 1997 2980 2074 μή
3010 2021 3086 2064 τις
3127 2001 3266 2075 ἡμᾶς
3309 1999 3641 2075 μωμήσηται
3684 2000 3740 2057 ἐν

2137 2091 2204 2165 τῇ
2257 2087 2507 2167 ἁδρότητι
2555 2087 2720 2164 ταύτῃ
2770 2091 2837 2167 τῇ
2891 2086 3273 2163 διακονουμένῃ
3336 2087 3424 2168 ὑφ’
3467 2091 3648 2163 ἡμῶν.
3715 2114 3740 2140 ι

2135 2172 2309 2244 Ἄξιον
2338 2181 2493 2235 τοῦτο
2542 2181 2634 2247 τῆς
2666 2176 2820 2256 ἁγίας
2849 2183 2942 2236 τοῦ
2996 2175 3214 2236 Παύλου
3266 2180 3476 2258 ψυχῆς,
3519 2177 3611 2235 καὶ
3643 2181 3741 2249 τῆς

2138 2267 2340 2337 πολλῆς
2387 2266 2702 2343 κηδεμονίας
2754 2267 2846 2326 καὶ
2895 2265 3367 2345 συγκαταϐάσεως.
3430 2265 3535 2326 Διὰ
3585 2271 3740 2324 τοῦτο

2137 2355 2270 2434 γὰρ,
2303 2356 2465 2436 φησὶ,
2506 2357 2770 2424 τοιούτους
2799 2356 3150 2438 ἐπέμψαμεν,
3181 2355 3273 2414 καὶ
3307 2357 3406 2435 οὐχ
3442 2354 3569 2430 ἕνα,
3599 2355 3737 2415 ἀλλὰ

2137 2445 2382 2519 πλείους,
2438 2473 2463 2498 ι
2514 2446 2886 2523 στελλόμενοι,
2940 2467 2970 2504 1)
3013 2445 3320 2522 τουτέστιν,
3358 2444 3741 2511 ὑποπτεύοντες

2137 2534 2228 2592 καὶ
2261 2535 2548 2601 δεδοικότες
2593 2534 2681 2592 ἵνα
2718 2535 2794 2612 μή
2837 2560 2916 2602 τις
2955 2539 3101 2612 ἡμᾶς
3151 2534 3462 2613 ὑποπτεύσῃ
3523 2537 3594 2601 ὡς
3648 2558 3737 2592 νο-

2137 2623 2474 2703 σφιζομένους
2525 2627 2585 2682 ἐκ
2636 2628 2742 2682 τῶν
2781 2623 3098 2706 χρημάτων.
3159 2624 3270 2684 Καὶ
3301 2626 3397 2683 οὐκ
3437 2613 3592 2697 εἷπε,
3641 2622 3735 2694 Μὴ

2138 2713 2284 2787 ὑμεῖς
2305 2763 2316 2783 ,
2355 2713 2522 2781 ἀλλὰ,
2555 2740 2579 2764 σι
2603 2713 2701 2785 Μή
2731 2738 2810 2781 τις
2846 2713 3030 2781 ἄλλος·
3055 2738 3086 2770 ι
3122 2715 3192 2781 ὣς
3222 2712 3286 2771 ἂν
3320 2712 3395 2790 μὴ
3435 2713 3740 2790 ἀγανακτή-

2139 2824 2300 2859 σωσιν
2333 2806 2402 2868 ὡς
2426 2807 2649 2860 τοιαῦτα
2688 2811 2896 2882 φρονεῖν
2937 2803 3059 2884 περὶ
3105 2804 3266 2861 αὐτοῦ
3297 2804 3738 2877 ὑποπτευόμενοι.

2142 2889 2250 2949 Καὶ
2279 2895 2312 2962 ἡ
2347 2891 2571 2971 ἁδρότης
2597 2891 2701 2971 γὰρ
2734 2891 2867 2963 αὕτη
2887 2940 2901 2966 ,
2946 2894 3106 2972 φησὶ,
3139 2891 3410 2966 τουτέστι,
3441 2891 3501 2949 τὸ
3540 2894 3738 2961 πλῆθος

2137 2981 2250 3037 τῶν
2297 2980 2626 3060 χρημάτων,
2681 2979 2858 3039 ίκανὸν
2931 2984 3038 3047 τοῖς
3111 2988 3359 3061 πονηροῖς
3436 2988 3736 3060 παρασχεῖν

2138 3068 2399 3149 ὑποψίαν,
2423 3071 2467 3126 εἰ
2499 3070 2574 3145 μὴ
2608 3069 2987 3146 ἐπιδειξώμεθα
3017 3071 3330 3146 ἀσφάλειαν.

2225 3180 2258 3216 σ
2288 3158 2675 3238 Προνοούμενοι
2723 3159 2892 3233 καλὰ,
2935 3162 2994 3217 οὖ
3039 3161 3195 3237 μόνον
3241 3160 3462 3218 ἐνώπιον
3501 3158 3732 3239 Κυρίου,

3130 3247 3244 3309 Ἴδε
3295 3249 3388 3320 τὴν
3420 3251 3597 3329 ψυχὴν
3641 3254 3734 3307 τοῦ

2135 3335 2389 3412 Παύλου,
2423 3340 2536 3406 πῶς
2590 3338 2853 3418 ἐφρόντιζε
2913 3341 3018 3396 τῶν
3067 3339 3382 3398 σκανδάλων
3433 3344 3538 3398 τῶν
3579 3339 3734 3396 ἀδελ-

2136 3362 2389 3412 ιιαυΛου,
2423 3362 2536 3406 πως
2590 3362 2613 3396 ε
2658 3362 2853 3418 ροντιζε
2913 3363 3018 3396 των
3067 3362 3382 3398 σκανοαΛων
3433 3363 3538 3398 των
3579 3362 3734 3396 αοεΛ-

2131 3429 2262 3507 φῶν.
2322 3429 2406 3486 Οὖ
2453 3428 2557 3508 γὰρ
2591 3362 2766 3487 εἶπεν·
2797 3427 2944 3507 Ἐγὼ
2994 3428 3223 3508 καθαρός
3270 3431 3414 3506 εἰμι,
3463 3428 3734 3505 οἷμωζέτω

2131 3520 2160 3575 ὁ
2201 3516 2515 3594 βουλόμενος
2539 3541 2552 3554 ο
2585 3518 2706 3576 ἄλλ’
2733 3515 2956 3598 θΩσπερ
2990 3517 3212 3577 ἐνώπιον
3252 3523 3343 3576 τοῦ
3375 3522 3542 3590 Θεοῦ,
3570 3518 3732 3596 φησὶ,

2131 3610 2490 3684 προνοοῢμαι,
2529 3606 2799 3679 τουτέστι,
2842 3608 3102 3687 φροντίζω
3139 3607 3418 3688 φαίνεσθαι
3469 3605 3734 3684 ἀνέγκλη-

2129 3717 2216 3761 τος
2235 3739 2252 3771 ,
2284 3694 2422 3753 οὕτω
2467 3697 2560 3754 καὶ
2607 3696 2828 3755 ἐνώπιον
2879 3696 3169 3773 ἀνθρώπων
3193 3721 3206 3733 ο
3239 3696 3333 3754 καὶ
3377 3697 3580 3773 μᾶλλον
3611 3695 3734 3754 ὅσον

2133 3784 2500 3866 ἀσθενέστεροί
2575 3787 2708 3858 εἰσι,
2765 3789 3018 3845 τοσοῦτον
3090 3785 3170 3844 δεῖ
3239 3783 3686 3864 συγκαταϐαίνειν
3715 3807 3728 3820 ·

2132 3873 2249 3931 ἕπεὶ
2294 3874 2386 3931 καὶ
2432 3883 2538 3940 τοῖς
2572 3882 2780 3953 μικροῖς
2837 3874 3066 3942 παιδίοις
3113 3874 3650 3953 συγκαταϐαίνομεν,
3685 3876 3733 3932 εἴ

2133 3961 2396 4039 μέλλομεν
2433 3965 2702 4041 βαστάσαι
2726 3963 2885 4025 αὐτά.

2216 4077 2242 4104 ι
2289 4050 2722 4132 Συνεπέμψαμεν
2775 4054 2830 4110 δὲ
2889 4053 3064 4120 αὐτοῖς
3119 4051 3207 4111 τὸν
3259 4051 3484 4134 ἀδελφὸν
3535 4055 3689 4128 ἡμῶν
3714 4098 3730 4128 ,

2131 4137 2188 4198 ὃν
2246 4139 2640 4218 ἐδοκιμάσαμεν
2710 4143 2763 4200 ἐν
2820 4143 3037 4210 πολλοῖς
3104 4142 3366 4208 πολλάκις
3445 4143 3730 4202 σπουδαῖον

2130 4227 2291 4300 ὄντα,
2325 4230 2436 4286 νυνὶ
2469 4229 2525 4287 δὲ
2569 4228 2705 4289 πολὺ
2747 4231 3154 4311 σπουδαιότερον
3194 4230 3508 4302 πεποιθήσει
3554 4231 3729 4310 πολλῇ

2131 4321 2196 4395 τῇ
2250 4321 2322 4386 εἷς
2378 4321 2536 4396 ὑμᾶς.
2588 4341 2618 4377 ι)
2677 4320 2787 4380 Καὶ
2843 4319 3021 4401 ἕτερον
3068 4320 3448 4401 προστίθησιν,
3503 4319 3729 4398 ἀδελφὸν

2128 4406 2398 4484 ὀνομάζων
2461 4408 2614 4467 αὐτὸν
2640 4453 2657 4482 ,
2724 4410 2814 4468 καὶ
2866 4413 3124 4470 συνιστῶν
3174 4411 3234 4469 ἐκ
3291 4415 3384 4469 τοῦ
3433 4408 3727 4486 δοκιμάσαι

2131 4497 2286 4556 αὐτὸν
2342 4497 2433 4555 καὶ
2486 4498 2660 4578 κρῖναι
2702 4499 2993 4558 σπουδαῖον
3031 4499 3157 4558 ὄντα
3181 4542 3199 4572 ,
3241 4498 3332 4558 καὶ
3378 4501 3432 4556 ἐν
3484 4500 3730 4571 πολλοῖς,

2128 4585 2222 4644 καὶ
2250 4585 2508 4652 πολλάκις
2533 4607 2546 4622 ·
2602 4587 2845 4653 ἐπίτασις
2891 4588 2945 4646 δὲ
2977 4587 3193 4648 ἐπαίνου
3213 4632 3230 4661 ,
3269 4587 3330 4644 τὸ
3374 4586 3510 4647 οὕτω
3542 4588 3730 4645 διπλα-

2130 4675 2315 4734 σιάσαι
2370 4676 2472 4748 τὴν
2520 4675 2680 4744 λέξιν.
2713 4677 2849 4736 Νυνὶ
2880 4677 2971 4750 δὲ,
3007 4677 3166 4758 φησὶ,
3204 4676 3610 4757 σπουδαιότερος
3634 4676 3733 4757 γέ-

2127 4787 2310 4842 γονεν,
2382 4763 2479 4824 ἅτε
2530 4767 2799 4833 πεποιθὼς
2855 4765 2936 4824 ὅτι
2991 4769 3140 4843 ὑμεῖς
3197 4766 3586 4845 δαψιλεστέραν
3635 4767 3732 4840 τὴν

2127 4853 2487 4930 ἐλεημοσύνην
2517 4852 2790 4930 ποιήσετε,
2815 4853 2934 4937 [εἷς]
2970 4855 3036 4927 ἢν
3064 4855 3249 4934 μέλλει
3274 4856 3608 4927 διακονῆσαι.

2211 5061 2235 5089 ι
2268 5033 2394 5095 Εἴτε
2425 5035 2560 5117 ὑπὲρ
2604 5036 2800 5112 Τίτου,
2843 5039 3088 5106 κοινωνὸς
3137 5038 3295 5117 ἐμὸς,
3346 5039 3438 5098 καὶ
3489 5043 3562 5107 εἷς
3589 5041 3731 5118 ὑμᾶς

2129 5125 2401 5203 συνεργός.
2450 5151 2476 5178 ι
2512 5125 2835 5198 Τουτέστιν,
2876 5130 2944 5188 Εἰ
2974 5129 3052 5185 δεῖ
3096 5152 3147 5186 τι
3171 5129 3336 5187 εἰπεῖν
3370 5128 3504 5209 ὑπὲρ
3535 5128 3728 5202 Τίτου,

2124 5217 2296 5273 ταῦτα
2329 5214 2381 5250 ³ο
2427 5215 2537 5295 ἔχω
2577 5215 2780 5292 λέγειν,
2836 5216 2918 5276 ὅτι
2967 5217 3212 5285 κοινωνὸς
3260 5219 3416 5296 ἐμὸς,
3460 5221 3724 5297 συνεργῶν

2126 5326 2218 5380 μοι
2259 5307 2332 5370 εἷς
2360 5303 2455 5374 τὴν
2487 5308 2636 5382 ὑμῶν
2691 5306 3040 5367 διδασκαλίαν
3084 5305 3177 5366 καὶ
3207 5308 3467 5388 ὠφέλειαν
3490 5332 3503 5346 ο
3550 5306 3612 5380 ἢ,
3647 5305 3727 5364 ὅτι

2123 5394 2189 5452 Εἰ
2223 5393 2355 5473 ὑπὲρ
2382 5395 2547 5454 Τίτου
2573 5419 2626 5453 τι
2660 5395 2941 5470 ποιήσετε,
2971 5397 3067 5458 οὐκ
3087 5397 3160 5464 εἷς
3191 5397 3279 5456 τὸν
3310 5396 3538 5477 τυχόντα
3559 5395 3723 5466 ποιή-

2121 5502 2238 5538 σετε
2259 5527 2276 5555 ,
2309 5484 2428 5542 ἀλλ’
2450 5487 2522 5550 εἷς
2545 5483 2674 5562 ἐμὸν
2695 5484 2959 5545 κοινωνόν.

1819 5630 2008 5689 Variae
2052 5632 2356 5692 lectiones.

488 5706 532 5738 ³⁵³
557 5715 760 5759 τοιαῦτα
787 5726 836 5763 ο.
