4134 6420
378 459 481 512 889

1258 449 1611 508 EXPOSITIO
1649 451 1716 506 IN
1755 450 1967 507 EPIST.
2009 451 2052 504 ll
2090 451 2181 505 AD
2221 449 2379 506 COR.
2418 479 2491 491 -
2525 451 2676 506 CAP.
2719 451 2806 506 IX.

3577 455 3682 508 890

467 608 492 634 α
529 579 655 642 Εἴτε
679 577 896 660 ἀδελφοὶ
925 579 1105 655 ἡμῶν.
1144 602 1169 628 ι
1193 575 1516 650 Τουτέστιν,
1547 575 1674 638 Εἴτε
1707 576 1841 654 ὑπὲρ
1866 578 1972 635 τῶν

2161 599 2187 625 ει
2234 577 2360 632 Sive
2397 574 2600 632 fratres
2650 573 2844 631 nostri.
2878 592 2908 628 ιι
2939 575 3063 631 Hoc
3101 583 3220 643 est,
3248 575 3362 632 sive
3411 592 3515 650 pro
3558 577 3679 634 aliis

380 671 556 731 ἄλλων
590 669 844 750 βούλεσθέ
891 691 944 726 τι
971 669 1227 740 ἀκοῦσαι,
1269 667 1502 725 κάκεῖνοι
1549 668 1761 745 μεγάλα
1794 667 1972 725 δίκαια

378 761 562 841 ἔχουσι
593 765 684 820 τοῦ
728 757 1022 828 ἀξιόπιστοι
1071 760 1315 838 κριθῆναι
1353 755 1400 794 ³⁸
1424 779 1438 794 ο
1490 757 1583 816 καὶ
1623 756 1725 837 γὰρ
1757 756 1971 837 ἀδελφοὶ

375 853 556 926 ἡμῶν.

461 967 487 991 ι
511 939 818 1001 Ἀπόστολοι
868 937 1226 1008 Ἐκκλησιῶν.
1265 962 1291 990 ι
1324 937 1613 996 Τουτέστιν
1632 981 1650 1013 ,
1704 937 1808 995 ὑπὸ
1838 935 1973 995 Ἐκ-

378 1031 612 1101 κλησιῶν
641 1027 965 1108 πεμφθέντες
999 1027 1089 1085 καὶ
1104 1025 1576 1107 χειροτονηθέντες.

467 1143 494 1173 α
528 1116 670 1186 Δόξα
732 1120 990 1197 Χριστοῦ.
1040 1143 1066 1168 ιι
1117 1115 1199 1176 Τὸ
1257 1119 1438 1191 μεῖζον
1486 1115 1702 1173 πάντων
1757 1112 1973 1194 ὕστερον

377 1207 628 1269 τέθεικεν.
674 1210 769 1273 Εἷς
828 1205 1089 1286 Χριστὸν,
1142 1207 1334 1285 φησὶν,
1366 1202 1681 1284 ἀναφέρεται
1730 1203 1792 1263 τὸ
1834 1213 1972 1278 πᾶν,

381 1297 511 1376 ὅπερ
537 1295 601 1355 ἂν
631 1299 702 1362 εἷς
731 1297 958 1363 ἐκείνους
985 1295 1225 1374 γένηται.

462 1414 488 1442 α
519 1386 638 1458 Τὴν
682 1377 771 1446 οὖν
801 1385 1010 1454 ἔνδειξιν
1062 1388 1157 1455 τῆς
1208 1382 1422 1459 ἀγάπης
1465 1385 1642 1460 ὑμῶν,
1683 1383 1776 1442 καὶ
1819 1387 1974 1459 ἡμῶν

381 1474 695 1557 καυχήσεως
757 1475 891 1556 ὑπὲρ
947 1476 1095 1550 ὑμῶν
1163 1476 1237 1540 εἷς
1311 1471 1505 1539 αὐτοὺς
1561 1471 1854 1540 ἐνδείξασθε
1905 1475 1977 1539 εἷς

381 1567 666 1645 πρόσωπον
707 1568 810 1622 τῶν
873 1563 1233 1634 Ἐκκλησιῶν.
1284 1589 1308 1615 ι
1367 1566 1481 1624 Νῦν
1526 1561 1761 1634 δείξατε,
1811 1562 1972 1642 φησὶ,

383 1660 498 1724 πῶς
529 1654 625 1733 μὲν
657 1658 808 1732 ὑμεῖς
858 1655 1104 1733 ἀγαπᾶτε
1136 1657 1307 1728 ἡμᾶς·
1337 1654 1451 1720 πῶς
1502 1651 1558 1710 δὲ
1601 1652 1691 1710 καὶ
1727 1653 1880 1729 ἡμεῖς
1916 1653 1975 1709 οὐ

385 1745 560 1821 μάτην
589 1743 915 1824 καυχώμεθα
961 1745 1040 1823 ἐφ’
1074 1745 1221 1818 ὑμῖν.
1257 1742 1464 1812 Δείξετε
1506 1741 1594 1814 δὲ,
1637 1741 1730 1799 ἐὰν
1762 1742 1976 1818 ἀγάπην

383 1837 457 1900 εἰς
496 1833 684 1901 αὐτοὺς
721 1831 1037 1904 ἐνδείξησθε.
1089 1831 1198 1891 Καὶ
1243 1831 1346 1910 γὰρ
1378 1830 1470 1890 καὶ
1507 1853 1537 1886 α
1587 1832 1658 1899 εἷς
1690 1830 1976 1910 πρόσωπον

2084 665 2248 721 vultis
2286 664 2587 738 quidquam
2633 663 2839 730 audire,
2883 673 2939 720 et
2979 663 3057 720 illi
3110 665 3350 720 multum
3392 665 3539 737 juris
3576 666 3678 722 ha-

2084 755 2216 811 bent
2243 771 2343 812 cur
2371 753 2482 811 ﬁde
2518 753 2673 828 digni
2699 761 3022 809 censeantur
3051 771 3064 808 :
3095 753 3306 810 etenim
3336 751 3528 810 fratres
3567 771 3673 811 no-

2083 845 2183 902 stri
2213 853 2358 902 sunt.

2083 959 2110 985 α
2152 934 2406 1008 Apostoli
2469 935 2858 991 Ecclesiarum.
2892 957 2918 984 ι
2969 934 3092 990 Hoc
3148 940 3250 1002 est,
3296 932 3367 989 ab
3423 933 3682 990 Ecclesiis

2083 1025 2238 1081 missi
2276 1033 2330 1080 et
2357 1024 2537 1080 electi.

2159 1136 2186 1166 «
2229 1114 2416 1171 Gloria
2465 1113 2689 1170 Christi.
2740 1132 2770 1167 ››
2825 1113 2990 1184 Quod
3037 1112 3297 1171 omnibus
3341 1112 3524 1186 majus
3565 1116 3675 1180 est,

2085 1205 2352 1277 posterius
2381 1203 2580 1275 posuit.
2611 1205 2676 1260 In
2712 1203 3021 1273 Christum,
3063 1202 3266 1276 inquit,
3314 1202 3504 1259 omnia
3533 1201 3673 1258 refe-

2084 1302 2303 1362 runtur,
2341 1308 2685 1366 quaecunque
2705 1293 2810 1350 illis
2829 1293 3147 1365 obtingunt.

2156 1386 2337 1441 Vnns.
2370 1388 2460 1438 24.
2495 1402 2525 1435 ιι
2551 1383 2938 1439 Ostensionem
2967 1383 3133 1453 igitur
3164 1380 3448 1437 charitatis
3477 1388 3671 1437 vestra:

2085 1481 2141 1529 et
2182 1473 2529 1546 gloriationis
2562 1481 2766 1529 nostra:
2804 1488 2904 1544 pro
2945 1472 3103 1528 vobis
3131 1487 3260 1544 erga
3295 1472 3446 1544 ipsos
3493 1479 3683 1526 osten-

2085 1563 2198 1619 dite
2234 1562 2404 1633 289
2430 1561 2484 1618 in
2525 1560 2661 1618 facie
2705 1561 3088 1617 Ecclesiarum.
3125 1583 3148 1607 υ
3179 1564 3341 1617 Nunc
3377 1559 3647 1615 ostendite
3669 1600 3682 1624 ,

2085 1652 2286 1723 inquit,
2336 1649 2622 1724 quomodo
2652 1650 2879 1721 diligitis
2913 1665 3032 1718 nos,
3060 1647 3344 1722 quomodo
3373 1649 3543 1704 etiam
3575 1664 3687 1704 non

2085 1740 2261 1797 fustra
2295 1740 2597 1812 gloriemur
2623 1738 2692 1794 de
2733 1739 2902 1795 vobis.
2950 1738 3333 1795 Monstrabitis
3376 1745 3590 1804 autem,
3637 1737 3682 1792 si

2087 1829 2408 1885 charitatem
2449 1829 2506 1884 in
2545 1829 2692 1900 ipsos
2720 1828 3042 1884 ostendatis.
3073 1829 3220 1882 Nam
3258 1828 3314 1882 in
3344 1827 3460 1897 ipsa
3495 1826 3680 1881 Eccle-

381 1927 488 1982 τῶν
522 1923 859 1997 Ἐκκλησιῶν
897 1948 922 1976 ι
977 1921 1228 1992 ποιήσετε
1257 1920 1286 1978 ὃ
1326 1920 1574 1991 ποιήσετε
1615 1923 1687 1987 εἷς
1733 1921 1976 1997 τούτους,

2094 1920 2296 1974 siarum
2339 1918 2472 1974 facie
2512 1918 2735 1982 facietis,
2781 1917 2930 1988 quod
2960 1916 3165 1972 facietis
3194 1915 3262 1973 ad
3292 1915 3423 1982 hos,
3454 1914 3560 1970 hoc
3604 1923 3688 1969 est

382 2013 682 2086 τουτέστιν,
739 2014 810 2078 εἷς
853 2009 1012 2088 τιμὴν
1041 2013 1148 2069 τῶν
1188 2010 1552 2083 Ἐκκλησιῶν.
1589 2010 1668 2070 Τὸ
1698 2009 1983 2090 πρόσωπον

2094 2009 2152 2066 ad
2199 2008 2470 2065 honorem
2519 2007 2904 2063 Ecclesiarum.
2955 2007 3046 2061 lsti
3081 2006 3235 2061 enim
3289 2003 3683 2068 Ecclesiarum,

383 2103 486 2182 γὰρ
538 2105 642 2161 τῶν
696 2101 1036 2174 Ἐκκλησιῶν
1091 2099 1370 2179 ἐπέχουσιν
1427 2091 1570 2160 οὑτοι
1615 2102 1720 2159 τῶν
1771 2102 1988 2180 πεμψα-

385 2196 493 2252 σῶν
525 2189 736 2257 αὐτούς.

967 2281 1262 2342 ΚΕΦΑΛ.
1297 2279 1392 2343 Θ’.

477 2429 506 2465 α
536 2405 674 2487 Περὶ
716 2406 811 2484 μὲν
843 2403 948 2487 γὰρ
979 2407 1072 2478 τῆς
1100 2404 1368 2472 διακονίας
1399 2409 1494 2477 τῆς
1537 2407 1611 2471 εἰς
1639 2403 1760 2471 τοὺς
1801 2403 1985 2482 ἁγίους

385 2495 629 2577 περιττόν
677 2494 770 2573 μοί
819 2497 932 2554 ἐστι
975 2495 1036 2555 τὸ
1065 2494 1283 2576 γράφειν
1345 2498 1489 2572 ὑμῖν.
1523 2516 1554 2553 n
1591 2498 1848 2556 Τοσαῦτα
1896 2494 1985 2554 καὶ

383 2586 639 2666 πρότερον
695 2585 857 2645 εἰπὼν
870 2629 887 2658 ,
936 2583 1028 2643 καὶ
1073 2585 1236 2643 πάλιν
1290 2585 1501 2660 μέλλων
1535 2586 1700 2643 εἰπεῖν
1724 2583 1807 2663 ³³,
1842 2582 1985 2661 ὅμως

387 2675 630 2756 περιττὸν
662 2677 808 2756 αὐτῷ
838 2673 979 2750 λέγει
1012 2673 1072 2732 τὸ
1095 2673 1146 2710 ³³
1177 2672 1300 2754 περὶ
1347 2673 1546 2733 τούτων
1597 2674 1834 2754 γράφειν.
1872 2675 1982 2733 Σο-

386 2769 494 2846 φῶς
523 2764 578 2823 δὲ
625 2769 780 2823 τοῦτο
829 2771 1002 2836 ποιεῖ,
1058 2763 1196 2821 ὥστε
1251 2766 1454 2841 μᾶλλον
1514 2765 1702 2830 αὐτοὺς
1755 2764 1987 2823 ἐπισπά-

388 2860 604 2914 σασθαι.
640 2853 1107 2933 Αἷσχυνθήσονται
1147 2851 1283 2932 γὰρ,
1329 2850 1378 2910 εἴ
1417 2877 1477 2930 γε
1507 2852 1757 2923 τοιαύτην
1788 2854 1986 2925 ὑπόλη-

387 2947 477 3024 ψιν
507 2943 628 3024 περὶ
672 2947 846 3001 αὐτῶν
895 2940 1108 3022 ἔχοντος
1139 2945 1233 2998 τοῦ
1269 2938 1521 3024 Παύλου,
1561 2940 1642 2999 ὅτι
1673 2943 1731 2999 οὗ
1781 2939 1988 3000 δέονται

391 3019 699 3110 συμϐουλῆς
751 3030 881 3112 πρὸς
923 3019 986 3090 τὸ
1041 3033 1239 3104 ἐλεεῖν,
1297 3019 1411 3089 εἶτα
1460 3035 1692 3112 φανῶσιν
1741 3032 1989 3098 ἐλάττους

389 3125 484 3196 τῆς
505 3120 837 3203 ὑπολήψεως.

2087 2114 2210 2171 quae
2247 2097 2394 2172 ipsos
2421 2099 2715 2166 miserunt,
2746 2112 3041 2168 personam
3070 2103 3297 2168 gerunt.

2695 2296 2940 2352 CAPUT
2980 2297 3088 2350 IX.

2159 2423 2340 2476 Vnus.
2373 2424 2422 2475 ι.
2460 2441 2486 2468 «ι
2511 2421 2650 2475 Nam
2679 2419 2746 2474 de
2773 2419 3079 2474 ministerio
3098 2415 3247 2490 quod
3278 2415 3338 2472 ﬁt
3366 2413 3422 2470 in
3453 2421 3694 2480 sanctos,

2088 2509 2430 2582 superﬂuum
2476 2517 2562 2564 est
2588 2508 2723 2563 mihi
2763 2507 3004 2563 scribere
3041 2507 3227 2562 vobis.
3289 2527 3309 2554 υ
3343 2505 3485 2560 Cum
3537 2511 3693 2559 tanta

2091 2607 2253 2655 antea
2297 2597 2532 2666 dixerat,
2567 2613 2632 2653 ac
2673 2612 2894 2652 rursum
2941 2596 3189 2651 dicturus
3219 2601 3360 2658 erat,
3406 2601 3594 2649 tamen
3624 2592 3694 2648 de

2093 2689 2215 2743 istis
2261 2686 2501 2742 scribere
2542 2701 3010 2756 supervacaneum
3076 2684 3182 2739 sibi
3230 2698 3349 2738 esse
3395 2680 3550 2737 dicit.
3600 2682 3694 2736 Sa-

2095 2778 2306 2848 pienter
2349 2785 2535 2831 autem
2587 2774 2690 2831 hoc
2748 2774 2902 2843 facit,
2953 2782 3015 2829 ut
3059 2773 3238 2844 magis
3287 2786 3385 2827 eos
3433 2769 3693 2825 attrahat.

2093 2865 2380 2922 Pudefient
2407 2865 2588 2934 enim,
2620 2865 2666 2920 si
2694 2865 2892 2919 Paulus
2919 2865 3087 2920 talem
3120 2863 3190 2918 de
3219 2860 3348 2931 ipsis
3377 2859 3694 2931 opinionem

2098 2956 2321 3026 habeat,
2355 2953 2504 3027 quod
2529 2953 2764 3010 consilio
2804 2953 2940 3008 nihil
2993 2967 3130 3023 opus
3180 2950 3382 3006 habeat
3405 2948 3474 3004 ad
3504 2948 3588 3014 id,
3638 2957 3700 3004 ut

2097 3055 2417 3102 sanctorum
2483 3044 2833 3110 misereatur,
2888 3049 3078 3114 postea
3147 3048 3330 3096 autem
3388 3038 3694 3110 deprehen-

2099 3135 2300 3192 dantur
2335 3134 2593 3206 opinione
2631 3131 2944 3189 inferiores.

480 3234 510 3270 α
540 3199 811 3308 Οἶδαγξιρ
863 3209 971 3308 την.
999 3207 1318 3308 προθυμίαν-
1341 3213 1518 3308 ὑμῶν,
1558 3210 1622 3282 ἣν
1677 3209 1806 3291 ὑπὲρ
1840 3213 1986 3287 ὑμῶν

2170 3227 2342 3282 Vnus.
2372 3199 2429 3279 .2.
2476 3246 2502 3272 «ι
2533 3222 2672 3279 Νονί
2701 3222 2851 3278 enim
2890 3219 3386 3293 promptitudinem
3431 3225 3693 3283 vestram,

393 3305 685 3382 καυχῶμαι
749 3299 1095 3382 Μακεδόσιν,
1164 3298 1246 3358 ὅτι
1300 3299 1492 3379 Ἀχαΐα
1561 3299 1989 3380 παρεσκεύασται

394 3380 507 3449 duo
527 3380 738 3470 πέρυσι.
765 3417 791 3442 ι
819 3380 961 3450 Οἶδα
989 3390 1081 3448 καὶ
1111 3387 1296 3462 αὐτὸς,
1341 3389 1502 3470 φησὶ,
1551 3389 1647 3460 τὴν
1691 3389 1987 3469 προθυμίαν

394 3483 541 3556 ὑμῶν
565 3502 578 3516 °
607 3478 699 3538 καὶ
738 3483 798 3537 οὖ
843 3479 1001 3555 μόνον
1030 3483 1219 3556 τοῦτο,
1253 3478 1391 3538 ἀλλὰ
1419 3479 1512 3536 καὶ
1547 3478 1742 3560 ἑτέροις
1784 3482 1994 3560 καυχῶ-

395 3593 532 3644 μαι,
585 3567 666 3628 ὅτι
715 3571 903 3645 ἑτοίμη
950 3567 1062 3626 ἐστὶ
1115 3577 1264 3626 πᾶσα
1297 3572 1330 3640 ἡ
1383 3563 1601 3647 Ἀχαία,
1653 3570 1711 3627 οὗ
1767 3569 1900 3645 μόνη
1957 3574 1992 3640 ἡ

398 3659 689 3736 Κόρινθος⁶
739 3657 834 3717 καὶ
877 3658 1022 3718 οὐδὲν
1079 3656 1287 3735 λείπει,
1343 3661 1388 3716 εἰ
1430 3657 1505 3734 μὴ
1552 3657 1613 3716 τὸ
1661 3659 1826 3717 ἐλθεῖν
1877 3655 1995 3724 τοὺς

397 3746 699 3825 δεξομένους
725 3746 795 3806 τὰ
831 3747 1111 3826 χρήματα.
1142 3744 1322 3806 Ὥστε
1359 3745 1588 3826 αἰσχύνη
1618 3747 1709 3824 μοί
1739 3747 1788 3784 ³⁸
1817 3749 1989 3819 ἐστιν,

397 3839 443 3895 εί
479 3835 791 3918 φανήσομαι
821 3837 996 3913 μάτην
1021 3835 1110 3895 καὶ
1142 3836 1311 3912 ψευδῆ
1343 3837 1708 3916 καυχώμενος.

477 3954 502 3980 α
539 3926 652 3988 Καὶ
695 3929 724 3985 ὁ
757 3925 808 3994 ἐξ
838 3929 987 4002 ὑμῶν
1032 3929 1186 3996 ζῆλος
1226 3926 1441 4004 ἠρέθισε
1481 3924 1601 3991 τοὺς
1648 3924 1914 3992 πλείονας.
1959 3949 1986 3983 n

401 4016 511 4077 Καὶ
555 4015 662 4095 μὴν
691 4014 942 4097 ἀνωτέρω
994 4016 1170 4097 ἢεγεν
1191 4059 1207 4088 ,
1235 4013 1316 4073 ὅτι
1343 4040 1374 4072 α
1414 4014 1728 4096 Αὖθαίρετοι
1754 4015 1845 4076 καὶ
1876 4017 1994 4075 δεό-

401 4094 744 4183 μενοιγὴμῶν.
770 4127 800 4164 υ
835 4094 964 4171 Πῶς
995 4094 1083 4164 οὖν
1121 4128 1250 4185 φησι
1290 4109 1416 4180 νῦν,
1453 4105 1534 4164 ὅτι
1580 4094 1706 4185 αὉ
1755 4107 1806 4173 ἐξ
1844 4109 1992 4182 ὑμῶν

401 4197 554 4267 ζῆλος
591 4195 798 4277 ἠρέθισε
849 4193 969 4261 τοὺς
1015 4183 1298 4273 πλείοναςς
1331 4220 1356 4247 ι
1392 4197 1508 4254 Οὐκ
1547 4183 1667 4255 εἷπε
1721 4194 1808 4272 δὲ,
1847 4194 1995 4263 Τοὺς

401 4286 607 4353 πάντας
636 4285 806 4359 ἀλλὰ,
848 4305 879 4341 ιι
905 4283 1040 4351 Τοὺς
1072 4283 1343 4351 πλείονας,
1382 4311 1408 4338 ι
1445 4285 1514 4344 Οἱ
1556 4284 1651 4360 μὲν
1681 4282 1784 4363 γὰρ
1806 4284 1994 4343 αὐθαί-

403 4397 574 4453 ρετοι,
605 4375 699 4434 καὶ
747 4374 985 4450 δεόμενοι
1033 4376 1220 4451 ἡμῶν⁸
1253 4375 1301 4432 οἱ
1343 4371 1400 4432 δὲ
1447 4375 1506 4432 ἐκ
1534 4378 1630 4432 τοῦ
1681 4374 1810 4452 πρὸς
1858 4378 1995 4450 ὑμᾶς

402 4465 560 4538 ζήλου
614 4464 1000 4544 ἠρεθίσθησαν·
1031 4465 1078 4522 οἳ
1125 4466 1230 4544 γὰρ
1258 4463 1469 4530 πλείους
1498 4461 1717 4544 κέντρου
1763 4462 1986 4526 δέονται,

399 4552 474 4614 Ἥ
504 4553 626 4626 καὶ,
653 4553 735 4612 ὅτι
759 4557 839 4614 Οὐ
865 4552 1383 4627 συνεϐουλεύσαμεν,
1423 4555 1480 4610 οὐ
1507 4551 1956 4632 παρεκαλέσαμεν
1973 4599 1989 4628 ,

401 4643 538 4702 ἀλλὰ
571 4666 731 4720 μονον
771 4643 1107 4724 ἐπῃνέσαμεν
1138 4647 1302 4718 ὑμᾶς,
1333 4641 1426 4700 καὶ
1453 4648 1606 4701 τοῦτο
1635 4641 1858 4722 ἤρκεσεν
1890 4645 1989 4701 αὐ-

399 4741 507 4801 τοῖς
556 4737 628 4798 εἷς
675 4732 1000 4814 προτροπήν.
1045 4732 1245 4814 Ὁρᾷς,
1277 4735 1389 4798 πῶς
1427 4731 1699 4798 κάκείνους
1752 4731 1839 4789 διὰ
1866 4731 1994 4791 τού-

400 4847 540 4897 των,
589 4822 682 4881 καὶ
728 4825 943 4890 τούτους
986 4821 1052 4881 δι’
1097 4822 1308 4880 ἐεκίνων
1357 4820 1578 4900 ἐγείρει;
1631 4820 1991 4895 Διδάσκαλοι,

403 4914 603 4994 φησιν,
635 4912 850 4981 ἐκείνοις
898 4912 1158 4991 ἐγίνεσθε·
1213 4910 1288 4988 μὴ
1327 4901 1416 4969 οὖν
1448 4914 1648 4991 φανῆτε
1681 4914 1785 4970 τῶν
1826 4916 1994 4987 μαθη-

401 5006 505 5062 τῶν
541 5007 877 5084 ὑστεροῦντες
907 5005 954 5061 οἱ
983 5001 1316 5062 ὑιδάσκαλοι.

489 5115 518 5152 α
548 5091 818 5174 Ἐπεμψα
847 5092 902 5152 δὲ
927 5090 1050 5160 τοὺς
1101 5089 1390 5171 ἀδελφοὺς,
1415 5086 1504 5148 ἵνα
1541 5088 1615 5167 μὴ
1647 5089 1706 5148 τὸ
1737 5088 1999 5169 καύχημα

400 5188 554 5262 ἡμῶν
612 5185 674 5242 τὸ
723 5183 858 5262 ὑπὲρ
903 5184 1050 5259 ὑμῶν
1103 5185 1306 5261 κενωθῇ
1355 5184 1408 5239 ἐν
1454 5182 1530 5260 τῷ
1577 5179 1740 5262 ,μέρει
1786 5179 1996 5260 τούτῳ·

401 5260 491 5334 ἵνα
525 5272 722 5352 (καθὼς
773 5260 995 5351 ἔλεγον)
1027 5260 1520 5351 παρεσκευασμένοι
1570 5260 1683 5341 ἦτε.
1723 5296 1746 5320 ι
1775 5269 1998 5329 Ὡσανεὶ

404 5362 589 5424 ἑαυτὸν
633 5363 792 5444 μέρος
836 5367 944 5422 τῶν
1003 5361 1292 5440 Κορινθίων
1342 5366 1607 5433 ποιεῖται,
1657 5361 1750 5420 καὶ
1795 5361 1999 5441 ἀγωνιᾷ

405 5453 538 5532 ὑπὲρ
566 5454 775 5512 αὐτῶν·
822 5453 954 5534 φησὶ
983 5449 1122 5530 γὰρ,
1179 5449 1260 5509 ὅτι
1304 5448 1532 5521 Ἐπειδὴ
1583 5449 2000 5528 έκαυχησάμην,

405 5543 669 5622 ἐφοϐήθην
724 5540 801 5620 μὴ
841 5541 1238 5621 αἰσχυνθῶμεν·
1269 5538 1361 5597 καὶ
1392 5536 1481 5596 διὰ
1521 5541 1676 5597 τοῦτο
1729 5565 1754 5593 ι
1781 5537 1998 5620 ἔπεμψα

2099 3331 2208 3388 qua
2235 3314 2304 3371 de
2335 3313 2484 3368 vobis
2512 3312 2657 3384 apud
2691 3311 3019 3367 Macedones
3045 3310 3267 3383 glorior,
3299 3307 3447 3380 quod
3487 3306 3692 3363 Achaia

2100 3411 2288 3476 parata
2334 3411 2419 3458 est
2463 3417 2530 3456 ex
2567 3416 2716 3456 anno
2748 3399 3048 3471 superiore.
3103 3419 3130 3451 »
3191 3397 3350 3463 Novi,
3409 3395 3608 3468 inquit,
3641 3403 3696 3450 ct

2094 3493 2211 3565 ipse
2251 3491 2423 3548 animi
2453 3490 2618 3546 vestri
2647 3487 3140 3560 promptitudinem
3174 3504 3189 3542 :
3218 3501 3320 3541 nec
3357 3485 3464 3541 hoc
3490 3484 3693 3551 solum,

2096 3598 2288 3638 verum
2317 3582 2485 3636 etiam
2511 3579 2714 3652 glorior
2741 3577 2885 3649 apud
2908 3577 3066 3644 alios,
3093 3575 3243 3648 quod
3269 3583 3453 3646 parata
3483 3575 3556 3630 sit
3579 3582 3695 3629 tota

2099 3671 2325 3738 Achaia,
2382 3685 2493 3725 non
2564 3667 2682 3724 sola
2748 3664 3100 3723 Corinthus:
3167 3680 3344 3735 neque
3398 3663 3698 3734 quidquam

2096 3761 2271 3829 deest,
2301 3759 2408 3815 nisi
2436 3765 2497 3814 ut
2523 3756 2744 3813 veniant
2772 3756 2866 3826 qui
2897 3754 3158 3826 pecunias
3187 3752 3482 3823 accipiant.
3513 3753 3698 3820 Quare

2098 3849 2297 3923 pudori
2343 3847 2481 3904 mihi
2519 3854 2624 3913 est,
2655 3845 2702 3902 si
2735 3845 2918 3901 videar
2944 3842 3152 3900 frustra
3179 3851 3234 3896 et
3275 3841 3414 3897 falso
3457 3840 3698 3912 gloriari.

2173 3961 2201 3988 ι
2255 3941 2326 3994 Et
2376 3945 2553 3993 vestra
2609 3934 2891 3992 aemulatio
2947 3932 3265 4005 provocavit
3303 3930 3637 4000 complures.
3672 3952 3696 3978 n

2098 4028 2270 4100 Atqui
2311 4042 2477 4098 supra
2504 4025 2664 4093 dixit,
2693 4047 2718 4072 α
2747 4021 3054 4080 Voluntarii
3101 4028 3159 4076 et
3211 4028 3467 4093 rogantes
3494 4034 3635 4074 nos:
3675 4042 3698 4066 υ

2097 4117 2381 4190 quomodo
2421 4132 2552 4188 ergo
2599 4129 2747 4171 nunc
2774 4112 2928 4179 dicit,
2957 4135 2983 4161 ιι
3023 4110 3313 4166 Ᾰέωιιιδῐίο
3341 4117 3523 4165 vestra
3561 4109 3705 4164 inci-

2098 4209 2232 4263 tavit
2261 4207 2482 4278 plures?
2520 4229 2544 4255 »
2595 4207 2725 4260 Non
2775 4202 2944 4270 dixit,
2975 4203 3210 4266 Omnes,
3250 4199 3344 4256 sed
3377 4222 3400 4247 ιι
3431 4199 3641 4254 Plures.
3675 4219 3700 4246 n

2100 4296 2208 4352 Alii
2236 4311 2474 4368 namque
2499 4310 2599 4351 sua
2642 4301 2836 4364 sponte
2868 4300 2924 4347 et
2949 4297 3208 4364 rogantes
3253 4305 3356 4345 nos
3381 4289 3703 4344 contribue-

2100 4394 2250 4452 runt,
2299 4385 2391 4442 alii
2424 4392 2608 4441 autem
2648 4389 3018 4454 per‘vestram
3046 4379 3456 4435 azmulationem
3496 4377 3706 4433 incitati

2021 4440 2073 4503 Β
2103 4440 2276 4533 ευιιίε
2305 4440 2571 4546 siquidem
2599 4440 2785 4546 plures
2812 4479 2869 4527 et
2893 4469 3114 4526 stimulo
3141 4468 3402 4540 indigent.
3452 4467 3548 4522 Vel
3580 4467 3705 4537 quia

2103 4581 2214 4622 non
2241 4564 2643 4628 consuluimus,
2673 4577 2787 4617 non
2816 4557 3094 4616 adhortati
3124 4572 3338 4622 sumus,
3362 4554 3460 4609 sed
3489 4564 3702 4609 tantum

2101 4653 2446 4710 laudavimus
2495 4667 2613 4721 vos,
2671 4650 2838 4721 idque
2866 4649 2999 4705 satis
3023 4646 3126 4702 fuit
3163 4645 3239 4700 eis
3266 4644 3336 4700 ad
3377 4642 3707 4698 adhortatio-

2103 4759 2249 4798 nem.
2299 4740 2495 4798 Viden’
2544 4738 2830 4813 quomodo
2877 4745 2932 4793 et
2973 4736 3095 4792 illos
3166 4749 3264 4806 per
3329 4732 3433 4787 hos
3486 4732 3706 4799 excitet,

2104 4832 2313 4903 hosque
2340 4847 2436 4903 per
2461 4831 2628 4886 illos?
2670 4832 2960 4895 Doctores,
3006 4824 3204 4897 inquit,
3237 4823 3341 4878 illis
3371 4819 3498 4876 facti
3537 4820 3704 4876 estis:

2111 4937 2177 4977 ne
2206 4921 2369 4993 igitur
2386 4919 2670 4991 discipulis
2698 4916 2998 4973 videamini
3026 4912 3336 4980 inferiores,
3364 4927 3492 4968 cum
3513 4911 3708 4967 docto-

2110 5026 2198 5067 res
2230 5009 2384 5066 estis.

2179 5101 2364 5156 Vnns.
2398 5104 2450 5154 3.
2477 5121 2503 5147 α
2535 5097 2664 5154 Misi
2683 5103 2869 5152 autem
2897 5093 3107 5161 fratres,
3137 5109 3209 5150 ne
3231 5090 3378 5164 quod
3406 5089 3703 5163 gloriamur

2107 5189 2176 5246 de
2198 5189 2370 5257 vobis,
2400 5195 2693 5244 evacuetur
2721 5185 2777 5240 in
2803 5193 2954 5256 parte
2979 5183 3102 5249 hac,
3128 5190 3187 5238 ut
3208 5177 3704 5252 (quemadmodum

2106 5279 2236 5346 dixi)
2281 5277 2453 5349 parati
2500 5278 2639 5333 sitis.
2678 5298 2703 5324 ι
2745 5275 3001 5345 Seipsum
3045 5270 3212 5326 veluti
3251 5276 3462 5340 partem
3509 5267 3700 5323 Corin.

2109 5369 2360 5426 thiorum
2395 5366 2550 5434 facit,
2581 5373 2864 5437 certatque
2895 5378 2993 5434 pro
3041 5361 3194 5432 ipsis.
3228 5359 3318 5415 Ait
3343 5359 3497 5414 enim
3529 5355 3704 5426 :Quia

2109 5466 2401 5531 postquam
2431 5455 2594 5512 vestri
2637 5454 2868 5513 nomine
2910 5451 3179 5525 gloriatus
3225 5463 3373 5516 sum,
3429 5446 3611 5502 mutui
3642 5461 3711 5500 ne

2108 5547 2534 5620 pudefieremus,
2563 5553 2619 5603 et
2647 5553 2934 5617 propterea
2975 5565 3002 5591 ιι
3035 5539 3160 5597 misi
3211 5537 3434 5607 fratres,
3468 5553 3538 5593 ne
3573 5551 3704 5592 evo--

1806 5654 1994 5714 Variae
2038 5658 2342 5716 lectiones.

475 5761 515 5795 ⁸⁸
547 5759 791 5826 κληθῆναι
820 5773 874 5814 ο.
951 5755 996 5792 ³³
1021 5754 1152 5825 ἐρεῖν
1178 5769 1230 5812 0.
1309 5753 1354 5787 ³³
1382 5772 1430 5806 τι
1459 5769 1516 5810 o.
1592 5752 1637 5788 ⁸⁸
1667 5773 1764 5824 μου
1792 5769 1851 5811 0.
