4134 6422
441 407 534 461 891

1464 414 1975 473 THEOPHYLACTI
2016 419 2369 476 BULGARUE
2406 421 2721 478 ARCHIEP.

3639 435 3743 487 892

439 539 656 602 cuetur,
700 553 728 586 »
776 533 834 591 id
862 543 969 605 est,
997 536 1180 593 inanis
1217 546 1273 594 et
1317 555 1453 596 vana
1486 550 1744 613 arguatur
1783 543 2013 614 gloriatit

2143 545 2262 615 τοὺς
2285 547 2560 630 ἀδελφοὺς,
2591 547 2676 607 ἵνα
2706 549 2784 624 μὴ
2804 553 3025 630 κενωθῇ,
3059 576 3081 604 ιο
3114 553 3376 629 τουτέστι,
3404 553 3626 630 μάταιον
3653 556 3744 614 καὶ

439 637 565 678 mea
608 623 676 680 de
705 623 882 681 vobis.
930 627 1047 698 Ego
1084 628 1252 696 enim,
1306 629 1505 701 inquit,
1549 631 1616 688 de
1660 632 1814 688 vobis
1852 650 2036 705 super-

442 712 615 782 l.»iens,
640 713 785 786 apud
806 730 1002 772 omnes
1028 716 1323 788 gloriabar,
1343 729 1505 792 atque
1533 722 1700 776 etiam
1727 722 1870 794 apud
1889 724 2030 779 illos.

441 804 632 874 Itaque
669 802 713 858 si
749 802 1033 871 deficiatis,
1063 808 1376 864 communis
1412 817 1496 864 est
1539 810 1846 881 ignominia
1886 831 1899 868 :
1935 814 2032 870 sed

440 906 553 946 non
584 891 636 946 in
662 892 944 961 omnibus,
981 909 1172 950 verum
1202 895 1262 950 in
1292 895 1394 953 hac
1433 899 1547 954 sola
1593 908 1765 972 parte,
1798 900 1903 957 hoc
1927 911 2026 970 est,

439 995 510 1036 ne
536 980 816 1052 pudeﬁam
845 983 901 1037 in
933 981 1037 1039 hoc
1065 985 1182 1039 solo
1214 984 1283 1040 de
1310 987 1658 1061 eleemosyna
1683 1001 2028 1062 argumento,

437 1071 608 1142 290
627 1071 719 1127 sed
761 1072 932 1142 parati
958 1072 1099 1142 sitis,
1130 1075 1357 1145 perinde
1386 1093 1448 1132 ac
1475 1076 1585 1134 dixi
1612 1080 2028 1149 Macedonibus,

433 1159 582 1230 quod
612 1161 782 1231 parati
817 1161 932 1216 sint
963 1161 1022 1217 in
1049 1171 1164 1219 tota
1188 1165 1402 1222 Achaia
1429 1183 1642 1238 omnes,
1663 1183 1842 1243 neque
1867 1172 2029 1245 quid-

433 1263 599 1319 quam
629 1250 708 1306 eis
745 1251 920 1307 deest.

503 1433 687 1488 Vnus.
714 1437 768 1487 4.
805 1453 832 1481 οι
854 1435 937 1488 Ne
960 1449 1070 1506 quo
1090 1443 1274 1507 pacto,
1311 1436 1356 1492 si
1385 1438 1640 1496 venerint
1659 1456 1880 1498 mecum
1905 1445 2028 1499 Ma-

429 1520 689 1589 cedones,
713 1530 769 1578 et
787 1522 1098 1580 invenerint
1113 1540 1209 1581 vos
1229 1525 1544 1599 imparatos,
1568 1530 1908 1601 pudeﬁamus
1927 1550 2029 1590 nos

426 1613 516 1676 (ne
549 1609 824 1681 dicamus,
860 1613 976 1685 vos)
1005 1613 1066 1670 in
1093 1614 1197 1671 hac
1236 1616 1544 1674 substantia
1584 1620 1946 1691 gloriationis.
1993 1647 2020 1674 υ

426 1700 642 1754 Rursus
681 1701 738 1755 in
785 1701 981 1759 iisdem
1017 1713 1282 1776 versatur,
1328 1722 1391 1762 ac
1441 1716 1722 1766 certamen
1774 1711 2022 1781 intendit,

424 1787 493 1843 ab
519 1788 775 1846 humanis
802 1790 1101 1849 rationibus
1127 1795 1278 1866 ipsos
1305 1795 1616 1854 instituens.
1649 1800 1830 1872 Majus
1874 1802 2024 1859 enim

2142 636 2291 696 κενὸν
2321 639 2546 719 ἐλεγχθῇ
2569 667 2594 690 ιι
2621 639 2681 697 τὸ
2706 638 2961 718 καύχημά
2986 664 3086 717 μου
3115 642 3175 700 τὸ
3204 643 3336 723 ὑπὲρ
3365 647 3535 720 ὑμῶν.
3555 672 3578 696 υ
3595 646 3744 724 Ἐγὼ

2141 727 2272 806 γὰρ,
2328 729 2490 808 φησὶ,
2541 729 3003 804 καλλωπιζόμενος
3050 731 3132 810 ἐφ’
3163 734 3325 806 ὑμῖν,
3377 732 3526 813 παρὰ
3579 745 3742 793 πᾶσιν

2142 819 2527 898 έκαυχησάμην
2547 866 2561 892 ,
2617 817 2708 876 καὶ
2738 818 2864 900 παρ’
2898 818 3130 886 ἐκείνοις.
3166 819 3345 879 Ὥστε
3379 822 3471 880 ἐὰν
3517 825 3739 902 ὑστερή-

2140 929 2291 984 σητε,
2312 905 2459 978 κοινὴ
2477 912 2509 980 ἡ
2537 907 2766 986 αἰσχύνη
2785 931 2798 944 ·
2819 911 2876 966 οὐ
2903 914 3183 989 πανταχοῦ
3205 911 3280 984 δὲ,
3306 914 3426 970 ἀλλ’
3455 914 3734 992 «ἐντούτῳ

2139 1000 2214 1074 τῷ
2248 995 2396 1076 μέρει
2413 1017 2426 1032 ⁶
2453 998 2756 1056 »τουτέστιν
2777 995 2930 1068 ,Ἵνα
2953 998 3027 1076 μὴ
3051 1005 3426 1080 καταισχυνθῶ
3455 1005 3507 1060 ἐν
3525 1006 3590 1080 τῇ
3616 1003 3738 1082 περὶ

2138 1091 2232 1155 τῆς
2290 1086 2646 1163 ἐλεημοσύνης
2709 1086 2954 1146 ὑποθέσει
3020 1087 3189 1168 μόνῃ·
3241 1090 3380 1150 ἀλλὰ
3433 1115 3735 1170 παρεσκευ-

2139 1174 2358 1252 ασμένοι
2381 1167 2502 1250 ἦτε,
2532 1175 2706 1244 καθὼς
2738 1177 2920 1254 ἔλεγον
2951 1181 3059 1243 τοῖς
3095 1179 3406 1239 Μακεδόσιν
3434 1225 3450 1252 ,
3482 1179 3562 1238 ὅτι
3593 1182 3734 1240 €101-

2140 1265 2230 1340 μοί
2281 1265 2383 1324 εἶσι
2451 1270 2547 1338 τῆς
2613 1261 2832 1346 Ἀχαίας
2887 1265 3158 1340 ἅπαντες,
3217 1268 3308 1328 καὶ
3355 1269 3504 1328 οὐδὲν
3559 1273 3736 1337 αὐτοῖς

2135 1352 2329 1416 λείπει.

2220 1466 2251 1503 α
2286 1444 2382 1516 Μή
2413 1469 2524 1513 πως
2546 1445 2636 1504 ἐὰν
2667 1443 2862 1504 ἔλθωσι
2884 1445 2978 1505 σὺν
3008 1445 3126 1525 ἐμοὶ
3162 1449 3496 1524 Μακεδόνες,
3524 1449 3617 1508 καὶ
3649 1451 3738 1508 εὖ·

2137 1556 2298 1613 ρωσιν
2327 1538 2464 1609 ὑμᾶς
2493 1535 3004 1616 ἀπαρασκευάστους
3059 1541 3539 1614 καταισχυνθῶμεν
3583 1543 3737 1615 ἡμεῖς

2139 1620 2254 1702 (ἵνα
2303 1623 2378 1698 μὴ
2445 1625 2723 1703 λέγωμεν,
2781 1627 2962 1702 ὑμεῖς)
3018 1626 3070 1682 ἐν
3118 1625 3289 1705 ταύτῃ
3332 1631 3396 1705 τῇ
3446 1628 3738 1687 ὑποστάσει

2135 1715 2231 1783 τῆς
2261 1713 2598 1793 καυχήσεως.
2628 1741 2652 1767 ιο
2683 1713 2862 1773 Πάλιν
2885 1713 3007 1794 περὶ
3037 1712 3105 1771 τὰ
3135 1713 3272 1774 αὐτᾶ
3303 1714 3617 1796 στρέφεται,
3647 1718 3738 1776 καὶ

2136 1801 2381 1861 ἐπιτείνει
2432 1803 2531 1875 τὴν
2580 1804 2848 1881 ἀγωνίαν,
2903 1803 3008 1862 ἀπὸ
3069 1804 3414 1884 ἀνθρωπίνων
3462 1809 3737 1885 λογισμῶν

423 1876 663 1934 dedecus
691 1887 795 1948 est,
825 1897 959 1937 cum
997 1883 1123 1954 quis
1147 1885 1294 1956 apud
1322 1885 1530 1943 alienas
1558 1903 1817 1959 personas
1846 1890 2013 1962 pude-

2135 1891 2346 1972 ἀνάγων
2375 1893 2395 1970 [
2490 1873 2682 1973 -ἐνάγ.]
2732 1873 2938 1960 αὐτδύς.
2990 1873 3200 1963 Μείζων
3231 1893 3337 1975 γὰρ
3377 1901 3410 1968 ἡ
3472 1873 3697 1974 ἐντροπὴ
3718 1942 3735 1971 ,

421 1966 533 2020 iiat.
563 1967 837 2034 Forsitan,
867 1969 1072 2043 inquit,
1105 1974 1242 2029 mihi
1273 1975 1553 2032 conﬁditis
1581 1993 1682 2034 ceu
1719 1979 2023 2050 ignoscenti

421 2055 614 2112 vobis:
638 2059 851 2114 atenim
879 2060 1205 2118 Macedonas
1234 2063 1420 2120 animo
1452 2065 1679 2134 volvite,
1712 2069 1807 2139 qui
1834 2067 2022 2126 forsan

421 2160 639 2201 mecum
666 2148 892 2203 venient
931 2166 945 2202 :
987 2150 1280 2207 verisimile
1324 2161 1408 2208 est
1459 2154 1614 2210 enim
1669 2157 1796 2214 hoc.
1847 2161 1917 2214 Et
1977 2160 2020 2216 si

422 2233 732 2290 invenerint
777 2251 906 2305 vos,
958 2253 1072 2294 non
1121 2239 1289 2307 dixit,
1370 2242 1633 2299 Nolentes
1702 2244 1867 2315 dare,
1925 2249 2019 2305 sed

425 2341 452 2375 «
494 2326 822 2395 Imparatos.
851 2348 876 2374 ιο
907 2327 961 2382 Si
986 2328 1136 2385 enim
1169 2346 1282 2385 non
1312 2341 1570 2402 paratum
1592 2350 1731 2404 esse,
1763 2346 1860 2393 aut
1878 2340 2018 2395 cele-

419 2413 555 2469 riter
599 2429 710 2470 non
755 2416 1105 2474 contribuere
1151 2418 1388 2477 dedecus
1432 2431 1536 2490 est,
1590 2433 1799 2497 quanto
1843 2429 2017 2500 magis

418 2501 551 2558 nihil
587 2504 815 2561 omnino
852 2507 1218 2576 contribuere,
1252 2511 1331 2566 vel
1360 2512 1544 2569 minus
1569 2531 1735 2586 quam
1768 2532 1865 2588 par
1889 2519 2015 2573 sit?

415 2591 656 2664 Corrigit
693 2603 878 2651 autem
905 2611 1248 2667 sermonem,
1286 2599 1496 2670 dicens,
1531 2605 1644 2659 Nos
1676 2606 2016 2676 pudeﬁemus

413 2688 504 2749 (ne
531 2681 733 2751 dicam,
766 2688 884 2751 vos)
910 2686 972 2741 in
1001 2685 1106 2744 hac
1138 2688 1444 2746 substantia
1473 2692 1825 2762 gloriationis
1853 2715 1866 2751 :
1910 2696 2014 2752 hoc

418 2777 522 2836 est,
555 2786 671 2826 non
701 2773 806 2829 alia
833 2773 892 2829 in
924 2790 984 2830 re
1014 2775 1380 2847 pudeﬁemus,
1415 2789 1785 2854 praeterquam
1814 2784 1872 2839 in
1896 2786 2012 2841 sola

417 2858 486 2914 de
527 2859 872 2934 eleemosyna
917 2866 1258 2936 gloriatione,
1292 2884 1424 2924 cum
1466 2879 1664 2926 cmtera
1699 2881 1881 2929 vestra
1922 2892 2013 2931 re-

416 2946 841 3019 prehensionem
863 2968 977 3008 non
1003 2953 1321 3011 admittant.
1353 2960 1471 3014 Hoc
1499 2967 1687 3016 autem
1716 2960 1873 3032 dicit,
1899 2981 2012 3020 non

415 3044 475 3092 ut
511 3036 590 3094 eis
616 3037 894 3110 aduletur,
926 3043 1018 3098 sed
1063 3045 1243 3114 potius
1273 3054 1335 3102 ut
1362 3048 1664 3117 paratiores
1701 3051 1914 3122 reddat,
1941 3071 2011 3110 nc

2132 1980 2258 2039 ὅταν
2321 1983 2408 2041 ἐπὶ
2464 1982 2754 2063 ἀλλοτρίων
2809 1982 3112 2064 προσώπων
3163 1984 3578 2064 καταισχύνεταί
3629 2010 3730 2053 τις.

2129 2071 2292 2141 Ἴσως
2323 2071 2458 2150 γὰρ,
2481 2073 2674 2153 φησὶν,
2712 2073 2832 2151 ἐμοὶ
2858 2074 3136 2154 θαῤῥεῖτε,
3165 2076 3236 2141 ὡς
3267 2075 3684 2154 συγγινώσκοντι
3714 2100 3728 2113 ·

2133 2161 2269 2220 ἀλλὰ
2323 2163 2639 2230 Μακεδόνας
2685 2165 2941 2237 ἐννοεῖτε,
2978 2162 3028 2220 οἳ
3082 2163 3241 2243 τυχὸν
3293 2165 3596 2224 ἐλεύσονται
3643 2166 3738 2226 σὺν

2129 2251 2248 2326 ἐμοὶ
2273 2252 2432 2330 (εἰκὸς
2459 2252 2564 2332 γάρ
2594 2255 2707 2312 ἐστι
2737 2255 2946 2331 τοῦτο),
2984 2274 3012 2310 (ι
3031 2253 3123 2312 καὶ
3153 2253 3246 2312 ἐὰν
3271 2253 3497 2334 εὕρωσιν
3525 2259 3681 2331 ὑμᾶς,
3713 2282 3738 2308 ιο

2127 2342 2222 2400 οὐκ
2251 2331 2417 2416 εἶπεν,
2469 2331 2550 2400 δτι
2600 2342 2676 2417 μὴ
2727 2343 2975 2409 θέλοντας
3014 2345 3228 2418 δοῦναι,
3261 2331 3416 2418 ἀλλ’,
3454 2366 3482 2400 (ι
3532 2347 3738 2426 ἀπαρα-

2127 2431 2468 2494 σκευάστους.
2503 2455 2532 2488 ι»
2581 2433 2649 2492 Ei
2671 2431 2772 2513 γὰρ
2801 2432 2861 2491 τὸ
2893 2432 2967 2508 μὴ
3000 2432 3547 2511 παρασκευάσασθαι,
3599 2435 3735 2512 μηδὲ

2124 2519 2334 2600 ταχέως
2379 2522 2693 2600 εἰσενεγκεῖν
2712 2567 2730 2594 ,
2763 2520 2991 2602 αἰσχύνη
3016 2545 3029 2559 ο
3052 2524 3237 2601 πολλῷ
3280 2524 3484 2599 μᾶλλον
3513 2523 3574 2581 τὸ
3625 2549 3734 2600 μη-

2124 2609 2209 2668 δὲν
2239 2609 2373 2677 ὅλως
2396 2613 2708 2689 εἰσενεγκεῖν
2727 2659 2742 2684 ,
2772 2611 2806 2684 ἢ
2853 2611 3070 2670 ἔλαττον
3101 2616 3195 2670 τοῦ
3223 2611 3447 2679 δέοντος.
3499 2613 3732 2681 Κολάζει

2124 2698 2180 2758 δὲ
2211 2701 2297 2758 τὸν
2324 2701 2506 2778 λόγον,
2552 2701 2757 2780 λέγων,
2795 2699 2876 2759 ὅτι
2916 2699 3112 2778 ⁶Ημεῖς
3145 2702 3726 2781 καταισχυνθησόμεθα

2124 2787 2234 2867 (ἵνα
2265 2789 2339 2866 μὴ
2370 2791 2541 2868 λέγω,
2567 2787 2646 2848 δτι
2677 2793 2843 2868 ὑμεῖς)
2881 2818 2904 2842 σι
2939 2793 2992 2848 ἐν
3025 2796 3091 2871 τῇ
3129 2791 3418 2850 ὑποστάσει
3445 2791 3613 2870 ταύτῃ
3637 2797 3733 2864 τῆς

2123 2877 2436 2957 καυχήσεως
2450 2903 2463 2916 ο
2486 2900 2515 2936 n
2543 2879 2816 2938 τουτέστιν
2835 2929 2848 2950 ,
2874 2881 2991 2939 Οὐκ
3012 2882 3251 2960 ἀλλαχοῦ
3271 2880 3731 2960 καταισχυνθησόσ

2124 2973 2288 3043 μεθα,
2320 2969 2441 3026 ἀλλ’
2465 2971 2519 3026 ἐν
2565 2968 2700 3048 μόνῃ
2747 2968 2968 3049 [ταύτῃ]
3098 2970 3336 3050 περὶτῆς
3370 2969 3732 3044 ἐλεημοσύηνς

2121 3058 2387 3137 καυχήσει
2407 3101 2422 3131 ,
2449 3060 2521 3127 ὥς
2542 3058 2610 3116 τά
2625 3082 2683 3136 γε
2717 3059 2856 3117 ἄλλα
2888 3063 3037 3136 ὑμῶν
3071 3059 3432 3132 ἀνεπίληπτα.
3471 3063 3647 3120 Τοῦτο
3674 3060 3730 3119 δὲ

415 3125 474 3182 in
521 3126 642 3182 aliis
689 3129 932 3200 probati,
986 3131 1040 3187 in
1081 3132 1186 3188 hoc
1215 3149 1327 3190 non
1370 3135 1718 3195 inveniantur
1755 3141 2006 3213 probati,

2124 3125 2300 3229 λέγει,
2343 3151 2402 3208 οὐ
2444 3125 2752 3208 κολακεύων
2781 3148 2969 3217 αὐτοὺς
2998 3150 3084 3224 ³⁵,
3121 3150 3259 3210 ἀλλὰ
3293 3153 3496 3228 μᾶλλον
3529 3156 3727 3228 προθυ-

417 3215 631 3288 sibique
674 3217 806 3289 ipsis
860 3219 1166 3278 inferiores.
1219 3225 1362 3280 Cum
1411 3242 1543 3282 vero
1572 3229 1678 3296 ait,
1714 3246 1784 3286 ne
1829 3231 2009 3290 dicam

416 3319 536 3371 vos,
557 3307 800 3362 ostendit
819 3309 966 3380 quod
989 3311 1094 3383 ipsi
1122 3313 1388 3385 majorem
1405 3316 1771 3387 ignominiam
1787 3323 2012 3379 relaturi

414 3401 594 3451 erant.
647 3398 788 3452 Nam
837 3398 1084 3470 ipsorum
1136 3411 1253 3459 erat
1306 3404 1587 3463 delictum.
1635 3409 2010 3469 Substantiam

415 3491 604 3540 autem
639 3485 968 3558 subjectum,
1010 3491 1094 3548 vel
1145 3507 1264 3549 rem
1292 3494 1490 3567 ipsam,
1538 3499 1620 3554 vel
1671 3500 2015 3572 gloriationis

415 3573 711 3632 essentiam
735 3575 994 3652 intellige.

489 3855 658 3911 Vnus.
713 3861 767 3913 5.
805 3879 830 3905 «
866 3859 1245 3918 Necessarium
1289 3879 1422 3936 ergo
1463 3867 1778 3924 existimavi
1820 3886 2012 3944 rogare

411 3939 626 4011 fratres,
655 3952 716 4000 ut
757 3949 1102 4018 prmveniant
1147 3950 1218 4007 ad
1247 3969 1364 4021 vos,
1409 3962 1462 4010 et
1488 3967 1796 4028 praeparent
1824 3939 2010 4032 repro-

408 4032 643 4088 missam
667 4034 1106 4094 benedictionem
1133 4038 1277 4096 hanc
1302 4051 1558 4112 paratum
1582 4061 1700 4102 esse
1723 4049 1829 4118 sic,
1855 4053 2010 4121 quasi

407 4119 868 4191 benedictionem,
898 4142 1008 4181 non
1047 4135 1318 4199 tanquam
1346 4133 1650 4190 avaritiam.
1709 4161 1737 4188 π
1766 4140 1848 4193 Ne
1870 4119 2014 4195 con-

402 4211 572 4264 traria
607 4211 790 4266 dicere
825 4211 1091 4282 videatur,
1124 4233 1255 4274 cum
1283 4235 1450 4291 supra
1479 4222 1715 4293 dixerat,
1747 4249 1770 4274 ur
1805 4228 2004 4299 Super-

409 4313 708 4354 vacaneum
735 4307 818 4355 est
848 4301 985 4357 mihi
1014 4305 1273 4375 scribere,
1316 4327 1346 4360 »
1387 4325 1533 4366 nunc
1600 4322 1783 4370 autem
1828 4317 2008 4374 denuo

406 4386 476 4442 de
511 4387 705 4444 iisdem
750 4387 991 4461 disserit,
1033 4393 1149 4464 jam
1177 4395 1249 4451 de
1280 4396 1601 4457 liberalitate
1629 4412 1684 4459 et
1721 4403 1791 4460 de
1843 4421 2006 4477 opere

2125 3237 2376 3317 μοτέρους
2418 3242 2615 3311 ποιῶν,
2649 3239 2736 3297 ἵνα
2794 3241 2848 3297 ἐν
2895 3247 3002 3307 τοῖς
3057 3239 3236 3306 ἄλλοις
3291 3242 3720 3317 εὐδοκιμοῦντες,

2125 3327 2216 3386 καὶ
2265 3329 2317 3384 ἐν
2381 3325 2554 3410 τούτῳ
2613 3328 2690 3405 μὴ
2743 3332 3022 3409 εὑρεθῶσιν
3077 3329 3322 3406 ἀδόκιμοι
3373 3331 3465 3388 καὶ
3525 3333 3725 3387 ἑαυτῶν

2126 3417 2390 3486 ἐλάττους.
2427 3417 2529 3478 Διὰ
2559 3419 2614 3478 δὲ
2645 3426 2736 3480 τοῦ
2766 3422 2962 3491 εἰπεῖν,
2985 3418 3106 3480 Ἵνα
3136 3419 3210 3497 μὴ
3244 3421 3381 3498 λέγω
3403 3463 3418 3489 ,
3448 3419 3528 3477 ὅτι
3558 3419 3726 3495 ὑμεῖς,

2124 3507 2382 3567 δείκνυσιν
2438 3506 2518 3566 ὅτι
2563 3512 2764 3585 μᾶλλον
2811 3510 2959 3568 αὐτοὶ
3008 3511 3591 3590 καταισχυνθήσονται’
3622 3509 3724 3566 αὐ-

2123 3599 2228 3655 τῶν
2253 3596 2356 3679 γὰρ
2386 3597 2446 3657 τὸ
2468 3598 2792 3678 ἁμάρτημα.
2858 3597 3192 3658 Ὑπόστασιν
3216 3599 3270 3657 δὲ
3307 3595 3406 3671 τὴν
3447 3597 3722 3662 ὑπόθεσιν,

2123 3685 2216 3745 καὶ
2246 3687 2376 3746 αὐτὸ
2403 3686 2463 3747 τὸ
2491 3697 2752 3769 πρᾶγμα,
2783 3687 2902 3762 ἤτοι
2932 3687 3025 3760 τὴν
3051 3687 3233 3748 οὐσίαν
3265 3690 3360 3760 τῆς
3409 3686 3725 3767 καυχήσεως

2121 3774 2253 3837 νόει.

2284 3865 2302 3889 9
2519 3875 2540 3885 -
2673 3861 2705 3891 τ
2782 3871 2800 3893 ρ
2937 3867 2952 3890 I
3339 3867 3399 3925 λι
3526 3865 3577 3904 ³ο
3639 3863 3722 3922 ΟΧ.

2209 3888 2238 3924 α
2296 3870 2598 3946 Αναγκαιον
2645 3891 2734 3926 ουν
2773 3891 3064 3946 ηγησαμην
3113 3890 3335 3946 παρακα
3376 3890 3494 3926 εσαι
3607 3889 3636 3922 τ
3670 3889 3722 3931 υ,

2123 3954 2411 4036 ἀδελφοὺς,
2439 3956 2526 4014 ἵνα
2568 3955 2894 4035 προέλθωσιν
2931 3959 3002 4025 εἷς
3031 3959 3200 4034 ὑμᾶς,
3247 3959 3338 4015 καὶ
3368 3978 3720 4035 προσκαταρ-

2119 4043 2309 4103 τίσωσι
2339 4046 2528 4125 [vulg.
2559 4045 2761 4126 προκ.]
2796 4046 2893 4117 τὴν
2933 4045 3438 4126 προεπηγγελμένην
3480 4044 3720 4122 εὐλογίαν

2121 4137 2304 4208 ὑμῶν,
2329 4132 2528 4205 ταύτην
2577 4123 2713 4192 εἶναι
2759 4136 2974 4212 ἑτοίμην
3007 4134 3174 4202 οὕτως
3207 4139 3277 4202 ὡς
3321 4134 3594 4212 εὐλογίαν,
3629 4134 3718 4192 καὶ

2123 4223 2198 4299 μὴ
2241 4224 2312 4291 ὡς
2341 4222 2669 4291 πλεονεξίαν.
2697 4247 2726 4282 ιι
2772 4221 2896 4286 Ἵνα
2947 4224 3022 4302 μὴ
3060 4225 3180 4305 δόξῃ
3212 4225 3714 4301 ἔναντιολογεῖσθαι,

2121 4311 2231 4370 ἄνω
2262 4313 2357 4390 μὲν
2390 4310 2551 4370 εἰπὼν
2574 4359 2591 4390 ,
2617 4312 2697 4372 ὅτι
2742 4341 2768 4366 α
2803 4313 3058 4392 Περιττόν
3086 4340 3177 4392 μοι
3206 4321 3452 4395 γράφειν,
3479 4336 3507 4370 ι)
3539 4319 3628 4371 νῦν
3661 4312 3714 4370 δὲ

2118 4401 2279 4460 πάλιν
2321 4401 2442 4482 περὶ
2487 4402 2684 4461 τούτων
2719 4403 3116 4483 διαλεγόμενος,
3170 4411 3257 4463 νῦν
3289 4402 3410 4482 περὶ
3443 4401 3717 4483 δαψιλείας

408 4491 537 4530 cum
581 4477 862 4535 alacritate
891 4482 1222 4551 perﬁciendo
1260 4486 1424 4542 verba
1471 4486 1616 4558 facit,
1667 4500 1833 4564 atque
1871 4494 2003 4551 hac-

2124 4477 2453 4569 Stuls'ynui,
2502 4491 2592 4550 xui
2632 4497 2724 4551 τοῦ
2757 4477 2894 4570 μετά
2937 4477 3235 4574 προθυμίας
3274 4477 3495 4562 ποιῗσαι
3526 4477 3598 4550 ’τὸ
3631 4489 3710 4570 ἔρ-

407 4574 630 4638 pr0pter
666 4583 726 4625 se
765 4568 965 4626 fratres
993 4571 1209 4629 misisse
1234 4575 1330 4631 ait.
1367 4580 1625 4635 Duorum
1655 4591 1837 4638 autem
1864 4585 2005 4642 inter

405 4669 464 4710 se
493 4659 852 4728 pugnantium
892 4659 1214 4731 admonens,
1247 4680 1448 4737 nempe
1476 4676 1538 4724 ut
1580 4671 1757 4742 ample
1789 4681 1843 4728 et
1873 4691 2000 4731 cum

407 4744 684 4802 alacritate
705 4748 1023 4819 largiantur,
1046 4759 1345 4826 utrumque
1365 4757 1764 4828 sapientissime
1802 4779 1998 4836 aggre-

405 4833 573 4888 ditur.
619 4837 760 4890 Nam
809 4837 954 4908 prius
991 4839 1059 4895 de
1107 4842 1386 4900 alacritate
1427 4848 1481 4900 in
1525 4848 1708 4905 dando
1749 4833 1995 4923 disserit,

405 4923 602 4979 deinde
649 4924 717 4980 de
763 4925 933 4982 altero
969 4929 1166 5000 capite.
1199 4933 1294 4986 Ait
1339 4934 1542 5008 itaque,
1576 4940 1890 4998 Benedictio
1915 4953 2000 4998 est

401 5012 458 5067 id
484 5012 632 5084 quod
659 5013 820 5070 datur
851 5034 863 5070 :
895 5032 1059 5073 nemo
1082 5028 1269 5076 autem
1296 5025 1388 5094 qui
1415 5025 1855 5086 benedictionem
1881 5032 1996 5100 dat,

400 5105 781 5160 contristatur.
814 5107 988 5162 Porro
1019 5107 1260 5165 fructum
1289 5114 1474 5168 statim
1519 5117 1646 5173 inde
1679 5122 1996 5190 germinan-

401 5199 515 5246 tem
562 5194 826 5262 ostendit,
876 5211 1080 5269 eosque
1126 5201 1219 5270 qui
1261 5201 1566 5275 largiuntur
1615 5206 1999 5267 benedictione

402 5279 662 5352 repletos.
713 5286 903 5357 Neque
933 5286 1039 5342 hoc
1063 5288 1138 5343 illi
1171 5291 1302 5347 satis
1330 5292 1456 5361 fuit,
1488 5294 1584 5351 sed
1610 5297 1842 5362 addidit,
1872 5324 1896 5348 α
1932 5304 2001 5354 Et

413 5385 528 5424 non
565 5379 829 5444 tanquam
865 5377 1169 5433 avaritiam.
1205 5398 1235 5432 ι)
1266 5382 1450 5437 Nolite
1485 5385 1632 5440 enim
1668 5387 1999 5455 existimare,

410 5457 611 5530 inquit,
669 5462 820 5533 quod
869 5465 991 5533 ista,
1039 5483 1140 5522 ceu
1177 5484 1275 5525 vos
1303 5469 1640 5543 fraudantes,
1678 5477 1999 5549 accipimus;

2216 4579 2636 4638 "8""
2791 4583 2803 4602 '
3099 4579 3714 4639 ὶ-“’“λἘἶ”

2112 4603 2203 4656 γον
2272 4603 2362 4638 και
2447 4605 2498 4640 ια
2539 4605 2707 4640 ταυτα
2736 4584 2946 4662 πεμψαι
2990 4606 3096 4663 φησ
3164 4607 3282 4648 τους
3314 4599 3405 4639 αοε
3445 4603 3588 4661 φους.
3693 4621 3713 4644 κ

2113 4669 2202 4727 δύο
2250 4668 2305 4727 δὲ
2334 4671 2543 4728 ἐναντία
2598 4670 2912 4751 προτρέπων
2931 4717 2945 4744 ,
2999 4670 3058 4731 τό
3084 4695 3141 4730 τε
3173 4671 3463 4751 φιλοτίμως
3494 4670 3702 4742 δοῦναι,

2111 4756 2201 4815 xui
2228 4757 2290 4816 τὸ
2346 4759 2481 4836 μετὰ
2514 4761 2840 4836 προθυμίας,
2889 4759 3174 4842 σοφώτατα
3223 4759 3500 4839 ἀμφότερα
3547 4781 3708 4834 μετα-

2107 4847 2417 4928 χειρίζεται.
2481 4850 2770 4931 Πρότερονγ
2804 4849 2907 4930 γὰρ
2941 4850 3063 4931 περὶ
3095 4858 3188 4910 τοῦ
3221 4849 3358 4926 μετὰ
3413 4847 3711 4928 προθυμίας

2110 4939 2288 4994 δοῦναι
2346 4937 2684 5016 διαλέγεται,
2736 4930 2848 4997 εἶτα
2883 4939 2973 4997 xui
3019 4930 3148 5019 περὶ
3200 4945 3291 4997 τοῦ
3336 4936 3513 5019 ἑτέρου
3544 4960 3707 5016 κεφα-

2109 5025 2285 5086 λαίου.
2312 5026 2492 5098 Φησὶν
2515 5018 2626 5096 οὖν,
2653 5027 2733 5088 ὅτι
2759 5027 2970 5106 εὐλογία
2992 5027 3105 5087 ἐστὶ
3124 5028 3185 5087 τὸ
3214 5027 3513 5104 διδόμενον*
3541 5024 3709 5090 οὐδεὶς

2109 5112 2164 5172 δὲ
2193 5116 2432 5195 εὐλογίαν
2450 5117 2503 5154 ³7
2557 5115 2726 5183 διδοὺς
2773 5117 3038 5176 λυπεῖται.
3086 5117 3334 5176 Δείκνυσι
3377 5116 3432 5175 δὲ
3490 5115 3582 5176 καὶ
3622 5114 3708 5172 τὸν

2109 5203 2315 5284 καρπὸν
2365 5204 2512 5273 εὐθὺς
2571 5208 2793 5266 ἐνταῦθα
2856 5206 3260 5285 βλαστάνοντα,
3305 5206 3397 5264 καὶ
3467 5202 3708 5280 εὐλογίας

2110 5295 2563 5375 πεπληρωμένους
2621 5296 2740 5363 τοὺς
2791 5296 3140 5378 παρέχοντας.
3206 5295 3317 5357 Kui
3366 5293 3486 5354 οὐδὲ
3536 5294 3706 5371 τούτῳ

2109 5383 2343 5461 ἠρκέσθη
2363 5430 2380 5462 ,
2415 5385 2553 5443 ἀλλὰ
2578 5387 2874 5464 προσέθηκε
2891 5410 2905 5424 ’
2933 5409 2964 5441 α
2991 5386 3100 5445 Καὶ
3127 5385 3202 5465 μὴ
3228 5388 3299 5452 ὡς
3316 5381 3639 5451 πλεονεξίαν.
3671 5405 3700 5436 »

2112 5471 2208 5544 Μὴ
2250 5473 2355 5554 γὰρ
2406 5475 2692 5554 νομίσητε,
2748 5477 2943 5556 φησὶν,
2993 5473 3074 5534 ὅτι
3125 5480 3198 5543 ὡς
3267 5476 3705 5536 πλεονεκτοῦντες

1805 5630 1992 5690 Variae
2035 5632 2338 5695 lectiones.
2363 5640 2366 5642 ⁷

470 5707 512 5738 δῦ
551 5710 766 5772 ἐκείνους
794 5728 848 5767 0.
926 5713 972 5748 ³⁸
999 5719 1275 5788 προπέμψαι
1305 5737 1357 5778 0-
1437 5724 1478 5758 ³⁷
1509 5725 1728 5797 εὐλόγως
1769 5743 1820 5782 θ’
