4134 6412
331 411 439 464 893

1193 406 1545 464 EXPOSITIO
1587 409 1654 463 IN
1693 408 1901 464 EPIST.
1947 409 1986 464 ll
2027 409 2117 463 AD
2159 407 2315 463 COR.
2359 435 2428 448 —
2466 407 2618 462 CAP.
2663 407 2749 461 IX.

3535 410 3643 462 894

330 537 472 610 ὑμᾶς
500 537 672 593 ταῦτα
714 534 1096 612 λαμϐάνομεν,
1152 534 1268 594 ἀλλ’
1295 537 1366 601 ὣς
1396 533 1632 602 θέλοντες
1680 535 1804 610 ὑμῖν
1845 534 1931 592 εὐ-

2046 532 2142 590 sed
2195 532 2636 590 benedictionem
2687 530 2844 587 vobis
2892 530 3182 586 conciliare
3230 530 3491 588 volentes.
3547 531 3643 586 Ille

330 623 516 703 λογίαν
565 625 906 705 προξενῆσαι.
940 621 1114 684 Ὥστε
1149 627 1179 684 6
1228 622 1398 692 διδοὺς
1453 623 1596 683 ἄκων
1640 623 1939 701 ἐλεημοσύ-

332 739 426 787 νην
448 715 644 774 ὡσανεὶ
672 715 1087 774 πλεονεκτεῖται.

417 827 448 860 α
478 805 656 865 Τοῦτο
723 802 805 876 δὲ,
869 805 897 861 6
927 802 1159 884 σπείρων
1211 803 1566 884 φειδομένως,
1617 801 1939 882 φειδομένως

332 893 424 952 καὶ
449 893 676 972 θερίσει·
713 893 805 952 καὶ
854 897 883 953 6
921 895 1152 975 σπείρων
1187 895 1272 952 ἐπ’
1319 892 1614 972 εὐλογίαις,
1649 891 1732 950 ἐπ’
1785 894 1936 952 εὐλο-

331 982 470 1063 γίαις
517 982 610 1042 καὶ
653 982 862 1064 θερίσει.
903 1005 933 1042 ε
981 983 1112 1044 Ἐπὶ
1162 982 1223 1041 τὸ
1270 982 1447 1062 ἕτερον
1495 981 1784 1063 κεφάλαιον
1840 1005 1936 1058 με·

331 1071 602 1143 ταϐαίνει,
661 1073 721 1133 τὸ
777 1073 900 1151 περὶ
959 1079 1052 1132 103
1082 1070 1218 1150 μετὰ
1268 1071 1544 1151 δαψιλείας
1581 1073 1786 1145 δοῦναι,
1845 1070 1938 1129 καί

332 1185 532 1244 φησιν,
565 1160 645 1221 ὅτι
689 1162 798 1223 Καὶ
828 1167 983 1222 τοῦτο
1029 1163 1170 1240 λέγω
1215 1161 1345 1242 πρὸς
1364 1152 1462 1244 ὀἷς
1510 1151 1686 1234 εἶπον,
1739 1159 1820 1219 ὅτι
1878 1163 1936 1219 οὐ

332 1241 599 1334 (ρειδωλῶς
649 1252 725 1312 δεῖ
781 1251 1005 1312 διδόναι.
1047 1251 1154 1310 Καὶ
1213 1252 1310 1309 οὐκ
1343 1241 1496 1329 εἶπε,
1557 1251 1935 1329 Μικρολόγως,

335 1341 456 1400 ἀλλ’
489 1341 843 1422 εὐφημότερον
864 1387 879 1414 ,
906 1340 966 1400 τὸ
1002 1343 1097 1412 τῆς
1123 1343 1333 1422 φειδοῦς
1362 1339 1529 1417 ὄνομα
1569 1339 1790 1400 τέθεικε.
1828 1339 1937 1399 Καὶ

335 1430 532 1511 σπόρον
586 1432 647 1490 τὸ
689 1441 916 1512 πρᾶγμα
967 1430 1244 1503 ἐκάλεσεν,
1296 1428 1386 1488 ἵνα
1439 1428 1623 1497 εὐθέως
1663 1428 1794 1510 πρὸς
1840 1427 1934 1500 τὴν

336 1519 603 1580 ἀντίδοσιν
651 1521 849 1600 βλέψῃς
871 1569 884 1592 ,
919 1519 1012 1580 καὶ
1058 1519 1230 1599 μάθῃς
1259 1517 1339 1578 ὅτι
1392 1519 1611 1578 πλείονα
1644 1517 1937 1592 λαμϐάνεις

334 1605 368 1681 ἢ
396 1609 571 1677 δίδως.
623 1610 808 1670 Εἰπὼν
841 1607 897 1669 δὲ
926 1609 1048 1689 περὶ
1079 1614 1171 1667 103
1215 1608 1353 1683 μετὰ
1396 1608 1674 1690 δαψιλείας
1705 1609 1933 1682 διδόναι,

334 1699 496 1758 πάλιν
547 1698 640 1759 καὶ
681 1704 773 1758 103
828 1697 964 1777 μετᾶ
1008 1699 1307 1778 προθυμίας
1361 1700 1542 1760 δοῦναι
1582 1697 1936 1775 ἐπεμνήσθη·

333 1787 394 1848 1‘0
423 1789 558 1870 γὰρ,
595 1811 625 1848 α
659 1787 728 1850 Ὁ
770 1788 1003 1872 σπείρων
1036 1789 1119 1849 ἐπ’
1153 1787 1449 1868 εὐλογίαις,
1486 1811 1514 1847 ι
1549 1793 1704 1848 τοῦτο
1749 1788 1936 1862 δηλοῖ,

335 1881 408 1946 ὣς
437 1878 686 1961 ἀνωτέρω
713 1877 940 1960 εἴρηται.

425 2091 454 2128 ιι
486 2067 760 2136 Ἕκαστος
815 2067 988 2136 καθὼς
1032 2075 1369 2149 προαιρεῖται
1524 2065 1718 2147 καρδία
1770 2065 1845 2144 μὴ
1879 2068 1939 2127 ἐκ

335 2158 543 2234 λύπης,
602 2157 638 2231 ἢ
683 2158 736 2228 ἐξ
785 2158 1045 2236 ἀνάγκης·
1093 2157 1278 2238 ἱλαρὸν
1327 2156 1431 2238 γὰρ
1483 2156 1639 2229 δότην
1684 2159 1872 2238 ἀγαπᾷ
1911 2161 1939 2218 6

337 2249 492 2316 Θεός.
543 2273 576 2306 ι
613 2247 974 2329 Ἐνδιατρίϐει
1025 2252 1100 2328 τῷ
1161 2247 1285 2328 περὶ
1329 2253 1421 2305 103
1471 2245 1608 2324 μετὰ
1643 2246 1939 2325 προθυμίας

339 2337 537 2398 διδόναι
584 2337 759 2418 λόγῳ,
809 2336 959 2406 εἰδὼς
988 2337 1068 2396 ὅτι
1115 2337 1245 2418 πρὸς
1285 2335 1344 2395 τὸ
1389 2338 1572 2396 δοῦναι
1605 2333 1814 2408 πολλὰ,
1846 2334 1938 2394 καὶ

336 2427 398 2486 τὸ
444 2425 787 2509 παράδειγμα
863 2430 967 2486 τῶν
1025 2425 1352 2488 Μακεδόνων
1403 2425 1586 2484 ἱκανὸν
1649 2424 1800 2484 ἔσται
1859 2426 1937 2483 δι-

339 2518 539 2598 εγεῖραι
578 2515 800 2589 αὐτοὺς,
827 2516 918 2576 καὶ
945 2515 1006 2575 τὸ
1045 2515 1386 2597 αἰσχύνεσθαι
1422 2513 1666 2580 ἐλάττους
1708 2516 1938 2595 φανῆναι

339 2605 572 2667 ἐκείνων.
618 2607 734 2679 Τὴν
783 2606 837 2666 δὲ
877 2605 1096 2685 γνώμην
1149 2608 1322 2666 αὐτῶν
1369 2607 1554 2678 ἰᾶται,
1588 2604 1676 2662 ἵνα
1730 2602 1811 2676 εἴη
1847 2603 1938 2664 καὶ

341 2696 506 2777 ἀρετῆ
551 2696 611 2756 τὸ
640 2695 767 2777 παρ’
795 2699 965 2756 αὐτῶν
1025 2694 1323 2774 γινόμενον.
1384 2698 1453 2756 Εἰ
1499 2694 1600 2774 γὰρ
1650 2692 1934 2767 ἀκούσιον,

338 2788 436 2844 οὐκ
465 2785 648 2866 ἀρετή.
679 2785 776 2854 Ὡς
828 2777 917 2845 οὐν
968 2785 1283 2851 διδάσκαλος
1335 2783 1568 2855 ἀληθὴς,
1630 2781 1768 2842 θέλει
1819 2782 1939 2850 τοὺς

340 2874 585 2953 μαθητὰς
606 2875 747 2935 κατὰ
779 2877 868 2936 τὸν
914 2876 1070 2953 λόγον
1110 2880 1207 2948 τῆς
1255 2875 1447 2953 ἀρετῆς
1477 2881 1645 2933 ποιεῖν
1677 2870 1704 2932 ὃ
1746 2877 1932 2932 ποιοῦ-

341 2989 454 3039 σιν,
505 2965 618 3043 ἅμα
650 2965 704 3025 δὲ
743 2965 835 3026 καὶ
873 2962 962 3024 ἵνα
992 2968 1020 3024 6
1047 2964 1228 3043 μισθὸς
1257 2966 1434 3031 αὐτοῖς
1485 2961 1774 3042 ὁλόκληρος
1825 2961 1934 3035 εἴη,

342 3055 593 3126 ἑκουσίως
619 3060 830 3116 ποιοῦσι
873 3053 934 3114 τὸ
975 3053 1172 3115 καλόν·
1211 3057 1281 3121 ὣς
1323 3052 1385 3112 τό
1413 3076 1472 3130 γε
1507 3051 1752 3113 ἀκούσιον
1801 3055 1935 3110 ὑπο-

2043 625 2226 696 itaque
2265 622 2357 694 qui
2408 623 2816 694 eleemosynam
2863 619 3026 696 invite
3071 619 3319 692 largitur,
3372 620 3640 692 quodam-

2043 713 2212 769 modo
2261 712 2556 784 expilatur.

2117 803 2279 874 291
2317 805 2482 858 Vnus.
2515 806 2570 857 6.
2606 825 2631 850 α
2663 803 2786 856 Hoc
2820 807 3006 855 autem
3040 798 3188 866 dico,
3226 796 3319 870 qui
3359 814 3521 870 parce
3551 815 3637 855 se-

2045 893 2239 962 minat,
2292 908 2456 964 parce
2494 900 2549 947 et
2578 899 2784 947 metet:
2820 898 2874 946 et
2902 889 2995 962 qui
3040 889 3276 945 seminat
3304 887 3363 944 in
3413 888 3642 944 benedi-

2044 982 2337 1051 ctionibus,
2373 982 2427 1037 in
2458 980 2932 1036 benedictionibus
2963 987 3017 1034 et
3053 987 3244 1035 metet.
3302 1001 3326 1026 ιο
3360 977 3451 1033 Ad
3493 978 3642 1034 aliud

2043 1085 2208 1149 caput
2223 1077 2342 1150 jam
2383 1077 2593 1143 transit,
2623 1073 2771 1147 quod
2798 1081 2882 1130 est
2939 1073 3007 1130 de
3035 1073 3258 1143 largiter
3301 1071 3507 1141 dando,
3559 1072 3644 1128 in-

2044 1168 2242 1241 quiens
2275 1185 2289 1222 :
2324 1169 2443 1222 Hoc
2481 1167 2646 1222 etiam
2676 1164 2871 1236 adjicio
2911 1163 2989 1218 eis
3031 1178 3154 1234 quae
3199 1162 3457 1230 dixerim,
3491 1163 3641 1234 quod

2043 1273 2156 1313 non
2193 1272 2356 1329 parce
2399 1263 2652 1328 oporteat
2698 1253 2846 1310 dare.
2903 1255 2975 1309 Et
3021 1268 3138 1308 non
3185 1251 3346 1319 dixit,
3387 1253 3641 1318 tenuiter,

2043 1346 2142 1402 sed
2189 1346 2456 1402 celebrius
2521 1343 2883 1416 parcimonize
2936 1340 3270 1398 vocabulum
3316 1341 3516 1412 posuit.
3561 1345 3645 1396 Ac

2044 1453 2233 1493 semen
2272 1452 2414 1508 opus
2460 1437 2642 1507 ipsum
2701 1433 2938 1500 vocavit,
2981 1441 3045 1488 ut
3099 1431 3170 1487 ad
3215 1431 3643 1487 retributionem

2043 1525 2339 1582 confestim
2381 1524 2666 1595 respicias,
2711 1538 2774 1578 ac
2801 1521 2978 1578 discas
3018 1519 3166 1593 quod
3213 1520 3368 1591 plura
3415 1521 3646 1594 accipias

2043 1631 2212 1688 quam
2253 1613 2369 1671 des.
2414 1615 2554 1671 Cum
2595 1628 2727 1668 vero
2775 1610 3023 1677 dixisset,
3065 1609 3213 1680 quod
3254 1608 3476 1681 largiter
3511 1609 3648 1664 dan-

2043 1704 2183 1760 dum
2221 1704 2308 1772 sit,
2351 1718 2542 1759 rursus
2590 1702 2761 1757 etiam
2803 1699 3060 1756 meminit
3101 1697 3250 1770 quod
3294 1713 3422 1752 cum
3471 1697 3642 1753 animi

2046 1794 2322 1851 alacritate
2354 1790 2597 1848 dandum
2637 1789 2744 1847 sit:
2787 1787 2936 1862 quod
2964 1788 3111 1844 enim
3144 1787 3240 1854 ait,
3286 1805 3314 1838 ι(
3341 1786 3452 1857 Qui
3480 1789 3643 1841 semi-

1968 1911 2015 1973 Β
2046 1893 2142 1939 nat
2164 1883 2224 1973 in
2249 1881 2792 1973 benedictionibus,»
2831 1878 2938 1935 hoc
2973 1876 3200 1945 indicat,
3231 1874 3458 1948 perinde
3488 1890 3554 1930 ac
3583 1876 3642 1930 in

2045 1971 2420 2047 superioribus
2462 1970 2674 2027 dictum
2703 1977 2804 2027 est.

2118 2067 2292 2122 Vnus.
2347 2067 2398 2118 7.
2435 2084 2460 2110 α
2493 2060 2886 2134 Unusquisque
2927 2064 3092 2129 prout
3132 2055 3370 2112 destinat
3396 2055 3454 2110 in
3477 2054 3643 2110 corde

2048 2170 2172 2223 suo,
2199 2168 2314 2209 non
2341 2167 2407 2208 ex
2439 2151 2659 2207 tristitia
2705 2157 2800 2205 aut
2823 2147 3169 2205 necessitate.
3205 2145 3444 2200 Hilarem
3484 2145 3639 2200 enim

2047 2243 2298 2300 datorem
2345 2241 2519 2313 diligit
2556 2245 2721 2296 Deus.
2772 2262 2799 2287 ν
2826 2241 2890 2293 In
2929 2251 3187 2293 sermone
3215 2234 3282 2291 de
3315 2233 3644 2306 promptitu-

2047 2335 2176 2390 dine
2219 2333 2274 2388 in
2304 2331 2485 2388 dando
2537 2331 2886 2391 immoratur,
2917 2333 3265 2398 compertum
3293 2323 3504 2380 habens
3535 2325 3652 2378 Ma-

2045 2423 2319 2480 cedonum
2351 2420 2665 2492 exemplum
2694 2416 2952 2474 sufﬁcere
2984 2415 3056 2471 ad
3085 2414 3212 2482 hoc,
3244 2421 3305 2468 ut
3329 2413 3526 2468 excitet
3555 2427 3648 2467 eos

2046 2528 2158 2586 quo
2187 2513 2347 2583 plura
2380 2509 2532 2578 dent,
2563 2504 3068 2580 utquepudefaciat
3108 2519 3222 2571 eos,
3268 2503 3312 2558 si
3365 2499 3651 2556 inferiores

2045 2602 2148 2658 illis
2189 2607 2500 2673 appareant.
2546 2601 2800 2670 Ipsorum
2844 2603 3031 2650 autem
3081 2601 3319 2648 mentem
3363 2597 3541 2657 sanat,
3583 2596 3646 2644 ut

2045 2692 2118 2748 sit
2145 2691 2313 2748 etiam
2337 2689 2508 2744 virtus
2552 2685 2702 2759 quod
2753 2684 2821 2740 ab
2848 2684 2980 2756 ipsis
3010 2683 3088 2738 ﬁt.
3135 2685 3278 2738 Nam
3309 2679 3354 2735 si
3383 2678 3644 2733 iuvoluu—

2043 2781 2246 2838 tarium
2274 2786 2378 2846 est,
2427 2792 2543 2832 non
2571 2783 2654 2831 est
2677 2773 2870 2830 virtus.
2927 2772 3057 2828 Ideo
3097 2787 3200 2826 ceu
3247 2783 3409 2824 verus
3431 2781 3641 2838 praece-

2044 2879 2188 2944 ptor,
2217 2867 2520 2940 discipulos
2563 2880 2693 2922 suos
2721 2862 2946 2920 omnino
2998 2861 3114 2916 vult
3161 2875 3260 2930 pro
3302 2856 3521 2912 virtutis
3547 2871 3636 2910 ra-

2044 2962 2191 3018 tione
2216 2958 2395 3016 fecere
2423 2954 2572 3029 quod
2599 2953 2823 3010 faciunt.
2850 2950 3025 3008 Simul
3047 2956 3230 3005 autem
3261 2955 3323 3003 ut
3349 2954 3402 3001 et
3425 2960 3639 3000 merces

2043 3052 2177 3126 ipsis
2231 3058 2348 3106 tota
2402 3045 2713 3116 contingat,
2770 3041 3078 3098 voluntario
3130 3037 3340 3095 iaciunt
3389 3035 3645 3092 bonum:

339 3145 522 3224 τέμνει
566 3145 655 3206 τὸν
687 3144 906 3223 μισθόν·
938 3145 1025 3204 διὰ
1069 3143 1226 3204 τοῦτό
1268 3166 1426 3224 φησιν
1455 3167 1468 3181 ο
1505 3165 1537 3198 α
1572 3140 1845 3209 Ἕκαστος
1874 3145 1944 3210 ὣς

2049 3159 2177 3201 nam
2203 3135 2636 3197 involuntarium
2665 3131 2981 3190 mercedem
3006 3129 3224 3185 minuit.
3253 3126 3338 3183 Ob
3367 3140 3490 3181 eam
3515 3139 3651 3180 cau-

341 3242 702 3317 προαιρεῖται,
733 3235 824 3294 καὶ
855 3236 950 3294 οὐκ
987 3235 1048 3294 ἐκ
1080 3234 1278 3306 λύπης,
1322 3233 1358 3306 ἢ
1395 3230 1447 3302 ἐξ
1477 3232 1714 3311 ἀνάγκης
1735 3254 1748 3269 ·
1781 3255 1811 3288 π
1845 3235 1936 3290 καὶ

342 3324 638 3405 μαρτυρίαν
661 3328 720 3383 ἐκ
745 3325 1092 3402 Σολομῶντος
1123 3323 1374 3402 παράγει.
1402 3323 1595 3383 Καίτοι
1625 3328 1653 3382 6
1680 3321 1834 3400 λόγος
1862 3325 1938 3402 τῷ

342 3417 490 3495 σοφῷ
521 3415 648 3494 [οὐ]
680 3413 802 3497 περὶ
851 3414 1127 3496 δαψιλείας
1175 3411 1416 3493 εἴρηται·
1447 3415 1568 3471 ἀλλ’
1615 3410 1757 3488 ὅμως
1787 3411 1939 3478 αὐτὸς

341 3507 419 3573 εἰς
469 3503 531 3564 τὸ
589 3505 724 3581 μετὰ
780 3504 1076 3584 προθυμίας
1135 3503 1335 3563 διδόναι
1385 3509 1565 3564 τοῦτον
1633 3500 1934 3570 ἕξελάϐετο·

342 3595 388 3652 εἶ
418 3593 473 3652 δὲ
504 3595 681 3674 βούλει
698 3639 715 3666 ,
739 3595 833 3654 καὶ
859 3594 990 3674 πρὸς
1011 3592 1308 3675 ἀμφότερα.

431 3795 460 3831 α
493 3771 729 3840 Δυνατὸς
759 3773 818 3831 δὸ
847 3775 875 3831 6
918 3771 1054 3838 Θεὸς
1083 3779 1263 3830 πᾶσαν
1291 3772 1452 3852 χάριν
1493 3777 1838 3851 περισσεῦσαι
1870 3773 1943 3838 εἷς

347 3864 505 3940 ὐμᾶς.
540 3889 565 3915 υ
599 3860 702 3922 Διὰ
752 3861 953 3922 τούτων
984 3863 1089 3920 τῶν
1139 3860 1309 3939 λόγων
1366 3859 1651 3940 ἀνατρέπει
1685 3860 1773 3918 τὸν
1797 3861 1943 3937 λογι-

346 3950 482 4028 σμὸν
506 3951 564 4010 ὃν
592 3953 641 4011 οἱ
678 3951 866 4011 πολλοὶ
909 3949 1102 4031 ἔχομεν
1148 3949 1417 4030 λέγοντες·
1469 3949 1598 4008 Ἐὰν
1629 3949 1804 4010 πολλὰ
1837 3951 1942 4022 δῶ,

347 4041 558 4101 δέδοικα
609 4041 799 4117 μήπως
844 4037 1006 4113 πένης
1059 4039 1318 4119 γένωμαι.
1355 4040 1535 4115 Φιισὶν
1585 4031 1711 4113 οὐν,
1743 4038 1824 4097 ὅτι
1872 4039 1942 4100 ‘0

347 4131 486 4198 Θεὸς
514 4131 733 4191 δύναται
760 4134 1008 4190 τοσοῦτον
1038 4133 1177 4206 ὑμᾶς
1220 4130 1478 4197 ἀνενδεεῖς
1503 4133 1726 4200 ποιῆσαι
1749 4174 1766 4203 ,
1806 4127 1944 4188 ὥστε

347 4221 439 4279 καὶ
460 4230 637 4280 πᾶσαν
665 4220 857 4300 χάριν,
895 4219 1136 4278 τουτέστι
1174 4227 1354 4277 πᾶσαν
1395 4216 1758 4296 ἐλεημοσύνην
1777 4263 1793 4296 ,
1837 4219 1942 4278 δύ-

346 4314 537 4368 νασθαι
587 4311 725 4387 ὑμᾶς
775 4307 914 4386 μετὰ
976 4307 1282 4389 περισσείας
1343 4316 1531 4372 ποιεῖν.
1589 4307 1718 4367 Δότε
1769 4307 1943 4367 τοίνυν

345 4401 614 4480 δαψιλῶς,
667 4397 752 4458 ἵνα
796 4402 830 4470 ἡ
883 4397 1211 4476 ἐλεημοσύνη
1253 4400 1400 4475 ὑμῶν
1460 4397 1543 4456 ἀεὶ
1583 4397 1674 4456 καὶ
1705 4397 1785 4456 ἀεὶ
1840 4421 1941 4458 πε·-
1971 4426 2023 4489 D

349 4490 591 4570 ρισσεύῃ.

437 4599 468 4636 (ι
495 4575 612 4639 Ἵνα
646 4580 699 4638 iv
711 4576 873 4636 παντὶ
894 4577 1120 4637 πάντοτε
1138 4584 1318 4635 πᾶσαν
1345 4577 1663 4654 αὐτάρκειαν
1696 4576 1908 4657 ἔχοντες
1927 4622 1944 4654 ,

344 4667 695 4748 περισσεύητε
754 4670 827 4734 εἷς
897 4674 1006 4725 πᾶν
1076 4666 1227 4746 ἔργον
1289 4666 1503 4743 ἀγαθόν.
1554 4689 1581 4724 ι)
1617 4665 1834 4746 Ὁρᾷις;
1887 4668 1946 4725 οὐ

343 4759 575 4816 πλοῦτον
629 4758 838 4829 αὐτοῖς,
895 4757 1016 4814 ἀλλ’
1062 4755 1380 4835 αὐτάρκειαν
1433 4755 1739 4834 ἐπεύχεται.
1774 4758 1947 4816 Τοῦτο

347 4844 401 4904 δὲ
445 4843 647 4924 εἰπὼν,
682 4845 946 4905 δείκνυσιν
1002 4843 1083 4903 ὅτι
1115 4843 1233 4903 οὐδὲ
1271 4843 1514 4924 βιάζεται
1559 4843 1780 4917 αὐτοὺς,
1828 4844 1945 4903 οὐδὲ

348 4934 639 5014 ἀναγκάζει
694 4938 753 4995 ἐκ
810 4939 905 4993 103
954 4932 1318 5013 ὑστερήματος
1383 4933 1619 4992 διδόναι·
1674 4933 1792 4992 οὐδὲ
1842 4933 1945 5014 γὰρ

346 5023 410 5082 ἂν
457 5025 775 5104 αὐτάρκειαν
808 5024 992 5084 λοιπὸν
1043 5023 1241 5102 ἔχοιεν·
1303 5023 1420 5099 ἅμα
1474 5021 1529 5081 δὲ
1584 5022 1674 5081 καὶ
1707 5023 1944 5083 διδάσκει

346 5118 448 5172 ποῦ
482 5114 559 5174 δεῖ
582 5121 691 5183 τοῖς
733 5119 823 5172 τοῦ
861 5115 1003 5174 Θεοῦ
1031 5111 1214 5194 δώροις
1257 5117 1571 5192 κεχρῆσθαι.
1617 5112 1784 5173 «Ἵνα
1809 5113 1938 5192 γὰρ,

347 5202 538 5282 φησὶν,
587 5204 660 5270 εἷς
727 5212 835 5262 πᾶν
887 5201 1036 5282 ἔργον
1092 5203 1441 5282 περισσεύητε
1492 5201 1711 5280 ἀγαθόν.
1757 5223 1788 5260 ι)
1848 5203 1943 5261 Ἑν

349 5291 445 5368 μὲν
495 5291 597 5372 γὰρ
653 5300 763 5359 τοῖς
832 5299 1135 5370 σαρκικοῖς,
1182 5292 1378 5370 φησὶν,
1441 5291 1761 5372 αὐτάρκειαν
1822 5295 1944 5368 ὑμῖν

347 5380 642 5462 ἐπεύχομαι
665 5405 678 5418 ·
732 5385 786 5439 ἓν
831 5380 884 5439 δὲ
929 5390 1036 5447 τοῖς
1075 5391 1453 5456 πνευματικοῖς
1491 5380 1669 5460 (τοῦτο
1705 5381 1809 5460 γάρ
1839 5383 1948 5441 ἐστι

346 5469 433 5543 τὸ,
463 5491 493 5529 α
517 5472 614 5538 Εἰς
638 5479 743 5529 πᾶν
767 5468 918 5550 ἔργον
944 5469 1140 5548 ἀγαθὸν
1163 5493 1193 5528 ι)
1216 5469 1256 5550 ),
1281 5469 1588 5550 περισσείαν
1607 5495 1619 5507 ·
1646 5468 1734 5528 ἵνα
1760 5469 1836 5546 μὴ
1859 5468 1952 5546 μό-

345 5581 431 5618 νον
489 5561 673 5631 ἕλε’-ἤτε
700 5561 998 5638 περισσῶς,
1036 5558 1174 5619 ἀλλὰ
1204 5557 1298 5618 καὶ
1327 5569 1434 5618 πᾶν
1471 5557 1624 5641 ἔργον
1668 5560 1950 5639 θεάρεστον

347 5646 640 5730 φιλοτίμως
672 5653 892 5719 ποιῆτε.

435 5759 465 5794 ε
515 5736 704 5804 Καθὼς
748 5737 1080 5817 γέγραπται·
1154 5737 1545 5817 Ἐσκόρπισεν,
1607 5738 1774 5798 ἔδωκε
1843 5740 1956 5804 τοῖς

2044 3251 2189 3300 sam,
2236 3228 2432 3302 inquit,
2487 3248 2512 3275 α
2545 3222 2938 3296 Unusquisque
2975 3227 3039 3274 ut
3066 3219 3123 3273 in
3156 3215 3324 3273 corde
3349 3231 3451 3271 suo
3481 3212 3649 3270 desti-

2046 3331 2142 3381 nat
2183 3345 2209 3371 ιι
2261 3321 2376 3376 sive
2425 3314 2824 3388 praedeliberat,
2857 3334 2881 3360 ι
2917 3317 2972 3366 et
3008 3324 3122 3364 non
3149 3323 3216 3364 ex
3259 3320 3524 3372 maerore,
3552 3310 3650 3359 aut

2045 3411 2386 3470 necessitate.
2424 3428 2451 3456 ν
2485 3402 2891 3461 Testimonium
2932 3407 3198 3471 praeterea
3242 3411 3308 3452 ex
3355 3395 3651 3451 Solomone

2048 3500 2315 3577 producit.
2345 3495 2512 3567 Atqui
2548 3509 2736 3550 sermo
2776 3489 3004 3562 sapienti
3051 3487 3120 3544 de
3172 3485 3421 3557 largitate
3468 3482 3652 3538 dictus

2049 3572 2152 3659 est,
2192 3591 2308 3662 ipse
2335 3601 2463 3643 vero
2511 3581 2776 3639 intellexit
2826 3594 2955 3634 eum
3009 3576 3080 3632 de
3119 3572 3552 3647 promptitudine
3591 3572 3648 3626 in

2047 3680 2233 3739 dando
2253 3697 2266 3734 :
2285 3685 2381 3734 aut
2406 3675 2452 3731 si
2477 3672 2654 3738 malis,
2687 3669 2754 3726 ad
2783 3675 3018 3739 utraque
3044 3663 3251 3721 retulit.

2122 3774 2298 3828 Vsus.
2332 3773 2386 3822 8.
2437 3788 2463 3814 σι
2511 3764 2714 3818 Potens
2742 3765 2827 3814 est
2850 3763 3036 3812 autem
3084 3757 3235 3810 Deus
3263 3766 3488 3807 omnem
3517 3765 3645 3822 gra-

2050 3863 2187 3918 tiam
2228 3857 2621 3915 exuberantem
2645 3848 2825 3906 facere
2875 3861 3003 3918 erga
3045 3858 3161 3900 vos.
3200 3864 3220 3891 ιι
3265 3841 3430 3896 Hisce
3472 3838 3651 3894 verbis

2050 3949 2380 4024 cogitatione
2419 3941 2691 4001 subvertit
2732 3952 2900 4011 quam
2950 3933 3109 3989 multi
3152 3930 3422 3986 habemus
3461 3926 3648 3983 dicen-

2052 4022 2168 4097 tes:
2197 4038 2252 4095 Si
2283 4035 2459 4092 multa
2487 4029 2713 4097 dedero,
2743 4033 2932 4083 metuo
2956 4040 3024 4080 ne
3052 4022 3120 4078 ad
3149 4025 3525 4093 paupertatem
3563 4032 3650 4072 re-

2051 4130 2228 4203 digar.
2274 4125 2369 4182 Ait
2401 4123 2568 4197 igitur
2600 4139 2616 4177 :
2658 4123 2808 4174 Deus
2835 4122 3016 4188 potest
3041 4113 3176 4170 adeo
3205 4125 3303 4166 vos
3338 4123 3529 4165 rerum
3564 4122 3652 4161 co-

2053 4195 2143 4293 pia
2195 4195 2492 4273 afﬂuentes
2543 4209 2744 4276 facere,
2783 4215 2848 4264 ut
2883 4212 2939 4260 et
2967 4217 3195 4259 omnem
3251 4199 3518 4274 gratiam,
3548 4195 3654 4252 hoc

2053 4285 2137 4366 est
2163 4308 2574 4377 eleemosynam
2624 4296 2844 4371 possitis
2885 4309 3013 4350 cum
3065 4288 3421 4348 exuberantia
3448 4285 3652 4343 facere.

2052 4402 2193 4455 Date
2247 4376 2417 4468 igitur
2446 4389 2691 4462 largiter,
2745 4393 2806 4442 ut
2865 4383 3215 4454 eleemosyna
3253 4385 3427 4436 vestra
3478 4376 3661 4448 magis

2056 4486 2337 4560 magisque
2362 4481 2651 4539 exuberet.

2133 4555 2273 4634 [Ut
2301 4575 2363 4629 in
2387 4571 2546 4629 omni
2587 4583 2648 4624 re
2673 4579 2900 4624 omnem
2927 4558 3314 4620 sufﬁcientiam
3358 4555 3656 4622 habentes,

2055 4663 2346 4722 abundetis
2395 4663 2453 4717 in
2497 4673 2667 4715 omne
2715 4669 2853 4727 opus
2894 4653 3127 4708 bonum.
3177 4666 3208 4701 ››
3249 4643 3491 4702 Viden’?
3541 4659 3659 4698 non

2057 4771 2187 4828 opes
2237 4752 2368 4825 ipsis
2419 4756 2665 4820 exaptat,
2713 4745 2808 4802 sed
2849 4737 3256 4798 sufﬁcientiam.
3302 4735 3424 4788 Hoc
3470 4740 3658 4788 autem

2055 4822 2273 4912 dicens,
2305 4841 2509 4898 indicat
2546 4835 2695 4911 quod
2723 4848 2901 4906 neque
2924 4831 3128 4902 adigat,
3164 4840 3341 4900 neque
3365 4822 3662 4895 compellat

2055 4951 2149 4992 eos
2177 4950 2241 4990 ex
2270 4931 2455 5004 inopia
2482 4928 2612 4986 dare
2645 4945 2658 4981 :
2686 4939 2864 4995 neque
2897 4921 3047 4978 enim
3081 4914 3473 4974 sufﬁciantiem
3508 4913 3660 4968 dein-

2055 5041 2181 5098 ceps
2214 5022 2496 5079 haberent.
2531 5015 2711 5074 Simul
2735 5020 2923 5070 autem
2947 5010 3108 5068 docet
3155 5006 3378 5062 ubinam
3407 5008 3661 5074 oporteat

2053 5090 2214 5171 donis
2258 5111 2360 5168 Dei
2406 5109 2502 5165 uti.
2543 5129 2569 5156 σι
2609 5107 2691 5162 Ut
2718 5100 3009 5159 abundetis
3043 5121 3068 5145 ι
3100 5097 3267 5163 enim,
3295 5092 3495 5164 inquit,
3535 5113 3560 5138 α
3594 5090 3661 5145 ad

2054 5219 2219 5262 omne
2257 5216 2396 5274 opus
2441 5199 2669 5254 bonum.
2707 5215 2734 5243 ιο
2760 5189 3036 5264 Siquidem
3073 5186 3132 5241 in
3159 5182 3468 5241 carnalibus
3505 5177 3663 5236 vobis

2055 5269 2445 5351 sufﬁcientiam
2487 5293 2722 5359 exopto:
2775 5283 2834 5338 in
2882 5275 3256 5352 spiritualibus
3291 5278 3480 5326 autem
3529 5269 3664 5339 (hoc

2059 5384 2211 5441 enim
2241 5389 2325 5438 est
2351 5378 2502 5453 quod
2529 5377 2626 5445 ait,
2659 5397 2686 5423 α
2711 5372 2780 5430 ad
2809 5385 2978 5428 omne
3010 5381 3152 5439 opus
3179 5364 3393 5420 bonum
3422 5361 3472 5431 ιο)
3494 5360 3663 5453 abun-

2059 5472 2307 5530 dantiam
2363 5449 2528 5526 etiam
2583 5463 2739 5520 vobis
2785 5461 2954 5533 292
3011 5457 3306 5528 imprecor,
3357 5457 3420 5506 ut
3454 5449 3663 5505 nedum

2060 5562 2278 5619 abunde
2304 5555 2688 5615 misericordes
2726 5552 2872 5618 sitis,
2905 5562 3098 5604 verum
3126 5544 3299 5601 etiam
3328 5555 3495 5598 omne
3525 5553 3665 5610 opus

2065 5657 2182 5709 Deo
2212 5651 2433 5724 placens
2475 5643 2773 5702 liberaliter
2815 5637 3047 5696 faciatis.

2137 5717 2313 5797 Vens.
2356 5742 2410 5795 9.
2447 5759 2474 5786 α
2505 5734 2658 5793 Sicut
2693 5731 2966 5804 scriptum
3003 5733 3089 5784 est
3123 5743 3137 5782 :
3170 5721 3464 5795 Dispersit,
3510 5717 3665 5774 dedit
