4134 6430
419 405 522 457 897

1310 396 1666 454 EXPOSITIO
1704 395 1770 450 IN
1810 392 2018 449 EPIS'I'.
2063 392 2105 446 Il
2133 392 2225 446 AD
2267 391 2426 447 COR.
2467 421 2536 432 —
2576 393 2726 448 CAP.
2765 394 2844 448 Χ.

3621 393 3723 444 898

418 530 685 606 πληροῦτε
724 523 821 598 τὴν
851 524 1038 605 χρείαν
1079 524 1185 592 τοῖς
1214 524 1493 605 ἀδελφοῖς,
1524 521 1662 580 ἀλλὰ
1692 521 1786 580 καὶ
1815 540 2006 598 περισ-

2120 531 2315 572 verum
2341 516 2510 572 etiam
2537 516 2872 584 exuberatis,
2904 522 3012 572 hoc
3037 524 3140 584 est,
3169 515 3292 586 plus
3338 530 3508 586 quam
3532 530 3718 571 neces-

416 613 597 674 σεύετε
623 634 638 649 ⁸
664 614 939 688 τουτέστι,
963 611 1136 673 Πλέον
1164 617 1257 686 τῆς
1283 612 1466 693 χρείας
1489 614 1669 678 αὐτοῖς
1696 608 1964 690 παρέχετε
1986 652 2003 680 ,

417 705 512 763 καὶ
558 704 757 763 πολλαὶ
805 702 1140 784 εὖχαριστίαι
1189 702 1424 782 γίνονται
1481 702 1567 761 διὰ
1628 704 1722 772 τῆς
1790 697 2008 773 δοκίμου

415 793 609 865 ταύτης
651 793 742 853 καὶ
802 794 1282 872 μεμαρτυρημένης
1331 791 1421 851 ἐπὶ
1473 787 1842 872 φιλανθρωπίᾳ
1888 788 2008 844 δια·

416 883 609 949 κονίας.
662 882 952 952 Δοξάζουσι
998 881 1099 964 γὰρ
1151 883 1240 942 τὸν
1268 881 1445 955 Θεὸν,
1479 880 1560 942 ὅτι
1612 878 1774 944 οὕτως
1821 872 2012 935 ὑπετά-

2116 605 2328 662 sarium
2391 605 2482 674 sit,
2547 606 2680 678 ipsis
2727 604 3014 674 exhibetis,
3073 605 3370 676 multaque
3415 605 3713 676 gratiarum

2117 695 2359 751 actiones
2399 695 2542 751 ﬁunt
2576 711 2670 767 per
2717 695 2953 766 probum
3020 694 3126 751 hoc
3175 701 3232 749 et
3294 693 3716 765 comprobatum

2116 792 2339 858 propter
2363 785 2760 867 humanitatem
2789 784 3186 840 ministerium.
3215 781 3547 840 Gloriﬁcant
3565 782 3718 838 enim

2089 953 2094 957 .
2119 877 2326 941 Deum,
2342 874 2492 946 quod
2517 875 2597 930 sic
2623 873 2852 946 subjecti
2874 874 2998 929 sitis
3017 872 3340 944 Evangelio,
3361 878 3434 926 ut
3462 871 3722 944 expleatis

414 995 546 1050 γητε
573 973 650 1052 τῷ
706 973 1045 1052 Εὖαγγελίῳ,
1095 971 1234 1032 ὥστε
1285 971 1351 1033 τὰ
1398 968 1792 1050 προστάγματα
1850 967 2007 1026 αὐτοῦ

2119 964 2265 1036 iussa
2314 963 2430 1035 ejus
2481 979 2609 1020 cum
2675 963 3026 1019 liberalitate.
3094 962 3524 1034 Eleemosynam
3574 961 3721 1016 enim

415 1060 552 1137 μετὰ
611 1061 886 1142 δαψιλείας
936 1063 1191 1143 πληροῦν.
1244 1059 1362 1132 Τὴν
1391 1057 1495 1139 γὰρ
1549 1055 1909 1133 ἐλεημοσύνην
1952 1053 2012 1113 τὸ

415 1151 741 1231 Εὖαγγέλιον
799 1151 1054 1211 διδάσκει.
1112 1151 1224 1212 Καὶ
1271 1151 1342 1210 δι’
1370 1150 1526 1210 Τάλλο
1596 1147 1868 1218 δοξάζουσι
1921 1145 2009 1203 τὸν

413 1241 589 1313 Θεὸν,
647 1239 730 1300 ὅτι
772 1245 806 1312 ἡ
847 1241 1084 1312 ἁπλότης
1130 1240 1222 1299 καὶ
1277 1247 1312 1314 ἡ
1373 1239 1638 1318 ἀγαθότης
1695 1239 1844 1313 ὓμῶν
1915 1236 2010 1293 οὐκ

413 1331 486 1396 εἰς
536 1329 722 1398 αὖτοὺς
752 1329 935 1407 μόνον,
968 1330 1107 1391 ἀλλᾶ
1135 1329 1228 1389 καὶ
1280 1333 1353 1396 εἷς
1385 1329 1589 1397 πάντας
1616 1327 1737 1394 τοὺς
1793 1323 2010 1393 πιστοὺς

414 1418 644 1492 πένητας
676 1420 934 1500 ἐκχεῖται.
983 1424 1064 1480 Οὐ
1117 1421 1220 1499 γὰρ
1256 1421 1670 1492 ζηλοτυποῦσιν,
1702 1419 1772 1500 ᾡς
1803 1417 1852 1474 οἱ
1891 1416 2008 1473 λοι-

413 1509 506 1567 ποὶ
555 1509 787 1590 πτωχοὶ,
833 1509 954 1568 ἀλλ’
977 1511 1380 1590 εὐχαριστοῦσι,
1422 1508 1514 1568 καὶ
1547 1508 1680 1587 ὑπὲρ
1709 1497 1784 1566 ῶν
1817 1504 2011 1584 ἑτέροις

412 1597 643 1657 διδόατε.
689 1597 765 1658 ⁸0
818 1601 1056 1677 μεγάλης
1113 1601 1304 1678 ἀρετῆς
1357 1601 1530 1657 αὐτῶν
1573 1605 1810 1669 σημεῖον.
1839 1595 2011 1656 Ὥστε

413 1688 494 1745 δεῖ
544 1695 652 1755 τοῖς
695 1689 944 1756 τοιούτοις
991 1689 1366 1769 δαψιλέστερον
1422 1688 1651 1761 διδόναι,
1703 1690 1810 1752 τοῖς
1847 1685 2010 1752 οὕτως

411 1777 683 1856 ἀφθόνοις,
750 1783 856 1846 τοῖς
939 1777 1102 1845 οὕτως
1163 1778 1440 1859 ἔναρέτοις.
1500 1777 1664 1838 Ἀλλὰ
1719 1777 1808 1836 καὶ
1879 1776 2014 1857 ὑπὲρ

2124 1052 2482 1125 Evangelium
2523 1052 2892 1126 docet._Alia
2949 1053 3114 1108 etiam
3159 1050 3373 1108 ratione
3421 1048 3726 1121 gloriﬁcant

2118 1145 2324 1211 Deum,
2373 1143 2498 1214 quia
2551 1141 2879 1214 simplicitas
2925 1149 2980 1197 et
3021 1140 3238 1197 bonitas
3284 1149 3465 1196 vestra
3511 1155 3623 1194 non
3671 1139 3725 1192 in

2115 1229 2263 1302 ipsos
2290 1232 2460 1299 solos,
2492 1246 2684 1287 verum
2731 1231 2788 1286 in
2816 1246 3014 1286 omnes
3043 1231 3213 1285 etiam
3239 1229 3428 1285 ﬁdeles
3456 1242 3722 1300 pauperes:

2119 1319 2449 1376 effunditur.
2479 1323 2604 1377 Non
2637 1321 2786 1376 enim
2816 1319 3037 1376 invidiae
3061 1317 3268 1375 affectu
3301 1317 3575 1384 laborant,
3602 1317 3729 1371 reli-

2119 1425 2360 1482 quorum
2403 1409 2792 1468 mendicorum
2835 1410 3026 1478 instar,
3070 1423 3262 1464 verum
3313 1407 3519 1480 gratias
3561 1413 3728 1477 agunt

2119 1496 2269 1568 quod
2303 1497 2422 1555 aliis
2459 1498 2629 1553 etiam
2660 1497 2804 1554 detis
2855 1515 2868 1551 :
2917 1497 3066 1568 quod
3118 1497 3376 1552 maximae
3402 1495 3614 1550 virtutis
3638 1511 3728 1549 eo-

2119 1603 2242 1642 rum
2275 1595 2668 1658 argumentum
2707 1596 2808 1642 est.
2843 1587 3026 1654 Quare
3065 1585 3386 1657 hujusmodi
3415 1584 3730 1639 hominibus

2120 1676 2322 1748 largius
2369 1676 2617 1732 dandum
2669 1683 2775 1741 est,
2825 1675 2918 1746 qui
2963 1675 3100 1732 adeo
3140 1674 3340 1731 invidia
3385 1682 3598 1741 vacant,
3639 1674 3728 1744 qui

2122 1765 2262 1821 adeo
2306 1765 2599 1820 virtutibus
2653 1775 2782 1821 sunt
2839 1763 3074 1836 praediti.
3140 1768 3368 1834 Insuper
3416 1779 3515 1834 pro
3571 1762 3728 1818 vobis

411 1868 560 1942 ὗμῶν
606 1867 839 1942 δέονται,
892 1871 963 1936 ὡς
998 1869 1060 1926 ἂν
1103 1865 1394 1936 ἀξιωθῶσιν
1450 1869 1579 1926 ἰδεῖν
1625 1869 1797 1942 ὑμᾶς·
1853 1867 2010 1940 ἰδεῖν,

2123 1855 2293 1910 etiam
2326 1853 2470 1926 apud
2505 1858 2686 1910 Deum
2717 1853 3097 1924 interpellant,
3133 1862 3192 1908 ut
3234 1852 3387 1924 digni
3415 1851 3729 1924 judicentur

413 1956 476 2014 οὗ
525 1956 611 2015 διὰ
662 1956 729 2015 τὰ
783 1956 1072 2038 χρήματα,
1119 1957 1259 2016 ἀλλὰ
1317 1956 1403 2016 διὰ
1438 1957 1534 2028 τὴν
1598 1958 1837 2015 δοθεῖσαν
1885 1957 2010 2031 ὑμῖν

413 2045 776 2123 ὑπερϐολικῶς
798 2046 956 2128 χάριν
988 2051 1079 2106 τοῦ
1105 2048 1267 2109 Θεοῦ.
1315 2047 1492 2108 Πάλιν
1523 2045 1579 2104 δὲ
1620 2046 1777 2126 χάριν
1817 2045 1878 2104 τὸ
1919 2048 2013 2116 τῆς

411 2135 771 2213 ἓλεημοσύνης
809 2145 1036 2218 πρᾶγμα
1069 2136 1287 2196 ἐκάλεσε
1306 2181 1324 2214 ,
1366 2137 1426 2196 τὸ
1456 2144 1560 2196 πᾶν
1603 2138 1680 2217 τῷ
1710 2136 1838 2215 Θεῷ
1868 2137 2010 2192 ἀνα-

409 2224 602 2298 τιθεὶς,
640 2225 729 2282 ἵνα
787 2225 864 2302 μὴ
896 2226 1220 2306 ἐπαίρωνται
1267 2225 1436 2287 αὐτοί.
1480 2225 1576 2286 Ἐν
1612 2225 1668 2284 δὲ
1696 2229 1772 2305 τῷ
1808 2227 2008 2300 εἰπεῖν,

421 2335 457 2374 α
486 2313 957 2392 Ὑπερϐάλλουσαν
1009 2315 1165 2396 χάριν
1212 2322 1304 2375 τοῦ
1353 2318 1533 2388 Θεοῦ,
1565 2339 1592 2375 ι)
1629 2313 1870 2393 διεγείρει
1914 2316 2011 2372 αὗ-

479 2403 496 2429 \
607 2403 632 2428 (ί
731 2406 760 2463 δ
998 2406 1014 2427 Ι
1754 2405 1768 2425 Ι

411 2427 564 2478 τους,
613 2429 696 2462 ινα
763 2408 1113 2488 αψιλεστεραν
1142 2403 1240 2478 τὴν
1283 2405 1588 2487 φιλοτιμίαν
1642 2427 2007 2478 ποιησωνται,

411 2493 506 2552 καὶ
557 2494 632 2571 μὴ
686 2495 1054 2574 ὕμερϐάλωσιν
1107 2495 1290 2563 αὖτοὺς
1338 2495 1428 2553 καὶ
1473 2495 1760 2566 νικήσωσιν
1812 2493 2006 2573 ἕτεροι.

504 2605 537 2642 (ι
576 2584 747 2664 Χάρις
793 2585 848 2644 δὲ
891 2589 966 2665 τῷ
1012 2588 1138 2665 Θεῷ
1183 2587 1271 2644 ἐπὶ
1317 2590 1383 2665 τῇ
1431 2584 1795 2664 ἀνεκδιηγήτῳ
1851 2585 2009 2642 αὐτοῦ

415 2673 609 2756 δωρεᾷ.
637 2695 667 2732 n
695 2675 914 2754 Δωρεὰν
945 2674 1086 2752 λέγει
1111 2675 1178 2734 τὰ
1209 2673 1296 2733 διὰ
1334 2679 1429 2746 τῆς
1478 2674 1839 2749 ἐλεημοσύνης
1869 2674 2010 2752 γινό-

416 2787 552 2840 μενα
583 2763 758 2844 ἀγαθὰ
787 2764 878 2822 καὶ
905 2768 1012 2832 τοῖς
1069 2766 1299 2837 διδοῦσι,
1335 2763 1428 2822 καὶ
1459 2774 1567 2830 τοῖς
1609 2763 1972 2840 λαμϐάνουσιν
1997 2787 2010 2799 ·

412 2849 452 2924 ἢ
481 2853 573 2912 καὶ
613 2856 718 2912 τῶν
754 2857 967 2931 ἀγαθῶν
1008 2855 1431 2932 ἀναμιμνήσκει,
1475 2845 1548 2912 ὧν
1595 2853 1893 2930 ἠξιώθημεν
1927 2851 2012 2910 διὰ

412 2945 510 3013 τῆς
529 2943 846 3022 σαρκώσεως
872 2948 966 3002 τοῦ
996 2945 1265 3025 Χριστοῦ,
1310 2943 1506 3002 ὡσανεὶ
1547 2949 1769 3002 τοιαῦτα
1814 2943 2010 3022 λέγων’

413 3033 602 3104 Μηδὲν
644 3033 781 3111 μέγα
811 3033 1068 3109 νομίσητε
1100 3037 1252 3111 ὑμεῖς
1278 3042 1480 3092 ποιεῖν·
1513 3032 1870 3110 ἀνεκδιήγητα
1909 3031 2012 3112 γάρ

418 3125 523 3182 εἰσι
551 3122 618 3181 τὰ
667 3121 842 3202 ἀγαθὰ
874 3123 907 3181 a
956 3123 1218 3201 ἐλάϐομεν
1248 3123 1399 3205 παρὰ
1446 3125 1613 3185 Θεοῦ·
1649 3124 1740 3182 καὶ
1771 3125 1816 3181 εἰ
1859 3123 2012 3200 ὀλίγα

417 3212 511 3272 καὶ
532 3212 737 3294 φθαρτὰ
760 3215 964 3291 δῶμεν,
995 3211 1048 3272 τί
1078 3213 1218 3293 μέγα
1239 3234 1257 3288 ;

1025 3444 1317 3505 ΚΕΦΑΛ.
1347 3442 1410 3504 I'.

510 3609 542 3647 ιι
585 3587 752 3656 Αὐτὸς
778 3587 831 3648 δὲ
871 3587 977 3668 ἐγὼ
1030 3591 1243 3656 Παῦλος
1285 3589 1588 3669 παρακαλῶ
1631 3590 1766 3665 ὑμᾶς
1796 3587 1882 3646 διὰ
1920 3591 2015 3658 τῆς

421 3678 721 3759 πραότητος
748 3678 841 3737 καὶ
869 3678 1155 3746 ἐπιεικείας
1183 3683 1276 3738 τοῦ
1307 3680 1569 3757 Χριστοῦ.
1607 3698 1637 3735 ι)
1688 3675 2014 3756 Ἀπαρτίσας

420 3765 541 3835 τοὺς
591 3767 714 3848 περὶ
770 3768 1128 3846 ἐλεημοσύνης
1181 3767 1397 3845 λόγους,
1475 3770 1567 3824 νῦν
1619 3766 1844 3845 ἄρχεται
1911 3767 2014 3823 τῶν

422 3855 820 3938 αὖστηροτέρων
863 3856 1004 3918 κατά
1033 3881 1089 3916 τε
1129 3859 1234 3916 τῶν
1281 3855 1726 3937 ψευδαποστόλων
1770 3853 1863 3913 καὶ
1909 3857 2015 3913 τῶν

422 3946 816 4006 διαϐαλλόντων
881 3947 1040 4006 αὐτὸν
1102 3950 1172 4014 ὥς
1226 3945 1441 4019 ἰδιώτην
1495 3945 1586 4005 καὶ
1635 3947 1753 4016 εἰκῆ
1775 3944 1828 3978 ⁴⁰
1883 3944 2016 4003 ἀλα-

420 4036 788 4114 ζονευόμενονο
819 4036 911 4096 καὶ
940 4038 1125 4114 μέλλει
1156 4035 1201 4076 ⁴¹
1234 4036 1560 4095 συνιστάνειν
1587 4034 1806 4108 ἑαυτὸν,
1841 4037 2010 4113 ἀναγ-

419 4126 662 4200 κασθεὶς,
708 4125 799 4186 ἵνα
836 4125 912 4200 μὴ
953 4125 1014 4185 τὸ
1070 4125 1323 4207 κήρυγμα
1369 4123 1724 4206 ἐξευτελισθῇ.
1764 4124 2014 4184 Καταλέ-

418 4237 501 4294 γει
550 4215 721 4275 τοίνυν
774 4215 866 4275 καὶ
916 4213 984 4275 τὰ
1039 4217 1228 4275 ἑαυτοῦ
1281 4215 1710 4296 κατορθώματα,
1773 4214 1867 4273 καὶ
1916 4211 2013 4286 τὴν

421 4305 664 4364 δοθεῖσαν
709 4305 866 4385 χάριν
891 4309 981 4364 τοῦ
1013 4307 1176 4368 Θεοῦ.
1205 4299 1376 4365 θΩστε
1425 4305 1521 4364 οὐκ
1549 4303 1613 4361 ἄν
1640 4327 1719 4370 τις
1747 4301 1977 4382 ἁμάρτοι
1995 4347 2014 4375 ,

421 4394 684 4473 ἐγκώμιον
717 4399 808 4454 τοῦ
850 4396 1070 4455 Παύλου
1104 4393 1300 4466 ταύτην
1324 4394 1420 4465 τὴν
1454 4392 1781 4463 Ἐπιστολὴν
1827 4392 2012 4453 εἰπών.

2123 1944 2308 2000 videre
2349 1960 2476 2014 vos;
2529 1943 2727 2012 videre,
2759 1959 2870 1998 non
2930 1944 3006 1999 ob
3057 1943 3368 2013 pecuniam,
3426 1956 3620 1996 verum
3655 1939 3727 1995 ob

2121 2033 2479 2088 excellentem
2540 2033 2647 2088 Dei
2676 2033 2913 2104 gratiam
2959 2032 3291 2087 excellenter
3320 2030 3478 2086 vobis
3513 2030 3724 2084 datam.

2119 2125 2337 2178 Rursus
2385 2129 2575 2177 autem
2625 2122 2862 2194 gratiam
2907 2122 3273 2193 eleemosynaa
3316 2119 3604 2192 negotium
3641 2133 3728 2173 vo-

2119 2212 2284 2280 cavit,
2314 2211 2503 2267 omnia
2545 2211 2620 2266 ita
2664 2213 2784 2267 Deo
2826 2219 3046 2282 accepta
3091 2209 3347 2277 referens,
3393 2223 3460 2264 ne
3489 2208 3586 2279 ipsi
3639 2215 3728 2262 at-

2119 2300 2404 2356 tollantur.
2440 2301 2582 2356 Cum
2617 2308 2805 2356 autem
2832 2299 2984 2366 dicit,
3023 2322 3048 2347 ι
3081 2300 3459 2354 Excellentem
3490 2297 3727 2368 gratiam

2119 2390 2244 2452 Dei,
2291 2413 2317 2437 ιο
2350 2388 2546 2445 excitat
2579 2404 2695 2457 eos,
2742 2397 2804 2444 ut
2833 2389 3123 2459 largiorem
3165 2387 3604 2443 muniﬁcentiam
3646 2385 3725 2440 fa-

2120 2478 2287 2546 ciant,
2317 2493 2388 2533 ne
2428 2485 2828 2549 exsuperentur
2846 2484 2942 2533 aut
2966 2477 3251 2532 vincantur
3279 2476 3348 2532 ab
3368 2476 3504 2532 aliis.

2192 2569 2372 2624 Vsns.
2405 2573 2492 2622 15.
2543 2586 2570 2618 ‹‹
2599 2566 2788 2623 Gratia
2835 2575 3021 2622 autem
3045 2570 3166 2622 Deo
3188 2581 3355 2636 super
3375 2563 3726 2620 inenarrabili

2119 2657 2268 2713 dono
2305 2657 2444 2728 ejus.
2480 2679 2505 2706 »
2560 2659 2784 2712 Donum
2828 2653 2918 2710 hic
2962 2655 3216 2711 nominat
3266 2655 3410 2709 bona
3457 2654 3573 2724 ipsa
3602 2669 3728 2724 qua:

2122 2762 2216 2817 per
2240 2747 2646 2818 eleemosynam
2690 2746 2830 2801 ﬁunt
2860 2753 2984 2801 tum
3025 2744 3283 2801 dantibus
3311 2752 3430 2798 tum
3456 2743 3726 2813 accipien-

2123 2837 2304 2891 tibus:
2361 2836 2445 2892 vel
2469 2835 2745 2891 bonorum
2795 2835 3254 2899 commonefacit,
3289 2834 3490 2906 quibus
3531 2831 3721 2888 donati

2121 2925 2435 2997 dignatique
2485 2941 2682 2982 sumus
2713 2941 2808 2997 per
2860 2925 3295 2980 incarnationem
3341 2922 3572 2988 Christi,
3607 2938 3728 2993 pcr-

2123 3013 2251 3069 inde
2279 3030 2342 3072 ac
2374 3015 2418 3069 si
2468 3014 2617 3070 dicat
2675 3033 2688 3068 :
2728 3013 2876 3068 Nihil
2928 3014 3165 3070 arduum
3195 3029 3292 3068 vos
3331 3010 3509 3068 facere
3542 3011 3729 3066 existi-

2122 3105 2288 3160 metis
2313 3123 2327 3170 ;
2353 3103 2738 3159 inenarrabilia
2779 3106 2930 3158 enim
2961 3111 3088 3158 sunt
3112 3103 3251 3158 bona
3272 3118 3394 3174 quae
3419 3100 3732 3172 accepimus

2051 3182 2096 3244 C
2125 3207 2155 3248 a
2205 3195 2339 3249 Deo.
2397 3193 2544 3263 Quid
2588 3193 2757 3265 igitur
2789 3193 3040 3263 praeclari
3087 3199 3190 3261 est,
3246 3193 3290 3247 si
3343 3207 3514 3264 pauca
3555 3205 3731 3262 eaque

2127 3284 2504 3358 corruptibilia
2536 3284 2777 3342 demus?

2735 3455 2978 3511 CAPUT
3039 3457 3116 3510 Χ.

2195 3609 2376 3662 Vsus.
2401 3612 2452 3662 ι.
2480 3628 2504 3653 ιι
2533 3609 2654 3677 Ipse
2682 3613 2865 3660 autem
2893 3621 2995 3676 ego
3019 3605 3222 3660 Paulus
3251 3604 3481 3660 obsecro
3514 3621 3611 3660 vos
3635 3622 3730 3677 per

2123 3695 2606 3752 mansuetudinem
2652 3703 2706 3750 et
2748 3694 3102 3749 clementiam
3143 3693 3362 3751 Christi.
3394 3718 3419 3741 ι»
3453 3691 3730 3750 Confectis

2120 3785 2188 3842 de
2215 3786 2560 3856 eleemosyna
2599 3783 2968 3852 sermonibus,
2996 3783 3302 3839 austeriora
3331 3799 3484 3838 nunc
3515 3783 3731 3838 orditur

2123 3874 2416 3931 adversum
2438 3873 2914 3946 pseudapostolos,
2943 3881 2998 3928 et
3027 3887 3124 3928 eos
3143 3872 3233 3943 qui
3253 3872 3730 3928 ealumniabantur

2122 3963 2305 4036 ipsum
2332 3979 2435 4019 ceu
2461 3962 2655 4019 rudem
2685 3971 2738 4019 et
2755 3961 3044 4018 indoctum
3061 3969 3116 4017 et
3147 3970 3356 4016 temere
3377 3976 3495 4016 sese
3511 3961 3725 4033 jactan-

2121 4061 2255 4110 tem.
2287 4058 2468 4124 Atque
2505 4052 2745 4123 seipsum
2796 4051 3196 4107 commendare
3251 4057 3479 4107 coactus
3507 4057 3610 4114 est,
3657 4066 3727 4106 ne

2122 4140 2292 4212 ipsius
2312 4139 2632 4212 praedicatio
2658 4139 3043 4211 vilipendatur.
3083 4142 3355 4195 Recenset
3397 4138 3567 4210 igitur
3603 4153 3728 4210 quae

2120 4245 2228 4286 ase
2270 4239 2422 4302 gesta
2448 4237 2600 4296 sunt,
2630 4229 2974 4302 gratiamque
3017 4229 3124 4284 Dei
3171 4229 3271 4284 sibi
3297 4226 3507 4283 datam.
3538 4229 3730 4300 Itaque

2124 4335 2240 4375 non
2291 4319 2652 4388 aberraverit,
2703 4318 2798 4390 qui
2839 4317 2982 4374 hanc
3025 4318 3330 4390 Epistolam
3358 4317 3517 4374 Pauli
3564 4333 3732 4374 enco-

2128 4409 2304 4464 mium
2325 4407 2543 4464 dixerit.
2560 4410 2840 4463 Hactenus
2854 4407 3020 4480 igitur
3041 4407 3112 4464 ab
3123 4407 3352 4463 exordio
3365 4407 3526 4462 talem
3539 4423 3729 4478 quem-

417 4485 566 4551 Τέως
596 4486 641 4544 δ’
682 4473 771 4543 οῦν
819 4483 1102 4565 ἀρχομένῳ
1130 4483 1378 4555 τοιαύτην
1417 4483 1535 4542 τινὰ
1576 4483 1807 4541 διάνοιαν
1855 4486 1884 4540 ὁ
1926 4480 2011 4540 λό-

2121 4498 2255 4556 dam
2283 4514 2510 4554 sensum
2534 4513 2646 4570 prae
2675 4513 2734 4554 se
2763 4496 2873 4554 fert
2894 4497 3074 4554 oratio
3101 4505 3296 4553 contra
3327 4512 3423 4552 eos
3450 4473 3733 4567 qui—illum

417 4597 504 4652 γος
536 4573 782 4653 ἐμφαίνει
836 4574 966 4654 πρὸς
1019 4573 1137 4642 τοὺς
1180 4571 1435 4633 ἀδύνατον
1467 4572 1624 4630 αὖτὸν
1667 4573 2011 4631 ἀποκαλοῦν-

417 4687 512 4730 τας
540 4665 632 4723 καὶ
655 4662 923 4742 ἀλαζόνα,
955 4663 1036 4723 ὅτι
1066 4685 1098 4720 α
1128 4665 1445 4743 Παρακαλῶ
1485 4665 1624 4740 ὑμᾶς
1657 4662 1812 4728 αὐτὸς
1849 4659 1955 4738 ἐγὼ
1985 4664 2012 4719 ὁ

419 4755 633 4820 Παῦλος
670 4777 698 4812 ι)
743 4757 771 4812 ὁ
802 4754 1119 4821 διδάσκαλος
1149 4757 1243 4833 τῇς
1290 4752 1603 4830 οἰκουμένης
1639 4751 1878 4829 (ἀξίωμα
1909 4749 2012 4831 γὰρ

417 4841 661 4923 ἓμφαίνει
681 4841 777 4916 τὸ,
813 4865 842 4900 α
879 4843 1049 4911 Αὐτὸς
1075 4841 1181 4921 ἐγὼ
1210 4845 1239 4900 ὁ
1269 4844 1522 4919 Παῦλος,
1549 4862 1580 4899 1)
1611 4839 1794 4921 ὥσπερ
1823 4844 1915 4900 καί
1934 4839 2012 4914 τὸ,

416 4929 527 4994 Ἴδε
567 4931 672 5011 ἐγὼ
720 4937 749 4992 ὁ
802 4934 1017 5000 Παῦλος
1067 4933 1208 5011 λέγω
1252 4932 1374 5008 ὑμῖν
1432 4930 1524 4990 καὶ
1578 4930 1764 5005 δέομαι
1815 4933 1966 5010 ὓμῶν
1993 4974 2010 5002 ,

418 5020 506 5082 ἵνα
560 5022 638 5098 μή
693 5045 760 5100 με
810 5021 1185 5102 ἀναγκάσωσιν
1239 5023 1288 5080 οῖ
1347 5019 1704 5102 λοιδοροῦντές
1753 5042 1820 5098 με
1875 5019 2014 5102 χρή-

419 5117 616 5172 σασθαι
761 5099 984 5189 δυνάμει
1031 5135 1132 5190 μου
1176 5113 1295 5172 κατ’
1325 5099 1524 5172 αὐτῶν..
1565 5108 1725 5187 Μέγα
1781 5107 1878 5178 μὲν
1924 5099 2014 5168 οῦν

419 5200 510 5261 καὶ
555 5200 617 5260 τὸ
665 5202 826 5261 αὐτὸν
870 5203 1220 5282 παρακαλεῖν.
1254 5199 1321 5261 Ὁ
1357 5200 1412 5259 δὲ
1465 5199 1554 5258 καὶ
1604 5197 1702 5271 τὴν
1733 5198 2013 5280 πραότητα

418 5296 510 5351 τοῦ
552 5293 787 5371 Χριστοῦ
819 5293 892 5358 εἰς
937 5291 1210 5365 μεσιτείαν
1241 5289 1397 5370 ἄγει,
1427 5290 1622 5350 ὡσανεὶ
1662 5289 1830 5371 λέγων
1854 5312 1869 5327 ο
1909 5291 2012 5349 Αἰ-

421 5370 642 5453 δέσθητε
685 5380 783 5452 τὴν
833 5381 1119 5440 ἐπιείκειαν
1170 5385 1262 5440 τοῦ
1312 5381 1591 5459 Χριστοῦ,
1639 5381 1706 5438 δι’
1764 5370 1826 5451 ἧς
1877 5382 2018 5456 ὖμᾶς

419 5473 720 5552 παρακαλῶ
743 5495 756 5508 ·
776 5474 911 5548 ὁμοῦ
941 5469 997 5530 δὲ
1041 5470 1286 5551 ἐμφαίνει
1316 5470 1402 5530 διὰ
1432 5469 1487 5529 τί
1526 5469 1761 5551 φείδεται
1793 5471 1969 5529 αὐτῶν
2000 5493 2014 5506 ·

2120 4587 2483 4661 impotentem
2495 4595 2552 4644 et
2567 4596 2917 4661 arrogantem
2933 4588 3232 4653 vocabant;
3247 4600 3470 4656 nempe,
3486 4583 3732 4641 Obsecro

2122 4692 2219 4733 vos
2262 4677 2376 4748 ipse
2416 4691 2518 4750 ego
2561 4677 2784 4745 Paulus,
2819 4675 2987 4748 294
3031 4683 3306 4732 terrarum
3361 4673 3511 4729 orbis
3537 4672 3734 4729 doctor

2123 4765 2471 4839 (dignitatem
2509 4765 2658 4822 enim
2699 4773 2756 4822 et
2783 4765 3168 4821 auctoritatem
3199 4763 3449 4820 indicant
3466 4761 3584 4818 haec
3607 4778 3730 4817 ver-

2123 4854 2214 4923 ba,
2259 4877 2284 4903 ‹‹
2324 4857 2446 4926 Ipse
2483 4869 2586 4926 ego
2618 4854 2823 4910 Paulus
2854 4875 2868 4911 ε
2914 4877 2941 4902 ν
2972 4853 3198 4925 perinde
3223 4869 3286 4908 ac
3325 4853 3437 4921 illa,
3464 4854 3608 4907 Ecce
3631 4867 3733 4923 ego

2123 4943 2326 5000 Paulus
2352 4942 2480 5000 dico
2505 4945 2662 5001 vobis
2683 4951 2738 4999 et
2775 4959 2976 5015 precor
2994 4959 3112 5010 vos,
3154 4958 3226 4999 ne
3258 4957 3351 4998 me
3390 4948 3590 5014 cogant
3606 4955 3735 4997 con-

2124 5032 2384 5090 viciantes
2430 5031 2566 5089 mihi
2621 5031 2700 5088 uti
2736 5032 2982 5105 potentia
3039 5047 3164 5089 mea
3213 5030 3511 5088 adversum
3540 5029 3732 5101 ipsos).

2123 5123 2323 5194 Magna
2371 5130 2560 5178 autem
2603 5136 2689 5178 res
2740 5129 2825 5178 est
2872 5121 3206 5194 Apostolum
3267 5119 3574 5176 obsecrare.
3637 5117 3734 5174 Ille

2126 5226 2256 5268 vero
2286 5210 2773 5268 mansuetudinem
2797 5211 2970 5267 etiam
2991 5209 3195 5266 Christi
3226 5207 3300 5264 ad
3331 5206 3732 5278 interpellatio-

2125 5315 2254 5357 nem
2287 5300 2532 5368 adducit,
2579 5298 2806 5373 perinde
2847 5314 2911 5356 ac
2951 5299 2997 5354 si
3049 5297 3221 5368 dicat,
3255 5297 3606 5355 Reveremini
3633 5296 3737 5353 cle-

2127 5389 2394 5448 mentiam
2435 5391 2664 5459 Christi,
2718 5405 2818 5462 per
2862 5404 3030 5462 quam
3080 5402 3183 5445 vos
3235 5387 3466 5446 obsecro
3527 5385 3730 5442 :simul

2126 5480 2426 5537 ostendens
2462 5496 2564 5537 cur
2597 5479 2676 5536 eis
2699 5487 2906 5551 parcat,
2927 5478 3187 5534 nimirum
3212 5486 3274 5535 ut
3307 5477 3556 5534 imitetur
3580 5491 3734 5531 man-

1818 5596 2006 5657 νοτίῃ
2046 5598 2344 5660 lectiones.

494 5688 539 5721 ‘°
568 5685 783 5741 εἴκουσιν
809 5703 844 5744 o
941 5687 980 5722 "
1015 5686 1216 5758 μέλλειν
1242 5703 1295 5744 o.
