4134 6448
446 453 552 504 899

1471 445 1984 500 THEOPHYLACTI
2024 444 2376 499 BULGABIIE
2414 445 2729 500 ARCHIEP.

3650 444 3756 496 900

441 572 788 630 suetudinem
839 569 1141 627 Servatoris
1193 570 1423 637 Christi,
1465 586 1576 625 non
1625 570 1749 641 quia
1790 569 2042 625 inﬁrmus

2156 569 2236 628 ὅτι
2292 569 2378 628 διὰ
2427 570 2486 629 τὸ
2540 576 2820 648 μιμεῖσθαι
2877 569 2975 642 τὴν
3019 568 3298 648 πραότητα
3349 572 3441 628 τοῦ
3499 570 3754 648 Σωτῆρος

443 671 545 719 est.
600 666 682 720 Ne
726 661 893 734 igitur
935 659 1142 733 cogatis
1179 675 1268 715 me
1297 659 1531 716 deﬁcere
1558 676 1589 715 a
1619 659 2042 714 mansuetudine

445 751 567 818 hac,
597 766 766 824 quam
787 749 925 807 adeo
953 749 1136 822 cupio,
1167 756 1231 805 ut
1257 757 1310 805 et
1334 747 1741 806 intercessionis
1773 749 1898 806 loco
1922 763 2040 804 eam

443 842 600 898 vobis
629 840 912 914 objiciam.

519 955 544 980 ι
573 931 676 1000 Qui
713 932 770 987 in
811 929 951 987 facie
1005 927 1236 1002 quidem
1279 929 1529 1001 abjectus
1579 945 1708 987 sum
1751 932 1894 988 inter
1922 949 2040 1003 vos,

439 1021 638 1078 absens
685 1028 869 1077 autem
923 1019 1142 1075 conﬁdo
1185 1019 1360 1076 vobis.
1421 1044 1446 1068 ιι
1505 1021 1601 1076 Vel
1651 1036 1752 1092 per
1809 1022 2042 1079 ironiam

439 1111 558 1168 haec
573 1110 726 1180 dicit,
753 1109 1212 1166 calumniantium
1231 1125 1359 1165 eum
1387 1110 1567 1166 verbis
1594 1125 1745 1167 usus.
1771 1112 2044 1168 Dicebant

440 1201 585 1259 enim
611 1200 704 1271 illi,
732 1201 875 1256 Cum
898 1198 1074 1269 adest,
1118 1200 1324 1256 nullius
1365 1207 1450 1256 est
1481 1201 1776 1268 momenti,
1803 1202 1899 1258 sed
1931 1202 2044 1258 vilis

436 1299 600 1363 atque
627 1290 1059 1362 contemptibilis
1091 1308 1105 1345 :
1138 1288 1224 1345 sin
1253 1287 1516 1358 abfuerit,
1540 1297 1720 1346 tumet
1767 1299 1821 1346 et
1845 1307 2042 1364 super—

437 1379 543 1446 bit,
596 1379 870 1452 audetque
914 1379 1208 1436 adversum
1251 1394 1354 1435 nos
1403 1386 1461 1435 et
1502 1378 1910 1437 interminatur.
1945 1383 2043 1438 Vel

439 1484 567 1526 vere
591 1468 711 1525 haec
741 1468 810 1524 de
851 1468 1032 1542 seipso
1062 1468 1238 1524 dicit:
1285 1471 1427 1540 Ego,
1451 1468 1545 1540 qui
1589 1485 1721 1526 cum
1759 1470 1909 1542 apud
1947 1487 2046 1528 vos

439 1558 570 1623 sim,
601 1558 825 1615 humilis
856 1566 912 1614 et
954 1566 1279 1615 mansuetus
1307 1574 1432 1614 sum
1484 1574 1614 1630 erga
1660 1575 1790 1628 vos;
1830 1561 2042 1616 etiamsi

443 1665 590 1704 nunc
641 1664 837 1720 magna
883 1649 1200 1720 proloquar,
1240 1663 1352 1704 non
1405 1663 1472 1704 ex
1524 1649 1841 1720 arrogantia
1898 1650 2044 1708 istud

441 1753 568 1811 ago,
605 1737 705 1794 sed
735 1737 871 1811 quia
901 1737 1180 1794 conﬁdam
1208 1738 1383 1794 vobis.
2012 1724 2024 1736 ’

512 1830 688 1885 Vnus.
716 1832 772 1885 2.
813 1850 841 1877 α
875 1829 1038 1901 Rogo
1067 1836 1252 1884 autem
1297 1843 1415 1897 vos,
1441 1843 1513 1885 ne
1541 1844 1783 1900 prazsens
1811 1829 2044 1887 audeam

2154 661 2426 740 Χριστοῦ,
2456 647 2549 718 καί
2579 661 2637 720 οὖ
2669 659 2756 719 διὰ
2802 659 2862 720 τὸ
2903 658 3127 734 ἀσθενὴς
3161 647 3320 719 εἶναι.
3353 658 3449 729 Μὴ
3481 656 3655 716 τοίνυν
3676 647 3755 734 με

2153 749 2491 826 ἀναγκάσητε
2523 750 2778 822 ἐκστῆναι
2824 749 3046 822 ταύτης·
3095 749 3160 820 ἣν
3212 746 3350 806 οὕτω
3397 751 3584 822 ποθῶ,
3617 744 3755 805 ὥστε

2153 837 2244 896 καὶ
2269 839 2492 915 μεσίτην
2523 840 2721 911 ταύτην
2753 843 2876 918 ὓμῖν
2906 839 3307 921 προϐάλλομαι.

2245 951 2274 987 (ι
2315 927 2418 996 ⁸ος
2467 927 2605 988 κατὰ
2673 927 2958 1010 πρόσωπον
3020 927 3116 1006 μὲν
3175 927 3424 995 ταπεινὸς
3479 929 3530 987 ἐν
3591 929 3715 1004 ὑμῖν
3736 969 3753 999 ,

2154 1015 2304 1076 ἀπὼν
2337 1018 2390 1078 δὲ
2435 1021 2616 1099 θαῤῥῶ
2649 1020 2722 1087 εἷς
2752 1022 2910 1095 ὑμᾶς.
2939 1041 2969 1075 ι)
3026 1018 3104 1079 Ἢ
3153 1021 3269 1077 κατ’
3303 1018 3574 1098 εἰρωνείαν
3603 1016 3758 1076 τοῦτό

2154 1131 2310 1188 φησι,
2338 1117 2446 1174 τοῖς
2493 1111 2597 1168 τῶν
2631 1107 3032 1168 διαϐαλλόντων
3066 1107 3221 1168 αὐτὸν
3263 1106 3440 1188 λόγοις
3473 1105 3756 1188 χρησάμε-

2152 1220 2260 1263 νος·
2295 1195 2473 1275 ἔλεγον
2531 1196 2584 1256 δὲ
2623 1200 2850 1268 ἐκεῖνοι,
2893 1199 2973 1257 ὅτι
3016 1198 3143 1258 ὅταν
3188 1197 3283 1276 μὲν
3325 1202 3512 1277 παρῇ,
3548 1195 3758 1262 οὐδενός

2153 1289 2293 1346 ἐστιν
2325 1286 2464 1355 ἄξιος
2512 1286 2672 1364 λόγου
2694 1333 2710 1362 ,
2748 1288 2889 1348 ἀλλὰ
2921 1286 3205 1364 ταπεινὸς,
3261 1285 3721 1367 εὐκαταφρόνητος
3744 1310 3755 1322 ·

2151 1376 2278 1435 ὅταν
2310 1377 2364 1435 δὲ
2405 1379 2516 1456 ἀπῇ
2537 1421 2552 1447 ,
2585 1385 2728 1459 φυσᾷ
2757 1401 2814 1437 τε
2843 1378 2936 1436 καὶ
2972 1376 3271 1454 κομπάζει,
3305 1375 3397 1434 καὶ
3430 1376 3758 1456 καταθαῤῥεῐ

2153 1468 2306 1541 ἡμῶν
2377 1465 2470 1524 καὶ
2528 1467 2757 1526 ἀπειλεῖ.
2833 1465 2911 1526 Ἣ
2971 1468 3180 1539 ἀληθῶς
3227 1464 3397 1526 ταῦτά
3452 1488 3584 1546 φησι
3636 1461 3760 1543 περὶ

2151 1556 2374 1626 ἑαυτοῦ,
2432 1555 2512 1614 ὅτι
2560 1555 2709 1633 Ἐγὼ
2761 1559 2789 1613 ὃ
2837 1560 2890 1616 ἐν
2940 1558 3018 1636 τῷ
3068 1563 3319 1636 παρεῖναι
3379 1552 3625 1620 ταπεινὸς
3667 1553 3760 1612 καὶ

2152 1653 2320 1722 πρᾶος
2351 1647 2424 1713 εἷς
2467 1647 2639 1723 apag,
2669 1652 2757 1705 νῦν
2791 1648 2837 1705 εἰ
2895 1644 2986 1705 καὶ
3032 1645 3244 1722 μεγάλα
3288 1641 3614 1724 φθέγγομαι,
3665 1643 3760 1701 οὐκ

2149 1732 2200 1802 ἐξ
2249 1733 2499 1800 ἀπονοίας
2523 1739 2679 1795 τοῦτο
2717 1738 2884 1808 ποιῶ,
2945 1736 3066 1793 ἀλλ’
3097 1736 3157 1792 ix
3204 1739 3300 1793 τοῦ
3335 1737 3549 1814 θαῤῥεῖν
3607 1735 3756 1814 ὑμῖν.

2239 1836 2270 1873 α
2306 1814 2518 1897 ᾼέομαι
2571 1815 2625 1874 δὲ
2658 1815 2719 1875 τὸ
2750 1814 2824 1892 μὴ
2873 1813 3059 1894 παρὼν
3094 1815 3362 1897 θαῤῥῆσαι
3502 1811 3760 1884 πεποιθή-

442 1933 538 1990 per
593 1933 721 1974 eam
769 1917 1185 1987 conﬁdentiam,
1253 1934 1360 1989 qua
1407 1917 1695 1975 existimor
1735 1918 1941 1975 audere
1987 1920 2043 1975 in

2163 1926 2270 1977 σει,
2366 1905 2644 1984 λογίζομαι
2673 1906 2942 1982 τολμῆσαι
2963 1904 3054 1962 ἐπί
3077 1895 3224 1970 τινας
3244 1902 3364 1972 τοὺς
3389 1903 3760 1983 λογιζομένους

437 2007 708 2079 quosdam
753 2007 848 2078 qui
876 2007 1220 2064 arbitrantur
1247 2023 1353 2064 nos
1393 2009 1558 2063 veluti
1587 2008 1889 2065 secundum
1923 2025 2048 2064 car-

439 2112 571 2152 nem
619 2096 928 2153 ambulare.
990 2119 1016 2145 ι
1077 2099 1298 2164 Precor,
1328 2096 1528 2168 inquit,
1576 2113 1648 2152 ne
1695 2112 1787 2153 me
1822 2098 2056 2170 adigatis

438 2185 785 2243 conﬁdenter
836 2186 917 2242 uti
965 2185 1207 2256 potentia
1263 2200 1385 2241 mea
1435 2185 1851 2252 (conﬁdentiam
1904 2188 2054 2243 enim

441 2275 749 2346 potentiam
795 2289 952 2330 suam
1001 2279 1178 2341 vocat)
1210 2290 1383 2346 quam
1432 2275 1616 2347 cogito
1671 2275 1896 2345 audere,
1948 2276 2054 2332 hoc

440 2372 523 2420 est
563 2364 616 2419 in
653 2365 906 2420 animum
933 2363 1159 2432 induco,
1190 2363 1511 2432 ratiocinor,
1556 2373 1654 2420 aut
1682 2365 1944 2438 eonjicio,
1987 2382 2052 2423 eo

437 2453 586 2527 quod
604 2454 678 2509 illi
703 2470 793 2510 me
822 2453 1182 2525 compellant,
1202 2453 1496 2510 adversum
1519 2455 1914 2512 calumniantes
1928 2472 2051 2523 nos,

437 2542 592 2615 quasi
643 2542 946 2617 hypocrita;
981 2551 1036 2598 et
1074 2551 1446 2599 ostentatores
1483 2544 1659 2600 simus
1693 2564 1706 2599 :
1747 2544 1854 2600 hoc
1906 2545 2051 2601 enim

438 2640 542 2700 est,
576 2655 604 2682 ι
633 2633 942 2690 secundum
969 2649 1194 2690 carnem
1247 2632 1560 2689 ambulare.
1616 2657 1642 2684 η
1672 2633 1916 2691 Observa
1945 2651 2048 2691 au-

437 2730 554 2778 tem
591 2722 880 2793 quomodo
907 2722 1197 2778 audaciam
1225 2722 1480 2794 appellat,
1522 2722 1676 2794 quod
1724 2723 1955 2780 omnino
1988 2740 2048 2780 se

441 2811 508 2867 de
556 2811 895 2882 quibusdam
954 2811 1144 2867 ulcisci
1211 2813 1361 2874 velit,
1390 2812 1605 2868 etiamsi
1653 2828 1770 2867 non
1821 2822 2048 2884 propter

437 2901 706 2970 seipsum,
735 2900 832 2956 sed
872 2899 945 2956 ob
974 2901 1209 2956 verbum
1252 2917 1280 2956 a
1335 2916 1396 2957 se
1427 2901 1785 2972 praedicatum
1835 2901 1942 2958 hoc
1970 2901 2052 2956 fa-

438 2997 630 3045 cturus
667 2997 802 3045 erat.
853 2991 1115 3046 Attamen
1164 2989 1342 3061 magis
1400 2988 1626 3045 interest
1670 2990 2046 3063 praeceptoris,

438 3078 497 3134 in
523 3077 804 3150 suppliciis
846 3078 1110 3148 cunctari,
1153 3094 1254 3134 nec
1281 3086 1551 3150 protenus
1580 3078 1651 3135 ad
1684 3079 1776 3135 illa
1819 3080 2047 3136 insilire.

508 3171 690 3225 Vsns.
721 3173 774 3223 3.
804 3189 831 3216 α
862 3169 923 3222 In
948 3183 1110 3224 carne
1133 3168 1277 3224 enim
1311 3168 1678 3237 ambulantes,
1703 3185 1820 3226 non
1849 3186 2047 3225 secun-

441 3257 577 3314 dum
638 3271 868 3314 carnem
912 3257 1234 3313 militamus.
1272 3281 1296 3306 ν
1344 3260 1466 3314 Ηοο
1496 3267 1600 3327 est,
1630 3275 1794 3316 carne
1835 3259 2046 3328 amicti,

2167 1997 2311 2072 ἡμᾶς
2339 1998 2408 2062 ὡς
2437 1995 2576 2054 κατᾶ
2601 1995 2775 2074 σάρκα
2805 1999 3242 2074 περιπατοῦντας.
3264 2015 3291 2052 n
3327 2020 3442 2048 -α
3474 1994 3700 2069 Δέομαι,
3731 2020 3755 2047 υ

2163 2084 2321 2164 φησὶν
2341 2127 2358 2158 ,
2389 2081 2477 2142 ἵνα
2507 2084 2584 2161 μή
2619 2108 2684 2162 με
2715 2084 3058 2164 ἀναγκάσητε
3087 2083 3419 2166 θαῤῥοᾶντως
3458 2083 3512 2122 ⁴²
3544 2082 3760 2164 χρήσα-

2163 2177 2285 2232 σθαι
2429 2173 2650 2252 δυνάμει
2685 2174 3026 2250 (πεποίθησιν
3056 2173 3159 2254 γὰρ
3209 2172 3306 2246 τὴν
3338 2172 3561 2250 δύναμιν
3605 2176 3763 2232 αὐτοῦ

2163 2264 2338 2343 καλεῖ)
2362 2290 2384 2314 ο
2411 2255 2738 2343 ᾗλογίζομαι
2759 2265 3055 2342 τολμῆσαι,
3078 2291 3103 2315 ι
3125 2262 3418 2336 τουτέστιν,
3445 2262 3762 2338 ὑπολαμϐά-

2163 2376 2237 2411 νω
2266 2354 2357 2435 καὶ
2385 2354 2698 2428 λογίζομαι,
2732 2350 2766 2424 ἢ
2793 2353 3129 2432 στοχάζομαι
3169 2354 3259 2433 ἀφ’
3291 2343 3364 2412 ὧν
3395 2351 3584 2411 ἐκεῖνοί
3613 2352 3667 2390 ⁴³
3694 2376 3762 2429 με

2165 2443 2520 2521 ἀναγκάζουσι
2565 2442 2703 2502 κατὰ
2751 2447 2857 2502 τῶν
2892 2443 3292 2521 διαβαλλόντων
3338 2446 3482 2516 ἡμᾶς
3531 2445 3600 2508 ὣς
3630 2441 3761 2502 ὓπο-

2162 2532 2346 2612 κριτὰς
2374 2533 2466 2593 καὶ
2516 2532 2804 2602 ἀλαζόνας·
2839 2536 2994 2592 τοῦτο
3039 2532 3142 2612 γὰρ
3171 2533 3267 2603 τὸ,
3314 2553 3345 2590 (ι
3397 2530 3557 2592 Κατὰ
3589 2529 3761 2611 σάρκα

2163 2628 2611 2702 περιπατοῦντας.
2658 2644 2688 2680 n
2750 2619 2901 2702 θορα
2954 2620 3043 2700 δὲ,
3095 2624 3208 2689 πῶς
3249 2620 3454 2700 τόλμαν
3504 2622 3660 2679 καλεῖ
3703 2619 3763 2680 τὸ

2162 2709 2296 2779 ὅλως
2342 2710 2648 2790 ἀμύνασθαί
2678 2735 2850 2789 τινας,
2885 2710 3062 2771 καίτοι
3093 2735 3154 2791 γε
3205 2713 3306 2790 οὐχ
3353 2713 3488 2791 ὕπὲρ
3543 2713 3762 2784 ἑαυτοῦ,

2164 2803 2282 2859 ἀλλ’
2331 2800 2465 2881 δτιὲρ
2521 2805 2614 2862 τοῦ
2671 2800 3014 2881 κηρύγματος
3070 2806 3224 2860 τοῦτο
3275 2801 3469 2878 ἔμελλε
3514 2803 3758 2872 ποιῆσαι.

2163 2887 2316 2949 Ἀλλ’
2351 2889 2492 2967 ὅμως
2534 2894 2611 2970 τῷ
2659 2891 2964 2972 διδασκάλῳ
3012 2889 3322 2970 οἰκειότερον
3353 2889 3414 2948 τὸ
3446 2892 3498 2949 ἐν
3528 2889 3643 2958 ταῖς
3672 2914 3757 2948 τι-

2164 2978 2388 3060 μωρίαις
2411 2980 2622 3055 μέλλειν
2647 2980 2752 3060 ἀεὶ,
2781 2979 2874 3039 καὶ
2896 2979 2970 3055 μὴ
2996 2979 3204 3060 ταχέως
3222 2979 3439 3048 ταύταις
3464 2979 3754 3060 ἐπιπηδᾷν.

2250 3185 2274 3213 α
2323 3160 2421 3222 Ἐν
2453 3161 2612 3240 σαρκὶ
2643 3160 2748 3242 γὰρ
2802 3163 3264 3241 περιπατοῦντες,⁸
3301 3161 3360 3219 οὔ
3415 3159 3556 3218 κατὰ
3587 3159 3761 3241 σάρκα

2162 3249 2642 3329 στρατευόμεθα.»
2696 3251 2995 3326 Τουτέστι,
3043 3248 3219 3330 σάρκα
3262 3249 3655 3330 περικείμενοι,
3699 3252 3761 3309 οὗ

439 3345 754 3402 carnalibus
796 3346 971 3402 armis
1032 3346 1176 3404 haud
1241 3346 1465 3403 utimur.
1525 3351 1604 3404 De
1657 3327 2044 3420 praedicatione

2155 3327 2434 3420 σαρκικοῖς
2471 3338 2653 3408 ὅπλοις
2693 3339 2970 3421 χρώμεθα.
3007 3327 3142 3419 Περῖ
3195 3341 3296 3418 γὰρ
3325 3327 3416 3398 τοῦ
3467 3337 3759 3418 κηρύγμα-

441 3437 597 3492 enim
634 3436 895 3506 disputat,
945 3435 1244 3493 ostendens
1295 3437 1442 3508 quod
1499 3453 1611 3494 non
1669 3438 1742 3494 sit
1783 3438 2046 3508 humana,

439 3541 619 3597 neque
646 3525 907 3581 humanae
935 3526 1053 3598 opis
1082 3524 1289 3598 indiga.
1324 3527 1467 3583 Cum
1495 3536 1681 3584 autem
1707 3528 1860 3593 dicit,
1886 3551 1913 3577 ‹‹
1943 3529 2046 3584 Mi-

439 3615 684 3685 litamus,
716 3607 744 3665 υ
795 3615 1053 3688 prmlium
1080 3623 1136 3671 et
1180 3631 1429 3688 pugnam
1464 3632 1569 3674 nos
1609 3619 1913 3690 suscepisse
1951 3619 2045 3675 in-

437 3704 610 3761 dicat.

508 3797 682 3852 Vsns.
731 3801 788 3851 4.
824 3817 852 3846 σι
908 3797 1049 3852 Nam
1078 3811 1232 3852 arma
1257 3795 1467 3852 militiai
1506 3804 1717 3854 nostra;
1753 3813 1867 3855 non
1910 3808 2045 3855 sunt

439 3885 704 3942 carnalia.
752 3904 783 3939 ιι
814 3887 939 3942 Hoc
966 3895 1070 3956 est,
1112 3903 1224 3942 non
1247 3902 1400 3958 opes,
1432 3903 1544 3943 non
1573 3887 1768 3959 gloria,
1792 3903 1904 3944 non
1925 3888 2043 3945 elo-

434 3976 676 4046 quentia,
701 3991 814 4031 non
841 3976 1202 4044 adulationes,
1229 3991 1344 4031 non
1373 3975 1716 4048 hypocrisis:
1748 3975 1875 4034 talia
1895 3977 2039 4034 enim

438 4065 673 4120 carnalia
721 4073 852 4119 sunt
871 4079 1050 4120 arma.

511 4177 536 4202 α
578 4153 690 4211 Sed
729 4155 979 4224 potentia
1013 4158 1158 4222 Deo,
1206 4155 1274 4211 ad
1311 4153 1740 4212 destructionem
1781 4157 2042 4212 munitio-

436 4259 592 4298 num.
624 4266 650 4290 ιι
676 4246 802 4297 Νοιι
832 4242 992 4309 dixit,
1021 4242 1116 4297 sed
1133 4243 1450 4314 Spiritualia
1472 4244 1597 4311 (hoc
1624 4246 1776 4301 enim
1811 4246 2040 4302 omnino

441 4331 721 4388 debuisset
748 4331 954 4399 dicere,
1003 4339 1063 4386 ut
1088 4334 1296 4388 carnali
1317 4341 1726 4404 opponeretur),
1755 4333 1852 4390 sed
1885 4358 1910 4383 α
1941 4352 2044 4406 po-

444 4421 646 4489 tentia,
672 4442 695 4468 »
729 4420 1082 4476 subiudicans
1111 4421 1186 4477 ita
1235 4438 1431 4478 eorum
1460 4439 1544 4479 res
1572 4439 1691 4480 esse
1736 4424 2043 4479 imbecilles

443 4509 610 4580 295
625 4519 679 4564 et
696 4509 1043 4582 impotentes.
1063 4511 1358 4567 Considera
1377 4519 1564 4567 autem
1575 4511 1879 4568 demissum
1899 4512 1955 4567 in
1976 4529 2041 4569 eo

2154 3451 2239 3496 τος
2297 3428 2636 3509 διαλέγεται,
2678 3428 2884 3497 δεικνὺς
2917 3427 3000 3489 ὅτι
3052 3431 3148 3488 οὐκ
3197 3428 3342 3488 ἔστιν
3401 3427 3760 3508 ἀνθρώπινον,

2153 3516 2272 3578 οὐδὲ
2306 3523 2401 3591 τῆς
2459 3519 2696 3580 κάτωθεν
2761 3519 3007 3598 δεόμενον
3064 3519 3328 3598 βοηθείας.
3368 3542 3399 3575 α
3451 3518 3760 3598 Στρατευό-

2152 3613 2288 3686 μεθα
2313 3627 2347 3664 ἱ)
2397 3607 2484 3686 δὲ,
2521 3609 2718 3687 εἰπὼν,
2778 3608 2965 3678 ἔδειξεν
3013 3606 3094 3668 ὅτι
3144 3609 3381 3687 πόλεμον
3436 3606 3528 3668 καὶ
3574 3608 3759 3688 μάχην

2153 3696 2535 3776 ἀνεδεξάμεθα.

2241 3810 2271 3846 α
2297 3790 2383 3849 Τὰ
2409 3787 2512 3869 γὰρ
2534 3787 2676 3848 δ’πλα
2725 3791 2820 3861 τῆς
2845 3788 3126 3870 στρατείας
3159 3791 3310 3866 ἡμῶν
3348 3788 3408 3847 οὗ
3438 3786 3690 3866 σαρκικά.
3717 3809 3747 3844 ι)

2151 3877 2472 3953 Τουτέστιν,
2502 3881 2560 3938 οὐ
2613 3881 2874 3951 πλοῦτος,
2910 3881 2969 3938 οὗ
3015 3878 3168 3953 δόξα,
3202 3879 3298 3938 οὐκ
3326 3877 3625 3956 εὖγλωττία
3649 3923 3665 3953 ,
3697 3877 3757 3935 οὗ

2149 3970 2461 4042 κολακεῖαι,
2493 3969 2594 4048 οὐχ
2641 3968 2976 4050 ὓποκρίσειςο
3020 3973 3239 4029 τοιαῦτα
3269 3966 3373 4048 γὰρ
3423 3966 3490 4026 τὰ
3525 3965 3758 4048 σαρκικὰ

2151 4054 2317 4118 ὅπλα.

2241 4168 2270 4202 (ι
2314 4144 2475 4205 Ἀλλὰ
2507 4144 2705 4205 δυνατᾶ
2869 4150 3030 4229 Θεῷ,
3086 4146 3215 4228 πρὸς
3261 4145 3570 4227 καθαίρεσιν
3624 4147 3753 4226 ὀχυο

2153 4233 2441 4316 ρωμάτων.
2507 4258 2535 4294 ι
2599 4238 2716 4295 Οὖκ
2769 4226 2978 4310 εἶπενί
3017 4236 3096 4296 ὅτι
3135 4226 3140 4228 ﬁ
3176 4235 3343 4297 Ἀλλὰ
3417 4226 3756 4308 πνευματικὰ

2155 4325 2171 4404 (
2201 4329 2354 4384 τοῦτο
2395 4325 2498 4405 γὰρ
2527 4325 2737 4393 πάντως
2765 4324 2987 4408 ὤφειλεν
3029 4332 3200 4385 εἰπεῖν
3232 4325 3362 4406 πρὸς
3415 4326 3754 4384 ἀντιδιαστο-

2149 4411 2246 4485 λὴν
2266 4419 2360 4473 τοῦ
2387 4416 2684 4497 σαρκικοῧ),
2707 4417 2869 4493 ἀλλὰ,
2910 4438 2937 4475 tt
2954 4415 3170 4477 Δυνατά
3185 4439 3198 4453 ⁸
3215 4437 3245 4474 n
3284 4415 3650 4491 αἰνιττόμενος
3673 4413 3752 4471 ὅτι

2150 4502 2218 4561 τὰ
2247 4505 2460 4562 ἐκείνων
2514 4507 2707 4577 ἀσθενῆ
2748 4506 2840 4564 καὶ
2871 4505 3126 4566 ἀδύνατα.
3166 4505 3277 4566 Καὶ
3301 4506 3487 4566 σκόπει
3518 4503 3577 4563 τὸ
3620 4503 3758 4562 ἄτυ-

439 4600 692 4672 spiritum
717 4618 731 4656 :
764 4615 882 4656 non
899 4600 1039 4656 dixit
1065 4601 1234 4668 enim,
1265 4603 1383 4658 Nos
1407 4609 1657 4674 potentes
1677 4617 1893 4671 sumus,
1924 4603 2041 4672 sed,

2155 4617 2283 4674 φονο
2327 4595 2422 4652 οὖκ
2479 4585 2656 4667 εἶπεν,
2690 4595 2771 4654 ὅτι
2826 4593 3016 4673 Ἡμεῖς
3079 4595 3322 4666 δυνατοὶ,
3383 4595 3555 4666 ἀλλὰ,
3607 4621 3632 4646 «
3669 4592 3759 4654 Τὰ

2158 4684 2341 4700 ...κ
2482 4683 2757 4700 ...οη
3007 4685 3021 4700 ι
3194 4683 3340 4700 ,με
3437 4682 3586 4700 ς...
3730 4683 3744 4700 ι

443 4711 469 4735 «ι
495 4691 666 4744 Arma
707 4689 952 4759 potentia
981 4692 1123 4756 Deo,
1152 4711 1176 4737 ν
1209 4688 1314 4745 hoc
1337 4699 1440 4758 est,
1479 4694 1631 4746 Deus
1656 4691 1769 4762 ipsa
1798 4693 2038 4762 potentia

440 4777 641 4834 effecit.
671 4779 814 4850 Quia
839 4779 987 4834 enim
1015 4779 1320 4851 agebantur
1366 4785 1422 4835 et
1449 4780 1640 4853 ﬂagris
1661 4780 2034 4852 caedebantur,

437 4868 780 4923 inﬁrmitatis
803 4878 989 4924 autem
1023 4868 1144 4925 haec
1177 4885 1298 4925 esse
1327 4869 1656 4928 videbantur
1709 4889 1724 4925 :
1775 4874 1896 4927 Deo
1936 4873 2040 4942 (in-

435 4958 573 5029 quit)
607 4957 847 5029 potentia
886 4966 1016 5014 sunt
1038 4957 1176 5014 haec.
1200 4959 1301 5014 Dei
1330 4975 1568 5032 namque
1596 4961 1770 5017 robur
1799 4978 1893 5033 per
1921 4961 2040 5018 haec

438 5048 678 5103 maxime
717 5055 962 5118 apparet,
1001 5062 1064 5102 ac
1087 5047 1174 5104 ille
1218 5056 1305 5104 est
1337 5049 1432 5119 qui
1472 5058 1731 5120 operatur
1759 5059 1812 5105 et
1837 5051 2045 5106 bellum

439 5139 594 5210 gerit,
619 5136 836 5193 etiamsi
862 5152 965 5194 nos
996 5137 1108 5192 illis
1147 5137 1490 5194 amiciamur.
1539 5139 1651 5195 Ubi
1683 5146 1878 5195 autem
1912 5149 2046 5195 sunt

441 5226 836 5297 potentiaPAd
878 5226 1297 5283 demolitionem
1329 5227 1717 5284 munitionum.
1768 5229 2039 5298 Quaenam

439 5324 626 5373 autem
663 5318 774 5373 sint
798 5316 919 5374 ista;
955 5317 1317 5389 munitiones,
1342 5317 1634 5374 subinfert.

514 5430 541 5456 ι
575 5406 1039 5463 Batiocinationes
1063 5407 1424 5464 destruentes.
1454 5431 1478 5456 ι
1527 5409 1853 5465 Graecorum
1876 5409 2039 5482 syllo-

439 5495 664 5568 gismos,
705 5495 902 5567 inquit,
956 5505 1013 5552 et
1055 5497 1268 5555 fastum
1301 5513 1493 5554 eorum
1531 5496 1863 5555 demolimur
1892 5497 2040 5554 hisce

2151 4684 2292 4743 ὅπλα
2313 4683 2509 4743 δυνατὰ
2535 4687 2610 4764 τῷ
2635 4686 2793 4765 Θεῷ,
2815 4707 2843 4743 n
2868 4685 3162 4759 τουτέστιν,
3187 4688 3214 4744 ὁ
3242 4683 3378 4752 Θεὸς
3395 4682 3530 4742 αὐτὰ
3557 4683 3757 4741 δυνατὰ

2148 4773 2554 4834 κατεσκεύασεν.
2608 4774 2828 4846 Ἐπειδὴ
2863 4774 2967 4854 γὰρ
3024 4777 3316 4848 ἠλαύνοντο
3378 4772 3471 4832 καὶ
3535 4772 3758 4848 ἐμαστί-

2149 4865 2320 4937 ζοντο,
2349 4861 2618 4930 ἀσθενείας
2649 4865 2703 4922 δὲ
2738 4870 2907 4922 ταῦτα
2953 4863 3198 4939 ἐδόκουν,
3233 4862 3392 4943 φησὶν
3425 4863 3506 4921 ὅτι
3555 4861 3756 4920 δυνατά

2150 4955 2252 5011 εἰσι
2278 4960 2446 5012 ταῦτα
2478 4956 2552 5032 τῷ
2579 4956 2725 5033 Θεῷ.
2762 4953 2838 5012 ⁶Η
2862 4951 2963 5032 γὰρ
3003 4959 3094 5012 τοῦ
3131 4955 3273 5013 Θεοῦ
3319 4951 3471 5032 ἰσχὺς
3503 4951 3591 5012 διὰ
3624 4951 3751 5009 τούσ-

2154 5066 2258 5101 των
2282 5041 2520 5118 μάλιστα
2557 5043 2834 5122 φαίνεται,
2890 5043 3130 5109 κάκεῖνός
3161 5044 3302 5103 ἐστιν
3335 5047 3362 5102 ὁ
3407 5043 3634 5122 ἐνεργῶν
3666 5041 3758 5099 καὶ

2153 5133 2430 5208 πολεμῶν,
2460 5134 2507 5190 εἶ
2538 5131 2629 5190 καὶ
2659 5135 2814 5210 ἡμεῖς
2845 5131 2983 5190 αὐτὰ
3019 5133 3386 5213 περικείμεθα.
3419 5135 3536 5192 Ποῦ
3565 5131 3623 5189 δέ
3651 5134 3758 5190 εἰσι

2149 5220 2376 5295 δυνατά;
2439 5242 2469 5279 α
2515 5223 2610 5289 Εἷς
2643 5221 2953 5301 καθαίρεσιν
3001 5222 3405 5303 ὀχυρωμάτωνο
3464 5250 3486 5273 ι·
3521 5220 3611 5280 καὶ
3640 5219 3756 5278 τίνα

2148 5310 2216 5369 τὰ
2243 5310 2606 5391 ὀχυρώματα,
2640 5312 2900 5392 ἐπιφέρει.

2238 5423 2268 5460 α
2297 5399 2599 5479 Λογισμοὺς
2646 5406 3035 5482 καθαιροῦντες.
3069 5428 3093 5455 ιο
3130 5401 3270 5468 Τοὺς
3326 5404 3432 5460 τῶν
3474 5398 3755 5472 Ἑλλήνων

2152 5491 2568 5571 συλλογισμοὺς,
2620 5491 2785 5571 φησὶ,
2817 5491 2909 5550 καὶ
2940 5491 3032 5551 τὸν
3067 5496 3227 5572 τῦφον
3266 5493 3440 5550 αὐτῶν
3470 5495 3754 5570 καθαιροῦ-

1829 5671 2024 5730 Variae
2071 5671 2374 5736 lectiones.

513 5751 556 5788 δ’
586 5753 876 5826 θαῤῥοῦντος
912 5771 966 5811 0.
1043 5755 1087 5790 ⁸⁸
1114 5756 1336 5811 κάκεῖνοι
1367 5774 1418 5814 ο.
