4134 6416
407 418 500 468 901
1300 412 1648 468 EXPOSITIO
1691 415 1753 467 IN
1792 415 1998 470 EPIST.

2109 417 2214 472 ἈΒ
2254 416 2411 472 COR.
2450 447 2518 457 -—
2558 419 2706 474 CAP.
2751 420 2810 474 Χ.

3608 433 3712 487 902

403 563 500 614 μεν
529 538 616 596 διὰ
661 537 860 598 τούτων
889 541 992 597 τῶν
1023 536 1200 597 ὅπλων
1234 536 1292 614 ἢ,
1323 534 1402 595 ὅτι
1440 535 1644 604 Αὐτοὺς
1685 538 1807 606 τοὺς
1851 542 1998 618 λογι-

2119 541 2309 610 armis,
2353 542 2436 598 vel
2471 543 2595 614 quia
2625 545 3070 604 ratiocinationes
3091 548 3201 604 sive
3224 552 3586 624 cogitationes
3615 571 3704 611 eo-

401 627 568 705 σμοῦς
616 630 788 687 αὐτῶν
837 627 1054 694 καὶτὰς
1099 627 1272 708 ψυχὰς
1327 626 1741 704 καταϐάλλομεν
1795 629 1854 686 ἐκ
1903 633 1998 699 τ’ἧς

398 719 604 789 πλάνης
624 764 641 794 ,
749 717 1135 798 κεκράτηνται,
1179 716 1269 774 καὶ
1303 715 1678 793 ὑποτάσσομεν
1691 717 1742 754 ⁴⁴
1864 721 1999 788 ἀλη-

401 807 538 886 θείᾳ.
573 806 643 867 Ὁ
672 807 775 886 γὰρ
804 813 895 867 τοῦ
926 804 1330 888 Ἀρειοπαγίτου
1378 806 1657 884 λογισμὸς,
1708 806 1800 865 καὶ
1838 811 1873 878 ἡ
1905 831 2000 884 με·

399 896 681 972 γαλόνοια,
733 896 1000 976 καθῃρέθη
1044 896 1138 975 μὲν
1173 894 1277 953 ἀπὸ
1309 897 1411 976 τῆς
1427 894 1710 974 ἀσεϐείας,
1743 897 1998 968 ὕπεκλίθη

400 985 458 1044 δὲ
612 985 870 1066 εὐσεϐείᾳ.
921 983 1066 1064 ⁰¹Ορα
1097 983 1187 1058 δὲ,
1231 985 1326 1043 οὐκ
1361 975 1542 1060 εἶπεν,
1596 982 1678 1043 ὅτι
1737 985 1998 1064 Μηχανή-

399 1098 548 1151 ματα
595 1077 934 1154 προσάγομεν
955 1121 971 1148 ,
1006 1072 1158 1146 ἀλλ’,
1204 1075 1372 1141 Εὐθὺς
1413 1077 1797 1152 καθαιροῦμεν·
1829 1075 1888 1133 τὸ
1919 1074 2000 1134 εὖ·

397 1167 552 1223 κολον
581 1169 676 1236 τῆς
703 1163 851 1237 νίκης
884 1164 977 1224 καὶ
1027 1165 1088 1224 τὸ
1118 1163 1343 1222 δυνατὸν
1374 1165 1478 1220 τῶν
1529 1164 1698 1242 βελῶν
1721 1162 1770 1197 ⁴⁵
1795 1164 1994 1236 δηλῶν.

489 1277 519 1312 α
551 1254 662 1315 Καὶ
698 1263 805 1313 πᾶν
833 1255 1030 1335 ὕψωμα
1063 1252 1412 1333 ἐπαιρόμενον
1446 1251 1588 1311 κατὰ
1619 1255 1715 1322 τῆς
1755 1251 2000 1330 γνώσεως

397 1350 490 1404 τοῦ
522 1346 684 1408 Θεοῦ.
709 1367 739 1402 n
777 1343 1050 1421 Ἐπιμένει
1079 1347 1145 1423 τῇ
1169 1348 1372 1422 τροπῇ,
1403 1341 1492 1402 ἵνα
1538 1340 1913 1422 ἐναργέστερον
1944 1343 1997 1382 *⁸⁸

397 1432 618 1512 δηλώσῃ
665 1431 694 1492 δ
741 1433 1010 1514 βούλεται.
1049 1432 1232 1504 Φησὶν
1263 1423 1384 1506 οῦν,
1417 1433 1500 1492 ὅτι
1537 1429 1652 1491 Κᾶν
1686 1431 1884 1513 ὕψωμα
1917 1431 1997 1491 εἴ-

396 1545 533 1602 πῃς,
589 1523 830 1584 τουτέστι
866 1523 1168 1604 πύργωμα,
1239 1520 1274 1584 '7.
1331 1521 1572 1605 φρούριον
1616 1521 1995 1595 ἀνθιστάμενον

393 1617 466 1694 τῇ
492 1612 682 1692 γνώσει
702 1619 793 1675 τοῦ
841 1617 982 1678 Θεοῦ
1003 1658 1021 1690 ,
1075 1611 1194 1684 ἤτοι
1235 1616 1310 1693 τῷ
1350 1609 1660 1691 Εὐαγγελίῳ
1677 1656 1694 1688 ,
1726 1612 1816 1670 καὶ
1842 1618 1998 1672 τοῦτο

398 1708 778 1782 καθαιροῦμεν.

489 1815 518 1849 (ι
553 1793 662 1854 Καὶ
715 1793 1200 1874 αἰχμαλωτίζοντες
1241 1802 1348 1853 πᾶν
1401 1791 1576 1867 νόημα
1625 1793 1698 1858 εἰς
1750 1791 1844 1862 τὴν
1894 1794 1996 1850 ὓπ-

2110 647 2236 686 rum
2288 639 2344 688 et
2387 633 2602 689 animas
2636 633 2922 706 dejicimus
2970 652 3038 692 ex
3080 652 3266 695 errore
3315 657 3424 712 quo
3467 643 3704 701 detenta:

2109 719 2366 792 ἶσοι-εζοοὶ
2381 723 2600 779 veritati
2626 723 2959 796 subjicimus.
2994 729 3338 801 Areopagitae
3385 731 3530 788 enim
3567 735 3708 790 ratio

2109 817 2165 865 et
2200 825 2400 883 magna
2428 828 2584 868 mens
2618 813 2832 870 sublata
2869 824 2951 871 est
2990 815 3059 873 ab
3106 817 3390 890 impietate
3433 829 3489 876 et
3517 823 3704 894 pietati

2109 899 2346 956 subdita.
2407 901 2799 960 Animadverte
2835 913 3019 961 autem
3083 907 3236 980 quod
3307 908 3530 979 dixerit,
3590 915 3706 967 Ma-

2109 987 2298 1046 chinas
2325 990 2710 1061 admovemus,
2762 993 2879 1063 sed,
2925 995 3118 1052 Statim
3165 995 3524 1067 demolimur,
3575 1017 3706 1056 cum

2110 1078 2352 1136 victoria:
2378 1076 2718 1151 facilitatem,
2744 1090 2867 1140 tum
2899 1100 3183 1143 armorum
3216 1089 3524 1159 potentiam
3570 1090 3713 1146 indi—

2109 1185 2259 1227 cans.

2179 1262 2360 1317 Vnns.
2394 1267 2448 1318 5.
2478 1285 2505 1312 ι
2536 1265 2608 1319 Et
2644 1279 2874 1320 omnem
2897 1265 3241 1323 altitudinem
3263 1269 3621 1327 extollentem
3648 1287 3710 1328 se

2107 1346 2367 1406 adversus
2414 1350 2700 1408 scientiam
2744 1353 2868 1409 Dei.
2907 1377 2935 1403 ι
2973 1355 3297 1412 Perseverat
3340 1357 3397 1413 in
3434 1363 3616 1430 tr0p0,
3648 1369 3712 1416 ut

2108 1437 2259 1508 quod
2285 1439 2414 1495 velit
2439 1441 2638 1498 clarius
2673 1442 2921 1514 explicet.
2961 1444 3038 1513 Si,
3083 1445 3282 1517 inquit,
3312 1447 3553 1504 altitudo
3587 1447 3712 1506 fue-

2106 1526 2198 1592 rit,
2228 1526 2334 1583 hoc
2365 1537 2468 1598 est,
2499 1530 2691 1586 turrita
2729 1533 2961 1589 munitio
3001 1533 3080 1590 vel
3109 1536 3589 1608 propugnaculum
3621 1555 3711 1596 re-

2109 1616 2314 1674 sistens
2353 1618 2598 1676 scientiae
2635 1621 2764 1691 Dei,
2789 1621 3039 1696 adeoque
3060 1623 3380 1698 Evangelia,
3409 1627 3462 1684 id
3491 1645 3710 1702 quoque

2109 1705 2462 1764 demolimur.

2185 1817 2214 1845 ‹‹
2237 1798 2308 1852 Et
2331 1798 2383 1852 in
2403 1799 2771 1870 captivitatem
2789 1801 3104 1875 redigentes
3136 1819 3363 1861 omnem
3375 1805 3709 1865 intellectum

397 1881 566 1953 ακοὴν
597 1887 686 1942 τοῦ
718 1865 978 1964 Χριστοῦ.
1008 1905 1038 1942 n
1070 1884 1150 1944 Τὸ
1179 1888 1274 1956 τῆς
1303 1865 1680 1962 αἰχμαλωσίας
1702 1881 1870 1959 ὄνομα
1902 1881 1994 1939 δύο

2107 1881 2161 1938 in
2187 1865 2515 1958 obsequium
2544 1888 2764 1945 Christi.
2796 1913 2822 1939 σι
2869 1865 3209 1965 captivitatis
3238 1893 3570 1951 vocabulum
3596 1896 3710 1954 duo

394 1972 584 2043 δηλοῖ·
623 1973 716 2032 καὶ
776 1973 873 2046 τὴν
909 1972 1172 2033 ἔκπτωσιν
1232 1977 1324 2044 τῆς
1376 1971 1710 2052 ἐλευθερίας,
1771 1972 1862 2030 καὶ
1903 1971 2001 2041 τήν

394 2061 604 2120 τελείαν
647 2062 884 2139 ἅλωσιν,
934 2063 1072 2124 ὥστε
1125 2061 1201 2135 μὴ
1252 2063 1564 2134 ἀντιστῆναι
1623 2061 1806 2120 πάλιν.
1846 2060 2002 2120 Κατὰ

395 2156 525 2231 γοῦν
552 2151 614 2211 τὸ
654 2152 892 2232 δεύτερον
944 2151 1332 2230 σημαινόμενον
1393 2142 1537 2210 εἶπεν
1582 2153 1610 2208 ὁ
1661 2152 1873 2216 Παῦλος
1911 2155 2002 2208 νῦν

393 2241 480 2313 τὸ,
535 2264 565 2299 «
613 2241 1130 2323 Αἰχμαλωτίζοντες.
1191 2266 1224 2298 π»
1278 2244 1359 2300 Οὔ
1429 2238 1535 2320 γὰρ
1583 2240 1996 2319 περιγινόμεθα,

396 2331 558 2410 φησὶ,
615 2331 806 2410 μόνον,
859 2331 953 2391 καὶ
981 2334 1212 2408 νικῶμεν
1257 2339 1440 2388 πᾶσαν
1495 2329 1829 2408 ἀνθρωπίνην
1882 2329 2000 2386 διά-

393 2443 574 2493 νοιαν,
623 2422 763 2482 ἀλλὰ
808 2419 900 2480 καὶ
952 2419 1418 2500 αἶχμαλωτίζομεν
1447 2441 1461 2456 ο
1492 2417 1622 2497 ὅπερ
1655 2417 1796 2476 ἐστὶν
1826 2421 1859 2486 ἡ
1908 2441 1998 2475 τε-

395 2509 640 2592 λειοτέρα
669 2511 811 2583 νίκη.
862 2513 1002 2570 Εἶτα
1032 2510 1147 2570 ἐπεὶ
1187 2509 1249 2568 τὸ
1277 2513 1372 2580 τῆς
1406 2507 1781 2587 αἰχμαλωσίας
1827 2505 1998 2584 ὄνομα

398 2599 538 2680 βαρὺ
559 2645 577 2676 ,
607 2599 788 2681 φησίν
827 2623 855 2658 α
894 2600 988 2668 Εἷς
1013 2598 1112 2671 τὴν
1152 2597 1394 2670 ὑπακοὴν
1425 2603 1520 2656 τοῦ
1552 2598 1816 2676 Χριστοῦ·
1846 2619 1998 2655 τουτ-

395 2691 573 2764 ἐστιν,
631 2692 724 2758 Εἷς
778 2691 1022 2750 δουλείαν
1065 2689 1224 2750 αὖτοῦ
1274 2687 1587 2765 ὑπάγομεν,
1637 2685 1814 2758 πάσης
1843 2687 1995 2744 ἐλευ-

397 2779 572 2859 θερίας
633 2778 997 2857 τιμιωτέρανο
1054 2776 1162 2839 ἀπὸ
1213 2779 1316 2856 γὰρ
1381 2775 1650 2842 ἀπωλείας
1711 2779 1784 2842 εἷς
1827 2799 1999 2847 σωτη-

397 2869 550 2948 ρίαν,
583 2867 674 2929 xui
719 2869 826 2928 ἀπὸ
857 2869 1081 2928 θανάτου
1109 2870 1179 2934 εἷς
1233 2865 1371 2935 ζωὴν
1394 2909 1412 2939 ,
1469 2865 1857 2932 ὓποτάττοντες
1907 2867 1998 2924 αὖ·

396 2957 517 3028 τοὺς
566 2961 644 3041 τῷ
693 2958 935 3039 Χριστῷ.
971 2958 1254 3029 Ἐννόησον
1293 2948 1381 3016 οὖν
1415 2953 1532 3023 τοὺς
1562 2957 1616 3015 ἐν
1649 2953 1858 3036 Ἐφέσῳ
1903 2954 1998 3020 τὰς

395 3048 632 3127 μαγικὰς
660 3052 835 3108 αὑτῶν
883 3049 1100 3129 βίϐλους
1141 3044 1615 3122 κατακαύσαντας,
1665 3045 1758 3102 καὶ
1795 3044 1998 3115 νοήσεις

395 3140 512 3206 πῶς
551 3139 944 3219 ᾐχμαλώτευσε
981 3139 1218 3206 Παῦλος.

488 3250 518 3288 α
561 3229 672 3289 Καὶ
702 3232 756 3289 ἐν
784 3228 982 3308 ἑτοίμῳ
1031 3226 1242 3308 ἔχοντες
1272 3226 1554 3300 ἐκδικῆσαι
1586 3233 1766 3283 πᾶσαν
1811 3248 1993 3304 παρα-

395 3319 560 3394 κοὴν,
612 3318 738 3379 ὅταν
780 3321 1040 3399 πληρωθῇ
1085 3320 1236 3394 ὑμῶν
1289 3321 1325 3389 ἡ
1374 3315 1610 3386 ὑπακοή.
1666 3337 1695 3372 »
1731 3314 1996 3374 Ἐνταῦθα

395 3408 492 3467 καὶ
517 3407 730 3478 τούτους
778 3407 1066 3490 ἐφόϐησεν.
1117 3405 1295 3484 Ὑμᾶς
1317 3405 1454 3487 γὰρ,
1483 3405 1641 3486 φησὶν
1665 3448 1681 3477 ,
1731 3403 1996 3481 ἀναμένο-

397 3521 531 3574 μεν,
571 3497 658 3558 ἵν’
706 3498 835 3560 ὅταν
893 3498 981 3557 διὰ
1041 3500 1134 3568 τῆς
1195 3494 1564 3576 παραινέσεως
1625 3493 1996 3573 διορθώσωμεν

396 3590 537 3665 ὑμᾶς
576 3587 668 3649 καὶ
722 3587 1120 3665 ἀποστήσωμεν
1169 3585 1384 3645 ἐκείνων
1409 3631 1428 3661 ,
1478 3585 1598 3643 τότε
1647 3582 1862 3649 ἐκείνοις
1902 3583 1998 3660 μό-

395 3701 534 3752 νοις,
561 3680 953 3758 ἀπολειφθεῖσιν
983 3674 1313 3758 ἀνιάτοιςη,
1341 3675 1439 3746 τὴν
1480 3674 1650 3750 τομὴν
1701 3672 1994 3750 ἐπενέγκω-

398 3790 518 3844 μεν.
542 3789 574 3827 ι
591 3767 686 3829 Ἐν
709 3755 948 3849 ἑτοίμῳ»
976 3755 1066 3826 οῦν
1093 3765 1287 3845 ἔχομεν
1298 3765 1396 3839 τὴν
1415 3762 1708 3844 τιμωρίαν,
1732 3760 1853 3820 ἀλλ’
1875 3763 1998 3818 ἀναο

397 3854 492 3934 μὶξ
557 3857 722 3916 ὄντων
775 3859 961 3933 ὑμῶν,
1013 3853 1364 3932 κωλυόμεθα,
1420 3852 1509 3912 ἵνα
1562 3852 1638 3930 μὴ
1697 3849 1790 3909 καὶ
1846 3851 1994 3927 ὑμῶν

398 3945 604 4026 ἅψηται
634 3951 668 4018 ἡ
715 3944 926 4023 πληγή.
973 3943 1079 4006 Διὰ
1110 3943 1166 4004 δὲ
1208 3948 1298 4003 τοῦ
1347 3945 1544 4016 εἰπεῖν,
1588 3939 1811 4000 «⁸οταν
1849 3941 1994 4013 πλη-

395 4039 542 4117 ρωθῇ
580 4037 729 4114 ὑμῶν
761 4039 794 4107 ἡ
826 4034 1062 4112 ὑπακοὴ,
1094 4056 1122 4093 ι)
1164 4033 1455 4092 αἰνίττεται
1503 4028 1866 4096 ὑπακούοντας
1899 4029 1994 4096 μὲν

395 4126 488 4185 καὶ
516 4130 604 4185 νῦν
623 4171 641 4199 ,
683 4126 802 4185 ἀλλ’
826 4126 887 4183 οὗ
907 4125 1138 4191 τελείως.
1192 4125 1244 4184 Τ
1247 4128 1384 4180 αῦτα
1415 4121 1470 4182 δὲ
1502 4121 1738 4193 ἀπειλεῖ,
1785 4117 1873 4177 ἵνα
1905 4118 1996 4177 καὶ

397 4206 540 4275 οὗτοι
566 4219 801 4275 κάκεῖνοι
833 4215 1189 4295 διορθωθῶσι,
1223 4213 1315 4271 καὶ
1349 4211 1555 4288 μηδένα
1598 4208 1801 4287 πλήξῃ.
1849 4209 1997 4289 Πρόο

395 4329 548 4386 τερον
577 4307 631 4365 δὲ
661 4310 714 4366 ἐν
744 4308 875 4384 ἡμῖν
917 4279 1188 4384 ’λογισμοί
1226 4279 1632 4386 συνίστανταιὶ
1656 4279 1994 4358 παλαιόντων
2030 4279 2075 4341 D

390 4380 498 4455 τείν
553 4380 804 4479 χειρόνων
834 4392 963 4473 πρὸς
1004 4380 1144 4460 ⁷τοὺς
1196 4391 1498 4472 κρείττονας
1523 4414 1536 4427 ο
1583 4380 1699 4448 εἶτα
1762 4387 1997 4466 γίνονται

391 4477 678 4566 ὖψώματα,
708 4482 977 4545 νικώντων
1006 4481 1243 4556 δηλαδὴ,
1273 4481 1362 4540 ὅτε
1391 4479 1483 4538 καὶ
1511 4477 1996 4558 ἐπαίρωνταικατὰ

390 4578 487 4647 τῆς
513 4575 652 4643 θείας
697 4573 970 4654 γνώσεως,
1007 4571 1101 4632 καὶ
1149 4577 1432 4644 τοσοῦτον,
1461 4569 1610 4660 ὥστε
1638 4568 1730 4628 καὶ
1775 4569 1848 4636 εἷς
1899 4570 1995 4639 τὴν

391 4669 486 4724 τοῦ
532 4664 794 4742 νοήματος
821 4664 875 4702 ⁴δ
934 4661 1080 4732 τάξιν
1135 4659 1484 4741 ἀνατρέχειν,
1555 4657 1665 4716 οἷον
1720 4657 1997 4735 λεγόμενοι

391 4753 774 4832 ἐνθουσιασμοί.
817 4749 982 4816 Ἐστι
1021 4749 1126 4833 γὰρ
1167 4749 1382 4824 νόησις,
1425 4749 1575 4819 ἁπλῆ
1639 4746 1732 4805 καὶ
1765 4748 1996 4806 ἀσυλλό-

394 4867 571 4926 γιστος
617 4841 839 4916 ἐπιϐολὴ
865 4842 919 4882 ⁴⁹
948 4846 1038 4902 τοῦ
1087 4845 1208 4914 νοῦ,
1249 4839 1386 4898 αὐτὰ
1435 4835 1775 4926 δεικνῦσα-τὰ
1817 4835 1998 4916 πράγ-

395 4915 544 5014 ματα
589 4934 899 5016 κρειττόνως
940 4933 977 5004 ἢ
1031 4937 1066 5004 ἡ
1116 4927 1394 4997 ἀπόδειξις.
1447 4928 1600 4989 Εἰσὶν
1660 4915 1748 4984 οὖν
1798 4915 1890 4983 καὶ
1943 4926 1996 4982 ἓν

393 5032 500 5090 τοῖς
553 5023 656 5084 ὕπὸ
704 5021 972 5101 δαιμόνων
1027 5018 1401 5097 ἀπατωμένοις
1457 5023 1700 5076 τοιαῦται
1747 5016 1998 5075 δοκοῦσαι

395 5113 598 5186 νοήσεις
625 5162 638 5184 ,
670 5112 730 5180 ἃς
772 5115 800 5172 ὃ
838 5113 1054 5179 Παῦλος
1076 5155 1092 5185 ,
1131 5109 1223 5168 καὶ
1256 5109 1304 5167 εἴ
1330 5133 1408 5176 τις
1433 5107 1572 5167 κατὰ
1603 5110 1817 5180 τοῦτον,
1867 5106 1996 5184 αἰχ-

395 5203 682 5280 μαλωτίζει
710 5205 783 5270 εἷς
810 5199 904 5274 τὴν
931 5200 1175 5272 ὕπακοὴν
1206 5203 1298 5258 τοῦ
1327 5199 1587 5279 Χριστοῦ.

2114 1973 2383 2046 signiﬁcat
2415 1994 2430 2033 :
2462 1987 2520 2034 et
2558 1993 2624 2034 ex
2649 1978 2896 2036 libertate
2939 1980 3173 2052 lapsum,
3207 1990 3263 2039 et
3288 1983 3588 2055 perfectam
3630 2002 3718 2042 ca-

2114 2063 2386 2135 ptionem,
2406 2083 2511 2139 qua
2524 2068 2647 2140 quis
2674 2070 2749 2124 ita
2774 2069 3007 2141 capitur,
3031 2079 3092 2126 ut
3115 2087 3186 2127 ne
3209 2073 3461 2129 resistere
3486 2074 3710 2146 quidem

2114 2157 2304 2227 possit.
2333 2161 2503 2215 Juxta
2536 2160 2836 2217 secundam
2867 2161 3030 2233 igitur
3070 2162 3525 2235 signiﬁcationem
3568 2182 3714 2221 nunc

2111 2245 2314 2303 Paulus
2338 2246 2504 2320 dixit,
2539 2272 2564 2298 α
2589 2250 2944 2322 captivantes.
2973 2274 2998 2300 vo
3031 2254 3158 2308 Non
3179 2252 3327 2309 enim
3355 2261 3596 2324 tantum,
3623 2256 3710 2310 in-

2111 2334 2249 2404 quit,
2279 2337 2594 2408 superiores
2629 2354 2845 2409 sumus,
2879 2345 2934 2395 et
2959 2339 3248 2398 victoriam
3278 2341 3595 2400 obtinemus
3641 2345 3710 2400 de

2109 2425 2262 2480 omni
2289 2427 2532 2484 humana
2559 2429 2895 2500 cogitatione
2922 2439 2976 2486 et
3001 2430 3300 2500 intellectu,
3327 2431 3427 2490 sed
3460 2433 3516 2490 in
3545 2435 3710 2506 capti-

2109 2513 2338 2571 vitatem
2387 2517 2557 2572 etiam
2597 2517 2924 2589 redigimus,
2975 2533 3101 2590 qua
3149 2526 3232 2575 est
3270 2521 3712 2577 consummatior

2109 2602 2362 2660 victoria.
2405 2604 2644 2674 Deinde,
2675 2606 2801 2679 quia
2829 2607 3159 2679 captivitatis
3189 2609 3516 2666 vocabulum
3545 2625 3709 2681 grave

2107 2701 2209 2760 est,
2251 2692 2428 2762 addit,
2458 2719 2484 2744 α
2527 2694 2600 2750 ad
2629 2695 2962 2768 obsequium
2992 2695 3229 2764 Christi,
3267 2719 3293 2744 ιο
3336 2697 3442 2754 hoc
3483 2706 3588 2764 est,
3637 2699 3708 2754 ad

2108 2783 2429 2840 servitutem
2457 2784 2575 2856 ejus
2611 2785 2906 2857 redigimus
2948 2786 3104 2842 omni
3129 2786 3381 2842 libertate
3418 2786 3710 2859 pretiosio-

2107 2887 2226 2927 rem
2259 2891 2273 2928 :
2313 2871 2384 2929 ab
2426 2873 2644 2930 interitu
2673 2873 2933 2930 nimirum
2969 2873 3038 2930 ad
3067 2875 3325 2941 salutem,
3358 2891 3391 2931 a
3431 2885 3616 2932 morte
3639 2877 3710 2933 ad

2107 2965 2275 3022 vitam
2338 2965 2678 3038 subjiciendo
2748 2983 2843 3022 eos
2885 2965 3126 3023 Christo.
3166 2968 3370 3023 Animo
3408 2968 3576 3040 igitur
3624 2985 3706 3026 re-

2108 3058 2264 3114 volve
2301 3073 2396 3115 eos
2432 3059 2526 3130 qui
2553 3057 2782 3132 magicae
2805 3058 2936 3114 artis
2959 3057 3126 3114 libros
3145 3058 3350 3129 Ephesi
3384 3059 3710 3116 combusse-

2107 3155 2238 3202 runt
2262 3139 2352 3215 λλ,
2374 3154 2428 3203 et
2444 3146 2656 3203 videbis
2672 3146 2952 3219 quomodo
2980 3146 3183 3203 Paulus
3203 3147 3452 3219 captivos
3468 3146 3706 3204 duxerit.

2177 3237 2352 3292 Vsus.
2383 3243 2438 3292 6.
2467 3259 2495 3286 α
2528 3239 2597 3292 Et
2614 3237 2668 3292 in
2688 3245 2945 3308 promptu
2973 3236 3238 3292 habentes
3264 3236 3451 3293 ulcisci
3479 3253 3708 3294 omnem

2107 3323 2558 3393 inobedientiam,
2607 3342 2738 3382 cum
2777 3326 3003 3397 impleta
3059 3324 3222 3382 fuerit
3251 3333 3428 3382 vestra
3457 3325 3711 3383 obedien-

2108 3413 2200 3469 tia.
2241 3436 2267 3462 α
2307 3415 2414 3472 Hic
2458 3415 2582 3471 illos
2627 3415 2798 3471 etiam
2839 3414 3056 3470 terruit.
3119 3417 3252 3483 Vos,
3297 3415 3493 3488 inquit,
3539 3417 3704 3473 etiam

2107 3512 2511 3574 exspectamus,
2555 3513 2618 3560 ut
2647 3512 2940 3575 postquam
2982 3520 3079 3575 per
3131 3503 3570 3562 admonitionem
3611 3523 3709 3563 no-

2105 3598 2279 3648 stram
2339 3591 2742 3649 correxerimus
2779 3608 2878 3648 vos
2913 3591 3064 3648 etab
3093 3591 3200 3648 illis
3228 3591 3462 3649 deiicere
3519 3592 3710 3650 feceri.

2107 3695 2254 3749 mus,
2289 3688 2411 3737 tum
2446 3681 2558 3737 illis
2587 3681 2718 3737 solis
2741 3680 3130 3736 incurabilibus
3169 3679 3376 3737 relictis
3402 3682 3704 3738 sectionem

2104 3767 2418 3826 afferamus.
2465 3771 2530 3824 In
2565 3777 2824 3841 promptu
2864 3769 3030 3841 igitur
3069 3767 3339 3824 habemus
3385 3784 3609 3841 poenam
3651 3780 3707 3826 et

2102 3857 2386 3924 ultionem,
2416 3866 2682 3914 caeterum
2707 3873 2846 3914 cum
2896 3871 2994 3911 vos
3030 3856 3140 3912 illis
3169 3855 3317 3912 misti
3348 3856 3486 3925 sitis,
3519 3857 3707 3930 prohi-

2105 3945 2305 4002 bemur
2340 3945 2543 4014 adhuc,
2592 3960 2663 4002 ne
2698 3954 2754 4002 et
2791 3961 2886 4002 vos
2914 3945 3072 4017 plaga
3110 3945 3412 4018 contingat.
3443 3948 3558 4002 Per
3596 3945 3703 4002 hoc

2105 4044 2296 4092 autem
2320 4035 2467 4108 quod
2504 4034 2600 4105 ait,
2630 4059 2658 4085 ιι
2688 4037 2827 4093 Cum
2862 4037 3138 4107 completa
3180 4033 3346 4091 fuerit
3375 4035 3689 4093 obedientia

2104 4133 2304 4196 vestra,
2334 4148 2358 4174 ν
2383 4125 2546 4183 tacite
2587 4126 2792 4182 indicat
2814 4126 2985 4197 296
3004 4141 3099 4182 eos
3128 4125 3354 4198 quidem
3395 4126 3702 4182 etiamnum

2105 4213 2348 4284 obedire,
2393 4215 2493 4272 sed
2525 4215 2858 4287 imperfecte.
2893 4217 3028 4272 Haec
3055 4225 3244 4271 autem
3277 4216 3696 4286 interminatur,

2105 4313 2168 4362 ut
2203 4314 2257 4361 et
2282 4305 2338 4362 hi
2390 4315 2446 4361 et
2479 4305 2556 4360 illi
2597 4305 2881 4362 meliorem
2927 4305 3100 4362 vitam
3139 4304 3392 4375 induant,
3418 4315 3473 4362 et
3511 4315 3576 4363 ut
3613 4324 3704 4365 ne-

2107 4395 2316 4452 minem
2353 4393 2530 4451 feriat.
2560 4394 2715 4450 Prius
2736 4405 2924 4450 autem
2956 4395 3015 4449 in
3035 4395 3188 4450 nobis
3216 4394 3585 4451 coniiciuntur
3618 4413 3702 4452 ra-

2107 4485 2510 4553 tiocinationes,
2541 4481 2817 4556 pejoribus
2855 4483 3144 4540 adversum
3171 4484 3412 4555 potiores
3459 4485 3708 4542 luctanti-

2104 4575 2237 4645 bus;
2283 4574 2476 4632 deinde
2571 4573 2713 4629 ﬁunt
2781 4573 3136 4628 exaltationes
3204 4573 3291 4628 vel
3353 4572 3700 4641 altitudines,

2103 4665 2398 4722 victoriam
2422 4663 2669 4720 videlicet
2696 4662 3089 4730 obtinentibus,
3117 4661 3337 4734 quando
3357 4671 3550 4718 contra
3576 4662 3706 4720 divi~

2106 4771 2238 4811 nam
2265 4754 2636 4827 cognitionem
2664 4755 2968 4826 eriguntur,
3008 4751 3251 4823 adeoque
3290 4761 3353 4809 ut
3381 4751 3463 4809 vel
3493 4753 3680 4809 intelle
3700 4784 3714 4792 -

2106 4851 2231 4900 ctus
2259 4844 2444 4900 locum
2469 4849 2760 4913 occupent,
2792 4842 2980 4912 quales
3007 4849 3141 4897 sunt
3177 4841 3269 4912 qui
3311 4840 3578 4898 dicuntur
3621 4841 3705 4898 fu-

2107 4948 2260 4990 rores
2302 4933 2414 4990 sive
2446 4931 2688 4988 numinis
2752 4928 2991 4987 afﬂatus.
3046 4931 3144 4986 Est
3196 4931 3347 4986 enim
3404 4930 3707 4988 intellectus

2106 5024 2337 5097 simplex
2374 5031 2429 5079 et
2475 5019 2888 5078 ratiocinatione
2918 5035 3119 5076 vacans
3165 5021 3367 5077 mentis
3414 5019 3558 5076 actio
3608 5021 3704 5078 im-

2107 5121 2329 5184 petusve
2369 5111 2488 5183 ipsa
2519 5125 2685 5183 opera
2710 5109 2911 5165 melius
2947 5107 3243 5164 ostendens
3265 5125 3436 5179 quam
3475 5108 3706 5167 demon-

2107 5201 2313 5258 stratio.
2340 5200 2480 5256 Sunt
2508 5199 2672 5272 igitur
2698 5205 2754 5253 et
2776 5197 2845 5254 iis
2864 5197 2920 5252 in
2937 5195 3136 5269 quibus
3157 5212 3188 5252 a
3215 5195 3562 5254 daemonibus
3591 5199 3698 5255 im—

393 5300 640 5371 ponitur,
674 5298 834 5362 tales.
864 5305 925 5354 ut
946 5296 1204 5371 videtur,
1249 5294 1579 5362 intellectus,
1631 5307 1773 5365 quos
1815 5290 2039 5360 Paulus,
2081 5297 2140 5346 et
2177 5289 2226 5346 si
2268 5290 2391 5361 quis
2429 5288 2567 5344 alius
2595 5285 2749 5344 Pauli
2789 5285 2985 5357 spiritu
3016 5286 3235 5353 ductus,
3262 5283 3511 5355 captivos
3550 5284 3708 5342 ducit

392 5367 463 5427 ad
502 5371 872 5429 obedientiam
897 5367 1124 5427 Christi.

469 5527 536 5584 1.1
565 5531 690 5587 Act.
721 5543 854 5596 xxx,
890 5533 975 5584 19.

1819 5593 2010 5652 Variae
2057 5592 2360 5653 lectiones.

466 5743 508 5776 “
535 5742 956 5811 ὓποταπεινοΰμεν
981 5754 1035 5796 o.
1111 5738 1154 5773 ⁴⁶
1178 5737 1349 5792 ὅπλων
1380 5753 1433 5794 o.
1510 5735 1554 5770 “
1587 5735 1673 5808 μὲν
1699 5732 1990 5805 ἀργέοτιρον
2023 5749 2078 5789 o.
2159 5731 2196 5764 ‘7
2223 5730 2510 5801 ἆνιάτωςξο.
2586 5729 2634 5767 ⁸⁸
2669 5728 2952 5800 νοσήματος
2981 5743 3034 5786 o.
3117 5728 3162 5762 ⁸⁸
3195 5725 3452 5800 μεταϐολὴ
3484 5747 3538 5786 ο,
