4134 6420
462 371 562 423 903

462 581 544 635 los
566 581 885 650 deceptores
922 573 1320 649 perterrefacit,
1358 590 1548 632 verum
1590 575 1759 630 etiam
1796 574 2055 644 deceptos

459 668 724 738 increpat.
781 668 1076 736 Propterea
1117 662 1273 732 dicit,
1312 667 1391 720 Ex
1425 663 1491 720 iis
1519 678 1642 735 quae
1685 669 1946 736 apparent
1964 661 2052 732 ju-

463 752 658 820 dicate,
707 754 756 810 si
805 753 930 827 quis
979 754 1245 825 superbit,
1290 752 1334 808 si
1391 753 1516 825 quis
1571 752 1816 824 locuples
1846 758 1952 819 est,
2008 749 2055 806 si

471 843 593 915 quis
622 843 836 900 virtutis
864 841 1097 913 imagine
1127 841 1354 898 vestitus
1377 849 1480 898 est.

533 955 560 981 ι
593 931 650 988 Si
708 932 834 1004 quis
876 929 1107 988 conﬁdit
1156 931 1256 986 sibi
1286 931 1488 987 Christi
1531 946 1589 986 se
1623 945 1764 998 esse,
1799 930 1906 986 hoc
1931 945 2057 985 rur-

463 1036 590 1078 sum
643 1021 788 1092 apud
820 1035 939 1077 sese
961 1020 1187 1092 cogitet,
1224 1019 1372 1092 quod
1397 1020 1538 1076 sicut
1565 1020 1679 1092 ipse
1703 1019 1902 1076 Christi
1950 1026 2056 1085 est,

461 1111 538 1166 ita
569 1119 624 1166 et
666 1125 787 1166 nos.
833 1134 858 1159 »
904 1108 1328 1181 Pseudapostoli
1382 1110 1532 1165 enim
1585 1108 1964 1181 gloriabantur
2003 1116 2059 1163 et

465 1199 878 1271 superbiebant,
924 1199 1070 1271 quod
1126 1199 1329 1254 Christi
1359 1206 1542 1255 essent
1592 1205 1647 1254 et
1696 1197 1848 1270 quod
1903 1197 2060 1254 Chri-

462 1297 610 1344 stum
642 1289 750 1360 ipsi
779 1287 1014 1344 viderint
1041 1289 1246 1344 forsan.
1284 1311 1310 1337 «
1352 1288 1510 1360 Apud
1547 1287 1786 1358 seipsum
1818 1311 1842 1335 ι
1875 1295 2060 1342 autem

466 1377 626 1445 dixit,
669 1393 792 1450 pro,
845 1381 967 1433 Non
998 1385 1273 1449 exspectet
1305 1385 1549 1434 nostram
1588 1377 1847 1433 adversus
1878 1377 2059 1448 ipsum

467 1465 924 1538 objurgationem,
953 1467 1049 1522 sed
1097 1466 1358 1538 intelligat
1396 1465 1544 1538 quod
1598 1465 1905 1521 secundum
1954 1464 2060 1520 hoc

468 1553 648 1624 ipsum
697 1555 847 1625 quod
883 1553 1085 1610 Christi
1127 1563 1231 1623 est,
1280 1553 1416 1609 nihil
1466 1554 1625 1610 nobis
1649 1554 1748 1610 'sit
1787 1553 2054 1624 superior.

469 1646 593 1699 Non
657 1645 806 1700 enim
862 1644 952 1700 ille
1010 1645 1237 1716 quidem
1296 1644 1519 1714 Christi,
1572 1660 1672 1717 ego
1738 1659 1866 1700 vero
1917 1644 2060 1700 alte-

466 1733 578 1788 rius
605 1733 908 1806 cujuspiam
937 1749 1077 1790 sum.
1102 1735 1311 1790 Verum
1340 1733 1448 1790 hoc
1471 1749 1529 1790 se
1559 1732 1934 1790 submittendo
1982 1732 2063 1789 di—

466 1821 568 1920 xit,
594 1819 1038 1920 quandoquidem
1084 1821 1344 1920 deinceps
1391 1822 1448 1877 in
1495 1821 1851 1894 sequentibus
1879 1828 2063 1879 osten-
2099 1858 2145 1920 Β

466 1909 550 1966 dit
583 1917 852 1981 quantum
887 1911 1002 1982 ipse
1023 1911 1273 1968 excellat.

538 2002 716 2056 Vnns.
743 2005 798 2054 8.
831 2024 858 2050 α
883 2003 1028 2056 Nam
1057 2001 1100 2056 si
1129 2000 1363 2072 amplius
1382 2000 1586 2072 aliquid
1616 1999 1878 2073 gloriatus
1899 1997 2062 2056 fuero

463 2087 534 2145 de
595 2095 865 2158 potestate
924 2104 1092 2161 quam
1146 2088 1299 2144 dedit
1352 2088 1490 2143 mibi
1531 2089 1811 2144 Dominus
1835 2087 1905 2145 ad
1933 2088 2064 2145 azdi-

465 2175 802 2244 ﬂcationem,
851 2186 908 2233 et
962 2193 1078 2233 non
1124 2177 1192 2234 ad
1227 2177 1691 2245 destructionem,
1730 2193 1841 2234 non
1881 2178 2068 2233 erube-

465 2277 638 2317 scam.
665 2286 690 2310 υ
718 2266 843 2319 Non
868 2263 1026 2330 dixit,
1053 2267 1152 2319 Est
1177 2264 1315 2320 mihi
1338 2273 1580 2335 potestas
1593 2263 1860 2335 puniendi
1897 2274 1954 2319 et
1983 2280 2065 2320 oc-

464 2347 698 2418 cidendi,
731 2366 855 2422 quae.
912 2351 1020 2407 illis
1048 2367 1161 2408 non
1211 2361 1316 2420 est,
1373 2352 1469 2409 sed
1517 2352 1676 2424 longe
1718 2353 2065 2421 submissius,

470 2460 495 2486 α
537 2440 772 2511 amplius
806 2440 1086 2512 quiddam.
1128 2463 1152 2489 ι
1178 2443 1291 2498 Nec
1323 2441 1480 2510 dixit,
1509 2442 1565 2498 Si
1594 2443 1813 2514 glorier,
1845 2459 2068 2528 verum,

473 2546 500 2580 ιι
539 2529 596 2584 Si
633 2529 892 2599 gloriatus
939 2529 1116 2596 fuero,
1150 2555 1176 2581 ιο
1208 2530 1312 2587 hoc
1352 2539 1457 2598 est,
1489 2532 1535 2586 si
1589 2531 1814 2604 gloriari
1844 2533 2069 2589 voluero

465 2616 532 2673 de
556 2625 824 2688 potestate
865 2635 1031 2691 quam
1057 2619 1209 2677 dedit
1231 2619 1364 2676 mihi
1416 2621 1708 2690 Dominus,
1741 2637 1933 2678 rursus
1964 2623 2069 2694 ipsi

465 2711 650 2761 totum
709 2708 1012 2764 ascribens.
1063 2709 1261 2780 Accepi
1314 2715 1497 2765 autem
1548 2710 1692 2765 hanc
1740 2719 2072 2782 potestatem

469 2811 500 2851 a
546 2799 682 2864 Deo,
722 2806 782 2852 ut
825 2797 894 2854 ad
927 2797 1095 2854 fidem
1125 2799 1413 2865 mdiﬁcem,
1436 2798 1696 2855 beneficia
1732 2799 2070 2870 impertiens,

468 2899 582 2939 non
613 2894 673 2941 ut
699 2887 948 2959 puniam.
988 2888 1170 2956 Quare
1190 2889 1360 2959 igitur
1388 2888 1602 2952 dixisti,
1639 2910 1664 2935 «ι
1703 2888 2072 2958 cogitationes

469 2971 851 3031 destruentes?
883 2998 907 3023 α
940 2974 1216 3044 Quoniam
1237 2975 1341 3032 hoc
1371 2977 1551 3047 ipsum
1565 2975 1803 3031 maxime
1832 2985 1915 3032 est
1943 2976 2074 3034 mdi-

1477 358 1992 417 THEOPHYLACTI
2030 354 2387 411 BULGARIE
2424 353 2738 409 ARCHIEP.

531 492 713 546 Vsus.
757 495 810 544 7.
848 510 873 536 ι
903 489 1041 558 Quae
1070 485 1140 542 ad
1169 484 1365 542 faciem
1383 494 1514 541 sunt
1531 485 1728 542 videte.
1762 508 1789 535 ι
1816 487 1941 540 Non
1967 499 2053 539 so-
2090 484 2141 546 A

3657 350 3762 403 904

2258 502 2289 538 α
2319 478 2408 540 Τὰ
2435 480 2574 538 κατὰ
2619 476 2902 558 πρόσωπον
2935 474 3180 555 βλέπετε.
3220 494 3252 532 υ
3294 476 3376 534 Οὐ
3407 473 3597 551 μόνους
3644 472 3765 540 τοὺς

2163 571 2481 636 ἀπατῶντας
2546 567 2790 648 ἐκφοϐεῖ,
2849 564 2987 626 ἀλλὰ
3067 564 3160 624 καὶ
3233 571 3340 630 τοῖς
3396 561 3767 640 ἄπατωμένοις

2163 661 2386 740 ἐπιτιμᾷ
2407 684 2420 696 ο
2449 656 2530 718 διό
2560 681 2720 739 φησιν
2745 680 2759 695 ο
2790 655 2920 716 Ἀπὸ
2945 661 3049 716 τῶν
3080 654 3409 736 φαινομένων
3449 653 3654 733 κρίνετε
3677 651 3766 725 ⁵ο,

2164 750 2212 810 εἴ
2239 774 2316 818 τις
2343 756 2704 828 μεγαλαυχεῖ,
2733 747 2880 814 εἴτις
2909 749 3156 818 πλουτεῖ,
3186 744 3341 811 εἴτις
3370 746 3567 824 ἀρετῆς
3601 765 3768 823 προσ-

2165 844 2359 900 ωπεῖον
2392 838 2710 918 περίκειται.

2254 951 2285 988 σ
2314 928 2464 996 Εἴτις
2509 928 2756 986 πέποιθεν
2795 928 2967 1006 ἑαυτῷ
3013 925 3251 1005 Χριστοῦ
3291 913 3455 994 εἶναι,
3485 925 3644 980 τοῦτο
3683 922 3769 981 λο-

2166 1019 2391 1098 γιζέσθω
2421 1016 2584 1077 πάλιν
2623 1018 2714 1096 ἀφ’
2735 1017 2959 1087 ἑαυτοῦ,
2996 1012 3076 1073 ὅτι
3107 1013 3280 1080 καθὼς
3310 1011 3464 1078 αὐτὸς
3493 1012 3755 1088 Χριστοῦ,

2167 1109 2306 1169 οὕτω
2334 1108 2424 1167 καὶ
2454 1109 2629 1184 ἡμεῖς.
2687 1131 2711 1158 ι
2746 1103 2818 1165 Oi
2847 1101 2951 1184 γὰρ
3003 1101 3426 1183 ψευδαπόστολοι
3457 1098 3767 1178 ἔμεγαλαῦ-

2167 1221 2295 1279 χουν
2338 1203 2408 1265 ὡς
2445 1200 2679 1275 Χριστοῦ
2712 1193 2882 1264 ὄντες,
2936 1193 3028 1250 καὶ
3056 1192 3200 1272 τάχα
3243 1189 3526 1250 αὐτόπται.
3557 1188 3638 1248 Τὸ
3684 1187 3767 1260 δὲ,

2179 1275 2208 1344 (ι
2241 1287 2347 1368 Ἀφ’
2366 1291 2552 1347 ἑαυτοῦ
2569 1331 2583 1358 ,
2611 1314 2635 1337 ιο
2661 1275 2804 1344 εἶπεν
2823 1328 2840 1355 ,
2863 1283 2979 1340 ἀντὶ
3011 1287 3102 1342 τοῦ
3121 1329 3137 1355 ,
3158 1281 3254 1352 Μὴ
3275 1278 3582 1356 ἀναμενέτω
3599 1278 3646 1317 ⁵⁴
3673 1285 3772 1346 τὴν

2168 1366 2434 1458 ἡμετέραν
2468 1380 2589 1436 κατ’
2623 1377 2782 1434 αὐτοῦ
2834 1372 3173 1450 ἐπιτίμησιν,
3215 1369 3334 1428 ἀλλ’
3380 1370 3650 1442 ἐννοείτω,
3691 1366 3775 1425 ὅτι

2539 1469 2571 1484 ~
2710 1453 2816 1521 ‘7
2947 1464 2997 1522 Χ
3149 1465 3180 1480 η
3310 1460 3392 1518 ’δὲ
3513 1456 3688 1517 λέ

2170 1493 2272 1528 κατ
2323 1491 2452 1528 αυτο
2480 1488 2634 1526 τουτο
2674 1489 2736 1524 το
2769 1487 2902 1522 εναι
3006 1484 3218 1542 ριστου,
3273 1483 3332 1518 Ου
3396 1483 3422 1516 ν
3471 1482 3512 1515 π
3547 1481 3631 1516 εον
3688 1481 3775 1536 χει

2169 1560 2348 1635 ἡμῶν,
2381 1559 2462 1618 Οὖ
2506 1554 2608 1636 γὰρ
2657 1556 2848 1620 ἐκεῖνος
2882 1553 2978 1630 μὲν
3033 1553 3306 1630 Χριστοῦ,
3363 1546 3554 1636 ἐγὼ-δὲ
3607 1545 3772 1607 ἄλλου

2175 1628 2344 1714 τινός..
2371 1628 2534 1707 Ἀλλᾶ
2582 1628 2741 1704 τοῦτο
2792 1628 2892 1719 μὲν
2919 1628 3396 1718 συγκαταϐατικῶς
3444 1628 3622 1712 εἶπεν,
3660 1637 3775 1696 ἐπεὶ

2169 1733 2372 1816 προῖὼν
2399 1734 2632 1794 δείκνυσι
2654 1732 2820 1793 πόσον
2850 1732 3006 1798 αὗτὸς
3030 1727 3306 1808 ὑπερέχει.

2256 2017 2279 2043 α
2310 1989 2441 2051 Ἐὰν
2465 1987 2568 2068 γὰρ
2589 1987 2680 2047 καὶ
2709 1985 2958 2068 περισσόν
2981 2009 3031 2042 τι
3054 1983 3402 2064 καυχήσομαι
3429 1982 3621 2062 [vulg.
3647 2005 3778 2040 καυ-

2174 2079 2422 2160 χήσωμ.]
2453 2079 2574 2160 περὶ
2602 2083 2694 2148 τ’ἤς
2725 2076 2961 2146 ἐξουσίας
3006 2068 3070 2148 ἧς
3101 2073 3267 2132 ἔδωκέ
3300 2095 3390 2150 μοι
3422 2075 3449 2130 ὃ
3479 2071 3676 2160 Κύριος
3698 2075 3773 2135 εἰς

2175 2158 2492 2246 οἶκοδομὴν,
2528 2158 2634 2226 καὶ
2660 2168 2756 2226 οὔκ
2803 2167 2872 2231 εἷς
2902 2164 3242 2245 καθαίρεσιν,
3275 2165 3371 2220 οὖκ
3417 2158 3776 2240 αἰσχυνθήσο-

2179 2281 2299 2334 μαι.
2327 2245 2361 2316 »ν
2408 2259 2528 2318 Οὔκ
2562 2245 2679 2316 εἶπε
2703 2301 2718 2327 ,
2765 2253 3026 2322 Κολάζειν
3067 2253 3176 2333 ἔχω
3231 2247 3469 2318 ἐξουσίαν
3506 2249 3599 2308 καὶ
3645 2250 3778 2306 ἀπο-

2177 2347 2442 2406 κτιννύναι
2473 2345 2608 2425 ἐγὼ,
2642 2347 2829 2403 ἐκεῖνοι
2854 2343 2909 2401 δὲ
2936 2345 3031 2400 οὖκ
3063 2342 3276 2425 ἔχουσιν
3304 2363 3317 2376 ’
3350 2339 3470 2397 ἀλλ’
3506 2339 3772 2397 ὓπεσταλ-

2188 2435 2362 2513 μένως
2407 2459 2438 2495 α
2468 2420 2735 2516 Περισσόν
2761 2458 2836 2494 τι.
2869 2459 2892 2485 υ
2922 2432 3030 2492 Καὶ
3057 2420 3150 2490 οῦκ
3178 2420 3322 2488 εἶπεν
3340 2473 3357 2503 ,
3382 2425 3513 2487 Ἐὰν
3545 2428 3769 2516 καυχῶ-

2363 2528 2377 2548 :
2453 2525 2467 2550 9
2563 2515 2567 2516 ⁷
2626 2523 2641 2544 9
2701 2523 2714 2548 \
2908 2547 2922 2560 λ
2966 2522 2979 2544 I
3448 2519 3462 2539 Ι
3581 2517 3592 2548 ι
3640 2515 3656 2538 3
3717 2516 3732 2542 \

2182 2548 2311 2602 μαι,
2348 2527 2450 2584 αλλ
2485 2571 2498 2596 ,
2563 2546 2592 2581 (ι
2645 2523 2758 2581 Low
2801 2545 3193 2601 καυχησωμαι,
3223 2543 3252 2578 ι)
3310 2540 3609 2602 τουτεστινι,
3662 2519 3774 2576 Εαν

2183 2599 2426 2694 βουληθῶ
2455 2641 2475 2666 α
2509 2614 2631 2694 περὶ
2662 2617 2754 2684 τῆς
2786 2599 3020 2681 ἐξουσίας
3039 2657 3056 2688 ,
3095 2611 3280 2692 φησὶν,
3305 2599 3369 2680 ἧς
3399 2605 3598 2665 δέδωκέ
3633 2629 3724 2683 μοι
3757 2610 3784 2662 ὁ

2184 2693 2374 2784 Κύριος
2401 2721 2414 2737 '
2443 2725 2472 2760 ι)
2506 2693 2666 2762 πάλιν
2693 2701 2752 2760 τὸ
2771 2711 2880 2760 πᾶν
2903 2702 3048 2780 αὐτῷ
3075 2699 3353 2764 ἀνατιθείς.
3380 2695 3620 2756 Ἐλαϐον
3643 2693 3698 2733 ⁵³
3725 2694 3780 2752 δὲ

2179 2792 2378 2864 ταύτην
2399 2790 2548 2870 παρὰ
2568 2793 2710 2851 Θεοῦ
2727 2836 2742 2861 ,
2761 2787 2848 2848 ἵνα
2870 2793 2942 2855 εἰς
2965 2789 3058 2858 τὴν
3082 2787 3259 2870 πίστι)
3283 2788 3544 2863 οἰκοδομῶ
3568 2785 3780 2864 εὐεργε-

2183 2885 2318 2953 τῶν,
2351 2883 2448 2960 οὐχ
2476 2866 2564 2940 ἵνα
2596 2880 2804 2947 κολάζω
2829 2879 2903 2938 ⁵³.
2936 2881 3065 2944 Πῶς
3093 2868 3182 2935 οὖν
3205 2866 3379 2951 εἶπες,
3421 2902 3446 2929 σι
3481 2872 3782 2954 Λογισμοὺς

2182 2975 2586 3052 καθαιροῦντες;
2635 2969 2766 3029 "Ou
2797 2969 2926 3028 αὐτὸ
2975 2973 3130 3026 τοῦτο
3190 2967 3426 3044 μάλιστα
3477 2966 3777 3041 οἰκοδομεῖ,

468 3062 674 3130 ﬁcatio,
735 3062 979 3119 marcida
1029 3063 1305 3131 demoliri,
1379 3065 1770 3136 obstaculaque
1819 3063 2069 3136 dejicere.

2178 3060 2238 3118 τὸ
2273 3062 2526 3139 [πάντα]
2559 3060 2627 3119 τὰ
2677 3060 2846 3139 σαθρὰ
2900 3061 3172 3138 καθαιρεῖν
3193 3103 3211 3130 ,
3245 3057 3338 3116 καὶ
3386 3054 3452 3114 τὰ
3482 3054 3778 3130 κωλύματα

468 3153 764 3224 Quomodo
807 3151 968 3224 igitur
1021 3152 1155 3224 ipsis
1182 3153 1575 3220 interminaris,
1632 3153 1679 3208 si
1725 3169 1836 3208 non
1867 3154 1932 3208 in
1975 3154 2074 3210 de-

469 3241 828 3297 structionem
867 3241 1122 3312 accepisti
1167 3246 1526 3312 potestatem?
1553 3242 1832 3312 Praecipue
1855 3241 2077 3314 quidem

471 3329 540 3386 ad
567 3329 987 3386 aedificationem
1032 3331 1215 3402 accepi
1252 3349 1264 3385 :
1297 3332 1379 3386 sin
1406 3331 1694 3403 quisquam
1722 3330 1890 3387 fuerit
1914 3332 2071 3388 incu-

473 3419 684 3488 rabilis,
738 3419 1096 3476 demolitione
1143 3430 1382 3476 utemur.
1420 3421 1475 3476 Si
1510 3421 1672 3492 igitur
1707 3419 1952 3489 voluero,
1997 3422 2077 3476 in-

471 3509 609 3580 quit,
649 3508 870 3579 gloriari
899 3508 1048 3580 quod
1088 3509 1242 3566 Deus
1283 3509 1492 3582 aliquid
1529 3509 1768 3580 amplius
1809 3508 1946 3564 mihi
1983 3511 2075 3567 de-

472 3597 634 3666 derit,
666 3605 726 3654 ut
751 3607 1078 3670 potestatem
1109 3599 1339 3657 habeam
1370 3599 1744 3657 benefaciendi
1782 3598 2073 3670 imprimis,

473 3697 529 3744 et
573 3688 793 3761 quando
848 3704 1028 3762 cogar,
1073 3689 1237 3746 etiam
1279 3691 1555 3762 puniendi,
1633 3712 1658 3737 α
1718 3703 1831 3744 non
1880 3692 2072 3746 erube-

473 3794 646 3844 scam,
680 3800 706 3827 υ
744 3779 847 3835 hoc
868 3788 969 3848 est,
999 3795 1109 3836 non
1148 3779 1499 3837 monstrabor
1543 3795 1661 3836 esse
1694 3777 1937 3834 mendax
1977 3791 2076 3837 aut

473 3884 756 3938 arrogans.

546 3960 897 4030 297Vsns.
922 3965 1001 4015 9-1
1017 3963 1038 4015 1
1054 4001 1067 4014 .
1098 3977 1126 4011 ιι
1144 3961 1224 4015 Ut
1242 3975 1356 4015 non
1384 3959 1666 4018 existimer
1684 3969 1944 4035 tanquam
1966 3971 2074 4018 ter-

475 4065 595 4105 rere
610 4065 706 4104 vos
723 4064 816 4121 per
835 4049 1111 4119 epistolas.
1137 4049 1413 4116 Quoniam
1442 4049 1664 4119 quidem
1701 4051 1966 4123 epistolae,
1987 4051 2073 4106 in-

474 4138 593 4209 quit
632 4153 821 4210 graves
851 4145 979 4192 sunt
1001 4145 1056 4192 et
1081 4135 1273 4205 fortes,
1307 4140 1588 4207 praesentia
1617 4149 1804 4197 autem
1824 4142 2075 4212 corporis

474 4227 714 4293 infirma,
737 4233 794 4281 et
816 4241 1001 4281 sermo
1023 4226 1472 4298 contemptibilis.
1497 4230 1617 4284 Hoc
1652 4237 1840 4286 autem
1866 4230 2074 4301 cogitet

475 4315 567 4388 qui
596 4314 868 4386 ejusmodi
905 4321 1008 4382 est,
1045 4314 1194 4386 quod
1235 4315 1424 4387 quales
1462 4332 1657 4374 sumus
1684 4333 1938 4375 sermone
1978 4335 2073 4390 per

2184 3150 2565 3209 καταϐάλλειν.
2595 3151 2720 3216 Πῶς
2748 3143 2838 3208 οὖν
2868 3149 3044 3214 αὐτοῖς
3089 3149 3348 3222 ἀπειλεῖς,
3380 3147 3425 3204 εἰ
3453 3146 3548 3204 οὐκ
3578 3143 3739 3203 ἔλαϐε
3765 3191 3781 3221 ,

2183 3240 2257 3306 εἷς
2297 3240 2602 3319 καθαίρεσιν
2631 3239 2727 3310 τὴν
2776 3237 3054 3310 ἐξουσίανς
3114 3234 3542 3319 Προηγουμένως
3576 3235 3672 3311 μὲν
3711 3237 3782 3299 εἷς

2183 3316 2471 3404 οἰκοδομὴν
2490 3329 2682 3388 ἔλαϐον
2706 3351 2721 3366 ο
2763 3329 2852 3388 ἐὰν
2884 3327 2940 3385 δέ
2969 3351 3045 3394 τις
3076 3316 3286 3393 ἀνίατος
3314 3316 3374 3397 ἦ,
3409 3326 3499 3384 καὶ
3647 3327 3782 3382 καθ-

2184 3422 2382 3498 αιρέσει
2434 3419 2768 3499 χρησόμεθα.
2828 3415 2964 3478 Ἐὰν
3014 3406 3102 3476 οὖν
3149 3416 3399 3486 θελήσω,
3451 3413 3606 3495 φηνὶ,
3651 3437 3780 3472 καυσ

2181 3511 2457 3588 χήσασθαι
2481 3508 2562 3568 ὅτι
2592 3513 2619 3566 ὁ
2647 3507 2786 3576 Θεὸς
2813 3507 2970 3566 πλέον
3006 3530 3056 3566 τι
3088 3505 3286 3565 δέδωκέ
3310 3529 3432 3582 μοι,
3463 3502 3601 3562 ὥστε
3632 3501 3781 3572 ἐξου-

2185 3601 2304 3659 σίαν
2362 3599 2502 3681 ἔχειν
2560 3622 2627 3674 με
2696 3597 2789 3656 καὶ
2837 3599 3126 3676 εὐεργετεῖν
3199 3595 3632 3675 προηγουμένως,
3691 3594 3784 3650 καὶ

2183 3690 2307 3748 ὅταν
2356 3689 2655 3761 ἐκϐιασθῶ,
2715 3687 2976 3762 κολάζειν,
3021 3708 3050 3744 ι(
3090 3686 3184 3744 οὐκ
3214 3684 3640 3763 αἰσχυνθήσομαι
3671 3701 3686 3718 ο
3745 3703 3775 3739 »

2183 3779 2472 3853 τουτέστιν,
2491 3780 2573 3838 Οὐ
2600 3775 2954 3858 δειχθήσομαι
2981 3773 3269 3856 ψεύστηςῆ
3303 3775 3536 3842 ἀλαζών.

2272 3981 2303 4018 ιι
2328 3956 2450 4017 Ἵνα
2483 3957 2558 4035 μὴ
2597 3957 2729 4026 δόξω
2756 3960 2825 4024 ὥς
2859 3956 2922 4013 ἂν
2954 3955 3195 4036 ἐκφοϐεῖν
3229 3957 3369 4032 ὑμᾶς
3413 3953 3502 4012 διὰ
3537 3955 3638 4011 τῶν
3667 3954 3783 4011 ἐπι-

2183 4050 2406 4107 στολῶν.
2443 4045 2574 4108 Ὅτι
2625 4049 2682 4104 αἱ
2736 4045 2831 4124 μὲν
2889 4045 3196 4116 ἐπιστολαὶ,
3242 4043 3393 4123 φησὶ,
3445 4044 3654 4122 βαρεῖαι
3693 4044 3784 4101 καὶ

2180 4136 2396 4217 ἰσχυραί
2423 4160 2434 4174 ’
2466 4140 2500 4208 ἠ
2527 4135 2582 4194 δὲ
2611 4135 2877 4216 παρουσία
2917 4141 3010 4193 τοῦ
3061 4134 3308 4211 σώματος
3339 4132 3595 4209 ἀσθενὴς,
3636 4131 3726 4190 καὶ
3758 4136 3784 4189 ὁ

2179 4226 2330 4303 λόγος
2377 4224 2798 4303 ἐξουθενημένος.
2822 4227 2998 4284 Τοῦτο
3039 4223 3095 4284 δὲ
3141 4221 3429 4301 λογιζέσθω
3459 4226 3486 4280 ὁ
3525 4227 3784 4292 τοιοῦτος,

2182 4313 2263 4373 ὅτι
2321 4305 2419 4374 οἶοί
2479 4316 2637 4392 ἐσμεν
2699 4316 2776 4395 τῷ
2825 4311 2970 4394 λόγῳ
3041 4314 3108 4371 δι’
3182 4314 3473 4371 ἐπιστολῶν
3534 4310 3785 4383 ἀπόντες,

478 4403 736 4476 epistolas
781 4404 1052 4471 absentes,
1111 4403 1244 4459 tales
1291 4405 1458 4460 etiam
1517 4422 1711 4463 sumus
1772 4415 2071 4477 praesentes

2184 4409 2412 4464 τοιοῦτοι
2443 4404 2533 4462 καὶ
2579 4403 2833 4484 παρόντες
2873 4405 2950 4482 τῷ
2995 4402 3155 4485 ἔργῳ.
3192 4430 3214 4455 ι
3237 4400 3314 4461 ⁸0
3357 4400 3526 4478 λέγει,
3551 4400 3785 4460 τοιοῦτόν

479 4510 662 4566 opere.
705 4517 728 4541 ιι
758 4493 920 4563 Quod
952 4495 1027 4549 ait
1053 4501 1137 4550 est
1155 4493 1476 4566 hujusmodi
1517 4511 1532 4551 :
1574 4495 1884 4551 Potuissem
1914 4497 2075 4568 equi-

477 4583 600 4638 dem
622 4583 866 4654 gloriari,
893 4582 988 4640 sed
1015 4598 1086 4639 ne
1108 4581 1293 4638 videar
1333 4591 1534 4639 terrere
1576 4599 1676 4640 vos
1715 4600 1813 4655 per
1833 4585 2072 4653 litteras,

478 4671 948 4742 quemadmodum
992 4671 1187 4728 dicunt
1217 4672 1307 4742 qui
1369 4687 1456 4728 me
1490 4672 1897 4730 calumniantur
1938 4690 1950 4728 :
2006 4678 2070 4730 In

479 4761 718 4833 epistolis
746 4761 966 4833 grandis
989 4770 1088 4829 est,
1117 4769 1174 4818 et
1201 4760 1476 4817 horrenda
1504 4761 1733 4818 scribit:
1765 4763 1858 4819 ubi
1888 4771 2073 4818 autem

477 4850 778 4919 advenerit,
807 4850 1150 4922 despicabilis
1190 4858 1246 4906 et
1281 4851 1709 4923 contemptibilis
1747 4861 1852 4921 est,
1890 4853 2073 4925 argui-

479 4948 682 5012 turque
718 4954 830 4994 non
881 4955 999 4995 esse
1039 4939 1161 4996 talis
1202 4940 1376 5012 qualis
1439 4948 1523 4996 est
1565 4941 1623 4996 in
1665 4941 1882 5013 scriptis
1936 4942 2070 4998 suis.

482 5032 688 5085 Verum
742 5037 1001 5102 agnoscat
1046 5029 1293 5101 quisquis
1342 5035 1428 5085 est
1453 5029 1548 5101 qui
1576 5031 1700 5087 talia
1737 5031 1886 5100 dicit,
1925 5029 2076 5103 quod

480 5134 590 5175 non
612 5121 794 5175 solum
822 5118 1047 5191 grandia
1068 5118 1506 5186 interminamur,
1535 5134 1729 5176 verum
1749 5120 1916 5176 etiam
1945 5135 2077 5176 cum

479 5218 776 5280 praesentes
805 5207 1091 5279 fuerimus,
1133 5209 1316 5265 minas
1358 5208 1427 5265 ad
1476 5206 1744 5266 effectum
1774 5209 2076 5283 perducere

481 5314 785 5368 possumus.

553 5395 738 5450 Vens.
762 5399 849 5448 I2.
891 5417 916 5441 α
942 5396 1070 5450 Non
1093 5392 1244 5450 enim
1262 5391 1534 5448 audemus
1549 5390 1794 5450 inserere
1807 5399 1904 5448 aut
1926 5407 2076 5448 com-

2186 4497 2328 4553 ἐστιν
2357 4518 2370 4530 ⁸
2411 4493 2728 4571 Ἢδυνάμην
2780 4492 3184 4573 καυχήσασθαι,
3231 4489 3355 4550 ἀλλ’
3382 4490 3502 4573 ἵναῌ
3519 4489 3594 4567 μὴ
3653 4487 3785 4556 δόξω

2185 4582 2266 4643 ὅτι
2322 4583 2531 4664 ἐκφοϐῶ
2580 4570 2718 4660 ὑμᾶς
2774 4583 2860 4641 διὰ
2887 4570 3014 4640 -τῶν
3044 4581 3417 4660 γραμμάτων,
3450 4570 3539 4639 οἶα
3590 4577 3654 4650 δὴ
3687 4581 3786 4637 λέ-

2180 4697 2358 4753 γουσιν
2390 4675 2438 4731 οἱ
2470 4672 2845 4739 διαϐάλλοντές
2895 4695 2985 4748 με,
3015 4669 3098 4728 ὅτι
3129 4670 3410 4748 Κομπάζει
3440 4671 3496 4728 ἐν
3523 4669 3641 4736 ταῖς
3669 4671 3787 4726 ἐπι-

2183 4765 2421 4835 στολαῖς,
2455 4762 2547 4821 καὶ
2594 4761 2794 4844 φοϐερὰ
2840 4760 3172 4821 ἐπιστέλλει⁶
3215 4757 3646 4840 παραγενόμενος
3689 4757 3786 4844 δὲ,

2183 4836 2639 4933 εὐκαταφρόνητός
2699 4836 2849 4926 ἐστι,
2925 4849 3016 4910 καὶ
3071 4836 3349 4930 ἐλέγχεται
3380 4836 3482 4926 ’μὴ
3545 4847 3620 4907 ὢν
3683 4836 3788 4933 οἶος

2184 4929 2598 5023 γράφει,-ἆλλὰ
2654 4940 2999 5019 γινωσκέτω,
3049 4929 3244 5020 φησὶν,
3296 4939 3439 5006 ὅστις
3463 4937 3512 4975 ⁵⁸
3568 4937 3635 4997 ἂν
3693 4929 3788 5015 ἧὸ

2182 5037 2352 5091 ταῦτα
2375 5031 2579 5111 λέγων,
2605 5029 2687 5090 ὅτι
2729 5034 2788 5090 οὐ
2822 5031 2977 5103 μένον
3028 5031 3353 5108 ἀπειλοῦμεν
3391 5027 3593 5110 βαρέα,
3644 5026 3784 5087 ἀλλὰ

2184 5121 2277 5182 καὶ
2323 5123 2594 5202 δυνάμεθα
2655 5120 2912 5203 παρόντες
2958 5121 3030 5188 εἷς
3068 5117 3221 5202 ἔργον
3277 5120 3373 5186 τὰς
3424 5119 3646 5187 ἀπειλὰς
3700 5116 3788 5184 ἐξ·

2185 5235 2436 5292 ενεγκειν.

2267 5410 2296 5436 ιι
2329 5383 2412 5442 Οὐ
2463 5381 2566 5462 γὰρ
2613 5385 2897 5462 τολμῶμεν
2935 5382 3172 5466 ἐγκρῖναι
3311 5389 3592 5464 συγκρῖναι
3644 5382 3784 5439 ἑαυ-

1873 5481 2062 5542 Varia:
2105 5481 2406 5543 lectiones.

556 5579 599 5612 5°
625 5579 892 5633 αἶνίττετασ.
941 5597 996 5636 ο.

483 5659 523 5692 ⁸³
553 5655 656 5721 οἷος
683 5677 735 5716 0.

1097 5582 1136 5615 ⁵⁸
1199 5581 1498 5653 λαμϐανέτω
1553 5598 1608 5638 ο.
1685 5581 1728 5616 ⁵³
1789 5579 2036 5651 ἐλάϐομεν
2092 5596 2145 5635 0.

2240 5579 2286 5614 ⁸³
2325 5579 2672 5654 οἰκοδομῶμεν
2734 5579 3130 5654 εὐεργετοῦντες,
3177 5581 3267 5652 οὖχ
3317 5580 3402 5634 ἵνα
3459 5579 3778 5650 κολάζωμεν.
