4134 6434
373 507 478 560 905

1249 503 1604 560 EXPOSITIO
1646 502 1708 557 ΙΝ
1748 499 1959 555 EPIST.
2003 497 2048 551 ll
2086 501 2178 553 AD
2220 499 2376 556 COR.
2415 532 2488 542 —
2523 503 2672 560 CAP.
2713 508 2775 560 X.

3575 511 3681 563 906

367 628 513 696 τούς”
535 652 643 688 τισι
693 631 797 688 τῶν
855 627 1076 696 ἑαυτοὺς
1106 631 1544 689 συνιστανόντων.
1609 649 1636 684 ››
1689 625 1958 687 Ἐνταῦθα

2083 637 2265 691 )arare
2308 641 2408 683 nos
2438 628 2766 700 quibusdam
2793 631 2886 703 qui
2925 631 3135 702 seipsos
3190 632 3604 688 commendant.
3651 657 3677 681 υ

371 717 627 787 ἀλαζόνας
677 717 937 777 δείκνυσιν
979 717 1133 785 ὄντας
1162 718 1420 790 ἐκείνους,
1469 716 1562 776 καὶ
1605 716 1815 794 μεγάλα
1847 719 1970 798 περὶ

371 811 568 867 ἑαυτῶν
607 808 1005 888 καυχωμένους.
1050 809 1230 882 Φησὶν
1261 799 1383 880 οῦν,
1433 807 1516 866 ὅτι
1568 829 1595 864 α
1631 809 1713 868 Οὐ
1746 808 1964 882 τολμῶ-

371 921 466 973 μεν
497 901 654 974 ἡμεῖς
687 900 924 977 ἐγκρῖναι
979 899 1228 973 ἑαυτοὺς,
1255 925 1279 950 ν
1322 897 1595 970 τουτέστι,
1641 902 1970 976 συναριθμῆ-

370 1010 491 1045 σαιο
525 1015 548 1040 σι
584 987 619 1059 ἢ
667 997 974 1066 συγκρῖναι,
1009 1017 1032 1040 ιι
1086 987 1354 1048 τουτέστιν
1399 988 1478 1059 ⁵⁵,
1533 989 1970 1064 ἀντιπαραθεῖναι

370 1076 584 1144 ἑαυτοὺς
608 1079 718 1136 τισὶ
747 1077 945 1137 τούτων
981 1082 1084 1136 τῶν
1115 1077 1331 1144 ἑαυτοὺς
1361 1075 1736 1136 ἐπαινούντων.

455 1192 486 1222 α
535 1167 674 1227 Ἀλλ’
743 1168 892 1226 αὐτοὶ
950 1171 1002 1227 ἐν
1066 1171 1269 1234 ἑαυτοῖς
1342 1165 1556 1232 ἑαυτοὺς
1630 1171 1968 1244 μετροῦντες,

370 1256 460 1314 καὶ
519 1255 880 1338 συγκρίνοντες
931 1257 1150 1324 ἑαυτοὺς
1207 1257 1440 1327 ἑαυτοῖς,
1493 1257 1550 1315 οὐ
1604 1262 1890 1314 συνιοῦσιν.
1946 1284 1970 1308 ι»

374 1345 636 1422 Ἐκεῖνοι,
690 1348 886 1427 φησὶν,
934 1350 1026 1406 οὐκ
1065 1345 1269 1414 ἀξιοῦσι
1300 1346 1430 1426 πρός
1460 1368 1610 1410 τινας
1665 1346 1840 1403 ἄλλων
1873 1348 1969 1403 ἀν-

369 1435 594 1513 θρώπων
669 1439 1043 1514 συγκριθῆναι,
1099 1437 1220 1494 ἀλλ’
1281 1436 1430 1494 αὐτοὶ
1487 1437 1691 1499 ἑαυτοῖς
1747 1435 1969 1516 συγκρί-

369 1548 543 1583 νονται
580 1524 671 1583 καὶ
712 1525 1046 1600 ἁμιλλῶνται
1096 1525 1225 1603 πρὸς
1281 1525 1584 1599 ἀλλήλους,
1615 1523 1706 1581 καὶ
1749 1526 1843 1581 οὐκ
1881 1527 1968 1582 αἰ-

370 1614 650 1673 σθάνονται
679 1617 792 1681 πῶς
838 1618 942 1673 εἰσι
987 1615 1381 1693 καταγέλαστοι
1405 1619 1626 1672 τοιαῦτα
1659 1614 1968 1682 ἀλαζονευό-

373 1727 538 1780 μενοι.
600 1698 877 1771 11Ἕκαστος
940 1701 1042 1784 γὰρ
1096 1703 1283 1762 ἑαυτὸν
1347 1703 1576 1782 κρείττω
1637 1701 1834 1779 λέγων,
1883 1705 1969 1763 τὸν

365 1791 542 1873 ἕτερον
593 1791 924 1852 καταϐάλλει
952 1817 965 1829 ·
1022 1794 1115 1852 καὶ
1175 1793 1312 1851 οὕτω
1366 1796 1561 1858 πάντες
1615 1793 1680 1850 δι’
1721 1793 1967 1864 ἀλλήλων

2076 716 2184 770 Hic
2211 716 2332 772 illos
2361 728 2684 791 arrogantes
2709 737 2828 776 esse
2856 719 3116 790 ostendit,
3142 738 3205 777 ac
3233 723 3404 777 multa
3434 722 3682 794 adeoque

2076 821 2272 877 magna
2302 807 2370 864 de
2402 809 2593 880 seipsis
2611 810 2901 882 jactantes.
2931 813 3077 867 Dicit
3114 812 3282 883 igitur
3311 830 3324 867 :
3375 835 3396 859 α
3425 814 3541 866 Nos
3568 827 3681 867 non

2075 897 2344 954 audemus
2364 898 2600 955 inserere
2629 902 2904 973 nosipsos,
2940 925 2965 950 ιι
2995 901 3100 957 hoc
3133 909 3217 956 cst
3249 916 3647 956 connumerare
3669 942 3684 966 ,

2079 1010 2104 1035 α
2135 987 2217 1041 vel
2242 1003 2585 1060 comparare,
2616 1011 2640 1037 ι»
2664 989 2770 1046 hoc
2793 999 2904 1057 est,
2926 1007 3204 1064 opponere
3230 1007 3332 1046 nos
3352 989 3680 1063 quibusdam

2077 1091 2272 1132 eorum
2299 1078 2394 1150 qui
2425 1078 2633 1150 seipsos
2661 1081 2976 1152 praedicant.

2153 1189 2176 1214 ‹‹
2223 1167 2332 1223 Sed
2375 1168 2476 1239 ipsi
2516 1169 2574 1223 in
2612 1169 2806 1241 seipsis
2832 1172 3043 1242 seipsos
3072 1171 3392 1239 metientes,
3433 1178 3486 1226 et
3525 1185 3680 1226 com-

2075 1265 2328 1326 parantes
2370 1258 2578 1329 seipsos
2621 1259 2894 1332 sibiipsis,
2933 1277 3046 1316 non
3095 1261 3430 1334 intelligunt.
3485 1283 3510 1308 ιο
3558 1259 3677 1326 Illi,

2077 1343 2285 1417 inquit,
2311 1347 2380 1402 ad
2409 1349 2728 1420 quempiam
2767 1349 3002 1406 aliorum
3029 1349 3268 1406 conferri
3301 1366 3416 1406 non
3456 1349 3684 1420 dignan-

2078 1441 2190 1501 tur,
2239 1434 2332 1490 sed
2381 1436 2482 1508 ipsi
2515 1437 2750 1509 sibiipsis
2801 1439 3180 1505 conferuntur,
3228 1454 3528 1509 secumque
3577 1436 3680 1508 ipsi

2077 1532 2290 1578 certant
2314 1541 2442 1597 erga
2465 1542 2525 1581 se
2555 1535 2780 1595 mutuo,
2810 1544 2911 1583 nec
2947 1529 3193 1584 sentiunt
3221 1545 3388 1601 quam
3420 1528 3529 1582 sint
3549 1525 3682 1582 ridi-

2076 1613 2182 1667 culi
2204 1614 2274 1668 ita
2296 1629 2414 1669 sese
2442 1624 2800 1672 ostentantes.
2836 1619 3234 1690 Unusquisque
3260 1619 3410 1672 enim
3439 1616 3678 1686 seipsum

2074 1702 2359 1759 meliorem
2387 1703 2599 1771 dicens,
2621 1707 2854 1761 alterum
2880 1705 3091 1778 dejicit,
3112 1707 3300 1777 sicque
3316 1721 3510 1761 omnes
3539 1705 3682 1760 inter

2076 1807 2134 1846 se
2174 1801 2368 1848 mutuo
2407 1793 2648 1866 insignes
2677 1794 2947 1852 videntur.
2987 1795 3149 1865 Quod
3177 1811 3344 1867 quam
3383 1793 3681 1850 ridiculum

370 1882 635 1960 εὐδόκιμοι
682 1883 958 1964 φαίνονται
987 1902 1001 1916 ⁶
1063 1881 1191 1962 ὅπερ
1239 1885 1442 1961 γελοῖον
1484 1881 1540 1940 ὂν
1572 1886 1658 1962 ἐξοῦ
1703 1889 1968 1942 συνιοῦσιν

2083 1882 2181 1948 sit,
2210 1882 2310 1954 ipsi
2339 1899 2453 1938 non
2479 1883 2804 1957 intelligunt.

374 1972 524 2031 αὐτοί
533 2019 546 2032 .

458 2089 484 2116 α
532 2061 720 2140 Ἡμεῖς
762 2064 816 2122 δὲ
868 2066 964 2123 οὐκ
998 2064 1069 2130 εἷς
1112 2063 1179 2122 τὰ
1234 2064 1440 2143 ἄμετρα
1493 2064 1899 2144 καυχησόμεθα.
1940 2092 1964 2117 υ

369 2153 598 2212 Ἐκεῖνοι
622 2155 724 2230 γὰρ
752 2154 912 2232 τυχὸν
957 2155 1320 2230 κομπάζοντες
1351 2153 1528 2232 ἔλεγον
1557 2201 1572 2228 ,
1607 2155 1688 2212 ὅτι
1721 2153 1862 2233 Πρὸς
1904 2152 1972 2212 τὰ

368 2242 574 2320 πέρατα
630 2248 724 2309 τῆς
797 2249 895 2322 γῆς
955 2244 1286 2323 ἀφικόμεθα,
1357 2242 1447 2302 καὶ
1505 2243 1600 2314 τὴν
1659 2243 1970 2320 οἰκουμένην

369 2333 788 2414 ἐπεστρέψαμεν.
826 2332 964 2392 Ἀλλ’
986 2338 1141 2409 ἡμεῖς
1171 2335 1271 2412 οὐχ
1289 2332 1454 2404 οὕτω,
1480 2333 1656 2413 φησίν.

459 2444 490 2479 α
518 2413 678 2482 Ἀλλὰ
703 2421 865 2490 ,κατὰ
903 2422 962 2480 τὸ
1011 2420 1204 2499 μέτρον
1242 2428 1333 2480 τοῦ
1387 2423 1632 2494 κανόνος,
1689 2413 1750 2480 οῦ
1791 2422 1970 2504 ἐμέρι-

368 2534 457 2570 σεν
489 2511 540 2548 ⁵⁸
597 2516 724 2586 ἡμῖν
785 2517 812 2570 6
865 2511 1002 2578 Θεὸς
1059 2512 1284 2590 μέτρου,
1345 2512 1620 2591 ἐφικέσθαι
1681 2512 1808 2592 ἄχρι
1882 2513 1972 2570 καὶ

371 2605 542 2675 ὑμῶν.
580 2627 605 2654 ι›
634 2597 856 2682 Ὠσπερ
881 2611 1131 2683 γεωργοῖς
1158 2604 1454 2676 ἀμπελῶνα
1485 2603 1702 2681 διαιρῶν
1739 2606 1765 2659 6
1800 2603 1968 2679 Θεὸς,

370 2690 508 2750 οὕτω
576 2690 667 2750 καὶ
727 2696 857 2767 ἡμῖν
935 2695 1042 2760 τοῖς
1099 2693 1417 2754 ἀποστόλοις
1487 2690 1583 2763 τὴν
1659 2691 1971 2768 οἰκουμένην

372 2778 658 2860 ἀφώρισεν.
727 2782 882 2840 Κατὰ
937 2771 1026 2839 οῦν
1092 2781 1153 2840 τὸ
1211 2779 1401 2860 μέτρον
1450 2787 1542 2838 τοῦ
1598 2781 1848 2856 κανόνος,
1912 2773 1972 2840 οῦ

369 2869 609 2950 ἐμέρισεν
657 2875 784 2948 ἡμῖν
818 2874 846 2928 6
892 2872 1055 2941 Θεὸς,
1113 2871 1527 2949 καυχησόμεθα.
1568 2874 1732 2930 Ποῖον
1762 2870 1819 2930 δέ
1862 2873 1973 2929 ἐστι

368 2958 433 3042 το
481 2960 699 3037 μέτρον,
749 2961 858 3033 Τὸ,
919 2983 946 3018 (ι
992 2959 1179 3042 Ἄχρις
1238 2963 1389 3038 ὑμῶν
1453 2961 1760 3040 ἀφικέσθαι.
1817 2959 1973 3020 Ἐπεὶ

369 3039 460 3107 οῦν
519 3052 672 3109 τοῦτό
721 3051 861 3108 ἐστιν
909 3053 1069 3128 ἡμῶν
1113 3049 1172 3108 τὸ
1212 3051 1434 3130 μέτρον,
1492 3050 1621 3131 ἄχρι
1678 3051 1768 3109 καὶ
1825 3053 1971 3126 ὑμῶν

371 3137 721 3219 καυχώμεθα.

2153 2074 2332 2128 Vnus.
2369 2079 2453 2129 13.
2481 2096 2505 2120 α
2533 2076 2652 2130 Nos
2675 2081 2860 2130 autem
2890 2089 3004 2130 non
3034 2075 3086 2129 in
3117 2073 3452 2130 immensum
3485 2074 3681 2148 gloria-

2081 2161 2285 2218 bimur.
2323 2187 2347 2211 ι»
2391 2163 2474 2218 Illi
2501 2163 2648 2219 enim
2687 2163 2923 2219 fortasse
2949 2164 3245 2234 gloriantes
3272 2163 3561 2230 dicebant,
3592 2163 3680 2220 Ad

2081 2251 2217 2307 ﬁnes
2249 2261 2407 2308 terrae
2435 2253 2784 2322 accessimus,
2811 2253 3114 2326 orbemque
3143 2262 3415 2310 terrarum
3445 2269 3676 2310 conver-

2080 2341 2271 2397 timus.
2299 2349 2375 2397 At
2405 2359 2505 2398 nos
2533 2359 2647 2398 non
2675 2343 2778 2409 sic,
2809 2343 3004 2416 inquit.

2159 2451 2187 2482 «
2225 2429 2332 2487 Sed
2369 2431 2530 2503 juxta
2574 2449 2898 2489 mensuram
2954 2434 3159 2505 regula:
3197 2449 3304 2506 qua
3335 2434 3498 2489 nobis
3526 2436 3680 2489 Deus

2081 2521 2314 2591 partitus
2352 2530 2433 2576 est
2461 2539 2807 2589 mensuram,
2839 2523 3175 2594 pertingendi
3207 2539 3378 2594 usque
3396 2522 3466 2578 ad
3496 2539 3610 2578 vos.
3649 2546 3675 2572 ν

2081 2611 2560 2681 Quemadmodum
2605 2612 2818 2666 colonis
2847 2612 3064 2667 vineam
3107 2614 3258 2667 Deus
3284 2611 3501 2679 dividit,
3533 2611 3681 2668 hunc

2080 2700 2151 2755 ad
2183 2701 2409 2756 modum
2441 2701 2600 2755 nobis
2629 2704 2892 2772 apostolis
2927 2701 3038 2757 suis
3067 2709 3344 2756 terrarum
3372 2701 3562 2756 orbem
3588 2717 3682 2757 se-

2080 2790 2342 2862 gregavit.
2377 2791 2689 2846 Secundum
2722 2791 2888 2863 igitur
2929 2807 3245 2846 mensuram
3274 2790 3479 2862 regulae
3515 2805 3682 2860 quam

2080 2880 2311 2951 partitus
2357 2888 2440 2935 est
2482 2880 2643 2935 nobis
2692 2883 2870 2948 Deus,
2919 2880 3302 2952 gloriabimur.
3355 2879 3546 2949 Qualis
3600 2887 3684 2935 est

2079 2977 2266 3025 autem
2283 2986 2534 3025 mensura
2554 2974 2577 3026 P
2597 2993 2621 3018 ‹‹
2641 2971 2721 3026 Ut
2741 2971 3056 3042 perveniam
3076 2969 3322 3042 adusque
3342 2984 3457 3024 vos.
3485 2992 3510 3016 ιι
3529 2970 3684 3024 Post-

2079 3075 2248 3130 quam
2270 3059 2435 3130 igitur
2462 3059 2580 3116 haac
2601 3067 2790 3116 nostra
2820 3075 2944 3132 pars
2967 3068 3077 3128 est,
3107 3059 3176 3115 ad
3197 3074 3294 3115 vos
3309 3058 3482 3114 etiam
3511 3073 3684 3129 usque

2081 3148 2396 3220 gloriamur.

455 3256 479 3282 «ι
511 3228 590 3291 Οὐ
615 3227 720 3308 γὰρ
752 3232 822 3295 ὥς
879 3227 952 3305 μὴ
1009 3229 1384 3310 ἀφικνούμενοι
1429 3233 1499 3296 εἷς
1555 3233 1694 3307 ὑμᾶς
1745 3233 1970 3310 ὑπερεκ-

2153 3241 2333 3295 Vsns.
2379 3244 2463 3293 14.
2502 3262 2529 3289 α
2557 3241 2682 3295 Non
2713 3239 2859 3295 enim
2890 3237 3044 3312 quasi
3067 3254 3182 3294 non
3212 3238 3592 3310 pertingentes
3614 3235 3685 3293 ad

369 3317 610 3394 τείνομεν
670 3316 917 3385 ἑαυτούς·
966 3317 1126 3398 μέχρι
1182 3319 1284 3400 γὰρ
1342 3319 1432 3378 καὶ
1486 3323 1634 3396 ὑμῶν
1670 3319 1971 3400 ἐφθάσαμεν

372 3409 428 3466 ἐν
451 3411 527 3486 τῷ
560 3407 870 3488 Εὐαγγελίῳ
916 3414 1006 3466 τοῦ
1037 3410 1291 3488 Χριστοῦ.
1328 3438 1351 3460 ιι
1399 3409 1548 3475 Εἰκὸς
1583 3400 1647 3480 ἦν
1691 3408 1808 3474 τοὺς
1838 3413 1970 3489 ψευ-

374 3498 730 3566 δαποστόλους
812 3495 903 3556 καὶ
957 3497 1077 3557 ἄνευ
1138 3497 1358 3577 κηρύξαι
1395 3499 1442 3533 ⁵⁷
1515 3500 1976 3578 παραγενομένους

370 3586 734 3663 ὁπουδήποτε,
787 3589 846 3646 ἐκ
894 3591 987 3658 τῆς
1046 3589 1204 3669 ψιλῆς
1279 3587 1566 3664 ἐπιδημίας
1639 3588 1972 3664 κομπάζειν,

370 3677 464 3735 καὶ
512 3675 571 3734 τὸ
605 3685 713 3735 πᾶν
749 3679 954 3744 ἑαυτοῖς
999 3679 1321 3754 λογίζεσθαι.
1382 3677 1562 3750 ψησὶν
1601 3669 1688 3736 οῦν
1737 3683 1764 3738 6
1817 3676 1977 3736 Ἀπό-

373 3769 558 3832 στολος
579 3813 595 3839 ,
629 3767 710 3826 ὅτι
742 3769 864 3846 Οὐχ
898 3770 968 3832 ὡς
1000 3768 1074 3842 μὴ
1108 3767 1403 3848 φθάσαντες
1435 3773 1507 3833 εἰς
1562 3771 1724 3843 ὑμᾶς,
1757 3770 1976 3845 ὑπερεκ-

373 3855 612 3932 τείνομεν
662 3857 896 3923 ἑαυτούς.
933 3879 964 3910 ιι
993 3855 1342 3936 Ἐφθοίσαμεν
1379 3855 1506 3937 γὰρ,
1548 3879 1574 3913 ι)
1626 3859 1726 3936 οὐχ
1754 3859 1973 3929 ἁπλῶς,

375 3947 524 4019 ἀλλ’,
562 3967 590 4002 ‹‹
623 3948 672 4004 ἐν
705 3950 781 4025 τῷ
818 3947 1130 4025 Εὐαγγελίῳ
1173 3952 1264 4005 τοῦ
1295 3949 1562 4026 Χριστοῦο
1600 3974 1624 3998 ››
1661 3946 1932 4004 τουτέστιν
1956 3993 1971 4018 ,

373 4036 496 4115 οὐχὶ
540 4039 709 4117 ψιλῶς
762 4036 1220 4112 ἐπιδημήσαντες,
1281 4040 1352 4103 ὡς
1405 4038 1624 4111 ἐκεῖνοι,
1679 4037 1818 4095 ἀλλὰ
1885 4036 1978 4096 καὶ

375 4125 514 4204 μετὰ
544 4132 633 4184 τοῦ
657 4126 718 4184 τὸ
752 4125 1073 4203 Εὖαγγέλιον
1105 4123 1410 4206 κηρύττειν.

462 4245 487 4268 α
539 4218 658 4277 Οὐκ
700 4219 773 4281 εἷς
821 4215 888 4272 τὰ
924 4215 1128 4295 ἄμετρα
1183 4216 1522 4296 καυχώμενοι
1570 4219 1624 4274 ἐν
1685 4215 1979 4296 ἀλλοτρίοις

374 4304 588 4378 κόποις,
631 4305 821 4364 ἐλπίδα
853 4303 907 4362 δὲ
939 4303 1179 4384 ἔχοντες,
1215 4305 1574 4382 αὐξανομένης
1617 4310 1710 4378 τῆς
1750 4305 1980 4374 πίστεως

375 4399 557 4471 ὑμῶν,
587 4398 637 4453 ἐν
693 4398 818 4471 ὑμῖν
873 4398 1263 4472 μεγαλυνθῆναι
1297 4395 1437 4454 κατὰ
1465 4397 1552 4456 τὸν
1584 4394 1783 4454 κανόνα
1824 4400 1977 4473 ἡμῶν

376 4488 448 4548 εἰς
479 4484 812 4566 περισσείαν·
863 4487 934 4551 εἷς
985 4485 1052 4542 τὰ
1101 4483 1482 4565 ὕπερεπέκεινα
1538 4488 1687 4560 ὓμῶν
1743 4487 1982 4564 Εὖαγγε·

374 4573 644 4648 λίζεσθαι,
709 4577 805 4634 οὐκ
858 4576 910 4632 ἐν
960 4576 1222 4656 ἀλλοτρίῳ
1275 4575 1491 4648 κανόνι,
1551 4579 1622 4642 εἰς
1670 4575 1738 4634 τὰ
1795 4575 1981 4652 ἕτοιμα

376 4664 775 4744 καυχήσασθαι.
827 4687 856 4724 ι)
922 4663 1212 4746 Ἐμφαίνει
1281 4665 1505 4732 ἐκείνους
1572 4665 1977 4742 καλλωπιζομέ-

377 4777 496 4821 νους
519 4755 627 4822 τοῖς
672 4757 777 4813 τῶν
824 4753 1134 4813 ἀποστόλων
1179 4754 1393 4828 κόποις,
1442 4755 1534 4813 καὶ
1565 4762 1640 4821 είς
1671 4753 1737 4812 τὰ
1769 4754 1974 4835 ἄμετρα

378 4843 787 4924 καυχωμένους
835 4844 1134 4918 τουτέστιν,
1181 4844 1544 4925 ὑπερϐολικῶς
1586 4844 1678 4903 καὶ
1724 4845 1776 4902 ἐν
1811 4846 1975 4902 ἀλλο-

378 4934 542 5013 τρίοις
610 4934 814 5000 κόποις.
879 4933 1019 4994 Ἀλλ’
1078 4936 1176 5014 οὐχ
1245 4938 1398 5010 ἡμεῖς
1460 4933 1654 5000 οὕτως·
1713 4936 1832 4993 ἀλλ’
1883 4933 1981 5000 ἕως

381 5027 530 5098 ὑμῶν
588 5024 914 5105 φθάσαντες,
1000 5022 1189 5104 μέχρις
1251 5027 1397 5101 ὑμῶν
1479 5024 1972 5105 παῤῥησιαζόμεθα.

382 5112 701 5188 Ἐλπίζομεν
758 5112 842 5186 δὲ,
889 5115 962 5180 εἷς
991 5114 1078 5172 τὸν
1111 5111 1249 5174 Θεὸν
1303 5113 1506 5184 δηλαδὴ
1566 5112 1651 5192 (οὐ
1696 5112 1799 5193 γὰρ
1845 5115 1982 5174 ἀπο·

384 5202 657 5281 φαίνεσθαι
701 5201 880 5261 εἴωθεν
925 5205 953 5260 6
1006 5201 1277 5282 Παῦλος),
1337 5202 1418 5260 ὅτι
1477 5204 1672 5268 ἱκανῶς
1712 5205 1852 5279 ὑμᾶς
1897 5207 1981 5261 δι-

386 5289 659 5362 δάξαντες,
700 5292 793 5350 καὶ
855 5290 1174 5361 αὐξήσαντες
1226 5292 1320 5360 τὴν
1369 5291 1552 5348 πίστιν
1613 5293 1796 5367 ὗμῶν,
1844 5289 1984 5350 ὥστε

388 5380 780 5457 μεγαλυνθῆναί
837 5404 902 5458 με
958 5383 1010 5438 ἐν
1064 5383 1208 5456 ὑμῖν.
1265 5384 1404 5440 Τότε
1471 5379 1574 5459 γὰρ
1633 5381 1986 5458 μεγαλύνεται

386 5473 414 5526 6
493 5471 836 5543 διδάσκαλος,
918 5469 1044 5528 ὅταν
1114 5468 1314 5549 αὖξάνῃ
1390 5469 1456 5527 τὰ
1520 5471 1624 5526 τῶν
1704 5475 1985 5547 μαθητῶν,

386 5559 479 5618 καὶ
527 5563 555 5618 6
610 5557 786 5619 κανὼν
862 5561 1022 5617 αὐτοῦ
1080 5563 1150 5626 εἷς
1228 5558 1534 5640 περισσείαν
1577 5558 1626 5594 ⁵⁸
1684 5560 1986 5641 προϐαίνῃ-

2082 3344 2200 3397 vos,
2228 3328 2742 3400 superextendimus
2768 3345 2873 3386 nos
2908 3347 2921 3384 :
2964 3344 3137 3400 usque
3165 3327 3235 3384 ad
3263 3343 3360 3384 vos
3391 3327 3541 3382 enim
3571 3342 3686 3398 per-

2085 3417 2338 3473 venimus
2391 3417 2449 3473 in
2506 3418 2799 3490 Evangelio
2850 3417 3073 3474 Christi.
3133 3441 3159 3466 »
3202 3416 3511 3472 Verisimile
3566 3423 3688 3470 erat

2083 3505 2537 3578 pseudapostolos
2568 3507 2652 3563 vel
2691 3507 2808 3563 sine
2855 3506 3241 3577 praedicatione
3282 3505 3466 3576 aliquo
3515 3520 3686 3576 usque

2084 3595 2388 3668 profectos,
2429 3612 2494 3651 ex
2543 3596 2692 3652 nuda
2742 3604 2798 3651 et
2834 3595 3076 3666 simplici
3119 3592 3458 3666 profectione
3513 3593 3687 3649 elatos

2084 3703 2232 3754 esse,
2261 3702 2325 3742 ac
2351 3693 2534 3742 totum
2572 3685 2673 3741 sibi
2702 3685 2992 3756 imputare.
3035 3684 3132 3739 Ait
3158 3700 3288 3753 ergo
3335 3682 3639 3754 Apostolus
3668 3702 3682 3737 .

2083 3778 2201 3831 Non
2246 3783 2510 3846 tanquam
2552 3775 2618 3831 ad
2659 3791 2755 3830 vos
2797 3790 2906 3829 non
2949 3772 3388 3844 pervenerimus,
3432 3769 3686 3841 nosipsos

2085 3865 2432 3921 extendimus
2465 3883 2479 3921 :
2514 3866 2684 3936 298
2709 3888 2733 3912 ‹‹
2761 3863 3116 3919 Pervenimus
3149 3885 3174 3909 ιι
3202 3861 3374 3927 enim,
3405 3875 3520 3915 non
3548 3860 3684 3914 sim-

2085 3955 2299 4026 pliciter
2345 3954 2443 4011 sed
2487 3978 2512 4003 α
2541 3955 2600 4010 in
2633 3953 2923 4026 Evangelio
2963 3951 3168 4008 Christi
3199 3972 3211 4006 :
3255 3973 3279 3998 υ
3327 3949 3430 4004 hoc
3459 3957 3686 4004 estnon

2085 4045 2234 4100 nude
2249 4054 2303 4100 et
2316 4045 2636 4116 simpliciter
2660 4043 3086 4116 peregrinantes,
3115 4049 3176 4097 ut
3195 4039 3292 4107 illi,
3312 4054 3502 4095 verum
3520 4037 3686 4094 etiam

2087 4151 2214 4191 cum
2246 4135 2520 4208 Evangelii
2551 4133 2958 4206 praedicatione.

2158 4228 2336 4281 Vnus.
2374 4231 2470 4293 15,
2505 4229 2591 4280 16.
2628 4249 2652 4273 ‹‹
2685 4227 2808 4280 Non
2847 4223 2898 4277 in
2930 4223 3266 4277 immensum
3311 4220 3601 4292 gloriantes
3630 4219 3690 4274 in

2087 4316 2281 4372 alienis
2321 4314 2633 4384 laboribus,
2673 4330 2826 4386 spem
2869 4321 3055 4368 autem
3103 4311 3366 4366 habentes
3408 4316 3688 4366 crescente

2087 4404 2195 4462 ﬁde
2225 4413 2425 4472 vestra,
2455 4405 2514 4459 in
2550 4404 2704 4460 vobis
2733 4402 2919 4474 magni
2961 4401 3078 4457 ﬁeri
3107 4400 3409 4456 secundum
3440 4398 3688 4468 regulam

2088 4505 2337 4550 nostram
2357 4494 2424 4550 ad
2445 4493 2841 4550 abundantiam
2873 4511 2886 4546 :
2910 4499 2971 4548 ut
3001 4491 3170 4546 etiam
3202 4489 3258 4543 in
3288 4488 3379 4542 illa
3405 4503 3528 4558 qua:
3549 4488 3692 4542 ultra

2093 4600 2188 4638 vos
2228 4592 2356 4639 sunt
2405 4583 2767 4654 Evangelium
2806 4580 3198 4652 praedicemus,
3251 4592 3361 4630 non
3413 4575 3466 4629 in
3511 4575 3691 4628 aliena

2085 4675 2304 4746 regula,
2338 4681 2400 4728 ut
2427 4673 2495 4730 de
2533 4673 2616 4728 his
2645 4687 2767 4743 qua:
2796 4677 2983 4743 parata
3012 4675 3140 4724 sunt
3165 4665 3487 4739 gloriemur.
3528 4687 3551 4710 ιο
3593 4665 3689 4716 ln-

2085 4762 2236 4818 dicat
2272 4763 2394 4818 illos
2433 4761 2812 4834 apostolorum
2856 4757 3136 4814 laboribus
3173 4754 3388 4821 extolli,
3443 4761 3498 4808 et
3526 4767 3692 4822 supra

2088 4851 2320 4910 modum
2351 4860 2406 4908 et
2444 4865 2762 4907 mensuram
2800 4847 3036 4920 gloriari,
3067 4845 3172 4901 hoc
3199 4852 3283 4899 est
3304 4843 3375 4898 ad
3403 4856 3690 4898 excessum

2088 4957 2262 5013 usque
2300 4948 2357 4996 et
2385 4942 2443 4996 in
2477 4939 2664 4996 alienis
2703 4937 2999 4994 laboribus.
3046 4942 3122 4990 At
3161 4950 3262 4989 nos
3297 4948 3410 4989 non
3455 4929 3560 4995 sic,
3593 4928 3692 4985 sed

2090 5032 2161 5088 ad
2191 5047 2286 5087 vos
2313 5046 2487 5102 usque
2529 5028 2932 5102 pervenientes,
2975 5025 3046 5080 ad
3087 5040 3184 5080 vos
3229 5036 3400 5092 usque
3442 5020 3693 5074 libertate

2089 5131 2278 5177 nostra
2307 5121 2542 5175 utimur.
2572 5121 2872 5189 Speramus
2899 5123 3087 5172 autem
3105 5153 3120 5179 ,
3148 5112 3207 5167 in
3238 5115 3421 5167 Deum
3444 5107 3695 5164 videlicet

2094 5211 2226 5284 (non
2255 5214 2396 5266 solet
2421 5209 2566 5264 enim
2595 5207 2861 5278 explicare
2885 5203 3104 5272 Paulus)
3128 5245 3140 5268 ,
3171 5200 3320 5272 quod
3349 5195 3565 5253 abunde
3599 5212 3696 5251 vos

2093 5300 2356 5356 docentes
2385 5307 2440 5354 et
2457 5305 2722 5370 augentes
2754 5294 2921 5350 ﬁdem
2949 5300 3188 5347 vestram
3218 5287 3587 5354 inveniamur,
3635 5293 3696 5338 ut

2094 5391 2230 5445 adeo
2258 5386 2441 5460 magni
2468 5386 2597 5441 ﬁam
2625 5400 2724 5456 ego
2749 5384 2805 5438 in
2835 5381 3006 5437 vobis.
3063 5381 3216 5434 Tunc
3236 5377 3382 5432 enim
3418 5375 3603 5446 magni
3635 5373 3700 5428 ﬁt

2094 5486 2419 5550 praeceptor,
2461 5491 2590 5531 cum
2625 5489 2713 5528 res
2738 5470 3130 5542 discipulorum
3161 5465 3466 5528 creverint,
3508 5479 3571 5518 ac
3610 5477 3697 5517 re-

2096 5569 2220 5642 gula
2251 5569 2368 5640 ejus
2403 5586 2429 5616 «
2457 5565 2529 5622 ad
2555 5560 2954 5620 abundantiam
2987 5582 3013 5609 ι»
3044 5554 3373 5631 processerit
3398 5572 3413 5610 :
3457 5553 3564 5610 hoc
3591 5559 3695 5618 est,

1801 5695 2330 5775 Variasrlectiones.

461 5830 506 5865 ⁵⁵
537 5828 691 5903 ἤγουν
721 5846 774 5885 0.
855 5827 898 5861 ⁵⁸
922 5826 1188 5898 ἐμέτρησεν
1221 5843 1282 5884 0.
1364 5827 1406 5862 ⁵⁷
1437 5834 1525 5882 τοῦ
1555 5828 1754 5901 κηρύξαι
1789 5846 1872 5886 m.

684 5921 926 5976 Paraon.
964 5919 1060 5974 Ga.
1102 5919 1315 5975 CXXIV.

1947 5829 1993 5866 ⁵⁸
2025 5829 2270 5901 μεσιτείαν
2303 5843 2377 5893 0.,

3325 5911 3393 5963 29
