4134 6436
451 452 554 505 907

1470 451 1984 508 THEOPHYLACTI
2023 453 2381 510 BULGARle
2418 455 2734 511 ARCHIEP.

3654 450 3758 504 908

447 594 768 634 mensuram
799 594 964 650 quam
1007 578 1234 649 accepit,
1263 577 1481 633 abunde
1523 579 1878 649 promoverit.
1909 577 2041 650 Quid

2162 580 2433 652 τουτέστι,
2457 581 2517 641 τὸ
2549 581 2737 658 μέτρον
2763 578 2791 638 ὃ
2819 577 2981 657 ἔλαχε
3007 620 3022 650 ,
3054 579 3320 656 περισσῶς
3347 573 3654 655 προκόπτῃ.
3688 574 3739 631 Τ
3745 573 3761 630 ί

443 672 614 744 igitur
644 675 965 744 speramus?
985 671 1133 744 quod
1156 679 1210 726 et
1234 671 1376 726 ultra
1398 687 1496 727 vos
1524 672 1884 743 Evangelium
1912 688 2051 744 prae-

449 761 792 829 dicabimus,
822 779 884 817 ac
913 761 1096 818 forsan
1137 763 1304 817 etiam
1344 770 1632 832 propterea
1675 762 2050 834 gloriabimur,

449 852 724 924 siquidem
756 852 886 923 ipsis
915 850 1308 923 profuerimus.
1332 853 1611 907 Canonem
1634 859 1817 906 autem
1841 851 2052 923 ubique

449 950 507 996 et
554 958 869 997 mensuram
899 950 1077 1009 vocat,
1109 949 1373 1012 tauquam
1406 941 1552 995 orbis
1580 948 1850 996 terrarum
1881 939 2051 997 fabri-

448 1039 600 1087 cator
645 1041 700 1086 et
727 1031 1057 1087 architectus
1091 1049 1103 1086 :
1139 1039 1191 1086 et
1229 1039 1290 1086 ut
1339 1030 1563 1096 indicet,
1617 1030 1770 1103 quod
1823 1032 1930 1087 Dei
1981 1031 2052 1088 sit

445 1121 764 1176 universum
808 1120 943 1190 hoc,
969 1120 1063 1193 qui
1087 1136 1363 1177 canonem
1392 1120 1542 1178 dedit
1581 1129 1637 1176 et
1682 1136 2011 1177 mensuram
2032 1161 2048 1190 ,

445 1219 730 1283 propterea
760 1210 927 1267 infert
959 1232 970 1266 :

525 1323 550 1348 «
599 1301 704 1370 Qui
749 1309 938 1356 autem
983 1299 1263 1372 gloriatur,
1312 1301 1369 1355 in
1415 1301 1660 1356 Domino
1703 1301 1984 1373 glorietur.
2020 1323 2046 1350 υ

450 1389 733 1445 Habentes
778 1389 924 1445 enim
957 1391 1088 1445 talia
1133 1397 1396 1461 tantaque
1426 1406 1610 1462 opera,
1645 1405 1758 1445 non
1800 1389 2048 1462 superbi-

452 1493 600 1548 mus,
629 1494 810 1550 neque
854 1479 1144 1550 nobisipsis
1181 1478 1481 1550 quidquam
1527 1480 1872 1551 imputamus
1908 1500 1922 1536 :
1953 1478 2052 1535 sed

450 1570 573 1624 Deo
615 1568 958 1635 universum,
991 1567 1158 1624 etiam
1200 1568 1374 1640 ipsam
1403 1568 1475 1625 ad
1504 1585 1668 1641 quam
1701 1569 2051 1641 pervenimus

447 1673 793 1728 mensuram,
838 1659 1152 1714 tribuimus.
1203 1658 1504 1730 Oportebat
1552 1659 1717 1732 igitur
1745 1667 1802 1716 et
1837 1659 1962 1716 illos
1993 1659 2050 1714 in

451 1746 559 1803 hoc
581 1748 824 1820 gloriari.

523 1861 546 1885 «
580 1839 706 1893 Non
737 1839 884 1894 enim
908 1838 998 1911 qui
1042 1839 1284 1911 seipsum
1313 1838 1672 1895 commendat
1710 1838 1801 1894 ille
1845 1838 2046 1910 proba-

445 1935 535 1982 tus
565 1937 676 1995 est,
697 1927 792 1984 sed
809 1944 974 1999 quem
991 1929 1262 1985 Dominus
1277 1928 1655 1984 commendat.
1687 1951 1713 1978 »
1735 1930 1862 1984 Non
1881 1928 2041 1996 dixit,
2076 1963 2126 2025 B

445 2019 562 2072 Nos
589 2033 784 2073 sumus
811 2018 1027 2089 probati
1071 2037 1084 2072 :
1128 2017 1254 2086 sed,
1291 2041 1315 2066 α
1355 2019 1538 2087 Quem
1585 2018 1859 2074 Dominus
1889 2033 2044 2073 com-

446 2105 693 2171 mendat,
728 2129 755 2155 ι
783 2106 890 2162 hoc
930 2114 1032 2174 est,
1066 2123 1234 2178 quem
1261 2107 1469 2162 veritas
1515 2106 1722 2162 laboris
1769 2114 1824 2162 et
1859 2107 2046 2180 operis

445 2212 575 2252 cum
601 2196 706 2252 Dei
743 2196 914 2269 gratia
946 2196 1234 2268 probatum
1271 2196 1537 2253 ostendit.

1051 2313 1294 2369 CAPUT
1330 2315 1432 2369 XI.

511 2450 687 2506 Vnus.
735 2454 784 2503 1.
835 2470 860 2495 α
910 2447 1129 2503 Utinam
1167 2447 1510 2503 sustineretis
1545 2446 1831 2503 modicum
1866 2462 1959 2503 me
1987 2446 2043 2503 in

441 2530 752 2602 insipientia
796 2545 942 2598 mea,
987 2528 1082 2585 sed
1121 2537 1175 2584 et
1218 2529 1500 2585 sustinetis
1543 2544 1652 2584 me.
1699 2552 1725 2577 ι
1781 2529 2043 2599 Proprias

440 2620 629 2676 laudes
665 2636 1036 2691 aggressurus,
1070 2619 1261 2674 multis
1293 2635 1424 2675 usus
1447 2627 1533 2674 est
1560 2619 2043 2689 praecorrectioni-

440 2710 572 2774 bus,
605 2709 897 2776 defugiens
923 2707 978 2763 id
1022 2708 1169 2780 quod
1214 2724 1511 2764 onerosum
1551 2715 1608 2763 et
1634 2709 1932 2764 molestum
1959 2708 2038 2762 vi-

442 2798 609 2858 detur
633 2799 689 2852 in
715 2798 977 2869 suiipsius
1015 2797 1517 2853 commendatione.
1552 2800 1675 2852 Huc
1699 2805 1882 2852 autem
1909 2813 2040 2853 eum

438 2886 732 2942 necessitas
774 2885 1033 2958 perpulit,
1074 2896 1130 2942 et
1170 2895 1384 2954 metus,
1430 2902 1503 2941 ne
1547 2885 1603 2940 in
1646 2885 2041 2957 discipulorum

437 2976 704 3032 damnum
736 2985 1012 3047 vergeret,
1041 2975 1083 3030 si
1112 2976 1230 3046 ipse
1249 2974 1701 3046 vilipenderetur,
1734 2974 2037 3047 pseudapo-

440 3066 570 3121 stoli
595 3081 722 3121 vero
743 3065 795 3120 in
826 3065 998 3136 pretio
1021 3065 1365 3120 haberentur.
1398 3064 1561 3136 Quod
1591 3065 1741 3120 enim
1773 3080 1837 3120 ex
1867 3065 2041 3121 multa

439 3155 782 3223 necessitate,
811 3162 868 3209 et
895 3155 964 3210 ob
990 3154 1386 3224 discipulorum
1415 3169 1649 3209 suorum
1674 3153 2040 3210 commodum

437 3245 546 3300 huc
573 3243 902 3316 pervenerit,
926 3245 1008 3299 vel
1034 3242 1338 3298 admodum
1367 3243 1657 3299 insensatis
1676 3244 1900 3315 planum
1922 3259 2040 3300 esse

439 3343 626 3406 queat.
669 3334 772 3403 Qui
813 3333 962 3388 enim
1005 3333 1252 3404 priorum
1283 3341 1636 3404 peccatorum
1678 3332 1958 3396 meminit,
2008 3349 2039 3389 a

2157 662 2247 729 οὖν
2301 670 2614 747 ἐλπίζομεν,
2643 668 2776 730 εὈτι
2825 668 2918 726 καὶ
2959 669 3032 734 εἰς
3073 665 3140 725 τὰ
3189 663 3575 745 ὓπερεπέκεινα
3610 667 3760 740 ὑμῶν

2160 759 2641 838 εὖαγγελισόμεθα,
2693 759 2785 818 xui
2822 760 2982 838 τυχὸν
3016 755 3106 816 xui
3151 755 3231 814 ἐπ’
3281 753 3498 822 ἐκείνοις
3547 778 3759 834 καυχη-

2160 849 2391 927 σόμεθα,
2425 850 2561 926 εἴγε
2608 848 2954 929 ὠφελήσομεν
3003 845 3213 913 αὐτούς.
3272 843 3490 905 Κανόνα
3525 842 3580 902 δὲ
3623 867 3759 902 παν-

2160 946 2325 1021 ταχοῦ
2373 943 2523 999 καλεῖ
2553 939 2645 998 xui
2677 938 2902 1019 μέτρον,
2944 939 3013 1003 ὣς
3051 934 3326 1012 οἰκοδόμος
3373 938 3465 1005 τῆς
3509 931 3756 1011 οἰκουμέ-

2157 1054 2250 1103 νης
2282 1028 2374 1087 xui
2423 1029 2785 1109 ἀρχιτέκτων,
2844 1025 2937 1087 καὶ
2967 1023 3055 1085 ἵνα
3090 1023 3232 1105 δείξῃ
3261 1024 3340 1084 ὅτι
3368 1028 3460 1082 τοῦ
3502 1025 3644 1083 Θεοῦ
3697 1021 3758 1082 τὸ

2158 1127 2293 1192 πᾶν,
2343 1123 2436 1178 τοῦ
2487 1119 2575 1178 τὸν
2629 1117 2826 1178 κανόνα
2879 1115 3055 1184 δόντος
3112 1114 3204 1173 xui
3267 1111 3330 1172 τὸ
3386 1112 3576 1194 μέτρον
3604 1135 3618 1150 ·
3677 1111 3756 1172 διὸ

2157 1209 2350 1288 ἐπάγει
2373 1232 2387 1246 ·

2239 1327 2262 1353 ιι
2298 1298 2369 1358 Ὁ
2428 1298 2482 1357 δὲ
2541 1296 2916 1379 καυχώμενος,
2979 1296 3032 1354 ἐν
3086 1292 3275 1376 Κυρίῳ
3337 1291 3658 1373 καυχάσθω.
3722 1316 3754 1349 ι)

2157 1386 2416 1470 Ἔχοντες
2475 1385 2578 1468 γὰρ
2627 1392 2848 1447 τοιαῦτα
2906 1383 3074 1467 ἔργα,
3109 1387 3166 1444 οὐ
3215 1383 3592 1462 κομπάζομεν,
3637 1382 3757 1442 οὐδὲ

2159 1481 2361 1546 ἑαυτοῖς
2411 1503 2464 1537 τι
2511 1477 2858 1556 λογιζόμεθα·
2908 1473 3046 1535 ἀλλὰ
3085 1475 3161 1554 τῷ
3205 1474 3333 1556 Θεῷ
3371 1471 3432 1531 τὸ
3465 1481 3605 1546 πᾶν,
3666 1471 3759 1530 καὶ

2158 1569 2290 1629 αὐτὸ
2341 1567 2370 1627 ὃ
2415 1568 2722 1650 ἐφθάσαμεν
2781 1565 2992 1647 μέτρον.
3044 1563 3200 1624 Ἔδει
3249 1560 3339 1624 οὖν
3396 1560 3668 1630 κάκείνους
3703 1565 3755 1622 ἐν

2155 1657 2326 1739 τούτῳ
2355 1661 2680 1738 καυχᾶσθαι.

2246 1866 2270 1892 α
2305 1840 2386 1900 Οὖ
2419 1837 2524 1918 γὰρ
2552 1839 2580 1896 ὁ
2605 1834 2790 1895 ἑαυτὸν
2816 1837 3075 1894 συνιστῶν
3135 1831 3481 1918 ἐκεῖνόςέστι
3514 1829 3758 1909 δόκιμος,

2159 1928 2279 1987 ἀλλ’
2300 1928 2356 1988 ὃν
2386 1911 2657 2008 ὃτὶξύριος
2698 1924 3025 1998 συνίστησιν.
3076 1948 3107 1981 πο
3157 1927 3274 1984 Οὐκ
3334 1911 3509 1996 εἶπεν,
3561 1919 3757 1997 Ἡμεῖς

2155 2021 2318 2098 ἐσμεν
2349 2018 2590 2096 δόκιμοι,
2613 2015 2731 2076 ἀλλ’
2762 2045 2787 2072 ιι
2812 2014 2923 2076 ’³ον
2949 2018 2976 2074 ὁ
3009 2013 3202 2095 Κύριος
3219 2011 3497 2084 συνίστησι
3516 2034 3530 2048 ο
3560 2033 3757 2069 ’τουτ-

2153 2107 2412 2182 έστιν,ὃν
2443 2109 2478 2180 ἡ
2536 2107 2757 2179 ἀλήθεια
2804 2113 2896 2166 τοῦ
2935 2104 3088 2185 ἔργου
3120 2102 3212 2162 xui
3266 2107 3358 2162 τοῦ
3405 2101 3572 2160 κόπου
3620 2098 3755 2179 μετὰ

2154 2205 2248 2273 τῆς
2265 2199 2480 2281 χάριτος
2510 2202 2599 2257 τοῦ
2631 2199 2772 2258 Θεοῦ
2806 2193 3138 2256 ἀποδεικνύει
3169 2193 3406 2272 δόκιμον.

2731 2324 3023 2384 ΚΕΦΑΛ.
3061 2319 3185 2382 ΙΑ’.

2235 2479 2259 2506 α
2289 2446 2524 2534 Ὄφελον
2555 2447 2831 2528 ἡνείχεσθέ
2872 2471 2972 2526 μου
3007 2445 3191 2525 μικρόν
3218 2469 3270 2504 τι
3299 2447 3394 2516 τῆς
3421 2441 3717 2534 ἀφροσύνης
3739 2459 3752 2476 ⁸

2152 2541 2292 2601 ἀλλὰ
2343 2532 2434 2599 xui
2483 2537 2734 2619 ἀνέχεσθέ
2800 2561 2920 2615 μου.
2979 2565 3000 2590 ιι
3057 2535 3288 2597 Μέλλων
3349 2532 3628 2611 ἐμϐαίνειν
3685 2534 3757 2599 εἰς

2149 2631 2269 2698 τοὺς
2315 2629 2534 2698 οἰκείους
2567 2627 2845 2700 ἐπαίνους,
2877 2629 3098 2693 πολλαῖς
3150 2625 3410 2705 κέχρηται
3459 2630 3576 2690 ταῖς
3622 2645 3754 2702 προ-

2152 2720 2494 2800 διορθώσεσι,
2544 2719 2604 2777 τὸ
2634 2718 2879 2799 φορτικὸν
2927 2721 3020 2774 τοῦ
3052 2717 3225 2774 δοκεῖν
3277 2713 3465 2772 ἑαυτὸν
3519 2713 3752 2770 ἐπαινεῖν

2150 2809 2483 2891 ἀποφεύγων.
2518 2810 2616 2876 Εἷς
2644 2813 2798 2866 τοῦτο
2829 2805 2884 2864 δὲ
2914 2805 3132 2883 ἤνεγκεν
3155 2803 3205 2841 ⁵9
3236 2802 3395 2862 αὐτὸν
3424 2806 3459 2873 ἡ
3503 2800 3712 2891 ἀνάγκη
3735 2846 3752 2879 ,

2147 2898 2240 2958 xui
2273 2890 2332 2958 τὸ
2361 2898 2584 2956 δεδιέναι
2633 2896 2709 2973 μὴ
2742 2901 2813 2963 εἰς
2851 2895 3060 2975 βλάβην
3092 2897 3196 2953 τῶν
3229 2894 3488 2972 μαθητῶν
3522 2890 3752 2968 γένηται

2149 2988 2209 3048 τὸ
2262 2992 2417 3048 αὐτὸν
2464 2985 2560 3065 μὲν
2611 2984 3052 3058 ἐξευτελίζεσθαι,
3113 2983 3232 3051 τοὺς
3280 2981 3334 3040 δὲ
3377 2981 3752 3062 ψευδαποστό-

2148 3079 2271 3146 λους
2300 3080 2466 3137 δοκεῖν
2500 3067 2636 3135 εἷναί
2673 3099 2747 3138 τι.
2776 3075 2906 3134 "Ou
2935 3075 3039 3155 γὰρ
3066 3072 3171 3132 ὑπὸ
3215 3073 3420 3143 πολλῆς
3474 3070 3707 3155 ἀνάγκης
3731 3117 3747 3146 ,

2150 3167 2243 3226 xui
2269 3167 2355 3226 διὰ
2385 3167 2482 3241 τὴν
2533 3165 2796 3248 ὠφέλειαν
2848 3152 2957 3223 των-
2986 3152 3239 3242 μαθητῶν
3280 3163 3353 3228 εἰς
3389 3166 3546 3219 τοῦτο
3584 3152 3714 3234 ἦλθε
3734 3208 3751 3233 ,

2151 3260 2308 3330 δῆλον
2339 3256 2431 3316 xui
2461 3264 2569 3324 τοῖς
2604 3255 2806 3336 σφόδρα
2847 3253 3107 3325 ἀνοήτοις.
3160 3251 3230 3336 ‘9
3259 3250 3363 3332 γὰρ
3397 3253 3502 3310 τῶν
3554 3249 3751 3330 προτέ-

2152 3370 2254 3428 ρων
2288 3331 2699 3427 ἁμαρτημάτών
2743 3331 3126 3424 μεμνημένος,
3167 3331 3241 3400 ὧν
3281 3331 3367 3401 διὰ
3415 3344 3507 3398 τοῦ
3545 3339 3746 3418 βαπτί-

436 3424 635 3496 quibus
665 3440 758 3494 per
794 3423 1065 3493 baptisma
1110 3422 1367 3478 liberatus
1409 3431 1556 3492 erat,
1588 3431 1751 3494 atque
1782 3423 1952 3494 299
1980 3439 2039 3479 se

2153 3460 2354 3514 σματος
2404 3434 2793 3515 ἠλευθέρωται,
2825 3432 2920 3493 xui
2967 3432 3171 3501 ἀνάξιον
3225 3428 3412 3489 ἑαυτὸν
3459 3429 3747 3488 ἀποκαλῶν

437 3513 673 3585 apostoli
712 3513 942 3569 nomine
993 3513 1282 3584 indignum
1319 3521 1536 3581 censet,
1566 3512 1854 3585 quomodo
1896 3513 2037 3569 citra

435 3603 814 3659 necessitatem
857 3602 926 3658 de
963 3619 1020 3658 se
1090 3618 1291 3675 magna
1340 3601 1691 3674 praedicaret!
1740 3602 1836 3658 Ait
1873 3618 2032 3674 ergo,

434 3698 665 3752 Utinam
712 3697 1052 3754 sustineretis
1082 3712 1172 3752 me
1213 3697 1269 3751 in
1317 3696 1500 3768 paucis
1540 3696 1874 3768 quibusdam
1929 3697 2039 3754 ine-

434 3788 703 3858 ptientem
754 3806 768 3842 :
814 3787 928 3842 imo
974 3802 1104 3843 vero
1147 3795 1202 3842 et
1254 3786 1562 3842 sustinetis.
1606 3785 1838 3842 Conﬁdo
1889 3786 2035 3842 enim

433 3877 580 3949 quod
615 3877 854 3949 diligatis
881 3893 1004 3944 me,
1035 3885 1091 3932 et
1110 3876 1300 3932 omnia
1333 3891 1457 3931 mea
1488 3875 1818 3931 sustineatis.

503 3969 686 4023 Vnus.
719 3973 771 4020 2.
814 3988 839 4014 ‹‹
871 3966 1118 4022 ιλΕῐῐιυιοι·
1145 3964 1289 4019 enim
1321 3979 1417 4019 vos
1448 3963 1552 4018 Dei
1596 3964 1968 4020 aemulatione.
2003 3983 2033 4016 »

433 4058 554 4111 Non
579 4055 745 4121 dixit,
766 4055 970 4126 Diligo,
1001 4053 1095 4109 sed
1114 4053 1264 4124 quod
1289 4053 1465 4108 multo
1494 4051 1874 4109 vehementius
1896 4061 2032 4121 erat,

436 4165 463 4192 α
506 4143 776 4198 Aimulor.
818 4163 846 4196 »
879 4143 1160 4214 Zelotypia
1203 4143 1350 4197 enim
1387 4142 1532 4197 inter
1556 4141 1812 4198 ardenter
1846 4158 2036 4198 aman-

432 4239 516 4287 tes
559 4232 827 4287 nascitur.
877 4231 1089 4287 Deinde
1144 4247 1214 4286 ne
1243 4231 1560 4288 existiment
1606 4231 1758 4304 quod
1807 4231 2034 4288 humani

433 4320 798 4393 cujusquam,
845 4321 1010 4377 veluti
1061 4323 1418 4393 pecuniarum
1465 4330 1561 4377 aut
1601 4323 1789 4395 gloria:
1835 4337 2033 4390 causa,

432 4429 528 4469 eos
566 4413 875 4483 wmuletur,
912 4413 1101 4480 infert,
1150 4436 1174 4460 α
1210 4415 1312 4470 Dei
1351 4415 1491 4470 zelo.
1526 4437 1551 4462 η
1599 4417 1742 4471 Nam
1782 4423 1837 4469 et
1882 4417 2034 4469 Deus

433 4505 686 4559 aemulari
713 4503 942 4574 dicitur,
973 4520 1039 4560 eo
1077 4503 1230 4577 quod
1255 4504 1427 4559 nimia
1454 4520 1557 4559 nos
1586 4503 1884 4559 dilectione
1910 4519 2032 4574 pro-

2147 3533 2239 3599 τῆς
2294 3533 2384 3586 τοῦ
2465 3527 2763 3585 ἀποστόλου
2826 3521 3216 3604 προσηγορίας,
3280 3523 3393 3587 πῶς
3456 3517 3520 3578 ἂν
3583 3516 3750 3604 χώρὶς

2149 3597 2383 3695 ἀνάγκης
2467 3597 2883 3694 ἐμεγαληγόρει.
2918 3597 3041 3692 περὶ
3073 3597 3319 3686 ⁷ιξαυτοῦ;
3377 3607 3559 3681 Φησὶν
3585 3597 3703 3666 γοῦν
3730 3626 3745 3642 °

2147 3707 2286 3782 Εἴθε⁵
2314 3705 2588 3787 ἠνείχεσθέ
2625 3727 2727 3783 μου
2778 3702 2945 3783 μικρά
2974 3726 3092 3762 τινα
3122 3698 3522 3771 ἀνοηταίνοντος
3548 3722 3562 3736 ·
3608 3699 3748 3775 μᾶλ-

2146 3799 2237 3856 λον
2287 3794 2464 3854 δὲκαὶ
2523 3793 2796 3875 ἀνέχεσθε.
2849 3793 3052 3874 Θαῤῥῶ
3081 3789 3183 3871 γὰρ
3237 3787 3318 3848 ὅτι
3370 3787 3617 3868 ἀγαπᾶτέ
3649 3811 3748 3865 με,

2145 3884 2236 3944 xui
2261 3885 2437 3944 πάντα
2459 3907 2559 3962 μου
2589 3885 2856 3963 ἀνέχεσθε.

2235 4001 2260 4026 «ι
2307 3956 2470 4044 Ζηλῶ
2527 3973 2631 4052 γὰρ
2679 3956 2827 4049 ίίμᾶς
2884 3976 3026 4033 Θεοῦ
3083 3970 3343 4052 ζήλῳ.)
3402 3970 3521 4030 Οὔκ
3567 3956 3742 4042 εἶπεν,

2147 4061 2394 4142 Ἀγαπῶ,
2432 4050 2550 4120 ἀλλ⁴
2589 4050 2828 4141 θπολλῷ
2873 4050 3217 4141 σφοδρότερον
3265 4050 3362 4132 ἦν,
3423 4081 3453 4114 ιι
3478 4061 3662 4130 Ζηλῶ.
3712 4079 3741 4115 »

2147 4156 2180 4223 ἡ
2212 4150 2314 4231 γὰρ
2348 4151 2642 4223 ζηλοτυπία
2703 4151 2792 4209 ἐπὶ
2843 4153 2948 4208 τῶν
2991 4151 3221 4216 διακαῶς
3265 4146 3506 4228 ἐρώντων
3558 4145 3738 4205 τίκτε-

2145 4265 2256 4303 ται.
2294 4232 2431 4302 Εἶτα
2471 4239 2558 4300 ἵνα
2591 4239 2665 4319 μὴ
2720 4239 3008 4318 νομίσωσιν
3039 4238 3121 4298 ὅτι
3179 4237 3270 4297 διά
3300 4262 3353 4297 τι
3383 4235 3742 4317 ἀνθρώπινον,

2146 4322 2253 4392 οἷον
2281 4330 2539 4412 χρήματα
2557 4377 2574 4409 ,
2597 4328 2632 4402 ἢ
2653 4329 2836 4406 δόξαν,
2872 4329 3059 4396 αὐτοὺς
3091 4329 3274 4402 ζηλοῖ,
3305 4327 3435 4409 φησί
3455 4327 3527 4401 ⁸ο,
3549 4354 3573 4381 σι
3597 4327 3742 4386 Θεοῦ

2146 4423 2289 4502 ζήλῳ
2317 4445 2330 4459 ο
2366 4449 2390 4475 n
2428 4420 2519 4480 xui
2547 4421 2650 4502 γὰρ
2693 4421 2784 4480 xui
2817 4423 2844 4479 ὁ
2877 4419 3014 4486 Θεὸς
3053 4421 3243 4493 ζηλοῦν
3273 4417 3526 4499 λέγεται,
3559 4415 3647 4475 διὰ
3688 4415 3750 4474 τὸ

2146 4511 2280 4590 ἄγαν
2307 4516 2451 4588 ἡμᾶς
2503 4513 2751 4592 ἀγαπᾷν,
2783 4511 2885 4590 οὐχ
2938 4507 3026 4566 ἵνα
3061 4507 3215 4575 αὐτός
3248 4531 3299 4566 τι
3333 4507 3598 4589 κερδάνῃ,
3627 4504 3750 4564 ἀλλ’

429 4603 711 4664 sequatur,
756 4611 870 4650 non
915 4593 1065 4666 quod
1110 4592 1318 4666 aliquid
1359 4592 1484 4648 inde
1523 4591 1807 4649 commodi
1848 4593 2030 4649 lucre-

2149 4599 2234 4660 ἵνα
2264 4604 2407 4677 ἡμᾶς
2455 4599 2600 4679 σώσῃ
2623 4646 2640 4678 ,
2670 4591 2814 4680 πρὸς
2840 4597 3050 4680 ,ἑαυτὸν
3097 4595 3340 4675 συνάγων
3363 4638 3379 4669 ,
3433 4596 3524 4654 καὶ
3572 4594 3747 4674 ἑαυτῷ

428 4692 542 4754 tur,
573 4683 671 4739 sed
695 4693 757 4738 ut
781 4700 885 4739 nos
912 4692 1112 4749 servet,
1139 4683 1208 4739 ad
1247 4682 1491 4754 seipsum
1523 4681 1860 4754 colligendo,
1898 4683 2027 4738 sibi-

429 4789 536 4846 que
580 4772 996 4845 agglutinando.
1055 4770 1387 4844 Hujusmodi
1420 4770 1585 4843 igitur
1626 4779 1681 4826 et
1710 4787 1867 4828 meus
1906 4787 2034 4844 erga

429 4878 527 4919 vos
552 4864 700 4917 zelus
730 4870 842 4930 est,
881 4877 992 4916 non
1021 4869 1085 4917 ut
1114 4862 1242 4917 inde
1272 4860 1404 4933 quid
1434 4861 1565 4916 mihi
1597 4861 1730 4930 lucri
1772 4861 2034 4931 accedat,

429 4968 622 5007 verum
653 4960 716 5006 ut
739 4967 836 5006 vos
864 4966 978 5005 non
1006 4949 1464 5022 corrumpamini.

503 5066 530 5090 α
570 5040 852 5113 Despondi
901 5041 1048 5096 enim
1091 5057 1189 5096 vos
1222 5041 1316 5096 uni
1363 5041 1478 5096 viro
1526 5040 1794 5113 virginem
1824 5050 2034 5098 castam

427 5131 689 5188 exhibere
717 5131 954 5188 Christo.
987 5149 1016 5183 »
1060 5131 1342 5201 Despondi
1370 5147 1482 5201 vos,
1518 5131 1730 5203 inquit,
1761 5131 1984 5187 Christo
2014 5149 2028 5187 :

427 5239 526 5294 pro
565 5224 660 5278 illo
690 5223 856 5296 igitur
881 5221 1139 5288 aemulor,
1171 5237 1280 5277 non
1328 5237 1428 5292 pro
1458 5222 1689 5291 meipso.
1715 5223 1845 5277 Non
1883 5221 2031 5276 enim

425 5328 526 5382 ego
595 5327 864 5384 sponsus,
917 5310 1014 5368 sed
1058 5310 1486 5383 paranymphus.
1553 5311 1792 5367 Observa
1844 5319 2033 5367 autem

425 5401 712 5472 quomodo
749 5417 863 5457 non
889 5401 1119 5469 dixerit,
1156 5403 1470 5473 Praeceptor
1493 5409 1673 5457 vester
1709 5416 1867 5471 sum,
1900 5416 2032 5472 pro-

423 5497 607 5560 pterea
650 5490 872 5548 debetis
922 5507 1014 5546 me
1043 5491 1310 5547 sustinere
1367 5510 1379 5545 :
1427 5507 1622 5547 verum
1649 5490 1773 5547 illos
1814 5505 2032 5562 sponsae

421 5579 546 5635 loco
575 5580 795 5650 posuit,
832 5580 1077 5652 seipsum
1103 5588 1287 5638 autem
1317 5580 1580 5653 pronubaa
1617 5580 1737 5637 vice
1769 5580 2027 5647 collocat,

2145 4692 2472 4769 συγκολλῶν.
2507 4693 2753 4756 Τοιοῦτος
2802 4679 2919 4763 οὖν,
2985 4687 3151 4770 φησὶ,
3208 4686 3299 4746 xui
3348 4688 3376 4744 ὁ
3433 4683 3558 4762 ἐμὸς
3618 4682 3749 4764 πρὸς

2145 4783 2285 4859 ὑμᾶς
2317 4782 2496 4854 ζῆλος,
2527 4780 2628 4860 οὐχ
2653 4777 2740 4838 ἵνα
2777 4776 2881 4858 ἐγὼ
2915 4777 3185 4860 κερδάνω,
3215 4774 3340 4834 ἀλλ’
3369 4773 3457 4834 ἵνα
3491 4775 3640 4854 ὓμεῗς
3666 4771 3744 4854 μὴ

2145 4873 2491 4951 διαφθαρῆτε.

2227 5059 2249 5085 α
2302 5029 2661 5112 Ἦρμοσάμην
2722 5029 2825 5110 γὰρ
2893 5032 3031 5106 ὑμᾶς
3108 5027 3184 5087 ἑνὶ
3257 5025 3409 5107 ἀνδρὶ
3479 5023 3740 5106 παρθένον

2143 5120 2308 5200 ἆγνὴν
2353 5127 2700 5202 παραστῆσαι
2755 5123 2832 5201 τῷ
2879 5121 3126 5200 Χριστῷ.
3162 5122 3207 5184 ξ»
3259 5114 3745 5198 Προεμνηστευσά-

2144 5236 2251 5290 μην
2281 5215 2454 5289 ὓμᾶς,
2513 5211 2674 5292 φησὶ,
2719 5215 2797 5292 τῷ
2845 5212 3087 5292 Χριστῷ.
3124 5209 3334 5268 Οὐκοῦν
3379 5206 3507 5284 ὑπὲρ
3540 5205 3743 5265 ἐκείνου

2141 5305 2304 5377 ζηλῶ,
2331 5304 2430 5382 οὐχ
2463 5305 2594 5383 ὑπὲρ
2651 5303 2906 5377 ἐμαυτοῦ.
2954 5301 3037 5358 Οὐ
3079 5297 3182 5383 γὰρ
3233 5295 3339 5376 ἐγὼ
3391 5295 3555 5375 ἀνὴρ,
3584 5292 3743 5383 ἀλλὰ

2141 5378 2516 5472 νυμφαγωγός.
2546 5378 2695 5469 σῸρα
2741 5389 2827 5462 δὲ,
2860 5391 2972 5454 πῶς
3004 5389 3099 5446 οὐκ
3125 5378 3268 5446 εἶπεν
3289 5429 3306 5460 ,
3346 5383 3427 5444 ὅτι
3457 5382 3740 5444 Διδάσκα-

2139 5482 2228 5548 λος
2251 5483 2399 5558 ὓμῶν
2429 5483 2573 5560 εἰμι,
2605 5479 2694 5538 xui
2723 5476 2812 5537 διὰ
2839 5483 2996 5537 τοῦτο
3023 5473 3258 5557 ὀφείλετέ
3287 5498 3387 5552 μου
3419 5473 3740 5553 ἀνέχεσθαι,

2141 5572 2260 5629 ἀλλ’
2321 5570 2546 5638 ἐκείνους
2596 5568 2692 5647 μὲν
2742 5570 2796 5628 ἐν
2847 5567 2993 5638 τάξει
3048 5565 3284 5648 νύμφης,
3338 5565 3524 5624 ἑαυτὸν
3578 5561 3633 5622 δὲ
3684 5563 3741 5620 ἐν

1786 5706 1996 5787 _Variae
2040 5705 2350 5765 lectiones.

491 5783 538 5816 ⁸9
571 5783 734 5855 ἤγαγε
760 5800 812 5840 ο.
891 5785 936 5819 ⁶⁰
959 5785 1132 5858 ἐπάγει
1160 5803 1212 5842 ο.
