4134 6418
355 432 462 486 909

1248 434 1600 493 EXPOSITIO
1638 435 1703 490 IN
1742 433 1949 490 EPIST.
1991 432 2036 489 Il
2072 435 2164 490 AD
2201 437 2358 494 COR.
2397 467 2467 480 —
2505 441 2654 496 CAP.
2698 442 2780 498 XI.

3558 448 3663 501 910

349 556 511 639 χώρᾳ
559 559 963 640 προμνηστρίας
1009 559 1219 635 τάττει,
1279 562 1551 640 σεμνύνων
1602 562 1809 630 αὐτούς.
1844 562 1940 622 Ξέ-

2067 562 2276 622 honore
2313 566 2432 639 ipso
2473 566 2735 624 afﬁciens.
2781 566 2989 623 Mirum
3021 576 3208 624 autem
3255 567 3346 624 hic
3393 569 3662 642 quiddam

350 670 441 705 νον
472 647 528 707 δὲ
576 649 636 708 τὸ
679 650 768 710 ἐπὶ
814 654 908 722 τῆς
952 649 1282 723 Ἐκκλησίας
1336 652 1657 729 συμϐαῖνον·
1705 654 1794 714 ἐπὶ
1846 653 1951 733 γὰρ

348 742 443 795 τοῦ
494 738 697 817 κόσμου
729 740 867 814 μετὰ
904 739 994 798 τὸν
1041 742 1215 818 γάμον
1253 742 1427 801 οὐκέτι
1477 742 1726 821 παρθένοι
1758 742 1946 818 μένου-

348 849 465 884 σιν’
510 832 739 889 ἐνταῦθα
786 828 844 889 δὲ
895 829 988 889 καὶ
1016 833 1063 891 οἱ
1094 831 1170 908 μὴ
1222 831 1366 899 ὄντες
1398 832 1647 912 παρθένοι
1687 832 1790 913 πρὸ
1819 832 1949 890 τού-

346 939 442 975 του
501 918 638 997 μετὰ
684 918 773 978 τὸν
824 919 997 997 γάμον
1053 925 1236 979 τοῦτον
1286 921 1331 957 ⁸⁸
1385 922 1636 1001 παρθένοι
1686 922 1944 1001 γίνονται.

348 1008 513 1068 Οὕτω
562 1018 714 1071 πᾶσα
742 1014 776 1083 ἡ
809 1008 1114 1082 Ἐκκλησία
1160 1010 1418 1092 παρθένος
1472 1011 1607 1072 ἐστί.
1659 1011 1803 1094 Πρὸς
1846 1010 1947 1090 γὰρ

346 1101 553 1168 πάντας
576 1106 746 1159 ταῦτα
794 1099 940 1181 λέγει
977 1102 1222 1175 Παῦλος,
1255 1103 1347 1161 καὶ
1376 1100 1501 1169 τοὺς
1544 1102 1947 1181 γεγαμηκότας,

345 1188 441 1250 καὶ
481 1189 577 1258 τὰς
624 1188 1028 1271 γεγαμημένας.
1086 1193 1225 1251 Ποῖα
1278 1190 1332 1249 δὲ
1383 1189 1508 1250 ἕδνα
1562 1192 1734 1273 φέρων
1771 1192 1946 1270 ἡρμό-

347 1304 511 1353 σατο;
542 1278 659 1351 Τὴν
703 1280 976 1359 βασιλείαν
1005 1284 1111 1339 τῶν
1152 1282 1411 1359 οὐρανῶν.
1453 1280 1659 1342 Τούτου
1689 1281 1851 1350 τύπος
1880 1274 1946 1355 ἦν

344 1370 413 1428 τὰ
456 1369 543 1430 ἐπὶ
574 1374 670 1427 τοῦ
718 1368 991 1450 Ἀϐραὰμ,
1042 1370 1130 1430 ὅτε
1171 1370 1259 1429 τὸν
1308 1371 1516 1445 οἰκέτην
1560 1370 1765 1453 ἔπεμψε
1814 1396 1947 1450 μνη-

345 1458 696 1537 στευσόμενον
725 1458 886 1539 κόρην
928 1459 1160 1530 ἐθνικήν.
1212 1459 1324 1520 Καὶ
1354 1462 1582 1522 ἐνταῦθα
1612 1461 1716 1541 γὰρ
1750 1465 1779 1521 6
1807 1462 1946 1531 Θεὸς

344 1549 554 1630 ἔπεμψε
607 1546 728 1618 τοὺς
784 1548 995 1615 δούλους
1052 1550 1215 1608 αὐτοῦ
1264 1548 1383 1618 τοὺς
1439 1551 1741 1633 προφήτας,
1798 1575 1944 1629 μνη-

344 1639 726 1716 πευσομένους
766 1642 843 1719 τῷ
898 1637 1052 1698 παιδὶ
1101 1641 1263 1700 αὐτοῦ
1314 1640 1535 1722 Χριστῷ
1575 1642 1673 1713 τὴν
1706 1644 1942 1715 Ἐκκλη-

344 1727 499 1788 σίαν·
549 1730 619 1795 ὣς
674 1728 762 1787 τὸν
815 1723 982 1789 Δαυΐδ
1036 1728 1291 1809 λέγοντα·
1360 1752 1389 1788 (ι
1446 1728 1737 1805 Ἄκουσον,
1784 1732 1945 1810 θύγα-

342 1843 467 1899 τερ,
514 1818 604 1878 καὶ
651 1819 763 1897 ἴδε,
802 1818 894 1878 καὶ
938 1819 1188 1879 ἐπιλάθου
1231 1826 1322 1881 τοῦ
1371 1821 1502 1880 λαοῦ
1544 1845 1672 1897 σου,
1700 1820 1821 1899 {xui
1849 1828 1939 1881 τοῦ

372 1909 395 1927 ..
587 1916 620 1927 ..
810 1908 826 1927 .
1220 1910 1232 1927 ε
1349 1908 1364 1927 ι
1471 1912 1486 1927 .
1647 1911 1679 1927 ι.
1881 1916 1897 1927 .

2053 1824 2186 1894 lum,
2240 1822 2331 1879 ubi
2369 1826 2449 1880 ait
2495 1844 2507 1878 :

342 1909 491 1969 οἴκου
528 1916 620 1969 τοῦ
654 1908 851 1989 πατρός
889 1930 985 1968 σου
1013 1933 1026 1947 ·
1080 1935 1105 1963 ιι
1149 1910 1240 1970 καὶ
1287 1908 1407 1977 τοὺς
1456 1911 1808 1983 ἀποστόλους,
1868 1916 1940 1980 ὡς

341 1998 433 2058 τὸν
492 2002 707 2060 Παῦλον
756 2001 978 2082 λέγοντα
1007 2024 1020 2037 ·
1059 2026 1084 2052 α
1144 1998 1314 2079 Ὑπὲρ
1367 2003 1602 2080 Χριστοῦ
1649 2001 1940 2082 πρεσϐεύο-

342 2113 463 2167 μεν.
501 2117 522 2142 ι·
554 2088 625 2150 Ὁ
661 2089 758 2170 μὲν
810 2080 898 2150 οῦν
928 2089 1115 2173 παρὼν
1159 2090 1342 2171 καιρὸς
1375 2089 1663 2165 μνηστείας
1698 2080 1878 2151 ἐστίν’
1910 2096 1938 2152 6

342 2178 397 2238 δὲ
429 2182 638 2259 μέλλων
686 2183 791 2240 τῶν
840 2180 1061 2261 γάμων,
1112 2179 1199 2240 ὅτε
1234 2179 1440 2262 κραυγὴ
1473 2180 1703 2259 γίνεται·
1738 2207 1761 2234 α
1796 2180 1936 2243 Ἰδοὺ

338 2274 368 2329 6
397 2268 636 2350 νυμφίος.
672 2293 702 2329 n

433 2384 463 2418 (ι
497 2360 795 2437 Φοϐοῦμαι
844 2358 899 2419 δὲ
936 2359 1127 2438 μήπως
1155 2361 1225 2428 ὡς
1272 2363 1299 2419 6
1327 2357 1440 2442 ὄφις
1489 2359 1639 2421 Εὕαν
1671 2359 1934 2433 ἐξηπάτη-

340 2472 433 2509 σεν
462 2452 517 2510 ἐν
687 2450 986 2532 πανουργία
1037 2454 1232 2527 αὑτοῦ,
1274 2449 1411 2510 οὕτω
1463 2454 1636 2531 φθαρῇ
1688 2450 1756 2508 τὰ
1810 2450 1938 2522 νοή-

340 2564 488 2617 ματα
538 2543 688 2619 ὖμῶν
736 2539 842 2599 ἀπὸ
869 2544 967 2612 τῇς
1021 2539 1321 2611 ἁπλότητος
1361 2544 1455 2611 τῇς
1498 2544 1569 2607 εἷς
1607 2539 1864 2621 Χριστόν.
1903 2566 1933 2598 ι)

345 2632 413 2691 Εἰ
439 2629 543 2711 γὰρ
573 2630 665 2690 καὶ
696 2634 729 2702 ἡ
761 2629 1006 2690 ἀπώλεια
1034 2628 1294 2710 ὑμετέρα,
1324 2629 1439 2688 ἄλλ’
1465 2632 1491 2688 6
1520 2630 1681 2711 φόϐος
1707 2630 1758 2668 ⁶²
1785 2630 1930 2706 ἐμός.

338 2720 461 2781 Οὗκ
508 2719 856 2802 ἀποφαίνεται
900 2720 988 2796 δὲ,
1045 2716 1127 2778 ὅτι
1161 2719 1526 2801 Διεφθάρητε,
1583 2718 1756 2778 καίτοι
1801 2714 1935 2791 ἦσαν

341 2812 742 2893 διεφθαρμένοι,
789 2812 910 2869 ἀλλ’
960 2808 1272 2891 ἀμφιϐόλως
1320 2810 1447 2868 αὐτὸ
1475 2807 1715 2869 τέθεικε·
1748 2836 1772 2863 σι
1803 2812 1936 2883 Μή-

339 2924 452 2968 πως
488 2905 561 2968 ὥς
606 2903 634 2959 6
683 2903 797 2983 ὄφις
848 2899 991 2960 Εὔαν
1037 2898 1365 2972 ἐξηπάτησε.
1408 2926 1432 2951 ι»
1466 2898 1705 2979 Kal-{dp
1749 2903 1937 2960 κάκεῖ-

337 3012 424 3056 νος
450 2989 663 3067 μείζονα
688 2988 1162 3069 ἐπαγγειλάμενος,
1192 2988 1468 3061 ἠπάτησε·
1522 2989 1615 3048 καὶ
1674 2993 1722 3050 οἱ
1776 2991 1937 3069 ψευδ-

341 3078 629 3182 ιὶπόστολοι
659 3079 734 3182 ἑὲ
784 3078 1174 3182 κομπάζογτες,
1225 3077 1318 3137 καὶ
1374 3076 1757 3182 μεγάλαητινὰ
1793 3082 1937 3182 ’ὑμῖν
1971 3116 2018 3182 C

340 3168 611 3248 λέγοντες,
649 3168 985 3238 ἐξαπατῶσιν
1033 3170 1085 3227 ἐν
1234 3167 1533 3248 πανουργίᾳ
1560 3169 1759 3229 αὐτῶν.
1793 3167 1937 3229 Ἀλλ’

338 3258 520 3339 ὥσπερ
582 3259 704 3320 οὔτε
762 3264 795 3331 ἡ
864 3256 1157 3340 πανουργία
1195 3258 1247 3297 6³
1299 3264 1393 3317 τοῦ
1466 3257 1662 3338 ὄφεως,
1730 3257 1849 3317 οὔτε
1900 3264 1934 3332 ἡ

339 3348 579 3422 ἁπλότης
630 3353 725 3419 τῇς
786 3351 928 3416 Εὔας
981 3348 1205 3429 ἤρκεσεν
1273 3350 1409 3429 αὐτῇ
1460 3350 1535 3415 εἷς
1577 3346 1932 3429 συγγνώμην,

339 3441 504 3506 οὕτως
545 3437 662 3499 οὐδὲ
690 3442 815 3515 ὑμῖν
848 3427 1033 3498 ταῦτα*
1059 3427 1473 3517 προσέσεταιήθκί.
1514 3440 1633 3498 Οὔκ
1690 3427 1809 3497 εἶπε
1844 3437 1932 3512 δὲ,

337 3527 419 3588 ὅτι
444 3532 471 3588 6
496 3527 664 3605 Ἀδὰμ
720 3527 1001 3602 ἠπατήθη,
1047 3527 1139 3587 ἵνα
1172 3527 1314 3607 δείξῃ
1353 3529 1673 3606 γυναικῶδες
1697 3526 1756 3585 τὸ
1791 3530 1934 3586 ἄπα-

336 3624 550 3680 τᾶσθαι.
599 3617 706 3679 Καὶ
730 3620 827 3677 οὐκ
862 3609 1010 3695 εἶπε,
1044 3617 1136 3689 Μὴ
1187 3619 1495 3689 ἀπατηθῇτε
1515 3661 1533 3689 ,
1570 3615 1743 3694 ἀλλὰ,
1784 3615 1933 3689 «Μὴ

336 3713 513 3790 φθαρῇ
538 3706 603 3767 τὰ
648 3707 898 3786 νοήματα
946 3710 1128 3784 ὑμῶν,
1168 3733 1192 3759 ιι
1232 3704 1497 3784 ἐπιμένων
1658 3710 1829 3785 τροπῇ
1854 3749 1867 3761 .
1898 3716 1932 3779 ὴ

336 3796 438 3877 γὰρ
469 3797 633 3879 φθορὰ
666 3798 752 3859 ἐπὶ
781 3800 888 3856 τῶν
910 3794 1187 3877 παρθένων
1229 3795 1465 3873 λέγεται.
1506 3795 1718 3866 Μήπως
1756 3799 1932 3875 φθαρῇ

338 3887 445 3945 ἀπὸ
466 3891 560 3959 τῆς
590 3887 833 3968 ἀφελείας
862 3889 1009 3963 ὓμῶν
1038 3886 1103 3958 ἣν
1155 3884 1305 3965 ἔχετε
1358 3887 1430 3951 εἷς
1471 3883 1725 3965 Χριστόν.
1756 3887 1930 3946 Τουτ-

335 3976 482 4051 έστι,
566 3977 663 4048 Μὴ
722 3979 1036 4048 ἂπατηθῇτε
1094 3976 1201 4035 ἀπὸ
1272 3979 1365 4047 τῇς
1443 3974 1690 4056 ἀφελείας
1757 3979 1929 4053 ὑμῶν.

335 4067 491 4134 Τινὲς
516 4065 571 4126 δὲ
600 4066 765 4126 οὕτω·
819 4065 914 4137 Μὴ
963 4069 1311 4146 μετενεχθῇτε
1341 4064 1448 4123 ἀπὸ
1478 4069 1572 4136 τῇς
1619 4065 1797 4136 ἁπλῆς
1846 4065 1933 4124 πί-

338 4181 502 4225 στεως
546 4159 618 4224 εἷς
658 4158 755 4229 τὴν
812 4159 918 4215 τῶν
956 4154 1053 4225 ἔξω
1098 4157 1399 4229 δεινότητα·
1452 4154 1587 4227 αὕτη
1632 4154 1735 4234 γὰρ
1772 4158 1808 4226 ἡ
1838 4179 1931 4233 με·

335 4248 494 4328 γίστη
518 4249 704 4330 φθορά.

427 4366 451 4391 ιι
485 4340 556 4399 Εἰ
600 4338 696 4417 μὲν
739 4337 844 4419 γὰρ
896 4339 925 4396 6
950 4338 1235 4417 ἐρχόμενος
1265 4336 1424 4397 ἄλλον
1484 4335 1692 4409 Ἰησοῦν
1724 4335 1931 4415 κηρύσ-

337 4451 450 4504 σει,
497 4427 554 4488 8ν
584 4430 678 4488 οὐκ
722 4425 1085 4507 ἐκηρύξαμεν,
1218 4429 1442 4503 Πνεῦμα
1495 4425 1672 4507 ἕτερον
1716 4425 1936 4504 λαμϐά-

336 4542 486 4594 νετε,
545 4517 574 4577 ὃ
611 4520 708 4578 οὐκ
761 4516 1017 4589 ἐλάϐετε,
1066 4516 1101 4588 ἢ
1156 4517 1483 4595 Εὖαγγέλιον
1522 4516 1699 4593 ἕτερον
1754 4514 1782 4575 ὃ
1840 4518 1935 4576 οὐκ

2062 654 2121 710 in
2167 656 2406 713 Ecclesia
2436 658 2724 730 contingit.
2772 659 2836 713 In
2874 656 3085 713 mundo
3108 658 3254 713 enim
3285 666 3412 729 post
3444 660 3663 731 nuptias

2055 760 2171 801 non
2216 763 2381 818 porro
2434 747 2671 820 virgines
2714 755 2942 804 manent
2983 766 2997 803 :
3050 747 3141 803 hic
3182 756 3373 803 autem
3410 749 3501 819 qui
3530 758 3661 806 autc

2056 834 2290 907 virgines
2317 853 2428 893 non
2458 835 2712 907 fuerunt,
2742 846 2867 910 post
2911 837 3133 909 nuptias
3161 836 3322 893 hasce
3350 836 3662 895 efﬁciuntur

2056 924 2316 998 virgines.
2349 930 2470 983 Hac
2499 927 2714 983 ratione
2750 926 3005 1003 universa
3041 926 3277 983 Ecclesia
3315 925 3468 999 virgo
3517 935 3602 983 est
3644 948 3659 996 ;

2061 1012 2135 1070 ad
2164 1031 2357 1073 omnes
2384 1016 2534 1072 enim
2571 1017 2769 1074 Paulus
2797 1016 2919 1074 haec
2960 1016 3227 1090 loquitur,
3258 1025 3312 1073 et
3341 1017 3576 1073 maritos
3605 1025 3663 1072 et

2056 1120 2272 1162 uxores.
2334 1106 2538 1178 Quales
2600 1115 2789 1163 autem
2846 1105 3006 1163 dotes
3051 1105 3288 1163 afferens
3328 1105 3661 1179 despondit?

2053 1195 2313 1265 Regnum
2361 1197 2647 1253 caelorum.
2700 1196 2881 1269 Hujus
2935 1195 3113 1268 ﬁgura
3160 1203 3320 1252 erant
3374 1211 3499 1267 qua;
3554 1195 3659 1251 sub

2052 1283 2374 1342 Abrahamo
2425 1286 2793 1359 contigerunt,
2846 1286 3067 1358 quando
3123 1301 3344 1342 servum
3399 1284 3554 1341 misit
3596 1294 3661 1341 ut

2052 1373 2325 1430 ethnicam
2355 1374 2595 1448 puellam
2643 1376 2757 1432 ﬁlio
2793 1374 3166 1448 desponderet
3205 1388 3267 1431 ιιι.
3329 1375 3435 1431 Hic
3488 1375 3657 1431 etiam

2056 1465 2208 1520 Deus
2259 1465 2413 1520 misit
2464 1482 2650 1523 servos
2698 1480 2831 1523 suos
2880 1465 3170 1537 prophetas
3225 1463 3658 1537 desponsaturos

2054 1553 2193 1610 Filio
2229 1570 2331 1611 suo
2360 1555 2582 1613 Christo
2622 1557 2921 1612 Ecclesiam
2941 1596 2957 1622 ,
3000 1555 3164 1612 veluti
3192 1555 3497 1628 Davidem,
3527 1571 3655 1611 cum

2052 1642 2230 1701 dicit:
2267 1668 2293 1694 ιι
2337 1645 2511 1716 Audi,
2543 1646 2673 1715 ﬁlia,
2714 1654 2769 1702 et
2811 1646 2965 1712 vide,
2998 1654 3056 1701 et
3099 1645 3419 1701 obliviscere
3467 1644 3655 1717 populi

2050 1733 2161 1803 tui,
2183 1743 2239 1790 et
2266 1734 2466 1793 domus
2484 1736 2654 1808 patris
2682 1737 2762 1792 tui
2839 1777 2851 1791 .
2883 1758 2907 1783 «
2939 1738 3083 1791 Tum
3105 1736 3402 1807 apostolos,
3426 1743 3489 1790 ut
3510 1737 3658 1791 Pau-

2575 1844 2601 1878 α
2646 1825 2844 1883 Christi
2885 1824 3112 1881 nomine
3160 1823 3431 1897 legatione
3465 1822 3652 1896 fungi—

2049 1930 2179 1969 mur
2220 1920 2265 1968 ο.
2319 1937 2345 1963 ιο
2395 1918 2649 1972 Praesens
2705 1914 2887 1988 itaque
2935 1924 3161 1986 tempus
3205 1913 3652 1985 desponsationis

2048 2012 2165 2071 est,
2193 2003 2445 2060 futurum
2492 2012 2682 2062 autem
2725 2005 3043 2077 nuptiarum
3085 2003 3219 2072 erit,
3268 2018 3397 2059 cum
3438 2003 3652 2059 clamor

2050 2092 2225 2150 factus
2250 2092 2440 2162 fuerit,
2479 2116 2501 2141 ι
2535 2095 2679 2150 Ecce
2707 2109 2949 2164 sponsus
2972 2107 3000 2145 ρ
3033 2115 3059 2142 υ

2125 2370 2296 2423 Vens.
2331 2371 2380 2424 3.
2418 2389 2445 2416 ιι
2476 2367 2671 2423 Timeo
2701 2374 2913 2433 autem,
2941 2381 3013 2422 ne
3041 2364 3186 2423 sicut
3221 2381 3445 2438 serpens
3476 2367 3648 2421 Evam

2049 2455 2269 2512 seduxit
2298 2456 2498 2512 astutia
2526 2472 2651 2525 sua,
2692 2456 2766 2512 ita
2795 2462 3230 2527 corrumpantur
3258 2471 3452 2511 sensus
3480 2455 3645 2510 vestri

2048 2562 2079 2601 a
2120 2545 2469 2617 simplicitate
2516 2561 2639 2617 quae
2683 2553 2767 2601 est
2810 2544 2866 2600 in
2913 2544 3217 2613 Christum,
3262 2566 3288 2593 υ
3344 2544 3460 2600 Etsi
3499 2543 3648 2599 enim

2047 2634 2301 2691 interitus
2344 2644 2523 2691 vester
2565 2643 2683 2704 est,
2722 2642 2903 2691 metus
2932 2641 3121 2690 tamen
3161 2649 3318 2690 meus
3356 2642 3461 2690 est.
3521 2637 3648 2690 Non

2047 2734 2234 2781 autem
2281 2725 2463 2798 palam
2513 2725 2853 2797 pronuntiat,
2915 2723 3176 2797 Corrupti
3220 2724 3379 2792 estis,
3433 2722 3649 2779 etiamsi

2047 2816 2292 2888 corrupti
2343 2815 2592 2882 fuerunt;
2626 2830 2816 2870 verum
2844 2813 3096 2887 ambigue
3124 2813 3232 2870 hoc
3255 2812 3455 2885 posuit,
3497 2835 3522 2861 ιι
3567 2815 3650 2869 Ne

2047 2912 2158 2968 quo
2185 2896 2357 2954 modo
2384 2904 2447 2951 ut
2484 2911 2711 2967 serpens
2740 2898 2908 2951 Evam
2958 2894 3188 2965 decepit.
3236 2916 3263 2943 ιο
3304 2896 3445 2950 Nam
3476 2902 3532 2949 et
3560 2892 3649 2949 ille

2046 2985 2257 3059 majora
2305 2984 2712 3057 promittendo,
2768 2983 3003 3056 decepit.
3053 2986 3216 3039 Hanc
3264 2982 3334 3039 ad
3380 2982 3649 3038 rationem

2047 3076 2456 3148 pseudapostoli
2500 3090 2622 3132 sese
2667 3073 2962 3148 jactautes,
3018 3088 3084 3129 ac
3136 3088 3339 3143 magna
3392 3071 3649 3143 quaedam

2047 3166 2218 3238 300
2247 3166 2403 3221 vobis
2441 3171 2757 3233 narrantes,
2795 3161 3092 3220 calliditate
3130 3177 3227 3218 sua
3267 3160 3423 3217 vobis
3464 3161 3649 3233 impo-

2043 3264 2206 3311 nunt.
2239 3258 2311 3311 At
2340 3254 2566 3327 perinde
2593 3262 2657 3310 ut
2693 3269 2874 3327 neque
2898 3251 3098 3309 astutia
3140 3251 3432 3323 serpentis,
3470 3266 3650 3323 neque

2041 3345 2366 3417 simplicitas
2403 3348 2530 3401 Eva;
2568 3344 2698 3400 satis
2745 3342 2850 3398 fuit
2894 3342 2994 3413 ipsi
3036 3340 3104 3397 ad
3144 3341 3388 3409 veniam,
3435 3340 3512 3396 sic
3547 3356 3648 3397 ne-

2042 3451 2147 3508 que
2177 3435 2333 3491 vobis
2375 3434 2496 3491 haec
2539 3432 2859 3506 proderunt.
2907 3434 3031 3487 Non
3078 3430 3213 3486 dixit
3264 3439 3452 3486 autem
3499 3429 3650 3502 quod

2041 3523 2228 3579 Adam
2260 3522 2523 3594 deceptus
2546 3522 2621 3577 sit
2650 3539 2666 3576 :
2697 3529 2762 3578 ut
2782 3519 3058 3586 ostendat,
3087 3518 3239 3590 quod
3284 3517 3486 3590 decipi,
3517 3534 3646 3573 mu-

2042 3612 2211 3669 liebre
2231 3613 2322 3669 sit.
2358 3615 2547 3683 Neque
2566 3610 2725 3677 dixit,
2752 3613 2833 3666 Ne
2865 3607 3234 3679 decipiamini,
3265 3622 3479 3671 verum,
3510 3625 3538 3659 ‹‹
3566 3609 3648 3663 Ne

2042 3710 2468 3774 corrumpantur
2520 3715 2713 3756 sensus
2754 3697 2939 3763 vestri,
2982 3720 3007 3744 υ
3058 3697 3301 3768 iucoepto
3342 3704 3502 3767 tropo
3549 3712 3648 3752 seu

2043 3793 2359 3864 metaphora
2390 3805 2743 3864 perseverans
2772 3808 2784 3843 :
2817 3786 3099 3858 corruptio
3127 3786 3280 3841 enim
3318 3784 3392 3841 de
3421 3784 3648 3857 virgini-

2041 3884 2145 3940 bus
2179 3882 2401 3939 dicitur.
2432 3883 2514 3937 Ne
2541 3885 2968 3950 corrumpantur
2991 3892 3021 3931 a
3050 3875 3402 3947 simplicitate
3436 3882 3610 3930 vestra
3629 3915 3645 3943 ,

2041 3989 2212 4045 quam
2243 3971 2459 4028 habetis
2484 3970 2545 4026 in
2573 3969 2812 4036 Christo,
2842 3966 2949 4023 hoc
2974 3974 3086 4033 est,
3115 3965 3197 4021 Ne
3234 3979 3264 4020 a
3297 3963 3647 4037 simplicitate

2041 4072 2219 4120 vestra
2260 4060 2634 4135 decipiamini.
2671 4057 2907 4132 Quidam
2937 4066 3124 4112 autem
3165 4054 3244 4111 sic
3286 4073 3299 4108 :
3344 4056 3426 4110 Ne
3464 4061 3646 4109 trans-

2043 4152 2298 4211 feramini
2344 4169 2375 4208 a
2425 4150 2658 4223 simplici
2700 4147 2805 4205 ﬁde
2835 4145 2908 4203 ad
2947 4144 3253 4202 inﬁdelium
3296 4144 3357 4200 in
3402 4142 3640 4200 dicendo

2039 4252 2371 4318 potestatem
2398 4263 2411 4299 :
2450 4240 2569 4298 haec
2605 4239 2754 4296 enim
2788 4245 2873 4294 est
2896 4235 3136 4292 maxima
3163 4234 3461 4306 corruptio.

2113 4338 2300 4392 Vens.
2349 4334 2401 4387 4.
2450 4352 2477 4380 ιι
2529 4332 2674 4386 Nam
2722 4327 2768 4383 si
2797 4327 2845 4383 is
2897 4325 2993 4398 qui
3033 4324 3216 4393 venit,
3260 4323 3429 4380 alium
3456 4325 3649 4379 Iesum

2042 4422 2444 4497 praedicaverit,
2472 4436 2640 4494 quem
2668 4434 2782 4473 non
2813 4414 3241 4489 praedicavimus
3287 4430 3300 4467 :
3354 4421 3452 4469 aut
3479 4413 3650 4484 Spiri-

2042 4523 2164 4570 tum
2209 4513 2381 4569 alium
2438 4508 2717 4581 accipitis,
2769 4521 2938 4579 quem
2996 4520 3109 4561 non
3174 4502 3489 4573 accepistis,
3556 4509 3652 4557 aut

338 4590 615 4683 ἐδέξασθε,
646 4609 823 4675 καλῶς
850 4606 1149 4687 ἠνείχεσθε.
1182 4628 1210 4665 ›)
1249 4590 1333 4667 Τί⁷
1348 4607 1542 4684 λέγεις,
1571 4590 1623 4664 ὦ·
1658 4607 1873 4677 Παῦλε;
1909 4611 1935 4667 6

2050 4602 2403 4676 Evangelium
2437 4598 2585 4657 aliud
2626 4596 2775 4672 quod
2802 4612 2917 4653 non
2946 4592 3259 4665 recepistis,
3300 4599 3446 4647 recte
3479 4590 3649 4687 susti-

339 4699 609 4766 Γαλάταις
656 4698 904 4779 γράφων·
958 4723 983 4750 ιι
1038 4694 1175 4756 Ἐάν
1232 4720 1309 4763 τις
1367 4694 1768 4776 εὖαγγελίζηται
1814 4697 1936 4773 ὓμῖν

343 4791 471 4869 παρ’
509 4788 535 4848 8
570 4786 933 4868 παρελάϐετε,
995 4785 1236 4862 ἀνάθεμα
1279 4785 1454 4845 ἔστω·
1508 4812 1533 4838 ››
1595 4790 1689 4844 νῦν
1735 4783 1940 4864 λέγεις,

340 4879 423 4938 ὅτι
465 4877 594 4939 Ἐὰν
646 4877 803 4937 ἄλλον
858 4876 1070 4948 Ἰησοῦν
1142 4874 1428 4956 ἐκήρυττον
1484 4876 1703 4948 ἐκεῖνοι,
1764 4876 1941 4943 καλῶς

340 4967 650 5050 ἠνείχεσθετ,
693 4962 884 5026 Ἄκουε
942 4963 1153 5024 τοίνυν·
1199 4964 1544 5042 Ἐκόμπαζον
1576 4966 1626 5023 οἱ
1671 4964 1940 5045 ψευδαπό-

342 5060 553 5132 στολοι,
623 5061 693 5124 ὣς
742 5057 904 5116 πλέον
956 5079 1009 5114 τι
1054 5058 1160 5114 τῶν
1225 5055 1534 5115 ἀποστόλων
1589 5053 1935 5134 εἰσφέροντες.

340 5148 504 5210 Ἐπεὶ
549 5137 640 5208 οῦν
686 5146 864 5206 πολλὰ
893 5145 944 5182 ⁸⁵
996 5144 1293 5225 ἐφλυάρουν
1351 5144 1585 5222 ἀνόητα,
1642 5148 1710 5223 τῇ
1757 5143 1943 5212 ἔξωθεν

343 5237 504 5320 σοφίᾳ
526 5237 823 5319 χρώμενοι,
871 5232 1064 5317 φησὶν,
1096 5232 1175 5294 ὅτι
1221 5238 1289 5296 Εἰ
1319 5234 1415 5313 μὲν
1446 5233 1732 5313 ἐκήρυττον
1766 5232 1945 5313 ἕτερον

340 5327 605 5410 Χριστὸν,
652 5325 709 5386 ὃν
756 5328 1092 5406 κηρυχθῆναι
1147 5324 1281 5398 ἔδει,
1334 5328 1491 5403 ἡμεῖς
1525 5324 1582 5382 δὲ
1617 5323 1940 5401 παρελείπο-

344 5441 479 5497 μεν,
524 5418 697 5483 καλῶς
753 5414 1053 5495 ἠνείχεσθε.
1101 5412 1205 5474 Διὰ
1245 5413 1349 5496 γὰρ
1386 5420 1544 5475 τοῦτο
1583 5411 1943 5493 προσέθηκενο

2047 4693 2263 4750 neretis.
2290 4716 2316 4741 υ
2344 4690 2489 4763 Quid
2508 4691 2611 4758 ais,
2635 4687 2800 4744 Paule
2824 4688 2847 4741 Ρ
2867 4683 3073 4742 Galatis
3101 4681 3370 4751 scribens,
3398 4701 3423 4728 ιι
3448 4679 3505 4735 Si
3530 4678 3651 4750 quis

2047 4780 2515 4857 evangelizaverit,
2541 4777 2745 4850 inquis,
2772 4783 3147 4847 praeterquam
3170 4769 3321 4843 quod
3344 4767 3648 4840 accepistis,

2047 4873 2345 4931 anathema
2376 4870 2447 4927 sit
2474 4877 2499 4916 α
2529 4889 2542 4924 -.
2569 4891 2594 4917 υ
2620 4883 2770 4923 nunc
2792 4880 2922 4921 vero
2947 4862 3103 4930 dicis,
3128 4884 3153 4910 ιι
3182 4859 3239 4917 Si
3259 4859 3431 4915 alium
3458 4859 3650 4914 Jcsum

2049 4963 2410 5038 praedicarent
2438 4959 2539 5028 illi,
2570 4965 2717 5013 recte
2760 4952 3150 5011 sustineretis?
3191 4973 3219 5002 ι)
3259 4948 3403 5006 Audi
3435 4948 3603 5021 igitur
3637 4963 3650 5000 :

2051 5049 2467 5123 Pseudapostoli
2493 5048 2635 5104 fastu
2657 5042 3119 5117 inturgescebaut,
3151 5039 3305 5112 quasi
3333 5039 3451 5110 plus
3483 5051 3653 5108 quam

2054 5144 2165 5201 veri
2203 5140 2435 5215 apostoli
2465 5136 2749 5196 afferrent.
2792 5133 2937 5203 Quia
2972 5131 3137 5204 igitur
3163 5127 3331 5185 stulta
3360 5125 3652 5215 quamplu-

2053 5236 2195 5292 rima
2240 5214 2612 5304 nugabantur,
2660 5233 2888 5282 externa
2929 5218 3190 5293 sapientia
3235 5224 3454 5275 utentes
3503 5234 3517 5270 :
3566 5214 3655 5284 Si,

2050 5324 2260 5398 inquit,
2284 5321 2458 5378 alium
2485 5316 2857 5392 praedicarent
2877 5312 3190 5398 Christum,
3220 5305 3657 5398 praetermissum

2054 5431 2085 5473 a
2109 5393 2297 5483 nobis,
2338 5425 2507 5483 quem
2545 5403 2836 5481 praedicari
2865 5396 3260 5467 conveniebat,
3308 5403 3459 5453 recte
3498 5393 3660 5452 susti-

416 5570 459 5598 πι
483 5562 627 5619 Gen.
656 5572 829 5627 xxrv,
856 5562 910 5613 4.
986 5565 1015 5593 ιι
1045 5556 1191 5614 Psal.
1222 5572 1392 5627 χειν,
1426 5561 1513 5613 ιι.
1589 5561 1615 5590 °
1639 5558 1665 5614 Ι
1693 5556 1822 5613 Cor.
1853 5570 1919 5621 ν,

2116 5561 2144 5595 ι’
2174 5546 2374 5606 Matth.
2398 5558 2544 5614 xxv,
2576 5549 2629 5600 6.
2707 5552 2733 5585 ελ
2762 5537 2941 5597 Galat.
2982 5543 3027 5593 t.
3059 5548 3106 5603 ι,
3136 5538 3192 5590 8.

1733 5662 1921 5723 Variae
1965 5660 2268 5720 lectiones;

419 5766 461 5802 ⁶¹
488 5768 603 5823 τότε
632 5781 692 5825 0.

844 5765 890 5803 ⁸³
920 5764 1037 5819 ἀλλ’
1062 5765 1198 5839 ὅμως
1225 5763 1255 5818 6
1280 5762 1431 5836 φόϐος
1462 5779 1536 5821 m.
1615 5763 1659 5799 ⁸³
1692 5760 1973 5833 κακουργία
2000 5775 2054 5817 o.
2132 5755 2177 5791 ⁸⁸
2202 5753 2557 5827 προσθήσεται,
2584 5747 2687 5802 καὶ
2704 5787 2719 5817 ,
2748 5744 3081 5817 προστήσεται
3110 5757 3165 5799 0.
3241 5738 3285 5775 ⁸³⁵
3313 5736 3497 5795 πολλοὶ
3522 5751 3575 5793 0.
