4134 6422
511 481 608 533 911
1561 451 2080 515 THEOPHYLACTI
2113 444 2470 503 BULGARUE
2505 441 2819 497 ARCHIEP.

3720 437 3827 491 912

512 599 797 661 nuissetis;
830 603 1052 669 propter
1096 591 1203 647 hoc
1242 588 1391 645 enim
1435 585 1668 659 adjecit,
1728 602 1758 637 α
1794 585 1968 652 Quem
2004 591 2120 633 non

2236 568 2392 629 «°0v
2425 572 2520 628 οὐκ
2573 565 2991 645 ἐκηρύξαμεν.»
3021 565 3089 622 Εἰ
3137 559 3193 620 δὲ
3245 558 3313 618 τὰ
3363 559 3501 617 αὐτὰ
3552 558 3824 636 κεφάλαια

2259 665 2290 669 __
2407 659 2416 669 ι
2695 655 2706 669 1
2772 654 2784 669 \
2882 656 2900 669 ι
2929 653 2942 669 Ι
3050 654 3064 669 1
3138 652 3152 669 Ι
3285 649 3334 669 ΔΑ
3411 652 3454 669 Ir
3499 649 3511 669 \
3555 647 3580 669 EI
3765 652 3782 669 9

512 666 956 764 ριέεάὶοδνίῐίιιιέ.
986 708 1010 732 ν
1039 682 1132 738 Sin
1152 695 1285 737 vero
1315 677 1511 734 eadem
1539 674 1664 731 ﬁdei
1687 672 1862 744 capita
1886 676 2032 735 sunt,
2057 666 2119 721 in

513 797 623 852 quo
660 777 821 834 nobis
860 775 937 831 illi
960 773 1270 845 superiores
1299 770 1472 824 sunt?
1501 766 1743 823 Observa
1778 776 1972 834 porro,
2004 771 2116 812 non

516 849 678 936 dixit,
707 869 761 923 Si
803 867 868 934 is,
900 865 995 936 qui
1025 863 1191 927 venit,
1223 858 1487 931 quiddam
1519 853 1751 924 amplius
1782 849 2114 922 praedicavea

521 959 594 1014 rit
631 959 775 1030 (nam
805 953 1068 1026 quiddam
1107 950 1343 1020 amplius
1371 960 1570 1017 magna
1599 958 1728 999 cum
1763 938 2118 1003 auctoritate,

523 1028 798 1118 multaque
821 1043 1117 1098 verborum
1143 1037 1406 1110 elegantia
1423 1034 1717 1098 dicebant),
1738 1030 1858 1098 sed,
1884 1047 1911 1080 ι(
1937 1028 2121 1082 Alium

522 1140 712 1193 Jesum
752 1131 1150 1206 praedicaverit,
1188 1144 1352 1201 quem
1380 1142 1489 1182 non
1517 1120 1959 1196 praedicavimus,
1990 1136 2018 1169 »
2052 1114 2123 1171 ad

524 1225 672 1298 quod
699 1241 814 1280 non
843 1231 928 1279 est
965 1219 1271 1278 necessaria
1306 1215 1580 1274 sermonis
1619 1210 1902 1284 elegantia.
1941 1230 1965 1255 «
2010 1209 2126 1260 Aut

527 1296 793 1387 Spiritum
829 1312 996 1368 alium
1033 1308 1302 1381 accipitis,
1338 1330 1365 1357 ι)
1396 1306 1501 1361 hoc
1533 1311 1645 1371 est,
1675 1302 1719 1357 si
1748 1296 2125 1372 opulentiores

529 1422 626 1461 vos
659 1404 864 1461 faceret
891 1402 951 1457 in
978 1399 1354 1473 spiritualibus
1389 1395 1580 1463 donis,
1612 1391 1754 1464 quod
1786 1390 1969 1461 ipsum
2003 1401 2125 1442 ora-

530 1494 694 1550 tionis
739 1500 1020 1549 venustate
1067 1505 1180 1546 non
1249 1487 1468 1559 indiget.
1526 1508 1552 1533 η
1617 1481 1713 1538 Vel
1761 1477 2125 1549 Evangelium

529 1584 675 1640 aliud
727 1601 740 1639 :
807 1605 834 1631 ιο
884 1595 1061 1652 neque
1114 1577 1185 1635 ad
1233 1577 1342 1633 hoc
1381 1590 1519 1647 opus
1561 1571 1797 1628 habebat
1859 1564 2126 1624 orationis

529 1677 700 1731 cultu.
743 1673 965 1745 Ubique
994 1677 1181 1727 autem
1205 1667 1431 1736 indicat,
1464 1663 1610 1736 quod
1643 1677 1754 1717 non
1783 1657 2124 1729 simpliciter,

529 1764 572 1820 si
603 1763 738 1837 quid
771 1741 1122 1819 excellentius
1149 1759 1363 1825 dicant,
1397 1752 1685 1812 attendere
1715 1756 1998 1822 oporteat,
2027 1741 2126 1801 sed

527 1854 571 1909 si
616 1832 753 1926 quid
795 1853 980 1909 dicant
1024 1849 1172 1922 quod
1219 1845 1516 1903 dicendum
1572 1849 1746 1909 esset,
1794 1849 1852 1894 et
1891 1853 1919 1891 a
1967 1832 2126 1890 nobis

525 1942 960 2017 praetermissum
1009 1940 1191 1995 fuerit.
1235 1937 1480 1994 Observa
1523 1933 1718 1988 enim:
1769 1949 1796 1980 «
1845 1926 2048 1990 Alium,
2095 1945 2120 1970 ι»

525 2033 729 2106 inquit,
769 2055 793 2081 α
835 2035 1062 2097 Jesum,
1089 2043 1259 2100 quem
1305 2041 1420 2081 non
1445 2020 1864 2095 praedicavimus
1909 2036 1921 2070 :
1954 2012 2120 2085 Spiri-

524 2104 647 2178 tum
698 2121 904 2187 alium,
959 2133 1127 2190 quem
1187 2131 1300 2171 non
1354 2111 1642 2183 accepistis
1697 2128 1710 2164 :
1761 2104 2126 2176 Evangelium

527 2211 702 2279 aliud,
759 2208 908 2282 quod
959 2223 1073 2263 non
1119 2203 1428 2276 accepistis.
1467 2220 1498 2255 ι)
1539 2201 1680 2256 Cum
1713 2199 1896 2268 itaque
1935 2193 2126 2250 eadem

527 2302 729 2366 dicant,
756 2298 886 2372 quid
917 2298 975 2353 in
1002 2312 1098 2353 eos
1130 2294 1390 2350 iuhiatis?
1436 2294 1737 2360 Postquam
1779 2301 1908 2358 ergo
1937 2283 2125 2340 eadem

529 2389 854 2462 praedicant,
885 2404 920 2444 o
951 2386 1147 2453 Paule,
1174 2384 1302 2457 quid
1336 2397 1432 2438 eos
1463 2379 1761 2452 prohibes?
1789 2375 1927 2446 Quia
1964 2373 2132 2446 hypo-

526 2480 651 2536 crisi
690 2487 933 2547 utentes,
964 2476 1070 2532 alia
1101 2474 1362 2547 dogmata
1391 2468 1766 2526 introducunt.

594 2590 775 2644 Vsus.
811 2591 864 2642 5.
915 2608 940 2635 α
973 2583 1239 2640 Existimo
1279 2578 1426 2636 enim
1464 2593 1554 2633 me
1578 2575 1710 2631 nihil
1753 2588 1871 2630 esse
1907 2569 2129 2627 inferio-

523 2694 642 2735 rem
683 2679 748 2732 iis
776 2677 870 2748 qui
896 2673 1078 2746 magni
1109 2669 1416 2728 admodum
1454 2674 1588 2724 sunt
1617 2662 1870 2736 apostoli.
1905 2686 1929 2710 ‹‹
1961 2660 2132 2716 Dein-

526 2783 654 2838 ceps
691 2765 832 2822 Petri
875 2763 1238 2820 sectatoribus
1279 2775 1397 2815 sese
1445 2754 1690 2822 confert,
1747 2753 1853 2808 hoc
1886 2749 2131 2805 indicare

525 2856 718 2911 volens
769 2876 781 2911 :
839 2854 891 2910 Si
931 2867 1022 2907 me
1068 2851 1225 2922 plura
1267 2855 1504 2914 norunt,
1558 2844 1730 2900 etiam
1774 2849 1832 2897 et
1874 2840 2010 2907 illis;
2063 2838 2131 2893 ad

526 2944 828 3002 absurdum
868 2943 1032 3014 301
1073 2940 1297 2996 ducens.
1353 2937 1596 2993 Observa
1631 2941 1816 2988 autem
1861 2928 1980 3001 ejus
2022 2927 2132 2983 hu-

525 3034 838 3089 militatem.
881 3054 907 3079 (ι
931 3029 1227 3097 Existimo,
1280 3051 1304 3076 ιο
1337 3025 1538 3096 inquit,
1578 3022 1633 3077 id
1665 3029 1747 3076 est
1791 3026 1947 3091 puto,
1984 3015 2130 3072 arbi-

527 3132 646 3178 tror
687 3141 699 3178 :
734 3129 790 3178 et
812 3120 950 3176 nihil
986 3119 1241 3176 enuntiat
1270 3125 1326 3171 et
1355 3113 1613 3170 decernit.
1645 3112 1771 3166 Non
1811 3107 2134 3179 simpliciter

2225 665 2320 732 τῆς
2355 659 2616 729 πίστεως,
2657 655 2706 713 τί
2736 654 2797 712 τὸ
2840 653 2999 713 πλέον
3042 652 3261 716 ἐκείνοις
3284 649 3368 720 66;
3408 649 3519 708 Kui
3547 647 3676 728 ὅρα,
3730 652 3828 708 οὐκ

2229 738 2406 820 εἶπεν,
2457 748 2538 805 ὅτι
2593 748 2660 806 Εἰ
2699 751 2727 802 ὁ
2777 742 3057 823 ἐρχόμενος
3109 741 3267 799 πλέον
3311 764 3362 798 τι
3397 739 3688 816 κηρύσσειο
3736 737 3830 796 xui

2227 839 2330 915 γὰρ
2387 837 2545 894 πλέον
2599 860 2651 893 τι
2701 834 2882 912 ἔλεγον
2928 831 3062 908 μετὰ
3111 833 3349 894 πλείονος
3379 827 3678 893 αὐθεντείας
3734 824 3830 883 καὶ

2229 927 2426 983 πολλοῦ
2475 930 2566 984 τοῦ
2601 925 2824 988 κάλλους
2878 926 2980 980 τῶν
3040 918 3328 1000 ῥημάτων·
3371 919 3517 990 ἀλλ’,
3575 945 3600 970 ιι
3639 915 3829 975 Ἀλλον

2230 1015 2441 1086 Ἰησοῦν
2500 1015 2780 1095 κηρύσσει,
2852 1011 2908 1070 ὃν
2967 1012 3062 1068 οὐκ
3112 1008 3479 1086 ἐκηρύξαμενο
3532 1028 3562 1065 ›)
3599 1005 3730 1082 ὅπερ
3768 1006 3827 1063 οὗ

2231 1107 2418 1185 χρείαν
2465 1103 2577 1184 ἔχει
2620 1103 2984 1167 καλλιεπείας.
3035 1128 3058 1151 α
3115 1097 3194 1158 *Η
3224 1103 3432 1174 πνεῦμα
3464 1097 3636 1175 ἕτερον
3681 1095 3823 1168 λαμ-

2235 1191 2456 1251 ϐαίνετε·
2491 1183 2527 1248 »ν
2548 1194 2843 1262 τουτέστιν,
2893 1191 2960 1248 Εἰ
3008 1187 3430 1266 πλουσιωτέρους
3479 1189 3616 1262 ὑμᾶς
3663 1183 3826 1242 ἐποίει

2234 1285 2286 1341 ἐν
2317 1291 2425 1349 τοῖς
2479 1289 2857 1360 πνευματικοῖς
2903 1277 3267 1359 χαρίσμασιν·
3324 1276 3454 1354 ὅπερ
3508 1275 3626 1334 οὐδὲ
3676 1279 3830 1332 τοῦτο

2235 1373 2402 1431 δεῖται
2429 1373 2687 1453 κομψείας
2738 1371 2932 1449 λόγων.
2977 1391 3007 1427 (ι
3034 1365 3113 1428 Ἢ
3158 1367 3486 1444 Εὐαγγέλιον
3523 1364 3699 1445 ἕτερον
3724 1387 3738 1400 ·
3792 1382 3822 1419 ι)

2233 1460 2261 1518 ὃ
2287 1463 2403 1520 οὐδὲ
2446 1452 2598 1520 τοῦτο
2627 1461 2796 1539 λόγων
2845 1461 3034 1520 δεῖται.
3079 1460 3372 1535 Παπαχοῦ
3418 1455 3473 1513 δὲ
3518 1456 3703 1529 δηλοῖ,
3753 1452 3833 1510 ὅτι

2234 1552 2332 1630 οὐχ
2361 1552 2544 1616 ἁπλῶς
2575 1549 2623 1609 εἴ
2665 1574 2716 1608 τι
2752 1549 2910 1608 πλέον
2941 1548 3181 1620 λέγουσι,
3231 1546 3514 1626 προσέχειν
3556 1545 3668 1622 δεῖ,
3714 1541 3834 1602 ἀλλ’

2235 1641 2285 1698 εἴ
2330 1665 2380 1699 τι
2437 1640 2728 1719 λέγουσινὸ
2769 1643 3032 1718 ’λεχθῆναι
3061 1637 3112 1674 ⁸⁷
3148 1637 3280 1708 ἔδει,
3335 1635 3427 1692 καὶ
3498 1633 3629 1713 παρ’
3679 1635 3834 1709 ἡμῶν

2236 1731 2585 1812 παρελείφθη.
2631 1753 2659 1788 ((
2701 1728 2846 1808 ’Ὀρα
2903 1728 3040 1807 γάρ·
3086 1750 3114 1785 (ι
3151 1725 3342 1786 ’Άλλον
3385 1725 3587 1794 Ἰησοῦν
3634 1721 3689 1781 δν
3741 1724 3835 1781 οὐκ

2236 1820 2562 1899 ἐκηρύξαμεν
2587 1844 2599 1857 ι
2632 1823 2856 1895 Πνεῦμα
2907 1817 3120 1897 ἕτερον,
3161 1817 3189 1874 ὃ
3218 1820 3312 1875 οὒκ
3349 1813 3606 1890 ἐλάϐετε)
3652 1815 3836 1885 Εὐαγ-

2156 1901 2203 1963 Β
2238 1909 2408 1983 γέλιον
2464 1911 2672 1990 ἕτερον,
2706 1909 2733 1968 ὃ
2765 1910 2861 1968 οὐκ
2892 1906 3152 1974 ἐδέξασθε.
3192 1928 3222 1964 ι)
3250 1905 3420 1965 ⁰Ωστε
3452 1902 3567 1964 ἐπεὶ
3603 1903 3669 1960 τὰ
3699 1899 3837 1959 αὐτὰ

2235 2001 2479 2076 λέγουσι,
2534 1999 2585 2058 τί
2637 1997 2765 2078 πρὸς
2812 1995 3003 2078 αὐτοὺς
3047 1995 3340 2076 κεχήνατε;
3375 1993 3483 2053 Καὶ
3537 1990 3721 2063 ἐπειδὴ
3768 1989 3837 2049 τὰ

2235 2089 2371 2148 αὐτὰ
2449 2089 2722 2170 λέγουσιν,
2798 2077 2842 2146 ὦ
2899 2089 3116 2159 Παῦλε,
3196 2084 3247 2144 τί
3317 2083 3505 2150 αὐτοὺς
3589 2081 3840 2154 κωλύεις

2231 2175 2366 2238 Ὅτι
2449 2183 2516 2258 τῇ
2607 2178 2885 2259 ὑποκρίσει
2963 2176 3232 2257 χρώμενοι
3313 2173 3475 2256 ἕτερα
3557 2171 3840 2251 εἰσάγουσι

2237 2266 2501 2347 δόγματα.

2326 2588 2356 2625 (ι
2405 2566 2704 2644 Λογίζομαι
2752 2565 2854 2644 γὰρ
2908 2563 3071 2640 μηδὲν
3123 2562 3468 2643 ὑστερηκέναι
3521 2565 3626 2620 τῶν
3704 2558 3838 2641 ὓπὲρ

2237 2657 2357 2715 λίαν
2412 2655 2744 2714 ἀποστόλων.
2779 2677 2808 2712 ))
2850 2654 3050 2714 Λοιπὸν
3082 2657 3188 2719 τοῖς
3233 2654 3356 2730 περὶ
3383 2652 3584 2730 Πέτρον
3616 2654 3835 2730 συγκρί-

2239 2770 2314 2804 νει
2339 2746 2554 2818 ἑαυτὸν,
2584 2751 2740 2804 τοῦτο
2781 2743 2944 2812 δεῖξαι
2990 2743 3152 2802 θόιων
3175 2789 3190 2815 ,
3224 2742 3303 2802 ὅτι
3347 2744 3415 2802 Εἰ
3447 2744 3576 2819 ἐμοῦ
3599 2765 3650 2798 τι
3676 2741 3838 2800 πλέον

2238 2834 2416 2912 ἴσασι,
2454 2835 2545 2893 καὶ
2602 2835 2811 2893 ἐκείνων
2835 2857 2848 2871 ν
2896 2834 2966 2899 εἰς
3000 2834 3198 2892 ἄτοπον
3223 2855 3237 2869 ⁶
3289 2831 3513 2909 ἀπάγων
3544 2831 3631 2889 τὸν
3665 2828 3842 2909 λόγον.

2237 2923 2384 3018 "990:
2531 2924 3051 3005 ταπεινοφροσύνην
3101 2950 3125 2974 σι
3179 2922 3514 3000 Λογίζομαι,
3574 2943 3601 2976 »
3638 2919 3838 3000 φησὶν,

2239 3019 2387 3089 οἱον,
2443 3011 2745 3090 εΗγοῦμαι,
2817 3011 3052 3088 νομίζω,
3107 3013 3198 3070 xui
3246 3012 3394 3070 οὐδὲν
3444 3007 3834 3090 ἀποφαντικόν.

2235 3105 2360 3182 Οὐχ
2389 3103 2571 3169 ἅπλῶς
2606 3102 2663 3160 δὲ
2711 3103 2878 3181 λέγει,
2910 3105 3033 3161 Τῶν
3065 3099 3400 3174 ἀποστόλων,
3431 3100 3568 3158 ἀλλὰ
3590 3147 3606 3174 ,
3649 3123 3675 3157 (ι
3716 3101 3841 3159 Τῶν

525 3218 710 3268 autem
737 3211 900 3279 dicit,
934 3207 1182 3279 Reliquis
1221 3203 1509 3276 apostolis,
1552 3199 1682 3268 sed,
1725 3217 1754 3249 «
1786 3197 1857 3252 lis
1882 3196 1974 3268 qui
2004 3202 2128 3251 sunt

2237 3193 2372 3270 ὑπὲρ
2421 3191 2577 3270 λίαν,
2616 3213 2645 3250 ι)
2703 3192 2941 3270 Πέτρον,
2976 3192 3069 3250 καὶ
3118 3189 3404 3263 Ἰωάννην,
3457 3192 3548 3247 καὶ
3579 3187 3842 3250 Ἰάκωϐον

528 3301 711 3358 eximii
738 3299 997 3372 apostoli,
1045 3321 1071 3347 υ
1111 3301 1362 3361 Petrum,
1391 3291 1695 3357 Jacobum,
1726 3290 2000 3343 Joannem
2038 3285 2126 3340 in-

527 3405 720 3446 nuens.
772 3397 953 3460 Atque
984 3387 1090 3443 hoc
1120 3385 1285 3452 dicit,
1315 3383 1443 3454 quia
1465 3381 1584 3454 jam
1610 3377 1937 3434 necesssitas
1979 3374 2129 3431 istud

525 3479 854 3551 postulabat,
922 3494 1054 3533 cum
1104 3484 1294 3532 tamen
1340 3473 1468 3528 alibi
1522 3470 1666 3527 dicat
1708 3486 1721 3524 :
1783 3485 1813 3520 (ι
1857 3465 1962 3536 Qui
2015 3480 2128 3521 non

525 3585 652 3625 sum
687 3569 886 3640 dignus
917 3566 1099 3624 vocari
1139 3563 1417 3638 apostolus
1440 3565 1484 3616 τ.
1520 3583 1544 3608 ιο

603 3681 780 3735 Vnus.
819 3684 872 3734 6.
904 3695 931 3729 «
964 3679 1104 3732 Nam
1135 3673 1234 3728 etsi
1262 3669 1545 3742 imperitus
1573 3681 1849 3733 sermone,
1876 3662 1975 3720 sed
2013 3676 2128 3717 non

525 3768 774 3826 scientia.
794 3790 819 3816 ››
841 3762 1300 3838 Quandoquidem
1319 3761 1374 3816 in
1391 3760 1496 3815 hoc
1511 3757 1614 3813 sibi
1636 3755 1921 3828 placebant
1937 3750 2133 3825 pseud-

526 3859 790 3932 apostoli,
841 3855 990 3929 quod
1027 3870 1142 3910 non
1184 3859 1367 3909 essent
1403 3848 1643 3914 indocti,
1683 3844 1949 3910 ostendit,
1980 3840 2128 3915 quod

525 3930 641 4005 non
679 3947 952 4003 inﬁcietur
980 3960 1101 4000 sese
1143 3941 1464 4014 imperitum
1504 3952 1651 4005 esse,
1686 3943 1852 4006 atque
1892 3932 1998 3988 hoc
2020 3930 2127 3987 sibi

527 4039 718 4110 gloria:
759 4036 927 4092 ducit.
961 4035 1074 4088 Nec
1115 4030 1268 4098 dicit,
1311 4027 1543 4084 Etiamsi
1592 4025 1846 4080 indoctus
1887 4039 1952 4078 ac
1982 4019 2131 4076 rudis

529 4109 635 4182 sim
653 4165 668 4192 ,
693 4138 994 4180 commune
1023 4121 1131 4176 hoc
1156 4119 1297 4173 mihi
1328 4133 1457 4172 cum
1493 4115 1703 4170 caeteris
1731 4121 1815 4168 est
1838 4109 2131 4182 apostolis,

530 4225 599 4265 ne
622 4209 868 4263 videatur
896 4221 1002 4262 una
1043 4202 1320 4259 criminari
1351 4202 1496 4272 ipsos
1546 4218 1558 4254 :
1593 4198 1688 4255 sed
1730 4195 2014 4254 exterioris
2040 4211 2133 4250 sa-

533 4298 751 4370 pientiae
781 4296 965 4367 ipsum
991 4292 1283 4365 nogotium
1305 4291 1478 4358 tollit,
1506 4305 1661 4361 aeque
1691 4297 1854 4360 atque
1883 4287 1941 4340 in
1968 4284 2136 4356 priori

533 4385 774 4458 Epistola
806 4383 1138 4440 monstravit
1177 4397 1302 4436 eam
1337 4395 1450 4435 non
1492 4381 1670 4434 solum
1701 4393 1820 4433 esse
1861 4376 2131 4445 inutilem,

532 4491 725 4532 verum
756 4474 987 4546 gloriam
1015 4469 1196 4544 potius
1231 4470 1408 4526 crucis
1437 4469 1699 4524 subruere
1738 4483 1804 4522 ac
1828 4465 2133 4521 devastare.

2237 3281 2616 3357 αἰνιττόμενος.
2667 3284 2844 3342 Τοῦτο
2894 3280 2949 3338 δέ
2995 3304 3189 3362 φησιν,
3259 3277 3443 3350 ἐπειδὴ
3499 3278 3685 3338 τούτου
3751 3285 3841 3338 νῦν

2235 3371 2392 3450 χρεία
2419 3363 2517 3446 ἦν,
2539 3371 2653 3429 ἐπεὶ
2685 3372 2922 3449 ἀλλαχοῦ
2968 3394 3126 3450 φησιν
3147 3393 3160 3408 ⁸
3201 3399 3225 3423 «ι
3260 3369 3366 3436 ’³ος
3421 3370 3518 3428 οὐκ
3572 3368 3683 3443 εἰμὶ
3715 3371 3846 3427 ixu-

2239 3461 2321 3527 νὸς
2353 3464 2630 3520 καλεῖσθαι
2662 3459 2969 3526 ἀπόστολος.

2333 3683 2360 3718 (ι
2387 3665 2452 3722 Εἰ
2487 3662 2540 3722 δὲ
2566 3662 2656 3720 καὶ
2681 3659 2894 3733 ἰδιώτης
2916 3665 2991 3740 τῷ
3021 3661 3164 3738 λόγω
3185 3708 3198 3733 ,
3235 3662 3351 3718 ἀλλ’
3378 3662 3436 3720 οὖ
3555 3659 3770 3738 γνώσει.
3811 3686 3837 3714 ιο

2242 3751 2464 3824 Ἐπειδὴ
2497 3753 2549 3809 ἐν
2605 3751 2777 3832 τούτῳ
2814 3750 3240 3820 ἐκαλλωπίζοντο
3294 3755 3342 3810 οἱ
3389 3751 3844 3829 ψευδαπόστολοι,

2241 3846 2317 3922 τῷ
2350 3841 2424 3918 μὴ
2449 3834 2584 3899 εἶναι
2630 3842 2860 3913 ἰδιῶται,
2902 3842 3161 3899 δείκνυσιν
3218 3839 3408 3912 αὐτὸς,
3443 3842 3525 3898 δτι
3555 3842 3612 3898 οὐ
3661 3838 3844 3920 φεύγει

2242 3931 2339 4001 τὴν
2391 3930 2685 4002 ἰδιωτείαν,
2740 3930 2880 3989 ἀλλὰ
2934 3930 3026 3988 xui
3064 3930 3378 4006 σεμνύνεται
3421 3931 3506 3988 ἐπ’
3541 3931 3693 4007 αὐτῇ.
3725 3929 3835 3987 Καὶ

2244 4023 2302 4080 οὖ
2337 4018 2500 4096 λέγει,
2529 4018 2608 4077 ὅτι
2639 4022 2707 4078 Εἰ
2742 4020 2834 4079 καὶ
2883 4019 3097 4092 ἰδιώτης
3146 4020 3288 4095 εἰμὶ,
3322 4017 3462 4077 ἀλλὰ
3492 4019 3582 4078 xui
3611 4021 3660 4076 οἱ
3709 4017 3844 4077 ἀπό-

2245 4111 2449 4183 στολοι,
2511 4107 2599 4166 ἵνα
2671 4108 2748 4185 μή
2804 4108 2924 4189 δόξῃ
2981 4107 3392 4168 συνδιαϐάλλειν
3447 4109 3664 4174 αὐτούς·
3723 4109 3843 4165 ἀλλ’

2246 4197 2373 4256 αὐτὸ
2422 4196 2480 4255 τὸ
2530 4208 2756 4277 πρᾶγμα
2811 4203 2905 4271 τῆς
2958 4197 3144 4267 ἔξωθεν
3204 4199 3390 4278 σοφίας
3452 4203 3727 4275 καθαιρεῖ,
3773 4201 3845 4264 ὡς

2245 4288 2336 4345 xui
2397 4289 2448 4345 ἐν
2498 4289 2732 4370 προτέρᾳ
2796 4287 2988 4356 ἔδειξεν
3046 4287 3175 4346 αὐτὸ
3221 4290 3278 4346 οὐ
3341 4289 3500 4365 μόνον
3555 4287 3841 4362 ἀνόνητον,

2248 4376 2385 4435 ἀλλὰ
2413 4381 2612 4454 μᾶλλον
2643 4378 2735 4436 καὶ
2779 4377 3170 4454 λυμαινόμενον
3205 4382 3272 4457 τῇ
3301 4377 3422 4457 δόξῃ
3454 4385 3548 4438 τοῦ
3588 4381 3839 4455 σταυροῦ.

2247 4470 2343 4547 Τῷ
2364 4468 2505 4548 λόγῳ
2529 4457 2616 4526 οὖν
2644 4471 2755 4541 εἰμι
2795 4467 3008 4539 ἰδιώτης
3029 4515 3043 4543 ,
3077 4470 3135 4525 οὖ
3166 4471 3232 4547 τῇ
3261 4467 3474 4545 γνώσει.
3523 4467 3626 4526 Διὰ
3653 4466 3846 4524 τούτου

532 4568 799 4623 Sermone
855 4565 1021 4636 igitur
1056 4561 1312 4616 indoctus
1360 4574 1520 4626 sum,
1574 4556 1802 4612 scientia
1845 4554 2128 4626 haudqua-

2249 4556 2303 4617 δὲ
2378 4559 2668 4616 αἰνίττεται
2741 4557 3005 4630 ἐκείνους,
3079 4556 3158 4616 ὅτι
3233 4559 3354 4617 ὅσον
3426 4562 3491 4636 τῇ
3549 4555 3848 4636 εὖγλωττίᾳ

533 4669 722 4725 quam.
754 4654 857 4707 Per
887 4651 993 4706 hoc
1027 4657 1213 4705 autem
1249 4647 1376 4703 illos
1404 4644 1614 4712 innuit,
1645 4643 1792 4715 quod
1813 4658 1929 4714 quo
1959 4643 2134 4714 magis

531 4741 608 4796 illi
652 4738 963 4811 eloquentia
1020 4737 1343 4810 gloriantur,
1387 4749 1452 4789 eo
1495 4733 1805 4809 cognitione
1847 4730 1950 4786 Dei
1987 4731 2134 4802 ipsos

533 4831 713 4902 magis
751 4843 871 4885 esse
901 4828 1155 4895 orbatos,
1185 4833 1242 4881 et
1280 4833 1548 4896 quatenus
1586 4823 1655 4879 ad
1698 4822 1877 4895 ipsam
1904 4821 2133 4891 attinet,

534 4936 628 4978 eos
651 4935 768 4976 esse
791 4920 988 4976 idiotas
1017 4926 1072 4974 et
1097 4919 1364 4973 indoctos.

607 5053 634 5080 α
675 5029 781 5086 Sed
816 5029 873 5084 in
914 5028 1102 5101 quavis
1141 5042 1203 5081 re
1233 5024 1505 5082 manifesti
1553 5040 1742 5080 sumus
1777 5024 1835 5079 in
1877 5024 2138 5080 omnibus

533 5133 662 5189 erga
686 5133 800 5172 vos.
835 5139 861 5165 υ
884 5118 1013 5172 Non
1035 5113 1508 5188 quemadmodum
1534 5111 1966 5184 pseudapostoli,
1989 5110 2137 5167 aliud

531 5223 750 5275 sumus,
795 5214 852 5262 et
890 5205 1037 5261 aliud
1081 5219 1412 5276 apparemus
1465 5221 1478 5257 :
1535 5219 1731 5258 verum
1779 5202 1836 5258 in
1879 5202 2137 5257 omnibus

530 5313 657 5369 qua:
687 5296 918 5352 facimus
942 5303 997 5351 et
1027 5295 1287 5361 dicimus,
1323 5291 1605 5348 manifesti
1627 5308 1817 5348 sumus
1848 5308 1973 5363 erga
2009 5306 2135 5360 vos;

529 5403 711 5460 neque
764 5388 870 5443 ulla
909 5395 994 5443 est
1031 5387 1087 5443 in
1130 5385 1294 5442 nobis
1338 5383 1628 5455 duplicitas
1677 5381 1763 5438 vel
1802 5381 2137 5455 hypocrisis,

601 5563 623 5593 π
654 5563 677 5616 1
708 5560 844 5616 Cor.
876 5565 1064 5626 xv,9.

2243 4647 2604 4722 κομπάζουσι,
2657 4651 2906 4705 τοσοῦτον
2961 4646 3343 4727 ἐστερημένους
3411 4651 3507 4719 τῆς
3562 4651 3657 4706 τοῦ
3701 4647 3843 4704 Θεοῦ

2242 4736 2516 4815 γνώσεως,
2550 4735 2642 4795 καὶ
2667 4735 2880 4803 ἰδιώτας
2909 4737 3062 4804 ὄντας
3091 4739 3207 4796 κατ’
3229 4735 3415 4809 αὐτήν.

2337 5037 2365 5074 (ι
2421 5015 2564 5075 Ἀλλ’
2622 5020 2675 5076 ἐν
2747 5016 2909 5076 παντὶ
2967 5018 3354 5098 φανερωθέντες
3427 5019 3480 5076 ἐν
3532 5027 3695 5077 πᾶσιν
3773 5019 3845 5085 εἰς

2245 5110 2406 5181 ὑμᾶς,
2457 5127 2485 5163 )›
2525 5109 2647 5187 Οὐχ
2692 5105 2875 5188 ὥσπερ
2931 5111 2978 5166 οἳ
3038 5108 3458 5190 ψευδαπόστολοι
3510 5108 3640 5166 ἄλλο
3699 5106 3844 5174 ὄντες

2247 5195 2378 5254 ἄλλο
2409 5196 2702 5276 φαινόμεθα
2721 5243 2737 5275 ,
2770 5196 2886 5257 ἀλλ’
2909 5201 2962 5255 ἐν
2993 5188 3156 5258 πᾶσιν
3179 5245 3195 5272 ,
3231 5188 3307 5265 οἶς
3336 5203 3591 5275 ποιοῦμεν
3629 5195 3721 5255 xui
3750 5195 3843 5254 λέ-

2245 5307 2442 5364 γομεν,
2488 5285 2704 5367 φανεροί
2757 5289 2918 5364 ἐσμεν
2949 5290 3017 5354 εἷς
3049 5290 3206 5365 Δὑμᾶς
3230 5310 3243 5324 ·
3286 5286 3508 5364 οὐδεμία
3548 5285 3738 5359 διπλόη
3760 5332 3774 5357 ,
3807 5284 3843 5358 ἢ

2247 5374 2516 5456 ὑπόκρισις
2563 5378 2615 5434 ἐν
2651 5377 2810 5453 ἡμῖν,
2844 5375 3024 5456 ὥσπερ
3074 5377 3326 5452 ἐκείνοις,
3365 5375 3638 5444 εὐλαϐείας
3671 5397 3845 5456 προσ-

1924 5631 2116 5692 Varia
2159 5634 2463 5697 lectiones.

599 5745 645 5780 ⁸⁸
680 5745 859 5802 ἐνίκων
891 5764 945 5801 ο.
1025 5744 1064 5777 ⁸⁷
1093 5745 1336 5814 δεχθῆναι
1363 5745 1439 5800 o.‘
