4134 6412
310 445 414 499 913

1135 442 1488 499 EXPOSITIO
1527 445 1596 499 IN
1635 446 1842 502 EPIST.
1885 448 1926 502 Il
1961 448 2054 502 ΑῘ)
2095 448 2248 504 COR.
2288 479 2358 490 —
2395 450 2545 505 CAP.
2585 451 2670 506 XI.

3519 454 3624 511 914

307 577 502 628 ωπεῐον
553 567 710 647 μόνον
755 567 1172 648 περικειμένοις,
1218 570 1308 628 καὶ
1339 570 1514 630 πάντα
1553 570 1620 629 τὰ
1664 577 1905 652 χείριστα

2017 582 2082 630 ut
2108 575 2164 629 in
2195 574 2306 630 illis
2333 575 2426 646 qui
2454 576 2568 631 sola
2598 574 2817 646 pietatis
2859 590 3095 646 persona
3126 584 3252 632 sunt
3275 578 3486 648 amicti,
3519 579 3624 636 de-

308 682 569 720 ποιουσιν.

395 747 530 808 «Ἢ
583 747 852 827 ἁμαρτίαν
913 747 1172 825 ἐποίησα,
1226 749 1457 826 ἐμαυτὸν
1510 754 1772 809 ταπεινῶν
1819 750 1907 811 ἵνα

307 838 457 915 ὑμεῖς
505 839 775 918 ὑψωθῆτε,
823 837 903 896 ὅτι
943 839 1145 918 δωρεὰν
1177 838 1237 896 τὸ
1271 846 1361 898 τοῦ
1391 841 1536 900 Θεοῦ
1583 843 1906 920 Εὖαγγέλιον

308 927 738 1004 εὐηγγελισάμην
779 931 940 1006 ὕμῖνς
979 956 1002 981 »
1040 931 1243 1002 Τοῦτο,
1273 929 1464 1008 φησὶν,
1510 929 1781 1010 ἥμαρτον,
1815 933 1906 990 καὶ

307 1016 396 1075 διὰ
423 1017 577 1076 τοῦτό
606 1040 694 1092 μοι
736 1020 978 1096 ἐγκαλεῖν
1009 1016 1158 1098 ἔχετε
1183 1019 1274 1077 καὶ
1301 1021 1718 1099 κατεπαίρεσθαί
1760 1046 1863 1098 μου
1886 1068 1902 1096 ,

307 1107 390 1166 ὅτι
424 1105 763 1165 ἐταπείνωσα
819 1108 1084 1186 ἐμαυτὸν,
1122 1113 1427 1188 προσαιτῶν
1469 1111 1560 1168 καὶ
1590 1109 1868 1187 λιμώττων
1893 1158 1908 1187 ,

318 1220 347 1255 (ι
370 1194 458 1254 ἵνα
479 1197 628 1271 ὑμεῖς
658 1198 900 1277 ὖψωθῆτε
921 1243 938 1273 ,
971 1226 995 1249 ιο
1025 1198 1293 1258 τουτέστιν
1311 1243 1328 1270 ,
1355 1199 1740 1275 οἷκοδομηθῆτε
1775 1200 1906 1279 πρὸς

305 1285 402 1359 τὴν
446 1285 658 1358 πίστινς
714 1287 834 1346 Οὖκ
877 1287 1316 1356 ἐσκανδαλίζοντο
1359 1287 1463 1367 γὰρ
1506 1289 1687 1348 λοιπὸν
1715 1289 1781 1369 (ὃ
1813 1291 1904 1349 καὶ

308 1375 534 1453 μεγίστη
609 1375 782 1434 αὐτῶν
847 1375 1194 1457 κατηγορία),
1243 1375 1323 1434 ὅτι
1378 1379 1471 1436 οὐκ
1537 1379 1904 1459 ᾠκοδομοῦντο

307 1466 517 1541 ἄλλως,
553 1466 598 1522 εἰ
643 1464 718 1538 μὴ
764 1465 922 1531 αὐτὸς
969 1468 1399 1545 ἐλιμαγχονεῖτο.
1434 1466 1661 1540 Ἐπειδὴ
1713 1469 1768 1527 δὲ
1814 1471 1902 1528 δι-

306 1553 532 1614 έϐαλλον
577 1553 766 1626 αὐτὸν,
818 1554 898 1612 ὅτι
927 1553 1115 1634 παρὼν
1147 1557 1275 1632 μὲν,
1327 1555 1602 1630 ταπεινὸς,
1637 1556 1788 1616 ἀπὼν
1820 1557 1902 1632 δὲ,

305 1644 573 1719 κομπάζει
609 1667 623 1680 ·
677 1646 748 1710 ὡς
820 1642 952 1722 ὑπὲρ
1027 1644 1216 1704 τούτου
1297 1647 1721 1725 ἀπολογούμενος
1780 1653 1900 1721 νῦν,

305 1732 533 1804 πλήττει
565 1732 783 1806 αὐτοὺς,
815 1733 894 1792 ὅτι
929 1733 1192 1802 Ταπεινὸς
1247 1735 1471 1814 γέγονα,
1525 1737 1642 1795 ἀλλ’
1686 1741 1834 1815 ὑμεῖς
1850 1737 1903 1778 ⁸⁸

306 1824 552 1902 ὑψώθητε
585 1825 644 1881 ἐκ
673 1821 878 1885 τούτου.

399 2030 427 2065 α
470 2006 668 2072 ’Άλλας
717 2005 1042 2077 Ἐκκλησίας
1112 2006 1379 2078 ἐσύλησα,
1433 2007 1615 2067 λαϐὼν
1682 2010 1908 2092 ὀψώνιον

304 2097 436 2174 πρὸς
466 2095 561 2168 τὴν
604 2099 750 2174 ὑμῶν
793 2095 1085 2157 διακονίαν.
1118 2122 1147 2152 δ)
1189 2096 1376 2156 Καίτοι
1429 2098 1662 2168 ἠδύνατο
1711 2103 1907 2174 εἰπεῖν,

306 2188 388 2244 ὅτι
423 2186 524 2247 Ἐκ
574 2189 678 2245 τῶν
719 2190 912 2264 χειρῶν
945 2207 1046 2261 μου
1088 2187 1304 2257 ἤσθιον·
1351 2187 1489 2244 ἀλλὰ
1536 2189 1908 2261 πληκτικώτε-

309 2299 396 2354 ρον
413 2275 500 2333 τὸν
529 2275 684 2354 λόγον
707 2279 904 2347 ποιῶν,
934 2275 1076 2354 Παρ’
1102 2275 1301 2349 ἄλλων,
1331 2276 1488 2356 φησὶν
1510 2320 1525 2347 ,
1557 2277 1780 2352 ἔλαϐον,
1814 2280 1906 2340 καὶ

306 2371 515 2439 ταῦτα,
554 2368 677 2441 ὑμῖν
707 2365 1129 2440 διακονούμενος.
1164 2367 1243 2424 Τὸ
1291 2365 1375 2440 δὲ,
1431 2393 1454 2418 α
1495 2365 1810 2442 Ἐσύλησα,
1865 2390 1894 2426 ι)

308 2453 427 2512 ἀντὶ
459 2460 577 2528 τοῦ,
624 2454 984 2533 Ἐγύμνωσα,
1019 2455 1110 2513 καὶ
1157 2455 1391 2527 πένητας
1432 2455 1617 2522 αὐτοὺς
1650 2457 1897 2529 ἐποίησα.

307 2543 613 2604 Αἷνίττεται
668 2544 722 2602 δὲ
765 2544 857 2602 καὶ
914 2543 1033 2610 τοὺς
1091 2544 1428 2619 Μακεδόνας,
1485 2543 1536 2603 οἳ
1591 2547 1905 2607 πενέστατοι

306 2633 483 2708 ὄντες,
521 2632 600 2691 ἔτι
659 2634 751 2692 καὶ
799 2632 894 2710 ἐμὲ
959 2624 1102 2714 εἶχον
1151 2633 1630 2714 προσεπιτρίϐοντα
1684 2637 1902 2715 αὖτοὺς,

306 2722 480 2782 καίτοι
511 2725 568 2780 οὖ
604 2727 862 2803 περιττῶν
920 2722 1176 2803 ἔχρῃζον,
1242 2724 1380 2782 ἀλλὰ
1437 2726 1544 2782 τῶν
1598 2727 1903 2805 ἀναγκαίων

308 2813 724 2888 δαπανημάτων.
780 2811 1046 2894 Ὀψώνιον
1128 2813 1232 2893 γὰρ
1308 2813 1524 2873 ἔλαϐον·
1587 2817 1705 2874 ἀλλ’
1763 2815 1906 2893 ὅμως

309 2901 427 2961 οὐδὲ
469 2901 638 2960 ταῦτά
683 2902 774 2979 μοί
821 2901 1087 2961 ,ἐδώκατε⁸
1124 2901 1153 2961 ὃ
1182 2902 1409 2983 μεγίστη
1454 2904 1778 2986 κατηγορία,
1812 2907 1905 2964 καὶ

308 2991 369 3049 τὸ
397 2991 604 3072 χεῖρον,
653 2990 733 3050 δτι
790 2991 918 3072 πρὸς
971 2992 1067 3061 τὴν
1113 2995 1260 3067 ὓμῶν
1305 2992 1750 3070 διακονίαν’ὓμῖν
1783 2996 1903 3076 ξγὰρ

306 3080 623 3161 κηρύσσων,
671 3081 761 3140 καὶ
811 3081 879 3141 τὰ
929 3084 1074 3159 ὑμῶν
1125 3081 1502 3162 ἐργαζόμενος,
1562 3086 1693 3162 παρ’
1729 3083 1904 3143 ἄλλων

305 3171 621 3251 ἐτρεφόμην.

398 3284 426 3319 ιι
473 3262 582 3321 Καὶ
610 3259 795 3339 παρὼν
828 3260 958 3342 πρὸς
996 3264 1134 3337 ὑμᾶς
1175 3261 1266 3320 καὶ
1298 3263 1631 3339 ὑστερηθεὶς,
1673 3266 1730 3322 οὗ
1770 3289 1906 3323 κατ-

305 3350 573 3430 ενάρκησα
618 3349 840 3418 οὐδενός.
889 3372 918 3407 )›
957 3354 1224 3430 Τριπλοῦν
1271 3352 1331 3408 τὸ
1361 3351 1644 3428 ἔγκλημα·
1676 3352 1758 3411 ὅτι
1794 3353 1903 3412 Καὶ

306 3439 434 3518 παρ’
460 3444 583 3516 ὑμῖν
638 3439 748 3514 ὢν,
806 3439 898 3498 καὶ
948 3443 1072 3517 ὑμῖν
1119 3439 1552 3518 διακονούμενος,
1609 3442 1701 3501 καὶ
1744 3445 1904 3502 ὓστε-

306 3527 586 3608 ρούμενος,
666 3532 762 3588 οὐκ
840 3528 1068 3602 ἠξιώθην
1153 3530 1336 3606 λόγου.
1420 3532 1504 3591 Οὐ
1568 3530 1727 3606 μόνον
1807 3533 1904 3590 οὐκ

301 3619 612 3700 ἐπέμψατε,
698 3618 828 3698 ὅπερ
921 3623 968 3677 οἷ
1052 3620 1355 3687 Μακεδόνες
1441 3620 1650 3678 ἐποίουν
1679 3666 1694 3695 ,
1775 3623 1904 3680 ἀλλ’

300 3707 423 3768 οὐδὲ
477 3709 718 3789 παρόντα
768 3709 1030 3789 ἐτρέφετε.
1066 3708 1145 3768 Τὸ
1191 3707 1274 3781 δὲ,
1317 3735 1341 3761 α
1390 3710 1474 3769 Οὐ
1526 3709 1904 3790 κατενάρκησα

302 3797 544 3870 οὐδενὸς,
601 3825 624 3850 ιο
675 3805 828 3857 τοῦτο
871 3795 923 3834 ⁵9
985 3799 1164 3871 δηλοῖ,
1213 3801 1334 3858 Οὔκ
1401 3798 1717 3878 ἐπεϐάρησά
1771 3823 1899 3862 τινι.

303 3889 473 3959 Δηλοῖ
501 3888 556 3945 δὲ
611 3886 800 3954 αὖτοὺς
851 3890 922 3954 ὥς
972 3889 1206 3967 ὀκνηρῶς
1256 3887 1348 3946 καὶ
1390 3889 1674 3968 ναρκωδῶς
1731 3890 1904 3969 εἰσφέ-

307 4000 511 4056 ροντας.
570 3976 722 4044 Τινὲς
772 3976 826 4035 δὲ
875 3979 968 4052 τὸ,
1027 3999 1058 4033 ‹‹
1093 3979 1174 4037 Οὐ
1230 3977 1640 4057 κατενάρκησα,
1692 4000 1721 4036 »
1786 3979 1903 4039 ἀντὶ

303 4071 428 4139 τοῦ,
456 4068 576 4127 Οὐκ
604 4065 888 4143 ἠμέλησα,
925 4067 960 4138 ἢ
1002 4066 1353 4147 ῥᾳθυμότερος
1401 4068 1533 4146 πρὸς
1561 4066 1622 4125 τὸ
1651 4067 1905 4148 κήρυγμα

302 4156 532 4236 γέγονα·
601 4157 741 4216 ἀλλὰ
798 4158 926 4238 παρ’
974 4158 1102 4233 ἐμοῦ
1165 4155 1260 4233 μὲν
1331 4153 1430 4215 ὅσα
1488 4156 1628 4230 ἔδει,
1701 4159 1905 4235 ἐγένετο

304 4248 377 4312 εἷς
452 4243 572 4325 τὴνς
604 4246 865 4328 ὑμετέραν
922 4244 1228 4324 σωτηρίανο
1295 4247 1346 4303 ἐν
1401 4246 1572 4326 ἐνδείᾳ
1640 4246 1694 4304 δὲ
1717 4247 1768 4285 ⁷⁰
1821 4249 1900 4306 δι-

304 4334 550 4416 έτριϐον,
582 4334 675 4394 καὶ
713 4337 807 4394 οὐκ
853 4335 1031 4417 ᾔτησα
1071 4335 1186 4395 οὐδὲ
1233 4333 1450 4404 ἐξέλυσα
1487 4335 1584 4407 τὴν
1629 4337 1903 4414 ὑπομονὴν

306 4425 712 4508 ἀποναρκήσας.

2011 665 2242 721 terrima
2271 680 2500 738 quzeque
2533 673 2840 736 patrantes.

2087 757 2264 814 Vens.
2307 764 2358 813 7.
2396 780 2422 806 α
2455 759 2605 814 Num
2646 765 2930 828 peccatum
2976 755 3102 826 feci,
3134 758 3409 830 meipsum
3433 759 3616 817 humi-

2014 845 2154 901 lians
2179 854 2243 902 ut
2284 862 2380 903 vos
2423 847 2820 915 exaltaremini,
2863 845 3016 918 quod
3042 848 3212 919 gratis
3256 850 3618 921 Evangelium

2014 938 2115 992 Dei
2145 935 2432 1008 praedicavi
2457 935 2650 992 vobis?
2679 956 2706 988 »
2752 938 2818 991 In
2856 935 2984 1002 hoc,
3028 936 3226 1008 inquit,
3278 939 3520 1009 peccavi,
3565 948 3620 995 et

2016 1039 2303 1103 propterea
2332 1038 2414 1085 est
2468 1047 2566 1086 cur
2621 1046 2712 1086 me
2769 1030 3056 1097 accusetis,
3110 1039 3167 1086 et
3197 1030 3494 1088 adversum
3527 1048 3618 1088 me

2011 1119 2344 1188 efferamini,
2405 1119 2672 1190 quoniam
2716 1119 2894 1191 dejeci
2941 1120 3239 1192 meipsum,
3294 1120 3619 1177 mendicans

2014 1207 2285 1265 etfamem
2306 1209 2555 1279 patiens?
2581 1231 2608 1259 ι
2627 1211 2708 1265 Ut
2721 1209 2831 1264 'vos
2851 1209 3254 1276 exaltaremini,
3291 1231 3318 1258 ι»
3341 1207 3449 1265 hoc
3464 1218 3563 1279 est,
3584 1227 3618 1266 a

2013 1297 2182 1355 ﬁdem
2205 1296 2640 1354 aediﬁcaremini.
2670 1299 2793 1353 Non
2823 1297 2969 1352 enim
2995 1295 3427 1354 offendebantur
3455 1298 3618 1354 dein-

2007 1403 2133 1459 ceps
2163 1391 2307 1460 (quae
2335 1387 2579 1443 maxima
2629 1395 2714 1442 est
2752 1402 2947 1442 eorum
2971 1387 3288 1453 accusatio),
3316 1387 3464 1460 quod
3504 1404 3620 1444 non

2011 1482 2167 1537 aliter
2229 1480 2669 1549 zediiicabantur,
2712 1480 2818 1536 nisi
2870 1480 2984 1552 ipse
3042 1479 3192 1536 fame
3246 1491 3612 1552 premeretur.

2014 1571 2154 1642 Quia
2176 1585 2304 1625 vero
2335 1569 2820 1626 calumniabantur
2864 1585 3014 1638 eum,
3063 1568 3214 1641 quod
3249 1587 3491 1641 praesens
3515 1571 3619 1627 bu-

2013 1661 2160 1717 milis
2211 1669 2377 1723 esset,
2417 1658 2616 1714 absens
2664 1674 2792 1714 vero
2833 1659 3187 1730 gloriabatur,
3218 1658 3319 1714 hac
3344 1659 3412 1714 de
3440 1675 3500 1716 re
3530 1676 3622 1716 ve-

1939 1783 1988 1845 B
2015 1750 2115 1806 luti
2145 1749 2460 1821 apologiam
2506 1756 2716 1816 texens,
2750 1746 2877 1803 ferit
2913 1764 3010 1804 eos
3061 1767 3074 1802 :
3107 1747 3242 1804 Vilis
3269 1747 3490 1820 quidem
3535 1749 3618 1805 fa-

2021 1849 2144 1896 ctus
2191 1854 2318 1896 sum
2367 1845 2425 1893 et
2480 1837 2746 1912 abiectus,
2779 1845 3046 1894 caeterum
3083 1852 3182 1892 vos
3218 1836 3354 1892 inde
3396 1836 3621 1894 exaltati

2019 1930 2168 1987 estis.

2093 2021 2272 2075 Vens.
2313 2024 2369 2074 8.
2405 2040 2430 2068 α
2491 2017 2646 2072 Alias
2674 2015 2951 2072 Ecclesias
2979 2015 3296 2089 exspoliavi,
3347 2015 3622 2086 accipiens

2017 2107 2289 2179 stipendia
2339 2107 2406 2163 ad
2459 2106 2827 2162 ministerium
2878 2113 3142 2161 vestrum.
3198 2129 3224 2154 υ
3272 2105 3392 2160 Etsi
3439 2105 3622 2162 dicere

2020 2197 2308 2270 potuisset,
2342 2199 2426 2252 Ex
2460 2211 2730 2252 manuum
2758 2210 3019 2250 mearum
3050 2193 3236 2250 labore
3264 2195 3620 2262 manducavi,

2017 2297 2264 2344 attamen
2287 2286 2628 2357 asperiorem
2656 2285 2968 2340 orationem
2992 2285 3217 2351 faciens,
3248 2283 3337 2339 Ab
3363 2285 3505 2352 allis,
3543 2284 3626 2340 in-

2017 2378 2159 2449 quit,
2193 2375 2400 2447 accepi,
2427 2375 2594 2447 idque
2622 2390 2752 2430 cum
2790 2375 2852 2429 in
2882 2373 3042 2429 vestri
3074 2389 3251 2429 essem
3286 2374 3620 2430 ministerio.

2016 2466 2360 2539 Exspoliavi,
2393 2484 2421 2516 »
2456 2475 2643 2520 autem
2685 2463 2840 2531 dixit,
2874 2479 2972 2534 pro
3002 2463 3241 2530 Nudavi,
3273 2471 3332 2517 et
3361 2479 3630 2534 pauperes

2017 2573 2110 2613 eos
2155 2555 2283 2612 feci.
2315 2554 2642 2611 Macedones
2685 2552 2962 2624 intelligit,
3006 2551 3099 2622 qui
3134 2552 3358 2608 tametsi
3390 2568 3624 2624 pauper-

2016 2647 2140 2703 rimi
2196 2653 2399 2712 essent,
2453 2661 2545 2699 me
2585 2651 2773 2698 tamen
2826 2641 3104 2698 habebant
3151 2657 3210 2697 se
3275 2649 3620 2699 atterentem.

2012 2736 2186 2809 Atqui
2233 2734 2522 2807 superfluis
2559 2749 2676 2788 non
2709 2731 3046 2804 iudigebam,
3071 2747 3266 2786 verum
3295 2730 3622 2787 necessariis

2013 2827 2293 2883 duntaxat
2307 2824 2640 2897 sumptibus.
2665 2823 2832 2895 302
2855 2821 3207 2893 Stipendium
3227 2821 3377 2876 enim
3400 2823 3621 2893 accepi:

2014 2925 2071 2972 at
2117 2931 2214 2970 vos
2267 2929 2336 2970 ne
2387 2914 2486 2969 ista
2528 2911 2752 2985 quidem
2807 2909 2941 2966 mihi
2997 2909 3362 2981 suppeditatis
3429 2930 3441 2966 :
3500 2925 3626 2981 quae

2014 3005 2250 3060 maxima
2273 3018 2403 3060 sane
2433 3011 2516 3058 est
2553 3001 2846 3068 accusatio,
2880 3008 2939 3055 et
2967 3000 3119 3072 quod
3149 3000 3302 3072 pejus
3347 3007 3451 3067 est,
3489 3021 3514 3048 α
3544 3000 3620 3056 ad

2017 3095 2384 3150 ministerium
2418 3101 2700 3148 vestrum:
2732 3113 2755 3137 υ
2786 3090 2953 3147 vobis
2988 3088 3137 3147 enim
3188 3089 3520 3161 praedicans,
3567 3097 3627 3146 et

2017 3194 2195 3240 vestra
2220 3199 2407 3255 agens,
2438 3182 2507 3238 ab
2533 3183 2658 3238 aliis
2698 3181 2904 3238 alebar.

2087 3275 2272 3329 Vens.
2314 3277 2368 3327 9.
2430 3294 2455 3319 «ι
2482 3273 2555 3327 Et
2581 3286 2710 3327 cum
2759 3285 2936 3326 essem
2965 3268 3114 3341 apud
3153 3284 3252 3325 vos
3299 3277 3358 3325 et
3382 3284 3621 3341 egerem,

2014 3361 2151 3417 nulli
2184 3376 2450 3418 onerosus
2507 3359 2606 3416 fui.
2644 3383 2670 3409 υ
2698 3360 2922 3431 Triplex
2964 3367 3049 3414 est
3087 3359 3366 3415 accusatio
3401 3379 3413 3416 :
3448 3359 3624 3431 prior,

2014 3450 2163 3524 quod
2192 3467 2320 3507 cum
2350 3449 2496 3521 apud
2527 3465 2624 3504 vos
2652 3465 2900 3520 praesens
2941 3447 3144 3503 fuerim
3188 3467 3200 3502 :
3233 3447 3427 3516 altera,
3471 3449 3622 3520 quod

2015 3539 2172 3596 vobis
2222 3538 2577 3593 inserviens:
2641 3536 2820 3601 tertia,
2881 3535 3030 3606 quod
3089 3536 3254 3591 rebus
3299 3537 3625 3593 necessariis

2014 3627 2334 3694 destitutus,
2372 3641 2488 3681 non
2520 3625 2600 3681 fui
2625 3625 2680 3680 in
2715 3625 2897 3696 aliquo
2941 3623 3166 3679 habitus
3189 3639 3442 3679 numero.
3491 3627 3618 3680 Non

2014 3717 2194 3774 solum
2216 3717 2362 3773 enim
2390 3715 2522 3771 mihi
2544 3714 2675 3770 alibi
2703 3714 2888 3786 agenti
2914 3730 3024 3769 non
3043 3713 3270 3769 misistis
3287 3713 3621 3786 quidquam,

2013 3808 2071 3865 id
2116 3809 2264 3881 quod
2305 3807 2634 3863 Macedones
2680 3805 2979 3874 faciebant,
3013 3805 3112 3862 sed
3159 3821 3229 3862 ne
3283 3813 3621 3877 praesentem

2015 3897 2240 3969 quidem
2285 3896 2532 3952 aiebatis.
2593 3894 2748 3952 Istud
2793 3903 3004 3962 autem,
3061 3915 3089 3943 α
3147 3894 3299 3950 Nulli
3345 3909 3619 3951 onerosus

2014 3987 2118 4054 fui,
2149 4007 2176 4037 ››
2218 3995 2306 4043 est
2335 4002 2456 4058 pro,
2484 3990 2606 4044 Non
2632 3985 2854 4058 gravavi
2877 3999 3238 4056 quemquam.
3272 3982 3488 4039 Iudicat
3517 4001 3622 4040 au-

2013 4085 2125 4132 tem
2165 4091 2260 4131 eos
2286 4075 2526 4148 segniter
2553 4091 2616 4130 ac
2647 4090 2775 4130 cum
2811 4082 3035 4144 torpore
3076 4072 3442 4129 contribuere.
3476 4077 3623 4130 Non-

2014 4166 2152 4222 nulli
2199 4165 2450 4232 verbum,
2485 4164 2554 4217 Οὐ
2588 4165 2950 4235 κατενάρκησα,
2981 4180 3104 4236 pro,
3147 4167 3272 4220 Non
3305 4163 3621 4236 posthabui,

2017 4259 2097 4313 vel
2130 4257 2350 4328 segnior
2377 4255 2443 4312 ad
2478 4256 2930 4328 praedicationem
2973 4254 3071 4322 fui,
3101 4255 3378 4323 accipiunt
3411 4273 3425 4311 :
3459 4255 3555 4313 sed
3590 4273 3622 4313 a

2014 4361 2106 4402 me
2154 4345 2396 4417 quidem,
2427 4361 2768 4416 quaecunque
2793 4343 2862 4399 ad
2887 4344 3128 4400 salutem
3174 4353 3414 4400 vestram
3441 4361 3625 4402 neces-

2013 4437 2155 4492 saria
2193 4446 2374 4505 erant,
2421 4435 2867 4507 perﬁciebantur.
2924 4437 3098 4492 Porro
3140 4452 3333 4492 rerum
3378 4451 3625 4494 necessa-

306 4524 519 4580 riarum
575 4523 834 4596 indignus
893 4522 1033 4596 apud
1087 4538 1184 4579 vos
1219 4523 1345 4591 vixi,
1395 4531 1450 4579 et
1496 4539 1608 4579 non
1653 4524 1776 4596 petii
1823 4525 2149 4599 quidquam,
2209 4541 2390 4598 neque
2432 4525 2765 4598 patientiam
2815 4541 2995 4581 meam
3046 4524 3265 4584 dissolvi
3315 4527 3625 4597 torpentior

305 4613 569 4671 redditus.

389 4728 419 4760 α
453 4703 536 4764 Τὸ
561 4703 664 4782 γὰρ
687 4703 963 4782 ὑστέρημά
995 4729 1094 4782 μου
1112 4703 1637 4785 προσανεπλήρωσαν
1667 4707 1714 4764 οῖ
1748 4706 1901 4765 ἀδελ·
1936 4716 1987 4780 D

305 4795 394 4875 φοὶ
424 4794 657 4860 ἐλθόντες
705 4795 812 4854 ἀπὸ
845 4794 1196 4863 Μακεδονίας.
1237 4821 1260 4847 ι
1303 4795 1397 4860 Εἷς
1448 4795 1774 4866 ζηλοτυπίαν
1814 4797 1909 4853 αὗ-

306 4883 426 4949 τοὺς
474 4881 772 4960 ἐμϐάλλει,
822 4880 908 4941 ἵνα
955 4885 1046 4943 καὶ
1090 4885 1294 4962 μᾶλλον
1337 4883 1564 4962 διεγείρῃ
1624 4883 1752 4964 πρὸς
1812 4885 1908 4948 τὴν

307 4972 703 5048 ἐλεημοσύνην,
746 4976 815 5039 ὡς
854 4973 916 5031 ἂν
959 4973 1033 5051 μὴ
1064 4972 1375 5046 ἡττηθέντες
1426 4972 1528 5031 ὑπὸ
1559 4976 1662 5032 τῶν
1712 4977 1904 5034 Μακε-

307 5062 472 5121 δὸνων
533 5063 586 5119 ἐν
637 5067 713 5142 τῷ
761 5061 952 5143 θρέψαι
1009 5062 1204 5137 αὐτὸν,
1263 5065 1535 5134 ἡττηθῶσι
1587 5063 1678 5121 καὶ
1739 5066 1792 5122 ἐν

306 5149 658 5229 ἐλεημοσύνη.
696 5151 882 5212 Εἰπὼν
916 5151 970 5211 δὲ
995 5197 1010 5225 ,
1048 5180 1074 5204 ‹‹
1117 5150 1465 5232 Ὑστέρημα,
1491 5180 1516 5204 υ
1542 5152 1801 5212 δείκνυσιν
1830 5153 1910 5211 ὅτι

306 5239 452 5299 οὐδὲν
494 5238 641 5322 ὑπὲρ,
667 5240 762 5313 τὴν
795 5241 1089 5321 ἀναγκαίαν
1129 5241 1320 5322 χρείαν
1350 5239 1540 5300 ἔλαϐεν
1567 5259 1581 5273 ’
1613 5244 1662 5300 οἱ
1698 5245 1906 5304 Φιλιπ-

306 5333 494 5400 πήσιοι
525 5328 579 5386 δὲ
609 5321 747 5402 ἦσαν
779 5332 827 5390 οἳ
847 5331 1134 5412 θρέψαντες
1158 5321 1340 5393 αὐτόν.

398 5441 428 5476 ι(
462 5419 570 5478 Καὶ
600 5421 652 5477 ἐν
684 5420 844 5478 παντὶ
878 5419 1058 5501 ἀϐαρῆ
1077 5427 1201 5498 ὑμῖν
1232 5420 1462 5499 ἐμαυτὸν
1503 5420 1740 5501 ἐτήρησα
1761 5466 1778 5500 ,
1813 5421 1905 5482 καὶ

305 5508 557 5588 τηρήσωο
589 5529 616 5565 ››
657 5509 937 5570 Δείκνυσιν
975 5511 1058 5571 ὅτι
1088 5511 1182 5570 καὶ
1213 5510 1372 5591 βάρος
1401 5516 1626 5590 ἡγοῦντο
1652 5511 1747 5579 τὰς
1774 5535 1903 5592 τρο-

2092 4718 2278 4772 «Nam
2308 4714 2458 4788 quod
2486 4714 2618 4772 mihi
2649 4714 2858 4782 deerat,
2890 4714 3286 4786 suppleverunt
3313 4712 3503 4771 fratres
3524 4714 3619 4787 qui

2021 4813 2289 4861 venerunt
2325 4821 2354 4860 a
2386 4805 2729 4861 Macedonia.
2764 4822 2791 4857 »
2825 4803 2914 4860 Ad
2934 4802 3343 4860 aemulationem
3373 4820 3468 4861 eos
3492 4804 3624 4859 invi-

2019 4903 2117 4962 tat,
2149 4910 2258 4967 quo
2290 4895 2467 4967 magis
2508 4895 2577 4951 ad
2630 4895 3039 4967 eleemosynam
3069 4893 3269 4950 excitet
3299 4914 3316 4949 :
3343 4911 3414 4951 ne
3439 4910 3470 4950 a
3499 4896 3622 4949 Ma-

2019 4983 2320 5040 cedonibus
2345 4983 2472 5040 victi
2502 4983 2558 5038 in
2588 4983 2784 5038 alendo
2815 4998 2963 5050 eum,
2993 4982 3052 5036 in
3089 4982 3440 5056 eleemosyna
3479 4999 3617 5054 quo-

2017 5089 2124 5144 que
2172 5074 2539 5129 vincerentur.
2583 5074 2726 5130 Cum
2780 5087 2908 5128 vero
2959 5073 3057 5139 ait,
3090 5094 3115 5120 α
3160 5072 3320 5141 Quod
3350 5071 3491 5127 mihi
3520 5071 3611 5127 de-

2019 5171 2158 5233 erat,
2194 5185 2220 5211 »
2246 5161 2458 5218 indicat
2483 5177 2603 5218 sese
2628 5161 2756 5217 nihil
2779 5159 3052 5233 accepisse
3080 5159 3220 5216 ultra
3246 5161 3619 5216 necessarium

2019 5268 2201 5308 usum.
2250 5252 2624 5325 Philippenses
2683 5259 2873 5309 autem
2931 5249 3155 5306 fuerunt
3211 5249 3308 5322 qui
3361 5250 3622 5307 aluerunt

2019 5341 2223 5414 ipsum.

2090 5455 2116 5480 «
2145 5434 2217 5488 Et
2244 5432 2303 5488 in
2332 5432 2595 5488 omnibus
2634 5431 2752 5488 sine
2779 5445 2948 5489 onere
2987 5445 3081 5486 me
3133 5429 3289 5486 vobis
3331 5429 3539 5486 servavi
3568 5439 3624 5487 et

2013 5521 2263 5578 servabo.
2319 5544 2345 5571 ι
2391 5522 2603 5579 [ndicat
2658 5521 2807 5594 quod
2848 5535 3147 5593 gravamen
3190 5519 3620 5589 arbitrabantur,

1698 5645 1895 5706 Variae
1940 5647 2248 5708 lectiones.

379 5763 426 5798 ⁸⁸
451 5765 542 5820 ἵνα
569 5765 658 5838 ὒμ.
690 5767 916 5839 ὓψωθῆτε
945 5783 998 5823 0.
1075 5766 1120 5800 ‘9
1147 5767 1396 5820 τουτέστιν
1427 5782 1482 5824 0.

1558 5765 1604 5800 7°
1633 5767 1734 5838 ἐγὼ
1763 5765 1816 5820 δὲ
1845 5765 1896 5820 ἐν
1928 5766 2089 5838 ἐνδείᾳ
2118 5783 2171 5823 ο.
