4134 6416
512 483 618 535 915

1538 475 2049 532 THEOPHYLACTI
2086 475 2444 531 BULGARIAE
2481 476 2799 532 ARCHlEP.

3722 472 3829 524 916

510 605 775 659 alimenta
825 610 883 658 et
924 599 1293 673 suppeditare.
1351 599 1585 657 Pulchre
1637 609 1821 657 autem
1875 600 2107 671 addidit,

2227 601 2327 683 φὰς
2371 604 2514 683 αὖτῷ
2543 605 2813 683 χορηγεῖν.
2856 602 3047 668 Καλῶς
3089 597 3145 658 δὲ
3188 595 3291 683 τὸ,Δ
3324 618 3353 654 ‹‹
3381 593 3641 673 Τηρήσω.
3672 622 3697 649 υ
3730 594 3827 666 Μὴ

518 712 546 745 ‹‹
585 692 858 749 Servabo.
894 715 920 741 ιο
957 694 1035 748 Ne
1054 690 1199 746 enim
1229 689 1798 762 existimetis,inquit,
1828 690 1974 762 quod
2005 690 2122 747 haec

513 781 748 839 dixerim
778 790 843 838 ut
870 781 927 836 in
968 789 1257 852 posterum
1299 780 1571 852 accipiam
1598 796 1631 836 a
1661 779 1859 836 vobis:
1899 779 2119 836 Servavi

514 872 662 928 enim
683 887 794 940 me,
819 887 881 927 ac
910 870 1137 926 servabo
1167 867 1431 942 deinceps
1452 869 1587 925 citra
1607 885 1903 942 gravamen
1929 890 1940 925 :
1969 870 2121 943 quod

514 961 707 1034 ingens
757 976 947 1017 eorum
994 959 1188 1014 vulnus
1234 967 1337 1027 est,
1389 958 1659 1031 siquidem
1695 976 1811 1014 non
1856 959 2000 1015 ultra
2041 959 2119 1016 eis

514 1050 781 1118 conﬁdat,
807 1048 904 1107 sed
943 1048 1177 1105 omnino
1226 1047 1432 1120 aliquid
1475 1047 1546 1105 ab
1595 1048 1672 1105 eis
1718 1048 1965 1121 accipere
2017 1048 2122 1106 de-

513 1148 715 1213 speret.

584 1232 769 1288 Vnus.
802 1235 891 1286 ιο.
927 1251 952 1277 α
994 1232 1096 1285 Est
1141 1228 1336 1284 veritas
1368 1228 1573 1285 Christi
1617 1228 1675 1285 in
1702 1244 1812 1297 me,
1854 1229 2118 1302 quoniam

514 1320 769 1393 gloriatio
796 1318 917 1376 haec
943 1335 1058 1375 non
1086 1318 1414 1390 infringetur
1458 1319 1519 1375 in
1565 1334 1656 1375 me
1686 1319 1744 1375 in
1794 1319 2117 1392 regionibus

515 1410 759 1465 Achaiae.
806 1431 834 1459 ν
880 1411 965 1465 Ne
1015 1407 1328 1465 existiment
1372 1408 1523 1482 quod
1565 1417 1853 1481 propterea
1899 1408 2116 1477 dixerit,

519 1524 545 1549 ι
573 1499 813 1555 Servabo
864 1498 1158 1571 meipsum,
1209 1522 1234 1546 ι»
1262 1507 1325 1555 ut
1362 1499 1540 1571 magis
1567 1514 1662 1555 eos
1689 1498 1761 1555 ad
1798 1499 2114 1572 impertien-

514 1589 650 1646 dum
668 1587 986 1656 attraheret,
1017 1588 1093 1644 ait
1123 1608 1139 1643 :
1185 1588 1505 1646 Secundum
1530 1590 1837 1658 veritatem,
1883 1605 2006 1661 quae
2035 1599 2119 1647 est

515 1678 571 1733 in
601 1677 823 1735 Christo
864 1680 1017 1743 Jesu,
1045 1678 1193 1747 dico,
1225 1677 1374 1751 quod
1401 1694 1517 1735 non
1554 1679 1661 1735 sim
1692 1678 1996 1752 quidquam
2021 1695 2115 1735 ac-

513 1776 791 1840 cepturus.
816 1770 900 1824 Ne
923 1777 1107 1824 autem
1144 1768 1415 1840 quispiam
1451 1768 1745 1824 arbitretur
1774 1785 1901 1825 eum
1924 1784 1991 1825 ex
2014 1768 2118 1826 do-

514 1858 630 1914 lore
684 1857 767 1913 vel
818 1858 1107 1913 iracundia
1151 1857 1271 1914 haec
1321 1857 1527 1927 dicere,
1566 1858 1950 1930 gloriationem
1993 1875 2116 1915 rem

2230 677 2330 772 γὰρ
2355 677 2644 769 νομίσητε,
2689 677 2848 772 φησὶν
2872 738 2889 767 ,
2924 690 3002 748 ὅτι
3036 694 3208 748 ταῦτα
3238 677 3387 746 εἷπον
3406 732 3425 762 ,
3467 683 3557 744 ἵνα
3585 690 3678 744 τοῦ
3706 687 3829 745 λοι-

2227 789 2328 840 ποῦ
2347 781 2500 841 λάϐω
2542 780 2669 861 παρ’
2702 785 2848 857 ὑμῶν
2874 803 2888 818 ·
2928 778 3068 840 ἀλλὰ
3099 778 3190 837 καὶ
3244 800 3273 832 α
3304 775 3540 856 ἐτήρησα
3594 777 3828 840 ἐμαυτὸν

2228 869 2438 951 ἀϐαρῆ,
2490 870 2581 928 καὶ
2631 869 2849 949 τηρήσω
2873 912 2886 925 .
2923 892 2949 928 >>
2995 867 3024 928 ὃ
3076 866 3286 946 μεγάλη
3323 866 3496 923 αὐτῶν
3533 864 3743 943 πληγὴ,
3782 866 3829 924 εἷ

2228 958 2363 1037 μηδὲ
2414 960 2491 1019 ἔτι
2545 961 2724 1042 θαῤῥεῐ
2784 958 3063 1038 αὖτοῖς⁷¹,
3123 955 3260 1015 ἀλλὰ
3309 953 3555 1023 καθάπαξ
3614 953 3827 1034 ἀπέγνω

2224 1048 2410 1108 λαϐεῖν
2440 1073 2492 1107 τι
2521 1052 2649 1130 παρ’
2673 1050 2871 1111 αὐτῶν.

2316 1224 2550 1286 «Ἔστιν
2573 1226 2795 1300 ἀλήθεια
2834 1226 3075 1307 Χριστοῦ
3118 1227 3171 1284 ἐν
3199 1222 3354 1303 ἐμοὶ,
3386 1224 3466 1284 ὅτι
3495 1227 3529 1296 ἡ
3559 1221 3828 1302 καύχησις

2226 1314 2361 1389 αὕτη
2402 1317 2459 1375 οὖ
2514 1316 2846 1396 φραγήσεται
2895 1318 2967 1383 εἷς
3022 1313 3117 1392 ἐμὲ
3185 1317 3239 1373 ἐν
3295 1314 3402 1381 τοῖς
3454 1311 3685 1396 κλίμασι
3731 1316 3829 1385 τ’ἤς

2224 1400 2462 1488 Ἀχαΐας.
2503 1392 2681 1466 iam
2713 1406 2787 1483 μὴ
2821 1404 3147 1485 νομίσωσιν,
3187 1403 3271 1464 ὅτι
3315 1403 3403 1462 διὰ
3439 1408 3595 1463 τοῦτο
3636 1392 3783 1462 εἶπεν
3807 1452 3823 1481 ,

2225 1495 2304 1555 ὅτι
2340 1523 2364 1549 α
2391 1495 2630 1576 Τηρήσω
2656 1495 2889 1574 ἐμαυτὸν
2908 1541 2923 1568 ,
2954 1516 2984 1552 ›)
3021 1493 3111 1552 ἵνα
3142 1495 3346 1573 μᾶλλον
3375 1491 3562 1560 αὐτοὺς
3598 1492 3829 1571 ἐφελκύ-

2225 1609 2422 1660 σηται,
2456 1585 2623 1668 φησί’
2677 1588 2813 1645 Κατ’
2846 1584 3098 1657 ἀλήθειαν
3151 1584 3247 1657 τὴν
3289 1586 3343 1642 ἐν
3376 1584 3599 1663 Χριστῷ
3641 1581 3832 1655 Ἰησοῦ

2223 1675 2364 1753 λέγω
2383 1720 2400 1749 ,
2436 1676 2517 1733 ὅτι
2543 1679 2602 1734 οὐ
2632 1674 2904 1757 λήψομαι·
2937 1673 3024 1733 ἵνα
3056 1672 3112 1732 δὲ
3144 1674 3197 1712 ⁷³
3244 1672 3321 1751 μή
3345 1696 3422 1741 τις
3447 1671 3605 1731 αὐτὸν
3632 1672 3829 1752 νομίσῃ

2228 1767 2523 1842 ἀλγοῦντα,
2555 1764 2589 1835 ἢ
2642 1763 2978 1845 ὀργιζόμενον
3008 1769 3180 1822 ταῦτα
3220 1763 3422 1841 λέγειν,
3458 1762 3722 1841 καύχησιν
3770 1763 3834 1822 τὸ

2226 1863 2453 1933 πρᾶγμα
2483 1853 2656 1913 καλεῖ.
2693 1853 2771 1913 Τὸ
2803 1854 2858 1911 δὲ
2890 1852 3181 1933 ἀδάπανον
3202 1852 3486 1932 κηρύσσειν
3532 1851 3592 1909 τὸ
3636 1853 3831 1929 Εὐαγ-

515 1947 694 2019 ipsam
718 1946 976 2019 appellat.
1008 1947 1196 2003 Gratis
1229 1947 1378 2003 enim
1408 1947 1707 2019 pradicare
1736 1948 2115 2020 Evangelium,

2232 1932 2404 2018 γέλιον
2468 1942 2730 2020 καύχημα
2781 1940 2921 2019 μέγα
2971 1943 3117 2023 αὐτῷ
3166 1932 3262 2018 ἦν,
3304 1944 3375 2009 ὣς
3416 1939 3547 2020 ὑπὲρ
3576 1938 3694 2007 τοὺς
3738 1946 3831 1999 τοῦ

514 2040 763 2114 gloriatio
815 2040 867 2096 ei
895 2056 1093 2113 magna
1132 2048 1266 2108 erat,
1298 2057 1398 2096 ceu
1429 2042 1571 2096 ultra
1599 2040 1802 2097 Christi
1854 2042 2121 2098 terminos

514 2139 741 2201 propter
760 2128 1044 2184 Christum
1064 2129 1397 2200 prosilienti.
1436 2132 1505 2185 Et
1530 2128 1681 2201 quod
1702 2129 1797 2199 ait,
1832 2154 1854 2178 ι
1888 2132 2012 2185 Non
2040 2131 2119 2186 in-

517 2219 808 2290 fringetur,
841 2240 867 2266 ιο
914 2218 1026 2273 sive
1054 2219 1388 2281 obstruetur,
1418 2219 1743 2290 metaphora
1772 2228 1903 2276 esta
1942 2220 2123 2277 ﬂumi~

514 2308 676 2363 nibus
722 2307 1029 2379 desumpta.
1070 2310 1354 2378 Tanquam
1411 2308 1557 2363 enim
1590 2307 1708 2364 haec
1744 2307 1793 2363 ei
1838 2307 1991 2365 fama
2025 2326 2120 2381 per

515 2412 710 2454 omnes
738 2406 1014 2453 terrarum
1065 2396 1208 2453 ﬁnes
1257 2397 1473 2465 ﬂueret,
1524 2398 1704 2454 dicit:
1744 2401 1869 2454 Non
1896 2399 2118 2454 obtura-

513 2486 665 2542 bitur
716 2486 896 2543 bonus
932 2495 987 2543 et
1020 2487 1247 2543 celebris
1288 2487 1393 2543 iste
1429 2503 1642 2555 rumor,
1695 2503 1792 2560 per
1834 2488 1941 2544 hoc
1970 2488 2118 2560 quod

515 2576 682 2648 303
712 2575 925 2650 aliquid
956 2576 1187 2648 posthac
1213 2576 1500 2648 accipiam.
1529 2576 1692 2647 Quod
1736 2578 1831 2644 ait,
1870 2596 1897 2629 «
1926 2579 1994 2632 In
2017 2579 2117 2633 cli-

511 2665 758 2722 matibus
785 2666 1035 2736 Achaiae,
1087 2685 1118 2719 »
1152 2663 1398 2723 ferientis
1437 2674 1552 2722 est:
1587 2667 1642 2722 Si
1690 2667 1844 2723 enim
1890 2667 2009 2724 haec
2036 2676 2120 2724 est

513 2754 709 2826 gloria,
759 2754 878 2811 haec
932 2755 1136 2827 ubique
1179 2755 1539 2811 custodienda
1568 2764 1723 2811 erat:
1764 2756 1850 2812 sin
1876 2757 1936 2811 in
1988 2756 2118 2829 ipsis

517 2843 650 2898 solis
686 2853 999 2913 conservat,
1031 2843 1387 2916 perspicuum
1434 2854 1518 2899 est
1559 2844 1708 2916 quod
1731 2845 1835 2917 ipsi
1868 2862 1979 2901 non
2006 2846 2118 2901 sint

517 2948 650 2987 sana
680 2941 871 2988 mente
918 2931 1154 3004 praediti,
1182 2933 1521 3004 reliquorum
1551 2934 1745 2988 instar.

586 3025 760 3079 Vnns.
799 3029 880 3078 ll.
930 3046 956 3071 α
988 3024 1214 3092 Quare?
1256 3023 1393 3093 Quia
1439 3039 1555 3079 non
1592 3022 1756 3095 diligo
1796 3028 1940 3080 vos?
1969 3027 2119 3083 Deus

512 3111 684 3168 novit.
722 3134 749 3161 ν
789 3112 1111 3168 Prolaturus
1144 3128 1367 3168 causam
1404 3128 1503 3168 cur
1550 3129 1666 3168 non
1732 3116 2004 3186 acceperit
2050 3115 2119 3171 ab

515 3201 666 3272 ipsis,
714 3209 937 3273 propter
963 3200 1414 3272 pseudapostolos
1463 3202 1749 3271 nimirum,
1788 3203 1941 3276 prius
1966 3206 2120 3262 ‘tollit

517 3289 666 3360 quod
706 3289 1129 3362 su5picabantur
1178 3289 1448 3345 Corinthii
1499 3309 1512 3345 :
1559 3290 1721 3361 Quia,
1773 3301 1836 3347 ut
1882 3292 2115 3360 videtur,

519 3377 668 3449 quod
703 3394 808 3434 nos
869 3395 984 3434 non
1029 3378 1230 3452 diligis,
1290 3396 1403 3436 non
1464 3380 1683 3453 accipis.
1736 3382 1859 3437 Imo
1912 3383 2115 3453 potius,

515 3467 714 3539 inquit,
753 3467 879 3541 quia
908 3484 1006 3524 vos
1032 3467 1221 3542 diligo,
1252 3477 1306 3524 et
1331 3469 1461 3525 nolo
1500 3484 1595 3525 vos
1623 3470 1767 3539 laedi,
1801 3479 1987 3543 utpote
2021 3473 2116 3545 qui

516 3557 672 3614 facile
704 3558 1021 3617 scandalum
1065 3559 1368 3631 patiamini.
1411 3561 1624 3616 Verum
1652 3559 1788 3617 adeo
1834 3562 2118 3635 perspicue

514 3663 629 3703 non
667 3648 821 3718 dicit,
851 3665 920 3705 ne
958 3649 1389 3706 imbecillitatem
1417 3666 1608 3706 eorum
1639 3660 1833 3724 arguat
1867 3671 1881 3708 :
1920 3653 2014 3709 sed
2049 3651 2118 3709 ad

515 3738 677 3795 aliam
698 3755 919 3795 causam
947 3755 1261 3797 sermonem
1288 3741 1581 3797 convertit.

590 3831 769 3886 Vnus.
809 3832 895 3885 l2.
940 3852 966 3879 α
1013 3830 1177 3899 Quod
1222 3839 1410 3887 autem
1474 3829 1638 3898 facio,
1689 3841 1744 3886 et
1782 3830 2007 3898 faciam,
2056 3839 2118 3887 ut

515 3928 798 3991 amputem
846 3919 1193 3975 occasionem
1236 3936 1450 3986 eorum,
1482 3920 1578 3991 qui
1629 3920 1823 3977 volunt
1874 3921 2113 3978 occasio-

514 4024 669 4078 nem,
686 4016 751 4064 ut
778 4008 834 4063 in
865 4024 973 4080 quo
986 4008 1311 4079 glorientur,
1340 4009 1685 4064 inveniantur
1704 4010 1842 4065 sicut
1866 4018 1921 4065 et
1938 4026 2061 4067 nos.
2088 4034 2113 4060 ››

515 4097 621 4152 Hic
648 4095 1096 4153 manifestissime
1151 4113 1374 4153 causam
1405 4098 1658 4169 explicat,
1700 4115 1799 4154 cur
1824 4116 1938 4155 non
1964 4115 2115 4155 acce-

516 4185 675 4257 perit.
707 4185 981 4255 Quoniam
1002 4185 1151 4241 enim
1176 4186 1328 4241 novit
1378 4186 1650 4255 diabolus,
1682 4188 1830 4259 quod
1867 4187 2119 4245 homines

519 4272 683 4343 hujus
730 4272 915 4329 saeculi
954 4274 1207 4343 studiosi,
1248 4291 1340 4345 per
1387 4276 1493 4331 hoc
1530 4276 1775 4333 maxime
1805 4286 2116 4348 captantur,

518 4361 669 4433 quod
700 4362 955 4418 doctores
982 4362 1119 4418 nihil
1163 4364 1453 4435 accipiant,
1485 4364 1679 4421 docuit
1718 4366 2120 4439 pseudaposto-

517 4451 601 4506 los
630 4450 773 4507 istud
823 4467 1043 4525 quoque
1096 4451 1377 4509 simulare.
1412 4456 1532 4508 Hoc
1578 4454 1730 4511 enim
1769 4471 1960 4511 revera
2006 4472 2119 4512 non

518 4538 814 4609 faciebant,
878 4541 1096 4597 etiamsi
1146 4539 1344 4597 divites
1407 4550 1613 4609 essent;
1668 4558 1864 4599 verum
1904 4544 2118 4601 etiamsi

514 4627 837 4686 viderentur
871 4630 1005 4685 nihil
1055 4631 1316 4702 accipere,
1359 4630 1697 4703 accipiebant
1738 4640 1946 4689 tamen.
1986 4635 2118 4690 Pro-

2234 2035 2466 2112 Χριστοῦ
2514 2030 2662 2113 ὅρους
2694 2029 2781 2089 διὰ
2833 2029 3066 2113 Χριστὸν
3097 2032 3357 2104 πηδῶντι.
3399 2029 3508 2091 Καὶ
3534 2030 3620 2103 τὸ,
3664 2052 3691 2087 α
3746 2033 3832 2090 Οὐ

2228 2122 2594 2204 φραγήσεται,
2648 2143 2678 2179 ))
2721 2121 2829 2181 ἀπὸ
2886 2125 2979 2191 τῆς
3007 2130 3309 2201 μεταφορᾶς
3357 2123 3464 2179 τῶν
3521 2122 3783 2198 ποταμῶν
3819 2142 3833 2157 ο

2226 2216 2295 2278 ὡς
2326 2211 2428 2291 γὰρ
2459 2215 2553 2282 τῆς
2584 2208 2765 2291 φήμης
2797 2213 2944 2291 αὐτῷ
2995 2209 3214 2291 ῥεούσης
3270 2214 3586 2290 πανταχοῦ,
3632 2209 3792 2290 φησίν
3816 2232 3831 2246 ·

2227 2303 2309 2361 Οὐ
2361 2302 2692 2382 φραγήσεται
2739 2299 2801 2358 τὸ
2849 2297 3013 2359 καλὸν
3057 2304 3212 2359 τοῦτο
3261 2304 3432 2378 ῥεῦμα
3462 2300 3552 2359 καὶ
3584 2297 3831 2372 ἔνδοξον,

2229 2390 2314 2449 διὰ
2373 2396 2464 2449 τοῦ
2497 2391 2682 2449 λαϐεῖν
2721 2412 2787 2465 με
2832 2389 2946 2465 ,ἀπὸ
2997 2394 3088 2448 τοῦ
3120 2393 3233 2448 νῦν.
3287 2388 3400 2449 Καὶ
3433 2388 3493 2448 τὸ
3540 2392 3708 2448 εἰπεῖν
3741 2388 3828 2465 δὲ,

2232 2504 2261 2534 α
2296 2479 2388 2539 Ἐν
2416 2490 2523 2547 τοῖς
2555 2481 2784 2556 κλίμασι
2814 2483 2908 2549 τῆς
2940 2476 3191 2559 Ἀχαΐας,
3219 2499 3249 2536 »
3304 2478 3630 2547 πλήττοντός
3666 2480 3829 2539 ἐστιν.

2230 2572 2297 2629 Εἰ
2342 2568 2445 2649 γὰρ
2496 2571 2759 2649 καύχησις
2794 2575 2983 2645 τοῦτο,
3033 2573 3312 2648 πανταχοῦ
3352 2567 3458 2627 ἔδει
3511 2567 3831 2651 φυλάττειν’

2226 2662 2271 2718 εἰ
2302 2656 2436 2717 δὲέν
2481 2661 2658 2727 αὐτοῖς
2718 2657 2895 2733 μόνοις
2940 2656 3227 2737 φυλάττει,
3283 2658 3547 2739 πρόδηλον
3594 2656 3674 2718 ὅτι
3731 2659 3836 2739 οὐχ

2226 2750 2549 2827 ὑγιαίνουσιν
2584 2746 2766 2822 αὐτοὶ,
2795 2748 2866 2815 ὥς
2894 2751 2941 2806 οἱ
2974 2746 3153 2806 λοιποί
3176 2746 3258 2809 ⁷³.

2311 3043 2340 3079 α
2389 3021 2491 3082 Διὰ
2520 3022 2603 3095 τί;
2630 3019 2761 3083 Ὅτι
2797 3024 2891 3082 οὐκ
2923 3025 3117 3101 ἀγαπῶ
3149 3026 3320 3098 ὓμᾶς;
3362 3020 3427 3080 Ὁ
3451 3020 3589 3086 Θεὸς
3619 3010 3755 3083 οἶδε.
3792 3043 3823 3079 ι)

2226 3110 2450 3170 Μέλλων
2478 3111 2528 3149 ⁷*
2561 3114 2862 3190 εἰσαγαγεῖν
2926 3112 3021 3183 τὴν
3083 3112 3260 3170 αἰτίαν
3294 3112 3359 3169 δι’
3416 3110 3482 3182 ἣν
3532 3112 3629 3169 οὐκ
3670 3109 3835 3169 ἔλαϐε

2225 3202 2354 3279 παρ’
2391 3202 2598 3273 αὐτῶν,
2631 3201 2722 3259 καὶ
2759 3198 2841 3259 ὅτι
2884 3200 2968 3260 διὰ
3004 3199 3121 3268 τοὺς
3162 3200 3660 3281 ψευδαπόστόλους,
3696 3201 3833 3277 πρό-

2225 3312 2372 3367 τερον
2425 3291 2630 3370 ἀναιρεῖ
2680 3288 2809 3370 ὅπερ
2860 3290 3155 3361 ὓπενόησαν
3202 3287 3267 3347 ἂν
3296 3292 3344 3348 οἱ
3380 3290 3680 3368 Κορίνθιοι,
3729 3289 3833 3365 ὅτι,

2226 3377 2328 3445 ⁶Ως
2379 3378 2546 3457 ἔοικε,
2595 3378 2681 3437 διὰ
2717 3380 2777 3439 τὸ
2810 3389 2983 3458 μισεῖν
3027 3383 3212 3455 ἡμᾶς,
3243 3380 3303 3438 οὗ
3354 3378 3651 3456 λαμϐάνεις
3677 3403 3690 3416 ο
3735 3380 3835 3438 καί

2227 3492 2413 3546 φησιν,
2450 3467 2530 3527 ὅτι
2578 3470 2800 3528 Μᾶλλον
2854 3470 2987 3527 διότι
3022 3471 3254 3546 ἀγαπῶ,
3287 3467 3380 3526 καὶ
3421 3470 3480 3526 οὗ
3522 3467 3657 3526 θέλω
3690 3471 3833 3545 ὑμᾶς

2227 3558 2530 3637 βλαϐῆναι,
2566 3561 2636 3624 ὡς
2694 3559 2884 3641 ῥᾳδίως
2925 3557 3456 3635 σκανδαλιζομένους.
3505 3556 3649 3617 Ἀλλ’
3683 3556 3830 3618 οὕτω

2227 3647 2322 3725 μὲν
2376 3652 2555 3729 σαφῶς
2601 3653 2659 3707 οὗ
2710 3651 2886 3726 λέγει,
2939 3644 3026 3706 ἵνα
3058 3647 3133 3725 μὴ
3187 3645 3286 3719 τὴν
3318 3645 3594 3705 ἀσθένειαν
3655 3651 3832 3707 αὐτῶν

2227 3735 2411 3817 ἐλέγξῃ
2433 3761 2445 3774 ·
2475 3740 2561 3818 ἐφ’
2594 3736 2776 3819 ἑτέραν
2809 3736 2863 3797 δὲ
2891 3736 3066 3795 αἰτίαν
3097 3735 3279 3816 τρέπει
3311 3735 3399 3795 τὸν
3430 3737 3605 3817 λόγον.

2313 3848 2345 3884 (ι
2373 3826 2449 3886 ⁸0
2475 3828 2528 3885 δὲ
2550 3831 2686 3886 ποιῶ
2704 3873 2719 3901 ,
2762 3826 2852 3886 καὶ
2880 3826 3117 3902 ποιήσω,
3159 3822 3249 3885 ἵνα
3279 3825 3494 3907 ἐκκόψω
3533 3826 3631 3898 τὴν
3662 3828 3826 3907 ἀφορ-

2227 3915 2332 3991 μὴν
2386 3919 2490 3974 τῶν
2547 3916 2801 3976 θελόντων
2850 3913 3131 3996 ἀφορμὴν,
3176 3912 3266 3974 ἵνα
3317 3916 3370 3974 ἐν
3399 3906 3443 3996 ᾧ
3489 3906 3833 3995 καυχῶνται,

2227 4008 2478 4083 εὓρεθῶσι
2511 4006 2685 4069 καθὼς
2728 4005 2822 4066 καὶ
2853 4010 3031 4083 ἡμεῖς.
3072 4033 3097 4058 κ
3135 4005 3409 4065 Ἐνταῦθα
3466 4005 3831 4083 ἀριδηλότατα

2225 4093 2324 4177 τὴν
2376 4094 2548 4152 αἰτίαν
2590 4095 2766 4168 τίθησι
2817 4096 2885 4154 δι’
2934 4095 3000 4167 ἣν
3055 4097 3152 4155 οὐκ
3200 4093 3418 4158 ἔλαϐεν.
3470 4093 3694 4167 Ἐπειδὴ
3728 4094 3833 4177 γὰρ

2227 4171 2364 4241 οἶδεν
2380 4183 2429 4216 Ἠ
2448 4186 2478 4216 ⁸
2508 4188 2535 4243 ὁ
2561 4182 2825 4263 διάϐολος,
2855 4186 2935 4243 ὅτι
2960 4187 3007 4243 οἱ
3036 4184 3276 4264 βιωτικοὶ
3296 4185 3353 4242 ἐν
3392 4182 3564 4266 τούτῳ
3595 4171 3833 4261 μάλιστα

2227 4272 2692 4353 θεραπεύονταιτδ,
2743 4274 2795 4331 ἐν
2835 4278 2912 4355 τῷ
2956 4273 3030 4351 μὴ
3070 4274 3369 4352 λαμϐάνειν
3406 4271 3528 4341 τοὺς
3578 4274 3835 4334 διδασκά-

2227 4367 2381 4435 λους,
2416 4361 2617 4431 ἐδίδαξε
2672 4360 2793 4432 τοὺς
2843 4364 3309 4444 ψευδαποστόλους
3366 4361 3459 4421 καὶ
3513 4366 3669 4423 τοῦτο
3699 4366 3838 4422 ὓπο-

2226 4451 2513 4530 κρίνεσθαι.
2547 4449 2686 4513 Οὐδὲ
2731 4452 2862 4533 γὰρ,
2902 4454 3022 4512 οὐδὲ
3052 4457 3208 4512 τοῦτο
3245 4455 3455 4523 ἀληθῶς
3487 4451 3833 4531 κατώρθουν,

2227 4541 2272 4599 εἰ
2315 4540 2408 4598 καὶ
2456 4541 2703 4600 πλούσιοι
2749 4532 2916 4614 ἦσαν·
2972 4543 3113 4600 ἀλλὰ
3165 4542 3435 4608 δοκοῦντες
3486 4541 3560 4612 μὴ
3614 4540 3833 4618 λαμϐά-

2227 4652 2332 4688 νειν
2350 4674 2366 4702 ,
2399 4630 2721 4707 ἐλάμϐανον.
2754 4630 2852 4691 Διὸ
2881 4630 3001 4689 οὐδὲ
3036 4622 3182 4691 εἶπεν
3201 4676 3219 4708 ,
3249 4628 3373 4691 Ἵνα
3401 4632 3453 4689 ἐν
3478 4620 3523 4711 ᾧ
3547 4635 3835 4711 κατορθοῦ-

518 4726 707 4790 pterea
744 4736 855 4776 non
883 4719 1044 4787 dixit,
1076 4699 1258 4776 Ut_in
1315 4736 1426 4792 quo
1470 4699 1719 4804 gnaviter
1753 4732 1945 4795 agunt,
1992 4723 2116 4793 sed,

2229 4742 2343 4791 σιν,
2391 4721 2514 4778 ἀλλ’
2547 4741 2579 4778 (ι
2619 4719 2717 4779 Ἐν
2750 4712 2794 4799 ᾧ
2854 4723 3198 4799 καυχῶνται·
3241 4742 3273 4779 1)
3311 4718 3339 4779 ὃ
3386 4720 3480 4779 καὶ
3523 4719 3835 4790 ἀλαζονείας

521 4825 549 4860 ‹‹
600 4809 666 4863 In
699 4823 808 4879 quo
880 4809 1185 4880 gloriantur
1255 4828 1268 4864 :
1308 4832 1333 4858 υ
1371 4810 1527 4882 quod
1571 4818 1628 4867 et
1672 4813 1996 4884 arrogantiae
2037 4822 2121 4870 est

509 4895 798 4953 indicium.
868 4899 1143 4967 Quocirca
1181 4901 1504 4971 Apostolus,
1571 4900 1724 4956 hisce
1784 4904 2113 4975 conspectis,

510 4985 748 5043 decrevit
774 4987 919 5059 apud
965 5003 1104 5057 sese,
1157 5003 1229 5043 ne
1271 4988 1573 5062 quidquam
1613 4990 1857 5062 accipere
1910 5008 1941 5047 a
1978 5008 2119 5065 quo-

512 5092 705 5148 quam,
733 5076 895 5149 idque
924 5092 1052 5133 eum
1074 5087 1397 5150 paupertate
1416 5088 1739 5151 gravaretur
1772 5102 1785 5137 :
1819 5089 1880 5136 ut
1905 5089 2116 5139 resecet

509 5181 704 5222 ansam
746 5174 802 5223 et
829 5166 1177 5223 occasionem
1223 5167 1470 5238 illorum,
1520 5184 1624 5225 nec
1653 5168 1835 5225 locum
1879 5170 2116 5228 habeant

510 5255 771 5325 carpendi
823 5272 976 5312 eum.
1024 5257 1193 5329 Atqui
1257 5256 1375 5314 haec
1401 5273 1514 5313 non
1541 5266 1660 5314 erat
1703 5259 2055 5330 reprehensio
2096 5279 2109 5317 :

509 5345 787 5416 siquidem
817 5346 904 5401 lex
935 5346 1139 5403 Christi
1174 5355 1308 5402 erat.
1340 5349 1609 5403 Attamen
1654 5348 1782 5421 quia
1826 5350 2111 5421 Corinthii,

509 5448 608 5488 ceu
643 5434 869 5503 inﬁrmi,
899 5432 1061 5491 facile
1101 5435 1362 5492 seandalo
1383 5436 1841 5507 succumbebant,
1872 5438 2115 5511 seipsum

506 5523 821 5580 custodivit.
884 5526 966 5579 Ae
1002 5523 1265 5596 deinceps
1318 5524 1374 5580 in
1417 5525 1540 5582 aliis
1576 5526 1861 5584 inferiores
1904 5528 2113 5585 inventi

2228 4809 2487 4867 δεικτικόν
2545 4811 2688 4869 ἐστιν
2713 4851 2727 4867 .
2770 4808 2840 4869 Ὁ
2893 4811 3067 4869 τοίνυν
3120 4810 3437 4875 Ἀπόστολος
3482 4814 3650 4868 ταῦτα
3708 4833 3835 4868 συν-

2230 4896 2386 4975 ιδὼν,
2432 4897 2594 4977 ὥρισε
2632 4902 2763 4980 παρ’
2795 4901 2971 4979 ἑαυτῷ
3012 4905 3102 4958 τοῦ
3148 4898 3223 4978 μὴ
3254 4898 3441 4958 λαϐεῖν
3473 4922 3525 4957 τι
3557 4898 3708 4979 παρά
3754 4922 3835 4958 τι·

2228 5010 2341 5060 νος,
2373 4986 2465 5046 καὶ
2503 4994 2672 5046 ταῦτα
2712 4987 3029 5065 πενόμενος,
3082 4987 3168 5048 ἵνα
3217 4990 3418 5070 ἐκκόψῃ
3453 4988 3550 5061 τὴν
3582 4988 3832 5069 ἀφορμὴν

2224 5076 2469 5149 ἐκείνων,
2518 5076 2611 5136 καὶ
2661 5076 2735 5155 μὴ
2781 5077 2978 5158 εὕρωσι
3009 5078 3060 5114 ⁷⁸
3097 5077 3281 5159 χώραν
3324 5085 3414 5138 τοῦ
3465 5078 3836 5155 μωμήσασθαι

2223 5166 2402 5227 αὐτόν.
2439 5166 2631 5226 Καίτοι
2676 5173 2831 5226 τοῦτο
2878 5172 3063 5245 μῶμος
3107 5172 3203 5228 οὐκ
3248 5161 3339 5240 ἦν’
3378 5167 3539 5245 νόμος
3587 5166 3690 5247 γὰρ
3738 5171 3830 5226 τοῦ

2221 5254 2457 5335 Χριστοῦ
2512 5258 2693 5315 ἐστιν·
2750 5259 2867 5317 ἀλλ’
2925 5255 3070 5332 ὅμως
3107 5255 3323 5335 ξέπειδὴ
3383 5260 3455 5325 ὡς
3488 5260 3724 5323 ἀσθενεῖς
3780 5259 3830 5316 οἱ

2228 5345 2491 5424 Κορίνθιοι
2537 5345 2974 5405 εὗσκανδάλιστοι
3032 5339 3200 5419 ἦσαν·
3267 5347 3523 5430 ἐφύλαξεν
3604 5344 3823 5405 ἑαυτόν.

2232 5435 2338 5493 Καὶ
2390 5434 2570 5494 λοιπὸν
2604 5438 2657 5494 ἐν
2686 5444 2793 5504 τοῖς
2841 5435 3021 5502 ἄλλοις
3050 5436 3427 5515 ἐλαττούμενοι
3457 5439 3507 5495 οἱ
3558 5434 3833 5516 ψευδαπό-

2224 5526 2436 5598 στολοι,
2498 5523 2616 5583 οὐδὲ
2654 5526 2705 5583 ἐν
2745 5522 2917 5602 τούτῳ
2973 5524 3134 5584 πλέον
3192 5549 3244 5584 τι
3291 5526 3482 5607 ἔσχον·
3535 5527 3582 5585 εἶ
3637 5523 3713 5603 μή
3752 5547 3835 5601 τις

1893 5645 2086 5705 Variae
2130 5648 2412 5708 lectiones
2425 5694 2438 5707 .

607 5753 645 5787 ⁷¹
675 5753 851 5817 αὖτοὺς
869 5769 920 5811 0.
1002 5755 1044 5789 ⁷²
1066 5757 1131 5818 ὣς
1170 5758 1229 5810 ἂν
1262 5757 1315 5811 δὲ
1354 5773 1410 5815 ο.
1485 5759 1530 5795 ⁷⁸
1552 5759 1738 5814 πολλοὶ
1758 5777 1811 5817 0.

1887 5760 1932 5795 ⁷⁵
1963 5762 2120 5817 θέλων
2172 5780 2252 5821 m.

2329 5764 2398 5799 ⁷⁸*
2428 5764 2535 5820 εἶδε
2561 5781 2616 5825 ο.
2692 5765 2735 5802 ⁷⁵
2767 5765 2845 5823 ἴσ.
2877 5767 3165 5840 θηρεύονται
3186 5785 3241 5826 ο.
3317 5768 3361 5802 7°
3391 5767 3549 5839 ἔχωσι
3576 5783 3630 5823 o.

3634 6404 3674 6408 *—
3760 6404 3792 6408 *-
3872 6405 3906 6412 ——
3986 6408 4128 6416 ἡ...
