4134 6446
456 473 561 526 917

1349 455 1703 515 EXPOSITIO
1743 455 1808 508 IN
1848 451 2060 508 EPIST.
2103 452 2142 506 ll
2182 452 2273 507 AD
2312 450 2469 507 COR.
2506 483 2574 491 —
2614 452 2761 508 CAP.
2804 455 2888 509 Xl.

3659 459 3763 512 918

461 595 634 669 εἴποι,
657 591 738 653 ὅτι
769 590 860 652 καὶ
907 593 960 651 ἐν
991 587 1164 668 τούτῳ
1213 585 1602 659 ἠλαττώθησαν
1625 629 1642 658 ,
1679 585 1760 640 ὅτι
1792 603 1850 638 τε
1888 577 2043 638 πλού·

2166 577 2599 649 pseudapostoli,
2645 594 2820 650 neque
2847 579 2904 634 in
2931 577 3036 635 hoc
3077 579 3416 635 excellebant
3462 582 3610 637 :nisi
3641 582 3766 654 quis

459 709 564 744 σιοι
597 682 738 748 ὄντες
778 678 929 739 αὐτοὶ
977 680 1073 737 οὐκ
1113 675 1447 754 ἐλάμϐανον,
1473 677 1567 732 τοῦ
1609 669 1829 732 Παύλου
1872 671 1924 728 ἐν
1953 692 2056 726 πε-

457 773 542 855 νίᾳ
572 774 744 850 πολλῇ
775 769 850 847 μὴ
905 766 1306 846 λαμϐάνοντοςο
1339 763 1432 823 καὶ
1459 760 1540 821 ὅτι
1583 759 1702 855 οὐδὲ
1731 764 1886 818 τοῦτο
1917 761 2056 855 ἀλη-

457 848 559 930 ea;
609 848 911 940 κατώρθουν
932 903 948 931 ,
1006 859 1125 916 ἀλλ’
1157 853 1530 936 ὑπεκρίνοντο·
1565 855 1592 910 ὁ
1624 849 1681 910 δέ
1699 873 1760 930 γε
1802 848 2054 909 Ἀπόστο-

452 954 542 1020 λος
567 952 776 1025 ἀληθῶς
804 947 1099 1028 κατώρθου.

549 1156 578 1191 (ι
610 1134 681 1193 Οἱ
705 1130 809 1212 γὰρ
828 1133 1053 1190 τοιοῦτοι
1081 1125 1535 1209 ψευδαπόστολοι,
1573 1121 1828 1201 ἐργάται,
1859 1121 2051 1197 δόλιοι,

457 1219 1052 1303 μετασχηματιζόμενοι
1111 1218 1186 1284 εἷς
1240 1213 1562 1281 ἀποστόλους
1594 1215 1848 1292 Χριστοῦ.
1903 1233 1934 1269 ›)
1981 1213 2054 1271 Τί

453 1300 670 1392 λέγεις,
696 1311 769 1371 Οἱ
804 1307 1036 1389 Χριστὸν
1081 1305 1466 1392 κηρύσσοντες,
1495 1305 1542 1362 οἱ
1563 1300 1890 1392 Εύαγγέλιον
1933 1300 2051 1360 ἕτε-

457 1390 544 1482 ρον
572 1399 647 1478 μὴ
682 1396 1045 1477 ἐπεισάγοντες
1064 1397 1137 1470 ⁷⁷,
1178 1397 1249 1482 ὡς
1294 1391 1543 1482 ἀνωτέρω
1594 1390 1839 1471 εἴρηκας,
1886 1393 2051 1472 ψευδ-

455 1488 741 1550 απόστολοι
773 1494 892 1561 νῦν;
923 1485 1073 1564 Ναὶ,
1120 1481 1280 1565 φησὶ,
1322 1483 1389 1541 δι’
1411 1481 1541 1541 αὐτὸ
1587 1485 1743 1541 τοῦτο
1765 1504 1778 1518 ·
1826 1482 2051 1560 ὑποκρι-

453 1579 663 1656 νόμενοι
717 1576 821 1658 γὰρ
882 1580 1084 1650 ταῦτα,
1153 1572 1326 1653 λάθρα
1390 1570 1576 1631 ἀνόσια
1635 1572 2050 1651 παρεισφέρουσι

454 1670 719 1747 δόγματα.
761 1695 787 1721 σι
825 1665 1090 1748 Ἐργάται
1143 1661 1200 1723 δὲ
1235 1663 1400 1722 δόλιοι
1423 1709 1438 1737 ,
1469 1684 1498 1722 ι)
1553 1660 1686 1721 καθὸ
1737 1661 2050 1741 ἐργάζεσθαι

456 1759 553 1838 μὲν
617 1761 895 1833 δοκοῦσιν,
957 1756 1237 1815 ἀνασπῶσι
1285 1751 1340 1813 δὲ
1387 1751 1454 1810 τὰ
1500 1748 1906 1834 πεφυτευμένα,
1955 1748 2049 1809 καὶ

453 1852 644 1928 σχῆμα
684 1845 839 1925 μόνον
857 1843 910 1884 ⁷⁸
935 1844 1148 1925 ἔχουσιν
1193 1841 1536 1917 ἀποστόλων,
1573 1840 1665 1902 καὶ
1717 1838 1875 1922 δορὰν
1920 1862 2050 1922 προ-

453 1937 630 1997 ϐάτων
648 1981 664 2011 ,
687 1935 837 1996 λύκοι
859 1933 917 1994 δέ
944 1935 1074 1993 εἰσιν
1106 1931 1291 2000 ὅντως.

540 2132 565 2159 α
596 2104 708 2166 Καὶ
735 2105 793 2164 οὗ
836 2101 1144 2181 θαυμαστόν
1165 2125 1180 2140 ·
1211 2099 1365 2169 αὐτὸς
1401 2101 1503 2182 γὰρ
1531 2103 1561 2159 δ
1594 2103 1843 2166 Σατανᾶς
1883 2123 2048 2176 μετα-

452 2195 846 2276 σχηματίζεται
903 2195 977 2260 εἷς
1045 2191 1267 2270 ἄγγελον
1325 2190 1516 2272 φωτός.
1566 2217 1590 2243 υ
1639 2187 1815 2250 εὈταν
1863 2189 1968 2270 γὰρ
2019 2192 2047 2247 ὁ

451 2286 766 2352 διδάσκαλος
815 2285 991 2342 αὐτῶν
1057 2281 1229 2340 πάντα
1281 2283 1484 2362 τολμᾷ,
1531 2280 1678 2339 οὐδὲν
1737 2279 2046 2354 θαυμαστὸν

449 2374 542 2434 καὶ
566 2372 780 2441 τούτους
815 2376 1092 2451 μιμεῖσθαι
1140 2369 1315 2430 αὐτόν.
1356 2366 1666 2450 «Ἄγγελον
1709 2368 1764 2427 δὲ
1808 2369 1978 2447 φωτὸς
2011 2395 2041 2427 ι)

454 2463 598 2544 λέγει
625 2463 714 2523 τὸν
753 2461 1054 2545 παρρησίαν
1104 2461 1333 2541 ἔχοντα,
1372 2459 1460 2517 τὸν
1513 2464 1589 2540 τῷ
1647 2461 1882 2539 ἀληθινῷ
1912 2459 2046 2540 φωτὶ

449 2557 765 2635 παρεστῶτα
783 2598 800 2628 ,
831 2552 920 2611 τὸν
946 2551 1274 2635 ἀγγέλλοντα
1303 2547 1383 2608 ὅτι
1413 2548 1505 2608 καὶ
1535 2553 1561 2607 ὃ
1582 2549 1720 2615 Θεὸς
1741 2551 1848 2630 φῶς
1874 2551 2042 2626 ἐστιν,

452 2647 506 2704 ἐν
657 2642 748 2704 καὶ
801 2641 961 2702 αὐτὸν
1003 2631 1138 2700 εἶναι
1182 2642 1310 2722 φῶς.
1355 2638 1905 2720 Μετασχηματίζεται
1954 2642 2046 2700 καὶ

450 2737 526 2802 εἷς
562 2737 794 2792 τοιοῦτον
811 2731 864 2771 7°
897 2734 926 2790 ὁ
958 2729 1236 2804 διάϐολος,
1289 2731 1346 2787 οὗ
1382 2730 1586 2809 γίνεται
1634 2733 1886 2795 τοιοῦτος.
1931 2728 2045 2790 Οὕ-

447 2848 551 2892 τως
580 2813 668 2884 οὖν
702 2821 794 2882 καὶ
816 2813 957 2882 οὗτοι
987 2824 1178 2901 σχῆμα
1220 2819 1376 2898 μόνον
1418 2817 1664 2900 φέρουσιν
1702 2817 2042 2897 ἀποστόλων,

446 2915 543 2973 οὔκ
572 2913 738 2986 αὐτὴν
791 2912 888 2986 τὴν
921 2910 1211 2991 ἐνέργειαν.
1259 2909 1613 2987 Μανθάνομεν
1663 2908 1718 2968 δὲ
1764 2910 2041 2988 ἐντεῦθεν,

448 3003 529 3063 ὅτι
571 3002 631 3062 τὸ
679 3001 812 3082 πρὸς
867 2999 1112 3069 ἐπίδειξίν
1139 3004 1152 3078 ξ
1184 3024 1235 3059 τι
1295 2999 1466 3058 ποιεῖν
1530 2998 1766 3078 μάλιστα
1824 2999 2040 3060 πάντων

447 3091 769 3153 διαϐολικόν.

2163 665 2333 734 dicat,
2361 667 2511 740 quod
2531 667 2585 722 in
2614 667 2720 723 hoc
2735 668 2904 724 etiam
2927 668 3220 724 inferiores
3235 671 3368 736 sint,
3387 670 3533 741 quod
3562 670 3766 726 divitiis

2161 756 2444 814 afﬂuentes
2494 757 2594 829 ipsi
2623 757 2758 813 nihil
2809 758 3138 830 accipereut,
3187 774 3312 814 cum
3374 759 3572 814 Paulus
3612 776 3682 816 ne
3706 761 3764 816 in

2164 848 2334 903 multa
2359 847 2582 920 quidem
2611 856 2845 920 egestate
2871 847 3171 920 quidquam
3192 848 3463 920 acceperit
3492 867 3505 904 :
3533 857 3589 904 et
3616 850 3762 921 quod

2161 952 2340 1010 neque
2360 937 2466 994 hoc
2504 953 2630 994 vere
2665 937 3040 1010 perﬁciebant,
3068 937 3163 994 sed
3201 938 3534 994 simulabant
3570 957 3583 991 :
3615 941 3762 1010 Apo-

2163 1026 2340 1083 stolus
2363 1035 2552 1084 autem
2582 1043 2771 1084 revera
2809 1026 3142 1100 perﬁciebat.

2232 1119 2412 1173 Vsus.
2445 1123 2532 1173 13.
2569 1142 2595 1166 ιι
2647 1119 2788 1173 Nam
2832 1116 3150 1189 hujusmodi
3196 1117 3604 1189 pseudapostoli
3634 1126 3763 1172 sunt

2159 1207 2393 1278 operarii
2439 1206 2682 1276 subdoli,
2743 1207 3205 1279 transﬁgurantes
3267 1222 3325 1263 se
3368 1207 3427 1262 in
3481 1206 3762 1279 apostolos

2159 1295 2386 1354 Christi.
2439 1320 2466 1346 ιο
2512 1296 2658 1368 Quid
2688 1297 2803 1354 ais?
2866 1296 3143 1353 Christum
3206 1297 3612 1364 annuntiantes,
3657 1312 3763 1353 nec

2157 1386 2303 1443 aliud
2349 1387 2700 1459 Evangelium
2738 1387 3170 1456 introducentes,
3207 1395 3271 1442 ut
3317 1402 3481 1458 supra
3509 1402 3762 1442 comme-

2157 1481 2410 1550 morasti,
2466 1480 2876 1553 pseudapostoli
2934 1497 3082 1536 nunc
3127 1483 3298 1537 sunt?
3363 1483 3483 1544 Nae,
3565 1480 3759 1552 inquit,

2159 1578 2382 1642 propter
2421 1569 2528 1627 hoc
2569 1570 2772 1642 ipsum.
2820 1572 2930 1626 Ista
2957 1570 3107 1626 enim
3143 1570 3495 1640 simulantes,
3537 1570 3761 1626 clancu-

2155 1660 2272 1717 lum
2299 1660 2471 1733 impia
2496 1660 2759 1732 dogmata
2791 1660 3158 1717 subinferunt.
3187 1683 3211 1709 α
3239 1660 3492 1732 Operarii
3522 1685 3545 1708 ι»
3575 1668 3761 1716 autem

2161 1773 2186 1799 α
2212 1750 2409 1818 dolosi,
2459 1774 2485 1799 υ
2518 1759 2787 1822 quatenus
2821 1750 3034 1822 operari
3080 1749 3311 1822 quidem
3362 1750 3640 1818 videntur,
3673 1766 3756 1805 re-

2158 1841 2364 1896 vellunt
2392 1849 2576 1896 autem
2597 1841 2860 1912 plantata,
2904 1855 2969 1895 ac
3003 1840 3238 1911 ﬁguram
3275 1847 3494 1894 tantum
3550 1839 3760 1895 habent

2161 1930 2560 2001 apostolorum,
2616 1938 2672 1986 et
2715 1929 2911 2002 pellem
2965 1929 3174 1998 ovium,
3233 1929 3345 2000 lupi
3393 1937 3583 1984 autem
3631 1936 3760 1983 sunt

2153 2035 2363 2077 revera.

2226 2113 2409 2166 Vsns.
2439 2113 2526 2165 14.
2558 2134 2584 2159 κ
2615 2112 2729 2166 Nec
2756 2110 2901 2165 enim
2929 2108 3156 2165 mirum.
3189 2109 3307 2180 lpse
3333 2123 3574 2180 namque
3603 2109 3755 2164 Sata-

2155 2199 2623 2270 nastransﬁgurat
2647 2215 2704 2255 se
2733 2200 2790 2254 in
2807 2200 3065 2271 angelum
3085 2199 3241 2254 lucis.
3277 2222 3302 2248 υ
3333 2197 3502 2270 304
3523 2197 3757 2266 Quando

2155 2289 2352 2346 doctor
2401 2305 2591 2346 eorum
2638 2291 2868 2345 Satanas
2912 2288 3100 2343 omnia
3149 2286 3336 2351 audet,
3389 2287 3519 2342 nihil
3552 2286 3758 2341 mirum

2155 2377 2256 2434 hos
2280 2378 2480 2434 imitari
2514 2379 2712 2450 ipsum.
2756 2379 3028 2449 Angelum
3062 2386 3250 2433 autem
3313 2377 3451 2432 lucis
3480 2375 3606 2431 dicit
3630 2391 3758 2430 eum

2155 2468 2247 2539 qui
2278 2467 2533 2524 ﬁduciam
2580 2468 2764 2533 habet,
2823 2467 2918 2540 qui
2947 2482 3082 2521 vero
3112 2467 3314 2521 lumini
3343 2474 3508 2533 astat,
3540 2465 3630 2537 qui
3661 2480 3760 2535 per

2154 2561 2260 2618 hoc
2309 2562 2458 2634 quod
2491 2562 2607 2634 ipse
2631 2562 2818 2626 lumen
2869 2561 2961 2628 sit,
3006 2559 3247 2616 ostendit
3299 2559 3448 2630 quod
3496 2567 3552 2614 et
3604 2561 3759 2614 Deus

2154 2651 2343 2707 lumen
2379 2659 2480 2707 est.
2539 2650 2806 2706 Diabolus
2835 2665 2962 2705 vero
3016 2649 3074 2704 in
3108 2648 3271 2704 talem
3307 2647 3756 2714 transl‘ormatur,

2154 2756 2271 2796 non
2313 2749 2498 2796 autem
2525 2740 2648 2796 talis
2677 2740 2755 2795 ﬁt.
2787 2741 2950 2794 Hunc
2973 2739 3042 2795 ad
3079 2737 3311 2793 modum
3337 2745 3391 2792 et
3424 2737 3502 2791 illi
3527 2735 3757 2808 ﬁguram

2153 2837 2372 2885 tantum
2418 2828 2796 2902 apostolorum
2840 2835 3064 2901 gerunt,
3089 2843 3201 2882 non
3228 2827 3401 2898 ipsam
3433 2824 3755 2882 efﬁcaciam.

2153 2919 2301 2975 Hinc
2325 2928 2508 2975 autem
2527 2918 2793 2975 discimus
2815 2917 2961 2990 quod
2987 2917 3057 2973 ad
3104 2916 3528 2973 ostentationem
3556 2910 3758 2985 aliquid

2154 3007 2329 3065 facere
2359 3009 2605 3066 maxime
2629 3009 2704 3064 sit
2739 3007 3089 3064 diabolicum.

531 3207 564 3239 α
591 3183 673 3243 Οὐ
706 3179 846 3261 μέγα
874 3171 962 3239 οὖν
994 3181 1038 3240 εἷ
1080 3178 1171 3240 καὶ
1217 3183 1267 3239 οἱ
1297 3177 1530 3238 διάκονοι
1561 3179 1721 3240 αὐτοῦ
1766 3203 2043 3260 μετασχη-

2224 3193 2406 3247 Vsns.
2437 3194 2533 3246 15.
2562 3213 2587 3239 α
2617 3192 2747 3245 Non
2773 3197 2857 3245 est
2885 3202 3015 3260 ergo
3044 3201 3333 3258 magnum,
3366 3184 3411 3240 si
3442 3192 3497 3240 et
3519 3182 3756 3238 ministri

448 3273 756 3350 ματίζονται
820 3273 891 3337 ὡς
939 3269 1172 3330 διάκονοι
1235 3266 1608 3346 δικαιοσύνης,
1639 3259 1711 3327 ὧν
1768 3268 1826 3327 τὸ
1895 3259 2044 3339 τέλος

445 3362 596 3422 ἔσται
620 3359 760 3419 κατὰ
779 3357 847 3418 τὰ
874 3357 1003 3440 ἔργα
1031 3363 1225 3418 αὐτῶν.
1257 3380 1287 3416 ›)
1325 3358 1612 3417 Τουτέστιν
1633 3402 1649 3429 ,
1697 3362 1768 3425 ὥς
1811 3359 2045 3419 διάκονοι

449 3457 540 3511 τοῦ
573 3448 900 3529 Εὖαγγελίου
925 3454 1019 3507 τοῦ
1070 3447 1166 3520 τὴν
1211 3447 1542 3519 δικαιοσύνην
1573 3446 1784 3527 ἔχοντος
1808 3471 1820 3484 ’
1958 3451 2044 3512 ὅτι

449 3540 664 3599 δικαίων
718 3540 918 3618 ἀνδρῶν
977 3537 1128 3606 δόξαν
1198 3540 1400 3604 ἑαυτοῖς
1464 3535 1858 3614 περιτιθέασιν*
1917 3543 2041 3600 ἀλλ’

448 3632 541 3689 οὐκ
586 3627 924 3711 ἐκφεύξονται
976 3629 1047 3694 εἷς
1081 3627 1253 3695 τέλος
1282 3624 1423 3685 κατὰ
1451 3624 1554 3705 γὰρ
1594 3625 1659 3683 τὰ
1706 3625 1837 3705 ἔργα
1869 3631 2042 3691 αὐτῶν

447 3720 599 3779 ἔσται
648 3718 710 3778 τὸ
761 3721 907 3782 τέλος
970 3719 1175 3791 αὐτῶν,
1221 3715 1494 3792 τουτέστι,
1552 3715 1806 3794 πονηρόν.
1865 3716 2044 3780 σΩστε

449 3809 556 3868 ἀπὸ
616 3813 723 3869 τῶν
775 3806 942 3888 ἔργων
1003 3809 1174 3866 αὐτῶν
1241 3805 1643 3884 ἐπιγνωσόμεθα
1693 3807 1882 3875 αὐτούς
1914 3832 1927 3846 ο
1981 3811 2044 3870 τὸ

449 3899 551 3978 γὰρ
581 3897 729 3965 τέλος
757 3897 1095 3971 κατάλληλον
1127 3905 1234 3966 τοῖς
1256 3896 1424 3977 ἔργοις
1453 3894 1676 3964 ἕξουσιν.

533 3975 564 4043 α
595 3987 773 4048 Πάλιν
809 3987 948 4065 λέγω
983 3985 1080 4065 (μή
1126 3985 1203 4054 τίς
1256 3975 1335 4064 μεθ
1366 3983 1490 4064 δόξῃ
1533 3983 1734 4064 ἄφρονα
1787 3975 1920 4046 εἶναι
1949 4012 1963 4025 ο
1996 3991 2042 4046 εἷ

445 4075 500 4136 δὲ
537 4077 613 4155 μή
653 4100 746 4155 γε,
792 4074 894 4135 κᾶν
923 4079 991 4144 ὡς
1022 4076 1231 4158 ἅφρρνα
1263 4074 1474 4143 δέξασθέ
1520 4098 1616 4151 με,
1657 4073 1746 4133 ἵνα
1776 4076 1926 4154 κάγὼ
1957 4102 2042 4153 μι-

445 4166 570 4248 κρόν
598 4191 650 4226 τι
690 4165 1075 4247 καυχήσωμαι.
1106 4186 1136 4222 ι)
1170 4165 1242 4223 Εἰ
1283 4162 1386 4243 γὰρ
1433 4163 1525 4222 καὶ
1564 4162 1669 4236 ἤδη
1715 4166 2042 4247 προδιορθώ-

449 4280 591 4317 σεσιν
622 4257 924 4339 ἐχρήσατο,
971 4257 1091 4315 ἀλλ’
1118 4253 1292 4331 ὅμως,
1346 4255 1466 4315 Οὖκ
1521 4257 1818 4333 ἀρκοῦμαι,
1877 4258 2039 4337 φησὶ,

447 4354 554 4414 τοῖς
605 4344 935 4427 εἰρημένοις,
981 4343 1118 4403 ἀλλὰ
1169 4343 1330 4403 πάλιν
1358 4341 1530 4420 λέγω,
1578 4341 1666 4401 ἵνα
1712 4370 1735 4395 σι
1770 4343 1926 4420 μήτις
1975 4371 2041 4424 με

446 4437 568 4516 δόξῃ
601 4425 818 4518 ἄφροναξ
849 4425 1001 4495 εἶναι.
1045 4461 1070 4488 ιι
1113 4434 1196 4496 Τὸ
1226 4432 1322 4511 μὲν
1362 4432 1467 4513 γὰρ
1508 4439 1812 4513 καυχᾶσθαι
1858 4435 2043 4506 ἁπλῶς

2153 3281 2274 3352 ejus
2301 3280 2766 3351 transﬁgurentur
2783 3278 2945 3334 veluti
2968 3275 3485 3348 ministrijustitiae,
3517 3287 3754 3344 quorum

2154 3370 2280 3425 ﬁnis
2306 3369 2409 3426 erit
2443 3367 2750 3425 secundum
2773 3383 2936 3438 opera
2977 3367 3246 3437 ipsorum.
3288 3386 3315 3417 »
3356 3366 3479 3420 Hoc
3511 3371 3614 3430 est,
3657 3377 3756 3418 ceu

2155 3459 2393 3514 ministri
2465 3457 2740 3530 Evangelii
2801 3456 3068 3528 iustitiam
3135 3455 3415 3525 habentis,
3458 3453 3540 3508 vel
3608 3452 3757 3523 quod

2147 3549 2426 3620 justorum
2459 3549 2703 3603 virorum
2736 3547 2971 3618 gloriam
3011 3545 3274 3616 sibiispsis
3299 3545 3750 3613 circumponunt.

2153 3639 2260 3695 Sed
2296 3654 2410 3694 non
2437 3636 2707 3709 effugient
2748 3635 3016 3691 tandem:
3063 3633 3366 3690 secundum
3404 3633 3553 3687 enim
3588 3646 3754 3702 opera

2153 3744 2368 3796 eorum,
2448 3729 2553 3783 erit
2616 3726 2781 3781 etiam
2831 3724 2955 3780 ﬁnis
3023 3739 3239 3789 eorum,
3304 3722 3358 3777 id
3424 3734 3508 3776 est
3549 3722 3748 3776 malus.

2154 3825 2339 3891 Itaque
2371 3819 2440 3874 ab
2488 3816 2746 3888 operibus
2805 3815 3058 3886 ipsorum
3113 3826 3479 3883 agnoscemus
3530 3811 3676 3881 ipsos
3737 3827 3750 3862 :

2152 3911 2320 3965 ﬁnem
2367 3907 2514 3963 enim
2561 3904 2988 3977 respondentem
3019 3902 3273 3974 operibus
3309 3899 3614 3955 habebunt.

2223 4003 2402 4056 Van.
2441 4004 2528 4052 16.
2561 4018 2587 4044 οι
2621 3999 2830 4051 lterum
2877 3992 3001 4048 dico
3048 3991 3139 4062 (ne
3166 3989 3287 4061 quis
3311 3997 3467 4061 putet
3491 4003 3583 4042 me
3613 3986 3750 4041 insi-

2151 4090 2386 4163 pientem
2438 4102 2556 4142 esse
2603 4105 2616 4141 :
2661 4083 2924 4155 alioquin,
2968 4081 3049 4137 vel
3097 4089 3363 4151 tanquam
3406 4077 3754 4148 insipientem

2150 4179 2378 4251 accipite
2421 4193 2530 4243 me,
2578 4183 2642 4231 ut
2692 4183 2745 4229 et
2790 4188 2890 4245 ego
2933 4170 3214 4227 modicum
3255 4168 3391 4242 quid
3429 4167 3672 4239 glorier).
3721 4189 3746 4214 ι

2152 4268 2382 4325 Etiamsi
2412 4266 2562 4322 enim
2591 4265 2762 4320 multa
2782 4263 2903 4336 jam
2928 4260 3271 4331 mitigatione
3298 4274 3433 4314 usus
3462 4264 3598 4325 erat,
3625 4257 3754 4311 Non

2150 4365 2441 4414 contentus
2458 4364 2645 4411 tamen
2669 4369 2816 4420 sum,
2846 4351 3046 4424 inquit,
3068 4347 3538 4416 commemoratis,
3562 4361 3753 4402 verum

2151 4448 2355 4504 iterum
2403 4446 2548 4511 dico,
2584 4468 2611 4494 ‹‹
2663 4459 2733 4499 ne
2773 4442 2894 4514 quis
2944 4456 3035 4496 me
3079 4441 3356 4496 existimet
3404 4436 3750 4508 insipientem

447 4526 745 4608 ἀφροσύνης
803 4523 974 4586 ἐστίν·
1028 4523 1132 4602 ἐγὼ
1181 4524 1236 4582 δὲ
1295 4525 1396 4602 οὐχ
1451 4524 1521 4589 ὥς
1592 4522 1808 4595 ἀνόητος
1880 4531 2034 4585 τοῦτο

2153 4553 2284 4594 esse.
2326 4561 2352 4584 ιν
2409 4534 2652 4593 Gloriari
2699 4534 2846 4588 enim
2911 4529 3227 4601 simpliciter
3263 4525 3575 4598 insipientia
3611 4533 3695 4580 est
3733 4545 3745 4580 :

443 4621 616 4694 ποιῶ,
667 4617 788 4674 ἀλλ’
821 4614 1262 4693 ἀναγκαζόμενος.
1311 4612 1502 4689 Ὅμως
1555 4614 1600 4670 εἰ
1649 4612 1725 4689 μὴ
1779 4615 2037 4693 συγγινώ-

443 4707 600 4767 σκετέ
630 4729 748 4784 μοι,
791 4705 912 4763 ἀλλ’
950 4706 1009 4763 ἐκ
1055 4702 1250 4769 παντὸς
1281 4701 1484 4782 ἄφρονα
1528 4701 1619 4760 καὶ
1651 4701 1743 4778 ἐμὲ
1793 4704 1994 4782 κρίνετε
2018 4752 2034 4783 ,

441 4793 615 4854 καίτοι
649 4794 789 4855 κατὰ
849 4793 1086 4872 ἀνάγκην
1127 4792 1506 4872 καυχώμενον,
1564 4794 1623 4851 οὗ
1669 4798 2035 4872 παραιτοῦμαι

440 4889 616 4947 τοῦτο.
679 4887 887 4946 Οὐκοῦν
935 4886 1006 4951 ὥς
1037 4884 1256 4964 ἄφρονος
1308 4881 1562 4960 ἀνέχεσθέ
1611 4905 1711 4958 μου
1754 4882 2033 4960 λέγοντος,

451 4997 480 5034 (ι
506 4971 594 5033 ἵνα
621 4973 772 5053 κάγὼ
789 5020 804 5047 ,
822 4995 852 5032 ›)
880 4972 1147 5034 τουτέστιν
1166 5016 1182 5045 ,
1217 4972 1400 5052 ὥσπερ
1427 4976 1651 5042 ἐκεῖνοι,
1687 4994 1717 5027 α
1749 4971 2037 5053 καυχήσω-

442 5088 540 5142 μαι
559 5067 634 5145 ,ξι
672 5063 812 5122 ἀλλὰ
847 5063 938 5123 καὶ
967 5070 1121 5122 τοῦτο
1155 5084 1183 5119 ε
1223 5060 1412 5142 μικρόν
1437 5085 1508 5120 τι.
1542 5067 1596 5142 »ς

526 5265 556 5301 (ι
579 5241 656 5305 ⁸0
682 5246 864 5316 λαλῶ,
884 5243 942 5300 οὗ
963 5243 1114 5302 λαλῶ
1135 5239 1274 5299 κατὰ
1296 5239 1490 5322 Κύριον
1509 5285 1525 5318 ,
1555 5240 1674 5301 ἀλλ’
1695 5245 1766 5309 ὡς
1794 5242 1848 5301 ἓν
1876 5244 2038 5324 ἀφρο-

439 5332 596 5411 σύνῃ,
650 5336 703 5392 ἐν
753 5333 920 5412 ταύτῃ
1042 5331 1338 5390 ὑποστάσει
1375 5335 1471 5401 τῆς
1508 5329 1843 5412 καυχήσεως.
1888 5357 1916 5392 ››
1955 5331 2033 5394 ⁸0

435 5423 619 5496 λαλῶ,
669 5423 862 5504 φησὶν,
917 5423 1015 5482 οὐκ
1059 5419 1174 5478 ἔστι
1215 5419 1357 5478 κατὰ
1407 5419 1634 5500 Κύριον,
1663 5421 1932 5497 τουτέστι,
1966 5424 2033 5483 τὰ

438 5512 692 5593 ῥήματα⁸
735 5514 764 5570 ὁ
812 5511 869 5571 δὲ
911 5509 1106 5578 σκοπὸς
1147 5513 1254 5569 τῶν
1302 5509 1592 5591 ῥημάτων,
1643 5512 1844 5594 σφόδρα
1895 5515 2033 5574 κατὰ

2145 4645 2247 4701 ego
2284 4634 2470 4683 autem
2515 4641 2627 4680 non
2677 4633 2949 4693 tanquam
2987 4619 3243 4690 insipiens
3287 4616 3396 4670 hoc
3451 4614 3617 4680 facio,
3658 4614 3754 4669 sed

2146 4725 2388 4773 coactus.
2420 4720 2679 4770 Attamen
2704 4713 2750 4768 si
2773 4710 2907 4766 mihi
2928 4725 3043 4764 non
3072 4704 3376 4779 ignoscitis,
3405 4703 3501 4758 sed
3524 4701 3752 4757 omnino

2145 4805 2494 4877 insipientem
2539 4817 2628 4858 me
2664 4800 2946 4874 judicatis,
3014 4795 3226 4852 etiamsi
3274 4793 3594 4848 necessitate
3655 4789 3754 4845 ad-

2145 4903 2302 4951 actus
2346 4893 2567 4966 glorier,
2598 4907 2710 4946 non
2742 4888 2992 4946 detrecto
3031 4887 3160 4941 hoc.
3207 4882 3444 4941 Proinde
3482 4890 3748 4952 tanquam

2144 4984 2495 5056 insipientem
2524 4981 2784 5038 sustinete
2805 4994 2896 5034 me
2926 4979 3259 5049 loquentem,
3287 4982 3350 5029 ut
3381 4981 3436 5028 et
3473 4987 3596 5041 ego,
3640 4969 3749 5025 hoc

2146 5082 2248 5142 est,
2275 5072 2501 5145 perinde
2557 5088 2620 5126 ac
2649 5069 2744 5138 illi,
2802 5067 3036 5140 glorier;
3088 5065 3182 5121 sed
3224 5073 3279 5120 et
3319 5063 3422 5118 hoc
3469 5059 3748 5115 modicum

2147 5163 2301 5237 quid.

2216 5257 2394 5309 Vsns.
2432 5257 2512 5307 17.
2561 5273 2586 5299 α
2619 5248 2778 5320 Quod
2817 5249 3030 5319 loquor,
3067 5260 3179 5300 non
3204 5243 3403 5315 loquor
3439 5239 3749 5296 secundum

2145 5345 2467 5412 Dominum,
2498 5341 2597 5398 sed
2629 5339 2781 5413 quasi
2818 5340 2877 5393 in
2900 5335 3234 5408 insipientia,
3267 5335 3324 5388 in
3369 5333 3470 5388 hac
3499 5331 3750 5386 substan-

2141 5434 2216 5490 tia
2267 5433 2631 5508 gloriationis.
2696 5455 2720 5479 ι)
2777 5426 2945 5498 Quod
2999 5429 3216 5498 loquor,
3268 5423 3465 5496 inquit,
3510 5437 3625 5477 non
3663 5431 3746 5476 est

2141 5523 2448 5581 secundum
2477 5521 2806 5590 Dominum,
2827 5533 3027 5590 nempe
3053 5516 3097 5573 si
3128 5514 3293 5572 verba
3338 5520 3549 5585 spectes
3583 5529 3598 5566 :
3629 5525 3750 5566 sco-

1825 5631 2020 5692 Variae
2061 5633 2368 5693 lectiones.

505 5743 548 5778 ⁷⁷
577 5743 985 5816 ἐπιγινώσκοντες
1010 5758 1067 5800 0.
1141 5741 1186 5776 ⁷⁸
1217 5741 1304 5814 μὶν
1333 5760 1386 5800 ο.
1464 5743 1508 5778 ⁷⁸
1536 5748 1714 5799 τοῦτον
1745 5762 1798 5803 ο.
