4134 6426
385 425 486 477 919

1405 415 1921 472 THEOPHYLACTI
1961 411 2319 469 BULGARUE
2357 409 2670 465 ARCHIEP.

3587 357 3692 456 ἐκ)

379 562 482 619 pus
519 561 648 601 vero
678 545 973 602 verborum
1002 553 1085 601 est
1127 542 1430 600 admodum
1458 540 1765 598 secundum
1787 539 1978 596 Domi-

2098 539 2316 615 Κύριον.
2345 536 2462 596 Οὔκ
2496 525 2613 592 εἶπε
2658 533 2743 606 δὲ,
2787 532 2883 592 Ἐν
2933 530 3198 612 ἀφροσύνῃ
3219 575 3235 602 ,
3268 529 3385 588 ἀλλ’
3408 576 3424 606 ,
3458 527 3609 619 «ΔὩς
3640 529 3694 586 ἓν

378 652 536 692 num.
569 638 696 692 Non
725 635 858 692 dixit
883 643 1092 701 autem,
1132 636 1196 688 In
1243 632 1573 703 insipientia,
1605 630 1719 694 sed,
1751 654 1777 679 α
1805 630 1986 686 Veluti

382 726 441 780 in
471 725 780 797 insipientia
836 742 851 778 :
917 747 942 773 ι)
1010 723 1227 778 videtur
1295 725 1447 777 enim
1499 719 1808 792 insipientia
1865 734 1986 774 esse

383 815 637 888 gloriatio
666 831 789 870 mea
815 836 826 871 :
870 831 980 869 non
1000 821 1083 868 est
1109 821 1295 867 autem
1323 826 1530 866 revera.
1564 812 1644 866 Ut
1668 818 1852 865 autem
1871 825 1988 864 non

383 903 667 959 existimes
708 901 855 974 quod
908 901 1108 973 ubique
1148 901 1205 955 in
1244 899 1553 970 insipientia
1603 899 1882 970 loquatur,
1934 904 1990 953 ct

382 1008 498 1048 non
526 991 826 1048 secundum
852 990 1183 1059 Dominum,
1205 991 1299 1057 ait,
1329 993 1393 1046 In
1420 989 1522 1044 hac
1560 997 1713 1061 parte
1777 987 1987 1059 gloria-

377 1081 570 1146 tionis,
600 1099 715 1138 non
743 1083 801 1137 in
831 1081 1108 1153 aliquibus
1137 1081 1278 1136 aliis.

448 1171 629 1226 Vnus.
667 1176 750 1226 18.
789 1193 814 1218 α
848 1170 1130 1239 Quoniam
1159 1168 1322 1224 multi
1351 1167 1654 1241 gloriantur
1677 1165 1988 1223 secundum

377 1275 621 1326 carnem,
671 1268 726 1315 et
755 1276 858 1332 ego
900 1259 1197 1332 gloriabor.
1235 1282 1260 1307 ν
1314 1260 1434 1312 Hoc
1465 1266 1568 1325 est,
1611 1257 1680 1312 de
1729 1255 1985 1322 externis,

382 1349 450 1404 de
476 1349 689 1421 generis
716 1348 1028 1421 splendore,
1071 1347 1139 1404 de
1183 1347 1624 1413 circumcisione,
1656 1346 1723 1402 de
1761 1344 1984 1417 majori-

382 1439 484 1494 bus
522 1438 789 1494 Hebraais.
842 1439 966 1493 Hoc
1006 1437 1158 1494 enim
1205 1445 1288 1493 est
1325 1436 1476 1509 quod
1523 1453 1641 1492 non
1682 1435 1989 1491 secundum

380 1526 691 1582 Dominum
722 1526 983 1598 loquitur,
1015 1540 1143 1580 cum
1191 1524 1263 1580 ob
1296 1524 1610 1595 huiusmodi
1651 1523 1916 1595 gloriatur
1973 1541 1986 1576 :

381 1637 503 1694 qua:
531 1621 678 1677 enim
724 1621 929 1677 utilitas
962 1620 1262 1676 Hebraeum
1299 1621 1449 1675 esse?
1502 1620 1629 1674 Non
1668 1617 1835 1687 igitur
1871 1622 1990 1668 tan-

2100 625 2387 706 ἀφροσύνῃ.
2433 647 2463 681 ›)
2500 621 2682 682 Ἔοικε
2722 622 2823 700 γὰρ
2876 619 3146 701 ἀφροσύνῃ
3192 624 3226 690 ἡ
3265 617 3528 699 καύχησίς
3561 641 3694 693 μου,

2097 715 2338 775 οὐκέστι
2386 714 2438 773 δὲ
2489 716 2718 784 ἀληθῶς.
2768 711 2884 772 Ἵνα
2931 712 2987 768 δὲ
3022 709 3096 786 μὴ
3147 709 3390 787 νομίσῃς,
3430 711 3512 765 ὅτι
3549 731 3694 764 πανη

2097 811 2262 886 ταχοῦ
2288 808 2339 862 ἐν
2373 803 2640 884 ἀφροσύνῃ
2671 805 2855 872 λαλεῖ,
2888 799 2979 858 καὶ
3002 801 3060 857 οὖ
3083 799 3220 858 κατὰ
3250 797 3472 877 Κύριον,
3517 795 3695 877 φησὶν,

2097 897 2178 955 ὅτι
2212 895 2304 955 Ἐν
2335 896 2505 975 τούτῳ
2535 897 2608 973 τῷ
2637 891 2784 972 μέρει
2818 894 2911 961 τῆς
2941 889 3288 969 καυχήσεως,
3311 890 3406 948 οὐκ
3432 892 3483 948 ἐν
3515 889 3694 954 ἄλλοις

2097 984 2256 1046 τισίν.

2183 1191 2213 1224 (ί
2251 1169 2408 1230 Ἐπεὶ
2439 1169 2627 1229 πολλοὶ
2657 1171 2965 1250 καυχῶνται
2994 1165 3132 1226 κατὰ
3171 1165 3268 1238 τὴν
3304 1164 3477 1243 σάρκα
3497 1208 3512 1236 ,
3543 1161 3696 1240 κάγὼ

2101 1260 2473 1336 καυχήσομαι.
2531 1286 2555 1312 υ
2613 1259 2932 1329 Τουτέστιν,
2989 1258 3095 1314 ἀπὸ
3155 1259 3258 1313 τῶν
3316 1253 3536 1326 ἔξωθεν,
3589 1250 3696 1309 ἀπὸ

2101 1348 2390 1427 εὐγενείας,
2446 1349 2554 1407 ἀπὸ
2602 1355 2692 1408 τοῦ
2743 1347 3035 1426 περιτομὴν
3073 1346 3245 1426 ἔχειν,
3288 1343 3381 1402 καὶ
3411 1341 3697 1420 προγόνους

2099 1437 2399 1518 Ἑϐραίους.
2427 1441 2602 1498 Τοῦτο
2627 1439 2728 1516 γάρ
2759 1441 2898 1496 ἐστιν
2923 1481 2938 1507 ,
2972 1435 3102 1513 ὅπερ
3131 1464 3155 1488 «
3189 1436 3248 1493 οὗ
3277 1431 3415 1492 κατὰ
3445 1434 3638 1509 Κύριον
3674 1459 3696 1480 υ

2100 1528 2287 1597 λαλεῖ,
2341 1529 2401 1586 τὸ
2442 1534 2746 1606 καυχᾶσθαι
2797 1528 2881 1584 ἐπὶ
2929 1525 3218 1591 τοιούτοιςο
3275 1523 3326 1581 τί
3375 1522 3479 1601 γὰρ
3513 1522 3698 1600 ὄφελος

2099 1614 2371 1694 Ἑϐραίων
2433 1609 2605 1695 εἶναις
2665 1619 2748 1675 Οὐ
2805 1614 2978 1674 τοίνυν
3048 1617 3118 1681 ὡς
3175 1610 3366 1694 ἀρετὴν
3398 1619 3566 1671 ταῦτα
3608 1611 3694 1668 τί·

384 1727 557 1784 quam
599 1711 855 1765 virtutem
913 1711 1032 1766 haec
1081 1724 1255 1780 pono,
1307 1723 1504 1762 verum
1548 1706 1829 1762 enimvero
1858 1703 1988 1776 quia

2103 1710 2259 1780 θημι,
2288 1706 2407 1764 ἀλλ’
2439 1706 2621 1776 ἐπειδή
2672 1707 2895 1776 ἐκεῖνοι,
2933 1703 3062 1784 φησὶ
3085 1749 3102 1776 ,
3149 1705 3458 1782 καυχῶνται
3492 1703 3542 1758 ἐν
3571 1699 3696 1758 τού-

383 1801 449 1855 illi
491 1801 548 1856 in
588 1800 904 1870 hujusmodi
933 1815 990 1856 se
1020 1801 1249 1872 iactant,
1294 1797 1422 1852 inde
1465 1805 1522 1852 et
1563 1811 1664 1868 ego
1695 1808 1988 1866 compara-

387 1891 595 1946 tionem
627 1888 808 1945 facere
835 1906 1026 1960 cogor.

455 1978 620 2050 305
636 1982 816 2035 Vens.
838 1985 920 2034 19.
947 2003 972 2028 ‹ι
993 1978 1253 2034 Libenter
1272 1978 1423 2034 enim
1439 1974 1719 2032 sustinetis
1741 1972 1992 2044 insipien-

379 2077 462 2124 tes
489 2084 617 2124 cum
639 2068 757 2124 sitis
786 2069 891 2140 ipsi
908 2069 1196 2138 sapientes.
1231 2091 1256 2115 ι»
1288 2069 1422 2134 Vos,
1454 2064 1651 2135 inquit,
1683 2062 1879 2135 cogitis
1903 2075 1992 2116 me

375 2159 503 2214 talia
545 2158 724 2214 dicere
775 2175 788 2210 :
839 2158 941 2212 nisi
997 2157 1144 2211 enim
1199 2165 1254 2211 et
1292 2172 1390 2211 vos
1435 2152 1816 2224 suscepissetis
1845 2151 1987 2218 illos,

378 2255 432 2302 et
491 2262 554 2302 ex
597 2246 702 2302 hoc
753 2246 998 2302 viderem
1056 2262 1151 2300 vos
1198 2245 1346 2309 laedi,
1409 2245 1517 2299 huc
1559 2258 1659 2313 ego
1705 2256 1840 2296 sane
1879 2255 1990 2296 nou

378 2351 559 2392 essem
606 2351 948 2408 progressus.
1005 2335 1333 2406 Insipieutes
1379 2343 1562 2390 autem
1625 2339 1785 2386 vocat
1873 2346 1986 2396 eos,

378 2427 472 2498 qui
519 2435 742 2497 propter
773 2425 1006 2480 carnalia
1056 2425 1372 2497 gloriantur.
1429 2424 1486 2480 Si
1513 2421 1660 2478 enim
1703 2420 1772 2476 de
1821 2420 1985 2491 spiri-

378 2515 620 2571 tualibus
666 2514 912 2587 gloriari,
945 2515 1193 2570 stultitiae
1243 2514 1464 2586 signum
1509 2523 1760 2586 :quanto
1793 2510 1987 2583 magis,

377 2604 447 2659 de
486 2605 650 2660 rebus
691 2619 812 2675 quae
855 2604 1086 2660 omnino
1116 2620 1226 2659 non
1253 2607 1425 2659 sunt?
1468 2603 1632 2673 Quod
1664 2613 1849 2660 autem
1891 2603 1984 2670 ait,

382 2717 407 2742 ι
435 2693 759 2764 Insipientes
787 2709 916 2749 cum
955 2693 1096 2762 sitis,
1126 2717 1152 2741 α
1195 2693 1512 2765 jucundum
1569 2709 1700 2748 sane
1747 2693 1982 2760 videtur,

377 2790 760 2838 verumtamen
788 2784 1194 2840 accusationem
1216 2782 1684 2838 vehementiorem
1702 2782 1982 2838 continet:

378 2871 653 2940 Quoniam
670 2871 932 2940 scientes,
962 2872 1165 2943 inquit,
1194 2871 1450 2943 peccatis.
1477 2874 1625 2927 Nam
1653 2871 1697 2926 si
1725 2871 1988 2942 insipien-

376 2969 459 3015 tes
483 2963 690 3028 essetis,
715 2963 872 3016 venia
901 2963 1063 3018 eratis
1101 2961 1275 3034 digni.

449 3052 626 3106 Vnus.
658 3057 757 3107 20.
797 3070 826 3104 ι(
855 3052 1151 3107 Sustinetis
1181 3051 1328 3106 enim
1361 3051 1409 3106 si
1439 3049 1560 3122 quis
1584 3067 1682 3105 vos
1711 3052 1766 3106 in
1803 3051 1983 3107 servi-
2019 3078 2064 3142 ρ

377 3146 552 3194 tutem
594 3139 808 3212 redigit.
853 3163 878 3188 η
911 3141 1153 3196 Observa
1179 3150 1442 3210 quantam
1487 3141 1848 3197 servilitatem
1884 3143 1989 3197 Co-

377 3227 714 3283 rinthiorum
753 3235 991 3295 accuset,
1027 3237 1084 3282 et
1120 3227 1269 3299 quod
1298 3243 1461 3298 supra
1494 3227 1727 3283 modum
1763 3226 1991 3300 pseuda-

380 3317 612 3388 postolis
636 3333 694 3372 se
719 3315 1117 3373 submiserant.

458 3427 487 3459 ιι
512 3408 565 3463 Si
615 3407 737 3479 quis
773 3407 1023 3476 devorat,
1055 3409 1098 3464 si
1150 3409 1274 3479 quis
1304 3408 1528 3478 accipit.
1564 3431 1590 3456 ν
1627 3407 1817 3464 Viden’
1848 3407 1994 3480 quod

327 3557 337 3566 ,
383 3494 588 3549 indicet
639 3511 733 3550 eos
771 3495 1040 3566 accipere,
1098 3495 1260 3566 idque
1289 3511 1420 3550 cum
1445 3495 1788 3568 hyperbole?
1829 3499 1993 3564 Nam,

381 3607 405 3631 ‹‹
456 3587 716 3650 Devorat,
750 3606 776 3632 »
831 3584 936 3639 hoc
979 3583 1292 3657 signiﬁcat.
1330 3587 1526 3656 Itaque
1561 3592 1616 3640 et
1644 3585 1791 3656 quod
1828 3601 1994 3657 supra

378 3671 532 3741 dixit,
581 3695 607 3720 α
653 3675 734 3729 Ut
763 3673 816 3727 in
847 3689 959 3745 quo
1005 3674 1342 3745 gloriantur,
1405 3697 1430 3722 υ
1472 3673 1610 3729 bene
1649 3674 1808 3730 dixit.
1863 3675 1994 3730 Glo-

377 3762 676 3817 riationem
734 3762 885 3817 enim
924 3763 1124 3831 solam,
1176 3779 1289 3818 non
1347 3763 1637 3818 veritatem
1697 3762 1994 3831 habebant,

376 3851 696 3906 simulantes
741 3866 798 3906 se
846 3867 961 3906 non
991 3852 1262 3923 accipere.

448 3964 473 3987 α
518 3941 574 3996 Si
604 3941 729 4012 quis
757 3941 1058 3996 extollitur.
1105 3963 1130 3988 ν
1163 3943 1287 3996 Hoc
1318 3950 1420 4004 est,
1453 3939 1498 3996 si
1531 3941 1652 4012 quis
1677 3941 1730 3996 in
1755 3951 1994 4013 potesta-

375 4037 492 4084 tem
546 4045 704 4084 suam
755 4045 852 4085 vos
895 4029 1122 4100 redigit,
1177 4038 1230 4083 et
1283 4037 1482 4085 contra
1544 4045 1641 4086 vos
1703 4031 1995 4094 attollitur.

376 4121 564 4190 Neque
613 4119 761 4174 enim
832 4119 998 4174 mites
1048 4118 1263 4174 domini
1315 4127 1466 4183 sunt,
1519 4119 1616 4176 sed
1669 4122 1894 4176 onerosi
1943 4137 2001 4184 et

380 4207 624 4261 molesti.

452 4317 478 4342 α
518 4294 571 4351 Si
602 4294 724 4366 quis
743 4310 842 4350 vos
873 4295 928 4350 in
959 4295 1159 4352 faciem
1205 4296 1392 4364 caedit,
1416 4297 1574 4371 juxta
1604 4299 1999 4356 contumeliam

377 4385 595 4456 loquor.
624 4403 650 4436 »
684 4383 874 4438 Vidisti
913 4384 1186 4441 intensam
1214 4396 1268 4442 et
1298 4387 1683 4443 vehementem
1723 4389 1983 4460 injuriam

375 4482 536 4544 atque
581 4473 960 4544 arrogantiam
991 4493 1004 4530 :
1048 4476 1180 4546 ipsis
1209 4477 1359 4531 enim
1397 4486 1660 4548 tanquam
1693 4477 1985 4547 mancipiis

375 4563 684 4617 utebantur.
734 4566 870 4619 Haec
916 4573 1107 4619 autem
1173 4563 1327 4633 dicit,
1358 4583 1471 4621 non
1505 4566 1654 4637 quod
1698 4566 1751 4621 in
1784 4565 1982 4621 faciem

377 4651 822 4719 verberarentur,
883 4668 1071 4707 verum
1109 4653 1254 4724 quod
1286 4671 1397 4709 non
1425 4655 1641 4709 minora
1667 4662 1984 4724 paterentur

2101 1817 2240 1868 τοις,
2302 1795 2451 1873 κάγὼ
2527 1795 2624 1867 τὴν
2702 1795 2977 1872 σύγκρισιν
3041 1793 3410 1871 ἀναγκάζομαι
3464 1793 3696 1849 ἐντεῦθεν

2102 1891 2385 1948 ποιεῖσθαι.

2183 2002 2206 2026 α
2243 1973 2448 2041 Ἡδέως
2502 1974 2604 2054 γὰρ
2651 1973 2899 2054 ἀνέχεσθε
2946 1978 3050 2031 τῶν
3111 1972 3392 2053 ἀφρόνων,
3451 1971 3698 2051 φρόνιμοι

2100 2063 2258 2132 ὄντες.
2323 2088 2353 2122 ))
2391 2063 2618 2140 Ἱ’μεῖς,
2674 2063 2868 2143 φησὶν,
2937 2061 3263 2140 ἀναγκάζετέ
3338 2085 3404 2138 με
3473 2065 3700 2118 τοιαῦτα

2099 2153 2302 2230 λέγειν·
2343 2155 2494 2229 εἰμὴ
2528 2153 2630 2234 γὰρ
2680 2153 2770 2211 καὶ
2825 2156 2977 2228 ὑμεῖς
3016 2153 3259 2231 ἐδέχεσθε
3309 2150 3562 2222 ἐκείνους,
3609 2150 3700 2208 καὶ

2100 2245 2159 2301 ἐκ
2185 2244 2372 2302 τούτου
2420 2243 2598 2322 ἑώρων
2654 2241 3207 2321 παραϐλαπτομένους
3259 2245 3425 2317 ὑμᾶς,
3485 2241 3582 2298 οὐκ
3635 2238 3699 2297 ἂν

2098 2331 2217 2390 οὐδὲ
2264 2332 2369 2410 ἐγὼ
2416 2333 2500 2390 ἐπὶ
2553 2338 2707 2390 τοῦτο
2737 2325 2918 2402 ἦλθον.
2981 2331 3242 2411 Ἀφρονας
3286 2329 3340 2388 δὲ
3389 2330 3544 2388 καλεῖ
3580 2327 3701 2396 τοὺς

2099 2418 2186 2479 ἐπὶ
2238 2430 2348 2488 τοῖς
2393 2430 2666 2501 σαρκικοῖς
2697 2420 3202 2500 καυχωμένους.ςΕἷ
3233 2421 3336 2500 γὰρ
3387 2419 3478 2479 καὶ
3521 2417 3580 2476 τὸ
3613 2418 3701 2476 ἐπὶ

2097 2520 2474 2587 πνευματικοῖς
2524 2515 2852 2590 καυχᾶσθαι,
2907 2510 3144 2588 μωρίας’
3197 2509 3348 2592 πόσῳ
3405 2510 3609 2585 μᾶλλον
3640 2507 3698 2566 τὸ

2098 2600 2185 2656 ἐπὶ
2221 2609 2328 2666 τοῖς
2371 2603 2444 2678 μὴ
2485 2591 2631 2659 οἷσιν
2666 2599 2831 2670 δλως;
2877 2600 2956 2658 Τὸ
2986 2598 3074 2675 δὲ,
3121 2620 3149 2655 ‹(
3179 2591 3447 2676 Φρόνιμοι
3477 2596 3640 2670 ὄντες,
3675 2624 3698 2648 υ

2096 2689 2240 2747 δοκεῖ
2267 2689 2362 2766 μὲν
2406 2689 2594 2768 ἱλαρὸν
2637 2679 2805 2760 εἶναι,
2859 2691 2998 2760 πλὴν
3051 2689 3252 2764 μᾶλλον
3306 2687 3550 2746 ἐπίτασιν
3589 2687 3702 2764 ἔχει

2096 2778 2436 2858 κατηγορίας,
2483 2777 2565 2836 ὅτι
2607 2777 2703 2838 Ἰζν
2741 2778 2960 2855 γνώσει,
3015 2777 3204 2858 φησὶν,
3235 2777 3598 2856 ἁμαρτάνετε.
3633 2778 3699 2837 Εἰ

2095 2866 2197 2948 γὰρ
2227 2868 2440 2941 ἀνόητοι
2469 2859 2564 2940 ἦτε
2586 2911 2603 2944 ,
2629 2867 2946 2946 συγγνώμης
2974 2865 3038 2926 ἂν
3069 2858 3164 2940 ἦτε
3194 2866 3348 2935 ἄξιοι.

2174 3075 2198 3099 σι
2232 3046 2506 3127 Ἀνέχεσθε
2560 3045 2701 3124 γὰρ,
2747 3045 2870 3112 εἴτις
2921 3049 3058 3122 ὑμᾶς
3101 3047 3441 3106 καταδουλοῖ.
3497 3073 3521 3099 υ
3553 3045 3702 3127 Ὅρα

2096 3135 2269 3208 πόσην
2303 3136 2716 3215 δουλοπρέπειαν
2746 3145 3034 3215 κατηγορεῖ
3092 3140 3196 3194 τῶν
3233 3136 3522 3216 Κορινθίων
3544 3183 3560 3211 ,
3608 3137 3700 3196 καὶ

2099 3230 2168 3294 ὥς
2221 3226 2335 3304 μεθ’
2395 3225 2692 3306 ὑπερϐολῆς
2753 3227 3100 3285 ὓπεκέκλιντο
3155 3230 3262 3293 τοῖς
3332 3227 3695 3307 ψευδαποστόο

2101 3319 2227 3384 λοις.
3262 3387 3269 3392 .

2193 3428 2222 3463 ι(
2271 3405 2418 3474 Εἴτις
2459 3405 2756 3475 κατεσθίει,
2821 3404 2947 3472 εἴτις
2989 3405 3274 3482 λαμϐάνει.
3322 3430 3352 3461 δ)
3402 3406 3562 3485 Ὁρᾷς
3623 3405 3702 3465 ὅτι

2105 3495 2362 3555 δείκνυσιν
2403 3494 2594 3562 αὐτοὺς
2641 3494 3042 3570 λαμϐάνοντας,
3080 3496 3171 3554 καὶ
3225 3495 3339 3569 μεθ’
3370 3497 3698 3575 ὑπερϐολῆςς

2103 3587 2186 3646 Τὸ
2211 3585 2336 3664 γὰρ,
2378 3609 2408 3639 α
2446 3586 2745 3658 Κατεσθίει,
2769 3610 2800 3640 ι)
2835 3590 2992 3644 τοῦτο
3024 3587 3197 3656 δηλοῖ.
3230 3582 3401 3644 σΩστε
3441 3587 3531 3644 καὶ
3571 3585 3700 3665 ὅπερ

2105 3676 2353 3753 ἀνωτέρω
2378 3677 2574 3753 ἔλεγεν,
2599 3704 2622 3726 σι
2649 3672 2774 3734 Ἵνα
2797 3675 2850 3730 ἐν
2881 3665 2925 3755 ᾧ
2955 3677 3323 3753 καυχῶνται,ι)
3351 3677 3527 3741 καλῶς
3557 3666 3695 3736 εἷπε.

2110 3763 2385 3843 Καύχημα
2435 3764 2589 3840 μόνον
2639 3763 2775 3841 γὰρ,
2807 3765 2902 3821 οὐκ
2955 3765 3202 3834 ἀλήθειαν
3256 3755 3429 3844 εἶχον,
3482 3768 3700 3844 ὑποκρι-

2104 3853 2314 3931 νόμενοι
2341 3853 2414 3927 μὴ
2452 3852 2773 3928 λαμϐάνειν.

2193 3965 2220 4000 α
2264 3942 2412 4010 Εἴτις
2453 3941 2749 4022 ἐπαίρεται.
2815 3969 2840 3993 ν
2897 3941 3220 4016 Τουτέστιν,
3277 3943 3402 4010 εἴτις
3453 3943 3702 4012 κατεξου-

2107 4031 2277 4100 σιάζει
2320 4034 2490 4108 ὑμῶν,
2548 4030 2638 4088 καὶ
2688 4031 3095 4109 κατεπαίρεται’
3148 4033 3401 4112 οὐδὲγὰρ
3431 4033 3622 4114 ἥμεροι
3651 4036 3699 4092 οἷ

2107 4120 2387 4192 δεσπόται,
2419 4117 2558 4177 ἀλλὰ
2593 4119 2830 4200 φορτικοὶ
2861 4121 2952 4178 καὶ
2982 4125 3251 4201 ἐπαχθεῖς.
3389 4115 3392 4118 ’

2192 4314 2218 4347 (ι
2263 4288 2406 4355 Εἴτις
2463 4293 2601 4368 ὑμᾶς
2633 4291 2703 4356 εἷς
2761 4290 3044 4370 πρόσωπον
3088 4291 3251 4368 δέρει,
3303 4291 3442 4352 κατὰ
3484 4293 3701 4369 ἀτιμίαν

2095 4379 2253 4455 λέγω.
2308 4403 2337 4434 τ)
2388 4369 2539 4445 Εἶδες
2579 4379 2821 4438 ἐπίτασιν
2884 4380 3171 4454 ἀτιμίαςθθ
3213 4379 3305 4439 καὶ
3351 4380 3584 4461 ὕϐρεωςς
3635 4387 3705 4448 ὡς

2095 4467 2442 4548 ἀνδραπόδοις
2497 4468 2600 4549 γὰρ
2668 4471 2845 4536 αὐτοῖς
2897 4473 3149 4549 ἐχρῶντο.
3205 4473 3393 4529 Ταῦτα
3436 4472 3490 4529 δὲ
3531 4472 3695 4549 λέγει,

2094 4559 2194 4639 οὐχ
2239 4561 2319 4616 ὅτι
2345 4561 2417 4624 εἷς
2447 4558 2568 4638 ὄψιν
2603 4557 2890 4618 ἐτύπτοντο
2913 4605 2928 4632 ,
2976 4561 3096 4618 ἀλλ’
3131 4558 3211 4617 ὅτι
3241 4563 3344 4617 τῶν
3407 4563 3478 4626 εἷς
3533 4561 3702 4640 πρόσ-

2095 4671 2237 4706 ωπον
2267 4648 2611 4723 τυπτομένων
2645 4649 2741 4705 οὐκ
2768 4648 2988 4708 ἔλαττον
3011 4648 3056 4684 ⁸⁶
3092 4649 3325 4728 ἔπασχον
3349 4675 3360 4687 ·
3393 4649 3522 4729 πρὸς
3555 4650 3702 4727 ὕϐριν

377 4739 445 4794 iis
485 4741 576 4811 qui
608 4741 666 4794 in
705 4739 898 4796 faciem
945 4741 1254 4798 ferirentur.
1284 4743 1373 4799 Ad
1400 4743 1796 4817 contumeliam
1839 4742 1982 4798 enim

2098 4737 2196 4813 γὰρ
2223 4740 2390 4795 αὐτῶν
2423 4729 2538 4795 εἶπε
2570 4737 2651 4773 8”
2681 4743 2855 4796 τοῦτο.
2911 4739 3022 4797 Καὶ
3061 4739 3164 4818 γὰρ
3207 4739 3260 4808 τί
3293 4741 3479 4797 τούτου
3510 4738 3700 4817 γένοιτ’

375 4844 570 4884 eorum
623 4829 728 4884 hoc
783 4829 937 4885 dixit.
983 4832 1206 4886 Etenim
1252 4832 1382 4904 quid
1427 4832 1535 4887 hoc
1595 4833 1810 4904 turpius
1869 4847 1987 4888 esse

375 4926 556 4989 queat,
583 4917 806 4990 quando
839 4927 894 4973 et
926 4921 1183 4991 pecunias
1224 4937 1424 4992 resque
1464 4921 1705 4986 illorum,
1737 4931 1793 4978 et
1819 4922 1986 4977 liber—

374 5014 565 5075 tatem,
609 5015 663 5062 et
722 5007 988 5064 honorem
1052 5007 1381 5077 auferentes,
1476 5018 1738 5083 tanquam
1804 5028 1987 5067 servos

378 5095 503 5151 illos
526 5098 926 5154 tractaverint?

447 5188 625 5242 Vnus.
679 5195 770 5242 2t.
827 5210 853 5236 α
906 5190 1194 5259 Tanquam
1231 5205 1336 5245 nos
1378 5189 1583 5244 inﬁrmi
1626 5190 1911 5246 fuerimus.
1961 5216 1986 5240 ι»

375 5275 544 5347 Cujus
589 5276 668 5331 rei
715 5277 912 5348 gratia,
969 5276 1169 5349 inquit,
1251 5279 1397 5351 ipsos
1461 5279 1782 5335 sustinetis?
1837 5283 1985 5336 Num

374 5365 501 5435 quia
530 5381 632 5420 nos
661 5366 867 5422 inﬁrmi
897 5382 1111 5433 sumus,
1141 5383 1243 5424 nec
1268 5385 1562 5441 possumus
1597 5369 1790 5426 eodem
1817 5369 1985 5426 modo

376 5453 663 5510 vobiscum
709 5460 906 5527 agere?
952 5458 1075 5514 Non
1119 5457 1191 5513 ita
1228 5473 1285 5514 se
1322 5473 1410 5514 res
1450 5457 1634 5514 habet.
1669 5461 1786 5515 Nos
1814 5459 1983 5527 enim,

2099 4826 2161 4882 ἂν
2189 4827 2532 4906 αἰσχρότερον
2553 4872 2568 4897 ,
2616 4825 2739 4884 ὅταν
2773 4827 2862 4885 καὶ
2905 4829 2970 4885 τὰ
2999 4829 3259 4906 χρήματα
3295 4832 3468 4887 αὐτῶν
3499 4828 3576 4896 ⁸³,
3611 4833 3702 4887 καὶ

2096 4915 2194 4985 τὴν
2255 4915 2585 4993 ἐλευθερίαν,
2639 4915 2729 4972 καὶ
2784 4915 2879 4985 τὴν
2910 4917 3069 4993 τιμὴν
3109 4916 3453 4997 ἀφελόμενοι,
3484 4921 3554 4985 ὡς
3585 4918 3700 4976 δού-

2095 5006 2203 5072 λοις
2236 5007 2412 5071 αὐτοῖς
2435 5006 2487 5044 ⁸³
2514 5005 2839 5085 κέχρηνταις

2190 5205 2216 5240 (ι
2242 5183 2339 5249 Ὡς
2367 5183 2447 5242 ὅτι
2479 5188 2632 5258 ἡμεῖς
2679 5184 3073 5263 ἤσθενήσαμεν.
3127 5212 3150 5238 υ
3187 5186 3344 5254 Τίνος
3371 5187 3424 5247 δὲ
3479 5187 3653 5246 ἕνεκεν
3682 5235 3694 5258 ,

2095 5273 2275 5353 φησὶν,
2303 5277 2474 5332 αὐτῶν
2508 5272 2796 5352 ἀνέχεσθε;
2851 5273 2950 5341 Ὡς
2993 5274 3054 5333 ἂν
3109 5279 3262 5351 ἡμῶν
3297 5277 3654 5336 ἀσθενούντων
3682 5327 3693 5346 ,

2095 5363 2184 5420 καὶ
2234 5361 2309 5439 μὴ
2363 5362 2667 5438 δυναμένων
2713 5362 2852 5422 οὕτω
2899 5370 3196 5444 κεχρῆσθαι
3249 5369 3412 5442 ὑμῖν;
3450 5365 3579 5446 ὅπερ
3605 5368 3698 5425 οὐκ

2095 5450 2224 5511 ἔστι.
2282 5451 2389 5511 Καὶ
2433 5458 2587 5527 ἡμεῖς
2654 5451 2757 5531 γὰρ
2833 5453 3098 5530 δυνάμεθα
3150 5454 3317 5522 οὕτως
3380 5454 3700 5536 ὑϐριστικῶς

1771 5593 1960 5653 Variae
2006 5595 2307 5654 lectiones.

449 5702 492 5735 ⁸ο
511 5701 745 5765 ἀπονοίας
771 5721 826 5762 o.
904 5707 942 5739 ⁸¹
969 5707 1214 5761 ἐλάττονα
1233 5709 1450 5780 πάσχετε
1480 5727 1533 5766 0.

1614 5710 1656 5743 ³¹
1687 5711 1709 5737 *
1743 5709 1880 5781 ὓμῶν
1913 5710 2058 5764 εἶπον
2085 5728 2138 5767 0.

2218 5710 2261 5744 δ’
2291 5710 2432 5781 ὓμῶν
2459 5727 2516 5767 o.
2597 5710 2642 5745 ει
2666 5711 2785 5783 {ip-av
2812 5728 2865 5767 ο.
