4134 6412
387 419 487 472 921

1240 413 1594 471 EXPOSlTlO
1635 415 1701 469 IN
1743 412 1952 468 EPIST.
1996 413 2040 468 Π
2078 414 2170 468 ΑΙ)
2209 413 2368 470 COR.
2410 445 2478 455 -—
2518 415 2668 470 CAP.
2711 417 2795 471 XI.

3584 422 3689 476 922

382 544 507 620 ὖμῖν
581 542 990 622 ἐμπεριπατεῖν
1066 538 1185 600 ἀλλ’
1239 541 1297 601 οὐ
1369 538 1665 620 βουλόμεθα
1733 538 2002 606 πάντως..

2090 540 2286 613 inquit,
2315 555 2612 611 possumus
2658 540 2795 596 adeo
2840 541 3238 598 contumeliose
3277 559 3376 600 vos
3409 544 3688 615 invadere,

384 634 578 693 Πᾶσαν
629 621 719 690 οῦν
775 629 872 702 τὴν
928 628 1101 688 αἰτίαν
1161 633 1256 701 τῆς
1311 630 1522 689 ἐκείνων
1583 629 1869 706 ἀπονοίας,
1918 635 1984 709 τῇ

384 719 579 780 τούτων
633 719 1020 800 δουλοπρεπείᾳ
1067 719 1398 792 ἀνατίθησιν.
1465 717 1656 795 ⁶Υμεῖς
1699 717 1804 800 γὰρ
1866 721 1983 778 δου-

385 809 672 890 λικώτερον
702 809 751 848 ⁸⁴
786 812 962 877 αὐτοῖς
1011 809 1443 889 ὓποκλινόμενοι,
1498 811 1591 868 καὶ
1631 809 1845 874 ἐκείνοις
1889 815 1985 881 τῆς

384 898 586 977 ὕϐρεως
619 897 778 960 αἴτιοί
805 901 957 974 ἐστε,
1014 897 1105 958 καὶ
1147 904 1278 976 ἡμῖν
1325 901 1430 958 τῶν
1472 899 1752 979 παρόντων
1791 898 1982 977 λόγων.

472 1101 503 1138 α
522 1077 620 1140 Ἐν
649 1068 695 1160 ᾧ
729 1080 776 1137 δ’
803 1078 867 1137 ἄν
893 1101 970 1146 τις
994 1079 1168 1160 τολμᾷ
1195 1078 1282 1158 (ἐν
1307 1075 1575 1159 ἀφροσύνῃ
1600 1076 1774 1157 λέγω)
1801 1079 1984 1155 τολμῶ

382 1167 554 1247 κάγώ.
590 1193 616 1220 ι
643 1167 792 1247 Ὅρα
821 1167 984 1227 πάλιν
1015 1168 1171 1228 αὐτὸν
1215 1166 1421 1244 τόλμαν
1468 1166 1560 1227 καὶ
1593 1167 1894 1250 ἀφροσύνην
1924 1167 1984 1226 τὸ

379 1267 605 1338 πρᾶγμα
652 1259 946 1331 καλοῦντα,
991 1257 1084 1316 xui
1117 1256 1398 1337 μονονουχὶ
1433 1255 1654 1334 λέγοντα
1675 1303 1694 1329 ,
1745 1257 1850 1338 Βία
1896 1257 1983 1316 ἐπὶ

380 1352 536 1408 τοῦτο
563 1346 811 1428 ἔρχομαι.
880 1345 1073 1407 Καίτοι
1101 1345 1274 1414 πόσας
1303 1345 1711 1426 προδιορθώσεις
1739 1370 1978 1425 προκατ-

381 1435 665 1510 εϐάλλετο,
710 1436 804 1496 xui
841 1436 1008 1503 ἄλλας
1059 1435 1162 1516 πρὸ
1208 1433 1443 1510 τούτων;
1495 1439 1683 1497 Ταῦτα
1739 1434 1794 1495 δὲ
1843 1443 1984 1496 ποιεῖ

381 1526 648 1585 παιδεύων
680 1527 770 1584 καὶ
809 1529 988 1602 ἡμᾶς,
1039 1526 1278 1607 ἀνάγκης
1304 1525 1465 1607 χωρὶς
1509 1523 1585 1602 μὴ
1632 1524 1883 1606 ἔρχεσθαι
1913 1528 1985 1592 εἷς

382 1614 646 1682 τοιούτους
674 1614 877 1694 λόγους.
902 1613 1086 1686 Φησὶν
1112 1606 1224 1688 οὖν,
1249 1606 1483 1676 ὅτιαἚν
1510 1607 1552 1694 ᾧ
1576 1614 1637 1674 ἂν
1655 1642 1679 1667 ι»
1706 1615 1986 1694 πράγματι

383 1731 406 1756 α
437 1707 613 1786 τολμᾷ
638 1729 717 1771 τις
746 1709 1051 1784 καυχᾶσθαι
1073 1749 1089 1778 ,
1122 1733 1145 1757 α
1173 1706 1357 1786 τολμῶ
1385 1703 1536 1782 κάγώ
1558 1727 1571 1741 ·
1606 1732 1629 1757 ιο
1659 1710 1835 1764 ταῦτα
1881 1703 1985 1786 γᾲρ

381 1791 567 1862 ἔξωθεν
592 1783 1096 1857 *συνυπακουστέοιη
1146 1783 1286 1856 Εἶτα
1336 1793 1621 1871 καταλέγει
1667 1792 1737 1853 τὰ
1783 1795 1866 1874 ἐφ’
1896 1783 1985 1861 οῖς

381 1887 712 1964 καυχῶνται.

463 2088 488 2116 κ
526 2059 774 2142 Ἐϐραῖοί
816 2063 947 2138 aiat;
997 2060 1146 2142 κάγώ
1178 2087 1192 2100 ·
1220 2061 1559 2143 Ἰσραηλῖταί
1598 2063 1736 2134 sict;
1783 2061 1932 2139 κάγώ
1964 2087 1977 2100 ⁸

383 2150 615 2232 Σπέρμα
663 2149 913 2230 Ἀϐραάμ
961 2153 1096 2226 sict;
1155 2150 1329 2232 κάγώ.
1365 2177 1390 2204 υ
1421 2151 1662 2226 ξἘπειδὴ
1695 2152 1753 2209 οὗ
1784 2151 1979 2221 πάντες

381 2243 429 2300 οἱ
452 2231 701 2320 Ἑϐραῖοι
730 2241 1066 2320 Ἰσραηλῖται
1105 2231 1247 2314 ἦσαν
1265 2265 1278 2278 ·
1303 2241 1392 2301 καὶ
1421 2239 1526 2320 γὰρ
1567 2240 1857 2302 Μωαϐῖται
1887 2242 1980 2301 xui

381 2327 704 2408 Ἀμμανῖται
777 2328 896 2406 ἅμα
953 2328 1241 2410 ⁸Ε6ραίους
1307 2329 1522 2398 ἑαυτοὺς
1582 2330 1791 2390 ἐποίουν
1824 2348 1840 2364 ⁸
1892 2329 1979 2390 διὰ

381 2425 536 2479 τοῦτο
565 2419 894 2500 ἐκκαθαίρων
935 2418 1033 2492 τὴν
1061 2420 1326 2500 εὐγένειαν
1352 2419 1428 2493 ⁸⁵,
1457 2419 1726 2500 ἐπήγαγε·
1753 2447 1779 2472 ⁸
1805 2419 1981 2502 Σπέρ·

383 2533 462 2588 μα
494 2507 740 2588 Ἀϐραάμ
770 2511 912 2583 eiut;
945 2509 1096 2587 κάγώ
1126 2527 1142 2545 ⁶
1170 2538 1196 2563 ιι
1240 2510 1328 2568 τὸν
1361 2507 1555 2570 Ἰσαὰκ
1589 2510 1790 2581 δηλῶν.

489 2627 514 2652 α
570 2599 818 2660 Διάκονοι
866 2601 1101 2680 Χριστοῦ
1157 2601 1260 2659 εἰσι
1313 2599 1710 2681 (παραφρονῶν
1761 2600 1977 2679 λαλῶ);

383 2688 515 2770 ὖπὲρ
545 2689 671 2769 ἐγώ.
709 2713 734 2742 ι
765 2689 920 2750 Φασί
953 2711 1126 2762 τινες,
1158 2689 1240 2749 ὅτι
1281 2691 1377 2748 οὖκ
1403 2688 1508 2748 ἔδει
1539 2687 1678 2746 κατὰ
1703 2688 1979 2768 σύγκρισιν

383 2777 668 2854 ἐξενεγκεῖν
709 2778 799 2838 τὸν
829 2777 987 2857 λόγον
1010 2821 1027 2848 ,
1076 2777 1216 2838 ἀλλὰ
1260 2777 1606 2837 παντάπασιν
1642 2777 1980 2858 ἀρνήσασθαι

381 2869 441 2927 τὸ
483 2859 618 2927 εἶναι
670 2865 942 2934 διακόνους
987 2868 1254 2947 Χριστοῦ.
1292 2866 1403 2928 Καὶ
1445 2867 1668 2945 λέγομεν
1708 2866 1787 2925 ὅτι
1827 2873 1980 2927 τοῦτο

383 2966 480 3039 μιᾷ
515 2959 663 3035 ῥήσει
706 2956 1002 3031 ἐδήλωσεν,
1051 2955 1213 3017 εἰπὼν
1266 2955 1452 3022 αὐτοὺς
1491 2957 1978 3038 ψευδαποστόλους.

429 3052 493 3108 ῦν
523 3047 578 3107 δὲ
628 3045 772 3106 κατὰ
823 3047 1098 3126 σύγκρισιν
1142 3046 1232 3106 τὸν
1289 3048 1445 3126 λόγον
1493 3051 1760 3106 ποιεῖσθαι
1822 3046 1982 3127 ἀρξά-

2093 631 2190 688 sed
2230 631 2491 686 nolumus
2551 631 2802 686 omnino.
2860 632 3199 687 Universam
3259 632 3422 704 igitur
3467 651 3690 692 causam

2095 721 2424 794 arrogantiae
2475 721 2737 790 illorum,
2805 721 3039 776 istorum
3109 722 3393 778 servilitati
3449 725 3688 781 ascribit.

2092 813 2208 867 Vos
2237 811 2386 867 enim
2412 810 2594 867 servili
2629 810 2933 866 admodum
2981 826 3136 866 more
3163 811 3298 882 ipsis
3341 811 3594 883 subjecti,
3637 822 3694 870 et

2093 901 2203 958 illis
2240 901 2458 972 injuriae
2501 909 2758 956 auctores
2810 899 2963 969 estis,
3013 900 3281 974 nobisque
3336 902 3692 973 praesentium

2093 1006 2420 1048 sermonum
2466 990 2698 1046 occasio.

2167 1102 2194 1129 α
2226 1083 2350 1137 Imo
2389 1081 2447 1136 in
2477 1097 2586 1153 quo
2622 1081 2744 1153 quis
2781 1080 2945 1138 audet
2972 1083 3089 1154 (per
3126 1081 3504 1153 insipientiam
3551 1081 3695 1150 dico)

2092 1168 2270 1226 audeo
2323 1178 2380 1226 et
2441 1185 2564 1243 ego.
2616 1193 2644 1219 ι
2672 1170 2807 1227 Vide
2852 1187 3074 1227 rursum
3126 1171 3276 1243 quod
3323 1171 3610 1228 audaciam
3642 1180 3698 1228 et

2089 1255 2459 1331 insipientiam
2514 1275 2636 1317 rem
2690 1262 2950 1333 appellat,
3013 1277 3076 1316 ac
3118 1261 3269 1332 quod
3317 1270 3535 1317 tantum
3581 1277 3694 1317 non

2090 1347 2253 1416 dicat,
2283 1349 2353 1404 Vi
2377 1349 2614 1422 quadam
2643 1349 2754 1406 huc
2799 1351 3049 1422 pervenio
3076 1359 3133 1405 et
3165 1350 3470 1422 pertrahor.
3511 1353 3694 1423 Quan-

2090 1445 2177 1493 tas
2204 1446 2393 1495 autem
2432 1447 2490 1496 et
2534 1440 2667 1496 alias
2697 1440 3171 1510 praecorrectiones
3216 1441 3528 1512 praestruxit
3568 1449 3696 1495 ante

2091 1525 2300 1585 hasce?
2356 1532 2492 1585 Haec
2552 1537 2741 1585 autem
2806 1527 2953 1597 facit,
3011 1528 3218 1585 docens
3273 1545 3398 1596 nos,
3451 1537 3514 1585 ut
3557 1529 3697 1584 citra

2094 1617 2473 1672 necessitatem
2501 1617 2569 1673 ad
2616 1617 2926 1688 hujusmodi
2974 1633 3262 1673 sermones
3303 1632 3417 1673 non
3465 1617 3695 1674 descen-

2093 1704 2307 1762 damus.
2349 1707 2444 1761 Ait
2471 1723 2600 1779 ergo
2634 1709 2734 1761 :In
2783 1723 2841 1762 re
2869 1722 3196 1779 quacunque
3226 1706 3390 1763 audet
3423 1707 3696 1778 quispiam

2096 1795 2266 1867 306
2305 1796 2550 1868 gloriari,
2615 1795 2792 1851 audeo
2835 1804 2890 1851 et
2938 1812 3038 1868 ego
3077 1795 3238 1852 :hzec
3289 1796 3438 1851 enim
3497 1796 3697 1851 subau-

2012 1883 2060 1946 B
2091 1885 2291 1941 dienda
2349 1894 2496 1943 sunt.
2564 1885 2777 1943 Deinde
2842 1901 2905 1941 ea
2965 1894 3238 1955 recenset,
3303 1893 3527 1958 prOpter
3571 1900 3696 1956 quae

2088 1975 2412 2048 glorientur.
3179 2025 3182 2028 .

2160 2068 2342 2124 Vnus.
2373 2073 2462 2123 22.
2491 2090 2516 2117 α
2541 2067 2763 2124 Hebraei
2791 2076 2925 2124 sunt
2949 2072 2976 2123 ?
3001 2077 3056 2124 et
3079 2084 3215 2139 ego:
3243 2065 3506 2123 Israelita
3521 2067 3698 2124 sunt?

2089 2164 2144 2212 et
2171 2172 2272 2227 ego
2302 2174 2315 2211 :
2349 2172 2538 2213 semen
2575 2157 2812 2214 Abrahae
2861 2162 3026 2214 sunt?
3077 2166 3131 2212 et
3172 2172 3291 2228 ego.
3338 2180 3364 2205 ι»
3407 2156 3545 2225 Quia
3578 2172 3693 2212 non

2089 2261 2290 2302 omnes
2316 2247 2537 2304 Hebraei
2566 2247 2833 2303 lsraelitae
2868 2246 3091 2303 fuerunt
3109 2252 3259 2313 (nam
3283 2255 3338 2302 et
3363 2245 3623 2302 Moabitae
3643 2255 3700 2302 et

2088 2337 2430 2393 Ammonitae
2471 2335 2683 2408 seipsos
2740 2336 3004 2393 Hebraeos
3058 2334 3374 2408 faciebant),
3415 2345 3701 2408 propterea

2088 2426 2299 2498 generis
2353 2426 2702 2497 splendorem
2765 2442 3092 2498 expurgatis,
3165 2426 3346 2482 intulit
3381 2445 3450 2481 τι(
3499 2428 3700 2482 Semen

2087 2515 2394 2571 Abrahami
2423 2519 2594 2572 sunt?
2619 2523 2674 2571 et
2689 2531 2820 2588 ego;
2854 2539 2881 2565 ιο
2918 2519 3162 2572 lsaacum
3194 2514 3446 2571 innuens.

2160 2606 2339 2661 Vens.
2385 2611 2474 2661 23.
2533 2627 2560 2655 α
2619 2595 2858 2661 Ministri
2909 2605 3108 2661 Christi
3166 2615 3299 2661 sunt
3355 2610 3456 2674 (ut
3510 2605 3700 2661 minus

2087 2693 2306 2765 sapiens
2338 2695 2556 2766 loquor)
2587 2697 2610 2749 ἲ
2640 2695 2760 2765 plus
2797 2710 2919 2767 ego.
2956 2717 2981 2742 υ
3031 2695 3204 2750 Aiunt
3254 2694 3500 2767 quidam,
3552 2695 3701 2766 quod

2092 2799 2189 2854 per
2215 2785 2688 2854 comparationem
2732 2799 3050 2840 sermonem
3078 2783 3329 2855 proferre
3355 2799 3465 2839 non
3491 2783 3699 2851 debuit,

2090 2871 2188 2928 sed
2231 2873 2553 2944 simpliciter
2595 2889 2794 2946 negare
2843 2889 2938 2929 eos
2983 2889 3107 2929 esse
3152 2873 3436 2928 ministros
3474 2873 3699 2930 Christi.

2090 2963 2204 3019 lllis
2238 2963 2656 3035 respondemus,
2693 2963 2842 3035 quod
2873 2963 2980 3019 hoc
3020 2963 3178 3018 unica
3209 2963 3452 3019 dictione
3489 2963 3704 3033 signiﬁ-

2091 3053 2313 3120 caverit,
2377 3068 2506 3108 cum
2546 3053 2688 3108 dixit
2725 3069 2822 3109 eos
2874 3069 2993 3108 esse
3041 3051 3522 3124 pseudapostolos.
3573 3055 3702 3109 Jam

381 3161 533 3215 μενος
553 3184 570 3210 ,
602 3135 700 3210 τὴν
733 3135 821 3196 διὰ
857 3141 963 3196 τῶν
997 3135 1332 3217 πραγμάτων
1362 3134 1632 3204 ἀπόδειξιν
1659 3136 1863 3215 εἰσάγει
1903 3136 1978 3214 ⁸6,

2095 3159 2242 3198 nunc
2269 3158 2397 3198 vero
2428 3158 2526 3213 per
2552 3144 3024 3214 comparationem
3052 3142 3216 3198 verba
3248 3140 3425 3198 facere
3457 3157 3703 3212 exorsus,

378 3228 470 3286 xui
526 3226 712 3286 δίδωσι
748 3226 884 3286 νοεῖν
933 3231 1010 3310 τῷ
1055 3229 1329 3306 ἀκροατῇ,
1362 3225 1444 3285 ὅτι
1489 3226 1641 3290 αὐτὸς
1678 3225 1776 3303 μέν
1819 3228 1986 3300 ἐστιν,

380 3318 568 3376 ἐκεῖνοι
589 3317 674 3390 δὲ,
716 3316 796 3376 οὗ.
821 3307 1003 3402 Φῃσὶν
1030 3307 1150 3390 οῦν,
1172 3315 1254 3374 ὅτι
1279 3315 1345 3374 Εἰ
1366 3315 1457 3374 καὶ
1484 3316 1716 3374 διάκονοι
1747 3318 1983 3394 Χριστοῦ

381 3407 513 3466 εἰσιν
537 3451 554 3478 ,
604 3405 742 3467 ἀλλὰ
785 3407 877 3466 καὶ
927 3405 1092 3474 οὕτως
1121 3405 1252 3486 ὑπὲρ
1296 3403 1485 3473 αὐτοὺς
1516 3406 1642 3482 ἐγώ.
1683 3406 1790 3465 Kui
1821 3406 1983 3464 πάλιν

381 3495 797 3577 παραφροσύνην
845 3497 1001 3556 καλεῖ
1068 3495 1128 3555 τὸ
1185 3504 1443 3577 πρᾶγμα,
1495 3495 1581 3554 διὰ
1641 3494 1700 3553 τὸ
1753 3493 1984 3574 πέλαγος

381 3589 476 3659 τῆς
503 3585 988 3667 ταπεινοφροσύνης
1027 3587 1216 3645 αὐτοῦ.

472 3789 502 3825 α
544 3765 636 3827 Ἐν
667 3766 851 3834 κόποις
879 3764 1270 3845 περισσοτέρως
1295 3811 1311 3838 ,
1357 3767 1412 3824 ἐν
1442 3766 1673 3844 πληγαῖς
1703 3763 1978 3842 ὑπερϐαλ-

381 3855 604 3932 λόντως,
655 3858 708 3916 ἐν
741 3857 1003 3938 φυλακαῖς
1044 3852 1455 3936 περισσοτέρως.
1496 3880 1521 3906 κ
1574 3855 1874 3931 Καταλέγει
1914 3851 1982 3911 τὰ

381 3948 847 4027 χαρακτηρίζοντα
926 3944 1048 4014 τοὺς
1106 3944 1467 4020 ἀποστόλους,
1526 3943 1618 4003 καὶ
1699 3942 1846 4024 ἀφεὶς
1913 3942 1982 4002 τὰ

383 4045 614 4112 σημεῖα,
670 4034 778 4094 ἀπὸ
828 4038 934 4093 τῶν
985 4037 1301 4114 πειρασμῶν
1334 4033 1557 4113 ἄρχεται
1592 4057 1605 4072 ο
1649 4035 1742 4094 καί
1781 4056 1976 4113 φησιν,

383 4126 464 4186 ὅτι
519 4125 627 4187 Καὶ
671 4125 864 4193 κόπους
909 4123 1124 4190 πλείους
1184 4123 1550 4202 ἀναδέχομαι,
1604 4123 1766 4183 τόπον
1811 4146 1869 4181 τε
1920 4126 1979 4183 ἐκ

384 4215 546 4275 τόπου
595 4214 864 4292 ἀμείϐων,
923 4214 1017 4274 καὶ
1061 4212 1328 4273 διδάσκων
1373 4212 1556 4280 νυκτὸς
1599 4213 1691 4271 xui
1739 4212 1976 4292 ἡμέρας,

2096 3248 2192 3304 per
2220 3247 2310 3287 res
2339 3231 2873 3288 demonstrationem
2899 3231 3146 3300 adducit,
3171 3231 3375 3303 datque
3399 3231 3702 3302 intelligere

2094 3319 2352 3389 auditori,
2399 3338 2456 3377 se
2501 3322 2721 3393 quidem
2779 3338 2896 3378 esse
2933 3321 3135 3378 Christi
3188 3322 3524 3388 ministrum,
3583 3321 3704 3379 illos

2094 3427 2226 3466 vero
2269 3411 2512 3467 minime.
2560 3413 2658 3468 Ait
2695 3429 2828 3484 ergo
2871 3411 3018 3484 quod
3071 3411 3182 3468 Etsi
3221 3411 3421 3468 Christi
3464 3411 3706 3467 ministri

2094 3509 2249 3570 sunt,
2289 3518 2350 3558 ea
2380 3511 2562 3558 tamen
2597 3503 2830 3570 ratione,
2860 3511 2920 3557 ut
2957 3510 3010 3557 et
3038 3517 3139 3574 ego
3171 3502 3226 3556 in
3260 3501 3367 3557 hoc
3393 3501 3703 3558 ministerio

2095 3609 2189 3650 eos
2211 3593 2554 3648 antecellam.
2590 3595 2674 3648 Ac
2712 3607 2906 3646 rursus
2933 3606 3050 3645 rem
3077 3589 3441 3660 insipientiam
3471 3590 3707 3662 appellat

2094 3692 2316 3756 propter
2337 3680 2664 3737 humilitatis
2692 3695 2807 3736 suae
2836 3679 3290 3735 immensitatem.

2169 3795 2196 3821 (ι
2237 3775 2302 3828 In
2325 3770 2604 3828 laboribus
2633 3769 3028 3836 abundantius,
3059 3769 3113 3824 in
3159 3767 3328 3839 plagis
3368 3783 3532 3839 supra
3585 3784 3708 3823 mo-

2093 3860 2248 3928 dum,
2322 3860 2380 3915 in
2470 3858 2780 3915 carceribus
2845 3856 3198 3913 abundatius.
3260 3880 3287 3906 ιο
3353 3856 3704 3913 Characteres

2091 3951 2469 4022 apostolorum
2550 3957 2824 4015 recenset,
2880 3956 2934 4003 et
2987 3947 3157 4019 signis
3207 3947 3616 4018 praetermissis,
3671 3962 3702 4001 a

2089 4038 2490 4096 tentationibus
2547 4037 2883 4110 principium
2934 4036 3114 4092 ducit.
3184 4036 3429 4092 Labores
3480 4029 3706 4108 (inquit)

2087 4130 2275 4202 plures
2331 4145 2433 4201 ego
2478 4127 2748 4198 suscipio,
2809 4127 2993 4182 locum
3034 4142 3097 4182 ex
3125 4127 3248 4182 loco
3277 4133 3618 4198 permutans,
3641 4142 3705 4182 ac

2088 4220 2296 4277 docens
2324 4226 2496 4274 noctu
2539 4225 2595 4273 et
2632 4216 2896 4284 interdiu,
2945 4228 3208 4288 praterea
3260 4217 3516 4272 manibus
3549 4216 3705 4271 labo-

385 4306 477 4364 xui
507 4304 583 4363 ἔτι
614 4315 730 4374 ταῖς
765 4303 950 4385 χερσὶν
997 4301 1344 4384 ἐργαζόμενος
1374 4326 1389 4340 ο
1420 4302 1560 4407 ἀλλὰ
1604 4302 1696 4360 καὶ
1719 4303 1798 4407 Δτὸ
1850 4313 1974 4378 μεῖ-

2090 4324 2239 4375 rans,
2273 4309 2390 4365 imo
2420 4307 2568 4380 quod
2615 4307 2792 4379 majus
2819 4314 2922 4374 est,
2941 4306 3165 4363 verbera
3209 4307 3508 4375 sustinens,
3539 4322 3707 4379 eaque

383 4396 498 4468 ζον,
530 4393 621 4452 καὶ
650 4392 860 4471 πληγὰς
892 4393 1171 4470 ὑπομένων
1193 4438 1208 4466 ,
1239 4396 1332 4451 xui
1359 4390 1554 4458 ταύτας
1578 4391 1939 4472 ὑπερϐολικῶς
1963 4417 1976 4430 ·

381 4484 470 4541 καὶ
500 4482 558 4542 τὸ
605 4483 681 4542 ἔτι
728 4487 936 4559 μεῖζον,
969 4481 1107 4560 μετὰ
1147 4485 1251 4541 τῶν
1297 4484 1522 4559 πληγῶν
1571 4480 1660 4538 xui
1691 4482 1984 4561 φυλακιζό-

382 4596 555 4649 μενος.
582 4573 661 4632 Τὸ
692 4573 746 4631 δὲ
774 4616 790 4646 ,
826 4599 851 4626 ‹‹
883 4570 1360 4652 Ὑπερϐαλλόντως
1381 4616 1399 4645 ,
1433 4595 1459 4623 ιο
1479 4569 1570 4628 xui
1602 4568 1662 4628 τὸ
1682 4617 1698 4646 ,
1725 4599 1749 4624 α
1782 4573 1985 4650 Περισ-

381 4662 650 4742 σοτέρως,
699 4690 726 4714 ιο
793 4661 1109 4742 συγκριτικὰ
1171 4660 1265 4737 μέν
1320 4663 1482 4732 εἰσιν,
1561 4662 1638 4742 ὡς
1679 4659 1811 4739 πρὸς
1867 4659 1986 4730 τοὺς

377 4739 842 4834 ψευδ-αποστόλους
871 4739 886 4784 λ
936 4739 1078 4822 πλὴν
1105 4751 1229 4810 καθ’
1267 4749 1513 4808 ὑπόθεσιν
1547 4773 1559 4786 ·
1596 4739 1704 4807 οἶον
1728 4796 1744 4821 ,
1792 4748 1981 4809 Ἔστω

379 4841 462 4901 ὅτι
511 4844 770 4900 κοπιῶσιν
822 4843 1050 4902 ἐκεῖνον
1117 4837 1236 4898 ἀλλ’
1291 4837 1396 4917 ἐγὼ
1455 4837 1844 4920 περισσοτέρως
1893 4839 1984 4899 καὶ

379 4929 846 5012 ὑπερϐαλλόντως.
898 4929 1054 4999 Τινὲς
1107 4929 1196 5003 δὲ,
1232 4930 1290 4988 οὗ
1334 4929 1475 4988 κατὰ
1525 4928 1796 5007 σύγκρισιν
1838 4932 1988 5009 εἰρῆ-

381 5025 502 5079 σθαι
530 5022 704 5101 ταῦτά
734 5044 929 5101 φασιν,
979 5019 1098 5080 ἀλλ’
1135 5019 1322 5086 ἅπλῶς
1369 5019 1676 5100 περιουσίας
1724 5017 1817 5079 xui
1867 5021 1984 5078 ἐπι-

380 5109 584 5177 τάσεως
613 5100 750 5169 εἶναι
770 5109 1102 5188 σημαντικά.

466 5228 493 5252 σι
533 5199 628 5260 Ἐν
670 5200 916 5267 θανάτοις
944 5199 1229 5268 πολλάκις.
1263 5227 1286 5255 υ
1327 5200 1410 5260 Od
1443 5199 1602 5278 μόνον
1737 5197 1984 5278 προθέσει

381 5289 763 5366 ἀποθνήσκων,
822 5289 960 5349 ἀλλὰ
989 5290 1083 5350 xui
1127 5293 1202 5358 εἷς
1247 5287 1518 5356 κινδύνους
1568 5291 1644 5369 τῷ
1679 5289 1788 5348 ὄντι
1820 5294 1982 5348 θανα·

382 5379 644 5460 τηφόρους
675 5380 1030 5456 ἐκδιδόμενος.

493 5491 524 5528 (ι
574 5468 714 5530 Ὑπὸ
761 5468 1033 5531 Ἰουδαίων
1080 5467 1332 5536 πεντάκις
1385 5465 1787 5549 τεσσαράκοντα
1834 5467 1982 5548 παρὰ

2095 4415 2259 4472 supra
2300 4397 2570 4455 modum:
2604 4405 2724 4452 tum
2768 4395 2922 4468 quod
2970 4396 3148 4453 adhuc
3203 4396 3380 4469 majus
3429 4405 3529 4466 est,
3576 4413 3705 4452 cum

2096 4489 2409 4545 verberibus
2459 4487 2626 4544 etiam
2681 4485 2993 4542 carceribus
3042 4487 3410 4558 mancipatus.
3451 4508 3476 4532 α
3528 4488 3705 4557 Supra

2096 4579 2333 4635 modum
2386 4600 2412 4627 ι)
2445 4586 2653 4645 autem,
2703 4587 2778 4641 et,
2830 4599 2855 4624 ‹ι
2889 4575 3282 4642 abundantius,
3329 4597 3355 4622 ‹‹
3413 4590 3700 4646 compara-

2095 4669 2201 4724 tiva
2290 4676 2440 4736 sunt,
2529 4667 2692 4723 veluti
2757 4666 2826 4723 ad
2899 4665 3393 4737 pseudapostolos;
3477 4679 3700 4718 verum-

2095 4766 2281 4814 tamen
2316 4773 2415 4830 per
2460 4756 2924 4828 suppositionem,
2954 4754 3119 4810 veluti
3172 4753 3358 4810 dicat:
3387 4755 3519 4809 Esto
3551 4752 3702 4823 quod

2098 4848 2349 4904 laborent
2389 4847 2490 4916 illi,
2537 4855 2595 4903 at
2653 4863 2753 4919 ego
2796 4845 3145 4902 excellentius
3204 4853 3258 4901 et
3314 4842 3696 4900 abundantius.

2096 4937 2359 4994 Nonnulli
2404 4945 2586 4993 autem
2646 4937 2764 4992 haec
2791 4951 2903 4991 non
2935 4951 3031 5006 per
3061 4933 3526 5006 comparationem
3556 4931 3702 4988 dicta

2095 5044 2216 5085 esse
2255 5034 2532 5095 asserunt,
2580 5026 2681 5082 sed
2723 5025 3050 5096 simpliciter
3077 5023 3386 5096 signiﬁcare
3418 5021 3700 5079 abundan-

2093 5117 2234 5174 tiam
2260 5125 2317 5173 et
2358 5116 2749 5172 intensionem.

2169 5230 2197 5257 ι
2254 5210 2322 5263 In
2361 5205 2637 5263 mortibus
2663 5204 2996 5278 frequenter.
3030 5225 3056 5252 υ
3105 5206 3233 5260 Non
3267 5203 3450 5259 solum
3480 5217 3546 5258 ex
3573 5218 3700 5273 pro-

2092 5296 2274 5369 posito
2303 5296 2569 5365 moriens,
2618 5310 2810 5351 verum
2837 5293 2905 5350 ad
2953 5293 3238 5350 mortifera
3277 5293 3435 5364 plane
3463 5290 3698 5364 pericula

2092 5387 2350 5444 traditus.

2161 5479 2342 5534 Vnus.
2369 5481 2460 5533 24.
2499 5500 2523 5526 ‹‹
2559 5479 2605 5532 Α
2623 5475 2830 5534 Judaeis
2855 5473 3148 5548 quinquies
3170 5471 3571 5547 quadragenas,
3591 5488 3698 5528 una

1767 5610 1960 5671 Variae
2003 5611 2308 5674 lectiones.

454 5747 500 5782 ³⁸
525 5748 704 5802 δοῦλοι
735 5762 793 5804 0.
869 5745 915 5782 ⁸⁸
954 5745 1211 5800 ἀσθένειαν
1238 5761 1292 5802 o.
1369 5743 1414 5778 ⁸⁸
1442 5743 1614 5817 ἐπάγει
1642 5759 1722 5801 m.
