4134 6416
442 425 544 480 923

1466 429 1980 486 THEOPHYLACTI
2019 431 2373 488 BULGARUE
2411 432 2723 487 ARCHIEP.

3641 434 3748 490 924

440 551 645 617 minus,
671 552 876 624 accepi.
903 575 927 601 ν
951 552 1349 625 Quamobrem,
1373 558 1500 612 Una
1518 556 1740 612 minus?
1761 558 1876 611 Lex
1897 564 2032 625 erat,

2157 559 2284 637 μίαν
2313 557 2531 619 ἔλαϐον.
2559 585 2581 611 ››
2612 557 2716 616 Διὰ
2746 557 2822 632 τί,
2851 584 2873 612 α
2899 557 3059 636 Παρὰ
3091 557 3251 636 μίανς
3281 586 3302 611 ν
3329 558 3512 636 Νόμος
3541 551 3626 632 ἦν,
3655 559 3747 618 τὸν

442 657 569 697 eum
600 642 692 714 qui
722 642 903 713 plures
937 659 1104 714 quam
1132 643 1487 716 quadraginta
1519 646 1703 717 plagas
1732 645 2037 717 vapulando

442 731 755 802 accepisset,
791 731 1221 803 ignominiosum
1279 749 1417 789 esse.
1449 737 1828 790 Decreverant
1854 735 2036 806 itaque

443 821 666 892 dempta
732 836 842 876 una
881 822 1240 894 quadraginta
1286 823 1441 892 dare,
1503 824 1605 880 hoc
1655 833 1758 892 est,
1816 825 2037 897 triginta

443 925 684 964 novem:
717 917 779 965 ut
805 910 1022 966 etiamsi
1051 911 1111 966 in
1146 911 1266 983 ipso
1306 912 1633 968 verberandi
1669 914 1882 985 impetu
1913 931 2038 969 ver-

444 998 643 1054 berans
690 998 997 1069 excederet,
1023 1001 1382 1072 quadraginta
1411 1001 1521 1069 det,
1552 1019 1654 1058 nec
1679 1002 1904 1058 infamis
1944 1002 2042 1059 ﬁat

442 1087 491 1144 is
512 1088 608 1159 qui
637 1088 882 1159 caeditur,
916 1089 1113 1162 quippe
1140 1090 1232 1166 qui
1253 1086 1396 1148 intra
1425 1092 1712 1148 decretum
1739 1109 2041 1150 numerum

441 1192 613 1234 caesus
641 1179 731 1234 sit.

513 1270 698 1326 Vnus.
743 1275 833 1327 25.
873 1293 898 1320 α
925 1274 1033 1327 Ter
1056 1272 1217 1344 virgis
1245 1288 1420 1329 caesus
1451 1288 1599 1340 sum,
1638 1274 1806 1329 semel
1835 1272 2040 1345 lapida-

440 1365 532 1414 tus
577 1374 726 1416 sum.
763 1382 789 1410 ι
843 1363 967 1417 Non
1010 1361 1200 1418 omnia
1250 1378 1375 1435 quae
1416 1378 1612 1435 passus
1673 1371 1756 1419 est
1815 1362 2039 1431 Paulus,

441 1447 606 1504 nobis
656 1450 982 1523 conscripsit
1033 1453 1252 1508 Lucas:
1300 1451 1451 1508 vides
1496 1451 1647 1509 enim
1689 1452 1870 1508 multa
1917 1467 2044 1525 qua:

437 1537 532 1594 hic
587 1548 906 1595 enumerata
950 1549 1098 1609 sunt,
1175 1542 1341 1613 307
1391 1541 1548 1598 illum
1598 1543 2042 1614 praetermisisse.

437 1630 566 1684 Non
613 1629 763 1685 enim
801 1629 914 1702 ipse
950 1629 1020 1687 ad
1048 1632 1478 1688 ostentationem
1503 1632 1824 1706 conscripsit
1863 1631 2039 1688 histo-

440 1732 600 1773 nam.

509 1808 694 1864 Vens.
734 1813 825 1878 25,
881 1816 971 1867 26.
1022 1835 1046 1861 ιι
1090 1815 1196 1868 Ter
1237 1811 1581 1886 naufragium
1611 1811 1733 1880 feci,
1783 1819 1945 1868 nocte
1991 1819 2046 1867 et

437 1895 529 1953 die
555 1896 610 1952 in
646 1898 924 1970 profundo
957 1902 1065 1975 egi,
1095 1903 1152 1959 in
1203 1903 1489 1960 itineribus
1545 1917 1709 1974 saepe.
1764 1926 1790 1952 ι»
1828 1901 2040 1972 Ecquid
2067 1888 2115 1951 Β

437 1986 505 2042 ad
543 1989 922 2060 Evangelium,
967 1991 1114 2063 quod
1163 1991 1518 2065 naufragium
1540 1992 1615 2048 sis
1643 2007 1833 2062 passus
1857 1996 1880 2049 ἲ
1905 1993 2036 2046 Pro-

438 2084 559 2148 pter
615 2079 996 2152 Evangelium,
1067 2082 1257 2155 longas
1313 2090 1367 2137 et
1446 2082 1852 2138 transmarinas
1921 2081 2034 2136 vias

438 2181 717 2234 emensus,
747 2169 1099 2241 naufragium
1128 2170 1248 2227 feci.
1284 2173 1466 2227 Noctu
1493 2179 1677 2226 autem
1704 2182 1759 2226 et
1794 2169 2034 2225 interdiu

441 2255 497 2310 in
548 2254 823 2326 profundo
870 2261 1091 2314 natavit.
1153 2261 1417 2316 Nonnulli
1470 2267 1741 2329 asserunt,
1787 2259 1935 2332 quod
1980 2260 2037 2315 in

441 2344 682 2416 quodam
716 2356 880 2418 puteo
915 2358 1041 2421 post
1084 2350 1386 2422 periculum
1429 2350 1574 2421 apud
1625 2351 1903 2423 Lystrios,
1947 2349 2034 2405 cui

438 2450 646 2491 nomen
683 2438 861 2510 Bytho
906 2443 1046 2511 (quae
1077 2456 1181 2496 vox
1234 2440 1442 2496 Latinis
1490 2439 1916 2512 profunditatem
1957 2440 2039 2496 si-

438 2523 676 2596 gnificat)
705 2527 922 2584 abditus
953 2528 1120 2585 fuerit
1151 2551 1162 2587 :
1187 2537 1243 2585 et
1258 2546 1408 2586 nunc
1436 2529 1506 2586 de
1534 2530 1639 2586 isto
1666 2531 1925 2603 loquitur.

512 2638 537 2664 α
581 2617 844 2675 Periculis
885 2619 1211 2677 ﬂuviorum.
1249 2644 1273 2670 υ
1306 2623 1451 2678 Nam
1481 2628 1537 2677 et
1563 2636 1759 2677 amnes
1787 2619 2039 2694 trajicere

441 2704 758 2775 cogebatur.

521 2815 546 2840 ιι
578 2796 834 2853 Periculis
855 2796 1156 2867 latronum,
1210 2800 1466 2872 periculis
1509 2817 1576 2857 ex
1628 2817 1848 2873 genere,
1895 2800 2038 2873 peri-

444 2883 582 2937 culis
630 2899 694 2939 ex
725 2887 1000 2957 gentibus,
1029 2889 1282 2960 periculis
1326 2890 1382 2945 in
1411 2890 1652 2959 civitate,
1690 2890 1942 2960 periculis
1983 2890 2043 2945 in

440 2971 758 3039 solitudine,
794 2977 1049 3046 periculis
1080 2978 1133 3032 in
1162 2979 1323 3035 mari.
1356 3001 1380 3026 ιι
1411 2979 1635 3051 Ubique
1663 2983 1888 3036 Satanas
1934 2978 2045 3034 bel-

443 3061 557 3116 lum
596 3063 838 3134 gerebat,
866 3073 922 3121 et
948 3069 1099 3123 Deus
1128 3068 1450 3125 certaminis
1491 3069 1722 3140 prazmia
1769 3085 2042 3140 propone-

2145 652 2362 712 πλείονα
2395 653 2498 708 τῶν
2538 647 2935 728 τεσσαράκοντα
2957 648 3280 725 τυπτόμενον
3302 695 3318 724 ,
3351 649 3538 727 ἄτιμον
3570 640 3705 708 εἶναι
3728 696 3743 710 .

2143 742 2376 821 εὨρισαν
2408 729 2495 798 οὖν
2530 737 2677 818 παρὰ
2709 739 2834 812 μίαν
2870 738 3104 813 διδόναι,
3132 737 3372 798 τουτέστι
3399 785 3414 813 ,
3457 739 3745 818 τριάκοντα

2147 832 2337 892 ἐννέα⁶
2384 826 2471 886 ἵνα
2519 828 2708 908 κᾶντῇ
2765 825 2905 908 ῥύμῃ
2963 832 3052 886 τοῦ
3104 831 3319 887 τύπτειν
3383 827 3668 907 ἐξενεχθεὶς
3715 830 3744 886 6

2146 929 2392 994 τύπτων,
2443 918 2694 998 περισσὸν
2753 917 2858 997 δῷ,
2907 916 3307 996 τεσσαράκοντα
3353 919 3458 998 δῷ,
3517 917 3608 976 καὶ
3667 913 3743 991 μὴ

2148 1013 2366 1091 γένηται
2400 1007 2588 1083 ἄτιμος
2618 1009 2645 1063 6
2695 1005 3050 1084 τυπτόμενος,
3099 1009 3170 1073 ὡς
3224 1006 3365 1074 ἐντὸς
3413 1013 3503 1067 τοῦ
3534 1029 3743 1085 νενομιο

2148 1100 2342 1178 σμένου
2375 1101 2600 1180 ἀριθμοῦ
2633 1097 2873 1174 πληγείς.

2235 1303 2266 1340 (ί
2296 1278 2424 1360 Τρὶς
2452 1277 2805 1362 ἐῤῥαϐδίσθην
2829 1323 2843 1349 ,
2875 1274 3018 1346 ἅπαξ
3039 1273 3340 1348 ἐλιθάσθην.
3372 1302 3398 1327 ιι
3427 1277 3508 1335 Οὖ
3538 1274 3746 1352 πάντα,

2150 1370 2182 1430 ἃ
2215 1370 2470 1432 πέπονθεν
2503 1373 2530 1427 6
2581 1366 2832 1442 Παῦλοςξ
2880 1365 3204 1444 συνέγραψεν
3251 1368 3382 1441 ἡμῖν
3417 1368 3445 1422 6
3487 1369 3700 1432 Λουκᾶς
3729 1381 3746 1398 ⁸

2149 1463 2272 1542 ὁρᾷς
2295 1461 2398 1540 γὰρ
2429 1463 2500 1526 ὣς
2524 1457 2700 1517 πολλὰ
2724 1459 2828 1516 τῶν
2856 1458 3078 1514 ἐνταῦθα
3111 1453 3570 1534 ἀπηριθμημένων
3599 1479 3744 1536 παρ-

2150 1550 2324 1609 έλιπεν
2384 1552 2601 1614 ἐκεῖνος.
2654 1548 2736 1607 Οὐ
2796 1547 2900 1626 γὰρ
2955 1545 3085 1626 πρὸς
3140 1543 3445 1626 φιλοτιμίαν
3479 1546 3624 1625 αὖτῷ
3678 1543 3746 1603 τὰ

2148 1644 2243 1713 τῆς
2266 1643 2571 1720 συγγραφῆς
2596 1637 2648 1675 ⁸⁷
2678 1635 3003 1709 πεπόνηται.

2243 1836 2272 1873 (ι
2300 1811 2432 1892 Τρὶς
2469 1809 2814 1888 ἐναυάγησα,
2862 1806 3192 1888 νυχθήμερον
3225 1808 3279 1865 ἐν
3328 1809 3405 1887 τῷ
3451 1809 3598 1886 βυθῷ
3646 1829 3748 1864 πε-

2144 1902 2363 1974 ποίηκα.
2409 1898 2770 1978 ⁶Οδοιπορίαις
2827 1897 3108 1963 πολλάκις.
3154 1919 3183 1955 ι)
3256 1894 3363 1955 Καὶ
3411 1895 3463 1954 τί
3512 1896 3643 1974 πρὸς
3689 1894 3751 1954 τὸ

2145 1990 2476 2070 Εὖαγγέλιον
2497 2033 2511 2058 ,
2545 1992 2590 2047 εἰ
2637 1987 3005 2064 ἐναυάγησας;
3036 1985 3140 2045 Διὰ
3182 1986 3243 2043 τὸ
3289 1984 3614 2064 Εὖαγγέλιον
3647 1984 3751 2066 γὰρ

2144 2081 2357 2161 μακρὰς
2407 2079 2498 2138 καὶ
2545 2075 2877 2144 διαποντίους
2940 2073 3288 2150 στελλόμενος
3337 2073 3523 2149 ὁδοὺς,
3582 2077 3742 2133 ἐναυ-

2145 2170 2344 2248 άγησα,
2380 2168 2732 2248 Νυχθήμερον
2777 2166 2830 2224 δὲ
2867 2169 2920 2225 ἐν
2950 2169 3025 2246 τῷ
3073 2167 3214 2242 βυθῶ
3263 2163 3527 2242 διεγένετο
3572 2164 3750 2244 νηχό-

2147 2284 2319 2337 μενος.
2367 2259 2523 2325 Τινὲς
2562 2258 2617 2316 δέ
2658 2280 2851 2336 φασιν,
2881 2255 2962 2314 ὅτι
3011 2253 3067 2311 ἔν
3101 2277 3202 2311 τινι
3251 2254 3437 2335 φρέατι
3483 2251 3621 2329 μετᾶ
3661 2253 3751 2313 τὸν

2146 2353 2200 2408 ἐν
2259 2349 2518 2430 Λύστροις
2591 2347 2827 2405 κίνδυνον
2884 2343 3308 2425 κατακρυφθεὶς,
3376 2345 3534 2424 Βυθῷ
3600 2345 3752 2423 λεγοι-

2149 2438 2291 2522 μένῳ
2309 2486 2325 2517 ,
2355 2444 2447 2499 ν’ὔν
2476 2442 2630 2497 τοῦτο
2653 2436 2818 2514 λέγει.

2235 2634 2263 2669 α
2297 2609 2569 2678 Κινδύνοις
2613 2609 2895 2683 ποταμῶν.
2925 2633 2948 2660 ν
2983 2605 3095 2668 Kal.
3122 2605 3225 2687 γὰρ
3256 2605 3350 2667 καὶ
3392 2600 3749 2682 διαπορθμεύ-

2151 2727 2223 2762 ειν
2253 2700 2525 2777 ποταμοὺς
2556 2697 2908 2776 ἠναγκάζετο.

2242 2788 2477 2850 «ιΚδ’
2626 2791 2659 2846 λ
2772 2791 2805 2805 ’ν
3000 2785 3057 2846 δ’
3210 2787 3234 2844 ἐ
3362 2783 3377 2808 ’
3657 2779 3751 2839 δ’·

2295 2821 2304 2862 ι
2371 2814 2413 2846 ιν
2451 2813 2585 2856 υνοις
2663 2811 2878 2868 ῃστων,
2909 2811 2992 2846 κιν
3031 2810 3168 2854 υνοις
3238 2809 3270 2844 κ
3318 2807 3534 2863 γενους,
3569 2805 3651 2842 κιν
3687 2805 3718 2839 υ

2151 2905 2257 2947 νοις
2282 2878 2334 2946 ἐξ
2362 2882 2521 2938 ἐθνῶν
2544 2924 2560 2952 ,
2613 2876 2868 2943 κινδύνοις
2900 2878 2952 2935 ἐν
2983 2876 3168 2948 πόλει,
3218 2874 3478 2941 κινδύνοις
3525 2876 3578 2932 ἐν
3626 2873 3754 2952 ἐρη-

2155 2973 2282 3052 μία,
2313 2971 2572 3037 κινδύνοις
2613 2972 2666 3028 ἐν
2715 2968 2982 3047 θαλάσσῃ.
3018 2995 3040 3020 ιο
3081 2971 3372 3047 Πανταχοῦ
3415 2964 3506 3023 καὶ
3553 2968 3580 3022 6
3633 2962 3750 3020 διοί-

2155 3049 2309 3128 ϐολος
2353 3059 2631 3136 ἐπολέμει,
2660 3056 2752 3116 καὶ
2784 3061 2811 3115 6
2851 3058 2988 3125 Θεὸς
3024 3057 3090 3115 τὰ
3118 3049 3254 3116 ἆθλα
3292 3055 3588 3134 προύτίθει.
3638 3049 3751 3111 Καὶ

443 3150 556 3206 bat.
590 3153 810 3208 Etenim
842 3155 1082 3211 latrones
1114 3164 1234 3212 tum
1275 3174 1307 3213 a
1337 3159 1600 3230 gentibus
1627 3156 2038 3227 excitabantur,

2148 3150 2251 3230 γὰρ
2279 3147 2477 3228 λῃσταὶ
2525 3147 2897 3227 ἐπηγείροντο,
2937 3147 3028 3205 καὶ
3059 3145 3208 3226 παρὰ
3239 3148 3343 3204 τῶν
3375 3146 3590 3203 ἐθνικῶν
3612 3187 3626 3214 ,
3659 3142 3752 3200 καὶ

442 3247 565 3295 tum
600 3257 635 3296 a
663 3243 914 3314 cognatis
940 3243 1167 3313 Iudaeis,
1191 3246 1281 3316 qui
1312 3262 1426 3318 prae
1456 3246 1661 3303 invidia
1690 3254 1883 3302 contra
1911 3263 2041 3303 eum

442 3328 658 3385 efferati
694 3332 869 3404 magis
897 3333 1304 3406 impugnabant.
1353 3334 1632 3407 Numquid
1663 3351 1790 3391 vero
1818 3336 1876 3391 in
1909 3337 2043 3392 urbe

443 3419 814 3490 periculorum
857 3438 1046 3494 expers
1097 3427 1260 3480 erat?
1295 3424 1755 3498 Haudquaquam.
1809 3428 1955 3498 Ergo
1984 3426 2042 3481 in

444 3509 785 3566 solitudine?
809 3513 1016 3568 Verum
1048 3529 1224 3585 neque
1253 3514 1361 3570 illic
1387 3515 1642 3587 quidem:
1669 3531 1732 3571 ac
1761 3515 1807 3570 si
1833 3523 2040 3572 terram

442 3599 691 3673 fugisset,
732 3601 904 3658 maris
931 3617 1059 3659 eum
1089 3602 1328 3675 pericula
1360 3603 1716 3676 excipiebant.

515 3803 542 3831 α
570 3782 832 3839 Periculis
860 3784 918 3839 in
948 3782 1099 3840 falsis
1124 3781 1406 3839 fratribus.
1461 3806 1486 3832 »
1525 3786 1660 3840 Haec
1686 3800 1910 3840 rursum
1936 3785 2041 3841 alia

441 3873 652 3944 species
685 3881 766 3928 est
817 3873 1158 3941 tentationis,
1212 3873 1462 3929 omnium
1501 3873 1738 3929 maxime
1789 3872 2041 3930 dolorem

439 3962 710 4018 incutiens
734 3971 790 4019 et
809 3963 1060 4034 gignens,
1092 3978 1122 4018 a
1152 3961 1298 4018 falsis
1325 3961 1587 4018 fratribus
1626 3963 1850 4018 insidias
1880 3963 1992 4035 pati
2025 3983 2038 4019 :

441 4052 589 4124 quod
617 4059 672 4107 et
699 4051 875 4107 David
890 4052 1112 4124 lugebat
1143 4067 1156 4106 :
1195 4074 1220 4100 ε
1252 4052 1528 4121 Quoniam
1555 4052 1598 4108 si
1628 4052 1883 4108 inimicus
1919 4068 2041 4108 ma-

440 4141 719 4196 ledixisset
741 4140 898 4209 mihi,
929 4139 1317 4196 sustinuissem
1343 4140 1535 4211 utique
1570 4161 1583 4197 :
1628 4149 1690 4196 tu
1719 4157 1849 4197 vero
1871 4141 2041 4197 homo

443 4231 792 4300 unanimis“;
846 4253 872 4279 ιο
905 4239 962 4287 et
1000 4231 1202 4287 iterum
1233 4249 1244 4286 :
1284 4255 1308 4278 σι
1341 4233 1528 4287 Homo
1554 4232 1705 4304 pacis
1733 4247 1874 4288 meas
1915 4232 1934 4268 ί
1964 4273 1977 4287 .
2013 4255 2038 4281 ιι

514 4413 691 4467 Vens.
725 4417 814 4465 27.
860 4434 884 4460 «
917 4414 980 4466 lu
1009 4411 1195 4466 labore
1220 4419 1278 4466 et
1304 4426 1573 4479 aerumna,
1603 4412 1660 4466 in
1690 4409 1892 4482 vigiliis
1917 4426 2042 4466 cre-
2073 4400 2128 4468 D

441 4501 560 4557 bro.
613 4525 638 4550 υ
686 4505 810 4558 Non
863 4501 996 4558 satis
1046 4499 1272 4557 fuerunt
1317 4501 1525 4556 externi
1555 4516 1810 4571 angores,
1848 4515 2040 4558 verum

439 4592 555 4664 ipse
583 4593 750 4648 etiam
792 4607 851 4648 se
892 4591 1128 4664 propriis
1156 4588 1436 4647 laboribus
1463 4607 1527 4647 ac
1559 4587 2042 4663 defatigationibus

439 4689 606 4754 atque
632 4681 876 4738 excubiis
904 4681 1135 4737 attrivit.

514 4794 540 4820 α
585 4773 646 4826 In
675 4771 896 4843 jejuniis
924 4786 1091 4843 saepe,
1146 4770 1204 4825 in
1233 4769 1437 4842 frigore
1459 4777 1514 4825 et
1541 4770 1810 4840 nuditate,
1837 4780 2041 4844 praeter

438 4861 529 4916 illa
555 4875 680 4932 qua:
712 4860 1048 4916 extrinsecus
1078 4869 1232 4916 sunt.
1273 4884 1296 4909 ν
1334 4862 1632 4932 Postquam
1667 4867 1817 4917 tanta
1849 4877 2041 4932 passus

439 4959 576 5018 erat,
603 4965 672 5005 ne
697 4950 1004 5005 necessaria
1035 4948 1259 5020 quidem
1290 4949 1572 5018 alimonia,
1607 4966 1789 5022 neque
1834 4950 2040 5007 amictu

439 5039 758 5096 abundabat
807 5039 956 5094 orbis
1011 5047 1283 5095 terrarum
1331 5039 1526 5094 doctor
1557 5057 1571 5094 :
1599 5054 1796 5094 verum
1857 5041 2040 5096 nudus

437 5130 700 5195 certabat,
742 5145 806 5185 ac
844 5128 990 5185 fame
1035 5129 1290 5184 laborans
1327 5128 1623 5201 pugnabat.
1666 5129 1838 5201 Atqui
1884 5130 2037 5201 plura

437 5219 827 5292 praetermisit:
852 5218 959 5275 hoc
987 5219 1140 5274 enim
1171 5226 1255 5274 est
1299 5217 1450 5290 quod
1504 5218 1599 5284 ait,
1635 5241 1660 5266 α
1692 5220 1900 5275 Praeter
1949 5219 2035 5275 illa

436 5325 561 5382 quae
586 5311 924 5366 extrinsecus
949 5317 1079 5365 sunt
1107 5327 1121 5364 ε
1149 5332 1174 5358 ν
1205 5309 1316 5366 imo
1339 5325 1411 5365 ne
1435 5324 1496 5364 ea
1520 5307 1746 5381 quidem
1794 5324 2037 5382 quorum

519 5491 538 5516 '
568 5482 720 5538 Psal.
753 5496 872 5552 LIV,
906 5486 993 5538 14.
1091 5480 1268 5537 tPsal.
1295 5495 1394 5548 XL,
1428 5485 1516 5535 10.

2148 3238 2298 3319 παρὰ
2333 3242 2437 3297 τῶν
2483 3239 2746 3316 συγγενῶν
2789 3234 3057 3296 Ἰουδαίων
3082 3281 3097 3309 ,
3129 3234 3180 3293 οἳ
3220 3234 3311 3294 καὶ
3361 3235 3565 3307 μᾶλλον
3616 3234 3746 3290 ἐπο-

2147 3329 2376 3406 λέμουν,
2431 3326 2826 3407 ἐκθηριούμενοι
2872 3325 2958 3384 διὰ
3001 3325 3096 3396 τὴν
3147 3327 3266 3384 κατ’
3301 3325 3474 3407 ἀὐτοῦ
3525 3323 3753 3393 ζηλοτυ-

2149 3404 2299 3479 πίαν.
2355 3409 2490 3494 ’Ἆρα
2519 3404 2574 3476 δέ
2603 3419 2655 3475 ἐν
2685 3421 2752 3494 τῇ
2782 3415 2937 3474 πόλει
2982 3415 3253 3481 ἀκίνδυνος
3298 3404 3399 3485 ἧν;
3454 3413 3748 3488 Οὐδαμῶς.

2150 3508 2350 3570 Λοιπὸν
2410 3502 2498 3566 οὖν
2555 3510 2609 3566 ἐν
2665 3506 2903 3587 ἐρημίᾳ;
2954 3505 3094 3565 Ἀλλ’
3126 3503 3323 3562 οὐδ’ἐν
3374 3501 3541 3580 ταύτῃ
3575 3523 3588 3537 ·
3649 3498 3751 3558 κᾶν

2149 3597 2247 3671 τὴν
2303 3601 2403 3676 γῆν
2455 3595 2684 3678 ἔφυγεν,
2751 3597 2798 3654 οἱ
2866 3597 2918 3654 ἐν
2977 3593 3221 3674 θαλάσσῃ
3289 3589 3518 3651 κίνδυνοι
3577 3589 3750 3647 διεδέ-

2149 3710 2333 3766 χοντο.

2233 3806 2257 3830 σι
2311 3774 2585 3844 Κινδύνοις
2625 3779 2674 3836 ἐν
2728 3774 3126 3855 ψευδαδέλφοις.
3163 3800 3186 3825 ιο
3213 3773 3390 3831 Τοῦτο
3423 3769 3588 3828 πάλιν
3620 3767 3754 3827 ἄλλο

2149 3857 2282 3936 εἶδος
2329 3871 2666 3948 πειρασμοῦ,
2722 3863 2815 3923 καὶ
2864 3862 3268 3942 ἀλγεινότατον,
3318 3860 3378 3919 τὸ
3443 3858 3596 3937 παρὰ
3647 3860 3754 3916 τῶν

2149 3946 2506 4037 ψευδωνύμων
2561 3953 2652 4014 καὶ
2730 3957 3024 4032 ὑποκριτῶν
3098 3953 3339 4031 ἀδελφῶν
3401 3946 3749 4008 ἐπιϐουλεύε-

2151 4035 2274 4104 σθαι
2304 4069 2319 4082 ο
2359 4043 2386 4102 δ
2425 4043 2516 4103 καὶ
2562 4049 2589 4103 6
2637 4041 2810 4100 Δαϐὶδ
2866 4042 3150 4122 ὀδύρεται·
3208 4061 3235 4097 (ι
3289 4039 3423 4100 εὈτι
3475 4039 3520 4096 εἰ
3566 4035 3753 4117 ἐχθρὸς

2150 4131 2390 4192 ὠνείδισέ
2437 4157 2537 4209 με,
2591 4132 2864 4209 ὑπήνεγκα
2923 4131 2985 4190 ἄν
3019 4149 3032 4164 ·
3081 4129 3143 4189 σὺ
3195 4127 3289 4206 δὲ,
3347 4127 3592 4207 ἄνθρωπε
3635 4124 3752 4184 ἶσό-

2149 4227 2287 4305 ψυχε
2337 4241 2352 4259 ⁶
2404 4245 2434 4281 ι)
2498 4221 2589 4281 καὶ
2632 4221 2830 4297 πάλιν,
2900 4243 2928 4279 (ι
2959 4221 3029 4281 Ὀ
3078 4220 3349 4300 ἄνθρωπος
3398 4219 3496 4288 τῆς
3540 4213 3752 4296 εἰρήνης

2152 4336 2275 4392 μου.
2311 4335 2341 4371 ι)

2245 4426 2276 4461 ι(
2306 4402 2401 4462 Ἐν
2432 4401 2582 4482 κόπῳ
2605 4400 2696 4460 καὶ
2730 4399 2914 4480 μόχθῳ
2936 4445 2951 4471 ,
2982 4400 3034 4457 ἐν
3066 4398 3377 4479 ἀγρυπνίαις
3409 4394 3691 4462 πολλάκις.
3727 4421 3753 4446 ιι

2155 4495 2272 4553 Οὐκ
2300 4493 2452 4572 ἤρκει
2481 4490 2550 4551 τὰ
2579 4489 2726 4571 παρὰ
2768 4495 2872 4548 τῶν
2916 4488 3103 4556 ἔξωθεν
3125 4533 3140 4562 ,
3177 4487 3318 4546 ἀλλὰ
3350 4485 3442 4546 καὶ⁵
3486 4485 3645 4550 αὐτὸς
3667 4483 3755 4542 οἴ-

2152 4587 2301 4643 κοθεν
2331 4582 2508 4648 πόνοις
2535 4582 2626 4641 καὶ
2658 4581 2874 4661 μόχθοις
2906 4577 3179 4659 ἐπέτριϐεν
3225 4576 3444 4651 ἑαυτὸν,
3475 4575 3565 4634 καὶ
3598 4579 3758 4656 ἀγρυ-

2151 4673 2346 4739 πνίαις.

2235 4787 2266 4818 α
2297 4763 2393 4823 Ἐν
2440 4761 2709 4834 νηστείαις
2740 4759 2793 4800 8⁸
2842 4758 3139 4832 πολλάκις,
3188 4759 3242 4817 ἐν
3290 4755 3451 4839 ψύχει
3510 4753 3602 4813 καὶ
3650 4778 3750 4834 γυ-

2151 4853 2373 4930 μνότητι
2398 4899 2415 4930 ,
2451 4853 2616 4932 χωρὶς
2658 4853 2762 4909 τῶν
2790 4847 3075 4929 παρεκτός.
3106 4869 3137 4906 ι)
3189 4850 3447 4908 Τοσαῦτα
3490 4844 3750 4924 πάσχων,

2148 4941 2264 5001 οὐδὲ
2314 4946 2408 5013 τῆς
2457 4939 2746 5019 ἀναγκαίας
2791 4938 3020 5017 ηὐπόρει
3075 4940 3305 5018 τροφῆς,
3364 4934 3484 4994 οὐδὲ
3544 4933 3752 4992 σκεπά-

2149 5056 2377 5110 σματος,
2408 5034 2435 5089 6
2465 5035 2559 5102 τῆς
2602 5027 2910 5106 οἰκουμένης
2955 5027 3273 5093 διδάσκοι).ος
3303 5047 3317 5060 ⁸
3361 5023 3503 5084 ἀλλὰ
3533 5023 3625 5084 καὶ
3659 5047 3751 5100 γυ-

2148 5122 2272 5199 μνὸς
2328 5119 2650 5198 ἠγωνίζετο,
2714 5119 2806 5179 καὶ
2851 5117 3132 5196 λιμώττων
3183 5113 3438 5176 ἐπύκτευε
3489 5137 3503 5152 ·
3565 5112 3744 5172 καίτοι

2144 5210 2210 5270 τὰ
2254 5211 2423 5270 πλείω
2471 5210 2777 5291 παρέλειψε.
2841 5211 3012 5268 Τοῦτο
3056 5205 3160 5286 γάρ
3203 5207 3316 5266 ἐστι
3355 5205 3452 5291 τὸῌ,
3497 5226 3528 5259 ιιι
3559 5201 3743 5282 Χωρὶς

2143 5305 2247 5360 τῶν
2279 5301 2541 5382 παρεκτός
2571 5324 2586 5338 ·
2619 5328 2643 5352 ι
2675 5300 2876 5378 μᾶλλον
2905 5299 2959 5357 δὲ
2981 5345 2998 5374 ,
3046 5294 3162 5357 οὐδὲ
3199 5301 3369 5355 ταῦτα
3399 5285 3472 5352 ῶν
3503 5293 3743 5371 ἐπεμνή-

1825 5569 2013 5629 Variae
2057 5571 2357 5630 lectiones.

512 5738 558 5776 87
579 5741 768 5811 γραφῆς
797 5753 850 5793 ο,
928 5739 970 5772 ⁸8
1002 5737 1052 5792 ἐν
1077 5739 1214 5811 λιμῷ
1236 5739 1320 5792 καὶ
1347 5739 1506 5813 δίψει,
1537 5739 1588 5794 ἓν
1618 5739 1863 5809 νηστείαις
1884 5755 1936 5796 ο.
