4134 6454
521 477 625 529 925

520 604 657 674 σθη,
687 602 809 658 κατ’
836 590 969 667 εἶδος
1021 588 1203 674 εἶπεν,
1245 599 1365 657 ἀλλ’
1411 587 1484 656 ῶν
1533 596 1629 675 μὲν
1677 588 1741 669 ἦν
1781 595 2042 668 εὕληπτος
2084 598 2113 654 6

518 688 766 769 ἀριθμὸς,
796 689 1217 764 ἀπηριθμήσατο
1241 733 1257 761 ,
1289 710 1320 746 (ί
1349 685 1616 755 Πεντάκις
1638 731 1653 759 ,
1685 708 1714 744 ›)
1763 683 1952 762 εἰπὼν,
1985 683 2109 757 καὶ,

519 804 542 831 α
565 778 697 857 Τρίς
726 799 738 812 ⁸
769 806 793 830 ιο
821 781 924 836 τῶν
957 777 1011 836 δὲ
1043 776 1446 858 δυσαριθμήτων
1479 777 1736 858 ἀορίστως
1766 774 2074 853 ἐπεμνήσθη
2100 797 2113 810 ⁶

525 889 555 923 α
590 865 993 948 Περισσοτέρως
1026 890 1053 924 »
1102 867 1234 947 γὰρ,
1288 865 1453 948 φησὶ,
1485 866 1604 939 καὶ,
1653 895 1677 919 ‹‹
1709 861 2114 945 Ὑπερϐαλλόν-

513 981 644 1030 τως,
676 983 699 1008 ’³
732 956 843 1028 καὶ,
881 984 902 1008 α
930 958 1219 1022 Πολλάκις.
1268 984 1294 1009 ι·
1320 952 1470 1038 εὈρα
1505 954 1559 1013 δὲ
1590 959 1702 1022 πῶς
1740 961 1977 1014 τοσαῦτα
2005 957 2112 1011 ἀπ-

515 1047 946 1127 αριθμησάμενος
983 1049 1213 1126 δυσχερῆ
1240 1091 1255 1119 ,
1307 1048 1402 1104 οὐκ
1450 1037 1594 1104 εἶπεν
1615 1090 1631 1118 ,
1679 1043 1829 1113 ὅσους
1865 1043 2112 1124 ἐπέστρε-

511 1139 607 1216 ψεν
630 1139 701 1204 εἷς
731 1137 783 1174 89
835 1135 1087 1217 Χριστὸν,
1118 1136 1233 1212 ἅμα
1281 1136 1375 1212 μὲν
1427 1140 1815 1216 μετριοφρονῶν
1841 1182 1856 1211 ,
1896 1134 2010 1211 ἅμα
2056 1133 2110 1192 δὲ

511 1224 604 1283 καὶ
632 1225 922 1297 διδάσκων,
955 1225 1034 1284 ὅτι
1081 1224 1178 1285 κᾶν
1213 1225 1375 1300 μηδὲν
1425 1225 1644 1302 γένηται
1689 1223 1849 1284 πλέον
1897 1227 1972 1304 τῷ
2008 1248 2107 1284 πο-

509 1316 779 1397 νουμένῳ,
838 1316 931 1375 καὶ
979 1317 1119 1376 οὕτω
1167 1315 1234 1377 τὰ
1281 1319 1386 1374 τῶν
1439 1319 1641 1394 μισθῶν
1693 1313 1844 1374 ἔσται
1892 1316 2109 1390 πεπλη-

513 1406 745 1484 ρωμένα.

598 1617 622 1644 ax
660 1588 729 1647 Ἦ
783 1587 1124 1657 ἔπισύστασίς
1175 1613 1276 1667 μου
1329 1593 1364 1661 ἡ
1419 1592 1538 1648 καθ’
1590 1589 1817 1668 ἡμέραν.
1854 1611 1883 1646 »
1919 1592 2104 1654 ,Τουτ-

515 1680 690 1752 ἐστιν,
745 1683 778 1750 ἡ
838 1678 1019 1760 ἔφοδος
1064 1684 1097 1751 ἡ
1158 1680 1466 1755 μανιώδης,
1502 1680 1593 1738 καὶ
1626 1685 1659 1752 ἡ
1701 1679 2096 1751 ἐπανάστασις,

508 1768 574 1841 ἣν
601 1775 870 1828 ποιοῦνται
899 1771 1020 1827 κατ’
1053 1771 1184 1848 ἐμοῦ
1213 1772 1330 1829 καθ’
1365 1769 1595 1840 ἑκάστην
1644 1774 1692 1830 οἱ
1740 1771 1899 1848 δῆμοι
1949 1774 2098 1850 κοινῇ

505 1858 718 1938 γνώμῃ·

591 1969 622 2006 ιῐ
656 1947 725 2008 ⁸Η
759 1947 992 2029 μέριμνα
1031 1953 1218 2008 πασῶν
1273 1952 1378 2008 τῶν
1433 1948 1793 2022 Ἐκκλησιῶν.
1862 1976 1886 2002 ››
1937 1951 2106 2009 Τοῦτο

506 2037 568 2097 τὸ
621 2039 906 2119 κεφάλαιον
963 2039 1256 2098 ἁπάντων·
1310 2041 1354 2098 εἰ
1405 2038 1509 2118 γὰρ
1571 2036 1736 2105 οἰκίας
1793 2049 1917 2116 μιᾶς
1970 2061 2104 2118 προ-

504 2131 635 2186 νοῶν
669 2151 780 2205 τις,
813 2128 936 2208 ίκαὶδξ
959 2137 1125 2188 ταῦτα
1147 2173 1162 2202 ,
1205 2128 1412 2195 οἰκέτας
1457 2129 1594 2208 ἔχων
1635 2129 1726 2187 καὶ
1764 2129 2100 2207 οἰκονόμους,

503 2217 622 2275 οὐδὲ
665 2221 914 2277 ἀναπνεῖν
961 2216 1171 2298 ἰσχύει·
1205 2219 1256 2278 τί
1294 2219 1523 2298 πάσχειν
1561 2218 1698 2285 εἰκὸς
1723 2217 1902 2300 ψυχὴν
1936 2218 2062 2295 μίαν
2085 2264 2101 2292 ,

505 2307 639 2383 μετὰ
717 2308 976 2367 τοσούτων
1052 2309 1337 2379 κινδύνων,
1394 2309 1567 2381 πάσης
1643 2312 1737 2380 τῆς
1796 2307 2102 2384 οἰκουμένης

503 2395 876 2477 φροντίζουσαν
901 2443 918 2477 ,
951 2397 1043 2457 καὶ
1075 2398 1205 2480 ὑπὲρ
1236 2401 1449 2480 ψυχῶν,

581 2601 606 2630 α
641 2576 744 2646 Τίς
771 2578 995 2653 ἀσθενεῖ,
1025 2579 1116 2638 καὶ
1143 2580 1239 2638 οὐκ
1269 2583 1500 2653 ἀσθενῶ;
1529 2573 1696 2637 σιἽνα
1727 2576 1801 2654 μή
1837 2602 1916 2646 τις
1947 2577 2096 2661 εἴπῃ,

501 2661 583 2749 811
610 2665 912 2749 Ἐμερίμνα
958 2667 1055 2745 μὲν
1075 2715 1092 2749 ,
1137 2667 1274 2740 πλὴν
1306 2670 1490 2737 ἁπλῶς
1533 2672 1705 2747 οὕτω,
1737 2671 1890 2742 δηλοῖ
1915 2670 2006 2729 καὶ
2037 2670 2098 2730 τὸ

500 2743 631 2823 εἶδος
669 2743 764 2828 τῆς
792 2743 1087 2838 μερίμνης..
1132 2758 1244 2819 Καὶ
1277 2761 1373 2817 οὖκ
1405 2751 1578 2832 εἶπεν,
1609 2743 1701 2817 δ’τι⁷
1727 2763 1975 2820 Κοινωνῶ
2005 2764 2098 2832 τῆς

500 2846 755 2921 ἀθυμίας,
791 2847 927 2922 ἀλλ’,
967 2847 1066 2915 Ὡς
1097 2850 1252 2916 αὐτὸς
1301 2852 1531 2908 ἀσθενῶν
1555 2893 1572 2922 ,
1619 2848 1757 2907 οὕτω
1799 2849 2092 2927 διάκειμαι.

499 2931 798 2995 Ἀσθένειαν
832 2937 887 2995 δὲ
941 2937 1146 3009 νοήσεις
1199 2938 1294 3015 μὲν
1324 2937 1542 3012 καῖτὴν
1595 2937 1940 3016 σωματικὴν,
1989 2938 2094 3016 μά-

500 3024 665 3109 λιστα,
685 3025 740 3084 δὲ
771 3027 860 3086 καὶ
884 3026 981 3098 τὴν
1024 3028 1286 3109 ψυχικήν.
1321 3030 1401 3088 Τὸ
1433 3029 1518 3107 δὲ,
1561 3051 1591 3088 (ι
1620 3028 1748 3103 Τίς,
1783 3055 1806 3082 n
1855 3027 1970 3088 Κᾶν
2003 3029 2098 3106 μέ-

499 3137 595 3192 γας
681 3162 696 3190 ,
727 3117 880 3197 φησὶ,
910 3116 1010 3176 κᾶν
1039 3107 1270 3190 εὐτελής.

580 3323 604 3350 α
635 3296 730 3363 Τίς
777 3298 1220 3372 σκανδαλίζεται,
1277 3298 1366 3358 καὶ
1412 3303 1506 3359 οὖκ
1556 3299 1662 3379 ἐγὼ
1711 3306 2008 3380 πυροῦμαι;
2058 3326 2089 3361 ››

499 3381 645 3462 ’Ὅρα
699 3389 810 3453 πῶς
861 3388 1168 3467 παρέστησε
1223 3388 1318 3460 τὴν
1378 3389 1676 3466 ὑπερϐολὴν
1732 3395 1826 3462 τῆς
1883 3393 2090 3464 ὀδύνης.

499 3472 886 3555 Ἐμπίπραμαι
933 3477 1053 3558 γὰρ,
1103 3477 1258 3558 φησὶ,
1313 3479 1404 3538 καὶ
1447 3480 1710 3556 καίομαι,
1757 3482 1849 3539 καὶ
1888 3483 1953 3539 τὰ
1997 3481 2092 3559 μὲν

499 3563 636 3624 ἄλλα
663 3565 889 3646 πάσχων
923 3567 1165 3648 ἔχαιρεν,
1213 3567 1366 3636 εἰδὼς
1398 3567 1478 3625 ὅτι
1524 3569 1657 3648 ὑπὲρ
1687 3574 1781 3627 τοῦ
1817 3571 2091 3631 Δεσπότου

495 3659 665 3713 ταῦτα
709 3656 932 3736 πάσχει.
971 3657 1241 3716 Ἐνταῦθα
1292 3657 1345 3716 δὲ
1398 3659 1800 3738 διετιτρώσκετο
1850 3658 1947 3731 τὴν
1992 3663 2092 3742 ψυ-

493 3742 632 3822 χὴν,
671 3742 808 3802 ὥστε
851 3745 911 3804 τὸ
950 3746 1393 3816 σκανδαλίζεσθαί
1425 3772 1575 3825 τινα,
1610 3748 1701 3807 καὶ
1730 3748 1820 3806 τὸν
1855 3751 2088 3828 τυχόντα

494 3832 584 3890 καὶ
638 3834 1075 3914 ἀπεῤῥιμμένον,
1131 3837 1291 3897 πλέον
1351 3838 1546 3896 ἐκεῖνον
1605 3837 1730 3908 ἠνία
1779 3837 1847 3898 Ὁ
1901 3840 1958 3897 δέ
2009 3864 2068 3918 γε

492 3921 668 3981 Δαϐὶδ
701 3923 752 3960 ⁹⁰
789 3925 1002 3982 δίδωσιν
1033 3927 1164 4001 ἡμῖν
1206 3935 1340 3986 νοεῖν
1379 3927 1470 4000 τὸ,
1516 3955 1538 3980 κ
1581 3929 1902 4008 Πυροῦμαι,
1938 3957 1961 3981 »
1995 3932 2088 3988 ἀν-

492 4009 545 4068 τὶ
575 4017 666 4069 τοῦ
684 4059 700 4085 ,
728 4014 1186 4090 Σκανδαλίζομαι.
1221 4011 1435 4096 ’Ὠσπερ
1463 4017 1568 4097 γὰρ
1594 4009 1737 4094 εἷπε,
1772 4045 1795 4071 κ
1821 4017 1914 4084 Τίς
1939 4022 2089 4079 ἀσθε-

491 4107 595 4173 νεῖ,
627 4101 718 4160 καὶ
749 4106 843 4161 οὐκ
894 4106 1125 4177 ἀσθενῶ;
1165 4127 1195 4162 ›)
1233 4105 1370 4164 οὕτω
1415 4107 1584 4188 φησί’
1643 4107 1760 4166 Κᾶν
1794 4109 2085 4167 σκανδαλί-

493 4191 648 4262 ζηταί
689 4215 798 4264 τις,
843 4193 996 4260 αὐτὸς
1050 4195 1187 4253 δοκῶ
1237 4197 1707 4269 σκανδαλίζεσθαι,
1758 4197 1850 4256 καὶ
1917 4222 2087 4259 σπου-

493 4279 634 4348 δάζω
666 4282 916 4341 ἰάσασθαι
945 4284 1004 4342 τὸ
1035 4283 1201 4351 πάθος
1232 4289 1302 4351 ὡς
1335 4285 1488 4363 ἐμόν.
1522 4289 1640 4346 Ποῦ
1671 4286 1729 4344 δέ
1771 4311 1900 4367 φησι
1930 4293 2088 4350 τοῦτο

490 4372 518 4427 6
549 4368 771 4446 Δαυῒδς
845 4393 873 4430 (ι
917 4371 1011 4433 Ἐν
1055 4377 1130 4454 τῷ
1180 4375 1670 4456 ὕπερηερανεύεσθαι
1739 4377 1825 4435 τὸν
1880 4378 2084 4452 ἀσεϐῆ,

488 4461 833 4541 ἐμπυρίζεται
863 4465 892 4520 6
922 4465 1168 4544 πτωχὸς,
1221 4491 1242 4517 υ
1297 4465 1569 4538 τουτέστι,
1605 4467 2027 4536 Σκανδαλίζεται
2058 4473 2084 4527 6

486 4551 724 4630 πτωχὸς,
864 4553 1068 4634 διανοίᾳ
1100 4559 1235 4634 ὁρῶν
1263 4555 1380 4622 τοὺς
1411 4555 1653 4624 ἀναξίους
1681 4555 1726 4593 ⁹⁴
1783 4559 2070 4618 πλουτοῦνλ

486 4663 578 4706 τας
607 4641 696 4699 καὶ
722 4643 1190 4722 ὓπεραιρομένους.

575 4756 598 4782 «ι
637 4733 698 4790 Εἰ
729 4739 1031 4811 καυχᾶσθαι
1067 4735 1182 4808 δεῖ,
1207 4734 1272 4792 τὰ
1317 4740 1413 4807 τῆς
1445 4736 1713 4804 ἀσθενείας
1745 4761 1846 4813 μου
1879 4739 2085 4820 καυχή-

485 4839 666 4896 σομαι.
699 4848 726 4872 ιι
773 4819 1068 4881 Ἀσθένειαν
1117 4827 1277 4882 καλεῖ
1325 4824 1442 4893 τοὺς
1499 4826 1782 4906 διωγμούς.
1838 4827 1930 4885 Ἐν
1979 4819 2082 4906 γὰρ

482 4907 909 4986 τῶδλιμώττειν,
966 4913 1055 4970 καὶ
1102 4912 1462 4994 πλήττεσθαι,
1509 4916 1602 4974 καὶ
1652 4927 1936 4995 ναυαγεῖν,
1991 4918 2082 4977 καὶ

479 4997 653 5056 τᾶλλα
710 4998 888 5058 πάντα
940 5001 1200 5081 πάσχειν,
1251 5007 1283 5074 ἡ
1343 5005 1647 5085 ἀνθρωπίνη
1695 5007 1934 5065 ἀσθένεια
1978 5007 2082 5065 δεί-

479 5111 689 5146 κνυται.
747 5090 998 5166 Σημείων
1053 5092 1108 5150 δὲ
1155 5094 1378 5152 ἐνταῦθα
1423 5096 1482 5154 οὗ
1535 5096 1852 5172 μέμνηται·
1902 5099 2077 5155 ἐκεῖνα

477 5173 582 5260 ἠὰρ
615 5179 757 5236 Θεοῦ
791 5180 954 5260 δῶρον
1001 5172 1104 5254 ῆν·
1152 5187 1320 5240 ταῦτα
1371 5183 1425 5242 δὲ
1484 5185 1620 5260 μετὰ
1669 5189 1762 5256 τῆς
1793 5192 1882 5245 τοῦ
1933 5187 2080 5250 Θεοῦ

491 5229 578 5254 ι-Τ
626 5229 754 5236 νην
793 5229 949 5260 "'r"
1007 5229 1061 5254 ἰ’
1163 5229 1320 5240 ·’“*’⁴’
1372 5229 1425 5242 ν*
1484 5229 1620 5260 Γθδνδ
1679 5229 1726 5254 ’⁸η

481 5229 646 5346 άοπῆς
673 5267 766 5327 καὶ
796 5268 893 5343 τὴν
925 5271 1086 5330 αὐτοῦ
1117 5270 1168 5308 ⁰²
1197 5270 1477 5352 ,ὑπομονὴν
1502 5275 1726 5337 ἐδείκνυ.

569 5471 593 5498 ‹‹
631 5445 700 5507 Ὀ
731 5445 866 5516 Θεὸς
914 5447 1006 5509 καὶ
1057 5450 1257 5531 Πατὴρ
1309 5459 1401 5513 τοῦ
1449 5453 1651 5534 Κυρίου
1707 5459 1861 5534 ἡμῶν
1896 5456 2079 5533 Ἰησοῦ

567 5607 592 5632 ιι
609 5599 755 5655 Psal.
789 5614 880 5669 ιχ,
911 5606 1002 5658 23.

1398 469 1751 544 EXPQSITIO
1791 470 1856 525 IN
1897 467 2106 525 EPIST.
2149 465 2198 521 II
2230 465 2324 520 AD
2362 463 2520 520 COR.
2561 494 2633 504 —
2672 464 2825 520 CAP.
2867 467 2950 522 X1.

2134 1853 2183 1915 B

3722 477 3828 530 926

2220 589 2497 660 meminit,
2526 590 2820 661 speciatim
2852 593 3140 663 expressit,
3186 593 3283 650 sed
3302 611 3539 667 quorum
3560 613 3827 655 numerus

2222 680 2381 737 facile
2403 679 2580 751 potuit
2594 680 3012 752 comprehendi,
3035 685 3396 753 enumeravit,
3425 705 3452 737 «
3475 687 3772 760 Quinquies
3797 716 3821 739 ν

2222 779 2276 827 et
2309 793 2333 819 α
2363 772 2469 825 Ter
2503 792 2528 819 ιο
2566 768 2753 826 dicens
2787 789 2797 825 :
2833 787 3027 826 eorum
3059 788 3189 828 vero
3218 789 3342 844 qua:
3388 791 3500 830 non
3538 775 3698 833 facile
3723 777 3825 834 sub

2220 875 2520 915 numerum
2545 859 2770 929 eadunt,
2815 859 3101 917 indeﬁnite
3126 863 3418 919 meminit:
3453 887 3476 912 α
3511 864 3821 922 Abundan-

2219 950 2331 1006 tius
2364 973 2387 998 ιι
2422 950 2591 1017 enim,
2611 949 2808 1022 inquit,
2837 957 2892 1006 et
2917 971 2944 1001 (ι
2983 953 3160 1023 Supra
3182 950 3438 1016 modum,
3476 976 3500 1002 υ
3529 963 3602 1022 et,
3635 978 3659 1002 ‹‹
3694 958 3821 1012 Fre-

2219 1048 2466 1111 quenter.
2504 1063 2529 1088 »
2557 1039 2700 1095 Vide
2733 1047 2917 1096 autem
2963 1041 3244 1112 quomodo
3274 1051 3357 1098 tot
3387 1050 3648 1115 tantaque
3687 1060 3824 1099 enu—

2219 1144 2438 1184 merans
2470 1128 2716 1197 adversa,
2744 1146 2858 1185 non
2886 1129 3086 1186 dixerit
3118 1141 3256 1203 quot
3283 1132 3349 1187 ad
3371 1132 3655 1188 Christum
3684 1149 3825 1189 eon-

2217 1221 2462 1288 verterit,
2493 1219 2658 1275 simul
2694 1218 2919 1290 quidem
2953 1219 3241 1276 moderata
3272 1221 3507 1292 spirans,
3535 1223 3698 1278 simui
3729 1238 3822 1278 ve-

2216 1324 2280 1364 ro
2317 1307 2539 1376 docens,
2570 1307 2722 1380 quod
2747 1308 2966 1364 etiamsi
2989 1308 3120 1364 nihil
3152 1311 3390 1382 amplius
3422 1311 3694 1367 laboranti
3717 1311 3822 1367 ob-

2218 1397 2424 1468 veniat,
2454 1399 2535 1455 vel
2587 1397 2669 1454 sic
2698 1414 2921 1472 quoque
2955 1399 3175 1471 plenam
3210 1399 3529 1456 mercedem
3570 1401 3642 1456 sit
3675 1416 3823 1458 acce-

2215 1496 2428 1560 pturus.

2289 1600 2316 1626 οι
2353 1579 2626 1634 Instantia
2668 1594 2790 1634 mea
2829 1578 3177 1650 quotidiana.
3209 1601 3234 1627 ιι
3266 1581 3390 1635 Hoc
3434 1588 3538 1648 est,
3567 1579 3816 1636 furibun-

2212 1665 2316 1723 dus
2365 1667 2603 1724 insultus
2631 1673 2686 1725 et
2725 1668 3071 1736 insurrectio,
3121 1685 3226 1740 qua
3275 1670 3446 1740 308
3499 1670 3694 1744 vulgus
3749 1686 3816 1726 ex

2211 1757 2497 1814 communi
2525 1757 2795 1815 sententia
2842 1774 2934 1814 me
2964 1757 3311 1814 adoriuntur.

2293 1962 2318 1989 α
2351 1939 2670 1996 Sollicitudo
2698 1937 2952 1995 omnium
2983 1938 3380 1995 Ecclesiarum.
3439 1961 3466 1987 ν
3538 1941 3674 1994 Haec
3736 1947 3821 1995 est

2212 2045 2432 2086 summa
2456 2029 2726 2086 omnium.
2775 2028 2831 2086 Si
2860 2029 3010 2085 enim
3043 2029 3086 2084 is
3115 2029 3206 2100 qui
3232 2029 3397 2084 unius
3422 2028 3816 2084 tantummodo

2211 2119 2412 2175 domus
2440 2135 2628 2176 curam
2657 2119 2815 2192 gerit,
2848 2118 3010 2190 idque
3057 2135 3187 2174 eum
3225 2117 3470 2174 famulos
3507 2127 3561 2174 et
3589 2134 3815 2174 oecono-

2211 2224 2337 2264 mos
2365 2209 2582 2277 habeat,
2614 2225 2686 2265 ne
2715 2208 2982 2280 respirare
3012 2208 3238 2280 quidem
3280 2209 3454 2280 possit
3488 2228 3499 2262 :
3535 2207 3669 2280 quid
3701 2208 3814 2278 pati

2209 2298 2500 2355 verisimile
2527 2308 2610 2355 est
2633 2299 2875 2354 animam
2905 2314 3094 2367 unam,
3127 2313 3250 2370 quae
3279 2297 3421 2353 inter
3463 2305 3546 2354 tot
3573 2297 3811 2368 pericula

2206 2405 2308 2460 pro
2333 2391 2585 2446 universo
2628 2389 2781 2457 orbe,
2811 2388 3056 2460 adeoque
3105 2405 3204 2460 pro
3233 2388 3521 2444 animabus
3549 2396 3634 2444 est
3673 2388 3816 2444 solli-

2209 2479 2317 2535 cita
2342 2482 2364 2534 Ρ

2278 2572 2459 2625 Vens.
2485 2573 2573 2623 29.
2592 2590 2616 2616 α
2641 2569 2777 2640 Quis
2797 2568 3134 2636 inﬁrmatur,
3152 2575 3205 2622 et
3216 2583 3317 2640 ego
3337 2583 3455 2622 non
3475 2567 3804 2624 inﬁrmor?»

2207 2661 2287 2715 Ne
2315 2659 2438 2730 quis
2461 2658 2623 2726 dicat,
2654 2657 2931 2714 Soilicitus
2951 2657 3178 2728 quidem
3209 2665 3311 2725 est,
3341 2672 3528 2712 verum
3575 2657 3652 2712 sic
3680 2658 3812 2714 sim-

2207 2749 2434 2820 pliciter,
2489 2748 2730 2820 speciem
2769 2747 2942 2804 etiam
2984 2746 3370 2803 sollicitudinis
3411 2746 3642 2802 indicat.
3697 2749 3813 2804 Nec

2207 2837 2363 2905 dixit,
2405 2838 2680 2909 Partieeps
2743 2854 2870 2894 sum
2943 2837 3212 2906 maeroris,
3279 2836 3396 2906 sed,
3473 2837 3640 2893 Velut
3694 2836 3812 2908 ipse

2208 2927 2459 2983 inﬁrmus
2497 2928 2623 2996 sim,
2667 2927 2896 2999 perinde
2934 2925 3167 2983 affectus
3217 2942 3361 2981 sum.
3411 2925 3683 2997 Intelliges
3727 2943 3813 2982 au-

2205 3025 2322 3074 tem
2367 3017 2458 3074 hic
2487 3017 2866 3073 inﬁrmitatem
2921 3017 3185 3088 corporis,
3217 3016 3567 3087 potissimum
3606 3031 3734 3072 vero
3760 3023 3815 3071 et

2206 3107 2424 3163 animae.
2470 3107 2631 3178 Quod
2661 3108 2757 3176 ait,
2788 3130 2812 3155 α
2845 3106 2998 3176 Quis,
3043 3128 3069 3156 »
3122 3105 3499 3178 accipiendum
3525 3113 3628 3174 est,
3651 3104 3812 3178 quasi

2124 3225 2172 3290 ο
2208 3197 2372 3265 dicat,
2405 3197 2528 3254 Sive
2558 3213 2792 3271 magnus
2818 3196 2914 3265 sit,
2945 3195 3055 3252 sive
3091 3196 3230 3251 vilis.

2281 3310 2306 3336 α
2363 3287 2498 3356 Quis
2525 3285 2947 3355 scandalizatur,
3001 3294 3056 3342 et
3107 3301 3209 3358 ego
3256 3301 3368 3342 non
3396 3288 3572 3342 uror?
3620 3284 3811 3344 Anim-

2200 3375 2422 3433 adverte
2467 3376 2750 3448 quomodo
2801 3376 3009 3432 doloris
3050 3376 3489 3448 magnitudinem
3521 3392 3810 3448 expresse-

2201 3468 2290 3522 rit.
2345 3467 2613 3522 Incendor
2657 3467 2826 3537 enim,
2871 3467 3068 3538 inquit,
3121 3475 3177 3522 et
3214 3482 3375 3534 uror;
3419 3466 3637 3538 aliaque
3684 3481 3809 3538 pas-

2199 3571 2295 3612 sus
2341 3555 2648 3624 laetabatur,
2693 3555 2892 3628 quippe
2945 3555 3038 3627 qui
3087 3555 3255 3611 sciret
3293 3571 3411 3611 sese
3438 3572 3534 3626 pro
3567 3555 3808 3610 Domino

2200 3660 2299 3700 suo
2328 3644 2455 3699 talia
2490 3643 2651 3700 ferre.
2688 3645 2795 3700 Hic
2840 3660 2972 3699 vero
3017 3645 3205 3699 anima
3250 3645 3629 3713 sauciabatur,
3670 3644 3808 3701 adeo

2199 3742 2257 3790 ut
2283 3733 2387 3789 hoc
2425 3735 2630 3806 ipsum,
2689 3733 2839 3806 quod
2886 3732 3103 3805 aliquis,
3151 3733 3400 3804 quamvis
3450 3734 3688 3806 vulgaris
3737 3735 3809 3790 sit

2199 3831 2253 3879 et
2301 3823 2568 3896 abjectus,
2633 3822 2952 3878 scandalum
3022 3822 3289 3894 patiatur,
3357 3823 3536 3893 ipsum
3596 3823 3808 3895 majore

2199 3929 2435 3969 maerore
2459 3911 2754 3968 afﬁciebat.
2777 3915 2947 3968 Porro
2968 3911 3140 3966 David
3166 3911 3346 3978 docet,
3370 3910 3519 3983 quod
3537 3931 3563 3962 «
3581 3914 3753 3978 Uror,
3778 3936 3803 3960 υ

2199 4019 2320 4074 pro,
2347 4002 2717 4070 Scandalizor,
2741 4001 3157 4073 intelligendum
3189 4009 3293 4057 est.
3336 4003 3417 4056 Ut
3460 4001 3610 4056 enim
3644 4000 3800 4069 dixit,

2206 4112 2232 4144 ι(
2263 4092 2398 4162 Quis
2422 4091 2754 4159 inﬁrmatur,
2788 4100 2842 4146 et
2889 4107 2991 4163 ego
3032 4107 3147 4146 non
3177 4090 3428 4146 inﬁrmor
3461 4093 3484 4145 P
3524 4114 3546 4139 υ
3587 4091 3666 4146 sic
3693 4089 3802 4146 ait:

2198 4184 2269 4237 Et
2296 4182 2340 4237 si
2377 4181 2789 4238 scandalizatur
2818 4181 3044 4253 aliquis,
3077 4197 3179 4254 ego
3209 4197 3430 4253 quoque
3461 4179 3804 4236 scandaliza-

2197 4263 2246 4318 ri
2287 4262 2492 4330 videor,
2535 4263 2716 4334 doque
2757 4278 2983 4333 operam
3022 4263 3170 4317 malo
3214 4261 3343 4317 huic
3388 4259 3626 4327 mederi,
3657 4260 3803 4316 haud

2197 4343 2603 4398 scandalizatur
2670 4342 2888 4414 aliquis,
2973 4358 3075 4413 ego
3143 4357 3364 4414 quoque
3451 4341 3805 4397 scandalizari

2198 4439 2357 4480 secus
2398 4431 2560 4494 atque
2589 4439 2780 4479 meum
2810 4422 2968 4478 foret.
3008 4423 3123 4479 Ubi
3155 4439 3285 4478 vero
3316 4422 3497 4478 David
3527 4423 3672 4477 istuc
3698 4423 3806 4476 ait?

2111 4514 2162 4578 Ι)
2198 4527 2222 4552 α
2247 4507 2399 4560 Dum
2433 4504 2678 4575 superbit
2722 4504 2943 4576 impius,
2984 4502 3295 4558 incenditur
3319 4511 3566 4574 pauperu
3601 4541 3616 4567 ,
3639 4526 3662 4549 υ
3703 4503 3807 4557 hoc

2193 4593 2296 4654 est,
2352 4584 2754 4640 scandalizatur
2779 4600 3004 4656 pauper,
3037 4592 3223 4638 mente
3272 4599 3367 4638 sua
3413 4590 3667 4652 repetens
3718 4581 3804 4637 in-

2191 4665 2393 4737 dignos
2445 4665 2777 4721 ditescentes
2815 4673 2872 4719 et
2895 4665 3086 4719 elatos.

2265 4757 2439 4811 Vens.
2471 4757 2561 4811 30.
2599 4778 2624 4804 κ
2672 4755 2732 4811 Si
2771 4753 2995 4827 gloriari
3026 4760 3265 4824 oportet,
3316 4767 3440 4823 quae
3469 4750 3806 4809 inﬁrmitatis

2193 4859 2336 4900 mea:
2365 4851 2514 4911 sunt,
2569 4843 2870 4916 gloriabor.
2903 4866 2929 4892 ιο
2975 4841 3366 4898 Inﬁrmitatem
3396 4841 3804 4912 persecutiones

2193 4933 2451 4990 vocatzin
2470 4933 2763 4989 tolerantia
2800 4933 2950 4989 enim
2989 4932 3210 4998 inediae,
3240 4931 3552 4995 verberum,
3587 4928 3805 4986 naufra-

2193 5023 2289 5095 gii,
2319 5023 2665 5095 aliorumque
2701 5023 2980 5078 malorum
3035 5021 3326 5093 patientia,
3358 5019 3596 5074 humana
3631 5018 3805 5074 imbe-

2188 5111 2383 5168 cillitas
2443 5111 2884 5168 demonstratur.
2944 5112 3238 5183 Signorum
3293 5117 3482 5164 autem
3540 5108 3625 5163 hic
3686 5125 3801 5165 non

2187 5201 2462 5270 meminit,
2492 5201 2767 5274 siquidem
2794 5218 2856 5256 ea
2885 5200 3112 5257 fuerunt
3150 5199 3362 5254 donum
3392 5198 3513 5253 Dei.
3549 5199 3682 5253 HERC
3710 5214 3806 5253 au-

2189 5299 2304 5348 tem
2332 5307 2442 5348 una
2489 5307 2619 5348 cum
2664 5291 2768 5348 Dei
2806 5292 3047 5364 potentia
3073 5289 3239 5363 ipsius
3278 5288 3444 5344 etiam
3479 5287 3801 5359 patientiam

2190 5382 2736 5438 commonstrabant.

2263 5474 2444 5528 Vnus.
2481 5477 2570 5529 31.
2636 5475 2844 5528 «Deus
2891 5478 2948 5527 et
2989 5473 3152 5527 Pater
3201 5468 3436 5525 Domini
3462 5467 3641 5524 nostri
3671 5470 3803 5524 Jesu

1872 5690 2061 5751 Variae
2106 5693 2414 5757 lectiones.

552 5781 599 5820 se
625 5785 742 5857 πρὸς
763 5801 817 5841 ο,
891 5787 938 5821 θο
961 5788 1157 5854 Παῦλος
1185 5807 1238 5851 ο,
1315 5792 1356 5827 ⁰¹
1394 5791 1601 5859 ἀναξίως
1625 5809 1679 5854 o.

1760 5798 1802 5831 9³
1832 5802 1918 5852 τοῦ
1947 5798 2074 5854 Θεοῦ
2102 5815 2159 5858 ο.
