4134 6450
315 436 420 505 927

1303 448 1844 520 THEOPHYLACTL;
1864 448 2227 506 BULGARLE
2264 451 2580 509 ARCHIEP.

3513 457 3618 511 928

313 572 532 642 Christi,
566 574 659 645 qui
710 580 794 630 est
823 573 1142 631 benedictus
1162 575 1219 629 in
1260 575 1484 641 saecula,
1512 575 1614 631 scit
1628 573 1776 646 quod
1802 590 1917 629 non

2032 577 2260 655 Χριστοῦ
2286 566 2455 652 οἶδεν,
2493 582 2520 637 6
2565 575 2639 636 ὢν
2687 578 2967 657 εὐλογητὸς
3008 581 3077 646 εἷς
3113 577 3233 646 τοὺς
3282 580 3507 653 αἰῶνας,
3540 579 3622 639 ὅτι

311 664 569 720 mentiar.
615 687 641 713 ιι
688 666 828 721 Cum
856 665 913 719 in
942 664 1212 735 prioribus
1242 665 1449 720 nullam
1477 662 1669 720 fecerit
1713 664 1911 720 conﬁr-

310 754 619 810 mationem
648 769 846 810 eorum
879 769 1002 825 quae
1028 753 1255 823 diceret,
1289 754 1376 811 hic
1411 754 1727 822 confirmat,
1763 761 1819 810 et
1844 752 1914 809 fi-

311 842 441 899 dem
499 843 756 900 conciliat
796 844 910 899 suis
944 843 1126 899 verbis
1169 862 1183 898 :
1239 844 1431 900 forsan
1467 844 1596 915 quia
1642 844 1911 900 vetustius

313 943 433 988 erat
477 941 532 989 et
568 933 852 989 obscurius
879 933 1027 1006 quod
1058 934 1305 990 dicturus
1351 942 1494 1005 erat;
1552 941 1746 990 caetera
1779 949 1911 989 vero

321 1022 454 1093 ipsis
492 1031 645 1079 erant
672 1024 912 1093 cognita,
941 1031 1005 1078 ut
1031 1023 1366 1090 sollicitudo,
1396 1023 1560 1096 idque
1583 1039 1756 1095 genus
1786 1023 1909 1080 alia.

388 1114 570 1169 Vnns.
627 1117 722 1167 32.
781 1136 806 1160 ι
857 1112 1112 1168 Damasci
1152 1113 1477 1184 praepositus
1505 1113 1684 1185 gentis
1730 1117 1914 1169 Aretaa

317 1202 463 1274 regis
507 1201 856 1257 custodiebat
883 1201 1163 1257 civitatem
1193 1204 1692 1273 Damascenorum,
1733 1209 1800 1258 ut
1826 1217 1915 1257 me

311 1289 823 1363 comprehenderet.
859 1314 886 1340 ν
927 1290 1171 1347 Observa
1194 1300 1463 1363 quantum
1489 1290 1657 1348 fuerit
1684 1291 1910 1360 bellum,

313 1380 587 1452 siquidem
615 1379 787 1451 ipsius
835 1396 999 1437 causa
1046 1381 1297 1453 princeps
1350 1380 1603 1453 praesidio
1653 1379 1915 1437 firmabat

313 1471 533 1537 urbem,
571 1469 941 1541 excubiasque
992 1471 1206 1541 agebat.
1251 1469 1695 1542 Haudquaquam
1728 1478 1911 1525 autem

315 1574 375 1615 se
445 1558 519 1615 ita
586 1559 842 1631 gessisset
881 1560 1061 1632 gentis
1106 1558 1416 1632 praefectus,
1448 1560 1507 1615 ni
1544 1560 1713 1625 Pauli
1760 1560 1915 1616 zelus

315 1647 501 1704 omnia
527 1647 876 1705 incendisset.
912 1649 1042 1706 Fuit
1068 1659 1255 1706 autem
1280 1653 1479 1706 Aretas
1509 1649 1744 1705 Herodis
1770 1649 1913 1723 regis

312 1753 488 1794 SOCCI‘.

385 1830 567 1885 Vens.
596 1834 684 1883 33.
714 1851 740 1878 κ
770 1831 851 1885 Ac
871 1829 1042 1901 309
1068 1845 1169 1902 per
1195 1828 1492 1886 fenestram
1519 1828 1577 1885 in
1602 1837 1788 1902 sporta
1813 1827 1910 1885 de-
1939 1831 1989 1895 B

315 1919 515 1975 missus
526 1934 650 1976 sum
664 1934 758 1990 per
776 1935 1020 1986 murum,
1034 1917 1270 1992 eteffugi
1289 1935 1486 1975 manus
1500 1919 1639 1992 ejus.
1659 1942 1686 1968 ν
1706 1918 1919 1991 Effugi,

317 2009 558 2064 Herilem
581 2009 760 2085 legem
784 2009 1067 2081 complens
1094 2028 1106 2063 :
1140 2025 1271 2065 nam
1288 2018 1342 2065 et
1364 2008 1641 2065 Dominus
1662 2008 1923 2081 migravit

317 2097 388 2154 de
418 2098 539 2155 loco
564 2099 622 2153 in
649 2098 848 2154 locum.
880 2100 1005 2153 Non
1034 2099 1183 2154 enim
1210 2114 1349 2169 opus
1376 2108 1461 2155 est
1487 2106 1547 2154 ut
1574 2100 1828 2169 nosipsos
1861 2097 1921 2153 in

315 2188 651 2244 tentationes
687 2187 1016 2259 injiciamus.
1064 2187 1174 2242 Ubi
1204 2187 1372 2260 igitur
1425 2187 1741 2259 hujusmodi
1789 2195 1920 2243 sunt

317 2277 482 2347 mala,
514 2292 545 2333 e
564 2276 768 2349 quibus
788 2276 1017 2332 evadere
1040 2292 1155 2332 non
1174 2277 1372 2349 possis,
1400 2277 1519 2333 solo
1543 2280 1661 2332 Deo
1683 2275 1915 2349 indiges,

314 2375 370 2423 et
390 2366 461 2424 ab
485 2366 577 2422 illo
595 2365 865 2422 duntaxat
884 2381 1013 2422 cum
1034 2366 1389 2439 inquirenda,
1403 2375 1524 2423 tum
1544 2365 1919 2439 exspectanda

315 2467 397 2515 est
423 2458 692 2515 liberatio.
725 2457 823 2513 Sin
865 2456 1162 2513 tolerabilis
1192 2473 1257 2513 ac
1284 2456 1567 2513 moderata
1605 2456 1770 2514 fuerit
1797 2464 1918 2513 ten-

313 2549 472 2617 tatio,
501 2564 531 2605 a
558 2548 720 2604 nobis
743 2549 914 2605 etiam
942 2547 1150 2621 aliquid
1173 2546 1593 2620 excogitandum
1622 2554 1737 2603 est:
1766 2546 1918 2619 atqui

318 2639 399 2694 vel
428 2639 509 2694 sic
543 2645 725 2694 totum
776 2642 898 2694 Deo
933 2637 1308 2704 tribuendum,
1363 2636 1842 2710 quemadmodum
1865 2643 1921 2693 et

318 2727 422 2784 iste
439 2728 493 2783 in
520 2736 706 2799 sporta
734 2726 942 2801 effugit.
968 2727 1194 2783 Etiamsi
1225 2726 1377 2784 enim
1400 2742 1531 2783 cum
1556 2725 1778 2783 Christo
1799 2741 1921 2783 esse

316 2817 870 2889 expeteret,salutem
888 2825 1082 2873 tamen
1120 2816 1439 2874 mortalium
1480 2815 1723 2883 amabat,
1753 2831 1921 2888 seque

317 2907 499 2978 ipsum
523 2905 677 2962 verbi
704 2906 1007 2962 ministerio
1029 2905 1298 2962 servabat.

927 3013 1159 3070 CAPUT
1185 3015 1313 3069 ΧΠ.

393 3125 575 3179 Vens.
603 3128 653 3177 1.
674 3143 699 3170 α
727 3120 965 3178 Gloriari
981 3136 1106 3177 vero
1125 3137 1242 3176 non
1258 3119 1480 3192 expedit
1501 3119 1663 3176 mihi.
1687 3120 1924 3177 Veniam

322 3212 467 3268 enim
500 3213 569 3267 ad
598 3211 835 3266 visiones
859 3219 918 3265 et
943 3209 1303 3266 revelationes
1327 3209 1579 3266 Domini.
1618 3231 1645 3261 ‹‹
1693 3210 1830 3281 Quia
1855 3208 1924 3266 ad

2034 3207 2107 3272 εἷς
2140 3203 2399 3285 ὀπτασίας
2427 3203 2519 3262 καὶ
2549 3204 2912 3285 ἀποκαλύψεις
2954 3204 3178 3283 Κυρίου.
3217 3232 3243 3258 ιι

323 3300 487 3356 aliam
513 3298 855 3372 gloriationis
883 3296 1119 3356 formam
1147 3299 1364 3366 transit,
1395 3314 1521 3371 quae
1550 3300 1729 3371 ipsum
1752 3300 1932 3372 splen-

322 3389 513 3447 didum
534 3387 789 3457 faciebat,
812 3388 1208 3445 revelationum
1233 3388 1518 3454 nimirum,
1544 3391 1672 3444 Non
1689 3389 1925 3460 expedit,

318 3479 513 3551 inquit,
559 3478 697 3533 mihi
750 3478 875 3547 hoc,
908 3493 978 3534 ne
1027 3493 1116 3534 me
1163 3479 1233 3535 ad
1280 3478 1658 3551 arrogantiam
1689 3478 1924 3535 attollat.

319 3568 463 3639 Quid
482 3583 611 3623 vero
633 3568 810 3624 sinon
835 3567 987 3624 dicas
1015 3568 1043 3623 ?
1060 3584 1248 3624 nonne
1266 3576 1452 3624 tamen
1476 3568 1566 3624 illa
1592 3568 1741 3624 nosti
1764 3572 1788 3624 Ρ
1824 3568 1930 3625 Sed

320 3674 437 3714 non
465 3672 623 3729 aeque
661 3655 967 3723 efferimur,
1014 3674 1139 3714 cum
1168 3658 1269 3731 ipsi
1298 3673 1359 3715 ea
1405 3656 1554 3730 apud
1579 3673 1681 3714 nos
1729 3674 1933 3732 cogno-

320 3748 547 3815 scimus,
591 3755 758 3820 atque
802 3763 931 3804 cum
979 3746 1054 3804 ad
1081 3747 1219 3804 alios
1246 3746 1602 3819 proferimus,
1651 3755 1709 3804 et
1758 3747 1934 3804 mani-

322 3835 609 3894 festamus.
651 3838 786 3895 Haec
833 3844 1019 3893 autem
1048 3853 1162 3893 non
1211 3837 1367 3909 dixit,
1405 3852 1505 3893 ceu
1536 3836 1655 3908 ipse
1697 3836 1770 3894 sit
1805 3853 1930 3909 pas-

320 3942 482 3983 surus
510 3926 714 3999 aliquid
743 3926 1085 3999 hujusmodi,
1111 3926 1211 3982 sed
1250 3933 1313 3982 ut
1332 3925 1553 3982 erudiat
1581 3941 1709 3990 nos.
1742 3934 1805 3982 ut
1839 3926 1934 3982 hu-

311 4016 557 4087 jusmodi
604 4015 751 4087 apud
780 4032 882 4071 nos
926 4016 1029 4088 ipsi
1077 4015 1482 4071 contineamus.
1540 4015 1684 4086 Quin
1729 4024 1786 4072 et
1833 4016 1934 4072 alia

319 4106 530 4160 ratione
552 4124 565 4160 :
597 4127 622 4154 α
650 4107 775 4159 Non
796 4104 1074 4173 conducit,
1099 4127 1124 4153 υ
1149 4120 1222 4160 ne
1243 4104 1371 4176 quis
1391 4120 1483 4161 me
1504 4105 1778 4178 majorem
1797 4105 1935 4161 arbi.

324 4203 502 4249 tretur
535 4209 702 4265 quam
732 4193 885 4249 videt
912 4208 1003 4249 me
1032 4210 1045 4249 :
1084 4191 1139 4248 id
1168 4193 1318 4265 quod
1346 4194 1403 4248 in
1443 4209 1742 4267 progressu
1775 4194 1930 4251 dicit.

320 4281 739 4353 Pseudapostoli
784 4282 933 4338 enim
966 4281 1185 4338 etiamsi
1212 4282 1349 4338 nihil
1400 4282 1690 4352 haberent,
1737 4284 1932 4355 loque-

327 4371 529 4426 bantur
555 4379 766 4426 tamen.
809 4370 914 4427 Hic
956 4387 1088 4427 vero
1115 4379 1325 4439 noster,
1358 4372 1572 4429 etiamsi
1612 4373 1816 4429 multas
1857 4371 1933 4427 vi-

323 4461 504 4517 siones
533 4460 760 4516 Domini
789 4469 845 4517 et
880 4461 1239 4518 revelationes
1259 4461 1504 4530 haberet,
1542 4462 1708 4519 unius
1734 4470 1927 4518 tamen

2027 667 2087 724 οὗ
2144 666 2430 745 ψεύδομαι.
2466 694 2488 720 ιο
2541 668 2668 729 Ἐπ’
2724 670 2896 728 οὐδενὶ
2945 672 3048 728 τῶν
3112 668 3382 748 προτέρων
3440 669 3618 728 διαϐε-

2026 754 2247 814 ϐαίωσίν
2309 781 2427 816 τινα
2487 757 2880 834 ποιησάμενος,
2933 760 3158 817 ἐνταῦθα
3216 757 3621 818 διαϐεϐαιοῦται

2022 845 2116 904 καὶ
2144 850 2425 905 πιστοῦται
2457 871 2470 885 ο
2507 846 2634 914 ἴσως
2673 846 2807 906 διότι
2850 846 3194 928 ἀρχαιότερον
3240 840 3304 920 ἦν
3352 848 3463 928 καὶ,
3495 848 3623 920 ἀδη-

2023 934 2258 1014 λότερον.
2313 935 2505 997 Τάλλα
2532 936 2583 973 ⁰³
2634 937 2691 995 δὲ
2735 937 2826 996 καὶ
2871 927 3042 1002 αὐτοῖς
3095 935 3374 1017 γνώριμα,
3427 927 3534 996 οἷον
3585 942 3618 1011 ἡ

2023 1024 2285 1103 μέριμνα,
2311 1025 2402 1084 καὶ
2429 1025 2498 1084 τὰ
2532 1025 2715 1085 λοιπά.

2105 1142 2130 1164 σ
2158 1114 2252 1174 Ἐν
2281 1118 2563 1196 Δαμασκῷ
2595 1119 2623 1174 6
2669 1113 2931 1196 ἐθνάρχης
2982 1114 3170 1197 Ἀρέτα
3217 1120 3308 1176 τοῦ
3360 1116 3622 1197 βασιλέως

2023 1204 2266 1284 ἐφρούρει
2291 1204 2390 1276 τὴν
2420 1207 2796 1283 Δαμασκηνῶν
2829 1204 3012 1279 πόλιν,
3060 1207 3255 1267 πιάσαι
3284 1231 3353 1284 με
3379 1206 3568 1266 θέλων.
3597 1232 3623 1259 ι

2020 1289 2170 1373 Ὅρα
2205 1292 2295 1352 τὸν
2342 1292 2611 1371 πόλεμον,
2662 1293 2811 1368 ὅσος,
2869 1295 2920 1354 εί
2972 1320 3033 1374 γε
3075 1296 3140 1355 δι’
3174 1295 3330 1356 αὐτὸν
3380 1295 3625 1378 ἐφρούρει

2023 1380 2119 1455 τὴν
2170 1382 2324 1443 πόλιν
2377 1387 2406 1442 6
2459 1387 2683 1466 ἄρχωνο
2730 1384 2946 1452 πάντως
2999 1384 3058 1445 δὲ
3101 1390 3194 1445 οὐκ
3239 1384 3302 1445 ἂν
3352 1388 3493 1445 οὕτω
3542 1387 3620 1445 δι’

2022 1468 2194 1532 έκειτο
2221 1477 2251 1533 6
2293 1473 2581 1555 ἐθνάρχης,
2625 1475 2672 1532 εἰ
2704 1472 2780 1552 μὴ
2821 1480 2849 1535 6
2895 1474 3114 1534 Παύλου
3144 1477 3300 1547 ζῆλος
3332 1475 3624 1556 ἐπυρπόλει

2022 1561 2090 1621 τὰ
2117 1563 2318 1624 πάντα.
2354 1562 2614 1644 Πενθερὸς
2644 1563 2700 1623 δὲ
2726 1563 2973 1642 Ἡρώδου
3002 1570 3031 1624 6
3061 1564 3298 1645 Ἀρέτας.

2110 1860 2138 1897 (ι
2169 1838 2280 1900 Καὶ
2312 1837 2400 1898 διὰ
2447 1838 2648 1920 θυρίδος
2677 1842 2729 1899 ἐν
2778 1839 3020 1920 σαργάνῃ
3069 1839 3376 1922 ἐχαλάσθην
3408 1839 3495 1900 διὰ
3529 1845 3621 1900 τοῦ

2028 1928 2262 2009 τείχους,
2310 1929 2400 1987 καὶ
2440 1928 2683 2009 ἐξέφυγον
2714 1928 2808 1997 τὰς
2835 1934 3019 2010 χεῖρας
3049 1931 3228 1990 αὐτοῦ.
3258 1957 3281 1981 υ
3321 1930 3617 2010 Ἐξέφυγε,

2022 2017 2346 2079 Δεσποτικὸν
2399 2017 2557 2095 νόμον
2609 2022 2828 2098 πληρῶν
2858 2042 2872 2057 ο
2921 2019 3012 2079 καὶ
3061 2019 3166 2101 γὰρ
3210 2019 3304 2080 καὶ
3334 2024 3362 2079 6
3425 2019 3619 2100 Κύριος

2025 2109 2313 2184 μεθίστατο
2361 2110 2422 2167 ἐκ
2449 2106 2614 2168 τόπου
2661 2110 2733 2176 εἷς
2774 2108 2939 2170 τόπον
2970 2127 2983 2143 ⁸
3038 2111 3096 2169 οὖ
3144 2108 3247 2188 γὰρ
3293 2110 3621 2193 ἐπιῤῥίπτειν

2023 2196 2240 2263 ἑαυτοὺς
2284 2204 2392 2263 τοῖς
2438 2206 2752 2278 πειρασμοῖς
2784 2201 2883 2262 δεῖ.
2929 2197 3102 2259 Ἔνθα
3147 2199 3243 2275 μὲν
3287 2190 3622 2279 οῦν-ἄφυκτα

2022 2287 2089 2346 τὰ
2119 2286 2291 2364 κακὰ,
2316 2293 2411 2347 τοῦ
2440 2289 2582 2349 Θεοῦ
2611 2289 2690 2347 δεῖ
2731 2290 2922 2367 μόνον,
2955 2288 3049 2348 καὶ
3077 2287 3204 2370 παρ’
3229 2288 3432 2349 ἐκείνου
3464 2288 3626 2365 μόνου

2025 2377 2278 2449 ζητητέον
2324 2377 2416 2436 καὶ
2463 2379 2813 2454 ἀναμενετέον
2876 2377 2976 2452 τὴν
3028 2378 3291 2458 λύτρωσιν
3319 2402 3333 2417 ο
3388 2378 3514 2439 ἔνθα
3568 2376 3625 2438 δὲ

2025 2467 2329 2548 σύμμετρος
2369 2470 2399 2526 6
2430 2468 2759 2547 πειρασμὸς,
2810 2468 2901 2527 καὶ
2932 2466 3133 2527 οἴκοθέν
3175 2492 3230 2526 τι
3277 2468 3586 2542 ἐπινοητέον
3613 2492 3628 2506 ·

2024 2560 2101 2638 τῷ
2125 2559 2252 2637 Θεῷ
2282 2556 2461 2638 μέντοι
2509 2560 2601 2617 καὶ
2647 2556 2785 2616 οὕτω
2831 2558 2891 2618 τὸ
2932 2566 3040 2615 πᾶν
3084 2557 3393 2635 ἀναθετέον,
3446 2557 3628 2636 ὥσπερ

2028 2637 2091 2718 δὴ
2127 2646 2218 2705 καὶ
2250 2637 2397 2730 οξτος
2435 2649 2488 2706 ἐν
2530 2647 2769 2728 σαργάνῃ
2819 2647 3083 2730 διέφυγεν.
3143 2649 3213 2709 Εἰ
3261 2647 3364 2728 γὰρ
3405 2648 3496 2707 καὶ
3531 2646 3628 2708 σὺν

2026 2738 2246 2817 Χριστῷ
2277 2726 2411 2794 εἶναι
2442 2726 2923 2815 ἐπεθύμει,τάλλὰ⁷
2962 2726 3054 2797 καὶ
3084 2742 3178 2809 τῆς
3209 2726 3477 2817 σωτηρίας
3513 2743 3620 2798 τῶν

2029 2825 2322 2908 ἀνθρώπων
2351 2825 2487 2908 ἤρα,
2518 2825 2612 2886 καὶ
2647 2831 2723 2906 τῷ
2753 2827 3058 2909 κηρύγματι
3088 2826 3275 2887 ἑαυτὸν
3301 2827 3499 2907 ἐτήρει.

2598 3006 2887 3067 ΚΕΦΑΛ.
2946 3006 3062 3067 IB'.

2116 3138 2145 3174 σ
2194 3118 2525 3195 Καυχᾶσθαι
2563 3112 2618 3173 δὲ
2648 3115 2709 3173 οὖ
2738 3114 2996 3195 συμφέρει
3043 3137 3135 3193 μοι
3161 3138 3175 3153 ο
3208 3114 3500 3192 ἐλεύσομαι
3527 3115 3633 3197 γὰρ

3289 3203 3517 3277 Ἐπειδὴ
3561 3208 3636 3275 εἰς

2036 3294 2214 3374 ἕτερον
2273 3282 2407 3359 εἶδος
2461 3293 2774 3372 καυχήσεως
2813 3282 3193 3371 *μεταϐαίνεῃ
3273 3290 3403 3376 ὅπερ
3478 3294 3633 3355 αὐτὸν

2037 3385 2202 3444 ἐποίει
2232 3381 2508 3463 λαμπρὸν,
2540 3382 2599 3442 τὸ
2622 3386 2726 3442 τῶν
2760 3384 3167 3466 ἀποκαλύψεων,
3189 3383 3374 3465 φησὶν,
3406 3384 3488 3445 ὅτι
3508 3413 3531 3439 α
3549 3386 3630 3445 Οὖ

2036 3472 2294 3553 συμφέρει
2321 3496 2411 3552 μοι
2442 3500 2467 3526 ιι
2496 3478 2651 3533 τοῦτο
2672 3517 2688 3546 ,
2720 3475 2811 3531 ἳνα
2842 3472 2916 3549 μή
2951 3498 3016 3551 με
3048 3476 3120 3541 εἰς
3149 3473 3401 3533 ἀπόνοιαν
3433 3474 3628 3555 ἐπάρῃ.

2034 3563 2104 3624 Τί
2151 3561 2207 3621 δὲ
2258 3560 2347 3622 ἐὰν
2398 3561 2473 3640 μὴ
2523 3560 2718 3642 dum;
2751 3563 2848 3622 οὐκ
2890 3555 3037 3630 οἶδας
3089 3562 3236 3640 ὅμως
3288 3563 3457 3641 αὗτά;
3493 3563 3633 3625 Ἀλλ’

2035 3658 2137 3734 οὐχ
2166 3651 2359 3728 ὁμοίως
2404 3651 2733 3733 ἐπαιρόμεθα
2778 3651 2927 3713 αὐτοὶ
2969 3654 3165 3721 εἰδότες
3196 3654 3373 3733 αὐτὰ,
3420 3654 3514 3714 καὶ
3565 3657 3638 3722 εἷς

2038 3742 2301 3816 ἀλλήλους
2329 3741 2379 3780 ⁹⁴
2411 3743 2733 3823 ἐκφέροντες.
2756 3746 2947 3804 Ταῦτα
2978 3740 3033 3803 δέ
3058 3742 3202 3822 λέγει
3220 3789 3237 3818 ,
3261 3746 3361 3824 οὐχ
3383 3746 3455 3812 ὥς
3480 3744 3637 3813 αὐτὸς

2041 3832 2251 3913 μέλλων
2287 3836 2475 3891 παθεῖν
2515 3856 2567 3890 τι
2615 3838 2852 3893 τοιοῦτον
2873 3879 2890 3910 ,
2923 3835 3043 3893 ἀλλ’
3086 3838 3231 3908 ἡμᾶς
3270 3833 3537 3893 παιδεύων
3567 3833 3636 3892 τὰ

2039 3927 2262 3982 τοιαῦτα
2291 3923 2421 4001 παρ’
2449 3924 2652 3989 ἑαυτοῖς
2694 3925 2965 4003 κατέχειν.
3005 3926 3111 3983 Καὶ
3151 3923 3325 3991 ἄλλως
3374 3923 3462 3994 δὲ,
3494 3950 3518 3976 α
3553 3925 3637 3984 Οὔ

2041 4010 2302 4092 συμφέρει
2322 4056 2339 4084 ,
2372 4037 2396 4062 υ
2424 4008 2513 4069 ἵνα
2547 4011 2622 4089 μή
2656 4011 2737 4079 τίς
2762 4035 2829 4088 με
2854 4011 3048 4093 νομίσῃ
3079 4011 3212 4092 ὑπὲρ
3240 4010 3269 4070 ὃ
3314 4011 3501 4092 βλέπει
3548 4036 3635 4091 με.

2039 4099 2117 4163 ⁸0
2147 4101 2238 4160 καὶ
2280 4099 2580 4159 ὓποκατιὼν
2629 4099 2808 4183 λέγει,
2843 4104 2915 4162 Οἱ
2952 4103 3056 4182 γὰρ
3086 4100 3505 4183 ψευδαπόστολοι
3542 4101 3637 4161 καὶ

2045 4189 2210 4266 μηδὲν
2251 4187 2462 4270 ἔχοντες
2496 4188 2675 4267 ἔλεγον
2705 4181 2719 4227 4
2750 4181 2901 4259 οὗτος
2948 4190 3003 4250 δὲ
3032 4181 3218 4250 καίτοι
3247 4189 3451 4258 πολλὰς
3499 4190 3636 4270 ἔχων

2043 4278 2301 4344 ὀπτασίας
2335 4279 2531 4357 Κυρίου
2554 4279 2646 4339 καὶ
2681 4280 3074 4362 ἀποκαλύψεις,
3101 4280 3245 4357 ὅμως
3274 4289 3402 4359 μιᾶς
3433 4280 3640 4357 μέμνη-

2043 4393 2173 4443 ται,
2229 4368 2320 4427 καὶ
2362 4369 2559 4440 ταύτης
2609 4368 2771 4429 ἄκων.
2808 4366 2949 4431 Ἶσθι
2990 4370 3044 4429 δὲ
3088 4367 3169 4430 ὅτι
3210 4375 3244 4442 ἡ
3304 4371 3639 4437 ἀποκάλυψις

2043 4458 2204 4519 πλέον
2247 4481 2298 4517 τι
2333 4459 2445 4538 ἔχει
2469 4458 2518 4496 ⁸⁵
2570 4462 2662 4530 τῆς
2712 4460 2997 4526 ὀπτασίας.
3049 4458 3123 4521 ⁶Η
3173 4459 3274 4536 μὲν
3324 4462 3427 4540 γὰρ
3477 4460 3638 4538 μόνον

324 4550 682 4607 solummodo
710 4551 984 4621 meminit,
1012 4552 1236 4625 ejusque
1260 4552 1481 4608 invitus.
1500 4552 1736 4609 Noveris
1764 4565 1928 4623 porro

2045 4550 2256 4630 βλέπειν
2295 4548 2508 4608 δίδωσιν
2544 4573 2557 4587 ο
2588 4547 2725 4623 αὕτη
2775 4550 2829 4609 δὲ
2858 4549 2952 4610 καί
2982 4573 3035 4609 τι
3067 4549 3352 4630 βαθύτερον
3380 4554 3473 4609 τοῦ
3504 4553 3639 4630 ὁρω-

326 4640 477 4712 quod
514 4640 771 4697 revelatio
797 4641 977 4714 majus
1014 4641 1303 4713 quidpiam
1347 4640 1517 4697 habet
1556 4655 1725 4711 quam
1757 4637 1931 4695 visio:

326 4729 447 4786 haec
483 4729 632 4785 enim
676 4730 1067 4787 tantummodo
1096 4730 1285 4786 videre
1314 4728 1447 4786 facit
1479 4748 1492 4785 :
1518 4728 1776 4785 revelatio
1801 4743 1930 4785 vero

327 4819 487 4875 altius
515 4818 781 4891 quiddam
818 4836 985 4891 quam
1033 4819 1270 4888 videtur,
1300 4817 1570 4875 denudat.
1601 4829 1606 4833 '

399 4910 579 4965 Vens.
626 4914 681 4964 2.
725 4927 755 4960 «
793 4909 915 4965 Scio
946 4909 1234 4965 hominem
1262 4909 1320 4964 in
1353 4908 1573 4965 Christo
1601 4916 1729 4965 ante
1755 4923 1933 4964 annos

327 4996 768 5070 quatuordecim.
808 5019 826 5048 ι
871 5000 1060 5070 Neque
1103 4998 1357 5054 omnium
1385 4997 1785 5054 revelationum
1812 5014 1930 5054 me-

329 5088 488 5144 minit
543 5087 836 5154 (molestus
880 5089 1033 5143 enim
1062 5086 1255 5144 fuisset
1284 5105 1299 5143 :
1329 5102 1462 5144 nam
1499 5087 1689 5144 multae
1718 5092 1932 5156 erant),

330 5192 512 5248 neque
537 5192 733 5234 omnes
783 5177 975 5233 reticet
1004 5196 1020 5232 :
1054 5176 1152 5233 sed
1197 5177 1283 5232 vel
1311 5177 1536 5245 invitus,
1585 5175 1655 5233 de
1681 5192 1791 5234 una
1817 5177 1935 5234 sola

332 5267 591 5339 loquitur,
619 5274 685 5324 ut
710 5267 909 5325 indicet
936 5266 1084 5339 quod
1117 5275 1171 5323 et
1201 5265 1367 5340 hujus
1397 5267 1568 5323 invito
1592 5267 1936 5324 mentionem

330 5355 540 5413 fecerit.
575 5356 802 5413 Addidit
852 5365 1062 5425 autem,
1110 5379 1136 5405 α
1178 5358 1244 5412 In
1300 5355 1539 5426 Christo,
1577 5380 1604 5406 α
1652 5372 1723 5414 ne
1750 5356 1938 5414 dicant

331 5447 738 5518 pseudapostoli
756 5447 903 5519 quod
923 5463 955 5503 a
993 5446 1247 5503 daemone
1275 5446 1348 5503 sit
1376 5446 1599 5519 perinde
1626 5455 1818 5520 raptus
1847 5454 1935 5503 at-

333 5550 440 5607 que
494 5536 704 5592 Simon.
765 5539 955 5609 Neque
1009 5546 1210 5608 praeter
1255 5536 1534 5593 rationem
1583 5545 1802 5610 tempus
1853 5544 1939 5593 est

2043 4639 2203 4717 μένου
2232 4640 2549 4718 ἀπογυμνοί.

2129 4923 2153 4949 α
2189 4887 2331 4957 Οἶδα
2362 4896 2640 4976 ἄνθρωπον
2684 4898 2738 4955 ἐν
2787 4899 3005 4977 Χριστῷ
3042 4895 3146 4977 πρὸ
3195 4898 3324 4956 ἐτῶν
3372 4897 3638 4956 δεκατεσ-

2041 4987 2244 5067 σάρων.
2285 5015 2309 5039 ν
2366 4984 2512 5047 Οὔτε
2548 4991 2736 5068 πασῶν
2777 4990 2881 5045 τῶν
2929 4985 3320 5068 ἀποκαλύψεων
3369 4987 3640 5065 μέμνηται

2042 5076 2316 5160 (φορτικὸς
2340 5076 2445 5156 γὰρ
2473 5075 2538 5135 ἂν
2569 5077 2622 5123 9⁸
2661 5067 2754 5149 ἧν,
2788 5078 3001 5136 πολλῶν
3040 5067 3272 5155 οὐσῶν),
3303 5075 3424 5136 οὔτε
3463 5076 3641 5144 πάσας

2041 5175 2374 5248 παρασιωπᾷ
2398 5189 2412 5203 ·
2451 5164 2593 5226 ἀλλὰ
2633 5165 2724 5225 καὶ
2756 5163 2833 5243 μὴ
2880 5164 3078 5241 θέλων,
3129 5165 3275 5244 λέγει
3321 5166 3444 5247 περὶ
3474 5165 3641 5243 μόνης

2045 5267 2199 5335 μιᾶς,
2249 5253 2336 5314 ἵνα
2369 5253 2513 5336 δείξῃ
2545 5254 2629 5314 ὅτι
2673 5254 2817 5314 ἄκων
2857 5254 2950 5314 καὶ
2991 5253 3190 5328 ταύτης
3231 5253 3525 5333 μέμνηται.
3558 5255 3641 5316 T6

2044 5346 2133 5422 δὲ,
2163 5367 2193 5403 «ι
2221 5344 2316 5406 Ἐν
2350 5346 2602 5426 Χριστῷ,
2635 5366 2663 5403 ι)
2701 5343 3061 5425 προσέθηκεν,
3086 5342 3175 5403 ἵνα
3215 5345 3292 5421 μὴ
3334 5343 3558 5404 εἴπωσιν
3590 5346 3640 5403 οἱ

2043 5434 2503 5518 ψευδαπόστολοι,
2551 5431 2633 5493 ὅτι
2663 5433 2767 5493 ὑπὸ
2813 5431 3078 5511 δαιμόνων
3107 5432 3328 5514 ἡρπάγη
3365 5436 3438 5502 ὥς
3472 5436 3501 5492 6
3528 5432 3639 5495 Σί-

2046 5550 2183 5604 μων.
2219 5526 2339 5585 Οὓκ
2364 5523 2565 5603 ἀλόγως
2595 5522 2650 5581 δὲ
2693 5520 2812 5582 οὐδὲ
2851 5525 2881 5580 6
2926 5522 3111 5604 χρόνος
3154 5523 3506 5605 πρόσκειταιο
3547 5521 3637 5582 ἵνα

1736 5651 1924 5713 Variae
1964 5651 2267 5710 lectiones.

406 5770 453 5805 ⁸³
478 5774 639 5825 ταῦτα
656 5786 710 5827 o.
786 5771 830 5805 9‘
855 5771 1039 5834 ἄλλους
1061 5788 1141 5829 m.
1218 5773 1263 5808 9‘
1293 5773 1398 5828 ἐστι
1421 5789 1474 5831 0.
1552 5772 1599 5808 ⁰⁶
1619 5772 1852 5843 φορτικὸν
1883 5771 1981 5846 γὰρ
2006 5788 2061 5829 o.
