4134 6424
470 477 571 530 929

1317 472 1666 530 EXPOSlTlO
1705 475 1772 530 ΙΝ
1813 472 2022 529 EPIST.
2066 474 2110 530 ΙΙ
2148 476 2241 530 ΑΒ
2280 475 2439 532 COR.
2477 504 2548 517 —
2589 476 2740 532 CAP.
2780 477 2886 531 XII.

3671 481 3774 533 930

472 599 644 677 μάθῃς
669 597 748 658 ὅτι
774 597 1138 678 δεκατέσσαρα
1169 597 1264 669 ἔτη
1313 597 1568 678 σιγήσας,
1603 602 1698 658 οὐκ
1731 597 1793 658 ἂν
1827 597 1945 658 οὐδὲ
1973 603 2065 658 νῦν
2095 659 2099 667 ί

2190 599 2523 674 adjunctum,
2549 609 2612 657 ut
2627 600 2804 657 discas
2838 598 2990 672 quod
3015 615 3142 655 cum
3161 600 3577 671 quatuordecim
3604 618 3782 658 annos

468 688 633 768 χωρὶς
678 688 912 767 ἀνάγκης
969 687 1271 759 ἐξελάλησε.
1310 689 1419 746 Καὶ
1465 685 1545 746 ὅτι
1590 690 1636 746 εἰ
1677 688 1782 768 πρὸ
1813 690 2063 747 δεκατεσ-

471 777 646 855 σάρων
681 780 811 835 ἐτῶν
854 777 1104 836 τοιούτων
1163 775 1386 851 ἠξίωτο,
1437 777 1663 849 πηλίκος
1706 782 1797 836 νῦν
1831 779 2066 859 ὑπάρχει

471 864 608 941 μετὰ
633 865 911 934 τοσούτους
941 865 1070 947 ὑπὲρ
1101 868 1337 946 Χριστοῦ
1361 865 1657 934 κινδύνουςί

558 1069 588 1102 (ι
613 1044 771 1125 (Εἴτε
798 1047 850 1103 ἐν
880 1043 1120 1123 σώματι,
1154 1047 1246 1105 οὐκ
1270 1037 1386 1106 οἶδα
1405 1070 1418 1083 °
1448 1046 1552 1105 εἴτε
1585 1045 1734 1114 ἐκτὸς
1758 1051 1849 1105 τοῦ
1880 1045 2068 1122 σώμα-

474 1159 588 1209 τος,
637 1137 733 1194 οὐκ
761 1126 882 1196 οῖδα
910 1160 922 1172 ·
950 1140 978 1193 6
1012 1136 1148 1204 Θεὸς
1194 1128 1360 1217 οἶδεν)
1410 1136 1720 1217 ἁρπαγέντα
1749 1135 1810 1194 τὸ
1839 1142 2070 1196 τοιοῦτον

474 1225 573 1291 ἕως
621 1224 799 1304 τρίτου
851 1227 1096 1305 οὐρανοῦ.
1129 1248 1160 1283 ››
1213 1224 1364 1306 ⁶¹Ορα
1417 1223 1903 1307 μετριοφροσύνην,
1961 1227 2072 1292 πῶς

473 1318 718 1392 ὁμολογεῖ
743 1316 816 1392 μὴ
850 1315 1042 1374 εἰδέναι
1075 1315 1179 1373 εἴτε
1209 1319 1259 1374 ἐν
1287 1315 1501 1392 σώματι
1535 1307 1600 1386 ἦν
1623 1361 1638 1390 ,
1665 1313 1770 1373 εἴτε
1801 1315 1950 1382 ἐκτὸς
1979 1318 2071 1372 τοῦ

474 1403 742 1480 σώματος,
769 1404 856 1462 ὅτε
890 1404 1134 1486 ἡρπάγη.
1165 1434 1188 1459 α
1227 1404 1422 1484 Τρίτον
1444 1434 1466 1459 ν
1501 1405 1555 1463 δὲ
1592 1431 1613 1457 ιι
1647 1404 1839 1485 οὖρανὸ
1860 1431 1883 1455 υ
1909 1404 2073 1470 οὕτως

476 1491 539 1551 ἂν
568 1493 798 1571 νοήσῃςο
851 1492 926 1553 ⁶Η
975 1497 1019 1554 Γ
1023 1493 1164 1573 ραφὴ
1207 1493 1296 1552 τὸν
1344 1493 1475 1573 ἀέρα
1521 1493 1674 1553 καλεῖ
1705 1494 1923 1572 οὐρανὸν
1969 1494 2070 1565 ὡς,

481 1608 506 1635 α
545 1582 631 1642 Τὰ
664 1582 878 1642 πετεινὰ
931 1587 1023 1642 τοῦ
1055 1585 1277 1663 οὐρανοῦ
1300 1607 1313 1620 ο
1360 1609 1385 1636 ι»
1432 1583 1557 1661 καὶ,
1595 1607 1624 1638 ι(
1659 1581 1732 1641 ⁴Η
1771 1581 1952 1662 δρόσος
1985 1589 2076 1641 τοῦ

474 1673 693 1751 οὐρανοῦ
751 1695 766 1708 ·
826 1671 936 1731 ἰδοὺ
999 1661 1146 1738 οὗτος
1200 1663 1271 1740 εἷς
1329 1672 1564 1753 οὐρανός.
1626 1661 1812 1732 Οἶδεν
1857 1672 2074 1750 οὐρανὸν

475 1761 568 1820 καὶ
597 1760 658 1820 τὸ
681 1760 980 1842 στερέωμα.
1041 1783 1071 1820 (ι
1102 1761 1366 1822 Ἐκάλεσε
1396 1784 1426 1820 ))
1463 1762 1567 1842 γὰρ
1603 1783 1631 1819 α
1664 1762 1725 1819 τὸ
1756 1759 2032 1842 στερέωμα
2055 1804 2070 1832 ,

475 1851 693 1930 οὐρανόν
725 1874 738 1888 ⁸
773 1874 802 1909 »
837 1849 947 1909 ἰδοὺ
997 1851 1234 1930 δεύτερος
1284 1844 1450 1920 οἶτος.
1484 1844 1637 1912 Ὀἵδε
1685 1850 1739 1910 δὲ
1769 1853 1860 1910 καὶ
1902 1851 1990 1909 τὸν
2023 1854 2076 1910 ἐν

479 1945 621 2022 ἀρχῇ
653 1939 1107 2021 δημιουργηθέντα
1135 1941 1272 2017 μετὰ
1301 1945 1394 2014 τῆς
1423 1945 1520 2019 γῆς
1553 1965 1566 1978 ·
1593 1941 1702 2001 ἰδοὺ
1730 1940 1923 2022 τρίτος.

478 2120 515 2139 "
559 2144 583 2170 α
617 2117 726 2199 Καὶ
760 2107 877 2176 οἶδα
901 2117 989 2176 τὸν
1020 2124 1249 2178 τοιοῦτον
1284 2117 1557 2199 ἄνθρωπον
1593 2117 1728 2198 (εἴτε
1759 2120 1811 2177 ἐν
1843 2116 2076 2196 σώματι,

479 2209 576 2266 οὐκ
605 2197 750 2280 οῖδα,
782 2206 888 2266 εἴτε
927 2208 1071 2274 ἐκτὸς
1104 2212 1199 2266 τοῦ
1231 2206 1474 2285 σώματος
1494 2255 1510 2285 ,
1543 2211 1639 2268 οὐκ
1682 2199 1798 2267 οἶδα
1824 2232 1836 2245 ·
1883 2211 1911 2265 6
1939 2206 2078 2274 Θεὸς

480 2287 670 2374 οἶδεν),
721 2295 802 2355 ὅτι
840 2297 1060 2377 ἡρπάγη
1113 2299 1184 2364 εἷς
1213 2296 1303 2356 τὸν
1347 2299 1694 2378 παράδεισον,
1726 2295 1819 2356 καὶ
1848 2295 2074 2369 ἤκουσεν

482 2386 688 2467 ἄῤῥητα
743 2385 990 2467 ῥήματα,
1049 2386 1082 2444 ἃ
1124 2388 1219 2446 οὐκ
1266 2387 1379 2456 ἐξὸν
1434 2386 1696 2468 ἀνθρώπῳ
1747 2388 2004 2460 λαλῆσαι.
2045 2408 2072 2442 n

480 2476 610 2538 Ἀπὸ
653 2480 742 2534 τοῦ
789 2475 1004 2555 τρίτου,
1041 2476 1232 2556 φησὶν,
1289 2479 1511 2557 οὐρανοῦ
1539 2467 1694 2543 αὖθις
1740 2476 1960 2556 ἡρπάγη
2013 2477 2084 2544 εἷς

479 2566 570 2625 τὸν
595 2565 934 2645 παράδεισον.
959 2565 1215 2646 Ἦρπάγη
1249 2567 1344 2644 μὲν
1376 2558 1462 2626 οῦν
1481 2612 1498 2638 ,
1537 2569 1628 2624 ἵνα
1665 2566 1801 2644 μηδὲ
1830 2569 1884 2624 ἐν
1909 2565 2080 2646 τούτῳ

481 2656 696 2714 ἔλαττον
729 2655 828 2736 ἔχῃ
875 2659 979 2714 τῶν
1030 2659 1230 2716 λοιπῶν
1279 2656 1590 2716 ἀποστόλων
1627 2660 1728 2715 τῶν
1769 2654 2085 2735 συγγεγονό-

479 2768 586 2802 των
642 2748 717 2823 τῷ
770 2747 1008 2825 Χριστῷ.
1065 2746 1176 2804 Καὶ
1237 2767 1265 2802 ι(
1320 2747 1390 2812 εἰς
1427 2746 1516 2803 τὸν
1565 2746 1891 2826 παράδεισον
1933 2769 1964 2800 ιι
2001 2742 2086 2817 δὲ,

482 2833 664 2906 ἐπειδὴ
695 2833 830 2892 πολὺ
861 2833 923 2893 τὸ
964 2834 1131 2911 ὄνομα
1176 2839 1269 2893 τοῦ
1299 2834 1500 2916 χωρίου
1532 2834 1731 2906 τούτους
1763 2834 2082 2915 ἐφημίζετο·

477 2923 596 2982 ὅθεν
641 2925 733 2982 καὶ
782 2927 858 3004 τῷ
910 2925 1082 3004 λῃστῇ
1131 2930 1314 2983 τοῦτον
1367 2929 1394 2982 6
1451 2924 1648 3006 Κύριος
1697 2924 2081 3003 ἐπηγγείλατο.

494 3033 523 3072 (ι
569 3010 806 3094 Ἀῤῥητα
849 3035 880 3071 n
913 3013 969 3072 δὲ
1012 3041 1034 3065 ‹‹
1068 3013 1288 3094 ῥήματα
1337 3013 1561 3086 ἤκουσεν
1588 3063 1600 3085 ,
1657 3035 1686 3072 ι)
1724 3013 1756 3070 ἃ
1807 3017 1917 3080 τοῖς
1945 3013 2086 3072 κατὰ

2173 692 2542 760 conticuisset,
2574 707 2642 747 ne
2677 706 2824 746 nunc
2853 690 3170 761 protulisset
3213 689 3456 760 quidem,
3485 691 3541 745 ni
3593 708 3778 747 neces-

2172 781 2333 837 sitate
2360 783 2677 852 compulsus
2715 779 2926 836 fuisset.
2955 783 3034 835 Ac
3064 779 3109 835 si
3141 779 3341 835 talibus
3368 789 3493 834 ante
3522 789 3777 852 quatuor-

2173 870 2354 927 decim
2377 887 2551 927 annos
2580 869 2835 942 dignatus
2863 877 2968 936 est,
2993 878 3232 941 quantus
3263 885 3408 925 nunc
3435 879 3517 924 est
3554 879 3675 940 post
3697 877 3781 926 tot

2175 969 2434 1031 tantaque
2464 976 2560 1032 pro
2590 959 2807 1016 Christo
2839 958 3111 1031 pericula!
3445 963 3448 966 ’

2260 1073 2285 1099 α
2321 1051 2445 1106 Sive
2483 1050 2539 1105 in
2565 1065 2819 1122 corpore,
2845 1051 3030 1105 nescio
3067 1067 3081 1104 :
3113 1049 3226 1105 sive
3266 1059 3421 1105 extra
3449 1067 3665 1122 corpus,
3690 1066 3785 1104 ne-

2177 1140 2292 1198 scio
2322 1144 2495 1207 (Deus
2531 1139 2708 1212 novit.)
2750 1147 2972 1211 raptum
3007 1139 3323 1211 hujusmodi
3359 1156 3532 1210 usque
3579 1139 3647 1195 ad
3675 1147 3784 1194 ter-

2180 1229 2322 1285 tium
2351 1230 2574 1286 coelum.
2608 1251 2633 1277 α
2653 1228 2793 1284 Vide
2824 1227 2942 1300 ejus
2972 1227 3322 1296 modestiam,
3367 1229 3447 1283 uti
3479 1227 3678 1284 fatetur
3722 1243 3782 1284 se

2181 1319 2436 1392 ignorare
2457 1334 2594 1374 num
2634 1318 2687 1373 in
2733 1333 2963 1390 corpore
3002 1315 3190 1385 fuerit,
3230 1334 3300 1372 an
3348 1326 3499 1373 extra
3558 1333 3781 1388 corpus,

2184 1409 2354 1480 310
2381 1406 2597 1480 quando
2626 1416 2818 1479 raptus
2853 1415 2959 1463 est.
2995 1430 3020 1455 α
3054 1407 3305 1463 Tertium
3338 1431 3362 1456 ι
3405 1417 3590 1463 autem
3619 1431 3644 1455 α
3671 1422 3784 1462 οω-

2183 1499 2299 1554 lum
2331 1519 2358 1549 »
2419 1501 2497 1554 sic
2535 1498 2806 1569 intelligas
2849 1496 2974 1552 licet
3027 1514 3042 1551 :
3095 1498 3373 1569 Scriptura
3412 1512 3595 1552 aerem
3627 1505 3787 1552 vocat

2182 1589 2410 1658 coelum,
2442 1597 2522 1655 ut,
2559 1585 3034 1655 «Volucresgcaali,
3075 1609 3097 1634 υ
3131 1595 3204 1654 et,
3238 1610 3263 1635 ι
3315 1590 3432 1642 Ros
3461 1586 3583 1642 caeli
3615 1603 3629 1640 :
3662 1606 3688 1638 »
3717 1601 3785 1641 en

2184 1677 2320 1733 illud
2348 1695 2521 1734 unum
2557 1679 2780 1735 cmlum.
2827 1681 2941 1734 Nec
2980 1691 3092 1732 non
3135 1675 3549 1732 ﬁrmamentum
3582 1676 3788 1731 coelum

2181 1777 2355 1825 vocat.
2385 1791 2410 1817 α
2443 1769 2673 1824 Vocavit
2701 1791 2726 1815 ν
2757 1767 2904 1823 enim
2933 1791 2957 1814 α
2987 1767 3408 1821 firmamentum
3433 1767 3641 1820 cmlum
3664 1769 3685 1796 τ
3707 1782 3719 1818 :
3756 1787 3782 1813 ι

2188 1873 2259 1914 en
2297 1858 2499 1915 celum
2533 1857 2677 1913 istud
2702 1856 3027 1913 secundum.
3061 1855 3203 1910 Illud
3230 1855 3397 1910 etiam
3427 1854 3484 1909 in
3526 1853 3788 1924 principio

2113 1923 2162 1986 B
2190 1964 2321 2004 cum
2347 1957 2494 2004 terra
2530 1955 2778 2004 creatum
2801 1947 3008 2003 coelum
3037 1953 3204 2002 vocat
3233 1963 3246 2000 2
3281 1959 3407 2001 ecce
3435 1943 3636 2000 coelum
3674 1950 3785 1998 ter-

2186 2037 2348 2094 tium.

2257 2131 2441 2187 Vnns.
2467 2134 2521 2194 3,
2547 2135 2608 2185 4.
2648 2151 2672 2177 ‹‹
2703 2131 2772 2184 Et
2792 2127 2904 2184 scio
2923 2125 3238 2199 hujusmodi
3259 2124 3543 2181 hominem
3573 2123 3704 2191 (sive
3733 2122 3788 2178 in

2188 2234 2440 2290 corpore,
2479 2217 2589 2274 sive
2617 2225 2770 2274 extra
2805 2233 3028 2289 corpus,
3061 2216 3272 2282 nescio,
3298 2217 3449 2269 Deus
3479 2213 3620 2280 scit),
3643 2211 3790 2284 quod

2188 2316 2377 2380 raptus
2411 2307 2482 2364 sit
2507 2307 2566 2363 in
2591 2306 2932 2379 paradisum,
2987 2313 3043 2362 et
3071 2304 3346 2360 audiverit
3373 2319 3573 2359 arcana
3603 2303 3790 2367 verba,

2189 2413 2312 2470 quae
2340 2414 2456 2453 non
2479 2397 2603 2453 licet
2625 2397 2841 2453 homini
2873 2395 3044 2467 loqui.
3079 2418 3102 2443 ››
3134 2402 3179 2451 Α
3204 2394 3364 2450 tertio
3395 2393 3558 2460 caelo,
3591 2391 3792 2463 inquit,

2191 2504 2381 2546 rursus
2409 2496 2601 2559 raptus
2629 2495 2713 2543 est
2754 2487 2810 2541 in
2853 2486 3187 2558 paradisum.
3239 2487 3452 2555 Raptus
3509 2491 3594 2539 est
3636 2499 3790 2555 ergo,

2190 2587 2255 2635 ut
2289 2593 2359 2634 ne
2413 2577 2471 2632 in
2506 2577 2614 2632 hoc
2643 2576 2864 2648 quidem
2889 2575 3108 2646 reliquis
3136 2575 3400 2646 apostolis
3428 2573 3522 2646 qui
3573 2572 3793 2629 Christo

2193 2668 2571 2733 convixerunt,
2603 2665 2676 2721 sit
2706 2665 2953 2732 inferior,
3012 2688 3036 2713 α
3071 2669 3138 2720 In
3170 2664 3485 2736 paradisum
3523 2687 3547 2710 »
3582 2671 3794 2726 autem,

2195 2756 2455 2830 quoniam
2496 2756 2713 2812 celebre
2754 2755 2856 2811 loci
2897 2755 3061 2826 hujus
3117 2770 3324 2809 nomen
3359 2751 3786 2824 praedicabatur;

2195 2846 2341 2903 unde
2361 2853 2413 2901 et
2433 2844 2691 2902 eumdem
2714 2844 2988 2900 Dominus
3003 2844 3196 2899 latroni
3217 2842 3492 2915 promisit.
3518 2865 3543 2890 α
3562 2841 3740 2898 Verba
3764 2863 3789 2889 υ

2196 2951 2361 3007 porro
2405 2958 2430 2982 α
2469 2950 2665 2989 arcana
2700 2957 2726 2981 ι
2783 2942 2878 2989 aut
2918 2931 3217 2988 ineffabilia
3251 2955 3277 2981 α
3309 2930 3542 2998 audivit,
3598 2953 3625 2980 η
3668 2944 3794 3002 qua:

2195 3024 2440 3080 humana
2468 3031 2685 3078 tantum
2723 3022 3083 3094 spirantibus,
3120 3020 3366 3092 nihilque
3392 3019 3669 3091 spirituale
3691 3019 3795 3074 ha-

486 3103 758 3182 ἄνθρωπον
805 3109 1088 3184 φρονοῦσι,
1133 3104 1225 3161 καὶ
1271 3104 1436 3180 μηδὲν
1481 3103 1838 3180 πνευματικὸν
1874 3101 2084 3182 ἔχουσιν

2199 3113 2477 3181 bentibus,
2527 3127 2640 3168 non
2678 3113 2806 3168 licet
2857 3111 3060 3182 eloqui.
3107 3113 3255 3166 Hinc
3301 3108 3511 3182 liquido
3543 3116 3790 3180 apparet,

484 3196 579 3252 οὔκ
609 3191 778 3261 ἔξεστι
823 3194 1084 3264 λαλῆσαι.
1123 3191 1400 3252 Ἐντεῦθεν
1433 3193 1488 3251 δὲ
1522 3193 1680 3264 δῆλον
1703 3238 1718 3266 ,
1741 3192 1825 3254 ὅτι
1855 3199 1890 3266 ἡ
1925 3195 2082 3272 λεγο-

487 3281 618 3360 μένη
651 3282 868 3342 Παύλου
897 3281 1259 3364 Ἀποκάλυψις
1278 3328 1294 3358 ,
1339 3282 1767 3364 ψευδεπίγραφος
1794 3286 1952 3364 [πῶς
1980 3281 2082 3360 γὰρ

485 3371 582 3450 οὒ,
614 3372 660 3430 εἴ
687 3396 748 3452 γε
779 3372 984 3454 ἅῤῥητα
1013 3363 1150 3444 ἦσαν
1199 3375 1404 3446 ἐκεῖνα;
1442 3373 1598 3432 Κατὰ
1649 3373 1743 3448 μὲν
1765 3363 1853 3430 οῦν
1887 3371 1948 3430 τὸ
1981 3377 2084 3452 ῥη-

485 3461 601 3539 τὸν,
635 3460 806 3542 ἕτερος
834 3463 992 3526 τόπος
1012 3467 1040 3522 6
1067 3461 1240 3539 τρίτος
1270 3461 1504 3542 οὐρανὸς,
1531 3462 1622 3519 καὶ
1650 3461 1830 3539 ἕτερος
1855 3464 1881 3519 6
1911 3459 2086 3539 παρά-

489 3553 690 3618 δεισος·
741 3551 880 3610 κατὰ
914 3551 968 3609 δὲ
1012 3549 1110 3624 τὴν
1162 3549 1477 3630 ἀναγωγὴν,
1507 3550 1648 3630 τάχα
1696 3550 1790 3628 μὲν
1831 3554 1859 3609 6
1888 3548 2044 3617 αὐτὸς
2065 3594 2083 3623 ,

488 3641 632 3722 τάχα
657 3639 710 3698 δὲ
738 3644 839 3722 οὐχ
855 3645 883 3699 6
913 3641 1089 3708 αὐτός.
1128 3643 1356 3702 Πολλῶν
1390 3640 1496 3720 γὰρ
1533 3639 1695 3699 ὄντων
1730 3642 1836 3698 τῶν
1872 3645 2085 3717 ἀναγω-

487 3735 648 3810 γικῶς
672 3730 721 3768 9⁷
749 3731 1182 3811 λεχθησομένων,
1241 3729 1392 3810 ὀλίγα
1426 3733 1646 3810 ἐροῦμεν
1693 3728 1786 3789 καὶ
1830 3727 2088 3802 εὐληπτό-

488 3845 635 3902 τερα.
687 3815 853 3880 Ἔστι
898 3820 1001 3899 γὰρ
1047 3822 1254 3899 πρῶτος
1305 3819 1521 3900 οὐρανὸς
1567 3819 1629 3876 τὸ
1691 3819 1860 3899 πέρας
1913 3817 2006 3878 καὶ
2061 3820 2088 3875 6

490 3909 608 3990 ὅρος
639 3915 731 3982 τῆς
753 3913 942 3981 ἠθικῆς
981 3908 1056 3984 9⁸,
1097 3908 1221 3967 ὅταν
1253 3932 1330 3976 τις
1360 3909 1426 3966 τὰ
1469 3908 1574 3981 ἤθη
1607 3911 1798 3967 ἑαυτοῦ
1834 3907 2085 3990 ῥυθμίσῃ.

492 3989 630 4060 Εἶτα
666 4005 696 4070 ἡ
727 3999 922 4076 φυσικὴ
942 4045 956 4073 ,
988 3997 1226 4078 δεύτερος
1256 3999 1501 4078 οὐρανὸς,
1537 3999 1663 4057 ὅταν
1697 4023 1777 4066 τις
1807 3989 1903 4070 τὴν
1946 4001 2087 4077 γνῶ-

492 4113 574 4147 σιν
619 4094 712 4162 τῆς
745 4095 845 4169 τοῦ
895 4089 1091 4156 παντὸς
1132 4087 1336 4169 φύσεως
1366 4089 1442 4163 99,
1501 4093 1574 4156 ὡς
1631 4088 1877 4168 ἐφικτὸν,
1936 4110 2090 4167 περι-

492 4179 666 4258 ορίσῃ.
701 4167 839 4238 Εἶτα
867 4183 902 4250 ἡ
937 4167 1214 4258 θεολογικὴ
1235 4223 1251 4252 ,
1287 4177 1460 4260 τρίτος
1491 4167 1706 4258 οὖρανός
1728 4224 1743 4252 ,
1775 4177 1900 4238 ὅταν
1929 4201 2006 4245 τις
2030 4179 2091 4237 τὸ

495 4268 702 4350 ἐφικτὸν
733 4269 863 4334 τέως
905 4269 1046 4348 αὐτῷ
1097 4268 1289 4349 μέτρον
1336 4269 1350 4302 ¹
1404 4273 1498 4340 τῆς
1541 4272 1645 4326 τῶν
1687 4269 1960 4348 θειοτέρων
2003 4266 2093 4326 καὶ

494 4357 624 4438 ὑπὲρ
666 4363 860 4436 γνῶσιν
913 4357 1268 4438 καταλήψεως
1318 4361 1494 4440 φθάσῃ
1541 4359 1626 4416 διὰ
1676 4357 1922 4436 θεωρίας.
1984 4356 2093 4417 Καὶ

2192 3203 2606 3260 Revelationem
2624 3202 2777 3258 Pauli
2799 3201 3034 3269 dictam,
3064 3199 3202 3256 falso
3236 3200 3316 3255 illi
3342 3201 3635 3270 ascriptam
3660 3213 3794 3254 esse.

2191 3293 2486 3362 Quomodo
2535 3294 2686 3348 enim
2716 3292 2870 3358 alias,
2901 3290 3170 3362 siquidem
3211 3289 3300 3345 illa
3348 3287 3647 3346 ineffabilia
3689 3287 3799 3342 fue-

2191 3382 2471 3439 runt?Ad
2497 3383 2729 3440 verbum
2761 3381 2950 3453 igitur,
2982 3381 3204 3436 tertium
3233 3379 3437 3435 cmlum
3481 3377 3616 3433 alius
3648 3377 3799 3432 locus

2193 3480 2299 3540 est,
2328 3481 2490 3542 atque
2517 3471 2654 3527 alius
2675 3469 2992 3542 paradisus;
3023 3468 3324 3524 secundum
3359 3483 3488 3523 vero
3518 3482 3796 3538 anagogen

2195 3559 2336 3616 forte
2363 3560 2512 3616 idem
2545 3569 2649 3628 est,
2703 3559 2843 3614 forte
2867 3575 2979 3614 non
3017 3556 3190 3613 idem.
3245 3560 3386 3613 Cum
3436 3556 3584 3612 enim
3623 3556 3797 3611 multa

2195 3649 2305 3705 sint
2357 3649 2651 3722 anagogice
2702 3647 2952 3715 dicenda,
3005 3662 3174 3718 pauca
3219 3646 3488 3712 dicemus,
3547 3653 3604 3700 et
3637 3653 3800 3716 captu

2195 3737 2459 3795 faciliora.
2487 3742 2586 3794 Est
2603 3737 2756 3794 enim
2782 3737 3020 3808 primum
3047 3737 3274 3803 coelum,
3298 3735 3424 3790 ﬁnis
3444 3751 3508 3789 ac
3532 3734 3802 3790 terminus

2197 3828 2416 3896 ethicaa,
2449 3827 2672 3900 quando
2702 3843 2888 3882 mores
2928 3842 3059 3882 suos
3085 3826 3377 3898 quisquam
3413 3834 3560 3880 recte
3590 3823 3798 3879 forma-

2198 3921 2348 3974 verit.
2389 3917 2606 3975 Deinde
2642 3917 2905 3973 naturalis
2947 3915 3296 3988 phiIOSOphia
3339 3923 3422 3970 est
3468 3913 3672 3970 coelum
3715 3927 3801 3968 se-

2197 4008 2466 4076 cundum,
2497 4023 2624 4064 cum
2666 4007 2955 4063 scientiam
2998 4005 3195 4077 aliquis
3238 4005 3305 4061 de
3333 4004 3567 4060 universi
3606 4002 3804 4074 cogni-

2197 4099 2370 4167 tione,
2393 4107 2667 4169 quatenus
2686 4096 2806 4151 ﬁeri
2828 4105 3028 4167 potest,
3045 4094 3558 4166 circumscripserit.
3587 4090 3804 4148 Deinde

2200 4190 2425 4245 tertium
2446 4188 2670 4253 omium,
2693 4185 2996 4256 theologica
3022 4193 3105 4240 est
3132 4185 3390 4253 scientia,
3413 4183 3634 4256 quando
3655 4181 3806 4253 quis-

2205 4278 2374 4350 piam,
2405 4285 2676 4348 quantum
2711 4276 2778 4331 ab
2808 4276 2897 4330 illo
2928 4274 3043 4330 ﬁeri
3077 4282 3277 4346 potest,
3315 4290 3667 4338 mensuram,
3699 4287 3804 4343 qua

2203 4384 2290 4424 res
2331 4366 2529 4422 divinae
2570 4374 2625 4422 et
2688 4365 2995 4421 humanam
3052 4366 3425 4436 cognitionem
3478 4363 3809 4419 excedentes

493 4450 520 4506 6
569 4449 778 4515 Παῦλος
825 4447 996 4506 τοίνυν
1032 4451 1084 4506 ἐν
1140 4447 1248 4514 τοῖς
1299 4447 1421 4526 περὶ
1473 4446 1570 4519 τὴν
1631 4447 1844 4526 Τριάδα
1910 4445 2089 4513 τόποις

2202 4456 2597 4529 percipiuntur,
2649 4454 2882 4528 adeptus
2911 4453 3071 4510 fuerit
3118 4471 3216 4526 per
3261 4452 3806 4525 contemplationem.

491 4538 694 4613 ἐγένετο
720 4536 979 4617 ἅρπαγεὶς
1012 4538 1254 4611 πάντως,
1300 4535 1573 4595 τουτέστιν
1598 4581 1614 4608 ,
1646 4535 1883 4616 ὑπερϐὰς
1909 4535 2087 4595 πάντα

492 4626 559 4686 τὰ
587 4627 836 4705 γεγονότα
868 4649 881 4663 ·
913 4626 1004 4685 καὶ
1037 4625 1153 4684 οὔτε
1185 4629 1238 4684 ἐν
1270 4627 1482 4703 σώματι
1517 4625 1590 4685 ὢν
1615 4626 1769 4706 (οὖδὲ
1800 4626 1902 4706 γὰρ
1934 4625 2086 4706 ἐνήρ-

489 4740 570 4796 γει
599 4716 738 4776 κατὰ
768 4717 862 4782 τὰς
905 4715 1216 4793 σωματικὰς
1269 4716 1592 4796 αἰσθήσεις),
1644 4715 1766 4776 οὔτε
1815 4715 1962 4782 ἐκτὸς
1997 4720 2089 4774 τοῦ

493 4807 740 4883 σώματος
771 4829 786 4843 ο
828 4805 1032 4887 ἤργησε
1075 4806 1179 4886 γὰρ
1221 4807 1366 4885 αὐτῷ
1396 4807 1486 4865 καὶ
1516 4811 1550 4878 ἡ
1580 4807 1758 4878 νόησις
1778 4804 1824 4866 ².
1860 4805 1959 4866 Ἐν
1986 4803 2090 4884 γὰρ

489 4905 597 4964 τοῖς
649 4897 804 4963 θείοις
845 4899 995 4975 ἀργεῖ
1043 4905 1195 4955 πᾶσα
1241 4899 1275 4968 ἡ
1308 4895 1612 4977 ἀνθρωπίνη
1643 4894 1856 4969 νόησις,
1905 4895 2091 4974 ἅρπα-

491 4985 710 5065 ζομένου
741 4991 833 5044 τοῦ
865 4985 1143 5065 ἀνθρώπου
1187 4986 1236 5058 ³,
1272 4986 1364 5044 καὶ
1401 4985 1817 5064 λαμϐανομένου
1865 4985 1968 5044 ὑπὸ
1997 4988 2090 5044 τοῦ

491 5079 673 5153 Θεοῦ,
707 5072 847 5135 ὥστε
888 5077 980 5135 καὶ
1028 5077 1119 5136 ὕπ’
1171 5074 1372 5135 ἐκείνου
1423 5076 1671 5155 φέρεσθαι
1721 5074 1813 5134 καὶ
1863 5078 2090 5155 ἐνεργεῖ-

494 5172 635 5225 σθαι.
672 5164 828 5224 Ἐπεὶ
878 5165 932 5225 δὲ
971 5167 1061 5225 καὶ
1095 5167 1147 5224 ἐν
1179 5173 1287 5233 τοῖς
1318 5169 1414 5237 τῆς
1445 5164 1714 5244 θεολογίας
1751 5164 1930 5230 τόποις
1960 5169 2091 5223 ἀνα-

496 5252 678 5324 ϐάσεις
731 5255 863 5328 εἰσὶ,
945 5255 1032 5314 διὰ
1087 5261 1244 5314 τοῦτο
1306 5253 1601 5337 ἁρπάζεται
1656 5245 1806 5322 αὖθις
1867 5256 1940 5320 εἷς
2003 5253 2093 5313 τὸν

492 5347 852 5426 παράδεισον,
909 5353 1017 5413 τοῖς
1088 5345 1503 5424 μυστικωτέροις
1557 5349 1654 5417 τῆς
1710 5343 1954 5418 θεότητος
2011 5345 2093 5402 ἐν-

566 5518 591 5544 '
621 5511 763 5566 Gen.
791 5524 834 5580 ι,
863 5516 917 5566 8.

2197 4545 2400 4603 Paulus
2427 4546 2598 4618 igitur
2619 4545 2688 4601 ad
2726 4561 2786 4600 ea
2817 4559 2943 4616 quae
2967 4544 3123 4616 juxta
3151 4543 3476 4599 Trinitatem
3507 4553 3637 4597 sunt
3665 4541 3811 4609 loca,

2198 4636 2426 4693 omnino
2451 4643 2638 4707 raptus
2662 4641 2798 4702 erat,
2830 4633 2934 4690 hoc
2980 4641 3080 4701 est,
3131 4647 3325 4687 omnes
3373 4639 3652 4687 creaturas
3709 4646 3803 4685 ex-

2199 4741 2493 4798 superans;
2524 4739 2702 4795 neque
2740 4724 2800 4778 in
2833 4738 3066 4794 corpore
3088 4722 3422 4777 constitutus
3468 4739 3481 4774 :
3521 4736 3635 4775 non
3657 4719 3807 4774 enim

2199 4815 2529 4888 operabatur
2554 4829 2652 4885 per
2675 4828 2975 4886 corporeos
2998 4827 3220 4879 sensus;
3266 4826 3443 4883 neque
3493 4817 3644 4865 extra
3676 4824 3805 4863 cor—

2201 4920 2308 4978 pus
2340 4925 2353 4961 :
2385 4904 2684 4975 torpuisset
2711 4902 2856 4958 enim
2877 4902 2924 4957 ei
2954 4901 3264 4957 intellectus
3294 4900 3483 4956 etiam.
3515 4901 3579 4954 1n
3609 4897 3813 4953 divinis

2199 4994 2351 5050 enim
2372 4993 2536 5049 rebus
2563 5000 2745 5064 torpet
2773 4992 2963 5048 omnis
2981 4991 3296 5047 intellectus
3329 4990 3626 5053 humanus,
3653 4996 3811 5059 rapto

2201 5083 2430 5141 homine
2451 5090 2508 5139 et
2536 5097 2570 5138 a
2609 5084 2722 5138 Deo
2740 5080 3166 5152 comprehenso,
3195 5088 3257 5136 ut
3289 5078 3359 5136 ab
3386 5078 3476 5134 illo
3506 5085 3722 5150 agatur,
3754 5085 3816 5132 et

2202 5172 2578 5246 operationem
2602 5172 2850 5244 accipiat.
2875 5170 3015 5240 Quia
3044 5186 3170 5225 vero
3191 5177 3245 5224 et
3270 5169 3323 5223 in
3357 5167 3652 5238 theologiae
3676 5167 3812 5222 locis

2200 5263 2546 5321 ascensiones
2578 5270 2727 5330 sunt,
2761 5271 3046 5333 propterea
3073 5274 3264 5314 rursus
3304 5257 3512 5328 rapitur
3557 5258 3615 5312 in
3648 5273 3810 5328 para-

2201 5352 2406 5422 disum,
2428 5350 2804 5409 arcanioribus
2825 5347 3132 5406 divinitatis
3153 5347 3433 5420 mysteriis
3468 5347 3772 5402 immorans
3795 5363 3809 5402 :

1914 5579 2104 5640 Variae
2148 5581 2450 5640 lectiones.

568 5712 614 5749 ’7
669 5713 982 5788 ἀναλογικῶς
1030 5732 1086 5773 0.
1163 5715 1207 5751 ’3
1265 5718 1372 5777 τοῖς
1427 5712 1615 5781 ἠθικοῖς
1676 5731 1732 5772 0.

505 5794 528 5830 ³
551 5795 664 5858 νοὸς
687 5812 742 5854 o.

1809 5715 1853 5750 99
1880 5717 2123 5787 γνώσεως
2178 5731 2232 5773 ο.

2335 5714 2496 5769 ¹ὅταν
2539 5731 2611 5776 τις
2659 5713 2778 5774 τέως
2843 5711 2903 5765 τὸ
2952 5710 3075 5766 αὐτὸ
3120 5715 3297 5784 μέτρον
3338 5729 3392 5770 0.
3467 5713 3489 5746 ³
3526 5717 3706 5782 γνῶσις
3757 5726 3810 5766 ο.
