4134 6426
354 441 447 495 931
1342 436 1858 494 THEOPHYLACTI
1895 431 2257 490 BULGARUE
2297 420 2616 487 ARCHIEP.

3558 425 3664 479 932

350 577 473 635 quae
518 561 798 634 incognita
824 576 954 618 cum
1008 561 1139 629 sint,
1183 577 1285 618 nec
1341 562 1463 618 ullis
1500 562 1679 619 verbis
1720 561 1939 634 exprimi

2060 557 2366 636 διατρίϐων·
2419 557 2454 616 ἃ
2505 556 2753 636 ἄγνωστα
2801 554 2928 614 ὄντα
2983 552 3076 613 καὶ
3128 552 3374 634 ἅῤῥητα,
3408 551 3454 608 εἰ
3481 548 3556 626 μή
3588 572 3665 615 τις

349 650 579 724 possint,
621 651 723 707 nisi
742 650 1047 708 humanam
1077 651 1202 724 quis
1222 650 1494 708 vilitatem
1529 652 1947 721 transcenderit,

345 756 632 812 nunquam
656 741 1005 798 intellexerit.

415 833 603 887 Vnns.
636 837 696 887 5.
748 852 775 882 ‹‹
798 834 884 888 De
905 831 999 887 tali
1018 831 1313 904 gloriabor.
1349 855 1374 882 υ
1398 831 1535 889 Vide
1572 832 1694 906 ejus
1723 831 1946 889 humili-

344 927 543 989 tatem,
569 920 850 993 quomodo
875 930 1140 993 tanquam
1174 918 1244 977 de
1289 922 1397 978 alio
1447 922 1564 979 hac
1591 930 1871 978 recenseat
1927 942 1941 979 :

348 1031 375 1058 α
405 1013 487 1066 De
522 1009 615 1065 tali
657 1033 684 1060 ι»
744 1010 915 1078 enim,
972 1010 1173 1084 inquit,
1223 1033 1245 1062 α
1280 1012 1578 1084 gloriabor.
1636 1035 1663 1061 ν
1719 1011 1943 1068 Atenim

342 1099 498 1171 cujus
518 1100 710 1172 gratia,
738 1100 787 1156 si
823 1100 966 1157 alius
996 1109 1189 1173 raptus
1242 1109 1348 1170 est,
1390 1109 1453 1157 tu
1477 1102 1729 1173 gloriaris
1750 1100 1778 1157 ?
1830 1104 1947 1157 Ma-

343 1187 607 1245 nifestum
639 1198 723 1246 est
766 1191 949 1262 itaque
978 1190 1131 1263 quod
1170 1191 1274 1248 ista
1313 1190 1382 1247 de
1411 1191 1595 1263 seipso
1633 1191 1798 1247 dicat.

416 1278 580 1350 311
618 1300 645 1331 ‹‹
675 1282 758 1335 De
784 1279 998 1351 meipso
1048 1288 1238 1336 autem
1287 1296 1402 1336 non
1441 1280 1737 1353 gloriabor.
1773 1304 1799 1330 ιι
1854 1280 1945 1337 Vel

345 1369 473 1440 quia
500 1384 631 1425 cum
670 1368 965 1425 necessitas
998 1385 1114 1426 non
1159 1369 1251 1437 sit,
1302 1368 1440 1426 nihil
1481 1371 1589 1426 tale
1631 1369 1948 1442 simpliciter

344 1472 409 1512 ac
438 1465 645 1514 temere
668 1459 849 1514 dicam
883 1478 896 1514 :
937 1459 1023 1515 vel
1052 1458 1345 1515 obscuram
1361 1459 1595 1517 reddens
1616 1460 1943 1530 orationem,

347 1555 409 1603 ut
437 1546 556 1603 ﬁeri
588 1555 790 1619 potest,
826 1548 946 1605 base
974 1548 1131 1606 dicit.

418 1658 445 1686 α
476 1635 592 1693 Nisi
632 1637 691 1693 in
711 1637 1124 1695 inﬁrmitatibus
1159 1638 1317 1694 meis.
1352 1662 1378 1689 ι
1407 1640 1530 1696 Hoc
1556 1647 1659 1710 est,
1689 1639 1747 1696 in
1792 1639 1938 1697 afﬂi-

341 1726 620 1782 ctionibus
649 1734 705 1783 et
727 1727 1218 1799 persecutionibus.

411 1818 593 1873 Vens.
619 1821 668 1872 6.
712 1839 737 1865 α
790 1819 931 1873 Nam
983 1817 1027 1873 si
1059 1818 1280 1873 voluero
1310 1818 1552 1891 gloriari,
1582 1835 1695 1875 non
1723 1835 1818 1876 ero
1856 1819 1938 1875 in-

339 1904 546 1977 sipiens
596 1905 925 1963 :veritatem
964 1907 1114 1964 enim
1157 1906 1358 1964 dicam.
1390 1931 1417 1957 »
1460 1908 1775 1978 Quomodo,
1807 1924 1937 1965 cum

336 2004 463 2053 ante
491 1995 718 2052 dixisset
761 1996 1127 2069 insipientiam
1180 2014 1300 2055 esse
1350 1998 1599 2072 gloriari,
1643 2014 1793 2055 nunc
1837 1999 1937 2068 ait,

336 2089 461 2143 Non
500 2102 594 2144 ero
638 2086 908 2158 insipiens
954 2087 1001 2143 si
1056 2086 1366 2159 gloriabor?
1421 2090 1551 2144 Non
1600 2086 1941 2162 gloriationis

336 2191 502 2233 causa
570 2192 718 2232 nunc
756 2191 816 2232 se
862 2191 976 2231 non
1022 2176 1375 2249 insipientem
1431 2175 1553 2234 fore
1615 2176 1773 2245 dixit,
1844 2176 1942 2235 sed

338 2265 468 2337 quia
507 2280 619 2321 non
658 2264 1007 2320 mentiretur.
1058 2265 1255 2321 Intulit
1299 2265 1451 2322 enim
1496 2285 1509 2321 :
1560 2288 1588 2316 ιι
1632 2266 1939 2324 Veritatem

337 2354 485 2412 enim
523 2354 727 2412 dicam.
780 2377 806 2403 υ
845 2356 990 2428 Ergo
1032 2362 1307 2428 quatenus
1342 2354 1633 2423 veridicus,
1684 2372 1796 2412 non
1846 2372 1941 2414 ero

337 2443 624 2516 insipiens.

407 2556 433 2583 α
456 2536 626 2591 Pareo
665 2543 873 2605 autem,
919 2551 989 2591 ne
1015 2534 1141 2608 quis
1169 2535 1237 2592 de
1262 2551 1352 2592 me
1389 2534 1677 2592 existimet
1697 2551 1868 2607 supra
1885 2534 1942 2593 id

336 2622 485 2695 quod
512 2624 660 2681 videt
700 2625 755 2681 in
800 2641 912 2693 me,
949 2626 1032 2681 vel
1066 2625 1219 2682 audit
1259 2625 1473 2698 aliquid
1496 2641 1563 2682 ex
1590 2642 1701 2682 me.
1744 2643 1776 2681 io
1809 2627 1943 2683 Haec

331 2721 417 2770 est
441 2714 748 2771 certissima
779 2731 966 2783 causa,
992 2730 1063 2770 ne
1094 2715 1348 2771 homines
1376 2731 1442 2771 ex
1472 2715 1593 2786 ipso
1640 2718 1820 2771 Deum
1852 2713 1941 2770 fa-

336 2803 515 2871 ciant;
546 2803 619 2860 ob
644 2819 769 2860 eam
788 2804 936 2860 enim
959 2820 1078 2860 rem
1104 2804 1173 2860 de
1198 2805 1380 2875 seipso
1398 2820 1615 2876 semper
1629 2804 1835 2860 tacuit:
1880 2819 1945 2860 ac

335 2891 383 2947 si
413 2892 636 2965 quando
659 2901 884 2950 coactus
913 2894 986 2949 sit
1009 2893 1191 2949 dicere
1212 2892 1545 2966 quidquam,
1578 2893 1946 2950 adumbrabat

335 2980 495 3047 illud,
526 2998 598 3039 ne
623 2982 896 3055 majorem
921 2983 989 3038 de
1019 2982 1137 3053 ipso
1181 2982 1438 3038 homines
1458 2982 1781 3054 opinionem
1808 2998 1945 3039 con-

2056 647 2280 729 ἐκϐαίνῃ
2341 647 2440 721 τὴν
2498 644 2829 728 ἀνθρωπίνην
2889 643 3156 703 εὐτέλειαν
3184 686 3201 716 ,
3270 641 3368 699 οὐκ
3413 639 3477 698 ἄν
3534 661 3662 697 ποτε

2060 737 2286 807 δέξαιτο.

2139 855 2161 881 α
2193 826 2365 907 Ὑπὲρ
2410 830 2503 887 τοῦ
2531 824 2769 886 τοιούτου
2804 822 3175 905 καυχήσομαι.
3205 847 3229 873 ι
3269 820 3447 881 Βλέπε
3498 820 3661 877 αὐτοῦ

2052 916 2115 977 τὸ
2141 917 2335 997 ἄτυφον
2355 964 2371 995 ,
2406 921 2521 983 πῶς
2562 919 2633 983 ὡς
2665 915 2788 994 περὶ
2812 914 2993 995 ἑτέρου
3023 911 3162 979 τινὸς
3189 909 3328 970 αὐτὰ
3368 912 3654 987 διηγεῖται.

2062 1030 2091 1065 α
2121 1006 2291 1086 Ὑπὲρ
2320 1011 2415 1066 τοῦ
2445 1005 2683 1065 τοιούτου
2715 1032 2740 1058 υ
2776 1003 2879 1085 γὰρ
2904 1048 2920 1077 ,
2965 1001 3136 1085 φησὶ,
3170 1030 3195 1054 κ
3220 999 3593 1080 καυχήσομαι.
3622 1019 3653 1055 ))

2059 1096 2251 1173 Καίτοι
2291 1095 2429 1165 τίνος
2480 1093 2691 1169 ἕνεκεν,
2728 1095 2774 1153 εἴ
2820 1095 2978 1161 ἄλλος
3026 1088 3280 1173 ἡρπάγη,
3327 1088 3392 1149 σὺ
3443 1098 3658 1170 καυχᾷ,

2054 1185 2232 1247 "Dare
2262 1187 2420 1259 δῆλον
2452 1181 2533 1243 ὅτι
2563 1184 2685 1265 περὶ
2720 1186 2909 1242 ἑαυτοῦ
2944 1190 3117 1258 ταῦτα
3142 1180 3308 1259 λέγει.

2146 1298 2174 1334 (ι
2203 1276 2375 1356 (Υπὲρ
2424 1273 2479 1334 δὲ
2531 1276 2764 1352 ἐμαυτοῦ
2823 1274 2882 1332 οὗ
2945 1271 3318 1352 καυχήσομαι.
3362 1295 3387 1322 ιν
3445 1266 3524 1329 Ἢ
3582 1267 3661 1326 ὅτι

2055 1365 2289 1446 ἀνάγκης
2320 1368 2412 1425 οὐκ
2460 1365 2655 1439 οὔσης,
2710 1363 2857 1423 οὐδὲν
2907 1366 3140 1423 τοιοῦτον
3174 1361 3357 1427 ἁπλῶς
3398 1357 3491 1418 καὶ
3544 1359 3659 1431 εἰκῆ

2054 1457 2159 1537 ἐρῶ
2327 1456 2627 1524 συσκιάζων
2668 1452 2760 1513 τὸν
2808 1452 3003 1532 λόγον,
3046 1454 3118 1520 ὥς
3171 1453 3434 1532 ἐγχωρεῖ,
3488 1453 3659 1507 ταῦτα

2052 1548 2219 1626 λέγει.

2141 1658 2173 1697 α
2200 1638 2267 1695 Εἰ
2299 1634 2374 1713 μὴ
2404 1637 2456 1696 ἐν
2507 1642 2623 1703 ταῖς
2671 1631 2967 1700 ἀσθενείαις
3007 1654 3134 1711 μου.
3167 1652 3195 1689 ι)
3239 1627 3534 1693 Τουτέστιν
3554 1674 3571 1704 ,
3603 1629 3656 1687 ἓν

1970 1726 2020 1791 Β
2046 1727 2161 1795 ταῖς
2186 1727 2423 1807 θλίψεσιν
2448 1771 2464 1799 ,
2497 1726 2551 1783 ἐν
2582 1724 2690 1792 τοῖς
2722 1725 2994 1802 διωγμοῖς.

2137 1838 2168 1875 (ι
2216 1816 2348 1877 Ἐὰν
2407 1814 2510 1895 γὰρ
2563 1812 2772 1886 θελήσω
2828 1812 3246 1892 καυχήσασθαι,
3304 1810 3403 1870 οὐκ
3460 1808 3657 1886 ἔσομαι

2047 1905 2228 1989 ἄφρων
2253 1931 2267 1945 ·
2298 1907 2551 1979 ἀλήθειαν
2583 1903 2684 1984 γὰρ
2717 1905 2842 1984 ἐρῶ.
2877 1926 2904 1960 ››
2943 1905 3069 1969 Πῶς
3098 1900 3317 1960 ὄπισθεν
3348 1899 3511 1960 εἰπὼν
3530 1945 3548 1978 ,
3574 1896 3656 1957 ὅτι

2048 1995 2161 2055 ἔστι
2210 1996 2271 2056 τὸ
2304 1999 2608 2077 καυχᾶσθαι
2659 1991 2968 2074 ἀφροσύνη,
3037 1996 3130 2050 νῦν
3185 1990 3362 2070 λέγει,
3408 1990 3490 2048 ὅτι
3540 1990 3659 2049 Οὐκ

2048 2085 2240 2164 ἔσομαι
2283 2087 2467 2168 ἄφρων
2496 2085 2587 2144 ἐὰν
2637 2082 3002 2168 καυχήσωμαι
3026 2105 3044 2159 ;
3096 2082 3180 2141 Οὔ
3232 2080 3374 2140 κατὰ
3427 2078 3489 2138 τὸ
3526 2102 3661 2168 mu-

2047 2163 2249 2257 χᾶσθαι
2418 2165 2535 2234 εἶπε
2580 2173 2655 2252 μὴ
2703 2163 2842 2233 εἶναι
2872 2172 3086 2253 ἄφρων,
3119 2169 3260 2229 ἀλλὰ
3299 2168 3441 2229 κατὰ
3488 2168 3549 2228 τὸ
3582 2166 3656 2244 μὴ

2047 2265 2368 2347 ψεύσασθαι.
2417 2264 2699 2347 Ἐπήγαγε
2744 2262 2848 2344 γάρ
2879 2289 2891 2302 ·
2926 2285 2955 2321 α
2993 2260 3272 2333 Ἀλήθειαν
3314 2259 3417 2340 γὰρ
3461 2259 3584 2340 ἐρῶ.
3625 2284 3650 2310 ν

2048 2344 2146 2425 ‘9;
2173 2355 2446 2431 ἀληθεύων
2471 2344 2561 2415 οὖν
2593 2356 2687 2414 οὐκ
2718 2353 2912 2431 ἔσομαι
2945 2350 3151 2434 ἄφρων.

2137 2556 2162 2583 α
2199 2527 2471 2604 Φείδομαι
2515 2525 2606 2601 δὲ,
2667 2523 2822 2603 μήτις
2876 2524 2947 2590 εἷς
2996 2518 3092 2598 ἐμὲ
3140 2518 3423 2596 λογίσηται
3467 2518 3657 2599 ὑπὲρὸ

2055 2620 2239 2700 βλέπει
2275 2642 2372 2697 με,
2401 2616 2436 2688 ἢ
2467 2613 2645 2675 ἀκούει
2669 2638 2725 2674 τι
2753 2612 2803 2681 ἐξ
2834 2613 2985 2690 ἐμοῦ.
3027 2638 3052 2664 ν
3101 2608 3259 2700 Αὕτη,
3291 2613 3326 2683 ἡ
3362 2612 3649 2700 ὡμολογη-

2052 2698 2186 2786 μένη
2219 2708 2363 2767 αἰτία
2387 2752 2404 2782 ,
2435 2704 2523 2763 ἵνα
2553 2703 2628 2781 μὴ
2669 2706 2716 2762 οῖ
2745 2702 3014 2782 ἄνθρωποι
3044 2698 3429 2771 θεοποιήσωσιν
3454 2698 3607 2757 αὐτόν
3637 2717 3652 2733 ⁸

2052 2797 2141 2859 διὰ
2167 2804 2323 2858 τοῦτο
2345 2796 2449 2876 γὰρ
2474 2793 2558 2854 ἀεὶ
2593 2795 2745 2873 ἐσίγα
2779 2792 2899 2873 περὶ
2934 2794 3123 2850 ἑαυτοῦ
3148 2814 3162 2828 ο
3197 2789 3296 2849 κᾶν
3325 2812 3453 2849 ποτε
3496 2792 3658 2867 ἠναγ-

2052 2887 2224 2961 κάσθη
2275 2887 2439 2946 εἰπεῖν
2485 2909 2568 2960 τι,
2615 2881 2953 2951 συνεσκίαζεν
2988 2879 3011 2915 ⁵
3060 2878 3190 2939 αὐτὸ
3217 2925 3235 2958 ,
3275 2879 3364 2938 ἵνα
3414 2878 3489 2955 μὴ
3537 2877 3657 2956 μεί-

2053 2980 2177 3047 ζονα
2224 2978 2273 3035 οἱ
2324 2974 2592 3054 ἄνθρωποι
2642 2973 2764 3054 περὶ
2834 2973 2995 3029 αὐτοῦ
3047 2967 3285 3030 λάϐωσιν
3344 2967 3547 3027 ἔννοιαν
3602 2966 3648 3026 ⁸.

335 3070 558 3143 cipiant.
590 3053 727 3128 Non
746 3072 897 3127 enim
924 3070 1080 3135 dixit,
1117 3075 1196 3128 Ne
1236 3072 1360 3144 quis
1398 3053 1547 3127 dicat
1584 3070 1653 3127 de
1691 3086 1781 3127 me
1814 3089 1827 3127 :
1856 3087 1939 3128 ve-

2058 3070 2141 3130 Οὐ
2193 3066 2296 3145 γὰρ
2347 3053 2513 3152 εἶπε,
2552 3060 2647 3134 Μή
2683 3053 2760 3127 τις
2797 3060 2919 3140 εἴπῃ
2953 3060 3276 3152 περὶ-ἐμοῦ,
3330 3059 3498 3152 axx,
3526 3055 3652 3152 Ἵνα

335 3176 482 3229 rum,
505 3163 586 3217 Ne
600 3160 862 3232 quiddam
884 3160 1066 3232 majus
1082 3177 1249 3233 quam
1272 3176 1375 3232 par
1393 3161 1486 3225 sit,
1510 3159 1576 3216 de
1599 3176 1689 3216 me
1713 3160 1940 3233 cogitet,

334 3259 588 3306 menteve
616 3249 910 3322 concipiat.
942 3252 1085 3305 Nam
1113 3250 1156 3305 si
1182 3258 1373 3306 tauros
1401 3249 1450 3305 ei
1480 3257 1724 3306 mactare
1757 3250 1939 3306 volue-

332 3346 467 3395 runt
493 3345 714 3411 propter
739 3338 1028 3402 miracula,
1060 3337 1199 3412 quid
1220 3354 1334 3394 non
1362 3337 1648 3409 fecissent,
1682 3339 1727 3395 si
1770 3338 1938 3395 etiam

331 3428 693 3485 revelationes
719 3426 1119 3485 manifestasset
1135 3431 1200 3484 xi’

405 3520 586 3575 Vens.
617 3521 673 3573 '7.
722 3539 746 3567 α
780 3521 849 3574 Et
885 3533 952 3573 ne
988 3516 1315 3574 excellentia
1338 3516 1736 3573 revelationum
1762 3516 1938 3573 extol-

334 3607 435 3675 lar,
465 3607 626 3664 datus
645 3615 730 3664 est
772 3606 907 3663 mihi
934 3607 1191 3664 stimulus
1229 3605 1287 3663 in
1337 3622 1527 3676 carne,
1556 3608 1784 3680 angelus
1838 3609 1937 3664 Sa-

331 3704 500 3765 tanae,
530 3705 596 3752 ut
623 3713 715 3753 me
762 3697 1084 3767 colaphizet,
1143 3713 1215 3754 ne
1251 3697 1498 3753 extollar.
1561 3719 1587 3746 ιν
1657 3696 1935 3770 Angelum

331 3788 570 3854 Satanae,
611 3795 667 3843 et
695 3787 1004 3857 stimulum,
1047 3786 1299 3843 nonnulli
1346 3785 1764 3859 cephalalgiam,
1828 3784 1937 3843 hoc

330 3884 413 3933 est
438 3878 632 3949 capitis
667 3878 943 3946 dolorem,
970 3894 1003 3934 a
1031 3876 1255 3934 diabolo
1285 3875 1500 3933 factum
1517 3876 1935 3933 intellexerunt.

336 3969 407 4021 At
436 3967 581 4023 absit
602 3967 710 4023 hoc
736 3985 750 4023 :
801 3984 918 4023 non
957 3966 1109 4023 enim
1141 3966 1292 4022 Pauli
1320 3981 1524 4038 corpus
1566 3964 1790 4022 diabolo
1821 3973 1936 4021 tra-

329 4053 510 4112 ditum
536 4064 620 4112 est
650 4074 663 4113 :
692 4053 1143 4128 quandoquidem
1173 4054 1376 4112 Paulus
1399 4054 1504 4127 ipsi
1529 4054 1709 4127 potius
1738 4055 1936 4127 praeci-

331 4145 534 4216 piebat,
566 4145 816 4218 ﬁnesque
855 4145 1263 4218 praescribebat,
1295 4144 1514 4216 quando
1542 4142 1936 4201 fornicatorem

2048 3155 2184 3238 μηδὲ
2232 3150 2515 3232 λογίσηταί
2566 3174 2620 3210 τι
2674 3152 2848 3229 μεῖζον
2907 3153 3010 3221 τῆς
3060 3146 3377 3238 ἀξίαςγμου.
3435 3149 3504 3207 Εἰ
3548 3145 3653 3238 γὰρ

2045 3235 2328 3307 καταθύειν
2381 3242 2524 3322 αὐτῷ
2575 3239 2795 3321 ταύρους
2844 3238 3032 3311 ἤθελον
3075 3235 3161 3296 διὰ
3191 3237 3258 3294 τὰ
3311 3240 3546 3313 σημεῖα,
3600 3235 3654 3293 τί

2045 3338 2142 3396 οὔκ
2172 3336 2234 3393 ἂν
2277 3331 2504 3414 ἔδρασαν
2524 3374 2541 3404 ,
2567 3331 2612 3389 εἶ
2642 3328 2734 3388 καὶ
2763 3328 2856 3397 τὰς
2886 3326 3261 3408 ἀποκαλύψεις
3292 3324 3573 3407 ἐφανέρου;

2134 3527 2166 3567 α
2216 3506 2327 3568 Καὶ
2506 3504 2776 3585 ὑπερϐολῇ
2829 3505 2937 3562 τῶν
2993 3498 3384 3588 ἀποκαλύψεων
3425 3494 3515 3588 ἵνα
3576 3493 3651 3573 μὴ

2045 3586 2447 3678 ὑπεραίρωμαι,
2497 3595 2649 3666 ἐδόθη
2704 3617 2793 3671 μοι
2825 3591 3028 3671 σκόλοψ
3078 3593 3144 3669 τῇ
3189 3586 3390 3678 σαρκὶ,
3432 3586 3652 3665 ἅγγελος

2044 3676 2268 3764 Σατᾶνή,
2318 3685 2409 3745 ἵνα
2456 3709 2523 3761 με
2554 3684 2848 3765 κολαφίζῃ,
2893 3678 2985 3739 ἵνα
3048 3678 3122 3757 μὴ
3175 3676 3646 3765 ὑπεραίρωμαι.»

2041 3774 2296 3858 Ἄγγελον
2345 3778 2563 3849 Σατᾶν,
2621 3764 2713 3833 καὶ
2768 3771 3042 3842 σκόλοπα,
3086 3768 3221 3836 τινὲς
3268 3764 3652 3858 κεφαλαλγίαν

2043 3852 2295 3944 ἐνόμισαν
2350 3864 2455 3924 ὑπὸ
2495 3870 2588 3923 τοῦ
2650 3862 2900 3922 διαϐόλου
2958 3857 3269 3940 γινομένην.
3347 3855 3539 3944 Ἀλλὰ-
3573 3852 3649 3931 μὴ

2042 3942 2246 4035 γένοιτο
2279 3978 2293 3993 ο
2345 3955 2406 4014 οὗ
2437 3954 2541 4034 γὰρ
2576 3951 2640 4012 ἂν
2689 3952 2750 4010 τὸ
2805 3954 2963 4027 σῶμα
3017 3946 3241 4010 Παύλου
3294 3949 3369 4027 τῷ
3419 3942 3653 4023 διαϐόλῳ

2042 4034 2310 4126 παρεδόθη
2337 4088 2353 4120 ,
2388 4041 2521 4101 ὅπου
2551 4066 2611 4118 γε
2661 4042 2873 4108 Παῦλος
2923 4041 3068 4119 αὐτῷ
3098 4039 3303 4113 μᾶλλον
3349 4034 3609 4094 ἐπέτασσε
3632 4077 3648 4106 ,

2042 4125 2135 4195 καὶ
2164 4135 2317 4213 ὅρους
2364 4132 2522 4191 ἐτίθει
2551 4132 2599 4210 ⁷,
2642 4129 2731 4190 ὅτε
2780 4131 2870 4189 τὸν
2920 4126 3288 4209 πορνεύσαντα
3338 4125 3485 4203 αὖτῷ
3514 4145 3653 4201 παρ-

327 4235 585 4291 tradebat
594 4234 642 4289 ei
658 4234 728 4290 ad
746 4235 1038 4291 interitum
1067 4234 1245 4291 carnis
1262 4243 1347 4304 μ,
1362 4250 1462 4291 nec
1480 4250 1599 4290 eam
1614 4234 1707 4291 ille
1726 4243 1937 4291 metam

2047 4210 2216 4284 εδίδου
2245 4225 2319 4290 εἷς
2365 4220 2586 4319 ὄλεθρον.
2609 4225 2706 4319 τῇς
2737 4217 2934 4299 σαρκὸς
2954 4263 2969 4289 ,
2998 4216 3089 4277 καὶ
3120 4219 3237 4319 οὖέ
3258 4211 3497 4319 ὑπερέϐη
3534 4210 3653 4279 τοὺς

330 4322 905 4395 praetergrediebatur.
933 4324 1079 4395 Quid
1104 4324 1271 4396 igitur
1304 4332 1388 4380 est
1415 4327 1583 4381 Satan
1618 4322 1935 4380 ?Adversa-

2038 4312 2187 4393 ὅρους
2216 4313 2410 4379 ἐκεῖνος
2431 4300 2586 4373 ⁸.ίΤί
2614 4300 2705 4369 οὖν
2746 4311 2860 4368 ἐστι
2907 4310 3126 4381 Σατᾶνς
3174 4304 3244 4366 Ὃ
3291 4300 3653 4393 ἀντικείμενος

329 4390 441 4468 rius
466 4390 665 4470 dicitur
688 4412 925 4470 Hebraea
949 4390 1100 4470 voce.
1128 4390 1325 4488 "Angeli
1352 4413 1520 4487 igitur
1548 4416 1770 4471 Satanae
1800 4419 1931 4470 sunt

2047 4390 2253 4484 λέγεται
2408 4399 2683 4481 Ἑϐραίων
2736 4402 2907 4480 φωνῇ.
2952 4396 3199 4488 Ἄγγελοι
3255 4390 3652 4488 Σατᾶν-τοίνυν

330 4516 528 4558 omnes
549 4501 864 4571 adversarii,
893 4502 1206 4561 Alexander
1233 4503 1478 4573 aerarius,
1510 4505 1852 4576 Hymenaeus
1875 4508 1931 4556 et

331 4591 601 4663 Philetas,
621 4609 927 4667 omnesque
954 4594 1284 4651 tribulantes
1309 4595 1493 4667 ipsum
1522 4601 1577 4649 et
1603 4590 1932 4665 afﬂigentes,

330 4697 429 4738 ceu
449 4683 667 4740 Satanae
686 4700 849 4755 opera
871 4683 1236 4756 perﬁcientes.
1259 4683 1410 4739 Dicit
1430 4682 1621 4756 igitur,
1647 4681 1795 4753 quod
1810 4683 1937 4737 Non

332 4771 581 4844 permisit
630 4775 787 4829 Deus
829 4773 1283 4846 praedicationem
1325 4788 1507 4828 meam
1540 4771 1751 4842 absque
1792 4770 1939 4843 peri-

331 4861 467 4917 culis
478 4869 532 4915 et
559 4860 841 4918 laboribus
858 4862 1175 4934 procedere,
1196 4877 1269 4919 ne
1291 4861 1484 4918 multis
1512 4860 1940 4916 revelationibus

330 4950 588 5022 dignatus
629 4950 889 5007 “extollar.
930 4954 1113 5023 Quare
1163 4959 1349 5007 autem
1394 4967 1508 5006 non
1555 4948 1713 5018 dixit,
1744 4948 1940 5023 Angeli

331 5042 545 5097 Satanae
579 5038 694 5096 dati
743 5051 872 5097 sunt
908 5042 1074 5110 mihi,
1107 5041 1204 5097 sed
1238 5062 1265 5091 ιι
1297 5041 1574 5113 Angelus?
1606 5062 1633 5089 π
1689 5039 1830 5112 Quia
1885 5039 1942 5094 in

331 5130 486 5186 omni
507 5130 629 5186 loco
650 5146 792 5187 unus
815 5131 1014 5203 aliquis
1031 5130 1412 5186 inveniebatur
1433 5129 1676 5185 renitens
1703 5127 1941 5186 fortasse

332 5220 703 5292 populumque
726 5221 1034 5289 concitans,
1074 5235 1243 5293 quem
1271 5219 1471 5276 ducem
1498 5218 1695 5291 reliqui
1733 5234 1933 5291 seque-

331 5308 562 5378 bantur;
593 5310 700 5378 vel,
723 5309 874 5383 quod
911 5311 1132 5378 melius,
1162 5310 1342 5381 ipsam
1378 5324 1499 5366 rem
1525 5308 1772 5382 adeoque
1795 5307 1935 5364 reni-

332 5413 457 5454 sum
483 5398 747 5455 adversus
770 5398 923 5456 verbi
948 5398 1419 5472 praedicationem,
1446 5397 1935 5472 periculorumque

406 5551 430 5576 ι
458 5545 584 5599 Act.
616 5557 751 5611 xw,
786 5547 870 5599 13.
945 5553 1008 5587 7"
1038 5543 1212 5600 ICor.
1246 5560 1297 5614 v,
1330 5547 1385 5599 5.

2042 4480 2531 4567 oiva’tvuxelpevot
2566 4487 2759 4557 πάντες
2813 4511 2826 4526 ·
2885 4486 3225 4566 Ἀλέξανδρος
3296 4487 3325 4541 ὃ
3382 4480 3640 4562 χαλκεὺς,

2042 4581 2367 4660 (Υμεναῖος,
2399 4578 2493 4641 καὶ
2521 4578 2798 4651 Φιλητὸς,
2830 4576 2923 4637 καὶ
2954 4576 3149 4641 πάντες
3179 4575 3227 4632 οἱ
3258 4570 3528 4637 θλίϐοντες
3559 4571 3652 4629 αὖ·

2042 4672 2130 4733 τὸν
2161 4672 2252 4732 καὶ
2292 4676 2611 4742 κακοῦντες,
2642 4670 2714 4735 ὥς
2760 4667 2828 4725 τὰ
2878 4672 2973 4726 τοῦ
3018 4667 3203 4725 Σατᾶν
3255 4662 3386 4742 ἔργα
3439 4663 3655 4718 ποιοῦν-

2042 4787 2145 4831 τες.
2176 4761 2360 4836 Φησὶν
2392 4747 2516 4834 οὖν,
2545 4756 2626 4817 ὅτι
2652 4758 2773 4819 Οὔκ
2815 4754 2992 4815 εἴασεν
3037 4757 3064 4813 ὁ
3116 4752 3255 4820 Θεὸς
3294 4750 3358 4811 τὸ
3398 4747 3655 4829 κήρυγμά

2047 4876 2147 4930 μου
2189 4849 2354 4931 χωρὶς
2401 4847 2653 4908 κινδύνων
2685 4846 2776 4906 καὶ
2822 4847 2999 4907 πόνων
3046 4843 3382 4925 προχωρεῖν,
3427 4836 3526 4931 ἵνα
3577 4836 3652 4931 μὴ

2046 4927 2418 5021 ὑπεραίρωμαι
2467 4940 2537 5005 ὣς
2582 4938 2796 4995 πολλῶν
2841 4933 3233 5015 ἀποκαλύψεων
3280 4927 3648 4995 καταξιωθείς.

2046 5016 2161 5091 Διὰ*
2180 5016 2328 5089 etet
2348 5030 2443 5087 οὖκ
2474 5016 2618 5085 εἶπεν
2638 5073 2656 5101 ,
2677 5022 2925 5105 Ἄγγελοι
2966 5026 3151 5085 Σατᾶν
3191 5022 3452 5105 ἐδόθησαν
3480 5063 3496 5092 ,
3531 5018 3653 5077 ἀλλ’

2057 5142 2087 5179 (ι
2116 5119 2399 5197 Ἄγγελος;
2437 5144 2463 5172 »
2502 5116 2727 5187 Ἐπειδὴ
2758 5101 2914 5173 ’κατὰ
2964 5112 3125 5172 τόπον
3168 5101 3241 5179 εἶς
3272 5134 3351 5178 τις
3380 5106 3653 5197 εὑρίσκετο

2040 5212 2069 5268 ὁ
2098 5207 2427 5268 ἂντιπίπτων
2460 5205 2585 5273 ἴσως
2608 5251 2623 5280 ,
2659 5204 2750 5265 καὶ
2780 5204 2867 5263 τὸν
2899 5204 3068 5280 δῆμον
3093 5202 3357 5261 ὑποκινῶν
3380 5246 3396 5273 ,
3432 5188 3493 5255 οἷ
3513 5219 3653 5277 προ-

2043 5297 2448 5378 καταρχομένου
2492 5294 2586 5355 καὶ
2636 5296 2684 5354 οῖ
2733 5292 2907 5353 λοιποὶ
2950 5284 3497 5378 συνείποντοθξῆ,
3522 5284 3653 5378 ὅπερ

2043 5386 2138 5450 καὶ
2171 5375 2413 5468 βέλτιον,
2450 5383 2579 5446 αὐτὸ
2607 5383 2668 5444 τὸ
2696 5393 2921 5466 πρᾶγμα
2941 5428 2959 5458 ,
3010 5380 3129 5451 ἤτοι
3163 5378 3260 5455 τήν
3291 5376 3421 5461 πρὸς
3452 5375 3515 5437 τὸ
3553 5376 3652 5450 κήο

1725 5622 1912 5683 Variae
1955 5622 2252 5683 lectiones.

410 5759 430 5795 ’⁸
459 5759 531 5815 ἴσ.
559 5764 717 5814 ταῦτα
759 5775 819 5816 ο.

901 5760 923 5795 ⁸
950 5762 1305 5818 συνεσκεύασεν
1326 5779 1379 5821 οι
1455 5762 1476 5799 ⁶
1506 5762 1746 5818 ὑπόνοιαν
1777 5778 1836 5821 ο.
1913 5762 1935 5796 ’⁷
1961 5761 2125 5816 ἐδίδου
2153 5777 2204 5819 ο.
2285 5760 2306 5795 ⁸
2337 5759 2550 5821 ἐκείνους
2572 5774 2625 5816 0.
2704 5757 2726 5793 9
2756 5752 3065 5825 συνήπτοντο
3097 5770 3152 5813 οι
