4134 6412
383 436 488 488 933

1238 425 1593 484 EXPOSITIO
1631 426 1698 481 IN
1738 425 1952 480 EPIST.
1998 424 2041 480 ΙΙ
2076 425 2170 479 AD
2209 425 2366 482 COR.
2407 459 2477 470 —
2515 430 2666 487 CAP.
2707 433 2816 487 Xll.

3591 441 3696 496 934

383 580 561 638 ρυγμα
611 556 903 632 ἀντίθεσιν,
947 556 1041 616 καὶ
1078 558 1183 615 τῶν
1232 555 1484 617 κινδύνων
1533 552 1825 635 ἐπιφορὰν,
1884 550 1979 630 ἄγ-

2095 552 2424 624 illationem,
2448 559 2706 628 angelum
2744 560 2956 617 Satante
3001 561 3324 620 nominavit.
3356 569 3402 622 A
3457 583 3568 640 quo
3597 585 3694 627 au-

379 651 534 726 γελον
580 649 764 706 Σατᾶν
797 645 1067 725 ὠνόμασε.
1107 645 1272 725 Παρὰ
1313 645 1452 714 τίνος
1482 643 1537 704 δὲ
1587 643 1781 716 ἐδόθη;
1821 639 1985 722 Παρὰ

379 741 470 795 τοῦ
500 738 668 810 Θεοῦ,
692 735 844 818 φησὶ,
872 737 1236 818 συνεχωρήθη·
1257 741 1413 795 τοῦτο
1439 735 1542 816 γὰρ
1566 733 1647 805 τὸ,
1676 761 1700 787 ‹‹
1725 731 1940 804 Ἐδόθη·
1960 756 1984 783 ιν

379 826 470 886 καὶ
500 828 602 906 οὐχ
645 825 733 885 ἵνα
781 825 925 896 ἅπαξ
979 851 1047 904 με
1100 825 1400 906 κολαφίσῃ,
1457 827 1576 884 ἀλλ’
1622 823 1722 883 ἀεί.
1753 825 1835 883 Τὸ
1886 821 1982 899 δὲ,

443 911 471 939 d
743 920 760 940 ε
917 915 931 940 I
1509 913 1522 934 Ι
1706 915 1723 936 ν
1791 911 1804 936 \
1912 915 1946 928 κ

389 937 418 974 (ι
475 919 565 977 Ινα
610 917 686 995 μὴ
742 939 1142 997 υπεραιρωμαι,
1194 938 1223 975 α
1254 915 1388 983 τινὲς
1437 917 1660 987 ἐνοησαν
1693 936 1810 971 αντι
1854 935 1980 983 του,

376 1002 502 1067 Ἵνα
553 1005 629 1082 μὴ
679 1004 781 1064 ὑπὸ
829 1010 936 1065 τῶν
982 1003 1277 1087 ἀνθρώπων
1336 1004 1662 1082 δοξάζωμαι.
1719 1001 1862 1087 Ἀλλ’
1923 1000 1982 1059 οὗ

377 1101 534 1156 τοῦτο
556 1081 720 1175 λέγει
758 1098 969 1163 Παῦλος
997 1081 1224 1156 ἐνταῦθα
1245 1141 1261 1170 ,
1294 1096 1339 1154 εἷ
1387 1094 1480 1154 καὶ
1509 1081 1760 1172 ἀνωτέρω
1802 1081 1948 1149 εἶπεν
1967 1135 1983 1164 ,

378 1187 497 1244 ἀλλ’
530 1187 659 1246 αὐτὸ
689 1192 872 1261 τοῦτο,
906 1183 1026 1247 Ἵνα
1071 1184 1148 1264 μὴ
1195 1184 1486 1259 κενοδοξῶ,
1536 1181 1694 1266 φησίν
1719 1205 1732 1220 ·
1779 1180 1983 1261 ἄνθρω-

379 1299 476 1344 πος
499 1275 602 1356 γὰρ
637 1267 704 1349 ἦν
726 1276 816 1336 κα)
853 1275 1024 1344 αὐτός.

465 1389 494 1425 α
528 1355 703 1445 Ὑπὲρ
732 1366 919 1426 τούτου
966 1365 1074 1447 τρὶς
1106 1364 1193 1424 τὸν
1239 1365 1434 1444 Κύριον
1475 1361 1848 1444 παρεκάλεσα,
1892 1355 1981 1418 ἵνα

378 1457 586 1535 ἀποστῇ
643 1456 735 1514 ἀπ’
789 1457 921 1534 ἐμοῦ
953 1478 967 1493 ·
1019 1454 1112 1515 καὶ
1147 1454 1328 1535 εἴρηκέ
1385 1477 1476 1531 μοι
1506 1477 1520 1490 ·
1581 1451 1754 1532 Ἀρκεῖ
1813 1473 1896 1510 σοι
1943 1452 1977 1520 ἡ

377 1545 534 1626 χάρις
563 1569 686 1622 μου.
704 1572 729 1600 ι
756 1573 876 1598 -ι
895 1543 1059 1626 Τρὶς,
1093 1573 1118 1598 υ
1146 1544 1262 1604 ἀντὶ
1293 1549 1388 1603 τοῦ
1412 1589 1429 1619 ,
1458 1543 1748 1618 πολλάκις,
1785 1567 1808 1594 «ι
1834 1561 1978 1620 παρ-

376 1635 628 1699 εκάλεσα.
659 1664 684 1689 ιι
720 1634 831 1696 Καὶ
873 1640 1027 1695 τοῦτο
1068 1632 1124 1694 δὲ
1151 1632 1662 1716 ταπεινοφροσύνης,
1696 1633 1757 1690 τὸ
1785 1629 1977 1706 ὁμολο-

374 1727 538 1804 γῆσαι
560 1769 576 1800 ,
608 1723 690 1784 ὅτι
719 1726 818 1784 οὐκ
846 1724 999 1806 ἔφερε
1028 1723 1121 1792 τὰς
1169 1723 1466 1806 ἐπιϐουλὰς
1495 1722 1589 1781 καὶ
1618 1720 1714 1788 τὰς
1743 1719 1943 1800 θλίψεις
1962 1763 1977 1791 ,

377 1814 469 1874 καὶ
494 1814 581 1874 διὰ
605 1821 759 1875 τοῦτο
800 1805 1117 1895 παρεκάλει.
1156 1812 1390 1894 Εἴρηκεν
1426 1805 1516 1873 οὖν
1552 1835 1642 1890 μοι
1671 1835 1685 1849 ο
1727 1833 1753 1868 α
1801 1809 1981 1889 Ἀρκεῖ

2093 651 2207 700 tem
2253 645 2418 702 datus
2453 647 2574 702 est?
2599 651 2649 703 A
2682 652 2800 704 Deo
2833 650 3049 723 (inquit)
3079 653 3380 724 permissus
3409 665 3524 724 est;
3587 657 3694 714 hoc

2093 735 2246 791 enim
2271 745 2354 792 est
2377 737 2525 808 quod
2547 738 2639 806 ait,
2674 762 2699 788 α
2732 743 2912 796 Datus
2935 749 3017 796 est
3041 759 3054 797 :
3094 766 3118 790 υ
3147 759 3259 798 non
3279 753 3338 800 ut
3366 747 3530 801 semel
3549 747 3687 803 mihi

2095 825 2360 898 colaphos
2387 827 2619 900 infligat,
2651 828 2749 886 sed
2777 846 3016 902 semper.
3046 831 3210 902 Quod
3234 851 3362 890 vero
3389 834 3464 890 ait
3505 857 3516 891 :
3557 860 3582 885 α
3612 841 3693 894 Ne

2093 915 2343 984 extollar,
2375 941 2399 965 »
2423 917 2650 988 quidam
2671 919 3061 978 intellexerunt
3086 939 3184 994 pro
3204 939 3270 979 eo
3300 923 3452 996 quod
3477 934 3580 992 est,
3608 930 3693 982 Ne

2093 1003 2164 1059 ab
2206 1003 2527 1062 hominibus
2577 1006 2870 1079 glorificer.
2904 1011 3072 1081 312
3130 1011 3235 1068 Sed
3283 1011 3341 1070 id
3371 1013 3572 1070 Paulus
3603 1014 3692 1072 hic

2088 1108 2201 1148 non
2229 1093 2378 1161 dicit,
2407 1096 2620 1153 etiamsi
2674 1113 2838 1170 supra
2868 1099 3069 1156 dixerit
3111 1119 3125 1157 :
3171 1101 3267 1158 sed
3316 1102 3451 1159 illud
3483 1102 3688 1176 ipsum,

2091 1185 2172 1238 Ne
2195 1197 2335 1240 vane
2371 1183 2642 1256 gloriosus
2669 1187 2793 1254 sim,
2835 1187 3012 1262 inquit
3059 1210 3072 1246 :
3119 1189 3288 1248 homo
3317 1192 3468 1248 enim
3492 1203 3546 1250 et
3571 1194 3688 1267 ipse

2091 1280 2229 1328 erat.

2160 1363 2331 1418 Vens.
2373 1369 2428 1431 8,
2469 1370 2520 1420 9.
2555 1387 2577 1413 ‹ι
2613 1367 2787 1438 Super
2809 1365 2914 1423 hoc
2943 1375 3028 1424 ter
3048 1369 3352 1427 Dominum
3381 1371 3592 1443 rogavi,
3627 1381 3688 1428 ut

2089 1449 2398 1508 discederet
2425 1469 2455 1508 a
2487 1469 2602 1522 me;
2636 1463 2690 1510 et
2714 1455 2853 1511 dixit
2898 1456 3034 1512 mihi
3070 1479 3081 1512 :
3111 1458 3328 1515 Sufﬁcit
3367 1460 3469 1515 tibi
3511 1463 3685 1534 gratia

2088 1556 2232 1596 mea.
2268 1565 2293 1590 ››
2325 1572 2394 1582 -
2419 1566 2442 1590 ‹‹
2473 1546 2602 1612 Ter,
2637 1568 2662 1594 ι»
2709 1561 2826 1616 pro,
2863 1547 3017 1618 Saepe
3044 1547 3350 1620 imploravi.
3383 1551 3554 1624 Atqui
3576 1551 3682 1607 hoc

2087 1629 2252 1686 etiam
2278 1630 2606 1688 humilitatis
2627 1642 2731 1701 est,
2760 1632 2920 1689 fateri
2944 1636 3092 1707 quod
3121 1653 3235 1693 non
3262 1637 3434 1694 ferret
3462 1640 3694 1697 insidias

2085 1735 2148 1775 ac
2186 1717 2536 1788 afflictiones,
2568 1730 2624 1778 et
2652 1732 2943 1794 propterea
2971 1740 3132 1796 opem
3163 1727 3502 1797 imploraret.
3539 1730 3694 1786 Dixit

2088 1809 2252 1880 igitur
2291 1810 2463 1866 mihi:
2494 1812 2636 1868 Satis
2658 1820 2741 1868 est
2769 1813 2918 1885 quod
2947 1815 3114 1870 talem
3137 1817 3232 1872 tibi
3257 1818 3491 1890 gratiam
3517 1817 3686 1876 dede-

379 1927 462 1964 σοι
481 1949 497 1978 ,
522 1931 548 1958 ιο
567 1904 648 1964 ὅτι
675 1903 928 1978 τοιαύτην
959 1902 1136 1963 ἔδωκά
1165 1927 1248 1963 σοι
1280 1903 1460 1986 χάριν,
1479 1899 1568 1961 ἵνα
1593 1899 1810 1981 νεκροὺς
1844 1897 1976 1977 ἐγείο

2087 1897 2215 1967 rim,
2237 1906 2299 1954 ut
2326 1907 2576 1957 mortuos
2604 1901 2826 1970 excites,
2855 1911 2920 1959 ut
2937 1903 3162 1960 virtutes
3189 1921 3384 1963 omnes
3414 1907 3685 1978 perﬁcies.

383 2017 507 2075 ρῃς,
563 1993 650 2054 ἵνα
699 1994 949 2073 δυνάμεις
996 1993 1178 2062 πάσας
1219 1995 1479 2074 ἐπιτελῇς.
1560 1991 1656 2064 Μὴ
1700 1991 1846 2062 ζήτει
1889 1985 1980 2048 καὶ

385 2083 655 2143 ἀκίνδυνόν
709 2106 793 2144 σοι
860 2083 1167 2164 προϐαίνειν
1243 2082 1304 2142 τὸ
1359 2082 1612 2163 κήρυγμα
1667 2105 1680 2120 ο
1735 2077 1978 2160 περιττὸν

375 2172 475 2255 γάρ
505 2175 616 2233 ἐστι
653 2178 808 2234 τοῦτο
837 2193 851 2208 ·
875 2172 903 2231 ὃ
930 2172 986 2232 δὲ
1017 2175 1168 2254 ἀρκεῖ
1207 2196 1321 2251 σοι,
1354 2171 1567 2240 ἔλαϐες.

462 2285 493 2324 α
523 2262 590 2325 Ἡ
636 2263 739 2344 γὰρ
770 2262 988 2341 δύναμίς
1033 2287 1135 2341 μου
1167 2266 1218 2322 ἐν
1275 2262 1520 2344 ἀσθενείᾳ
1566 2263 1883 2322 τελειοῦται.
1941 2282 1974 2315 δ)

375 2341 869 2426 Τουτέστιν,“Ἀλλ’
904 2351 1032 2421 ἴσως
1087 2353 1296 2429 ἀλγεῖς,
1341 2341 1386 2410 ὦ
1444 2354 1668 2425 Παῦλε,
1721 2349 1796 2429 μὴ
1855 2348 1976 2430 δόξῃ

374 2450 526 2504 τοῦτο
574 2443 843 2510 ἀσθενείας
891 2430 1028 2502 εἶναι
1081 2445 1251 2518 ἐμῆς,
1306 2442 1367 2502 τὸ
1418 2441 1646 2510 πολλοὺς
1707 2445 1785 2522 τῷ
1836 2439 1977 2520 λόγῳ

372 2532 767 2593 ἐπιϐουλεύεινο
819 2533 1022 2615 θάρῤει.
1063 2531 1203 2594 Τότε
1250 2531 1355 2612 γὰρ
1402 2531 1718 2612 τελεώτερον
1773 2531 1976 2609 μᾶλλον

373 2623 706 2704 διαφαίνεται
758 2628 788 2698 ἡ
843 2623 1062 2702 δύναμίς
1115 2646 1250 2701 μου,
1311 2621 1437 2680 ὅταν
1499 2621 1814 2699 διωκόμενοι
1869 2622 1975 2678 τῶν

374 2711 671 2772 διωκόντων
721 2713 1065 2793 περιγίνεσθε.
1137 2709 1290 2792 ⁴⁷Ορα
1349 2710 1436 2786 δὲ,
1506 2714 1615 2781 πῶς
1665 2710 1822 2777 αὐτὸς
1880 2707 1976 2788 μὲν

373 2804 563 2883 ἔφησε,
598 2801 680 2861 διὰ
711 2808 866 2862 τοῦτο
902 2805 1182 2874 ἐκδοθῆναι
1220 2810 1330 2870 τοῖς
1359 2804 1681 2883 πειρασμοῖς
1711 2845 1728 2874 ,
1766 2797 1856 2857 ἵνα
1901 2798 1976 2876 μὴ

374 2881 772 2974 ὓπεραίρηται’
801 2896 829 2952 ὁ
879 2893 934 2951 δὲ
979 2893 1116 2960 Θεὸς
1172 2892 1340 2963 ἄλλην
1389 2881 1564 2950 αἰτίαν
1611 2881 1726 2950 εἶπε
1754 2888 1978 2962 τούτου,

374 2982 435 3041 τὸ
463 2981 581 3058 ⁴τὴν
635 2981 856 3058 δύναμιν
925 2985 1086 3042 αὐτοῦ
1138 2980 1258 3040 τότε
1325 2981 1606 3063 φαίνεσθαι
1662 2980 1724 3038 τὸ
1777 2977 1978 3038 τέλειον

375 3069 598 3151 ἔχουσαν
624 3116 640 3146 ,
668 3069 794 3130 ὅταν
833 3093 864 3130 α
911 3073 966 3132 ἐν
1016 3071 1260 3152 ἀσθενείᾳ
1285 3114 1302 3146 ,
1336 3099 1361 3126 ιο
1409 3069 1712 3150 τουτέστιν,
1744 3072 1798 3130 ἐν
1828 3071 1979 3148 διωγ-

376 3150 495 3238 μοῖς
524 3162 616 3221 καὶ
645 3160 902 3230 κινδύνοις
924 3160 1074 3222 αὐτοὶ
1107 3150 1262 3223 ῶσιν.

456 3371 482 3397 ι
508 3342 745 3404 ’Ἥδιστα
786 3333 876 3403 οὖν
929 3345 1132 3422 μᾶλλον
1186 3342 1538 3424 καυχήσομαι
1584 3343 1636 3401 ἐν
1667 3341 1781 3407 ταῖς
1814 3341 1976 3399 ἀσθε-

373 3431 536 3501 νείαις
588 3457 728 3510 μου,
781 3431 871 3493 ἵνα
911 3432 1253 3513 ἐπισκηνώσῃ
1296 3431 1378 3490 ἐπ’
1419 3433 1514 3511 ἐμὲ
1547 3435 1581 3504 ἡ
1618 3431 1838 3508 δύναμις
1885 3434 1976 3488 τοῦ

374 3525 632 3604 Χριστοῦ.
676 3547 704 3582 n
761 3521 956 3596 Ἐπεὶ,
1017 3523 1180 3604 φησὶ,
1217 3528 1389 3581 ταῦτα
1442 3522 1650 3594 ἤκουσα
1692 3520 1784 3580 καὶ
1827 3518 1909 3578 ὅτι
1943 3523 1975 3590 ἡ

374 3611 593 3691 δύναμις
635 3619 726 3673 τοῦ
785 3616 926 3675 Θεοῦ
987 3615 1040 3672 ἐν
1098 3612 1342 3692 ἀσθενείᾳ
1399 3615 1731 3685 τελειοῦται,
1789 3607 1976 3669 λοιπὸν

375 3702 720 3782 καυχήσομαι
763 3705 816 3762 ἐν
871 3703 986 3770 ταῖς
1016 3703 1306 3772 ἀσθενείαις
1341 3725 1468 3778 μου.
1523 3693 1696 3764 Abeat
1726 3698 1830 3781 γὰρ
1865 3697 1974 3780 ὅσῳ

373 3793 584 3860 πλείους
612 3793 750 3870 εἰσὶ,
782 3791 1018 3873 τοσούτῳ
1061 3793 1448 3874 δαψιλεστέραν
1490 3791 1586 3864 τὴν
1629 3791 1854 3869 δύναμιν
1881 3795 1972 3847 τοῦ

372 3882 514 3940 Θεοῦ
552 3881 859 3963 προξενοῦσί
888 3905 1017 3963 μοι.
1076 3883 1170 3955 Μὴ
1215 3882 1390 3941 τοίνυν
1439 3880 1697 3958 νομίσητέ
1741 3903 1844 3958 με,
1893 3877 1974 3936 ὅτι

371 3972 442 4036 ὡς
471 3961 798 4049 λυπούμενος
844 3961 989 4030 εἷπον
1043 3969 1112 4029 τὰ
1158 3972 1279 4052 περὶ
1331 3977 1420 4030 τοῦ
1478 3972 1769 4042 σκόλοπος,
1835 3967 1974 4026 ἀλλὰ

373 4061 576 4134 μᾶλλον
630 4059 835 4142 χαίρων
883 4061 976 4120 καὶ
1036 4059 1425 4140 καυχώμενος,
1476 4062 1547 4128 ὡς
1586 4061 1678 4119 καὶ
1729 4057 1825 4131 τὴν
1879 4061 1973 4116 τοῦ

372 4150 516 4209 Θεοῦ
543 4148 764 4226 δύναμιν
795 4149 1012 4209 πλείονα
1039 4148 1410 4228 ἐπισπώμενος
1442 4149 1575 4232 πρὸς
1608 4148 1842 4228 ἐμαυτὸν
1887 4145 1973 4206 διὰ

373 4241 468 4310 τῆς
499 4238 789 4307 ἐπιτάσεως
817 4242 921 4298 τῶν
953 4240 1202 4320 θλίψεων.

464 4350 494 4387 ιι
522 4327 620 4390 Διὸ
670 4330 871 4388 εὐδοκῶ
899 4330 952 4387 ἕν
993 4333 1109 4397 ταῖς
1153 4329 1483 4408 ἀσθενείαις,
1527 4331 1580 4389 ἐν
1629 4329 1882 4410 ὕϐρεσιν,
1919 4331 1971 4388 ἐν

2008 3207 2064 3280 (Ξ

2089 1989 2167 2044 Ne
2197 2004 2410 2062 quaeras
2437 1989 2606 2062 igitur
2635 1999 2695 2047 ut
2717 1991 2851 2048 citra
2883 1993 3191 2066 periculum
3225 1996 3540 2067 praedicatio
3588 1999 3687 2055 tibi

2084 2079 2988 2154 progrediatur:supervacaneum
3025 2085 3174 2141 enim
3212 2084 3317 2142 hoc
3370 2097 3472 2145 est.
3524 2089 3688 2161 Quod

2084 2176 2274 2225 autem
2303 2170 2431 2226 satis
2455 2179 2536 2226 est
2563 2171 2680 2241 tibi,
2724 2174 3003 2246 accepisti.

2162 2279 2190 2308 α
2219 2259 2407 2316 Virtus
2434 2261 2586 2318 enim
2624 2279 2746 2320 mea
2793 2263 3111 2322 inﬁrmitate
3142 2266 3452 2338 perﬁcitur.
3509 2292 3533 2317 ν
3566 2271 3688 2326 Hoc

2085 2355 2188 2417 est,
2211 2349 2466 2406 Fortasse
2487 2351 2662 2421 doles,
2688 2369 2721 2408 ο
2737 2354 2922 2423 Paule,
2941 2371 3012 2410 ne
3027 2355 3279 2412 videatur
3300 2358 3690 2416 imbecillitatis

2085 2453 2204 2494 esse
2230 2455 2391 2508 meae,
2447 2441 2596 2513 quod
2639 2443 2796 2498 multi
2824 2445 2988 2500 verbo
3020 2462 3146 2502 meo
3190 2446 3418 2504 insidias
3474 2449 3683 2505 machi-

2087 2537 2284 2585 nentur
2315 2549 2328 2584 :
2360 2530 2595 2588 conﬁde.
2626 2534 2768 2598 Tum
2811 2533 2956 2588 enim
2992 2533 3289 2605 perfectius
3333 2537 3548 2594 videtur
3586 2554 3683 2609 po-

2086 2617 2252 2674 tentia
2295 2635 2441 2688 mea,
2483 2621 2705 2692 quando
2757 2625 3197 2694 persecutionem
3235 2626 3400 2698 passi,
3429 2643 3684 2698 persecu-

2084 2715 2233 2765 tores
2261 2709 2520 2766 viceritis.
2576 2711 2712 2768 Vide
2763 2721 2950 2769 autem
2981 2715 3262 2784 quomodo
3318 2716 3518 2772 dixerit
3545 2717 3685 2788 ipse,

2086 2807 2309 2870 propter
2333 2799 2440 2856 hoc
2469 2799 2776 2857 obnoxium
2801 2819 2921 2859 sese
2969 2819 3033 2860 ac
3080 2804 3348 2862 traditum
3376 2807 3690 2862 tentationi-

2086 2887 2208 2956 bus,
2259 2905 2330 2945 ne
2377 2891 2687 2948 extollatur.
2737 2895 2888 2950 Deus
2947 2903 3141 2950 autem
3189 2895 3360 2953 aliam
3409 2896 3686 2954 rationem

2087 2977 2326 3034 reddidit
2351 2977 2532 3053 hujus,
2564 2981 2830 3039 nimirum
2878 2984 3027 3056 quod
3067 2986 3316 3057 potentia
3365 2985 3532 3058 ipsius
3563 2995 3685 3043 tum

2085 3066 2340 3124 videatur
2393 3073 2932 3130 consummationem
2984 3074 3207 3145 habere,
3267 3075 3491 3148 quando
3537 3099 3561 3124 α
3622 3081 3687 3132 in

2088 3156 2434 3230 inﬁrmitate,
2465 3180 2496 3215 »
2541 3161 2646 3219 hoc
2673 3171 2776 3235 est,
2798 3164 2851 3219 in
2893 3165 3367 3238 persecutionibus
3392 3174 3448 3223 et
3470 3166 3687 3239 pericu-

2094 3247 2160 3302 lis
2190 3247 2290 3320 ipsi
2321 3248 2540 3307 fuerint.

2163 3361 2190 3386 «ι
2231 3339 2626 3398 Libentissime
2645 3343 2810 3415 igitur
2843 3343 3117 3416 gloriabor
3150 3345 3331 3418 potius
3368 3346 3423 3402 in
3445 3346 3683 3403 inﬁrmi-

2087 3427 2298 3486 tatibus
2325 3431 2478 3501 meis,
2523 3440 2585 3487 ut
2623 3431 2896 3489 inhabitet
2923 3433 2980 3490 in
3046 3451 3136 3492 me
3167 3437 3340 3493 virtus
3377 3437 3599 3493 Christi.
3656 3461 3680 3485 »

2087 3518 2224 3587 Quia
2280 3518 2493 3591 (inquit)
2554 3519 2674 3576 haec
2719 3522 2924 3589 audivi,
2984 3523 3132 3596 quod
3183 3526 3428 3596 potentia
3479 3525 3578 3581 Dei
3631 3526 3688 3582 in

2087 3607 2411 3664 inﬁrmitate
2447 3610 2742 3681 perficitur,
2778 3610 3034 3684 deinceps
3062 3613 3338 3684 gloriabor
3376 3614 3433 3670 in
3453 3614 3682 3671 inﬁrmi-

2086 3697 2294 3752 tatibus
2325 3698 2484 3755 meis.
2526 3702 2626 3756 Hae
2649 3699 2802 3755 enim
2841 3716 2952 3772 quo
2988 3703 3168 3773 plures
3198 3701 3420 3769 fuerint,
3449 3720 3515 3760 eo
3551 3704 3682 3760 ube-

2085 3787 2292 3842 riorem
2347 3788 2447 3844 Dei
2487 3789 2789 3862 potentiam
2841 3789 2975 3846 mihi
3023 3791 3335 3848 conciliant.
3391 3795 3472 3848 Ne
3520 3793 3685 3866 igitur

2085 3875 2456 3946 arbitremini,
2515 3879 2663 3950 quod
2721 3879 2883 3934 veluti
2933 3879 3290 3939 contristatus
3337 3881 3406 3937 de
3451 3881 3680 3938 stimulo

2087 3966 2257 4021 verba
2287 3965 2538 4035 fecerim;
2571 3968 2667 4024 sed
2717 3969 2911 4026 laatans
2950 3970 3132 4040 potius
3160 3988 3224 4026 ac
3248 3971 3506 4043 glorians,
3556 3979 3681 4026 tan-

2085 4070 2251 4126 quam
2274 4057 2376 4112 Dei
2405 4059 2705 4129 potentiam
2726 4060 3000 4131 majorem
3022 4059 3300 4118 attrahens
3319 4061 3390 4119 ad
3409 4061 3683 4134 meipsum

2085 4160 2184 4216 per
2207 4145 2572 4205 afﬁictionum
2608 4148 2995 4206 intensionem.

2155 4337 2338 4393 Vnus.
2375 4341 2462 4392 ιο.
2497 4359 2523 4385 ‹ι
2557 4339 2788 4410 Propter
2839 4337 2987 4410 quod
3027 4336 3222 4412 placeo
3250 4339 3384 4396 mihi
3435 4340 3491 4396 in
3528 4339 3682 4397 inﬁr-

374 4416 662 4496 ἀνάγκαις,
699 4420 753 4477 ἐν
785 4419 1072 4498 διωγμοῖς,
1117 4421 1170 4478 ἐν
1223 4418 1597 4500 στενοχωρίαις
1641 4420 1776 4502 ὑπὲρ
1827 4423 1995 4500 Χρι-‹

2087 4425 2388 4494 mitatibus,
2428 4427 2482 4482 in
2506 4427 2875 4495 contumeliis,
2905 4428 2960 4484 in
3005 4430 3447 4499 necessitatibus,
3476 4430 3531 4486 in
3558 4449 3686 4503 per-

374 4513 517 4568 στοῦ.
547 4509 589 4586 ξ»
631 4506 1003 4586 Ἐπεθύμουν,
1055 4507 1256 4590 φησὶν,
1308 4512 1380 4577 ὡς
1431 4509 1736 4589 ἄνθρωπος,
1787 4511 1973 4570 ἀπαλ-

371 4598 602 4676 λαγῆναι
654 4601 758 4656 τῶν
815 4600 995 4657 δεινῶν
1045 4622 1058 4636 ·
1105 4597 1222 4656 ἐπεὶ
1268 4597 1322 4656 δὲ
1387 4597 1592 4671 ἤκουσα
1643 4599 1675 4657 ἂ
1727 4599 1972 4673 ἤκουσα,

372 4687 552 4745 ἔκτοτε
594 4687 687 4746 καὶ
715 4691 1006 4768 καυχῶμαι
1053 4687 1142 4746 καὶ
1178 4689 1407 4767 εὐδοκῶ,
1457 4689 1766 4762 τουτέστιν,
1814 4693 1972 4750 ἐπευ-

369 4775 694 4857 φραίνομαι,
725 4779 1058 4858 εὐχαριστῶν
1109 4779 1499 4858 εὖαρεστοῦμαι
1546 4782 1600 4838 ἐν
1652 4781 1968 4846 ἀσθενείαις.

373 4856 544 4940 Εἶτα,
576 4863 665 4925 ἵνα
695 4868 769 4944 μὴ
813 4867 1063 4948 νομίσῃςξ
1082 4868 1308 4948 πυρετὸν
1341 4868 1390 4904 ¹⁰
1423 4869 1515 4928 καὶ
1544 4875 1764 4930 τοιαῦτα
1812 4869 1970 4940 νοσή-

373 4979 548 5033 ματα,
599 4957 878 5036 ἑρμηνεύει
939 4980 1023 5015 σοι
1085 4957 1322 5032 ταύτας,
1372 4956 1452 5017 ὅτι
1506 4963 1560 5017 αῖ
1608 4959 1818 5040 ὕϐρεις,
1880 4956 1973 5018 καὶ

369 5046 577 5118 τᾶλλα,
611 5047 741 5105 εἰσὶν
783 5047 838 5104 αἳ
887 5047 1179 5107 ἀσθένειαι.
1218 5050 1412 5107 Ταῦτα
1445 5049 1499 5108 δὲ
1530 5049 1622 5108 καὶ
1668 5053 1786 5118 τούς
1816 5052 1974 5132 ψευδ-

371 5135 693 5205 αποστόλους
736 5135 1081 5217 καταισχύνει
1135 5135 1223 5195 ἐπὶ
1281 5146 1392 5205 τοῖς
1444 5139 1698 5208 ἐναντίοις
1751 5163 1974 5219 καυχω-

371 5221 591 5302 μένους,
638 5229 711 5293 ὡς
755 5227 1018 5293 ἀντιθέους
1046 5250 1060 5264 ο
1107 5225 1199 5285 καὶ
1243 5227 1364 5296 τοὺς
1416 5229 1658 5306 μαθητὰς
1713 5253 1977 5308 παραμυ-

371 5321 572 5391 οεῖται,
597 5315 688 5374 ἵνα
737 5315 812 5393 μὴ
847 5315 1281 5396 ἐπαισχύνωνται
1327 5321 1404 5399 τῷ
1446 5319 1788 5401 διδασκάλῳ,
1837 5317 1976 5379 ἀλλὰ

371 5407 575 5484 μᾶλλον
625 5404 718 5465 καὶ
768 5405 1269 5484 ἐγκαλλωπίζωνται
1290 5453 1308 5486 ,
1360 5411 1430 5475 ὣς
1475 5413 1567 5467 τοῦ
1624 5411 1764 5470 Θεοῦ
1822 5415 1977 5469 τοῦτο

370 5494 638 5569 θέλοντος,
670 5495 762 5555 καὶ
791 5494 923 5577 ὑπὲρ
967 5497 1203 5576 Χριστοῦ
1233 5497 1398 5557 ὄντων
1431 5501 1536 5557 τῶν
1566 5499 1849 5564 κινδύνων.

2083 4516 2478 4586 secutionibus,
2510 4517 2568 4573 in
2589 4517 2853 4591 angustiis
2878 4534 2975 4590 pro
2999 4518 3233 4576 Christo.
3267 4539 3294 4574 »
3323 4521 3682 4592 Expetebam,

2085 4608 2282 4680 inquit,
2322 4607 2562 4663 hominis
2616 4606 2810 4676 instar,
2858 4624 2888 4663 a
2944 4609 3110 4665 rebus
3156 4609 3397 4665 adversis
3434 4609 3681 4676 liberari,

2085 4697 2181 4754 sed
2227 4705 2521 4768 postquam
2562 4697 2746 4753 audivi
2770 4713 2893 4768 quae
2926 4697 3130 4764 audivi,
3163 4698 3360 4754 exinde
3395 4699 3602 4771 glorior
3627 4707 3684 4755 et

2085 4787 2351 4855 oblector,
2380 4785 2488 4843 hoc
2516 4795 2618 4852 est,
2653 4786 2948 4856 exhilaror,
2977 4787 3397 4844 oblectationem
3430 4789 3586 4860 capio
3629 4789 3684 4843 in

2085 4876 2518 4933 inﬁrmitatibus.
2565 4877 2800 4946 Deinde,
2829 4893 2900 4932 ne
2937 4877 3216 4934 existimes
3245 4876 3462 4947 febrim,
3491 4887 3587 4934 aut
3624 4878 3681 4935 id

2084 4983 2256 5040 genus
2277 4967 2508 5022 morbos
2528 4967 2684 5035 alios,
2714 4967 3110 5038 interpretatur
3139 4969 3255 5039 ipse
3274 4967 3370 5022 tibi
3405 4967 3504 5024 has
3530 4967 3682 5024 inﬁr-

2086 5057 2330 5126 mitates,
2394 5057 2646 5112 indicans
2688 5057 2838 5129 quod
2887 5056 2997 5112 sint
3025 5056 3402 5128 contumeliae,
3464 5065 3522 5113 et
3577 5058 3681 5113 alia

2086 5145 2364 5219 quaedam,
2382 5145 2732 5201 inﬁrmitates
2749 5145 2886 5201 istm.
2912 5144 3037 5200 Haec
3053 5161 3215 5218 porro
3235 5146 3684 5218 pseudapostolos

2086 5238 2254 5292 etiam
2284 5235 2642 5308 pudefaeiunt
2666 5235 2719 5291 in
2749 5236 3037 5291 contrariis
3067 5235 3384 5308 gloriantes,
3415 5244 3682 5309 tanquam

2089 5329 2207 5383 Deo
2243 5327 2551 5382 contrarios
2595 5346 2607 5382 :
2667 5342 2733 5383 ac
2787 5325 3081 5397 discipulos
3124 5325 3286 5398 juxta
3343 5327 3681 5396 consolatur,

2085 5431 2156 5472 ne
2179 5415 2425 5474 doctoris
2447 5416 2528 5474 sui
2550 5415 2774 5472 nomine
2798 5414 3143 5482 erubescant,
3164 5415 3260 5472 sed
3288 5417 3471 5487 potius
3497 5415 3682 5473 decori

2087 5505 2196 5562 hoc
2233 5505 2333 5562 sibi
2372 5505 2672 5575 ascribant,
2717 5521 2817 5562 ceu
2862 5507 2980 5562 Deo
3025 5504 3130 5562 hoc
3186 5504 3424 5576 volente,
3482 5514 3538 5563 et
3580 5523 3681 5580 pro

2087 5594 2282 5653 Christi
2319 5595 2490 5668 gloria
2515 5593 2851 5651 instantibus
2876 5593 3150 5666 periculis.

1765 5675 1949 5735 Variae
1989 5674 2295 5739 lectiones.

446 5747 489 5782 ¹⁰
515 5753 708 5821 πυρετῷ
733 5749 818 5802 καὶ
842 5753 1066 5817 τοιαῦτα,
1099 5750 1274 5824 ἑρμην.
1312 5767 1367 5808 ο.
