4134 6444
452 477 556 531 935

1481 474 1997 530 THEOPHYLACTI
2039 474 2396 529 BULGARUE
2435 475 2641 530 ARCHI
2649 477 2749 531 ΕΡ.
3652 473 3756 528 936

527 599 694 670 313
718 623 744 648 α
769 597 1004 668 Quando
1026 597 1175 653 enim
1194 597 1467 664 inﬁrmor,
1492 605 1615 654 tum
1638 607 1836 670 potens
1858 615 2004 654 sum.
2030 623 2045 648 ι

2231 622 2260 654 α
2293 597 2472 661 Ὅταν
2522 599 2627 680 γὰρ
2677 601 2924 672 ἀσθενῶ,
2976 597 3099 656 τότε
3149 595 3370 663 δυνατός
3404 599 3539 673 εἰμι.
3593 617 3623 652 »
3678 594 3754 656 Τί

447 688 592 758 Quid
622 689 840 744 miraris
860 687 1012 761 quod
1043 687 1144 743 Dei
1176 687 1419 758 potentia
1449 696 1569 743 tum
1596 689 2044 744 demonstretur?

443 794 575 833 nam
605 787 660 834 et
695 794 796 850 ego
852 787 969 833 tum
1001 785 1196 849 potens
1239 793 1383 843 sum,
1438 777 1670 848 largiore
1725 778 1828 834 Dei
1873 778 2043 850 gratia

446 867 582 922 mihi
637 876 903 938 praesente
948 875 1004 922 et
1047 868 1333 922 assistente
1384 884 1398 922 :
1458 867 1622 922 veluti
1676 883 1804 922 cum
1839 868 2043 923 carceri

443 955 682 1011 inclusus
757 965 858 1024 est,
917 957 1147 1012 carceris
1201 955 1490 1012 custodem
1561 957 1616 1011 iu
1667 955 1870 1013 Christi
1935 956 2044 1012 ﬁde

444 1045 710 1101 instituit‘l
744 1067 755 1101 :
790 1045 1010 1116 quando
1036 1045 1380 1117 naufragium
1407 1061 1597 1118 passus
1632 1053 1734 1111 est,
1771 1046 2044 1102 insulares

443 1136 715 1191 Barbaros
737 1135 1008 1191 attonitos
1035 1134 1320 1192 reddidit”
1353 1154 1364 1188 :
1399 1135 1615 1207 quando
1645 1151 1834 1191 coram
1856 1135 2042 1208 judice

444 1224 500 1278 in
551 1224 779 1280 vinculis
824 1224 1012 1292 astitit,
1062 1225 1180 1296 ipso
1239 1231 1295 1280 et
1339 1223 1753 1280 accusatoribus
1795 1225 2045 1295 superior

445 1311 620 1368 factus
649 1321 733 1368 est
755 1323 796 1368 ο.
831 1313 1066 1384 Quando
1097 1313 1260 1384 igitur
1304 1313 1590 1369 imbecillis
1623 1321 1763 1380 erat,
1803 1313 1908 1369 hoc
1937 1321 2042 1381 est,

446 1401 502 1455 in
555 1401 808 1472 periculis
870 1403 1222 1472 constitutus,
1302 1411 1427 1458 tum
1495 1411 1713 1475 potens,
1768 1402 1926 1459 fortis
1991 1411 2046 1459 et

443 1491 765 1562 Splendidus
793 1500 930 1548 erat.

520 1582 700 1637 Vens.
752 1588 840 1637 11.
894 1583 1144 1638 «Factus
1205 1598 1331 1638 sum
1383 1582 1670 1654 insipiens,
1709 1582 2039 1654 gloriando:

450 1685 546 1725 vos
605 1686 694 1726 me
756 1671 1034 1744 coegistis.
1088 1694 1112 1720 ιν
1171 1674 1385 1728 Rursus
1457 1671 1833 1729 defensionem
1894 1681 2044 1744 parat

446 1760 788 1832 gloriationis
835 1777 968 1818 suae.
1024 1765 1090 1817 Et
1129 1779 1295 1835 supra
1352 1759 1624 1834 quidem,'
1673 1787 1696 1812 ι
1752 1766 2042 1836 Tanquam

447 1849 807 1921 insipientem,
853 1875 880 1900 η
909 1851 1065 1920 dixit,
1111 1876 1134 1900 σι
1173 1852 1434 1923 suscipite
1468 1869 1576 1922 me,
1631 1876 1658 1902 ιο
1699 1861 1774 1921 et,
1838 1877 1864 1902 ι
1899 1857 2042 1909 Tan-

448 1955 616 2011 quam
668 1941 725 1996 in
791 1941 1102 2013 insipientia
1160 1961 1174 1998 :
1235 1966 1260 1992 ››
1328 1959 1475 1998 nunc
1528 1951 1712 1999 autem
1781 1943 2042 2014 particula

449 2052 474 2078 α
529 2031 818 2104 Tanquam
855 2011 1130 2098 uﬁablata,
1188 2033 1543 2104 insipientem
1595 2011 1836 2105 seipsum
1865 2042 2040 2089 vocat.
2078 2011 2125 2073 Β

445 2121 590 2176 Cum
661 2121 814 2176 enim
880 2121 1229 2178 conﬁrmavit
1285 2136 1408 2193 qua:
1460 2122 1649 2188 voluit,
1707 2121 2048 2178 confidenter

446 2210 672 2281 posthac
715 2211 882 2266 talem
913 2211 1193 2268 defectum
1239 2211 1593 2280 condemnat,
1639 2212 1894 2268 erudiens
1942 2229 2046 2270 nos

445 2298 688 2368 abunde,
743 2315 814 2356 ne
869 2317 1115 2373 unquam
1176 2301 1290 2358 sine
1343 2303 1667 2358 necessitate
1722 2303 2044 2376 gloriemur,

445 2389 918 2462 quandoquidem,
979 2399 1204 2462 urgente
1277 2391 1620 2459 necessitate,
1695 2393 2044 2464 insipientem

444 2494 562 2535 sese
592 2480 794 2536 Paulus
823 2481 1078 2553 appellet.
1126 2505 1152 2529 «
1196 2483 1302 2537 Vos
1357 2482 1504 2537 enim
1554 2497 1645 2538 me
1688 2483 1965 2556 coegistis,
2014 2507 2039 2532 ιι

445 2567 550 2625 hoc
577 2577 680 2638 est,
720 2573 931 2627 Vestra:
961 2571 1153 2626 salutis
1194 2571 1467 2628 rationem
1511 2570 1720 2628 habens
1758 2572 1875 2628 haec
1903 2572 2040 2640 dixi,

447 2674 570 2713 cum
617 2659 860 2716 viderem
905 2659 1056 2732 quod
1107 2661 1516 2734 pseudapostoli
1575 2677 1670 2734 per
1719 2661 2043 2733 jactantiam

448 2763 604 2802 suam
679 2765 777 2805 vos
836 2749 964 2822 ipsis
1013 2750 1359 2806 attendentes
1431 2760 1818 2823 corrumpunt.
1883 2754 2043 2806 Hanc

443 2835 612 2906 igitur
659 2837 732 2893 ob
777 2854 897 2894 rem
950 2839 1095 2894 volui
1150 2848 1205 2895 et
1245 2840 1358 2912 ipse
1431 2840 1612 2896 dicere
1661 2839 1920 2912 quiddam
1977 2840 2045 2896 de

447 2925 661 2996 meipso
687 2928 745 2980 in
775 2928 935 2983 vestri
965 2928 1217 2998 gratiam.

525 3017 698 3085 «Ego
745 3017 892 3070 enim
939 3016 1206 3072 debedam
1258 3033 1288 3072 a
1341 3018 1494 3074 vobis
1556 3019 1954 3075 commendari.
2013 3043 2039 3068 υ

446 3105 556 3158 Par
600 3111 738 3168 erat,
779 3104 978 3177 inquit,
1038 3113 1098 3160 ut
1140 3121 1237 3161 vos
1271 3122 1396 3162 mea
1449 3107 1632 3178 potius
1683 3109 2043 3165 recenseretis

444 3191 1011 3266 depraedicaretisque.
1061 3193 1199 3266 Quia
1253 3211 1381 3252 vero
1419 3195 1472 3252 id
1524 3213 1636 3252 non
1673 3196 1900 3267 fecistis,
1950 3199 2045 3255 sed

445 3281 550 3336 illis
605 3291 852 3339 mentem
897 3283 1244 3354 adhibuistis,
1299 3286 1653 3358 corruptique
1705 3288 1856 3358 estis,
1924 3287 2044 3344 haec

446 3370 635 3427 salutis
670 3381 866 3429 vestrae
895 3389 1062 3429 causa
1105 3373 1241 3430 dixi.

523 3484 548 3510 α
595 3460 745 3516 Nihil
778 3464 925 3518 enim
969 3462 1194 3519 inferior
1233 3463 1311 3520 fui
1352 3465 1414 3521 iis
1451 3465 1544 3538 qui
1591 3481 1756 3538 supra
1811 3467 2044 3524 modum

446 3558 576 3606 sunt
604 3551 857 3620 apostoli,
887 3551 989 3608 etsi
1033 3552 1172 3608 nihil
1221 3554 1345 3611 sim.
1390 3577 1414 3603 ν
1449 3558 1626 3627 Supra
1691 3572 1819 3611 cum
1863 3557 2041 3612 ambi-

447 3640 652 3712 guitate
684 3642 945 3698 nonnulla
971 3641 1110 3698 dixit
1137 3661 1150 3698 :
1201 3667 1226 3693 ιι
1277 3644 1550 3700 Existimo
1595 3645 1746 3700 enim
1774 3661 1863 3701 me
1895 3647 2044 3704 nulla

444 3727 498 3784 in
520 3745 577 3786 re
598 3729 913 3788 inferiorem
939 3730 1106 3789 fuisse
1125 3720 1183 3803 ἀς
1230 3758 1255 3782 ι)
1301 3751 1451 3790 nunc
1471 3743 1655 3791 autem
1681 3734 1885 3808 majori
1915 3753 2041 3792 cum

445 3821 770 3878 auctoritate
794 3822 956 3896 dixit,
995 3846 1020 3871 α
1070 3824 1218 3880 Nihil
1259 3823 1487 3880 inferior
1529 3841 1678 3894 sum,
1710 3845 1740 3879 »
1794 3825 1900 3882 hoc
1939 3836 2042 3897 est,

449 3911 577 3966 Non
605 3927 732 3967 sum
762 3912 1147 3984 postferendus
1174 3914 1388 3986 magnis
1418 3915 1520 3970 illis
1555 3915 1835 3986 apostolis,
1881 3918 2044 3972 Petro

445 4010 499 4055 et
517 4002 679 4057 Petro
700 4001 996 4058 similibus.
1037 4006 1431 4060 Verumtamen
1457 4003 1544 4059 hic
1561 4005 1796 4076 pr0priae
1818 4021 2046 4062 consue-

444 4089 648 4145 tudinis
685 4107 799 4146 non
829 4101 914 4148 est
938 4092 1164 4160 oblitus,
1191 4093 1287 4149 sed
1314 4093 1604 4149 subintulit
1640 4111 1653 4149 :
1690 4117 1713 4142 α
1767 4095 1880 4149 Etsi
1906 4094 2045 4150 nihil

447 4177 571 4233 sim.
610 4201 634 4226 ιο
681 4180 1071 4236 Animadverte
1105 4191 1294 4237 autem
1341 4183 1460 4254 ejus
1513 4182 1882 4253 prudentiam.
1917 4185 2046 4239 Non

447 4267 595 4322 enim
647 4283 811 4338 porro
880 4269 1322 4342 pseudapostolis
1367 4271 1610 4342 seipsum
1662 4271 1896 4340 confert,
1950 4272 2046 4328 sed

444 4354 596 4410 nulla
654 4356 875 4413 illorum
905 4357 1090 4413 habita
1122 4361 1356 4428 ratione,
1382 4361 1465 4415 vel
1496 4362 1627 4432 ipsis
1658 4363 1923 4431 apostolis
1986 4377 2046 4417 se

447 4459 632 4514 parem
678 4461 796 4501 esse
833 4449 1046 4516 statuit,
1087 4448 1283 4521 quippe
1334 4449 1426 4520 qui
1477 4450 1596 4506 illos
1653 4466 1848 4507 omnes
1886 4450 2047 4506 facile

448 4544 684 4605 superet.
718 4536 890 4592 Simul
933 4545 1115 4594 autem
1156 4539 1353 4606 innuit,
1408 4539 1559 4611 quod
1589 4541 1874 4611 apostolos
1917 4557 2047 4597 con-

2155 692 2480 765 θαυμάζεις,
2523 691 2568 748 εἰ
2608 693 2698 749 τοῦ
2752 690 2895 749 Θεοῦ
2943 692 2977 760 ἡ
3026 686 3248 765 δύναμις
3281 685 3402 746 τότε
3442 687 3748 758 δείκνυται;

2155 777 2265 838 Καὶ
2317 779 2420 858 γὰρ
2467 779 2554 837 καὶ
2602 778 2708 858 ἐγὼ
2755 778 2874 837 τότε
2921 777 3135 844 δυνατός
3185 778 3333 853 εἶμι,
3389 780 3484 846 τῆς
3534 775 3754 855 χάριτος

2155 869 2537 948 δαψιλεστέρας
2582 867 2832 939 ἐπιούσης
2855 885 2870 900 ⁸
2919 863 3100 947 ὥσπερ
3131 867 3216 924 ὅτε
3266 864 3604 939 ἐνεκλείσθη,
3633 863 3753 924 τότε

2153 957 2240 1016 τὸν
2275 958 2650 1038 δεσμοφύλακα
2695 956 3004 1037 κατήχησεν
3033 979 3047 994 ο
3096 953 3185 1014 ὅτε
3236 953 3572 1031 ἕναυάγησε,
3632 951 3755 1019 τοὺς

2153 1048 2206 1104 ἐν
2251 1052 2314 1125 τῇ
2347 1047 2494 1126 νήσῳ
2547 1047 2856 1127 Βαρϐάρους
2908 1044 3186 1117 ἐξέπληξεν
3219 1067 3232 1081 ·
3280 1043 3366 1102 ὅτε
3415 1046 3492 1124 τῷ
3524 1044 3752 1122 δικαστῇ

2153 1135 2394 1216 παρέστη
2439 1135 2746 1211 δεδεμένος,
2802 1135 2920 1196 τότε
2967 1137 3127 1193 αὐτοῦ
3161 1133 3390 1193 καὶτῶν
3438 1133 3754 1211 κατηγόρων

2152 1226 2502 1305 περιεγένετο.
2539 1222 2717 1287 Ὅταν
2772 1216 2862 1284 οὖν
2909 1225 3151 1297 ἠσθένει,
3189 1223 3502 1298 τουτέστιν,
3549 1224 3603 1280 ἐν
3646 1225 3756 1288 τοῖς

2154 1316 2409 1382 κινδύνοις
2437 1307 2529 1390 ἦν,
2559 1315 2678 1375 τότε
2699 1314 2918 1382 δυνατὸς
2954 1305 3016 1388 ἦν
3043 1314 3132 1374 καὶ
3159 1311 3429 1394 λαμπρός.

2239 1604 2270 1636 α
2319 1583 2363 1641 Γ
2367 1579 2519 1658 έγονα
2550 1577 2730 1660 ἄφρων
2779 1577 3126 1658 καυχώμενος
3161 1598 3174 1612 ⁸
3205 1579 3359 1654 ὑμεῖς
3408 1599 3476 1654 με
3522 1575 3756 1654 ἠναγκά-

2155 1692 2282 1728 σατε
2318 1692 2332 1705 °
2393 1692 2421 1728 »
2461 1669 2635 1730 Πάλιν
2689 1670 3029 1744 ἀπολογεῖται
3085 1665 3216 1747 ὑπὲρ
3265 1670 3358 1737 τῆς
3409 1665 3751 1746 καυχήσεως.

2158 1759 2268 1818 Καὶ
2321 1757 2570 1838 ἀνωτέρω
2619 1756 2747 1832 μὲν,
2806 1779 2835 1816 σ
2882 1755 2978 1824 Ὡς
3032 1755 3235 1835 ἄφρονα
3294 1754 3513 1824 δέξασθέ
3563 1778 3666 1832 με,
3723 1777 3752 1812 ι

2155 1845 2301 1925 ἔλεγε
2338 1869 2353 1886 ο
2383 1846 2509 1920 καὶ,
2550 1870 2578 1904 α
2614 1845 2713 1914 Ὡς
2762 1848 2814 1904 ἐν
2859 1847 3128 1927 ἀφροσύνῃ
3157 1869 3170 1882 ·
3207 1868 3236 1905 ιι
3270 1849 3359 1904 νῦν
3410 1845 3466 1902 δὲ
3514 1844 3606 1904 καὶ
3655 1844 3755 1920 τὸ,

2157 1960 2189 1996 α
2223 1936 2350 2008 Ὡς,
2375 1961 2405 1992 δ)
2436 1935 2669 2010 ἀνελὼν,
2705 1935 2910 2016 ἄφρονα
2959 1934 3144 1994 ἑαυτὸν
3182 1935 3356 1994 καλεῖ.
3391 1932 3618 2005 Ἐπειδὴ
3651 1931 3757 2014 γὰρ

2154 2027 2542 2086 κατεσκεύασεν
2572 2026 2606 2085 ἃ
2650 2026 2899 2085 ἐϐούλετο
2921 2072 2937 2097 ,
2969 2023 3302 2107 θαῤῥούντως
3343 2024 3528 2084 λοιπὸν
3576 2047 3750 2082 κατα-

2154 2117 2402 2195 γινώσκει
2449 2123 2538 2175 τοῦ
2599 2115 2834 2176 τοιούτου
2891 2113 3303 2191 ἐλαττώματος,
3362 2112 3631 2172 παιδεύων
3693 2113 3756 2172 ἐκ

2155 2207 2492 2287 περιουσίας,
2543 2205 2812 2283 μηδέποτε
2854 2211 3201 2284 καυχᾶσθαι,
3251 2203 3486 2283 ἀνάγκης
3537 2201 3614 2280 μὴ
3669 2201 3760 2262 οὗ·

2156 2318 2250 2368 σης
2277 2319 2291 2333 ·
2323 2293 2454 2355 ὅπου
2501 2319 2560 2374 γε
2604 2294 2695 2354 καὶ
2736 2293 2971 2372 ἀνάγκης
3023 2292 3221 2369 οὔσης,
3275 2292 3481 2374 ἄφρονα
3510 2292 3700 2351 ἑαυτὸν
3730 2295 3759 2350 ὁ

2157 2388 2369 2454 Παῦλος
2407 2387 2576 2446 καλεῖ.
2614 2412 2638 2439 α
2673 2384 2858 2460 ⁶Υμεῖς
2891 2407 2957 2462 με
2991 2384 3094 2464 γὰρ
3127 2386 3471 2460 ἠναγκάσατε
3501 2403 3515 2417 ·
3545 2410 3569 2435 υ
3593 2406 3757 2464 four-

2154 2474 2302 2546 ἐστι,
2353 2473 2658 2551 Κηδόμενος
2710 2479 2806 2546 τῆς
2857 2477 3004 2550 ὑμῶν
3045 2473 3313 2553 σωτηρίας
3360 2478 3528 2532 ταῦτα
3575 2460 3756 2548 εἶπον,

2155 2564 2337 2636 ἐπειδὴ
2369 2566 2545 2643 ἑώρων
2597 2564 2677 2622 ὅτι
2732 2566 2780 2622 οἱ
2831 2562 3256 2644 ψευδαπόστολοι
3299 2564 3357 2621 ἐκ
3407 2567 3499 2621 τοῦ
3543 2570 3754 2642 καυχᾶ-

2157 2659 2279 2712 σθαι
2333 2653 2720 2734 διαφθείρουσιν
2789 2656 2930 2724 ὑμᾶς
2990 2651 3357 2732 προσέχοντας
3413 2651 3628 2719 αὐτοῖς’
3688 2649 3759 2710 δι’

2156 2742 2282 2801 αὐτὸ
2330 2733 2486 2802 τοῦτο
2533 2733 2751 2820 εἱλόμην
2804 2733 2894 2803 οῦν
2947 2741 3039 2801 καὶ
3102 2741 3256 2810 αὐτὸς
3301 2743 3470 2801 εἰπεῖν
3517 2764 3570 2800 τι
3623 2738 3760 2820 ὑπὲρ

2157 2834 2387 2907 ἐμαυτοῦ
2411 2834 2474 2890 δι’
2500 2836 2662 2910 ὑμᾶς.

2235 3041 2260 3066 σι
2322 3010 2466 3091 Ἐγὼ
2517 3011 2620 3092 γὰρ
2671 3010 2894 3090 ὤφειλον
2948 3010 3032 3092 ὑφ’
3086 3013 3236 3087 ὑμῶν
3291 3009 3662 3072 συνίστασθαι.
3726 3035 3752 3060 υ

2155 3102 2345 3176 Ἔδει,
2384 3101 2541 3180 φησὶν
2565 3147 2579 3174 ,
2607 3105 2745 3178 ὑμᾶς
2799 3102 3002 3178 μᾶλλον
3045 3099 3114 3159 τὰ
3159 3100 3263 3177 ἐμὰ
3293 3101 3630 3180 καταλέγειν,
3665 3099 3760 3160 καὶ

2154 3193 2408 3273 εὐφημεῖν
2438 3214 2450 3226 ο
2498 3191 2611 3251 ἐπεὶ
2653 3192 2706 3250 δὲ
2747 3196 2904 3249 τοῦτο
2953 3191 3049 3250 οὐκ
3088 3188 3414 3273 ἐποιήσατε,
3467 3191 3586 3248 ἀλλ’
3620 3190 3761 3250 ἐκεί-

2080 3322 2124 3384 C
2155 3270 2261 3384 νοις
2308 3280 2618 3360 προσείχετε
2648 3280 2754 3384 ’καὶ
2801 3279 3190 3362 διεφθείρεσθε,
3240 3270 3388 3340 εἶπον
3438 3284 3610 3338 ταῦτα
3670 3279 3759 3338 διὰ

2156 3371 2249 3443 τὴν
2276 3374 2423 3445 ὑμῶν
2459 3368 2756 3450 σωτηρίαν.

2235 3488 2258 3516 α
2293 3459 2463 3521 Οὐδὲν
2503 3459 2607 3542 γὰρ
2637 3457 2906 3541 ὑστέρησα
2949 3463 3052 3518 τῶν
3079 3458 3212 3540 ὑπὲρ
3253 3459 3372 3520 λίαν
3406 3461 3718 3520 ἀποστόλων
3739 3510 3754 3538 ,

2154 3553 2200 3610 εἰ
2247 3549 2340 3610 καὶ
2377 3549 2526 3609 οὐδέν
2577 3551 2710 3624 εἰμι.
2764 3577 2790 3602 υ
2863 3549 3135 3630 Ἀνωτέρω
3197 3550 3294 3626 μὲν
3358 3549 3496 3628 μετὰ.
3558 3549 3761 3609 ἐνδοια-

2153 3648 2327 3717 σμοῦ,
2363 3667 2386 3691 α
2433 3639 2731 3718 Λογίζομαι
2781 3637 2918 3719 γὰρ,
2953 3668 2978 3692 ιο
3027 3640 3192 3720 φησὶ,
3249 3667 3283 3720 σι
3304 3638 3471 3716 μηδὲν
3524 3642 3756 3718 ὓστερη-

2151 3730 2301 3789 κέναι
2327 3754 2340 3767 ο
2379 3758 2402 3782 ι
2431 3736 2520 3788 νῦν
2573 3730 2626 3787 δὲ
2679 3719 3206 3808 ἐξουσιαστικώτερον
3252 3719 3401 3788 εἶπεν
3413 3775 3434 3805 ,
3467 3727 3547 3787 ὅτι
3580 3756 3604 3781 α
3644 3729 3764 3789 Οὖ-

2153 3817 2238 3878 δὲν
2295 3819 2562 3898 ὕστέρησα
2588 3842 2601 3855 ·
2634 3844 2659 3871 ι
2705 3819 3010 3892 τουτέστιν,
3063 3823 3146 3879 Οὐ
3179 3819 3404 3878 κατόπιν
3441 3811 3600 3891 ἦλθον
3651 3821 3760 3877 τῶν

2154 3909 2401 3987 μεγάλων
2428 3908 2738 3968 ἀποστόλων
2765 3912 2872 3967 τῶν
2905 3907 3028 3986 περὶ
3069 3908 3298 3988 Πέτρον.
3345 3907 3501 3980 Πλὴν
3542 3907 3634 3965 καὶ
3665 3907 3756 3966 ἕν-

2151 4005 2320 4057 ταῦθα
2364 4002 2460 4056 τοῦ
2492 3998 2686 4056 οἰκείου
2735 3997 2879 4064 ἔθους
2925 4001 3019 4057 οὐκ
3069 3999 3451 4071 ἐπιλέλησται,
3494 3995 3617 4056 ἀλλ’
3665 3999 3760 4056 ἐπ-

2153 4086 2352 4162 ήγαγεν
2380 4109 2393 4122 ·
2425 4114 2448 4138 α
2485 4089 2552 4146 Εἰ
2587 4087 2678 4144 καὶ
2709 4086 2854 4144 οὐδέν
2901 4090 3032 4164 εἶμι.
3069 4113 3093 4138 ι
3123 4083 3273 4167 εὈρα
3299 4085 3352 4146 δὲ
3394 4088 3489 4158 τὴν
3525 4085 3760 4147 σύνεσιν.

2152 4174 2350 4234 Οὐκέτι
2408 4175 2510 4256 γὰρ
2546 4183 2656 4242 τοῖς
2713 4176 3162 4256 ψευδαποστόλοις
3211 4177 3400 4236 ἑαυτὸν
3450 4174 3756 4256 συγκρίνει,

2156 4262 2293 4344 ἀλλὰ
2325 4254 2537 4330 τούτους
2584 4263 2701 4323 οὐδὲ
2729 4254 2888 4344 λόγου
2920 4266 3107 4339 ἀξιῶν,
3139 4273 3248 4333 τοῖς
3279 4254 3601 4331 ἀποστόλοις
3639 4254 3759 4334 ἶσος

2155 4343 2295 4410 εἶναι
2347 4352 2781 4428 διαϐεϐαιοῦται,
2808 4343 2891 4414 ἐκ
2917 4355 3223 4435 περιουσίας
3262 4355 3478 4422 πάντως
3507 4357 3716 4433 κρατῶν
3743 4376 3758 4391 ’

2156 4442 2270 4519 ἅμα
2302 4443 2358 4502 δὲ
2399 4442 2632 4518 δεικνὺς,
2669 4443 2750 4503 ὅτι
2783 4445 2874 4502 καὶ
2917 4444 3036 4511 τοὺς
3083 4445 3409 4512 ἀποστόλους
3454 4443 3760 4523 ὑϐρίζουσιν

2153 4536 2201 4592 οἱ
2239 4533 2539 4612 Κορίνθιοι,
2568 4533 2695 4593 ὅταν
2725 4533 2813 4594 τὸν
2837 4525 2958 4594 ’ἴσον
2997 4535 3040 4570 ⁴¹
3073 4536 3247 4594 αὐτῶν
3280 4537 3333 4594 ἐν
3365 4535 3626 4613 δευτέροις
3650 4536 3758 4593 τῶν

447 4626 672 4681 tumelia
702 4625 950 4684 afﬁciant
994 4629 1282 4696 Corinthii,
1309 4630 1527 4702 quando
1555 4629 1820 4702 apostolis
1854 4647 2044 4702 parem

2154 4623 2602 4704 ψευδαπόστόλων
2632 4621 2820 4704 ἔχωσι.

446 4724 774 4786 postponant
805 4719 1258 4789 pseudapostolis.

516 4807 691 4861 Vens.
751 4814 836 4862 12.
897 4833 922 4856 «ι
977 4810 1139 4881 Signa
1193 4809 1415 4882 quidem
1467 4802 1700 4882 apostoli
1741 4809 1885 4868 facta
1913 4820 2043 4868 sunt

444 4894 499 4950 in
528 4895 698 4951 vobis.
741 4917 768 4944 η
804 4899 918 4969 Ego
959 4897 1202 4968 quidem,
1254 4900 1452 4971 inquit,
1483 4901 1616 4956 nihil
1653 4917 1776 4956 sum
1805 4920 1818 4956 :
1854 4919 2043 4958 verum

445 4992 505 5040 tu
533 4983 682 5040 istud
720 5001 831 5040 non
864 4987 1116 5058 aspicias,
1142 4987 1239 5043 sed
1278 4989 1673 5060 animadverte,
1730 4991 1880 5063 quod
1909 4991 2043 5047 nihil

444 5074 727 5131 omiserim
755 5091 947 5132 eorum
977 5092 1100 5149 quae
1140 5095 1336 5135 verum
1363 5080 1674 5151 exprimant
1703 5081 2041 5152 apostolum.

445 5166 558 5220 Vos
593 5166 742 5221 enim
795 5165 927 5221 mihi
970 5168 1352 5225 testimonium
1398 5169 1608 5238 dicetis,
1663 5170 1814 5242 quod
1857 5171 2044 5226 omnia

444 5254 766 5326 perfecerim
779 5299 791 5311 .

522 5365 550 5393 (ι
583 5347 654 5399 In
684 5347 835 5402 omni
872 5348 1151 5419 patientia.
1186 5372 1210 5396 υ
1247 5349 1467 5404 Primus
1495 5348 1783 5405 character
1806 5351 2043 5421 apostoli

444 5441 526 5488 est
551 5434 832 5504 patientia,
881 5452 944 5492 ac
969 5438 1154 5493 omnia
1190 5445 1411 5494 strenue
1440 5437 1603 5494 ferre.
1639 5439 1744 5496 Sed
1771 5438 1895 5494 vide
1924 5441 2045 5512 ejus

2241 4831 2267 4860 α
2299 4805 2388 4867 Τὰ
2431 4807 2527 4884 μὲν
2570 4813 2770 4884 σημεῖα
2817 4811 2910 4865 τοῦ
2956 4805 3254 4867 ἀποστόλου
3306 4806 3666 4887 κατειργάσθη
3701 4808 3756 4866 ἐν

2152 4898 2299 4972 ὑμῖν.
2352 4922 2376 4948 ι
2420 4893 2566 4974 Ἐγὼ
2615 4895 2748 4973 μὲν,
2800 4895 2991 4977 φησὶν,
3030 4894 3179 4956 οὐδέν
3235 4899 3345 4974 εἰμι
3381 4921 3393 4934 ο
3459 4896 3520 4957 σὺ
3576 4896 3631 4956 δὲ
3679 4894 3754 4974 μὴ

2152 4990 2310 5044 τοῦτο
2359 4983 2502 5066 ἴδῃς,
2559 4984 2700 5044 ἀλλὰ
2745 4987 2976 5066 πρόσεχε
3034 4986 3115 5045 ὅτι
3167 4987 3316 5045 οὐδὲν
3373 4985 3614 5047 ἐνέλιπον
3650 4990 3757 5046 τῶν

2152 5074 2652 5155 χαρακτηριζόντων
2705 5074 2998 5135 ἀπόστολον
3054 5076 3128 5137 ⁸³.
3203 5075 3395 5154 Ὑμεῖς
3450 5077 3554 5160 γὰρ
3616 5075 3755 5157 μάρ-

2152 5186 2303 5242 τυρες
2333 5165 2412 5221 ὅτι
2442 5164 2618 5224 πάντα
2659 5164 2907 5237 ἐποίησα.

2238 5366 2270 5398 α
2301 5343 2398 5403 Ἐν
2441 5344 2590 5423 πάσῃ
2638 5349 2911 5424 ὑπομονῇ.
2943 5365 2974 5402 ι)
3029 5348 3254 5426 Πρῶτος
3295 5345 3578 5427 χαρακτὴρ
3619 5348 3753 5404 ἀπο-

2153 5431 2340 5492 στόλου
2382 5436 2416 5504 ἡ
2461 5433 2702 5510 ὑπομονὴ
2729 5479 2745 5507 ,
2795 5433 2888 5494 καὶ
2937 5434 2998 5493 τὸ
3032 5436 3210 5495 πάντα
3255 5436 3428 5518 φέρειν
3479 5434 3751 5513 γενναίως.

518 5568 543 5594 ⁸
573 5564 694 5617 Act.
722 5575 856 5630 xvr,
887 5565 974 5619 31.
1051 5556 1078 5594 δ
1105 5566 1232 5619 Act.
1265 5579 1499 5634 xxvm,
1540 5571 1593 5621 7.
1671 5575 1692 5602 °
1720 5569 1846 5623 Act.
1879 5581 2068 5636 xxvr,
2096 5572 2186 5623 31.
2256 5554 2283 5598 δ
2309 5569 2484 5639 Supra
2514 5583 2603 5637 xr,
2642 5573 2697 5624 5.

1853 5683 2039 5743 Varia
2084 5685 2390 5746 lectiones.

524 5767 563 5801 “
596 5767 716 5820 ὅσον
749 5783 804 5824 ο.
879 5768 923 5803 ¹²
952 5769 1066 5832 τοὺς
1094 5768 1400 5832 ἀποστόλους
1421 5787 1478 5828 0.
