4134 6412
413 426 514 479 937

1283 433 1637 491 EXPOSITIO
1675 436 1742 492 ΙΝ
1779 435 1990 493 EPIST.
2031 437 2075 492 ll
2111 439 2204 493 AD
2242 441 2399 499 COR.
2437 473 2508 486 —
2545 449 2694 505 CAP.
2738 453 2847 511 XII.

3610 471 3712 523 938

398 545 548 629 εὈραι
599 549 656 608 δὲ
687 551 783 624 τήν
841 555 1359 637 ταπεινοφροσύνην,
1439 560 1633 630 πόσους
1695 562 1996 636 κινδύνους,

465 639 478 662 Ι
698 645 717 664 \
743 643 759 664 Ι
982 649 1016 664 ω
1093 647 1116 664 υ
1294 654 1328 664 η
1391 650 1438 664 ιη.
1549 655 1569 664 ι
1604 652 1617 664 ι
1734 663 1741 664 ,
1896 653 1908 664 ι

2105 564 2500 641 humilitatem,
2581 585 2788 647 quanta
2841 579 3010 653 314
3065 583 3324 655 pericula,
3389 599 3717 664 quantaque

407 639 602 710 πόσους
624 643 916 719 πολέμους,
944 649 1050 706 τῶν
1087 647 1226 722 ἔσω,
1257 654 1361 709 τῶν
1385 650 1517 730 ἔξω,
1544 652 1632 712 διὰ
1661 663 1788 731 μιᾶς
1810 653 2010 744 ’Ξαύτης

2488 639 2495 641 ν
2596 639 2616 647 ,
2843 639 3009 653 --τ
3066 639 3085 654 ι
3396 639 3596 659 ιη---
3645 639 3714 648 ..ν

2114 658 2274 730 bella,
2323 670 2441 719 tam
2470 663 2704 734 interna,
2736 684 2904 740 quam
2925 679 3179 744 externa,
3207 690 3316 731 una
3346 675 3450 733 hac
3473 639 3714 738 dictidne

405 729 592 799 λέξεως
640 733 974 811 αἰνιξάμενος
1022 739 1385 818 παρέδραμεν.
1415 741 1492 802 ιὉ
1528 744 1625 819 μὲν
1664 729 1774 824 γὰρ
1816 736 1879 818 ἧν
1904 748 2005 803 αὖ-

402 824 494 878 τοῦ
524 821 844 903 κατόρθωμα
864 873 880 902 ,
901 826 1000 898 τὴν
1045 830 1318 908 ὑπομονήν
1347 854 1487 915 φημι
1511 878 1526 901 ,
1561 843 1659 915 μιᾷ
1687 821 1835 904 λέξει
1860 827 2004 894 εἶπε·

401 907 470 967 τὰ
497 910 552 969 δὲ
597 915 702 970 τῶν
737 915 1007 990 σημείων,
1045 915 1184 998 ἅπερ
1215 923 1309 978 οὐκ
1343 912 1407 992 ἦν
1429 907 1596 981 *αὐτοῦ
1617 907 1648 994 ,’
1669 924 1808 982 ἀλλὰ
1836 925 2004 1004 χάρι-

402 1022 490 1091 τος
544 1005 639 1074 τῆς
684 1026 776 1062 του
822 1005 1000 1083 Θεοῦ,
1056 1004 1145 1066 διὰ
1194 1008 1453 1069 πλειόνων
1507 1009 1826 1091 ἐξηγήσατο.
1893 1012 2001 1076 Καὶ

399 1109 556 1149 ακουε
564 1135 577 1148 ο

489 1202 516 1236 α
559 1179 652 1240 Ἐν
711 1184 951 1260 σημείοις
993 1186 1085 1245 καὶ
1143 1186 1325 1269 τέρασι
1375 1189 1468 1250 καὶ
1519 1192 1794 1269 δυνάμεσι.
1848 1218 1872 1246 ιι
1926 1193 2000 1254 Τί

400 1268 640 1361 διαφέρει
684 1281 905 1351 σημεῖον
936 1273 1151 1352 τέρατος
1171 1268 1438 1357 ,εἴρηται
1474 1268 1734 1361 ἀλλαχοῦ.
1787 1281 1907 1343 Ἵνα
1942 1283 1997 1342 δὲ

398 1359 474 1434 μὴ
506 1360 697 1440 νομίσῃ
745 1386 822 1429 τις
863 1361 942 1422 ὅτι
993 1369 1162 1424 ταῦτα
1211 1367 1301 1426 ἐπὶ
1353 1375 1445 1429 τοῦ
1497 1373 1787 1451 εὐεργετεῖν
1838 1373 1996 1449 μόνον

423 1447 447 1470 1
840 1453 854 1474 ι
1012 1452 1063 1494 43
1249 1455 1264 1477 \
1493 1459 1508 1482 μ
1590 1447 1599 1451 “
1632 1447 1639 1450 ⁷
1800 1461 1817 1482 ¢
1840 1447 1847 1449 “
1912 1463 1965 1482 ευ

394 1469 639 1528 ειρηται,
688 1457 986 1534 προσεθηκε
1096 1455 1187 1516 καὶ
1215 1481 1274 1515 το
1303 1481 1334 1514 (ε
1366 1464 1690 1536 Δυναμεσιν.
1731 1488 1757 1514 υ
1820 1465 1874 1522 Η
1907 1479 1992 1520 ὸυ·

396 1562 552 1617 ναμις
606 1540 708 1619 γὰρ
766 1542 1150 1624 ἐμφανέστερον
1209 1546 1300 1605 καὶ
1368 1549 1428 1607 τὸ
1480 1551 1794 1610 κολαστικὸν
1863 1542 1994 1620 εἶδος

395 1629 568 1721 δηλοῖ.
618 1627 768 1712 ι’Ὁρα
821 1630 880 1721 δὲ
933 1631 1025 1690 καὶ
1080 1634 1309 1696 ἐνταῦθα
1357 1637 1550 1706 πόσους
1603 1639 1846 1721 νεκροὺς,
1903 1643 1994 1700 λε-

392 1717 589 1796 προὺς,
651 1719 906 1800 τυφλοὺς,
972 1723 1390 1804 δαιμονιῶντας,
1452 1728 1656 1797 πάντας
1700 1717 1994 1811 εὐεργετη-

393 1807 602 1882 θέντας,
660 1808 1220 1891 ἆπλῶςίπεριέλαϐεν·
1269 1814 1524 1885 ὡσαύτως
1569 1818 1660 1878 καὶ
1707 1807 1855 1888 τοὺς-
1878 1845 1990 1880 σω-

393 1898 797 1977 φρονισθέντας,
830 1890 939 1968 οἶος
970 1902 997 1958 ὃ
1018 1899 1282 1981 Ἐλύμας.

478 2103 509 2136 α
540 2081 610 2142 Τί
632 2084 734 2166 γάρ
782 2087 923 2145 ἐστιν
964 2087 1287 2164 δὴττήθητε
1316 2091 1448 2170 ὑπὲρ
1488 2091 1583 2160 τὰς
1631 2091 1820 2159 λοιπὰς
1861 2091 1988 2152 Ἐκ·

390 2170 640 2261 κλησίαςς
688 2197 716 2232 ι)
770 2173 896 2236 Ἵνα
949 2179 1024 2255 μή
1072 2204 1150 2246 τις
1192 2179 1352 2261 εἴπῃ,
1407 2181 1486 2240 ὅτι
1518 2180 1703 2260 Μέγας
1755 2180 1851 2258 μὲν
1909 2171 1986 2253 εἷ,

388 2255 534 2334 ὅμως
574 2264 633 2321 οὗ
663 2269 895 2323 τοσαῦτα
941 2267 1202 2348 εἰργάσω,
1242 2267 1341 2328 ὅσα
1384 2273 1434 2329 οἷ
1466 2271 1752 2330 ἀπόστολοι
1781 2273 1834 2329 ἐν
1873 2278 1990 2337 ταῖς

391 2346 580 2420 ἄλλαις
608 2346 1000 2430 Ἐκκλησίαις,
1035 2358 1192 2439 φησί·
1235 2383 1262 2418 (ι
1311 2361 1385 2420 Τί
1419 2360 1719 2434 ἡττήθητε;
1754 2383 1784 2416 ι)
1841 2384 1991 2419 τουτ-

387 2435 527 2514 έστι,
556 2442 629 2502 Τί
657 2443 873 2504 ἔλαττον
922 2435 1146 2527 ἔσχετε,
1193 2448 1269 2527 μὴ
1304 2449 1582 2517 ἐλάττονος
1619 2448 1832 2530 ἐτύχετε
1874 2473 1983 2530 χα-

390 2527 642 2606 ρίσματος
662 2534 810 2614 παρὰ
832 2534 950 2603 τοὺς
980 2539 1226 2612 λοιπούς;

477 2647 500 2671 ‹‹
539 2621 604 2681 Εἰ
633 2623 707 2698 μὴ
765 2623 847 2683 ὅτι
898 2625 1050 2694 αὐτὸς
1107 2627 1212 2706 ἐγὼ
1267 2632 1327 2689 οὗ
1385 2629 1762 2710 κατενάρκησα
1797 2632 1982 2707 tam;

385 2710 681 2788 χαρίσασθέ
729 2739 822 2793 μοι
851 2714 946 2788 τὴν
985 2718 1196 2778 ἀδικίαν
1225 2719 1448 2793 ταύτην.
1483 2742 1515 2779 ι)
1546 2723 1702 2782 Μετὰ
1752 2719 1984 2802 βαρύτη-

384 2821 474 2866 τος
504 2803 703 2890 πολλῆς
753 2810 1006 2888 ἐπιτιμᾷ,
1033 2807 1124 2866 καί
1174 2833 1364 2890 φησιν,
1415 2808 1496 2868 ὅτι
1542 2811 1612 2871 Εἰ
1639 2815 1796 2870 τοῦτο
1828 2812 1988 2887 ἐγκα-

384 2889 524 2949 λεῖτε
545 2936 561 2963 ,
589 2889 670 2953 ὅτι
698 2897 795 2954 οὐκ
825 2897 1140 2977 ἐπεϐάρησα
1182 2889 1349 2975 ῧμᾶς,
1385 2900 1504 2958 ἀλλ’
1538 2901 1824 2967 ἀδαπάνως
1855 2903 1982 2978 ὑμῖν

385 2977 641 3058 ἐκήρυξα,
671 2984 990 3062 συγγνώμην
1042 2989 1201 3046 αἰτῶ·
1234 2989 1534 3068 χαρίσασθέ
1583 3014 1672 3068 μοι
1722 2996 1877 3049 τοῦτο
1925 2988 1984 3048 τὸ

385 3066 711 3161 ἁμάρτημαο
764 3071 880 3150 ἅμα
938 3073 993 3132 δὲ
1041 3076 1134 3135 καὶ
1181 3066 1442 3156 ἐγκώμιον
1483 3066 1695 3139 ἐκείνων
1748 3079 1984 3161 περιέχει

379 3140 633 3251 ὂζλόγοςπ,
668 3161 718 3220 εἴ
766 3140 826 3240 γε
858 3165 1152 3225 ἀδικεῖσθαι
1205 3140 1484 3246 νομίζουσι
1528 3169 1667 3251 παρ’
1711 3140 1869 3229 αὖτόῦ
2014 3140 2062 3206 C

383 3245 704 3319 ἀξιώσαντος
726 3253 910 3312 λαϐεῖν
944 3278 996 3313 τι
1026 3255 1153 3336 παρ’
1176 3258 1376 3318 αὐτῶν.

471 3361 500 3397 α
552 3339 688 3401 Ἰδοὺ
738 3342 912 3423 τρίτον
960 3350 1114 3405 τοῦτο
1171 3348 1394 3426 ἑτοίμως
1454 3349 1564 3430 ἔχω
1635 3351 1802 3410 ἐλθεῖν
1855 3347 1986 3430 πρὸς

381 3428 556 3503 ὓμᾶς,
587 3431 678 3488 καὶ
722 3433 780 3491 οὖ
812 3434 1209 3515 καταναρκήσω
1262 3441 1408 3513 ὑμῶν
1429 3462 1442 3475 ο
1501 3440 1559 3496 οὗ
1605 3439 1712 3519 γὰρ
1745 3441 1887 3512 ζητῶ
1917 3437 1983 3496 τὰ

379 3518 560 3592 ὗμῶν,
604 3521 726 3578 ἀλλ’
772 3525 931 3600 ὕμᾶς.
969 3521 1092 3584 Ἵνα
1142 3524 1218 3601 μὴ
1251 3526 1373 3606 δόξῃ
1410 3531 1643 3609 συνεχῶς
1671 3518 1824 3587 τοῦτο
1853 3551 1982 3605 προ·-

379 3604 552 3685 φέρειν
597 3612 799 3684 αὐτοῖς,
852 3616 922 3680 ὡς
954 3611 1018 3671 ἂν
1047 3614 1154 3673 ἀπό
1182 3639 1242 3692 γε
1289 3623 1380 3676 τοῦ
1409 3623 1499 3676 ν’ὖν
1551 3617 1737 3696 λάϐοι,
1791 3618 1981 3698 φησὶν,

377 3692 458 3752 ὅτι
488 3699 605 3757 Οὐκ
632 3700 814 3772 ἐπειδὴ
869 3704 926 3760 οὖ
955 3703 1259 3782 λαμϐάνω,
1303 3706 1388 3767 διὰ
1436 3713 1588 3767 τοῦτο
1639 3709 1697 3767 οὖ
1745 3706 1978 3788 παραγί-

379 3809 561 3863 νομαι,
593 3789 734 3848 ἀλλὰ
781 3792 872 3851 καὶ
916 3792 1155 3872 δεύτερον
1209 3798 1620 3877 παρεγενόμην,
1665 3798 1756 3856 καὶ
1806 3797 1978 3878 τρίτον

376 3877 820 3969 παρεσκεύασμαι
861 3879 908 3919 ”
944 3883 1142 3954 ἐλθεῖν,
1193 3885 1285 3944 καὶ
1329 3888 1422 3944 οὐκ
1461 3887 1775 3969 ἐπιϐαρήσω
1813 3891 1974 3965 ὑμᾶς.

375 3961 478 4052 aia:
498 3963 576 4040 τί;
609 3968 733 4048 Οὐχ
779 3966 860 4028 ὅτι
905 3971 1200 4045 πλήττεσθε
1221 4020 1237 4048 ,
1273 3975 1380 4036 οὐδ’
1409 3977 1489 4035 ὅτι
1529 3961 1822 4052 ἀσθενεῖτε,
1848 3961 1977 4037 ’ἀλλ’

373 4049 456 4110 ὅτι
486 4057 620 4132 ὑμᾶς
641 4059 818 4134 ζητῶ,
855 4061 915 4118 οὐ
965 4059 1032 4119 τὰ
1079 4064 1263 4140 ὑμῶν,
1297 4065 1572 4141 τουτέστι,
1622 4068 1737 4140 Τὴν
1785 4067 1972 4146 ὑμετέ-

374 4140 472 4220 ράν
501 4147 770 4228 σωτηρίαν
792 4149 884 4209 καὶ
911 4148 1006 4218 τὰς
1036 4152 1210 4233 ψυχὰς
1229 4197 1246 4227 ,
1275 4157 1333 4214 οὗ
1361 4157 1428 4214 τὰ
1453 4158 1710 4238 χρήματα
1737 4158 1810 4217 ⁴⁵.

462 4340 492 4372 ι
519 4319 602 4376 Οὐ
623 4317 747 4411 *γὰρ
781 4320 982 4399 ὀφείλει
1025 4321 1094 4382 τὰ
1122 4323 1284 4384 τέκνα
1317 4335 1422 4395 τοῖς
1477 4335 1686 4406 γονεῦσι
1718 4331 1971 4411 θησαυρί⁶

372 4405 509 4481 ζειν,
552 4409 670 4468 ἀλλ’
693 4413 740 4469 οἱ
781 4421 948 4489 γονεῖς
979 4420 1086 4480 τοῖς
1129 4413 1349 4484 τέκνοις.
1385 4442 1416 4474 1)
1445 4405 1669 4492 Ἐπειδὴ
1724 4419 1862 4487 εἰκὸς
1893 4405 1972 4493 ’ἧν

2020 1866 2069 1928 Β

2108 749 2460 809 subindicans
2491 759 2936 826 prmtercurrerit.
2982 761 3145 830 Quod
3193 764 3345 820 enim
3394 777 3510 823 erat
3537 768 3714 842 ipsius

2111 853 2270 910 opus,
2311 843 2590 913 patientia,
2636 847 2928 918 nimirum,
2958 851 3116 907 unica
3141 851 3391 911 dictione
3417 860 3708 929 expressit;

2108 930 2260 1000 quod
2308 947 2436 988 vero
2477 932 2548 989 ad
2587 934 2738 1006 signa
2767 938 2980 1008 attinet,
3013 957 3139 1013 qua:
3167 942 3342 1015 ipsius
3388 960 3501 1002 non
3528 957 3705 1018 erant,

2105 1017 2204 1076 sed
2236 1021 2427 1093 gratiae
2457 1023 2577 1096 Dei,
2603 1025 2853 1098 pluribus
2880 1031 3188 1104 enarravit;
3219 1033 3344 1092 audi
3370 1034 3561 1109 igitur.

2182 1219 2207 1287 τι
2251 1200 2315 1254 In
2359 1200 2552 1274 signis,
2606 1211 2663 1260 et
2703 1204 2990 1280 prodigiis,
3046 1215 3102 1266 et
3149 1209 3462 1271 virtutibus.
3500 1237 3526 1265 ιο
3559 1214 3708 1287 Quid

2103 1285 2322 1344 differat
2343 1291 2564 1362 signum
2592 1310 2622 1348 a
2648 1296 2920 1368 prodigio,
2952 1298 3081 1354 alibi
3105 1299 3315 1358 dictum
3346 1311 3448 1360 est.
3468 1306 3550 1360 Ne
3576 1285 3704 1361 vero

2103 1374 2374 1434 existimet
2401 1381 2596 1452 aliquis
2635 1383 2753 1440 haec
2795 1386 2864 1441 de
2893 1386 3024 1443 solis
3072 1386 3355 1447 beneﬁciis
3385 1391 3537 1449 dicta
3567 1409 3707 1463 esse,

2105 1487 2131 1513 ‹‹
2162 1467 2225 1520 In
2265 1466 2560 1527 virtutibus
2610 1495 2636 1522 ιο
2671 1474 2993 1544 appositum
3031 1485 3133 1534 est.
3189 1480 3333 1535 Nam
3373 1481 3552 1538 virtus
3608 1498 3707 1539 seu

2102 1557 2368 1627 potentia,
2429 1559 2562 1616 illud
2638 1562 2804 1619 etiam
2844 1565 2994 1636 quod
3058 1568 3323 1638 puniendi
3371 1571 3483 1627 vim
3540 1572 3708 1628 habet

2102 1653 2290 1714 aperte
2318 1646 2610 1720 signiﬁcat.
2653 1653 2876 1724 Reputa
2904 1663 3093 1712 autem
3125 1657 3234 1726 hic,
3266 1668 3402 1730 quot
3451 1661 3562 1717 vita
3610 1661 3704 1718 de-

2105 1729 2338 1807 functos,
2397 1737 2662 1810 leprosos,
2723 1757 2920 1813 caecos,
2977 1729 3331 1804 daemonibus
3383 1759 3699 1822 occupatos,

2103 1836 2294 1880 omnes
2338 1842 2370 1884 a
2418 1842 2479 1884 se
2519 1829 2807 1888 beneﬁciis
2866 1831 3121 1902 affectos,
3179 1837 3504 1909 simpliciter
3547 1855 3703 1895 com-

2104 1912 2453 1982 prehenderit
2511 1936 2526 1974 :
2576 1934 2642 1975 ac
2698 1919 2886 1978 itidem
2947 1922 3276 1995 castigatos,
3332 1926 3517 1998 qualis
3585 1927 3704 2000 ipse

2103 2001 2340 2074 Elymas.

2173 2093 2342 2150 Vnus.
2393 2103 2476 2152 13.
2514 2119 2539 2146 α
2580 2098 2725 2169 Quid
2766 2101 2918 2158 enim
2942 2111 3032 2159 est
3065 2103 3216 2176 quod
3278 2104 3462 2162 minus
3511 2105 3704 2162 habui-

2101 2180 2198 2237 stis
2243 2185 2461 2242 caeteris
2524 2187 2820 2246 Ecclesiis?
2875 2214 2900 2239 υ
2961 2195 3042 2249 Ne
3087 2193 3209 2265 quis
3263 2193 3434 2261 dicat,
3466 2197 3702 2269 Magnus

2099 2270 2319 2342 quidem
2365 2289 2444 2342 es,
2478 2287 2856 2335 verumtamen
2926 2298 3041 2336 non
3095 2290 3246 2339 tanta
3304 2293 3566 2356 operatus
3621 2301 3700 2353 es,

2100 2370 2307 2431 quanta
2353 2366 2586 2436 apostoli
2636 2367 2692 2423 in
2739 2368 2858 2424 aliis
2888 2371 3164 2441 Ecclesiis,
3217 2373 3292 2428 ait
3342 2393 3418 2430 εει
3474 2375 3538 2430 In
3589 2389 3701 2446 quo

2098 2448 2385 2508 inferiores
2411 2453 2638 2514 fuistis?
2663 2476 2692 2510 »
2729 2457 2834 2514 hoc
2861 2469 2963 2527 est,
2995 2461 3140 2530 Quid
3167 2461 3354 2518 minus
3381 2461 3654 2520 habuistis
3675 2469 3700 2521 Ρ

2098 2553 2235 2595 num
2255 2543 2437 2598 minus
2461 2543 2675 2601 donum
2693 2548 2848 2607 nacti
2871 2549 3024 2616 estis,
3059 2566 3228 2623 quam
3275 2551 3501 2609 caeleri?

2177 2651 2199 2679 α
2256 2631 2375 2688 Nisi
2418 2633 2567 2705 quod
2619 2635 2732 2705 ipse
2775 2653 2877 2710 ego
2923 2654 3041 2695 non
3081 2640 3297 2712 gravavi
3328 2643 3461 2698 vos?
3497 2641 3699 2700 donate

2098 2717 2236 2775 mihi
2285 2719 2424 2778 hanc
2476 2723 2755 2795 injuriam.
2809 2749 2834 2775 ι»
2880 2729 3081 2800 Magna
3144 2744 3274 2786 cum
3333 2731 3596 2802 gravitate
3644 2740 3701 2789 et

2096 2809 2386 2879 asperitate
2435 2812 2710 2886 objurgat,
2756 2815 3028 2888 inquiens,
3089 2819 3144 2873 Si
3203 2819 3309 2874 hoc
3354 2821 3585 2892 culpatis
3639 2821 3700 2877 in

2098 2912 2208 2964 me,
2264 2901 2413 2972 quod
2477 2918 2576 2958 vos
2632 2919 2744 2959 non
2796 2906 3090 2976 gravarim,
3165 2907 3264 2964 sed
3313 2909 3430 2965 sine
3475 2918 3699 2983 sumptu

2097 2989 2458 3061 Evangelium
2482 2992 2634 3048 vobis
2664 2995 3078 3065 praedicaverim
3097 3037 3113 3065 ,
3142 2997 3359 3058 veniam
3385 3006 3544 3070 peto;
3570 3015 3700 3056 con-

2095 3075 2301 3134 dona‘te
2329 3079 2461 3136 mihi
2493 3091 2774 3152 peccatum
2804 3083 2928 3141 hoc.
2966 3086 3143 3142 Simul
3171 3094 3356 3142 autem
3376 3088 3698 3144 encomium

2089 3164 2316 3224 illorum
2367 3171 2614 3228 continet
2647 3187 2857 3242 sermo,
2897 3175 3171 3248 siquidem
3217 3176 3420 3248 injuria
3450 3192 3510 3234 se
3547 3176 3695 3234 afﬁci

2091 3263 2304 3327 putant,
2335 3276 2402 3316 eo
2421 3261 2585 3332 'quod
2632 3263 2769 3318 nihil
2804 3263 2965 3320 abiis
2995 3265 3245 3338 accipere
3296 3265 3552 3338 dignatus
3589 3276 3691 3324 est.

2163 3349 2341 3406 Vsus.
2399 3356 2484 3406 14.
2521 3373 2547 3400 τ(
2580 3354 2718 3409 Ecce
2761 3354 2882 3426 jam
2933 3356 3098 3411 tertio
3151 3355 3260 3412 hoc
3309 3365 3531 3427 paratus
3570 3373 3695 3414 sum

2090 3437 2275 3493 venire
2307 3437 2377 3494 ad
2426 3455 2546 3505 vos,
2578 3450 2634 3496 et
2687 3458 2799 3498 non
2849 3459 2944 3500 ero
2981 3445 3164 3516 gravis
3193 3445 3382 3513 vobis;
3410 3462 3524 3503 non
3548 3447 3696 3502 enim

2088 3539 2279 3595 quaaro
2303 3543 2429 3599 quae
2456 3538 2635 3586 vestra
2659 3540 2810 3599 sunt,
2839 3531 2938 3589 sed
2981 3548 3100 3589 vos.
3135 3556 3163 3582 ιο
3194 3536 3278 3589 Ne
3304 3533 3564 3592 videatur
3590 3535 3696 3592 hoc

2089 3615 2344 3671 continuo
2389 3616 2635 3688 proferre
2698 3619 2848 3690 ipsis,
2899 3621 3054 3692 quasi
3109 3621 3335 3692 posthac
3371 3632 3697 3695 accepturus

2088 3701 2159 3758 sit
2185 3704 2502 3777 quidquam,
2535 3706 2614 3762 ait
2663 3725 2676 3760 :
2727 3710 2852 3764 Non
2896 3717 3188 3781 propterea
3217 3711 3368 3783 quod
3403 3727 3519 3768 non
3555 3713 3694 3769 acci-

2087 3791 2236 3863 piam
2268 3810 2392 3850 eam
2414 3795 2486 3852 ob
2515 3812 2738 3853 causam
2763 3797 2833 3854 ad
2862 3814 2960 3854 vos
2991 3814 3104 3854 non
3134 3799 3293 3857 venio
3323 3819 3335 3854 :
3367 3801 3500 3872 quin
3526 3802 3692 3858 etiam

2086 3884 2328 3941 secundo
2355 3885 2534 3955 invisi,
2564 3901 2630 3942 ac
2658 3887 2824 3943 tertio
2859 3887 2980 3960 jam
3022 3897 3247 3960 paratus
3292 3905 3420 3945 sum
3477 3888 3550 3945 ad
3595 3906 3694 3948 vos

2097 3971 2367 4043 proﬁcisci
2409 3991 2512 4030 nec
2565 3976 2876 4049 aggravabo
2932 3993 3050 4034 vos.
3109 3978 3520 4048 Quamobrem?
3566 3982 3691 4035 Non

2085 4060 2216 4132 quia
2268 4064 2574 4135 terremini,
2636 4080 2815 4138 neque
2883 4066 3036 4138 quod
3100 4067 3312 4124 inﬁrmi
3377 4067 3518 4137 sitis,
3595 4068 3691 4126 sed

2083 4150 2212 4221 quia
2259 4167 2375 4208 non
2415 4162 2619 4223 vestra,
2670 4155 2768 4211 sed
2816 4169 2914 4212 vos
2963 4156 3113 4227 ipsos
3161 4171 3373 4229 quaero,
3428 4156 3537 4213 hoc
3586 4167 3686 4229 est,

2083 4241 2335 4297 Vestram
2361 4243 2598 4299 salutem
2623 4251 2680 4300 et
2705 4245 2948 4312 animas,
2974 4261 3088 4302 non
3123 4247 3402 4318 pecunias.

2155 4353 2183 4380 σι
2229 4334 2356 4388 Non
2384 4332 2532 4389 enim
2562 4333 2769 4390 debent
2799 4334 2892 4390 ﬁlii
2922 4336 3241 4407 parentibus
3284 4336 3690 4408 thesaurizare,

2083 4419 2180 4476 sed
2204 4429 2462 4492 parentes
2491 4421 2635 4479 ﬁliis.
2675 4448 2698 4472 η
2721 4424 2862 4497 Quia
2891 4425 3189 4482 verisimile
3217 4435 3337 4482 erat
3361 4442 3459 4482 eos
3485 4425 3689 4497 dicere,

373 4496 559 4588 αύτοὺς
605 4501 770 4559 εἰπεῖν
797 4523 810 4537 ⁸
841 4503 924 4562 Οὖ
968 4501 1072 4583 γὰρ
1102 4502 1268 4572 ἔξεστι
1297 4506 1390 4565 καὶ
1423 4512 1564 4587 ἡμᾶς
1614 4509 1754 4588 ἔχειν
1780 4511 1829 4548 ⁴⁶
1879 4510 1972 4570 καὶ
2000 4493 2011 4558 Ῑ

2095 4511 2216 4566 Non
2242 4511 2388 4567 enim
2414 4511 2562 4582 licet,
2602 4521 2664 4568 ut
2709 4493 2771 4568 et
2813 4528 2916 4570 nos
2947 4522 3003 4570 et
3057 4522 3246 4572 nostra
3289 4514 3511 4584 habeas,
3541 4493 3692 4572 ideo;

371 4583 442 4643 τὰ
493 4590 679 4665 ἡμῶνο
726 4588 866 4649 ὥστε
911 4593 1011 4672 οὐχ
1061 4591 1228 4664 ἡδέως
1283 4583 1546 4657 διάκεισαι
1607 4583 1739 4678 πρὸς
1801 4603 1973 4676 ἡμᾶς·

371 4675 459 4733 διὰ
485 4682 640 4739 τοῦτο
685 4679 941 4760 λογισμὸν
973 4680 1192 4759 ἐπάγει,
1249 4683 1330 4744 ὅτι
1377 4688 1450 4746 Οἱ
1493 4675 1667 4763 γονεῖς
1702 4675 1973 4769 ὀφείλουσι

369 4775 478 4834 τοῖς
532 4766 732 4836 τέκνοις
777 4770 978 4829 διδόναι
1011 4794 1024 4808 ο
1062 4771 1177 4830 ἀντὶ
1227 4779 1332 4834 τῶν
1378 4776 1716 4836 διδασκάλων
1748 4777 1970 4837 καὶτῶν

371 4857 627 4930 μαθητῶν
671 4855 792 4926 τοὺς
835 4857 1073 4941 πατέρας
1101 4860 1192 4919 καὶ
1235 4863 1302 4922 τὰ
1347 4863 1507 4924 τέκνα
1554 4864 1737 4926 λαϐὼν
1780 4867 1852 4946 ⁴⁷,
1877 4868 1969 4928 καὶ

369 4943 537 5013 δείξας
590 4945 671 5006 ὅτι
719 4947 933 5029 ὀφειλὴν
984 4949 1276 5031 ἐκπληροῖ,
1329 4953 1422 5014 καὶ
1474 4943 1846 5038 ἀπαραίτητον
1904 4958 1965 5018 τὸ

368 5043 614 5115 πρᾶγμα.

2087 4615 2194 4672 que
2221 4615 2370 4673 aegro
2400 4617 2507 4658 nos
2531 4617 2660 4675 erga
2675 4602 2864 4660 animo
2894 4603 3125 4660 affectus
3171 4619 3258 4672 es;
3306 4611 3532 4674 propter
3571 4605 3688 4660 hoc

2084 4689 2567 4748 ratiocinationem
2594 4691 2765 4748 infert
2810 4711 2824 4748 :
2868 4696 3170 4750 Parentum
3197 4700 3282 4749 est
3310 4691 3497 4748 liberis
3525 4691 3680 4762 dare,

2086 4793 2184 4850 pro
2216 4781 2645 4852 praeceptoribus
2663 4796 2730 4838 ac
2768 4781 3080 4856 discispulis
3103 4790 3358 4854 parentes
3396 4797 3462 4838 ac
3486 4781 3691 4838 liberos

2079 4868 2352 4941 accipiens
2404 4892 2416 4927 :
2473 4871 2710 4928 innuens
2755 4871 2830 4928 ita
2879 4888 2940 4929 se
2998 4872 3250 4930 debitum
3300 4871 3688 4945 negotiumque

2085 4957 2440 5016 irrecusabile
2485 4962 2722 5034 explere.

457 5146 487 5181 ιι
519 5124 665 5204 Ἐγὼ
722 5123 776 5187 δὲ
839 5128 1031 5202 ἥδιστα
1085 5133 1383 5208 δαπανήσω
1447 5137 1538 5196 καὶ
1596 5137 1970 5213 ἐκδαπανηθή·

2154 5149 2332 5206 Vens.
2370 5155 2458 5207 15.
2487 5172 2513 5199 ι
2547 5151 2660 5224 Ego
2675 5149 3614 5222 autemlubentissimeimpendam,
3634 5158 3693 5208 et

371 5236 536 5290 σομαι
581 5216 718 5298 ὖπὲρ
768 5221 874 5278 τῶν
926 5224 1113 5303 ψυχῶν
1159 5225 1330 5300 ὑμῶν.
1382 5249 1412 5285 (ι
1440 5225 1619 5306 Ἐγὼ,
1663 5230 1853 5310 φησὶν,
1907 5230 1968 5291 οὗ

2095 5240 2538 5312 superimpendar
2560 5257 2661 5314 pro
2707 5240 2993 5298 animabus
3021 5241 3234 5297 vestris.
3269 5262 3296 5289 ν
3327 5241 3463 5312 Ego,
3495 5239 3693 5312 inquit,

370 5304 526 5403 μόνον
553 5308 612 5365 οὐ
657 5307 733 5384 μὴ
766 5308 1006 5403 λήψομαι
1043 5311 1132 5403 ᾀφ²
1164 5315 1349 5390 ὑμῶν,
1391 5304 1531 5375 ἀλλᾶ
1562 5304 1767 5395 μᾶλλον
1811 5304 1972 5400 προσ-

2095 5304 2194 5386 [ιοῇ
2235 5330 2419 5387 solum
2461 5347 2575 5386 non
2619 5330 2884 5403 accipiam
2912 5347 2943 5390 a
2980 5330 3148 5403 315
3182 5329 3359 5399 vobis,
3383 5327 3482 5386 sed
3506 5329 3695 5403 potius

368 5392 522 5453 δώσω
549 5419 563 5433 ·
582 5401 737 5457 τοῦτο
757 5399 860 5479 γάρ
885 5403 1000 5462 ἐστι
1029 5392 1123 5476 τὸ,
1159 5423 1187 5459 ι(
1209 5404 1541 5479 Δαπανήσω.
1565 5428 1596 5466 ›)
1627 5408 1737 5468 Καὶ
1760 5410 1813 5469 τί
1830 5413 1970 5492 λέγω

2095 5421 2301 5491 addam,
2347 5419 2405 5477 id
2439 5419 2587 5479 enim
2618 5428 2705 5478 est
2730 5392 2883 5494 quod
2935 5392 3570 5493 ait-,zvlmpendam.-»
3623 5421 3697 5475 Et

1758 5537 2295 5622 VariaeJectiones.
2363 5607 2380 5620 Α

443 5667 486 5703 ¹³
514 5669 767 5742 πρόκειται
795 5687 849 5728 0.
929 5671 972 5708 ¹⁴
1010 5677 1448 5750 παρεσκευασάμην
1475 5694 1510 5736 0
1608 5679 1651 5716 ‘5
1681 5681 1800 5734 ἀλλ’
1840 5685 1923 5738 ὕτι
1965 5686 2092 5760 ὑμᾶς
2137 5688 2292 5755 ζητῶ,
2325 5684 2569 5755 τουτέστι,
2600 5680 2689 5753 τὴν
2733 5681 2974 5759 ὑμετέραν
2997 5683 3270 5763 ,σωτηρίαν
3290 5725 3306 5753 ,
3339 5683 3397 5739 οὖ
3433 5681 3494 5738 τὰ
3523 5681 3667 5756 ὓμῶν

377 5752 626 5819 τουτέστι,
655 5751 718 5805 τὰ
746 5753 984 5826 χρήματα
1020 5771 1074 5812 0.
1153 5756 1196 5790 ¹⁶
1224 5758 1306 5811 οιαὶ
1334 5757 1460 5832 ὑμᾶς
1496 5758 1632 5832 ἔχειν
1661 5762 1897 5838 τὰδῆμῶν
1923 5784 1973 5824 0.
1998 5751 2009 5760 '
2055 5767 2098 5804 ³⁷
2130 5751 2427 5840 μεταλαϐὼν
2453 5784 2510 5826 ο.

655 5841 898 5900 ΡΛτιιοι..
936 5845 1034 5901 Gn.
1074 5846 1288 5904 CXXIV.

2519 5927 2586 5932 __
3300 5860 3370 5913 30
