4134 6424
341 379 434 432 941
1189 383 1541 440 EXPOSITIO
1580 384 1646 459 ΙΝ
1687 385 1898 442 EPIST.
1942 388 1958 441 1

2075 389 2114 443 D
2159 389 2318 445 COR.
2359 420 2428 431 —
2465 391 2618 446 CAP.
2659 391 2766 445 Xll.
3538 390 3642 446 942

426 529 450 553 α
490 502 576 564 Τὰ
599 504 652 562 δὲ
685 503 950 588 πάντα-2³,
989 507 1294 584 ἀγαπητοὶ,
1353 507 1484 587 ὑπὲρ
1532 512 1628 581 τῆς
1674 513 1823 588 ὑμῶν
1852 515 1927 570 οἱ·

2124 537 2150 562 α
2193 516 2327 572 Haec
2374 523 2564 571 autem
2589 514 2792 580 omnia,
2823 513 3029 584 dilecti,
3059 523 3283 586 propter
3321 515 3642 571 aedificatio-

339 595 588 670 κοδομῆς.
625 619 648 646 ι
677 595 800 654 Οὐκ
849 585 1024 668 εἶπεν,
1059 597 1142 655 ὅτι
1195 597 1298 656 Διὰ
1348 605 1499 657 τοῦτο
1538 603 1707 658 ταῦτα
1761 602 1936 659 πάντα

2067 619 2182 660 lem
2235 612 2496 660 vestram.
2547 626 2568 653 υ
2625 605 2754 660 Non
2810 603 2967 671 dixit,
2996 585 3288 674 Propterea
3314 603 3433 661 haec
3461 603 3644 661 omnia

339 681 594 758 ἐποίησα,
625 683 718 743 καὶ
777 686 872 743 οὐκ
905 684 1132 763 ἔλαϐον,
1178 685 1311 744 διότι
1340 687 1492 763 ὑμεῖς
1533 689 1652 747 ἔστε
1703 691 1938 756 ἀσθενεῖς

2067 691 2172 764 ieci,
2225 702 2280 749 et
2333 693 2464 750 nihil
2498 695 2708 765 accepi,
2753 693 2882 766 quia
2937 709 3035 749 vos
3068 692 3272 748 inﬁrmi
3321 694 3485 760 estis;
3538 694 3647 750 hoc

340 773 653 848 (πληκτικὸν
702 772 806 855 γὰρ
854 778 1010 834 τοῦτο
1029 775 1077 855 ),
1124 775 1287 856 ἀλλὰ,
1321 774 1426 836 Διὰ
1455 775 1552 849 τὴν
1603 779 1750 855 ὑμῶν
1799 782 1938 840 οἷκο-

2067 785 2192 840 enim
2252 800 2506 857 asperum
2570 782 2761 839 fuisset
2822 798 2885 839 ac
2937 781 3189 839 durum:
3241 782 3361 851 sed,
3419 785 3652 856 Propter

337 860 528 940 δομήν.
561 861 681 925 Ἵνα
700 863 837 945 γὰρ,
873 865 1024 945 φησὶ,
1051 865 1125 943 μή
1159 865 1578 937 σκανδαλίζησθε
1605 869 1687 926 ἐπ’
1710 868 1760 907 2-⁵
1789 870 1936 947 ἐμοὶ,

2067 883 2285 930 νοειτοη]
2306 873 2742 930 aadificationem.
2772 873 2852 929 Ut
2877 871 3047 944 enim,
3081 872 3280 944 inquit,
3315 887 3430 928 non
3464 872 3648 929 offen-

339 950 424 1040 διᾶι
491 958 645 1014 τοῦτο
705 953 801 1013 οὐκ
855 953 1090 1030 ἔλαϐον,
1155 955 1289 1036 ὑπὲρ
1318 960 1413 1028 τῆς
1469 957 1728 1038 ὑμετέρας
1795 960 1936 1040 ὤφε-

2067 962 2258 1020 lamini
2289 965 2348 1019 in
2398 979 2510 1032 me,
2573 971 2862 1036 eapropter
2899 978 3014 1018 non
3055 961 3260 1034 accepi,
3307 962 3378 1018 ob
3408 971 3648 1018 vestram

338 1039 482 1109 λείας
507 1041 585 1104 ²⁵ο
1854 1039 1862 1040 ί

2067 1069 2248 1127 tempe
2280 1053 2596 1111 utilitatem.

367 1219 394 1244 υ
427 1153 459 1190 (ι
509 1132 820 1244 φοϐοῦμαι,
848 1134 952 1244 γὶὰρ
994 1135 1196 1244 ’μήπως
1251 1134 1572 1244 ἐλθιῦννοῦχ
1597 1135 1760 1244 ὀἵους
1803 1138 1938 1198 θέλω

2118 1155 2296 1210 Vens.
2329 1157 2419 1209 20.
2477 1177 2499 1200 ιι
2551 1153 2754 1210 Timeo
2791 1152 2942 1208 enim
2975 1167 3045 1209 ne
3070 1151 3213 1210 forte
3255 1167 3386 1209 cum
3425 1166 3650 1218 venero,

338 1219 474 1329 εὕρω
526 1225 702 1301 ὑμᾶς,
755 1223 909 1303 κάγὼ
965 1228 1162 1306 εὑρεθῶ
1224 1228 1346 1304 ὑμῖν
1402 1216 1620 1286 οἶοννού
1673 1227 1928 1288 θέλετε.»

361 1314 480 1335 n,~
655 1315 680 1335 θ
816 1314 830 1335 Ι
1206 1315 1222 1335 Ι
1361 1313 1479 1335 'A“
1599 1319 1614 1335 ἐ
1691 1317 1706 1335 Ι

2067 1258 2160 1299 non
2200 1243 2392 1315 quales
2422 1243 2546 1300 volo
2593 1258 2690 1300 vos
2733 1242 3034 1311 inveniam;
3085 1251 3140 1299 et
3183 1257 3285 1315 ego
3330 1242 3570 1299 inveniar
3597 1243 3653 1297 in

359 1314 506 1420 Ορξς
576 1314 896 1420 κηδεμονίαν
961 1315 1288 1420 (ὶπατρικήη
1361 1314 1544 1375 Ἄλλοι
1589 1317 1935 1398 ἡμάρτανον,

2067 1314 2234 1403 robis,
2264 1348 2378 1390 non
2427 1333 2649 1406 qualem
2687 1348 2784 1389 vos
2824 1332 3010 1389 vultis.
3054 1354 3083 1383 ιο
3137 1314 3330 1389 Viden’
3368 1341 3653 1405 paternam

339 1399 433 1460 καὶ
456 1403 669 1471 Παῦλος
693 1404 937 1484 ἐφοϐεῖτο
961 1402 1013 1440 ²⁶
1039 1427 1052 1441 ·
1083 1405 1179 1466 καὶ
1224 1403 1345 1466 οὐδὲ
1389 1405 1744 1487 ἀποφαίνεται
1763 1454 1780 1482 ,
1815 1410 1936 1467 ἀλλ’

349 1493 366 1513 3
402 1491 428 1513 (ἱ
497 1491 545 1513 Iv
644 1492 667 1513 ν
879 1497 937 1513 Il’
961 1495 974 1513 Ι
1342 1495 1355 1513 \
1577 1497 1614 1513 εκ
1633 1501 1656 1513 Α
1672 1495 1684 1512 1
1833 1498 1859 1513 ιι

2067 1399 2276 1479 :uram?
2312 1399 2461 1480 Alii-
2483 1431 2795 1495 peccarunt,
2855 1430 2912 1478 et
2944 1421 3147 1479 Paulus
3189 1399 3424 1490 metuit;
3476 1435 3655 1493 neque

340 1491 593 1586 ἐνδοιάζει
639 1492 755 1552 ἔτι·
792 1517 823 1550 σι
879 1495 1125 1570 Μήπως,
1167 1517 1197 1554 ι)
1230 1495 1427 1576 φησὶν,
1488 1517 1517 1554 α
1569 1495 1733 1556 ἐλθὼν
1804 1498 1939 1579 εὕρω

2067 1521 2196 1569 :erto
2253 1491 2560 1586 quidquam
2587 1513 2804 1580 asserit,
2843 1510 2944 1568 sed
2993 1511 3212 1568 dubitat
3265 1509 3465 1567 adhuc.
3505 1531 3533 1562 «
3563 1491 3654 1566 Ne

341 1582 442 1662 οὐχ
489 1584 628 1651 οἵους
667 1583 805 1644 θέλω
855 1588 995 1660 ὑμᾶς
1043 1614 1094 1659 ιι,
1141 1585 1419 1659 τουτέστι,
1462 1586 1942 1667 διεφθαρμένους·

341 1672 464 1745 καὶ,
498 1695 527 1731 α
559 1676 756 1755 εὑρεθῶ
778 1673 932 1753 κάγὼ
959 1697 987 1735 ιι
1029 1674 1082 1744 ἐξ
1107 1676 1344 1756 ἀνάγκης
1379 1697 1409 1735 ι(
1436 1666 1544 1736 οῖον
1572 1678 1631 1736 οὗ
1664 1666 1860 1754 θέλετε,
1909 1703 1937 1737 n

338 1760 612 1843 τουτέστιξ,
638 1763 868 1845 τιμωρὸς
894 1765 986 1825 καὶ
1016 1766 1304 1838 κολαστής.

2047 1601 2211 1670 forte,
2269 1625 2293 1651 ιι
2331 1600 2528 1672 inquit,
2577 1623 2602 1649 α
2661 1615 2788 1656 cum
2829 1615 3051 1669 venero,
3104 1615 3218 1656 non
3252 1599 3439 1672 quales
3487 1598 3657 1656 velim

2047 1706 2147 1749 vos
2171 1690 2474 1758 inveniam,
2517 1711 2538 1740 ιι
2589 1689 2695 1746 hoc
2728 1697 2830 1756 est,
2862 1697 3152 1761 corruptos
3191 1708 3204 1746 :
3255 1697 3310 1745 et
3349 1712 3374 1738 ιι
3412 1687 3658 1745 inveniar

2049 1798 2151 1855 ego
2199 1805 2225 1831 ι»
2279 1780 2588 1838 necessario
2641 1803 2668 1830 (ι
2699 1779 2920 1852 qualem
2947 1795 3061 1836 non
3103 1778 3290 1849 vultis,
3342 1801 3367 1826 ιο
3406 1778 3512 1835 hoc
3545 1786 3651 1848 est,

1971 1881 2020 1944 Β
2058 1874 2207 1930 ultor
2221 1881 2276 1928 et
2301 1871 2545 1945 punitor.

424 1972 451 1997 ι
488 1945 583 2019 Μή
615 1971 728 2014 πως
760 1947 898 2028 ἔρις,
931 1950 1116 2022 ζῆλοι,
1174 1949 1362 2028 θυμοὶ,
1405 1951 1656 2031 ἐριθεῑαι,
1698 1954 1944 2012 καταλα-

342 2033 501 2124 λιαὶ,
536 2038 881 2115 ψιθυρισμοὶ,
913 2037 1198 2117 φυσιώσεις
1219 2085 1236 2117 ,
1271 2041 1684 2102 ἀκαταστασίαι.
1720 2067 1744 2095 ν
1785 2045 1948 2124 Πρῶ-

343 2147 432 2182 τον
475 2123 664 2212 ἔμελλε
715 2125 912 2186 τιθέναι
958 2127 1052 2196 τὰς
1097 2128 1411 2209 φυσιώσεις·
1459 2129 1575 2190 κατ’
1632 2133 1796 2190 αὐτοῦ
1842 2131 1946 2212 γὰρ

343 2211 727 2284 ἠλαζονεύοντο
749 2238 762 2252 ο
812 2217 934 2274 ἀλλ’
963 2215 1108 2295 ὅμως
1135 2214 1225 2278 ἵνα
1255 2218 1330 2296 μὴ
1376 2218 1500 2300 δόξῃ
1529 2219 1591 2279 τὸ
1632 2223 1822 2280 ἑαυτοῦ
1858 2211 1948 2293 ζη-

344 2310 453 2361 τεῖν
478 2347 495 2378 ,
550 2302 610 2364 τὸ
660 2305 830 2364 κοινὸν
864 2306 1005 2384 λέγει
1052 2311 1283 2389 πρῶτον.
1329 2307 1458 2368 Ἀπὸ
1509 2307 1612 2390 γὰρ
1661 2314 1752 2370 τοῦ
1788 2308 1948 2382 ζήλου

347 2391 438 2452 καὶ
483 2396 577 2464 τῆς
625 2395 920 2473 βασκανίας
965 2395 1142 2456 πάντα
1173 2398 1346 2457 τᾶλλα
1375 2397 1611 2458 ἐτίκτετο
1642 2423 1657 2438 ·
1699 2399 1792 2462 καὶ
1834 2400 1946 2460 πά-

345 2484 430 2541 λιν
491 2482 618 2565 παρ⁹
676 2485 886 2544 ἐκείνων
951 2488 979 2544 ὁ
1035 2489 1188 2560 ζῆλος
1243 2488 1530 2561 ἀνήπτετο.
1595 2488 1839 2570 Ἐριθεία
1893 2490 1950 2550 δὲ

346 2573 602 2652 λέγεται,
653 2571 778 2633 ὅταν
826 2599 903 2642 τις
932 2575 1051 2635 κατ’
1098 2576 1206 2651 ἔριν
1249 2579 1591 2658 προκαλῆταί
1619 2603 1736 2638 τινα
1763 2579 1816 2617 2⁷
1864 2579 1952 2640 ἐπὶ

350 2663 471 2721 τόδε
498 2686 571 2723 τι.
603 2665 946 2744 Ψιθυρισμὸν
999 2664 1054 2725 δέ
1097 2689 1228 2748 φησι
1278 2667 1374 2739 τὴν
1429 2667 1720 2741 διαϐολήνο
1753 2669 1952 2750 φυσιώ-

350 2773 460 2819 σεις
483 2751 537 2811 δὲ
581 2751 648 2812 τὰ
690 2755 980 2823 ἀλαζονικὰ
1025 2756 1118 2815 καὶ
1167 2757 1547 2838 πεφυσιωμένα
1592 2758 1695 2832 ἤθη
1859 2758 1952 2818 καὶ

350 2839 476 2900 ὅταν
521 2843 595 2911 εἰς
631 2841 785 2923 φύσιν
837 2849 1080 2923 καταστῇ
1133 2870 1235 2905 τινι
1286 2851 1320 2920 ἡ
1356 2847 1546 2921 οἴησις.
1597 2851 1737 2910 Κατ’
1790 2850 1952 2908 αὐτοῦ

349 2931 450 3011 γὰρ
479 2933 818 3013 ἐπαιρόμενοι
846 2933 966 3000 τοὺς
1000 2937 1455 3017 ψευδαποστόλους
1487 2938 1708 3016 ἐτίμων.

2131 1987 2157 2012 α
2209 1965 2293 2019 Ne
2323 1977 2435 2034 quo
2481 1959 2650 2018 modo
2680 1960 3083 2028 contentiones,
3109 1958 3506 2026 aemulationes,
3535 1958 3657 2027 iraa,

2053 2051 2512 2116 concertationes,
2545 2050 2927 2121 detractiones,
2955 2049 3391 2117 susurrationes,
3417 2049 3659 2105 inﬂatio-

2055 2156 2178 2210 nes,
2200 2138 2515 2198 seditiones.
2542 2162 2568 2188 ι»
2590 2139 2840 2196 Primum
2867 2139 3148 2212 positurus
3164 2145 3283 2194 erat
3305 2135 3617 2194 inﬂationes
3639 2153 3656 2205 ;

2056 2230 2317 2288 adversus
2366 2230 2548 2303 ipsum
2587 2230 2734 2285 enim
2791 2237 3109 2302 arrogantes
3159 2235 3320 2285 erant
3360 2247 3372 2283 :
3413 2234 3662 2284 attamen

2055 2335 2126 2376 ne
2153 2319 2402 2376 videatur
2429 2333 2554 2391 quae
2595 2333 2692 2374 sua
2721 2326 2849 2374 sunt
2883 2333 3149 2389 quaerere,
3179 2315 3329 2389 quod
3365 2327 3663 2374 commune

2059 2417 2162 2478 est,
2191 2408 2434 2482 primum
2469 2408 2615 2464 dicit.
2650 2407 2740 2464 Ab
2790 2407 3143 2464 aemulatione
3182 2406 3331 2462 enim
3373 2415 3428 2462 et
3460 2405 3664 2462 invidia

2059 2499 2247 2556 omnia
2272 2499 2374 2554 alia
2415 2497 2804 2568 nascebantur,
2829 2513 2893 2554 ac
2912 2512 3135 2554 rursum
3163 2497 3233 2553 ab
3253 2495 3358 2551 illis
3387 2494 3665 2552 aemulatio

2059 2587 2482 2646 accendebatur.
2552 2586 2906 2645 Concertatio
2941 2595 3129 2644 autem
3175 2585 3393 2653 dicitur,
3442 2583 3664 2656 quando

2060 2680 2358 2753 quisquam
2405 2693 2500 2750 per
2553 2678 2714 2735 litem
2779 2685 3044 2750 provocat
3097 2676 3335 2732 alterum
3391 2691 3555 2747 super
3605 2689 3668 2731 re

2062 2771 2340 2842 quapiam.
2385 2767 2829 2825 Susurrationem
2879 2775 3065 2823 autem
3112 2765 3454 2822 calumniam
3484 2772 3665 2820 vocat.

2062 2859 2378 2916 Inﬂationes
2431 2875 2582 2927 vero,
2629 2873 2752 2930 quae
2799 2857 2868 2914 ad
2916 2855 3346 2913 ostentationem
3401 2862 3458 2911 et
3508 2870 3668 2910 arro—

2064 2949 2310 3022 gantiam
2358 2949 2589 3021 spirant,
2641 2946 2996 3019 tumidosque
3044 2961 3251 3014 mores,
3307 2945 3392 3001 vel
3446 2941 3669 3015 quando

353 3045 456 3087 ceu
485 3031 546 3088 in
591 3039 847 3090 naturam
891 3033 1192 3107 quamdam
1234 3044 1422 3094 tumor
1471 3038 1770 3095 translatus
1796 3036 1979 3096 fuerit.
2019 3039 2301 3097 Adversus
2343 3039 2527 3112 ipsum
2571 3039 2721 3096 enim
2753 3038 2905 3108 elati,
2936 3035 3394 3109 pseudapostolos
3419 3034 3662 3091 honora-

350 3119 508 3178 bant.
597 3134 618 3181 ἐς

441 3239 466 3266 ε
500 3212 596 3284 Μὴ
646 3211 809 3274 πάλιν
862 3214 1078 3275 ἐλθόντα
1132 3239 1199 3294 με
1227 3217 1536 3300 ταπεινώσῃ
1583 3222 1612 3277 ὁ
1663 3217 1797 3286 Θεός
1850 3244 1951 3296 μου

2135 3224 2306 3278 Vsns.
2351 3225 2444 3277 2t.
2493 3243 2518 3268 α
2556 3222 2639 3276 Ne
2684 3219 2882 3275 iterum
2929 3233 3057 3275 cum
3093 3231 3294 3274 venero
3331 3215 3399 3272 ad
3427 3230 3544 3283 vos,
3567 3213 3673 3271 hu-

354 3300 482 3384 πρὸς
533 3307 691 3381 ὑμας.
743 3325 775 3362 n
825 3304 1140 3380 Τουτέστιν,
1188 3307 1366 3387 Ἀρκεῖ
1418 3309 1485 3367 τὰ
1537 3307 1801 3389 πρότερα·
1855 3333 1954 3390 φο-

354 3391 550 3469 ϐοῦμαι
593 3392 649 3452 δὲ
683 3392 759 3470 μή
789 3418 902 3462 πως
953 3393 1117 3454 ἐλθὼν
1163 3396 1484 3474 ἀναγκασθῶ
1516 3398 1792 3478 αὐστηρῶς
1831 3402 1955 3475 ὑμῖν

353 3482 674 3561 χρήσασθαι.
706 3483 1048 3543 Ταπείνωσιν
1078 3483 1184 3564 γὰρ
1211 3490 1366 3545 τοῦτο
1396 3489 1582 3560 καλεῖ,
1631 3486 1692 3544 τὸ
1727 3489 1956 3548 κολάσαι

354 3569 500 3640 τινὰς
522 3572 690 3645 ὅλως,
728 3574 966 3655 καίτοιγε
1017 3578 1066 3634 οἱ
1108 3574 1296 3635 πολλοὶ
1338 3574 1490 3643 δόξαν
1551 3577 1754 3652 μᾶλλον
1804 3582 1958 3636 τοῦτο

356 3660 586 3740 ἔχουσιν.
617 3662 738 3720 Οὐκ
769 3652 886 3721 εἷπε
928 3660 1015 3737 δὲ,
1041 3663 1144 3735 Μὴ
1186 3668 1533 3738 ταπεινωθῶ,
1585 3663 1760 3738 ἀλλὰ,
1800 3694 1825 3717 ςι
1866 3665 1956 3739 Μὴ

357 3751 660 3832 ταπεινώσῃ
712 3775 780 3829 με
807 3755 836 3811 ὁ
865 3752 1004 3820 Θεός
1032 3775 1046 3790 ο
1081 3781 1105 3806 n
1139 3753 1389 3813 δεικνύων
1441 3753 1522 3812 ὅτι
1571 3754 1656 3812 διὰ
1698 3755 1786 3813 τὸν
1819 3755 1957 3815 Θεὸν

357 3839 450 3898 καὶ
491 3848 644 3901 τοῦτο
673 3841 858 3919 μέλλει
888 3845 1058 3902 ποιεῖν
1081 3842 1134 3882 ³8
1158 3864 1171 3878 ⁸
1201 3843 1294 3903 καὶ
1337 3845 1381 3903 εἰ
1415 3843 1490 3922 μὴ
1519 3835 1583 3916 ἦν
1613 3845 1667 3902 ἐν
1699 3847 1776 3924 τῷ
1809 3843 1958 3926 μέσῳ

356 3931 388 3987 ὁ
412 3929 549 3999 Θεὸς
593 3931 778 3990 καὶτὸ
815 3933 978 3992 αὐτοῦ
1036 3932 1394 4014 πρόσταγμα,
1449 3936 1544 3994 οὐκ
1600 3935 1661 3994 ἂν
1703 3935 1961 4015 αὐστηρὸς

358 4019 525 4100 ἐφάνη
557 4019 645 4100 ἀφ’
678 4023 888 4081 ἑαυτοῦ.
933 4023 1015 4083 Τὸ
1057 4025 1152 4091 δὲ,
1177 4051 1202 4078 κ
1232 4021 1304 4085 Ὃ
1349 4023 1488 4091 Θεός
1520 4047 1621 4102 μου
1645 4069 1661 4098 ,
1693 4047 1723 4083 )›
1766 4023 1960 4095 εἰπὼν,

358 4109 456 4181 τὴν
480 4111 672 4183 διακαῆ
699 4111 912 4190 ἀγάπην
935 4114 1094 4172 αὐτοῦ
1119 4114 1272 4186 δηλοῖ
1291 4113 1420 4194 πρὸς
1444 4113 1533 4173 τὸν
1563 4114 1725 4174 Θεόν.

445 4312 477 4350 α
513 4290 623 4351 Καὶ
670 4291 920 4364 πενθήσω
973 4292 1200 4361 πολλοὺς
1263 4296 1367 4352 τῶν
1416 4293 1916 4376 προημαρτηκότων
1941 4339 1959 4369 ,

359 4379 453 4438 καὶ
490 4379 566 4458 μὴ
597 4382 1039 4458 μετανοησάντων
1084 4382 1173 4441 ἐπὶ
1202 4386 1268 4462 τῇ
1313 4383 1615 4464 ἀκαθαρσίᾳ
1637 4429 1654 4462 ,
1700 4383 1793 4443 καὶ
1831 4407 1962 4466 πορ-

357 4470 507 4551 νείᾳ,
562 4475 653 4530 καὶ
722 4470 1008 4552 ἀσελγείᾳ,
1174 4470 1427 4553 ἔπραξαν.
1485 4463 1510 4525 ν
1555 4463 1704 4554 εὈρα
1758 4473 1826 4533 τὰ
1873 4463 1964 4534 τοῦ

2073 3310 2252 3367 miliet
2295 3327 2383 3366 me
2429 3313 2581 3366 Deus
2640 3309 2785 3381 apud
2821 3325 2936 3364 vos.
2993 3331 3019 3357 ››
3062 3309 3184 3364 Hoc
3230 3313 3334 3373 est,
3385 3303 3680 3361 Sufficiunt

2065 3401 2266 3472 priora.
2296 3403 2484 3456 Metuo
2524 3407 2733 3467 autem,
2772 3414 2844 3453 ne
2878 3399 2994 3470 jam
3025 3397 3243 3452 veniens
3276 3409 3446 3465 cogar
3488 3402 3675 3451 auste-

2063 3489 2181 3546 rius
2247 3488 2530 3546 vobiscum
2582 3503 2776 3560 agere;
2837 3485 3274 3542 bumiliationem
3355 3483 3498 3539 enim
3569 3483 3677 3540 hoc

2063 3587 2242 3647 vocat,
2288 3577 2436 3650 quod
2481 3577 2713 3634 omnino
2799 3576 2871 3630 sit
2925 3573 3229 3646 puniturus}
3261 3573 3493 3644 aliquos,
3554 3573 3680 3629 licet

2066 3666 2227 3721 multi
2254 3665 2403 3721 istud
2430 3664 2664 3737 gloriam
2694 3678 2814 3719 esse
2841 3669 3085 3718 censent.
3122 3663 3250 3718 Non
3291 3659 3429 3716 dixit
3463 3668 3676 3731 autem,

2067 3757 2149 3812 Ne
2187 3754 2449 3810 humilier
2490 3771 2503 3808 :
2540 3768 2755 3820 verum,
2803 3773 2828 3800 α
2887 3751 2969 3806 Ne
2996 3748 3248 3804 humiliet
3295 3763 3388 3804 me
3437 3750 3611 3813 Deus,
3644 3771 3672 3798 υ

2069 3845 2316 3901 indicans
2355 3843 2508 3916 quod
2557 3842 2660 3898 Dei
2716 3856 2881 3898 causa
2935 3840 3077 3896 istuc
3125 3837 3370 3894 facturus
3415 3837 3507 3893 sit.
3561 3837 3679 3895 Nisi

2069 3937 2216 3994 enim
2259 3936 2639 3994 intervenisset
2675 3938 2848 4002 Deus,
2906 3931 3186 4006 ipsiusque
3239 3929 3590 3998 mandatum,
3646 3947 3679 3986 a

2071 4028 2252 4100 seipso
2300 4042 2417 4084 non
2469 4027 2544 4083 ita
2611 4034 2861 4083 austeros
2919 4030 3082 4080 esset.
3131 4021 3293 4092 Quod
3352 4028 3535 4076 autem
3576 4018 3676 4087 ait,

2073 4138 2101 4165 σι
2143 4119 2295 4173 Deus
2345 4132 2522 4185 meus,
2561 4138 2586 4164 ιι
2661 4113 2946 4172 ardentem
3005 4110 3122 4184 ejus
3172 4109 3491 4166 charitatem
3546 4123 3674 4179 erga

2072 4207 2258 4262 Deum
2312 4205 2531 4262 indicat.

2150 4320 2176 4346 (ι
2226 4297 2300 4350 Et
2353 4294 2569 4368 lugeam
2622 4293 2852 4361 multos,
2892 4307 2960 4348 ex
3004 4289 3092 4347 his
3129 4289 3222 4364 qui
3260 4295 3387 4344 ante
3425 4301 3682 4358 peccave-

2073 4397 2222 4455 runt,
2246 4395 2425 4445 etnon
2449 4395 2685 4459 egerunt
2709 4382 3091 4456 pcenitentiam
3109 4397 3277 4453 super
3298 4377 3683 4445 immunditia,

2073 4487 2128 4534 et
2162 4476 2553 4546 fornicatione,
2577 4483 2635 4531 et
2681 4471 3046 4547 impudicitia,
3093 4486 3262 4542 quam
3301 4476 3606 4542 gesserunt.
3661 4491 3687 4516 ι»

361 4558 658 4619 ἀποστόλου
689 4561 1008 4649 σπλάγχνα,
1059 4565 1173 4630 πῶς
1214 4561 1347 4642 ὑπὲρ
1376 4553 1448 4621 ὧν
1484 4563 1637 4622 ἄλλοι
1679 4563 1958 4638 πταίουσι,

2079 4571 2212 4629 Vide
2239 4571 2598 4644 apostolicam
2627 4567 3083 4638 misericordiam,
3117 4564 3401 4638 quomodo
3430 4580 3530 4636 pro
3554 4563 3686 4621 alio-

360 4655 562 4711 πενθεῖ.
593 4651 710 4710 Οὖκ
739 4640 854 4708 εἶπε
885 4640 974 4724 δὲ,
1007 4651 1251 4726 Πάντας,
1271 4640 1410 4712 ἀλλὰ
1428 4696 1444 4726 ,
1475 4680 1500 4704 «ι
1527 4650 1767 4721 Πολλούς
1791 4677 1804 4690 ·
1829 4679 1853 4705 υ
1873 4652 1965 4712 καὶ

362 4739 464 4817 οὐχ
514 4739 695 4806 ἁπλῶς
746 4738 883 4822 τοὺς
923 4740 1305 4822 ἡμαρτηκότας
1329 4786 1344 4814 ,
1411 4741 1552 4801 ἀλλὰ
1597 4770 1622 4794 κ
1669 4742 1746 4821 μὴ
1800 4767 1965 4820 μετα·

364 4829 694 4899 νοήσαντας·
746 4855 771 4881 ιο
826 4821 970 4890 οὗτοι
1019 4831 1123 4909 γὰρ
1183 4831 1320 4899 ἄξιοι
1375 4832 1621 4904 πένθους,
1677 4834 1726 4891 οἱ
1785 4833 1838 4891 ἐν
1890 4835 1967 4912 τῷ

365 4916 666 4996 τραύματι⁹
701 4918 966 4995 μένοντες.
1011 4921 1125 4982 Καὶ
1178 4920 1296 4980 οὐδὲ
1341 4922 1556 4990 τούτους
1612 4921 1966 4995 ἐκκαλύπτει,

366 5005 538 5074 διδοὺς
581 5009 754 5076 αὐτοῖς
815 5011 1002 5092 ῥᾳδίαν
1039 5009 1136 5083 τὴν
1190 5011 1320 5093 πρὸς
1373 5012 1656 5090 μετάνοιαν
1691 5013 1968 5073 ἐπάνοδον.

369 5096 480 5158 Καὶ
499 5095 604 5176 γὰρ
653 5100 740 5156 διὰ
791 5105 945 5158 τοῦτο
971 5099 1063 5160 καὶ
1102 5100 1386 5176 μετανοίας
1431 5101 1709 5180 ἐμνήσθη,
1757 5099 1846 5160 ἵνα
1875 5100 1973 5180 ἆρ-

369 5185 584 5246 πάσωσι
613 5187 850 5262 ταύτην,
895 5190 987 5249 καὶ
1043 5189 1119 5268 μὴ
1150 5189 1313 5250 ἐλθὼν
1367 5190 1572 5272 κολάσῃ
1617 5189 1844 5268 αὐτοὺς,
1880 5189 1973 5248 καὶ

371 5275 607 5355 πενθήσῃ
649 5275 737 5336 διὰ
776 5283 965 5358 τοῦτο,
995 5277 1028 5337 ὅ
1057 5281 1203 5354 ἐστι,
1246 5280 1314 5339 τὰ
1343 5280 1548 5360 ἔσχατα
1579 5283 1816 5360 λυπηθῇ.
1863 5282 1977 5351 Ση-

375 5364 601 5441 μείωσαι
630 5367 686 5426 δὲ
743 5367 804 5427 τὸ
847 5370 970 5450 περὶ
1023 5369 1340 5446 μετανοίας,
1389 5370 1478 5430 διὰ
1523 5369 1643 5439 τοὺς
1699 5374 1978 5431 Ναυατια·

374 5455 512 5525 νοός.
572 5456 926 5541 Ἀκαθαρσίαν
999 5461 1088 5540 δὲ,
1165 5469 1346 5520 πᾶσαν
1412 5460 1678 5544 ἁμαρτίαν
1735 5461 1978 5536 νοήσεις·

2073 4677 2201 4717 rum
2215 4659 2551 4733 delictisipse
2567 4661 2735 4731 luget.
2751 4660 2877 4714 Non
2896 4655 3035 4714 dixit
3045 4663 3230 4711 autem
3249 4653 3300 4726 3
3312 4653 3439 4723 17,
3452 4655 3685 4721 Omnes,

2075 4750 2194 4818 sed,
2221 4775 2245 4800 ‹ι
2273 4750 2509 4819 Multos;
2547 4772 2574 4799 ι
2598 4764 2703 4806 nec
2722 4746 3065 4820 simpliciter,
3083 4745 3193 4814 Qui
3216 4749 3532 4817 peccarunt,
3563 4740 3685 4809 sed,

2081 4863 2105 4890 «ι
2151 4841 2304 4910 Quos
2342 4856 2456 4897 non
2483 4837 2743 4911 paenituit
2771 4853 3004 4894 suorum
3035 4834 3310 4892 scelerum
3349 4850 3363 4888 :
3395 4855 3422 4883 ι)
3449 4830 3508 4886 hi
3533 4830 3687 4887 enim

2080 4930 2232 5004 digni
2269 4938 2398 4986 sunt
2426 4930 2600 4998 luctu,
2633 4928 2724 5002 qui
2763 4928 2822 4984 in
2865 4927 3091 4983 vulnere
3115 4932 3462 4998 permanent.
3495 4925 3689 4993 Neque

2082 5020 2218 5076 istos
2259 5021 2476 5092 retegit,
2509 5018 2653 5076 dans
2698 5017 2775 5074 eis
2816 5015 3032 5073 facilem
3079 5015 3149 5071 ad
3186 5011 3571 5087 pmnitentiam
3599 5025 3689 5066 re-

2082 5109 2282 5167 ditum.
2313 5110 2454 5166 Eam
2493 5108 2643 5165 enim
2681 5107 2751 5164 ob
2780 5121 2902 5162 rem
2954 5113 3010 5161 et
3035 5101 3380 5175 paenitentiae
3406 5097 3689 5166 meminit,

2084 5209 2148 5256 ut
2185 5215 2308 5257 eam
2355 5199 2646 5271 arripiant,
2719 5211 2821 5252 nec
2879 5193 2974 5250 ubi
3033 5191 3264 5260 venerit,
3326 5188 3521 5263 puniat
3572 5202 3692 5255 eos,

2084 5306 2150 5348 ac
2182 5298 2471 5362 propterea
2502 5289 2709 5360 lugeat,
2733 5285 2841 5342 hoc
2868 5292 2970 5352 est,
3016 5297 3242 5340 summo
3286 5293 3532 5337 maerore
3556 5293 3694 5335 con-

2085 5380 2317 5436 ﬁciatur.
2345 5379 2584 5435 Observa
2635 5384 2817 5432 autem
2872 5371 3022 5447 quod
3057 5369 3204 5428 istud
3245 5369 3315 5428 de
3351 5365 3691 5443 paenitentia,

2087 5477 2311 5542 prepter
2347 5467 2687 5525 Novatianos
2713 5465 2924 5523 dictum
2970 5469 3070 5521 est.
3111 5463 3218 5519 Per
3279 5456 3696 5516 immunditiam

1769 5605 1966 5666 Variae
2009 5605 2314 5665 lectiones.

459 5716 502 5752 ³³
531 5723 685 5773 ταῦτα
712 5735 769 5776 0.

848 5721 889 5754 3"
921 5721 970 5775 ἐν
1002 5738 1056 5778 0-.
1137 5723 1179 5756 ⁵⁸⁵
1207 5721 1346 5794 ὑμῶν
1380 5724 1621 5794 σωτηρίας
1649 5740 1705 5780 o.
1782 5724 1826 5758 ³⁸
1853 5724 2078 5794 φοϐεῖται
2105 5739 2158 5780 ο.
2236 5722 2280 5756 ³⁷
2314 5718 2669 5791 προσκαλεῖται
2707 5736 2759 5776 ο.
2839 5717 2882 5752 ²⁸
2912 5716 3066 5773 εἰπεῖν
3099 5733 3154 5774 0.
