4134 6438
455 459 558 514 943

1470 449 1984 510 THEOPHYLACTI
2026 445 2380 502 BULGARLE
2416 443 2734 500 ARCHIEP.

3653 442 3758 496 944

454 592 640 642 autem
677 581 915 656 quodvis
966 589 1254 653 peccatum
1299 580 1556 652 accipies,
1609 578 1845 652 quodvis
1899 575 2049 633 enim

2157 580 2306 630 πᾶσα
2331 569 2382 608 ²⁰
2436 568 2542 652 γὰρ
2577 569 2907 649 ἀκαθάρτους
2952 576 3124 626 ποιεῖ·
3157 567 3191 638 ἢ
3232 568 3446 643 ἰδικῶς,
3504 564 3598 656 τᾲς
3621 571 3758 656 Ντῶν

453 683 739 747 peccatum
783 669 1104 727 immundos
1144 669 1294 727 facit.
1325 669 1420 725 Vel
1446 669 1746 741 speciatim,
1775 665 2046 724 nefariam

447 779 749 836 corporum
801 761 1112 827 misturam,
1155 775 1263 832 qua
1309 757 1550 816 nefanda
1595 757 2044 814 committuntur.

445 856 571 909 Non
619 852 770 907 enim
814 865 955 906 unus
985 857 1106 906 erat
1128 849 1223 921 qui
1257 847 1560 906 fornicatus
1589 856 1728 917 erat,
1758 844 1855 904 sed
1884 844 2047 902 multi

449 940 617 1014 idque
643 940 700 997 in
726 939 1003 1012 plerisque
1027 937 1380 996 lasciviarum
1408 937 1711 1011 speciebus.

1023 1047 1264 1105 CAPUT
1320 1048 1484 1103 XIII.

514 1160 692 1216 Vens.
731 1164 780 1214 1.
817 1180 843 1206 «ι
880 1159 1019 1213 Ecce
1051 1155 1214 1212 tertio
1249 1154 1354 1212 hoc
1383 1154 1541 1212 venio
1576 1153 1648 1211 ad
1691 1169 1788 1212 vos
1820 1172 1833 1209 :
1865 1155 1923 1211 in
1950 1169 2050 1211 ore

443 1246 687 1305 ditorum
714 1246 941 1304 testium
973 1255 1069 1302 aut
1107 1245 1279 1302 trium
1325 1245 1494 1302 stabit
1537 1259 1706 1301 omne
1734 1244 1980 1301 verbum.
2020 1266 2046 1293 ιο

444 1336 673 1394 Perinde
714 1352 780 1393 ac
820 1339 972 1393 Deus
1019 1335 1196 1391 multa
1235 1334 1652 1402 interminatur,
1683 1333 1742 1390 in
1777 1333 2048 1406 supplicio

441 1435 627 1482 autem
646 1425 932 1482 inferendo
960 1439 1178 1495 semper
1202 1433 1528 1481 cunctatur:
1561 1423 1707 1480 hunc
1722 1423 1790 1479 ad
1816 1423 2050 1478 modum

440 1515 686 1572 imitator
714 1513 833 1587 ejus
855 1515 1054 1571 Paulus
1078 1513 1252 1570 multa
1279 1512 1738 1585 prmtestiﬁcatur,
1761 1511 2043 1585 inquiens,

440 1604 590 1661 Sicut
615 1603 879 1676 scriptum
899 1612 1003 1673 est,
1031 1605 1231 1660 Coram
1255 1602 1475 1660 duobus
1498 1610 1595 1658 aut
1615 1602 1790 1658 tribus
1815 1601 2048 1658 testibus

443 1709 667 1750 omnem
688 1692 1124 1750 controversiam
1169 1692 1285 1749 sive
1325 1691 1742 1765 ambiguitatem
1769 1691 1910 1759 sisti,
1943 1690 2050 1748 hoc

443 1791 526 1838 est
560 1782 876 1838 conﬁrmari
921 1799 936 1833 :

441 1870 692 1939 verbum,
724 1885 833 1943 quo
864 1871 1252 1926 interminatus
1279 1886 1407 1926 sum
1432 1870 1607 1940 vobis,
1642 1877 1918 1926 statuetur
1946 1869 2045 1926 ad-

440 1975 657 2016 versum
709 1975 827 2028 vos,
871 1967 926 2016 et
969 1959 1299 2028 stabilietur,
1325 1959 1430 2015 nisi
1459 1959 1812 2032 resipueritis.
1858 1959 2046 2015 Testi-

441 2047 757 2105 moniorum
785 2048 938 2104 enim
982 2048 1104 2105 loco
1132 2048 1398 2106 adventus
1427 2064 1558 2106 suos
1579 2048 1759 2120 ponit.

512 2140 692 2194 Vnns.
719 2143 772 2193 2.
808 2160 834 2186 α
877 2137 1116 2194 Praedixi
1153 2146 1212 2193 et
1269 2137 1536 2208 praadico,
1567 2145 1629 2192 ut
1654 2151 1893 2209 praesens
1920 2151 2048 2192 cum

436 2241 617 2284 essem
646 2227 866 2298 iterum,
897 2235 953 2283 et
989 2226 1188 2283 absens
1206 2243 1356 2283 nunc
1377 2227 1557 2282 scribo
1594 2225 1662 2283 iis
1699 2225 1790 2298 qui
1813 2224 2048 2282 antehac

442 2323 826 2387 peccaverunt,
876 2323 933 2372 et
975 2315 1202 2387 reliquis
1231 2315 1517 2384 omnibus,
1558 2315 1709 2388 quod
1756 2315 1805 2371 si
1844 2330 2045 2372 venero

441 2405 666 2472 iterum,
693 2420 804 2460 non
851 2420 1094 2476 parcam.
1129 2427 1155 2453 ι
1203 2404 1457 2473 Praedixi,
1512 2404 1715 2478 inquit,
1753 2413 1811 2460 et
1857 2418 2047 2460 rursus

441 2493 706 2566 praedico.
752 2492 1236 2563 Quemadmodum
1263 2494 1410 2550 enim
1445 2493 1689 2550 secundo
1719 2492 2044 2563 adveniens,

441 2591 500 2639 et
539 2598 785 2654 praesens
827 2582 977 2640 vobis
1017 2582 1166 2650 dixi;
1198 2583 1279 2640 sic
1321 2583 1626 2640 etiamnum
1670 2582 1818 2640 hisce
1848 2583 2046 2639 litteris

439 2672 761 2743 pronuntio,
789 2672 856 2728 iis
882 2671 1108 2744 quidem
1135 2673 1228 2744 qui
1258 2673 1463 2746 ﬂagitia
1495 2673 1921 2739 commiserunt,
1945 2687 2047 2728 ceu

438 2760 817 2833 indigentibus
843 2762 1217 2833 correctione;
1251 2762 1476 2834 reliquis
1505 2770 1694 2819 autem
1735 2777 1836 2818 ceu
1887 2759 2045 2816 testi-

440 2848 565 2918 bus,
599 2873 625 2899 α
655 2850 708 2906 Si
738 2865 931 2907 rursus
974 2866 1204 2919 venero,
1234 2866 1348 2907 non
1384 2867 1634 2924 parcam.
1670 2874 1697 2900 υ
1729 2852 1845 2907 Nec
1887 2848 2044 2918 dixit,

440 2938 697 3004 Puuiam,
771 2939 868 2995 sed
943 2947 1171 3011 paterno
1221 2940 1389 2996 verbo
1439 2938 1703 3012 parcendi
1757 2955 1891 2996 usus
1937 2945 2042 2994 est.

441 3027 604 3097 Quod
649 3027 696 3084 si
735 3028 888 3084 enim
934 3028 1290 3098 incorrectos,
1339 3029 1544 3102 inquit,
1597 3029 1880 3099 invenero,
1930 3044 2046 3084 non

441 3116 646 3173 diutius
685 3117 1138 3190 procrastinabo.

512 3207 697 3264 Vnns.
725 3213 781 3263 3.
811 3229 836 3255 σ
873 3207 1152 3280 Quoniam
1180 3207 1563 3279 probationem
1591 3207 1708 3280 ejus
1733 3207 1826 3282 qui
1866 3207 1920 3264 in
1956 3223 2048 3264 me

441 3294 702 3367 loquitur,
731 3295 956 3362 Christi,
1000 3297 1265 3369 quaeritis.
1300 3320 1324 3346 η
1355 3299 1503 3355 Cum
1549 3314 1746 3372 magna
1791 3297 2050 3370 indigna-

437 3384 594 3440 tione
630 3384 700 3442 ad
725 3393 1149 3443 contemnentes
1171 3387 1358 3459 ipsum
1401 3387 1566 3444 veluti
1613 3387 1946 3444 imbecillem
1993 3393 2051 3444 et

441 3473 613 3529 nihilli
657 3473 967 3544 hominem,
1023 3474 1144 3533 haec
1186 3476 1339 3533 dicit.
1396 3476 1860 3550 Quandoquidem
1897 3476 2050 3533 enim

439 3562 603 3619 vultis
631 3564 936 3634 explorare,
973 3581 1111 3621 num
1145 3565 1396 3624 Christus
1425 3566 1481 3622 in
1509 3582 1602 3624 me
1644 3575 2046 3634 commoretur,

439 3667 504 3707 ac
543 3661 828 3724 propterea
851 3669 944 3710 me
973 3653 1162 3712 ridetis
1191 3670 1292 3712 ceu
1319 3654 1632 3725 inﬁrmum,
1663 3665 1718 3713 et
1747 3673 1780 3713 a
1825 3655 2048 3713 Christo

438 3739 741 3811 desertum,
783 3743 1096 3816 agnoscetis
1143 3744 1397 3814 omnino,
1436 3744 1492 3801 ni
1541 3745 1713 3802 vitam
1756 3758 2052 3818 moresque

436 3839 652 3889 vestros
687 3833 1058 3890 correxeritis.
1091 3834 1511 3891 Commonstrat
1537 3843 1724 3892 autem
1745 3834 2049 3907 spiritualia

437 3934 557 3976 esse
592 3935 717 3992 quae
745 3920 1006 3994 loquatur
1063 3921 1249 3990 verba,
1305 3923 1676 3996 deincepsque
1724 3925 2050 3982 metuendas

436 4024 557 4066 esse
602 4009 786 4067 minas
811 4025 961 4078 suas,
993 4011 1218 4082 perinde
1240 4028 1305 4068 ac
1346 4013 1393 4070 si
1423 4014 1679 4070 Christus
1710 4014 2045 4088 loqueretur.

436 4098 569 4153 Non
585 4097 714 4154 ideo
733 4105 922 4155 autem
944 4099 1205 4170 puniebat
1225 4116 1322 4158 eos
1348 4102 1514 4158 veluti
1548 4102 1934 4174 probationem
1953 4111 2050 4160 aut

436 4185 833 4258 experientiam
870 4187 1102 4246 daturus
1130 4209 1142 4245 :
1171 4205 1365 4248 verum
1390 4191 1516 4263 quia
1547 4191 1921 4251 insanabiliter
1949 4193 2044 4251 de-

436 4274 735 4345 liquerant.
765 4276 825 4332 Si
856 4293 1046 4350 cogar,
1071 4279 1266 4351 inquit,
1299 4281 1472 4353 318
1494 4297 1715 4353 poenam
1740 4298 1956 4339 sumere
1980 4283 2049 4340 de

438 4363 618 4433 vobis,
657 4363 905 4439 adeoque
942 4368 1136 4440 punire
1165 4385 1285 4438 vos,
1325 4369 1572 4430 sentietis
1611 4387 1708 4445 per
1738 4388 1903 4446 opera
1928 4372 2047 4445 ipsa

438 4452 873 4526 explorationem
903 4473 1074 4530 quam
1123 4459 1394 4532 quaeritis.

512 4566 538 4592 α
572 4544 679 4615 Qui
703 4559 830 4618 erga
872 4561 970 4603 vos
1018 4563 1135 4604 non
1165 4557 1251 4605 est
1287 4548 1563 4620 inﬁrmus,
1597 4550 1694 4608 sed
1730 4559 1926 4623 potens
1973 4560 2059 4608 est

436 4638 497 4695 in
525 4633 699 4691 vobis.
731 4657 758 4684 ιο
798 4635 909 4692 Cur
936 4637 1216 4709 apposuit,
1250 4660 1275 4686 α
1310 4640 1454 4711 Erga
1488 4656 1604 4710 vos,
1640 4663 1666 4690 ιο
1689 4656 1821 4697 cum
1849 4641 2057 4712 ubique

435 4728 631 4792 potens
665 4723 766 4780 sit?
814 4724 959 4796 Quia
986 4726 1285 4783 verisimile
1328 4738 1445 4783 erat
1487 4745 1585 4786 eos
1607 4730 1727 4800 jam
1764 4739 1922 4787 antea
1953 4748 2051 4788 ex-

433 4819 619 4882 pertos
656 4828 780 4870 esse
813 4813 1138 4884 potentiam.
1187 4816 1282 4872 Ait
1330 4816 1498 4889 igitur
1532 4837 1546 4875 :
1576 4809 1714 4890 Quia
1737 4819 1855 4891 jam
1885 4829 2048 4876 antea

432 4900 879 4972 experimentum
908 4904 1226 4975 accepistis,
1269 4907 1501 4962 omnino
1540 4908 1772 4965 novistis
1815 4909 2048 4982 quodin

433 5005 534 5046 vos
557 5006 671 5046 non
705 4991 779 5048 sit
807 4990 1087 5060 inﬁrmus,
1126 4993 1224 5049 sed
1251 4993 1434 5064 fortis,
1473 4995 1530 5053 id
1569 5006 1652 5054 est
1701 5007 1913 5070 potens.
1945 4999 2048 5057 Vel

433 5079 565 5152 quia
597 5079 655 5136 in
684 5079 787 5137 hac
841 5081 953 5138 vita
982 5083 1290 5154 potentiam
1320 5100 1479 5141 suam
1498 5086 1556 5142 in
1582 5103 1680 5144 vos
1703 5087 2055 5146 demonstrat

433 5167 570 5224 dum
613 5169 813 5242 corrigi
851 5171 1075 5242 potestis
1095 5213 1111 5242 ,
1172 5173 1486 5246 percutiens
1534 5192 1633 5234 vos
1687 5193 1853 5246 nunc,
1891 5187 1953 5235 ut
1996 5179 2052 5234 in

435 5256 625 5316 futuro
692 5258 900 5331 judicio
943 5259 1184 5319 dimittat
1250 5282 1264 5318 :
1308 5278 1436 5337 erga
1490 5264 1736 5324 inﬁdeles
1780 5276 1966 5324 autem
1990 5267 2048 5324 in

433 5347 524 5404 die
538 5347 764 5420 judicii.
799 5347 972 5406 Simul
992 5359 1180 5408 autem
1204 5351 1412 5411 indicat
1454 5355 1624 5426 quod,
1644 5355 1861 5413 etiamsi
1893 5358 2046 5428 puni-

433 5443 592 5494 turus
627 5436 717 5506 sit,
753 5452 815 5495 se
845 5446 1032 5496 tamen
1074 5456 1189 5498 non
1215 5442 1562 5515 puniturum,
1604 5445 1703 5502 sed
1737 5444 2039 5503 Christum.

507 5549 535 5576 ι
576 5526 724 5583 Nam
750 5535 806 5584 et
855 5528 900 5585 si
933 5529 1231 5590 cruciﬁxus
1269 5541 1356 5590 est
1382 5549 1449 5591 ex
1476 5532 1814 5601 inﬁrmitate,
1845 5537 1942 5594 sed
1966 5538 2042 5592 vi-

2074 4443 2127 4508 D

2159 661 2478 737 σωματικῶν
2516 645 2723 736 ’μίξεων
2762 655 3176 738 ἀῤῥητοποιίας·
3232 659 3290 714 οὗ
3343 654 3448 734 γὰρ
3498 645 3571 722 εἷς
3617 647 3680 728 ἧν
3730 661 3759 715 ὃ

2155 749 2449 828 πορνεύσας
2465 793 2482 824 ,
2510 747 2649 808 ἀλλὰ
2671 747 2890 825 πολλοὶ,
2917 746 3010 807 καὶ
3035 748 3087 806 ἐν
3127 746 3342 812 πολλοῖς
3367 745 3557 804 εἴδεσιν
3591 746 3754 804 ἀσελ-

2155 861 2336 917 γειων.

2724 1017 3017 1080 ΚΕΦᾹΛ.
3077 1013 3193 1080 ΙΓ’.

2237 1175 2262 1203 ι
2295 1146 2437 1209 Ἰδοὺ
2509 1144 2685 1226 τρίτον
2759 1150 2914 1204 τοῦτο
2961 1144 3192 1225 ἔρχομαι
3243 1142 3374 1224 πρὸς
3442 1145 3614 1219 ὓμᾶς·
3670 1143 3760 1202 ἐπὶ

2157 1238 2419 1317 στόματος
2478 1237 2570 1295 δύο
2629 1233 2912 1317 μαρτύρων
2962 1236 3054 1294 καὶ
3105 1237 3265 1316 τριῶν
3291 1231 3615 1304 σταθήσεται
3651 1241 3759 1290 πᾶν

2159 1331 2326 1408 ῥῆμα.
2354 1355 2381 1380 ι
2425 1324 2641 1405 Ὥσπερ
2680 1330 2708 1384 6
2751 1324 2887 1392 Θεὸς
2934 1325 3144 1383 ἀπειλεῖ
3211 1322 3420 1394 πολλὰ,
3471 1321 3655 1400 μέλλει
3703 1321 3758 1380 δὲ

2156 1418 2240 1476 ἀεὶ
2259 1416 2390 1498 πρὸς
2418 1416 2480 1476 τὸ
2512 1419 2861 1494 τιμωρεῖσθαι
2885 1439 2898 1452 ο
2939 1413 3077 1473 οὕτω
3105 1413 3198 1472 καὶ
3227 1416 3254 1471 6
3298 1411 3487 1471 τούτου
3521 1410 3760 1490 μιμητὴς

2161 1508 2373 1573 Παῦλος
2427 1503 2955 1584 προδιαμαρτύρεται
3007 1501 3218 1575 πολλὰ,
3273 1501 3366 1560 καί
3419 1524 3612 1582 φησιν,
3673 1500 3757 1559 ὅτι

2152 1593 2377 1676 Ὠσπερ
2406 1594 2742 1674 γέγραπται,
2777 1592 3040 1653 Ἐνώπιον
3072 1591 3164 1650 δύο
3207 1591 3241 1662 ἢ
3273 1595 3433 1672 τριῶν
3477 1589 3761 1670 μαρτύρων

2153 1685 2404 1744 ἵστασθαι
2433 1693 2613 1742 πᾶσαν
2645 1682 2973 1764 ἀμφιϐολίαν
2995 1726 3013 1755 ,
3062 1681 3334 1753 τουτέστι,
3367 1679 3716 1759 βεϐαιοῦσθαι
3742 1702 3756 1717 ·

990 1783 1069 1838 ita
1115 1782 1291 1838 tribus
1334 1781 1474 1838 meis
1503 1779 1849 1849 adventibus,
1880 1795 2048 1837 omne

2158 1774 2296 1835 οὕτω
2345 1773 2438 1833 καὶ
2469 1772 2558 1832 ἐπὶ
2587 1775 2694 1832 τῶν
2725 1775 2884 1852 τριῶν
2921 1793 3025 1848 μου
3069 1773 3372 1850 παρουσιῶν
3395 1814 3412 1845 ,
3461 1779 3566 1828 πᾶν
3611 1772 3760 1851 ῥῆμα

2155 1863 2496 1934 ἀπειλητικὸν
2537 1860 3004 1933 κατασταθήσεται
3058 1863 3179 1920 καθ’
3219 1863 3402 1937 ὑμῶν,
3457 1859 3550 1918 καὶ
3582 1882 3758 1938 κυρω-

2156 1953 2396 2026 θήσεται,
2437 1951 2530 2010 ἐὰν
2574 1949 2652 2030 μὴ
2699 1949 3067 2029 μετανοήσητε
3091 1973 3107 1992 ·
3153 1949 3271 2009 ἀντὶ
3315 1947 3602 2030 μαρτύρων
3658 1947 3762 2028 γὰρ

2153 2043 2249 2110 τὰς
2276 2039 2570 2122 παρουσίας
2585 2043 2747 2100 αὐτοῦ
2767 2041 2964 2114 τίθησι.

2233 2159 2260 2187 α
2295 2130 2600 2210 Προείρηκα
2630 2131 2723 2190 καὶ
2753 2130 2999 2212 προλέγω
3045 2135 3116 2198 ὡς
3147 2128 3335 2210 παρὼν
3366 2131 3427 2188 τὸ
3481 2127 3720 2207 δεύτερον
3741 2172 3758 2200 ,

2155 2221 2246 2282 καὶ
2277 2219 2427 2281 ἀπὼν
2457 2225 2546 2280 νῦν
2600 2222 2790 2302 γράφω
2834 2228 2944 2288 τοῖς
2992 2219 3479 2301 προημαρτηκόσι,
3535 2220 3625 2278 καὶ
3653 2228 3764 2285 τοῖς

2153 2313 2356 2380 λοιποῖς
2386 2321 2580 2383 πᾶσιν,
2633 2309 2717 2370 ὅτι
2753 2310 2847 2370 ἐὰν
2879 2309 3017 2389 ἔλθω
3047 2315 3121 2378 εἰς
3153 2309 3213 2368 τὸ
3262 2309 3422 2368 πάλιν
3443 2355 3460 2382 ,
3493 2309 3552 2368 οὖ
3584 2308 3762 2390 φείσο-

2154 2423 2274 2477 μαι.
2304 2428 2330 2452 In
2383 2400 2527 2477 Καὶξ
2551 2407 2842 2478 προεῖπον,
2900 2399 3070 2482 φησὶ,
3130 2399 3221 2458 καὶ
3272 2399 3434 2459 πάλιν
3478 2396 3762 2478 προλέγωο

2153 2489 2370 2571 ὥσπερ,
2394 2489 2494 2570 γὰρ
2547 2489 2790 2571 δεύτερον
2840 2489 3270 2571 παραγενόμενος
3330 2487 3422 2548 καὶ
3479 2485 3666 2568 παρὼν
3707 2488 3762 2526 ³⁰

2155 2584 2277 2656 ὑμῖν
2311 2570 2505 2652 εἶπον,
2537 2579 2677 2638 οὕτω
2707 2570 2816 2640 καὶ
2850 2570 2937 2640 νῦν
2987 2577 3074 2637 διὰ
3096 2583 3203 2638 τῶν
3227 2577 3568 2657 γραμμάτων
3597 2600 3763 2654 προα-

2154 2673 2410 2749 ναφωνῶ,
2471 2677 2583 2736 τοῖς
2637 2667 2736 2745 μὲν
2803 2667 3314 2748 προημαρτηκόσιν,
3369 2669 3440 2734 ὥς
3493 2667 3760 2744 δεομένοις

2153 2758 2476 2838 διορθώσεως
2503 2781 2517 2796 ·
2571 2765 2679 2826 τοῖς
2708 2757 2764 2818 δὲ
2795 2759 3036 2834 λοιποῖς,
3087 2761 3158 2826 ὥς
3215 2756 3476 2837 μάρτυσιν
3496 2777 3510 2792 ⁸
3547 2785 3573 2808 ιι
3628 2755 3762 2838 "Qu

2155 2836 2249 2906 ἐὰν
2294 2848 2430 2907 ἔλθω
2469 2851 2542 2914 εἰς
2567 2847 2628 2906 τὸ
2655 2847 2818 2908 πάλιν
2837 2893 2854 2926 ,
2888 2849 2947 2908 οὗ
2977 2845 3260 2928 φείσομαι.
3295 2836 3317 2898 ὲ
3345 2846 3452 2908 Καὶ
3481 2847 3575 2905 οὐκ
3612 2836 3761 2919 εἶπε,

2161 2936 2423 3015 Κολάσω,
2471 2936 2611 2997 ἀλλὰ
2640 2939 2888 3017 πατρικῷ
2945 2936 3146 3016 ῥήματι
3198 2935 3496 3016 ἐχρήσατο,
3533 2938 3608 3013 τῷ
3665 2939 3762 3005 τῆς

2155 3027 2380 3104 φειδοῦς.
2417 3028 2486 3087 Εἰ
2536 3025 2640 3106 γὰρ
2697 3025 3042 3108 ἀδιορθώτους
3100 3025 3340 3106 εὕροιμι,
3404 3023 3581 3085 οὐκέτι
3631 3026 3762 3082 ἀνα-

2157 3114 2426 3191 ϐαλοῦμαι
2448 3115 2493 3150 ³⁸
2518 3159 2535 3188 ,
2570 3115 2729 3196 φησίν
2743 3160 2758 3176 .

2247 3227 2279 3264 α
2309 3203 2468 3266 Ἐπεὶ
2523 3204 2747 3279 δοκιμὴν
2805 3207 3010 3276 ζητεῖτε
3058 3212 3150 3266 τοῦ
3198 3206 3252 3264 ἐν
3307 3203 3428 3283 ἐμοὶ
3477 3206 3760 3270 λαλοῦντος

2159 3295 2415 3374 Χριστοῦ.
2458 3318 2489 3351 ιι
2523 3293 2678 3354 Μετὰ
2721 3296 2920 3354 πολλοῦ
2949 3299 3042 3353 τοῦ
3090 3299 3256 3370 θυμοῦ
3287 3296 3416 3374 πρὸς
3461 3292 3580 3360 τοὺς
3621 3292 3761 3361 ἐξου-

2158 3387 2429 3451 θενοῦντας
2460 3383 2615 3442 αὐτὸν
2647 3385 2720 3451 ὥς
2751 3385 2944 3454 ἀσθενῆ
2987 3383 3539 3462 καὶ-ἐξουθενημένον,
3586 3382 3761 3442 ταῦτά

2159 3495 2342 3552 φησιν.
2374 3472 2601 3545 Ἐπειδὴ
2630 3473 2733 3553 γὰρ
2788 3471 3043 3552 βούλεσθε
3075 3474 3377 3550 δοκιμάζειν
3401 3522 3413 3542 ,
3449 3475 3494 3532 εἰ
3546 3475 3599 3532 ἐν
3641 3471 3759 3549 ἐμοὶ

2158 3564 2187 3620 6
2219 3562 2445 3642 Χριστὸς
2495 3566 2659 3636 οἰκεῖ,
2715 3564 2809 3622 καὶ
2861 3561 2948 3620 διὰ
3005 3563 3159 3623 τοῦτό
3214 3587 3282 3640 με
3331 3565 3638 3644 κωμῳδεῖτε
3689 3563 3761 3625 ὡς

2159 3654 2356 3724 ἀσθενῆ
2387 3653 2478 3712 καὶ
2503 3652 2700 3732 ἔρημον
2728 3656 2820 3710 τοῦ
2867 3654 3101 3732 Χριστοῦ
3125 3675 3140 3690 ’
3195 3652 3458 3732 γνώσεσθε
3514 3652 3758 3730 πάντως,

2158 3742 2307 3822 εἴπερ
2338 3743 2650 3823 ἀδιόρθωτοι
2682 3741 2916 3820 μείνητε.
2965 3741 3215 3802 Δείκνυσι
3266 3743 3357 3816 δὲ,
3406 3742 3488 3801 ὅτι
3519 3763 3761 3818 πνευμα-

2155 3832 2277 3889 τικά
2303 3833 2404 3892 εἶσι
2447 3829 2515 3891 τὰ
2577 3830 2821 3912 ῥήματα,
2885 3830 2918 3890 ἃ
2964 3830 3141 3910 λέγει,
3185 3831 3278 3890 καὶ
3325 3832 3506 3891 λοιπὸν
3539 3832 3617 3890 δεῖ
3668 3852 3759 3908 φοι

2157 3919 2366 3980 ϐεῖσθαι
2399 3919 2495 3992 τὴν
2527 3920 2770 3991 ἀπειλὴν,
2801 3923 2873 3988 ὡς
2915 3925 3010 3980 τοῦ
3045 3923 3284 3999 Χριστοῦ
3335 3923 3639 3988 λαλοῦντος.
3674 3921 3758 3980 Οὐ

2155 4009 2242 4068 διὰ
2270 4016 2426 4070 τοῦτο
2459 4009 2512 4068 δὲ
2559 4011 2832 4086 ἐκόλαζεν,
2863 4013 2934 4077 ὣς
2964 4012 3189 4083 δοκιμὴν
3222 4012 3398 4076 αὐτοῖς
3428 4009 3520 4070 καὶ
3565 4013 3758 4088 πεῖραν

2155 4098 2374 4160 δώσων·
2408 4098 2548 4160 Ἀλλ’
2579 4099 2762 4171 ἐπειδὴ
2803 4099 2994 4158 ἀνίατα
3041 4099 3405 4180 ἁμαρτάνετε.
3463 4101 3530 4159 Εἰ
3577 4103 3752 4176 ἀναγ-

2153 4190 2366 4265 κασθῶ,
2399 4188 2549 4266 φησὶ,
2599 4187 2824 4248 κολάσαι
2854 4192 3024 4264 ὑμᾶς,
3061 4187 3262 4250 εἴσεσθε
3308 4188 3396 4248 διὰ
3429 4193 3533 4248 τῶν
3587 4188 3754 4269 ἔργων

2155 4279 2330 4337 αὐτῶν
2359 4279 2456 4352 τὴν
2483 4277 2707 4358 δοκιμὴν
2731 4277 2798 4351 ἣν
2829 4281 3063 4352 ζητεῖτε.

2251 4571 2280 4606 ι
2308 4545 2412 4617 ⁸⁸ος
2435 4551 2506 4618 εἰς
2535 4555 2670 4629 ὑμᾶς
2694 4551 2790 4612 οὐκ
2812 4554 3053 4625 ἀσθενεῖ,
3085 4551 3222 4613 ἀλλὰ
3251 4553 3459 4612 δυνατεῖ
3489 4555 3544 4612 ἕν
3574 4557 3716 4631 ὑμῖν.
3741 4577 3763 4604 υ

2167 4637 2270 4699 Διὰ
2299 4638 2352 4698 τί
2382 4641 2678 4720 προσέθηκε
2710 4642 2769 4701 τὸ
2789 4686 2805 4715 ,
2839 4669 2865 4694 σι
2893 4645 2984 4710 Εἷς
3009 4645 3172 4723 ὓμᾶς,
3203 4670 3228 4696 ιι
3276 4643 3453 4703 καίτοι
3483 4648 3764 4722 πανταχοῦ

2169 4727 2386 4796 δυνατός
2417 4731 2560 4805 ian;
2617 4731 2765 4791 Διότι
2796 4731 2934 4800 εἰκός
2990 4734 3130 4791 ἐστιν
3161 4733 3349 4800 αὐτοὺς
3394 4733 3485 4792 καὶ
3511 4731 3763 4812 πρότερον

2157 4821 2508 4898 πειρασθῆναι
2562 4824 2658 4892 τῆς
2698 4822 2989 4900 δυνάμεως.
3053 4823 3236 4894 Φησὶν
3270 4813 3398 4901 οὖν,
3433 4821 3512 4881 ὅτι
3547 4811 3657 4902 Ἀφ’
3679 4811 3762 4879 ὗν

2157 4906 2261 4980 ἤδη
2291 4907 2480 4987 πεῖραν
2511 4910 2793 4990 εἰλήφατε,
2823 4910 3112 4989 γινώσκετε
3139 4913 3384 4983 πάντως,
3409 4912 3493 4973 ὅτι
3523 4915 3594 4978 εἰς
3622 4914 3764 4985 ὑμᾶς

2157 4997 2253 5055 οὐκ
2278 4998 2519 5074 ἀσθενεῖ,
2550 5000 2689 5059 ἀλλὰ
2719 5002 2961 5074 δυνατεῖ,
2998 5001 3272 5075 τουτέστι,
3306 5001 3548 5062 δύναται.
3584 4997 3661 5060 Ἢ
3683 5000 3763 5058 ὅτι

2162 5087 2216 5144 ἐν
2244 5090 2319 5166 τῷ
2355 5087 2451 5162 μὲν
2501 5089 2725 5168 παρόντι
2778 5091 2875 5164 τὴν
2905 5091 3130 5169 δύναμιν
3167 5095 3240 5159 εἰς
3275 5095 3412 5170 ὑμᾶς
3458 5090 3758 5166 δείκνυται,

2159 5172 2279 5243 τοὺς
2305 5178 2655 5254 διορθωθῆναι
2685 5179 3021 5259 δυναμένους,
3053 5179 3308 5254 πλήττων
3355 5185 3474 5253 νῦν,
3524 5180 3611 5240 ἵνα
3642 5181 3762 5237 τότε

2157 5264 2342 5345 ἀφήσῃ
2369 5288 2384 5302 ο
2415 5268 2488 5333 εἷς
2517 5267 2572 5325 δὲ
2602 5267 2720 5337 τοὺς
2778 5270 3065 5342 ἀπίστους,
3101 5270 3240 5329 κατὰ
3283 5270 3380 5339 τήν
3409 5268 3618 5350 ἡμέραν
3667 5272 3763 5338 τῆς

2152 5354 2397 5434 κρίσεως.
2433 5355 2680 5417 Δείκνυσι
2728 5360 2820 5418 καὶ
2850 5359 3009 5419 ὅτι³²
3039 5362 3085 5419 εἰ
3139 5361 3230 5419 καὶ
3282 5359 3468 5436 μέλλει
3522 5357 3760 5438 τιμωρή-

2151 5446 2375 5516 σασθαι,
2403 5447 2502 5504 οὐκ
2528 5446 2683 5514 αὐτὸς
2711 5448 3107 5528 τιμωρήσεται,
3132 5449 3252 5508 ἀλλ’
3281 5453 3310 5508 6
3338 5448 3589 5528 Χριστός.

2235 5556 2264 5590 α
2303 5534 2414 5594 Καὶ
2436 5533 2542 5614 γὰρ
2585 5537 2892 5619 ἐσταυρώθη
2939 5537 2991 5607 ἐξ
3036 5537 3346 5613 ἀσθενείας,
3403 5537 3544 5598 ἀλλὰ
3593 5541 3656 5617 ζῇ
3687 5540 3749 5597 ἐκ

1841 5635 2027 5696 Varia:
2070 5637 2369 5702 lectiones.

506 5731 551 5765 ²⁹
580 5731 764 5796 πάντας
791 5752 846 5790 o.
923 5735 968 5770 ³⁸
993 5734 1135 5791 ἀπὼν
1166 5754 1222 5797 0.
1300 5739 1339 5775 ³⁸
1373 5740 1723 5817 ἀνακαλοῢμαι
1751 5760 1811 5802 ο.
1894 5743 1939 5779 ⁸³
1968 5739 2058 5800 οὖν
2083 5761 2138 5803 o.
