4134 6416
335 459 439 515 945

1182 457 1531 514 EXPOSlTlO
1573 458 1637 515 ΙΝ
1674 457 1886 516 EPIST.
1928 459 1972 516 ΙΙ
2008 460 2100 517 AD
2140 459 2296 517 COR.
2334 490 2407 503 —
2442 461 2592 518 CAP.
2631 462 2762 519 XllI.

3535 469 3640 527 946

335 583 607 662 δυνάμεως
630 584 796 646 Θεοῦ.
829 606 862 639 ι
911 580 1114 644 Πολλοὶ
1149 582 1586 652 σκανδαλίζονται
1618 585 1677 644 ἐκ
1703 588 1799 656 τῆς
1829 584 1925 667 ῥή-
1956 642 1960 653 ,

2044 584 2120 641 vit
2148 601 2213 642 ex
2229 585 2430 643 virtute
2447 586 2572 644 Dei.
2606 610 2632 636 ιο
2661 585 2913 660 Plerique
2933 587 3039 643 hoc
3063 594 3216 646 textu
3238 588 3599 650 offenduntur
3622 615 3636 652 :

334 696 469 739 σεως
519 672 745 746 ταύτης·
779 671 918 731 ἀλλὰ
949 673 1084 750 μάθε
1110 721 1121 743 ,
1175 671 1256 730 ὅτι
1304 671 1520 751 λέγεται
1552 673 1794 734 ἀσθένεια
1841 674 1933 733 καὶ

335 767 368 833 ἡ
400 767 490 821 τοῦ
545 763 822 838 σώματος·
860 761 1073 841 λέγεται
1124 760 1178 819 δὲ
1223 760 1381 834 καὶὴ
1430 762 1555 842 περὶ
1602 763 1699 833 τὴν
1753 759 1932 822 πίστιν

334 849 625 930 σαθρότηςο
666 855 737 918 ὣς
765 851 852 921 τὸ,
883 874 913 906 α
950 850 1059 911 Τὸν
1094 852 1411 910 ἀσθενοῦντα
1454 858 1522 933 τῇ
1555 851 1733 911 πίστει
1762 875 1930 930 προσ-

334 940 663 1017 λαμϐάνετε.
701 968 725 993 ι
779 939 1007 1020 Λέγεται
1061 938 1114 998 δὲ
1146 940 1390 999 ἀσθένεια
1422 942 1515 1000 καὶ
1570 944 1623 999 αἱ
1654 941 1933 1002 ἐπιϐουλαὶ

334 1031 427 1088 καὶ
469 1033 518 1090 οἱ
566 1030 824 1102 κίνδυνοι,
875 1029 968 1089 καὶ
1019 1030 1262 1106 ἀτιμίαι,
1308 1033 1378 1097 ὡς
1422 1029 1522 1108 τὸ,
1564 1056 1587 1085 σ
1628 1033 1848 1091 Εὖδοκῶ
1880 1034 1931 1089 ἐν

336 1118 655 1192 ἀσθενείαις,
692 1147 717 1172 ι
778 1118 870 1178 καὶ
922 1118 989 1176 τὰ
1024 1124 1267 1179 τοιαῦτα.
1341 1119 1498 1180 Κατὰ
1545 1123 1700 1179 τοῦτο
1755 1110 1843 1180 οῦν
1873 1121 1934 1180 τὸ

335 1208 762 1287 σημαινόμενον,
833 1210 888 1278 ἐξ
945 1208 1215 1276 ἀσθενείας
1268 1209 1581 1290 ἐσταυρώθη
1638 1213 1666 1268 ὁ
1737 1209 1933 1288 Κύριος

335 1297 626 1370 ἐπιϐουλὴν
653 1298 970 1376 ὑπομείνας,
1000 1298 1088 1356 καὶ
1119 1298 1358 1357 κίνδυνον
1385 1343 1400 1371 ,
1423 1299 1513 1358 καὶ
1548 1298 1697 1380 ὕϐριν
1722 1322 1742 1380 ο,
1761 1304 1934 1357 ταῦτα

332 1387 437 1466 γὰρ
458 1390 698 1446 δοκοῦσιν
727 1387 779 1456 ἐξ
827 1385 1098 1453 ἀσθενείας
1142 1385 1398 1465 γίνεσθαι.
1431 1379 1647 1465 ζὨσπερ
1699 1379 1788 1447 οῦν
1819 1413 1932 1464 μω-

338 1475 454 1557 ρίαν
506 1475 649 1552 λέγει
685 1478 900 1544 Παῦλος
953 1475 1013 1534 τὸ
1053 1473 1335 1555 κήρυγμα,
1366 1476 1466 1556 οὐχ
1497 1481 1568 1544 ὡς
1609 1473 1686 1549 ὂν,
1716 1476 1834 1535 ἀλλ’
1864 1481 1934 1544 ὥς

335 1564 674 1642 νομιζόμενον
741 1573 849 1631 τοῖς
903 1564 1143 1631 ἀπίστοις
1172 1589 1185 1603 ⁸
1239 1563 1375 1624 οὕτω
1433 1566 1525 1624 καὶ
1563 1564 1614 1634 ἐξ
1666 1566 1935 1632 ἀσθενείας

337 1656 466 1735 φησὶ
499 1659 871 1734 σταυρωθῆναι
891 1653 980 1712 τὸν
1019 1653 1248 1733 Κύριον,
1291 1659 1386 1726 τῆς
1419 1654 1766 1732 νομιζομένης
1786 1654 1933 1734 παρὰ

335 1751 444 1810 τοῖς
474 1744 717 1811 ἀπίστοις
736 1788 753 1817 ,
785 1747 844 1804 οὗ
868 1748 962 1815 τῆς
986 1742 1166 1815 οὔσης.
1205 1772 1228 1795 οι
1253 1745 1333 1824 Ζῇ
1363 1743 1546 1821 μέντοι
1572 1747 1631 1804 ἐκ
1665 1744 1934 1820 δυνάμεως

337 1835 503 1904 θεοῦ,
533 1861 555 1884 ιι
586 1832 823 1892 τουτέστι
843 1878 859 1906 ,
888 1837 981 1891 τοῦ
1012 1833 1246 1911 Πατρὸς,
1273 1833 1390 1905 ἤτοι
1415 1837 1508 1905 τῆς
1538 1835 1700 1892 αὐτοῦ
1718 1857 1731 1872 ·
1757 1835 1932 1894 πάντα

337 1922 440 2001 γὰρ
482 1920 548 1980 τὰ
579 1926 671 1981 τοῦ
704 1918 947 2000 Πατρὸς,
1000 1921 1093 1981 καὶ
1125 1924 1284 1982 αὐτοῦ
1332 1925 1470 1982 εἷσιο
1513 1922 1605 1982 καὶ
1635 1923 1703 1981 τὰ
1743 1926 1902 1982 αὐτοῦ
1915 1970 1933 1998 ,
1964 1905 2010 1967 Β

336 2017 430 2069 τοῦ
461 2011 693 2090 Πατρός.
721 2008 893 2070 ’Ὠστε
936 2010 1027 2070 καὶ
1073 2015 1108 2084 ἡ
1154 2010 1374 2089 δύναμις
1426 2011 1613 2090 κοινὴ,
1646 2014 1848 2088 μᾶλλον
1881 2013 1935 2072 δὲ

340 2099 497 2168 αὐτός
552 2103 665 2159 ἐστι
711 2100 932 2177 δύναμις
981 2105 1074 2159 τοῦ
1115 2101 1350 2179 Πατρός.
1405 2099 1578 2161 υΩστε
1635 2103 1728 2161 καὶ
1780 2103 1935 2168 αὐτὸς

341 2190 525 2248 ἑαυτὸν
552 2187 836 2262 ἀνέστησεν
855 2231 870 2259 ,
913 2188 1094 2268 ὥσπερ
1124 2189 1216 2248 καὶ
1246 2200 1463 2269 προεῖπε
1491 2215 1504 2228 ·
1541 2218 1566 2243 κ
1599 2190 1813 2250 Λύσατε
1846 2191 1934 2250 τὸν

339 2277 462 2338 ναὸν
483 2284 665 2338 τοῦτον
683 2326 698 2352 ,
727 2278 818 2338 καὶ
850 2282 1013 2358 ἐγερῶ
1053 2279 1230 2338 αὐτόν.
1279 2307 1302 2332 ι
1325 2284 1516 2340 Ταῦτα
1547 2279 1604 2339 δὲ
1634 2281 1810 2339 πάντα
1840 2280 1934 2340 λέ-

340 2373 471 2446 γειὸ
500 2369 748 2440 Παῦλος,
785 2369 964 2438 ἐπειδὴ
997 2369 1293 2436 ἐξουθένουν
1343 2370 1534 2445 αὐτὸν,
1579 2371 1651 2437 ὥς
1683 2371 1937 2446 διωκόμεο

338 2479 425 2515 νον
461 2458 523 2530 δὴ
555 2457 648 2516 καὶ
700 2457 1200 2535 ἐπιϐουλευόμενον,
1246 2458 1336 2517 καὶ
1367 2457 1418 2526 ἐξ
1466 2459 1738 2526 ἀσθενείας
1767 2466 1936 2518 ταῦτα

341 2545 568 2626 πάσχειν
595 2545 853 2624 ἐνόμιζον.
893 2545 1171 2606 Δείκνυσιν
1227 2539 1315 2605 οῦν
1367 2550 1447 2608 ὅτι
1493 2549 1584 2607 καὶ
1631 2554 1660 2608 ὃ
1710 2550 1938 2629 Χριστὸς

341 2635 488 2693 οὐδὲν
519 2638 577 2694 ἐκ
631 2639 724 2707 τῆς
778 2636 1127 2714 νομιζομένης
1191 2635 1388 2708 ταύτης
1447 2636 1720 2706 ἀσθενείας
1769 2661 1936 2719 παρε-

343 2723 548 2796 ϐλάϐη.

433 2835 462 2872 ι(
495 2815 601 2875 Καὶ
633 2813 736 2896 γὰρ
776 2818 934 2891 ἡμεῖς
973 2817 1294 2893 ἀσθενοῦμεν
1327 2819 1380 2876 ἐν
1412 2819 1577 2898 αὐτῷ,
1601 2817 1740 2876 ἀλλὰ
1782 2817 1939 2890 ζησό-

342 2908 479 2980 μεθα
510 2901 603 2962 σὺν
635 2906 779 2985 αὐτῷ
807 2908 865 2964 ἐκ
917 2904 1188 2982 δυνάμεως
1230 2909 1372 2966 Θεοῦ
1406 2910 1478 2974 εἷς
1507 2911 1667 2984 ὑμᾶς.
1697 2933 1728 2964 ιι
1767 2909 1938 2966 Τουτ-

341 2994 455 3053 έστι
472 3038 488 3067 ,
515 2993 859 3070 Διωκόμεθα,
887 2993 1216 3071 ἓλαυνόμεθα
1244 3017 1256 3030 ⁶
1279 3001 1449 3056 ταῦτα
1477 2997 1582 3078 γὰρ
1604 3003 1638 3069 ἡ
1667 2997 1932 3057 ἀσθένεια.

343 3109 367 3134 σι
398 3081 494 3143 Ἐν
527 3085 688 3160 αὐτῷ,
735 3109 759 3134 ιι
792 3083 908 3141 ἀντὶ
941 3089 1035 3141 τοῦ
1055 3128 1070 3157 ,
1104 3083 1186 3143 Δι⁹
1210 3085 1398 3161 αὐτὸν,
1427 3086 1520 3143 καὶ
1549 3085 1608 3144 τὸ
1639 3089 1804 3144 αὐτοῦ
1834 3087 1936 3159 κή-

345 3194 542 3250 ρυγμα.
577 3171 719 3230 Ἀλλ’
754 3170 938 3252 ὥσπερ
990 3173 1184 3240 ἐκεῖνος
1213 3175 1272 3232 οὐ
1312 3174 1634 3254 παρεϐλάϐη
1659 3221 1676 3248 ,
1728 3175 1940 3234 ἐπιϐου-

2042 675 2193 747 atqui
2231 675 2380 732 disce
2409 675 2560 748 quod
2587 675 2803 733 dicatur
2853 675 3151 734 inﬁrmitas
3185 686 3308 734 tum
3365 683 3636 753 corporis,

2039 772 2162 820 tum
2199 765 2347 821 circa
2377 764 2543 821 ﬁdem
2572 764 2844 831 debilitas,
2899 773 2960 822 ut
2995 781 3060 822 eo
3084 766 3188 823 loci
3222 789 3234 824 ε
3288 791 3314 817 σι
3342 770 3638 828 Inﬁrmum

2039 853 2094 909 in
2125 853 2232 910 ﬁde
2256 854 2518 926 suscipite
2542 855 2586 911 ⁸.
2625 877 2650 903 ν
2683 855 2897 911 Dicitur
2925 871 3117 912 rursus
3145 856 3440 915 inﬁrmitas
3467 861 3637 917 etiam

2041 943 2250 1000 insidiae
2279 943 2436 1015 ipsae,
2467 951 2523 1000 et
2547 943 2782 1016 pericula
2802 987 2818 1012 ,
2851 952 2905 1000 et
2933 945 3284 1016 ignominia,
3316 955 3376 1004 ut
3400 964 3528 1004 cum
3561 949 3639 1006 di-

2040 1032 2136 1100 cit,
2169 1055 2195 1082 α
2227 1033 2492 1090 Oblector
2520 1033 2575 1089 in
2604 1033 3026 1090 inﬁrmitatibus
3064 1038 3108 1102 °,
3145 1057 3171 1084 ι
3200 1043 3255 1092 et
3281 1037 3506 1094 similia.
3535 1041 3639 1096 Se-

2040 1121 2284 1178 cundum
2312 1121 2451 1179 hanc
2473 1122 2639 1195 igitur
2666 1122 3124 1195 signiﬁcationem
3148 1125 3422 1182 Dominus
3449 1142 3517 1183 ex
3544 1128 3641 1184 in-

2041 1212 2304 1268 ﬁrmitate
2353 1213 2649 1269 cruciﬁxus
2697 1221 2804 1282 est,
2859 1213 3086 1270 insidias
3113 1221 3170 1270 et
3212 1215 3542 1286 periculum,
3581 1227 3639 1275 et

2040 1300 2299 1373 injuriam
2338 1317 2532 1373 passus
2566 1321 2580 1359 :
2607 1302 2726 1359 haec
2755 1302 2907 1359 enim
2933 1302 3193 1360 videntur
3216 1319 3290 1361 ex
3315 1304 3638 1364 inﬁrmitate

2042 1389 2184 1447 ﬁeri.
2216 1391 2450 1447 Perinde
2479 1390 2649 1464 igitur
2680 1400 2745 1448 ut
2772 1391 3067 1448 stultitiam
3093 1401 3253 1449 vocat
3265 1395 3466 1451 Paulus
3493 1411 3637 1468 prae-

2041 1479 2392 1548 dicationem,
2423 1496 2538 1537 non
2563 1480 2712 1553 quod
2741 1481 2834 1553 sit,
2881 1481 2983 1538 sed
3027 1481 3179 1554 quod
3224 1484 3302 1540 ita
3354 1493 3638 1556 reputetur

2041 1569 2110 1625 ab
2158 1569 2468 1626 inﬁdelibus
2516 1589 2529 1626 :
2557 1570 2637 1626 sic
2665 1585 2731 1625 ex
2765 1569 3089 1626 inﬁrmitate
3117 1572 3427 1629 Dominum
3454 1576 3636 1631 cruci-

2041 1657 2135 1731 ﬁgi
2164 1657 2314 1725 dicit,
2347 1674 2473 1731 quae
2503 1659 2577 1714 ita
2603 1657 2672 1714 ab
2701 1659 2994 1716 incredulis
3034 1659 3476 1731 existimabatur,
3507 1680 3642 1720 cum

2042 1755 2227 1804 tamen
2244 1763 2358 1803 non
2372 1755 2534 1804 esset.
2557 1771 2580 1796 «ι
2603 1747 2754 1804 Vivit
2767 1755 2957 1804 tamen
2974 1764 3050 1805 ex
3063 1749 3308 1820 potentia
3330 1751 3454 1816 Dei,
3483 1775 3508 1801 ιι
3531 1752 3640 1808 hoc

2041 1845 2145 1903 est,
2170 1837 2368 1906 Patris,
2417 1837 2531 1892 sive
2553 1852 2649 1893 sua
2679 1836 2871 1908 ipsius.
2901 1838 3046 1894 Nam
3078 1852 3421 1910 quaecunque
3464 1841 3643 1898 Patris

2040 1933 2188 1993 sunt,
2229 1926 2393 1981 etiam
2425 1925 2594 1998 ipsius
2634 1934 2792 1994 sunt;
2834 1933 2890 1981 et
2917 1941 3042 1999 quae
3069 1925 3236 1999 ipsius
3282 1935 3431 1998 sunt,
3457 1929 3642 1986 Patris

2041 2023 2185 2071 sunt.
2221 2015 2394 2087 Igitur
2437 2023 2491 2071 et
2527 2015 2771 2087 potentia
2803 2015 3122 2072 communis
3152 2023 3260 2085 est,
3307 2017 3392 2072 vel
3431 2017 3638 2090 potius,

2042 2102 2159 2176 ipse
2178 2111 2261 2159 est
2286 2103 2533 2176 potentia
2553 2102 2746 2159 Patris.
2783 2101 3022 2159 Proinde
3051 2103 3168 2174 ipsa
3198 2103 3370 2160 etiam
3391 2105 3640 2178 seipsum

2037 2192 2308 2257 excitavit,
2346 2192 2494 2249 sicut
2526 2191 2870 2264 praedixit":
2915 2210 2944 2244 ‹‹
2974 2192 3176 2250 Solvite
3215 2193 3481 2265 templum
3510 2195 3637 2265 hoc,

2039 2289 2097 2337 et
2123 2281 2372 2338 excitabo
2391 2281 2547 2338 illud.
2584 2305 2610 2330 ιι
2639 2283 2778 2338 Haec
2820 2288 3008 2338 autem
3045 2282 3229 2338 omnia
3257 2281 3394 2339 dicit
3419 2283 3639 2352 Paulus,

2043 2371 2172 2443 quia
2209 2369 2638 2426 contemnebant
2673 2369 2876 2441 ipsum,
2926 2377 2988 2425 ut
3024 2370 3117 2442 qui
3165 2370 3644 2441 persecutionibus

2043 2468 2100 2516 et
2126 2459 2336 2515 insidiis
2361 2467 2511 2515 esset
2539 2457 2834 2526 obnoxius,
2863 2465 3032 2529 atque
3061 2473 3135 2515 ex
3164 2458 3486 2515 inﬁrmitate
3519 2460 3642 2516 haec

2043 2564 2169 2605 eum
2192 2548 2298 2620 pati
2326 2547 2724 2603 existimabant.
2751 2546 3002 2603 Ostendit
3019 2546 3204 2619 itaque
3225 2547 3370 2619 quod
3392 2548 3643 2605 Christus

2045 2653 2109 2694 ex
2151 2637 2272 2706 hac,
2300 2646 2363 2693 ut
2385 2635 2704 2710 putabatur,
2735 2635 3058 2692 inﬁrmitate
3087 2635 3222 2692 nihil
3253 2636 3440 2693 damni
3484 2653 3643 2696 acce-

2046 2727 2206 2802 perit.

2117 2820 2300 2873 Vens.
2335 2821 2388 2872 4.
2426 2837 2450 2864 α
2477 2817 2617 2872 Nam
2637 2823 2691 2872 et
2717 2829 2822 2871 nos
2842 2813 3051 2871 inﬁrmi
3079 2831 3271 2872 sumus
3299 2815 3354 2872 in
3376 2815 3521 2889 ipso,
3547 2817 3646 2875 sed

2045 2906 2291 2961 vivemus
2328 2921 2456 2961 cum
2488 2905 2606 2977 ipso
2664 2920 2732 2960 ex
2779 2903 2982 2960 virtute
3020 2905 3120 2961 Dei
3145 2921 3271 2976 erga
3310 2921 3429 2962 vos.
3463 2925 3490 2960 »
3518 2910 3644 2963 Hoc

2045 3005 2149 3063 est,
2193 2995 2638 3052 Persecutionem
2679 2994 2936 3065 patimur,
2986 2994 3301 3066 agitamur:
3343 2995 3462 3052 haec
3489 2996 3642 3052 enim

2045 3093 2130 3141 est
2150 3083 2470 3140 inﬁrmitas.
2521 3105 2548 3132 α
2577 3084 2640 3139 In
2670 3082 2814 3155 ipso,
2845 3106 2870 3132 η
2903 3081 3009 3139 hoc
3036 3091 3141 3150 est,
3172 3086 3408 3156 Propter
3439 3084 3646 3156 ipsum,

2047 3174 2325 3248 ipsiusque
2357 3174 2608 3230 verbum.
2638 3178 2716 3229 At
2743 3171 2966 3246 perinde
3007 3189 3072 3229 ac
3106 3173 3196 3229 ille
3223 3189 3338 3229 non
3371 3182 3454 3230 est
3481 3175 3645 3231 laesus

341 3260 540 3328 λευθεὶς
558 3305 576 3335 ,
610 3260 776 3329 οὕτως
801 3259 920 3320 οὐδὲ
949 3265 1103 3339 ἡμεῖς
1129 3285 1142 3299 θ
1177 3261 1315 3322 ἀλλὰ
1340 3262 1606 3340 ζησόμεθα
1637 3263 1732 3323 σὺν
1756 3267 1900 3345 αὐτῷ
1924 3290 1938 3304 ·

2046 3263 2262 3320 insidiis
2281 3263 2506 3335 petitus,
2523 3262 2601 3318 sic
2619 3277 2796 3335 neque
2807 3278 2938 3320 nos.
2963 3262 3070 3319 Sed
3091 3263 3338 3319 vivemus
3350 3279 3476 3319 cum
3501 3264 3644 3336 ipso,

341 3350 637 3424 τουτέστιν,
687 3349 964 3422 Ἀήττητοι
1016 3351 1410 3431 εὑρεθησόμεθα
1441 3357 1512 3418 εἷς
1571 3357 1708 3428 ὑμᾶς
1738 3377 1752 3391 ο
1782 3377 1937 3413 τουτ-

342 3436 518 3511 έστιν,
581 3443 652 3507 εἷς
675 3439 770 3510 τὴν
808 3443 1065 3521 ὓμετέραν
1128 3440 1412 3520 ὠφέλειαν.
1474 3441 1700 3513 Μήποτε
1755 3441 1810 3502 δὲ
1861 3442 1940 3502 ἔτι

344 3526 497 3606 φοϐεῖ
545 3527 763 3606 αὐτοὺς,
813 3528 895 3588 ὅτι
957 3531 1022 3590 Εἰ
1065 3531 1155 3589 καὶ
1212 3532 1409 3589 δοκεῖτε
1475 3535 1618 3608 ἡμᾶς
1674 3533 1938 3607 ἀσθενεῖς,

344 3615 484 3675 ἀλλὰ
529 3618 718 3686 ζῶντές
748 3621 908 3697 ἐσμεν
937 3620 1009 3686 εἰς
1038 3621 1208 3698 ὑμᾶς,
1235 3619 1537 3696 τουτέστιν,
1569 3622 1640 3687 εἰς
1681 3620 1775 3695 τὸ,
1805 3620 1938 3698 εἴγε

346 3704 422 3782 μὴ
454 3707 796 3786 διορθωθῆτε,
819 3707 1044 3767 κολάσαι
1073 3711 1227 3786 ὑμᾶς.

429 3816 460 3853 α
491 3795 748 3865 Ἑαυτοὺς
775 3797 1080 3877 πειράζετε,
1127 3800 1171 3856 εἰ
1195 3795 1313 3857 ἐστὲ
1343 3797 1395 3856 ἐν
1445 3801 1514 3880 τῇ
1548 3796 1764 3871 πίστει,
1811 3799 1941 3857 εαυ-

342 3881 466 3953 τοὺς
507 3887 895 3964 δοκιμάζετε.»
936 3886 1049 3946 Καὶ
1077 3887 1130 3947 τί
1171 3888 1331 3966 λέγω,
1375 3888 1538 3968 φησὶ,
1597 3885 1719 3966 περὶ
1769 3889 1942 3964 ἐμαυ-

343 3979 468 4047 τοῦ,
501 3974 580 4033 8τι
608 3979 637 4034 δ
665 3975 898 4054 Χριστὸς
949 3979 1003 4036 ἐν
1060 3976 1180 4052 ἐμοὶ
1227 3975 1407 4048 λαλεῖ,
1459 3976 1552 4035 καὶ
1586 3977 1668 4035 ὅτι
1712 3977 1944 4055 δύναμαι

326 4063 478 4142 μὲν,
509 4065 649 4135 πλὴν
680 4066 878 4124 ἐκεῖνον
929 4065 1254 4144 μιμούμενος
1299 4064 1389 4125 τὸν
1420 4065 1817 4147 σταυρωθέντα,
1851 4069 1945 4126 οὐκ

348 4150 700 4234 ἐπεξέρχομαι
723 4156 881 4230 ὓμῖνς
928 4155 1037 4214 Καὶ
1068 4157 1220 4233 ὑμεῖς
1243 4153 1381 4234 γὰρ,
1411 4157 1457 4214 εἰ
1481 4158 1774 4234 βουληθῆτε
1822 4156 1944 4214 ἑαυ-

2045 3351 2102 3409 id
2127 3359 2230 3422 est,
2266 3350 2602 3408 Invincibiles
2629 3350 2971 3407 inveniemur
2993 3366 3122 3424 erga
3149 3367 3271 3418 vos,
3306 3351 3414 3408 hoc
3439 3360 3544 3422 est,
3576 3351 3648 3409 ad

2045 3449 2286 3498 vestram
2301 3439 2779 3497 commoditatem.
2794 3441 3050 3496 Fortasse
3068 3447 3256 3496 autem
3283 3440 3466 3496 adhuc
3479 3447 3649 3498 terret

2047 3546 2160 3598 eos,
2200 3533 2341 3586 Nam
2379 3530 2423 3586 si
2452 3529 2674 3602 putatis,
2699 3529 2979 3601 inquiens,
3010 3537 3068 3587 et
3094 3545 3197 3586 nos
3228 3545 3349 3586 esse
3369 3531 3644 3601 inﬁrmos,

2046 3620 2243 3676 scitote
2270 3633 2371 3675 nos
2399 3633 2518 3675 esse
2545 3617 2785 3673 viventes
2808 3633 2940 3690 erga
2968 3631 3082 3686 vos,
3127 3617 3234 3674 hoc
3280 3625 3386 3686 est,
3413 3618 3488 3675 ad
3525 3634 3644 3688 vos,

2048 3709 2157 3766 nisi
2188 3709 2354 3764 vitam
2403 3715 2460 3763 et
2487 3721 2670 3762 mores
2717 3706 2874 3762 aliter
2911 3705 3283 3774 institueritis,
3315 3705 3645 3777 puniendos.

2120 3801 2305 3854 Vnus.
2337 3803 2387 3854 5.
2441 3818 2468 3845 α
2513 3798 2622 3852 Vos
2643 3794 2791 3867 ipsos
2817 3801 3045 3863 tentate,
3078 3809 3216 3850 num
3249 3794 3368 3850 sitis
3411 3795 3468 3850 in
3515 3794 3649 3864 ﬁde,

2049 3888 2155 3960 ipsi
2175 3901 2273 3943 vos
2293 3885 2540 3959 probate.
2575 3906 2600 3932 ι
2631 3883 2782 3956 Quid
2810 3883 3010 3952 dicam,
3039 3881 3213 3956 5.19
3233 3882 3437 3956 inquit,
3465 3881 3535 3940 de
3561 3899 3650 3940 me

2049 3979 2192 4049 ipso,
2229 3974 2381 4048 quod
2405 3974 2657 4032 Christus
2682 3973 2738 4029 in
2770 3987 2859 4028 me
2882 3973 3163 4045 loquatur,
3189 3980 3246 4028 et
3275 3972 3428 4046 quod
3456 3981 3652 4044 potens

2050 4067 2175 4130 sim,
2203 4064 2361 4120 illum
2394 4071 2582 4120 tamen
2630 4061 2954 4118 cruciﬁxum
2997 4062 3274 4132 imitatus,
3310 4077 3427 4118 non
3449 4061 3652 4118 invado

2053 4154 2190 4212 vos?
2213 4157 2357 4210 Nam
2384 4152 2469 4209 vel
2496 4168 2614 4221 vos,
2637 4151 2685 4208 si
2713 4159 2931 4208 vosmet
2961 4151 3243 4224 explorare
3271 4151 3470 4222 velitis,
3502 4149 3654 4208 vide-

2051 4244 2177 4300 bitis
2205 4243 2263 4300 in
2289 4241 2440 4298 vobi
2469 4241 2604 4314 ipsis
2633 4240 2914 4299 Christum
2949 4258 2963 4296 :
2994 4240 3040 4296 si
3069 4240 3300 4314 quidem
3339 4256 3534 4297 omnes
3561 4241 3658 4298 ha-

2053 4335 2196 4392 betis
2218 4332 2388 4389 ﬁdem
2422 4330 2733 4399 (credentes
2761 4330 2914 4386 enim
2936 4337 3060 4386 tum
3078 4329 3354 4386 miracula
3379 4328 3655 4400 edebant),

347 4242 467 4308 τοὺς
503 4241 782 4316 ἐξετάσαι,
827 4243 1018 4324 ὄψεσθε
1052 4245 1105 4301 ἐν
1141 4245 1348 4310 ἑαυτοῖς
1405 4242 1494 4302 τὸν
1545 4243 1776 4324 Χριστόν
1802 4266 1817 4281 ·
1866 4244 1945 4303 ε’ί-

347 4352 451 4409 περ
500 4329 648 4411 ἔχετε
703 4331 898 4400 πάντες
926 4332 1022 4402 τὴν
1071 4331 1248 4392 πίστιν
1306 4332 1390 4412 (οἳ
1453 4331 1556 4412 γὰρ
1614 4331 1947 4400 πιστεύοντες

346 4417 470 4477 τότε
520 4420 1030 4502 ἐθαυματούργουν),
1082 4420 1118 4493 ἢ
1149 4421 1246 4492 τὴν
1278 4423 1462 4489 ἁπλῶς
1509 4419 1717 4495 πίστιν,
1779 4419 1813 4493 ἢ
1851 4421 1948 4494 τὴν

2057 4423 2139 4481 vel
2174 4422 2340 4479 ﬁdem
2369 4419 2711 4493 simpliciter,
2743 4419 2829 4475 vel
2854 4418 3170 4491 signorum,
3201 4434 3326 4492 quae
3370 4418 3659 4490 specialior

349 4512 457 4567 τῶν
499 4512 765 4587 σημείων,
823 4509 941 4582 ἥτις
990 4510 1273 4591 ἷδικωτέρα
1323 4511 1488 4571 ἐστίν.
1540 4508 1750 4582 Ὥστε,
1816 4513 1862 4570 εἰ
1893 4512 1945 4570 ἐν

2061 4521 2164 4570 est.
2192 4509 2432 4569 Proinde
2447 4510 2497 4566 si
2513 4510 2573 4565 in
2593 4507 2744 4565 vobis
2763 4507 3050 4580 discipulis
3077 4508 3327 4565 Christus
3349 4515 3455 4576 est,
3481 4506 3657 4568 multo

352 4603 475 4674 ὓμῖν
496 4607 601 4666 τοῖς
631 4605 894 4676 μαθηταῖς
922 4603 950 4658 ὃ
985 4601 1251 4682 Χριστὸς,
1279 4603 1462 4682 πολλῷ
1496 4601 1698 4678 μᾶλλον
1731 4602 1784 4659 ἐν
1829 4601 1950 4678 ἐμοὶ

2063 4601 2239 4675 magis
2269 4601 2329 4658 in
2351 4615 2442 4656 me
2479 4605 2817 4672 praeceptore
2845 4604 3046 4655 vestro.

350 4690 428 4768 τῷ
459 4688 782 4770 διδασκάλῳ.

435 4803 460 4827 α
489 4773 568 4837 Ἥ
597 4780 693 4838 οὐκ
721 4777 1100 4857 ἐπιγινώσκετε
1159 4778 1408 4851 ἔαυτοὺξ,
1451 4777 1532 4838 ὅτι
1583 4780 1790 4850 Ἰησοῦς
1824 4779 1870 4839 Χ
1879 4802 1954 4859 ρι-

353 4864 475 4933 στός
500 4867 641 4926 ἐστιν
674 4870 727 4928 ἐν
753 4871 910 4945 ὑμῖν,
961 4871 1007 4927 εἷ
1050 4867 1180 4946 μήτι
1211 4868 1459 4945 ἀδόκιμοί
1499 4869 1656 4947 ἐστε;
1698 4891 1728 4926 ι)
1777 4872 1950 4929 T001-

355 4956 536 5026 ἐστιν,
578 4961 624 5015 εἰ
667 4955 799 5036 μήτι
837 4956 1115 5025 ἔξεπέσετε
1163 4960 1258 5029 τῆς
1302 4957 1521 5039 χάριτος
1558 4962 1664 5017 τῶν
1715 4957 1950 5036 σημείων

358 5044 426 5115 ἣν
459 5043 698 5108 ἐλάϐετε.
742 5047 1054 5106 Αἷνίττεται
1087 5046 1144 5106 δὲ
1183 5047 1371 5116 αὐτοὺς
1415 5045 1507 5106 καὶ
1533 5047 1844 5128 διεφθάρθαι
1883 5051 1956 5115 εἷς

2067 5058 2257 5116 Innuit
2283 5065 2471 5114 autem
2499 5071 2597 5113 eos
2625 5057 2682 5113 in
2713 5056 2821 5111 vita
2851 5063 3142 5128 corruptos
3169 5070 3304 5112 esse.
3344 5054 3488 5126 Quia
3510 5055 3665 5109 enim

354 5133 446 5190 τὸν
511 5133 645 5214 βίον.
692 5134 921 5209 Ἐπειδὴ
953 5136 1056 5215 γὰρ
1097 5137 1286 5221 πολλοὶ
1321 5135 1500 5196 πίστιν
1561 5135 1805 5217 ἔχοντες,
1862 5141 1956 5209 τῆς

2061 5147 2310 5221 plerique
2355 5146 2526 5203 ﬁdem
2563 5145 2846 5213 habentes,
2886 5143 3284 5201 miraculorum
3331 5142 3670 5215 operationis

356 5227 462 5282 τῶν
519 5225 805 5302 θαυμάτων
865 5223 1130 5306 ἐνεργείας
1175 5217 1312 5298 ἦσαν
1373 5225 1587 5306 ἄμοιροι
1615 5225 1703 5302 ³³,
1739 5223 1834 5285 ἅτε
1881 5227 1958 5284 δι-

2064 5217 2324 5310 expertes
2352 5243 2535 5305 erant,
2566 5250 2632 5292 eo
2661 5231 2811 5306 quod
2840 5232 2897 5289 in
2938 5232 3048 5288 vita
3091 5231 3340 5304 corrupti
3386 5239 3564 5300 erant,
3590 5231 3673 5288 Ut

357 5313 679 5394 εφθαρμένοι
718 5315 807 5374 τὸν
839 5313 982 5394 βίον,
1017 5314 1176 5397 φησὶν
1207 5314 1288 5374 ὅτι
1308 5363 1321 5386 ,
1367 5313 1462 5382 Ὡς
1489 5316 1680 5390 ἔοικεν,
1716 5317 1813 5375 οὐκ
1841 5315 1960 5375 ἐπι-

2064 5326 2302 5396 videtur,
2357 5323 2555 5398 inquit,
2627 5338 2739 5380 non
2798 5319 3095 5396 agnoscitis
3141 5336 3241 5378 vos
3298 5320 3470 5393 ipsos,
3519 5318 3670 5392 quod

357 5400 645 5482 γινώσκετε
694 5403 912 5471 ἑαυτοὺς
955 5403 1037 5464 ὅτι
1099 5403 1212 5464 ἔστι
1262 5402 1493 5485 Χριστὸς
1539 5405 1592 5463 ἐν
1623 5407 1786 5482 ὑμῖν,
1843 5407 1960 5465 Οὔκ

2069 5413 2318 5472 Christus
2345 5417 2504 5472 Jesus
2531 5420 2615 5470 est
2639 5412 2700 5470 in
2725 5411 2916 5469 vobis?
2939 5413 3068 5468 Non
3095 5419 3180 5468 est
3211 5418 3395 5467 autem
3415 5409 3471 5466 in
3493 5407 3672 5475 vobis,

2138 4814 2163 4841 α
2217 4793 2423 4847 Annon
2475 4787 2809 4862 cognoscitis
2858 4786 3250 4859 vosmetipsos,
3301 4783 3451 4858 quod
3498 4784 3664 4844 Iesus

2057 4879 2307 4938 Christus
2333 4880 2388 4935 in
2419 4879 2582 4936 vobis
2611 4885 2715 4949 est,
2744 4876 2850 4933 nisi
2881 4875 3097 4949 reprobi
3130 4876 3287 4933 sitis?
3320 4895 3348 4930 ››
3382 4877 3506 4932 Hoc
3549 4881 3658 4945 est,

2061 4970 2169 5028 nisi
2220 4967 2536 5027 excideritis
2562 4984 2593 5024 e
2637 4967 2811 5040 gratia
2842 4967 3131 5040 signorum
3160 4982 3330 5039 quam
3360 4964 3663 5037 accepistis.

432 5546 456 5577 °
485 5546 657 5605 Rom.
697 5560 835 5617 xrv,
865 5553 916 5603 1.
991 5545 1012 5584 ε
1039 5547 1092 5603 II
1121 5547 1249 5604 Cor.
1281 5561 1399 5617 xu,
1428 5552 1512 5604 10.
1587 5548 1614 5588 ε
1639 5547 1790 5605 Joan.
1816 5562 1894 5616 ιι,
1927 5552 2015 5606 19.

1767 5654 1955 5715 Variae
1996 5655 2301 5720 lectiones.

433 5748 479 5785 ⁸⁸
511 5749 689 5824 ἔρημοι
712 5768 762 5809 0.
