4134 6412
448 497 551 552 947

1468 491 1978 550 THEOPHYLACTI
2017 495 2374 551 BULGARME
2412 497 2727 552 ARCHIEP.

3649 491 3752 546 948

449 638 514 677 eo
553 619 704 694 quod
728 621 836 676 vita
859 618 977 675 sitis
1005 617 1240 690 reprobi.
1270 620 1394 674 Non
1421 626 1575 674 certo
1601 627 1786 674 autem
1816 619 1921 676 hoc
1951 635 2042 676 ex-

2175 619 2268 678 ῗστι
2312 618 2366 681 δὲ
2401 624 2454 680 ἐν
2485 623 2640 697 ὑμῖν,
2679 621 2786 680 ἀπὸ
2817 627 2906 682 τοῦ
2940 619 3223 696 ἀδοκίμους
3262 608 3398 676 εἶναι
3431 619 3568 693 ὑμᾶς
3613 615 3753 675 κατὰ

447 712 666 784 pressit,
690 709 787 767 sed
814 707 1070 781 ambigue
1101 707 1299 780 posuit,
1329 722 1398 762 ne
1424 722 1518 763 eos
1547 707 1862 765 incesseret.

523 894 704 948 Vsus.
744 899 797 948 6.
842 914 868 939 α
919 891 1091 961 Spero
1120 896 1304 944 autem
1335 889 1483 962 quod
1508 889 1850 961 cognoscetis
1901 887 2050 960 quod

453 998 554 1039 nos
577 997 689 1038 non
734 996 923 1036 sumus
951 978 1191 1052 reprobi.
1239 1001 1265 1026 ιι
1311 981 1523 1051 Magna:
1556 979 1680 1034 hinc
1710 979 1876 1034 mina:
1920 994 2046 1050 pro-

451 1071 640 1128 deunt.
684 1071 824 1142 Quia
849 1068 1014 1136 enim,
1048 1068 1251 1140 inquit,
1295 1069 1460 1124 vultis
1488 1069 1730 1139 accipere
1767 1066 2050 1139 probatio-

452 1175 601 1229 nem,
646 1177 743 1232 per
771 1175 993 1232 poenam
1023 1174 1194 1231 quam
1223 1158 1377 1213 vobis
1406 1157 1734 1230 inlligemus,
1765 1172 1926 1230 spero
1955 1171 2054 1212 no-

455 1248 533 1304 bis
547 1265 656 1304 non
671 1249 989 1306 defuturam
1008 1247 1561 1312 demonstrationem,
1583 1245 1728 1316 quod
1749 1261 1862 1302 non
1879 1247 2054 1301 simus

454 1339 693 1410 reprobi,
739 1355 917 1410 neque
970 1336 1334 1393 exciderimus
1362 1353 1393 1391 a
1447 1335 1617 1408 gratia
1665 1335 1950 1407 signorum
1999 1345 2054 1390 et

457 1428 671 1484 virtutis
707 1446 721 1483 :
761 1428 844 1483 vel
883 1427 1031 1499 quod
1073 1442 1174 1481 nos
1225 1426 1351 1482 vita:
1379 1441 1491 1480 non
1522 1440 1716 1481 sumus
1746 1423 1886 1480 adeo
1925 1439 2053 1479 cor-

459 1525 659 1589 rupta},
688 1526 752 1574 ut
781 1533 811 1572 e
835 1517 996 1572 nobis
1021 1517 1252 1588 migrare
1284 1523 1508 1571 coactus
1536 1514 1606 1570 sit
1629 1513 1886 1571 Christus
1917 1535 1928 1569 :
1961 1528 2055 1568 ve-

459 1621 583 1660 rum
609 1615 692 1662 est
710 1607 763 1662 in
790 1605 948 1662 nobis
973 1621 1073 1677 per
1097 1604 1385 1676 probatam
1415 1604 1608 1672 vitam,
1638 1618 1844 1676 eosque
1867 1602 2057 1676 puniet

459 1696 552 1767 qui
585 1696 731 1752 inter
761 1711 859 1751 vos
887 1703 1015 1751 sunt
1044 1693 1413 1766 immorigeri.

531 1787 712 1842 Vsus.
741 1791 798 1841 7.
834 1807 859 1834 α
891 1787 1094 1841 Precor
1117 1791 1300 1839 autem
1325 1787 1527 1852 Deum,
1566 1791 1630 1840 ut
1657 1782 1793 1839 nihil
1826 1781 1950 1838 mali
1983 1779 2060 1836 fa-

457 1875 632 1944 ciatis,
662 1890 772 1930 non
801 1882 863 1930 ut
891 1889 994 1930 nos
1038 1873 1250 1945 probati
1275 1888 1672 1946 appareamus,
1708 1871 1802 1929 sed
1849 1880 1916 1928 ut
1961 1885 2058 1927 vos

2157 709 2245 769 τὸν
2295 710 2431 789 βίον.
2469 714 2587 771 Οὐκ
2637 711 2946 791 ἀπεφήνατο
2995 710 3077 784 δὲ,
3122 709 3208 767 ἵνα
3243 707 3318 786 μὴ
3369 705 3588 786 πλήξῃ,
3637 706 3758 764 ἀλλ’

2159 801 2526 868 ἐνδοιαστικῶς
2551 802 2600 839 ³⁸
2634 807 2792 860 τοῦτο
2812 800 3064 860 τέθεικεν.

2241 918 2264 941 τι
2297 889 2536 959 Ἐλπίζω
2569 890 2622 949 δὲ
2671 890 2751 948 ὅτι
2812 889 3074 968 γνώσεσθε
3121 887 3200 946 ὅτι
3256 885 3412 962 ἡμεῖς
3459 887 3554 945 οὔκ
3600 883 3758 961 ἐσμὲν

2161 977 2426 1055 ἀδόκιμοι.
2483 1005 2507 1031 ιο
2566 978 2751 1049 Πολλὴ
2805 980 3085 1037 κάντεῦθεν
3163 981 3196 1048 ἡ
3256 972 3471 1045 ἀπειλή.
3530 970 3759 1044 Ἐπειδὴ

2157 1067 2292 1148 γὰρ,
2316 1068 2445 1148 φησὶ
2465 1115 2480 1141 ,
2529 1067 2778 1148 βούλεσθε
2822 1071 3011 1148 λαβεῖν
3043 1067 3142 1138 τὴν
3174 1063 3398 1140 δοκιμὴν
3433 1062 3520 1123 διὰ
3549 1065 3645 1135 τῆς
3689 1063 3762 1129 εἷς

2160 1161 2296 1233 ὑμᾶς
2343 1159 2644 1235 κολάσεως,
2700 1157 2896 1226 ἐλπίζω
2941 1155 3022 1216 ὅτι
3060 1157 3156 1215 οὐκ
3206 1153 3547 1234 ἀπορήσομεν
3579 1153 3762 1211 δοῦναι

2161 1250 2284 1323 ὑμῖν
2339 1246 2436 1318 τήν
2477 1245 2774 1320 ἀπόδειξιν,
2829 1245 2907 1304 ὅτι
2958 1247 3052 1304 οὐκ
3097 1241 3342 1321 ἀδόκιμοί
3395 1244 3590 1322 ἐσμεν,
3639 1238 3758 1299 οὐδὲ

2161 1335 2483 1413 ἐξεπέσαμεν
2550 1340 2644 1408 τῆς
2702 1335 2923 1416 χάριτος
2977 1338 3080 1393 τῶν
3151 1332 3420 1409 σημείων,
3505 1332 3597 1391 καὶ
3668 1334 3764 1400 τ’ἤς

2161 1426 2466 1498 δυνάμεως⁸
2497 1425 2532 1497 ἢ
2570 1425 2650 1486 ὅτι
2680 1430 2738 1485 οὐ
2769 1425 3126 1507 διεφθάρμεθα
3171 1423 3257 1482 τὸν
3293 1421 3406 1501 βίον
3433 1424 3587 1499 ἡμεῖς
3612 1462 3630 1492 ,
3674 1416 3762 1476 ἵνα

2162 1515 2254 1574 καὶ
2303 1514 2563 1593 ἐξοικισθῇ
2613 1517 2766 1589 ἡμῶν
2799 1519 2826 1573 ὂ
2875 1513 3135 1593 Χριστὸς,
3188 1513 3308 1569 ἀλλ’
3351 1510 3493 1570 ἔστιν
3528 1511 3580 1568 ἐν
3633 1509 3764 1584 ἡμῖν

2163 1603 2250 1662 διὰ
2281 1610 2370 1664 τοῦ
2398 1603 2677 1682 εὐδοκίμου
2717 1603 2832 1684 βίου
2853 1652 2868 1683 ,
2918 1603 3010 1661 καὶ
3045 1601 3416 1682 τιμωρήσεται
3446 1599 3564 1669 τοὺς
3608 1601 3763 1658 ἀπει-

2163 1697 2282 1752 θοῦν
2292 1718 2379 1761 τας
2408 1697 2574 1770 ὑμῶν.

2245 1811 2266 1834 κ
2300 1781 2550 1864 Εὕχομαι
2591 1782 2646 1842 δὲ
2678 1781 2806 1863 πρὸς
2837 1781 2926 1841 τὸν
2953 1781 3091 1843 Θεὸν
3125 1778 3198 1859 μὴ
3239 1778 3467 1851 πόιῆσαι
3496 1780 3634 1856 ὑμᾶς
3666 1801 3765 1836 κα-

2170 1871 2260 1931 κὸν
2286 1873 2448 1949 μηδέν
2476 1897 2486 1906 ·
2511 1874 2612 1952 οὐχ
2639 1872 2725 1930 ἵνα
2767 1873 2920 1950 ἡμεῖς
2949 1872 3158 1948 δόκιμοι
3206 1873 3454 1952 φανῶμεν
3472 1914 3488 1940 ,
3531 1868 3646 1952 ἀλλ’
3680 1865 3768 1926 ἵνα

457 1936 628 2035 φιοά
647 1963 857 2021 bonum
882 1970 982 2030 est,
1012 1936 1244 2032 faciatis,
1273 1936 1378 2019 nos
1407 1970 1592 2018 autem
1639 1936 1702 2017 ut
1729 1960 1949 2032 reprobi
1978 1960 2058 2015 si-

2175 1964 2320 2040 ὑμεῖς
2343 1961 2404 2022 τὸ
2425 1963 2585 2021 καλὸν
2624 1965 2841 2035 ποιῆτε,
2877 1965 3028 2039 ἡμεῖς
3069 1961 3122 2019 δὲ
3153 1962 3223 2026 ὡς
3253 1945 3498 2035 ἀδόκιμοι
3529 1947 3696 2035 ὦμεν.
3730 1981 3758 2017 υ

456 2068 601 2109 mus.
661 2075 687 2102 ι»
743 2051 885 2108 Vide
940 2050 1374 2107 misericordiam
1420 2051 1557 2123 ejus.
1581 2049 2058 2123 Vilipendebatur,

458 2140 938 2214 proscindebatur,
956 2149 1221 2212 tanquam
1243 2139 1337 2212 qui
1363 2139 1498 2194 nihil
1523 2147 1726 2210 posset,
1749 2137 1847 2195 sed
1873 2138 2058 2194 solum

459 2233 516 2286 in
539 2231 738 2286 litteris
761 2229 1150 2302 jactabundus.
1178 2232 1309 2301 lpse
1338 2243 1469 2286 vero
1497 2245 1612 2285 non
1641 2227 1824 2285 solum
1873 2225 2062 2284 differt

461 2337 526 2377 ac
554 2321 737 2393 rejicit
749 2336 998 2393 poenam,
1022 2335 1216 2376 verum
1237 2319 1405 2376 etiam
1421 2327 1662 2392 rogatus
1686 2333 1933 2390 unquam
1955 2316 2058 2390 ipsi

462 2419 749 2483 peccatum
775 2410 1154 2478 committant,
1177 2417 1232 2466 et
1261 2425 1330 2464 ne
1353 2409 1467 2482 ipse
1495 2424 1593 2466 eos
1621 2408 1812 2480 punire
1837 2415 2063 2480 cogatur

458 2500 781 2556 necessitate
829 2499 936 2556 hoc
997 2499 1334 2571 postulante,
1392 2514 1697 2571 eorumque
1753 2497 2058 2554 demeritis.

459 2593 582 2647 Non
603 2591 750 2647 enim
769 2589 826 2645 in
855 2589 962 2646 hoc
989 2588 1236 2661 elaboro,
1260 2588 1460 2660 inquit,
1479 2597 1543 2645 ut
1568 2588 1755 2645 videar
1771 2586 2060 2660 probatus,

459 2695 563 2736 ceu
612 2680 917 2751 potentiam
954 2677 1218 2751 puniendi
1275 2678 1504 2747 habens,
1553 2676 1654 2735 sed
1714 2685 1776 2733 ut
1831 2692 1927 2733 vos
1955 2675 2063 2733 bo-

459 2784 597 2823 num
627 2768 833 2824 faciatis
861 2784 1113 2840 semper;
1154 2776 1210 2824 et
1257 2767 1304 2824 si
1353 2783 1597 2838 unquam
1654 2767 1938 2838 contingat
1964 2781 2063 2821 vos

462 2857 882 2930 delinquere,ut
903 2858 1166 2928 paeniteat
1200 2872 1297 2913 vos
1313 2858 1620 2912 scelerum:
1657 2864 1711 2911 et
1736 2864 1799 2910 ut
1828 2871 1928 2927 ego
1958 2855 2062 2910 sim

464 2946 630 3002 veluti
658 2946 943 3017 reprobus,
981 2945 1086 3002 hoc
1115 2954 1217 3012 est,
1263 2954 1325 3001 ut
1356 2961 1458 3017 ego
1495 2945 1641 3016 apud
1693 2944 1933 3015 plebeios
1980 2943 2064 2997 vi-

470 3034 873 3090 deariniirmus
911 3051 974 3090 ac
1009 3035 1305 3107 impotens,
1329 3034 1529 3107 quippe
1545 3034 1636 3105 qui
1661 3049 1775 3088 non
1791 3033 2065 3088 inveniam

471 3125 658 3180 locum
715 3123 976 3195 puniendi
1029 3139 1149 3180 vos.
1197 3127 1319 3179 Non
1375 3123 1527 3178 enim
1557 3137 1742 3178 revera
1795 3121 2065 3194 reprobus

468 3221 589 3269 erat
635 3211 853 3269 futurus
909 3233 921 3270 :

465 3301 614 3374 quod
647 3303 723 3357 sic
750 3301 966 3358 erudiat
992 3301 1314 3373 discipulos,
1367 3310 1431 3356 ut
1479 3301 1616 3356 nihil
1649 3308 1898 3372 peccent.
1958 3299 2066 3356 Sed

469 3391 542 3448 ob
578 3392 882 3447 multorum
913 3391 1236 3463 opinionem
1275 3389 1435 3458 dixit,
1477 3413 1501 3437 α
1537 3390 1718 3446 Veluti
1743 3389 1987 3460 reprobi.
2039 3413 2065 3438 ι»

540 3483 721 3537 Vsus.
754 3487 806 3538 8.
841 3504 866 3529 α
896 3483 1020 3536 Non
1060 3479 1209 3535 enim
1236 3495 1534 3552 possumus
1569 3479 1778 3551 aliquid
1807 3478 2071 3534 adversus

471 3570 777 3636 veritatem,
817 3570 912 3625 sed
941 3585 1042 3641 pro
1084 3569 1330 3625 veritate.
1367 3592 1393 3617 »
1437 3571 1518 3625 Ne
1561 3568 1810 3624 videatur
1835 3567 2070 3623 blandiri

473 3660 572 3725 eis,
607 3659 722 3715 ait:
758 3662 838 3714 Ex
869 3668 1055 3714 mente
1087 3657 1257 3730 320
1297 3657 1526 3713 omnino
1568 3673 1725 3713 vana:
1773 3657 1960 3730 gloriae
1985 3673 2074 3712 ex-

473 3757 622 3820 perte
650 3748 769 3806 hazc
791 3747 956 3816 facio,
984 3764 1205 3819 nempe,
1236 3755 1296 3803 ut
1347 3748 1394 3803 si
1429 3748 1804 3804 invenerimus
1831 3762 1929 3803 vos
1956 3747 2073 3803 sine

474 3838 652 3909 lapsu,
693 3853 809 3893 non
859 3838 1168 3910 poterimus
1213 3851 1311 3892 vos
1362 3837 1577 3908 punire.
1623 3835 1780 3906 Quod
1821 3835 1864 3891 si
1909 3835 2071 3893 etiam

473 3927 882 3995 tentaverimus,
921 3929 1072 3982 Deus
1100 3925 1261 3981 nobis
1305 3940 1420 3980 non
1447 3925 1849 3998 coOperabitur.
1879 3927 2076 3980 Poten-

473 4016 608 4072 tiam
635 4016 789 4071 enim
809 4015 970 4071 nobis
993 4013 1172 4081 dedit,
1199 4022 1262 4070 ut
1287 4029 1478 4070 verum
1511 4012 1756 4070 feramus
1776 4014 2069 4082 calculum,

474 4113 532 4161 et
571 4120 687 4160 non
713 4103 929 4160 veritati
963 4103 1322 4158 contrarium.
1383 4105 1522 4158 Vere
1568 4111 1752 4158 autem
1808 4103 2072 4170 decernit,

478 4193 574 4265 qui
603 4192 832 4263 dignum
864 4191 1019 4262 punit
1051 4209 1062 4246 :
1119 4190 1383 4247 adversus
1422 4199 1604 4247 autem
1637 4191 1928 4247 veritatem
1967 4189 2077 4246 fert

481 4278 840 4351 suffragium,
880 4279 970 4351 qui
1001 4294 1117 4334 non
1142 4287 1464 4351 peccantem
1493 4280 1687 4351 punire
1739 4288 1931 4335 tentat.

550 4371 733 4425 Vnus.
765 4375 820 4424 9.
855 4391 882 4418 α
922 4367 1246 4426 Gaudemus
1280 4369 1427 4423 enim
1475 4368 1698 4439 quando
1741 4385 1842 4424 nos
1867 4367 2076 4424 infirmi

478 4473 698 4528 sumus,
731 4473 826 4514 vos
854 4465 1042 4513 autem
1066 4464 1324 4529 potentes
1371 4457 1523 4512 estis.
1560 4481 1584 4505 ιι
1606 4460 1821 4513 Rursus
1841 4457 2080 4513 ostendit

482 4547 721 4619 seipsnm
762 4547 1067 4603 admodum
1091 4546 1223 4618 ipsis
1251 4561 1367 4601 esse
1405 4545 1714 4601 addictum.
1749 4545 1843 4600 Ait
1885 4545 2070 4601 enim:
2109 4577 2159 4640 Β

483 4639 565 4693 Ne
596 4636 921 4692 existimetis
957 4635 1108 4709 quod
1152 4635 1280 4708 quia
1318 4651 1428 4691 non
1465 4635 1672 4707 possim
1709 4634 2078 4706 (quandoqui-

479 4725 608 4782 dem
647 4741 742 4782 vos
789 4741 902 4781 non
938 4725 1283 4797 impingatis)
1313 4725 1611 4796 potentiam
1649 4738 1832 4779 meam
1859 4723 2081 4780 demon-

479 4823 652 4871 strare
709 4829 838 4885 erga
895 4829 1014 4882 vos,
1068 4822 1356 4885 propterea
1413 4812 1666 4880 doleam;
1726 4812 1882 4869 laetor
1931 4814 2082 4869 enim

480 4903 750 4971 maxime,
773 4901 991 4974 quando
1017 4902 1134 4974 ipse
1172 4902 1394 4974 quidem
1424 4917 1526 4973 ego
1557 4901 1820 4970 iuﬁrmer,
1853 4907 1958 4957 hoc
1977 4911 2080 4970 est,

481 4992 734 5048 inﬁrmus
749 4998 995 5063 reputer,
1027 4990 1180 5062 quod
1202 5007 1315 5046 non
1339 4991 1546 5062 possim
1575 4991 1875 5062 potentiam
1899 5006 2081 5047 meam

480 5079 763 5153 puniendo
788 5088 1227 5136 commonstrare
1258 5099 1270 5135 :
1306 5094 1400 5135 vos
1442 5087 1632 5136 autem
1662 5087 1917 5151 potentes
1943 5079 2079 5148 sitis,

481 5171 591 5227 hoc
621 5179 724 5239 est,
747 5171 952 5226 virtute
986 5166 1291 5241 conspicui,
1331 5170 1600 5241 lapsuque
1619 5177 1899 5226 vacantes.

559 5281 586 5308 α
631 5261 754 5314 Hoc
797 5265 985 5314 autem
1040 5266 1097 5314 et
1143 5273 1456 5330 precamur,
1506 5266 1744 5314 vestram
1788 5256 2074 5330 perfectio-

485 5363 636 5404 nem.
671 5370 697 5396 ι
735 5349 863 5404 Νοιι
910 5348 1113 5416 solum,
1155 5347 1354 5420 inquit,
1405 5346 1512 5403 hoc
1556 5346 1705 5416 volo,
1757 5347 1854 5403 sed
1889 5363 2084 5420 precor

482 5436 648 5492 etiam
686 5451 805 5493 esse
839 5451 938 5492 vos
979 5434 1490 5508 irreprehensibiles
1541 5442 1597 5491 et
1647 5436 1916 5508 integros,
1978 5435 2085 5492 hoc

485 5532 591 5593 est,
635 5523 928 5596 perfectos,
979 5525 1189 5580 nullam
1229 5540 1422 5580 ansam
1468 5523 1800 5596 praebente.

556 5616 734 5670 Vnus.
768 5617 859 5668 10.
892 5616 1238 5684 «Propterea
1262 5612 1379 5669 haec
1401 5612 1603 5670 absens
1629 5613 1836 5686 scribo,
1864 5621 1927 5669 ut
1969 5628 2085 5669 non

2165 2051 2314 2130 "Ope:
2346 2052 2629 2132 dulcium
2652 2073 2666 2088 °
2699 2060 3106 2133 κατεφρονεῖτο,
3149 2049 3532 2128 ἐκωμῳδεῖτο,
3578 2049 3650 2114 ὥς
3679 2047 3774 2106 οὖ-

2167 2140 2251 2200 δὲν
2286 2141 2599 2218 δυνάμενος,
2645 2141 2786 2201 ἀλλὰ
2837 2140 2995 2218 μόνον
3027 2143 3080 2200 ἐν
3119 2138 3402 2220 γράμμασι
3454 2135 3776 2213 κομπάζων·

2168 2230 2260 2290 καὶ
2283 2233 2342 2290 οὗ
2393 2229 2549 2307 μόνον
2602 2229 2967 2291 ἀναϐάλλεται
3008 2229 3106 2302 τὴν
3151 2227 3444 2309 τιμωρίαν,
3497 2224 3636 2284 ἀλλὰ
3683 2224 3776 2284 καὶ

2168 2320 2382 2400 εὔχεται
2421 2319 2558 2396 μήτε
2611 2319 2796 2387 αὐτοὺς
2831 2318 3162 2400 ἁμαρτήσειν
3204 2316 3371 2387 ποτὲ,
3425 2314 3561 2394 μήτε
3614 2313 3774 2375 αὑτὸν

2170 2411 2242 2476 εἷς
2298 2407 2538 2488 ἀνάγκην
2593 2409 2900 2470 ἐλεύσεσθαι
2955 2413 3044 2468 τοῦ
3125 2409 3457 2485 τιμωρῆσαι.
3518 2406 3601 2464 Οὖ
3671 2403 3776 2484 γὰρ

2169 2505 2323 2558 τοῦτο
2353 2497 2636 2570 σπουδάζω
2658 2545 2673 2571 ,
2707 2499 2866 2582 φησὶν
2886 2545 2904 2571 ,
2938 2497 3026 2557 ἵνα
3067 2500 3216 2580 φανῶ
3249 2495 3493 2573 δόκιμος,
3525 2497 3594 2561 ὡς
3623 2494 3780 2554 δύνα-

2173 2613 2262 2666 μιν
2309 2589 2448 2670 ἔχων
2499 2596 2589 2650 τοῦ
2645 2589 2916 2662 κολάζειν,
2977 2587 3094 2646 ἀλλ’
3159 2585 3248 2645 ἵνα
3302 2587 3452 2662 ὑμεῖς
3494 2583 3554 2644 τὸ
3612 2582 3777 2643 καλὸν

2171 2683 2358 2750 ποιῆτε
2412 2677 2532 2750 ἀεὶ,
2595 2677 2694 2737 κᾶν
2746 2677 3022 2758 ἁμάρτητέ
3089 2699 3252 2749 ποτε,
3303 2673 3390 2732 ἵνα
3441 2676 3728 2752 μετανοῆτε
3763 2695 3776 2708 ·

2173 2766 2322 2845 κάγὼ
2375 2766 2462 2826 ἵνα
2493 2757 2537 2825 ῶ
2585 2772 2655 2834 ὡς
2699 2767 2978 2843 ἀδόκιμος,
3039 2764 3338 2837 τουτέστιν,
3383 2761 3470 2822 ἵνα
3497 2764 3634 2821 δοκῶ
3673 2768 3781 2826 τοῖς

2173 2857 2387 2922 πολλοῖς
2445 2854 2670 2927 ἀσθενὴς
2759 2857 2849 2914 καὶ
2901 2855 3192 2928 ἀδύνατος,
3250 2852 3344 2911 ἅτε
3393 2851 3466 2928 μὴ
3523 2851 3781 2932 εὑρίσκων

2172 2945 2354 3026 χώραν
2384 2953 2474 3005 τοῦ
2496 2946 2722 3004 κολάσαι
2749 2948 2908 3023 ὖμᾶς.
2973 2947 3055 3006 Οὐ
3085 2944 3189 3024 γὰρ
3211 2947 3276 3023 τῇ
3308 2941 3531 3021 ἀληθείᾳ
3558 2940 3778 3018 ἔμελλεν

2174 3025 2308 3092 εἶναι
2350 3034 2600 3108 ἀδόκιμος
2631 3052 2644 3066 ⁸
2680 3037 2882 3113 μᾶλλον
2910 3035 2962 3072 ³⁵
3004 3033 3057 3094 δὲ
3111 3035 3321 3108 δόκιμος
3364 3029 3670 3108 εὑρίσκετο,
3699 3027 3780 3086 ὅτι

2175 3122 2312 3182 οὕτω
2361 3122 2602 3184 παιδεύει
2653 3121 2772 3192 τοὺς
2827 3123 3098 3200 μαθητὰς,
3147 3120 3284 3180 ὥστε
3317 3119 3481 3197 μηδὲν
3531 3117 3781 3200 ἀμαρτά-

985 3212 1082 3269 sed
1123 3212 1304 3285 potius
1358 3211 1623 3284 probatus
1664 3211 2064 3275 inveniebatur,

2176 3236 2303 3271 νειν.
2355 3212 2515 3272 Ἀλλὰ
2547 3213 2634 3272 διὰ
2664 3212 2760 3285 τὴν
2809 3216 2913 3272 τῶν
2949 3213 3162 3272 πολλῶν
3208 3209 3473 3291 ὑπόληψιν
3517 3199 3630 3267 εῖπε
3681 3206 3776 3282 τὸ,

2189 3325 2217 3360 ‹‹
2243 3301 2336 3370 Ὡς
2364 3302 2627 3380 ἀδόκιμοι.
2665 3330 2689 3354 ι

2269 3503 2291 3528 α
2329 3479 2410 3536 05
2439 3474 2544 3556 γὰρ
2596 3473 2862 3552 δυνάμεθά
2919 3498 2969 3532 τι
3021 3471 3161 3532 κατὰ
3213 3475 3308 3544 τῆς
3346 3469 3630 3545 ἀληθείας,
3663 3469 3783 3528 ἀλλ’

2179 3565 2313 3648 ὑπὲρ
2361 3571 2453 3636 τ’ἧς
2497 3565 2764 3634 ἀληθείας,
2800 3586 2829 3620 ι)
2880 3561 3004 3623 Ἵνα
3037 3563 3112 3640 μὴ
3156 3560 3279 3638 δόξῃ
3321 3560 3649 3641 χαρίσασθαι
3690 3561 3782 3616 αὖ·

2179 3659 2316 3728 τοῖς,
2368 3653 2559 3734 φησίνο
2613 3653 2708 3721 Ἐξ
2757 3652 3064 3720 ἀκενοδόξου
3113 3651 3329 3729 γνώμης
3374 3649 3583 3716 πάντως
3625 3653 3780 3707 τοῦτο

2181 3749 2343 3816 ποιῶ,
2370 3742 2449 3801 ὅτι
2471 3742 2560 3802 ἐὰν
2603 3741 2840 3821 εὕρωμεν
2889 3745 3026 3819 ὑμᾶς
3057 3739 3470 3820 ἀνεπισφαλεῖς,
3530 3741 3587 3796 οὖ
3633 3739 3786 3808 δυνη-

2183 3834 2382 3910 σόμεθα
2409 3832 2633 3891 κολάσαι
2656 3856 2668 3870 ο
2701 3830 2839 3890 ἀλλὰ
2867 3831 2964 3888 κᾶν
2990 3828 3416 3910 ἐπιχειρήσαιμεν
3435 3875 3453 3908 ,
3486 3831 3514 3886 ὁ
3561 3825 3696 3893 Θεὸς
3723 3828 3783 3886 οὖ

2183 3921 2500 4000 συμπράξει.
2549 3921 2789 3996 Δύναμιν
2846 3918 2949 4000 γὰρ
2998 3925 3124 3997 ἡμῖν
3162 3919 3426 3991 δέδωκεν,
3477 3915 3566 3974 ἵνα
3611 3917 3784 3988 ἀληθῆ

2184 4011 2426 4088 φέρωμεν
2477 4010 2572 4080 τὴν
2633 4013 2846 4090 ψῆφον,
2901 4011 3000 4088 οὐχ
3051 4005 3366 4067 ὑπεναντίαν
3423 4010 3488 4086 τῇ
3533 4004 3779 4084 ἀληθείᾳ.

2186 4099 2415 4169 Ἀληθῶς
2473 4099 2527 4157 δὲ
2586 4099 2872 4179 ψηφίζεται
2925 4101 2951 4154 ὁ
3005 4098 3092 4156 τὸν
3149 4095 3290 4164 ἄξιον
3343 4092 3734 4172 τιμωρούμενος
3769 4116 3782 4129 ·

2185 4187 2323 4244 κατὰ
2353 4191 2444 4258 τ’ἧς
2476 4188 2724 4260 ἀληθείας
2754 4187 2808 4245 δὲ
2833 4235 2848 4260 ,
2883 4191 2908 4246 δ
2933 4186 3021 4245 τὸν
3051 4184 3125 4264 μὴ
3167 4184 3545 4264 ἁμαρτάνοντα
3570 4184 3781 4264 ἐπιχει-

2188 4280 2290 4356 ρῶν
2323 4277 2587 4345 κολάζειν.

2266 4393 2290 4418 α
2325 4365 2597 4444 Χαίρομεν
2629 4364 2760 4444 γὰρ,
2788 4363 2914 4422 ὅταν
2943 4363 3097 4439 ἡμεῖς
3141 4361 3238 4439 μὲν
3268 4363 3572 4438 ἀσθενῶμεν
3591 4407 3606 4435 ,
3637 4363 3788 4438 ὑμεῖς

2187 4453 2240 4513 δὲ
2290 4454 2502 4514 δυνατοὶ
2550 4447 2664 4526 ἦτε.
2715 4477 2742 4511 )›
2809 4453 2982 4514 Πάλιν
3037 4451 3294 4512 δείκνυσιν
3345 4452 3529 4510 ἑαυτὸν
3585 4450 3790 4530 σφόδρα

2187 4546 2376 4603 οἰκεῖον
2415 4547 2591 4610 αὐτοῖς
2627 4543 2776 4602 ὄντα.
2809 4544 2968 4619 Λέγει
2989 4540 3120 4620 γὰρ,
3153 4541 3234 4602 ὅτι
3263 4539 3354 4612 Μὴ
3385 4540 3638 4618 νομίσητε
3661 4586 3676 4616 ,
3709 4539 3791 4598 ὅτι

2188 4633 2370 4704 ἐπειδῆ
2423 4637 2481 4692 οὖ
2529 4632 2790 4708 δύναμαι,
2862 4632 3172 4690 ἀπταίστων
3229 4630 3395 4689 ὄντων
3443 4633 3632 4707 ὑμῶν,
3693 4630 3791 4698 τὴν

2189 4723 2413 4800 δύναμίν
2474 4746 2576 4800 μου
2626 4721 3019 4796 ἐπιδείξασθαι,
3071 4723 3219 4798 ἀλγῶ
3249 4720 3334 4777 διὰ
3385 4724 3574 4778 τοῦτο’
3618 4717 3794 4799 χαίρω

2190 4811 2292 4890 γὰρ
2325 4812 2558 4889 μάλιστα
2587 4808 2713 4868 ὅταν
2755 4809 2911 4877 αὐτὸς
2945 4810 3040 4886 μὲν
3068 4809 3171 4886 ἐγὼ
3202 4811 3406 4867 ἀσθενῶ
3432 4853 3448 4884 ,
3490 4809 3792 4883 τουτέστιν,

2193 4899 2414 4970 ἀσθενὴς
2468 4898 2804 4976 νομίζωμαι,
2852 4902 2922 4966 ὡς
2965 4897 3039 4975 μὴ
3097 4897 3516 4974 ἐπιδεικνύμενος
3572 4893 3790 4976 δύναμίν

2191 5013 2310 5046 τινα
2378 4992 2429 5046 ἐν
2507 4991 2582 5069 τῷ
2652 4994 3032 5068 τιμωρεῖσθαι·
3087 4989 3234 5063 ὑμεῖς
3292 4987 3346 5046 δὲ
3407 4986 3618 5044 δυνατοὶ
3667 4975 3794 5056 ἦτε,

2191 5078 2458 5137 τουτέστιν
2477 5126 2492 5154 ,
2523 5077 2760 5158 ἐνάρετοι
2781 5123 2796 5151 ,
2830 5077 3138 5138 ἅπταιστοι.

2279 5270 2305 5305 α
2341 5252 2516 5309 Τοῦτο
2547 5247 2601 5307 δὲ
2637 5247 2727 5306 καὶ
2772 5246 3028 5327 εὔχομαι,
3078 5244 3172 5317 τὴν
3207 5247 3357 5323 ὑμῶν
3386 5244 3721 5326 κατάρτισιν.
3757 5263 3787 5300 n

2195 5338 2276 5397 Οὖ
2319 5337 2507 5418 μόνον,
2540 5336 2703 5418 φησὶ,
2755 5337 3014 5416 βούλομαι
3045 5339 3234 5412 τοῦτο,
3266 5332 3405 5393 ἀλλὰ
3444 5334 3534 5393 καὶ
3567 5331 3797 5412 εὔχομαι

2193 5426 2254 5484 τὸ
2303 5417 2438 5485 εἶναι
2485 5417 2626 5503 ὑμᾶς
2675 5425 2943 5496 ἀλήπτους
2973 5424 3065 5484 καὶ
3098 5422 3584 5504 κατηρτισμένους,
3636 5443 3796 5479 τουτ-

2195 5515 2341 5588 έστι,
2398 5515 2873 5592 τετελειωμένους,
2907 5513 3175 5592 μηδεμίαν
3223 5512 3402 5584 λαϐὴν
3441 5511 3792 5590 παρέχοντας.

2285 5630 2309 5656 α
2346 5605 2450 5665 Διὰ
2499 5609 2653 5663 τοῦτο
2707 5608 2874 5662 ταῦτα
2920 5601 3073 5663 ἀπὼν
3101 5602 3320 5684 γράφω,
3370 5599 3457 5658 ἵνα
3501 5597 3690 5679 παρὼν
3722 5596 3799 5675 μὴ

1885 5702 2075 5762 Variae
2116 5702 2418 5763 lectiones.

562 5797 606 5832 ⁸⁸
634 5794 970 5850 ἔνδοιαστικδν
1000 5813 1053 5854 o.
1129 5797 1174 5833 ⁸⁵
1198 5798 1336 5869 μάλα
1360 5797 1457 5869 γὰρ
1487 5814 1540 5856 0.
