4134 6408
433 439 541 494 949

1255 437 1608 494 EXPOSITIO
1648 439 1713 494 IN
1754 427 1964 495 EPIST.
2006 438 2057 495 ΙΙ
2088 438 2182 495 AD
2220 437 2380 494 COR.
2420 468 2492 480 —
2530 438 2683 496 CAP.
2724 439 2852 496 XIII.

3624 441 3731 495 950

428 563 709 640 ἀποτόμως
763 562 1087 645 χρήσωμαι,
1129 561 1269 622 κατὰ
1298 562 1395 635 τὴν
1457 563 1696 633 ἐξουσίαν
1739 564 1804 637 ἣν
1854 563 2023 624 ἔδωκέ

2137 579 2380 637 presens
2424 563 2619 621 durius
2645 579 2826 637 agam,
2850 563 3156 621 secundum
3190 568 3517 635 potestatem
3564 578 3738 635 quam

429 677 521 731 μοι
544 656 572 712 ὁ
610 652 803 733 Κύριος
832 656 903 721 εἷς
932 652 1213 729 οἰκοδομὴν
1234 698 1252 731 ,
1283 652 1375 712 καὶ
1402 655 1495 712 οὐκ
1516 658 1588 720 εἰς
1618 654 1946 734 καθαίρεσιν.
1984 677 2012 712 ››

426 742 649 816 Ἐπειδὴ
678 742 881 824 σφόδρα
930 740 1222 815 ἐπέπληξεν
1255 742 1441 811 αὐτοὺς
1476 743 1566 802 xui
1606 744 1864 816 ἠπείλησε
1884 791 1901 821 ,
1934 750 2024 803 νῦν

2138 654 2415 711 Dominus
2454 653 2605 711 dedit
2631 654 2768 711 mihi
2820 654 2877 711 in
2923 653 3375 721 mdiﬁcationem,
3419 660 3474 709 et
3516 667 3629 709 non
3677 654 3739 711 in

2131 743 2588 801 destructionem.
2615 768 2642 795 ι
2675 747 2975 818 Postquam
2991 744 3186 800 acriter
3225 757 3319 799 eos
3347 749 3634 811 terruerat,
3670 750 3727 799 et

425 836 769 911 ἀπολογεῖται
788 880 806 911 ,
840 831 933 891 καί
962 855 1093 913 φησι
1122 852 1135 866 ⁸
1173 830 1277 892 Διὰ
1297 838 1454 892 τοῦτο
1483 832 1650 900 οὕτως
1679 833 1889 914 ἔγραψα
1907 878 1924 904 ,
1954 840 2025 902 ὡς

2132 833 2524 890 interminatus
2555 843 2695 903 erat,
2729 851 2875 891 nunc
2924 832 3303 891 defensionem
3345 839 3520 905 parat,
3559 834 3722 901 Eam,

427 922 744 1001 βουλόμενος
790 924 917 1002 ἄχρι
949 925 1055 981 τῶν
1103 922 1437 1003 γραμμάτων
1487 915 1622 982 εἶναι
1672 922 1768 995 τὴν
1799 923 2022 996 ἀπειλὴν

426 1010 519 1070 xui
561 1009 661 1083 τὴν
704 1010 1038 1089 ἀποτομίαν,
1079 1010 1220 1070 ἀλλὰ
1251 1010 1325 1088 μὴ
1370 1012 1423 1070 ἐν
1463 1022 1569 1079 τοῖς
1610 1012 1779 1091 ἔργοις
1820 1014 2022 1073 ἐπιδει-

418 1104 638 1181 χθῆναι.
680 1098 774 1172 Μὴ
801 1100 1172 1180 διορθωθέντας
1199 1100 1302 1181 γὰρ
1336 1101 1553 1161 κολάσω
1575 1102 1786 1170 πάντως
1815 1103 2020 1163 ἀποτό-

423 1214 537 1267 μως
562 1190 795 1274 ,μέπειδὴ
822 1189 1058 1260 ἐξουσίαν
1099 1189 1299 1250 δέδωκέ
1343 1215 1432 1268 μοι
1461 1196 1490 1251 ὁ
1524 1192 1733 1274 Κύριος.
1768 1192 1870 1253 Ἐκ
1907 1193 2023 1252 τού-

422 1304 514 1339 του
544 1271 633 1339 οὖν
686 1279 947 1340 δείκνυσιν
980 1278 1058 1339 ὅτι
1102 1279 1194 1340 xui
1234 1284 1262 1339 ὁ
1297 1280 1489 1363 Κύριος
1528 1271 1620 1341 δι’.
1646 1284 1805 1342 αὐτοῦ
1860 1281 2020 1359 μέσου

422 1369 657 1438 κολάζει.
709 1368 980 1429 Δεικνύων
1010 1369 1065 1429 δὲ
1112 1368 1194 1428 ὅτι
1247 1372 1343 1429 οὐκ
1395 1372 1643 1448 ἐπιθυμεῖ
1811 1371 2019 1451 ἐξουσίᾳ

419 1456 729 1538 χρήσασθαι
781 1461 853 1527 εἰς
902 1459 1001 1530 τὴν
1050 1459 1263 1519 ἐκείνων
1318 1460 1614 1541 τιμωρίαν,
1659 1463 2014 1541 προσέθηκεν,

419 1547 501 1607 ὅτι
531 1575 555 1601 α
583 1550 702 1608 Οὐκ
726 1550 799 1615 εἰς
822 1548 1130 1630 καθαίρεσιν
1150 1595 1167 1623 ,
1200 1551 1322 1609 ἀλλ’
1354 1554 1425 1617 εἷς
1448 1550 1751 1630 ίοῖκοδομήν
1768 1574 1782 1588 -
1808 1579 1834 1603 ιο
1865 1574 2015 1613 τουτ-

420 1637 568 1715 έστι,
632 1638 1044 1719 προηγουμένως
1084 1644 1112 1699 ὁ
1140 1637 1355 1720 ’Κύριος
1414 1643 1472 1699 οὐ
1526 1640 1774 1719 βούλεται
1831 1642 2019 1701 καθαί-

421 1750 527 1806 ρειν
685 1729 982 1807 καθαιρεῖν]
1010 1728 1085 1801 ³⁸,
1133 1728 1252 1801 ἤτοι
1310 1729 1582 1804 κολάζειν,
1641 1731 1759 1789 ἀλλ’
1822 1732 2019 1791 οἰκοδο·

419 1815 571 1891 μεῖν,
605 1815 873 1877 τουτέστιν
897 1863 914 1890 ,
953 1819 1244 1897 εὐεργετεῖν
1272 1840 1286 1855 ⁶
1318 1818 1457 1891 πλὴν
1488 1819 1581 1878 καὶ
1607 1818 1669 1879 τὸ
1696 1824 1805 1887 τοῖς
1834 1822 2015 1903 ἀδιορ-

418 1905 603 1973 θώτοις
633 1905 850 1985 ἐπάγειν
867 1908 920 1945 ³⁷
940 1906 1037 1978 τὴν
1069 1907 1374 1989 καθαίρεσιν
1393 1955 1409 1987 ,
1442 1910 1733 1985 οἰκοδομεῖν
1762 1912 1897 1974 ἐστι.

501 2018 532 2050 α
564 1994 646 2055 Τὸ
676 1996 893 2069 λοιπὸν,
924 1998 1175 2077 ἀδελφοὶ,
1207 1998 1509 2082 χαίρετεζ)
1547 1998 1723 2077 Ἐγὼ,
1754 2001 1906 2082 φησί,
1949 2002 2017 2061 τὰ

414 2086 645 2160 ἐμαυτοῦ
703 2086 958 2157 ἐποίησα.
1015 2077 1341 2148 ’Υπόλοιπον
1404 2077 1494 2148 οὖν
1550 2090 1693 2149 ἐστιν
1756 2077 1892 2167 ύμᾶς
1948 2090 2015 2150 τὰ

412 2177 614 2233 ἑαυτῶν
644 2184 1078 2255 συνεισενεγκεῖν.
1146 2175 1527 2256 Διορθωθέντες
1576 2177 1714 2258 γὰρ,
1764 2179 2012 2260 ἀμάραν-

409 2287 497 2322 τον
525 2264 784 2337 κτήσεσθε
832 2263 929 2336 τὴν
963 2266 1069 2349 ἀπὸ
1113 2274 1205 2326 τοῦ
1254 2266 1545 2336 συνειδότος
1587 2266 1797 2349 χαρὰνξ,
1848 2270 2014 2330 εἶκαὶ

409 2351 579 2427 λύπης
602 2354 817 2435 ῥήματα
846 2357 969 2432 ὑμῖν
995 2344 1167 2417 εἷπον.

491 2471 515 2497 α
552 2443 975 2524 Καταρτίζεσθε.
1008 2471 1032 2497 ι
1089 2444 1231 2506 Ἀντὶ
1276 2450 1401 2519 τοῦ,
1448 2446 1659 2507 Τέλειοι
1712 2446 1917 2524 γίνεσθε
1957 2448 2010 2508 ἔν

408 2557 467 2592 τε
497 2532 727 2613 δόγμασι
758 2533 850 2594 xui
881 2536 933 2594 ἐν
979 2534 1096 2618 βίῳ,
1126 2535 1217 2595 καὶ
1268 2538 1635 2617 ἀναπληροῦτε
1664 2535 1731 2595 τὰ
1761 2538 2009 2598 λείποντα

409 2646 555 2699 υμιν.

500 2715 984 2793 «Παρακαλεῖσθε.
1015 2735 1046 2773 n
1084 2713 1314 2787 Ἐπειδὴ
1363 2715 1552 2775 πολλοὶ
1598 2707 1737 2787 ἦσαν
1789 2721 1836 2777 οἱ
1882 2742 2006 2778 πει-

409 2803 602 2881 ρασμοί
632 2804 722 2861 xui
762 2807 809 2863 οἰ
846 2804 1098 2877 κίνδυνοι,
1134 2804 1303 2883 φησί·
1343 2807 1758 2885 Παρακαλεῖσθε
1798 2807 1890 2866 xui
1920 2810 2006 2890 ὑφ’

406 2893 606 2951 ἑαυτῶν
650 2893 740 2951 xui
786 2893 873 2951 ὕπ’
910 2894 1157 2964 ἀλλήλων
1180 2894 1262 2967 ³⁸,
1295 2894 1386 2954 xui
1430 2895 1531 2954 ὑπὸ
1559 2899 1654 2967 τῆς
1683 2897 1754 2964 εἰς
1782 2897 1841 2955 τὸ
1877 2897 2006 2977 βέλ-

403 3004 515 3040 τιον
565 2982 883 3059 μεταϐολῆς.
932 2982 1161 3063 Μεγάλη
1193 2983 1295 3063 γὰρ
1344 2985 1715 3066 παράκλησις,
1774 2987 2006 3056 συνειδὸς

404 3070 620 3149 ἀγαθόν.

486 3188 510 3213 ι
553 3163 633 3221 Τὸ
663 3162 793 3220 αὐτὸ
823 3168 1094 3243 φρονεῖτε,
1118 3162 1438 3242 εἰρηνεύετε.
1473 3184 1503 3222 ι)
1530 3166 1708 3224 Τοῦτο
1739 3164 1829 3225 xui
1855 3169 1908 3226 ἐν

402 3249 634 3331 προτέρᾳ
668 3250 855 3318 αὐτοὺς
882 3252 1081 3331 ᾔτησεν
1102 3298 1118 3329 ,
1142 3255 1215 3319 ὥς
1232 3253 1724 3322 διαστασιάζοντας.
1759 3254 1926 3316 Ἔστι
1949 3257 2004 3315 δὲ

400 3339 463 3398 τὸ
487 3341 615 3399 αὐτὸ
649 3340 745 3417 μὲν
796 3342 1004 3421 φρονεῖν
1039 3345 1092 3399 ἐν
1134 3341 1241 3408 τοῖς
1286 3340 1548 3421 δόγματι,
1584 3343 1661 3419 μὴ
1718 3346 2005 3424 εἰρηνεύειν

402 3428 458 3485 δὲ
519 3431 572 3488 ἐν
644 3439 752 3497 τοῖς
807 3430 935 3509 πρὸς
1008 3431 1307 3504 ἀλλήλους·
1363 3430 1641 3512 ἀμφότερα
1721 3433 1892 3492 τοίνυν
1977 3440 2005 3495 ὁ

402 3520 616 3586 Παῦλος
648 3520 882 3578 ἀπαιτεῖ.

482 3635 504 3660 α
538 3608 644 3667 Καὶ
670 3612 697 3666 ὁ
725 3609 861 3675 Θεὸς
888 3612 982 3681 τῆς
1034 3607 1243 3689 εἰρήνης
1292 3608 1385 3668 καὶ
1436 3609 1646 3688 ἀγάπης
1697 3609 1851 3669 ἔσται
1884 3614 2007 3689 μεθ’

399 3699 568 3773 ὑμῶν.
598 3724 623 3750 ιι
673 3701 754 3758 Οὐ
799 3697 955 3774 μόνον
1010 3707 1296 3777 παραινεῖ,
1332 3697 1473 3757 ἀλλὰ
1521 3699 1613 3757 xui
1660 3697 1908 3779 εὔχεται’
1966 3702 2002 3774 ἢ

398 3786 516 3845 οὐδὲ
564 3786 695 3866 εὐχή
747 3790 857 3845 ἐστι
914 3793 1102 3863 τοῦτο,
1151 3787 1287 3847 ἀλλὰ
1336 3792 1428 3846 τοῦ
1459 3788 1756 3857 ἀκολούθως
1806 3790 2000 3867 ἐσομέ-

398 3898 486 3935 νου
507 3876 969 3959 προαναφώνησις,
986 3880 1086 3939 ὅτι.
1114 3876 1247 3937 ’an
1270 3876 1574 3956 εἰρηνεύητε
1590 3924 1607 3955 ,
1634 3878 1813 3947 ὁΘεὸς
1849 3879 2001 3941 ἔσται

399 3969 517 4043 μεθ’
548 3969 717 4044 ὑμῶν.
766 3966 998 4043 Ἀγάπης
1029 3966 1083 4025 δὲ
1134 3966 1273 4034 Θεὸς
1319 3967 1565 4047 λέγεται,
1605 3967 1640 4039 ἢ
1670 3970 1751 4046 ζὼς
1804 3969 2001 4043 ταύτης

396 4054 579 4134 πηγὴ,
617 4055 651 4127 ἢ
705 4057 777 4123 ὡς
824 4056 1022 4129 ταύτην
1074 4056 1427 4134 ἐνδειξάμενος
1459 4060 1530 4124 εἰς
1571 4061 1716 4136 ἡμᾶς
1766 4060 1999 4139 ὑπερϐο-

395 4145 548 4218 λικήν
570 4169 583 4182 ·
613 4145 649 4217 ἢ
680 4149 749 4211 ὡς
781 4144 903 4203 ἔνθα
958 4145 1101 4205 ἐστὶν
1137 4146 1323 4225 ἀγάπη
1345 4192 1361 4218 ,
1396 4151 1506 4206 ἐκεῖ
1554 4148 1646 4206 καὶ
1695 4148 1853 4217 αὐτὸς
1882 4149 1955 4208 ὢν
1978 4196 1994 4225 ,

395 4234 485 4293 καὶ
536 4234 813 4308 Δεσπότης
858 4234 1053 4308 ταύτης
1097 4235 1431 4312 φαινόμενος.
1470 4236 1754 4305 Ὡσαύτως
1800 4238 1854 4297 δὲ
1905 4240 1997 4298 xui

393 4326 487 4394 τῆς
512 4324 748 4403 εἰρήνης’
799 4323 831 4396 ἢ
863 4327 933 4391 ὡς
974 4325 1122 4404 πηγὴ
1155 4323 1351 4396 ταύτης
1371 4374 1387 4402 ,
1425 4327 1460 4396 ἢ
1498 4329 1569 4392 ὡς
1601 4328 1900 4406 εἷρηνεύσας
1931 4328 1998 4387 τὰ

396 4413 449 4469 ἐν
500 4414 743 4494 οὐρανῷ,
790 4413 978 4474 καὶτὰ
1029 4413 1116 4473 ἐπὶ
1165 4418 1294 4493 γῆς,
1356 4412 1390 4486 ἢ
1439 4419 1509 4483 ὡς
1538 4417 1813 4489 Δεσπότης
1862 4417 1998 4490 κτή-

406 4524 590 4577 ματος.

482 4693 512 4728 (ι
549 4671 887 4732 Ἀσπάσασθε
925 4673 1189 4746 ἀλλήλους
1239 4675 1291 4734 ἐν
1323 4674 1584 4757 φιλήματι
1636 4676 1796 4759 ἁγίῳ.
1827 4699 1856 4736 ι)
1893 4678 1988 4752 Μὴ

2039 3123 2086 3187 C

2131 922 2405 995 inquiens,
2463 922 2537 980 ob
2563 940 2788 981 causam
2844 924 2923 981 sic
2992 922 3206 995 scripsi,
3252 920 3404 995 quod
3456 920 3723 978 voluerim

2134 1012 2312 1068 minas
2341 1021 2399 1070 et
2443 1016 2787 1071 severitatem
2829 1014 2895 1070 ad
2936 1014 3143 1070 litteras
3168 1028 3348 1085 usque
3378 1026 3519 1080 esse,
3549 1026 3729 1085 neque

2128 1118 2187 1158 re
2221 1103 2334 1175 ipsa
2364 1111 2419 1160 et
2445 1104 2699 1175 operibus
2717 1104 3102 1160 demonstrari.
3128 1105 3254 1159 Non
3272 1109 3550 1159 correctos
3576 1101 3726 1158 enim

2126 1193 2359 1249 omnino
2382 1194 2585 1251 duriter
2613 1195 2843 1267 puniam
2873 1211 2936 1251 ac
2965 1210 3168 1263 severe,
3193 1193 3461 1266 quoniam
3492 1199 3727 1264 potesta-

2126 1289 2241 1338 tem
2267 1281 2422 1339 dedit
2458 1283 2590 1340 mihi
2626 1284 2915 1341 Dominus.
2948 1284 3089 1341 Hinc
3114 1283 3325 1340 indicat
3350 1280 3503 1355 quod
3520 1281 3723 1338 Domi-

2126 1388 2231 1428 nus
2267 1373 2432 1429 etiam
2467 1390 2563 1446 per
2590 1374 2794 1447 ipsum,
2824 1382 2885 1430 ut
2913 1375 3190 1445 medium,
3220 1372 3394 1446 punit.
3426 1373 3727 1429 Common-

2131 1470 2281 1518 stans
2305 1478 2470 1534 porro
2496 1464 2647 1536 quod
2669 1480 2785 1520 non
2811 1462 3091 1521 desideret
3118 1471 3391 1537 potestate
3422 1477 3521 1519 sua
3548 1461 3628 1518 uti
3657 1463 3729 1518 ad

2129 1551 2351 1607 illorum
2381 1553 2728 1624 supplicium,
2753 1555 3032 1626 apposuit,
3067 1577 3092 1602 «
3134 1555 3258 1610 Non
3287 1553 3358 1609 ad
3394 1552 3725 1610 destructio-

2127 1656 2276 1709 nem,
2309 1641 2405 1697 sed
2434 1642 2504 1699 ad
2543 1642 2967 1699 aediﬁcationem
2998 1665 3009 1700 :
3070 1667 3097 1692 ιι
3151 1642 3257 1699 hoc
3298 1650 3404 1710 est,
3449 1641 3724 1714 imprimis

2127 1731 2400 1787 Dominus
2442 1747 2555 1787 non
2583 1733 2701 1788 vult
2725 1732 3030 1801 destruere,
3084 1732 3195 1789 sive
3222 1731 3438 1804 punire,
3469 1731 3567 1787 sed
3585 1729 3727 1787 aedi-

2125 1818 2311 1889 ﬁcare,
2352 1820 2456 1877 hoc
2496 1829 2600 1889 est,
2648 1820 2986 1878 benefacere.
3050 1821 3219 1894 Atqui
3254 1820 3728 1893 incorrigibilibus

2127 1908 2564 1966 destructionem
2603 1910 2882 1980 inducere,
2913 1909 3187 1967 aediﬁcare
3216 1918 3319 1966 est.

2201 2003 2373 2056 Vnus.
2398 2006 2484 2057 ιι.
2506 2019 2535 2053 α
2556 2000 2718 2071 Quod
2737 2002 3015 2073 reliquum
3036 2009 3139 2069 est,
3158 2000 3381 2067 fratres,
3401 2000 3655 2073 gaudete.
3690 2024 3718 2050 ν

2126 2092 2263 2162 Ego,
2296 2090 2492 2163 inquit,
2522 2090 2675 2163 quod
2717 2106 2909 2147 meum
2939 2099 3023 2147 est
3066 2091 3189 2161 feci,
3240 2092 3519 2163 reliquum
3547 2098 3632 2147 est
3658 2098 3721 2146 ut

2124 2195 2222 2235 vos
2248 2188 2429 2237 vestra
2467 2181 2636 2237 etiam
2661 2180 2982 2237 conferatis.
3016 2182 3073 2238 Si
3111 2181 3259 2238 enim
3281 2181 3453 2237 vitam
3480 2189 3722 2237 vestram

2123 2269 2490 2337 correxeritis,
2526 2269 2981 2327 immarcescibile
3038 2270 3390 2343 possidebitis
3442 2270 3723 2327 conscien-

2121 2357 2212 2414 tiae
2244 2358 2530 2430 gaudium,
2561 2360 2777 2415 etiamsi
2813 2360 2986 2416 tristia
3014 2360 3171 2415 vobis
3200 2360 3418 2416 locutus
3448 2359 3579 2415 sim.

2197 2464 2226 2499 «
2255 2448 2460 2520 Integri
2485 2455 2680 2504 estote.
2714 2470 2744 2499 »
2792 2449 2914 2505 Hoc
2934 2456 3038 2517 est,
3082 2446 3313 2519 perfecti
3347 2456 3545 2516 estote,
3576 2454 3634 2503 et
3661 2446 3720 2504 in

2119 2536 2393 2607 doctrina,
2413 2538 2537 2594 etin
2561 2537 2832 2607 moribus,
2853 2554 2916 2594 ac
2938 2538 3146 2612 replete
3170 2553 3294 2611 quae
3316 2538 3523 2595 desunt
3541 2537 3717 2594 vobis.

2193 2740 2219 2765 ‹‹
2251 2715 2696 2773 Consolationem
2721 2716 2967 2788 accipite.
2995 2740 3023 2766 ››
3042 2716 3181 2790 Quia
3199 2718 3389 2773 multa:
3413 2718 3577 2789 321
3607 2716 3721 2775 fue-

2114 2814 2245 2862 runt
2284 2806 2617 2862 tentationes
2641 2814 2695 2862 et
2721 2807 2980 2879 pericula,
3012 2807 3490 2876 Consolationem,
3519 2807 3718 2881 inquit,

2115 2895 2341 2968 accipite
2385 2902 2440 2951 et
2474 2912 2505 2951 a
2549 2895 2701 2952 vobis
2746 2896 2901 2968 ipsis,
2951 2905 3004 2952 et
3050 2896 3186 2951 alter
3245 2896 3315 2952 ab
3362 2897 3556 2966 altero,
3587 2905 3642 2953 et
3685 2912 3715 2953 a

2113 2985 2521 3057 permutatione
2549 2985 2711 3041 vestri
2740 2985 2793 3041 in
2825 2985 3044 3041 melius.
3092 2988 3291 3057 Magna
3320 2985 3475 3042 enim
3517 3001 3720 3043 conso-

2116 3074 2249 3130 latio
2278 3079 2380 3141 est,
2401 3073 2738 3130 conscientia
2769 3074 2934 3131 bona.

2192 3186 2217 3212 α
2282 3163 2439 3219 Idem
2492 3164 2683 3235 sapite,
2743 3180 2937 3236 pacem
2986 3164 3200 3220 habete.
3259 3188 3285 3214 η
3344 3167 3466 3221 Hoc
3498 3180 3717 3238 quoque

2115 3253 2171 3309 in
2207 3254 2392 3324 priore
2425 3254 2667 3325 Epistola
2711 3254 2780 3309 ab
2838 3255 2903 3309 iis
2957 3255 3116 3326 petiit
3164 3271 3265 3311 ceu
3300 3254 3711 3311 dissidentibus.

2114 3340 2395 3413 Contingit
2447 3351 2632 3397 autem
2693 3342 2843 3398 idem
2887 3358 3076 3414 sapere
3104 3344 3158 3399 in
3189 3344 3549 3399 unanimitate
3577 3343 3717 3399 doc-

2112 3431 2297 3493 trinae.
2327 3446 2523 3502 pacem
2562 3446 2689 3487 vero
2717 3447 2829 3487 non
2859 3447 3116 3488 exercere
3158 3433 3217 3487 in
3264 3441 3453 3490 mutua
3486 3448 3718 3489 conver-

2112 3520 2356 3575 satione.
2399 3520 2656 3591 Utraque
2692 3535 2820 3592 ergo
2852 3520 2982 3591 ipsis
3008 3522 3211 3577 Paulus
3237 3522 3496 3594 postulat.

2187 3630 2213 3657 σι
2260 3610 2333 3663 Et
2374 3610 2528 3663 Deus
2574 3608 2719 3676 pacis
2750 3617 2806 3664 et
2835 3608 3151 3665 dilectionis
3198 3611 3307 3666 erit
3330 3610 3633 3669 vobiscum.
3683 3634 3710 3660 ι

2108 3700 2236 3755 Non
2282 3697 2463 3754 solum
2492 3698 2835 3765 adhortatur,
2882 3714 3071 3754 verum
3101 3698 3269 3755 etiam
3295 3701 3710 3772 ex0ptationem

2109 3788 2297 3861 adjicit
2327 3810 2339 3844 :
2375 3787 2457 3843 vel
2494 3803 2562 3843 ne
2593 3787 2709 3844 haec
2733 3786 2957 3860 quidem
2985 3797 3068 3844 est
3101 3790 3400 3859 exoptatio,
3433 3790 3528 3846 sed
3567 3790 3707 3861 ejus,

2109 3877 2260 3950 quod
2288 3885 2689 3950 consequenter
2732 3876 2978 3932 futurum
3020 3885 3120 3943 est,
3151 3877 3437 3949 praedictio
3469 3896 3483 3933 :
3528 3879 3702 3934 nimi-

2107 3982 2257 4035 rum,
2316 3966 2368 4022 Si
2404 3982 2595 4039 pacem
2649 3966 2791 4022 inter
2819 3982 2916 4022 vos
2950 3966 3212 4034 alueritis,
3263 3971 3418 4024 Deus
3458 3967 3561 4023 erit
3606 3982 3707 4023 vo-

2107 4056 2345 4112 biscum.
2392 4054 2681 4111 Charitatis
2729 4062 2913 4111 autem
2964 4059 3110 4111 Deus
3157 4054 3383 4120 dicitur,
3420 4056 3503 4112 vel
3556 4056 3706 4127 quod

2106 4143 2232 4201 fons
2279 4144 2349 4200 sit
2398 4143 2585 4217 hujus,
2634 4145 2714 4199 vel
2764 4143 2916 4217 quod
2971 4160 3092 4200 eam
3131 4160 3259 4217 erga
3306 4160 3409 4200 nos
3447 4144 3707 4202 eximiam

2107 4234 2413 4291 ostenderit
2435 4252 2447 4289 :
2466 4234 2545 4288 vel
2569 4232 2721 4305 quod
2743 4233 2835 4289 ubi
2866 4233 2935 4288 sit
2960 4234 3222 4303 charitas,
3266 4234 3377 4291 illic
3406 4243 3462 4290 et
3482 4235 3596 4306 ipse
3615 4235 3706 4304 sit,

2107 4333 2162 4381 et
2189 4324 2465 4380 Dominus
2511 4322 2674 4395 hujus
2732 4332 3009 4395 appareat.
3067 4323 3332 4381 Similiter
3379 4333 3433 4381 et
3486 4325 3634 4398 pacis
3689 4347 3702 4383 :

2105 4414 2217 4471 sive
2265 4412 2416 4487 quod
2456 4413 2582 4469 fons
2632 4414 2704 4469 sit
2749 4412 2936 4485 hujus,
2993 4413 3107 4470 sive
3137 4414 3283 4487 quod
3321 4425 3439 4471 tam
3472 4431 3598 4488 qua:
3649 4416 3707 4471 in

2106 4505 2271 4573 coelo,
2302 4519 2472 4576 quam
2499 4518 2625 4574 qua:
2662 4517 2830 4575 super
2856 4512 3055 4559 terram
3100 4504 3414 4575 pacaverit;
3441 4504 3522 4559 vel
3555 4503 3708 4577 quod

2020 4605 2073 4669 Ι)
2101 4597 2173 4654 sit
2199 4593 2469 4649 Dominus
2493 4592 2634 4666 ejus,
2660 4601 2923 4664 tanquam
2966 4592 3341 4665 possessionis.

2171 4686 2354 4740 Vens.
2380 4687 2466 4737 12.
2500 4705 2524 4729 ‹‹
2554 4682 2795 4737 Salutate
2810 4697 2905 4737 vos
2928 4690 3124 4738 mutuo
3150 4680 3207 4737 in
3220 4681 3409 4738 osculo
3433 4689 3646 4739 sancto.
3670 4705 3698 4733 ι

392 4760 606 4842 ὓπούλῳ
660 4762 752 4821 xui
795 4763 1029 4843 δολερῷ,
1070 4766 1140 4831 ὥς
1168 4768 1197 4823 ὁ
1254 4763 1491 4832 Ἰούδας⁹
1537 4765 1623 4824 διὰ
1674 4772 1829 4827 τοῦτο
1884 4767 1989 4848 γὰρ

2116 4775 2226 4829 Non
2260 4771 2440 4827 fucato
2493 4786 2557 4827 ac
2593 4770 2810 4839 doloso,
2860 4769 3024 4828 Judaz
3065 4771 3253 4827 instar.
3319 4773 3547 4841 Propter
3598 4770 3704 4827 hoc

392 4853 676 4930 φιλοῦμεν,
732 4849 819 4911 ἵνα
893 4854 1099 4929 μᾶλλον
1166 4854 1509 4932 ἀνακαίωμεν
1573 4854 1671 4928 τὴν
1738 4857 1989 4935 ἀγάπηνο

390 4940 573 5011 ἐπειδὴ
634 4940 696 5000 τὸ
722 4941 894 5018 στόμα
947 4942 1061 5001 ἐστὶ
1103 4942 1341 5019 μάλιστα
1391 4947 1495 5002 τῶν
1522 4944 1697 5004 ἄλλων
1726 4948 1899 5021 μελῶν
1930 4948 1991 5007 τὸ

392 5030 712 5106 συνδεσμοῦν
780 5030 871 5098 τὰς
925 5030 1119 5113 ψυχάς.
1186 5032 1295 5092 Καὶ
1339 5032 1443 5113 γὰρ
1491 5033 1582 5093 xui
1642 5034 1775 5096 οἴκοι
1820 5040 1991 5096 ἐπαν-

395 5116 552 5206 ιόντες
576 5118 675 5191 τὴν
727 5117 912 5179 ἕνωσιν
970 5121 1234 5197 δηλοῦμεν
1260 5121 1336 5194 ³9,
1385 5125 1461 5203 τῷ
1507 5123 1732 5200 στόματι
1774 5127 1993 5206 φιλοῦν-

389 5229 495 5295 τες.
521 5205 601 5266 Ἢ
631 5206 724 5267 xui
768 5208 950 5277 ἐπειδῆ
1012 5210 1132 5276 ναός
1183 5212 1342 5288 ἐσμεν
1389 5218 1482 5271 τοῦ
1519 5213 1689 5288 Θεοῦ,
1735 5205 1992 5295 πρόθυρον

392 5294 447 5355 δὲ
471 5295 657 5356 τούτου
686 5302 780 5357 τοῦ
811 5303 938 5357 ναοῦ
972 5297 1033 5357 τὸ
1062 5299 1237 5377 στόμα
1259 5345 1272 5369 ,
1306 5298 1375 5357 τὰ
1414 5300 1652 5383 πρόθυρα
1699 5294 1954 5384 φιλοῦμεν
1977 5326 1990 5341 ⁸

392 5382 478 5475 διὰ
518 5384 719 5445 τούτων
748 5385 851 5467 γὰρ
879 5390 985 5447 τῶν
1020 5386 1296 5470 προθύρων
1326 5382 1624 5471 εἰσέρχεται
1670 5382 1991 5475 ὁ-Χριστὸς,

390 5470 515 5533 ὅταν
544 5479 903 5553 κοινωνῶμεν.

2099 4862 2248 4918 enim
2285 4860 2619 4928 osculamur,
2650 4868 2711 4915 ut
2746 4860 2921 4932 magis
2959 4860 3321 4918 accendamus
3347 4859 3702 4917 charitatem.

2100 4954 2243 5007 Nam
2280 4966 2341 5006 os
2392 4964 2505 5021 prae
2559 4949 2778 5005 caeteris
2825 4949 3095 5005 membris
3165 4950 3373 5005 animas
3426 4950 3704 5020 praecipue

2100 5039 2399 5096 connectit.
2446 5040 2590 5094 Nam
2631 5038 2866 5094 domum
2917 5037 3140 5104 reversi,
3190 5039 3445 5095 osculum
3476 5037 3698 5110 ﬁgendo

2102 5129 2369 5185 unionem
2416 5127 2807 5198 signiﬁcamus.
2860 5126 2960 5182 Vel
3025 5126 3152 5200 quia
3207 5127 3475 5199 templum
3513 5143 3706 5185 sumus

2104 5218 2235 5285 Dei,
2261 5217 2426 5289 hujus
2447 5225 2634 5273 autem
2650 5216 2842 5287 templi
2854 5216 3189 5272 vestibulum
3211 5224 3295 5273 est
3324 5231 3410 5285 os,
3434 5216 3706 5273 vestibula

2104 5307 2437 5364 osculamur.
2507 5310 2611 5363 Per
2664 5306 2785 5362 haec
2851 5305 3003 5361 enim
3061 5305 3335 5362 vestibula
3398 5304 3707 5379 ingreditur

2104 5396 2377 5465 Christus,
2405 5394 2629 5471 quando
2653 5393 3152 5453 communicamus.

1812 5579 2007 5644 Variae
2048 5585 2351 5649 lectiones.

458 5678 771 5773 ³⁵⁸,ἔ3ιιιοιέρειν
794 5678 1237 5773 καθαίρεσιν-2
1264 5682 1518 5773 Αῆτοὶᾉτὴν
1546 5687 1756 5773 κόλασιν
1775 5705 1790 5721 °
1828 5688 1947 5773 ἀλλ’
1970 5692 2259 5771 οἰκοδομεῖν
2284 5696 2417 5752 θέλει
2445 5712 2505 5754 o.
2582 5694 2627 5731 ⁸⁷
2670 5694 3085 5771 ἀνοικοδομῆτοις
3121 5692 3363 5773 ἐπιφέρειν
3387 5713 3433 5750 τ·
3466 5714 3521 5753 κο
3552 5692 3700 5749 οἶκο’

388 5760 520 5833 δομή
549 5760 683 5816 ἔστιν
710 5776 766 5819 o.
796 5761 841 5796 ⁸³
862 5761 1038 5818 ἄλλων
1066 5778 1119 5819 0.
1192 5762 1237 5798 ⁸⁸
1263 5764 1534 5834 δηλοῦντες
1560 5774 1633 5843 τῷ
1659 5770 1808 5843 στόμ.
1831 5771 2073 5847 φιλοῦμεν
2098 5760 2164 5834 ο.
