4134 6414
415 425 509 479 951

415 637 542 695 dem
571 653 668 710 per
717 637 970 695 osculum
1019 637 1320 705 connectit,
1369 636 1621 693 absentes
1676 645 1865 693 autem
1918 652 2014 708 per

413 727 823 785 salutationem.
853 730 976 784 [mo
1002 734 1060 784 et
1077 726 1243 784 hosce
1292 725 1579 784 connectit
1621 741 1687 783 os
1719 742 1732 781 :
1765 741 1895 783 nam
1944 726 2014 783 ab

418 832 516 876 ore
541 816 799 875 salutatio
826 816 1210 889 proﬁciscitur.

486 909 668 964 Vsus.
718 912 806 963 13.
854 925 886 960 α
930 907 1118 965 Gratia
1159 905 1389 962 Domini
1417 905 1597 963 nostri
1621 906 1757 962 Jesu
1783 903 2009 975 Christi,

422 1004 481 1053 et
528 996 771 1053 charitas
817 995 939 1064 Dei,
973 1002 1032 1052 et
1084 996 1521 1053 communicatio
1574 996 1745 1051 sancti
1774 994 2014 1066 Spiritus

415 1086 491 1144 sit
514 1101 645 1143 cum
669 1084 929 1142 omnibus
972 1084 1149 1142 vobis.
1182 1088 1382 1141 Amen.
1410 1107 1436 1133 ιι
1481 1089 1791 1158 Postquam
1814 1099 2013 1141 omnes

414 1174 783 1247 conjunxerit,
830 1173 954 1231 Filii
997 1174 1260 1248 gratiam,
1300 1190 1459 1231 more
1497 1173 1684 1243 solito,
1735 1174 1817 1229 eis
1854 1188 2015 1229 com-

411 1272 687 1337 precatur,
713 1279 811 1336 per
860 1278 1031 1337 quam
1057 1263 1294 1321 servavit
1337 1279 1462 1334 nos,
1493 1279 1613 1320 non
1653 1278 1720 1320 ex
1749 1262 2015 1334 operibus

412 1353 640 1423 nostris,
683 1351 783 1411 sed
833 1368 899 1410 ex
942 1352 1135 1427 gratia,
1180 1360 1451 1409 mactatus
1493 1352 1611 1425 ipse
1655 1367 1759 1424 pro
1787 1351 1949 1408 nobis
1996 1370 2010 1407 :

412 1456 481 1498 ac
503 1441 857 1499 dilectionem
903 1443 1106 1510 Patris,
1135 1457 1242 1515 qua
1272 1441 1465 1499 dilexit
1500 1456 1628 1511 nos,
1684 1441 1822 1498 dans
1866 1441 2013 1498 Uni-

411 1531 658 1603 genitum
712 1546 814 1603 pro
859 1531 1037 1589 nobis.
1070 1533 1358 1605 Tanquam
1398 1538 1585 1588 autem
1616 1531 2013 1603 interrogatus,

408 1618 691 1676 undenam
718 1618 842 1676 Filii
891 1620 1069 1692 gratia
1110 1619 1386 1687 adveniat,
1432 1622 1516 1676 Ex
1559 1619 1759 1687 Patris,
1814 1619 2012 1691 inquit,

409 1706 729 1766 dilectione.
767 1706 915 1780 Quid
940 1724 1070 1766 vero
1098 1707 1334 1766 effecit?
1359 1708 1815 1766 communionem
1833 1709 2010 1765 sancti

411 1796 676 1867 Spiritus,
705 1796 811 1854 hoc
837 1805 942 1866 est,
973 1796 1457 1870 participationem
1485 1804 1543 1853 et
1568 1795 2009 1869 assumptionem

407 1884 550 1957 ejus,
594 1900 705 1958 qua
742 1886 1181 1953 sanctiﬁcamur,
1210 1885 1452 1943 adventu
1479 1886 1719 1958 Spiritus
1745 1884 2011 1944 Paracleti

404 1973 466 2031 in
514 1989 618 2033 nos
651 1976 945 2049 participes
986 1976 1163 2047 ipsius
1194 1974 1347 2043 facti,
1374 1975 1491 2032 imo
1521 1983 1578 2031 et
1602 1975 1706 2047 ipsi
1753 1974 1813 2029 in
1836 1973 2005 2046 Spiri-

405 2071 527 2121 tum
554 2072 956 2137 permutamur,
997 2079 1114 2120 non
1141 2064 1401 2133 essentia,
1427 2063 1525 2121 sed
1551 2062 2000 2136 participatione.

401 2152 514 2210 Ubi
553 2168 684 2210 vero
710 2161 854 2221 sunt,
882 2153 975 2225 qui
1003 2152 1270 2224 Spiritum
1293 2160 1548 2209 sanctum
1574 2152 1849 2225 rejiciunt,
1875 2151 2006 2225 quia

401 2241 468 2299 in
501 2242 670 2314 322
698 2241 967 2314 principio
1019 2240 1397 2312 Epistolarum
1425 2241 1609 2315 ipsum
1654 2257 1772 2298 non
1807 2242 2006 2314 ponit?

402 2332 490 2388 En
508 2330 628 2404 jam
676 2330 878 2403 posuit,
925 2338 981 2387 et
1031 2330 1274 2387 Trinitas
1312 2330 1475 2387 tibia
1504 2330 1676 2388 Paulo
1732 2331 2004 2403 complete

402 2425 782 2477 enumeratur.
823 2422 929 2477 Per
955 2435 1129 2493 quam
1160 2419 1400 2476 veritatis
1439 2420 1703 2494 dogmata
1768 2420 2006 2479 ﬁrmiter

400 2509 724 2579 retinentes,
765 2524 832 2567 ac
870 2510 1041 2566 vitam
1077 2510 1460 2581 incorruptam
1491 2509 1842 2567 ostendentes
1865 2526 2003 2566 con-

403 2613 709 2668 servemur,
757 2607 822 2655 ut
848 2614 1038 2656 revera
1088 2597 1312 2671 perfecti
1339 2598 1535 2667 simus,
1579 2599 1844 2671 utrinque
1902 2614 2004 2656 nos

400 2695 551 2744 recte
594 2687 882 2759 habentes,
934 2696 990 2747 et
1033 2689 1136 2744 Dei
1165 2688 1224 2743 in
1263 2688 1533 2744 Trinitate
1578 2686 1809 2760 perfecti
1859 2689 1998 2743 servi

400 2776 624 2849 perfecti
645 2777 926 2839 declarati.
961 2777 1066 2838 Cui
1110 2775 1284 2851 gloria
1306 2777 1367 2834 in
1408 2776 1611 2835 secula
1644 2776 1998 2834 saaculorum.

402 2867 610 2923 Amen.

1441 418 1956 478 THEOPHYLACTI
1994 417 2350 476 BULGABIAEI
2388 419 2703 476 ARCHIEP.

490 570 517 598 σι
565 548 820 605 Salutant
846 561 945 605 vos
984 546 1164 605 sancti
1210 509 1424 605 omnes.
1462 567 1490 596 υ
1544 549 1848 604 Prmsentes
1889 546 2015 620 qui-
2047 548 2101 614 Α

3621 419 3728 474 952

2217 572 2243 599 σι
2274 544 2625 616 Ἀσπάζονται
2645 546 2806 624 ξῦμᾶς
2844 548 2893 605 οῖ
2916 542 3056 624 ἅγιοι
3100 542 3312 611 πάντες.
3356 564 3385 600 ιι
3444 542 3583 612 Τοὺς
3631 541 3727 621 μὲν

2120 634 2386 714 παρόντας
2410 636 2495 695 διὰ
2533 643 2624 695 τοῦ
2654 634 2954 716 φιλήματος
2982 634 3272 709 συνάπτει,
3305 630 3426 700 τοὺς
3474 632 3530 693 δὲ
3563 633 3731 692 ἀπόν-

2119 750 2214 794 τας
2237 726 2324 785 διὰ
2378 730 2471 798 τῆς
2518 724 2864 807 προσρήσεως
2887 743 2902 758 ⁸
2953 724 3046 784 καὶ
3081 724 3296 792 τούτους
3338 723 3393 782 δὲ
3440 722 3501 783 τὸ
3549 723 3724 801 στόμα

2121 816 2377 876 συνάπτει
2400 839 2414 853 ο
2446 815 2554 874 ἀπὸ
2582 814 2686 895 γὰρ
2717 813 2978 892 στόματος
3013 817 3043 885 ἦ
3072 812 3382 893 πρόσρησις.

2202 931 2227 960 ε
2271 905 2343 966 Ἦ
2374 904 2527 985 χάρις
2561 910 2654 965 τοῦ
2687 904 2886 985 Κυρίου
2926 907 3082 981 ἡμῶν
3124 902 3303 976 Ἰησοῦ
3337 904 3606 983 Χριστοῦ,
3633 902 3727 963 καὶ

2121 998 2155 1066 ἡ
2181 993 2368 1073 ἀγάπη
2411 1001 2505 1055 τοῦ
2538 995 2714 1066 Θεοῦ,
2756 991 2849 1052 καὶ
2880 997 2915 1064 ἡ
2946 991 3191 1053 κοινωνία
3233 997 3325 1052 τοῦ
3370 991 3523 1069 ἁγίου
3546 991 3729 1053 Πνεύ-

2120 1107 2314 1161 ματος,
2367 1082 2504 1161 μετὰ
2553 1083 2770 1143 πάντων
2822 1085 2993 1160 ὕμῶν.
3031 1081 3225 1156 Ἀμήν.
3260 1108 3285 1136 α
3318 1080 3546 1154 Ἐπειδὴ
3610 1105 3729 1142 συν·

2118 1176 2253 1253 ’ἦψεν
2322 1172 2591 1245 ἅπαντας,
2645 1170 3156 1253 ἐπεύχεται-,αὐτοῖς
3203 1170 3343 1231 κατὰ
3395 1170 3455 1229 τὸ
3512 1171 3721 1247 εἰωθὸς,

2119 1251 2218 1333 τῆν
2245 1261 2401 1342 χάριν
2449 1267 2543 1322 τοῦ
2584 1251 2880 1334 Υῐοῦ,ηδι’
2938 1251 3003 1332 ἧς
3042 1262 3241 1320 ἔσωσεν
3297 1264 3474 1338 ἡμᾶς,
3529 1265 3625 1318 οὐκ
3674 1260 3729 1329 ἐξ

2120 1352 2285 1430 ἔργων
2318 1351 2632 1432 ἡμετέρων,
2666 1349 2808 1411 ἀλλὰ
2854 1351 3072 1431 χάριτι,
3116 1348 3337 1432 σφαγεὶς
3397 1348 3555 1416 αὐτὸς
3593 1350 3728 1431 ὓπὲρ

2119 1444 2307 1518 ἡμῶν·
2337 1441 2429 1500 καὶ
2479 1440 2576 1515 τὴν
2616 1439 2829 1518 ἀγάπην
2883 1445 2975 1499 τοῦ
3033 1440 3269 1519 Πατρὸς,
3323 1437 3390 1511 ἣν
3441 1438 3724 1518 ἠγάπησεν

2128 1535 2298 1608 ἡμᾶς,
2360 1529 2479 1598 δοὺς
2527 1529 2617 1589 τὸν
2665 1533 2943 1607 Μονογενῆ
2985 1528 3120 1611 ὑπὲρ
3169 1530 3345 1606 ἡμῶν.
3377 1527 3601 1588 εΩσανεὶ
3670 1528 3723 1587 δὲ

2121 1618 2427 1701 ἐρωτηθείς·
2478 1619 2651 1681 Πόθεν
2694 1624 2727 1692 ἡ
2755 1620 2911 1699 χάρις
2939 1623 3034 1678 τοῦ
3059 1620 3190 1678 Υἳοῦ
3206 1636 3226 1697 ;
3280 1617 3439 1700 φησὶν
3456 1662 3475 1692 ,
3516 1616 3596 1676 ὅτι
3623 1616 3726 1679 Ἐκ

2119 1713 2215 1777 τῆς
2260 1714 2352 1770 τοῦ
2406 1708 2619 1789 Πατρὸς
2666 1709 2904 1786 ἀγάπης.
2957 1706 3028 1768 Τί
3070 1706 3127 1768 δὲ
3185 1706 3547 1786 κατώρθωσες
3607 1707 3725 1779 Τὴν

2120 1799 2398 1859 κοινωνίαν
2427 1805 2520 1859 τοῦ
2563 1796 2715 1878 ἁγίου
2768 1795 3113 1875 Πνεύματος,
3150 1798 3423 1868 τουτέστι,
3480 1796 3579 1868 τὴν
3620 1820 3722 1873 με·

2042 1860 2092 1924 Β
2119 1888 2285 1969 τοχὴν
2333 1891 2524 1963 αὐτοῦ,
2573 1860 2665 1948 καὶ
2718 1885 2816 1961 τὴν
2859 1860 3196 1968 μέτάληῷιν,
3244 1889 3363 1946 καθ’
3393 1860 3460 1959 ἦν
3511 1860 3722 1963 άγιάζό-

2115 1984 2281 2057 μεθα,
2470 1976 2551 2055 ἐφ’
2595 1982 2741 2056 ἡμᾶς
2809 1975 3144 2059 ἐπιφοιτήσει
3208 1981 3299 2035 τοῦ
3358 1976 3723 2055 Παρακλήτου

2114 2066 2352 2126 κοινωνοὶ
2380 2068 2541 2126 αὐτοῦ
2570 2065 2873 2144 γενόμενοι,
2903 2065 2995 2127 καὶ
3028 2068 3253 2145 Πνεῦμα
3279 2064 3373 2125 καὶ
3412 2065 3595 2142 αὐτοὶ,
3624 2068 3722 2125 οὐκ

2115 2156 2303 2238 οὐσίᾳ,
2344 2155 2484 2215 ἀλλὰ
2524 2155 2728 2233 μεθέξει
2754 2155 2920 2226 ὄντες.
2962 2158 3080 2217 Ποῦ
3102 2155 3160 2214 δέ
3206 2159 3338 2215 εἰσιν
3370 2159 3427 2216 οἱ
3461 2154 3523 2215 τὸ
3556 2158 3726 2214 ΙΙνεῦ-

2114 2270 2193 2326 μα
2249 2250 2582 2319 ἀθετοῦντες,
2639 2244 2772 2304 διότι
2820 2245 2897 2321 μὴ
2957 2246 3012 2303 ἐν
3068 2247 3211 2326 ἀρχῇ
3249 2247 3354 2303 τῶν
3386 2245 3723 2306 Ἐπιστολῶν

2113 2335 2244 2395 αὐτὸ
2294 2334 2528 2409 τίθησιν;
2575 2334 2712 2395 Ἰδοὺ
2764 2332 2868 2414 γὰρ
2902 2333 3139 2408 τέθεικε,
3188 2333 3281 2393 καὶ
3339 2337 3373 2406 ἡ
3428 2334 3594 2414 Τριάς
3638 2357 3723 2393 σοι

2113 2424 2522 2507 ἀπηρτισμένως
2571 2423 2675 2483 ὑπὸ
2741 2429 2836 2483 τοῦ
2892 2423 3112 2485 Παύλου
3163 2422 3578 2503 ἄπηρίθμηται·
3633 2424 3723 2503 ὑφ’

2110 2506 2173 2588 ἧς
2205 2506 2624 2595 συντηροίμεθα,
2648 2512 2719 2572 τά
2748 2536 2805 2572 τε
2845 2512 3092 2592 δόγματα
3144 2516 3236 2584 τῆς
3292 2512 3543 2584 ἀληθείας
3581 2534 3721 2571 κατ-

2111 2604 2318 2684 ἔχοντες
2344 2602 2608 2683 βεϐαίως,
2644 2601 2738 2662 καὶ
2768 2601 2857 2661 τὸν
2903 2601 3014 2682 βίον
3053 2601 3366 2684 ἀδιάςρθορον
3417 2602 3716 2661 ἐπιδεικνύ-

2113 2717 2286 2773 μενοι,
2329 2691 2420 2754 ἵνα
2450 2697 2529 2775 τῷ
2566 2693 2677 2753 ὄντι
2720 2691 3133 2771 κατηρτισμένοι
3181 2691 3360 2768 ὦμεν,
3392 2692 3719 2774 ἀμφοτέρω-

2111 2790 2197 2843 θεν
2223 2786 2398 2850 καλῶς
2452 2786 2663 2863 ἔχοντες
2683 2828 2702 2860 ,
2750 2779 2842 2839 καὶ
2887 2782 3063 2863 δοῦλοι
3087 2780 3279 2841 τέλειοι
3306 2788 3399 2841 τοῦ
3427 2780 3631 2841 τελείου
3664 2783 3719 2840 ἐν

2112 2872 2309 2954 Τριάδι
2337 2859 2887 2947 Θεοῦδεικνύμενον
2917 2859 2963 2952 ᾧ
2999 2875 3032 2943 ἡ
3081 2869 3204 2940 δόξα
3240 2872 3313 2939 εἰς
3353 2870 3472 2938 τοὺς
3527 2873 3721 2939 αἰῶνας

2113 2966 2217 3023 τῶν
2239 2961 2469 3023 αἰώνων.
2507 2961 2699 3039 Ἀμήν.

1272 3177 2849 3339 ΘΕΟΦΥΑΑΚΤΟΥ

1119 3434 2156 3519 ΑΡΧΙΕΠΙΣΚΟΠΟΥ
2233 3432 2786 3514 ΒΟΥΛΓΑΡ
2811 3431 3001 3509 ΙΑΣ

1206 3747 1534 3875 ΤΟΥ
1628 3741 2128 3872 ΑΓΙΟΥ
2218 3737 2909 3867 ΠΑΥΛΟΥ

1250 3968 1544 4047 ΠΡΟΣ
1610 3964 2119 4053 ΓΑΛΑΤΑΣ
2198 3959 2847 4042 ΕΠΙΣΤΟΛΗΣ

1604 4143 2491 4285 ΕΞΗΓΗΣΙΣ.

1314 4505 2826 4668 THEOPHYLACTI

1560 4751 1959 4811 BULGARLE
1994 4746 2560 4809 ARCHIEPISCOPI

903 4895 1539 4992 EPISTOLJE
1609 4896 1877 4988 DIVI
1953 4891 2314 4985 PAULI
2396 4890 2551 4981 AD
2630 4887 3192 4981 GALATAS

1641 5070 2463 5184 EXPOSITIO.

397 5376 462 5445 εν
489 5378 516 5391 ··
578 5373 747 5448 323
777 5372 1300 5435 ARGUMENTUM
1337 5376 1697 5435 EPISTOLzE
1722 5375 1825 5432 AD

1023 5465 1378 5523 GALATAS.

394 5560 397 5561 '
466 5552 644 5609 Multa
667 5551 1000 5609 uehementia
1029 5561 1082 5611 et
1108 5548 1486 5624 indignatione
1508 5557 1775 5624 refertum
1799 5558 1883 5609 est
1907 5568 2004 5608 ex-

393 5640 628 5706 ordium,
649 5645 705 5698 et
724 5642 985 5698 unica-sa
1002 5658 1175 5715 prope
1188 5644 1405 5699 modum
1428 5645 1675 5715 Epistota
1705 5662 1726 5699 :
1739 5647 2000 5715 perpetuo

396 5732 537 5785 enim
573 5733 926 5787 mansuetum
972 5748 1084 5789 esse
1111 5748 1241 5803 erga
1268 5734 1587 5807 discipulos,
1630 5736 1730 5803 qui
1753 5735 2001 5805 increpa-

2110 5366 2509 5430 ΥΠΟΘΕΣΙΣ
2601 5365 2765 5425 ΤΗΣ
2844 5363 3054 5424 ΠΡΟΣ
3125 5364 3492 5428 ΓΑΛΑΤΑΣ
3551 5365 3715 5428 ΕΠΙ-

2743 5453 3086 5515 ΣΤΟΔΗΣ.

2194 5569 2225 5601 (ί
2261 5545 2479 5606 Πολλοῦ
2526 5542 2588 5603 τὸ
2641 5542 2917 5623 προοίμιον
2962 5542 3116 5621 γέμει
3166 5545 3333 5620 θυμοῦ
3358 5588 3377 5622 ,
3422 5542 3516 5603 καὶ
3561 5551 3714 5603 πᾶσα

2108 5634 2297 5715 σχεδὸν
2380 5637 2414 5705 ἡ
2473 5629 2773 5703 Ἐπιστολή
2796 5650 2810 5666 ·
2868 5629 2931 5690 τὸ
2998 5630 3101 5711 γὰρ
3183 5631 3269 5690 ἀεὶ
3326 5632 3713 5691 ἐπιεικεύεσθαι

2107 5731 2217 5790 τοῖς
2298 5722 2566 5799 μαθηταῖς
2641 5717 2971 5793 ἐπιπλήξεως
3051 5719 3353 5800 δεομένοις,
3430 5722 3490 5780 οὗ
3565 5720 3713 5779 διδα-
