4134 6410
364 418 470 476 953

1295 421 1650 479 EXPOSITIO
1690 423 1754 477 IN
1794 421 2004 478 EPIST.
2041 422 2133 479 AD
2172 420 2415 478 GALAT.
2448 452 2517 462 —
2555 422 2704 478 CAP.
2747 423 2787 478 1.

3563 424 3671 479 954

365 541 589 605 σκάλου.
645 544 821 604 Τοῦτο
875 543 968 604 καὶ
1018 544 1303 627 ὁμΚύριος
1357 556 1533 607 ποιεῖ·
1584 546 1677 607 τόν
1725 571 1783 607 τε
1853 547 1958 627 γὰρ

2075 547 2219 603 tione
2255 563 2390 618 opus
2420 547 2631 616 habent,
2662 563 2770 603 non
2816 552 2896 604 est
2945 547 3074 603 boni
3115 550 3478 621 praeceptoris.
3519 549 3671 607 Idem

368 633 576 713 Πέτρον
654 634 986 715 μακαρίσας,
1045 625 1160 695 εἶτα
1199 625 1308 696 καὶ
1360 639 1610 719 ἐπιτιμᾷ·
1675 637 1768 697 καὶ
1840 625 1960 705 τοὺς

367 719 612 804 μαθητὰς
654 721 711 781 δὲ
759 722 1039 793 ἀσυνέτους
1091 725 1375 787 ἀποκαλεῖ.
1434 726 1546 788 Καὶ
1591 728 1810 793 Παῦλος
1866 724 1960 804 μὲν

363 800 456 870 οῦν
509 812 604 871 καὶ
657 810 786 894 πρὸς
855 811 1077 897 ἄλλους’-
1118 813 1216 892 μὲν
1290 815 1536 897 γράφων,
1606 800 1965 895 αὗστηρότητι

364 900 661 981 κέχρηται,
754 899 936 982 ὥσπερ
1016 893 1107 962 οῦν
1186 893 1340 984 πρὸς-
1401 893 1731 985 Κορινθίουςο
1787 893 1962 982 μάλι-

364 1012 467 1050 στα
568 988 626 1048 δὲ
695 990 825 1071 πρὸς
907 990 1158 1061 Γαλάτας
1233 991 1465 1063 τούτους.
1529 992 1624 1061 εἮ
1704 991 1760 1053 δὲ
1817 992 1963 1052 αἰτία

362 1077 584 1150 τοιαύτη
609 1102 622 1116 ·
695 1081 766 1140 Οἱ
851 1078 907 1149 ἐξ
985 1080 1261 1141 Ἰουδαίων
1335 1080 1752 1161 πιστεύσαντες,
1848 1081 1962 1157 ἅμα

364 1166 464 1245 μὲν
521 1171 616 1228 τοῦ
672 1167 924 1251 πατρῴου
988 1168 1154 1246 νόμου
1210 1168 1488 1251 ἐχόμενοι,
1539 1170 1653 1248 ἅμα
1703 1173 1759 1233 δὲ
1816 1171 1963 1229 διδοί-

363 1258 556 1316 σκαλοι
651 1247 798 1316 εἶναι*
834 1247 846 1251 ’
889 1258 1193 1339 ὀρεγόμενοι
1213 1247 1275 1333 ,η
1310 1247 1589 1319 ἐδίδασκον
1665 1260 1916 1328 Γαλάτας
1942 1307 1960 1340 ,

361 1344 444 1405 ὅτι
490 1347 570 1405 δεῖ
631 1345 1078 1427 περιτέμνεσθαι,
1132 1348 1226 1409 καὶ
1278 1347 1549 1410 Σάϐϐατα
1607 1349 1699 1408 καὶ
1767 1372 1964 1425 νουμη-

362 1434 476 1502 νίας
520 1439 741 1516 τηρεῖν·
804 1437 924 1504 τοὺς
969 1437 1070 1518 γὰρ
1129 1438 1253 1519 περὶ
1311 1437 1520 1519 Πέτρον
1588 1437 1697 1519 μὴν,
1742 1438 1963 1498 κωλύειν

359 1531 551 1586 ταῦτα.
617 1526 728 1586 Καὶ
803 1527 1014 1600 ἀληθῶς
1045 1517 1140 1606 ίγε
1198 1517 1294 1587 οὔκ
1350 1517 1580 1587 ἐκώλυον
1640 1517 1812 1604 οὗτοι,
1864 1529 1966 1608 οὐχ

362 1616 435 1683 ὣς
515 1613 951 1693 δογματίζοντες,
1011 1616 1131 1674 ἀλλ’
1181 1617 1253 1684 ὥς
1325 1615 1839 1695 συγκαταϐαίνοντες
1893 1621 1961 1697 τῇ

364 1702 610 1782 ἀσθενείᾳ
713 1707 819 1763 τῶν
898 1704 952 1775 ἐξ
1046 1703 1315 1766 Ἰουδαίων
1397 1707 1825 1766 πεπιστευκότων
1874 1706 1963 1781 ⁴⁰,

362 1782 440 1859 οἶς
507 1791 599 1851 καὶ
647 1792 962 1877 ἐκήρυττον.
1018 1792 1086 1855 Ὁ
1139 1794 1195 1854 δὲ
1254 1796 1467 1862 Παῦλος
1538 1795 1711 1856 ἔθνεσι
1769 1795 1965 1877 κηρύτ-

2073 639 2239 693 etiam
2258 639 2516 693 Dominus
2542 640 2684 707 agit.
2718 638 2849 694 Cum
2874 639 3015 693 enim
3042 640 3264 694 Petrum
3292 639 3505 695 beatum
3525 655 3674 710 prat-

2069 726 2309 782 dicasset
2336 719 2385 799 δ,
2408 732 2602 797 postea
2632 728 2820 783 itidem
2847 726 3107 797 objurgat
3123 745 3141 794 ;
3170 742 3237 782 ac
3263 727 3556 799 discipulos
3585 732 3669 785 in-

2071 818 2248 872 doctos
2286 820 2338 872 et
2385 822 2631 873 carentes
2674 817 2950 872 intellectu
2997 815 3306 888 appellat‘.
3354 824 3424 872 Ac
3470 819 3671 875 Paulus

2071 910 2207 962 certe
2233 906 2455 977 quidem
2491 906 2568 961 ad
2596 907 2730 962 alios
2756 907 3011 975 scribens,
3053 908 3375 962 austeritate
3404 921 3536 963 usus
3572 913 3671 977 est,

2071 996 2520 1066 quemadmodum
2543 996 2618 1050 ad
2632 995 2968 1068 Corinthios]
2994 1015 3012 1064 ;
3035 997 3376 1066 potissimum
3393 1001 3576 1053 autem
3602 998 3676 1054 ad

2074 1085 2303 1143 Galatas
2342 1084 2517 1141 hosce.
2573 1086 2746 1143 Causa
2794 1100 2922 1140 vero
2951 1088 3033 1141 est
3061 1085 3388 1156 hujusmodi.
3442 1085 3549 1154 Qui
3606 1102 3676 1142 ea:

2070 1175 2278 1231 Iudaeis
2306 1175 2381 1230 ad
2406 1176 2567 1246 ﬁdem
2610 1179 2962 1242 accesserant,
2986 1178 3196 1246 partim
3221 1176 3442 1247 quidem
3479 1178 3676 1247 patria

2073 1264 2183 1333 lege
2214 1263 2442 1329 detenti,
2467 1266 2680 1335 partim
2709 1279 2833 1319 vero
2880 1264 3115 1320 doctores
3151 1279 3261 1320 esse
3285 1264 3674 1331 desiderantes,

2073 1353 2341 1408 docebant
2370 1354 2595 1412 Galatas
2624 1353 3079 1410 circumcisionem
3099 1368 3214 1409 esse
3246 1354 3675 1422 retinendam,et

2069 1443 2314 1499 Sabbata
2366 1448 2417 1499 et
2450 1445 2762 1499 neomenias
2792 1443 3079 1499 servanda.
3126 1445 3269 1501 Nam
3312 1445 3464 1499 Petri
3516 1444 3678 1499 disci-

2068 1533 2194 1603 puli
2257 1534 2368 1588 hcec
2440 1548 2547 1588 non
2607 1534 2886 1590 vetabant.
2944 1534 3026 1590 Ac
3078 1548 3268 1589 revera
3323 1530 3495 1605 334
3550 1533 3679 1602 qui-

2072 1624 2196 1678 dem
2221 1623 2322 1677 isti
2330 1638 2435 1678 non
2450 1622 2740 1692 vetabant,
2762 1637 2868 1678 non
2905 1621 3053 1693 quod
3086 1623 3168 1676 ita
3190 1621 3461 1685 docerent,
3482 1636 3675 1677 verum

2073 1713 2217 1784 quod
2244 1712 2563 1782 infirmitati
2595 1727 2799 1775 eorum,
2840 1713 2940 1781 qui
2963 1726 3032 1767 ea:
3075 1710 3277 1767 Iudaeis
3304 1710 3675 1777 crediderant,

2071 1801 2569 1870 condescenderent,
2607 1801 2810 1871 quibus
2839 1801 3007 1855 etiam
3040 1800 3439 1871 praedicabant.
3472 1801 3676 1855 Paulus

362 1904 503 1973 των,
532 1883 593 1940 οὗ
647 1871 832 1962 χρείαν
879 1871 994 1963 εἶχε
1047 1886 1145 1956 τῆς
1219 1882 1674 1961 συγκαταϐάσεως
1746 1871 1964 1958 ταύτης.

2072 1907 2205 1947 vero
2222 1892 2322 1961 qui
2329 1889 2571 1960 gentibus
2583 1890 2946 1963 praedicabat,
2968 1890 3089 1945 ista
3111 1888 3548 1946 condescensione
3566 1904 3676 1944 non

359 1968 501 2032 Ὀτι
524 1975 650 2050 γοῦν
698 1974 752 2031 ἐν
803 1972 960 2054 χρεία
989 1971 1231 2052 γέγονεν,
1285 1973 1381 2032 καὶ
1425 1973 1579 2040 αὐτὸς
1626 1973 1963 2053 συγκατέϐη,

362 2060 454 2118 καὶ
482 2059 765 2142 περιέτεμε
812 2060 909 2140 μὲν
962 2060 1052 2120 τὸν
1102 2062 1401 2141 Τιμόθεον,
1451 2065 1710 2142 ἡγνίσατο
1763 2063 1820 2124 δὲ
1867 2064 1964 2122 αὖ-

359 2147 450 2216 τὸς
503 2149 647 2209 κατὰ
698 2149 789 2210 τὸν
843 2149 1028 2228 νόμον.
1087 2150 1232 2213 Ἀλλ’
1287 2155 1336 2211 οἱ
1390 2154 1697 2220 ἀπατεῶνες
1765 2154 1823 2213 οὗ
1878 2152 1964 2213 λέ-

360 2261 543 2317 γοντες
585 2238 681 2305 τὰς
728 2237 933 2312 αἰτίας,
1000 2241 1066 2298 δι’
1092 2239 1156 2309 ἃς
1184 2240 1277 2300 καὶ
1329 2243 1378 2300 οῗ
1434 2241 1557 2322 περὶ⁵
1609 2240 1815 2321 Πέτρον
1874 2242 1965 2301 καὶ

363 2327 511 2387 αὐτοὶ
578 2331 749 2387 ταῦτα
811 2328 1055 2401 ἐποίουν,
1115 2331 1522 2411 παρελογίζοντο
1592 2329 1712 2396 τοὺς
1769 2332 1964 2410 ἄφελε-

363 2418 611 2497 στέρους,
692 2415 785 2477 καὶ
866 2417 998 2478 αὐτὸ
1075 2418 1255 2497 μέντοι
1313 2426 1472 2480 τοῦτο
1550 2420 1625 2487 εἰς
1708 2419 1965 2492 διαϐολὴν

366 2505 590 2567 Παύλου
673 2503 992 2590 προέφερον,
1067 2508 1130 2568 τὸ
1202 2507 1332 2568 ποτὲ
1420 2507 1519 2587 μὲν
1593 2503 1963 2588 περιτέμνειν,

365 2594 498 2655 ποτὲ
580 2594 636 2654 δὲ
708 2597 940 2676 ἀναιρεῖν
1021 2596 1119 2671 τὴν
1201 2597 1531 2679 περιτομὴν,
1603 2599 1694 2657 καὶ
1774 2597 1965 2658 ἄλλοτε

368 2682 512 2743 ἄλλα
580 2683 864 2765 κηρύσσειν
884 2707 899 2723 ’
978 2685 1071 2746 καὶ
1144 2686 1235 2746 ἐπὶ
1327 2695 1526 2760 πᾶσιν,
1606 2689 1679 2753 ὣς
1753 2687 1814 2746 οὔ
1889 2688 1971 2746 δεῖ

371 2772 583 2856 Παύλῳ
636 2774 936 2848 πείθεσθαι,
1014 2775 1071 2842 ὃς
1125 2775 1242 2837 οὔτε
1315 2773 1548 2855 Χριστὸν
1624 2765 1791 2850 εἶδεν,
1846 2774 1966 2837 οὔτε

372 2863 536 2923 αὐτοῦ
582 2863 697 2922 ἐστι
745 2863 1021 2943 μαθητὴς,
1069 2865 1208 2924 ἀλλὰ
1267 2867 1371 2926 τῶν
1431 2864 1741 2924 ἀποστόλων
1771 2882 1786 2897 ⁸
1845 2864 1968 2934 τοὺς

376 2950 435 3010 δὲ
485 2951 609 3032 περὶ
664 2951 873 3034 Πέτρον
936 2957 1008 3021 ὡς
1062 2952 1329 3022 αὐτόπτας
1390 2952 1802 3034 προσδέχεσθαι.
1864 2956 1967 3015 Διὰ

370 3045 550 3101 ταῦτα
635 3041 810 3102 τοίνυν
899 3042 1124 3117 διακαὴς
1211 3041 1309 3115 τὴν
1386 3042 1598 3125 ψυχὴν,
1693 3043 1967 3118 συντίθησι

360 3128 460 3203 τὴν
543 3128 873 3203 Ἐπιστολήν
905 3153 921 3169 °
993 3131 1084 3191 καὶ
1166 3131 1375 3212 πρῶτόν
1449 3154 1511 3211 γε
1589 3131 1721 3213 πρὸς
1794 3135 1963 3195 ἐκεῖνο

2072 1980 2372 2050 indigebat.
2400 1979 2481 2034 At
2503 1980 2554 2035 si
2589 1978 2807 2049 quando
2831 1993 2964 2049 opus
2988 1982 3142 2042 esset,
3181 1980 3296 2048 ipse
3340 1979 3513 2033 etiam
3532 1977 3678 2034 obse-

2073 2069 2347 2126 cundabat
2373 2087 2393 2122 :
2429 2069 2554 2124 hinc
2582 2072 2658 2124 est
2693 2069 2838 2139 quod
2881 2068 3276 2124 circumciderit
3311 2068 3672 2132 Timotheum,

2072 2159 2322 2230 quodque
2356 2160 2476 2230 ipse
2516 2160 2892 2229 sanctiﬁcatus
2922 2160 2995 2214 sit
3036 2157 3331 2213 secundum
3358 2157 3545 2227 legem.
3574 2158 3678 2214 At-

2071 2250 2168 2318 qui
2190 2250 2504 2319 impostores
2533 2264 2639 2303 non
2682 2247 2971 2304 reddentes
3010 2262 3205 2303 causas
3253 2262 3352 2302 cur
3386 2249 3578 2303 Petrus
3627 2250 3677 2302 et

2072 2339 2170 2408 qui
2195 2353 2316 2393 cum
2344 2339 2461 2408 ipso
2508 2340 2679 2402 erant,
2713 2337 2855 2392 talia
2881 2338 3146 2405 facerent,
3186 2336 3527 2407 decipiebant
3554 2338 3678 2392 sim-

2068 2428 2336 2499 pliciores,
2359 2430 2411 2481 et
2439 2429 2619 2482 tamen
2663 2426 2759 2481 hoc
2794 2428 2983 2496 ipsum
3024 2427 3086 2480 in
3123 2427 3292 2481 Pauli
3340 2426 3676 2480 calumniam

2068 2516 2451 2586 proferebant,
2488 2514 2634 2585 quod
2678 2513 2837 2570 alias
2886 2513 3302 2583 circumcideret,
3354 2513 3495 2569 alias
3554 2529 3678 2569 vero

2073 2606 2526 2661 circumcisionem
2566 2604 2793 2667 tolleret,
2827 2607 2877 2658 et
2921 2602 3068 2657 alias
3112 2604 3235 2659 alia
3285 2603 3619 2674 praedicaret
3652 2622 3670 2655 .-

2074 2699 2125 2749 et
2143 2709 2265 2764 prce
2315 2694 2580 2754 omnibus,
2613 2693 2782 2749 Paulo
2840 2707 2945 2747 non
3000 2707 3112 2748 esse
3172 2692 3675 2763 obtemperantium,

2074 2785 2274 2854 quippe
2303 2785 2404 2854 qui
2429 2797 2600 2853 neque
2621 2781 2896 2837 Christum
2923 2781 3168 2850 vidisset,
3194 2797 3367 2852 neque
3393 2782 3517 2852 ejus
3546 2784 3680 2836 esset

2072 2873 2389 2943 discipulus,
2418 2872 2511 2928 sed
2535 2872 2921 2945 apostolorum.
2948 2874 3169 2927 Petrum
3186 2876 3387 2935 autem,
3440 2886 3560 2926 cum
3582 2886 3681 2925 ca:-

2074 2964 2205 3017 teris
2241 2962 2525 3033 apostolis,
2564 2977 2658 3016 ceu
2681 2975 2766 3016 eos
2805 2963 2906 3031 qui
2931 2962 3041 3032 ipsi
3079 2961 3352 3018 Christum
3394 2960 3677 3029 vidissent,

2072 3051 2456 3122 suscipiendos.
2508 3052 2625 3105 Has
2658 3051 2727 3105 ab
2778 3065 2975 3105 causas
3005 3052 3189 3106 animo
3232 3064 3480 3105 accensus
3522 3049 3678 3119 Apo-

2071 3142 2261 3209 stolus,
2285 3140 2589 3212 Epistolam
2629 3140 2766 3195 hanc
2811 3140 3120 3195 conscribit.
3161 3140 3243 3195 Ac
3278 3141 3523 3210 primum
3551 3140 3677 3208 qui-

373 3220 744 3295 ἀποτείνεται,
827 3220 857 3281 ὃ
928 3222 1120 3281 ἐκεῖνοι
1196 3222 1374 3298 ἔλεγον
1447 3218 1802 3302 διορύττοντες
1872 3226 1966 3285 αὗ-

2078 3230 2200 3286 dem
2227 3246 2282 3286 eo
2310 3246 2609 3286 sermonem
2638 3230 2857 3300 dirigit,
2884 3229 3031 3301 quod
3055 3230 3150 3285 illi
3174 3230 3441 3292 dicebant,
3484 3229 3678 3298 perfo-

364 3314 457 3368 τοῦ
507 3308 605 3382 τὴν
635 3308 931 3393 ὑπόληψιν,
979 3309 1060 3369 ὅτι
1124 3311 1175 3371 δι
1221 3309 1316 3387 μὲν
1349 3309 1500 3370 ἄλλοι
1552 3314 1643 3372 τοῦ
1692 3312 1964 3392 Χριστοῦ,

378 3397 532 3466 αὐτὸς
588 3397 645 3458 δὲ
690 3402 796 3459 τῶν
848 3398 1158 3461 ἀποστόλων
1214 3398 1327 3475 ἐστὶ
1394 3399 1637 3478 μαθητής
1668 3417 1686 3436 ’
1738 3400 1818 3463 διὸ
1875 3402 1967 3462 καὶ

370 3485 536 3556 οὕτως
557 3488 814 3569 ἄρχεται*
844 3510 876 3549 ι)

2075 3320 2281 3375 dientes
2308 3323 2393 3376 ita
2413 3325 2465 3376 et
2492 3321 2750 3376 elevantes
2775 3321 2891 3390 ejus
2916 3322 3345 3387 aestimationem,
3387 3318 3676 3385 nimirum,

2075 3410 2221 3479 quod
2247 3409 2354 3464 alii
2397 3410 2618 3479 quidem
2659 3412 2831 3464 essent
2858 3408 3080 3477 Christi,
3110 3411 3226 3479 ipse
3269 3423 3390 3463 vero
3424 3407 3680 3477 apostolo-

2073 3512 2198 3553 rum
2221 3499 2540 3561 discipulus.
2570 3499 2721 3570 PrOp
2729 3503 2877 3553 terea
2930 3500 3006 3555 sic
3024 3498 3243 3554 orditur
3275 3513 3296 3551 :

878 3781 1981 3902 THEOPHYLACTI
2065 3779 3162 3899 COMMENTARIUS

1452 4034 1536 4101 IN
1578 4034 2010 4101 EPISTOLAM
2055 4035 2162 4099 AD
2210 4030 2589 4100 GALATAS.

730 4339 779 4399 K
792 4337 1193 4400 ΕΦΔΛᾹΙΟΝ
1244 4335 1596 4399 ΠΡΩΤΟΝ.

456 4472 487 4510 α
532 4454 749 4520 Παῦλος
791 4451 1116 4526 ἀπόστολος,
1139 4453 1233 4511 οὐκ
1264 4451 1360 4512 ἀπ’
1391 4449 1683 4534 ᾇνθρώπων
1703 4495 1722 4530 ,
1745 4450 1865 4512 οὖδὲ
1900 4451 1967 4510 δι’

367 4541 666 4621 ἀνθρώπου.
699 4567 723 4594 ι
775 4541 987 4609 Εὐθέως
1031 4544 1241 4621 ἀναιρεῖ
1273 4540 1336 4601 τὸ
1369 4532 1505 4601 εἶναι
1532 4538 1822 4620 ἀνθρώπων
1853 4565 1967 4620 μα-

364 4630 552 4703 θητής.
600 4633 721 4692 Οὔκ
767 4632 862 4691 ἀπ’
917 4629 1209 4711 ἀνθρώπων
1246 4629 1385 4713 γὰρ,
1447 4629 1566 4691 ἀλλ’
1596 4629 1825 4706 ἄνωθεν,
1872 4629 1966 4689 καὶ

365 4721 462 4778 ἀπ’
493 4721 717 4800 οὐρανοῦ
753 4717 950 4795 ἐκλήθη
973 4743 987 4758 °
1020 4719 1115 4780 καὶ
1156 4721 1216 4779 οὐ
1258 4722 1324 4780 δι’
1352 4718 1670 4801 ἀνθρώπου,
1715 4720 1834 4779 ἀλλ’
1864 4720 1964 4778 αὖ·

364 4814 457 4868 τοῦ
500 4815 594 4869 τοῦ
638 4810 900 4890 Χριστοῦ.
956 4808 1254 4870 Ἐϐοίπτισε
1305 4807 1401 4888 μὲν
1440 4809 1544 4889 γὰρ
1601 4807 1759 4868 αὐτὸν
1814 4807 1967 4869 Ἄνα-

368 4897 516 4966 νίας⁶
564 4899 682 4959 ἀλλ’
734 4902 833 4959 οὔκ
870 4900 1065 4967 ἐκεῖνος
1117 4898 1248 4980 πρὸς
1302 4898 1400 4971 τὴν
1453 4897 1635 4957 πίστιν
1683 4897 1966 4980 ἐκάλεσεν,

368 4988 490 5047 ἀλλ’
530 4987 626 5048 ἄπ’
656 4989 877 5068 ούρανοῦ
927 4992 956 5048 ὁ
1005 4976 1255 5070 Χριστός.
1306 4988 1411 5049 Διὰ
1467 4986 1520 5046 τί
1564 4986 1621 5046 δὲ
1664 4988 1762 5048 οὐκ
1803 4976 1962 5062 εἷπε,

375 5077 591 5146 Παῦλος
634 5076 856 5151 κλητὸς,
897 5079 1017 5138 ἀλλ’
1035 5122 1054 5153 ,
1114 5099 1146 5138 α
1191 5077 1509 5146 Ἀπόστολος
1522 5100 1543 5156 ;
1575 5099 1604 5136 ι)
1643 5078 1793 5137 Διότι
1841 5076 1964 5157 περὶ

367 5164 556 5226 τούτου
584 5175 691 5234 πᾶς
715 5157 781 5238 ἦν
813 5169 843 5226 ὃ
880 5166 1068 5246 λόγος,
1117 5166 1379 5245 λεγόντων
1426 5167 1507 5226 ὅτι
1539 5166 1628 5247 ὑπ’
1671 5164 1963 5247 ἀνθρώπων

367 5255 662 5323 ἀπόστολος
694 5245 1121 5337 κεχειροτόνητοξο
1151 5256 1281 5338 πρὸς
1329 5260 1485 5316 τοῦτο
1531 5245 1622 5315 οῦν
1657 5245 1928 5315 ἐνίσταται
1944 5300 1963 5335 ,

371 5343 575 5412 δεικνὺς
602 5343 685 5404 ὅτι
713 5346 807 5405 οὖκ
832 5345 943 5405 ἔστι
970 5349 1148 5409 τοῦτο.

436 5479 464 5518 ⁸³
493 5485 696 5544 Matth.
725 5502 858 5555 1m,
891 5494 979 5546 l7.
1055 5488 1072 5526 ί
1106 5488 1305 5546 Matth.
1332 5503 1440 5560 xv,
1476 5492 1562 5548 16.
1634 5486 1650 5530 ³
1688 5491 1711 5547 Ι
1748 5490 1875 5547 Cor.
1907 5502 1968 5558 v,
2001 5494 2055 5545 2.

1983 4353 2036 4416 D

2474 4342 2642 4416 325
2672 4342 2911 4402 CAPUT
2945 4342 3268 4401 PRIMUM.

2144 4461 2325 4520 Vns.
2359 4466 2409 4517 1.
2459 4481 2485 4509 α
2510 4460 2716 4517 Paulus
2744 4459 3028 4533 apostolus
3057 4474 3178 4516 non
3213 4456 3284 4514 ab
3327 4455 3675 4525 hominibus,

2072 4564 2254 4623 neque
2281 4566 2378 4623 per
2405 4549 2718 4606 hominem.
2760 4572 2786 4600 ιο
2850 4549 3011 4605 Illico
3065 4545 3217 4621 quod
3265 4545 3561 4602 hominum
3603 4545 3679 4601 sit

2071 4639 2373 4712 discipulus
2391 4639 2562 4695 tollit.
2591 4639 2715 4695 Non
2744 4637 2814 4694 ab
2841 4635 3166 4694 hominibus
3193 4633 3367 4702 enim,
3400 4632 3501 4690 sed
3523 4648 3553 4689 ο
3576 4649 3674 4689 su-

2072 4727 2279 4800 pernis,
2329 4727 2575 4801 adeoque
2602 4726 2820 4785 cmlitus
2861 4734 3087 4783 vocatus
3118 4723 3266 4793 fuit;
3304 4732 3362 4779 et
3417 4737 3533 4778 non
3581 4736 3677 4793 per

2071 4816 2376 4884 hominem,
2406 4816 2504 4874 sed
2530 4832 2626 4890 per
2661 4817 2843 4888 ipsum
2867 4815 3173 4873 Christum.
3200 4811 3508 4886 Baptizavit
3552 4810 3678 4883 qui-

2072 4904 2205 4963 dem
2231 4906 2418 4979 ipsum
2454 4904 2718 4974 Ananias,
2748 4906 2848 4962 sed
2891 4905 2939 4961 is
2968 4903 3040 4960 ad
3070 4902 3239 4960 ﬁdem
3272 4916 3391 4958 non
3432 4899 3668 4968 vocavit,

2071 5010 2265 5053 verum
2285 5010 2315 5052 e
2337 4995 2493 5052 caelis
2538 4993 2807 5053 Christus.
2858 4996 2933 5051 At
2986 5008 3089 5050 cur
3112 5007 3226 5049 non
3263 4990 3426 5060 dixit,
3468 4989 3674 5046 Paulus

2071 5092 2321 5155 vocatus,
2363 5083 2483 5155 sed,
2527 5106 2550 5135 α
2589 5082 2971 5157 Apostolus?»
3025 5081 3172 5156 Quia
3198 5080 3301 5137 hac
3326 5078 3398 5136 de
3442 5093 3505 5136 re
3554 5085 3673 5134 tota

2070 5182 2191 5231 erat
2231 5174 2462 5248 quaestio
2492 5182 2656 5247 atque
2683 5187 2899 5240 sermo;
2922 5171 3180 5228 dicebant
3235 5168 3383 5226 enim
3422 5165 3574 5240 quod
3600 5166 3670 5223 ab

2074 5264 2392 5321 hominibus
2439 5262 2719 5337 apostolus
2745 5262 2951 5319 electus
2973 5267 3137 5317 esset.
3169 5257 3486 5316 Adversum
3526 5255 3666 5312 istuc

2073 5368 2202 5428 ergo
2221 5352 2497 5424 renititur,
2527 5350 2822 5410 ostendam
2858 5364 2977 5408 rem
3002 5362 3124 5407 esse
3154 5347 3315 5405 aliter
3343 5345 3564 5404 habere.

1756 5622 1946 5685 Varia
1984 5622 2284 5687 lectiones.

436 5735 484 5771 ⁴⁸
504 5735 838 5792 πιστευόντων
868 5751 922 5795 ο.
