4134 6422
475 469 576 523 955

544 593 702 650 «Sed
733 611 829 667 per
868 598 1057 654 Jesum
1098 598 1403 666 Christum,
1457 604 1514 653 et
1570 600 1751 652 Deum
1818 593 2057 660 Patrem,
2091 594 2149 657 A

475 683 567 755 qui
596 685 880 741 suscitavit
917 703 1044 743 eum
1080 704 1111 743 a
1141 687 1396 744 mortuis.
1432 710 1457 736 ιο
1480 685 1651 758 Atqui
1677 689 1814 741 Acta
1847 689 2069 755 aposto-

476 773 658 829 lorum
709 790 738 829 a
779 775 982 847 Spiritu
1019 785 1207 832 sancto
1269 776 1519 833 indicant
1562 789 1688 831 eum
1723 779 2070 846 segregatum

475 877 594 919 esse
618 863 686 919 ad
735 865 1091 936 apostolicam
1119 865 1456 923 functionem
1480 860 1529 921 κ.
1562 863 1923 935 Perspicuum
1963 861 2068 934 igi-

475 960 566 1007 tur
607 953 749 1025 quod
779 954 854 1010 sit
879 970 984 1011 una
1013 964 1257 1028 potestas
1303 963 1359 1012 et
1394 955 1513 1012 Filii
1543 962 1598 1010 et
1637 951 1814 1010 Patris
1843 959 1898 1008 et
1945 950 2069 1023 Spi-

474 1041 634 1098 ritus.
662 1042 902 1100 Observa
945 1043 1035 1100 hic
1087 1045 1554 1118 praepositionem,
1607 1066 1631 1092 α
1667 1045 1796 1110 Per,
1853 1065 1880 1090 »
1918 1039 2070 1097 Patri

473 1132 800 1203 appositam,
852 1148 915 1189 ac
956 1135 1163 1191 Filium
1202 1135 1380 1208 primo
1427 1134 1805 1200 nominatum,
1845 1138 2071 1204 propter

475 1217 756 1276 haereticos
801 1221 894 1293 qui
927 1222 982 1278 in
1014 1222 1164 1279 hisce
1201 1222 1369 1279 rebus
1397 1221 1604 1278 curiosi
1638 1227 1792 1277 sunt.
1847 1221 2070 1291 Oppor-

471 1317 603 1365 tune
642 1319 830 1367 autem
873 1313 1132 1369 meminit
1168 1312 1364 1368 mortis
1417 1320 1470 1369 et
1528 1309 1973 1377 resurrectionis,
2009 1317 2071 1365 ut

474 1399 794 1470 persuadeat
833 1417 931 1457 eos
968 1417 1080 1458 non
1108 1401 1308 1458 diutius
1336 1401 1441 1474 legi
1482 1401 1768 1458 advertere
1798 1399 2068 1468 animum,

479 1503 607 1559 quae
642 1488 775 1544 nihil
822 1491 898 1546 eis
925 1489 1175 1548 conferre
1202 1491 1376 1563 possit
1415 1510 1429 1545 :
1473 1489 1574 1547 sed
1615 1489 1834 1546 Christo
1861 1489 2067 1561 potius,

479 1577 572 1648 qui
599 1593 698 1648 pro
747 1579 880 1650 ipsis
905 1589 1159 1637 mortuus
1187 1589 1272 1638 est
1298 1589 1355 1638 et
1395 1579 1713 1636 resurrexit.
1745 1581 1893 1635 Tum
1922 1579 2070 1650 quod

477 1682 692 1738 magna:
721 1669 788 1724 sit
845 1669 1263 1743 ingratitudinis,
1316 1687 1346 1727 a
1385 1671 1480 1726 tali
1542 1677 1806 1742 tantoque
1851 1667 2071 1726 benefa-

475 1763 627 1811 ctore
654 1756 904 1814 deﬁcere.
948 1760 1112 1816 Pater
1140 1769 1330 1816 autem
1363 1760 1544 1831 ipsum
1591 1759 1884 1816 suscitasse
1932 1757 2069 1816 dici-

476 1853 584 1914 tur,
637 1854 752 1902 tum
815 1857 1040 1920 propter
1085 1849 1403 1906 auditorum
1448 1847 1898 1917 imbecillitatem,
1947 1855 2068 1903 tum

473 1935 625 2032 quod
655 1935 724 1991 ad
748 1938 969 1993 Patrem
1003 1939 1170 1994 etiam
1195 1938 1502 1994 referantur
1525 1953 1870 2011 quaecunque
1900 1937 2071 1993 Filius
2099 1969 2147 2032 Β

471 2023 628 2081 facit.
658 2028 783 2082 Non
820 2027 1078 2084 enimille
1130 2028 1198 2084 ad
1224 2028 1468 2100 seipsum
1498 2026 1852 2083 excitandum
1899 2026 2072 2098 impo-

472 2122 596 2170 tens
642 2123 781 2184 erat,
812 2115 907 2188 qui
939 2116 994 2171 in
1038 2116 1222 2188 ipsum
1249 2115 1603 2174 credentibus
1631 2114 1780 2171 istud
1813 2114 1985 2184 dedit,
2011 2123 2074 2171 ut

477 2203 560 2258 vel
599 2203 717 2260 sola
756 2220 1051 2278 corporum
1077 2219 1306 2262 suorum
1365 2205 1559 2262 umbra
1607 2211 1858 2262 mortuos
1894 2205 2070 2262 susci-

474 2299 676 2348 tarent.

544 2385 723 2439 Vens.
758 2390 808 2439 2.
871 2407 895 2433 α
930 2387 1000 2440 Et
1029 2385 1124 2459 qui
1155 2400 1376 2442 mecum
1407 2393 1537 2442 sunt
1556 2399 1749 2441 omnes
1789 2385 2006 2440 fratres.
2039 2407 2066 2433 ι

474 2471 614 2542 Quia
652 2473 1126 2530 calumniabantur
1148 2490 1297 2545 eum,
1323 2475 1474 2548 quod
1503 2475 1657 2532 solus
1702 2475 1819 2532 haec
1872 2473 2070 2547 praedi-

473 2569 650 2631 caret,
699 2561 908 2620 indicat
954 2563 1073 2637 jam
1100 2581 1250 2620 nunc
1297 2565 1589 2638 plerosque
1626 2563 1729 2621 sibi
1776 2563 1916 2620 alios
1956 2579 2073 2621 esse

473 2649 720 2723 ejusdem
749 2652 1038 2710 sententiae
1064 2654 1374 2726 participes.

550 2764 576 2788 ιι
610 2741 865 2798 Ecclesiis
903 2742 1160 2799 Galatiae.
1196 2767 1222 2792 ιο
1262 2746 1480 2815 Reputa
1522 2743 1615 2799 hic
1656 2743 1773 2816 ejus
1817 2742 2074 2816 indigna-

475 2829 681 2886 tionem
724 2839 888 2902 atque
934 2831 1206 2888 dolorem.
1267 2835 1386 2888 Non
1414 2834 1564 2889 enim
1608 2831 1768 2900 dixit,
1819 2831 2069 2901 Dilectis,

475 2919 848 2988 sanctiﬁcatis,
901 2937 1078 2993 neque
1110 2921 1370 2978 Ecclesiis
1417 2922 1540 2990 Dei,
1571 2921 1669 2978 sed
1723 2921 2070 2992 simpliciter,

480 3032 506 3058 σι
559 3009 814 3066 Ecclesiis
865 3010 1116 3066 Galatiae.
1165 3034 1186 3059 ο
1222 3012 1360 3082 Quia
1390 3027 1520 3067 vero
1547 3010 1887 3067 dissidebant
1929 3012 2074 3068 inter

473 3114 610 3164 sese,
642 3099 782 3155 istos
810 3115 920 3155 non
948 3099 1144 3171 injuria
1183 3102 1388 3156 multas
1411 3109 1572 3157 vocat
1611 3101 1902 3157 Ecclesias.
1937 3104 2074 3158 Par-

479 3188 584 3244 tim
609 3204 736 3244 vero
766 3203 862 3245 eos
893 3187 1259 3260 pudefaciens,
1305 3191 1363 3244 in
1402 3206 1578 3246 unum
1606 3189 1813 3262 colligit
1843 3206 1937 3260 per
1967 3190 2074 3248 hoc

476 3293 704 3334 nomen.
731 3278 833 3350 Qui
874 3278 1025 3334 enim
1056 3278 1112 3333 in
1142 3280 1312 3335 multa
1349 3287 1478 3335 sunt
1499 3279 1677 3348 divisi,
1706 3296 1819 3336 non
1846 3289 2076 3352 possunt

481 3367 652 3438 326
679 3366 779 3423 hac
808 3367 1225 3425 nomenclatura
1255 3369 1532 3442 appellari,
1568 3385 1691 3442 quae
1715 3369 2072 3427 concordiam

479 3457 770 3529 signiﬁcat.

549 3547 733 3603 Vnns.
759 3553 809 3604 3.
862 3571 887 3596 «ι
912 3547 1097 3604 Gratia
1127 3548 1279 3604 vobis
1321 3557 1375 3606 et
1403 3566 1526 3622 pax.
1555 3569 1583 3602 ι)
1632 3549 1773 3621 Quia
1796 3549 2069 3622 periclita-

476 3635 679 3691 bantur
723 3653 793 3692 ne
835 3638 1010 3709 gratia
1054 3639 1386 3706 exciderent,
1440 3648 1728 3711 propterea
1773 3639 1925 3711 quod
1967 3639 2075 3695 ani-

473 3741 632 3782 mum
660 3726 728 3783 ad
757 3727 934 3800 legem
954 3730 1309 3799 applicarent,
1345 3729 1685 3800 imprecatur
1713 3728 1856 3785 hanc
1915 3729 2070 3801 ipsis.

478 3816 757 3885 Quoniam
804 3832 932 3873 vero
984 3819 1191 3890 seipsos
1235 3818 1420 3874 hostes
1470 3818 1572 3874 Dei
1638 3817 1912 3888 fecerunt,
1967 3827 2076 3875 sta-

476 3912 693 3962 tuentes
711 3907 905 3979 legalia
933 3924 1059 3980 qua:
1107 3907 1194 3964 ille
1224 3906 1562 3977 aboleverat,
1605 3905 1677 3964 ad
1703 3923 1898 3979 pacem
1949 3907 2071 3965 illos

474 4003 692 4051 revocat
723 4011 789 4052 ac
816 3995 1051 4053 reducit.

553 4108 580 4133 σι
611 4089 659 4142 Α
685 4089 802 4142 Deo
849 4088 1028 4144 Patre.
1059 4110 1085 4135 ν
1126 4090 1274 4142 Deus
1318 4090 1484 4143 Pater
1523 4094 1703 4142 vester
1755 4086 1936 4144 factus
1965 4095 2068 4144 est.

479 4174 682 4232 Unde?
720 4177 802 4230 Ex
838 4175 953 4247 lege
971 4175 1042 4231 ad
1083 4190 1249 4246 quam
1279 4176 1520 4241 inhiatis,
1538 4191 1608 4231 an
1637 4192 1704 4232 ex
1740 4175 2073 4248 baptismate

477 4263 716 4321 Christi?
741 4264 1032 4336 Quomodo
1058 4265 1229 4337 igitur
1257 4266 1588 4322 aversamini
1615 4265 2069 4321 benefactorem?

479 4354 722 4410 Observa
748 4362 934 4409 autem
967 4355 1113 4426 quod
1143 4355 1242 4421 ait,
1279 4360 1359 4411 σιΑ
1390 4359 1506 4411 Deo
1550 4358 1730 4421 Patre,
1762 4375 1789 4404 »
1839 4355 1958 4410 sine
1982 4371 2070 4409 ar-

477 4443 670 4509 ticulo,
706 4452 931 4516 propter
960 4461 1054 4500 eos
1082 4446 1174 4516 qui
1203 4446 1408 4501 Filium
1436 4447 1598 4500 Patre
1647 4444 1922 4500 minorem
1956 4459 2074 4499 csse

477 4533 833 4600 concludunt,
868 4549 934 4590 ex
973 4534 1080 4589 hoc
1107 4533 1256 4605 quod
1285 4536 1528 4589 Joannes
1569 4531 1728 4602 dicit,
1763 4555 1788 4579 «ι
1823 4535 1894 4587 Et
1915 4535 2072 4588 Deus

477 4630 595 4678 erat
638 4622 946 4691 Verbum‘,
985 4642 1012 4674 ››
1067 4623 1185 4678 sine
1223 4622 1474 4679 articulo.

553 4734 578 4760 κ
612 4713 680 4766 Et
700 4711 938 4767 Domino
965 4719 1156 4768 nostro
1181 4713 1311 4768 Jesu
1336 4711 1581 4768 Christo.
1611 4734 1636 4759 ι›
1667 4713 1796 4766 Νοιι
1835 4710 1920 4765 lex
1969 4709 2071 4766 do-

475 4801 663 4857 minus
703 4809 890 4858 noster
934 4810 1040 4870 est,
1072 4800 1171 4857 sed
1211 4801 1466 4856 Christus
1514 4802 1696 4856 Jesus.
1758 4803 1878 4872 ipsa
1907 4815 2072 4872 porro

475 4890 702 4945 nomina
738 4889 987 4946 beneﬁcii
1017 4899 1145 4947 sunt
1183 4889 1402 4945 indicia.
1447 4891 1607 4945 Jesus
1647 4889 1816 4956 enim,
1868 4890 2072 4945 velutia

478 4980 716 5052 peccatis
752 4995 974 5036 servans
1011 4981 1296 5051 populum.
1330 4978 1577 5034 Christus
1621 4995 1650 5033 a
1699 4977 1932 5050 Spiritus
1962 4995 2065 5034 un-

475 5069 680 5138 ctione,
711 5085 820 5142 qua
845 5085 942 5141 pro
981 5069 1142 5125 nobis
1192 5076 1395 5124 unctus
1437 5077 1541 5136 est,
1590 5069 1941 5124 sanctiﬁcans
1969 5085 2068 5125 na-

475 5167 659 5214 turam
683 5167 931 5216 nostram
960 5174 1055 5231 per
1083 5157 1532 5230 assumptiouem,
1560 5173 1623 5213 ac
1652 5157 1814 5214 nobis
1834 5157 2074 5230 largiens

479 5257 542 5306 ut
581 5252 660 5305 sic
700 5250 1082 5307 nominemur.

547 5341 726 5395 Vnns.
775 5345 832 5395 4.
881 5362 907 5389 α
959 5339 1074 5409 Qui
1102 5337 1255 5396 dedit
1299 5337 1652 5410 semetipsum
1693 5353 1792 5410 pro
1827 5336 2071 5410 peccatis

477 5427 700 5484 nostris.
748 5450 774 5477 ιο
813 5430 895 5484 En
932 5429 1178 5500 seipsum
1224 5426 1380 5484 dedit
1413 5445 1426 5483 :
1457 5443 1567 5483 non
1599 5427 1764 5499 igitur
1787 5435 1850 5482 ut
1879 5441 2070 5482 servus

547 5582 575 5616 κ
600 5583 730 5638 Act.
768 5595 913 5651 χιιι,
946 5586 1000 5636 2.
1077 5580 1095 5616 ¹
1124 5583 1284 5638 Joan.
1316 5595 1361 5648 ι,
1409 5586 1463 5636 1.

1496 466 2011 526 THEOPHYLACTI
2049 464 2406 522 BULGARLE
2443 465 2757 522 ARCHIEP.

3669 467 3778 520 956

2261 613 2292 650 α
2332 590 2495 651 Ἀλλὰ
2533 590 2618 650 διὰ
2657 591 2838 665 Ἰησοῦ
2880 594 3157 671 Χριστοῦ,
3202 591 3292 650 καὶ
3345 591 3488 652 Θεοῦ
3521 589 3770 670 Πατρὸς,

2178 687 2266 740 τοῦ
2323 681 2617 762 ἐγείραντος
2673 681 2827 741 αὐτὸν
2902 683 2962 740 ἐκ
3023 684 3243 762 νεκρῶν.
3301 704 3329 740 ››
3390 683 3498 741 Καὶ
3560 679 3664 757 μὴν
3719 680 3776 736 αἱ

2178 769 2406 851 Πράξεις
2454 771 2557 831 ὕπὸ
2599 775 2694 829 τοῦ
2742 769 3060 849 Πνεύματος
3117 773 3362 843 δηλοῦσιν
3402 769 3573 851 -αὗτὸν
3634 771 3774 849 ἀφο-

2181 848 2422 940 ρισθῆναι
2484 861 2555 927 εἰς
2593 858 2691 930 τὴν
2749 848 3074 932 ἀποστολήν.
3139 861 3315 932 Δῆλον
3369 848 3491 937 οῦν,
3543 857 3622 916 ὅτι
3676 848 3776 933 μία

2177 949 2384 1017 ἐξουσία
2414 951 2542 1010 Υἱοῦ
2561 995 2577 1024 ,
2608 948 2700 1008 καὶ
2742 950 3085 1028 Πνεύματος,
3126 948 3218 1009 καὶ
3250 948 3486 1028 Πατρός.
3522 947 3773 1023 Σημείω-

2179 1064 2269 1099 σαι
2301 1039 2357 1098 δὲ
2395 1039 2487 1098 καὶ
2520 1039 2615 1113 τὸ,
2675 1060 2704 1096 (ι
2731 1039 2861 1115 Διὰ,
2906 1064 2936 1096 io
2983 1038 3070 1098 ἐπὶ
3099 1045 3192 1099 τοῦ
3237 1039 3452 1118 Πατρὸς
3498 1038 3737 1112 κείμενον
3761 1081 3778 1108 ,

2177 1129 2267 1190 καὶ
2312 1132 2518 1210 πρῶτον
2547 1127 2636 1188 τὸν
2658 1128 2786 1190 Υἱὸν
2827 1129 3230 1208 ὀνομασθέντα,
3281 1127 3370 1188 διὰ
3440 1126 3562 1195 τοὺς
3607 1131 3776 1186 ταῦτα

2176 1217 2677 1300 περιεργαζομένους
2745 1217 3058 1298 αἱρετικούς.
3125 1217 3408 1300 Εὗκαίρως
3463 1217 3518 1276 δὲ
3579 1219 3777 1294 ἀναμι-

2179 1309 2403 1388 μνήσκει
2430 1313 2522 1367 τοῦ
2549 1307 2774 1368 θανάτου
2797 1308 2889 1368 καὶ
2927 1311 3021 1380 τῆς
3050 1307 3428 1385 ἄναστάσεως’,
3478 1304 3568 1364 ἵνα
3616 1305 3778 1386 πείσῃ

2179 1398 2366 1465 αὐτοὺς
2409 1397 2601 1476 μηκέτι
2636 1399 2713 1478 τῷ
2757 1399 2904 1480 νόμῳ
2937 1397 3252 1479 προσέχειν,
3300 1401 3377 1478 τῷ
3425 1395 3590 1474 μηδὲν
3643 1394 3779 1474 ὗπὲρ

2179 1491 2348 1548 αὐτῶν
2401 1486 2779 1566 εἰσενεγκόντιο
2833 1487 2972 1546 ἀλλὰ
3003 1489 3079 1568 τῷ
3109 1487 3355 1570 Χριστῷ,
3387 1490 3464 1566 τῷ
3491 1484 3622 1565 ὑπὲρ
3677 1487 3776 1543 αὖα

2177 1581 2282 1638 τῶν
2315 1576 2630 1637 ἀποθανόντι
2680 1576 2772 1637 καὶ
2804 1577 3094 1638 ἀναστάντι
3115 1602 3128 1616 ·
3181 1576 3274 1636 καὶ
3322 1574 3405 1636 ὅτι
3447 1574 3510 1636 τὸ
3541 1574 3780 1634 τοιούτου

2180 1667 2502 1751 ἀφίστασθαι
2531 1665 2832 1749 εὐεργέτου,
2875 1666 3114 1746 μεγάλης
3161 1665 3560 1746 ἀγνωμοσύνης.
3598 1663 3776 1742 Λέγε-

2177 1782 2268 1818 ται
2301 1756 2357 1816 δὲ
2389 1756 2543 1816 αὐτὸν
2575 1760 2775 1838 ἐγεῖραι
2796 1759 2824 1815 6
2855 1756 3048 1837 Πατὴρ
3068 1802 3085 1835 ,
3110 1758 3202 1816 καὶ
3228 1755 3315 1815 διὰ
3336 1755 3434 1828 τὴν
3458 1758 3561 1814 τῶν
3584 1756 3782 1833 ἀκροα-

2178 1851 2284 1908 τῶν
2315 1845 2586 1906 ἀσθένειαν
2608 1890 2624 1920 ,
2657 1844 2750 1906 καὶ
2779 1846 2910 1905 διότι
2944 1847 3016 1913 εἰς
3050 1847 3140 1907 τὸν
3174 1845 3397 1927 Πατέρα
3429 1844 3605 1904 πάντα
3645 1845 3781 1901 ἄνα-

2180 1936 2458 2021 φέρονται,
2507 1935 2606 1994 ὅσα
2655 1939 2683 1994 6
2718 1934 2843 2002 Υἱὸς
2892 1939 3056 2021 ποιεῖ.
3116 1937 3198 1997 Οὖ
3231 1934 3336 2016 γὰρ
3397 1933 3566 2006 δήπου
3625 1932 3784 1999 αὐτὸς

2179 2016 2364 2086 ἐαυτὸν
2414 2029 2612 2104 ἐγεῖραι
2663 2023 2918 2094 ἀδύνατος
2961 2016 3061 2099 ἦν,
3107 2023 3161 2092 ὃς
3209 2025 3302 2084 καὶ
3346 2032 3455 2092 τοῖς
3500 2025 3572 2090 εἷς
3623 2021 3780 2081 αὔτὸν

2178 2115 2562 2177 πιστεύσασι⁴¹
2606 2113 2800 2174 δέδωκε
2825 2114 3041 2197 νεκροὺς
3080 2113 3296 2196 ἐγείρειν
3349 2113 3455 2174 ἀπὸ
3501 2119 3651 2180 σκιᾶς
3681 2110 3780 2190 μό-

2179 2231 2271 2280 νης
2291 2209 2395 2266 τῶν
2421 2205 2683 2286 σωμάτων
2717 2206 2912 2268 αὐτῶν.

2262 2392 2284 2418 α
2319 2365 2430 2426 Καὶ
2459 2367 2507 2425 οἱ
2530 2364 2622 2425 σὺν
2677 2365 2794 2442 ἐμοὶ
2838 2364 3033 2432 πάντες
3066 2363 3306 2446 ἀδελφοί.
3339 2391 3364 2416 ιι
3411 2361 3635 2434 Ἐπειδή
3670 2362 3775 2423 διέ-

2181 2455 2377 2515 ϐαλλον
2427 2455 2583 2515 αὐτὸν
2623 2457 2692 2522 ὡς
2741 2453 2899 2532 μόνον
2929 2459 3100 2514 ταῦτα
3133 2454 3498 2535 κηρύττοντα,
3549 2452 3784 2512 δείκνυσι

2180 2551 2268 2606 νῦν
2301 2546 2353 2584 ⁴²
2381 2548 2452 2614 ὡς
2505 2543 2734 2614 πολλοὺς
2780 2543 2873 2604 καὶ
2905 2545 3096 2612 ἄλλους
3146 2544 3259 2626 ἔχει
3299 2547 3391 2616 τῆς
3413 2543 3632 2624 γνώμης
3664 2565 3784 2602 κοι-

2178 2635 2387 2703 νωνούς.

2271 2728 2459 2795 «Ταῖς
2480 2723 2827 2798 Ἐκκλησίαις
2857 2729 2951 2798 τῆς
2984 2722 3277 2792 Γαλατίας.
3305 2745 3333 2782 ι)
3371 2721 3521 2803 εὈρα
3563 2723 3652 2784 τὸν
3685 2729 3779 2782 θυ-

2184 2816 2282 2890 μὸν
2312 2815 2402 2874 καὶ
2431 2814 2526 2887 τὴν
2570 2813 2782 2886 ὀδύνην.
2825 2818 2908 2874 Οὔ
2951 2814 3054 2894 γὰρ
3099 2805 3250 2887 εἰπε,
3280 2815 3406 2881 Τοῖς
3450 2815 3780 2892 ἀγαπητοῖς,

2178 2914 2288 2972 τοῖς
2328 2903 2698 2984 ἡγιασμένοις,
2749 2902 2897 2977 οὖδὲ,
2925 2905 3058 2970 Ταῖς
3090 2902 3440 2976 Ἐκκλησίαις
3469 2908 3562 2961 τοῦ
3601 2905 3782 2977 Θεοῦ,

2182 2996 2300 3053 ἀλλ’
2353 2995 2536 3061 ἁπλῶς
2560 3039 2576 3067 ,
2634 3019 2658 3045 α
2711 2994 2848 3061 Ταῖς
2880 2992 3232 3066 Ἐκκλησίαις
3273 2995 3368 3063 τῆς
3418 2992 3707 3059 Γαλατίας.
3746 3014 3776 3049 ι

2180 3082 2338 3145 Ἐπεὶ
2364 3082 2418 3142 δὲ
2451 3083 2539 3142 καὶ
2570 3083 2965 3156 διεστασίαζον,
3018 3083 3232 3150 εἰκότως
3260 3080 3352 3141 καὶ
3399 3080 3601 3147 πολλὰς
3651 3081 3781 3141 Ἐκ·

2179 3172 2404 3246 κλησίας
2431 3171 2642 3239 τούτους
2668 3171 2909 3248 ὀνομάζει
2932 3195 2946 3210 ο
2985 3170 3101 3249 ἅμα
3142 3172 3196 3230 δὲ
3246 3169 3337 3230 καὶ
3371 3169 3634 3250 ἐντρέπων
3682 3172 3783 3228 αὗ-

2185 3262 2327 3338 τοὺς,
2359 3262 2574 3341 συνάγει
2611 3263 2682 3328 εἷς
2715 3260 2770 3320 ἓν
2797 3261 2883 3320 διὰ
2909 3266 3001 3321 τοῦ
3030 3259 3286 3339 ὀνόματος
3320 3258 3527 3320 τούτου.
3577 3261 3648 3320 Οἱ
3679 3259 3784 3339 γὰρ

2183 3357 2256 3421 εἷς
2295 3351 2468 3411 πολλὰ
2523 3349 2830 3432 διῃρημένοι
2877 3353 2937 3410 οὗ
2971 3349 3220 3410 δύνανται
3271 3349 3443 3428 ταύτῃ
3503 3351 3782 3409 καλεῖσθαι

2181 3448 2250 3525 τῇ
2279 3440 2607 3521 προσηγορίᾳ
2629 3485 2646 3514 ,
2672 3441 2708 3513 ἢ
2739 3439 3050 3522 συμφωνίαν
3083 3441 3254 3513 δηλοῖ.

2263 3559 2287 3584 ι
2324 3531 2493 3611 Χάρις
2522 3531 2646 3608 ὑμῖν
2703 3529 2793 3589 καὶ
2847 3529 3056 3607 εἰρήνη.
3110 3551 3139 3587 ι)
3199 3529 3425 3600 Ἐπειδὴ
3457 3527 3781 3588 ἐκινδύνευον

2182 3626 2276 3694 τῆς
2303 3621 2520 3702 χάριτος
2579 3621 2852 3691 ἐκπεσεῖν,
2893 3621 2953 3678 ἐκ
3002 3623 3093 3679 τοῦ
3139 3619 3422 3700 προσέχειν
3474 3621 3551 3696 τῷ
3600 3617 3779 3696 νόμῳ,

2184 3711 2468 3791 ἐπεύχεται
2522 3709 2719 3781 ταύτην
2795 3711 2998 3776 αὐτοῖς·
3071 3707 3163 3767 καὶ
3234 3707 3418 3782 ἐπειδὴ
3494 3706 3782 3782 πολεμίους

2183 3800 2400 3868 ἑαυτοὺς
2427 3805 2519 3858 τοῦ
2565 3800 2706 3859 Θεοῦ
2762 3797 3047 3871 ἐποίησαν,
3083 3800 3331 3864 ἱστῶντες
3359 3797 3426 3858 τὰ
3473 3801 3702 3874 νομικὰ,
3746 3796 3782 3855 ἃ

2183 3894 2373 3958 ἐκεῖνος
2419 3887 2754 3969 κατήργησε,
2807 3887 2936 3968 πρὸς
2986 3885 3082 3960 τὴν
3129 3886 3341 3968 εἰρήνην
3389 3886 3576 3954 αὖτοὺς
3619 3888 3783 3946 ἐπαν-

2183 3980 2322 4060 άγει.

2272 4092 2302 4128 (ι
2324 4068 2451 4130 Ἀπὸ
2485 4069 2627 4127 Θεοῦ
2662 4066 2893 4147 Πατρός.
2924 4087 2954 4124 ι)
2998 4066 3069 4126 ⁸0
3098 4065 3234 4135 Θεὸς
3271 4063 3464 4147 Πατὴρ
3496 4068 3643 4144 ὑμῶν
3675 4065 3785 4144 ἐγέ-

2183 4181 2321 4219 νετο.
2351 4156 2558 4230 Πόθενς
2590 4157 2717 4218 Ἀπὸ
2747 4161 2838 4214 τοῦ
2890 4155 3085 4232 νόμου,
3139 4155 3269 4234 πρὸς
3301 4155 3356 4215 ὃν
3408 4156 3711 4235 κεχήνατε,
3743 4155 3780 4226 ἢ

2185 4248 2291 4307 ἀπὸ
2337 4253 2426 4305 τοῦ
2475 4245 2847 4326 βαπτίσματος
2888 4251 2979 4304 τοῦ
3025 4248 3297 4323 Χριστοῦ;
3354 4248 3478 4310 Πῶς
3526 4236 3614 4304 οὖν
3649 4250 3781 4304 ἀπο-

2184 4335 2468 4417 στρέφεσθε
2521 4335 2608 4395 τὸν
2636 4335 2942 4415 εὐεργέτην,
2989 4334 3305 4410 Σημείωσαι
3354 4332 3409 4393 δὲ
3438 4334 3530 4408 τὸ,
3581 4356 3612 4391 (ι
3658 4333 3788 4393 Ἀπὸ

2184 4428 2324 4486 Θεοῦ
2355 4425 2563 4505 Πατρὸς
2581 4471 2598 4501 ,
2630 4445 2659 4481 »
2701 4423 2864 4504 χωρὶς
2890 4431 2980 4484 τοῦ
3013 4423 3206 4505 ἄρθρου
3231 4423 3472 4500 κείμενον
3496 4469 3512 4498 ,
3550 4422 3636 4481 διὰ
3665 4421 3787 4490 τοὺς

2184 4516 2439 4575 ἐλάττονα
2497 4515 2800 4590 εἰσάγοντας
2847 4512 2934 4571 τὸν
2969 4514 3136 4588 Υῖὸν,
3168 4516 3227 4573 ἐκ
3274 4519 3365 4572 τοῦ
3411 4512 3786 4587 τὸνλωάννην

2102 4591 2152 4652 D
2179 4605 2349 4686 λέγειν
2373 4629 2386 4642 ο
2420 4633 2443 4656 α
2468 4603 2578 4664 Καὶ
2609 4601 2743 4670 Θεὸς
2771 4593 2833 4674 ἧν
2867 4605 2893 4661 6
2924 4601 3118 4682 Λόγος,
3149 4624 3179 4660 ι)
3211 4601 3376 4683 χωρὶς
3407 4603 3619 4683 ἄρθρου.

2273 4719 2301 4753 (ι
2333 4695 2439 4756 Καὶ
2469 4691 2668 4773 Κυρίου
2699 4695 2851 4768 ἡμῶν
2872 4691 3052 4764 Ἰησοῦ
3078 4694 3334 4773 Χριστοῦ.
3366 4714 3395 4749 ι)
3429 4692 3551 4772 Οὐχ
3579 4695 3606 4749 6
3629 4691 3788 4768 νόμος

2182 4789 2332 4863 ἡμῶν
2365 4783 2577 4863 κύριος,
2622 4781 2738 4841 ἀλλ’
2785 4784 2813 4839 6
2841 4781 3070 4860 Χριστὸς
3126 4783 3356 4853 Ἰησοῦς.
3411 4781 3522 4840 Καὶ
3554 4781 3687 4839 αὐτὰ
3731 4779 3786 4838 δὲ

2181 4878 2247 4934 τὰ
2277 4874 2546 4952 ὀνόματα,
2577 4874 2671 4942 τῆς
2702 4870 3000 4950 εὐεργεσίας
3025 4871 3341 4930 ἐνδεικτικοί.
3393 4869 3604 4941 Ἰησοῦς
3640 4869 3744 4949 γὰρ
3767 4913 3785 4946 ,

2182 4971 2251 5034 ὡς
2273 4963 2379 5025 ἀπὸ
2411 4966 2513 5022 τῶν
2546 4963 2823 5040 ἁμαρτιῶν
2841 4961 3044 5027 ’σώσας
3071 4961 3158 5020 τὸν
3207 4960 3332 5018 λαόν
3355 4983 3368 4997 ·
3416 4959 3507 5016 καὶ
3554 4957 3788 5039 Χριστὸς

2182 5056 2235 5116 δὲ
2256 5103 2271 5130 ,
2301 5053 2407 5112 ἀπὸ
2435 5056 2529 5121 τῆς
2558 5056 2650 5109 τοῦ
2702 5049 3013 5127 Πνεύματος
3051 5049 3309 5132 χρίσεως,
3344 5048 3410 5121 ἣν
3449 5045 3602 5129 ιῦπὲρ
3631 5049 3788 5125 ἡμῶν

2183 5144 2428 5226 ἔχρίσθη,
2485 5139 2712 5220 ἁγιάσας
2777 5138 2875 5212 τὴν
2941 5140 3095 5219 φύσιν
3155 5140 3208 5197 ἐν
3264 5142 3343 5220 τῷ
3398 5135 3786 5220 προσλήματι,

2183 5235 2274 5295 καὶ
2306 5234 2423 5300 δοὺς
2442 5238 2572 5308 ἡμῖν
2597 5227 2762 5297 οὕτως
2784 5228 3158 5308 ὀνομάζεσθαι.

2269 5347 2298 5383 ‹‹
2328 5327 2438 5384 Τοῦ
2461 5322 2638 5387 δόντος
2684 5319 2868 5379 ἑαυτὸν
2907 5319 3028 5400 περὶ
3068 5323 3173 5378 τῶν
3209 5317 3490 5398 ἁμαρτιῶν
3535 5321 3715 5392 ἡμῶν.
3747 5336 3779 5374 ιι

2181 5413 2318 5476 Ἰδοὺ
2351 5411 2536 5472 ἑαυτὸν
2581 5409 2805 5470 δέδωκεν
2834 5433 2847 5447 ·
2881 5411 2975 5468 οὐκ
3015 5409 3117 5488 ἄρα
3153 5411 3222 5476 ὣς
3274 5409 3454 5475 δοῦλος
3502 5405 3787 5486 ὕπούργη-

1881 5658 2071 5718 Variae
2113 5656 2417 5717 lectiones.

549 5767 588 5801 ⁴¹
617 5766 895 5821 πιστεύουσι
923 5783 1002 5824 m.
1075 5769 1119 5803 ¹’²
1147 5765 1208 5820 αὖ
1235 5783 1290 5824 ο.
