  <div class='ocr_page' id='page_1' title='image "/cluster/home/n/w/nwhite01/storage/ocr_20150623/124:no.2/coo.31924054870294/486.png"; bbox 0 0 4134 6412; ppageno 0'>
   <div class='ocr_carea' id='block_1_1' title="bbox 407 465 509 517">
    <p class='ocr_par' dir='ltr' id='par_1_1' title="bbox 407 465 509 517">
     <span class='ocr_line' id='line_1_1' title="bbox 407 465 509 517; baseline -0.01 0"><span class='ocrx_word' id='word_1_1' title='bbox 407 465 509 517; x_wconf 82' lang='grc'><strong>957</strong></span> 
     </span>
    </p>
   </div>
   <div class='ocr_carea' id='block_1_2' title="bbox 1289 461 2790 522">
    <p class='ocr_par' dir='ltr' id='par_1_2' title="bbox 1289 461 2790 522">
     <span class='ocr_line' id='line_1_2' title="bbox 1289 461 2790 522; baseline 0.001 -4"><span class='ocrx_word' id='word_1_2' title='bbox 1289 461 1638 520; x_wconf 87' lang='lat' dir='ltr'><strong>EXPOSlTlO</strong></span> <span class='ocrx_word' id='word_1_3' title='bbox 1677 463 1744 519; x_wconf 83' lang='lat' dir='ltr'><strong>IN</strong></span> <span class='ocrx_word' id='word_1_4' title='bbox 1782 463 1992 520; x_wconf 87' lang='lat' dir='ltr'><strong>EPIST.</strong></span> <span class='ocrx_word' id='word_1_5' title='bbox 2035 465 2126 520; x_wconf 79' lang='lat' dir='ltr'><strong>AD</strong></span> <span class='ocrx_word' id='word_1_6' title='bbox 2165 465 2410 522; x_wconf 85' lang='lat' dir='ltr'><strong>GALAT.</strong></span> <span class='ocrx_word' id='word_1_7' title='bbox 2450 495 2519 506; x_wconf 95' lang='lat'><strong><em>—</em></strong></span> <span class='ocrx_word' id='word_1_8' title='bbox 2559 465 2709 521; x_wconf 81' lang='lat' dir='ltr'><strong>CAP.</strong></span> <span class='ocrx_word' id='word_1_9' title='bbox 2750 467 2790 520; x_wconf 88' lang='lat' dir='ltr'><strong>l.</strong></span> 
     </span>
    </p>
   </div>
   <div class='ocr_carea' id='block_1_3' title="bbox 3610 469 3715 524">
    <p class='ocr_par' dir='ltr' id='par_1_3' title="bbox 3610 469 3715 524">
     <span class='ocr_line' id='line_1_3' title="bbox 3610 469 3715 524; baseline 0.019 -2"><span class='ocrx_word' id='word_1_10' title='bbox 3610 469 3715 524; x_wconf 87' lang='lat'><strong>958</strong></span> 
     </span>
    </p>
   </div>
   <div class='ocr_carea' id='block_1_4' title="bbox 407 577 2001 671">
    <p class='ocr_par' dir='ltr' id='par_1_4' title="bbox 407 577 2001 671">
     <span class='ocr_line' id='line_1_4' title="bbox 407 577 2001 671; baseline 0.001 -25"><span class='ocrx_word' id='word_1_11' title='bbox 407 612 517 650; x_wconf 89' lang='grc' dir='ltr'>σεν.</span> <span class='ocrx_word' id='word_1_12' title='bbox 546 584 726 647; x_wconf 82' lang='grc' dir='ltr'>Ὅταν</span> <span class='ocrx_word' id='word_1_13' title='bbox 757 577 846 646; x_wconf 75' lang='grc' dir='ltr'><strong>οὐν</strong></span> <span class='ocrx_word' id='word_1_14' title='bbox 882 587 1139 668; x_wconf 85' lang='grc' dir='ltr'>ἀκούσῃς,</span> <span class='ocrx_word' id='word_1_15' title='bbox 1190 587 1345 646; x_wconf 80' lang='grc' dir='ltr'>αὐτὸν</span> <span class='ocrx_word' id='word_1_16' title='bbox 1384 587 1490 647; x_wconf 76' lang='grc' dir='ltr'><strong>ὑπὸ</strong></span> <span class='ocrx_word' id='word_1_17' title='bbox 1523 593 1613 648; x_wconf 92' lang='grc' dir='ltr'><strong>τοῦ</strong></span> <span class='ocrx_word' id='word_1_18' title='bbox 1655 588 1870 671; x_wconf 79' lang='grc' dir='ltr'>Πατρὸς</span> <span class='ocrx_word' id='word_1_19' title='bbox 1916 590 2001 649; x_wconf 88' lang='grc' dir='ltr'>δε-</span> 
     </span>
    </p>
   </div>
   <div class='ocr_carea' id='block_1_5' title="bbox 2107 577 3714 671">
    <p class='ocr_par' dir='ltr' id='par_1_5' title="bbox 2114 588 3714 664">
     <span class='ocr_line' id='line_1_5' title="bbox 2114 588 3714 664; baseline 0.003 -18"><span class='ocrx_word' id='word_1_20' title='bbox 2114 589 2278 647; x_wconf 91' lang='lat' dir='ltr'><strong>herili</strong></span> <span class='ocrx_word' id='word_1_21' title='bbox 2304 591 2468 663; x_wconf 85' lang='lat' dir='ltr'><strong>jussu</strong></span> <span class='ocrx_word' id='word_1_22' title='bbox 2496 598 2754 663; x_wconf 80' lang='lat' dir='ltr'><strong>operatus</strong></span> <span class='ocrx_word' id='word_1_23' title='bbox 2781 597 2882 645; x_wconf 91' lang='lat' dir='ltr'><strong>est.</strong></span> <span class='ocrx_word' id='word_1_24' title='bbox 2915 589 3055 646; x_wconf 90' lang='lat' dir='ltr'><strong>Cum</strong></span> <span class='ocrx_word' id='word_1_25' title='bbox 3093 588 3260 660; x_wconf 80' lang='lat' dir='ltr'><strong>igitur</strong></span> <span class='ocrx_word' id='word_1_26' title='bbox 3285 589 3439 648; x_wconf 86' lang='lat' dir='ltr'><strong>audis</strong></span> <span class='ocrx_word' id='word_1_27' title='bbox 3463 590 3652 664; x_wconf 89' lang='lat' dir='ltr'><strong>ipsum</strong></span> <span class='ocrx_word' id='word_1_28' title='bbox 3681 609 3714 650; x_wconf 91' lang='lat' dir='ltr'><strong>a</strong></span> 
     </span>
    </p>
   </div>
   <div class='ocr_carea' id='block_1_6' title="bbox 407 676 2010 750">
    <p class='ocr_par' dir='ltr' id='par_1_6' title="bbox 407 676 2010 750">
     <span class='ocr_line' id='line_1_6' title="bbox 407 676 2010 750; baseline -0.001 -14"><span class='ocrx_word' id='word_1_29' title='bbox 407 677 589 736; x_wconf 85' lang='grc' dir='ltr'>δόσθαι</span> <span class='ocrx_word' id='word_1_30' title='bbox 609 723 623 749; x_wconf 90' lang='grc'><strong>,</strong></span> <span class='ocrx_word' id='word_1_31' title='bbox 654 676 752 748; x_wconf 79' lang='grc' dir='ltr'><strong>τὴν</strong></span> <span class='ocrx_word' id='word_1_32' title='bbox 789 677 1024 736; x_wconf 82' lang='grc' dir='ltr'>εὐδοκίαν</span> <span class='ocrx_word' id='word_1_33' title='bbox 1073 679 1164 737; x_wconf 82' lang='grc' dir='ltr'>καὶ</span> <span class='ocrx_word' id='word_1_34' title='bbox 1187 679 1282 749; x_wconf 76' lang='grc' dir='ltr'><strong>τὴν</strong></span> <span class='ocrx_word' id='word_1_35' title='bbox 1315 677 1528 750; x_wconf 85' lang='grc' dir='ltr'>θέλησιν</span> <span class='ocrx_word' id='word_1_36' title='bbox 1573 679 1739 738; x_wconf 83' lang='grc' dir='ltr'><strong>ἐννόει</strong></span> <span class='ocrx_word' id='word_1_37' title='bbox 1766 683 1858 738; x_wconf 87' lang='grc' dir='ltr'><strong>τοῦ</strong></span> <span class='ocrx_word' id='word_1_38' title='bbox 1889 682 2010 740; x_wconf 91' lang='grc' dir='ltr'>Πα-</span> 
     </span>
    </p>
   </div>
   <div class='ocr_carea' id='block_1_7' title="bbox 403 765 2005 848">
    <p class='ocr_par' dir='ltr' id='par_1_7' title="bbox 403 765 2005 848">
     <span class='ocr_line' id='line_1_7' title="bbox 403 765 2005 848; baseline 0.003 -25"><span class='ocrx_word' id='word_1_39' title='bbox 403 766 542 846; x_wconf 85' lang='grc' dir='ltr'>τρός.</span> <span class='ocrx_word' id='word_1_40' title='bbox 599 765 813 848; x_wconf 70' lang='grc' dir='ltr'>Ἔδωκε</span> <span class='ocrx_word' id='word_1_41' title='bbox 861 765 916 825; x_wconf 77' lang='grc' dir='ltr'>δὲ</span> <span class='ocrx_word' id='word_1_42' title='bbox 949 766 1169 841; x_wconf 79' lang='grc' dir='ltr'>ἑαυτὸν,</span> <span class='ocrx_word' id='word_1_43' title='bbox 1226 767 1313 826; x_wconf 73' lang='grc' dir='ltr'><strong>ἵνα</strong></span> <span class='ocrx_word' id='word_1_44' title='bbox 1373 767 1653 848; x_wconf 74' lang='grc' dir='ltr'><strong>ἀπαλλάξῃ</strong></span> <span class='ocrx_word' id='word_1_45' title='bbox 1715 773 1858 846; x_wconf 79' lang='grc' dir='ltr'>ἡμᾶς</span> <span class='ocrx_word' id='word_1_46' title='bbox 1902 772 2005 828; x_wconf 90' lang='grc' dir='ltr'><strong>τῶν</strong></span> 
     </span>
    </p>
   </div>
   <div class='ocr_carea' id='block_1_8' title="bbox 406 846 2007 938">
    <p class='ocr_par' dir='ltr' id='par_1_8' title="bbox 406 846 2007 938">
     <span class='ocr_line' id='line_1_8' title="bbox 406 846 2007 938; baseline 0.003 -25"><span class='ocrx_word' id='word_1_47' title='bbox 406 855 717 938; x_wconf 64' lang='grc' dir='ltr'>ἁμαρτιῶν,</span> <span class='ocrx_word' id='word_1_48' title='bbox 773 846 847 915; x_wconf 71' lang='grc' dir='ltr'><strong>ὧν</strong></span> <span class='ocrx_word' id='word_1_49' title='bbox 876 861 904 915; x_wconf 87' lang='grc' dir='ltr'><em>ὃ</em></span> <span class='ocrx_word' id='word_1_50' title='bbox 954 854 1112 932; x_wconf 87' lang='grc' dir='ltr'>νόμος</span> <span class='ocrx_word' id='word_1_51' title='bbox 1165 856 1470 927; x_wconf 81' lang='grc' dir='ltr'><strong>ἀπαλλάξαι</strong></span> <span class='ocrx_word' id='word_1_52' title='bbox 1517 859 1613 917; x_wconf 90' lang='grc' dir='ltr'><strong>οὐκ</strong></span> <span class='ocrx_word' id='word_1_53' title='bbox 1645 858 1820 938; x_wconf 79' lang='grc' dir='ltr'>ἴσχυε.</span> <span class='ocrx_word' id='word_1_54' title='bbox 1883 861 2007 926; x_wconf 84' lang='grc' dir='ltr'>ΙΙῶς</span> 
     </span>
    </p>
   </div>
   <div class='ocr_carea' id='block_1_9' title="bbox 402 935 2002 1028">
    <p class='ocr_par' dir='ltr' id='par_1_9' title="bbox 402 935 2002 1028">
     <span class='ocr_line' id='line_1_9' title="bbox 402 935 2002 1028; baseline 0.002 -25"><span class='ocrx_word' id='word_1_55' title='bbox 402 935 493 1003; x_wconf 76' lang='grc' dir='ltr'><strong>οὐν</strong></span> <span class='ocrx_word' id='word_1_56' title='bbox 523 945 610 1003; x_wconf 88' lang='grc' dir='ltr'><strong>τὸν</strong></span> <span class='ocrx_word' id='word_1_57' title='bbox 659 943 1038 1014; x_wconf 81' lang='grc' dir='ltr'>ἀπαλλάξαντα</span> <span class='ocrx_word' id='word_1_58' title='bbox 1089 947 1336 1027; x_wconf 85' lang='grc' dir='ltr'>ἀφέντες,</span> <span class='ocrx_word' id='word_1_59' title='bbox 1383 949 1458 1028; x_wconf 81' lang='grc' dir='ltr'><strong>τῷ</strong></span> <span class='ocrx_word' id='word_1_60' title='bbox 1489 946 1634 1028; x_wconf 88' lang='grc' dir='ltr'>νόμῳ</span> <span class='ocrx_word' id='word_1_61' title='bbox 1675 947 2002 1028; x_wconf 81' lang='grc' dir='ltr'>προσέχετε,</span> 
     </span>
    </p>
   </div>
   <div class='ocr_carea' id='block_1_10' title="bbox 404 1033 1074 1114">
    <p class='ocr_par' dir='ltr' id='par_1_10' title="bbox 404 1033 1074 1114">
     <span class='ocr_line' id='line_1_10' title="bbox 404 1033 1074 1114; baseline 0.006 -24"><span class='ocrx_word' id='word_1_62' title='bbox 404 1037 482 1114; x_wconf 81' lang='grc' dir='ltr'><strong>τῷ</strong></span> <span class='ocrx_word' id='word_1_63' title='bbox 513 1033 678 1110; x_wconf 83' lang='grc' dir='ltr'>μηδὲν</span> <span class='ocrx_word' id='word_1_64' title='bbox 704 1034 1042 1112; x_wconf 81' lang='grc' dir='ltr'>ὠφελήσαντι</span> <span class='ocrx_word' id='word_1_65' title='bbox 1057 1055 1074 1111; x_wconf 85' lang='grc'><strong>;</strong></span> 
     </span>
    </p>
   </div>
   <div class='ocr_carea' id='block_1_11' title="bbox 493 1121 2004 1204">
    <p class='ocr_par' dir='ltr' id='par_1_11' title="bbox 493 1121 2004 1204">
     <span class='ocr_line' id='line_1_11' title="bbox 493 1121 2004 1204; baseline 0.004 -23"><span class='ocrx_word' id='word_1_66' title='bbox 493 1144 523 1181; x_wconf 80' lang='grc' dir='ltr'><strong>α</strong></span> <span class='ocrx_word' id='word_1_67' title='bbox 553 1121 746 1192; x_wconf 61' lang='grc' dir='ltr'><strong>εὈττιιιις</strong></span> <span class='ocrx_word' id='word_1_68' title='bbox 768 1123 1008 1197; x_wconf 82' lang='grc' dir='ltr'><strong>ἐξέληται</strong></span> <span class='ocrx_word' id='word_1_69' title='bbox 1039 1130 1184 1204; x_wconf 81' lang='grc' dir='ltr'>ἡμᾶς</span> <span class='ocrx_word' id='word_1_70' title='bbox 1227 1125 1332 1185; x_wconf 82' lang='grc' dir='ltr'><strong>ἀπὸ</strong></span> <span class='ocrx_word' id='word_1_71' title='bbox 1366 1130 1461 1186; x_wconf 89' lang='grc' dir='ltr'><strong>τοῦ</strong></span> <span class='ocrx_word' id='word_1_72' title='bbox 1491 1129 1774 1195; x_wconf 80' lang='grc' dir='ltr'>ἐνεστῶτος</span> <span class='ocrx_word' id='word_1_73' title='bbox 1814 1129 2004 1194; x_wconf 86' lang='grc' dir='ltr'>αἰῶνος</span> 
     </span>
    </p>
   </div>
   <div class='ocr_carea' id='block_1_12' title="bbox 402 1213 2002 1300">
    <p class='ocr_par' dir='ltr' id='par_1_12' title="bbox 402 1213 2002 1300">
     <span class='ocr_line' id='line_1_12' title="bbox 402 1213 2002 1300; baseline 0.003 -28"><span class='ocrx_word' id='word_1_74' title='bbox 402 1220 657 1294; x_wconf 89' lang='grc' dir='ltr'>πονηροῦ.</span> <span class='ocrx_word' id='word_1_75' title='bbox 704 1238 736 1271; x_wconf 66' lang='lat' dir='ltr'><strong>n</strong></span> <span class='ocrx_word' id='word_1_76' title='bbox 771 1213 1037 1276; x_wconf 79' lang='grc' dir='ltr'>Ἐνταῦθα</span> <span class='ocrx_word' id='word_1_77' title='bbox 1095 1216 1143 1274; x_wconf 80' lang='grc' dir='ltr'>οἳ</span> <span class='ocrx_word' id='word_1_78' title='bbox 1214 1219 1506 1296; x_wconf 87' lang='grc' dir='ltr'>Μανιχαῖοι</span> <span class='ocrx_word' id='word_1_79' title='bbox 1575 1218 1879 1290; x_wconf 78' lang='grc' dir='ltr'>ἐπιπηδῶσι</span> <span class='ocrx_word' id='word_1_80' title='bbox 1926 1221 2002 1300; x_wconf 83' lang='grc' dir='ltr'><strong>τῷ</strong></span> 
     </span>
    </p>
   </div>
   <div class='ocr_carea' id='block_1_13' title="bbox 405 1301 2001 1385">
    <p class='ocr_par' dir='ltr' id='par_1_13' title="bbox 405 1301 2001 1385">
     <span class='ocr_line' id='line_1_13' title="bbox 405 1301 2001 1385; baseline 0.004 -25"><span class='ocrx_word' id='word_1_81' title='bbox 405 1306 584 1384; x_wconf 79' lang='grc' dir='ltr'>ῥητῷ,</span> <span class='ocrx_word' id='word_1_82' title='bbox 640 1301 909 1382; x_wconf 79' lang='grc' dir='ltr'>λέγοντες,</span> <span class='ocrx_word' id='word_1_83' title='bbox 943 1304 1026 1364; x_wconf 79' lang='grc' dir='ltr'>ὅτι</span> <span class='ocrx_word' id='word_1_84' title='bbox 1057 1301 1194 1366; x_wconf 73' lang='grc' dir='ltr'>Ἰδοὺ</span> <span class='ocrx_word' id='word_1_85' title='bbox 1235 1307 1462 1385; x_wconf 83' lang='grc' dir='ltr'>πονηρὸν</span> <span class='ocrx_word' id='word_1_86' title='bbox 1498 1305 1718 1365; x_wconf 85' lang='grc' dir='ltr'>ἐκάλεσε</span> <span class='ocrx_word' id='word_1_87' title='bbox 1767 1307 1852 1366; x_wconf 83' lang='grc' dir='ltr'><strong>τὸν</strong></span> <span class='ocrx_word' id='word_1_88' title='bbox 1895 1311 2001 1368; x_wconf 82' lang='grc' dir='ltr'>ἐνε-</span> 
     </span>
    </p>
   </div>
   <div class='ocr_carea' id='block_1_14' title="bbox 402 1393 1999 1472">
    <p class='ocr_par' dir='ltr' id='par_1_14' title="bbox 402 1393 1999 1472">
     <span class='ocr_line' id='line_1_14' title="bbox 402 1393 1999 1472; baseline 0.004 -22"><span class='ocrx_word' id='word_1_89' title='bbox 402 1395 586 1451; x_wconf 85' lang='grc' dir='ltr'>στῶτα</span> <span class='ocrx_word' id='word_1_90' title='bbox 638 1395 840 1467; x_wconf 81' lang='grc' dir='ltr'>αἰῶνα,</span> <span class='ocrx_word' id='word_1_91' title='bbox 898 1393 1018 1466; x_wconf 86' lang='grc' dir='ltr'>ἤτοι</span> <span class='ocrx_word' id='word_1_92' title='bbox 1059 1393 1156 1467; x_wconf 83' lang='grc' dir='ltr'><strong>τὴν</strong></span> <span class='ocrx_word' id='word_1_93' title='bbox 1187 1393 1328 1468; x_wconf 82' lang='grc' dir='ltr'>ζωὴν</span> <span class='ocrx_word' id='word_1_94' title='bbox 1375 1398 1552 1472; x_wconf 84' lang='grc' dir='ltr'>ἡμῶν.</span> <span class='ocrx_word' id='word_1_95' title='bbox 1613 1397 1733 1457; x_wconf 93' lang='grc' dir='ltr'>Οὐκ</span> <span class='ocrx_word' id='word_1_96' title='bbox 1786 1397 1896 1457; x_wconf 81' lang='grc' dir='ltr'>ἔστι</span> <span class='ocrx_word' id='word_1_97' title='bbox 1947 1398 1999 1456; x_wconf 82' lang='grc' dir='ltr'>δὲ</span> 
     </span>
    </p>
   </div>
   <div class='ocr_carea' id='block_1_15' title="bbox 401 1480 2002 1564">
    <p class='ocr_par' dir='ltr' id='par_1_15' title="bbox 401 1480 2002 1564">
     <span class='ocr_line' id='line_1_15' title="bbox 401 1480 2002 1564; baseline 0.004 -23"><span class='ocrx_word' id='word_1_98' title='bbox 401 1486 576 1544; x_wconf 89' lang='grc' dir='ltr'>τοῦτο.</span> <span class='ocrx_word' id='word_1_99' title='bbox 607 1480 749 1542; x_wconf 78' lang='grc' dir='ltr'>Οὔτε</span> <span class='ocrx_word' id='word_1_100' title='bbox 781 1483 886 1563; x_wconf 75' lang='grc' dir='ltr'><strong>γὰρ</strong></span> <span class='ocrx_word' id='word_1_101' title='bbox 903 1486 959 1542; x_wconf 79' lang='grc' dir='ltr'>αἱ</span> <span class='ocrx_word' id='word_1_102' title='bbox 983 1484 1184 1564; x_wconf 84' lang='grc' dir='ltr'>ἡμέραι</span> <span class='ocrx_word' id='word_1_103' title='bbox 1211 1485 1440 1564; x_wconf 73' lang='grc' dir='ltr'>πονηραὶ</span> <span class='ocrx_word' id='word_1_104' title='bbox 1470 1484 1627 1544; x_wconf 82' lang='grc' dir='ltr'>αὐταὶ</span> <span class='ocrx_word' id='word_1_105' title='bbox 1657 1490 1776 1546; x_wconf 88' lang='grc' dir='ltr'>καθ’</span> <span class='ocrx_word' id='word_1_106' title='bbox 1807 1486 2002 1556; x_wconf 79' lang='grc' dir='ltr'>ἑαυτὰς</span> 
     </span>
    </p>
   </div>
   <div class='ocr_carea' id='block_1_16' title="bbox 406 1571 2000 1654">
    <p class='ocr_par' dir='ltr' id='par_1_16' title="bbox 406 1571 2000 1654">
     <span class='ocr_line' id='line_1_16' title="bbox 406 1571 2000 1654; baseline 0.004 -24"><span class='ocrx_word' id='word_1_107' title='bbox 406 1571 510 1653; x_wconf 88' lang='grc' dir='ltr'>(τίς</span> <span class='ocrx_word' id='word_1_108' title='bbox 539 1571 642 1652; x_wconf 79' lang='grc' dir='ltr'><strong>γὰρ</strong></span> <span class='ocrx_word' id='word_1_109' title='bbox 661 1573 889 1653; x_wconf 84' lang='grc' dir='ltr'>πονηρία</span> <span class='ocrx_word' id='word_1_110' title='bbox 925 1579 1016 1632; x_wconf 87' lang='grc' dir='ltr'><strong>τοῦ</strong></span> <span class='ocrx_word' id='word_1_111' title='bbox 1046 1577 1268 1646; x_wconf 79' lang='grc' dir='ltr'>ἡλιακοῦ</span> <span class='ocrx_word' id='word_1_112' title='bbox 1319 1574 1550 1654; x_wconf 84' lang='grc' dir='ltr'>δρόμου,</span> <span class='ocrx_word' id='word_1_113' title='bbox 1575 1575 1610 1648; x_wconf 81' lang='grc' dir='ltr'>ἢ</span> <span class='ocrx_word' id='word_1_114' title='bbox 1653 1583 1742 1636; x_wconf 91' lang='grc' dir='ltr'><strong>τοῦ</strong></span> <span class='ocrx_word' id='word_1_115' title='bbox 1771 1579 2000 1650; x_wconf 84' lang='grc' dir='ltr'>διαστή-</span> 
     </span>
    </p>
   </div>
   <div class='ocr_carea' id='block_1_17' title="bbox 403 1663 2001 1744">
    <p class='ocr_par' dir='ltr' id='par_1_17' title="bbox 403 1663 2001 1744">
     <span class='ocr_line' id='line_1_17' title="bbox 403 1663 2001 1744; baseline 0.004 -24"><span class='ocrx_word' id='word_1_116' title='bbox 403 1685 569 1738; x_wconf 88' lang='grc' dir='ltr'>ματος</span> <span class='ocrx_word' id='word_1_117' title='bbox 606 1665 710 1721; x_wconf 90' lang='grc' dir='ltr'><strong>τῶν</strong></span> <span class='ocrx_word' id='word_1_118' title='bbox 762 1665 1015 1744; x_wconf 66' lang='grc' dir='ltr'>ἡμερῶνς</span> <span class='ocrx_word' id='word_1_119' title='bbox 1049 1665 1091 1741; x_wconf 94' lang='grc'>),</span> <span class='ocrx_word' id='word_1_120' title='bbox 1120 1663 1240 1722; x_wconf 75' lang='grc' dir='ltr'>οὕτε</span> <span class='ocrx_word' id='word_1_121' title='bbox 1269 1667 1303 1736; x_wconf 85' lang='grc' dir='ltr'>ἡ</span> <span class='ocrx_word' id='word_1_122' title='bbox 1347 1663 1454 1736; x_wconf 83' lang='grc' dir='ltr'><strong>ζωὴ</strong></span> <span class='ocrx_word' id='word_1_123' title='bbox 1489 1668 1640 1742; x_wconf 86' lang='grc' dir='ltr'>ἡμῶν</span> <span class='ocrx_word' id='word_1_124' title='bbox 1691 1665 1825 1739; x_wconf 86' lang='grc' dir='ltr'>αὐτὴ</span> <span class='ocrx_word' id='word_1_125' title='bbox 1879 1670 2001 1728; x_wconf 86' lang='grc' dir='ltr'>καθ’</span> 
     </span>
    </p>
   </div>
   <div class='ocr_carea' id='block_1_18' title="bbox 403 1745 1998 1835">
    <p class='ocr_par' dir='ltr' id='par_1_18' title="bbox 403 1745 1998 1835">
     <span class='ocr_line' id='line_1_18' title="bbox 403 1745 1998 1835; baseline 0.004 -26"><span class='ocrx_word' id='word_1_126' title='bbox 403 1749 597 1823; x_wconf 78' lang='grc' dir='ltr'>ἑαυτὴν</span> <span class='ocrx_word' id='word_1_127' title='bbox 656 1751 864 1833; x_wconf 89' lang='grc' dir='ltr'>πονηρά</span> <span class='ocrx_word' id='word_1_128' title='bbox 899 1754 1012 1812; x_wconf 88' lang='grc' dir='ltr'>ἐστι</span> <span class='ocrx_word' id='word_1_129' title='bbox 1034 1777 1048 1792; x_wconf 77' lang='grc' dir='ltr'><strong>ο</strong></span> <span class='ocrx_word' id='word_1_130' title='bbox 1099 1755 1210 1820; x_wconf 89' lang='grc' dir='ltr'><strong>πῶς</strong></span> <span class='ocrx_word' id='word_1_131' title='bbox 1262 1752 1388 1833; x_wconf 81' lang='grc' dir='ltr'>γὰρ,</span> <span class='ocrx_word' id='word_1_132' title='bbox 1417 1745 1532 1835; x_wconf 73' lang='grc' dir='ltr'><strong>ἕνῇ</strong></span> <span class='ocrx_word' id='word_1_133' title='bbox 1573 1755 1660 1814; x_wconf 84' lang='grc' dir='ltr'><strong>τὸν</strong></span> <span class='ocrx_word' id='word_1_134' title='bbox 1695 1756 1834 1816; x_wconf 82' lang='grc' dir='ltr'>Θεὸν</span> <span class='ocrx_word' id='word_1_135' title='bbox 1876 1760 1998 1816; x_wconf 81' lang='grc' dir='ltr'>ἔπι-</span> 
     </span>
    </p>
   </div>
   <div class='ocr_carea' id='block_1_19' title="bbox 2118 679 3720 749">
    <p class='ocr_par' dir='ltr' id='par_1_19' title="bbox 2118 679 3720 749">
     <span class='ocr_line' id='line_1_19' title="bbox 2118 679 3720 749; baseline 0.002 -14"><span class='ocrx_word' id='word_1_136' title='bbox 2118 681 2282 736; x_wconf 91' lang='lat' dir='ltr'><strong>Patre</strong></span> <span class='ocrx_word' id='word_1_137' title='bbox 2307 679 2503 736; x_wconf 89' lang='lat' dir='ltr'><strong>datum</strong></span> <span class='ocrx_word' id='word_1_138' title='bbox 2534 695 2670 749; x_wconf 90' lang='lat' dir='ltr'><strong>esse,</strong></span> <span class='ocrx_word' id='word_1_139' title='bbox 2700 679 3138 736; x_wconf 79' lang='lat' dir='ltr'><strong>benevolentiam</strong></span> <span class='ocrx_word' id='word_1_140' title='bbox 3174 679 3353 736; x_wconf 85' lang='lat' dir='ltr'><strong>Patris</strong></span> <span class='ocrx_word' id='word_1_141' title='bbox 3390 688 3446 736; x_wconf 89' lang='lat' dir='ltr'><strong>et</strong></span> <span class='ocrx_word' id='word_1_142' title='bbox 3469 682 3720 738; x_wconf 86' lang='lat' dir='ltr'><strong>volunta-</strong></span> 
     </span>
    </p>
   </div>
   <div class='ocr_carea' id='block_1_20' title="bbox 2115 768 3719 843">
    <p class='ocr_par' dir='ltr' id='par_1_20' title="bbox 2115 768 3719 843">
     <span class='ocr_line' id='line_1_20' title="bbox 2115 768 3719 843; baseline 0.002 -17"><span class='ocrx_word' id='word_1_143' title='bbox 2115 779 2230 826; x_wconf 91' lang='lat' dir='ltr'><strong>tem</strong></span> <span class='ocrx_word' id='word_1_144' title='bbox 2255 770 2513 843; x_wconf 88' lang='lat' dir='ltr'><strong>intellige.</strong></span> <span class='ocrx_word' id='word_1_145' title='bbox 2562 768 2729 826; x_wconf 84' lang='lat' dir='ltr'><strong>Dedit</strong></span> <span class='ocrx_word' id='word_1_146' title='bbox 2756 777 2942 826; x_wconf 91' lang='lat' dir='ltr'><strong>autem</strong></span> <span class='ocrx_word' id='word_1_147' title='bbox 2987 769 3252 842; x_wconf 90' lang='lat' dir='ltr'><strong>seipsum,</strong></span> <span class='ocrx_word' id='word_1_148' title='bbox 3300 776 3363 825; x_wconf 88' lang='lat' dir='ltr'><strong>ut</strong></span> <span class='ocrx_word' id='word_1_149' title='bbox 3397 769 3591 826; x_wconf 86' lang='lat' dir='ltr'><strong>liberet</strong></span> <span class='ocrx_word' id='word_1_150' title='bbox 3615 787 3719 829; x_wconf 91' lang='lat' dir='ltr'><strong>nos</strong></span> 
     </span>
    </p>
   </div>
   <div class='ocr_carea' id='block_1_21' title="bbox 2113 857 3712 932">
    <p class='ocr_par' dir='ltr' id='par_1_21' title="bbox 2113 857 3712 932">
     <span class='ocr_line' id='line_1_21' title="bbox 2113 857 3712 932; baseline 0 -15"><span class='ocrx_word' id='word_1_151' title='bbox 2113 876 2143 917; x_wconf 91' lang='lat' dir='ltr'><strong>a</strong></span> <span class='ocrx_word' id='word_1_152' title='bbox 2173 861 2433 932; x_wconf 90' lang='lat' dir='ltr'><strong>peccatis,</strong></span> <span class='ocrx_word' id='word_1_153' title='bbox 2459 876 2490 915; x_wconf 90' lang='lat' dir='ltr'><strong>a</strong></span> <span class='ocrx_word' id='word_1_154' title='bbox 2528 859 2728 932; x_wconf 89' lang='lat' dir='ltr'><strong>quibus</strong></span> <span class='ocrx_word' id='word_1_155' title='bbox 2755 859 2844 916; x_wconf 88' lang='lat' dir='ltr'><strong>lex</strong></span> <span class='ocrx_word' id='word_1_156' title='bbox 2887 857 3120 914; x_wconf 90' lang='lat' dir='ltr'><strong>liberare</strong></span> <span class='ocrx_word' id='word_1_157' title='bbox 3148 874 3263 914; x_wconf 91' lang='lat' dir='ltr'><strong>non</strong></span> <span class='ocrx_word' id='word_1_158' title='bbox 3310 859 3503 916; x_wconf 89' lang='lat' dir='ltr'><strong>valuit.</strong></span> <span class='ocrx_word' id='word_1_159' title='bbox 3561 861 3712 929; x_wconf 86' lang='lat' dir='ltr'><strong>Quo-</strong></span> 
     </span>
    </p>
   </div>
   <div class='ocr_carea' id='block_1_22' title="bbox 2113 947 3712 1023">
    <p class='ocr_par' dir='ltr' id='par_1_22' title="bbox 2113 947 3712 1023">
     <span class='ocr_line' id='line_1_22' title="bbox 2113 947 3712 1023; baseline 0.001 -18"><span class='ocrx_word' id='word_1_160' title='bbox 2113 949 2284 1006; x_wconf 91' lang='lat' dir='ltr'><strong>modo</strong></span> <span class='ocrx_word' id='word_1_161' title='bbox 2323 950 2494 1023; x_wconf 85' lang='lat' dir='ltr'><strong>igitur</strong></span> <span class='ocrx_word' id='word_1_162' title='bbox 2523 949 2823 1006; x_wconf 86' lang='lat' dir='ltr'><strong>liberatore</strong></span> <span class='ocrx_word' id='word_1_163' title='bbox 2871 957 3054 1006; x_wconf 91' lang='lat' dir='ltr'><strong>vestro</strong></span> <span class='ocrx_word' id='word_1_164' title='bbox 3102 947 3355 1018; x_wconf 89' lang='lat' dir='ltr'><strong>dimisso,</strong></span> <span class='ocrx_word' id='word_1_165' title='bbox 3397 949 3501 1023; x_wconf 85' lang='lat' dir='ltr'><strong>legi</strong></span> <span class='ocrx_word' id='word_1_166' title='bbox 3538 958 3712 1007; x_wconf 88' lang='lat' dir='ltr'><strong>atten-</strong></span> 
     </span>
    </p>
   </div>
   <div class='ocr_carea' id='block_1_23' title="bbox 2111 1038 3106 1113">
    <p class='ocr_par' dir='ltr' id='par_1_23' title="bbox 2111 1038 3106 1113">
     <span class='ocr_line' id='line_1_23' title="bbox 2111 1038 3106 1113; baseline -0.001 -17"><span class='ocrx_word' id='word_1_167' title='bbox 2111 1039 2261 1108; x_wconf 90' lang='lat' dir='ltr'><strong>ditis,</strong></span> <span class='ocrx_word' id='word_1_168' title='bbox 2291 1056 2416 1112; x_wconf 73' lang='lat' dir='ltr'><strong>qua:</strong></span> <span class='ocrx_word' id='word_1_169' title='bbox 2454 1039 2583 1095; x_wconf 92' lang='lat' dir='ltr'><strong>nihil</strong></span> <span class='ocrx_word' id='word_1_170' title='bbox 2615 1039 2772 1096; x_wconf 83' lang='lat' dir='ltr'><strong>vobis</strong></span> <span class='ocrx_word' id='word_1_171' title='bbox 2792 1038 3106 1113; x_wconf 75' lang='lat' dir='ltr'><strong>profuerit?</strong></span> 
     </span>
    </p>
   </div>
   <div class='ocr_carea' id='block_1_24' title="bbox 2187 1129 3712 1203">
    <p class='ocr_par' dir='ltr' id='par_1_24' title="bbox 2187 1129 3712 1203">
     <span class='ocr_line' id='line_1_24' title="bbox 2187 1129 3712 1203; baseline -0.001 -15"><span class='ocrx_word' id='word_1_172' title='bbox 2187 1153 2213 1180; x_wconf 72' lang='grc' dir='ltr'><strong><em>α</em></strong></span> <span class='ocrx_word' id='word_1_173' title='bbox 2244 1132 2324 1188; x_wconf 89' lang='lat' dir='ltr'><strong>Ut</strong></span> <span class='ocrx_word' id='word_1_174' title='bbox 2378 1131 2615 1202; x_wconf 86' lang='lat' dir='ltr'><strong>eriperet</strong></span> <span class='ocrx_word' id='word_1_175' title='bbox 2664 1145 2770 1186; x_wconf 89' lang='lat' dir='ltr'><strong>nos</strong></span> <span class='ocrx_word' id='word_1_176' title='bbox 2816 1147 2884 1186; x_wconf 90' lang='lat' dir='ltr'><strong>ex</strong></span> <span class='ocrx_word' id='word_1_177' title='bbox 2923 1130 3181 1203; x_wconf 70' lang='lat' dir='ltr'><strong>praesenti</strong></span> <span class='ocrx_word' id='word_1_178' title='bbox 3216 1129 3424 1188; x_wconf 73' lang='lat' dir='ltr'><strong>saeculo</strong></span> <span class='ocrx_word' id='word_1_179' title='bbox 3467 1129 3634 1187; x_wconf 89' lang='lat' dir='ltr'><strong>malo.</strong></span> <span class='ocrx_word' id='word_1_180' title='bbox 3685 1154 3712 1180; x_wconf 74' lang='grc' dir='ltr'><strong><em>ν</em></strong></span> 
     </span>
    </p>
   </div>
   <div class='ocr_carea' id='block_1_25' title="bbox 2111 1217 3715 1292">
    <p class='ocr_par' dir='ltr' id='par_1_25' title="bbox 2111 1217 3715 1292">
     <span class='ocr_line' id='line_1_25' title="bbox 2111 1217 3715 1292; baseline 0.001 -16"><span class='ocrx_word' id='word_1_181' title='bbox 2111 1219 2216 1276; x_wconf 89' lang='lat' dir='ltr'><strong>Hic</strong></span> <span class='ocrx_word' id='word_1_182' title='bbox 2266 1218 2558 1277; x_wconf 68' lang='lat' dir='ltr'><strong>Manichaei</strong></span> <span class='ocrx_word' id='word_1_183' title='bbox 2604 1219 2779 1275; x_wconf 86' lang='lat' dir='ltr'><strong>textui</strong></span> <span class='ocrx_word' id='word_1_184' title='bbox 2814 1220 2928 1276; x_wconf 90' lang='lat' dir='ltr'><strong>vim</strong></span> <span class='ocrx_word' id='word_1_185' title='bbox 2976 1217 3208 1289; x_wconf 79' lang='lat' dir='ltr'><strong>faciunt,</strong></span> <span class='ocrx_word' id='word_1_186' title='bbox 3243 1220 3506 1290; x_wconf 87' lang='lat' dir='ltr'><strong>dicentes,</strong></span> <span class='ocrx_word' id='word_1_187' title='bbox 3553 1222 3715 1292; x_wconf 89' lang='lat' dir='ltr'><strong>Ecce,</strong></span> 
     </span>
    </p>
   </div>
   <div class='ocr_carea' id='block_1_26' title="bbox 2109 1308 3719 1383">
    <p class='ocr_par' dir='ltr' id='par_1_26' title="bbox 2109 1308 3719 1383">
     <span class='ocr_line' id='line_1_26' title="bbox 2109 1308 3719 1383; baseline -0.001 -17"><span class='ocrx_word' id='word_1_188' title='bbox 2109 1309 2371 1366; x_wconf 79' lang='lat' dir='ltr'><strong>saeculum</strong></span> <span class='ocrx_word' id='word_1_189' title='bbox 2430 1324 2692 1382; x_wconf 72' lang='lat' dir='ltr'><strong>praesens,</strong></span> <span class='ocrx_word' id='word_1_190' title='bbox 2743 1310 2858 1365; x_wconf 86' lang='lat' dir='ltr'><strong>sive</strong></span> <span class='ocrx_word' id='word_1_191' title='bbox 2890 1308 3061 1365; x_wconf 87' lang='lat' dir='ltr'><strong>vitam</strong></span> <span class='ocrx_word' id='word_1_192' title='bbox 3088 1318 3357 1379; x_wconf 91' lang='lat' dir='ltr'><strong>nostram,</strong></span> <span class='ocrx_word' id='word_1_193' title='bbox 3386 1309 3594 1366; x_wconf 89' lang='lat' dir='ltr'><strong>malum</strong></span> <span class='ocrx_word' id='word_1_194' title='bbox 3624 1325 3719 1383; x_wconf 88' lang='lat' dir='ltr'><strong>ap-</strong></span> 
     </span>
    </p>
   </div>
   <div class='ocr_carea' id='block_1_27' title="bbox 2109 1398 3722 1472">
    <p class='ocr_par' dir='ltr' id='par_1_27' title="bbox 2109 1398 3722 1472">
     <span class='ocr_line' id='line_1_27' title="bbox 2109 1398 3722 1472; baseline 0.001 -18"><span class='ocrx_word' id='word_1_195' title='bbox 2109 1399 2343 1471; x_wconf 88' lang='lat' dir='ltr'><strong>pellavit.</strong></span> <span class='ocrx_word' id='word_1_196' title='bbox 2373 1401 2496 1455; x_wconf 85' lang='lat' dir='ltr'><strong>Hoc</strong></span> <span class='ocrx_word' id='word_1_197' title='bbox 2524 1407 2710 1455; x_wconf 89' lang='lat' dir='ltr'><strong>autem</strong></span> <span class='ocrx_word' id='word_1_198' title='bbox 2758 1414 2874 1455; x_wconf 89' lang='lat' dir='ltr'><strong>non</strong></span> <span class='ocrx_word' id='word_1_199' title='bbox 2902 1406 2988 1456; x_wconf 88' lang='lat' dir='ltr'><strong>est</strong></span> <span class='ocrx_word' id='word_1_200' title='bbox 3017 1398 3108 1456; x_wconf 88' lang='lat' dir='ltr'><strong>ita.</strong></span> <span class='ocrx_word' id='word_1_201' title='bbox 3165 1403 3352 1472; x_wconf 89' lang='lat' dir='ltr'><strong>Neque</strong></span> <span class='ocrx_word' id='word_1_202' title='bbox 3401 1399 3549 1455; x_wconf 91' lang='lat' dir='ltr'><strong>enim</strong></span> <span class='ocrx_word' id='word_1_203' title='bbox 3600 1399 3722 1456; x_wconf 90' lang='lat' dir='ltr'><strong>dies</strong></span> 
     </span>
    </p>
   </div>
   <div class='ocr_carea' id='block_1_28' title="bbox 2107 1486 3719 1561">
    <p class='ocr_par' dir='ltr' id='par_1_28' title="bbox 2107 1486 3719 1561">
     <span class='ocr_line' id='line_1_28' title="bbox 2107 1486 3719 1561; baseline 0.001 -18"><span class='ocrx_word' id='word_1_204' title='bbox 2107 1486 2237 1560; x_wconf 72' lang='lat' dir='ltr'><strong>ipsm</strong></span> <span class='ocrx_word' id='word_1_205' title='bbox 2266 1503 2364 1560; x_wconf 90' lang='lat' dir='ltr'><strong>per</strong></span> <span class='ocrx_word' id='word_1_206' title='bbox 2404 1505 2464 1545; x_wconf 91' lang='lat' dir='ltr'><strong>se</strong></span> <span class='ocrx_word' id='word_1_207' title='bbox 2497 1489 2660 1546; x_wconf 71' lang='lat' dir='ltr'><strong>malae</strong></span> <span class='ocrx_word' id='word_1_208' title='bbox 2709 1495 2842 1544; x_wconf 89' lang='lat' dir='ltr'><strong>sunt</strong></span> <span class='ocrx_word' id='word_1_209' title='bbox 2867 1493 3029 1561; x_wconf 77' lang='lat' dir='ltr'><strong>(quae</strong></span> <span class='ocrx_word' id='word_1_210' title='bbox 3069 1489 3219 1546; x_wconf 90' lang='lat' dir='ltr'><strong>enim</strong></span> <span class='ocrx_word' id='word_1_211' title='bbox 3263 1489 3501 1561; x_wconf 86' lang='lat' dir='ltr'><strong>pravitas</strong></span> <span class='ocrx_word' id='word_1_212' title='bbox 3527 1503 3719 1545; x_wconf 85' lang='lat' dir='ltr'><strong>cursus</strong></span> 
     </span>
    </p>
   </div>
   <div class='ocr_carea' id='block_1_29' title="bbox 2107 1577 3719 1652">
    <p class='ocr_par' dir='ltr' id='par_1_29' title="bbox 2107 1577 3719 1652">
     <span class='ocr_line' id='line_1_29' title="bbox 2107 1577 3719 1652; baseline 0.001 -19"><span class='ocrx_word' id='word_1_213' title='bbox 2107 1577 2320 1647; x_wconf 90' lang='lat' dir='ltr'><strong>solaris,</strong></span> <span class='ocrx_word' id='word_1_214' title='bbox 2373 1579 2456 1634; x_wconf 87' lang='lat' dir='ltr'><strong>vel</strong></span> <span class='ocrx_word' id='word_1_215' title='bbox 2509 1579 2726 1635; x_wconf 91' lang='lat' dir='ltr'><strong>dierum</strong></span> <span class='ocrx_word' id='word_1_216' title='bbox 2773 1578 3106 1649; x_wconf 83' lang='lat' dir='ltr'><strong>intervalli),</strong></span> <span class='ocrx_word' id='word_1_217' title='bbox 3149 1594 3332 1652; x_wconf 89' lang='lat' dir='ltr'><strong>neque</strong></span> <span class='ocrx_word' id='word_1_218' title='bbox 3385 1579 3489 1635; x_wconf 88' lang='lat' dir='ltr'><strong>vita</strong></span> <span class='ocrx_word' id='word_1_219' title='bbox 3534 1587 3719 1635; x_wconf 88' lang='lat' dir='ltr'><strong>nostra</strong></span> 
     </span>
    </p>
   </div>
   <div class='ocr_carea' id='block_1_30' title="bbox 2103 1667 3720 1741">
    <p class='ocr_par' dir='ltr' id='par_1_30' title="bbox 2103 1667 3720 1741">
     <span class='ocr_line' id='line_1_30' title="bbox 2103 1667 3720 1741; baseline 0 -17"><span class='ocrx_word' id='word_1_220' title='bbox 2103 1683 2201 1740; x_wconf 89' lang='lat' dir='ltr'><strong>per</strong></span> <span class='ocrx_word' id='word_1_221' title='bbox 2243 1683 2364 1724; x_wconf 87' lang='lat' dir='ltr'><strong>sese</strong></span> <span class='ocrx_word' id='word_1_222' title='bbox 2413 1684 2580 1740; x_wconf 89' lang='lat' dir='ltr'><strong>prava</strong></span> <span class='ocrx_word' id='word_1_223' title='bbox 2605 1677 2722 1738; x_wconf 89' lang='lat' dir='ltr'><strong>est;</strong></span> <span class='ocrx_word' id='word_1_224' title='bbox 2769 1667 3058 1741; x_wconf 90' lang='lat' dir='ltr'><strong>quomodo</strong></span> <span class='ocrx_word' id='word_1_225' title='bbox 3098 1669 3252 1724; x_wconf 90' lang='lat' dir='ltr'><strong>enim</strong></span> <span class='ocrx_word' id='word_1_226' title='bbox 3289 1670 3349 1724; x_wconf 90' lang='lat' dir='ltr'><strong>in</strong></span> <span class='ocrx_word' id='word_1_227' title='bbox 3377 1684 3482 1740; x_wconf 91' lang='lat' dir='ltr'><strong>qua</strong></span> <span class='ocrx_word' id='word_1_228' title='bbox 3533 1672 3720 1726; x_wconf 91' lang='lat' dir='ltr'><strong>Deum</strong></span> 
     </span>
    </p>
   </div>
   <div class='ocr_carea' id='block_1_31' title="bbox 2103 1756 3719 1831">
    <p class='ocr_par' dir='ltr' id='par_1_31' title="bbox 2103 1756 3719 1831">
     <span class='ocr_line' id='line_1_31' title="bbox 2103 1756 3719 1831; baseline 0.001 -18"><span class='ocrx_word' id='word_1_229' title='bbox 2103 1759 2470 1831; x_wconf 84' lang='lat' dir='ltr'><strong>agnoscimus,</strong></span> <span class='ocrx_word' id='word_1_230' title='bbox 2501 1774 2567 1814; x_wconf 90' lang='lat' dir='ltr'><strong>ac</strong></span> <span class='ocrx_word' id='word_1_231' title='bbox 2609 1757 2677 1814; x_wconf 91' lang='lat' dir='ltr'><strong>de</strong></span> <span class='ocrx_word' id='word_1_232' title='bbox 2722 1756 2925 1814; x_wconf 90' lang='lat' dir='ltr'><strong>futuris</strong></span> <span class='ocrx_word' id='word_1_233' title='bbox 2951 1757 3445 1830; x_wconf 81' lang='lat' dir='ltr'><strong>philosopbamur?</strong></span> <span class='ocrx_word' id='word_1_234' title='bbox 3469 1757 3578 1814; x_wconf 86' lang='lat' dir='ltr'><strong>Sed</strong></span> <span class='ocrx_word' id='word_1_235' title='bbox 3609 1773 3719 1814; x_wconf 77' lang='lat' dir='ltr'><strong>sae-</strong></span> 
     </span>
    </p>
   </div>
   <div class='ocr_carea' id='block_1_32' title="bbox 402 1840 2001 1927">
    <p class='ocr_par' dir='ltr' id='par_1_32' title="bbox 402 1840 1998 1927">
     <span class='ocr_line' id='line_1_32' title="bbox 402 1840 1998 1927; baseline 0.003 -29"><span class='ocrx_word' id='word_1_236' title='bbox 402 1840 731 1918; x_wconf 86' lang='grc' dir='ltr'>γινώσκομεν</span> <span class='ocrx_word' id='word_1_237' title='bbox 751 1890 764 1912; x_wconf 86' lang='grc'><strong>,</strong></span> <span class='ocrx_word' id='word_1_238' title='bbox 821 1841 1066 1923; x_wconf 76' lang='grc' dir='ltr'>καὶπερὶ</span> <span class='ocrx_word' id='word_1_239' title='bbox 1100 1845 1177 1902; x_wconf 87' lang='grc' dir='ltr'><strong>τῶ</strong></span> <span class='ocrx_word' id='word_1_240' title='bbox 1225 1842 1526 1921; x_wconf 86' lang='grc' dir='ltr'>μελλόντων</span> <span class='ocrx_word' id='word_1_241' title='bbox 1581 1845 1998 1927; x_wconf 87' lang='grc' dir='ltr'>φιλοσοφοῦμεν;</span> 
     </span>
    </p>
   </div>
   <div class='ocr_carea' id='block_1_33' title="bbox 2107 1840 3718 1927">
    <p class='ocr_par' dir='ltr' id='par_1_33' title="bbox 2116 1846 3718 1919">
     <span class='ocr_line' id='line_1_33' title="bbox 2116 1846 3718 1919; baseline -0.001 -16"><span class='ocrx_word' id='word_1_242' title='bbox 2116 1847 2302 1903; x_wconf 89' lang='lat' dir='ltr'><strong>culum</strong></span> <span class='ocrx_word' id='word_1_243' title='bbox 2365 1863 2617 1918; x_wconf 90' lang='lat' dir='ltr'><strong>pravum,</strong></span> <span class='ocrx_word' id='word_1_244' title='bbox 2672 1847 3026 1919; x_wconf 88' lang='lat' dir='ltr'><strong>operationes</strong></span> <span class='ocrx_word' id='word_1_245' title='bbox 3072 1861 3270 1919; x_wconf 87' lang='lat' dir='ltr'><strong>pravas</strong></span> <span class='ocrx_word' id='word_1_246' title='bbox 3307 1846 3458 1915; x_wconf 88' lang='lat' dir='ltr'><strong>dicit,</strong></span> <span class='ocrx_word' id='word_1_247' title='bbox 3491 1855 3548 1902; x_wconf 92' lang='lat' dir='ltr'><strong>et</strong></span> <span class='ocrx_word' id='word_1_248' title='bbox 3590 1863 3718 1902; x_wconf 92' lang='lat' dir='ltr'><strong>cor-</strong></span> 
     </span>
    </p>
   </div>
   <div class='ocr_carea' id='block_1_34' title="bbox 403 1929 1998 2016">
    <p class='ocr_par' dir='ltr' id='par_1_34' title="bbox 403 1929 1998 2016">
     <span class='ocr_line' id='line_1_34' title="bbox 403 1929 1998 2016; baseline 0.006 -28"><span class='ocrx_word' id='word_1_249' title='bbox 403 1929 523 1988; x_wconf 88' lang='grc' dir='ltr'>ἀλλ’</span> <span class='ocrx_word' id='word_1_250' title='bbox 549 1932 715 1989; x_wconf 80' lang='grc' dir='ltr'>αἰῶνα</span> <span class='ocrx_word' id='word_1_251' title='bbox 745 1931 1011 2012; x_wconf 75' lang='grc' dir='ltr'>πονηρὸν,</span> <span class='ocrx_word' id='word_1_252' title='bbox 1066 1931 1163 2000; x_wconf 81' lang='grc' dir='ltr'><strong>τὰς</strong></span> <span class='ocrx_word' id='word_1_253' title='bbox 1199 1932 1419 2015; x_wconf 75' lang='grc' dir='ltr'>πράξεις</span> <span class='ocrx_word' id='word_1_254' title='bbox 1451 1930 1582 2015; x_wconf 75' lang='grc' dir='ltr'><strong>φησί</strong></span> <span class='ocrx_word' id='word_1_255' title='bbox 1613 1933 1708 2001; x_wconf 83' lang='grc' dir='ltr'><strong>τὰς</strong></span> <span class='ocrx_word' id='word_1_256' title='bbox 1735 1936 1998 2016; x_wconf 82' lang='grc' dir='ltr'>πονηρὰς,</span> 
     </span>
    </p>
   </div>
   <div class='ocr_carea' id='block_1_35' title="bbox 402 2019 2001 2108">
    <p class='ocr_par' dir='ltr' id='par_1_35' title="bbox 402 2019 2001 2108">
     <span class='ocr_line' id='line_1_35' title="bbox 402 2019 2001 2108; baseline 0.006 -30"><span class='ocrx_word' id='word_1_257' title='bbox 402 2019 494 2079; x_wconf 77' lang='grc' dir='ltr'>καὶ</span> <span class='ocrx_word' id='word_1_258' title='bbox 514 2020 565 2055; x_wconf 80' lang='grc'><strong>⁴³</strong></span> <span class='ocrx_word' id='word_1_259' title='bbox 622 2021 720 2094; x_wconf 84' lang='grc' dir='ltr'><strong>τὴν</strong></span> <span class='ocrx_word' id='word_1_260' title='bbox 764 2021 1150 2105; x_wconf 82' lang='grc' dir='ltr'>διεφθαρμένην</span> <span class='ocrx_word' id='word_1_261' title='bbox 1190 2023 1519 2106; x_wconf 84' lang='grc' dir='ltr'>προαίρεσιν.</span> <span class='ocrx_word' id='word_1_262' title='bbox 1570 2021 1786 2108; x_wconf 70' lang='grc' dir='ltr'>’Ὠσπερ</span> <span class='ocrx_word' id='word_1_263' title='bbox 1808 2027 1857 2066; x_wconf 71' lang='grc'><strong>⁴⁴</strong></span> <span class='ocrx_word' id='word_1_264' title='bbox 1910 2029 2001 2088; x_wconf 85' lang='grc' dir='ltr'><strong>καὶ</strong></span> 
     </span>
    </p>
   </div>
   <div class='ocr_carea' id='block_1_36' title="bbox 400 2109 1999 2196">
    <p class='ocr_par' dir='ltr' id='par_1_36' title="bbox 400 2109 1999 2196">
     <span class='ocr_line' id='line_1_36' title="bbox 400 2109 1999 2196; baseline 0.006 -29"><span class='ocrx_word' id='word_1_265' title='bbox 400 2113 557 2188; x_wconf 86' lang='grc' dir='ltr'>ἡμεῖς</span> <span class='ocrx_word' id='word_1_266' title='bbox 584 2109 842 2189; x_wconf 84' lang='grc' dir='ltr'>εἰώθαμεν</span> <span class='ocrx_word' id='word_1_267' title='bbox 895 2111 1088 2192; x_wconf 89' lang='grc' dir='ltr'>λέγειν,</span> <span class='ocrx_word' id='word_1_268' title='bbox 1110 2113 1300 2186; x_wconf 81' lang='grc' dir='ltr'>Κακήν</span> <span class='ocrx_word' id='word_1_269' title='bbox 1353 2113 1509 2193; x_wconf 80' lang='grc' dir='ltr'>ἔσχον</span> <span class='ocrx_word' id='word_1_270' title='bbox 1541 2114 1777 2196; x_wconf 77' lang='grc' dir='ltr'>ἡμέραν,</span> <span class='ocrx_word' id='word_1_271' title='bbox 1815 2117 1874 2176; x_wconf 92' lang='grc' dir='ltr'><strong>οὐ</strong></span> <span class='ocrx_word' id='word_1_272' title='bbox 1912 2117 1999 2176; x_wconf 81' lang='grc' dir='ltr'><strong>τὸν</strong></span> 
     </span>
    </p>
   </div>
   <div class='ocr_carea' id='block_1_37' title="bbox 401 2199 2002 2284">
    <p class='ocr_par' dir='ltr' id='par_1_37' title="bbox 401 2199 2002 2284">
     <span class='ocr_line' id='line_1_37' title="bbox 401 2199 2002 2284; baseline 0.004 -25"><span class='ocrx_word' id='word_1_273' title='bbox 401 2199 618 2278; x_wconf 84' lang='grc' dir='ltr'>καιρὸν,</span> <span class='ocrx_word' id='word_1_274' title='bbox 655 2201 794 2261; x_wconf 75' lang='grc' dir='ltr'>ἀλλὰ</span> <span class='ocrx_word' id='word_1_275' title='bbox 822 2201 919 2274; x_wconf 79' lang='grc' dir='ltr'><strong>τὴν</strong></span> <span class='ocrx_word' id='word_1_276' title='bbox 970 2201 1316 2282; x_wconf 82' lang='grc' dir='ltr'>περίστασιν,</span> <span class='ocrx_word' id='word_1_277' title='bbox 1375 2203 1468 2262; x_wconf 80' lang='grc' dir='ltr'><strong>καὶ</strong></span> <span class='ocrx_word' id='word_1_278' title='bbox 1499 2204 1596 2278; x_wconf 83' lang='grc' dir='ltr'><strong>τὴν</strong></span> <span class='ocrx_word' id='word_1_279' title='bbox 1636 2205 1828 2284; x_wconf 81' lang='grc' dir='ltr'>πρᾶξιν</span> <span class='ocrx_word' id='word_1_280' title='bbox 1877 2209 2002 2265; x_wconf 85' lang='grc' dir='ltr'>δια-</span> 
     </span>
    </p>
   </div>
   <div class='ocr_carea' id='block_1_38' title="bbox 403 2288 2000 2378">
    <p class='ocr_par' dir='ltr' id='par_1_38' title="bbox 403 2288 2000 2378">
     <span class='ocr_line' id='line_1_38' title="bbox 403 2288 2000 2378; baseline 0.005 -31"><span class='ocrx_word' id='word_1_281' title='bbox 403 2288 707 2357; x_wconf 77' lang='grc' dir='ltr'>ϐάλλοντες.</span> <span class='ocrx_word' id='word_1_282' title='bbox 740 2294 823 2351; x_wconf 90' lang='grc' dir='ltr'>Οὐ</span> <span class='ocrx_word' id='word_1_283' title='bbox 847 2291 950 2371; x_wconf 80' lang='grc' dir='ltr'><strong>γὰρ</strong></span> <span class='ocrx_word' id='word_1_284' title='bbox 978 2289 1066 2350; x_wconf 79' lang='grc' dir='ltr'><strong>ἵνα</strong></span> <span class='ocrx_word' id='word_1_285' title='bbox 1107 2295 1256 2370; x_wconf 80' lang='grc' dir='ltr'>ἡμᾶς</span> <span class='ocrx_word' id='word_1_286' title='bbox 1286 2293 1572 2375; x_wconf 79' lang='grc' dir='ltr'>ἀποκτείνῃ</span> <span class='ocrx_word' id='word_1_287' title='bbox 1593 2339 1607 2366; x_wconf 92' lang='grc'><strong>,</strong></span> <span class='ocrx_word' id='word_1_288' title='bbox 1657 2295 1751 2354; x_wconf 86' lang='grc' dir='ltr'><strong>καὶ</strong></span> <span class='ocrx_word' id='word_1_289' title='bbox 1800 2295 2000 2378; x_wconf 83' lang='grc' dir='ltr'>ἐκϐάλῃ</span> 
     </span>
    </p>
   </div>
   <div class='ocr_carea' id='block_1_39' title="bbox 402 2378 1998 2463">
    <p class='ocr_par' dir='ltr' id='par_1_39' title="bbox 402 2378 1998 2463">
     <span class='ocr_line' id='line_1_39' title="bbox 402 2378 1998 2463; baseline 0.006 -27"><span class='ocrx_word' id='word_1_290' title='bbox 402 2381 496 2451; x_wconf 82' lang='grc' dir='ltr'><strong>τῆς</strong></span> <span class='ocrx_word' id='word_1_291' title='bbox 527 2378 799 2458; x_wconf 80' lang='grc' dir='ltr'>παρούσης</span> <span class='ocrx_word' id='word_1_292' title='bbox 857 2383 1032 2459; x_wconf 78' lang='grc' dir='ltr'>ζωῆς,</span> <span class='ocrx_word' id='word_1_293' title='bbox 1065 2381 1152 2442; x_wconf 75' lang='grc' dir='ltr'><strong>διὰ</strong></span> <span class='ocrx_word' id='word_1_294' title='bbox 1190 2386 1348 2441; x_wconf 90' lang='grc' dir='ltr'>τοῦτο</span> <span class='ocrx_word' id='word_1_295' title='bbox 1387 2383 1645 2442; x_wconf 77' lang='grc' dir='ltr'>ἀπέθανεν</span> <span class='ocrx_word' id='word_1_296' title='bbox 1677 2387 1704 2442; x_wconf 84' lang='grc' dir='ltr'>ὁ</span> <span class='ocrx_word' id='word_1_297' title='bbox 1735 2385 1998 2463; x_wconf 82' lang='grc' dir='ltr'>Χριστὸς,</span> 
     </span>
    </p>
   </div>
   <div class='ocr_carea' id='block_1_40' title="bbox 404 2466 1998 2554">
    <p class='ocr_par' dir='ltr' id='par_1_40' title="bbox 404 2466 1998 2554">
     <span class='ocr_line' id='line_1_40' title="bbox 404 2466 1998 2554; baseline 0.006 -28"><span class='ocrx_word' id='word_1_298' title='bbox 404 2466 524 2527; x_wconf 87' lang='grc' dir='ltr'>ἀλλ’</span> <span class='ocrx_word' id='word_1_299' title='bbox 545 2467 633 2527; x_wconf 78' lang='grc' dir='ltr'><strong>ἵνα</strong></span> <span class='ocrx_word' id='word_1_300' title='bbox 660 2472 765 2528; x_wconf 89' lang='grc' dir='ltr'><strong>τῶν</strong></span> <span class='ocrx_word' id='word_1_301' title='bbox 796 2474 1041 2554; x_wconf 65' lang='grc' dir='ltr'>πονηρῶν</span> <span class='ocrx_word' id='word_1_302' title='bbox 1069 2470 1312 2551; x_wconf 82' lang='grc' dir='ltr'>πράξεων</span> <span class='ocrx_word' id='word_1_303' title='bbox 1343 2473 1624 2554; x_wconf 79' lang='grc' dir='ltr'>ἀπαλλάξῃ</span> <span class='ocrx_word' id='word_1_304' title='bbox 1657 2479 1749 2533; x_wconf 92' lang='grc' dir='ltr'><strong>τοῦ</strong></span> <span class='ocrx_word' id='word_1_305' title='bbox 1789 2477 1998 2540; x_wconf 88' lang='grc' dir='ltr'>λοιποῦ.</span> 
     </span>
    </p>
   </div>
   <div class='ocr_carea' id='block_1_41' title="bbox 403 2548 2004 2647">
    <p class='ocr_par' dir='ltr' id='par_1_41' title="bbox 403 2548 2004 2647">
     <span class='ocr_line' id='line_1_41' title="bbox 403 2548 2004 2647; baseline 0.004 -31"><span class='ocrx_word' id='word_1_306' title='bbox 403 2554 630 2630; x_wconf 84' lang='grc' dir='ltr'>Ἐπειδὴ</span> <span class='ocrx_word' id='word_1_307' title='bbox 655 2557 758 2638; x_wconf 82' lang='grc' dir='ltr'><strong>γὰρ</strong></span> <span class='ocrx_word' id='word_1_308' title='bbox 791 2548 1223 2641; x_wconf 57' lang='grc' dir='ltr'>εἷπενξᾶνωτέρω,</span> <span class='ocrx_word' id='word_1_309' title='bbox 1260 2560 1340 2619; x_wconf 81' lang='grc' dir='ltr'><strong>ὅτι</strong></span> <span class='ocrx_word' id='word_1_310' title='bbox 1364 2548 1608 2621; x_wconf 68' lang='grc' dir='ltr'>Ἔδωκεν</span> <span class='ocrx_word' id='word_1_311' title='bbox 1649 2563 1835 2622; x_wconf 79' lang='grc' dir='ltr'>ἑαυτὸν</span> <span class='ocrx_word' id='word_1_312' title='bbox 1869 2564 2004 2647; x_wconf 77' lang='grc' dir='ltr'>ὑπὲρ</span> 
     </span>
    </p>
   </div>
   <div class='ocr_carea' id='block_1_42' title="bbox 403 2647 2004 2734">
    <p class='ocr_par' dir='ltr' id='par_1_42' title="bbox 403 2647 2004 2734">
     <span class='ocr_line' id='line_1_42' title="bbox 403 2647 2004 2734; baseline 0.006 -30"><span class='ocrx_word' id='word_1_313' title='bbox 403 2648 509 2704; x_wconf 86' lang='grc' dir='ltr'><strong>τῶν</strong></span> <span class='ocrx_word' id='word_1_314' title='bbox 527 2647 797 2727; x_wconf 77' lang='grc' dir='ltr'>ἁμαρτιῶν</span> <span class='ocrx_word' id='word_1_315' title='bbox 843 2651 1034 2726; x_wconf 87' lang='grc' dir='ltr'>ἡμῶν,</span> <span class='ocrx_word' id='word_1_316' title='bbox 1064 2649 1366 2724; x_wconf 86' lang='grc' dir='ltr'>τουτέστιν,</span> <span class='ocrx_word' id='word_1_317' title='bbox 1411 2650 1808 2734; x_wconf 85' lang='grc' dir='ltr'>Ἠλευθέρωσεν</span> <span class='ocrx_word' id='word_1_318' title='bbox 1858 2657 2004 2732; x_wconf 81' lang='grc' dir='ltr'>ἡμᾶς</span> 
     </span>
    </p>
   </div>
   <div class='ocr_carea' id='block_1_43' title="bbox 404 2737 2004 2822">
    <p class='ocr_par' dir='ltr' id='par_1_43' title="bbox 404 2737 2004 2822">
     <span class='ocr_line' id='line_1_43' title="bbox 404 2737 2004 2822; baseline 0.006 -28"><span class='ocrx_word' id='word_1_319' title='bbox 404 2739 512 2794; x_wconf 87' lang='grc' dir='ltr'><strong>τῶν</strong></span> <span class='ocrx_word' id='word_1_320' title='bbox 566 2737 953 2818; x_wconf 79' lang='grc' dir='ltr'>προγεγονότων</span> <span class='ocrx_word' id='word_1_321' title='bbox 1001 2739 1388 2817; x_wconf 67' lang='grc' dir='ltr'>πταισμάτων*</span> <span class='ocrx_word' id='word_1_322' title='bbox 1441 2739 1584 2822; x_wconf 84' lang='grc' dir='ltr'>λέγει</span> <span class='ocrx_word' id='word_1_323' title='bbox 1643 2743 1826 2802; x_wconf 85' lang='grc' dir='ltr'>λοιπὸν</span> <span class='ocrx_word' id='word_1_324' title='bbox 1849 2791 1864 2818; x_wconf 95' lang='grc'><strong>,</strong></span> <span class='ocrx_word' id='word_1_325' title='bbox 1923 2742 2004 2804; x_wconf 74' lang='grc' dir='ltr'><strong>ὅτι</strong></span> 
     </span>
    </p>
   </div>
   <div class='ocr_carea' id='block_1_44' title="bbox 403 2824 2003 2909">
    <p class='ocr_par' dir='ltr' id='par_1_44' title="bbox 403 2824 2003 2909">
     <span class='ocr_line' id='line_1_44' title="bbox 403 2824 2003 2909; baseline 0.005 -25"><span class='ocrx_word' id='word_1_326' title='bbox 403 2824 496 2884; x_wconf 77' lang='grc' dir='ltr'><strong>καὶ</strong></span> <span class='ocrx_word' id='word_1_327' title='bbox 525 2825 654 2908; x_wconf 83' lang='grc' dir='ltr'>πρὸς</span> <span class='ocrx_word' id='word_1_328' title='bbox 683 2827 744 2886; x_wconf 83' lang='grc' dir='ltr'>τὸ</span> <span class='ocrx_word' id='word_1_329' title='bbox 798 2827 990 2905; x_wconf 77' lang='grc' dir='ltr'>μέλλον</span> <span class='ocrx_word' id='word_1_330' title='bbox 1034 2830 1327 2909; x_wconf 87' lang='grc' dir='ltr'>ἀσφάλειαν</span> <span class='ocrx_word' id='word_1_331' title='bbox 1363 2828 1588 2905; x_wconf 82' lang='grc' dir='ltr'>ἔδωκεν,</span> <span class='ocrx_word' id='word_1_332' title='bbox 1620 2835 1710 2891; x_wconf 77' lang='grc' dir='ltr'><strong>ἵνα</strong></span> <span class='ocrx_word' id='word_1_333' title='bbox 1763 2831 2003 2906; x_wconf 85' lang='grc' dir='ltr'>ἐξέληται</span> 
     </span>
    </p>
   </div>
   <div class='ocr_carea' id='block_1_45' title="bbox 2113 1935 3716 2009">
    <p class='ocr_par' dir='ltr' id='par_1_45' title="bbox 2113 1935 3716 2009">
     <span class='ocr_line' id='line_1_45' title="bbox 2113 1935 3716 2009; baseline -0.001 -16"><span class='ocrx_word' id='word_1_334' title='bbox 2113 1944 2336 2008; x_wconf 88' lang='lat' dir='ltr'><strong>ruptam</strong></span> <span class='ocrx_word' id='word_1_335' title='bbox 2364 1937 2704 1993; x_wconf 88' lang='lat' dir='ltr'><strong>voluntatem</strong></span> <span class='ocrx_word' id='word_1_336' title='bbox 2739 1957 2750 1993; x_wconf 95' lang='lat'>:</span> <span class='ocrx_word' id='word_1_337' title='bbox 2788 1935 3262 2009; x_wconf 88' lang='lat' dir='ltr'><strong>quemadmodum</strong></span> <span class='ocrx_word' id='word_1_338' title='bbox 3299 1951 3405 1992; x_wconf 93' lang='lat' dir='ltr'><strong>nos</strong></span> <span class='ocrx_word' id='word_1_339' title='bbox 3427 1935 3716 1992; x_wconf 90' lang='lat' dir='ltr'><strong>consuevi-</strong></span> 
     </span>
    </p>
   </div>
   <div class='ocr_carea' id='block_1_46' title="bbox 2112 2025 3716 2098">
    <p class='ocr_par' dir='ltr' id='par_1_46' title="bbox 2112 2025 3716 2098">
     <span class='ocr_line' id='line_1_46' title="bbox 2112 2025 3716 2098; baseline 0 -16"><span class='ocrx_word' id='word_1_340' title='bbox 2112 2042 2240 2083; x_wconf 90' lang='lat' dir='ltr'><strong>mus</strong></span> <span class='ocrx_word' id='word_1_341' title='bbox 2270 2025 2468 2095; x_wconf 89' lang='lat' dir='ltr'><strong>dicere,</strong></span> <span class='ocrx_word' id='word_1_342' title='bbox 2521 2025 2732 2082; x_wconf 86' lang='lat' dir='ltr'><strong>Malum</strong></span> <span class='ocrx_word' id='word_1_343' title='bbox 2768 2025 2933 2082; x_wconf 89' lang='lat' dir='ltr'><strong>habui</strong></span> <span class='ocrx_word' id='word_1_344' title='bbox 2966 2025 3135 2094; x_wconf 91' lang='lat' dir='ltr'><strong>diem,</strong></span> <span class='ocrx_word' id='word_1_345' title='bbox 3190 2041 3302 2082; x_wconf 89' lang='lat' dir='ltr'><strong>non</strong></span> <span class='ocrx_word' id='word_1_346' title='bbox 3345 2033 3589 2098; x_wconf 86' lang='lat' dir='ltr'><strong>tempus,</strong></span> <span class='ocrx_word' id='word_1_347' title='bbox 3617 2025 3716 2082; x_wconf 89' lang='lat' dir='ltr'><strong>sed</strong></span> 
     </span>
    </p>
   </div>
   <div class='ocr_carea' id='block_1_47' title="bbox 2111 2114 3714 2172">
    <p class='ocr_par' dir='ltr' id='par_1_47' title="bbox 2111 2114 3714 2172">
     <span class='ocr_line' id='line_1_47' title="bbox 2111 2114 3714 2172; baseline -0.001 0"><span class='ocrx_word' id='word_1_348' title='bbox 2111 2115 2578 2172; x_wconf 87' lang='lat' dir='ltr'><strong>circumstantiam</strong></span> <span class='ocrx_word' id='word_1_349' title='bbox 2613 2124 2669 2172; x_wconf 92' lang='lat' dir='ltr'><strong>et</strong></span> <span class='ocrx_word' id='word_1_350' title='bbox 2721 2115 2995 2172; x_wconf 87' lang='lat' dir='ltr'><strong>actionem</strong></span> <span class='ocrx_word' id='word_1_351' title='bbox 3017 2123 3363 2172; x_wconf 91' lang='lat' dir='ltr'><strong>accusantes.</strong></span> <span class='ocrx_word' id='word_1_352' title='bbox 3390 2117 3516 2172; x_wconf 88' lang='lat' dir='ltr'><strong>Non</strong></span> <span class='ocrx_word' id='word_1_353' title='bbox 3567 2114 3714 2171; x_wconf 90' lang='lat' dir='ltr'><strong>enim</strong></span> 
     </span>
    </p>
   </div>
   <div class='ocr_carea' id='block_1_48' title="bbox 2113 2204 3715 2279">
    <p class='ocr_par' dir='ltr' id='par_1_48' title="bbox 2113 2204 3715 2279">
     <span class='ocr_line' id='line_1_48' title="bbox 2113 2204 3715 2279; baseline 0.001 -19"><span class='ocrx_word' id='word_1_354' title='bbox 2113 2213 2172 2260; x_wconf 92' lang='lat' dir='ltr'><strong>ut</strong></span> <span class='ocrx_word' id='word_1_355' title='bbox 2198 2221 2300 2262; x_wconf 88' lang='lat' dir='ltr'><strong>nos</strong></span> <span class='ocrx_word' id='word_1_356' title='bbox 2333 2205 2549 2262; x_wconf 90' lang='lat' dir='ltr'><strong>occidat</strong></span> <span class='ocrx_word' id='word_1_357' title='bbox 2579 2214 2636 2262; x_wconf 91' lang='lat' dir='ltr'><strong>et</strong></span> <span class='ocrx_word' id='word_1_358' title='bbox 2665 2205 2845 2279; x_wconf 90' lang='lat' dir='ltr'><strong>ejiciat</strong></span> <span class='ocrx_word' id='word_1_359' title='bbox 2889 2221 2919 2261; x_wconf 92' lang='lat' dir='ltr'><strong>e</strong></span> <span class='ocrx_word' id='word_1_360' title='bbox 2963 2206 3222 2277; x_wconf 67' lang='lat' dir='ltr'><strong>praesenti</strong></span> <span class='ocrx_word' id='word_1_361' title='bbox 3263 2204 3394 2273; x_wconf 89' lang='lat' dir='ltr'><strong>vita,</strong></span> <span class='ocrx_word' id='word_1_362' title='bbox 3428 2213 3715 2277; x_wconf 88' lang='lat' dir='ltr'><strong>propterea</strong></span> 
     </span>
    </p>
   </div>
   <div class='ocr_carea' id='block_1_49' title="bbox 2111 2293 3716 2367">
    <p class='ocr_par' dir='ltr' id='par_1_49' title="bbox 2111 2293 3716 2367">
     <span class='ocr_line' id='line_1_49' title="bbox 2111 2293 3716 2367; baseline -0.001 -17"><span class='ocrx_word' id='word_1_363' title='bbox 2111 2303 2364 2351; x_wconf 89' lang='lat' dir='ltr'><strong>mortuus</strong></span> <span class='ocrx_word' id='word_1_364' title='bbox 2402 2303 2485 2352; x_wconf 91' lang='lat' dir='ltr'><strong>est</strong></span> <span class='ocrx_word' id='word_1_365' title='bbox 2524 2295 2813 2363; x_wconf 83' lang='lat' dir='ltr'><strong>Christus;</strong></span> <span class='ocrx_word' id='word_1_366' title='bbox 2863 2310 3055 2351; x_wconf 91' lang='lat' dir='ltr'><strong>verum</strong></span> <span class='ocrx_word' id='word_1_367' title='bbox 3090 2303 3152 2350; x_wconf 90' lang='lat' dir='ltr'><strong>ut</strong></span> <span class='ocrx_word' id='word_1_368' title='bbox 3183 2310 3213 2350; x_wconf 90' lang='lat' dir='ltr'><strong>a</strong></span> <span class='ocrx_word' id='word_1_369' title='bbox 3240 2294 3412 2367; x_wconf 85' lang='lat' dir='ltr'><strong>privis</strong></span> <span class='ocrx_word' id='word_1_370' title='bbox 3459 2293 3716 2367; x_wconf 88' lang='lat' dir='ltr'><strong>operibus</strong></span> 
     </span>
    </p>
   </div>
   <div class='ocr_carea' id='block_1_50' title="bbox 2109 2382 3712 2456">
    <p class='ocr_par' dir='ltr' id='par_1_50' title="bbox 2109 2382 3712 2456">
     <span class='ocr_line' id='line_1_50' title="bbox 2109 2382 3712 2456; baseline 0 -17"><span class='ocrx_word' id='word_1_371' title='bbox 2109 2382 2368 2456; x_wconf 90' lang='lat' dir='ltr'><strong>deinceps</strong></span> <span class='ocrx_word' id='word_1_372' title='bbox 2421 2399 2524 2440; x_wconf 89' lang='lat' dir='ltr'><strong>nos</strong></span> <span class='ocrx_word' id='word_1_373' title='bbox 2590 2383 2804 2440; x_wconf 88' lang='lat' dir='ltr'><strong>liberet.</strong></span> <span class='ocrx_word' id='word_1_374' title='bbox 2859 2385 2999 2440; x_wconf 88' lang='lat' dir='ltr'><strong>Cum</strong></span> <span class='ocrx_word' id='word_1_375' title='bbox 3046 2384 3198 2439; x_wconf 91' lang='lat' dir='ltr'><strong>enim</strong></span> <span class='ocrx_word' id='word_1_376' title='bbox 3252 2399 3417 2454; x_wconf 87' lang='lat' dir='ltr'><strong>supra</strong></span> <span class='ocrx_word' id='word_1_377' title='bbox 3465 2383 3712 2451; x_wconf 84' lang='lat' dir='ltr'><strong>dixisset,</strong></span> 
     </span>
    </p>
   </div>
   <div class='ocr_carea' id='block_1_51' title="bbox 2109 2471 3715 2546">
    <p class='ocr_par' dir='ltr' id='par_1_51' title="bbox 2109 2471 3715 2546">
     <span class='ocr_line' id='line_1_51' title="bbox 2109 2471 3715 2546; baseline 0 -18"><span class='ocrx_word' id='word_1_378' title='bbox 2109 2471 2276 2528; x_wconf 89' lang='lat' dir='ltr'><strong>Dedit</strong></span> <span class='ocrx_word' id='word_1_379' title='bbox 2293 2473 2540 2545; x_wconf 89' lang='lat' dir='ltr'><strong>seipsum</strong></span> <span class='ocrx_word' id='word_1_380' title='bbox 2564 2489 2664 2545; x_wconf 92' lang='lat' dir='ltr'><strong>pro</strong></span> <span class='ocrx_word' id='word_1_381' title='bbox 2689 2473 2922 2546; x_wconf 88' lang='lat' dir='ltr'><strong>peccatis</strong></span> <span class='ocrx_word' id='word_1_382' title='bbox 2957 2473 3183 2541; x_wconf 89' lang='lat' dir='ltr'><strong>nostris,</strong></span> <span class='ocrx_word' id='word_1_383' title='bbox 3218 2473 3322 2528; x_wconf 91' lang='lat' dir='ltr'><strong>hoc</strong></span> <span class='ocrx_word' id='word_1_384' title='bbox 3356 2480 3458 2540; x_wconf 90' lang='lat' dir='ltr'><strong>est,</strong></span> <span class='ocrx_word' id='word_1_385' title='bbox 3486 2471 3715 2528; x_wconf 90' lang='lat' dir='ltr'><strong>Libera-</strong></span> 
     </span>
    </p>
   </div>
   <div class='ocr_carea' id='block_1_52' title="bbox 2111 2561 3716 2635">
    <p class='ocr_par' dir='ltr' id='par_1_52' title="bbox 2111 2561 3716 2635">
     <span class='ocr_line' id='line_1_52' title="bbox 2111 2561 3716 2635; baseline -0.001 -18"><span class='ocrx_word' id='word_1_386' title='bbox 2111 2562 2188 2617; x_wconf 90' lang='lat' dir='ltr'><strong>vit</strong></span> <span class='ocrx_word' id='word_1_387' title='bbox 2209 2578 2309 2618; x_wconf 91' lang='lat' dir='ltr'><strong>nos</strong></span> <span class='ocrx_word' id='word_1_388' title='bbox 2335 2578 2366 2618; x_wconf 91' lang='lat' dir='ltr'><strong>a</strong></span> <span class='ocrx_word' id='word_1_389' title='bbox 2396 2563 2689 2635; x_wconf 61' lang='lat' dir='ltr'><strong>praeteritis</strong></span> <span class='ocrx_word' id='word_1_390' title='bbox 2719 2562 3016 2619; x_wconf 89' lang='lat' dir='ltr'><strong>sceleribus</strong></span> <span class='ocrx_word' id='word_1_391' title='bbox 3060 2580 3073 2617; x_wconf 92' lang='lat'>:</span> <span class='ocrx_word' id='word_1_392' title='bbox 3107 2561 3335 2634; x_wconf 87' lang='lat' dir='ltr'><strong>posthac</strong></span> <span class='ocrx_word' id='word_1_393' title='bbox 3375 2561 3453 2618; x_wconf 87' lang='lat' dir='ltr'><strong>ait</strong></span> <span class='ocrx_word' id='word_1_394' title='bbox 3486 2561 3635 2635; x_wconf 90' lang='lat' dir='ltr'><strong>quod</strong></span> <span class='ocrx_word' id='word_1_395' title='bbox 3659 2569 3716 2618; x_wconf 89' lang='lat' dir='ltr'><strong>et</strong></span> 
     </span>
    </p>
   </div>
   <div class='ocr_carea' id='block_1_53' title="bbox 2112 2651 3712 2722">
    <p class='ocr_par' dir='ltr' id='par_1_53' title="bbox 2112 2651 3712 2722">
     <span class='ocr_line' id='line_1_53' title="bbox 2112 2651 3712 2722; baseline 0.001 -16"><span class='ocrx_word' id='word_1_396' title='bbox 2112 2653 2166 2707; x_wconf 94' lang='lat' dir='ltr'><strong>in</strong></span> <span class='ocrx_word' id='word_1_397' title='bbox 2200 2651 2447 2708; x_wconf 82' lang='lat' dir='ltr'><strong>futurum</strong></span> <span class='ocrx_word' id='word_1_398' title='bbox 2481 2651 2634 2709; x_wconf 87' lang='lat' dir='ltr'><strong>dedit</strong></span> <span class='ocrx_word' id='word_1_399' title='bbox 2666 2652 2828 2708; x_wconf 90' lang='lat' dir='ltr'><strong>nobis</strong></span> <span class='ocrx_word' id='word_1_400' title='bbox 2856 2651 3237 2722; x_wconf 87' lang='lat' dir='ltr'><strong>securitatem,</strong></span> <span class='ocrx_word' id='word_1_401' title='bbox 3269 2659 3332 2706; x_wconf 93' lang='lat' dir='ltr'><strong>ut</strong></span> <span class='ocrx_word' id='word_1_402' title='bbox 3364 2666 3469 2707; x_wconf 90' lang='lat' dir='ltr'><strong>nos</strong></span> <span class='ocrx_word' id='word_1_403' title='bbox 3499 2668 3529 2707; x_wconf 91' lang='lat' dir='ltr'><strong>a</strong></span> <span class='ocrx_word' id='word_1_404' title='bbox 3565 2652 3712 2708; x_wconf 89' lang='lat' dir='ltr'><strong>mala</strong></span> 
     </span>
    </p>
   </div>
   <div class='ocr_carea' id='block_1_54' title="bbox 2113 2740 3713 2813">
    <p class='ocr_par' dir='ltr' id='par_1_54' title="bbox 2113 2740 3713 2813">
     <span class='ocr_line' id='line_1_54' title="bbox 2113 2740 3713 2813; baseline 0.001 -17"><span class='ocrx_word' id='word_1_405' title='bbox 2113 2741 2526 2798; x_wconf 87' lang='lat' dir='ltr'><strong>conversatione</strong></span> <span class='ocrx_word' id='word_1_406' title='bbox 2565 2740 2783 2798; x_wconf 82' lang='lat' dir='ltr'><strong>eximat.</strong></span> <span class='ocrx_word' id='word_1_407' title='bbox 2823 2742 2934 2797; x_wconf 92' lang='lat' dir='ltr'><strong>Lex</strong></span> <span class='ocrx_word' id='word_1_408' title='bbox 2976 2749 3163 2797; x_wconf 89' lang='lat' dir='ltr'><strong>autem</strong></span> <span class='ocrx_word' id='word_1_409' title='bbox 3212 2756 3390 2813; x_wconf 90' lang='lat' dir='ltr'><strong>neque</strong></span> <span class='ocrx_word' id='word_1_410' title='bbox 3438 2741 3713 2813; x_wconf 64' lang='lat' dir='ltr'><strong>praeterita</strong></span> 
     </span>
    </p>
   </div>
   <div class='ocr_carea' id='block_1_55' title="bbox 2114 2829 3242 2902">
    <p class='ocr_par' dir='ltr' id='par_1_55' title="bbox 2114 2829 3242 2902">
     <span class='ocr_line' id='line_1_55' title="bbox 2114 2829 3242 2902; baseline -0.001 -15"><span class='ocrx_word' id='word_1_411' title='bbox 2114 2839 2332 2902; x_wconf 91' lang='lat' dir='ltr'><strong>peccata</strong></span> <span class='ocrx_word' id='word_1_412' title='bbox 2364 2831 2591 2900; x_wconf 88' lang='lat' dir='ltr'><strong>delevit,</strong></span> <span class='ocrx_word' id='word_1_413' title='bbox 2623 2847 2723 2888; x_wconf 91' lang='lat' dir='ltr'><strong>nec</strong></span> <span class='ocrx_word' id='word_1_414' title='bbox 2750 2831 2820 2888; x_wconf 88' lang='lat' dir='ltr'><strong>ad</strong></span> <span class='ocrx_word' id='word_1_415' title='bbox 2843 2829 3028 2887; x_wconf 90' lang='lat' dir='ltr'><strong>futura</strong></span> <span class='ocrx_word' id='word_1_416' title='bbox 3055 2830 3242 2886; x_wconf 91' lang='lat' dir='ltr'><strong>valuit.</strong></span> 
     </span>
    </p>
   </div>
   <div class='ocr_carea' id='block_1_56' title="bbox 407 2918 3714 3012">
    <p class='ocr_par' dir='ltr' id='par_1_56' title="bbox 407 2918 3714 3012">
     <span class='ocr_line' id='line_1_56' title="bbox 407 2918 3714 3012; baseline 0.005 -39"><span class='ocrx_word' id='word_1_417' title='bbox 407 2918 548 3012; x_wconf 47' lang='lat' dir='ltr'><strong>agat;</strong></span> <span class='ocrx_word' id='word_1_418' title='bbox 600 2921 700 3012; x_wconf 71' lang='grc' dir='ltr'><strong>τῇς</strong></span> <span class='ocrx_word' id='word_1_419' title='bbox 745 2927 980 2998; x_wconf 85' lang='grc' dir='ltr'>πονηρᾶς</span> <span class='ocrx_word' id='word_1_420' title='bbox 1023 2919 1308 2998; x_wconf 79' lang='grc' dir='ltr'>διαγωγῆς.</span> <span class='ocrx_word' id='word_1_421' title='bbox 1359 2919 1429 2980; x_wconf 87' lang='grc' dir='ltr'>Ὁ</span> <span class='ocrx_word' id='word_1_422' title='bbox 1487 2921 1645 3000; x_wconf 87' lang='grc' dir='ltr'>νόμος</span> <span class='ocrx_word' id='word_1_423' title='bbox 1694 2921 1785 2996; x_wconf 85' lang='grc' dir='ltr'><strong>δὲ,</strong></span> <span class='ocrx_word' id='word_1_424' title='bbox 1837 2921 1956 2983; x_wconf 79' lang='grc' dir='ltr'>οὔτε</span> <span class='ocrx_word' id='word_1_425' title='bbox 2007 2926 2072 2986; x_wconf 81' lang='grc' dir='ltr'><strong>τὰ</strong></span> <span class='ocrx_word' id='word_1_426' title='bbox 2121 2931 2480 3012; x_wconf 88' lang='grc' dir='ltr'>προγεγονότα</span> <span class='ocrx_word' id='word_1_427' title='bbox 2535 2929 2904 3010; x_wconf 80' lang='grc' dir='ltr'>ἁμαρτήματα</span> <span class='ocrx_word' id='word_1_428' title='bbox 2961 2929 3258 3012; x_wconf 74' lang='grc' dir='ltr'>ἐξήλειφεν,</span> <span class='ocrx_word' id='word_1_429' title='bbox 3309 2927 3426 2989; x_wconf 79' lang='grc' dir='ltr'>οὔτε</span> <span class='ocrx_word' id='word_1_430' title='bbox 3476 2928 3605 3010; x_wconf 80' lang='grc' dir='ltr'>πρὸς</span> <span class='ocrx_word' id='word_1_431' title='bbox 3652 2929 3714 2988; x_wconf 79' lang='grc' dir='ltr'>τὸ</span> 
     </span>
    </p>
   </div>
   <div class='ocr_carea' id='block_1_57' title="bbox 405 3003 856 3088">
    <p class='ocr_par' dir='ltr' id='par_1_57' title="bbox 405 3003 856 3088">
     <span class='ocr_line' id='line_1_57' title="bbox 405 3003 856 3088; baseline 0.018 -27"><span class='ocrx_word' id='word_1_432' title='bbox 405 3003 597 3081; x_wconf 87' lang='grc' dir='ltr'>μέλλον</span> <span class='ocrx_word' id='word_1_433' title='bbox 625 3005 856 3088; x_wconf 82' lang='grc' dir='ltr'>ἐνίσχυε.</span> 
     </span>
    </p>
   </div>
   <div class='ocr_carea' id='block_1_58' title="bbox 497 3102 2001 3194">
    <p class='ocr_par' dir='ltr' id='par_1_58' title="bbox 497 3102 1996 3194">
     <span class='ocr_line' id='line_1_58' title="bbox 497 3102 1996 3194; baseline 0.007 -34"><span class='ocrx_word' id='word_1_434' title='bbox 497 3123 525 3161; x_wconf 81' lang='grc' dir='ltr'>ι(</span> <span class='ocrx_word' id='word_1_435' title='bbox 555 3102 713 3194; x_wconf 81' lang='grc' dir='ltr'>Κατὰ</span> <span class='ocrx_word' id='word_1_436' title='bbox 733 3105 794 3164; x_wconf 83' lang='grc' dir='ltr'>τὸ</span> <span class='ocrx_word' id='word_1_437' title='bbox 825 3105 1031 3184; x_wconf 85' lang='grc' dir='ltr'>θέλημα</span> <span class='ocrx_word' id='word_1_438' title='bbox 1062 3111 1154 3167; x_wconf 89' lang='grc' dir='ltr'><strong>τοῦ</strong></span> <span class='ocrx_word' id='word_1_439' title='bbox 1181 3108 1327 3168; x_wconf 85' lang='grc' dir='ltr'>Θεοῦ</span> <span class='ocrx_word' id='word_1_440' title='bbox 1377 3107 1469 3168; x_wconf 73' lang='grc' dir='ltr'><strong>καὶ</strong></span> <span class='ocrx_word' id='word_1_441' title='bbox 1501 3109 1715 3191; x_wconf 83' lang='grc' dir='ltr'>Πατρὸς</span> <span class='ocrx_word' id='word_1_442' title='bbox 1744 3113 1922 3187; x_wconf 86' lang='grc' dir='ltr'>ἡμῶν.</span> <span class='ocrx_word' id='word_1_443' title='bbox 1965 3136 1996 3170; x_wconf 71' lang='lat' dir='ltr'><strong>n</strong></span> 
     </span>
    </p>
   </div>
   <div class='ocr_carea' id='block_1_59' title="bbox 2107 3102 3712 3194">
    <p class='ocr_par' dir='ltr' id='par_1_59' title="bbox 2178 3117 3712 3194">
     <span class='ocr_line' id='line_1_59' title="bbox 2178 3117 3712 3194; baseline -0.005 -13"><span class='ocrx_word' id='word_1_444' title='bbox 2178 3121 2346 3194; x_wconf 78' lang='lat'><strong>327</strong></span> <span class='ocrx_word' id='word_1_445' title='bbox 2389 3144 2413 3170; x_wconf 77' lang='grc' dir='ltr'><strong>α</strong></span> <span class='ocrx_word' id='word_1_446' title='bbox 2450 3119 2760 3177; x_wconf 88' lang='lat' dir='ltr'><strong>Secundum</strong></span> <span class='ocrx_word' id='word_1_447' title='bbox 2792 3119 3130 3176; x_wconf 87' lang='lat' dir='ltr'><strong>voluntatem</strong></span> <span class='ocrx_word' id='word_1_448' title='bbox 3160 3118 3263 3173; x_wconf 93' lang='lat' dir='ltr'><strong>Dei</strong></span> <span class='ocrx_word' id='word_1_449' title='bbox 3303 3125 3360 3174; x_wconf 92' lang='lat' dir='ltr'><strong>et</strong></span> <span class='ocrx_word' id='word_1_450' title='bbox 3400 3117 3572 3174; x_wconf 89' lang='lat' dir='ltr'><strong>Patris</strong></span> <span class='ocrx_word' id='word_1_451' title='bbox 3607 3133 3712 3174; x_wconf 88' lang='lat' dir='ltr'><strong>no-</strong></span> 
     </span>
    </p>
   </div>
   <div class='ocr_carea' id='block_1_60' title="bbox 403 3191 1998 3280">
    <p class='ocr_par' dir='ltr' id='par_1_60' title="bbox 403 3191 1998 3280">
     <span class='ocr_line' id='line_1_60' title="bbox 403 3191 1998 3280; baseline 0.007 -29"><span class='ocrx_word' id='word_1_452' title='bbox 403 3191 627 3267; x_wconf 83' lang='grc' dir='ltr'>Ἐπειδὴ</span> <span class='ocrx_word' id='word_1_453' title='bbox 663 3194 896 3273; x_wconf 81' lang='grc' dir='ltr'>ἐνόμιζον</span> <span class='ocrx_word' id='word_1_454' title='bbox 940 3199 1130 3256; x_wconf 85' lang='grc' dir='ltr'>ἐκεῖνοι</span> <span class='ocrx_word' id='word_1_455' title='bbox 1160 3197 1238 3256; x_wconf 75' lang='grc' dir='ltr'>ὅτι</span> <span class='ocrx_word' id='word_1_456' title='bbox 1268 3202 1360 3256; x_wconf 91' lang='grc' dir='ltr'><strong>τοῦ</strong></span> <span class='ocrx_word' id='word_1_457' title='bbox 1411 3199 1552 3258; x_wconf 86' lang='grc' dir='ltr'>Θεοῦ</span> <span class='ocrx_word' id='word_1_458' title='bbox 1605 3199 1998 3280; x_wconf 89' lang='grc' dir='ltr'>παρακούουσιν</span> 
     </span>
    </p>
   </div>
   <div class='ocr_carea' id='block_1_61' title="bbox 405 3280 2000 3366">
    <p class='ocr_par' dir='ltr' id='par_1_61' title="bbox 405 3280 2000 3366">
     <span class='ocr_line' id='line_1_61' title="bbox 405 3280 2000 3366; baseline 0.007 -27"><span class='ocrx_word' id='word_1_459' title='bbox 405 3280 622 3362; x_wconf 81' lang='grc' dir='ltr'>ἀφέντες</span> <span class='ocrx_word' id='word_1_460' title='bbox 667 3284 758 3343; x_wconf 80' lang='grc' dir='ltr'>τὸν</span> <span class='ocrx_word' id='word_1_461' title='bbox 800 3284 993 3363; x_wconf 90' lang='grc' dir='ltr'>νόμον,</span> <span class='ocrx_word' id='word_1_462' title='bbox 1051 3287 1342 3366; x_wconf 87' lang='grc' dir='ltr'>διορθοῦται</span> <span class='ocrx_word' id='word_1_463' title='bbox 1369 3286 1466 3358; x_wconf 79' lang='grc' dir='ltr'><strong>τὴν</strong></span> <span class='ocrx_word' id='word_1_464' title='bbox 1515 3287 1763 3349; x_wconf 79' lang='grc' dir='ltr'>ὓπόνοιαν</span> <span class='ocrx_word' id='word_1_465' title='bbox 1795 3292 2000 3363; x_wconf 89' lang='grc' dir='ltr'>αὐτῶν,</span> 
     </span>
    </p>
   </div>
   <div class='ocr_carea' id='block_1_62' title="bbox 404 3371 2000 3455">
    <p class='ocr_par' dir='ltr' id='par_1_62' title="bbox 404 3371 2000 3455">
     <span class='ocr_line' id='line_1_62' title="bbox 404 3371 2000 3455; baseline 0.008 -27"><span class='ocrx_word' id='word_1_466' title='bbox 404 3371 605 3439; x_wconf 82' lang='grc' dir='ltr'>δεικνὺς</span> <span class='ocrx_word' id='word_1_467' title='bbox 633 3373 712 3431; x_wconf 82' lang='grc' dir='ltr'>ὅτι</span> <span class='ocrx_word' id='word_1_468' title='bbox 743 3373 949 3451; x_wconf 86' lang='grc' dir='ltr'>θέλημα</span> <span class='ocrx_word' id='word_1_469' title='bbox 989 3381 1083 3434; x_wconf 89' lang='grc' dir='ltr'><strong>τοῦ</strong></span> <span class='ocrx_word' id='word_1_470' title='bbox 1115 3375 1329 3455; x_wconf 73' lang='grc' dir='ltr'>Πατρός</span> <span class='ocrx_word' id='word_1_471' title='bbox 1359 3377 1469 3434; x_wconf 90' lang='grc' dir='ltr'>ἐστι</span> <span class='ocrx_word' id='word_1_472' title='bbox 1509 3377 1570 3435; x_wconf 83' lang='grc' dir='ltr'>τὸ</span> <span class='ocrx_word' id='word_1_473' title='bbox 1613 3377 1700 3436; x_wconf 76' lang='grc' dir='ltr'><strong>διὰ</strong></span> <span class='ocrx_word' id='word_1_474' title='bbox 1728 3383 1822 3437; x_wconf 92' lang='grc' dir='ltr'><strong>τοῦ</strong></span> <span class='ocrx_word' id='word_1_475' title='bbox 1870 3382 2000 3440; x_wconf 81' lang='grc' dir='ltr'>Υἱοῦ</span> 
     </span>
    </p>
   </div>
   <div class='ocr_carea' id='block_1_63' title="bbox 402 3456 2002 3546">
    <p class='ocr_par' dir='ltr' id='par_1_63' title="bbox 402 3456 2002 3546">
     <span class='ocr_line' id='line_1_63' title="bbox 402 3456 2002 3546; baseline 0.006 -29"><span class='ocrx_word' id='word_1_476' title='bbox 402 3460 833 3540; x_wconf 77' lang='grc' dir='ltr'>ἐλευθερωθῆναι.</span> <span class='ocrx_word' id='word_1_477' title='bbox 879 3463 1046 3546; x_wconf 69' lang='grc' dir='ltr'>⁶Ορᾷς</span> <span class='ocrx_word' id='word_1_478' title='bbox 1091 3464 1146 3524; x_wconf 82' lang='grc' dir='ltr'>δὲ</span> <span class='ocrx_word' id='word_1_479' title='bbox 1197 3463 1278 3523; x_wconf 81' lang='grc' dir='ltr'><strong>ὅτι</strong></span> <span class='ocrx_word' id='word_1_480' title='bbox 1315 3468 1410 3524; x_wconf 88' lang='grc' dir='ltr'><strong>οὐκ</strong></span> <span class='ocrx_word' id='word_1_481' title='bbox 1450 3456 1598 3539; x_wconf 77' lang='grc' dir='ltr'>εἰπε,</span> <span class='ocrx_word' id='word_1_482' title='bbox 1647 3470 1784 3527; x_wconf 83' lang='grc' dir='ltr'>Κατ’</span> <span class='ocrx_word' id='word_1_483' title='bbox 1816 3471 2002 3528; x_wconf 81' lang='grc' dir='ltr'>ἐπιτα-</span> 
     </span>
    </p>
   </div>
   <div class='ocr_carea' id='block_1_64' title="bbox 401 3547 1999 3635">
    <p class='ocr_par' dir='ltr' id='par_1_64' title="bbox 401 3547 1999 3635">
     <span class='ocr_line' id='line_1_64' title="bbox 401 3547 1999 3635; baseline 0.006 -29"><span class='ocrx_word' id='word_1_484' title='bbox 401 3547 497 3626; x_wconf 84' lang='grc' dir='ltr'><strong>γὴν</strong></span> <span class='ocrx_word' id='word_1_485' title='bbox 529 3557 619 3610; x_wconf 79' lang='grc' dir='ltr'><strong>τοῦ</strong></span> <span class='ocrx_word' id='word_1_486' title='bbox 678 3553 916 3632; x_wconf 82' lang='grc' dir='ltr'>Πατρὸς,</span> <span class='ocrx_word' id='word_1_487' title='bbox 955 3554 1119 3628; x_wconf 78' lang='grc' dir='ltr'>ἀλλὰ,</span> <span class='ocrx_word' id='word_1_488' title='bbox 1159 3576 1188 3612; x_wconf 82' lang='grc' dir='ltr'>(ι</span> <span class='ocrx_word' id='word_1_489' title='bbox 1228 3553 1386 3614; x_wconf 83' lang='grc' dir='ltr'>Κατὰ</span> <span class='ocrx_word' id='word_1_490' title='bbox 1434 3553 1493 3612; x_wconf 83' lang='grc' dir='ltr'>τὸ</span> <span class='ocrx_word' id='word_1_491' title='bbox 1545 3554 1779 3635; x_wconf 83' lang='grc' dir='ltr'>θέλημα,</span> <span class='ocrx_word' id='word_1_492' title='bbox 1814 3579 1842 3614; x_wconf 78' lang='grc' dir='ltr'>ι)</span> <span class='ocrx_word' id='word_1_493' title='bbox 1873 3581 1999 3616; x_wconf 90' lang='grc' dir='ltr'>του-</span> 
     </span>
    </p>
   </div>
   <div class='ocr_carea' id='block_1_65' title="bbox 402 3638 1996 3726">
    <p class='ocr_par' dir='ltr' id='par_1_65' title="bbox 402 3638 1996 3726">
     <span class='ocr_line' id='line_1_65' title="bbox 402 3638 1996 3726; baseline 0.006 -30"><span class='ocrx_word' id='word_1_494' title='bbox 402 3638 578 3712; x_wconf 90' lang='grc' dir='ltr'>τέστι,</span> <span class='ocrx_word' id='word_1_495' title='bbox 633 3640 728 3714; x_wconf 74' lang='grc' dir='ltr'><strong>τὴν</strong></span> <span class='ocrx_word' id='word_1_496' title='bbox 783 3641 1041 3702; x_wconf 83' lang='grc' dir='ltr'>εὐδοκίαν.</span> <span class='ocrx_word' id='word_1_497' title='bbox 1096 3643 1281 3704; x_wconf 85' lang='grc' dir='ltr'>Εἰπὼν</span> <span class='ocrx_word' id='word_1_498' title='bbox 1333 3642 1388 3702; x_wconf 77' lang='grc' dir='ltr'>δὲ</span> <span class='ocrx_word' id='word_1_499' title='bbox 1442 3643 1664 3726; x_wconf 87' lang='grc' dir='ltr'>Πατέρα</span> <span class='ocrx_word' id='word_1_500' title='bbox 1724 3649 1876 3722; x_wconf 83' lang='grc' dir='ltr'>ἡμῶν</span> <span class='ocrx_word' id='word_1_501' title='bbox 1909 3647 1996 3706; x_wconf 85' lang='grc' dir='ltr'><strong>τὸν</strong></span> 
     </span>
    </p>
   </div>
   <div class='ocr_carea' id='block_1_66' title="bbox 404 3728 1995 3816">
    <p class='ocr_par' dir='ltr' id='par_1_66' title="bbox 404 3728 1995 3816">
     <span class='ocr_line' id='line_1_66' title="bbox 404 3728 1995 3816; baseline 0.005 -30"><span class='ocrx_word' id='word_1_502' title='bbox 404 3728 574 3802; x_wconf 75' lang='grc' dir='ltr'>Θεὸν,</span> <span class='ocrx_word' id='word_1_503' title='bbox 611 3731 772 3790; x_wconf 89' lang='grc' dir='ltr'>πάλιν</span> <span class='ocrx_word' id='word_1_504' title='bbox 808 3736 902 3790; x_wconf 90' lang='grc' dir='ltr'><strong>τοῦ</strong></span> <span class='ocrx_word' id='word_1_505' title='bbox 962 3733 1234 3812; x_wconf 74' lang='grc' dir='ltr'>εὐεργέτου</span> <span class='ocrx_word' id='word_1_506' title='bbox 1281 3733 1676 3810; x_wconf 77' lang='grc' dir='ltr'>ὑπομιμνήσκει</span> <span class='ocrx_word' id='word_1_507' title='bbox 1723 3737 1995 3816; x_wconf 86' lang='grc' dir='ltr'>Χριστοῦ,</span> 
     </span>
    </p>
   </div>
   <div class='ocr_carea' id='block_1_67' title="bbox 401 3815 1992 3905">
    <p class='ocr_par' dir='ltr' id='par_1_67' title="bbox 401 3815 1992 3905">
     <span class='ocr_line' id='line_1_67' title="bbox 401 3815 1992 3905; baseline 0.007 -31"><span class='ocrx_word' id='word_1_508' title='bbox 401 3815 458 3883; x_wconf 88' lang='grc' dir='ltr'><strong>ὃς</strong></span> <span class='ocrx_word' id='word_1_509' title='bbox 492 3817 771 3905; x_wconf 40' lang='grc' dir='ltr'>τὸνυαύτοῦ</span> <span class='ocrx_word' id='word_1_510' title='bbox 829 3820 1081 3902; x_wconf 88' lang='grc' dir='ltr'>Πατέρα,</span> <span class='ocrx_word' id='word_1_511' title='bbox 1139 3821 1230 3882; x_wconf 81' lang='grc' dir='ltr'><strong>καὶ</strong></span> <span class='ocrx_word' id='word_1_512' title='bbox 1280 3825 1434 3900; x_wconf 84' lang='grc' dir='ltr'>ἡμῶν</span> <span class='ocrx_word' id='word_1_513' title='bbox 1489 3823 1712 3905; x_wconf 85' lang='grc' dir='ltr'>Πατέρα</span> <span class='ocrx_word' id='word_1_514' title='bbox 1755 3815 1992 3898; x_wconf 85' lang='grc' dir='ltr'>ἐποίησε.</span> 
     </span>
    </p>
   </div>
   <div class='ocr_carea' id='block_1_68' title="bbox 408 3900 1206 3992">
    <p class='ocr_par' dir='ltr' id='par_1_68' title="bbox 408 3900 1206 3992">
     <span class='ocr_line' id='line_1_68' title="bbox 408 3900 1206 3992; baseline 0.005 -26"><span class='ocrx_word' id='word_1_515' title='bbox 408 3900 642 3992; x_wconf 27' lang='grc' dir='ltr'>Πῶςᾲούν</span> <span class='ocrx_word' id='word_1_516' title='bbox 671 3910 854 3970; x_wconf 88' lang='grc' dir='ltr'>τούτου</span> <span class='ocrx_word' id='word_1_517' title='bbox 881 3900 1206 3992; x_wconf 58' lang='grc' dir='ltr'>ἀφίκὲτασθε,</span> 
     </span>
    </p>
   </div>
   <div class='ocr_carea' id='block_1_69' title="bbox 484 3985 1998 4083">
    <p class='ocr_par' dir='ltr' id='par_1_69' title="bbox 484 3985 1998 4083">
     <span class='ocr_line' id='line_1_69' title="bbox 484 3985 1998 4083; baseline 0.003 -27"><span class='ocrx_word' id='word_1_518' title='bbox 484 4023 509 4050; x_wconf 78' lang='grc' dir='ltr'>σι</span> <span class='ocrx_word' id='word_1_519' title='bbox 532 3985 605 4083; x_wconf 65' lang='grc' dir='ltr'><strong>ἶῼ</strong></span> <span class='ocrx_word' id='word_1_520' title='bbox 626 4002 660 4070; x_wconf 81' lang='grc' dir='ltr'>ἡ</span> <span class='ocrx_word' id='word_1_521' title='bbox 692 3998 815 4068; x_wconf 82' lang='grc' dir='ltr'>δόξα</span> <span class='ocrx_word' id='word_1_522' title='bbox 852 3985 940 4067; x_wconf 67' lang='grc' dir='ltr'><strong>εἰς</strong></span> <span class='ocrx_word' id='word_1_523' title='bbox 953 3999 1071 4068; x_wconf 79' lang='grc' dir='ltr'>τοὺς</span> <span class='ocrx_word' id='word_1_524' title='bbox 1105 3985 1298 4068; x_wconf 86' lang='grc' dir='ltr'>αἰῶνας</span> <span class='ocrx_word' id='word_1_525' title='bbox 1343 4003 1447 4061; x_wconf 87' lang='grc' dir='ltr'><strong>τῶν</strong></span> <span class='ocrx_word' id='word_1_526' title='bbox 1477 4002 1707 4066; x_wconf 86' lang='grc' dir='ltr'>αἰώνων.</span> <span class='ocrx_word' id='word_1_527' title='bbox 1748 4004 1937 4082; x_wconf 86' lang='grc' dir='ltr'>Ἀμήν.</span> <span class='ocrx_word' id='word_1_528' title='bbox 1973 4035 1998 4060; x_wconf 70' lang='grc' dir='ltr'><strong><em>ν</em></strong></span> 
     </span>
    </p>
   </div>
   <div class='ocr_carea' id='block_1_70' title="bbox 400 4087 1998 4176">
    <p class='ocr_par' dir='ltr' id='par_1_70' title="bbox 400 4087 1998 4176">
     <span class='ocr_line' id='line_1_70' title="bbox 400 4087 1998 4176; baseline 0.005 -30"><span class='ocrx_word' id='word_1_529' title='bbox 400 4087 659 4163; x_wconf 85' lang='grc' dir='ltr'>Οὐδαμοῦ</span> <span class='ocrx_word' id='word_1_530' title='bbox 699 4090 935 4169; x_wconf 83' lang='grc' dir='ltr'>ἀλλαχοῦ</span> <span class='ocrx_word' id='word_1_531' title='bbox 966 4093 1020 4148; x_wconf 92' lang='grc' dir='ltr'><strong>ἐν</strong></span> <span class='ocrx_word' id='word_1_532' title='bbox 1049 4090 1342 4170; x_wconf 87' lang='grc' dir='ltr'>προοιμίοις</span> <span class='ocrx_word' id='word_1_533' title='bbox 1371 4091 1431 4151; x_wconf 82' lang='grc' dir='ltr'><strong>τὸ</strong></span> <span class='ocrx_word' id='word_1_534' title='bbox 1449 4137 1465 4164; x_wconf 89' lang='grc'><strong>,</strong></span> <span class='ocrx_word' id='word_1_535' title='bbox 1509 4113 1536 4148; x_wconf 81' lang='grc' dir='ltr'>(ι</span> <span class='ocrx_word' id='word_1_536' title='bbox 1565 4092 1730 4170; x_wconf 87' lang='grc' dir='ltr'>Ἀμὴν</span> <span class='ocrx_word' id='word_1_537' title='bbox 1748 4139 1764 4167; x_wconf 93' lang='grc'><strong>,</strong></span> <span class='ocrx_word' id='word_1_538' title='bbox 1796 4117 1825 4152; x_wconf 76' lang='grc' dir='ltr'>ι)</span> <span class='ocrx_word' id='word_1_539' title='bbox 1856 4095 1958 4162; x_wconf 76' lang='grc' dir='ltr'>θεὶς</span> <span class='ocrx_word' id='word_1_540' title='bbox 1980 4143 1998 4176; x_wconf 80' lang='lat'><strong>,</strong></span> 
     </span>
    </p>
   </div>
   <div class='ocr_carea' id='block_1_71' title="bbox 401 4177 1999 4262">
    <p class='ocr_par' dir='ltr' id='par_1_71' title="bbox 401 4177 1999 4262">
     <span class='ocr_line' id='line_1_71' title="bbox 401 4177 1999 4262; baseline 0.007 -28"><span class='ocrx_word' id='word_1_541' title='bbox 401 4177 625 4236; x_wconf 82' lang='grc' dir='ltr'>ἐνταῦθα</span> <span class='ocrx_word' id='word_1_542' title='bbox 676 4177 873 4237; x_wconf 79' lang='grc' dir='ltr'>τέθεικε</span> <span class='ocrx_word' id='word_1_543' title='bbox 900 4202 914 4216; x_wconf 76' lang='grc' dir='ltr'><strong><em>ο</em></strong></span> <span class='ocrx_word' id='word_1_544' title='bbox 967 4179 1168 4246; x_wconf 76' lang='grc' dir='ltr'>δεικνὺς</span> <span class='ocrx_word' id='word_1_545' title='bbox 1213 4179 1296 4238; x_wconf 77' lang='grc' dir='ltr'>ὅτι</span> <span class='ocrx_word' id='word_1_546' title='bbox 1349 4183 1377 4239; x_wconf 83' lang='grc' dir='ltr'><strong>δ</strong></span> <span class='ocrx_word' id='word_1_547' title='bbox 1406 4183 1554 4258; x_wconf 81' lang='grc' dir='ltr'>λόγος</span> <span class='ocrx_word' id='word_1_548' title='bbox 1607 4185 1999 4262; x_wconf 87' lang='grc' dir='ltr'>ἀπηρτισμένος</span> 
     </span>
    </p>
   </div>
   <div class='ocr_carea' id='block_1_72' title="bbox 403 4264 1998 4350">
    <p class='ocr_par' dir='ltr' id='par_1_72' title="bbox 403 4264 1998 4350">
     <span class='ocr_line' id='line_1_72' title="bbox 403 4264 1998 4350; baseline 0.008 -28"><span class='ocrx_word' id='word_1_549' title='bbox 403 4264 544 4323; x_wconf 82' lang='grc' dir='ltr'>ἐστὶν</span> <span class='ocrx_word' id='word_1_550' title='bbox 575 4267 754 4348; x_wconf 81' lang='grc' dir='ltr'>αὐτῷ,</span> <span class='ocrx_word' id='word_1_551' title='bbox 791 4269 882 4327; x_wconf 82' lang='grc' dir='ltr'><strong>καὶ</strong></span> <span class='ocrx_word' id='word_1_552' title='bbox 933 4268 1060 4348; x_wconf 82' lang='grc' dir='ltr'>πρὸς</span> <span class='ocrx_word' id='word_1_553' title='bbox 1093 4269 1188 4339; x_wconf 75' lang='grc' dir='ltr'><strong>τὴν</strong></span> <span class='ocrx_word' id='word_1_554' title='bbox 1237 4269 1561 4350; x_wconf 86' lang='grc' dir='ltr'>κατηγορίαν</span> <span class='ocrx_word' id='word_1_555' title='bbox 1604 4275 1709 4330; x_wconf 90' lang='grc' dir='ltr'><strong>τῶν</strong></span> <span class='ocrx_word' id='word_1_556' title='bbox 1742 4277 1998 4335; x_wconf 86' lang='grc' dir='ltr'>Γαλατῶν</span> 
     </span>
    </p>
   </div>
   <div class='ocr_carea' id='block_1_73' title="bbox 397 4353 1997 4446">
    <p class='ocr_par' dir='ltr' id='par_1_73' title="bbox 397 4353 1997 4446">
     <span class='ocr_line' id='line_1_73' title="bbox 397 4353 1997 4446; baseline 0.008 -34"><span class='ocrx_word' id='word_1_557' title='bbox 397 4353 556 4413; x_wconf 78' lang='grc' dir='ltr'>ἱκανᾶ</span> <span class='ocrx_word' id='word_1_558' title='bbox 583 4355 652 4415; x_wconf 79' lang='grc' dir='ltr'><strong>τὰ</strong></span> <span class='ocrx_word' id='word_1_559' title='bbox 703 4355 990 4436; x_wconf 76' lang='grc' dir='ltr'>εἰρημέναο</span> <span class='ocrx_word' id='word_1_560' title='bbox 1057 4358 1150 4417; x_wconf 83' lang='grc' dir='ltr'>καὶ</span> <span class='ocrx_word' id='word_1_561' title='bbox 1201 4359 1303 4439; x_wconf 80' lang='grc' dir='ltr'><strong>γὰρ</strong></span> <span class='ocrx_word' id='word_1_562' title='bbox 1355 4359 1664 4432; x_wconf 81' lang='grc' dir='ltr'>ἀναμνήσας</span> <span class='ocrx_word' id='word_1_563' title='bbox 1691 4365 1795 4420; x_wconf 89' lang='grc' dir='ltr'><strong>τῶν</strong></span> <span class='ocrx_word' id='word_1_564' title='bbox 1851 4366 1997 4446; x_wconf 88' lang='grc' dir='ltr'>ἀφά-</span> 
     </span>
    </p>
   </div>
   <div class='ocr_carea' id='block_1_74' title="bbox 399 4440 1998 4530">
    <p class='ocr_par' dir='ltr' id='par_1_74' title="bbox 399 4440 1998 4530">
     <span class='ocr_line' id='line_1_74' title="bbox 399 4440 1998 4530; baseline 0.007 -28"><span class='ocrx_word' id='word_1_565' title='bbox 399 4467 506 4502; x_wconf 88' lang='grc' dir='ltr'><strong>των</strong></span> <span class='ocrx_word' id='word_1_566' title='bbox 535 4451 626 4505; x_wconf 90' lang='grc' dir='ltr'><strong>τοῦ</strong></span> <span class='ocrx_word' id='word_1_567' title='bbox 654 4447 797 4506; x_wconf 89' lang='grc' dir='ltr'>Θεοῦ</span> <span class='ocrx_word' id='word_1_568' title='bbox 841 4449 1184 4528; x_wconf 88' lang='grc' dir='ltr'>εὐεργεσιῶν,</span> <span class='ocrx_word' id='word_1_569' title='bbox 1225 4448 1279 4518; x_wconf 79' lang='grc' dir='ltr'>ἐξ</span> <span class='ocrx_word' id='word_1_570' title='bbox 1307 4440 1380 4508; x_wconf 68' lang='grc' dir='ltr'><strong>ὧν</strong></span> <span class='ocrx_word' id='word_1_571' title='bbox 1429 4449 1799 4530; x_wconf 89' lang='grc' dir='ltr'>κατεκρίνοντο</span> <span class='ocrx_word' id='word_1_572' title='bbox 1829 4445 1998 4530; x_wconf 63' lang='grc' dir='ltr'>οὗτοι,</span> 
     </span>
    </p>
   </div>
   <div class='ocr_carea' id='block_1_75' title="bbox 401 4531 1995 4618">
    <p class='ocr_par' dir='ltr' id='par_1_75' title="bbox 401 4531 1995 4618">
     <span class='ocr_line' id='line_1_75' title="bbox 401 4531 1995 4618; baseline 0.008 -28"><span class='ocrx_word' id='word_1_573' title='bbox 401 4533 637 4614; x_wconf 80' lang='grc' dir='ltr'>ἀφιέντες</span> <span class='ocrx_word' id='word_1_574' title='bbox 691 4535 780 4594; x_wconf 85' lang='grc' dir='ltr'><strong>τὸν</strong></span> <span class='ocrx_word' id='word_1_575' title='bbox 850 4537 1337 4618; x_wconf 60' lang='grc' dir='ltr'><strong>εὐεργετήσαντα4⁵</strong></span> <span class='ocrx_word' id='word_1_576' title='bbox 1396 4540 1663 4616; x_wconf 87' lang='grc' dir='ltr'>Χριστόν·</span> <span class='ocrx_word' id='word_1_577' title='bbox 1726 4531 1840 4599; x_wconf 73' lang='grc' dir='ltr'>εἶτα</span> <span class='ocrx_word' id='word_1_578' title='bbox 1909 4547 1995 4602; x_wconf 85' lang='grc' dir='ltr'>ἐκ·</span> 
     </span>
    </p>
   </div>
   <div class='ocr_carea' id='block_1_76' title="bbox 400 4624 2004 4708">
    <p class='ocr_par' dir='ltr' id='par_1_76' title="bbox 400 4624 2004 4708">
     <span class='ocr_line' id='line_1_76' title="bbox 400 4624 2004 4708; baseline 0.007 -28"><span class='ocrx_word' id='word_1_579' title='bbox 400 4624 623 4702; x_wconf 77' lang='grc' dir='ltr'>πλαγεὶς</span> <span class='ocrx_word' id='word_1_580' title='bbox 668 4625 895 4698; x_wconf 84' lang='grc' dir='ltr'>ταύτας,</span> <span class='ocrx_word' id='word_1_581' title='bbox 945 4627 1035 4687; x_wconf 78' lang='grc' dir='ltr'><strong>καὶ</strong></span> <span class='ocrx_word' id='word_1_582' title='bbox 1090 4627 1282 4705; x_wconf 89' lang='grc' dir='ltr'>μηκέτι</span> <span class='ocrx_word' id='word_1_583' title='bbox 1325 4627 1490 4704; x_wconf 83' lang='grc' dir='ltr'>μηδὲν</span> <span class='ocrx_word' id='word_1_584' title='bbox 1535 4629 1818 4708; x_wconf 84' lang='grc' dir='ltr'>δυνάμενος</span> <span class='ocrx_word' id='word_1_585' title='bbox 1870 4633 2004 4692; x_wconf 81' lang='grc' dir='ltr'>ἄλλο</span> 
     </span>
    </p>
   </div>
   <div class='ocr_carea' id='block_1_77' title="bbox 399 4713 2002 4797">
    <p class='ocr_par' dir='ltr' id='par_1_77' title="bbox 399 4713 2002 4797">
     <span class='ocr_line' id='line_1_77' title="bbox 399 4713 2002 4797; baseline 0.007 -28"><span class='ocrx_word' id='word_1_586' title='bbox 399 4713 522 4791; x_wconf 82' lang='grc' dir='ltr'>περὶ</span> <span class='ocrx_word' id='word_1_587' title='bbox 551 4715 722 4774; x_wconf 85' lang='grc' dir='ltr'>αὐτῶν</span> <span class='ocrx_word' id='word_1_588' title='bbox 777 4714 1052 4788; x_wconf 63' lang='grc' dir='ltr'>ἐξειπεῖν,</span> <span class='ocrx_word' id='word_1_589' title='bbox 1085 4719 1156 4785; x_wconf 90' lang='grc' dir='ltr'>εἷς</span> <span class='ocrx_word' id='word_1_590' title='bbox 1211 4716 1507 4797; x_wconf 83' lang='grc' dir='ltr'>δοξολογίαν</span> <span class='ocrx_word' id='word_1_591' title='bbox 1562 4721 1870 4780; x_wconf 86' lang='grc' dir='ltr'>κατακλείει</span> <span class='ocrx_word' id='word_1_592' title='bbox 1913 4722 2002 4781; x_wconf 83' lang='grc' dir='ltr'>τὸν</span> 
     </span>
    </p>
   </div>
   <div class='ocr_carea' id='block_1_78' title="bbox 400 4799 577 4880">
    <p class='ocr_par' dir='ltr' id='par_1_78' title="bbox 400 4799 577 4880">
     <span class='ocr_line' id='line_1_78' title="bbox 400 4799 577 4880; baseline 0 -22"><span class='ocrx_word' id='word_1_593' title='bbox 400 4799 577 4880; x_wconf 88' lang='grc' dir='ltr'>λόγον,</span> 
     </span>
    </p>
   </div>
   <div class='ocr_carea' id='block_1_79' title="bbox 492 4892 2000 4976">
    <p class='ocr_par' dir='ltr' id='par_1_79' title="bbox 492 4892 2000 4976">
     <span class='ocr_line' id='line_1_79' title="bbox 492 4892 2000 4976; baseline 0.008 -28"><span class='ocrx_word' id='word_1_594' title='bbox 492 4913 521 4948; x_wconf 83' lang='grc' dir='ltr'>(ι</span> <span class='ocrx_word' id='word_1_595' title='bbox 549 4892 826 4970; x_wconf 83' lang='grc' dir='ltr'>Θαυμάζω</span> <span class='ocrx_word' id='word_1_596' title='bbox 855 4893 935 4953; x_wconf 77' lang='grc' dir='ltr'><strong>ὅτι</strong></span> <span class='ocrx_word' id='word_1_597' title='bbox 965 4894 1102 4955; x_wconf 84' lang='grc' dir='ltr'>οὕτω</span> <span class='ocrx_word' id='word_1_598' title='bbox 1148 4897 1352 4976; x_wconf 84' lang='grc' dir='ltr'>ταχέως</span> <span class='ocrx_word' id='word_1_599' title='bbox 1383 4897 1724 4975; x_wconf 84' lang='grc' dir='ltr'>μετατίθεσθε</span> <span class='ocrx_word' id='word_1_600' title='bbox 1770 4899 1880 4959; x_wconf 81' lang='grc' dir='ltr'><strong>ἀπὸ</strong></span> <span class='ocrx_word' id='word_1_601' title='bbox 1910 4905 2000 4960; x_wconf 91' lang='grc' dir='ltr'><strong>τοῦ</strong></span> 
     </span>
    </p>
   </div>
   <div class='ocr_carea' id='block_1_80' title="bbox 401 4979 2000 5065">
    <p class='ocr_par' dir='ltr' id='par_1_80' title="bbox 401 4979 2000 5065">
     <span class='ocr_line' id='line_1_80' title="bbox 401 4979 2000 5065; baseline 0.007 -28"><span class='ocrx_word' id='word_1_602' title='bbox 401 4979 721 5065; x_wconf 86' lang='grc' dir='ltr'>καλέσαντος</span> <span class='ocrx_word' id='word_1_603' title='bbox 776 4986 914 5060; x_wconf 72' lang='grc' dir='ltr'>ὑμᾶς</span> <span class='ocrx_word' id='word_1_604' title='bbox 967 4986 1019 5042; x_wconf 91' lang='grc' dir='ltr'><strong>ἐν</strong></span> <span class='ocrx_word' id='word_1_605' title='bbox 1077 4985 1259 5064; x_wconf 83' lang='grc' dir='ltr'>χάριτι</span> <span class='ocrx_word' id='word_1_606' title='bbox 1315 4988 1574 5065; x_wconf 86' lang='grc' dir='ltr'>Χριστοῦ.</span> <span class='ocrx_word' id='word_1_607' title='bbox 1635 5009 1664 5045; x_wconf 71' lang='grc' dir='ltr'>ι)</span> <span class='ocrx_word' id='word_1_608' title='bbox 1725 4989 2000 5048; x_wconf 84' lang='grc' dir='ltr'>Δείκνυσιν</span> 
     </span>
    </p>
   </div>
   <div class='ocr_carea' id='block_1_81' title="bbox 401 5064 2002 5158">
    <p class='ocr_par' dir='ltr' id='par_1_81' title="bbox 401 5064 2002 5158">
     <span class='ocr_line' id='line_1_81' title="bbox 401 5064 2002 5158; baseline 0.007 -33"><span class='ocrx_word' id='word_1_609' title='bbox 401 5064 480 5158; x_wconf 77' lang='grc' dir='ltr'><strong>ὅτι</strong></span> <span class='ocrx_word' id='word_1_610' title='bbox 507 5068 745 5158; x_wconf 84' lang='grc' dir='ltr'>μεγάλην</span> <span class='ocrx_word' id='word_1_611' title='bbox 792 5071 911 5129; x_wconf 81' lang='grc' dir='ltr'>τινὰ</span> <span class='ocrx_word' id='word_1_612' title='bbox 958 5073 1224 5155; x_wconf 74' lang='grc' dir='ltr'>ὑπόληψιν</span> <span class='ocrx_word' id='word_1_613' title='bbox 1281 5064 1403 5154; x_wconf 80' lang='grc' dir='ltr'>περὶ</span> <span class='ocrx_word' id='word_1_614' title='bbox 1437 5077 1609 5134; x_wconf 88' lang='grc' dir='ltr'>αὐτῶν</span> <span class='ocrx_word' id='word_1_615' title='bbox 1659 5069 1796 5158; x_wconf 77' lang='grc' dir='ltr'>εἶχε.</span> <span class='ocrx_word' id='word_1_616' title='bbox 1851 5082 2002 5139; x_wconf 86' lang='grc' dir='ltr'>Θαυ-</span> 
     </span>
    </p>
   </div>
   <div class='ocr_carea' id='block_1_82' title="bbox 404 5156 2002 5242">
    <p class='ocr_par' dir='ltr' id='par_1_82' title="bbox 404 5156 2002 5242">
     <span class='ocr_line' id='line_1_82' title="bbox 404 5156 2002 5242; baseline 0.008 -28"><span class='ocrx_word' id='word_1_617' title='bbox 404 5156 557 5234; x_wconf 80' lang='grc' dir='ltr'>μάζω</span> <span class='ocrx_word' id='word_1_618' title='bbox 595 5157 696 5238; x_wconf 75' lang='grc' dir='ltr'><strong>γὰρ</strong></span> <span class='ocrx_word' id='word_1_619' title='bbox 717 5207 732 5233; x_wconf 89' lang='grc'><strong>,</strong></span> <span class='ocrx_word' id='word_1_620' title='bbox 782 5160 940 5240; x_wconf 76' lang='grc' dir='ltr'>φησὶν</span> <span class='ocrx_word' id='word_1_621' title='bbox 967 5207 983 5235; x_wconf 94' lang='grc'><strong>,</strong></span> <span class='ocrx_word' id='word_1_622' title='bbox 1018 5163 1123 5242; x_wconf 85' lang='grc' dir='ltr'>εἴγε</span> <span class='ocrx_word' id='word_1_623' title='bbox 1166 5168 1312 5241; x_wconf 78' lang='grc' dir='ltr'>ὑμεῖς</span> <span class='ocrx_word' id='word_1_624' title='bbox 1343 5167 1390 5224; x_wconf 78' lang='grc' dir='ltr'>οἱ</span> <span class='ocrx_word' id='word_1_625' title='bbox 1434 5172 1668 5225; x_wconf 89' lang='grc' dir='ltr'>τοσαῦτα</span> <span class='ocrx_word' id='word_1_626' title='bbox 1701 5156 2002 5240; x_wconf 81' lang='grc' dir='ltr'>πεπονηκό-</span> 
     </span>
    </p>
   </div>
   <div class='ocr_carea' id='block_1_83' title="bbox 402 5248 2005 5333">
    <p class='ocr_par' dir='ltr' id='par_1_83' title="bbox 402 5248 2005 5333">
     <span class='ocr_line' id='line_1_83' title="bbox 402 5248 2005 5333; baseline 0.007 -29"><span class='ocrx_word' id='word_1_627' title='bbox 402 5269 485 5314; x_wconf 89' lang='grc' dir='ltr'><strong>τες</strong></span> <span class='ocrx_word' id='word_1_628' title='bbox 509 5250 562 5306; x_wconf 82' lang='grc' dir='ltr'>ἐν</span> <span class='ocrx_word' id='word_1_629' title='bbox 609 5253 676 5328; x_wconf 77' lang='grc' dir='ltr'><strong>τῇ</strong></span> <span class='ocrx_word' id='word_1_630' title='bbox 719 5248 898 5309; x_wconf 83' lang='grc' dir='ltr'>πίστει</span> <span class='ocrx_word' id='word_1_631' title='bbox 949 5250 1087 5311; x_wconf 80' lang='grc' dir='ltr'>οὕτω</span> <span class='ocrx_word' id='word_1_632' title='bbox 1134 5252 1337 5333; x_wconf 77' lang='grc' dir='ltr'>ταχέως</span> <span class='ocrx_word' id='word_1_633' title='bbox 1387 5256 1748 5330; x_wconf 86' lang='grc' dir='ltr'>μετατίθεσθε.</span> <span class='ocrx_word' id='word_1_634' title='bbox 1797 5255 1905 5316; x_wconf 90' lang='grc' dir='ltr'>Δύο</span> <span class='ocrx_word' id='word_1_635' title='bbox 1948 5255 2005 5315; x_wconf 79' lang='grc' dir='ltr'>δὲ</span> 
     </span>
    </p>
   </div>
   <div class='ocr_carea' id='block_1_84' title="bbox 401 5335 2003 5418">
    <p class='ocr_par' dir='ltr' id='par_1_84' title="bbox 401 5335 2003 5418">
     <span class='ocr_line' id='line_1_84' title="bbox 401 5335 2003 5418; baseline 0.007 -25"><span class='ocrx_word' id='word_1_636' title='bbox 401 5335 469 5394; x_wconf 81' lang='grc' dir='ltr'><strong>τὰ</strong></span> <span class='ocrx_word' id='word_1_637' title='bbox 491 5336 826 5415; x_wconf 86' lang='grc' dir='ltr'>ἐγκλήματα,</span> <span class='ocrx_word' id='word_1_638' title='bbox 847 5339 907 5400; x_wconf 91' lang='grc' dir='ltr'><strong>τό</strong></span> <span class='ocrx_word' id='word_1_639' title='bbox 925 5364 982 5400; x_wconf 89' lang='grc' dir='ltr'><strong>τε</strong></span> <span class='ocrx_word' id='word_1_640' title='bbox 1003 5387 1020 5415; x_wconf 94' lang='grc'><strong>,</strong></span> <span class='ocrx_word' id='word_1_641' title='bbox 1059 5363 1088 5400; x_wconf 75' lang='grc' dir='ltr'><strong>α</strong></span> <span class='ocrx_word' id='word_1_642' title='bbox 1122 5343 1484 5403; x_wconf 88' lang='grc' dir='ltr'>Μετατίθεσθε</span> <span class='ocrx_word' id='word_1_643' title='bbox 1507 5389 1523 5418; x_wconf 95' lang='grc'><strong>,</strong></span> <span class='ocrx_word' id='word_1_644' title='bbox 1547 5369 1577 5400; x_wconf 66' lang='grc' dir='ltr'><strong>η</strong></span> <span class='ocrx_word' id='word_1_645' title='bbox 1607 5344 1808 5417; x_wconf 79' lang='grc' dir='ltr'>καὶτὸ,</span> <span class='ocrx_word' id='word_1_646' title='bbox 1836 5372 1860 5399; x_wconf 74' lang='grc' dir='ltr'><strong><em>κ</em></strong></span> <span class='ocrx_word' id='word_1_647' title='bbox 1882 5348 2003 5406; x_wconf 89' lang='grc' dir='ltr'><strong>Τα-</strong></span> 
     </span>
    </p>
   </div>
   <div class='ocr_carea' id='block_1_85' title="bbox 403 5423 2000 5512">
    <p class='ocr_par' dir='ltr' id='par_1_85' title="bbox 403 5423 2000 5512">
     <span class='ocr_line' id='line_1_85' title="bbox 403 5423 2000 5512; baseline 0.008 -29"><span class='ocrx_word' id='word_1_648' title='bbox 403 5423 540 5505; x_wconf 82' lang='grc' dir='ltr'>χέως</span> <span class='ocrx_word' id='word_1_649' title='bbox 562 5451 575 5464; x_wconf 93' lang='grc'><strong>·</strong></span> <span class='ocrx_word' id='word_1_650' title='bbox 604 5449 632 5486; x_wconf 86' lang='lat' dir='ltr'><strong>n</strong></span> <span class='ocrx_word' id='word_1_651' title='bbox 671 5425 808 5485; x_wconf 81' lang='grc' dir='ltr'>ὥστε</span> <span class='ocrx_word' id='word_1_652' title='bbox 842 5429 980 5508; x_wconf 82' lang='grc' dir='ltr'>μηδὲ</span> <span class='ocrx_word' id='word_1_653' title='bbox 1009 5433 1199 5512; x_wconf 88' lang='grc' dir='ltr'>χρόνου</span> <span class='ocrx_word' id='word_1_654' title='bbox 1224 5433 1428 5492; x_wconf 87' lang='grc' dir='ltr'>δεῖσθαι</span> <span class='ocrx_word' id='word_1_655' title='bbox 1481 5433 1600 5502; x_wconf 77' lang='grc' dir='ltr'>τοὺς</span> <span class='ocrx_word' id='word_1_656' title='bbox 1644 5436 1961 5502; x_wconf 85' lang='grc' dir='ltr'>ἀπατῶντας</span> <span class='ocrx_word' id='word_1_657' title='bbox 1987 5459 2000 5472; x_wconf 91' lang='grc'><strong>·</strong></span> 
     </span>
    </p>
   </div>
   <div class='ocr_carea' id='block_1_86' title="bbox 405 5513 1997 5604">
    <p class='ocr_par' dir='ltr' id='par_1_86' title="bbox 405 5513 1997 5604">
     <span class='ocr_line' id='line_1_86' title="bbox 405 5513 1997 5604; baseline 0.009 -34"><span class='ocrx_word' id='word_1_658' title='bbox 405 5513 536 5595; x_wconf 79' lang='grc' dir='ltr'>ὅπερ</span> <span class='ocrx_word' id='word_1_659' title='bbox 585 5515 891 5598; x_wconf 86' lang='grc' dir='ltr'>κουφότητα</span> <span class='ocrx_word' id='word_1_660' title='bbox 911 5519 962 5556; x_wconf 79' lang='grc'><strong>⁴⁶</strong></span> <span class='ocrx_word' id='word_1_661' title='bbox 1003 5523 1108 5581; x_wconf 86' lang='grc' dir='ltr'><strong>τῶν</strong></span> <span class='ocrx_word' id='word_1_662' title='bbox 1163 5523 1616 5604; x_wconf 85' lang='grc' dir='ltr'>παραδεχομένων</span> <span class='ocrx_word' id='word_1_663' title='bbox 1687 5532 1997 5604; x_wconf 83' lang='grc' dir='ltr'>κατηγορεῖ.</span> 
     </span>
    </p>
   </div>
   <div class='ocr_carea' id='block_1_87' title="bbox 2108 3205 3712 3282">
    <p class='ocr_par' dir='ltr' id='par_1_87' title="bbox 2108 3205 3712 3282">
     <span class='ocr_line' id='line_1_87' title="bbox 2108 3205 3712 3282; baseline -0.001 -16"><span class='ocrx_word' id='word_1_664' title='bbox 2108 3210 2227 3267; x_wconf 92' lang='lat' dir='ltr'><strong>stri.</strong></span> <span class='ocrx_word' id='word_1_665' title='bbox 2265 3235 2289 3259; x_wconf 78' lang='grc' dir='ltr'>ιο</span> <span class='ocrx_word' id='word_1_666' title='bbox 2321 3211 2458 3281; x_wconf 87' lang='lat' dir='ltr'><strong>Quia</strong></span> <span class='ocrx_word' id='word_1_667' title='bbox 2487 3209 2752 3282; x_wconf 90' lang='lat' dir='ltr'><strong>putabant</strong></span> <span class='ocrx_word' id='word_1_668' title='bbox 2774 3209 2849 3265; x_wconf 91' lang='lat' dir='ltr'><strong>illi</strong></span> <span class='ocrx_word' id='word_1_669' title='bbox 2877 3207 3028 3282; x_wconf 86' lang='lat' dir='ltr'><strong>quod</strong></span> <span class='ocrx_word' id='word_1_670' title='bbox 3066 3212 3186 3264; x_wconf 92' lang='lat' dir='ltr'><strong>Deo</strong></span> <span class='ocrx_word' id='word_1_671' title='bbox 3218 3223 3332 3263; x_wconf 90' lang='lat' dir='ltr'><strong>non</strong></span> <span class='ocrx_word' id='word_1_672' title='bbox 3362 3205 3712 3279; x_wconf 87' lang='lat' dir='ltr'><strong>obtempera-</strong></span> 
     </span>
    </p>
   </div>
   <div class='ocr_carea' id='block_1_88' title="bbox 2106 3297 3713 3372">
    <p class='ocr_par' dir='ltr' id='par_1_88' title="bbox 2106 3297 3713 3372">
     <span class='ocr_line' id='line_1_88' title="bbox 2106 3297 3713 3372; baseline -0.001 -16"><span class='ocrx_word' id='word_1_673' title='bbox 2106 3308 2230 3356; x_wconf 89' lang='lat' dir='ltr'><strong>rent</strong></span> <span class='ocrx_word' id='word_1_674' title='bbox 2258 3300 2596 3357; x_wconf 89' lang='lat' dir='ltr'><strong>dimittentes</strong></span> <span class='ocrx_word' id='word_1_675' title='bbox 2639 3299 2845 3372; x_wconf 87' lang='lat' dir='ltr'><strong>legem,</strong></span> <span class='ocrx_word' id='word_1_676' title='bbox 2889 3298 3257 3370; x_wconf 89' lang='lat' dir='ltr'><strong>suspicionem</strong></span> <span class='ocrx_word' id='word_1_677' title='bbox 3292 3313 3484 3353; x_wconf 91' lang='lat' dir='ltr'><strong>eorum</strong></span> <span class='ocrx_word' id='word_1_678' title='bbox 3531 3297 3713 3354; x_wconf 91' lang='lat' dir='ltr'><strong>corri-</strong></span> 
     </span>
    </p>
   </div>
   <div class='ocr_carea' id='block_1_89' title="bbox 2109 3387 3714 3461">
    <p class='ocr_par' dir='ltr' id='par_1_89' title="bbox 2109 3387 3714 3461">
     <span class='ocr_line' id='line_1_89' title="bbox 2109 3387 3714 3461; baseline -0.001 -17"><span class='ocrx_word' id='word_1_679' title='bbox 2109 3390 2212 3461; x_wconf 88' lang='lat' dir='ltr'><strong>git,</strong></span> <span class='ocrx_word' id='word_1_680' title='bbox 2255 3389 2550 3446; x_wconf 90' lang='lat' dir='ltr'><strong>ostendens</strong></span> <span class='ocrx_word' id='word_1_681' title='bbox 2603 3389 2943 3445; x_wconf 87' lang='lat' dir='ltr'><strong>voluntatem</strong></span> <span class='ocrx_word' id='word_1_682' title='bbox 2995 3387 3168 3443; x_wconf 89' lang='lat' dir='ltr'><strong>Patris</strong></span> <span class='ocrx_word' id='word_1_683' title='bbox 3210 3402 3350 3455; x_wconf 92' lang='lat' dir='ltr'><strong>esse,</strong></span> <span class='ocrx_word' id='word_1_684' title='bbox 3409 3387 3558 3458; x_wconf 92' lang='lat' dir='ltr'><strong>quod</strong></span> <span class='ocrx_word' id='word_1_685' title='bbox 3617 3403 3714 3458; x_wconf 91' lang='lat' dir='ltr'><strong>per</strong></span> 
     </span>
    </p>
   </div>
   <div class='ocr_carea' id='block_1_90' title="bbox 2108 3475 3710 3548">
    <p class='ocr_par' dir='ltr' id='par_1_90' title="bbox 2108 3475 3710 3548">
     <span class='ocr_line' id='line_1_90' title="bbox 2108 3475 3710 3548; baseline 0 -16"><span class='ocrx_word' id='word_1_686' title='bbox 2108 3478 2314 3534; x_wconf 89' lang='lat' dir='ltr'><strong>Filium</strong></span> <span class='ocrx_word' id='word_1_687' title='bbox 2341 3479 2716 3534; x_wconf 88' lang='lat' dir='ltr'><strong>liberaremur.</strong></span> <span class='ocrx_word' id='word_1_688' title='bbox 2745 3477 2910 3534; x_wconf 88' lang='lat' dir='ltr'><strong>Vides</strong></span> <span class='ocrx_word' id='word_1_689' title='bbox 2938 3484 3127 3532; x_wconf 89' lang='lat' dir='ltr'><strong>autem</strong></span> <span class='ocrx_word' id='word_1_690' title='bbox 3155 3476 3310 3548; x_wconf 93' lang='lat' dir='ltr'><strong>quod</strong></span> <span class='ocrx_word' id='word_1_691' title='bbox 3339 3491 3453 3531; x_wconf 90' lang='lat' dir='ltr'><strong>non</strong></span> <span class='ocrx_word' id='word_1_692' title='bbox 3478 3475 3710 3546; x_wconf 83' lang='lat' dir='ltr'><strong>dixerit,</strong></span> 
     </span>
    </p>
   </div>
   <div class='ocr_carea' id='block_1_91' title="bbox 2105 3564 3708 3635">
    <p class='ocr_par' dir='ltr' id='par_1_91' title="bbox 2105 3564 3708 3635">
     <span class='ocr_line' id='line_1_91' title="bbox 2105 3564 3708 3635; baseline -0.002 -12"><span class='ocrx_word' id='word_1_693' title='bbox 2105 3569 2266 3624; x_wconf 86' lang='lat' dir='ltr'><strong>Juxta</strong></span> <span class='ocrx_word' id='word_1_694' title='bbox 2299 3566 2620 3623; x_wconf 90' lang='lat' dir='ltr'><strong>mandatum</strong></span> <span class='ocrx_word' id='word_1_695' title='bbox 2649 3568 2853 3635; x_wconf 84' lang='lat' dir='ltr'><strong>Patris,</strong></span> <span class='ocrx_word' id='word_1_696' title='bbox 2887 3565 3010 3634; x_wconf 90' lang='lat' dir='ltr'><strong>sed,</strong></span> <span class='ocrx_word' id='word_1_697' title='bbox 3042 3588 3067 3613; x_wconf 86' lang='grc'><strong>‹‹</strong></span> <span class='ocrx_word' id='word_1_698' title='bbox 3099 3565 3419 3621; x_wconf 90' lang='lat' dir='ltr'><strong>Secundum</strong></span> <span class='ocrx_word' id='word_1_699' title='bbox 3449 3564 3708 3620; x_wconf 89' lang='lat' dir='ltr'><strong>volunta-</strong></span> 
     </span>
    </p>
   </div>
   <div class='ocr_carea' id='block_1_92' title="bbox 2106 3654 3708 3727">
    <p class='ocr_par' dir='ltr' id='par_1_92' title="bbox 2106 3654 3708 3727">
     <span class='ocr_line' id='line_1_92' title="bbox 2106 3654 3708 3727; baseline -0.001 -15"><span class='ocrx_word' id='word_1_700' title='bbox 2106 3665 2250 3727; x_wconf 90' lang='lat' dir='ltr'><strong>tem,</strong></span> <span class='ocrx_word' id='word_1_701' title='bbox 2279 3680 2305 3706; x_wconf 71' lang='grc' dir='ltr'>ιο</span> <span class='ocrx_word' id='word_1_702' title='bbox 2337 3656 2442 3712; x_wconf 93' lang='lat' dir='ltr'><strong>hoc</strong></span> <span class='ocrx_word' id='word_1_703' title='bbox 2469 3664 2583 3724; x_wconf 90' lang='lat' dir='ltr'><strong>est,</strong></span> <span class='ocrx_word' id='word_1_704' title='bbox 2614 3655 3039 3727; x_wconf 91' lang='lat' dir='ltr'><strong>beneplacitum.</strong></span> <span class='ocrx_word' id='word_1_705' title='bbox 3074 3654 3275 3710; x_wconf 89' lang='lat' dir='ltr'><strong>Dicens</strong></span> <span class='ocrx_word' id='word_1_706' title='bbox 3303 3662 3490 3709; x_wconf 91' lang='lat' dir='ltr'><strong>autem</strong></span> <span class='ocrx_word' id='word_1_707' title='bbox 3523 3656 3708 3710; x_wconf 91' lang='lat' dir='ltr'><strong>Deum</strong></span> 
     </span>
    </p>
   </div>
   <div class='ocr_carea' id='block_1_93' title="bbox 2107 3741 3704 3814">
    <p class='ocr_par' dir='ltr' id='par_1_93' title="bbox 2107 3741 3704 3814">
     <span class='ocr_line' id='line_1_93' title="bbox 2107 3741 3704 3814; baseline -0.003 -12"><span class='ocrx_word' id='word_1_708' title='bbox 2107 3749 2328 3802; x_wconf 91' lang='lat' dir='ltr'><strong>Patrem</strong></span> <span class='ocrx_word' id='word_1_709' title='bbox 2379 3753 2660 3814; x_wconf 90' lang='lat' dir='ltr'><strong>nostrum,</strong></span> <span class='ocrx_word' id='word_1_710' title='bbox 2717 3759 2903 3800; x_wconf 90' lang='lat' dir='ltr'><strong>rursus</strong></span> <span class='ocrx_word' id='word_1_711' title='bbox 2947 3741 3311 3799; x_wconf 82' lang='lat' dir='ltr'><strong>benefactoris</strong></span> <span class='ocrx_word' id='word_1_712' title='bbox 3372 3757 3704 3798; x_wconf 87' lang='lat' dir='ltr'><strong>commone-</strong></span> 
     </span>
    </p>
   </div>
   <div class='ocr_carea' id='block_1_94' title="bbox 2107 3830 3705 3906">
    <p class='ocr_par' dir='ltr' id='par_1_94' title="bbox 2107 3830 3705 3906">
     <span class='ocr_line' id='line_1_94' title="bbox 2107 3830 3705 3906; baseline -0.003 -16"><span class='ocrx_word' id='word_1_713' title='bbox 2107 3835 2238 3890; x_wconf 86' lang='lat' dir='ltr'><strong>facit</strong></span> <span class='ocrx_word' id='word_1_714' title='bbox 2265 3834 2494 3902; x_wconf 87' lang='lat' dir='ltr'><strong>Cbristi,</strong></span> <span class='ocrx_word' id='word_1_715' title='bbox 2525 3836 2617 3906; x_wconf 91' lang='lat' dir='ltr'><strong>qui</strong></span> <span class='ocrx_word' id='word_1_716' title='bbox 2648 3835 2861 3889; x_wconf 88' lang='lat' dir='ltr'><strong>Patrem</strong></span> <span class='ocrx_word' id='word_1_717' title='bbox 2889 3847 3080 3900; x_wconf 90' lang='lat' dir='ltr'><strong>suum,</strong></span> <span class='ocrx_word' id='word_1_718' title='bbox 3109 3840 3367 3886; x_wconf 87' lang='lat' dir='ltr'><strong>nostrum</strong></span> <span class='ocrx_word' id='word_1_719' title='bbox 3393 3830 3562 3886; x_wconf 89' lang='lat' dir='ltr'><strong>etiam</strong></span> <span class='ocrx_word' id='word_1_720' title='bbox 3596 3833 3705 3887; x_wconf 89' lang='lat' dir='ltr'><strong>Pa-</strong></span> 
     </span>
    </p>
   </div>
   <div class='ocr_carea' id='block_1_95' title="bbox 2107 3920 3310 3996">
    <p class='ocr_par' dir='ltr' id='par_1_95' title="bbox 2107 3920 3310 3996">
     <span class='ocr_line' id='line_1_95' title="bbox 2107 3920 3310 3996; baseline -0.002 -15"><span class='ocrx_word' id='word_1_721' title='bbox 2107 3935 2250 3982; x_wconf 88' lang='lat' dir='ltr'><strong>trem</strong></span> <span class='ocrx_word' id='word_1_722' title='bbox 2282 3923 2420 3980; x_wconf 86' lang='lat' dir='ltr'><strong>l&#39;ecit.</strong></span> <span class='ocrx_word' id='word_1_723' title='bbox 2466 3923 2573 3995; x_wconf 85' lang='lat' dir='ltr'><strong>Qui</strong></span> <span class='ocrx_word' id='word_1_724' title='bbox 2605 3923 2767 3996; x_wconf 89' lang='lat' dir='ltr'><strong>igitur</strong></span> <span class='ocrx_word' id='word_1_725' title='bbox 2793 3923 2862 3979; x_wconf 91' lang='lat' dir='ltr'><strong>ab</strong></span> <span class='ocrx_word' id='word_1_726' title='bbox 2897 3921 3004 3978; x_wconf 91' lang='lat' dir='ltr'><strong>hoc</strong></span> <span class='ocrx_word' id='word_1_727' title='bbox 3041 3920 3310 3978; x_wconf 83' lang='lat' dir='ltr'><strong>deﬁcitis?</strong></span> 
     </span>
    </p>
   </div>
   <div class='ocr_carea' id='block_1_96' title="bbox 2177 4009 3703 4085">
    <p class='ocr_par' dir='ltr' id='par_1_96' title="bbox 2177 4009 3703 4085">
     <span class='ocr_line' id='line_1_96' title="bbox 2177 4009 3703 4085; baseline -0.002 -16"><span class='ocrx_word' id='word_1_728' title='bbox 2177 4016 2358 4071; x_wconf 74' lang='lat' dir='ltr'><strong>Vsus.</strong></span> <span class='ocrx_word' id='word_1_729' title='bbox 2404 4019 2457 4069; x_wconf 88' lang='lat'><strong>5.</strong></span> <span class='ocrx_word' id='word_1_730' title='bbox 2525 4036 2550 4062; x_wconf 81' lang='grc' dir='ltr'>‹ι</span> <span class='ocrx_word' id='word_1_731' title='bbox 2610 4012 2711 4069; x_wconf 91' lang='lat' dir='ltr'><strong>Cui</strong></span> <span class='ocrx_word' id='word_1_732' title='bbox 2763 4011 2935 4085; x_wconf 89' lang='lat' dir='ltr'><strong>gloria</strong></span> <span class='ocrx_word' id='word_1_733' title='bbox 2980 4011 3038 4068; x_wconf 93' lang='lat' dir='ltr'><strong>in</strong></span> <span class='ocrx_word' id='word_1_734' title='bbox 3091 4011 3293 4068; x_wconf 69' lang='lat' dir='ltr'><strong>saecula</strong></span> <span class='ocrx_word' id='word_1_735' title='bbox 3349 4009 3703 4067; x_wconf 71' lang='lat' dir='ltr'><strong>saeculorum.</strong></span> 
     </span>
    </p>
   </div>
   <div class='ocr_carea' id='block_1_97' title="bbox 2105 4100 3703 4175">
    <p class='ocr_par' dir='ltr' id='par_1_97' title="bbox 2105 4100 3703 4175">
     <span class='ocr_line' id='line_1_97' title="bbox 2105 4100 3703 4175; baseline -0.004 -16"><span class='ocrx_word' id='word_1_736' title='bbox 2105 4107 2306 4160; x_wconf 84' lang='lat' dir='ltr'><strong>Amen.</strong></span> <span class='ocrx_word' id='word_1_737' title='bbox 2343 4127 2367 4153; x_wconf 73' lang='grc' dir='ltr'><strong><em>ι</em></strong></span> <span class='ocrx_word' id='word_1_738' title='bbox 2401 4105 2541 4161; x_wconf 92' lang='lat' dir='ltr'><strong>Cum</strong></span> <span class='ocrx_word' id='word_1_739' title='bbox 2565 4118 2836 4175; x_wconf 90' lang='lat' dir='ltr'><strong>nusquam</strong></span> <span class='ocrx_word' id='word_1_740' title='bbox 2872 4101 3006 4159; x_wconf 90' lang='lat' dir='ltr'><strong>alibi</strong></span> <span class='ocrx_word' id='word_1_741' title='bbox 3043 4101 3102 4157; x_wconf 88' lang='lat' dir='ltr'><strong>in</strong></span> <span class='ocrx_word' id='word_1_742' title='bbox 3130 4100 3374 4157; x_wconf 86' lang='lat' dir='ltr'><strong>exordiis</strong></span> <span class='ocrx_word' id='word_1_743' title='bbox 3407 4119 3435 4152; x_wconf 80' lang='grc' dir='ltr'>ι(</span> <span class='ocrx_word' id='word_1_744' title='bbox 3463 4103 3640 4156; x_wconf 83' lang='lat' dir='ltr'><strong>Amen</strong></span> <span class='ocrx_word' id='word_1_745' title='bbox 3676 4119 3703 4153; x_wconf 86' lang='lat'><strong>»</strong></span> 
     </span>
    </p>
   </div>
   <div class='ocr_carea' id='block_1_98' title="bbox 2106 4189 3708 4266">
    <p class='ocr_par' dir='ltr' id='par_1_98' title="bbox 2106 4189 3708 4266">
     <span class='ocr_line' id='line_1_98' title="bbox 2106 4189 3708 4266; baseline -0.002 -17"><span class='ocrx_word' id='word_1_746' title='bbox 2106 4193 2376 4266; x_wconf 90' lang='lat' dir='ltr'><strong>posuerit,</strong></span> <span class='ocrx_word' id='word_1_747' title='bbox 2417 4193 2503 4248; x_wconf 89' lang='lat' dir='ltr'><strong>hic</strong></span> <span class='ocrx_word' id='word_1_748' title='bbox 2535 4192 2720 4264; x_wconf 89' lang='lat' dir='ltr'><strong>ponit,</strong></span> <span class='ocrx_word' id='word_1_749' title='bbox 2747 4191 2994 4247; x_wconf 89' lang='lat' dir='ltr'><strong>indicans</strong></span> <span class='ocrx_word' id='word_1_750' title='bbox 3028 4189 3180 4264; x_wconf 89' lang='lat' dir='ltr'><strong>quod</strong></span> <span class='ocrx_word' id='word_1_751' title='bbox 3207 4205 3390 4246; x_wconf 91' lang='lat' dir='ltr'><strong>sermo</strong></span> <span class='ocrx_word' id='word_1_752' title='bbox 3430 4191 3547 4262; x_wconf 87' lang='lat' dir='ltr'><strong>ejus</strong></span> <span class='ocrx_word' id='word_1_753' title='bbox 3570 4205 3708 4245; x_wconf 91' lang='lat' dir='ltr'><strong>con-</strong></span> 
     </span>
    </p>
   </div>
   <div class='ocr_carea' id='block_1_99' title="bbox 2106 4279 3706 4353">
    <p class='ocr_par' dir='ltr' id='par_1_99' title="bbox 2106 4279 3706 4353">
     <span class='ocr_line' id='line_1_99' title="bbox 2106 4279 3706 4353; baseline -0.003 -15"><span class='ocrx_word' id='word_1_754' title='bbox 2106 4290 2419 4338; x_wconf 89' lang='lat' dir='ltr'><strong>summatus</strong></span> <span class='ocrx_word' id='word_1_755' title='bbox 2447 4281 2541 4349; x_wconf 87' lang='lat' dir='ltr'><strong>sit,</strong></span> <span class='ocrx_word' id='word_1_756' title='bbox 2569 4289 2624 4337; x_wconf 90' lang='lat' dir='ltr'><strong>et</strong></span> <span class='ocrx_word' id='word_1_757' title='bbox 2648 4296 2771 4353; x_wconf 74' lang='lat' dir='ltr'><strong>quae</strong></span> <span class='ocrx_word' id='word_1_758' title='bbox 2799 4279 3057 4350; x_wconf 87' lang='lat' dir='ltr'><strong>dixisset,</strong></span> <span class='ocrx_word' id='word_1_759' title='bbox 3086 4279 3156 4336; x_wconf 88' lang='lat' dir='ltr'><strong>ad</strong></span> <span class='ocrx_word' id='word_1_760' title='bbox 3182 4279 3505 4336; x_wconf 87' lang='lat' dir='ltr'><strong>Galatarum</strong></span> <span class='ocrx_word' id='word_1_761' title='bbox 3548 4294 3706 4335; x_wconf 90' lang='lat' dir='ltr'><strong>accu-</strong></span> 
     </span>
    </p>
   </div>
   <div class='ocr_carea' id='block_1_100' title="bbox 2107 4367 3708 4428">
    <p class='ocr_par' dir='ltr' id='par_1_100' title="bbox 2107 4367 3708 4428">
     <span class='ocr_line' id='line_1_100' title="bbox 2107 4367 3708 4428; baseline -0.002 0"><span class='ocrx_word' id='word_1_762' title='bbox 2107 4372 2386 4428; x_wconf 88' lang='lat' dir='ltr'><strong>sationem</strong></span> <span class='ocrx_word' id='word_1_763' title='bbox 2414 4370 2629 4427; x_wconf 88' lang='lat' dir='ltr'><strong>abunde</strong></span> <span class='ocrx_word' id='word_1_764' title='bbox 2661 4371 2798 4426; x_wconf 88' lang='lat' dir='ltr'><strong>satis</strong></span> <span class='ocrx_word' id='word_1_765' title='bbox 2827 4386 2968 4427; x_wconf 90' lang='lat' dir='ltr'><strong>esse.</strong></span> <span class='ocrx_word' id='word_1_766' title='bbox 2997 4370 3218 4428; x_wconf 87' lang='lat' dir='ltr'><strong>Etenim</strong></span> <span class='ocrx_word' id='word_1_767' title='bbox 3251 4369 3528 4426; x_wconf 88' lang='lat' dir='ltr'><strong>mentione</strong></span> <span class='ocrx_word' id='word_1_768' title='bbox 3562 4367 3708 4425; x_wconf 84' lang='lat' dir='ltr'><strong>facta</strong></span> 
     </span>
    </p>
   </div>
   <div class='ocr_carea' id='block_1_101' title="bbox 2031 4457 3706 4548">
    <p class='ocr_par' dir='ltr' id='par_1_101' title="bbox 2031 4457 3706 4548">
     <span class='ocr_line' id='line_1_101' title="bbox 2031 4457 3706 4548; baseline -0.003 -31"><span class='ocrx_word' id='word_1_769' title='bbox 2031 4486 2080 4548; x_wconf 70' lang='grc' dir='ltr'><strong>Β</strong></span> <span class='ocrx_word' id='word_1_770' title='bbox 2109 4460 2560 4517; x_wconf 87' lang='lat' dir='ltr'><strong>inenarrabilium</strong></span> <span class='ocrx_word' id='word_1_771' title='bbox 2598 4460 2703 4515; x_wconf 88' lang='lat' dir='ltr'><strong>Dei</strong></span> <span class='ocrx_word' id='word_1_772' title='bbox 2741 4458 3169 4529; x_wconf 84' lang='lat' dir='ltr'><strong>beneﬁciorum,</strong></span> <span class='ocrx_word' id='word_1_773' title='bbox 3219 4473 3286 4513; x_wconf 86' lang='lat' dir='ltr'><strong>ex</strong></span> <span class='ocrx_word' id='word_1_774' title='bbox 3329 4457 3530 4528; x_wconf 91' lang='lat' dir='ltr'><strong>quibus</strong></span> <span class='ocrx_word' id='word_1_775' title='bbox 3568 4473 3706 4513; x_wconf 89' lang='lat' dir='ltr'><strong>con-</strong></span> 
     </span>
    </p>
   </div>
   <div class='ocr_carea' id='block_1_102' title="bbox 2107 4546 3709 4621">
    <p class='ocr_par' dir='ltr' id='par_1_102' title="bbox 2107 4546 3709 4621">
     <span class='ocr_line' id='line_1_102' title="bbox 2107 4546 3709 4621; baseline -0.003 -15"><span class='ocrx_word' id='word_1_776' title='bbox 2107 4551 2510 4606; x_wconf 88' lang='lat' dir='ltr'><strong>demnahantur</strong></span> <span class='ocrx_word' id='word_1_777' title='bbox 2537 4549 2644 4616; x_wconf 92' lang='lat' dir='ltr'><strong>illi,</strong></span> <span class='ocrx_word' id='word_1_778' title='bbox 2677 4549 2825 4621; x_wconf 92' lang='lat' dir='ltr'><strong>quod</strong></span> <span class='ocrx_word' id='word_1_779' title='bbox 2855 4548 3135 4603; x_wconf 89' lang='lat' dir='ltr'><strong>Christum</strong></span> <span class='ocrx_word' id='word_1_780' title='bbox 3178 4546 3588 4603; x_wconf 81' lang='lat' dir='ltr'><strong>benefactorem</strong></span> <span class='ocrx_word' id='word_1_781' title='bbox 3617 4546 3709 4602; x_wconf 92' lang='lat' dir='ltr'><strong>di-</strong></span> 
     </span>
    </p>
   </div>
   <div class='ocr_carea' id='block_1_103' title="bbox 2113 4633 3712 4706">
    <p class='ocr_par' dir='ltr' id='par_1_103' title="bbox 2113 4633 3712 4706">
     <span class='ocr_line' id='line_1_103' title="bbox 2113 4633 3712 4706; baseline -0.004 -11"><span class='ocrx_word' id='word_1_782' title='bbox 2113 4640 2414 4706; x_wconf 84' lang='lat' dir='ltr'><strong>misisscnt;</strong></span> <span class='ocrx_word' id='word_1_783' title='bbox 2461 4638 2657 4695; x_wconf 90' lang='lat' dir='ltr'><strong>deinde</strong></span> <span class='ocrx_word' id='word_1_784' title='bbox 2723 4637 3023 4694; x_wconf 88' lang='lat' dir='ltr'><strong>admiratus</strong></span> <span class='ocrx_word' id='word_1_785' title='bbox 3086 4652 3180 4704; x_wconf 89' lang='lat' dir='ltr'><strong>ea,</strong></span> <span class='ocrx_word' id='word_1_786' title='bbox 3247 4651 3354 4692; x_wconf 89' lang='lat' dir='ltr'><strong>nec</strong></span> <span class='ocrx_word' id='word_1_787' title='bbox 3413 4633 3712 4706; x_wconf 91' lang='lat' dir='ltr'><strong>quidquam</strong></span> 
     </span>
    </p>
   </div>
   <div class='ocr_carea' id='block_1_104' title="bbox 2111 4725 3712 4797">
    <p class='ocr_par' dir='ltr' id='par_1_104' title="bbox 2111 4725 3712 4797">
     <span class='ocr_line' id='line_1_104' title="bbox 2111 4725 3712 4797; baseline -0.002 -13"><span class='ocrx_word' id='word_1_788' title='bbox 2111 4729 2249 4785; x_wconf 90' lang='lat' dir='ltr'><strong>alius</strong></span> <span class='ocrx_word' id='word_1_789' title='bbox 2278 4729 2345 4785; x_wconf 90' lang='lat' dir='ltr'><strong>de</strong></span> <span class='ocrx_word' id='word_1_790' title='bbox 2374 4729 2476 4784; x_wconf 91' lang='lat' dir='ltr'><strong>illis</strong></span> <span class='ocrx_word' id='word_1_791' title='bbox 2503 4728 2796 4785; x_wconf 89' lang='lat' dir='ltr'><strong>enuntiare</strong></span> <span class='ocrx_word' id='word_1_792' title='bbox 2826 4727 3042 4796; x_wconf 89' lang='lat' dir='ltr'><strong>valens,</strong></span> <span class='ocrx_word' id='word_1_793' title='bbox 3072 4725 3364 4797; x_wconf 88' lang='lat' dir='ltr'><strong>doxologia</strong></span> <span class='ocrx_word' id='word_1_794' title='bbox 3393 4739 3712 4782; x_wconf 88' lang='lat' dir='ltr'><strong>sermonem</strong></span> 
     </span>
    </p>
   </div>
   <div class='ocr_carea' id='block_1_105' title="bbox 2111 4818 2336 4875">
    <p class='ocr_par' dir='ltr' id='par_1_105' title="bbox 2111 4818 2336 4875">
     <span class='ocr_line' id='line_1_105' title="bbox 2111 4818 2336 4875; baseline 0.004 -1"><span class='ocrx_word' id='word_1_795' title='bbox 2111 4818 2336 4875; x_wconf 88' lang='lat' dir='ltr'><strong>claudit.</strong></span> 
     </span>
    </p>
   </div>
   <div class='ocr_carea' id='block_1_106' title="bbox 2181 4903 3712 4980">
    <p class='ocr_par' dir='ltr' id='par_1_106' title="bbox 2181 4903 3712 4980">
     <span class='ocr_line' id='line_1_106' title="bbox 2181 4903 3712 4980; baseline -0.004 -15"><span class='ocrx_word' id='word_1_796' title='bbox 2181 4910 2366 4965; x_wconf 71' lang='lat' dir='ltr'><strong>Vnus.</strong></span> <span class='ocrx_word' id='word_1_797' title='bbox 2399 4914 2451 4966; x_wconf 88' lang='lat'><strong>6.</strong></span> <span class='ocrx_word' id='word_1_798' title='bbox 2491 4931 2515 4957; x_wconf 77' lang='grc' dir='ltr'><strong><em>α</em></strong></span> <span class='ocrx_word' id='word_1_799' title='bbox 2560 4909 2733 4966; x_wconf 86' lang='lat' dir='ltr'><strong>Miror</strong></span> <span class='ocrx_word' id='word_1_800' title='bbox 2751 4905 2901 4980; x_wconf 91' lang='lat' dir='ltr'><strong>quod</strong></span> <span class='ocrx_word' id='word_1_801' title='bbox 2926 4906 3064 4963; x_wconf 90' lang='lat' dir='ltr'><strong>adeo</strong></span> <span class='ocrx_word' id='word_1_802' title='bbox 3095 4905 3203 4962; x_wconf 93' lang='lat' dir='ltr'><strong>cito</strong></span> <span class='ocrx_word' id='word_1_803' title='bbox 3234 4903 3712 4962; x_wconf 88' lang='lat' dir='ltr'><strong>transferiminiab</strong></span> 
     </span>
    </p>
   </div>
   <div class='ocr_carea' id='block_1_107' title="bbox 2111 4992 3714 5070">
    <p class='ocr_par' dir='ltr' id='par_1_107' title="bbox 2111 4992 3714 5070">
     <span class='ocr_line' id='line_1_107' title="bbox 2111 4992 3714 5070; baseline -0.004 -15"><span class='ocrx_word' id='word_1_804' title='bbox 2111 5014 2178 5055; x_wconf 90' lang='lat' dir='ltr'><strong>eo</strong></span> <span class='ocrx_word' id='word_1_805' title='bbox 2216 4999 2312 5070; x_wconf 89' lang='lat' dir='ltr'><strong>qui</strong></span> <span class='ocrx_word' id='word_1_806' title='bbox 2351 4997 2564 5054; x_wconf 86' lang='lat' dir='ltr'><strong>vocavit</strong></span> <span class='ocrx_word' id='word_1_807' title='bbox 2602 5014 2700 5054; x_wconf 93' lang='lat' dir='ltr'><strong>vos</strong></span> <span class='ocrx_word' id='word_1_808' title='bbox 2727 5013 2826 5068; x_wconf 89' lang='lat' dir='ltr'><strong>per</strong></span> <span class='ocrx_word' id='word_1_809' title='bbox 2871 4997 3105 5068; x_wconf 83' lang='lat' dir='ltr'><strong>gratiam</strong></span> <span class='ocrx_word' id='word_1_810' title='bbox 3149 4995 3376 5052; x_wconf 91' lang='lat' dir='ltr'><strong>Christi.</strong></span> <span class='ocrx_word' id='word_1_811' title='bbox 3421 5014 3448 5048; x_wconf 89' lang='lat'><strong>»</strong></span> <span class='ocrx_word' id='word_1_812' title='bbox 3498 4992 3714 5050; x_wconf 87' lang='lat' dir='ltr'><strong>Iudicat</strong></span> 
     </span>
    </p>
   </div>
   <div class='ocr_carea' id='block_1_108' title="bbox 2110 5083 3711 5160">
    <p class='ocr_par' dir='ltr' id='par_1_108' title="bbox 2110 5083 3711 5160">
     <span class='ocr_line' id='line_1_108' title="bbox 2110 5083 3711 5160; baseline -0.003 -16"><span class='ocrx_word' id='word_1_813' title='bbox 2110 5088 2258 5160; x_wconf 91' lang='lat' dir='ltr'><strong>quod</strong></span> <span class='ocrx_word' id='word_1_814' title='bbox 2289 5103 2548 5160; x_wconf 90' lang='lat' dir='ltr'><strong>magnam</strong></span> <span class='ocrx_word' id='word_1_815' title='bbox 2597 5087 2666 5143; x_wconf 90' lang='lat' dir='ltr'><strong>de</strong></span> <span class='ocrx_word' id='word_1_816' title='bbox 2705 5087 2834 5158; x_wconf 89' lang='lat' dir='ltr'><strong>ipsis</strong></span> <span class='ocrx_word' id='word_1_817' title='bbox 2863 5085 3123 5142; x_wconf 88' lang='lat' dir='ltr'><strong>habuerit</strong></span> <span class='ocrx_word' id='word_1_818' title='bbox 3165 5085 3504 5156; x_wconf 88' lang='lat' dir='ltr'><strong>opinionem.</strong></span> <span class='ocrx_word' id='word_1_819' title='bbox 3536 5083 3711 5139; x_wconf 87' lang='lat' dir='ltr'><strong>Miror</strong></span> 
     </span>
    </p>
   </div>
   <div class='ocr_carea' id='block_1_109' title="bbox 2111 5171 3709 5248">
    <p class='ocr_par' dir='ltr' id='par_1_109' title="bbox 2111 5171 3709 5248">
     <span class='ocr_line' id='line_1_109' title="bbox 2111 5171 3709 5248; baseline -0.004 -14"><span class='ocrx_word' id='word_1_820' title='bbox 2111 5177 2291 5246; x_wconf 87' lang='lat' dir='ltr'><strong>enim,</strong></span> <span class='ocrx_word' id='word_1_821' title='bbox 2322 5177 2529 5248; x_wconf 90' lang='lat' dir='ltr'><strong>inquit,</strong></span> <span class='ocrx_word' id='word_1_822' title='bbox 2559 5175 2707 5248; x_wconf 93' lang='lat' dir='ltr'><strong>quod</strong></span> <span class='ocrx_word' id='word_1_823' title='bbox 2741 5191 2837 5230; x_wconf 92' lang='lat' dir='ltr'><strong>vos</strong></span> <span class='ocrx_word' id='word_1_824' title='bbox 2881 5174 2975 5247; x_wconf 91' lang='lat' dir='ltr'><strong>qui</strong></span> <span class='ocrx_word' id='word_1_825' title='bbox 3003 5173 3138 5230; x_wconf 91' lang='lat' dir='ltr'><strong>adeo</strong></span> <span class='ocrx_word' id='word_1_826' title='bbox 3164 5173 3223 5229; x_wconf 91' lang='lat' dir='ltr'><strong>in</strong></span> <span class='ocrx_word' id='word_1_827' title='bbox 3253 5173 3360 5229; x_wconf 82' lang='lat' dir='ltr'><strong>ﬁde</strong></span> <span class='ocrx_word' id='word_1_828' title='bbox 3390 5171 3709 5239; x_wconf 90' lang='lat' dir='ltr'><strong>laborastis,</strong></span> 
     </span>
    </p>
   </div>
   <div class='ocr_carea' id='block_1_110' title="bbox 2111 5260 3707 5335">
    <p class='ocr_par' dir='ltr' id='par_1_110' title="bbox 2111 5260 3707 5335">
     <span class='ocr_line' id='line_1_110' title="bbox 2111 5260 3707 5335; baseline -0.001 -15"><span class='ocrx_word' id='word_1_829' title='bbox 2111 5274 2229 5322; x_wconf 91' lang='lat' dir='ltr'><strong>tam</strong></span> <span class='ocrx_word' id='word_1_830' title='bbox 2271 5266 2379 5322; x_wconf 88' lang='lat' dir='ltr'><strong>cito</strong></span> <span class='ocrx_word' id='word_1_831' title='bbox 2411 5265 2829 5322; x_wconf 83' lang='lat' dir='ltr'><strong>transferimini.</strong></span> <span class='ocrx_word' id='word_1_832' title='bbox 2884 5268 3022 5321; x_wconf 74' lang='lat' dir='ltr'><strong>Duae</strong></span> <span class='ocrx_word' id='word_1_833' title='bbox 3049 5262 3226 5335; x_wconf 76' lang='lat' dir='ltr'><strong>culpa:</strong></span> <span class='ocrx_word' id='word_1_834' title='bbox 3255 5269 3421 5330; x_wconf 89' lang='lat' dir='ltr'><strong>sunt,</strong></span> <span class='ocrx_word' id='word_1_835' title='bbox 3463 5269 3518 5317; x_wconf 89' lang='lat' dir='ltr'><strong>et</strong></span> <span class='ocrx_word' id='word_1_836' title='bbox 3558 5260 3707 5333; x_wconf 90' lang='lat' dir='ltr'><strong>quod</strong></span> 
     </span>
    </p>
   </div>
   <div class='ocr_carea' id='block_1_111' title="bbox 2113 5350 3698 5426">
    <p class='ocr_par' dir='ltr' id='par_1_111' title="bbox 2113 5350 3698 5426">
     <span class='ocr_line' id='line_1_111' title="bbox 2113 5350 3698 5426; baseline -0.002 -17"><span class='ocrx_word' id='word_1_837' title='bbox 2113 5373 2144 5409; x_wconf 78' lang='grc' dir='ltr'><strong>α</strong></span> <span class='ocrx_word' id='word_1_838' title='bbox 2181 5353 2641 5422; x_wconf 85' lang='lat' dir='ltr'><strong>Transferimini,</strong></span> <span class='ocrx_word' id='word_1_839' title='bbox 2671 5379 2697 5402; x_wconf 83' lang='lat'>»</span> <span class='ocrx_word' id='word_1_840' title='bbox 2729 5363 2784 5410; x_wconf 91' lang='lat' dir='ltr'><strong>et</strong></span> <span class='ocrx_word' id='word_1_841' title='bbox 2807 5351 2958 5426; x_wconf 91' lang='lat' dir='ltr'><strong>quod</strong></span> <span class='ocrx_word' id='word_1_842' title='bbox 2977 5375 3002 5401; x_wconf 74' lang='grc' dir='ltr'><strong>α</strong></span> <span class='ocrx_word' id='word_1_843' title='bbox 3041 5350 3197 5420; x_wconf 89' lang='lat' dir='ltr'><strong>Cito,</strong></span> <span class='ocrx_word' id='word_1_844' title='bbox 3231 5374 3256 5400; x_wconf 68' lang='grc' dir='ltr'><strong>ι</strong></span> <span class='ocrx_word' id='word_1_845' title='bbox 3277 5366 3346 5407; x_wconf 90' lang='lat' dir='ltr'><strong>ne</strong></span> <span class='ocrx_word' id='word_1_846' title='bbox 3367 5358 3428 5406; x_wconf 91' lang='lat' dir='ltr'><strong>ut</strong></span> <span class='ocrx_word' id='word_1_847' title='bbox 3444 5359 3698 5422; x_wconf 88' lang='lat' dir='ltr'><strong>tempore</strong></span> 
     </span>
    </p>
   </div>
   <div class='ocr_carea' id='block_1_112' title="bbox 2111 5439 3709 5517">
    <p class='ocr_par' dir='ltr' id='par_1_112' title="bbox 2111 5439 3709 5517">
     <span class='ocr_line' id='line_1_112' title="bbox 2111 5439 3709 5517; baseline -0.003 -18"><span class='ocrx_word' id='word_1_848' title='bbox 2111 5444 2338 5517; x_wconf 89' lang='lat' dir='ltr'><strong>quidem</strong></span> <span class='ocrx_word' id='word_1_849' title='bbox 2372 5460 2513 5517; x_wconf 91' lang='lat' dir='ltr'><strong>opus</strong></span> <span class='ocrx_word' id='word_1_850' title='bbox 2546 5443 2783 5501; x_wconf 90' lang='lat' dir='ltr'><strong>habeant</strong></span> <span class='ocrx_word' id='word_1_851' title='bbox 2811 5444 3142 5516; x_wconf 89' lang='lat' dir='ltr'><strong>impostores</strong></span> <span class='ocrx_word' id='word_1_852' title='bbox 3173 5458 3187 5496; x_wconf 88' lang='lat'><strong>:</strong></span> <span class='ocrx_word' id='word_1_853' title='bbox 3237 5439 3387 5513; x_wconf 90' lang='lat' dir='ltr'><strong>quod</strong></span> <span class='ocrx_word' id='word_1_854' title='bbox 3430 5439 3709 5496; x_wconf 90' lang='lat' dir='ltr'><strong>levitatem</strong></span> 
     </span>
    </p>
   </div>
   <div class='ocr_carea' id='block_1_113' title="bbox 2111 5527 3708 5607">
    <p class='ocr_par' dir='ltr' id='par_1_113' title="bbox 2111 5527 3708 5607">
     <span class='ocr_line' id='line_1_113' title="bbox 2111 5527 3708 5607; baseline -0.005 -17"><span class='ocrx_word' id='word_1_855' title='bbox 2111 5534 2503 5606; x_wconf 86' lang='lat' dir='ltr'><strong>excipientium</strong></span> <span class='ocrx_word' id='word_1_856' title='bbox 2549 5533 2916 5607; x_wconf 88' lang='lat' dir='ltr'><strong>imposturam</strong></span> <span class='ocrx_word' id='word_1_857' title='bbox 2970 5529 3340 5605; x_wconf 85' lang='lat' dir='ltr'><strong>reprehendit.</strong></span> <span class='ocrx_word' id='word_1_858' title='bbox 3387 5531 3503 5586; x_wconf 90' lang='lat' dir='ltr'><strong>Nec</strong></span> <span class='ocrx_word' id='word_1_859' title='bbox 3545 5527 3708 5597; x_wconf 88' lang='lat' dir='ltr'><strong>dixit,</strong></span> 
     </span>
    </p>
   </div>
   <div class='ocr_carea' id='block_1_114' title="bbox 1805 5658 2342 5723">
    <p class='ocr_par' dir='ltr' id='par_1_114' title="bbox 1805 5658 2342 5723">
     <span class='ocr_line' id='line_1_114' title="bbox 1805 5658 2342 5723; baseline 0.013 -7"><span class='ocrx_word' id='word_1_860' title='bbox 1805 5658 1992 5719; x_wconf 85' lang='lat' dir='ltr'><strong>Variae</strong></span> <span class='ocrx_word' id='word_1_861' title='bbox 2036 5660 2342 5723; x_wconf 85' lang='lat' dir='ltr'><strong>lectiones.</strong></span> 
     </span>
    </p>
   </div>
   <div class='ocr_carea' id='block_1_115' title="bbox 479 5764 2062 5847">
    <p class='ocr_par' dir='ltr' id='par_1_115' title="bbox 479 5764 2062 5847">
     <span class='ocr_line' id='line_1_115' title="bbox 479 5764 2062 5847; baseline 0.021 -48"><span class='ocrx_word' id='word_1_862' title='bbox 479 5764 522 5800; x_wconf 69' lang='grc' dir='ltr'><strong>ιε</strong></span> <span class='ocrx_word' id='word_1_863' title='bbox 545 5767 577 5833; x_wconf 76' lang='grc' dir='ltr'>ἢ</span> <span class='ocrx_word' id='word_1_864' title='bbox 606 5781 660 5824; x_wconf 46' lang='grc' dir='ltr'>ο,</span> <span class='ocrx_word' id='word_1_865' title='bbox 740 5768 783 5804; x_wconf 67' lang='grc' dir='ltr'><strong>μ</strong></span> <span class='ocrx_word' id='word_1_866' title='bbox 802 5771 931 5826; x_wconf 66' lang='grc' dir='ltr'><strong>ὥστε</strong></span> <span class='ocrx_word' id='word_1_867' title='bbox 969 5787 1024 5829; x_wconf 48' lang='grc' dir='ltr'><strong>ο.</strong></span> <span class='ocrx_word' id='word_1_868' title='bbox 1103 5772 1146 5808; x_wconf 72' lang='grc' dir='ltr'><strong>ιε</strong></span> <span class='ocrx_word' id='word_1_869' title='bbox 1186 5772 1443 5847; x_wconf 56' lang='grc' dir='ltr'>εὖεργέτην</span> <span class='ocrx_word' id='word_1_870' title='bbox 1473 5790 1527 5831; x_wconf 94' lang='grc' dir='ltr'>ο.</span> <span class='ocrx_word' id='word_1_871' title='bbox 1604 5775 1650 5810; x_wconf 72' lang='grc'><strong>’⁸⁸</strong></span> <span class='ocrx_word' id='word_1_872' title='bbox 1677 5778 1977 5846; x_wconf 84' lang='grc' dir='ltr'>κουφότητος</span> <span class='ocrx_word' id='word_1_873' title='bbox 2007 5792 2062 5833; x_wconf 93' lang='grc' dir='ltr'>ο.</span> 
     </span>
    </p>
   </div>
  </div>
