  <div class='ocr_page' id='page_1' title='image "/cluster/home/n/w/nwhite01/storage/ocr_20150623/124:no.2/coo.31924054870294/487.png"; bbox 0 0 4134 6422; ppageno 0'>
   <div class='ocr_carea' id='block_1_1' title="bbox 109 23 290 32">
    <p class='ocr_par' dir='ltr' id='par_1_1' title="bbox 109 23 290 32">
     <span class='ocr_line' id='line_1_1' title="bbox 109 23 290 32; baseline 0 0"><span class='ocrx_word' id='word_1_1' title='bbox 109 29 114 32; x_wconf 98' lang='grc'><strong>.</strong></span> <span class='ocrx_word' id='word_1_2' title='bbox 141 23 202 32; x_wconf 58' lang='grc' dir='ltr'><strong>δ..-</strong></span> <span class='ocrx_word' id='word_1_3' title='bbox 217 25 290 32; x_wconf 52' lang='grc' dir='ltr'><strong>-μ-ι</strong></span> 
     </span>
    </p>
   </div>
   <div class='ocr_carea' id='block_1_2' title="bbox 417 438 3720 500">
    <p class='ocr_par' dir='ltr' id='par_1_2' title="bbox 417 438 3720 500">
     <span class='ocr_line' id='line_1_2' title="bbox 417 438 3720 500; baseline 0.001 -4"><span class='ocrx_word' id='word_1_4' title='bbox 417 441 521 498; x_wconf 82' lang='lat'><strong>959</strong></span> <span class='ocrx_word' id='word_1_5' title='bbox 1466 438 1981 498; x_wconf 78' lang='lat' dir='ltr'><strong>THEOPHYLACTI</strong></span> <span class='ocrx_word' id='word_1_6' title='bbox 2016 440 2372 498; x_wconf 77' lang='lat' dir='ltr'><strong>BULGARUE</strong></span> <span class='ocrx_word' id='word_1_7' title='bbox 2407 443 2721 500; x_wconf 80' lang='lat' dir='ltr'><strong>ARCHIEP.</strong></span> <span class='ocrx_word' id='word_1_8' title='bbox 3617 445 3720 500; x_wconf 84' lang='lat'><strong>960</strong></span> 
     </span>
    </p>
   </div>
   <div class='ocr_carea' id='block_1_3' title="bbox 415 558 2017 646">
    <p class='ocr_par' dir='ltr' id='par_1_3' title="bbox 415 565 2002 638">
     <span class='ocr_line' id='line_1_3' title="bbox 415 565 2002 638; baseline -0.001 -12"><span class='ocrx_word' id='word_1_9' title='bbox 415 567 694 626; x_wconf 88' lang='lat' dir='ltr'><strong>Translati</strong></span> <span class='ocrx_word' id='word_1_10' title='bbox 735 566 900 637; x_wconf 83' lang='lat' dir='ltr'><strong>estis,</strong></span> <span class='ocrx_word' id='word_1_11' title='bbox 943 565 1074 636; x_wconf 88' lang='lat' dir='ltr'><strong>sed,</strong></span> <span class='ocrx_word' id='word_1_12' title='bbox 1111 585 1140 619; x_wconf 80' lang='grc' dir='ltr'>ιι</span> <span class='ocrx_word' id='word_1_13' title='bbox 1185 566 1640 637; x_wconf 85' lang='lat' dir='ltr'><strong>Transferimini,</strong></span> <span class='ocrx_word' id='word_1_14' title='bbox 1672 586 1702 621; x_wconf 68' lang='grc' dir='ltr'>ι)</span> <span class='ocrx_word' id='word_1_15' title='bbox 1751 568 1857 624; x_wconf 90' lang='lat' dir='ltr'><strong>hoc</strong></span> <span class='ocrx_word' id='word_1_16' title='bbox 1897 576 2002 638; x_wconf 85' lang='lat' dir='ltr'><strong>est,</strong></span> 
     </span>
    </p>
   </div>
   <div class='ocr_carea' id='block_1_4' title="bbox 2126 558 3710 646">
    <p class='ocr_par' dir='ltr' id='par_1_4' title="bbox 2129 558 3710 646">
     <span class='ocr_line' id='line_1_4' title="bbox 2129 558 3710 646; baseline -0.001 -18"><span class='ocrx_word' id='word_1_17' title='bbox 2129 568 2238 628; x_wconf 84' lang='lat' dir='ltr'><strong>Kal</strong></span> <span class='ocrx_word' id='word_1_18' title='bbox 2259 569 2354 627; x_wconf 78' lang='grc' dir='ltr'>οὐκ</span> <span class='ocrx_word' id='word_1_19' title='bbox 2399 558 2513 629; x_wconf 72' lang='grc' dir='ltr'>εἷπε</span> <span class='ocrx_word' id='word_1_20' title='bbox 2535 614 2552 642; x_wconf 86' lang='grc'>,</span> <span class='ocrx_word' id='word_1_21' title='bbox 2580 568 2872 630; x_wconf 86' lang='grc' dir='ltr'>Μετέθεσθε</span> <span class='ocrx_word' id='word_1_22' title='bbox 2890 615 2908 641; x_wconf 91' lang='grc'>,</span> <span class='ocrx_word' id='word_1_23' title='bbox 2961 567 3100 628; x_wconf 76' lang='grc' dir='ltr'>ἀλλὰ</span> <span class='ocrx_word' id='word_1_24' title='bbox 3121 614 3139 646; x_wconf 92' lang='grc'>,</span> <span class='ocrx_word' id='word_1_25' title='bbox 3175 590 3203 626; x_wconf 80' lang='grc' dir='ltr'>(ι</span> <span class='ocrx_word' id='word_1_26' title='bbox 3242 567 3607 630; x_wconf 87' lang='grc' dir='ltr'>Μετατίθεσθε</span> <span class='ocrx_word' id='word_1_27' title='bbox 3630 589 3644 604; x_wconf 86' lang='grc'>⁶</span> <span class='ocrx_word' id='word_1_28' title='bbox 3680 591 3710 626; x_wconf 73' lang='grc' dir='ltr'><strong>ι)</strong></span> 
     </span>
    </p>
   </div>
   <div class='ocr_carea' id='block_1_5' title="bbox 415 655 2013 725">
    <p class='ocr_par' dir='ltr' id='par_1_5' title="bbox 415 655 2013 725">
     <span class='ocr_line' id='line_1_5' title="bbox 415 655 2013 725; baseline 0 -11"><span class='ocrx_word' id='word_1_29' title='bbox 415 657 679 715; x_wconf 88' lang='lat' dir='ltr'><strong>Nondum</strong></span> <span class='ocrx_word' id='word_1_30' title='bbox 728 657 933 725; x_wconf 83' lang='lat' dir='ltr'><strong>credo,</strong></span> <span class='ocrx_word' id='word_1_31' title='bbox 977 672 1083 713; x_wconf 89' lang='lat' dir='ltr'><strong>nec</strong></span> <span class='ocrx_word' id='word_1_32' title='bbox 1126 655 1363 712; x_wconf 83' lang='lat' dir='ltr'><strong>arbitror</strong></span> <span class='ocrx_word' id='word_1_33' title='bbox 1407 665 1848 714; x_wconf 82' lang='lat' dir='ltr'><strong>consummatam</strong></span> <span class='ocrx_word' id='word_1_34' title='bbox 1895 674 2013 714; x_wconf 91' lang='lat' dir='ltr'><strong>esse</strong></span> 
     </span>
    </p>
   </div>
   <div class='ocr_carea' id='block_1_6' title="bbox 415 745 2012 820">
    <p class='ocr_par' dir='ltr' id='par_1_6' title="bbox 415 745 2012 820">
     <span class='ocr_line' id='line_1_6' title="bbox 415 745 2012 820; baseline 0 -16"><span class='ocrx_word' id='word_1_35' title='bbox 415 748 690 805; x_wconf 82' lang='lat' dir='ltr'><strong>fraudem.</strong></span> <span class='ocrx_word' id='word_1_36' title='bbox 731 747 1033 804; x_wconf 81' lang='lat' dir='ltr'><strong>Considera</strong></span> <span class='ocrx_word' id='word_1_37' title='bbox 1074 745 1164 801; x_wconf 90' lang='lat' dir='ltr'><strong>hic</strong></span> <span class='ocrx_word' id='word_1_38' title='bbox 1205 747 1552 817; x_wconf 84' lang='lat' dir='ltr'><strong>sapientiam.</strong></span> <span class='ocrx_word' id='word_1_39' title='bbox 1599 747 1736 818; x_wconf 85' lang='lat' dir='ltr'><strong>Quia</strong></span> <span class='ocrx_word' id='word_1_40' title='bbox 1767 747 1883 820; x_wconf 86' lang='lat' dir='ltr'><strong>lege</strong></span> <span class='ocrx_word' id='word_1_41' title='bbox 1912 747 2012 804; x_wconf 88' lang='lat' dir='ltr'><strong>de-</strong></span> 
     </span>
    </p>
   </div>
   <div class='ocr_carea' id='block_1_7' title="bbox 414 835 2010 909">
    <p class='ocr_par' dir='ltr' id='par_1_7' title="bbox 414 835 2010 909">
     <span class='ocr_line' id='line_1_7' title="bbox 414 835 2010 909; baseline -0.001 -17"><span class='ocrx_word' id='word_1_42' title='bbox 414 838 549 894; x_wconf 92' lang='lat' dir='ltr'><strong>tenti</strong></span> <span class='ocrx_word' id='word_1_43' title='bbox 591 837 741 894; x_wconf 87' lang='lat' dir='ltr'><strong>Patri</strong></span> <span class='ocrx_word' id='word_1_44' title='bbox 782 836 986 894; x_wconf 85' lang='lat' dir='ltr'><strong>servire</strong></span> <span class='ocrx_word' id='word_1_45' title='bbox 1031 835 1392 908; x_wconf 83' lang='lat' dir='ltr'><strong>putabantur,</strong></span> <span class='ocrx_word' id='word_1_46' title='bbox 1463 839 1509 889; x_wconf 82' lang='lat' dir='ltr'><strong>A</strong></span> <span class='ocrx_word' id='word_1_47' title='bbox 1561 839 1748 903; x_wconf 83' lang='lat' dir='ltr'><strong>Patre,</strong></span> <span class='ocrx_word' id='word_1_48' title='bbox 1800 837 2010 909; x_wconf 85' lang='lat' dir='ltr'><strong>inquit,</strong></span> 
     </span>
    </p>
   </div>
   <div class='ocr_carea' id='block_1_8' title="bbox 414 924 2012 997">
    <p class='ocr_par' dir='ltr' id='par_1_8' title="bbox 414 924 2012 997">
     <span class='ocr_line' id='line_1_8' title="bbox 414 924 2012 997; baseline -0.001 -14"><span class='ocrx_word' id='word_1_49' title='bbox 414 925 857 996; x_wconf 89' lang='lat' dir='ltr'><strong>transferuntur,</strong></span> <span class='ocrx_word' id='word_1_50' title='bbox 910 924 1004 997; x_wconf 92' lang='lat' dir='ltr'><strong>qui</strong></span> <span class='ocrx_word' id='word_1_51' title='bbox 1069 924 1316 980; x_wconf 90' lang='lat' dir='ltr'><strong>animum</strong></span> <span class='ocrx_word' id='word_1_52' title='bbox 1372 925 1475 995; x_wconf 87' lang='lat' dir='ltr'><strong>legi</strong></span> <span class='ocrx_word' id='word_1_53' title='bbox 1528 924 1809 982; x_wconf 86' lang='lat' dir='ltr'><strong>adhibent.</strong></span> <span class='ocrx_word' id='word_1_54' title='bbox 1869 927 2012 981; x_wconf 88' lang='lat' dir='ltr'><strong>Nam</strong></span> 
     </span>
    </p>
   </div>
   <div class='ocr_carea' id='block_1_9' title="bbox 428 1013 2009 1086">
    <p class='ocr_par' dir='ltr' id='par_1_9' title="bbox 428 1013 2009 1086">
     <span class='ocr_line' id='line_1_9' title="bbox 428 1013 2009 1086; baseline 0.001 -17"><span class='ocrx_word' id='word_1_55' title='bbox 428 1035 458 1069; x_wconf 82' lang='grc' dir='ltr'><strong>ι(</strong></span> <span class='ocrx_word' id='word_1_56' title='bbox 497 1015 565 1072; x_wconf 91' lang='lat' dir='ltr'><strong>ab</strong></span> <span class='ocrx_word' id='word_1_57' title='bbox 611 1032 706 1084; x_wconf 88' lang='lat' dir='ltr'><strong>eo,</strong></span> <span class='ocrx_word' id='word_1_58' title='bbox 753 1038 779 1064; x_wconf 71' lang='grc' dir='ltr'><strong>ν</strong></span> <span class='ocrx_word' id='word_1_59' title='bbox 823 1015 1028 1086; x_wconf 88' lang='lat' dir='ltr'><strong>inquit,</strong></span> <span class='ocrx_word' id='word_1_60' title='bbox 1064 1035 1091 1062; x_wconf 76' lang='grc' dir='ltr'><strong>οι</strong></span> <span class='ocrx_word' id='word_1_61' title='bbox 1141 1014 1239 1084; x_wconf 91' lang='lat' dir='ltr'><strong>qui</strong></span> <span class='ocrx_word' id='word_1_62' title='bbox 1288 1014 1500 1070; x_wconf 90' lang='lat' dir='ltr'><strong>vocavit</strong></span> <span class='ocrx_word' id='word_1_63' title='bbox 1542 1029 1666 1084; x_wconf 87' lang='lat' dir='ltr'><strong>vos,</strong></span> <span class='ocrx_word' id='word_1_64' title='bbox 1703 1038 1728 1063; x_wconf 74' lang='grc' dir='ltr'><strong>ιι</strong></span> <span class='ocrx_word' id='word_1_65' title='bbox 1761 1013 1864 1070; x_wconf 94' lang='lat' dir='ltr'><strong>hoc</strong></span> <span class='ocrx_word' id='word_1_66' title='bbox 1894 1023 2009 1082; x_wconf 90' lang='lat' dir='ltr'><strong>est,</strong></span> 
     </span>
    </p>
   </div>
   <div class='ocr_carea' id='block_1_10' title="bbox 418 1101 2013 1177">
    <p class='ocr_par' dir='ltr' id='par_1_10' title="bbox 418 1101 2013 1177">
     <span class='ocr_line' id='line_1_10' title="bbox 418 1101 2013 1177; baseline -0.001 -15"><span class='ocrx_word' id='word_1_67' title='bbox 418 1108 603 1163; x_wconf 86' lang='lat' dir='ltr'><strong>Patre.</strong></span> <span class='ocrx_word' id='word_1_68' title='bbox 639 1107 797 1162; x_wconf 84' lang='lat' dir='ltr'><strong>«Per</strong></span> <span class='ocrx_word' id='word_1_69' title='bbox 822 1103 1058 1177; x_wconf 78' lang='lat' dir='ltr'><strong>gratiam</strong></span> <span class='ocrx_word' id='word_1_70' title='bbox 1088 1101 1315 1172; x_wconf 85' lang='lat' dir='ltr'><strong>Christi,</strong></span> <span class='ocrx_word' id='word_1_71' title='bbox 1357 1127 1384 1153; x_wconf 73' lang='grc' dir='ltr'>ιι</span> <span class='ocrx_word' id='word_1_72' title='bbox 1425 1103 1478 1160; x_wconf 90' lang='lat' dir='ltr'><strong>id</strong></span> <span class='ocrx_word' id='word_1_73' title='bbox 1519 1111 1636 1172; x_wconf 92' lang='lat' dir='ltr'><strong>est,</strong></span> <span class='ocrx_word' id='word_1_74' title='bbox 1665 1111 1728 1160; x_wconf 91' lang='lat' dir='ltr'><strong>ut</strong></span> <span class='ocrx_word' id='word_1_75' title='bbox 1748 1103 2013 1175; x_wconf 83' lang='lat' dir='ltr'><strong>justiﬁce-</strong></span> 
     </span>
    </p>
   </div>
   <div class='ocr_carea' id='block_1_11' title="bbox 411 1193 2008 1269">
    <p class='ocr_par' dir='ltr' id='par_1_11' title="bbox 411 1193 2008 1269">
     <span class='ocr_line' id='line_1_11' title="bbox 411 1193 2008 1269; baseline 0 -19"><span class='ocrx_word' id='word_1_76' title='bbox 411 1196 548 1250; x_wconf 91' lang='lat' dir='ltr'><strong>mini</strong></span> <span class='ocrx_word' id='word_1_77' title='bbox 577 1211 673 1269; x_wconf 90' lang='lat' dir='ltr'><strong>per</strong></span> <span class='ocrx_word' id='word_1_78' title='bbox 699 1194 988 1256; x_wconf 87' lang='lat' dir='ltr'><strong>Christum</strong></span> <span class='ocrx_word' id='word_1_79' title='bbox 1021 1213 1034 1250; x_wconf 88' lang='lat'><strong>:</strong></span> <span class='ocrx_word' id='word_1_80' title='bbox 1065 1210 1181 1254; x_wconf 93' lang='lat' dir='ltr'><strong>non</strong></span> <span class='ocrx_word' id='word_1_81' title='bbox 1225 1209 1289 1250; x_wconf 85' lang='lat' dir='ltr'><strong>ex</strong></span> <span class='ocrx_word' id='word_1_82' title='bbox 1334 1193 1624 1265; x_wconf 85' lang='lat' dir='ltr'><strong>operibus,</strong></span> <span class='ocrx_word' id='word_1_83' title='bbox 1669 1193 1768 1249; x_wconf 90' lang='lat' dir='ltr'><strong>sed</strong></span> <span class='ocrx_word' id='word_1_84' title='bbox 1813 1195 2008 1266; x_wconf 89' lang='lat' dir='ltr'><strong>gratia.</strong></span> 
     </span>
    </p>
   </div>
   <div class='ocr_carea' id='block_1_12' title="bbox 415 1283 2014 1358">
    <p class='ocr_par' dir='ltr' id='par_1_12' title="bbox 415 1283 2014 1358">
     <span class='ocr_line' id='line_1_12' title="bbox 415 1283 2014 1358; baseline -0.004 -10"><span class='ocrx_word' id='word_1_85' title='bbox 415 1290 580 1348; x_wconf 92' lang='lat' dir='ltr'><strong>Filius</strong></span> <span class='ocrx_word' id='word_1_86' title='bbox 618 1290 772 1347; x_wconf 89' lang='lat' dir='ltr'><strong>enim</strong></span> <span class='ocrx_word' id='word_1_87' title='bbox 809 1291 1038 1348; x_wconf 83' lang='lat' dir='ltr'><strong>exhibet</strong></span> <span class='ocrx_word' id='word_1_88' title='bbox 1077 1285 1451 1346; x_wconf 88' lang='lat' dir='ltr'><strong>remissionem</strong></span> <span class='ocrx_word' id='word_1_89' title='bbox 1500 1283 1560 1340; x_wconf 92' lang='lat' dir='ltr'><strong>in</strong></span> <span class='ocrx_word' id='word_1_90' title='bbox 1609 1283 1802 1358; x_wconf 87' lang='lat' dir='ltr'><strong>gratia,</strong></span> <span class='ocrx_word' id='word_1_91' title='bbox 1851 1285 2014 1341; x_wconf 88' lang='lat' dir='ltr'><strong>Pater</strong></span> 
     </span>
    </p>
   </div>
   <div class='ocr_carea' id='block_1_13' title="bbox 414 1379 1072 1437">
    <p class='ocr_par' dir='ltr' id='par_1_13' title="bbox 414 1379 1072 1437">
     <span class='ocr_line' id='line_1_13' title="bbox 414 1379 1072 1437; baseline -0.003 -1"><span class='ocrx_word' id='word_1_92' title='bbox 414 1388 600 1437; x_wconf 91' lang='lat' dir='ltr'><strong>autem</strong></span> <span class='ocrx_word' id='word_1_93' title='bbox 630 1379 703 1436; x_wconf 91' lang='lat' dir='ltr'><strong>ad</strong></span> <span class='ocrx_word' id='word_1_94' title='bbox 731 1380 874 1436; x_wconf 92' lang='lat' dir='ltr'><strong>hanc</strong></span> <span class='ocrx_word' id='word_1_95' title='bbox 897 1387 1072 1436; x_wconf 89' lang='lat' dir='ltr'><strong>vocat.</strong></span> 
     </span>
    </p>
   </div>
   <div class='ocr_carea' id='block_1_14' title="bbox 489 1462 2016 1537">
    <p class='ocr_par' dir='ltr' id='par_1_14' title="bbox 489 1462 2016 1537">
     <span class='ocr_line' id='line_1_14' title="bbox 489 1462 2016 1537; baseline -0.003 -13"><span class='ocrx_word' id='word_1_96' title='bbox 489 1471 671 1526; x_wconf 74' lang='lat' dir='ltr'><strong>Vens.</strong></span> <span class='ocrx_word' id='word_1_97' title='bbox 703 1477 759 1525; x_wconf 88' lang='lat'><strong>7.</strong></span> <span class='ocrx_word' id='word_1_98' title='bbox 808 1493 834 1519; x_wconf 78' lang='grc' dir='ltr'>α</span> <span class='ocrx_word' id='word_1_99' title='bbox 866 1469 956 1526; x_wconf 80' lang='lat' dir='ltr'><strong>Ad</strong></span> <span class='ocrx_word' id='word_1_100' title='bbox 995 1467 1142 1524; x_wconf 89' lang='lat' dir='ltr'><strong>aliud</strong></span> <span class='ocrx_word' id='word_1_101' title='bbox 1172 1464 1559 1537; x_wconf 87' lang='lat' dir='ltr'><strong>Evangelium,</strong></span> <span class='ocrx_word' id='word_1_102' title='bbox 1596 1462 1745 1536; x_wconf 93' lang='lat' dir='ltr'><strong>quod</strong></span> <span class='ocrx_word' id='word_1_103' title='bbox 1787 1479 1902 1520; x_wconf 89' lang='lat' dir='ltr'><strong>non</strong></span> <span class='ocrx_word' id='word_1_104' title='bbox 1931 1472 2016 1520; x_wconf 91' lang='lat' dir='ltr'><strong>est</strong></span> 
     </span>
    </p>
   </div>
   <div class='ocr_carea' id='block_1_15' title="bbox 417 1554 2013 1630">
    <p class='ocr_par' dir='ltr' id='par_1_15' title="bbox 417 1554 2013 1630">
     <span class='ocr_line' id='line_1_15' title="bbox 417 1554 2013 1630; baseline -0.004 -14"><span class='ocrx_word' id='word_1_105' title='bbox 417 1558 604 1626; x_wconf 92' lang='lat' dir='ltr'><strong>aliud,</strong></span> <span class='ocrx_word' id='word_1_106' title='bbox 635 1559 740 1615; x_wconf 86' lang='lat' dir='ltr'><strong>nisi</strong></span> <span class='ocrx_word' id='word_1_107' title='bbox 783 1568 913 1615; x_wconf 89' lang='lat' dir='ltr'><strong>sunt</strong></span> <span class='ocrx_word' id='word_1_108' title='bbox 943 1559 1107 1630; x_wconf 90' lang='lat' dir='ltr'><strong>aliqui</strong></span> <span class='ocrx_word' id='word_1_109' title='bbox 1152 1559 1245 1629; x_wconf 90' lang='lat' dir='ltr'><strong>qui</strong></span> <span class='ocrx_word' id='word_1_110' title='bbox 1289 1571 1386 1610; x_wconf 93' lang='lat' dir='ltr'><strong>vos</strong></span> <span class='ocrx_word' id='word_1_111' title='bbox 1427 1554 1790 1623; x_wconf 88' lang='lat' dir='ltr'><strong>conturbant,</strong></span> <span class='ocrx_word' id='word_1_112' title='bbox 1833 1561 1888 1608; x_wconf 93' lang='lat' dir='ltr'><strong>et</strong></span> <span class='ocrx_word' id='word_1_113' title='bbox 1917 1570 2013 1610; x_wconf 93' lang='lat' dir='ltr'><strong>vo-</strong></span> 
     </span>
    </p>
   </div>
   <div class='ocr_carea' id='block_1_16' title="bbox 417 1643 2012 1720">
    <p class='ocr_par' dir='ltr' id='par_1_16' title="bbox 417 1643 2012 1720">
     <span class='ocr_line' id='line_1_16' title="bbox 417 1643 2012 1720; baseline -0.003 -15"><span class='ocrx_word' id='word_1_114' title='bbox 417 1650 536 1706; x_wconf 90' lang='lat' dir='ltr'><strong>lunt</strong></span> <span class='ocrx_word' id='word_1_115' title='bbox 581 1657 890 1720; x_wconf 86' lang='lat' dir='ltr'><strong>pervertere</strong></span> <span class='ocrx_word' id='word_1_116' title='bbox 911 1647 1268 1719; x_wconf 88' lang='lat' dir='ltr'><strong>Evangelium</strong></span> <span class='ocrx_word' id='word_1_117' title='bbox 1321 1643 1548 1702; x_wconf 85' lang='lat' dir='ltr'><strong>Christi.</strong></span> <span class='ocrx_word' id='word_1_118' title='bbox 1594 1667 1619 1692; x_wconf 75' lang='grc' dir='ltr'>ν</span> <span class='ocrx_word' id='word_1_119' title='bbox 1669 1643 1811 1715; x_wconf 88' lang='lat' dir='ltr'><strong>Quia</strong></span> <span class='ocrx_word' id='word_1_120' title='bbox 1851 1659 2012 1701; x_wconf 88' lang='lat' dir='ltr'><strong>suam</strong></span> 
     </span>
    </p>
   </div>
   <div class='ocr_carea' id='block_1_17' title="bbox 416 1733 2014 1810">
    <p class='ocr_par' dir='ltr' id='par_1_17' title="bbox 416 1733 2014 1810">
     <span class='ocr_line' id='line_1_17' title="bbox 416 1733 2014 1810; baseline -0.003 -16"><span class='ocrx_word' id='word_1_121' title='bbox 416 1739 781 1810; x_wconf 89' lang='lat' dir='ltr'><strong>imposturam</strong></span> <span class='ocrx_word' id='word_1_122' title='bbox 813 1737 1128 1794; x_wconf 88' lang='lat' dir='ltr'><strong>seductores</strong></span> <span class='ocrx_word' id='word_1_123' title='bbox 1164 1734 1519 1806; x_wconf 88' lang='lat' dir='ltr'><strong>Evangelium</strong></span> <span class='ocrx_word' id='word_1_124' title='bbox 1566 1733 1870 1800; x_wconf 88' lang='lat' dir='ltr'><strong>vocabant,</strong></span> <span class='ocrx_word' id='word_1_125' title='bbox 1897 1733 2014 1804; x_wconf 91' lang='lat' dir='ltr'><strong>ipse</strong></span> 
     </span>
    </p>
   </div>
   <div class='ocr_carea' id='block_1_18' title="bbox 420 1823 2010 1898">
    <p class='ocr_par' dir='ltr' id='par_1_18' title="bbox 420 1823 2010 1898">
     <span class='ocr_line' id='line_1_18' title="bbox 420 1823 2010 1898; baseline -0.004 -14"><span class='ocrx_word' id='word_1_126' title='bbox 420 1827 679 1885; x_wconf 90' lang='lat' dir='ltr'><strong>adversus</strong></span> <span class='ocrx_word' id='word_1_127' title='bbox 729 1843 936 1885; x_wconf 90' lang='lat' dir='ltr'><strong>nomen</strong></span> <span class='ocrx_word' id='word_1_128' title='bbox 991 1825 1129 1882; x_wconf 88' lang='lat' dir='ltr'><strong>illud</strong></span> <span class='ocrx_word' id='word_1_129' title='bbox 1171 1839 1447 1898; x_wconf 86' lang='lat' dir='ltr'><strong>pugnans,</strong></span> <span class='ocrx_word' id='word_1_130' title='bbox 1496 1825 1623 1879; x_wconf 87' lang='lat' dir='ltr'><strong>Non</strong></span> <span class='ocrx_word' id='word_1_131' title='bbox 1664 1831 1764 1892; x_wconf 90' lang='lat' dir='ltr'><strong>est,</strong></span> <span class='ocrx_word' id='word_1_132' title='bbox 1800 1823 2010 1895; x_wconf 89' lang='lat' dir='ltr'><strong>inquit,</strong></span> 
     </span>
    </p>
   </div>
   <div class='ocr_carea' id='block_1_19' title="bbox 417 1911 2092 2016">
    <p class='ocr_par' dir='ltr' id='par_1_19' title="bbox 417 1911 2092 2016">
     <span class='ocr_line' id='line_1_19' title="bbox 417 1911 2092 2016; baseline -0.004 -42"><span class='ocrx_word' id='word_1_133' title='bbox 417 1916 563 1974; x_wconf 89' lang='lat' dir='ltr'><strong>aliud</strong></span> <span class='ocrx_word' id='word_1_134' title='bbox 608 1917 1002 1989; x_wconf 87' lang='lat' dir='ltr'><strong>Evangelium,</strong></span> <span class='ocrx_word' id='word_1_135' title='bbox 1067 1923 1434 1987; x_wconf 71' lang='lat' dir='ltr'><strong>praeterquam</strong></span> <span class='ocrx_word' id='word_1_136' title='bbox 1496 1911 1646 1984; x_wconf 91' lang='lat' dir='ltr'><strong>quod</strong></span> <span class='ocrx_word' id='word_1_137' title='bbox 1705 1911 2008 2012; x_wconf 76' lang='lat' dir='ltr'><strong>accepistis.</strong></span> <span class='ocrx_word' id='word_1_138' title='bbox 2045 1954 2092 2016; x_wconf 79' lang='grc' dir='ltr'><strong>Β</strong></span> 
     </span>
    </p>
   </div>
   <div class='ocr_carea' id='block_1_20' title="bbox 416 2000 2011 2073">
    <p class='ocr_par' dir='ltr' id='par_1_20' title="bbox 416 2000 2011 2073">
     <span class='ocr_line' id='line_1_20' title="bbox 416 2000 2011 2073; baseline -0.004 -10"><span class='ocrx_word' id='word_1_139' title='bbox 416 2009 610 2064; x_wconf 90' lang='lat' dir='ltr'><strong>Unum</strong></span> <span class='ocrx_word' id='word_1_140' title='bbox 647 2006 798 2063; x_wconf 89' lang='lat' dir='ltr'><strong>enim</strong></span> <span class='ocrx_word' id='word_1_141' title='bbox 853 2015 956 2073; x_wconf 91' lang='lat' dir='ltr'><strong>est,</strong></span> <span class='ocrx_word' id='word_1_142' title='bbox 998 2012 1206 2060; x_wconf 87' lang='lat' dir='ltr'><strong>rectam</strong></span> <span class='ocrx_word' id='word_1_143' title='bbox 1260 2011 1316 2058; x_wconf 92' lang='lat' dir='ltr'><strong>et</strong></span> <span class='ocrx_word' id='word_1_144' title='bbox 1377 2003 1649 2057; x_wconf 88' lang='lat' dir='ltr'><strong>sinceram</strong></span> <span class='ocrx_word' id='word_1_145' title='bbox 1697 2000 2011 2072; x_wconf 89' lang='lat' dir='ltr'><strong>opinionem</strong></span> 
     </span>
    </p>
   </div>
   <div class='ocr_carea' id='block_1_21' title="bbox 414 2089 2011 2167">
    <p class='ocr_par' dir='ltr' id='par_1_21' title="bbox 414 2089 2011 2167">
     <span class='ocr_line' id='line_1_21' title="bbox 414 2089 2011 2167; baseline -0.004 -15"><span class='ocrx_word' id='word_1_146' title='bbox 414 2096 743 2164; x_wconf 89' lang='lat' dir='ltr'><strong>continens,</strong></span> <span class='ocrx_word' id='word_1_147' title='bbox 775 2094 924 2167; x_wconf 92' lang='lat' dir='ltr'><strong>quod</strong></span> <span class='ocrx_word' id='word_1_148' title='bbox 968 2109 1070 2165; x_wconf 88' lang='lat' dir='ltr'><strong>ego</strong></span> <span class='ocrx_word' id='word_1_149' title='bbox 1115 2091 1442 2164; x_wconf 71' lang='lat' dir='ltr'><strong>praedicavi:</strong></span> <span class='ocrx_word' id='word_1_150' title='bbox 1490 2089 1596 2146; x_wconf 90' lang='lat' dir='ltr'><strong>nisi</strong></span> <span class='ocrx_word' id='word_1_151' title='bbox 1637 2091 1758 2162; x_wconf 89' lang='lat' dir='ltr'><strong>jam</strong></span> <span class='ocrx_word' id='word_1_152' title='bbox 1785 2089 1892 2146; x_wconf 89' lang='lat' dir='ltr'><strong>sint</strong></span> <span class='ocrx_word' id='word_1_153' title='bbox 1919 2090 2011 2163; x_wconf 89' lang='lat' dir='ltr'><strong>qui</strong></span> 
     </span>
    </p>
   </div>
   <div class='ocr_carea' id='block_1_22' title="bbox 413 2178 2013 2244">
    <p class='ocr_par' dir='ltr' id='par_1_22' title="bbox 413 2178 2013 2244">
     <span class='ocr_line' id='line_1_22' title="bbox 413 2178 2013 2244; baseline -0.004 -3"><span class='ocrx_word' id='word_1_154' title='bbox 413 2186 640 2242; x_wconf 86' lang='lat' dir='ltr'><strong>turbent</strong></span> <span class='ocrx_word' id='word_1_155' title='bbox 667 2184 856 2240; x_wconf 92' lang='lat' dir='ltr'><strong>oculos</strong></span> <span class='ocrx_word' id='word_1_156' title='bbox 883 2183 1199 2239; x_wconf 87' lang='lat' dir='ltr'><strong>animarum</strong></span> <span class='ocrx_word' id='word_1_157' title='bbox 1229 2189 1535 2235; x_wconf 90' lang='lat' dir='ltr'><strong>vestrarum</strong></span> <span class='ocrx_word' id='word_1_158' title='bbox 1553 2219 1568 2244; x_wconf 92' lang='lat'><strong>,</strong></span> <span class='ocrx_word' id='word_1_159' title='bbox 1600 2187 1656 2234; x_wconf 92' lang='lat' dir='ltr'><strong>et</strong></span> <span class='ocrx_word' id='word_1_160' title='bbox 1683 2178 1886 2235; x_wconf 84' lang='lat' dir='ltr'><strong>faciant</strong></span> <span class='ocrx_word' id='word_1_161' title='bbox 1911 2179 2013 2236; x_wconf 91' lang='lat' dir='ltr'><strong>alia</strong></span> 
     </span>
    </p>
   </div>
   <div class='ocr_carea' id='block_1_23' title="bbox 414 2269 2013 2348">
    <p class='ocr_par' dir='ltr' id='par_1_23' title="bbox 414 2269 2013 2348">
     <span class='ocr_line' id='line_1_23' title="bbox 414 2269 2013 2348; baseline -0.003 -18"><span class='ocrx_word' id='word_1_162' title='bbox 414 2291 515 2348; x_wconf 92' lang='lat' dir='ltr'><strong>pro</strong></span> <span class='ocrx_word' id='word_1_163' title='bbox 559 2275 680 2330; x_wconf 90' lang='lat' dir='ltr'><strong>aliis</strong></span> <span class='ocrx_word' id='word_1_164' title='bbox 732 2289 984 2338; x_wconf 87' lang='lat' dir='ltr'><strong>cernere,</strong></span> <span class='ocrx_word' id='word_1_165' title='bbox 1029 2272 1273 2328; x_wconf 89' lang='lat' dir='ltr'><strong>volentes</strong></span> <span class='ocrx_word' id='word_1_166' title='bbox 1308 2269 1624 2326; x_wconf 86' lang='lat' dir='ltr'><strong>subvertere</strong></span> <span class='ocrx_word' id='word_1_167' title='bbox 1658 2269 2013 2340; x_wconf 87' lang='lat' dir='ltr'><strong>Evangelium</strong></span> 
     </span>
    </p>
   </div>
   <div class='ocr_carea' id='block_1_24' title="bbox 425 2359 2010 2430">
    <p class='ocr_par' dir='ltr' id='par_1_24' title="bbox 425 2359 2010 2430">
     <span class='ocr_line' id='line_1_24' title="bbox 425 2359 2010 2430; baseline -0.003 -11"><span class='ocrx_word' id='word_1_168' title='bbox 425 2363 650 2420; x_wconf 88' lang='lat' dir='ltr'><strong>Christi.</strong></span> <span class='ocrx_word' id='word_1_169' title='bbox 684 2368 763 2419; x_wconf 80' lang='lat' dir='ltr'><strong>At</strong></span> <span class='ocrx_word' id='word_1_170' title='bbox 811 2379 928 2418; x_wconf 89' lang='lat' dir='ltr'><strong>non</strong></span> <span class='ocrx_word' id='word_1_171' title='bbox 978 2369 1158 2418; x_wconf 91' lang='lat' dir='ltr'><strong>totum</strong></span> <span class='ocrx_word' id='word_1_172' title='bbox 1207 2359 1570 2430; x_wconf 90' lang='lat' dir='ltr'><strong>Evangelium</strong></span> <span class='ocrx_word' id='word_1_173' title='bbox 1599 2359 2010 2429; x_wconf 88' lang='lat' dir='ltr'><strong>subvertebant,</strong></span> 
     </span>
    </p>
   </div>
   <div class='ocr_carea' id='block_1_25' title="bbox 415 2447 2012 2509">
    <p class='ocr_par' dir='ltr' id='par_1_25' title="bbox 415 2447 2012 2509">
     <span class='ocr_line' id='line_1_25' title="bbox 415 2447 2012 2509; baseline -0.002 -1"><span class='ocrx_word' id='word_1_174' title='bbox 415 2469 603 2508; x_wconf 91' lang='lat' dir='ltr'><strong>verum</strong></span> <span class='ocrx_word' id='word_1_175' title='bbox 633 2453 701 2509; x_wconf 91' lang='lat' dir='ltr'><strong>de</strong></span> <span class='ocrx_word' id='word_1_176' title='bbox 742 2452 979 2508; x_wconf 90' lang='lat' dir='ltr'><strong>Sabbato</strong></span> <span class='ocrx_word' id='word_1_177' title='bbox 1011 2459 1066 2506; x_wconf 93' lang='lat' dir='ltr'><strong>et</strong></span> <span class='ocrx_word' id='word_1_178' title='bbox 1093 2447 1529 2506; x_wconf 89' lang='lat' dir='ltr'><strong>Circumcisione</strong></span> <span class='ocrx_word' id='word_1_179' title='bbox 1552 2447 1733 2505; x_wconf 91' lang='lat' dir='ltr'><strong>solum</strong></span> <span class='ocrx_word' id='word_1_180' title='bbox 1772 2447 2012 2505; x_wconf 88' lang='lat' dir='ltr'><strong>manda-</strong></span> 
     </span>
    </p>
   </div>
   <div class='ocr_carea' id='block_1_26' title="bbox 409 2537 2011 2610">
    <p class='ocr_par' dir='ltr' id='par_1_26' title="bbox 409 2537 2011 2610">
     <span class='ocr_line' id='line_1_26' title="bbox 409 2537 2011 2610; baseline -0.003 -11"><span class='ocrx_word' id='word_1_181' title='bbox 409 2552 530 2599; x_wconf 91' lang='lat' dir='ltr'><strong>tum</strong></span> <span class='ocrx_word' id='word_1_182' title='bbox 571 2541 1126 2599; x_wconf 78' lang='lat' dir='ltr'><strong>subintroduxerunt.</strong></span> <span class='ocrx_word' id='word_1_183' title='bbox 1175 2541 1465 2596; x_wconf 61' lang='lat' dir='ltr'><strong>Attamen”</strong></span> <span class='ocrx_word' id='word_1_184' title='bbox 1495 2537 1696 2593; x_wconf 88' lang='lat' dir='ltr'><strong>indicat</strong></span> <span class='ocrx_word' id='word_1_185' title='bbox 1723 2538 1870 2610; x_wconf 90' lang='lat' dir='ltr'><strong>quod</strong></span> <span class='ocrx_word' id='word_1_186' title='bbox 1895 2539 2011 2594; x_wconf 82' lang='lat' dir='ltr'><strong>exi-</strong></span> 
     </span>
    </p>
   </div>
   <div class='ocr_carea' id='block_1_27' title="bbox 413 2627 2014 2704">
    <p class='ocr_par' dir='ltr' id='par_1_27' title="bbox 413 2627 2014 2704">
     <span class='ocr_line' id='line_1_27' title="bbox 413 2627 2014 2704; baseline -0.002 -18"><span class='ocrx_word' id='word_1_187' title='bbox 413 2647 586 2704; x_wconf 89' lang='lat' dir='ltr'><strong>guum</strong></span> <span class='ocrx_word' id='word_1_188' title='bbox 617 2631 898 2704; x_wconf 90' lang='lat' dir='ltr'><strong>quidpiam</strong></span> <span class='ocrx_word' id='word_1_189' title='bbox 931 2645 1216 2702; x_wconf 88' lang='lat' dir='ltr'><strong>perperam</strong></span> <span class='ocrx_word' id='word_1_190' title='bbox 1245 2627 1471 2696; x_wconf 78' lang='lat' dir='ltr'><strong>factum,</strong></span> <span class='ocrx_word' id='word_1_191' title='bbox 1491 2627 1812 2683; x_wconf 89' lang='lat' dir='ltr'><strong>universum</strong></span> <span class='ocrx_word' id='word_1_192' title='bbox 1841 2630 2014 2684; x_wconf 90' lang='lat' dir='ltr'><strong>Evan-</strong></span> 
     </span>
    </p>
   </div>
   <div class='ocr_carea' id='block_1_28' title="bbox 415 2717 2011 2793">
    <p class='ocr_par' dir='ltr' id='par_1_28' title="bbox 415 2717 2011 2793">
     <span class='ocr_line' id='line_1_28' title="bbox 415 2717 2011 2793; baseline -0.002 -17"><span class='ocrx_word' id='word_1_193' title='bbox 415 2721 618 2793; x_wconf 87' lang='lat' dir='ltr'><strong>gelium</strong></span> <span class='ocrx_word' id='word_1_194' title='bbox 697 2721 936 2776; x_wconf 86' lang='lat' dir='ltr'><strong>invertat</strong></span> <span class='ocrx_word' id='word_1_195' title='bbox 997 2736 1010 2773; x_wconf 89' lang='lat'><strong>:</strong></span> <span class='ocrx_word' id='word_1_196' title='bbox 1071 2717 1297 2790; x_wconf 88' lang='lat' dir='ltr'><strong>perinde</strong></span> <span class='ocrx_word' id='word_1_197' title='bbox 1366 2717 1536 2789; x_wconf 74' lang='lat'><strong>328</strong></span> <span class='ocrx_word' id='word_1_198' title='bbox 1611 2731 1676 2772; x_wconf 90' lang='lat' dir='ltr'><strong>ac</strong></span> <span class='ocrx_word' id='word_1_199' title='bbox 1737 2717 1832 2788; x_wconf 91' lang='lat' dir='ltr'><strong>qui</strong></span> <span class='ocrx_word' id='word_1_200' title='bbox 1877 2717 2011 2788; x_wconf 83' lang='lat' dir='ltr'><strong>regii</strong></span> 
     </span>
    </p>
   </div>
   <div class='ocr_carea' id='block_1_29' title="bbox 414 2806 2015 2883">
    <p class='ocr_par' dir='ltr' id='par_1_29' title="bbox 414 2806 2015 2883">
     <span class='ocr_line' id='line_1_29' title="bbox 414 2806 2015 2883; baseline -0.001 -18"><span class='ocrx_word' id='word_1_201' title='bbox 414 2811 769 2865; x_wconf 89' lang='lat' dir='ltr'><strong>numismatis</strong></span> <span class='ocrx_word' id='word_1_202' title='bbox 796 2810 1101 2883; x_wconf 89' lang='lat' dir='ltr'><strong>quidquam</strong></span> <span class='ocrx_word' id='word_1_203' title='bbox 1125 2807 1508 2878; x_wconf 86' lang='lat' dir='ltr'><strong>amputaverit,</strong></span> <span class='ocrx_word' id='word_1_204' title='bbox 1541 2813 1719 2862; x_wconf 82' lang='lat' dir='ltr'><strong>totum</strong></span> <span class='ocrx_word' id='word_1_205' title='bbox 1739 2806 2015 2863; x_wconf 90' lang='lat' dir='ltr'><strong>numisma</strong></span> 
     </span>
    </p>
   </div>
   <div class='ocr_carea' id='block_1_30' title="bbox 416 2893 2016 2966">
    <p class='ocr_par' dir='ltr' id='par_1_30' title="bbox 416 2893 2016 2966">
     <span class='ocr_line' id='line_1_30' title="bbox 416 2893 2016 2966; baseline -0.001 -14"><span class='ocrx_word' id='word_1_206' title='bbox 416 2897 790 2954; x_wconf 88' lang='lat' dir='ltr'><strong>adulterinum</strong></span> <span class='ocrx_word' id='word_1_207' title='bbox 819 2897 1076 2954; x_wconf 90' lang='lat' dir='ltr'><strong>reddidit.</strong></span> <span class='ocrx_word' id='word_1_208' title='bbox 1107 2897 1350 2952; x_wconf 85' lang='lat' dir='ltr'><strong>Observa</strong></span> <span class='ocrx_word' id='word_1_209' title='bbox 1379 2903 1564 2950; x_wconf 89' lang='lat' dir='ltr'><strong>autem</strong></span> <span class='ocrx_word' id='word_1_210' title='bbox 1592 2893 1767 2960; x_wconf 88' lang='lat' dir='ltr'><strong>istud,</strong></span> <span class='ocrx_word' id='word_1_211' title='bbox 1793 2904 2016 2966; x_wconf 84' lang='lat' dir='ltr'><strong>prOpter</strong></span> 
     </span>
    </p>
   </div>
   <div class='ocr_carea' id='block_1_31' title="bbox 416 2983 2013 3058">
    <p class='ocr_par' dir='ltr' id='par_1_31' title="bbox 416 2983 2013 3058">
     <span class='ocr_line' id='line_1_31' title="bbox 416 2983 2013 3058; baseline -0.003 -15"><span class='ocrx_word' id='word_1_212' title='bbox 416 3003 513 3043; x_wconf 93' lang='lat' dir='ltr'><strong>eos</strong></span> <span class='ocrx_word' id='word_1_213' title='bbox 545 2988 637 3058; x_wconf 92' lang='lat' dir='ltr'><strong>qui</strong></span> <span class='ocrx_word' id='word_1_214' title='bbox 673 2987 1029 3053; x_wconf 64' lang='lat' dir='ltr'><strong>dicunt,hoc‘</strong></span> <span class='ocrx_word' id='word_1_215' title='bbox 1051 3001 1198 3041; x_wconf 87' lang='lat' dir='ltr'><strong>sesse</strong></span> <span class='ocrx_word' id='word_1_216' title='bbox 1233 2983 1518 3040; x_wconf 90' lang='lat' dir='ltr'><strong>modicum</strong></span> <span class='ocrx_word' id='word_1_217' title='bbox 1531 2992 1695 3056; x_wconf 90' lang='lat' dir='ltr'><strong>atque</strong></span> <span class='ocrx_word' id='word_1_218' title='bbox 1721 2984 1860 3040; x_wconf 88' lang='lat' dir='ltr'><strong>adeo</strong></span> <span class='ocrx_word' id='word_1_219' title='bbox 1879 2999 2013 3040; x_wconf 83' lang='lat' dir='ltr'><strong>con-</strong></span> 
     </span>
    </p>
   </div>
   <div class='ocr_carea' id='block_1_32' title="bbox 416 3073 2017 3146">
    <p class='ocr_par' dir='ltr' id='par_1_32' title="bbox 416 3073 2017 3146">
     <span class='ocr_line' id='line_1_32' title="bbox 416 3073 2017 3146; baseline -0.002 -14"><span class='ocrx_word' id='word_1_220' title='bbox 416 3075 763 3133; x_wconf 91' lang='lat' dir='ltr'><strong>donandum.</strong></span> <span class='ocrx_word' id='word_1_221' title='bbox 818 3075 1113 3146; x_wconf 79' lang='lat' dir='ltr'><strong>Arripiunt</strong></span> <span class='ocrx_word' id='word_1_222' title='bbox 1156 3081 1340 3130; x_wconf 87' lang='lat' dir='ltr'><strong>autem</strong></span> <span class='ocrx_word' id='word_1_223' title='bbox 1389 3074 1494 3128; x_wconf 92' lang='lat' dir='ltr'><strong>hoc</strong></span> <span class='ocrx_word' id='word_1_224' title='bbox 1539 3073 1750 3129; x_wconf 88' lang='lat' dir='ltr'><strong>dictum</strong></span> <span class='ocrx_word' id='word_1_225' title='bbox 1780 3074 2017 3129; x_wconf 87' lang='lat' dir='ltr'><strong>Marcio-</strong></span> 
     </span>
    </p>
   </div>
   <div class='ocr_carea' id='block_1_33' title="bbox 415 3161 2015 3234">
    <p class='ocr_par' dir='ltr' id='par_1_33' title="bbox 415 3161 2015 3234">
     <span class='ocr_line' id='line_1_33' title="bbox 415 3161 2015 3234; baseline -0.002 -13"><span class='ocrx_word' id='word_1_226' title='bbox 415 3165 596 3234; x_wconf 71' lang='lat' dir='ltr'><strong>nistaa,</strong></span> <span class='ocrx_word' id='word_1_227' title='bbox 636 3173 945 3221; x_wconf 86' lang='lat' dir='ltr'><strong>asserentes</strong></span> <span class='ocrx_word' id='word_1_228' title='bbox 984 3163 1116 3219; x_wconf 93' lang='lat' dir='ltr'><strong>hinc</strong></span> <span class='ocrx_word' id='word_1_229' title='bbox 1163 3179 1276 3219; x_wconf 91' lang='lat' dir='ltr'><strong>non</strong></span> <span class='ocrx_word' id='word_1_230' title='bbox 1323 3170 1594 3234; x_wconf 87' lang='lat' dir='ltr'><strong>quatuor,</strong></span> <span class='ocrx_word' id='word_1_231' title='bbox 1646 3161 1742 3218; x_wconf 90' lang='lat' dir='ltr'><strong>sed</strong></span> <span class='ocrx_word' id='word_1_232' title='bbox 1792 3163 2015 3218; x_wconf 87' lang='lat' dir='ltr'><strong>unicum</strong></span> 
     </span>
    </p>
   </div>
   <div class='ocr_carea' id='block_1_34' title="bbox 2125 656 3718 737">
    <p class='ocr_par' dir='ltr' id='par_1_34' title="bbox 2125 656 3718 737">
     <span class='ocr_line' id='line_1_34' title="bbox 2125 656 3718 737; baseline 0.001 -21"><span class='ocrx_word' id='word_1_233' title='bbox 2125 657 2424 732; x_wconf 83' lang='grc' dir='ltr'><strong>τουτέστιν,</strong></span> <span class='ocrx_word' id='word_1_234' title='bbox 2474 659 2702 719; x_wconf 82' lang='grc' dir='ltr'>Οὖδέπω</span> <span class='ocrx_word' id='word_1_235' title='bbox 2752 658 3022 736; x_wconf 75' lang='grc' dir='ltr'><strong>πιστεύω,</strong></span> <span class='ocrx_word' id='word_1_236' title='bbox 3087 656 3204 717; x_wconf 80' lang='grc' dir='ltr'>οὐδὲ</span> <span class='ocrx_word' id='word_1_237' title='bbox 3258 662 3496 736; x_wconf 80' lang='grc' dir='ltr'>ἡγοῦμαι</span> <span class='ocrx_word' id='word_1_238' title='bbox 3538 661 3718 737; x_wconf 83' lang='grc' dir='ltr'><strong>ἄπηρ-</strong></span> 
     </span>
    </p>
   </div>
   <div class='ocr_carea' id='block_1_35' title="bbox 2121 738 3719 828">
    <p class='ocr_par' dir='ltr' id='par_1_35' title="bbox 2121 738 3719 828">
     <span class='ocr_line' id='line_1_35' title="bbox 2121 738 3719 828; baseline 0.001 -22"><span class='ocrx_word' id='word_1_239' title='bbox 2121 745 2372 824; x_wconf 86' lang='grc' dir='ltr'>τισμένην</span> <span class='ocrx_word' id='word_1_240' title='bbox 2397 738 2531 806; x_wconf 69' lang='grc' dir='ltr'>εἶναι</span> <span class='ocrx_word' id='word_1_241' title='bbox 2560 747 2628 818; x_wconf 87' lang='grc' dir='ltr'>τὴ</span> <span class='ocrx_word' id='word_1_242' title='bbox 2679 748 2914 820; x_wconf 82' lang='grc' dir='ltr'>ἀπάτην.</span> <span class='ocrx_word' id='word_1_243' title='bbox 2971 746 3122 828; x_wconf 85' lang='grc' dir='ltr'><strong>Ὅρα</strong></span> <span class='ocrx_word' id='word_1_244' title='bbox 3153 747 3208 805; x_wconf 81' lang='grc' dir='ltr'>δὲ</span> <span class='ocrx_word' id='word_1_245' title='bbox 3255 748 3462 828; x_wconf 81' lang='grc' dir='ltr'><strong>σοφίαν.</strong></span> <span class='ocrx_word' id='word_1_246' title='bbox 3490 747 3719 820; x_wconf 80' lang='grc' dir='ltr'><strong>Ἐπειδὴ</strong></span> 
     </span>
    </p>
   </div>
   <div class='ocr_carea' id='block_1_36' title="bbox 2122 835 3724 920">
    <p class='ocr_par' dir='ltr' id='par_1_36' title="bbox 2122 835 3724 920">
     <span class='ocr_line' id='line_1_36' title="bbox 2122 835 3724 920; baseline 0 -26"><span class='ocrx_word' id='word_1_247' title='bbox 2122 841 2212 896; x_wconf 91' lang='grc' dir='ltr'>τοῦ</span> <span class='ocrx_word' id='word_1_248' title='bbox 2237 837 2398 914; x_wconf 85' lang='grc' dir='ltr'>νόμου</span> <span class='ocrx_word' id='word_1_249' title='bbox 2436 837 2716 916; x_wconf 49' lang='grc' dir='ltr'><strong>ἐχόμενοι,</strong></span> <span class='ocrx_word' id='word_1_250' title='bbox 2766 837 2932 920; x_wconf 82' lang='grc' dir='ltr'>ᾤοντο</span> <span class='ocrx_word' id='word_1_251' title='bbox 2985 835 3293 916; x_wconf 80' lang='grc' dir='ltr'><strong>θεραπεύειν</strong></span> <span class='ocrx_word' id='word_1_252' title='bbox 3343 837 3432 896; x_wconf 79' lang='grc' dir='ltr'><strong>τὸν</strong></span> <span class='ocrx_word' id='word_1_253' title='bbox 3465 838 3724 917; x_wconf 78' lang='grc' dir='ltr'><strong>Πατέρα,</strong></span> 
     </span>
    </p>
   </div>
   <div class='ocr_carea' id='block_1_37' title="bbox 2122 925 3722 1008">
    <p class='ocr_par' dir='ltr' id='par_1_37' title="bbox 2122 925 3722 1008">
     <span class='ocr_line' id='line_1_37' title="bbox 2122 925 3722 1008; baseline 0.001 -24"><span class='ocrx_word' id='word_1_254' title='bbox 2122 925 2315 1008; x_wconf 83' lang='grc' dir='ltr'>φησὶν,</span> <span class='ocrx_word' id='word_1_255' title='bbox 2351 925 2434 986; x_wconf 78' lang='grc' dir='ltr'><strong>ὅτι</strong></span> <span class='ocrx_word' id='word_1_256' title='bbox 2469 928 2572 985; x_wconf 85' lang='grc' dir='ltr'>ἀπὸ</span> <span class='ocrx_word' id='word_1_257' title='bbox 2598 932 2688 986; x_wconf 84' lang='grc' dir='ltr'>τοῦ</span> <span class='ocrx_word' id='word_1_258' title='bbox 2719 926 2930 1008; x_wconf 80' lang='grc' dir='ltr'>Πατρὸς</span> <span class='ocrx_word' id='word_1_259' title='bbox 2982 925 3348 1004; x_wconf 79' lang='grc' dir='ltr'><strong>μετατίθενται</strong></span> <span class='ocrx_word' id='word_1_260' title='bbox 3387 928 3435 985; x_wconf 76' lang='grc' dir='ltr'><strong>οἱ</strong></span> <span class='ocrx_word' id='word_1_261' title='bbox 3461 931 3536 1004; x_wconf 77' lang='grc' dir='ltr'>τῷ</span> <span class='ocrx_word' id='word_1_262' title='bbox 3576 929 3722 1008; x_wconf 85' lang='grc' dir='ltr'>νόμῳ</span> 
     </span>
    </p>
   </div>
   <div class='ocr_carea' id='block_1_38' title="bbox 2121 1015 3715 1098">
    <p class='ocr_par' dir='ltr' id='par_1_38' title="bbox 2121 1015 3715 1098">
     <span class='ocr_line' id='line_1_38' title="bbox 2121 1015 3715 1098; baseline -0.001 -26"><span class='ocrx_word' id='word_1_263' title='bbox 2121 1015 2489 1096; x_wconf 78' lang='grc' dir='ltr'><strong>προσέχοντες.</strong></span> <span class='ocrx_word' id='word_1_264' title='bbox 2532 1039 2562 1074; x_wconf 85' lang='grc' dir='ltr'><strong>ιι</strong></span> <span class='ocrx_word' id='word_1_265' title='bbox 2588 1016 2717 1076; x_wconf 80' lang='grc' dir='ltr'><strong>Ἀπὸ</strong></span> <span class='ocrx_word' id='word_1_266' title='bbox 2741 1038 2770 1074; x_wconf 73' lang='grc' dir='ltr'>ι)</span> <span class='ocrx_word' id='word_1_267' title='bbox 2820 1016 2926 1098; x_wconf 83' lang='grc' dir='ltr'><strong>γὰρ</strong></span> <span class='ocrx_word' id='word_1_268' title='bbox 2956 1038 2984 1072; x_wconf 82' lang='grc' dir='ltr'><strong>(ι</strong></span> <span class='ocrx_word' id='word_1_269' title='bbox 3017 1020 3109 1076; x_wconf 90' lang='grc' dir='ltr'>τοῦ</span> <span class='ocrx_word' id='word_1_270' title='bbox 3145 1015 3468 1083; x_wconf 84' lang='grc' dir='ltr'>καλέσαντος</span> <span class='ocrx_word' id='word_1_271' title='bbox 3490 1021 3652 1093; x_wconf 77' lang='grc' dir='ltr'>ὑμᾶς,</span> <span class='ocrx_word' id='word_1_272' title='bbox 3690 1045 3715 1070; x_wconf 70' lang='grc' dir='ltr'><strong><em>ι</em></strong></span> 
     </span>
    </p>
   </div>
   <div class='ocr_carea' id='block_1_39' title="bbox 2123 1103 3718 1185">
    <p class='ocr_par' dir='ltr' id='par_1_39' title="bbox 2123 1103 3718 1185">
     <span class='ocr_line' id='line_1_39' title="bbox 2123 1103 3718 1185; baseline -0.001 -22"><span class='ocrx_word' id='word_1_273' title='bbox 2123 1106 2282 1185; x_wconf 77' lang='grc' dir='ltr'>φησὶ,</span> <span class='ocrx_word' id='word_1_274' title='bbox 2307 1105 2579 1178; x_wconf 88' lang='grc' dir='ltr'>τουτέστι,</span> <span class='ocrx_word' id='word_1_275' title='bbox 2603 1111 2692 1164; x_wconf 89' lang='grc' dir='ltr'>τοῦ</span> <span class='ocrx_word' id='word_1_276' title='bbox 2727 1105 2960 1184; x_wconf 85' lang='grc' dir='ltr'><strong>Πατρός.</strong></span> <span class='ocrx_word' id='word_1_277' title='bbox 3003 1127 3032 1163; x_wconf 85' lang='grc' dir='ltr'>(ι</span> <span class='ocrx_word' id='word_1_278' title='bbox 3059 1103 3148 1164; x_wconf 83' lang='grc' dir='ltr'><strong>Ἐν</strong></span> <span class='ocrx_word' id='word_1_279' title='bbox 3172 1105 3354 1184; x_wconf 84' lang='grc' dir='ltr'>χάριτι</span> <span class='ocrx_word' id='word_1_280' title='bbox 3377 1107 3611 1181; x_wconf 75' lang='grc' dir='ltr'><strong>Χριστοῦ</strong></span> <span class='ocrx_word' id='word_1_281' title='bbox 3633 1152 3653 1184; x_wconf 92' lang='grc'>,</span> <span class='ocrx_word' id='word_1_282' title='bbox 3685 1129 3718 1162; x_wconf 74' lang='grc' dir='ltr'><strong>ιι</strong></span> 
     </span>
    </p>
   </div>
   <div class='ocr_carea' id='block_1_40' title="bbox 2120 1192 3723 1272">
    <p class='ocr_par' dir='ltr' id='par_1_40' title="bbox 2120 1192 3723 1272">
     <span class='ocr_line' id='line_1_40' title="bbox 2120 1192 3723 1272; baseline 0.002 -20"><span class='ocrx_word' id='word_1_283' title='bbox 2120 1195 2422 1268; x_wconf 79' lang='grc' dir='ltr'>τουτέστιν,</span> <span class='ocrx_word' id='word_1_284' title='bbox 2473 1193 2610 1254; x_wconf 79' lang='grc' dir='ltr'>ὥστε</span> <span class='ocrx_word' id='word_1_285' title='bbox 2659 1197 3002 1267; x_wconf 78' lang='grc' dir='ltr'>δικαιωθῆναι</span> <span class='ocrx_word' id='word_1_286' title='bbox 3045 1192 3147 1251; x_wconf 79' lang='grc' dir='ltr'><strong>ὑπὸ</strong></span> <span class='ocrx_word' id='word_1_287' title='bbox 3208 1196 3480 1272; x_wconf 81' lang='grc' dir='ltr'>Χριστοῦ,</span> <span class='ocrx_word' id='word_1_288' title='bbox 3529 1197 3624 1254; x_wconf 80' lang='grc' dir='ltr'>οὐκ</span> <span class='ocrx_word' id='word_1_289' title='bbox 3671 1195 3723 1265; x_wconf 81' lang='grc' dir='ltr'><strong>ἐξ</strong></span> 
     </span>
    </p>
   </div>
   <div class='ocr_carea' id='block_1_41' title="bbox 2121 1282 3721 1365">
    <p class='ocr_par' dir='ltr' id='par_1_41' title="bbox 2121 1282 3721 1365">
     <span class='ocr_line' id='line_1_41' title="bbox 2121 1282 3721 1365; baseline -0.001 -22"><span class='ocrx_word' id='word_1_290' title='bbox 2121 1283 2321 1365; x_wconf 86' lang='grc' dir='ltr'><strong>ἔργων,</strong></span> <span class='ocrx_word' id='word_1_291' title='bbox 2375 1285 2515 1344; x_wconf 82' lang='grc' dir='ltr'>ἀλλὰ</span> <span class='ocrx_word' id='word_1_292' title='bbox 2553 1285 2756 1365; x_wconf 82' lang='grc' dir='ltr'>χάριτι.</span> <span class='ocrx_word' id='word_1_293' title='bbox 2791 1285 2860 1345; x_wconf 88' lang='grc' dir='ltr'>Ὁ</span> <span class='ocrx_word' id='word_1_294' title='bbox 2891 1283 2987 1361; x_wconf 86' lang='grc' dir='ltr'>μὲν</span> <span class='ocrx_word' id='word_1_295' title='bbox 3031 1283 3135 1364; x_wconf 82' lang='grc' dir='ltr'><strong>γὰρ</strong></span> <span class='ocrx_word' id='word_1_296' title='bbox 3171 1282 3298 1351; x_wconf 81' lang='grc' dir='ltr'>Υἱὸς</span> <span class='ocrx_word' id='word_1_297' title='bbox 3347 1283 3574 1364; x_wconf 84' lang='grc' dir='ltr'>παρέχει</span> <span class='ocrx_word' id='word_1_298' title='bbox 3627 1283 3721 1356; x_wconf 81' lang='grc' dir='ltr'>τὴν</span> 
     </span>
    </p>
   </div>
   <div class='ocr_carea' id='block_1_42' title="bbox 2123 1371 3586 1454">
    <p class='ocr_par' dir='ltr' id='par_1_42' title="bbox 2123 1371 3586 1454">
     <span class='ocr_line' id='line_1_42' title="bbox 2123 1371 3586 1454; baseline 0 -21"><span class='ocrx_word' id='word_1_299' title='bbox 2123 1375 2308 1454; x_wconf 80' lang='grc' dir='ltr'>ἄφεσιν</span> <span class='ocrx_word' id='word_1_300' title='bbox 2339 1378 2391 1435; x_wconf 86' lang='grc' dir='ltr'><strong>ἐν</strong></span> <span class='ocrx_word' id='word_1_301' title='bbox 2425 1375 2606 1454; x_wconf 87' lang='grc' dir='ltr'>χάριτι</span> <span class='ocrx_word' id='word_1_302' title='bbox 2625 1399 2637 1411; x_wconf 80' lang='grc'><em>’</em></span> <span class='ocrx_word' id='word_1_303' title='bbox 2664 1378 2692 1432; x_wconf 81' lang='grc' dir='ltr'>ὁ</span> <span class='ocrx_word' id='word_1_304' title='bbox 2727 1373 2782 1432; x_wconf 85' lang='grc' dir='ltr'>δὲ</span> <span class='ocrx_word' id='word_1_305' title='bbox 2818 1371 3016 1452; x_wconf 78' lang='grc' dir='ltr'>Πατὴρ</span> <span class='ocrx_word' id='word_1_306' title='bbox 3039 1372 3168 1450; x_wconf 81' lang='grc' dir='ltr'>πρὸς</span> <span class='ocrx_word' id='word_1_307' title='bbox 3190 1373 3389 1445; x_wconf 82' lang='grc' dir='ltr'>ταύτην</span> <span class='ocrx_word' id='word_1_308' title='bbox 3415 1375 3586 1433; x_wconf 90' lang='grc' dir='ltr'>καλεῖ.</span> 
     </span>
    </p>
   </div>
   <div class='ocr_carea' id='block_1_43' title="bbox 2213 1459 3724 1546">
    <p class='ocr_par' dir='ltr' id='par_1_43' title="bbox 2213 1459 3724 1546">
     <span class='ocr_line' id='line_1_43' title="bbox 2213 1459 3724 1546; baseline 0.001 -26"><span class='ocrx_word' id='word_1_309' title='bbox 2213 1485 2241 1520; x_wconf 84' lang='grc' dir='ltr'>(ι</span> <span class='ocrx_word' id='word_1_310' title='bbox 2289 1467 2383 1533; x_wconf 77' lang='grc' dir='ltr'>Εἰς</span> <span class='ocrx_word' id='word_1_311' title='bbox 2414 1466 2590 1546; x_wconf 81' lang='grc' dir='ltr'>ἕτερον</span> <span class='ocrx_word' id='word_1_312' title='bbox 2622 1464 2962 1543; x_wconf 79' lang='grc' dir='ltr'>Εὖαγγέλιον,</span> <span class='ocrx_word' id='word_1_313' title='bbox 3005 1461 3033 1520; x_wconf 82' lang='grc' dir='ltr'>ὃ</span> <span class='ocrx_word' id='word_1_314' title='bbox 3071 1463 3166 1520; x_wconf 80' lang='grc' dir='ltr'><strong>οὐκ</strong></span> <span class='ocrx_word' id='word_1_315' title='bbox 3198 1459 3342 1522; x_wconf 88' lang='grc' dir='ltr'>ἔστιν</span> <span class='ocrx_word' id='word_1_316' title='bbox 3368 1461 3523 1539; x_wconf 82' lang='grc' dir='ltr'>ἄλλο,</span> <span class='ocrx_word' id='word_1_317' title='bbox 3561 1465 3606 1522; x_wconf 83' lang='grc' dir='ltr'>εἰ</span> <span class='ocrx_word' id='word_1_318' title='bbox 3646 1463 3724 1540; x_wconf 86' lang='grc' dir='ltr'><strong>μή</strong></span> 
     </span>
    </p>
   </div>
   <div class='ocr_carea' id='block_1_44' title="bbox 2121 1551 3720 1633">
    <p class='ocr_par' dir='ltr' id='par_1_44' title="bbox 2121 1551 3720 1633">
     <span class='ocr_line' id='line_1_44' title="bbox 2121 1551 3720 1633; baseline -0.001 -21"><span class='ocrx_word' id='word_1_319' title='bbox 2121 1552 2260 1620; x_wconf 81' lang='grc' dir='ltr'>τινές</span> <span class='ocrx_word' id='word_1_320' title='bbox 2301 1557 2431 1614; x_wconf 84' lang='grc' dir='ltr'>εἰσιν</span> <span class='ocrx_word' id='word_1_321' title='bbox 2460 1559 2510 1614; x_wconf 84' lang='grc' dir='ltr'>οἱ</span> <span class='ocrx_word' id='word_1_322' title='bbox 2555 1553 2906 1633; x_wconf 81' lang='grc' dir='ltr'>ταράσσοντες</span> <span class='ocrx_word' id='word_1_323' title='bbox 2955 1555 3123 1628; x_wconf 77' lang='grc' dir='ltr'>ὕμᾶς,</span> <span class='ocrx_word' id='word_1_324' title='bbox 3177 1551 3269 1610; x_wconf 79' lang='grc' dir='ltr'>καὶ</span> <span class='ocrx_word' id='word_1_325' title='bbox 3315 1551 3552 1619; x_wconf 85' lang='grc' dir='ltr'>θέλοντες</span> <span class='ocrx_word' id='word_1_326' title='bbox 3613 1577 3720 1628; x_wconf 84' lang='grc' dir='ltr'><strong>με-</strong></span> 
     </span>
    </p>
   </div>
   <div class='ocr_carea' id='block_1_45' title="bbox 2122 1640 3718 1724">
    <p class='ocr_par' dir='ltr' id='par_1_45' title="bbox 2122 1640 3718 1724">
     <span class='ocr_line' id='line_1_45' title="bbox 2122 1640 3718 1724; baseline -0.001 -23"><span class='ocrx_word' id='word_1_327' title='bbox 2122 1643 2417 1724; x_wconf 86' lang='grc' dir='ltr'>ταστρέψαι</span> <span class='ocrx_word' id='word_1_328' title='bbox 2465 1642 2526 1703; x_wconf 78' lang='grc' dir='ltr'>τὸ</span> <span class='ocrx_word' id='word_1_329' title='bbox 2578 1643 2902 1721; x_wconf 86' lang='grc' dir='ltr'>Εὐαγγέλιον</span> <span class='ocrx_word' id='word_1_330' title='bbox 2965 1645 3058 1699; x_wconf 91' lang='grc' dir='ltr'><strong>τοῦ</strong></span> <span class='ocrx_word' id='word_1_331' title='bbox 3111 1643 3368 1720; x_wconf 88' lang='grc' dir='ltr'>Χριστοῦ.</span> <span class='ocrx_word' id='word_1_332' title='bbox 3421 1663 3451 1698; x_wconf 84' lang='grc'><strong>›)</strong></span> <span class='ocrx_word' id='word_1_333' title='bbox 3495 1640 3718 1714; x_wconf 84' lang='grc' dir='ltr'>Ἐπειδὴ</span> 
     </span>
    </p>
   </div>
   <div class='ocr_carea' id='block_1_46' title="bbox 2123 1729 3716 1809">
    <p class='ocr_par' dir='ltr' id='par_1_46' title="bbox 2123 1729 3716 1809">
     <span class='ocr_line' id='line_1_46' title="bbox 2123 1729 3716 1809; baseline -0.001 -19"><span class='ocrx_word' id='word_1_334' title='bbox 2123 1731 2217 1804; x_wconf 74' lang='grc' dir='ltr'><strong>τὴν</strong></span> <span class='ocrx_word' id='word_1_335' title='bbox 2249 1737 2450 1792; x_wconf 80' lang='grc' dir='ltr'>ἑαυτῶν</span> <span class='ocrx_word' id='word_1_336' title='bbox 2509 1732 2722 1806; x_wconf 79' lang='grc' dir='ltr'>ἀπάτην</span> <span class='ocrx_word' id='word_1_337' title='bbox 2754 1735 2802 1792; x_wconf 78' lang='grc' dir='ltr'>οἱ</span> <span class='ocrx_word' id='word_1_338' title='bbox 2849 1729 3042 1790; x_wconf 81' lang='grc' dir='ltr'>πλάνοι</span> <span class='ocrx_word' id='word_1_339' title='bbox 3082 1730 3408 1809; x_wconf 83' lang='grc' dir='ltr'>Εὐαγγέλιον</span> <span class='ocrx_word' id='word_1_340' title='bbox 3459 1733 3716 1808; x_wconf 80' lang='grc' dir='ltr'><strong>ἐκάλουν,</strong></span> 
     </span>
    </p>
   </div>
   <div class='ocr_carea' id='block_1_47' title="bbox 2124 1819 3718 1902">
    <p class='ocr_par' dir='ltr' id='par_1_47' title="bbox 2124 1819 3718 1902">
     <span class='ocr_line' id='line_1_47' title="bbox 2124 1819 3718 1902; baseline 0 -23"><span class='ocrx_word' id='word_1_341' title='bbox 2124 1822 2276 1888; x_wconf 76' lang='grc' dir='ltr'>αὐτὸς</span> <span class='ocrx_word' id='word_1_342' title='bbox 2321 1823 2413 1881; x_wconf 75' lang='grc' dir='ltr'>καὶ</span> <span class='ocrx_word' id='word_1_343' title='bbox 2456 1822 2584 1902; x_wconf 83' lang='grc' dir='ltr'>πρὸς</span> <span class='ocrx_word' id='word_1_344' title='bbox 2622 1821 2684 1880; x_wconf 76' lang='grc' dir='ltr'>τὸ</span> <span class='ocrx_word' id='word_1_345' title='bbox 2723 1820 2892 1900; x_wconf 82' lang='grc' dir='ltr'>ὄνομα</span> <span class='ocrx_word' id='word_1_346' title='bbox 2935 1820 3209 1901; x_wconf 79' lang='grc' dir='ltr'>μάχεται,</span> <span class='ocrx_word' id='word_1_347' title='bbox 3253 1819 3346 1880; x_wconf 89' lang='grc' dir='ltr'><strong>καί</strong></span> <span class='ocrx_word' id='word_1_348' title='bbox 3394 1843 3590 1901; x_wconf 88' lang='grc' dir='ltr'>φησιν,</span> <span class='ocrx_word' id='word_1_349' title='bbox 3637 1821 3718 1879; x_wconf 81' lang='grc' dir='ltr'><strong>ὅτι</strong></span> 
     </span>
    </p>
   </div>
   <div class='ocr_carea' id='block_1_48' title="bbox 2122 1907 3716 1990">
    <p class='ocr_par' dir='ltr' id='par_1_48' title="bbox 2122 1907 3716 1990">
     <span class='ocr_line' id='line_1_48' title="bbox 2122 1907 3716 1990; baseline 0.001 -19"><span class='ocrx_word' id='word_1_350' title='bbox 2122 1911 2244 1971; x_wconf 85' lang='grc' dir='ltr'>Οὐκ</span> <span class='ocrx_word' id='word_1_351' title='bbox 2283 1911 2421 1970; x_wconf 86' lang='grc' dir='ltr'>ἔστιν</span> <span class='ocrx_word' id='word_1_352' title='bbox 2475 1911 2606 1970; x_wconf 84' lang='grc' dir='ltr'>ἄλλο</span> <span class='ocrx_word' id='word_1_353' title='bbox 2659 1911 2984 1990; x_wconf 83' lang='grc' dir='ltr'>Εὖαγγέλιον</span> <span class='ocrx_word' id='word_1_354' title='bbox 3013 1907 3202 1988; x_wconf 83' lang='grc' dir='ltr'>παρ’ὃ</span> <span class='ocrx_word' id='word_1_355' title='bbox 3253 1909 3586 1988; x_wconf 80' lang='grc' dir='ltr'>παρελάϐετε</span> <span class='ocrx_word' id='word_1_356' title='bbox 3639 1909 3716 1972; x_wconf 66' lang='grc'><strong>³⁸⁷.</strong></span> 
     </span>
    </p>
   </div>
   <div class='ocr_carea' id='block_1_49' title="bbox 2121 1997 3717 2078">
    <p class='ocr_par' dir='ltr' id='par_1_49' title="bbox 2121 1997 3717 2078">
     <span class='ocr_line' id='line_1_49' title="bbox 2121 1997 3717 2078; baseline -0.003 -18"><span class='ocrx_word' id='word_1_357' title='bbox 2121 1999 2226 2060; x_wconf 66' lang='grc' dir='ltr'><strong>’Ἓν</strong></span> <span class='ocrx_word' id='word_1_358' title='bbox 2272 2001 2375 2078; x_wconf 88' lang='grc' dir='ltr'><strong>γάρ</strong></span> <span class='ocrx_word' id='word_1_359' title='bbox 2428 2001 2540 2059; x_wconf 79' lang='grc' dir='ltr'>ἐστι</span> <span class='ocrx_word' id='word_1_360' title='bbox 2583 1999 2643 2058; x_wconf 79' lang='grc' dir='ltr'><strong>τὸ</strong></span> <span class='ocrx_word' id='word_1_361' title='bbox 2670 1999 2766 2071; x_wconf 82' lang='grc' dir='ltr'><strong>τὴν</strong></span> <span class='ocrx_word' id='word_1_362' title='bbox 2823 1997 3118 2078; x_wconf 77' lang='grc' dir='ltr'>ὀρθοδοξίαν</span> <span class='ocrx_word' id='word_1_363' title='bbox 3169 1999 3417 2078; x_wconf 84' lang='grc' dir='ltr'>περιέχον</span> <span class='ocrx_word' id='word_1_364' title='bbox 3447 1999 3520 2072; x_wconf 62' lang='grc'><strong>4⁸,</strong></span> <span class='ocrx_word' id='word_1_365' title='bbox 3548 1998 3577 2057; x_wconf 86' lang='grc' dir='ltr'>ὃ</span> <span class='ocrx_word' id='word_1_366' title='bbox 3608 1999 3717 2076; x_wconf 81' lang='grc' dir='ltr'>ἐγὼ</span> 
     </span>
    </p>
   </div>
   <div class='ocr_carea' id='block_1_50' title="bbox 2124 2085 3711 2169">
    <p class='ocr_par' dir='ltr' id='par_1_50' title="bbox 2124 2085 3711 2169">
     <span class='ocr_line' id='line_1_50' title="bbox 2124 2085 3711 2169; baseline -0.003 -20"><span class='ocrx_word' id='word_1_367' title='bbox 2124 2089 2349 2169; x_wconf 80' lang='grc' dir='ltr'>ἐκήρυξα</span> <span class='ocrx_word' id='word_1_368' title='bbox 2371 2113 2383 2126; x_wconf 96' lang='grc'><strong>·</strong></span> <span class='ocrx_word' id='word_1_369' title='bbox 2411 2091 2454 2147; x_wconf 84' lang='grc' dir='ltr'>εἰ</span> <span class='ocrx_word' id='word_1_370' title='bbox 2489 2089 2565 2166; x_wconf 83' lang='grc' dir='ltr'><strong>μὴ</strong></span> <span class='ocrx_word' id='word_1_371' title='bbox 2599 2089 2702 2168; x_wconf 83' lang='grc' dir='ltr'>ἄρα</span> <span class='ocrx_word' id='word_1_372' title='bbox 2730 2087 2864 2155; x_wconf 82' lang='grc' dir='ltr'>τινὲς</span> <span class='ocrx_word' id='word_1_373' title='bbox 2896 2086 3015 2156; x_wconf 83' lang='grc' dir='ltr'>τοὺς</span> <span class='ocrx_word' id='word_1_374' title='bbox 3062 2085 3365 2169; x_wconf 74' lang='grc' dir='ltr'>ὀφθαλμοὺς</span> <span class='ocrx_word' id='word_1_375' title='bbox 3394 2089 3499 2146; x_wconf 82' lang='grc' dir='ltr'><strong>τῶν</strong></span> <span class='ocrx_word' id='word_1_376' title='bbox 3524 2091 3711 2169; x_wconf 74' lang='grc' dir='ltr'>ψυχῶν</span> 
     </span>
    </p>
   </div>
   <div class='ocr_carea' id='block_1_51' title="bbox 2123 2176 3720 2258">
    <p class='ocr_par' dir='ltr' id='par_1_51' title="bbox 2123 2176 3720 2258">
     <span class='ocr_line' id='line_1_51' title="bbox 2123 2176 3720 2258; baseline -0.003 -20"><span class='ocrx_word' id='word_1_377' title='bbox 2123 2183 2272 2256; x_wconf 80' lang='grc' dir='ltr'>ὑμῶν</span> <span class='ocrx_word' id='word_1_378' title='bbox 2315 2179 2669 2258; x_wconf 86' lang='grc' dir='ltr'>ταράσσουσι,</span> <span class='ocrx_word' id='word_1_379' title='bbox 2718 2177 2808 2237; x_wconf 79' lang='grc' dir='ltr'>καὶ</span> <span class='ocrx_word' id='word_1_380' title='bbox 2860 2183 3096 2236; x_wconf 92' lang='grc' dir='ltr'>ποιοῦσιν</span> <span class='ocrx_word' id='word_1_381' title='bbox 3147 2176 3304 2256; x_wconf 80' lang='grc' dir='ltr'>ἕτερα</span> <span class='ocrx_word' id='word_1_382' title='bbox 3366 2176 3475 2234; x_wconf 82' lang='grc' dir='ltr'>ἀνθ’</span> <span class='ocrx_word' id='word_1_383' title='bbox 3527 2178 3720 2256; x_wconf 81' lang='grc' dir='ltr'>ἑτέρων</span> 
     </span>
    </p>
   </div>
   <div class='ocr_carea' id='block_1_52' title="bbox 2123 2265 3721 2348">
    <p class='ocr_par' dir='ltr' id='par_1_52' title="bbox 2123 2265 3721 2348">
     <span class='ocr_line' id='line_1_52' title="bbox 2123 2265 3721 2348; baseline -0.003 -22"><span class='ocrx_word' id='word_1_384' title='bbox 2123 2272 2282 2348; x_wconf 79' lang='grc' dir='ltr'>ὁρᾷν,</span> <span class='ocrx_word' id='word_1_385' title='bbox 2308 2267 2539 2334; x_wconf 87' lang='grc' dir='ltr'>θέλοντες</span> <span class='ocrx_word' id='word_1_386' title='bbox 2595 2265 2959 2346; x_wconf 77' lang='grc' dir='ltr'>μεταστρέψαι</span> <span class='ocrx_word' id='word_1_387' title='bbox 2999 2265 3059 2324; x_wconf 82' lang='grc' dir='ltr'><strong>τὸ</strong></span> <span class='ocrx_word' id='word_1_388' title='bbox 3110 2265 3439 2343; x_wconf 82' lang='grc' dir='ltr'>Εὗαγγέλιον</span> <span class='ocrx_word' id='word_1_389' title='bbox 3464 2270 3554 2324; x_wconf 92' lang='grc' dir='ltr'>τοῦ</span> <span class='ocrx_word' id='word_1_390' title='bbox 3587 2268 3721 2344; x_wconf 85' lang='grc' dir='ltr'>Χρι-</span> 
     </span>
    </p>
   </div>
   <div class='ocr_carea' id='block_1_53' title="bbox 2125 2353 3726 2436">
    <p class='ocr_par' dir='ltr' id='par_1_53' title="bbox 2125 2353 3726 2436">
     <span class='ocr_line' id='line_1_53' title="bbox 2125 2353 3726 2436; baseline -0.004 -19"><span class='ocrx_word' id='word_1_391' title='bbox 2125 2363 2274 2418; x_wconf 92' lang='grc' dir='ltr'>στοῦ.</span> <span class='ocrx_word' id='word_1_392' title='bbox 2313 2357 2418 2416; x_wconf 87' lang='lat' dir='ltr'><strong>Kal</strong></span> <span class='ocrx_word' id='word_1_393' title='bbox 2467 2356 2571 2434; x_wconf 80' lang='grc' dir='ltr'><strong>μὴν</strong></span> <span class='ocrx_word' id='word_1_394' title='bbox 2607 2359 2708 2436; x_wconf 76' lang='grc' dir='ltr'>οὐχ</span> <span class='ocrx_word' id='word_1_395' title='bbox 2728 2355 2848 2415; x_wconf 76' lang='grc' dir='ltr'>ὅλον</span> <span class='ocrx_word' id='word_1_396' title='bbox 2898 2359 2958 2414; x_wconf 87' lang='grc' dir='ltr'>τὸ</span> <span class='ocrx_word' id='word_1_397' title='bbox 3024 2354 3352 2434; x_wconf 85' lang='grc' dir='ltr'>Εὖαγγέλιον</span> <span class='ocrx_word' id='word_1_398' title='bbox 3399 2353 3726 2434; x_wconf 82' lang='grc' dir='ltr'>ἀνέτρεπον,</span> 
     </span>
    </p>
   </div>
   <div class='ocr_carea' id='block_1_54' title="bbox 2125 2444 3728 2526">
    <p class='ocr_par' dir='ltr' id='par_1_54' title="bbox 2125 2444 3728 2526">
     <span class='ocr_line' id='line_1_54' title="bbox 2125 2444 3728 2526; baseline -0.002 -22"><span class='ocrx_word' id='word_1_399' title='bbox 2125 2445 2261 2506; x_wconf 79' lang='grc' dir='ltr'>ἀλλὰ</span> <span class='ocrx_word' id='word_1_400' title='bbox 2299 2445 2396 2518; x_wconf 82' lang='grc' dir='ltr'><strong>τὴν</strong></span> <span class='ocrx_word' id='word_1_401' title='bbox 2445 2447 2566 2526; x_wconf 81' lang='grc' dir='ltr'>περὶ</span> <span class='ocrx_word' id='word_1_402' title='bbox 2622 2452 2713 2504; x_wconf 91' lang='grc' dir='ltr'><strong>τοῦ</strong></span> <span class='ocrx_word' id='word_1_403' title='bbox 2777 2444 3067 2506; x_wconf 84' lang='grc' dir='ltr'>Σαϐϐάτου</span> <span class='ocrx_word' id='word_1_404' title='bbox 3125 2445 3219 2503; x_wconf 78' lang='grc' dir='ltr'>καὶ</span> <span class='ocrx_word' id='word_1_405' title='bbox 3271 2447 3367 2516; x_wconf 77' lang='grc' dir='ltr'>τῆς</span> <span class='ocrx_word' id='word_1_406' title='bbox 3421 2447 3728 2525; x_wconf 77' lang='grc' dir='ltr'>Περιτομῆς</span> 
     </span>
    </p>
   </div>
   <div class='ocr_carea' id='block_1_55' title="bbox 2127 2532 3721 2614">
    <p class='ocr_par' dir='ltr' id='par_1_55' title="bbox 2127 2532 3721 2614">
     <span class='ocr_line' id='line_1_55' title="bbox 2127 2532 3721 2614; baseline -0.003 -20"><span class='ocrx_word' id='word_1_407' title='bbox 2127 2535 2283 2613; x_wconf 86' lang='grc' dir='ltr'>μόνον</span> <span class='ocrx_word' id='word_1_408' title='bbox 2335 2537 2548 2608; x_wconf 79' lang='grc' dir='ltr'>ἐντολὴν</span> <span class='ocrx_word' id='word_1_409' title='bbox 2615 2539 2977 2614; x_wconf 62' lang='grc' dir='ltr'>παρεισῆγοΨ</span> <span class='ocrx_word' id='word_1_410' title='bbox 3049 2533 3168 2592; x_wconf 77' lang='grc' dir='ltr'><strong>ἀλλ’</strong></span> <span class='ocrx_word' id='word_1_411' title='bbox 3213 2533 3356 2609; x_wconf 76' lang='grc' dir='ltr'>ὅμως</span> <span class='ocrx_word' id='word_1_412' title='bbox 3425 2532 3721 2610; x_wconf 88' lang='grc' dir='ltr'>δείκνυσιν,</span> 
     </span>
    </p>
   </div>
   <div class='ocr_carea' id='block_1_56' title="bbox 2125 2621 3719 2702">
    <p class='ocr_par' dir='ltr' id='par_1_56' title="bbox 2125 2621 3719 2702">
     <span class='ocr_line' id='line_1_56' title="bbox 2125 2621 3719 2702; baseline 0.001 -21"><span class='ocrx_word' id='word_1_413' title='bbox 2125 2623 2204 2682; x_wconf 80' lang='grc' dir='ltr'>ὅτι</span> <span class='ocrx_word' id='word_1_414' title='bbox 2271 2625 2362 2683; x_wconf 81' lang='grc' dir='ltr'>καὶ</span> <span class='ocrx_word' id='word_1_415' title='bbox 2406 2624 2593 2702; x_wconf 84' lang='grc' dir='ltr'>μικρὸν</span> <span class='ocrx_word' id='word_1_416' title='bbox 2649 2625 3051 2701; x_wconf 83' lang='grc' dir='ltr'>παραποιηθὲν,</span> <span class='ocrx_word' id='word_1_417' title='bbox 3109 2622 3169 2681; x_wconf 81' lang='grc' dir='ltr'><strong>τὸ</strong></span> <span class='ocrx_word' id='word_1_418' title='bbox 3217 2621 3336 2681; x_wconf 77' lang='grc' dir='ltr'>ὅλον</span> <span class='ocrx_word' id='word_1_419' title='bbox 3395 2622 3719 2701; x_wconf 83' lang='grc' dir='ltr'>Εὖαγγέλιον</span> 
     </span>
    </p>
   </div>
   <div class='ocr_carea' id='block_1_57' title="bbox 2126 2711 3724 2793">
    <p class='ocr_par' dir='ltr' id='par_1_57' title="bbox 2126 2711 3724 2793">
     <span class='ocr_line' id='line_1_57' title="bbox 2126 2711 3724 2793; baseline 0 -22"><span class='ocrx_word' id='word_1_420' title='bbox 2126 2713 2443 2793; x_wconf 73' lang='grc' dir='ltr'>ἀνατρέπειο</span> <span class='ocrx_word' id='word_1_421' title='bbox 2493 2711 2673 2793; x_wconf 81' lang='grc' dir='ltr'>ὥσπερ</span> <span class='ocrx_word' id='word_1_422' title='bbox 2725 2713 2816 2772; x_wconf 82' lang='grc' dir='ltr'>καὶ</span> <span class='ocrx_word' id='word_1_423' title='bbox 2870 2716 3017 2772; x_wconf 83' lang='grc' dir='ltr'>ὁτοῦ</span> <span class='ocrx_word' id='word_1_424' title='bbox 3077 2715 3354 2791; x_wconf 78' lang='grc' dir='ltr'>βασιλικοῦ</span> <span class='ocrx_word' id='word_1_425' title='bbox 3397 2713 3724 2788; x_wconf 82' lang='grc' dir='ltr'>νομίσματος</span> 
     </span>
    </p>
   </div>
   <div class='ocr_carea' id='block_1_58' title="bbox 2127 2799 3721 2884">
    <p class='ocr_par' dir='ltr' id='par_1_58' title="bbox 2127 2799 3721 2884">
     <span class='ocr_line' id='line_1_58' title="bbox 2127 2799 3721 2884; baseline 0 -25"><span class='ocrx_word' id='word_1_426' title='bbox 2127 2804 2314 2883; x_wconf 85' lang='grc' dir='ltr'>μικρόν</span> <span class='ocrx_word' id='word_1_427' title='bbox 2344 2827 2395 2860; x_wconf 94' lang='grc' dir='ltr'><strong>τι</strong></span> <span class='ocrx_word' id='word_1_428' title='bbox 2439 2804 2761 2884; x_wconf 81' lang='grc' dir='ltr'>περικόψας,</span> <span class='ocrx_word' id='word_1_429' title='bbox 2795 2802 2856 2861; x_wconf 83' lang='grc' dir='ltr'><strong>τὸ</strong></span> <span class='ocrx_word' id='word_1_430' title='bbox 2885 2805 3005 2861; x_wconf 80' lang='grc' dir='ltr'>ὅλον</span> <span class='ocrx_word' id='word_1_431' title='bbox 3052 2802 3290 2879; x_wconf 81' lang='grc' dir='ltr'>νόμισμα</span> <span class='ocrx_word' id='word_1_432' title='bbox 3335 2799 3589 2874; x_wconf 81' lang='grc' dir='ltr'>κίϐδηλον</span> <span class='ocrx_word' id='word_1_433' title='bbox 3617 2804 3721 2880; x_wconf 83' lang='grc' dir='ltr'><strong>εἷρ-</strong></span> 
     </span>
    </p>
   </div>
   <div class='ocr_carea' id='block_1_59' title="bbox 2123 2888 3726 2968">
    <p class='ocr_par' dir='ltr' id='par_1_59' title="bbox 2123 2888 3726 2968">
     <span class='ocr_line' id='line_1_59' title="bbox 2123 2888 3726 2968; baseline -0.002 -17"><span class='ocrx_word' id='word_1_434' title='bbox 2123 2891 2348 2968; x_wconf 83' lang='grc' dir='ltr'>γάσατο.</span> <span class='ocrx_word' id='word_1_435' title='bbox 2375 2890 2693 2968; x_wconf 87' lang='grc' dir='ltr'>Σημείωσαι</span> <span class='ocrx_word' id='word_1_436' title='bbox 2721 2890 2778 2949; x_wconf 79' lang='grc' dir='ltr'>δὲ</span> <span class='ocrx_word' id='word_1_437' title='bbox 2802 2897 2978 2964; x_wconf 89' lang='grc' dir='ltr'>τοῦτο,</span> <span class='ocrx_word' id='word_1_438' title='bbox 2997 2936 3012 2962; x_wconf 85' lang='grc'>,</span> <span class='ocrx_word' id='word_1_439' title='bbox 3043 2891 3132 2950; x_wconf 82' lang='grc' dir='ltr'>διὰ</span> <span class='ocrx_word' id='word_1_440' title='bbox 3169 2889 3286 2956; x_wconf 76' lang='grc' dir='ltr'>τοὺς</span> <span class='ocrx_word' id='word_1_441' title='bbox 3329 2889 3584 2968; x_wconf 74' lang='grc' dir='ltr'>λέγοντας</span> <span class='ocrx_word' id='word_1_442' title='bbox 3601 2934 3618 2962; x_wconf 90' lang='grc'>,</span> <span class='ocrx_word' id='word_1_443' title='bbox 3644 2888 3726 2948; x_wconf 76' lang='grc' dir='ltr'><strong>ὅτι</strong></span> 
     </span>
    </p>
   </div>
   <div class='ocr_carea' id='block_1_60' title="bbox 2123 2979 3724 3060">
    <p class='ocr_par' dir='ltr' id='par_1_60' title="bbox 2123 2979 3724 3060">
     <span class='ocr_line' id='line_1_60' title="bbox 2123 2979 3724 3060; baseline 0 -21"><span class='ocrx_word' id='word_1_444' title='bbox 2123 2980 2245 3040; x_wconf 87' lang='grc' dir='ltr'>τόδε</span> <span class='ocrx_word' id='word_1_445' title='bbox 2294 2982 2481 3060; x_wconf 85' lang='grc' dir='ltr'>μικρόν</span> <span class='ocrx_word' id='word_1_446' title='bbox 2527 2983 2639 3039; x_wconf 83' lang='grc' dir='ltr'>ἐστι</span> <span class='ocrx_word' id='word_1_447' title='bbox 2695 2982 2786 3039; x_wconf 77' lang='grc' dir='ltr'><strong>καὶ</strong></span> <span class='ocrx_word' id='word_1_448' title='bbox 2845 2979 3241 3060; x_wconf 81' lang='grc' dir='ltr'><strong>συγχωρητέον.</strong></span> <span class='ocrx_word' id='word_1_449' title='bbox 3286 2979 3621 3059; x_wconf 75' lang='grc' dir='ltr'>Δράσσονται</span> <span class='ocrx_word' id='word_1_450' title='bbox 3670 2979 3724 3039; x_wconf 78' lang='grc' dir='ltr'>δὲ</span> 
     </span>
    </p>
   </div>
   <div class='ocr_carea' id='block_1_61' title="bbox 2124 3069 3727 3151">
    <p class='ocr_par' dir='ltr' id='par_1_61' title="bbox 2124 3069 3727 3151">
     <span class='ocr_line' id='line_1_61' title="bbox 2124 3069 3727 3151; baseline -0.002 -21"><span class='ocrx_word' id='word_1_451' title='bbox 2124 3075 2218 3130; x_wconf 89' lang='grc' dir='ltr'><strong>τοῦ</strong></span> <span class='ocrx_word' id='word_1_452' title='bbox 2276 3075 2433 3151; x_wconf 79' lang='grc' dir='ltr'>ῥητοῦ</span> <span class='ocrx_word' id='word_1_453' title='bbox 2490 3071 2563 3128; x_wconf 75' lang='grc' dir='ltr'>οῖ’</span> <span class='ocrx_word' id='word_1_454' title='bbox 2601 3069 3046 3149; x_wconf 79' lang='grc' dir='ltr'>Μαρκιωνισταὶ,</span> <span class='ocrx_word' id='word_1_455' title='bbox 3109 3070 3198 3127; x_wconf 85' lang='grc' dir='ltr'><strong>καί</strong></span> <span class='ocrx_word' id='word_1_456' title='bbox 3244 3091 3436 3148; x_wconf 86' lang='grc' dir='ltr'>φασιν,</span> <span class='ocrx_word' id='word_1_457' title='bbox 3493 3070 3727 3126; x_wconf 80' lang='grc' dir='ltr'>ἐντεῦθεν</span> 
     </span>
    </p>
   </div>
   <div class='ocr_carea' id='block_1_62' title="bbox 2125 3155 3723 3238">
    <p class='ocr_par' dir='ltr' id='par_1_62' title="bbox 2125 3155 3723 3238">
     <span class='ocr_line' id='line_1_62' title="bbox 2125 3155 3723 3238; baseline -0.002 -20"><span class='ocrx_word' id='word_1_458' title='bbox 2125 3163 2231 3218; x_wconf 81' lang='grc' dir='ltr'>δεῖν</span> <span class='ocrx_word' id='word_1_459' title='bbox 2285 3159 2358 3235; x_wconf 81' lang='grc' dir='ltr'>μὴ</span> <span class='ocrx_word' id='word_1_460' title='bbox 2390 3157 2457 3217; x_wconf 82' lang='grc' dir='ltr'><strong>τὰ</strong></span> <span class='ocrx_word' id='word_1_461' title='bbox 2497 3158 2762 3236; x_wconf 88' lang='grc' dir='ltr'>τέσσαρα,</span> <span class='ocrx_word' id='word_1_462' title='bbox 2815 3161 2932 3217; x_wconf 82' lang='grc' dir='ltr'><strong>ἀλλ’</strong></span> <span class='ocrx_word' id='word_1_463' title='bbox 2990 3158 3044 3217; x_wconf 81' lang='grc' dir='ltr'>ἓν</span> <span class='ocrx_word' id='word_1_464' title='bbox 3076 3157 3325 3238; x_wconf 85' lang='grc' dir='ltr'>δέχεσθαι</span> <span class='ocrx_word' id='word_1_465' title='bbox 3359 3155 3723 3235; x_wconf 84' lang='grc' dir='ltr'>Εὐαγγέλιον,</span> 
     </span>
    </p>
   </div>
   <div class='ocr_carea' id='block_1_63' title="bbox 415 3246 2017 3328">
    <p class='ocr_par' dir='ltr' id='par_1_63' title="bbox 415 3250 2017 3324">
     <span class='ocr_line' id='line_1_63' title="bbox 415 3250 2017 3324; baseline -0.002 -14"><span class='ocrx_word' id='word_1_466' title='bbox 415 3253 775 3324; x_wconf 86' lang='lat' dir='ltr'><strong>Evangelium</strong></span> <span class='ocrx_word' id='word_1_467' title='bbox 802 3253 1225 3318; x_wconf 86' lang='lat' dir='ltr'><strong>admittendum,</strong></span> <span class='ocrx_word' id='word_1_468' title='bbox 1251 3250 1400 3324; x_wconf 94' lang='lat' dir='ltr'><strong>quod</strong></span> <span class='ocrx_word' id='word_1_469' title='bbox 1427 3251 1554 3323; x_wconf 90' lang='lat' dir='ltr'><strong>ipsis</strong></span> <span class='ocrx_word' id='word_1_470' title='bbox 1573 3266 1770 3323; x_wconf 88' lang='lat' dir='ltr'><strong>nempe</strong></span> <span class='ocrx_word' id='word_1_471' title='bbox 1792 3251 2017 3308; x_wconf 82' lang='lat' dir='ltr'><strong>confuse</strong></span> 
     </span>
    </p>
   </div>
   <div class='ocr_carea' id='block_1_64' title="bbox 2126 3246 3730 3328">
    <p class='ocr_par' dir='ltr' id='par_1_64' title="bbox 2127 3246 3730 3328">
     <span class='ocr_line' id='line_1_64' title="bbox 2127 3246 3730 3328; baseline -0.001 -21"><span class='ocrx_word' id='word_1_472' title='bbox 2127 3247 2156 3308; x_wconf 82' lang='grc' dir='ltr'>ὃ</span> <span class='ocrx_word' id='word_1_473' title='bbox 2201 3247 2349 3307; x_wconf 76' lang='grc' dir='ltr'>αὐτοὶ</span> <span class='ocrx_word' id='word_1_474' title='bbox 2396 3247 2704 3326; x_wconf 70' lang='grc' dir='ltr'>συγχέοντες</span> <span class='ocrx_word' id='word_1_475' title='bbox 2762 3247 2785 3326; x_wconf 87' lang='grc'>[</span> <span class='ocrx_word' id='word_1_476' title='bbox 2920 3247 3128 3328; x_wconf 80' lang='grc' dir='ltr'>χέαν.]</span> <span class='ocrx_word' id='word_1_477' title='bbox 3177 3246 3268 3305; x_wconf 77' lang='grc' dir='ltr'>καὶ</span> <span class='ocrx_word' id='word_1_478' title='bbox 3345 3247 3730 3328; x_wconf 79' lang='grc' dir='ltr'>περικόψαντες</span> 
     </span>
    </p>
   </div>
   <div class='ocr_carea' id='block_1_65' title="bbox 417 3340 2011 3414">
    <p class='ocr_par' dir='ltr' id='par_1_65' title="bbox 417 3340 2011 3414">
     <span class='ocr_line' id='line_1_65' title="bbox 417 3340 2011 3414; baseline -0.003 -16"><span class='ocrx_word' id='word_1_479' title='bbox 417 3350 475 3398; x_wconf 85' lang='lat' dir='ltr'><strong>et</strong></span> <span class='ocrx_word' id='word_1_480' title='bbox 529 3342 780 3399; x_wconf 89' lang='lat' dir='ltr'><strong>mutilate</strong></span> <span class='ocrx_word' id='word_1_481' title='bbox 829 3349 1283 3414; x_wconf 89' lang='lat' dir='ltr'><strong>composuerunt.</strong></span> <span class='ocrx_word' id='word_1_482' title='bbox 1328 3343 1471 3395; x_wconf 90' lang='lat' dir='ltr'><strong>Ecce</strong></span> <span class='ocrx_word' id='word_1_483' title='bbox 1513 3340 1680 3404; x_wconf 91' lang='lat' dir='ltr'><strong>enim,</strong></span> <span class='ocrx_word' id='word_1_484' title='bbox 1734 3340 2011 3411; x_wconf 89' lang='lat' dir='ltr'><strong>inquiunt,</strong></span> 
     </span>
    </p>
   </div>
   <div class='ocr_carea' id='block_1_66' title="bbox 416 3425 2015 3502">
    <p class='ocr_par' dir='ltr' id='par_1_66' title="bbox 416 3425 2015 3502">
     <span class='ocr_line' id='line_1_66' title="bbox 416 3425 2015 3502; baseline 0 -16"><span class='ocrx_word' id='word_1_485' title='bbox 416 3433 617 3488; x_wconf 88' lang='lat' dir='ltr'><strong>Paulus</strong></span> <span class='ocrx_word' id='word_1_486' title='bbox 646 3431 877 3487; x_wconf 92' lang='lat' dir='ltr'><strong>unicum</strong></span> <span class='ocrx_word' id='word_1_487' title='bbox 917 3430 1270 3502; x_wconf 88' lang='lat' dir='ltr'><strong>Evangelium</strong></span> <span class='ocrx_word' id='word_1_488' title='bbox 1297 3445 1416 3486; x_wconf 91' lang='lat' dir='ltr'><strong>esse</strong></span> <span class='ocrx_word' id='word_1_489' title='bbox 1460 3427 1610 3485; x_wconf 90' lang='lat' dir='ltr'><strong>dicit.</strong></span> <span class='ocrx_word' id='word_1_490' title='bbox 1643 3425 1854 3501; x_wconf 86' lang='lat' dir='ltr'><strong>Ecquid</strong></span> <span class='ocrx_word' id='word_1_491' title='bbox 1876 3429 2015 3486; x_wconf 83' lang='lat' dir='ltr'><strong>hoc?</strong></span> 
     </span>
    </p>
   </div>
   <div class='ocr_carea' id='block_1_67' title="bbox 417 3518 2012 3592">
    <p class='ocr_par' dir='ltr' id='par_1_67' title="bbox 417 3518 2012 3592">
     <span class='ocr_line' id='line_1_67' title="bbox 417 3518 2012 3592; baseline -0.002 -15"><span class='ocrx_word' id='word_1_492' title='bbox 417 3523 560 3577; x_wconf 87' lang='lat' dir='ltr'><strong>Nam</strong></span> <span class='ocrx_word' id='word_1_493' title='bbox 587 3529 643 3577; x_wconf 91' lang='lat' dir='ltr'><strong>et</strong></span> <span class='ocrx_word' id='word_1_494' title='bbox 669 3537 772 3577; x_wconf 91' lang='lat' dir='ltr'><strong>nos</strong></span> <span class='ocrx_word' id='word_1_495' title='bbox 800 3529 1038 3592; x_wconf 90' lang='lat' dir='ltr'><strong>quatuor</strong></span> <span class='ocrx_word' id='word_1_496' title='bbox 1061 3535 1231 3575; x_wconf 92' lang='lat' dir='ltr'><strong>unum</strong></span> <span class='ocrx_word' id='word_1_497' title='bbox 1260 3518 1512 3586; x_wconf 89' lang='lat' dir='ltr'><strong>dicimus,</strong></span> <span class='ocrx_word' id='word_1_498' title='bbox 1544 3519 1851 3574; x_wconf 91' lang='lat' dir='ltr'><strong>secundum</strong></span> <span class='ocrx_word' id='word_1_499' title='bbox 1879 3534 2012 3574; x_wconf 89' lang='lat' dir='ltr'><strong>con-</strong></span> 
     </span>
    </p>
   </div>
   <div class='ocr_carea' id='block_1_68' title="bbox 419 3605 2015 3681">
    <p class='ocr_par' dir='ltr' id='par_1_68' title="bbox 419 3605 2015 3681">
     <span class='ocr_line' id='line_1_68' title="bbox 419 3605 2015 3681; baseline -0.001 -15"><span class='ocrx_word' id='word_1_500' title='bbox 419 3618 643 3666; x_wconf 89' lang='lat' dir='ltr'><strong>centum</strong></span> <span class='ocrx_word' id='word_1_501' title='bbox 678 3609 970 3665; x_wconf 90' lang='lat' dir='ltr'><strong>nimirum.</strong></span> <span class='ocrx_word' id='word_1_502' title='bbox 1011 3611 1198 3681; x_wconf 91' lang='lat' dir='ltr'><strong>Neque</strong></span> <span class='ocrx_word' id='word_1_503' title='bbox 1243 3607 1392 3664; x_wconf 91' lang='lat' dir='ltr'><strong>enim</strong></span> <span class='ocrx_word' id='word_1_504' title='bbox 1440 3607 1639 3663; x_wconf 89' lang='lat' dir='ltr'><strong>Paulus</strong></span> <span class='ocrx_word' id='word_1_505' title='bbox 1681 3605 1751 3663; x_wconf 89' lang='lat' dir='ltr'><strong>de</strong></span> <span class='ocrx_word' id='word_1_506' title='bbox 1778 3623 2015 3664; x_wconf 90' lang='lat' dir='ltr'><strong>numero</strong></span> 
     </span>
    </p>
   </div>
   <div class='ocr_carea' id='block_1_69' title="bbox 419 3696 2014 3767">
    <p class='ocr_par' dir='ltr' id='par_1_69' title="bbox 419 3696 2014 3767">
     <span class='ocr_line' id='line_1_69' title="bbox 419 3696 2014 3767; baseline 0 -14"><span class='ocrx_word' id='word_1_507' title='bbox 419 3714 567 3754; x_wconf 90' lang='lat' dir='ltr'><strong>nunc</strong></span> <span class='ocrx_word' id='word_1_508' title='bbox 594 3697 743 3767; x_wconf 91' lang='lat' dir='ltr'><strong>dicit,</strong></span> <span class='ocrx_word' id='word_1_509' title='bbox 787 3713 978 3755; x_wconf 90' lang='lat' dir='ltr'><strong>verum</strong></span> <span class='ocrx_word' id='word_1_510' title='bbox 1009 3698 1077 3754; x_wconf 92' lang='lat' dir='ltr'><strong>de</strong></span> <span class='ocrx_word' id='word_1_511' title='bbox 1121 3696 1481 3752; x_wconf 88' lang='lat' dir='ltr'><strong>dissonantia.</strong></span> <span class='ocrx_word' id='word_1_512' title='bbox 1529 3697 1670 3766; x_wconf 87' lang='lat' dir='ltr'><strong>Quia</strong></span> <span class='ocrx_word' id='word_1_513' title='bbox 1718 3696 1863 3752; x_wconf 91' lang='lat' dir='ltr'><strong>enim</strong></span> <span class='ocrx_word' id='word_1_514' title='bbox 1904 3697 2014 3754; x_wconf 83' lang='lat' dir='ltr'><strong>dis-</strong></span> 
     </span>
    </p>
   </div>
   <div class='ocr_carea' id='block_1_70' title="bbox 417 3785 2018 3860">
    <p class='ocr_par' dir='ltr' id='par_1_70' title="bbox 417 3785 2018 3860">
     <span class='ocr_line' id='line_1_70' title="bbox 417 3785 2018 3860; baseline -0.001 -16"><span class='ocrx_word' id='word_1_515' title='bbox 417 3795 577 3844; x_wconf 88' lang='lat' dir='ltr'><strong>sonat</strong></span> <span class='ocrx_word' id='word_1_516' title='bbox 604 3788 968 3859; x_wconf 90' lang='lat' dir='ltr'><strong>impostorum</strong></span> <span class='ocrx_word' id='word_1_517' title='bbox 997 3785 1341 3859; x_wconf 68' lang='lat' dir='ltr'><strong>praedicatio,</strong></span> <span class='ocrx_word' id='word_1_518' title='bbox 1372 3785 1496 3842; x_wconf 90' lang='lat' dir='ltr'><strong>ideo</strong></span> <span class='ocrx_word' id='word_1_519' title='bbox 1519 3801 1634 3840; x_wconf 89' lang='lat' dir='ltr'><strong>non</strong></span> <span class='ocrx_word' id='word_1_520' title='bbox 1658 3794 1748 3842; x_wconf 84' lang='lat' dir='ltr'><strong>est</strong></span> <span class='ocrx_word' id='word_1_521' title='bbox 1773 3789 2018 3860; x_wconf 85' lang='lat' dir='ltr'><strong>Evange-</strong></span> 
     </span>
    </p>
   </div>
   <div class='ocr_carea' id='block_1_71' title="bbox 419 3875 2014 3947">
    <p class='ocr_par' dir='ltr' id='par_1_71' title="bbox 419 3875 2014 3947">
     <span class='ocr_line' id='line_1_71' title="bbox 419 3875 2014 3947; baseline -0.001 -16"><span class='ocrx_word' id='word_1_522' title='bbox 419 3876 575 3946; x_wconf 90' lang='lat' dir='ltr'><strong>lium,</strong></span> <span class='ocrx_word' id='word_1_523' title='bbox 625 3885 686 3932; x_wconf 88' lang='lat' dir='ltr'><strong>ut</strong></span> <span class='ocrx_word' id='word_1_524' title='bbox 722 3877 768 3933; x_wconf 93' lang='lat' dir='ltr'><strong>si</strong></span> <span class='ocrx_word' id='word_1_525' title='bbox 797 3883 1149 3943; x_wconf 89' lang='lat' dir='ltr'><strong>consonaret,</strong></span> <span class='ocrx_word' id='word_1_526' title='bbox 1182 3883 1328 3931; x_wconf 90' lang='lat' dir='ltr'><strong>esset</strong></span> <span class='ocrx_word' id='word_1_527' title='bbox 1368 3875 1750 3946; x_wconf 86' lang='lat' dir='ltr'><strong>Evangelium,</strong></span> <span class='ocrx_word' id='word_1_528' title='bbox 1784 3875 1889 3932; x_wconf 92' lang='lat' dir='ltr'><strong>hoc</strong></span> <span class='ocrx_word' id='word_1_529' title='bbox 1911 3884 2014 3947; x_wconf 86' lang='lat' dir='ltr'><strong>est,</strong></span> 
     </span>
    </p>
   </div>
   <div class='ocr_carea' id='block_1_72' title="bbox 421 3963 2017 4040">
    <p class='ocr_par' dir='ltr' id='par_1_72' title="bbox 421 3963 2017 4040">
     <span class='ocr_line' id='line_1_72' title="bbox 421 3963 2017 4040; baseline 0.001 -17"><span class='ocrx_word' id='word_1_530' title='bbox 421 3966 737 4039; x_wconf 65' lang='lat' dir='ltr'><strong>praedicatio</strong></span> <span class='ocrx_word' id='word_1_531' title='bbox 758 3966 1082 4038; x_wconf 89' lang='lat' dir='ltr'><strong>apostolica.</strong></span> <span class='ocrx_word' id='word_1_532' title='bbox 1106 3965 1347 4021; x_wconf 91' lang='lat' dir='ltr'><strong>Proinde</strong></span> <span class='ocrx_word' id='word_1_533' title='bbox 1372 3963 1836 4023; x_wconf 57' lang='lat' dir='ltr'><strong>manifestissimae</strong></span> <span class='ocrx_word' id='word_1_534' title='bbox 1856 3983 2017 4040; x_wconf 75' lang='lat' dir='ltr'><strong>nugae</strong></span> 
     </span>
    </p>
   </div>
   <div class='ocr_carea' id='block_1_73' title="bbox 420 4053 1338 4128">
    <p class='ocr_par' dir='ltr' id='par_1_73' title="bbox 420 4053 1338 4128">
     <span class='ocr_line' id='line_1_73' title="bbox 420 4053 1338 4128; baseline -0.003 -16"><span class='ocrx_word' id='word_1_535' title='bbox 420 4065 552 4112; x_wconf 89' lang='lat' dir='ltr'><strong>sunt</strong></span> <span class='ocrx_word' id='word_1_536' title='bbox 577 4072 703 4128; x_wconf 65' lang='lat' dir='ltr'><strong>quae</strong></span> <span class='ocrx_word' id='word_1_537' title='bbox 733 4057 976 4111; x_wconf 90' lang='lat' dir='ltr'><strong>Marcion</strong></span> <span class='ocrx_word' id='word_1_538' title='bbox 1007 4054 1100 4109; x_wconf 89' lang='lat' dir='ltr'><strong>hic</strong></span> <span class='ocrx_word' id='word_1_539' title='bbox 1116 4053 1338 4126; x_wconf 86' lang='lat' dir='ltr'><strong>profert.</strong></span> 
     </span>
    </p>
   </div>
   <div class='ocr_carea' id='block_1_74' title="bbox 493 4143 2018 4216">
    <p class='ocr_par' dir='ltr' id='par_1_74' title="bbox 493 4143 2018 4216">
     <span class='ocr_line' id='line_1_74' title="bbox 493 4143 2018 4216; baseline 0.002 -16"><span class='ocrx_word' id='word_1_540' title='bbox 493 4147 676 4202; x_wconf 77' lang='lat' dir='ltr'><strong>VEBS.</strong></span> <span class='ocrx_word' id='word_1_541' title='bbox 704 4151 758 4200; x_wconf 87' lang='lat'><strong>8.</strong></span> <span class='ocrx_word' id='word_1_542' title='bbox 791 4167 816 4193; x_wconf 80' lang='grc' dir='ltr'>ιι</span> <span class='ocrx_word' id='word_1_543' title='bbox 868 4144 976 4200; x_wconf 92' lang='lat' dir='ltr'><strong>Sed</strong></span> <span class='ocrx_word' id='word_1_544' title='bbox 1016 4143 1142 4198; x_wconf 90' lang='lat' dir='ltr'><strong>licet</strong></span> <span class='ocrx_word' id='word_1_545' title='bbox 1180 4159 1301 4213; x_wconf 89' lang='lat' dir='ltr'><strong>nos,</strong></span> <span class='ocrx_word' id='word_1_546' title='bbox 1347 4151 1443 4199; x_wconf 90' lang='lat' dir='ltr'><strong>aut</strong></span> <span class='ocrx_word' id='word_1_547' title='bbox 1487 4143 1716 4216; x_wconf 83' lang='lat' dir='ltr'><strong>angelus</strong></span> <span class='ocrx_word' id='word_1_548' title='bbox 1760 4143 1829 4201; x_wconf 91' lang='lat' dir='ltr'><strong>de</strong></span> <span class='ocrx_word' id='word_1_549' title='bbox 1877 4147 2018 4203; x_wconf 85' lang='lat' dir='ltr'><strong>coelo</strong></span> 
     </span>
    </p>
   </div>
   <div class='ocr_carea' id='block_1_75' title="bbox 424 4232 2021 4306">
    <p class='ocr_par' dir='ltr' id='par_1_75' title="bbox 424 4232 2021 4306">
     <span class='ocr_line' id='line_1_75' title="bbox 424 4232 2021 4306; baseline 0.001 -16"><span class='ocrx_word' id='word_1_550' title='bbox 424 4232 938 4306; x_wconf 30' lang='lat' dir='ltr'><strong>evangelizetévobis</strong></span> <span class='ocrx_word' id='word_1_551' title='bbox 965 4240 1335 4305; x_wconf 69' lang='lat' dir='ltr'><strong>praeterquam</strong></span> <span class='ocrx_word' id='word_1_552' title='bbox 1360 4233 1506 4305; x_wconf 86' lang='lat' dir='ltr'><strong>quod</strong></span> <span class='ocrx_word' id='word_1_553' title='bbox 1533 4234 2021 4306; x_wconf 85' lang='lat' dir='ltr'><strong>evangelizavimus</strong></span> 
     </span>
    </p>
   </div>
   <div class='ocr_carea' id='block_1_76' title="bbox 423 4322 2019 4395">
    <p class='ocr_par' dir='ltr' id='par_1_76' title="bbox 423 4322 2019 4395">
     <span class='ocr_line' id='line_1_76' title="bbox 423 4322 2019 4395; baseline 0.003 -19"><span class='ocrx_word' id='word_1_554' title='bbox 423 4323 599 4391; x_wconf 87' lang='lat' dir='ltr'><strong>vobis,</strong></span> <span class='ocrx_word' id='word_1_555' title='bbox 650 4322 944 4378; x_wconf 86' lang='lat' dir='ltr'><strong>anathema</strong></span> <span class='ocrx_word' id='word_1_556' title='bbox 992 4322 1078 4377; x_wconf 92' lang='lat' dir='ltr'><strong>sit.</strong></span> <span class='ocrx_word' id='word_1_557' title='bbox 1113 4345 1138 4370; x_wconf 71' lang='grc' dir='ltr'><strong><em>ι</em></strong></span> <span class='ocrx_word' id='word_1_558' title='bbox 1187 4324 1268 4378; x_wconf 87' lang='lat' dir='ltr'><strong>Ne</strong></span> <span class='ocrx_word' id='word_1_559' title='bbox 1315 4323 1434 4394; x_wconf 90' lang='lat' dir='ltr'><strong>quis</strong></span> <span class='ocrx_word' id='word_1_560' title='bbox 1461 4322 1604 4378; x_wconf 91' lang='lat' dir='ltr'><strong>dicat</strong></span> <span class='ocrx_word' id='word_1_561' title='bbox 1649 4322 1798 4395; x_wconf 89' lang='lat' dir='ltr'><strong>quod</strong></span> <span class='ocrx_word' id='word_1_562' title='bbox 1844 4325 2019 4380; x_wconf 92' lang='lat' dir='ltr'><strong>ambi-</strong></span> 
     </span>
    </p>
   </div>
   <div class='ocr_carea' id='block_1_77' title="bbox 421 4409 2016 4484">
    <p class='ocr_par' dir='ltr' id='par_1_77' title="bbox 421 4409 2016 4484">
     <span class='ocr_line' id='line_1_77' title="bbox 421 4409 2016 4484; baseline -0.001 -17"><span class='ocrx_word' id='word_1_563' title='bbox 421 4411 572 4467; x_wconf 90' lang='lat' dir='ltr'><strong>tione</strong></span> <span class='ocrx_word' id='word_1_564' title='bbox 601 4409 818 4480; x_wconf 89' lang='lat' dir='ltr'><strong>ductus,</strong></span> <span class='ocrx_word' id='word_1_565' title='bbox 849 4426 945 4468; x_wconf 90' lang='lat' dir='ltr'><strong>sua</strong></span> <span class='ocrx_word' id='word_1_566' title='bbox 975 4410 1237 4483; x_wconf 87' lang='lat' dir='ltr'><strong>dogmata</strong></span> <span class='ocrx_word' id='word_1_567' title='bbox 1261 4411 1465 4483; x_wconf 87' lang='lat' dir='ltr'><strong>jactat,</strong></span> <span class='ocrx_word' id='word_1_568' title='bbox 1491 4413 1735 4484; x_wconf 92' lang='lat' dir='ltr'><strong>seipsum</strong></span> <span class='ocrx_word' id='word_1_569' title='bbox 1766 4412 2016 4469; x_wconf 83' lang='lat' dir='ltr'><strong>devovet.</strong></span> 
     </span>
    </p>
   </div>
   <div class='ocr_carea' id='block_1_78' title="bbox 422 4499 2018 4574">
    <p class='ocr_par' dir='ltr' id='par_1_78' title="bbox 422 4499 2018 4574">
     <span class='ocr_line' id='line_1_78' title="bbox 422 4499 2018 4574; baseline 0 -16"><span class='ocrx_word' id='word_1_570' title='bbox 422 4503 567 4574; x_wconf 89' lang='lat' dir='ltr'><strong>Quia</strong></span> <span class='ocrx_word' id='word_1_571' title='bbox 589 4516 719 4557; x_wconf 90' lang='lat' dir='ltr'><strong>vero</strong></span> <span class='ocrx_word' id='word_1_572' title='bbox 740 4499 810 4555; x_wconf 91' lang='lat' dir='ltr'><strong>ad</strong></span> <span class='ocrx_word' id='word_1_573' title='bbox 839 4501 1221 4556; x_wconf 90' lang='lat' dir='ltr'><strong>auctoritatem</strong></span> <span class='ocrx_word' id='word_1_574' title='bbox 1243 4509 1298 4554; x_wconf 86' lang='lat' dir='ltr'><strong>et</strong></span> <span class='ocrx_word' id='word_1_575' title='bbox 1317 4499 1636 4570; x_wconf 86' lang='lat' dir='ltr'><strong>dignitatem</strong></span> <span class='ocrx_word' id='word_1_576' title='bbox 1659 4516 2018 4573; x_wconf 90' lang='lat' dir='ltr'><strong>personarum</strong></span> 
     </span>
    </p>
   </div>
   <div class='ocr_carea' id='block_1_79' title="bbox 2123 3326 3726 3418">
    <p class='ocr_par' dir='ltr' id='par_1_79' title="bbox 2123 3326 3726 3418">
     <span class='ocr_line' id='line_1_79' title="bbox 2123 3326 3726 3418; baseline -0.003 -20"><span class='ocrx_word' id='word_1_577' title='bbox 2123 3338 2436 3409; x_wconf 88' lang='grc' dir='ltr'>συνέθηκαν.</span> <span class='ocrx_word' id='word_1_578' title='bbox 2465 3334 2600 3397; x_wconf 80' lang='grc' dir='ltr'>Ἰδοὺ</span> <span class='ocrx_word' id='word_1_579' title='bbox 2629 3335 2732 3416; x_wconf 82' lang='grc' dir='ltr'><strong>γὰρ</strong></span> <span class='ocrx_word' id='word_1_580' title='bbox 2752 3382 2766 3410; x_wconf 92' lang='grc'>,</span> <span class='ocrx_word' id='word_1_581' title='bbox 2791 3326 2989 3418; x_wconf 77' lang='grc' dir='ltr'>φασὶν,</span> <span class='ocrx_word' id='word_1_582' title='bbox 3013 3341 3042 3395; x_wconf 79' lang='grc' dir='ltr'><strong>ὁ</strong></span> <span class='ocrx_word' id='word_1_583' title='bbox 3085 3338 3299 3402; x_wconf 79' lang='grc' dir='ltr'>Παῦλος</span> <span class='ocrx_word' id='word_1_584' title='bbox 3320 3334 3375 3393; x_wconf 81' lang='grc' dir='ltr'><strong>ἓν</strong></span> <span class='ocrx_word' id='word_1_585' title='bbox 3410 3326 3544 3394; x_wconf 71' lang='grc' dir='ltr'>εἶναι</span> <span class='ocrx_word' id='word_1_586' title='bbox 3573 3334 3726 3412; x_wconf 82' lang='grc' dir='ltr'>λέγει</span> 
     </span>
    </p>
   </div>
   <div class='ocr_carea' id='block_1_80' title="bbox 2123 3423 3727 3504">
    <p class='ocr_par' dir='ltr' id='par_1_80' title="bbox 2123 3423 3727 3504">
     <span class='ocr_line' id='line_1_80' title="bbox 2123 3423 3727 3504; baseline -0.002 -17"><span class='ocrx_word' id='word_1_587' title='bbox 2123 3426 2469 3504; x_wconf 86' lang='grc' dir='ltr'>Εὖαγγέλιον.</span> <span class='ocrx_word' id='word_1_588' title='bbox 2513 3426 2620 3485; x_wconf 87' lang='lat' dir='ltr'><strong>Kal</strong></span> <span class='ocrx_word' id='word_1_589' title='bbox 2652 3425 2704 3483; x_wconf 86' lang='grc' dir='ltr'>τί</span> <span class='ocrx_word' id='word_1_590' title='bbox 2752 3432 2947 3504; x_wconf 67' lang='grc' dir='ltr'>τοῦτο,</span> <span class='ocrx_word' id='word_1_591' title='bbox 3017 3426 3124 3486; x_wconf 87' lang='lat' dir='ltr'><strong>Kal</strong></span> <span class='ocrx_word' id='word_1_592' title='bbox 3174 3429 3327 3503; x_wconf 79' lang='grc' dir='ltr'>ἡμεῖς</span> <span class='ocrx_word' id='word_1_593' title='bbox 3378 3424 3446 3483; x_wconf 79' lang='grc' dir='ltr'>τὰ</span> <span class='ocrx_word' id='word_1_594' title='bbox 3491 3423 3727 3504; x_wconf 89' lang='grc' dir='ltr'>τέσσαρα</span> 
     </span>
    </p>
   </div>
   <div class='ocr_carea' id='block_1_81' title="bbox 2122 3505 3721 3596">
    <p class='ocr_par' dir='ltr' id='par_1_81' title="bbox 2122 3505 3721 3596">
     <span class='ocr_line' id='line_1_81' title="bbox 2122 3505 3721 3596; baseline -0.004 -21"><span class='ocrx_word' id='word_1_595' title='bbox 2122 3514 2177 3575; x_wconf 82' lang='grc' dir='ltr'><strong>ἓν</strong></span> <span class='ocrx_word' id='word_1_596' title='bbox 2210 3505 2340 3574; x_wconf 71' lang='grc' dir='ltr'>εἶναι</span> <span class='ocrx_word' id='word_1_597' title='bbox 2364 3515 2619 3596; x_wconf 78' lang='grc' dir='ltr'>λέγομεν,</span> <span class='ocrx_word' id='word_1_598' title='bbox 2648 3513 2788 3574; x_wconf 89' lang='grc' dir='ltr'>κατά</span> <span class='ocrx_word' id='word_1_599' title='bbox 2827 3538 2887 3593; x_wconf 91' lang='grc' dir='ltr'><strong>γε</strong></span> <span class='ocrx_word' id='word_1_600' title='bbox 2941 3513 3040 3586; x_wconf 78' lang='grc' dir='ltr'><strong>τὴν</strong></span> <span class='ocrx_word' id='word_1_601' title='bbox 3070 3513 3381 3594; x_wconf 74' lang='grc' dir='ltr'>συμφωνίαν</span> <span class='ocrx_word' id='word_1_602' title='bbox 3404 3535 3419 3552; x_wconf 80' lang='grc' dir='ltr'><strong><em>ο</em></strong></span> <span class='ocrx_word' id='word_1_603' title='bbox 3450 3511 3570 3571; x_wconf 77' lang='grc' dir='ltr'>οὐδὲ</span> <span class='ocrx_word' id='word_1_604' title='bbox 3617 3515 3721 3593; x_wconf 85' lang='grc' dir='ltr'><strong>γὰρ</strong></span> 
     </span>
    </p>
   </div>
   <div class='ocr_carea' id='block_1_82' title="bbox 2125 3601 3717 3685">
    <p class='ocr_par' dir='ltr' id='par_1_82' title="bbox 2125 3601 3717 3685">
     <span class='ocr_line' id='line_1_82' title="bbox 2125 3601 3717 3685; baseline -0.004 -20"><span class='ocrx_word' id='word_1_605' title='bbox 2125 3606 2342 3672; x_wconf 90' lang='grc' dir='ltr'>Παῦλος</span> <span class='ocrx_word' id='word_1_606' title='bbox 2363 3604 2484 3684; x_wconf 80' lang='grc' dir='ltr'>περὶ</span> <span class='ocrx_word' id='word_1_607' title='bbox 2515 3607 2738 3685; x_wconf 80' lang='grc' dir='ltr'>ἀριθμοῦ</span> <span class='ocrx_word' id='word_1_608' title='bbox 2763 3602 2908 3680; x_wconf 80' lang='grc' dir='ltr'>λέγει</span> <span class='ocrx_word' id='word_1_609' title='bbox 2935 3607 3054 3674; x_wconf 91' lang='grc' dir='ltr'>νῦν,</span> <span class='ocrx_word' id='word_1_610' title='bbox 3080 3604 3221 3660; x_wconf 82' lang='grc' dir='ltr'>ἀλλὰ</span> <span class='ocrx_word' id='word_1_611' title='bbox 3241 3601 3364 3681; x_wconf 83' lang='grc' dir='ltr'>περὶ</span> <span class='ocrx_word' id='word_1_612' title='bbox 3396 3601 3717 3683; x_wconf 83' lang='grc' dir='ltr'>διαφωνίας.</span> 
     </span>
    </p>
   </div>
   <div class='ocr_carea' id='block_1_83' title="bbox 2123 3690 3722 3775">
    <p class='ocr_par' dir='ltr' id='par_1_83' title="bbox 2123 3690 3722 3775">
     <span class='ocr_line' id='line_1_83' title="bbox 2123 3690 3722 3775; baseline -0.003 -21"><span class='ocrx_word' id='word_1_613' title='bbox 2123 3693 2271 3754; x_wconf 87' lang='grc' dir='ltr'>Διότι</span> <span class='ocrx_word' id='word_1_614' title='bbox 2299 3692 2403 3775; x_wconf 79' lang='grc' dir='ltr'>γὰρ</span> <span class='ocrx_word' id='word_1_615' title='bbox 2423 3738 2438 3766; x_wconf 93' lang='grc'>,</span> <span class='ocrx_word' id='word_1_616' title='bbox 2467 3694 2634 3775; x_wconf 79' lang='grc' dir='ltr'>φησὶ,</span> <span class='ocrx_word' id='word_1_617' title='bbox 2667 3695 2918 3772; x_wconf 81' lang='grc' dir='ltr'>διαφωνεῖ</span> <span class='ocrx_word' id='word_1_618' title='bbox 2953 3693 3013 3751; x_wconf 82' lang='grc' dir='ltr'>τὸ</span> <span class='ocrx_word' id='word_1_619' title='bbox 3040 3697 3146 3751; x_wconf 76' lang='grc' dir='ltr'><strong>τῶν</strong></span> <span class='ocrx_word' id='word_1_620' title='bbox 3175 3690 3390 3749; x_wconf 88' lang='grc' dir='ltr'>πλάνων</span> <span class='ocrx_word' id='word_1_621' title='bbox 3434 3691 3685 3772; x_wconf 84' lang='grc' dir='ltr'>κήρυγμα</span> <span class='ocrx_word' id='word_1_622' title='bbox 3705 3737 3722 3769; x_wconf 92' lang='grc'>,</span> 
     </span>
    </p>
   </div>
   <div class='ocr_carea' id='block_1_84' title="bbox 2124 3779 3724 3861">
    <p class='ocr_par' dir='ltr' id='par_1_84' title="bbox 2124 3779 3724 3861">
     <span class='ocr_line' id='line_1_84' title="bbox 2124 3779 3724 3861; baseline -0.003 -19"><span class='ocrx_word' id='word_1_623' title='bbox 2124 3781 2213 3842; x_wconf 72' lang='grc' dir='ltr'><strong>διὰ</strong></span> <span class='ocrx_word' id='word_1_624' title='bbox 2241 3789 2392 3842; x_wconf 91' lang='grc' dir='ltr'>τοῦτο</span> <span class='ocrx_word' id='word_1_625' title='bbox 2431 3785 2526 3842; x_wconf 76' lang='grc' dir='ltr'><strong>οὐκ</strong></span> <span class='ocrx_word' id='word_1_626' title='bbox 2569 3782 2709 3842; x_wconf 78' lang='grc' dir='ltr'>ἔστιν</span> <span class='ocrx_word' id='word_1_627' title='bbox 2742 3781 3104 3860; x_wconf 82' lang='grc' dir='ltr'>Εὖαγγέλιον,</span> <span class='ocrx_word' id='word_1_628' title='bbox 3147 3783 3217 3846; x_wconf 84' lang='grc' dir='ltr'>ὡς</span> <span class='ocrx_word' id='word_1_629' title='bbox 3250 3779 3300 3840; x_wconf 85' lang='grc' dir='ltr'>εἴ</span> <span class='ocrx_word' id='word_1_630' title='bbox 3325 3804 3384 3858; x_wconf 91' lang='grc' dir='ltr'><strong>γε</strong></span> <span class='ocrx_word' id='word_1_631' title='bbox 3418 3781 3724 3861; x_wconf 82' lang='grc' dir='ltr'>συνεφώνει,</span> 
     </span>
    </p>
   </div>
   <div class='ocr_carea' id='block_1_85' title="bbox 2123 3864 3724 3948">
    <p class='ocr_par' dir='ltr' id='par_1_85' title="bbox 2123 3864 3724 3948">
     <span class='ocr_line' id='line_1_85' title="bbox 2123 3864 3724 3948; baseline 0 -20"><span class='ocrx_word' id='word_1_632' title='bbox 2123 3864 2190 3945; x_wconf 70' lang='grc' dir='ltr'>ἧν</span> <span class='ocrx_word' id='word_1_633' title='bbox 2235 3872 2296 3929; x_wconf 86' lang='grc' dir='ltr'>ἂν</span> <span class='ocrx_word' id='word_1_634' title='bbox 2332 3871 2688 3948; x_wconf 81' lang='grc' dir='ltr'>Εὐαγγέλιον,</span> <span class='ocrx_word' id='word_1_635' title='bbox 2722 3869 2993 3941; x_wconf 84' lang='grc' dir='ltr'>τουτέστι,</span> <span class='ocrx_word' id='word_1_636' title='bbox 3038 3869 3291 3948; x_wconf 78' lang='grc' dir='ltr'>κήρυγμα</span> <span class='ocrx_word' id='word_1_637' title='bbox 3347 3869 3724 3930; x_wconf 82' lang='grc' dir='ltr'>ἀποστολικόν.</span> 
     </span>
    </p>
   </div>
   <div class='ocr_carea' id='block_1_86' title="bbox 2124 3958 3340 4041">
    <p class='ocr_par' dir='ltr' id='par_1_86' title="bbox 2124 3958 3340 4041">
     <span class='ocr_line' id='line_1_86' title="bbox 2124 3958 3340 4041; baseline -0.002 -22"><span class='ocrx_word' id='word_1_638' title='bbox 2124 3959 2303 4020; x_wconf 70' lang='grc' dir='ltr'><strong>⁹¹Ωστε</strong></span> <span class='ocrx_word' id='word_1_639' title='bbox 2327 3960 2558 4041; x_wconf 80' lang='grc' dir='ltr'>φλυαρία</span> <span class='ocrx_word' id='word_1_640' title='bbox 2589 3958 2760 4040; x_wconf 80' lang='grc' dir='ltr'>σαφὴς</span> <span class='ocrx_word' id='word_1_641' title='bbox 2783 3958 2852 4016; x_wconf 80' lang='grc' dir='ltr'>τὰ</span> <span class='ocrx_word' id='word_1_642' title='bbox 2874 3964 2968 4018; x_wconf 91' lang='grc' dir='ltr'>τοῦ</span> <span class='ocrx_word' id='word_1_643' title='bbox 3002 3959 3340 4038; x_wconf 85' lang='grc' dir='ltr'>Μαρκίωνος.</span> 
     </span>
    </p>
   </div>
   <div class='ocr_carea' id='block_1_87' title="bbox 2219 4134 3730 4216">
    <p class='ocr_par' dir='ltr' id='par_1_87' title="bbox 2219 4134 3730 4216">
     <span class='ocr_line' id='line_1_87' title="bbox 2219 4134 3730 4216; baseline -0.002 -22"><span class='ocrx_word' id='word_1_644' title='bbox 2219 4159 2248 4194; x_wconf 78' lang='grc' dir='ltr'><strong>ι(</strong></span> <span class='ocrx_word' id='word_1_645' title='bbox 2276 4135 2434 4197; x_wconf 78' lang='grc' dir='ltr'><strong>Ἀλλὰ</strong></span> <span class='ocrx_word' id='word_1_646' title='bbox 2479 4136 2577 4196; x_wconf 82' lang='grc' dir='ltr'>κᾶν</span> <span class='ocrx_word' id='word_1_647' title='bbox 2632 4141 2825 4214; x_wconf 81' lang='grc' dir='ltr'>ἡμεῖς,</span> <span class='ocrx_word' id='word_1_648' title='bbox 2877 4134 2913 4207; x_wconf 74' lang='grc' dir='ltr'>ἢ</span> <span class='ocrx_word' id='word_1_649' title='bbox 2941 4136 3162 4214; x_wconf 81' lang='grc' dir='ltr'>ἄγγελος</span> <span class='ocrx_word' id='word_1_650' title='bbox 3209 4135 3260 4205; x_wconf 81' lang='grc' dir='ltr'><strong>ἐξ</strong></span> <span class='ocrx_word' id='word_1_651' title='bbox 3293 4137 3513 4215; x_wconf 77' lang='grc' dir='ltr'>οὐρανοῦ</span> <span class='ocrx_word' id='word_1_652' title='bbox 3574 4135 3730 4216; x_wconf 77' lang='grc' dir='ltr'>εὐαγ-</span> 
     </span>
    </p>
   </div>
   <div class='ocr_carea' id='block_1_88' title="bbox 2127 4223 3726 4306">
    <p class='ocr_par' dir='ltr' id='par_1_88' title="bbox 2127 4223 3726 4306">
     <span class='ocr_line' id='line_1_88' title="bbox 2127 4223 3726 4306; baseline -0.001 -21"><span class='ocrx_word' id='word_1_653' title='bbox 2127 4226 2398 4306; x_wconf 79' lang='grc' dir='ltr'>γελίζηται</span> <span class='ocrx_word' id='word_1_654' title='bbox 2449 4229 2574 4304; x_wconf 73' lang='grc' dir='ltr'>ὑμῖν</span> <span class='ocrx_word' id='word_1_655' title='bbox 2624 4227 2751 4306; x_wconf 87' lang='grc' dir='ltr'>παρ’</span> <span class='ocrx_word' id='word_1_656' title='bbox 2810 4225 2838 4286; x_wconf 83' lang='grc' dir='ltr'>ὃ</span> <span class='ocrx_word' id='word_1_657' title='bbox 2887 4223 3346 4304; x_wconf 78' lang='grc' dir='ltr'>εὐηγγελισάμεθα</span> <span class='ocrx_word' id='word_1_658' title='bbox 3395 4229 3539 4300; x_wconf 77' lang='grc' dir='ltr'>ὑμῖν,</span> <span class='ocrx_word' id='word_1_659' title='bbox 3596 4227 3726 4283; x_wconf 85' lang='grc' dir='ltr'>ἀνά-</span> 
     </span>
    </p>
   </div>
   <div class='ocr_carea' id='block_1_89' title="bbox 2130 4312 3729 4395">
    <p class='ocr_par' dir='ltr' id='par_1_89' title="bbox 2130 4312 3729 4395">
     <span class='ocr_line' id='line_1_89' title="bbox 2130 4312 3729 4395; baseline -0.004 -19"><span class='ocrx_word' id='word_1_660' title='bbox 2130 4323 2265 4392; x_wconf 87' lang='grc' dir='ltr'>θεμα</span> <span class='ocrx_word' id='word_1_661' title='bbox 2319 4315 2527 4377; x_wconf 76' lang='grc' dir='ltr'>ἔστω.»</span> <span class='ocrx_word' id='word_1_662' title='bbox 2560 4313 2685 4376; x_wconf 86' lang='grc' dir='ltr'><strong>Ἵνα</strong></span> <span class='ocrx_word' id='word_1_663' title='bbox 2718 4315 2795 4390; x_wconf 85' lang='grc' dir='ltr'><strong>μή</strong></span> <span class='ocrx_word' id='word_1_664' title='bbox 2846 4339 2924 4382; x_wconf 90' lang='grc' dir='ltr'><strong>τις</strong></span> <span class='ocrx_word' id='word_1_665' title='bbox 2962 4315 3122 4395; x_wconf 82' lang='grc' dir='ltr'>εἴπῃ,</span> <span class='ocrx_word' id='word_1_666' title='bbox 3171 4317 3251 4373; x_wconf 83' lang='grc' dir='ltr'><strong>ὅτι</strong></span> <span class='ocrx_word' id='word_1_667' title='bbox 3299 4313 3385 4373; x_wconf 74' lang='grc' dir='ltr'>διὰ</span> <span class='ocrx_word' id='word_1_668' title='bbox 3432 4312 3729 4394; x_wconf 77' lang='grc' dir='ltr'>φιλοδοξίαν</span> 
     </span>
    </p>
   </div>
   <div class='ocr_carea' id='block_1_90' title="bbox 2128 4401 3733 4485">
    <p class='ocr_par' dir='ltr' id='par_1_90' title="bbox 2128 4401 3733 4485">
     <span class='ocr_line' id='line_1_90' title="bbox 2128 4401 3733 4485; baseline -0.003 -20"><span class='ocrx_word' id='word_1_669' title='bbox 2128 4406 2196 4465; x_wconf 75' lang='grc' dir='ltr'><strong>τὰ</strong></span> <span class='ocrx_word' id='word_1_670' title='bbox 2215 4406 2380 4464; x_wconf 76' lang='grc' dir='ltr'>οἰκεῖα</span> <span class='ocrx_word' id='word_1_671' title='bbox 2435 4412 2714 4485; x_wconf 84' lang='grc' dir='ltr'>συγκροτεῖ</span> <span class='ocrx_word' id='word_1_672' title='bbox 2744 4404 3024 4481; x_wconf 86' lang='grc' dir='ltr'>δόγματα,</span> <span class='ocrx_word' id='word_1_673' title='bbox 3074 4401 3166 4462; x_wconf 83' lang='grc' dir='ltr'><strong>καὶ</strong></span> <span class='ocrx_word' id='word_1_674' title='bbox 3213 4403 3398 4462; x_wconf 77' lang='grc' dir='ltr'>ἑαυτὸν</span> <span class='ocrx_word' id='word_1_675' title='bbox 3457 4406 3733 4480; x_wconf 77' lang='grc' dir='ltr'>ἀναθεμα-</span> 
     </span>
    </p>
   </div>
   <div class='ocr_carea' id='block_1_91' title="bbox 2128 4490 3735 4574">
    <p class='ocr_par' dir='ltr' id='par_1_91' title="bbox 2128 4490 3735 4574">
     <span class='ocr_line' id='line_1_91' title="bbox 2128 4490 3735 4574; baseline -0.001 -22"><span class='ocrx_word' id='word_1_676' title='bbox 2128 4495 2278 4563; x_wconf 83' lang='grc' dir='ltr'>τίζει.</span> <span class='ocrx_word' id='word_1_677' title='bbox 2311 4493 2538 4565; x_wconf 76' lang='grc' dir='ltr'>Ἐπειδὴ</span> <span class='ocrx_word' id='word_1_678' title='bbox 2585 4493 2641 4552; x_wconf 82' lang='grc' dir='ltr'>δὲ</span> <span class='ocrx_word' id='word_1_679' title='bbox 2671 4493 2766 4554; x_wconf 80' lang='grc' dir='ltr'>καὶ</span> <span class='ocrx_word' id='word_1_680' title='bbox 2813 4496 2885 4559; x_wconf 83' lang='grc' dir='ltr'>εἷς</span> <span class='ocrx_word' id='word_1_681' title='bbox 2911 4492 3192 4570; x_wconf 79' lang='grc' dir='ltr'>ἀξιώματα</span> <span class='ocrx_word' id='word_1_682' title='bbox 3247 4490 3571 4574; x_wconf 82' lang='grc' dir='ltr'>κατέφευγον</span> <span class='ocrx_word' id='word_1_683' title='bbox 3591 4537 3607 4567; x_wconf 94' lang='grc'>,</span> <span class='ocrx_word' id='word_1_684' title='bbox 3641 4492 3735 4550; x_wconf 80' lang='grc' dir='ltr'>καὶ</span> 
     </span>
    </p>
   </div>
   <div class='ocr_carea' id='block_1_92' title="bbox 424 4580 2017 4664">
    <p class='ocr_par' dir='ltr' id='par_1_92' title="bbox 424 4587 2017 4662">
     <span class='ocr_line' id='line_1_92' title="bbox 424 4587 2017 4662; baseline 0 -16"><span class='ocrx_word' id='word_1_685' title='bbox 424 4587 836 4662; x_wconf 86' lang='lat' dir='ltr'><strong>confugiebant,</strong></span> <span class='ocrx_word' id='word_1_686' title='bbox 898 4605 962 4644; x_wconf 90' lang='lat' dir='ltr'><strong>ac</strong></span> <span class='ocrx_word' id='word_1_687' title='bbox 1014 4591 1240 4644; x_wconf 85' lang='lat' dir='ltr'><strong>Petrum</strong></span> <span class='ocrx_word' id='word_1_688' title='bbox 1297 4605 1427 4644; x_wconf 90' lang='lat' dir='ltr'><strong>cum</strong></span> <span class='ocrx_word' id='word_1_689' title='bbox 1473 4589 1608 4656; x_wconf 89' lang='lat' dir='ltr'><strong>suis,</strong></span> <span class='ocrx_word' id='word_1_690' title='bbox 1649 4597 1704 4644; x_wconf 92' lang='lat' dir='ltr'><strong>et</strong></span> <span class='ocrx_word' id='word_1_691' title='bbox 1747 4589 2017 4647; x_wconf 77' lang='lat' dir='ltr'><strong>Iacobum</strong></span> 
     </span>
    </p>
   </div>
   <div class='ocr_carea' id='block_1_93' title="bbox 2126 4580 3735 4664">
    <p class='ocr_par' dir='ltr' id='par_1_93' title="bbox 2131 4580 3735 4664">
     <span class='ocr_line' id='line_1_93' title="bbox 2131 4580 3735 4664; baseline -0.002 -22"><span class='ocrx_word' id='word_1_692' title='bbox 2131 4583 2251 4652; x_wconf 81' lang='grc' dir='ltr'>τοὺς</span> <span class='ocrx_word' id='word_1_693' title='bbox 2276 4586 2398 4663; x_wconf 78' lang='grc' dir='ltr'>περὶ</span> <span class='ocrx_word' id='word_1_694' title='bbox 2428 4586 2634 4664; x_wconf 89' lang='grc' dir='ltr'>Πέτρον</span> <span class='ocrx_word' id='word_1_695' title='bbox 2666 4582 2952 4663; x_wconf 79' lang='grc' dir='ltr'>προίφερον</span> <span class='ocrx_word' id='word_1_696' title='bbox 3007 4582 3100 4640; x_wconf 77' lang='grc' dir='ltr'><strong>καὶ</strong></span> <span class='ocrx_word' id='word_1_697' title='bbox 3132 4580 3420 4642; x_wconf 74' lang='grc' dir='ltr'>Ἰάκωϐον·</span> <span class='ocrx_word' id='word_1_698' title='bbox 3455 4581 3542 4640; x_wconf 76' lang='grc' dir='ltr'>διὰ</span> <span class='ocrx_word' id='word_1_699' title='bbox 3578 4585 3735 4639; x_wconf 90' lang='grc' dir='ltr'>τοῦτο</span> 
     </span>
    </p>
   </div>
   <div class='ocr_carea' id='block_1_94' title="bbox 423 4678 2024 4752">
    <p class='ocr_par' dir='ltr' id='par_1_94' title="bbox 423 4678 2024 4752">
     <span class='ocr_line' id='line_1_94' title="bbox 423 4678 2024 4752; baseline 0.002 -19"><span class='ocrx_word' id='word_1_700' title='bbox 423 4679 798 4752; x_wconf 81' lang='lat' dir='ltr'><strong>proferebant,</strong></span> <span class='ocrx_word' id='word_1_701' title='bbox 829 4694 954 4734; x_wconf 91' lang='lat' dir='ltr'><strong>eam</strong></span> <span class='ocrx_word' id='word_1_702' title='bbox 992 4679 1064 4734; x_wconf 92' lang='lat' dir='ltr'><strong>ob</strong></span> <span class='ocrx_word' id='word_1_703' title='bbox 1108 4693 1330 4734; x_wconf 88' lang='lat' dir='ltr'><strong>causam</strong></span> <span class='ocrx_word' id='word_1_704' title='bbox 1361 4678 1680 4750; x_wconf 89' lang='lat' dir='ltr'><strong>angelorum</strong></span> <span class='ocrx_word' id='word_1_705' title='bbox 1711 4679 1875 4734; x_wconf 91' lang='lat' dir='ltr'><strong>etiam</strong></span> <span class='ocrx_word' id='word_1_706' title='bbox 1904 4696 2024 4736; x_wconf 92' lang='lat' dir='ltr'><strong>me-</strong></span> 
     </span>
    </p>
   </div>
   <div class='ocr_carea' id='block_1_95' title="bbox 422 4767 2025 4840">
    <p class='ocr_par' dir='ltr' id='par_1_95' title="bbox 422 4767 2025 4840">
     <span class='ocr_line' id='line_1_95' title="bbox 422 4767 2025 4840; baseline 0.001 -17"><span class='ocrx_word' id='word_1_707' title='bbox 422 4769 608 4824; x_wconf 90' lang='lat' dir='ltr'><strong>minit.</strong></span> <span class='ocrx_word' id='word_1_708' title='bbox 641 4768 858 4839; x_wconf 85' lang='lat' dir='ltr'><strong>Adjecit</strong></span> <span class='ocrx_word' id='word_1_709' title='bbox 883 4775 1090 4832; x_wconf 89' lang='lat' dir='ltr'><strong>autem,</strong></span> <span class='ocrx_word' id='word_1_710' title='bbox 1127 4791 1152 4816; x_wconf 76' lang='grc' dir='ltr'>α</span> <span class='ocrx_word' id='word_1_711' title='bbox 1200 4771 1282 4822; x_wconf 91' lang='lat' dir='ltr'><strong>De</strong></span> <span class='ocrx_word' id='word_1_712' title='bbox 1311 4767 1483 4838; x_wconf 75' lang='lat' dir='ltr'><strong>cmlo,</strong></span> <span class='ocrx_word' id='word_1_713' title='bbox 1510 4789 1534 4813; x_wconf 77' lang='grc' dir='ltr'>ι·</span> <span class='ocrx_word' id='word_1_714' title='bbox 1577 4767 2025 4840; x_wconf 88' lang='lat' dir='ltr'><strong>quandoquidem</strong></span> 
     </span>
    </p>
   </div>
   <div class='ocr_carea' id='block_1_96' title="bbox 421 4854 2024 4928">
    <p class='ocr_par' dir='ltr' id='par_1_96' title="bbox 421 4854 2024 4928">
     <span class='ocr_line' id='line_1_96' title="bbox 421 4854 2024 4928; baseline 0 -14"><span class='ocrx_word' id='word_1_715' title='bbox 421 4866 480 4914; x_wconf 89' lang='lat' dir='ltr'><strong>et</strong></span> <span class='ocrx_word' id='word_1_716' title='bbox 501 4857 812 4914; x_wconf 84' lang='lat' dir='ltr'><strong>sacerdotes</strong></span> <span class='ocrx_word' id='word_1_717' title='bbox 839 4856 1022 4928; x_wconf 87' lang='lat' dir='ltr'><strong>angeli</strong></span> <span class='ocrx_word' id='word_1_718' title='bbox 1050 4855 1412 4912; x_wconf 87' lang='lat' dir='ltr'><strong>vocabantur.</strong></span> <span class='ocrx_word' id='word_1_719' title='bbox 1447 4857 1528 4911; x_wconf 88' lang='lat' dir='ltr'><strong>Ne</strong></span> <span class='ocrx_word' id='word_1_720' title='bbox 1567 4854 1731 4927; x_wconf 88' lang='lat' dir='ltr'><strong>igitur</strong></span> <span class='ocrx_word' id='word_1_721' title='bbox 1755 4860 1822 4912; x_wconf 85' lang='lat' dir='ltr'><strong>de</strong></span> <span class='ocrx_word' id='word_1_722' title='bbox 1844 4873 2024 4914; x_wconf 87' lang='lat' dir='ltr'><strong>sacer-</strong></span> 
     </span>
    </p>
   </div>
   <div class='ocr_carea' id='block_1_97' title="bbox 425 4944 2027 5018">
    <p class='ocr_par' dir='ltr' id='par_1_97' title="bbox 425 4944 2027 5018">
     <span class='ocr_line' id='line_1_97' title="bbox 425 4944 2027 5018; baseline 0 -16"><span class='ocrx_word' id='word_1_723' title='bbox 425 4945 648 5003; x_wconf 87' lang='lat' dir='ltr'><strong>dotibus</strong></span> <span class='ocrx_word' id='word_1_724' title='bbox 693 4946 812 5001; x_wconf 62' lang='lat' dir='ltr'><strong>haac</strong></span> <span class='ocrx_word' id='word_1_725' title='bbox 843 4944 952 5000; x_wconf 90' lang='lat' dir='ltr'><strong>dici</strong></span> <span class='ocrx_word' id='word_1_726' title='bbox 998 4955 1194 5018; x_wconf 87' lang='lat' dir='ltr'><strong>putes,</strong></span> <span class='ocrx_word' id='word_1_727' title='bbox 1249 4945 1372 5000; x_wconf 74' lang='lat' dir='ltr'><strong>coeli</strong></span> <span class='ocrx_word' id='word_1_728' title='bbox 1420 4945 1762 5016; x_wconf 90' lang='lat' dir='ltr'><strong>appositione</strong></span> <span class='ocrx_word' id='word_1_729' title='bbox 1801 4962 2027 5018; x_wconf 89' lang='lat' dir='ltr'><strong>superas</strong></span> 
     </span>
    </p>
   </div>
   <div class='ocr_carea' id='block_1_98' title="bbox 425 5033 2026 5108">
    <p class='ocr_par' dir='ltr' id='par_1_98' title="bbox 425 5033 2026 5108">
     <span class='ocr_line' id='line_1_98' title="bbox 425 5033 2026 5108; baseline 0.001 -18"><span class='ocrx_word' id='word_1_730' title='bbox 425 5035 697 5107; x_wconf 89' lang='lat' dir='ltr'><strong>potentias</strong></span> <span class='ocrx_word' id='word_1_731' title='bbox 741 5034 1079 5108; x_wconf 86' lang='lat' dir='ltr'><strong>signiﬁcavit.</strong></span> <span class='ocrx_word' id='word_1_732' title='bbox 1125 5037 1233 5090; x_wconf 89' lang='lat' dir='ltr'><strong>Nec</strong></span> <span class='ocrx_word' id='word_1_733' title='bbox 1275 5033 1434 5101; x_wconf 88' lang='lat' dir='ltr'><strong>dixit,</strong></span> <span class='ocrx_word' id='word_1_734' title='bbox 1463 5035 1514 5089; x_wconf 92' lang='lat' dir='ltr'><strong>Si</strong></span> <span class='ocrx_word' id='word_1_735' title='bbox 1562 5035 1834 5090; x_wconf 89' lang='lat' dir='ltr'><strong>contraria</strong></span> <span class='ocrx_word' id='word_1_736' title='bbox 1885 5051 2026 5107; x_wconf 68' lang='lat' dir='ltr'><strong>prac-</strong></span> 
     </span>
    </p>
   </div>
   <div class='ocr_carea' id='block_1_99' title="bbox 425 5123 2029 5196">
    <p class='ocr_par' dir='ltr' id='par_1_99' title="bbox 425 5123 2029 5196">
     <span class='ocr_line' id='line_1_99' title="bbox 425 5123 2029 5196; baseline 0.001 -16"><span class='ocrx_word' id='word_1_737' title='bbox 425 5124 630 5192; x_wconf 90' lang='lat' dir='ltr'><strong>dicent,</strong></span> <span class='ocrx_word' id='word_1_738' title='bbox 674 5124 804 5192; x_wconf 90' lang='lat' dir='ltr'><strong>Sed,</strong></span> <span class='ocrx_word' id='word_1_739' title='bbox 845 5124 902 5180; x_wconf 91' lang='lat' dir='ltr'><strong>Si</strong></span> <span class='ocrx_word' id='word_1_740' title='bbox 945 5139 1139 5195; x_wconf 87' lang='lat' dir='ltr'><strong>parum</strong></span> <span class='ocrx_word' id='word_1_741' title='bbox 1189 5123 1454 5194; x_wconf 89' lang='lat' dir='ltr'><strong>quiddam</strong></span> <span class='ocrx_word' id='word_1_742' title='bbox 1507 5125 1840 5180; x_wconf 89' lang='lat' dir='ltr'><strong>annuntient</strong></span> <span class='ocrx_word' id='word_1_743' title='bbox 1893 5141 2029 5196; x_wconf 64' lang='lat' dir='ltr'><strong>prm-</strong></span> 
     </span>
    </p>
   </div>
   <div class='ocr_carea' id='block_1_100' title="bbox 425 5210 2027 5285">
    <p class='ocr_par' dir='ltr' id='par_1_100' title="bbox 425 5210 2027 5285">
     <span class='ocr_line' id='line_1_100' title="bbox 425 5210 2027 5285; baseline 0.001 -18"><span class='ocrx_word' id='word_1_744' title='bbox 425 5219 513 5268; x_wconf 91' lang='lat' dir='ltr'><strong>ter</strong></span> <span class='ocrx_word' id='word_1_745' title='bbox 566 5212 620 5269; x_wconf 91' lang='lat' dir='ltr'><strong>id</strong></span> <span class='ocrx_word' id='word_1_746' title='bbox 659 5213 809 5285; x_wconf 90' lang='lat' dir='ltr'><strong>quod</strong></span> <span class='ocrx_word' id='word_1_747' title='bbox 853 5210 1316 5268; x_wconf 89' lang='lat' dir='ltr'><strong>annuntiavimus.</strong></span> <span class='ocrx_word' id='word_1_748' title='bbox 1363 5213 1464 5266; x_wconf 91' lang='lat' dir='ltr'><strong>Per</strong></span> <span class='ocrx_word' id='word_1_749' title='bbox 1512 5211 1618 5267; x_wconf 94' lang='lat' dir='ltr'><strong>hoc</strong></span> <span class='ocrx_word' id='word_1_750' title='bbox 1667 5212 1835 5284; x_wconf 89' lang='lat' dir='ltr'><strong>igitur</strong></span> <span class='ocrx_word' id='word_1_751' title='bbox 1879 5213 2027 5284; x_wconf 88' lang='lat' dir='ltr'><strong>quod</strong></span> 
     </span>
    </p>
   </div>
   <div class='ocr_carea' id='block_1_101' title="bbox 423 5299 2025 5374">
    <p class='ocr_par' dir='ltr' id='par_1_101' title="bbox 423 5299 2025 5374">
     <span class='ocr_line' id='line_1_101' title="bbox 423 5299 2025 5374; baseline 0 -18"><span class='ocrx_word' id='word_1_752' title='bbox 423 5302 648 5372; x_wconf 87' lang='lat' dir='ltr'><strong>angelos</strong></span> <span class='ocrx_word' id='word_1_753' title='bbox 675 5301 1126 5369; x_wconf 87' lang='lat' dir='ltr'><strong>anathematizat,</strong></span> <span class='ocrx_word' id='word_1_754' title='bbox 1159 5316 1386 5357; x_wconf 90' lang='lat' dir='ltr'><strong>omnem</strong></span> <span class='ocrx_word' id='word_1_755' title='bbox 1418 5299 1802 5357; x_wconf 91' lang='lat' dir='ltr'><strong>auctoritatem</strong></span> <span class='ocrx_word' id='word_1_756' title='bbox 1847 5302 2025 5374; x_wconf 84' lang='lat' dir='ltr'><strong>ejicit;</strong></span> 
     </span>
    </p>
   </div>
   <div class='ocr_carea' id='block_1_102' title="bbox 427 5390 2028 5463">
    <p class='ocr_par' dir='ltr' id='par_1_102' title="bbox 427 5390 2028 5463">
     <span class='ocr_line' id='line_1_102' title="bbox 427 5390 2028 5463; baseline 0.002 -19"><span class='ocrx_word' id='word_1_757' title='bbox 427 5391 576 5462; x_wconf 91' lang='lat' dir='ltr'><strong>quod</strong></span> <span class='ocrx_word' id='word_1_758' title='bbox 623 5407 753 5447; x_wconf 90' lang='lat' dir='ltr'><strong>vero</strong></span> <span class='ocrx_word' id='word_1_759' title='bbox 788 5391 1053 5463; x_wconf 90' lang='lat' dir='ltr'><strong>seipsum,</strong></span> <span class='ocrx_word' id='word_1_760' title='bbox 1096 5404 1324 5446; x_wconf 90' lang='lat' dir='ltr'><strong>omnem</strong></span> <span class='ocrx_word' id='word_1_761' title='bbox 1373 5390 1708 5446; x_wconf 89' lang='lat' dir='ltr'><strong>societatem.</strong></span> <span class='ocrx_word' id='word_1_762' title='bbox 1761 5393 1842 5448; x_wconf 86' lang='lat' dir='ltr'><strong>Ne</strong></span> <span class='ocrx_word' id='word_1_763' title='bbox 1879 5392 2028 5447; x_wconf 90' lang='lat' dir='ltr'><strong>enim</strong></span> 
     </span>
    </p>
   </div>
   <div class='ocr_carea' id='block_1_103' title="bbox 427 5479 2031 5553">
    <p class='ocr_par' dir='ltr' id='par_1_103' title="bbox 427 5479 2031 5553">
     <span class='ocr_line' id='line_1_103' title="bbox 427 5479 2031 5553; baseline 0 -17"><span class='ocrx_word' id='word_1_764' title='bbox 427 5480 562 5537; x_wconf 91' lang='lat' dir='ltr'><strong>mihi</strong></span> <span class='ocrx_word' id='word_1_765' title='bbox 590 5479 759 5550; x_wconf 88' lang='lat' dir='ltr'><strong>dicas,</strong></span> <span class='ocrx_word' id='word_1_766' title='bbox 795 5482 873 5537; x_wconf 86' lang='lat' dir='ltr'><strong>En</strong></span> <span class='ocrx_word' id='word_1_767' title='bbox 909 5480 1212 5553; x_wconf 89' lang='lat' dir='ltr'><strong>coapostoli</strong></span> <span class='ocrx_word' id='word_1_768' title='bbox 1246 5480 1328 5536; x_wconf 91' lang='lat' dir='ltr'><strong>tui</strong></span> <span class='ocrx_word' id='word_1_769' title='bbox 1371 5479 1652 5538; x_wconf 88' lang='lat' dir='ltr'><strong>diversum</strong></span> <span class='ocrx_word' id='word_1_770' title='bbox 1680 5480 1983 5553; x_wconf 66' lang='lat' dir='ltr'><strong>praedicant</strong></span> <span class='ocrx_word' id='word_1_771' title='bbox 2014 5501 2031 5550; x_wconf 84' lang='lat'><strong>;</strong></span> 
     </span>
    </p>
   </div>
   <div class='ocr_carea' id='block_1_104' title="bbox 2134 4667 3734 4751">
    <p class='ocr_par' dir='ltr' id='par_1_104' title="bbox 2134 4667 3734 4751">
     <span class='ocr_line' id='line_1_104' title="bbox 2134 4667 3734 4751; baseline -0.003 -19"><span class='ocrx_word' id='word_1_772' title='bbox 2134 4673 2226 4732; x_wconf 75' lang='grc' dir='ltr'>καὶ</span> <span class='ocrx_word' id='word_1_773' title='bbox 2258 4672 2496 4751; x_wconf 81' lang='grc' dir='ltr'>ἀγγέλων</span> <span class='ocrx_word' id='word_1_774' title='bbox 2529 4672 2789 4749; x_wconf 78' lang='grc' dir='ltr'>ἐμνήσθη.</span> <span class='ocrx_word' id='word_1_775' title='bbox 2841 4669 3151 4750; x_wconf 82' lang='grc' dir='ltr'>Προσέθηκε</span> <span class='ocrx_word' id='word_1_776' title='bbox 3200 4671 3257 4728; x_wconf 88' lang='grc' dir='ltr'>δὲ</span> <span class='ocrx_word' id='word_1_777' title='bbox 3287 4671 3348 4729; x_wconf 81' lang='grc' dir='ltr'>τὸ</span> <span class='ocrx_word' id='word_1_778' title='bbox 3373 4715 3390 4747; x_wconf 94' lang='grc'>,</span> <span class='ocrx_word' id='word_1_779' title='bbox 3429 4691 3461 4729; x_wconf 80' lang='grc' dir='ltr'>α</span> <span class='ocrx_word' id='word_1_780' title='bbox 3514 4667 3610 4739; x_wconf 83' lang='grc' dir='ltr'><strong>Ἐξ</strong></span> <span class='ocrx_word' id='word_1_781' title='bbox 3639 4672 3734 4728; x_wconf 83' lang='grc' dir='ltr'><strong>οὖ-</strong></span> 
     </span>
    </p>
   </div>
   <div class='ocr_carea' id='block_1_105' title="bbox 2137 4758 3727 4841">
    <p class='ocr_par' dir='ltr' id='par_1_105' title="bbox 2137 4758 3727 4841">
     <span class='ocr_line' id='line_1_105' title="bbox 2137 4758 3727 4841; baseline -0.002 -19"><span class='ocrx_word' id='word_1_782' title='bbox 2137 4767 2330 4841; x_wconf 85' lang='grc' dir='ltr'>ρανοῦ,</span> <span class='ocrx_word' id='word_1_783' title='bbox 2379 4782 2408 4818; x_wconf 79' lang='lat'><strong>»</strong></span> <span class='ocrx_word' id='word_1_784' title='bbox 2449 4761 2632 4832; x_wconf 82' lang='grc' dir='ltr'>ἐπειδὴ</span> <span class='ocrx_word' id='word_1_785' title='bbox 2699 4759 2790 4819; x_wconf 74' lang='grc' dir='ltr'>καὶ</span> <span class='ocrx_word' id='word_1_786' title='bbox 2838 4762 2886 4818; x_wconf 72' lang='grc' dir='ltr'>οἱ</span> <span class='ocrx_word' id='word_1_787' title='bbox 2935 4760 3090 4839; x_wconf 77' lang='grc' dir='ltr'>ἱερεῖς</span> <span class='ocrx_word' id='word_1_788' title='bbox 3148 4758 3364 4838; x_wconf 82' lang='grc' dir='ltr'>ἄγγελοι</span> <span class='ocrx_word' id='word_1_789' title='bbox 3417 4759 3727 4820; x_wconf 77' lang='grc' dir='ltr'>ἐκαλοῦντο.</span> 
     </span>
    </p>
   </div>
   <div class='ocr_carea' id='block_1_106' title="bbox 2133 4847 3734 4930">
    <p class='ocr_par' dir='ltr' id='par_1_106' title="bbox 2133 4847 3734 4930">
     <span class='ocr_line' id='line_1_106' title="bbox 2133 4847 3734 4930; baseline -0.004 -19"><span class='ocrx_word' id='word_1_790' title='bbox 2133 4850 2252 4911; x_wconf 82' lang='grc' dir='ltr'><strong>Ἵνα</strong></span> <span class='ocrx_word' id='word_1_791' title='bbox 2301 4855 2423 4927; x_wconf 91' lang='grc' dir='ltr'>γοῦν</span> <span class='ocrx_word' id='word_1_792' title='bbox 2457 4848 2533 4928; x_wconf 83' lang='grc' dir='ltr'>μὴ</span> <span class='ocrx_word' id='word_1_793' title='bbox 2590 4850 2714 4930; x_wconf 80' lang='grc' dir='ltr'>περὶ</span> <span class='ocrx_word' id='word_1_794' title='bbox 2773 4847 2956 4928; x_wconf 80' lang='grc' dir='ltr'>ἱερέων</span> <span class='ocrx_word' id='word_1_795' title='bbox 3023 4849 3296 4928; x_wconf 78' lang='grc' dir='ltr'>ὑπολάϐῃς</span> <span class='ocrx_word' id='word_1_796' title='bbox 3345 4847 3616 4926; x_wconf 89' lang='grc' dir='ltr'>λέγεσθαι,</span> 
     </span>
    </p>
   </div>
   <div class='ocr_carea' id='block_1_107' title="bbox 2135 4937 3732 5018">
    <p class='ocr_par' dir='ltr' id='par_1_107' title="bbox 2135 4937 3732 5018">
     <span class='ocr_line' id='line_1_107' title="bbox 2135 4937 3732 5018; baseline -0.002 -18"><span class='ocrx_word' id='word_1_797' title='bbox 2135 4947 2228 5000; x_wconf 90' lang='grc' dir='ltr'>τοῦ</span> <span class='ocrx_word' id='word_1_798' title='bbox 2273 4942 2504 5018; x_wconf 85' lang='grc' dir='ltr'>οὗρανοῦ</span> <span class='ocrx_word' id='word_1_799' title='bbox 2540 4937 2816 5018; x_wconf 86' lang='grc' dir='ltr'>προσθήκῃ</span> <span class='ocrx_word' id='word_1_800' title='bbox 2868 4938 2961 5004; x_wconf 76' lang='grc' dir='ltr'>τὰς</span> <span class='ocrx_word' id='word_1_801' title='bbox 3006 4937 3117 4995; x_wconf 84' lang='grc' dir='ltr'>ἄνω</span> <span class='ocrx_word' id='word_1_802' title='bbox 3173 4937 3422 5014; x_wconf 87' lang='grc' dir='ltr'>δυνάμεις</span> <span class='ocrx_word' id='word_1_803' title='bbox 3472 4939 3732 5008; x_wconf 85' lang='grc' dir='ltr'>ἐδήλωσε.</span> 
     </span>
    </p>
   </div>
   <div class='ocr_carea' id='block_1_108' title="bbox 2139 5017 3734 5106">
    <p class='ocr_par' dir='ltr' id='par_1_108' title="bbox 2139 5017 3734 5106">
     <span class='ocr_line' id='line_1_108' title="bbox 2139 5017 3734 5106; baseline -0.005 -16"><span class='ocrx_word' id='word_1_804' title='bbox 2139 5029 2250 5090; x_wconf 85' lang='grc' dir='ltr'><strong>Καὶ</strong></span> <span class='ocrx_word' id='word_1_805' title='bbox 2308 5017 2400 5087; x_wconf 73' lang='grc' dir='ltr'><strong>οῦκ</strong></span> <span class='ocrx_word' id='word_1_806' title='bbox 2458 5017 2634 5105; x_wconf 72' lang='grc' dir='ltr'>εἶπεν,</span> <span class='ocrx_word' id='word_1_807' title='bbox 2692 5017 2958 5088; x_wconf 13' lang='grc' dir='ltr'><strong>ὅτινἘὰν</strong></span> <span class='ocrx_word' id='word_1_808' title='bbox 3013 5027 3224 5086; x_wconf 76' lang='grc' dir='ltr'>ἐναντία</span> <span class='ocrx_word' id='word_1_809' title='bbox 3268 5027 3734 5106; x_wconf 85' lang='grc' dir='ltr'>καταγγέλλωσιν,</span> 
     </span>
    </p>
   </div>
   <div class='ocr_carea' id='block_1_109' title="bbox 2139 5115 3738 5198">
    <p class='ocr_par' dir='ltr' id='par_1_109' title="bbox 2139 5115 3738 5198">
     <span class='ocr_line' id='line_1_109' title="bbox 2139 5115 3738 5198; baseline -0.002 -23"><span class='ocrx_word' id='word_1_810' title='bbox 2139 5117 2312 5190; x_wconf 81' lang='grc' dir='ltr'>ἀλλὰ,</span> <span class='ocrx_word' id='word_1_811' title='bbox 2352 5115 2468 5176; x_wconf 78' lang='grc' dir='ltr'>Κᾶν</span> <span class='ocrx_word' id='word_1_812' title='bbox 2497 5116 2685 5198; x_wconf 85' lang='grc' dir='ltr'>μικρόν</span> <span class='ocrx_word' id='word_1_813' title='bbox 2715 5140 2767 5175; x_wconf 92' lang='grc' dir='ltr'><strong>τι</strong></span> <span class='ocrx_word' id='word_1_814' title='bbox 2797 5117 3238 5194; x_wconf 81' lang='grc' dir='ltr'>εὖαγγελίζωνται</span> <span class='ocrx_word' id='word_1_815' title='bbox 3257 5163 3273 5193; x_wconf 90' lang='grc'>,</span> <span class='ocrx_word' id='word_1_816' title='bbox 3306 5116 3438 5194; x_wconf 86' lang='grc' dir='ltr'>παρ’</span> <span class='ocrx_word' id='word_1_817' title='bbox 3467 5115 3738 5194; x_wconf 84' lang='grc' dir='ltr'>ὃεῦηγγε-</span> 
     </span>
    </p>
   </div>
   <div class='ocr_carea' id='block_1_110' title="bbox 2136 5198 3738 5284">
    <p class='ocr_par' dir='ltr' id='par_1_110' title="bbox 2136 5198 3738 5284">
     <span class='ocr_line' id='line_1_110' title="bbox 2136 5198 3738 5284; baseline -0.003 -18"><span class='ocrx_word' id='word_1_818' title='bbox 2136 5207 2424 5284; x_wconf 84' lang='grc' dir='ltr'>λισάμεθα.</span> <span class='ocrx_word' id='word_1_819' title='bbox 2459 5207 2564 5266; x_wconf 77' lang='grc' dir='ltr'><strong>Διὰ</strong></span> <span class='ocrx_word' id='word_1_820' title='bbox 2611 5207 2706 5284; x_wconf 82' lang='grc' dir='ltr'><strong>μὲν</strong></span> <span class='ocrx_word' id='word_1_821' title='bbox 2755 5198 2842 5264; x_wconf 70' lang='grc' dir='ltr'><strong>οὖν</strong></span> <span class='ocrx_word' id='word_1_822' title='bbox 2980 5205 3122 5267; x_wconf 81' lang='lat' dir='ltr'><strong>add.</strong></span> <span class='ocrx_word' id='word_1_823' title='bbox 3172 5209 3290 5283; x_wconf 86' lang='grc' dir='ltr'>τοῦ]</span> <span class='ocrx_word' id='word_1_824' title='bbox 3323 5206 3442 5272; x_wconf 84' lang='grc' dir='ltr'>τοὺς</span> <span class='ocrx_word' id='word_1_825' title='bbox 3483 5205 3738 5283; x_wconf 80' lang='grc' dir='ltr'>ἀγγέλους</span> 
     </span>
    </p>
   </div>
   <div class='ocr_carea' id='block_1_111' title="bbox 2137 5293 3736 5372">
    <p class='ocr_par' dir='ltr' id='par_1_111' title="bbox 2137 5293 3736 5372">
     <span class='ocr_line' id='line_1_111' title="bbox 2137 5293 3736 5372; baseline -0.003 -18"><span class='ocrx_word' id='word_1_826' title='bbox 2137 5294 2560 5372; x_wconf 77' lang='grc' dir='ltr'>ἀναθεματίσαι,</span> <span class='ocrx_word' id='word_1_827' title='bbox 2611 5303 2718 5353; x_wconf 83' lang='grc' dir='ltr'>πᾶν</span> <span class='ocrx_word' id='word_1_828' title='bbox 2780 5293 2991 5371; x_wconf 80' lang='grc' dir='ltr'>ἀξίωμα</span> <span class='ocrx_word' id='word_1_829' title='bbox 3057 5293 3342 5354; x_wconf 82' lang='grc' dir='ltr'>ἐκϐάλλει·</span> <span class='ocrx_word' id='word_1_830' title='bbox 3399 5293 3486 5352; x_wconf 75' lang='grc' dir='ltr'><strong>διὰ</strong></span> <span class='ocrx_word' id='word_1_831' title='bbox 3540 5293 3593 5352; x_wconf 81' lang='grc' dir='ltr'>δὲ</span> <span class='ocrx_word' id='word_1_832' title='bbox 3643 5297 3736 5351; x_wconf 91' lang='grc' dir='ltr'>τοῦ</span> 
     </span>
    </p>
   </div>
   <div class='ocr_carea' id='block_1_112' title="bbox 2141 5380 3738 5464">
    <p class='ocr_par' dir='ltr' id='par_1_112' title="bbox 2141 5380 3738 5464">
     <span class='ocr_line' id='line_1_112' title="bbox 2141 5380 3738 5464; baseline -0.004 -20"><span class='ocrx_word' id='word_1_833' title='bbox 2141 5384 2360 5460; x_wconf 78' lang='grc' dir='ltr'>ἑαυτὸν,</span> <span class='ocrx_word' id='word_1_834' title='bbox 2392 5393 2573 5442; x_wconf 83' lang='grc' dir='ltr'>πᾶσαν</span> <span class='ocrx_word' id='word_1_835' title='bbox 2615 5382 2936 5456; x_wconf 83' lang='grc' dir='ltr'>οἰκειότητα.</span> <span class='ocrx_word' id='word_1_836' title='bbox 2989 5383 3083 5457; x_wconf 86' lang='grc' dir='ltr'><strong>Μὴ</strong></span> <span class='ocrx_word' id='word_1_837' title='bbox 3136 5383 3240 5464; x_wconf 88' lang='grc' dir='ltr'><strong>γάρ</strong></span> <span class='ocrx_word' id='word_1_838' title='bbox 3293 5405 3382 5460; x_wconf 84' lang='grc' dir='ltr'><strong>μοι</strong></span> <span class='ocrx_word' id='word_1_839' title='bbox 3437 5381 3623 5462; x_wconf 80' lang='grc' dir='ltr'>εἴπῃς,</span> <span class='ocrx_word' id='word_1_840' title='bbox 3656 5380 3738 5439; x_wconf 78' lang='grc' dir='ltr'>ὅτι</span> 
     </span>
    </p>
   </div>
   <div class='ocr_carea' id='block_1_113' title="bbox 2141 5471 3735 5554">
    <p class='ocr_par' dir='ltr' id='par_1_113' title="bbox 2141 5471 3735 5554">
     <span class='ocr_line' id='line_1_113' title="bbox 2141 5471 3735 5554; baseline -0.005 -19"><span class='ocrx_word' id='word_1_841' title='bbox 2141 5475 2215 5535; x_wconf 76' lang='grc' dir='ltr'><strong>Οἳ</strong></span> <span class='ocrx_word' id='word_1_842' title='bbox 2237 5471 2622 5534; x_wconf 87' lang='grc' dir='ltr'>συναπόστολοί</span> <span class='ocrx_word' id='word_1_843' title='bbox 2665 5495 2759 5532; x_wconf 89' lang='grc' dir='ltr'>σου</span> <span class='ocrx_word' id='word_1_844' title='bbox 2800 5472 3148 5553; x_wconf 83' lang='grc' dir='ltr'>κηρύττουσιν</span> <span class='ocrx_word' id='word_1_845' title='bbox 3185 5471 3370 5554; x_wconf 78' lang='grc' dir='ltr'><strong>ἕτερα⁹</strong></span> <span class='ocrx_word' id='word_1_846' title='bbox 3401 5472 3520 5533; x_wconf 75' lang='grc' dir='ltr'>οὐδὲ</span> <span class='ocrx_word' id='word_1_847' title='bbox 3563 5474 3735 5550; x_wconf 71' lang='grc' dir='ltr'>ἐμαυο</span> 
     </span>
    </p>
   </div>
   <div class='ocr_carea' id='block_1_114' title="bbox 1824 5638 2372 5701">
    <p class='ocr_par' dir='ltr' id='par_1_114' title="bbox 1824 5638 2372 5701">
     <span class='ocr_line' id='line_1_114' title="bbox 1824 5638 2372 5701; baseline 0.005 -3"><span class='ocrx_word' id='word_1_848' title='bbox 1824 5638 2017 5700; x_wconf 67' lang='lat' dir='ltr'><strong>Variae</strong></span> <span class='ocrx_word' id='word_1_849' title='bbox 2067 5639 2372 5701; x_wconf 85' lang='lat' dir='ltr'><strong>lectiones.</strong></span> 
     </span>
    </p>
   </div>
   <div class='ocr_carea' id='block_1_115' title="bbox 501 5745 1562 5820">
    <p class='ocr_par' dir='ltr' id='par_1_115' title="bbox 501 5745 1562 5820">
     <span class='ocr_line' id='line_1_115' title="bbox 501 5745 1562 5820; baseline -0.001 -18"><span class='ocrx_word' id='word_1_850' title='bbox 501 5747 548 5783; x_wconf 74' lang='lat'><strong>‘7</strong></span> <span class='ocrx_word' id='word_1_851' title='bbox 577 5748 690 5820; x_wconf 83' lang='grc' dir='ltr'>παρ’</span> <span class='ocrx_word' id='word_1_852' title='bbox 719 5748 840 5818; x_wconf 76' lang='grc' dir='ltr'>ὅπερ</span> <span class='ocrx_word' id='word_1_853' title='bbox 871 5746 1017 5800; x_wconf 80' lang='grc' dir='ltr'>ἐλάὸ.</span> <span class='ocrx_word' id='word_1_854' title='bbox 1057 5762 1112 5804; x_wconf 94' lang='lat' dir='ltr'><strong>o.</strong></span> <span class='ocrx_word' id='word_1_855' title='bbox 1188 5745 1232 5781; x_wconf 76' lang='lat'>“</span> <span class='ocrx_word' id='word_1_856' title='bbox 1256 5748 1480 5818; x_wconf 81' lang='grc' dir='ltr'>παρέχον</span> <span class='ocrx_word' id='word_1_857' title='bbox 1510 5763 1562 5804; x_wconf 90' lang='lat'><strong>0.</strong></span> 
     </span>
    </p>
   </div>
  </div>
