4134 6430
382 443 482 496 961

1203 439 1555 498 EXPOSITIO
1594 441 1660 496 IN
1701 440 1908 496 EPlST.
1946 440 2038 496 AD
2077 440 2320 496 GALAT.
2359 469 2428 482 —
2465 441 2615 496 CAP.
2656 441 2698 495 1.

3583 443 3689 496 962

379 571 474 623 103
529 565 779 645 φείδομαι
837 564 990 644 ἕτερα
1049 565 1424 645 κηρύσσοντος.
1485 567 1610 647 Οὐχ
1655 567 1725 633 ὠς
1753 589 1978 644 καταγι-

2101 582 2156 620 1e
2183 565 2318 622 mihi
2362 566 2462 639 ipsi
2510 564 2733 638 quidem
2774 579 2936 636 parco
2965 563 3069 619 alia
3115 563 3183 620 ab
3229 562 3314 620 his
3341 564 3686 636 pradicanti.

382 654 604 714 νώσκων
634 654 689 713 δὲ
715 658 820 714 τῶν
875 655 1183 714 ἀποστόλων
1219 655 1390 714 ταῦτά
1438 679 1627 737 φησιν,
1665 655 1806 714 ἀλλὰ
1861 659 1982 736 βου-

381 741 602 818 λόμενος
653 744 963 825 ἀποῤῥάψαι
1008 743 1076 803 τὰ
1122 744 1369 822 στόματα
1431 749 1537 804 τῷν
1585 743 1838 818 πλάνων,
1891 745 1984 802 καὶ

383 831 581 907 δεῖξαι,
629 834 709 915 ὅτι
744 833 954 912 ἀξίωμα
999 834 1056 893 οὐ
1107 835 1423 915 προσίεται,
1454 831 1578 893 ὅταν
1609 839 1637 894 ὃ
1677 833 1830 912 λόγος
1860 833 1985 914 περὶ

383 922 667 1001 δογμάτων
691 913 750 1002 .

473 1039 497 1064 ‹‹
533 1010 634 1078 Ὡς
662 1012 1091 1094 προειρήκαμεν,
1127 1012 1218 1071 καὶ
1240 1013 1358 1093 ἄρτι
1390 1013 1552 1072 πάλιν
1580 1013 1720 1094 λέγω
1753 1038 1764 1052 ·
1799 1014 1870 1074 Εἴ
1908 1038 1987 1081 τις

383 1103 524 1180 ὑμᾶς
586 1102 976 1180 εὐαγγελίζεται
1033 1104 1164 1184 παρ’
1215 1101 1243 1160 ὃ
1305 1102 1680 1184 παρελάϐετε,
1745 1105 1987 1179 ἀνάθεμα

382 1190 546 1250 ἔστω.
588 1219 611 1242 υ
666 1188 786 1253 Ἵνα
819 1191 894 1270 μὴ
941 1191 1229 1268 νομίσωσιν
1283 1191 1390 1250 ἀπὸ
1449 1197 1659 1271 θυμοῦ,
1707 1192 1798 1251 καὶ
1846 1193 1989 1252 κατὰ

385 1280 731 1362 συναρπαγὴν
770 1287 940 1341 ταῦτα
988 1283 1154 1341 εἰπεῖν
1193 1281 1387 1356 αὐτὸν,
1442 1281 1683 1358 δεύτερον
1733 1282 1868 1341 αὐτὰ
1910 1281 1988 1341 τί·

383 1375 509 1443 θησι
528 1415 546 1444 ,
579 1369 780 1439 δεικνὺς
811 1368 892 1429 ὅτι
928 1371 1023 1429 οὐκ
1049 1369 1314 1450 ἀκρίτως,
1347 1370 1482 1431 ἀλλὰ
1511 1370 1738 1450 βεϐαίως
1759 1370 1847 1431 καὶ
1877 1395 1989 1430 πα-

383 1460 510 1538 γίως
557 1459 800 1542 κυρώσας
848 1464 1021 1519 ταῦτα
1076 1461 1206 1541 παρ’
1240 1462 1415 1542 ἑαυτῷ
1444 1459 1531 1535 ⁴⁹,
1573 1459 1738 1528 οὕτως
1782 1460 1989 1542 ἀπεφή-

384 1572 532 1612 νατο.

475 1670 498 1692 ..
547 1636 700 1718 Ἄρτι
745 1638 849 1720 γὰρ
897 1639 1202 1720 ἀνθρώπους
1255 1638 1451 1716 πείθω,
1503 1637 1538 1714 ἢ
1592 1640 1680 1700 τὸν
1731 1641 1906 1716 Θεόν;
1953 1638 1989 1712 ἢ

386 1732 528 1800 ζητῶ
550 1727 842 1810 ἀνθρώποις
895 1727 1178 1810 ἀρέσκειν;
1231 1753 1263 1786 to
1296 1728 1506 1790 Μέλλει
1549 1729 1988 1810 ἀπολογήσασθαι

385 1821 507 1897 περὶ
549 1808 621 1876 ὧν
656 1808 978 1895 ἐγκαλεῖται.
1019 1815 1142 1879 Ἵνα
1175 1818 1349 1877 τοίνυν
1375 1819 1450 1896 μὴ
1494 1808 1987 1899 ἐπαρθῷσινζαύτοὶ

2089 657 2214 712 Non
2253 665 2438 712 autem
2467 654 2616 726 quod
2639 653 2918 725 apostolos
2949 651 3311 721 condemnet,
3351 653 3469 710 hazc
3509 655 3686 726 loqui-

2095 755 2215 814 tur;
2260 743 2359 801 sed
2409 745 2597 801 volens
2645 743 2929 800 obstruere
2973 758 3070 798 ora
3097 741 3486 812 seductorum,
3527 753 3690 816 atque

2092 843 2400 891 monstrare
2443 834 2591 906 quod
2627 833 3015 889 auctoritatem
3042 848 3157 889 non
3199 829 3443 888 admittit
3470 832 3690 904 quando

2092 924 2162 982 de
2187 924 2536 995 dogmatibus
2565 923 2625 978 ﬁt
2653 938 2857 980 sermo.

2166 1016 2353 1070 Vnns.
2404 1020 2459 1069 9.
2512 1035 2536 1061 σι
2569 1013 2719 1069 Sicut
2761 1011 3152 1085 praediximus,
3201 1020 3258 1068 et
3301 1027 3447 1068 nunc
3492 1011 3694 1068 iterum

2095 1101 2223 1159 dico
2270 1123 2282 1158 :
2315 1103 2370 1158 Si
2405 1103 2528 1174 quis
2560 1102 2713 1158 vobis
2740 1101 3198 1174 evangelizaverit
3230 1111 3430 1173 praeter
3463 1100 3517 1158 id
3547 1101 3697 1174 quod

2096 1192 2408 1264 accepistis,
2448 1192 2743 1248 anathema
2790 1192 2878 1249 sit.
2915 1216 2940 1241 υ
2974 1194 3054 1248 Ne
3083 1191 3420 1248 arbitrentur
3468 1207 3597 1248 eum
3627 1190 3696 1247 ab

2096 1281 2201 1349 ira,
2231 1291 2326 1338 aut
2353 1283 2540 1338 animo
2568 1289 2888 1352 correptum
2915 1281 3032 1337 haec
3061 1280 3260 1350 dicere,
3287 1296 3477 1337 rursus
3500 1280 3696 1336 eadem

2099 1373 2274 1442 ponit,
2313 1371 2562 1428 indicans
2584 1369 2735 1443 quod
2764 1386 2877 1426 non
2901 1371 3036 1425 citra
3054 1369 3345 1442 judicium,
3390 1369 3483 1425 sed
3513 1368 3692 1424 ﬁrmi-

2096 1467 2181 1517 ter
2199 1468 2255 1517 et
2277 1461 2454 1518 solide
2483 1459 2631 1534 apud
2663 1475 2721 1517 se
2750 1461 2853 1517 ista
2882 1469 3154 1530 statuens,
3199 1459 3274 1516 ita
3303 1459 3518 1517 dixerit.

2169 1640 2340 1697 Vnns.
2399 1644 2480 1695 10.
2529 1635 2558 1688 σι’
2600 1639 2771 1695 Modo
2809 1638 2960 1695 enim
3000 1636 3314 1695 hominibus
3360 1635 3596 1704 suadeo,
3630 1654 3702 1694 an

2092 1730 2251 1785 Deo?
2281 1737 2376 1784 aut
2402 1743 2590 1799 quaero
2638 1727 2956 1784 hominibus
3003 1728 3260 1799 placere?
3296 1750 3320 1774 υ
3357 1724 3702 1783 Defensurus

2094 1825 2175 1873 est
2202 1833 2266 1873 ea
2301 1834 2543 1890 quorum
2571 1833 2732 1874 causa
2763 1826 3066 1874 accusatur.
3105 1820 3188 1873 Ne
3213 1815 3386 1886 igitur
3427 1814 3531 1887 ipsi
3560 1813 3702 1871 effe-

385 1913 457 1974 ὣς
501 1911 576 1987 τῷ
610 1909 917 1990 διδασκάλῳ
972 1909 1307 1979 δικάζοντες,
1360 1907 1531 1990 φησί’
1586 1909 1679 1980 Μὴ
1747 1908 1985 1987 νομίζετε

2102 1915 2316 1975 rantur,
2355 1907 2520 1963 veluti
2565 1906 2889 1978 praeceptori
2921 1906 3013 1978 jus
3046 1905 3290 1962 dicentes
3323 1924 3336 1956 :
3375 1906 3459 1960 Ne
3487 1903 3700 1976 cogite-

385 1995 466 2055 ὅτι
518 1999 642 2074 ὑμῖν
691 1996 1164 2076 ἀπολογοῦμαι,ἢ
1212 2001 1349 2074 ὑμᾶς
1397 2001 1540 2070 ζητῶ
1587 2002 1800 2073 πεῖσαι,
1843 1996 1984 2056 ἀλλὰ

385 2084 516 2161 πρὸς
558 2085 648 2146 τὸν
691 2085 830 2146 Θεόν
872 2090 1020 2164 μοιὸ
1057 2096 1161 2153 πᾶς
1193 2085 1366 2166 λόγος.
1425 2085 1592 2148 ςὈθεν
1640 2089 1754 2148 οὐδὲ
1814 2095 1984 2148 ταῦτα

386 2175 728 2257 γράφω,ῌτῆς
769 2179 900 2257 παρ’
935 2179 1060 2257 ὑμῖν
1108 2175 1376 2257 ἐφιέμενος
1414 2175 1598 2252 δόξης,
1632 2177 1723 2236 καὶ
1752 2175 1838 2236 ἵνα
1869 2201 1979 2257 μοι·

386 2255 550 2326 θητὰς
599 2255 778 2336 ἔχοιμι
809 2303 826 2334 ,
856 2255 1020 2314 ἀλλὰ
1065 2255 1155 2336 τῷ.
1199 2259 1322 2332 Θεῷ
1378 2257 1801 2334 ἀπολογούμενος
1851 2256 1983 2336 ὑπὲρ

388 2347 494 2403 τῷν
533 2345 848 2424 δογμάτων,
888 2346 981 2405 καὶ
1035 2347 1129 2404 οὐκ
1167 2348 1460 2423 ἀνθρώποις
1511 2347 1753 2427 ἀρέσκειν
1794 2347 1980 2408 θέλων.

389 2431 466 2493 Ἢ
519 2435 606 2493 καὶ
664 2433 861 2503 οὕτως’
909 2435 1138 2506 Ἐπειδὴ
1189 2435 1466 2494 διέϐαλλον
1510 2435 1692 2509 αὐτὸν,
1730 2440 1799 2504 ὣς
1845 2435 1985 2496 ἄλλα

390 2526 521 2601 παρ’
573 2523 755 2590 ἄλλοις
791 2523 1150 2603 κηρύττοντά,
1192 2524 1282 2583 καὶ
1334 2525 1463 2604 πρὸς
1511 2523 1628 2592 τοὺς
1682 2523 1987 2605 ἀνθρώπους

392 2611 902 2691 μεταϐαλλόμενον,
980 2613 1171 2694 φησὶν,
1249 2611 1330 2672 ὅτι
1396 2612 1720 2693 Ἀνθρώπους
1789 2613 1987 2673 πείθειν

393 2701 705 2772 σπουδάζω,
742 2702 836 2761 καὶ
875 2701 1077 2770 τούτοις
1109 2700 1382 2782 ἀρέσκειν,
1417 2701 1453 2773 ἢ
1478 2707 1552 2784 τῷ
1581 2705 1742 2783 Θεῷ;
1791 2705 1859 2764 Εἰ
1884 2705 1987 2784 γὰρ

390 2789 684 2871 ἀνθρώποις
737 2791 978 2872 ἀρέσκειν
1027 2792 1244 2868 ἤθελον,
1305 2791 1530 2862 ’πάντως
1588 2793 1652 2852 ἂν
1710 2793 1917 2852 ἐποίουν
1961 2792 1989 2851 ὃ

389 2879 568 2956 λέγετε
581 2926 592 2941 .

471 2997 495 3023 α
535 2973 602 3031 Εἰ
640 2968 739 3051 γὰρ
773 2969 851 3030 ἔτι
891 2971 1182 3050 ἀνθρώποις
1215 2972 1476 3048 ἤρεσκον,
1527 2973 1765 3053 Χριστοῦ
1807 2974 1990 3040 δοῦλος

390 3061 486 3118 οὐκ
533 3058 598 3118 ἂν
650 3059 821 3138 ἤμην.
869 3081 899 3119 ›)
965 3061 1369 3130 Κατασκευάζει
1416 3061 1498 3123 ὅτι
1543 3063 1635 3121 οὐκ
1695 3061 1992 3140 ἀνθρώποις

395 3148 638 3229 ἀρέσκειν
674 3150 992 3219 σπουδάζει·
1051 3150 1284 3219 καὶπῶς
1317 3148 1382 3210 ἂν
1423 3151 1458 3221 ἢ
1515 3150 1702 3219 αὐτοὺς
1732 3149 1988 3211 κολακεύ·-

394 3261 564 3312 σειεν,
594 3237 630 3310 ἢ
669 3239 805 3299 ἀλλα
848 3243 976 3320 παρ’
1010 3239 1189 3308 ἄλλοις
1246 3239 1546 3322 κηρύξειεν,
1593 3243 1662 3302 Εἰ
1703 3241 1807 3323 γὰρ
1839 3246 1991 3301 τοῦτο

395 3329 749 3403 ἐσπούδαζον,
795 3333 890 3389 οὐκ
943 3327 1004 3387 ἂν
1052 3327 1289 3403 ἀπέστην
1336 3334 1441 3389 τῶν
1490 3329 1836 3405 Ἰουδαϊκῶν,
1898 3329 1990 3389 καὶ

393 3419 691 3497 προσῆλθον
748 3422 824 3498 τῷ
873 3420 1094 3499 Χριστῷ
1120 3441 1134 3456 ο
1166 3421 1260 3478 οὐκ
1315 3419 1378 3478 ἂν
1432 3419 1804 3500 κατεφρόνησα
1863 3443 1994 3498 συγ-

395 3509 586 3585 γενῶν,
645 3506 845 3586 φίλων,
887 3507 1037 3579 δόξης
1095 3508 1399 3586 τοσαύτης,
1440 3507 1533 3567 καὶ
1585 3506 1804 3587 εἱλόμην
1836 3510 1996 3588 διωγ-

399 3594 557 3672 μοὺς,
583 3596 676 3654 καὶ
704 3596 1008 3671 κινδύνους,
1035 3595 1126 3656 καὶ
1157 3597 1399 3674 ἀτιμίας.

487 3707 517 3744 (ι
549 3686 796 3766 Γνωρίζω
846 3685 900 3745 δὲ
940 3686 1097 3761 ὓμῐν’,
1150 3687 1365 3768 ἀδελφοὶ
1391 3732 1409 3765 ,
1465 3687 1525 3746 τὸ
1576 3685 1903 3766 Εὐαγγέλιον
1937 3684 1996 3745 τὸ

399 3774 764 3856 εὐαγγελισθὲν
819 3775 909 3835 ὑπ’
959 3779 1122 3853 ἐμοῦ,
1171 3775 1252 3836 ὅτι
1320 3777 1416 3836 οὐκ
1471 3775 1583 3836 ἔστι
1626 3775 1745 3836 κατ’
1794 3776 1996 3856 ἄνθρω-

398 3887 517 3925 πον.
576 3893 602 3919 ao
659 3866 862 3926 Μέλλει
907 3866 1070 3936 δεῖξαι
1129 3869 1332 3940 αὐτοῖς,
1368 3866 1449 3926 ὅτι
1478 3866 1532 3905 ⁵⁰
1580 3867 1811 3944 μετέστη
1879 3865 2000 3925 κατ’

399 3955 650 4027 ἀλήθειαν
703 3954 810 4013 ἀπὸ
852 3963 944 4016 103
991 3955 1185 4033 νόμου,
1241 3957 1331 4014 καὶ
1381 3955 1468 4015 διὰ
1510 3960 1665 4015 τοῦτο
1729 3955 1999 4032 μέμνηται

399 4047 492 4102 103
513 4046 768 4125 προτέρου
800 4043 949 4124 βίου,
981 4044 1074 4104 καὶ
1121 4050 1217 4119 τῆς
1276 4046 1465 4126 ἀθρόας
1497 4045 1798 4124 μεταϐολῆς
1825 4068 1839 4082 ο
1891 4046 1998 4103 δει-

399 4131 558 4210 κνὺς,
590 4133 669 4192 ὅτι
698 4135 817 4194 Οὐκ
843 4133 907 4192 ἂν
946 4134 1176 4213 μετέστη
1203 4134 1250 4174 ⁵⁸
1287 4135 1504 4216 ἀθρόον,
1536 4139 1582 4195 εἰ
1614 4135 1689 4212 μὴ
1734 4134 1998 4214 θειοτέραν

399 4223 520 4283 τινὰ
543 4223 908 4304 πληροφορίαν
953 4224 1079 4305 ἔσχε
1106 4225 1182 4286 ⁵².
1212 4225 1307 4286 Διὸ
1339 4225 1430 4284 καί
1458 4247 1618 4307 φησιν
1640 4270 1656 4299 ,
1686 4223 1766 4284 ὅτι
1808 4247 1838 4283 (ι
1883 4226 2002 4285 Οὐκ

400 4312 516 4371 ἔστι
545 4313 664 4372 κατ’
697 4313 972 4393 ἄνθρωπον
998 4315 1059 4374 τὸ
1090 4315 1416 4394 Εὐαγγέλιόν
1463 4339 1566 4393 μου
1592 4338 1606 4352 °
1634 4337 1662 4372 ›)
1705 4314 1997 4387 τουτέστιν,

403 4403 522 4463 Οὐκ
574 4403 847 4484 ἄνθρωπον
898 4403 1056 4484 ἔσχον
1112 4405 1430 4465 διδάσκαλον
1451 4451 1468 4480 ,
1520 4406 1642 4464 ἀλλ’
1700 4406 1860 4465 αὐτοῦ
1908 4410 2002 4463 τοῦ

402 4491 639 4573 Χριστοῦ
657 4493 850 4572 γέγονα
888 4492 1156 4570 μαθητής.

493 4584 630 4642 (ιοὐ
677 4583 781 4662 γὰρ
812 4581 918 4663 ἐγὼ
969 4584 1102 4664 παρ’
1147 4581 1426 4662 ἀνθρώπου
1473 4582 1780 4662 παρέλαϐον
1832 4582 1998 4656 αὐτὸ,

404 4669 546 4730 ἀλλὰ
570 4670 659 4731 διὰ
690 4647 1085 4754 ἀποκάλύψειιίς
1109 4647 1290 4746 Ἰησόῦ
1342 4647 1596 4753 Χριστού.
1631 4695 1661 4731 ›)
1697 4675 1870 4733 Τοῦτο
1899 4647 2003 4754 γὰρ
2031 4647 2081 4709 D

402 4761 582 4838 ἔλεγον
605 4762 651 4820 οἱ
677 4761 1052 4830 διαϐάλλοντες
1073 4807 1090 4839 ,
1124 4763 1210 4823 ὅτι
1238 4763 1340 4842 οὐχ
1363 4760 1546 4842 ὥσπερ
1589 4763 1637 4821 οἷ
1681 4761 1968 4822 ἀπόστολοι
1988 4807 2004 4837 ,

403 4848 660 4921 αὐτήκοος
701 4851 909 4930 ἐγένετο
931 4856 1024 4910 103
1054 4854 1290 4931 Χριστοῦ
1309 4897 1327 4930 ,
1359 4851 1498 4910 ἀλλὰ
1526 4850 1674 4930 παρὰ
1714 4851 2005 4931 ἀνθρώπων

401 4939 674 5020 παρέλαϐε
703 4941 902 5000 πάντα.
936 4942 1118 5016 Φησὶν
1149 4931 1272 5016 οὐν,
1317 4941 1399 5002 ὅτι
1429 4942 1598 5008 Αὐτὸς
1623 4943 1820 5008 ἐκεῖνος
1867 4944 2002 4999 ἀπε-

403 5027 613 5110 κάλυψέ
642 5053 732 5108 μοι
781 5030 842 5089 τὸ
889 5031 1246 5112 Εὐαγγέλιον,
1278 5033 1306 5090 ὁ
1336 5029 1429 5090 καὶ
1461 5031 1580 5098 τοὺς
1632 5031 1753 5111 περὶ
1797 5029 2004 5115 Πέτρον

406 5121 767 5196 μαθητεύσας.

492 5231 524 5266 α
554 5208 858 5270 Ἠκούσατε
893 5211 996 5291 γὰρ
1041 5211 1138 5283 τὴν
1189 5210 1322 5290 ἐμὴν
1376 5209 1719 5292 ἀναστροφήν
1768 5233 1898 5269 ποτε
1951 5210 2005 5268 ἐν

404 5297 482 5378 τῷ
519 5295 867 5380 Ἰουδαϊσμῷ.
918 5325 950 5358 π
993 5300 1166 5362 Πόθεν
1201 5302 1359 5374 δῆλον
1406 5301 1486 5361 ὅτι
1523 5302 1588 5360 δι’
1621 5299 2004 5381 ἀποκαλύψεως

408 5388 549 5456 θείας
605 5387 916 5469 παρέλαϐον
959 5390 1020 5450 τὸ
1070 5390 1426 5470 Εὐαγγέλιον;
1473 5388 1576 5451 Ἐκ
1610 5394 1705 5463 τῆς
1747 5391 2005 5472 προτέρας

407 5499 508 5554 μου
538 5480 891 5561 ἀναστροφῆς.
956 5479 1021 5543 Ὁ
1067 5481 1173 5562 γὰρ
1215 5487 1442 5551 τοιοῦτος
1492 5479 1719 5554 διώκτης
1782 5484 1894 5548 πῶς
1943 5479 2004 5538 ἂν

2070 2085 2244 2166 ⁸νοιήε
2293 2102 2546 2158 quaeram
2604 2085 2938 2158 persuadere
2990 2102 3005 2140 :

2092 1996 2196 2065 tis,
2225 1996 2422 2068 inquit,
2460 1995 2612 2068 quod
2636 1995 2785 2069 apud
2817 2011 2914 2052 vos
2939 1993 3320 2052 defensionem
3354 2009 3573 2064 parem,
3605 2001 3704 2050 aut

3066 2084 3164 2142 sed
3216 2089 3288 2140 ad
3335 2085 3521 2140 Deum
3577 2099 3702 2138 om-

2095 2175 2180 2231 nis
2222 2176 2402 2232 oratio
2444 2192 2567 2231 mea
2607 2175 2886 2248 dirigitur.
2937 2172 3105 2233 Unde
3140 2189 3322 2246 neque
3361 2173 3482 2230 haec
3523 2172 3703 2229 scribo

2093 2279 2194 2321 ceu
2221 2281 2253 2320 a
2275 2265 2429 2322 vobis
2460 2273 2719 2336 expetens
2747 2265 3005 2338 gloriam,
3036 2265 3207 2336 329
3235 2273 3290 2320 et
3319 2271 3381 2319 ut
3404 2262 3706 2334 discipulos

2095 2353 2349 2421 habeam,
2374 2353 2470 2410 sed
2488 2358 2609 2410 Deo
2626 2354 2903 2410 rationem
2931 2353 3169 2410 reddens
3194 2369 3294 2425 pro
3323 2351 3704 2425 dogmatibus,

2091 2452 2147 2499 et
2172 2460 2287 2499 non
2311 2451 2375 2499 ut
2403 2443 2725 2500 hominibus
2750 2443 3014 2515 placeam.
3042 2444 3138 2500 Vel
3171 2443 3251 2498 sic
3280 2461 3293 2498 :
3327 2443 3467 2511 Quia
3493 2441 3680 2497 calum

2093 2532 2388 2589 niabantur
2433 2548 2592 2602 eum,
2639 2549 2743 2588 ceu
2776 2532 2881 2588 alia
2929 2531 3080 2604 quod
3113 2531 3249 2587 alios
3278 2531 3700 2602 praedicantem,

2093 2621 2299 2694 quique
2331 2638 2430 2694 pro
2468 2621 2758 2678 hominum
2799 2621 3118 2678 conditione
3157 2636 3277 2676 sese
3321 2625 3700 2691 permutaret,

2095 2712 2190 2782 ait,
2233 2714 2386 2767 Num
2425 2711 2747 2767 hominibus
2782 2710 3010 2767 suadere
3051 2709 3268 2777 studeo,
3314 2709 3528 2781 illisque
3583 2711 3698 2780 pla-

2095 2817 2234 2873 cere,
2279 2818 2351 2858 an
2404 2804 2560 2856 Deo?
2602 2804 2745 2857 Nam
2787 2801 2833 2856 si
2881 2801 3201 2857 hominibus
3237 2800 3451 2872 placere
3479 2799 3700 2867 vellem,

2101 2889 2342 2948 facerem
2371 2890 2602 2946 omnino
2632 2889 2781 2963 quod
2810 2889 3016 2946 dicitis.

2174 3004 2201 3030 «
2251 2980 2306 3038 Si
2355 2980 2500 3035 enim
2556 2979 2736 3036 adhuc
2780 2979 3100 3036 hominibus
3147 2978 3450 3050 placerem,
3498 2978 3705 3035 Christi

2100 3086 2287 3127 servus
2315 3086 2426 3126 non
2455 3085 2654 3126 essem.
2709 3093 2733 3118 η
2791 3069 3101 3126 Conﬁrmat
3148 3068 3299 3142 quod
3348 3085 3463 3124 non
3491 3067 3707 3124 studeat

2101 3159 2420 3216 hominibus
2444 3158 2678 3231 placere.
2704 3161 2774 3214 Et
2793 3175 2897 3231 qua
2919 3159 3143 3215 tandem
3172 3158 3384 3214 ratione
3410 3157 3544 3228 ipsis
3563 3155 3705 3212 adu-

2101 3249 2332 3318 laretur,
2372 3257 2428 3305 et
2472 3248 2577 3305 alia
2624 3245 2774 3320 apud
2824 3249 2959 3304 alios
3003 3247 3364 3319 praedicaret?
3416 3247 3472 3302 Si
3523 3245 3706 3312 enim,

2101 3338 2309 3411 inquit,
2336 3336 2443 3393 hoc
2470 3336 2718 3394 studium
2746 3353 2936 3392 meum
2953 3335 3166 3402 fuisset,
3195 3353 3305 3393 non
3327 3334 3648 3392 deiecissem
3673 3351 3708 3390 a

2101 3427 2301 3483 ritibus
2341 3425 2608 3494 Judaicis,
2653 3434 2709 3481 et
2747 3426 3101 3482 accessissem
3132 3426 3373 3492 Christo,
3423 3441 3524 3480 nec
3570 3440 3704 3480 con-

2101 3515 2325 3587 temptis
2349 3515 2538 3571 amicis
2567 3523 2728 3586 atque
2757 3514 3026 3587 cognatis,
3060 3523 3322 3586 tantaque
3351 3513 3523 3586 gloria
3542 3555 3558 3582 ,
3588 3527 3708 3586 per-

2104 3603 2434 3672 secutiones,
2463 3603 2708 3676 pericula
2739 3612 2794 3658 et
2820 3602 3219 3660 contumeliam
3245 3603 3555 3674 elegissent.

2176 3697 2350 3751 Vens.
2400 3699 2487 3749 11.
2533 3717 2557 3743 ι
2594 3696 2802 3750 Notum
2839 3702 3025 3750 autem
3068 3691 3221 3748 vobis
3266 3689 3442 3760 facio,
3481 3690 3700 3758 fratres,

2105 3784 2465 3857 Evangelium
2494 3783 2644 3857 quod
2689 3782 3046 3855 praedicatum
3085 3791 3171 3838 est
3199 3799 3231 3837 a
3262 3797 3371 3850 me,
3412 3781 3562 3852 quod
3594 3797 3708 3836 non

2105 3883 2188 3932 est
2226 3872 2530 3930 secundum
2572 3872 2877 3929 hominem.
2909 3891 2940 3926 »
2971 3875 3472 3928 Demonstraturus
3504 3878 3592 3926 est
3626 3869 3705 3927 eis

2105 3963 2253 4036 quod
2281 3979 2407 4020 vere
2445 3979 2479 4019 a
2515 3963 2633 4034 lege
2679 3961 2978 4030 destiterit;
3026 3961 3256 4034 ideoque
3298 3959 3543 4033 pristinae
3586 3959 3710 4016 vitae

2106 4052 2378 4122 meminit,
2426 4060 2481 4108 et
2513 4052 2813 4124 repentina:
2841 4051 3164 4108 mutationis
3205 4066 3322 4108 suae
3367 4070 3379 4106 :
3410 4049 3712 4106 ostendens

2108 4141 2256 4215 quod
2292 4157 2403 4198 non
2443 4141 2580 4199 adeo
2623 4148 2849 4214 repente
2897 4158 2931 4197 a
2970 4140 3258 4198 Judaismo
3297 4139 3618 4208 defecisset,
3649 4138 3710 4194 ni

2109 4231 2440 4288 diviniorem
2486 4231 2728 4303 aliquam
2771 4230 3155 4288 certitudinem
3204 4229 3504 4288 habuisset.
3563 4229 3712 4285 Hinc

2110 4322 2284 4379 etiam
2327 4321 2528 4393 inquit,
2575 4343 2602 4369 α
2631 4319 2996 4392 Evangelium
3026 4336 3216 4378 meum
3247 4337 3364 4377 non
3405 4328 3488 4377 est
3514 4335 3714 4376 secun-

2109 4411 2247 4470 dum
2294 4410 2606 4478 hominem,
2664 4434 2689 4460 ν
2744 4409 2850 4466 hoc
2894 4419 2998 4479 est,
3049 4426 3162 4467 non
3205 4410 3497 4467 hominem
3544 4408 3715 4466 habui

2111 4509 2528 4574 praeceptorem,
2560 4498 2660 4556 sed
2685 4497 2856 4572 ipsius
2885 4499 3091 4556 Christi
3121 4498 3194 4554 fui
3219 4498 3540 4570 discipulus.

2185 4593 2366 4648 VEns.
2420 4595 2506 4647 12.
2552 4613 2578 4638 α
2630 4591 2749 4645 Non
2792 4588 2939 4645 enim
2985 4603 3086 4662 ego
3133 4587 3202 4644 ab
3249 4587 3481 4644 homine
3521 4587 3712 4660 accepi

2114 4678 2284 4748 illud,
2331 4678 2428 4736 sed
2474 4694 2572 4752 per
2617 4677 3012 4735 revelationem
3056 4678 3187 4734 Jesu
3237 4675 3462 4733 Christi.
3517 4699 3543 4725 ιν
3594 4679 3717 4733 Hoc

2113 4770 2264 4826 enim
2293 4767 2631 4841 objiciebant
2659 4768 3116 4836 calumniatores,
3143 4765 3291 4839 quod
3321 4782 3468 4837 non,
3493 4772 3555 4822 ut
3585 4781 3716 4838 apo-

2114 4858 2241 4915 stoli
2294 4857 2523 4930 reliqui,
2590 4858 2705 4931 ipse
2771 4855 3075 4914 audivisset
3140 4856 3449 4923 Christum,
3500 4853 3595 4911 sed
3646 4854 3715 4911 ab

2114 4947 2434 5004 hominibus
2471 4947 2773 5020 accepisset
2817 4946 3023 5004 omnia.
3071 4945 3166 5002 Ait
3201 4945 3370 5016 igitur
3409 4965 3421 5000 :
3466 4944 3561 5000 Ille
3600 4943 3718 5015 ipse

2114 5036 2373 5095 revelavit
2400 5036 2536 5094 mihi
2575 5036 2954 5109 Evangelium,
3001 5035 3092 5108 qui
3130 5035 3277 5093 Patri
3301 5034 3521 5093 sodales
3557 5031 3717 5089 insti-

2115 5129 2238 5185 tuit.

2185 5221 2357 5276 Vnus.
2394 5224 2483 5275 13.
2531 5241 2558 5268 α
2597 5215 2900 5276 Audivistis
2937 5215 3090 5274 enim
3129 5231 3312 5273 meam
3349 5213 3720 5274 conversatio-

2114 5323 2245 5366 nem
2289 5307 2589 5380 aliquando
2637 5309 2696 5364 in
2722 5306 3033 5365 Judaismo.
3094 5331 3121 5357 υ
3152 5305 3318 5364 Unde
3365 5309 3594 5379 planum
3637 5313 3723 5363 est

2112 5397 2263 5472 quod
2304 5414 2398 5471 per
2432 5398 2684 5456 divinam
2722 5397 3107 5455 revelationem
3135 5397 3439 5470 acceperim
3465 5399 3717 5467 Evange-

2114 5488 2288 5546 lium?
2331 5491 2411 5544 Ex
2462 5489 2664 5562 priori,
2700 5487 2912 5562 inquit,
2942 5486 3356 5546 conversatione
3393 5501 3537 5544 mea.
3573 5486 3721 5543 Cum

1799 5623 1990 5685 Variae
2032 5624 2333 5686 lectiones.

477 5756 523 5794 ‘°
548 5757 661 5830 περὶ
682 5755 861 5813 ἑαυτοῦ
889 5775 943 5818 0.
1019 5757 1066 5795 ⁵⁰
1091 5757 1136 5814 εἰ
1159 5775 1210 5818 0.
1285 5758 1325 5796 ⁵⁸
1361 5760 1599 5834 μετέστην
1628 5775 1679 5817 ο.
1761 5761 1803 5796 ⁵³
1834 5757 1988 5831 ἔσχον
2028 5776 2081 5818 ο.
