4134 6416
441 391 547 444 963

1461 387 1976 443 THEOPl-IYLACTI
2017 387 2374 443 BULGARIAS
2410 388 2725 445 ARCHIEP.

3644 389 3750 445 964

439 512 586 569 enim
630 511 756 568 talis
801 519 1101 583 tantusque
1147 525 1329 568 essem
1357 520 1692 584 persecutor,
1724 511 2034 584 quomodo,

2153 511 2354 592 ἀθρόως
2383 513 2753 589 μετεϐλήθην,
2806 516 2851 572 εἰ
2895 513 2969 592 μὴ
3002 514 3119 573 θεία
3161 538 3238 584 τις
3271 515 3608 596 ἀποκάλυψις
3638 513 3750 572 εἵλ-

435 617 656 676 quaeso,
685 609 802 658 tam
830 600 1013 657 subito
1044 608 1388 674 permutatas
1421 616 1620 670 essem,
1644 601 1699 657 ni
1729 602 1913 658 divina
1939 601 2041 659 ali-

433 707 540 765 qua
580 690 844 748 revelatio
871 690 1128 747 traxisset
1174 693 1300 747 me?
1348 690 1512 762 Quod
1559 691 1708 748 enim
1749 691 2043 748 vehemens

433 796 587 837 eram
617 788 956 853 persecutor,
983 778 1109 836 inde
1135 780 1488 852 perspicuum
1517 790 1621 848 est,
1659 780 1807 853 quod
1839 782 1920 837 vel
1945 797 2042 837 vos

434 870 667 939 Galatae,
697 869 793 942 qui
818 877 967 927 tanto
1005 869 1296 926 intervallo
1323 885 1354 926 a
1382 868 1575 927 Iudaea
1603 869 1848 939 distatis,
1878 869 2040 926 audi-

438 959 655 1016 veritis.

513 1073 539 1100 α
567 1049 731 1120 Quod
747 1065 915 1122 supra
935 1049 1163 1109 modum
1189 1050 1555 1126 persequebar
1575 1049 1879 1107 Ecclesiam
1899 1050 2037 1119 Dei,

434 1157 500 1198 ac
525 1140 897 1214 depopulabar
926 1157 1071 1198 eam.
1107 1165 1134 1190 υ
1175 1141 1570 1199 Animadverte
1607 1139 1892 1214 quomodo
1921 1141 2040 1196 sin-

433 1231 562 1305 gula
590 1247 722 1288 cum
749 1231 1168 1306 exaggeratione
1197 1231 1372 1304 ponit.
1400 1235 1527 1288 Non
1557 1230 1704 1287 enim
1728 1230 1889 1298 dixit,
1913 1232 2042 1286 Per-

433 1321 725 1395 sequebar,
752 1321 850 1379 sed
869 1363 884 1390 ,
921 1323 1062 1379 Cum
1093 1321 1244 1378 omni
1274 1338 1505 1380 excessu
1533 1339 1546 1377 :
1577 1337 1677 1378 nec
1704 1320 1810 1377 hoc
1836 1319 2037 1388 solum,

436 1426 625 1467 verum
652 1411 819 1468 etiam
845 1434 870 1459 α
892 1411 1306 1484 Depopulabar,
1340 1436 1366 1462 »
1399 1411 1504 1468 hoc
1531 1419 1645 1479 est,
1671 1409 1961 1468 Suffodere
1979 1425 2042 1466 ac

435 1499 652 1557 diruere
676 1501 916 1558 conabar
959 1518 972 1556 :
1008 1500 1113 1557 hoc
1147 1503 1296 1557 enim
1326 1501 1738 1574 depopulatoris
1764 1515 1903 1572 opus
1935 1507 2038 1556 est.

507 1593 687 1647 Vens.
729 1595 814 1646 14.
853 1608 883 1643 (ι
930 1593 1002 1646 Et
1048 1590 1400 1663 proﬁciebam
1440 1590 1497 1646 in
1536 1589 1834 1648 Judaismo
1875 1605 2042 1662 supra

435 1680 646 1736 multos
671 1687 976 1737 coaetaneos
1001 1680 1058 1735 in
1079 1696 1282 1753 genere
1302 1696 1448 1750 meo,
1473 1679 1851 1738 abundantius
1870 1695 2042 1736 aemu-

435 1769 575 1826 lator
601 1769 870 1826 exsistens
915 1779 1271 1842 paternarum
1307 1786 1560 1827 mearum
1587 1770 1968 1828 traditionum.
2011 1791 2039 1818 ao

434 1859 556 1916 Prae
589 1859 875 1928 omnibus,
927 1859 1142 1933 inquit,
1191 1859 1283 1933 qui
1329 1868 1488 1916 erant
1519 1859 1626 1916 illis
1668 1858 2048 1932 temporibus,

433 1949 671 2005 multum
700 1947 931 2006 fervoris
961 1950 1130 2022 330
1159 1949 1557 2021 ostendebam,
1592 1965 1654 2006 ac
1690 1949 1749 2006 in
1777 1949 1925 2006 bello
1955 1949 2051 2006 ad-

435 2054 622 2096 versus
652 2039 951 2095 Ecclesiam
988 2039 1385 2112 progrediebar
1423 2057 1437 2095 ε
1469 2039 1584 2109 vel,
1631 2040 1759 2112 quia
1805 2039 2050 2096 Celebris

432 2143 605 2197 eram,
630 2137 688 2184 et
709 2129 764 2184 in
795 2128 975 2200 pretio
1004 2129 1151 2200 apud
1169 2128 1414 2186 Judaeos.
1444 2131 1526 2184 Ne
1551 2128 1833 2185 existimes
1863 2136 2049 2184 autem

433 2217 584 2290 quod
603 2233 765 2274 vanw
780 2218 971 2290 glorim
992 2217 1191 2274 isthmc
1210 2233 1298 2275 res
1318 2217 1503 2286 fuerit,
1525 2218 1607 2275 vel
1629 2217 2045 2292 indignationis,

436 2305 537 2363 sed
563 2306 687 2363 zeli.
720 2308 884 2377 Quod
912 2307 958 2364 si
983 2307 1148 2380 igitur
1171 2307 1432 2365 adversus
1452 2307 1758 2364 Ecclesiam
1781 2324 1880 2381 pro
1900 2309 2049 2365 nulla

436 2395 680 2452 humana
706 2413 767 2452 re
805 2397 1145 2470 pugnabam,
1173 2397 1272 2454 sed
1299 2413 1366 2458 ex
1395 2398 1519 2455 zelo
1545 2398 1673 2469 Dei,
1706 2398 1923 2455 etiamsi
1955 2415 2049 2472 per

434 2501 707 2554 errorem,
752 2502 878 2559 quae
909 2487 1116 2544 ratione
1135 2488 1256 2561 jam
1307 2503 1455 2545 nunc
1499 2487 1723 2560 quando
1761 2487 2047 2545 veritatem

433 2576 653 2648 agnovi,
687 2575 950 2634 humana:
978 2577 1170 2648 gloriae
1194 2593 1387 2634 amore
1413 2578 1630 2635 diversa
1658 2578 2042 2652 praedicarem,

433 2673 492 2721 et
521 2681 635 2722 non
659 2681 785 2739 quae
807 2667 1010 2724 veritas
1039 2669 1314 2740 postulat,
1345 2677 1401 2724 et
1427 2669 1673 2725 Christus
1702 2685 1793 2726 me
1821 2668 2048 2726 docuit?

501 2757 678 2811 Vnus.
709 2763 796 2812 15.
833 2779 858 2805 α
892 2755 1125 2826 Quando
1154 2765 1344 2814 autem
1389 2757 1605 2829 placuit
1645 2762 1786 2827 Deo,
1832 2758 1926 2830 qui
1957 2774 2047 2815 me

434 2844 737 2916 segregavit
765 2861 831 2900 ex
860 2853 1019 2901 utero
1063 2847 1255 2903 matris
1285 2862 1445 2903 mea}.
1495 2869 1520 2896 ιι
1552 2847 1611 2904 Si
1639 2847 1708 2903 ab
1732 2852 1888 2903 utero
1919 2864 2047 2904 ma-

435 2933 539 2988 tris
585 2943 901 3006 segregatus
955 2943 1074 2990 erat
1117 2934 1186 2992 ad
1233 2935 1605 3009 Evangelium
1655 2943 1714 2992 et
1761 2937 1966 2994 electus
2015 2953 2046 2994 a

435 3024 578 3089 Deo,
613 3025 839 3078 omnino
871 3039 966 3094 per
1001 3023 1245 3080 divinam
1278 3025 1608 3098 quampiam
1646 3025 2040 3098 providentiam

435 3111 659 3168 relictus
687 3120 776 3169 est
798 3111 1000 3169 interea
1025 3114 1290 3185 temporis
1323 3114 1379 3170 in
1419 3114 1742 3184 Judaismo;
1773 3115 2040 3174 nimirum

436 3209 498 3256 ut
520 3209 636 3257 tam
656 3201 938 3273 repentina
967 3202 1085 3274 ejus
1106 3203 1344 3259 mutatio
1365 3203 1570 3261 multos
1595 3204 1650 3260 in
1671 3205 1778 3262 ﬁde
1803 3205 2045 3263 ﬁrmaret

435 3299 492 3346 et
538 3289 860 3347 attraheret.
918 3293 1233 3364 Segregavit
1281 3300 1468 3349 autem
1523 3310 1652 3350 eum
1701 3297 1882 3364 Deus,
1927 3311 2043 3352 non

437 3396 536 3452 per
581 3380 952 3453 sortilegium,
1002 3382 1100 3439 sed
1146 3399 1213 3438 ex
1260 3383 1604 3456 prazscientia
1649 3384 1798 3457 quod
1847 3385 2044 3460 dignus

443 3478 582 3527 erat.

512 3582 540 3608 α
573 3563 641 3615 Et
669 3562 885 3618 vocavit
926 3578 1020 3634 per
1054 3561 1286 3635 gratiam
1329 3579 1508 3620 suam.
1548 3584 1576 3616 »
1614 3568 1764 3621 Deus
1810 3563 1880 3622 ob
1927 3564 2043 3621 vir-

435 3655 613 3706 tutem
640 3650 760 3722 ejus
804 3651 1020 3708 vocavit
1063 3668 1212 3708 eum.
1267 3676 1292 3702 ‹‹
1329 3657 1434 3710 Vas
1467 3653 1617 3710 enim
1656 3655 1960 3724 electionis,
2011 3674 2040 3708 »

436 3738 636 3810 inquit,
673 3758 703 3792 (ι
730 3738 867 3795 mihi
902 3748 984 3798 est
1019 3745 1088 3798 ω.
1127 3764 1153 3790 υ
1187 3745 1309 3814 Ipse
1333 3751 1519 3799 autem
1544 3743 1744 3815 insigni
1774 3743 2044 3801 modestia

438 3829 727 3901 praeditus,
778 3847 877 3904 per
905 3832 1144 3905 gratiam
1196 3848 1254 3889 se
1285 3843 1543 3890 vocatum
1573 3849 1691 3891 esse
1727 3834 1891 3904 dicit,
1935 3851 2048 3892 non

433 3917 507 3974 ob
531 3919 874 3992 dignitatem,
901 3921 998 3978 sed
1029 3929 1252 3994 propter
1277 3923 1732 3980 misericordiam.

505 4010 685 4066 Vnns.
741 4014 828 4066 16.
863 4031 891 4059 «ι
937 4012 1019 4066 Ut
1045 4011 1313 4067 revelaret
1341 4012 1543 4068 Filium
1586 4029 1749 4069 suum
1780 4013 1840 4069 in
1867 4029 1975 4070 me.
2015 4037 2039 4063 η

434 4099 561 4154 Non
585 4098 744 4168 dixit,
776 4101 856 4156 Ut
883 4099 1142 4156 revelaret
1178 4100 1332 4169 mihi,
1364 4101 1481 4168 sed,
1517 4106 1579 4158 In
1608 4119 1697 4159 me
1741 4121 1755 4160 :
1787 4103 2042 4161 indicans

437 4187 591 4259 quod
613 4203 728 4243 non
748 4188 915 4244 verbo
936 4197 1148 4246 tantum
1170 4189 1439 4260 didicerit,
1464 4208 1654 4249 verum
1671 4193 1839 4250 etiam
1864 4194 2042 4250 multo

2149 601 2279 660 κυσέ
2310 625 2408 678 με;
2458 602 2586 663 "On
2641 603 2743 683 γὰρ
2797 603 3020 684 σφοδρὸς
3069 603 3216 681 ἤμην
3279 603 3536 677 διώκτης,
3591 605 3749 676 δῆλον

2151 691 2260 750 ἀπὸ
2305 699 2398 752 τοῦ
2439 692 2529 751 καὶ
2580 696 2716 770 ὑμᾶς
2767 695 2992 753 ἀκοῦσαι
3030 691 3148 761 τοὺς
3176 692 3461 771 Γαλάτας,
3509 691 3630 759 τούς
3662 715 3750 752 το·

2150 785 2334 840 σοῦτον
2373 781 2716 855 διεστηκότας
2735 783 2785 822 ⁵³
2807 787 2901 854 τῆς
2924 782 3204 852 Ἰουδαίας.

2233 1065 2264 1098 σι
2294 1038 2427 1103 Ὅτι
2475 1041 2592 1102 καθ’
2645 1041 2944 1125 ὕπερϐολὴν
2991 1043 3208 1104 ἐδίωκον
3256 1045 3352 1117 τὴν
3412 1043 3744 1116 Ἐκκλησίαν

2147 1137 2239 1190 τοῦ
2264 1136 2441 1208 Θεοῦ,
2473 1132 2566 1192 καὶ
2612 1133 2861 1212 ἐπόρθουν
2893 1135 3082 1207 αὐτήν.
3115 1155 3147 1193 n
3183 1133 3333 1215 ’ρρα
3378 1129 3749 1201 πῶς’ἔκαστον

2149 1221 2286 1298 μετὰ
2340 1222 2633 1291 ἐπιτάσεως
2656 1223 2877 1296 τίθησιν.
2925 1226 3007 1284 Οὐ
3055 1223 3158 1305 γὰρ
3210 1213 3390 1298 εἶπεν,
3447 1223 3704 1285 Ἐδίωκον
3730 1271 3749 1302 ,

2150 1310 2319 1385 ἀλλὰ,
2352 1311 2802 1394 Μεθ’ὓπερϐολῆς
2851 1314 3048 1388 πάσης.
3085 1312 3198 1374 Καὶ
3247 1315 3305 1372 οὐ
3355 1312 3513 1391 μόνον
3563 1319 3752 1390 τοῦτο,

2151 1400 2288 1460 ἀλλὰ
2309 1401 2424 1481 καὶ,
2452 1401 2786 1483 «ξἘπόρθουν
2802 1425 2815 1440 ο
2843 1431 2867 1456 ιι
2883 1401 3145 1474 τουτέστι,
3162 1402 3523 1482 Κατασκάψαι
3545 1404 3754 1484 ἐπεχείο

2152 1515 2270 1573 ρουν
2294 1537 2308 1563 ,
2335 1491 2426 1550 καὶ
2450 1493 2742 1574 ἀφανίσαι·
2763 1497 2920 1553 τοῦτο
2943 1493 3047 1574 γὰρ
3073 1499 3338 1573 πορθητοῦ
3361 1495 3512 1574 ἔργον
3536 1493 3614 1556 ⁵³.

2237 1609 2261 1633 ‹‹
2298 1581 2408 1642 Καὶ
2438 1581 2764 1662 προέκοπτον
2795 1584 2846 1642 ἐν
2873 1585 2950 1664 τῷ
2995 1583 3321 1663 Ἰουδαϊσμῷ
3359 1584 3496 1664 ὖπὲρ
3522 1582 3752 1652 πολλοὺς

2153 1670 2535 1745 συνηλικιώτας
2565 1673 2618 1731 ἐν
2649 1675 2726 1751 τῷ
2765 1671 2906 1752 γένει
2964 1695 3096 1750 μου,
3141 1671 3532 1754 περισσοτέρως
3578 1676 3754 1746 ζηλω-

2151 1759 2248 1833 τὴς
2319 1759 2574 1842 ὑπάρχων
2638 1765 2744 1821 τῶν
2792 1765 3065 1844 πατρικῶν
3119 1787 3220 1841 μου
3273 1762 3646 1841 παραδόσεων.
3714 1787 3749 1821 κ

2158 1848 2331 1932 ⁶Υπὲρ
2357 1850 2628 1924 ἅπαντας,
2681 1850 2848 1929 φησὶ,
2883 1851 3002 1921 τοὺς
3045 1851 3187 1912 κατὰ
3215 1851 3304 1911 τὸν
3336 1851 3492 1912 αὐτὸν
3523 1853 3712 1934 χρόνον
3731 1899 3754 1928 ,

2159 1941 2458 2023 θερμότητα
2529 1939 2734 2014 πολλὴν
2794 1940 3200 2019 ἐνεδεικνόμην,
3263 1941 3356 2001 καὶ
3421 1944 3754 2021 προέκοπτον

2157 2031 2230 2098 εἷς
2310 2028 2397 2090 τὸν
2458 2031 2596 2090 κατὰ
2649 2034 2745 2103 τῆς
2820 2030 3150 2104 Ἐκκλησίας
3215 2030 3448 2108 πόλεμον
3475 2055 3490 2070 ο
3540 2030 3608 2106 ἢ,
3673 2031 3759 2090 ὅτι

2156 2118 2574 2197 Ἔντιμοςῆμην
2617 2121 2764 2202 παρὰ
2801 2121 3100 2190 Ἰουδαίοις.
3156 2120 3254 2194 Μὴ
3283 2121 3504 2202 νομίσῃς
3529 2121 3622 2200 δὲ,
3673 2119 3760 2180 ὅτι

2157 2210 2450 2280 κενοδοξίας
2470 2203 2534 2284 ἦν
2567 2213 2626 2270 τὸ
2655 2221 2910 2293 πρᾶγμα,
2941 2211 2975 2284 ἢ
3027 2215 3192 2290 θυμοῦ
3213 2257 3230 2288 ,
3285 2211 3424 2270 ἀλλὰ
3463 2211 3642 2284 ζήλου.
3685 2213 3760 2274 Εἰ

2155 2300 2329 2360 τοίνυν
2377 2301 2446 2362 τὰ
2488 2299 2629 2360 κατὰ
2675 2305 2769 2374 τῆς
2817 2300 3145 2374 Ἐκκλησίας
3198 2303 3255 2360 οὐ
3307 2304 3374 2360 δι’
3429 2300 3757 2382 ἀνθρώπινόν

2155 2415 2208 2450 τι
2237 2390 2476 2464 ἐποίουν,
2511 2390 2650 2451 ἀλλὰ
2682 2390 2824 2452 κατὰ
2851 2394 3010 2464 ζῆλον
3041 2392 3219 2466 Θεοῦ,
3269 2393 3314 2450 εἰ
3355 2390 3447 2450 καὶ
3475 2395 3758 2465 πεπλανη-

2157 2480 2326 2558 μένως
2355 2502 2368 2515 ⁶
2397 2484 2510 2548 πῶς
2537 2486 2626 2540 νῦν
2649 2526 2668 2560 ,
2720 2481 2806 2540 ὅτε
2851 2481 2946 2553 τὴν
2990 2481 3242 2554 ἀλήθειαν
3297 2479 3561 2560 ἐπέγνων,
3607 2480 3760 2555 δόξης

2154 2571 2312 2649 ἔρωτι
2332 2569 2664 2650 ἀνθρωπίνης
2693 2569 3009 2651 κηρύττοιμι
3036 2569 3100 2630 ἂν
3136 2570 3273 2629 ἄλλα
3308 2570 3401 2630 καὶ
3447 2571 3588 2630 ἄλλα
3611 2617 3629 2646 ,
3663 2569 3757 2630 καὶ

2154 2663 2252 2740 οὐχ
2281 2659 2315 2719 ἃ
2344 2663 2377 2731 ἡ
2409 2659 2632 2732 ἀλήθεια
2663 2662 2912 2735 ἀπαιτεῖ,
2947 2660 3038 2719 καὶ
3069 2662 3096 2718 ὃ
3134 2659 3363 2741 Χριστός
3393 2684 3460 2739 με
3489 2659 3760 2735 ἐδίδαξεν;

2240 2773 2271 2806 α
2300 2748 2438 2811 Ὅτε
2475 2749 2529 2808 δὲ
2589 2751 2866 2823 εὐδόκησεν
2927 2752 2955 2808 ὁ
3000 2748 3171 2827 Θεὸς,
3210 2753 3238 2808 ὁ
3284 2749 3540 2831 ἀφορίσας
3584 2774 3652 2830 με
3697 2751 3760 2810 ἐκ

2154 2838 2354 2907 κοιλίας
2383 2839 2580 2919 μητρός
2613 2863 2731 2917 μου.
2771 2867 2795 2892 ι)
2847 2841 2916 2900 Εἰ
2949 2843 3008 2899 ἐκ
3055 2839 3256 2907 κοιλίας
3295 2839 3494 2920 μητρὸς
3543 2839 3757 2921 ἀφώρι-

2155 2932 2269 3006 στοέ
2296 2928 2426 3010 πρὸς
2460 2928 2520 2988 τὸ
2568 2929 2926 3008 Εὐαγγέλιον,
2978 2927 3070 2988 καὶ
3121 2927 3333 3007 ἐξελέγη
3374 2928 3524 3011 παρὰ
3570 2931 3754 3004 Θεοῦ,

2154 3018 2364 3086 πάντως
2411 3017 2504 3078 διά
2553 3042 2669 3077 τινα
2723 3018 3028 3098 οἰκονομίαν
3059 3018 3147 3078 τὸν
3183 3017 3380 3096 μεταξὺ
3429 3018 3617 3101 χρόνον
3649 3044 3757 3079 κα-

2150 3107 2394 3188 τελείφθη
2461 3109 2514 3166 ἐν
2561 3111 2638 3189 τῷ
2686 3107 3045 3188 Ἰουδαϊσμῷ·
3111 3104 3198 3168 ἵνα
3245 3108 3451 3182 δηλαδή
3502 3113 3537 3182 ἡ
3589 3107 3759 3178 οὕτως

2153 3198 2318 3275 ἀθρόα
2349 3198 2509 3257 αὐτοῦ
2543 3196 2816 3276 μεταϐολὴ
2858 3197 3087 3266 πολλοὺς
3125 3196 3465 3273 πιστώσηται
3511 3199 3604 3258 καὶ
3637 3201 3759 3259 ἐπι-

2151 3287 2448 3359 σπάσηται.
2495 3285 2753 3370 Ἀφώρισε
2804 3285 2861 3346 δὲ
2905 3287 3063 3348 αὐτὸν
3094 3291 3122 3347 ὁ
3151 3286 3318 3363 Θεὸς,
3365 3291 3424 3348 οὐ
3450 3287 3590 3370 κατὰ
3620 3291 3758 3349 ἀπο-

2151 3376 2420 3458 κλήρωσιν
2442 3423 2460 3458 ,
2492 3365 2805 3437 ἀλλὰ-κατὰ
2833 3377 3133 3458 πρόγνωσιν
3163 3384 3260 3438 τοῦ
3291 3377 3433 3448 ἄξιον
3461 3365 3619 3439 εἶναι.

2243 3581 2273 3618 α
2308 3558 2419 3621 Καὶ
2455 3558 2685 3627 καλέσας
2737 3557 2823 3618 διὰ
2858 3563 2952 3632 τῆς
2979 3559 3198 3641 χάριτος
3253 3560 3438 3622 αὐτοῦ.
3471 3583 3500 3619 ›)
3552 3559 3621 3621 Ὁ
3655 3561 3754 3638 μὲν

2153 3648 2292 3718 Θεὸς
2321 3647 2412 3709 διὰ
2440 3648 2534 3720 τὴν
2556 3647 2748 3731 ἀρετὴν
2779 3652 2941 3710 αὐτοῦ
2972 3650 3224 3710 ἐκάλεσεν
3273 3650 3454 3714 αὐτόν.
3493 3673 3522 3708 ι(
3557 3652 3757 3719 Σκεῦος

2151 3736 2252 3820 γὰρ
2317 3739 2539 3817 ἐκλογῆς
2595 3762 2718 3817 μοι,
2783 3761 2814 3798 ›)
2873 3739 3069 3820 φησὶν,
3122 3764 3153 3796 (ι
3212 3737 3379 3800 ἔστιν.
3421 3768 3446 3793 κ
3479 3739 3644 3808 Αὐτὸς
3695 3741 3754 3800 δὲ

2153 3830 2577 3908 μετριοφρονῶν,
2636 3828 2722 3888 διὰ
2750 3832 2844 3900 τῆς
2873 3830 3120 3911 χάριτος,
3151 3829 3310 3910 φησὶ,
3353 3831 3614 3904 κληθῆναι
3633 3875 3650 3908 ,
3693 3833 3756 3889 οὖ

2151 3920 2270 3976 κατ’
2301 3917 2484 3989 ἀξίαν,
2517 3918 2654 3978 ἀλλὰ
2685 3920 2751 3977 δι’
2775 3917 2941 3982 ἔλεον.

2240 4029 2271 4065 ιι
2315 4006 2685 4090 Ἀποκαλύψαι
2727 4007 2815 4068 τὸν
2867 4008 2998 4069 Υἱὸν
3058 4011 3217 4069 αὐτοῦ
3273 4011 3328 4070 ἐν
3378 4009 3520 4088 ἐμοί.
3559 4037 3586 4063 ι
3633 4010 3755 4070 Οὐκ

2156 4085 2301 4155 εἶπεν
2325 4140 2340 4168 ,
2369 4085 2739 4180 Ἀποκαλόψαι
2760 4097 2896 4176 ίέμοὶ
2915 4143 2932 4172 ,
2987 4099 3102 4158 ἀλλ’
3131 4097 3228 4162 Ἐν
3260 4099 3380 4176 ἐμοί
3394 4085 3418 4137 ’⁷
3440 4098 3640 4166 δεικνὺς
3675 4097 3755 4158 ὅτι

2151 4186 2211 4244 οὐ
2242 4183 2384 4264 λόγῳ
2427 4186 2584 4264 μόνον
2620 4187 2843 4266 ἔμαθεν,
2891 4187 3031 4248 ἀλλὰ
3060 4189 3152 4248 καὶ
3203 4192 3406 4250 πολλοῦ
3453 4189 3755 4268 πνεύματος

440 4275 633 4348 spiritu
683 4291 782 4332 cor
828 4278 1099 4350 repletum
1144 4279 1326 4349 fuerit,
1378 4279 1434 4336 in
1485 4281 1798 4340 interiorem
1848 4282 2033 4340 homi-

2153 4273 2434 4355 ἐπληρώθη
2489 4273 2586 4348 τὴν
2646 4275 2902 4358 καρδίαν,
2937 4279 3008 4347 εἰς
3045 4277 3134 4337 τὸν
3163 4279 3306 4348 ἐντὸς
3354 4280 3627 4360 ἄνθρωπον
3657 4284 3754 4352 τῆς

441 4380 570 4422 nem
600 4364 918 4440 cognitione
952 4367 1206 4439 intincta,
1249 4377 1304 4427 et
1329 4371 1543 4429 Christo
1571 4372 1626 4428 in
1665 4388 1730 4430 eo
1760 4373 2038 4445 loquente.

515 4570 541 4595 ιι
571 4547 650 4604 Ut
671 4547 1107 4622 evangelizarem
1137 4549 1320 4623 ipsum
1352 4549 1405 4606 in
1434 4551 1704 4624 gentibus.
1741 4574 1767 4599 ν
1802 4553 2045 4610 Revela-

438 4635 516 4692 vit
565 4636 704 4694 mihi
746 4638 976 4708 Filium,
1015 4655 1130 4696 non
1169 4649 1230 4696 ut
1274 4640 1455 4712 ipsum
1503 4640 1717 4697 videam
1764 4642 1946 4698 solum
1991 4651 2046 4699 et

438 4743 755 4799 agnoscam,
802 4742 997 4786 verum
1041 4738 1104 4785 ut
1145 4728 1264 4786 aliis
1310 4729 1477 4785 etiam
1519 4729 1870 4803 depromam.
1917 4734 2044 4789 Non

439 4819 586 4873 enim
613 4816 839 4873 credere
880 4817 1305 4888 tantummodo,
1350 4835 1542 4875 verum
1571 4827 1629 4875 et
1660 4820 1821 4894 eligi,
1865 4837 1895 4878 a
1925 4824 2044 4878 Deo

435 4904 560 4961 fuit.
601 4906 896 4976 Quomodo
939 4905 1112 4978 igitur
1137 4905 1316 4962 dicitis
1353 4923 1444 4963 me
1483 4908 1552 4964 ab
1584 4907 1902 4967 hominibus
1943 4911 2043 4968 do-

438 5003 590 5051 ctum
613 4996 769 5052 esse?
786 4997 912 5051 Non
935 4995 1255 5067 simpliciter
1276 5003 1485 5066 autem,
1509 5000 1591 5055 Ut
1613 4999 2044 5072 evangelizarem

439 5083 651 5156 ipsum,
678 5084 848 5154 dixit,
875 5085 1004 5154 sed,
1042 5104 1073 5139 (ι
1100 5089 1166 5141 ln
1193 5086 1468 5158 gentibu.
1497 5110 1524 5138 ιν
1559 5088 1854 5159 Quomodo
1883 5089 2046 5163 igitur

439 5175 695 5246 gentibus
719 5175 1204 5233 circumcisionem
1236 5175 1650 5248 praedicavero?

514 5286 540 5312 α
573 5265 833 5323 Protinus
862 5281 980 5324 non
1002 5266 1216 5322 contuli
1249 5283 1377 5324 cum
1403 5283 1568 5324 carne
1603 5276 1659 5325 et
1685 5267 1966 5342 sanguine.
2016 5288 2046 5322 »

443 5355 564 5411 Hoc
601 5362 701 5426 est,
733 5358 859 5413 Non
899 5370 1025 5415 sum
1053 5356 1357 5415 collocutus
1401 5357 1662 5430 apostolis
1708 5378 1720 5413 :
1753 5359 1858 5416 hos
1904 5359 2043 5416 enim

2159 5352 2483 5429 Τουτέστιν,
2540 5355 2660 5417 Οὐκ
2708 5357 2779 5424 εἷς
2844 5355 2998 5434 λόγον

520 5507 558 5546 ω
593 5511 718 5566 Act.
748 5525 838 5581 rx,
871 5515 956 5567 15.

2151 4363 2394 4443 γνώσεως
2462 4366 2830 4448 ἐμϐαφείσης,
2883 4365 2976 4427 καὶ
3044 4373 3140 4428 τοῦ
3196 4371 3433 4450 Χριστοῦ
3493 4372 3546 4428 ἐν
3609 4371 3755 4448 αὐτῷ

2151 4455 2438 4524 λαλοῦντος
2448 4501 2459 4513 .

2245 4565 2274 4602 ιι
2298 4541 2421 4605 Ἵνα
2477 4544 2904 4627 εὐαγγελίζωμαι
2957 4548 3116 4607 αὐτὸν
3174 4549 3228 4607 ἐν
3285 4549 3392 4618 τοῖς
3441 4547 3659 4610 ἔθνεσιν.
3716 4570 3746 4606 ι)

2153 4633 2490 4717 Ἀπεκάλυψέ
2521 4661 2611 4716 μοι
2639 4637 2729 4696 τὸν
2773 4637 2926 4711 Υἱὸν,
2973 4641 3074 4718 οὐχ
3098 4637 3186 4698 ἵνα
3223 4637 3378 4698 αὐτὸν
3419 4639 3520 4698 ἴδω
3561 4639 3755 4716 μόνον,

2155 4723 2271 4784 ἀλλ’
2296 4721 2384 4782 ἵνα
2413 4725 2505 4784 καὶ
2549 4729 2621 4794 εἰς
2655 4725 2844 4794 ἄλλους
2873 4726 3152 4806 ἐξενέγκω.
3186 4730 3268 4789 Οὐ
3303 4727 3407 4808 γὰρ
3428 4728 3490 4788 τὸ
3517 4733 3757 4788 πιστεῦ-

2155 4837 2246 4873 σαι
2277 4814 2470 4891 μόνον,
2521 4815 2661 4875 ἀλλὰ
2711 4817 2817 4898 καὶξ
2850 4817 2911 4876 τὸ
2957 4821 3426 4898 χειροτονηθῆναι,
3460 4817 3612 4898 παρὰ
3660 4823 3754 4877 τοῦ

2153 4906 2296 4963 Θεοῦ
2361 4903 2561 4985 γέγονε.
2612 4908 2740 4973 Πῶς
2769 4897 2857 4965 οὖν
2902 4897 3083 4985 λέγετε
3128 4907 3210 4968 ὅτι
3268 4906 3416 4987 παρὰ
3466 4897 3754 4988 ἀνθρώπων

2153 4993 2438 5074 ἐδιδάχθην
2460 5016 2475 5070 ;
2507 4995 2633 5076 Οὐχ
2663 4995 2845 5063 ἁπλῶς
2871 4997 2954 5072 δὲ,
2983 4993 3106 5058 Ἵνα
3128 4998 3551 5076 εὐαγγελίζωμαι
3573 4995 3755 5076 αὐτὸν,

2154 5084 2296 5158 ἀλλ’,
2329 5111 2354 5136 «ι
2391 5083 2485 5144 Ἐν
2515 5085 2623 5152 τοῖς
2668 5084 2893 5149 ἔθνεσιν.
2930 5112 2960 5145 n
2985 5083 3163 5146 θΩστε
3179 5134 3198 5164 ,
3225 5090 3337 5155 πῶς
3367 5086 3431 5146 ἂν
3457 5095 3564 5154 τοῖς
3589 5089 3759 5146 ἔθνεσι

2156 5171 2445 5254 κηρύξαιμι
2473 5175 2766 5256 περιτομήν
2785 5200 2802 5250 ;

2238 5289 2262 5315 α
2305 5262 2516 5332 Εὐθέως
2560 5265 2619 5323 οὐ
2668 5263 3071 5348 προσανεθέμην
3118 5267 3278 5348 σαρκὶ
3331 5267 3426 5328 καὶ
3471 5265 3677 5346 αἵματι.
3720 5292 3748 5326 υ

3052 5347 3210 5430 ἧλθον
3257 5365 3366 5426 τοῖς
3414 5357 3726 5427 ἀποστόλοις
3743 5377 3758 5394 °

1825 5593 2015 5655 Variae
2059 5595 2355 5659 lectiones.

515 5697 560 5731 ⁸³
591 5696 924 5767 ἀφεστηκότας
943 5715 1018 5756 m.
1100 5699 1142 5736 ⁵⁵
1176 5701 1477 5773 πορθοῦντος
1502 5716 1556 5759 ο.
