4134 6408
341 395 446 447 965

1231 386 1584 445 EXPOSlTlO
1624 390 1692 445 IN
1730 390 1939 447 EPIST.
1979 392 2071 447 AD
2110 394 2353 449 GALAT.
2394 426 2463 436 —
2501 396 2651 452 CAP.
2695 400 2734 453 Ι.

3540 407 3648 462 966

337 515 556 581 τούτους
579 513 683 596 γὰρ
733 511 908 592 σάρκα
936 512 1027 573 καὶ
1068 501 1205 591 αἷμα
1242 515 1426 588 καλεῖ,
1465 513 1574 573 ἀπὸ
1608 518 1704 586 τῆς
1732 513 1936 595 φύσεως

2050 534 2270 576 carnem
2292 528 2349 577 et
2370 522 2696 594 sanguinem
2725 532 2902 593 vocat,
2927 540 2957 580 a
2983 532 3179 583 natura
3202 542 3297 585 eos
3323 531 3645 587 nominans.

339 604 531 673 αὐτοὺς
571 603 848 683 ὀνομάζων
998 602 1181 670 ἁπλῶς
1211 602 1332 682 περὶ
1379 601 1592 662 πάντων
1645 602 1937 683 ἀνθρώπων

338 694 501 756 τοῦτό
545 719 724 777 φησιν,
772 693 852 753 δ’τι
908 692 1050 773 Παρ’
1080 692 1281 760 οὐδενὸς
1311 690 1589 773 ἀνθρώπου
1641 692 1835 771 ἔμαθόν
1862 719 1937 756 τι.

423 812 447 839 α
476 783 616 847 Οὐδὲ
672 787 897 857 ἀνῆλθον
934 782 985 822 ⁵⁵
1035 784 1107 851 εἷς
1156 780 1505 863 Ἱεροσολυμα
1536 781 1667 861 πρὸς
1705 782 1821 849 τοὺς
1840 784 1943 863 πρὸ

339 878 472 954 ἐμοῦ
524 875 868 941 ἀποστόλους.
911 900 936 926 ιο
984 875 1110 939 Πῶς
1168 865 1255 932 οὐν
1295 872 1466 932 ταῦτά
1512 895 1672 953 φησιν
1708 875 1735 930 ὁ
1776 871 1943 933 Ἀπό-

339 967 569 1043 στολος;
610 957 717 1045 ἆρα
747 963 886 1023 οὕτω
923 959 1259 1042 τετύφωται,
1292 962 1363 1029 ὡς
1400 962 1491 1020 καὶ
1518 960 1761 1039 αὐτάρκη
1784 962 1941 1022 αὐτὸν

339 1058 518 1134 ἑαυτῷ
579 1054 844 1132 νομίζειν,
892 1052 986 1112 καὶ
1035 1052 1110 1129 μὴ
1182 1052 1383 1110 δεῖσθαι
1451 1050 1794 1127 συμϐούλους
1849 1053 1942 1112 καὶ

338 1148 457 1214 πῶς
497 1148 591 1204 οὐκ
637 1144 832 1217 ἤκουσε
880 1149 974 1202 τοῦ
1000 1141 1275 1221 λέγοντος·
1331 1167 1356 1195 ιι
1392 1138 1489 1213 Μὴ
1532 1139 1641 1199 ἴσθι
1695 1141 1943 1222 φρόνιμος

338 1234 491 1315 παρὰ
516 1236 725 1315 σεαυτῷ
748 1258 806 1308 ,ι
826 1230 939 1305 καὶ,
968 1258 991 1285 α
1020 1230 1159 1292 Οὐαὶ
1189 1232 1237 1289 οἱ
1258 1230 1462 1291 συνετοὶ
1487 1230 1616 1310 παρ’
1650 1232 1888 1305 ἐαυτοῖς;
1914 1258 1939 1284 ι

341 1323 438 1395 Μὴ
518 1323 741 1403 γένοιτο.
798 1322 941 1382 Ἀλλ’
996 1320 1178 1394 ἐπειδὴ
1231 1333 1279 1379 ol.
1349 1319 1506 1380 αὐτὸν
1570 1318 1941 1390 διαϐάλλοντες

341 1413 548 1493 ἔλεγον,
584 1413 666 1473 ὅτι
707 1414 834 1479 Τοῖς
884 1408 1471 1493 ἀποστόλοιςμέπεσθαι
1524 1410 1634 1482 δεῖ,
1675 1408 1800 1468 ἀλλ’
1844 1413 1940 1470 οὐκ

340 1490 538 1585 αὐτῷ(
571 1503 664 1563 καὶ
688 1501 769 1561 ὅτι
825 1502 943 1582 Πρὸ
991 1501 1150 1559 αὐτοῦ
1194 1490 1335 1570 ἦσαν
1378 1502 1567 1558 ἐκεῖνοι
1615 1498 1935 1559 ἀπόστολοιο

339 1592 656 1672 ἠναγκάσθη
714 1598 882 1651 ταῦτα
928 1592 1126 1662 εἰπεῖν,
1173 1586 1261 1648 ἵνα
1316 1588 1434 1656 τοὺς
1488 1587 1719 1655 πλάνους
1768 1612 1936 1649 κατα-

340 1670 548 1764 στείλῃ.
585 1682 693 1742 Καὶ
721 1681 825 1761 γὰρ
856 1682 1048 1759 ἄλογον
1078 1670 1174 1752 ἦν,
1201 1678 1290 1738 τὸν
1313 1676 1462 1758 παρᾶ
1491 1680 1633 1739 Θεοῦ
1665 1679 1934 1755 μαθόντα,

2057 609 2155 664 Vel
2203 609 2524 682 simpliciter
2560 610 2629 667 de
2656 612 2912 670 omnibus
2957 615 3282 673 mortalibus
3330 617 3437 675 hoc
3476 618 3645 690 dicit,

2055 699 2204 769 quod
2238 702 2288 753 A
2311 700 2464 757 nullo
2496 700 2815 757 mortalium
2837 701 3002 759 didici
3028 704 3348 777 quidquam.

2129 791 2310 845 Vens.
2346 796 2431 846 17.
2470 814 2495 841 ιι
2527 792 2644 847 Nec
2671 792 2891 849 ascendi
2922 793 3303 868 Hierosolyma
3332 797 3403 855 ad
3431 815 3526 856 eos
3551 800 3646 873 qui

2052 885 2178 935 ante
2206 894 2299 935 me
2327 878 2549 936 fuerant
2573 881 2823 952 apostoli.
2850 904 2877 931 ι
2906 886 3088 957 Quare
3116 884 3222 942 ista
3246 885 3377 942 dicit
3404 894 3646 961 Aposto-

2051 964 2177 1022 lus?
2218 970 2366 1025 Num
2412 968 2549 1026 adeo
2596 970 2956 1041 intumuerat,
2996 981 3060 1028 ut
3104 974 3348 1046 seipsum
3394 977 3649 1034 sufﬁcere

2052 1055 2154 1112 sibi
2196 1065 2439 1129 putaret,
2486 1075 2590 1115 nec
2638 1076 2779 1133 opus
2828 1060 3029 1118 habere
3082 1065 3428 1123 consultore?
3468 1070 3650 1138 Quare

2050 1161 2166 1201 non
2199 1147 2537 1204 auscultatus
2576 1158 2660 1205 est
2685 1149 2737 1205 ei
2766 1150 2857 1222 qui
2883 1150 3021 1208 dixit
3061 1169 3076 1208 :
3115 1172 3142 1205 «
3170 1156 3253 1210 Ne
3292 1155 3368 1211 sis
3405 1156 3648 1228 prudens

2051 1235 2198 1308 apud
2231 1238 2581 1310 temetipsum
2606 1242 2679 1294 n?
2721 1262 2747 1289 ιο
2791 1248 2874 1308 et,
2912 1259 2940 1293 «
2970 1244 3068 1298 Vae
3096 1242 3199 1299 illis
3232 1244 3324 1315 qui
3356 1246 3649 1317 prudentes

2049 1334 2181 1382 sunt
2202 1327 2349 1399 apud
2371 1328 2773 1401 semetipsos°P
2814 1348 2842 1383 )›
2871 1331 3332 1405 Haudquaquam.
3382 1334 3488 1391 Sed
3520 1337 3646 1409 quia

2047 1416 2468 1475 calumniatores
2514 1418 2635 1491 ejus
2675 1418 2954 1492 dicebant,
3009 1423 3159 1494 quod
3208 1425 3505 1496 Apostolos
3546 1443 3650 1483 nos

2047 1505 2205 1576 sequi
2236 1515 2474 1579 oportet,
2522 1524 2635 1564 non
2681 1509 2862 1580 ipsum
2894 1528 2907 1565 :
2952 1518 3009 1565 et
3035 1511 3185 1583 quod
3222 1514 3475 1586 Apostoli
3521 1524 3648 1572 ante

2046 1593 2228 1666 ipsum
2250 1594 2502 1665 fuerunt,
2521 1605 2743 1654 coactus
2764 1607 2847 1654 est
2866 1599 2991 1655 haec
3015 1600 3225 1670 dicere,
3251 1610 3314 1658 ut
3337 1603 3654 1661 seductores

2046 1683 2323 1742 cohibeat.
2366 1686 2686 1743 Absurdum
2724 1687 2875 1743 enim
2925 1689 3089 1760 331
3141 1699 3290 1759 erat,
3320 1700 3384 1747 ut
3416 1693 3466 1749 is
3496 1694 3589 1766 qui
3619 1711 3651 1751 a

340 1773 637 1851 ἀνθρώποις
696 1770 1050 1852 προσανέχειν
1110 1766 1314 1830 λοιπόν.
1397 1769 1480 1828 Οὐ
1550 1767 1723 1827 τοίνυν
1805 1770 1937 1828 ἀπο·

2050 1778 2165 1830 Deo
2194 1773 2503 1844 didicisset,
2550 1775 2871 1833 hominibus
2917 1784 3105 1851 postea
3150 1779 3474 1838 adhaereret.
3519 1787 3650 1840 Non

340 1858 618 1939 νοούμενος
664 1865 836 1921 ταῦτα
892 1859 1069 1938 λέγει,
1129 1856 1246 1917 ἀλλ’
1288 1854 1381 1916 ἵνα
1431 1855 1575 1937 δείξῃ
1607 1862 1698 1915 τοῦ
1747 1859 1940 1918 οἰκείου

339 1950 680 2032 κηρύγματος
744 1950 804 2010 τὸ
885 1948 1116 2023 ἀξίωμα.
1200 1947 1312 2009 Καὶ
1367 1946 1472 2025 μὴν
1546 1948 1781 2018 ἀπῆλθεν
1868 1950 1942 2016 εἰς

339 2039 717 2121 Ἱεροσόλυμα,
740 2038 858 2098 ἀλλ’
879 2043 981 2120 οὐχ
1009 2037 1147 2097 ὥστε
1194 2036 1350 2095 αὐτὸν
1389 2040 1605 2114 μαθεῖν,
1652 2037 1771 2096 ἀλλ’
1803 2035 1941 2097 ὥστε

340 2130 548 2210 ἑτέρους
594 2133 805 2205 πεῖσαι,
834 2126 915 2189 ὅτι
973 2128 1064 2188 καὶ
1108 2131 1216 2193 τοῖς
1256 2129 1308 2185 ἐν
1339 2124 1724 2206 Ἱεροσολύμοις
1772 2133 1941 2186 ταῦτα

338 2220 505 2282 δοκεῖ.
558 2216 794 2281 Ἔπειτα
859 2218 1048 2284 εὐθέως
1096 2218 1194 2275 οὐκ
1243 2217 1474 2287 ἀνῆλθε,
1535 2218 1831 2291 τουτέστιν,
1887 2219 1941 2275 ἐν

335 2308 635 2390 προοιμίοις
661 2332 675 2346 ·
726 2307 864 2385 μετὰ
910 2314 1079 2368 ταῦτα
1127 2306 1182 2366 δὲ
1232 2306 1457 2381 ἀνῆλθε,
1518 2303 1611 2363 καὶ
1641 2305 1762 2363 τότε
1807 2305 1939 2387 ὐπὲρ

338 2403 433 2457 τοῦ
470 2398 662 2467 ἄλλους
690 2406 892 2460 πεῖσαι.

424 2512 456 2545 α
498 2486 639 2547 Ἀλλ’
696 2489 932 2560 ἀπῆλθον
982 2486 1054 2553 εἷς
1102 2482 1388 2564 Ἀραϐίαν,
1450 2482 1543 2541 καὶ
1606 2483 1766 2543 πάλιν
1836 2484 1940 2542 ὐπ-

340 2576 574 2660 έστρεψα
615 2580 688 2645 εἷς
730 2575 1043 2655 Δαμασκόν.
1073 2598 1099 2633 »
1134 2572 1275 2641 Τοὺς
1334 2573 1701 2654 ἀγεωργήτους
1750 2571 1944 2641 τόπους

340 2668 579 2749 περιῄει,
612 2666 704 2727 καὶ
746 2665 992 2746 ἀγρίους·
1038 2669 1087 2724 εἰ
1138 2663 1243 2745 γὰρ
1283 2663 1434 2741 ἔμενε
1480 2662 1616 2740 μετὰ
1668 2666 1772 2721 τῶν
1806 2664 1943 2722 ἀπο-

342 2758 577 2831 στόλων,
628 2756 949 2825 ἐνεποδίζετο
988 2756 1050 2814 ἂν
1091 2753 1153 2813 τὸ
1193 2754 1482 2834 κήρυγμα,
1529 2753 1622 2812 καὶ
1665 2754 1765 2832 οὐχ
1805 2755 1942 2812 οὕτω

341 2846 549 2928 ταχέως
572 2846 633 2905 ἂν
664 2846 893 2917 διεδόθη.
926 2844 1030 2906 Διὰ
1056 2849 1213 2903 τοῦτο
1242 2844 1371 2923 πρὸς
1404 2844 1470 2902 τὰ
1502 2841 1807 2923 ἀγριώτατα
1837 2845 1942 2901 τῶν

340 2938 502 2995 ἐθνῶν
554 2934 784 3018 ἔτρεχεν.
822 2933 972 3015 Ὅρα
1010 2934 1064 2993 δὲ
1113 2932 1634 3018 ταπεινοφροσύνην,
1685 2935 1797 2999 πῶς
1853 2931 1945 2998 τὰς

340 3026 518 3094 πόλεις
563 3013 917 3105 καταλέγων,
960 3025 1193 3100 οὐδαμοῦ
1238 3013 1385 3082 εἶπεν
1434 3020 1589 3089 ὅσους
1618 3021 1941 3102 ἐπέστρεψε,

2050 1863 2219 1936 igitur
2245 1865 2558 1938 arrogantia
2604 1867 2776 1923 elatus
2809 1866 2929 1924 haec
2955 1867 3121 1939 dicit,
3149 1885 3340 1927 verum
3369 1879 3431 1926 ut
3459 1881 3650 1929 osten-

2045 1952 2142 2010 dat
2188 1954 2424 2026 propriaa
2463 1955 2869 2026 praedicationis
2898 1973 3013 2015 suae
3040 1959 3443 2017 auctoritatem.
3475 1963 3648 2034 Atqui

2045 2043 2322 2115 profectus
2369 2052 2454 2100 est
2496 2045 2882 2118 Hierosolyma
2934 2068 2946 2104 :
3006 2064 3123 2104 non
3176 2057 3367 2106 tamen
3412 2058 3473 2105 ut
3530 2051 3648 2122 ipse

2047 2130 2303 2205 disceret,
2340 2133 2435 2189 sed
2478 2142 2540 2190 ut
2563 2134 2683 2190 aliis
2715 2136 3084 2206 persuaderet,
3126 2137 3275 2210 quod
3311 2138 3428 2196 haec
3478 2140 3647 2196 etiam

2046 2222 2446 2295 Hierosolymis
2505 2225 2791 2296 agentibus
2855 2226 3125 2298 placeant.
3177 2227 3391 2285 Deinde
3463 2230 3648 2286 statim

2046 2327 2161 2367 non
2192 2312 2462 2381 ascendit,
2496 2312 2603 2369 hoc
2642 2322 2755 2382 est,
2809 2314 2867 2369 in
2910 2316 3225 2387 primordiis
3272 2317 3414 2384 suis,
3460 2327 3650 2390 postea

2046 2416 2176 2457 vero
2214 2401 2481 2472 ascendit,
2528 2411 2584 2458 et
2611 2410 2735 2458 tum
2764 2420 2987 2477 quoque
3018 2414 3077 2461 ut
3105 2406 3222 2462 aliis
3273 2408 3646 2478 persuaderet.

2123 2512 2149 2539 α
2190 2489 2299 2547 Sed
2328 2490 2462 2566 .abii
2504 2491 2562 2545 in
2605 2490 2868 2548 Arabiam
2912 2500 2968 2548 et
3011 2493 3211 2550 iterum
3240 2511 3495 2552 reversus
3523 2513 3648 2553 sum

2046 2582 2412 2637 Damascum.
2456 2603 2481 2629 ι»
2514 2581 2724 2637 Inculta
2754 2582 2870 2637 loca
2916 2582 3263 2652 circumibat,
3307 2592 3362 2640 et
3388 2587 3643 2658 agrestia.

2049 2669 2104 2726 Si
2135 2670 2287 2726 enim
2315 2686 2444 2726 cum
2482 2670 2745 2742 apostolis
2778 2672 3186 2743 permansisset,
3220 2674 3474 2746 impedita
3504 2675 3647 2732 fuis-

2049 2768 2132 2815 set
2176 2760 2293 2832 ejus
2337 2759 2685 2831 preedicatio,
2717 2777 2817 2816 nec
2863 2761 2997 2818 adeo
3040 2762 3291 2819 celeriter
3331 2763 3646 2822 distributa.

2052 2847 2182 2906 Ideo
2206 2849 2275 2905 ad
2299 2850 2627 2921 agrestiores
2646 2858 2837 2922 gentes
2865 2850 3142 2908 currebat.
3167 2852 3306 2909 Vide
3326 2863 3511 2910 autem
3532 2854 3651 2927 ejus

2050 2938 2423 2995 humilitatem
2465 2960 2477 2995 :
2506 2938 2789 3012 quomodo
2818 2941 2984 2997 urbes
3023 2949 3078 2996 et
3115 2942 3364 3015 regiones
3400 2959 3641 3001 comme-

2048 3044 2298 3098 morans,
2335 3045 2612 3102 nusquam
2655 3028 2857 3087 dixerit
2883 3038 3018 3102 quot
3062 3040 3364 3104 quantosve
3391 3033 3461 3089 ad
3490 3033 3654 3090 Chri-

341 3115 595 3197 καίτοιγε
617 3117 668 3174 ἐν
707 3116 989 3195 Δαμασκῷ
1043 3112 1183 3173 οὕτω
1216 3110 1434 3193 συνέχεε
1478 3110 1596 3179 τούς
1628 3111 1941 3184 Ἰουδαίους,

2051 3128 2202 3176 stum
2214 3119 2561 3188 converterit,
2578 3120 2830 3192 quamvis
2849 3121 3106 3177 Damasci
3126 3121 3263 3178 adeo
3283 3122 3653 3179 confundebat

340 3208 412 3273 ὡς
439 3194 557 3264 καὶ-
580 3194 1029 3275 ἐπιϐουλευθῆναι
1066 3201 1216 3281 παρὰ
1264 3205 1379 3270 τοῦ¹
1410 3200 1691 3282 ἐθνάρχου.
1749 3200 1937 3266 Οὕτως

2050 3208 2297 3277 Iudaeos,
2322 3217 2386 3264 ut
2403 3208 2617 3265 insidia
2637 3209 2690 3265 ei
2714 3218 3055 3268 struerentur
3076 3227 3107 3267 a
3129 3212 3382 3284 praeside.
3416 3212 3654 3271 Proinde

342 3294 449 3376 ἄρα
506 3296 564 3353 οὐ
605 3292 907 3375 φιλοτιμίας
957 3292 1113 3352 ἕνεκα
1135 3292 1185 3331 ⁵6
1248 3289 1428 3370 λέγει,
1494 3290 1529 3349 ἃ
1576 3292 1717 3349 δοκεῖ
1773 3288 1943 3369 λέγειν

342 3384 551 3464 μεγάλα
581 3384 703 3464 περὶ
756 3386 945 3443 ἑαυτοῦ
967 3428 984 3459 ,
1023 3381 1164 3442 ἀλλὰ
1202 3385 1296 3441 τοῦ
1329 3380 1404 3460 μὴ
1462 3380 1730 3460 βλαϐῆναι
1758 3379 1819 3439 τὸ
1840 3378 1943 3450 κή-

345 3497 553 3556 ρυγμα,
608 3472 997 3552 ἀπιστουμένου
1045 3474 1244 3546 αὐτοῦ,
1284 3472 1354 3538 ὣς
1388 3470 1657 3542 εὐτελοῦς,
1707 3468 1799 3527 καὶ
1836 3492 1946 3546 μα-

340 3567 513 3637 θητῶν
538 3568 802 3644 μαθητοῦ.

419 3681 447 3710 ι
486 3652 722 3717 Ἔπειτα
786 3652 921 3732 μετὰ
980 3652 1073 3727 ἔτη
1142 3650 1263 3733 τρία
1312 3651 1537 3723 ἀνῆλθον
1593 3649 1665 3716 εἰς
1715 3646 1947 3728 Ἱεροσό-

346 3746 521 3822 λυμα,
548 3747 833 3824 ἱστορῆσαι
863 3744 1090 3824 Πέτρον.
1122 3763 1152 3800 ›)
1188 3741 1296 3801 Καὶ
1335 3745 1489 3800 τοῦτο
1526 3736 1947 3819 ταπεινοφροσύ-

345 3859 475 3909 νης,
523 3833 658 3914 εἴγε
687 3838 716 3894 ὃ
765 3838 1002 3893 τοσαῦτα
1053 3830 1395 3913 κατορθώσας
1440 3828 1605 3908 ἀπῄει
1646 3827 1777 3909 πρὸς
1832 3826 1946 3887 Πέ-

345 3946 504 4005 τρον,
550 3927 646 3984 οὐκ
690 3922 947 4005 ὠφελείας
993 3921 1174 3994 ἕνεκα,
1208 3922 1330 3980 ἀλλ’
1361 3918 1596 4005 ἱστορίας
1628 3918 1825 3996 μόνης,
1875 3940 1949 3974 τι·

346 3998 461 4091 μῶν
487 3998 580 4083 γὼς
627 3998 844 4093 μείζονα
888 4014 1072 4074 αὐτοῦ.
1124 4009 1222 4071 Διὸ
1262 4008 1383 4069 οὐδὲ
1418 3998 1596 4083 εἶπεν,
1642 4008 1797 4069 Ἰδεῖν
1840 4006 1946 4066 Πέ-

344 4127 501 4183 τρον,
546 4100 692 4181 ἀλλ’,
729 4129 753 4156 α
799 4101 1145 4183 Ἱστορῆσαιο
1191 4126 1215 4153 ιι
1271 4096 1403 4179 ὅπερ
1454 4101 1502 4157 οἱ
1563 4098 1660 4167 τὰς
1712 4096 1948 4176 μεγάλας

346 4195 525 4261 πόλεις
595 4192 689 4253 καὶ
775 4192 1030 4273 λαμπρὰς
1103 4189 1598 4267 καταμανθάνοντες
1665 4185 1942 4266 λέγουσιν,

344 4282 529 4363 ὥσπερ
570 4282 661 4343 καὶ
698 4282 854 4360 ἡμεῖς
896 4280 1119 4357 ἀπίεμεν
1163 4277 1293 4360 πρὸς
1327 4278 1507 4358 ἁγίους
1538 4278 1734 4357 ἄνδρας
1758 4298 1772 4312 ⁸
1808 4277 1945 4352 μᾶλ-

342 4375 436 4432 λον
459 4371 514 4432 δὲ
535 4375 688 4452 ἡμεῖς
721 4369 978 4453 ὠφελείας
1002 4368 1204 4447 ἕνεκεν,
1235 4370 1430 4436 ἐκεῖνος
1462 4367 1517 4427 δὲ
1548 4370 1708 4446 τιμῆς
1736 4364 1902 4445 μόνης
1925 4405 1940 4421 .

426 4670 451 4699 ι
492 4644 603 4706 Καὶ
646 4642 901 4722 ἐπέμεινα
943 4640 1074 4719 πρὸς
1124 4640 1282 4700 αὐτὸν
1321 4640 1528 4722 ἡμέρας
1572 4637 1881 4698 δεκαπέντε.
1914 4663 1939 4688 π

344 4734 428 4794 Τὸ
455 4732 551 4812 μὲν
602 4736 920 4815 ἱστορῆσαι,
957 4735 1116 4810 τιμῆς
1163 4738 1426 4815 σημεῖον*⁹
1456 4729 1517 4789 τὸ
1549 4727 1603 4787 δὲ
1633 4728 1939 4815 ἐπιμεῖναι,

344 4810 522 4906 φιλίας
559 4825 653 4885 καὶ
688 4810 901 4903 ἀγάπης
936 4823 1186 4903 σφοδρᾶς.
1216 4822 1335 4880 Οὐκ
1366 4810 1482 4878 εἶπε
1527 4816 1614 4893 δὲ,
1669 4816 1762 4906 ὅτι
1797 4814 1943 4877 Ἐδι-

345 4905 583 4995 δάχθην,
629 4915 767 4990 ἀλλ’,
814 4935 844 4973 (ί
869 4910 1166 4990 Ἐπέμεινα
1205 4909 1336 4993 πρὸς
1367 4907 1559 4985 αὐτὸν,
1597 4934 1623 4961 ιι
1656 4905 1776 4966 ἀντὶ
1807 4911 1937 4982 τοῦ,

344 5006 462 5081 μετ’
484 5007 671 5067 αὐτοῦ.

436 5115 464 5152 ιι
491 5091 722 5176 Ἕτερον
771 5090 828 5153 δὲ
874 5095 980 5153 τῶν
1050 5090 1360 5153 ἀποστόλων
1402 5091 1498 5149 οὐκ
1547 5077 1683 5148 εἶδον
1703 5134 1716 5160 ,
1744 5086 1819 5176 Δεῖ
1866 5083 1941 5176 μὴ

341 5182 602 5246 Ἰάκωϐον
638 5174 735 5245 τὸν
786 5182 1014 5264 ἀδελφὸν
1054 5186 1147 5240 τοῦ
1201 5179 1422 5262 Κυρίου.
1475 5176 1642 5238 »Διὰ
1696 5174 1803 5264 μὲν
1852 5174 1941 5234 τὸν

342 5273 550 5356 Πέτρον
597 5273 786 5349 ἀνέϐη,
805 5255 971 5342 οὐτῶς
1001 5269 1155 5331 αὐτὸν
1197 5255 1358 5349 ἐτίμα
1381 5266 1473 5329 καὶ
1501 5267 1678 5328 ἐπόθει
1707 5288 1723 5305 ο
1756 5255 1862 5324 εἶδε
1889 5264 1944 5304 ⁵⁷

414 5482 440 5512 ﬂ
469 5476 634 5533 Prov.
664 5487 762 5543 ιιι,
794 5476 850 5529 7.
926 5469 1112 5544 °_Isa.
1145 5483 1206 5540 ν,
1243 5473 1333 5527 21.

2052 3314 2177 3367 qua:
2221 3314 2423 3371 magna
2469 3297 2537 3354 de
2579 3314 2698 3354 sese
2738 3315 2961 3357 narrare
2990 3299 3222 3370 videtur,
3255 3300 3499 3374 profecto
3540 3319 3654 3360 non

2052 3386 2373 3443 ambitionis
2421 3395 2482 3443 et
2513 3386 2691 3444 laudis
2732 3390 2906 3460 gratia
2937 3389 3090 3458 dicit,
3142 3390 3262 3457 sed,
3310 3408 3381 3447 ne
3418 3391 3655 3449 laedatur

2050 3475 2388 3548 praedicatio,
2436 3474 2480 3531 si
2524 3476 2637 3548 ipse
2694 3476 2843 3533 haud
2889 3477 2997 3533 ﬁde
3038 3478 3238 3551 dignus
3275 3495 3375 3536 ceu
3425 3481 3544 3538 vilis
3589 3498 3655 3538 ac

2048 3564 2444 3637 discipulorum
2466 3564 2766 3637 discipulus
2792 3565 3078 3623 habeatur.

2123 3657 2301 3713 Vsus.
2336 3660 2423 3712 18.
2462 3677 2487 3703 α
2519 3653 2733 3711 Deinde
2762 3663 2885 3727 post
2918 3672 3093 3712 annos
3120 3665 3231 3714 tres
3258 3659 3474 3716 ascendi
3514 3660 3653 3718 Hie-

2049 3745 2357 3818 rosolyma,
2393 3753 2457 3801 ut
2480 3743 2723 3801 viderem
2748 3746 2995 3801 Petrum.
3035 3768 3062 3795 »
3094 3748 3167 3801 Et
3185 3745 3292 3803 hoc
3318 3746 3653 3807 humilitatis

2049 3834 2297 3906 signum,
2358 3833 2629 3906 siquidem
2677 3834 2752 3902 is,
2826 3834 2921 3906 qui
2966 3843 3121 3891 tanta
3170 3843 3529 3910 transegerat,
3580 3838 3653 3895 ad

2051 3928 2279 3981 Petrum
2308 3923 2465 3991 abiit,
2504 3940 2618 3980 non
2648 3924 2907 3981 utilitatis
2934 3924 3132 3997 gratia,
3177 3925 3277 3983 sed
3300 3927 3418 3983 solo
3442 3927 3649 3985 visendi

2052 4011 2254 4077 studio,
2296 4012 2578 4069 honorans
2612 4028 2741 4068 eum
2782 4028 2881 4069 ceu
2922 4028 2982 4069 se
3028 4013 3317 4087 majorem.
3356 4018 3651 4088 Propterea

2054 4118 2229 4174 neque
2256 4101 2392 4159 dixit
2427 4100 2601 4172 Ἰδεῖν,
2632 4101 2688 4158 id
2718 4110 2831 4171 est,
2862 4104 2945 4160 Ut
2967 4118 3251 4160 cernerem
3280 4107 3531 4175 Petrum,
3559 4106 3657 4164 sed

2066 4190 2370 4263 Ἱστορῆσαι,
2418 4192 2472 4248 id
2500 4200 2602 4261 est,
2629 4194 2712 4249 Ut
2736 4191 3002 4261 viderem,
3025 4200 3079 4248 et
3107 4210 3235 4250 cum
3267 4195 3656 4254 observatione

2054 4281 2293 4338 intuerer
2327 4300 2337 4335 :
2373 4280 2431 4336 id
2462 4281 2612 4353 quod
2642 4296 2872 4354 magnas
2907 4289 2965 4337 et
2986 4283 3278 4353 praeclaras
3315 4285 3478 4342 urbes
3501 4285 3654 4341 addi-

2053 4380 2264 4429 scentes
2312 4369 2523 4439 dicunt,
2572 4371 2799 4443 perinde
2829 4386 2894 4427 ac
2941 4386 3042 4427 nos
3084 4371 3300 4429 abimus
3326 4373 3397 4430 ad
3441 4382 3658 4431 sanctos

2054 4462 2204 4519 viros
2259 4479 2273 4518 :
2322 4459 2421 4518 sed
2462 4476 2565 4517 nos
2619 4460 2805 4532 potius
2847 4460 3133 4531 utilitatis,
3175 4462 3263 4519 ille
3315 4478 3444 4520 vero
3485 4464 3657 4522 solius

1969 4550 2019 4613 D
2056 4550 2280 4608 honoris
2312 4550 2505 4623 gratia.

2123 4665 2149 4691 ‹‹
2206 4645 2279 4698 Et
2304 4640 2487 4697 mansi
2541 4639 2687 4713 apud
2715 4656 2843 4697 eum
2869 4640 3060 4698 diebus
3087 4640 3422 4715 quindecim.
3458 4667 3483 4693 υ
3514 4643 3655 4702 Illud

2048 4729 2298 4804 quidem,
2323 4732 2405 4788 Ut
2423 4728 2653 4800 videret,
2684 4728 2915 4787 honoris
2941 4730 3161 4804 signum
3188 4741 3271 4788 est
3296 4750 3309 4787 :
3333 4748 3658 4805 permanere

2051 4829 2256 4890 autem,
2286 4820 2545 4876 amicitia:
2574 4820 2967 4893 charitatisque
3006 4821 3352 4879 vehementis
3380 4831 3466 4879 est
3491 4840 3652 4897 argu-

2051 4918 2333 4967 mentum.
2365 4912 2496 4967 Non
2514 4910 2654 4967 dixit
2677 4920 2862 4967 autem
2882 4910 3029 4983 quod
3056 4911 3166 4968 illic
3194 4911 3393 4971 doctus
3418 4914 3511 4982 sit,
3533 4912 3651 4981 sed,

2057 5024 2083 5050 ‹‹
2114 5000 2283 5057 Mansi
2312 5000 2457 5072 apud
2483 5016 2633 5069 eum,
2671 5022 2697 5049 ιο
2726 5016 2859 5073 pro,
2889 5015 3021 5057 cum
3049 5001 3186 5073 ipso.

2124 5092 2302 5146 Vens.
2338 5094 2422 5145 19.
2458 5112 2483 5138 σι
2516 5088 2707 5145 Alium
2726 5097 2912 5144 autem
2938 5091 3317 5162 apostolorum
3342 5090 3452 5148 vidi
3480 5091 3656 5149 nemi-

2052 5195 2204 5250 nem,
2260 5179 2366 5236 nisi
2413 5178 2683 5235 Jacobum
2738 5179 2967 5235 fratrem
3021 5179 3264 5235 Domini.
3337 5203 3362 5229 »
3424 5183 3658 5255 Propter

2053 5273 2283 5327 Petrum
2322 5267 2546 5343 quidem
2574 5267 2844 5339 ascondit,
2882 5267 3017 5326 adeo
3046 5270 3227 5343 ipsum
3252 5268 3563 5329 honorabat
3594 5289 3659 5328 ac

1751 5541 2285 5627 Variaedlectiones.
2336 5615 2347 5625 γ

420 5724 465 5761 ⁵⁸
493 5723 630 5779 ἀλλὰ
651 5723 765 5779 οὐδὶ
793 5721 1019 5792 ἀπῆλθον
1046 5738 1101 5780 0.
1179 5720 1222 5757 ⁵⁸
1250 5721 1397 5793 χάριν
1425 5735 1480 5779 ο.
1557 5718 1599 5755 ⁵⁷
1629 5712 1691 5786 ἦν
1713 5718 1768 5773 δὲ
1793 5718 1878 5772 καὶ
1908 5715 2147 5779 Ἰάκωὸος
2178 5733 2232 5774 0.
