4134 6422
493 437 596 489 967
1475 429 2024 501 ΤΗΕονΗγιΑοτῃ
2047 429 2405 486 BULGARUE
2441 430 2758 488 ARCHIEP.
3695 434 3802 489 968

490 555 858 614 desiderabat.
897 555 1048 613 Vidit
1082 563 1270 612 autem
1302 563 1356 612 et
1380 555 1672 612 Iacobum.
1708 557 1876 612 Istius
1899 562 2088 612 autem
2118 613 2122 622 ί

2165 610 2172 622 _
2200 556 2254 616 δὲ
2284 555 2374 614 καὶ
2405 554 2668 618 Ἰάκωϐον
2692 580 2704 594 ’
2732 556 2870 633 μετὰ
2896 559 3054 631 τιμῆς
3075 555 3130 614 δὲ
3162 554 3253 614 καὶ
3283 553 3468 615 τούτου
3496 555 3797 632 μέμνηται,

490 663 620 704 cum
662 646 874 702 honore
901 645 1176 713 meminit,
1210 668 1236 694 α
1281 647 1534 701 Fratrem
1563 645 1793 701 Domini
1826 669 1851 693 »
1897 644 2091 716 appel-

2205 668 2234 703 «
2271 645 2378 706 Τὸν
2406 645 2648 726 ξάδελφὸν
2692 652 2784 706 τοῦ
2820 644 3052 724 Κυρίου,
3104 667 3134 702 »
3170 645 3332 704 εἰπών
3361 667 3374 681 ·
3407 643 3545 703 οὕτω
3572 645 3659 704 καὶ
3693 649 3802 723 βα-

490 736 639 802 lans,
670 735 810 792 adeo
856 735 925 791 ab
963 735 1119 792 omni
1162 734 1460 791 invidentia
1508 735 1715 792 alienus
1760 743 1894 791 erat.
1930 733 2093 806 Atqui

2202 735 2420 801 σκανίας
2470 735 2806 806 ἀπήλλακτο.
2873 734 3062 794 Καίτοι
3110 736 3155 792 εἷ
3211 734 3472 806 ἠϐούλετο
3523 742 3798 811 σημᾶναι,

490 825 538 881 si
587 825 844 881 voluisset
889 825 1234 897 signiﬁcare,
1292 824 1565 896 potuisset
1611 823 1826 891 dicere,
1875 825 2092 894 Cleopa!

2201 814 2345 882 εἶπεν
2381 824 2482 901 ἂν,
2535 825 2644 886 Τὸν
2691 829 2783 882 τοῦ
2830 825 3045 885 Κλοπᾶ,
3096 825 3239 886 Οὐδὲ
3273 823 3376 901 γὰρ
3424 822 3565 884 κατὰ
3625 823 3803 903 σάρκα

489 913 699 981 ﬁlium;
734 929 913 986 neque
951 913 1096 970 enim
1139 913 1441 970 secundum
1490 928 1716 968 carnem
1770 912 1937 968 frater
1975 921 2094 970 erat

2203 912 2423 995 ἀδελφὸς
2467 905 2532 986 ἧν
2562 918 2654 974 τοῦ
2702 911 2934 993 Κυρίου,
2983 911 3100 972 ἀλλ’
3131 912 3417 987 ἐνομίζετο.
3463 915 3588 979 Πῶς
3633 912 3688 970 δὲ
3735 904 3802 984 ἦν

487 1003 735 1072 Domini,
761 1002 862 1060 sed
889 1003 1204 1076 putabatur.
1230 1002 1523 1074 Quomodo
1552 1006 1737 1058 autem
1760 1011 1877 1058 erat
1894 1009 2093 1074 gnatus

2201 1009 2292 1062 τοῦ
2345 1006 2576 1075 Κλοπᾶ,
2629 1003 2818 1062 ἀ¹κουε⁹
2867 1001 3090 1070 Κλοπᾶς
3153 1001 3246 1061 καὶ
3297 999 3498 1078 Ἰωσὴφ
3548 1001 3802 1080 ἀδελφοίο

488 1092 745 1164 (Σιρομωὲ
772 1091 917 1149 Audi
949 1114 962 1150 :
994 1095 1224 1164 Cleopas
1270 1101 1325 1148 et
1352 1091 1558 1164 Joseph
1593 1090 1791 1147 fratres
1821 1091 2043 1147 fuerunt
2076 1107 2089 1143 :

2200 1098 2292 1151 τοῦ
2327 1095 2520 1153 Κλοπᾶ
2551 1093 2776 1160 ἄπαιδος
2818 1091 3260 1165 τελευτήσαντος,
3309 1095 3338 1150 ὁ
3381 1089 3583 1170 Ἰωσὴφ
3621 1089 3798 1159 ἐξανέ-

487 1182 686 1254 Cleopa
715 1181 924 1254 absque
961 1181 1146 1238 liberis
1175 1189 1396 1238 mortuo
1419 1222 1434 1246 ,
1463 1180 1670 1253 Joseph
1702 1180 1962 1237 excitavit
1989 1180 2095 1252 ipsi

2202 1205 2396 1254 στησεν
2446 1185 2590 1262 αὐτῷ
2642 1181 2890 1263 σπέρμα,
2945 1180 3036 1240 καὶ
3092 1180 3239 1239 ἔτεκε
3294 1184 3510 1253 τοῦτον,
3553 1179 3644 1238 καὶ
3683 1178 3804 1248 τοὺς

488 1287 710 1340 semen,
758 1287 823 1328 ac
874 1272 1062 1344 genuit
1109 1271 1284 1339 hunc,
1337 1263 1582 1343 aliOsque
1626 1268 1829 1326 fratres
1865 1270 2000 1342 ejus,
2039 1279 2096 1326 et

2203 1271 2391 1338 ἄλλους
2421 1273 2578 1331 αὐτοῦ
2630 1268 2912 1351 ἀδελφοὺς,
2966 1269 3059 1328 καὶ
3108 1268 3324 1349 Μαρίαν
3373 1268 3438 1340 ἣν
3477 1272 3568 1327 τοῦ
3611 1269 3803 1329 Κλοπᾶ

489 1362 753 1427 Mariam,
787 1376 954 1433 quam
995 1361 1214 1432 Cleopaa
1241 1361 1445 1430 ﬁliam,
1473 1375 1722 1417 sororem
1749 1360 1948 1415 Matris
1973 1363 2095 1416 Do-

2203 1352 2398 1442 oﬁoavA,
2428 1360 2656 1442 ἀδελφὴν
2702 1364 2796 1431 τῆς
2825 1365 2916 1419 τοῦ
2963 1358 3165 1440 Κυρίου
3210 1358 3429 1438 Μητρὸς
3458 1357 3520 1416 τὸ
3553 1357 3799 1437 Εὐαγγέ-

489 1451 627 1506 mini
658 1449 1016 1522 Evangelium
1043 1449 1178 1506 dixit
1218 1469 1232 1505 :
1264 1457 1458 1522 utpote
1493 1449 1646 1521 quod
1676 1447 1881 1520 Joseph
1923 1449 2096 1519 patris

2204 1452 2313 1509 λιον
2347 1439 2520 1510 εἶπενο
2568 1439 2646 1519 ⁷ὡς
2696 1455 2787 1509 τοῦ
2815 1448 3024 1529 Ἰωσὴφ
3079 1450 3284 1526 μᾶλλον
3313 1445 3513 1527 πατρὸς
3568 1449 3805 1525 κηδεμο-

483 1540 669 1612 potius
699 1554 892 1596 curam
919 1553 1050 1611 erga
1074 1539 1386 1610 Virginem,
1419 1554 1586 1610 quam
1619 1537 1799 1594 mariti
1829 1535 2094 1594 affectum

2203 1539 2318 1598 νίαν
2341 1540 2471 1620 πρὸς
2520 1538 2618 1614 τὴν
2661 1537 2966 1620 Παρθένον,
3018 1537 3053 1610 ἢ
3091 1536 3275 1619 ἀνδρὸς
3332 1537 3561 1596 διάθεσιν
3607 1535 3802 1596 διασώ-

488 1629 738 1687 servarit.

2203 1651 2414 1696 σαντος.

561 1720 729 1793 332
758 1721 934 1778 Vsus.
965 1725 1053 1778 20.
1099 1743 1126 1769 σι
1159 1721 1298 1790 Quae
1323 1727 1510 1776 autem
1540 1717 1723 1776 scribo
1752 1717 1929 1787 vobis,
1962 1733 2089 1774 ecce
2122 1769 2169 1801 η

2291 1743 2322 1775 α
2351 1717 2413 1779 Ἃ
2473 1717 2528 1777 δὲ
2576 1718 2764 1801 γράφω
2816 1721 2973 1796 ὑμῖν,
3037 1715 3148 1778 ἰδοὺ
3208 1716 3428 1776 ἐνώπιον
3488 1722 3581 1776 τοῦ
3627 1719 3801 1789 Θεοῦ,

562 1769 729 1793 υυει
778 1769 934 1778 ”⁴“’·¹““¹”
965 1769 1053 1778 ’ν’
1167 1769 1297 1790 Ὂ“’*
1324 1769 1510 1776 """'—
1541 1769 1718 1776 """
1765 1769 1929 1787 ’ν’-’⁷1
1968 1769 2084 1774 "“

487 1824 680 1867 coram
731 1813 874 1880 Deo,
935 1827 1049 1866 non
1101 1811 1362 1866 mentior.
1422 1833 1446 1858 ν
1516 1811 1803 1882 Tanquam
1859 1810 1917 1863 in
1965 1805 2090 1864 foro

2165 1778 2170 1824 ς
2199 1809 2280 1866 ὅτι
2310 1809 2368 1868 οὗ
2387 1769 2744 1889 ψεύδομᾏιῒι.τ»
2781 1769 3037 1886 ΚαΓθάπερ
3083 1807 3172 1865 ἐπὶ
3211 1806 3556 1885 δικαστηρίου
3588 1807 3797 1883 μέλλων

483 1898 719 1971 judiciali
759 1900 1032 1957 rationem
1059 1899 1381 1956 redditurus
1411 1906 1557 1968 erat,
1607 1899 1686 1954 ita
1728 1897 1912 1956 verbis
1953 1913 2089 1954 con-

2201 1897 2412 1965 εὖθύνας
2458 1899 2706 1978 ὑπέχειν,
2765 1896 2927 1966 οὕτως
2965 1895 3350 1976 ἐπαγωνίζεται
3405 1899 3481 1976 τῷ
3530 1894 3673 1976 λόγῳ
3731 1897 3802 1962 ὡς

487 1989 685 2057 tendit,
716 2006 824 2063 quo
853 1989 964 2046 ﬁde
994 1989 1200 2062 dignus
1227 1987 1516 2044 habeatur.

1147 2005 1200 2045 ts
1227 1987 1516 2044 habeatur.
2203 1987 2264 2046 ἂν
2299 1987 2594 2056 ἀξιόπιστος
2625 1989 2779 2068 δοκῇ.

559 2083 738 2137 Vsns.
782 2085 969 2136 21-23.
1019 2103 1043 2128 α
1083 2078 1296 2136 Deinde
1333 2077 1457 2133 veni
1501 2078 1555 2132 in
1599 2085 1782 2150 partes
1825 2077 1997 2148 Syriae
2038 2087 2094 2133 et

2285 2102 2315 2133 α
2346 2076 2584 2138 Ἔπειτα
2639 2068 2797 2150 ἦλθον
2828 2077 2901 2144 εἷς
2927 2075 2994 2136 τὰ
3050 2074 3304 2152 κλήματα
3363 2074 3560 2155 [vulg.
3615 2073 3799 2154 κλίμ.]

489 2169 718 2226 Cilicia).
751 2173 920 2225 Eram
966 2175 1154 2225 autem
1186 2168 1407 2240 ignotus
1432 2167 1570 2224 facie
1601 2169 1858 2224 Ecclesiis
1886 2167 2094 2224 Judaaae

2200 2171 2296 2240 τῆς
2327 2167 2524 2248 Συρίας
2559 2167 2650 2226 καὶ
2679 2170 2771 2240 τῆς
2805 2164 3066 2233 Κιλικίας.
3110 2161 3304 2238 Ἥμην
3345 2165 3402 2223 δὲ
3448 2163 3805 2242 ἀγνοούμενος

487 2275 612 2332 quae
642 2266 802 2315 erant
837 2257 892 2313 in
921 2257 1159 2315 Christo.
1195 2255 1560 2314 Solummodo
1590 2257 1915 2314 audiverant
1942 2256 2093 2329 quod

2200 2261 2277 2336 τῷ
2307 2257 2579 2338 προσώπῳ
2610 2260 2725 2323 ταῖς
2754 2254 3111 2328 Ἐκκλησίαις
3128 2258 3252 2338 ⁸τῆς
3281 2252 3547 2321 Ἰουδαίας
3576 2255 3690 2320 ταῖς
3747 2255 3801 2312 ἰν

489 2349 594 2419 Qui
610 2346 1036 2420 persequebatur
1045 2363 1146 2404 nos
1161 2346 1473 2419 aliquando,
1487 2362 1633 2402 nunc
1649 2345 1909 2417 praedicat
1923 2345 2091 2402 ﬁdem

2202 2334 2437 2428 Χριστῷ.
2478 2334 2654 2407 Μόνον
2707 2344 2762 2405 δὲ
2805 2343 3083 2411 ἀκούοντες
3123 2334 3300 2416 ἦσαν,
3351 2341 3430 2402 ὅτι
3473 2342 3544 2405 t0
3595 2341 3802 2402 διώκων

489 2455 658 2510 quam
679 2436 973 2510 aliquando
993 2435 1453 2508 depopulabatur.
1477 2455 1506 2490 »
1530 2439 1611 2495 Ut
1627 2438 1857 2492 Petrum
1886 2436 2094 2492 solum-

2201 2443 2347 2514 ἡμᾶς
2373 2459 2503 2498 ποτε
2569 2433 3105 2513 νῦν-εὐαγγελίζεται
3132 2431 3230 2501 τὴν
3277 2431 3490 2510 πίστιν,
3563 2432 3630 2504 ἥν
3673 2455 3804 2492 ποτε

491 2527 657 2585 modo
687 2526 912 2590 videret,
944 2526 1001 2581 in
1025 2525 1219 2583 Iudaea
1249 2523 1564 2596 demorans,
1585 2541 1778 2582 rursus
1797 2541 1862 2581 ex
1885 2541 1949 2582 ea
1976 2524 2093 2581 dis-

2204 2527 2431 2606 ἐπόρθει.
2461 2551 2491 2581 ιο
2525 2524 2629 2586 Διὰ
2673 2524 2734 2583 τὸ
2785 2524 2874 2583 τὸν
2923 2521 3125 2602 Πέτρον
3179 2523 3310 2580 ἰδεῖν
3367 2522 3555 2599 μόνον,
3587 2522 3808 2589 ἐπιστὰς

488 2618 664 2685 cedit,
692 2625 980 2690 propterea
1014 2614 1165 2688 quod
1189 2623 1247 2672 et
1282 2616 1537 2688 gentibus
1564 2614 1863 2686 praedicare
1891 2613 2096 2670 missus

2202 2620 2268 2694 τῇ
2329 2614 2591 2695 Ἰουδαία,
2632 2613 2792 2672 πάλιν
2841 2612 3155 2691 μεθίσταται
3207 2609 3436 2685 ταύτης,
3489 2611 3576 2671 διά
3643 2634 3702 2669 τε
3744 2611 3805 2669 τὸ

488 2716 652 2774 esset,
675 2715 727 2762 et
747 2705 893 2778 quod
919 2720 1084 2777 super
1108 2706 1351 2761 alienum
1378 2703 1802 2762 fundamentum
1824 2704 2094 2760 aediﬁcare

2205 2703 2405 2764 ἔθνεσιν
2441 2703 2772 2763 ἀπεστάλθαι
2804 2699 2995 2782 κήρυξ,
3045 2700 3134 2759 καὶ
3180 2699 3241 2757 τὸ
3287 2699 3362 2775 μὴ
3411 2703 3497 2757 ἐπ’
3529 2699 3804 2777 ἀλλότριον

491 2795 684 2851 nollet.
717 2797 1011 2866 Propterea
1037 2803 1093 2851 et
1120 2795 1374 2866 ignotus,
1403 2794 1604 2866 inquit,
1633 2809 1785 2850 eram
1815 2793 1874 2848 in
1900 2791 2096 2848 Iudaea

2205 2795 2443 2872 θεμέλιον
2491 2791 2774 2872 ἀνέχεσθαι
2830 2793 3148 2868 οἰκοδομεῖν.
3204 2788 3302 2848 Διὸ
3350 2790 3441 2849 καὶ
3471 2789 3805 2868 ἠγνοούμην,

492 2884 815 2940 Christianis
836 2883 1137 2940 secundum
1157 2882 1378 2939 faciem.
1398 2883 1694 2953 Quomodo
1711 2882 1883 2954 igitur
1899 2880 2098 2952 praedi-

2205 2885 2374 2963 φησὶ,
2422 2891 2527 2947 τοῖς
2574 2884 2629 2941 ἐν
2779 2881 3021 2962 Ἰουδαίᾳ
3087 2880 3431 2959 Χριστιανοῑς
3485 2881 3604 2939 κατ’
3657 2881 3798 2959 ὄψιν.

495 2989 708 3030 cassem
737 2973 872 3044 ipsis
899 2973 1404 3041 circumcisionem,
1433 2972 1524 3044 qui
1545 2971 1682 3028 facie
1701 2987 1851 3028 eram
1881 2970 1985 3027 illis
2013 2971 2098 3026 in-

2206 2978 2335 3042 Πῶς
2379 2965 2466 3032 οὖν
2493 2971 2554 3030 ἂν
2603 2972 2779 3038 αὐτοῖς
2811 2969 3039 3050 ἐκήρυξα
3084 2968 3376 3047 περιτομὴν
3398 3013 3414 3040 ,
3461 2972 3490 3027 ὁ
3519 2968 3654 3046 μηδὲ
3683 2969 3806 3028 κατ’

494 3064 782 3135 cognitus?
825 3063 1060 3133 Pr0pter
1089 3061 1195 3117 hoc
1239 3061 1388 3117 enim
1435 3061 1913 3117 calumniabantur
1937 3075 2086 3128 eum,

2201 3063 2319 3144 ὄψιν
2375 3064 2550 3129 αὐτοῖς
2581 3060 2983 3140 γνωριζόμενος,
3013 3061 3190 3118 Τοῦτο
3240 3056 3344 3137 γὰρ
3387 3056 3667 3117 διέϐαλλον
3695 3059 3801 3116 αὖ-

494 3113 642 3224 (ιυῖά
663 3151 718 3207 in
738 3151 931 3208 Judaea
953 3150 1430 3207 circumcisionem
1452 3149 1816 3222 praedicasset.
1846 3152 2093 3205 Tantum
2125 3142 2126 3155 ¹

2202 3113 2315 3144 "r"
2377 3113 2550 3129 ’π’-’ν
2594 3113 2983 3140 ι’πινντνι-ὐνη
3025 3113 3185 3118 -ετετ
3253 3113 3337 3137 ινῑ
3395 3113 3656 3117 ν--ν---“-ν-

2200 3153 2325 3227 τὸν,
2370 3149 2451 3210 ὅτι
2497 3153 2548 3210 ἐν
2577 3149 2815 3230 Ἰουδαίᾳ
2875 3153 3167 3230 περιτομὴν
3198 3145 3436 3226 ἐκήρυξε.
3482 3146 3657 3207 Μόνον
3701 3146 3806 3226 γὰρ

493 3241 662 3297 modo
701 3241 850 3296 enim
880 3240 951 3296 de
990 3255 1077 3296 me
1119 3240 1473 3308 audiverant,
1513 3239 1659 3311 quod
1701 3240 1768 3296 ad
1815 3238 2095 3294 Christum

2202 3242 2393 3315 ἤκουον
2431 3239 2553 3320 περὶ
2597 3241 2762 3317 ἐμοῦ,
2798 3237 2879 3297 ὅτι
2915 3237 3215 3317 ἐπέστρεψα
3271 3236 3342 3303 εἰς
3389 3236 3658 3317 Χριστὸν,
3712 3237 3804 3294 καὶ

495 3347 791 3386 conversus
818 3345 995 3386 essem
1017 3371 1032 3398 ,
1063 3338 1120 3385 et
1147 3329 1296 3401 quod
1325 3329 1509 3400 ipsum
1539 3326 1921 3400 praedicarem.

1190 3329 1296 3385 uod
1325 3329 1509 3400 ipsum
1539 3326 1921 3400 praedicarem.
2204 3332 2610 3410 εὐαγγελίζομαι
2642 3329 2822 3390 αὐτόν.

567 3423 732 3476 VEns.
767 3425 862 3476 34.
903 3442 928 3467 α
965 3420 1035 3474 Et
1061 3419 1439 3491 gloriﬁcabant
1474 3422 1654 3474 Deum
1681 3417 1738 3472 in
1768 3433 1876 3473 me.
1915 3440 1940 3466 ν
1976 3419 2098 3473 Hoc

2295 3443 2324 3479 α
2355 3419 2464 3480 Καὶ
2517 3418 2753 3488 ἐδόξαζον
2799 3420 2853 3477 ἐν
2887 3417 3006 3494 ἐμοὶ
3059 3419 3148 3479 τὸν
3198 3419 3362 3480 Θιόν.
3408 3439 3436 3474 η
3497 3415 3606 3477 Καὶ
3649 3419 3806 3475 τοῦτο

497 3511 666 3566 etiam
703 3518 787 3568 est
823 3507 1109 3566 modestia.
1157 3510 1278 3564 Non
1317 3506 1466 3564 enim
1505 3507 1660 3576 dixit,
1701 3507 1810 3578 Ipsi
1850 3505 2093 3563 demira-

2206 3508 2676 3590 μετριοφροσύνης.
2726 3508 2808 3568 Οὐ
2855 3506 2960 3589 γὰρ
3008 3497 3182 3586 εἶπεν,
3207 3510 3288 3569 ὅτι
3339 3504 3673 3583 Ἐθαύμαζόν
3699 3528 3801 3581 με,

495 3600 697 3657 bantur
765 3616 887 3668 me,
959 3599 1067 3655 mei
1133 3597 1355 3654 nomine
1417 3597 1932 3665 consternabantur,
1999 3595 2096 3652 sed

2204 3597 2580 3671 ἐξεπλήττοντό
2629 3620 2694 3674 με
2720 3619 2734 3634 ο
2792 3596 2933 3656 ἀλλὰ
2965 3599 3026 3658 τὸ
3068 3607 3176 3657 πᾶν
3214 3601 3308 3670 τῆς
3341 3596 3558 3677 χάριτος
3610 3591 3801 3660 ἔδειξεν

491 3698 666 3746 totum
730 3690 922 3763 gratiae
987 3703 1107 3745 esse
1169 3686 1432 3744 ostendit.
1491 3707 1532 3736 'a
1597 3689 1777 3743 Deum
1852 3709 1878 3734 ιι
1945 3685 2094 3741 enim

2203 3689 2279 3750 ὄν.
2315 3712 2341 3746 α
2367 3691 2418 3749 Τ
2421 3689 2475 3748 ὸν
2511 3711 2540 3745 ι
2571 3685 2673 3766 γὰρ
2713 3714 2736 3738 «
2766 3686 2905 3749 Θεὸν
2930 3686 3171 3757 ἐδόξαζον
3202 3690 3255 3747 ἐν
3278 3686 3416 3765 ἐμοὶ,
3437 3708 3466 3746 ››
3503 3686 3574 3752 ὡς
3595 3682 3803 3757 δηλαδὴ

499 3803 523 3829 α
547 3779 927 3852 gloriﬁcabant
945 3778 1003 3835 in
1022 3793 1131 3847 me,
1164 3801 1188 3827 ι
1213 3785 1400 3850 utpote
1421 3775 1519 3851 qui
1544 3783 1724 3833 totum
1753 3775 2091 3849 perﬁciebat.

1179 3801 1188 3827 ι
1213 3785 1400 3850 utpote
1421 3775 1519 3851 qui
1544 3783 1724 3833 totum
1753 3775 2091 3849 perﬁciebat.
2203 3779 2264 3838 τὸ
2292 3777 2410 3838 ὅλον
2442 3779 2811 3858 ἐργαζόμενον,

1126 3923 1370 3980 CAPUT
1399 3925 1474 3978 ll.

2787 3915 3080 3977 ΚΕΦΑΛ.
3130 3912 3214 3976 Β’.

567 4050 749 4105 Vens.
793 4055 854 4118 1,
897 4053 950 4103 2.
996 4071 1022 4096 ι
1054 4047 1268 4104 Deinde
1311 4054 1436 4120 post
1473 4061 1650 4104 annos
1682 4044 2095 4119 quatuordecim

2291 4065 2322 4096 α
2355 4036 2588 4099 Ἔπειτα
2618 4037 2704 4097 διὰ
2733 4038 3134 4118 δεκατεσσάρων
3160 4041 3292 4098 ἐτῶν
3319 4037 3481 4096 πάλιν
3513 4034 3706 4108 ἀνέϐην
3731 4037 3802 4101 εἷς

495 4139 697 4195 lterum
738 4137 958 4194 ascendi
996 4137 1383 4209 Hierosolyma
1437 4153 1565 4194 cum
1615 4137 1891 4208 Barnaba,
1932 4136 2094 4192 simul

2205 4127 2552 4210 Ἱεροσόλυμα
2631 4127 2766 4205 μετὰ
2837 4128 3128 4210 Βαρνάϐα,
3210 4123 3650 4207 συμπαραλαϐὼν
3710 4124 3803 4183 καὶ

495 4233 778 4298 assumpto
818 4225 962 4282 Tito.
995 4224 1229 4281 Ascendi
1259 4235 1446 4282 autem
1474 4226 1782 4284 secundum
1811 4224 2095 4282 revelatio-

2204 4219 2384 4281 Τίτον.
2446 4215 2662 4289 Ἇνέϐην
2731 4217 2785 4276 δὲ
2847 4217 2988 4277 κατὰ
3035 4218 3392 4298 ἀποκάλυψιν.
3455 4240 3486 4272 ι)
3535 4218 3650 4286 Τῆς
3705 4214 3803 4290 μὲν

495 4329 652 4372 nem.
713 4336 742 4365 »
789 4315 992 4372 Prioris
1051 4315 1275 4386 quidem
1339 4315 1669 4372 ascensionis
1729 4316 1923 4371 Petrus
1975 4319 2095 4368 erat

2202 4309 2459 4390 προτέρας
2527 4306 2839 4374 ἀναϐάσεως
2894 4307 3099 4388 Πέτρος
3153 4298 3220 4380 ἦν
3280 4309 3314 4378 ἡ
3367 4305 3552 4365 αἰτία*
3605 4309 3698 4375 τῆς
3742 4303 3798 4363 δὲ

495 4421 656 4460 causa
702 4421 716 4459 :
762 4403 1020 4461 secundae
1061 4421 1189 4461 vero
1236 4405 1520 4462 revelatio.
1577 4407 1772 4462 Titum
1814 4411 1996 4460 autem
2041 4408 2095 4457 et

2203 4398 2473 4478 δευτέρας,
2520 4400 2555 4468 ἡ
2608 4397 2960 4478 ἀποκάλυψις.
3025 4396 3186 4457 Τίτον
3256 4394 3310 4454 δὲ
3362 4394 3456 4454 καὶ
3511 4392 3799 4471 Βαρνάϐαν

496 4494 806 4550 Barnabam
833 4493 1062 4551 adduxit
1100 4501 1269 4554 testes
1303 4510 1418 4554 sua:
1457 4493 1892 4568 praedicationis,
1941 4490 2091 4565 quod
2124 4483 2128 4545 ξ

2170 4488 2430 4568 ’ἐπήγετο
2486 4487 2757 4566 μάρτυρας
2803 4492 2897 4546 τοῦ
2947 4486 3080 4546 ἰδίου
3127 4485 3504 4566 κηρύγματος,
3563 4479 3644 4542 ὅτι
3686 4487 3802 4563 ἀρε-

493 4584 759 4656 apostolis
799 4584 1108 4656 placuisset.

2202 4579 2324 4639 στὸν
2353 4575 2494 4644 ἔδοξε
2533 4580 2640 4643 τοῖς
2672 4576 3013 4645 ἀποστόλοις.

569 4697 595 4722 «ι
629 4676 698 4730 Et
720 4675 930 4730 contuli
956 4690 1083 4731 cum
1117 4673 1247 4747 ipsis
1280 4673 1642 4748 Evangelium
1677 4670 1827 4745 quod
1852 4669 2092 4744 praedico

2290 4696 2312 4720 α
2347 4666 2460 4730 Καὶ
2493 4664 2749 4744 ἀνεθέμην
2795 4666 2972 4733 αὐτοῖς
2997 4666 3057 4724 τὸ
3083 4665 3412 4744 Εὖαγγέλιον
3431 4709 3447 4738 ,
3492 4661 3521 4722 ὃ
3550 4661 3802 4743 κηρύσσω

493 4763 637 4819 inter
677 4771 884 4836 gentes.
921 4787 946 4812 ιο
978 4766 1100 4820 Hoc
1127 4772 1230 4833 est,
1262 4765 1410 4836 quod
1439 4762 1874 4820 circnmcisionis
1899 4775 2094 4834 expers

2202 4760 2255 4816 ἐν
2305 4760 2413 4823 τοῖς
2456 4754 2649 4815 ἔθνεσι.
2706 4779 2736 4815 n
2804 4755 3099 4832 Τουτέστι,
3157 4755 3218 4812 τὸ
3263 4752 3428 4834 χωρὶς
3483 4754 3796 4832 περιτομῆς.

493 4861 594 4909 est.
646 4853 815 4925 Cujus
869 4862 1054 4909 autem
1110 4855 1190 4911 rei
1241 4853 1407 4926 gratia
1453 4861 1579 4926 post
1619 4859 1701 4908 tot
1745 4867 1922 4908 annos
1964 4866 2093 4907 cum

2200 4847 2359 4913 Τίνος
2405 4845 2461 4904 δὲ
2492 4843 2664 4904 ἕνεκεν
2725 4845 2861 4921 μετὰ
2911 4849 3147 4904 τοσαῦτα
3200 4842 3292 4915 ἔτη
3338 4840 3551 4900 ἀνέθετο
3593 4841 3800 4916 αὐτοῖς,

493 4942 598 4998 illis
643 4942 907 5012 contulit,
964 4958 1095 4999 cum
1146 4942 1425 5000 debuisset
1473 4943 1532 4998 in
1593 4941 1859 5014 principio
1908 4940 2092 4997 isthuc

2201 4935 2314 4996 δέον
2343 4933 2492 5016 παρὰ
2519 4935 2615 5006 τὴν
2660 4935 2831 5015 ἀρχὴν
2861 4938 3018 4994 τοῦτο
3055 4938 3304 5008 ποιῆσαι,
3339 4931 3431 4991 καὶ
3471 4933 3668 5008 γνῶναι
3695 4928 3802 4988 εἴτε

490 5047 652 5104 agere
704 5048 769 5088 ac
805 5032 1050 5103 novisse,
1090 5049 1226 5089 num
1276 5041 1422 5089 recte
1476 5031 1562 5088 vel
1611 5047 1771 5088 secus
1810 5032 2091 5088 curreret?

2201 5028 2407 5100 καλῶς,
2439 5023 2540 5083 εἴτε
2595 5024 2670 5101 μὴ
2696 5023 2968 5105 ,ῌτρέχεις
3002 5023 3248 5096 Ἀνόητον
3293 5021 3398 5102 γὰρ
3419 5066 3436 5100 ,
3462 5019 3522 5079 τὸ
3561 5023 3799 5078 τοσαῦτα

491 5102 766 5179 stolidum
791 5123 938 5179 enim
962 5102 1103 5193 erat,
1131 5130 1194 5180 ut
1218 5122 1265 5179 is
1293 5121 1390 5196 qui
1413 5127 1498 5178 tot
1525 5137 1702 5178 annos
1737 5121 2090 5186 cucurrisset,

2199 5114 2294 5188 ἔτη
2349 5112 2648 5195 δραμόντα,
2696 5102 2811 5173 εἶτα
2844 5102 3128 5192 μανθάνειν
3187 5112 3426 5184 δεῖσθαι,
3481 5111 3525 5169 εἰ
3574 5108 3678 5190 ἄρα
3723 5107 3800 5196 μὴ

491 5220 658 5284 atque
697 5219 847 5268 tanta
891 5211 1241 5284 perfecisset,
1295 5195 1434 5283 opus
1481 5211 1713 5268 haberet
1758 5211 1980 5267 tandem
2030 5216 2093 5267 ut

2199 5205 2271 5271 εἷς
2308 5203 2456 5263 κενὸν
2503 5202 2749 5283 ἔδραμεν.
2806 5201 2949 5261 Ἀλλ’
2980 5205 3029 5260 εἰ
3082 5201 3178 5279 μὲν
3230 5203 3300 5268 ὡς
3351 5197 3506 5267 αὐτὸς
3559 5195 3801 5277 μαθησό-

488 5301 680 5370 discat,
707 5318 845 5358 num
875 5302 931 5357 in
972 5317 1177 5358 vanum
1206 5301 1536 5358 cucurrerit.
1582 5303 1788 5357 Verum
1817 5300 1864 5357 si
1893 5316 2091 5357 ascen-

2201 5316 2354 5372 μενος
2417 5292 2540 5371 περὶ
2611 5297 2702 5352 τοῦ
2758 5291 2951 5351 οἰκείου
3017 5292 3215 5370 δρόμου
3272 5290 3569 5370 ἀνήρχετο,
3638 5288 3802 5354 ὄντως

491 5391 573 5447 dit
600 5400 659 5448 ut
679 5391 796 5465 ipse
832 5390 1042 5465 aliquid
1066 5390 1303 5448 disceret
1331 5391 1398 5447 de
1426 5391 1645 5462 proprio
1670 5406 1856 5459 cursu,
1879 5391 2093 5447 ratione

2201 5383 2388 5462 ἄλογον
2459 5373 2525 5454 ἦν
2578 5383 2638 5440 τὸ
2707 5381 3014 5462 γινόμενονο
3081 5379 3198 5439 ἐπεὶ
3250 5378 3306 5438 δὲ
3362 5376 3587 5444 πολλοὺς
3663 5378 3797 5456 ὁρῶν

485 5481 715 5537 vacabat
757 5497 948 5537 revera
1011 5497 1098 5537 res
1157 5481 1374 5537 isthmc.
1431 5478 1906 5552 Quandoquidem
1961 5496 2090 5536 vero

2199 5470 2738 5548 σκανδαλιζομένους,
2794 5473 2864 5537 ὡς
2927 5474 3018 5528 τοῦ
3077 5468 3172 5545 μὲν
3240 5469 3453 5548 Ηέτρου
3509 5465 3797 5547 δεχομένου

491 5569 950 5628 animadverteret
975 5586 1086 5627 non
1129 5585 1339 5643 paucos
1364 5567 1592 5638 offendi,
1631 5578 1898 5642 tauquam
1926 5571 2091 5626 Petro

2199 5560 2530 5640 περιτομὴν,
2589 5561 2750 5619 αὐτοῦ
2811 5559 2866 5617 δὲ
2943 5558 3018 5635 μὴ
3067 5556 3502 5638 περιτέμνοντος,
3565 5554 3658 5615 καὶ
3711 5553 3799 5612 διὰ

491 5658 718 5730 quidem
763 5660 1055 5732 recipiente
1099 5659 1594 5729 circumcisionem,
1639 5661 1757 5732 ipso
1803 5675 1934 5716 vero
1985 5659 2090 5717 cir-

2198 5655 2352 5710 τοῦτο
2429 5653 2760 5729 παρανομεῖν
2857 5647 3318 5723 ὓποπτευομένου,
3393 5649 3584 5718 ἀνῆλθε
3657 5645 3799 5704 κατὰ

489 5747 885 5806 cumcisionem
933 5749 1233 5820 rejiciente,
1281 5765 1347 5807 ac
1399 5757 1687 5823 propterea
1731 5749 1790 5806 in
1825 5747 2092 5822 suspicio-

2205 5739 2540 5820 ἀποκάλυψιν
2560 5785 2578 5818 ,
2617 5742 2709 5800 τοῦ
2742 5735 3640 5822 Πνεύματος’ὑποϐάλλοντοςξαύτῷ
3661 5777 3679 5808 ,
3725 5737 3797 5802 ὡς
