4134 6408
371 446 476 500 969

1265 456 1628 518 EXPOSITIO
1667 462 1736 518 IN
1773 462 1986 522 EPIST.
2025 466 2118 524 AD
2156 468 2398 526 GALAT.
2437 501 2509 513 —
2545 471 2696 529 CAP.
2737 474 2801 528 ll.

3570 480 3674 536 970

370 568 432 629 ἂν
465 575 769 674 πεισθῶσινμ
794 576 844 636 οῖ
892 580 1395 674 σκανδαλιζόμενοι,
1442 585 1523 645 ὅτι
1571 587 1794 667 οὐδεμία
1847 592 1962 652 δια-

2083 610 2210 651 nem
2247 595 2494 653 veniente
2521 597 2670 670 quod
2703 597 3178 670 transgrederetur
3200 601 3393 674 legem,
3433 606 3680 662 ascendit

369 660 536 740 φωνία
589 664 642 756 iv
696 668 774 746 τῷ
844 667 1192 749 κηρύγματι,
1282 673 1400 733 ἀλλ’
1458 660 1804 756 οἰκονομικῶς
1867 681 1966 755 τὴν

367 751 658 851 περιτομὴν
687 756 739 851 οξ
765 763 1164 840 συγχωροῦντες
1201 771 1566 851 συγχωροῦσιν
1585 811 1602 842 ,
1634 751 1714 837 ⁷ὡς
1743 751 1966 851 ἐμπερι-

364 840 547 917 τόμοις
605 843 976 923 κηρύσσοντεςο
1042 852 1154 917 πῶς
1214 840 1340 910 οὖν⁷
1370 840 1593 933 άλογον-
1631 857 1694 918 τὸ
1748 840 1969 937 γενόμε-

364 951 493 1029 voti;
531 931 610 1029 Τό
650 957 721 1029 ⁸τε
769 935 872 1016 γὰρ
906 940 1131 1029 Πνεῦμα
1183 940 1315 1022 ὑπὲρ
1360 951 1454 1004 τοῦ
1483 931 1704 1026 ήέτέρους
1735 931 1968 1029 διορθω-

366 1023 523 1132 θῆνιαι
580 1021 818 1098 ἐκίνησεν
862 1027 1020 1089 αὐτὸν
1071 1021 1336 1108 ἀνελθεῖν,
1385 1032 1478 1092 καὶ
1526 1021 1686 1108 αῦτὸς
1748 1021 1964 1108 εἰκότως

365 1132 656 1182 υπηκουσε.

2080 700 2174 756 per
2227 687 2644 755 revelationem,
2697 689 2902 760 Spiritu
2971 688 3076 745 hoc
3124 689 3175 746 ei
3220 704 3567 764 suggerente,
3616 704 3680 751 ut

2079 773 2288 832 discant
2313 785 2366 832 et
2394 777 2829 848 persuadeantur
2853 778 2946 850 qui
2977 778 3295 836 scandalum
3327 783 3468 852 passi
3496 793 3674 854 erant,

2079 865 2228 936 quod
2281 866 2428 922 nulla
2474 868 2548 922 sit
2595 866 2928 924 dissonantia
2978 868 3030 924 in
3076 869 3466 941 praedicatione
3495 874 3674 944 verbi,

2081 951 2179 1008 sed
2208 954 2299 1026 qui
2323 955 2800 1013 circumcisionem
2829 957 3236 1028 concedebant,
3264 960 3494 1017 consilio
3532 977 3674 1033 quo-

2073 1041 2199 1098 dam
2245 1044 2640 1116 concedebant,
2688 1063 2889 1119 nempe
2943 1047 3065 1120 quia
3114 1049 3453 1107 circumcisis
3504 1052 3671 1124 333

2073 1132 2472 1206 praedicabant;
2512 1152 2683 1208 quam
2732 1136 2961 1194 tandem
3009 1137 3408 1196 absurditatem
3448 1139 3646 1198 habebi

366 1222 454 1264 res
485 1208 622 1268 ista?
650 1212 894 1308 Spiritus
935 1217 1112 1288 enim,
1149 1226 1212 1276 ut
1251 1220 1342 1278 alii
1395 1223 1822 1298 corrigerentur,
1861 1230 2163 1288 commovit
2198 1231 2380 1306 ipsum
2419 1235 2745 1305 ascendere,
2799 1243 2854 1293 et
2901 1235 3017 1308 ipse
3063 1253 3180 1294 non
3215 1237 3493 1296 immerito
3545 1256 3669 1298 mo-

365 1312 484 1353 rem
519 1300 708 1371 gessit.

451 1410 480 1445 α
525 1391 662 1450 Κατ’
707 1390 844 1452 ἰδίαν
889 1394 947 1455 δὲ
993 1405 1102 1465 τοῖς
1150 1399 1380 1461 δοκοῦσι.
1431 1423 1462 1461 ι
1501 1402 1604 1464 Διὰ
1646 1404 1962 1474 τὸπολλοὺς

363 1481 498 1572 εἰναι
522 1478 652 1572 τοῦς
702 1485 1246 1564 σκανδαλιζομένους,
1293 1493 1412 1550 κατ’
1467 1492 1606 1553 ἰδίαν
1647 1497 1826 1572 ὁμιλεῖ
1853 1505 1962 1564 τοῖς

361 1567 484 1662 περι
521 1569 722 1662 Πέτρον
751 1575 780 1631 6
806 1575 1024 1644 Παῦλος
1047 1623 1063 1652 ,
1099 1575 1188 1636 ἵνα
1233 1577 1308 1656 μὴ
1344 1581 1530 1650 στάσις
1569 1567 1826 1662 γένηται,
1865 1587 1959 1647 καὶ

364 1661 723 1755 μεῖζογ
773 1664 834 1720 τὸ
873 1665 1192 1755 σκάνδαλον.
1249 1671 1523 1750 Μυριάδες
1579 1661 1684 1755 γὰρ
1739 1665 1879 1748 ἦσαν
1910 1678 1959 1736 οἳ

362 1747 862 1841 (Βιανδαλιζόμενοι,
923 1753 1010 1822 οὓς
1062 1757 1116 1815 ἐν
1177 1747 1716 1840 κοινῷ-ἀκούσαντας
1737 1747 1771 1841 ,ν
1813 1763 1894 1823 ὅτι
1935 1769 1962 1826 6

365 1837 576 1906 Παῦλος
607 1845 913 1935 ,περιτομὴν
964 1851 1255 1926 καταργεῖ,
1309 1837 1451 1918 εἰκὸς
1501 1843 1568 1925 ἦν
1625 1837 1962 1935 ἆναθορυϐῆ-

363 1947 489 2000 σαι,
536 1927 628 1986 καὶ
666 1927 733 1987 τὰ
780 1931 957 1992 πάντα
998 1935 1246 2015 ταράξαι.
1297 1939 1402 1998 Διᾶ
1451 1946 1605 2001 τοῦτο
1634 1927 1806 2002 τοίνυν
1856 1945 1964 2025 ἰδίᾳ

362 2017 567 2112 δμιλεῖ,
593 2018 755 2112 Τίτον
803 2023 896 2082 καὶ
945 2025 1234 2112 Βαρνάϐαν
1275 2027 1416 2108 ἔχων
1459 2030 1769 2112 μάρτυρας,
1799 2017 1962 2094 πᾶσιν

363 2105 651 2186 ἀνθρώποις
683 2109 1008 2189 δηλοῦντας,
1041 2110 1121 2173 ὅτι
1151 2117 1269 2175 οὐδὲ
1304 2105 1423 2187 ’τοῖς
1461 2105 1789 2191 ἀποστόλοις
1843 2123 1964 2184 ἔδο-

363 2193 443 2262 ξεν
474 2197 798 2290 ἐναντίον-τι
831 2201 1135 2281 κηρύττειν.
1189 2211 1484 2276 Δοκοῦντας
1521 2209 1577 2268 δὲ
1620 2211 1822 2290 λέγων,
1868 2216 1963 2274 οὐκ

361 2285 569 2373 ἀναιρεῖ
595 2286 656 2346 τὸ
699 2279 834 2348 εἶναι
888 2279 1101 2368 αὐτοὺς,
1132 2294 1274 2355 ἀλλὰ
1325 2297 1463 2373 μετὰ
1511 2304 1604 2372 τῆς
1651 2279 1839 2362 ἑαυτοῦ
1869 2303 1960 2362 καὶ

361 2372 459 2473 τὴν
486 2374 662 2473 κοινὴν
689 2377 942 2439 ἁπάντων
985 2385 1159 2466 ψῆφον
1207 2372 1414 2460 τίθησιν
1440 2411 1454 2426 ·
1502 2387 1686 2471 ὥσπερ
1717 2391 1808 2450 καὶ
1839 2393 1962 2473 περὶ

363 2465 557 2562 ἑαυτοῦ
589 2456 732 2562 ε’ίπεν
755 2514 775 2562 ,
802 2456 1250 2562 ὅτι-Δοκῶαάγὼ
1299 2456 1526 2554 Πνεῦμα
1579 2456 1725 2540 Θεοῦ
1775 2456 1923 2562 ἔχεινι
1947 2507 1961 2520 υ

362 2554 570 2655 οῦχιὼς
599 2557 843 2655 ἀναιρξηί
862 2559 933 2655 τὸ.
954 2560 1097 2642 ἔχειν
1118 2607 1136 2638 ,
1169 2565 1322 2655 ἄλλα
1347 2567 1444 2640 τὴν
1486 2567 1665 2642 κοινὴν
1697 2554 1961 2655 ὑπόληψιν

363 2643 612 2740 εἰσάγων.
676 2668 703 2704 α
739 2649 866 2717 Τοῖς
914 2652 1155 2712 δοκοῦσιν
1195 2677 1223 2715 υ
1262 2647 1386 2735 οὖν,
1428 2658 1702 2736 τουτέστι,
1733 2669 1841 2730 τοῖς
1866 2643 1964 2740 με·

362 2731 546 2809 γάλοις
567 2780 585 2810 ,
614 2744 720 2804 τοῖς
750 2736 994 2808 ἐνδόξοις.

452 3044 481 3082 (ι
511 3022 720 3111 Μήπως
752 3027 824 3095 εἷς
869 3028 1018 3089 κενὸν
1063 3028 1279 3110 τρέχω,
1331 3029 1367 3102 ἢ
1423 3030 1675 3111 ἔδραμον.
1719 3057 1750 3090 ιο
1789 3035 1962 3094 Τουτ-

361 3110 538 3186 ἐστιν,
564 3109 690 3175 Ἵνα
721 3116 916 3186 διδάξω
962 3109 1628 3197 τοὺςίσκανδαλιζομένους
1673 3125 1756 3184 ἐπ’
1798 3123 1917 3201 ἐμοὶ
1941 3169 1958 3199 ,

2144 1436 2171 1463 σι
2200 1415 2441 1474 Seorsim
2463 1424 2649 1473 autem
2673 1416 2740 1472 iis
2768 1417 2860 1490 qui
2883 1416 3212 1476 videbantur
3237 1418 3441 1492 aliquid
3465 1435 3607 1477 esse.
3641 1444 3664 1470 ι

2067 1505 2205 1576 Quia
2254 1522 2370 1562 non
2409 1507 2568 1579 pauci
2613 1515 2769 1563 erant
2811 1507 2903 1580 qui
2943 1507 3264 1565 scandalum
3295 1509 3664 1582 patiebantur,

2068 1595 2267 1651 Paulus
2311 1595 2571 1668 privatim
2614 1613 2745 1652 cum
2793 1597 2936 1652 Petri
2979 1597 3258 1669 discipulis
3310 1599 3667 1672 colloquitur,

2069 1699 2138 1739 ne
2155 1683 2354 1740 seditio
2383 1685 2614 1754 oriatur,
2646 1694 2702 1740 et
2721 1693 2784 1741 ut
2802 1689 2984 1757 majus
3004 1686 3328 1743 scandalum
3357 1687 3666 1744 auferatur.

2071 1778 2357 1834 Innumeri
2381 1779 2532 1835 enim
2565 1789 2722 1835 erant
2749 1778 3140 1849 scandalizati,
3170 1779 3294 1852 qui,
3324 1797 3452 1837 cum
3488 1783 3668 1854 palam

2001 1896 2050 1959 B
2073 1867 2322 1924 audirent
2350 1868 2581 1924 Paulum
2610 1868 2827 1924 abolere
2845 1868 3348 1936 circumeisionem,
3373 1871 3670 1926 verisimile

2072 1965 2188 2014 erat
2215 1957 2362 2030 quod
2399 1958 2702 2014 tumultum
2741 1959 2972 2022 cierent,
3017 1959 3316 2032 omniaque
3361 1960 3667 2017 turbarent.

2072 2051 2370 2121 Propterea
2415 2048 2646 2104 seorsim
2676 2048 3096 2116 sermocinatur,
3139 2049 3325 2105 Titum
3366 2057 3421 2105 et
3475 2052 3672 2105 Barna-

2071 2139 2200 2195 bam
2245 2138 2452 2195 habens
2487 2146 2674 2208 testes,
2707 2139 2797 2211 qui
2840 2138 3053 2195 cunctis
3107 2139 3436 2196 mortalibus
3458 2137 3673 2196 denun-

2071 2229 2290 2294 tiarent,
2323 2228 2470 2302 quod
2497 2245 2567 2285 ne
2596 2228 2856 2300 apostolis
2901 2228 3122 2301 quidem
3150 2229 3436 2286 videbatur
3476 2230 3675 2286 Paulus

2071 2318 2372 2392 quidquam
2415 2319 2548 2390 ipsis
2575 2319 2915 2375 contrarium
2963 2319 3278 2390 praedicare.
3324 2321 3467 2376 Cum
3509 2336 3673 2392 porro

2071 2409 2237 2466 dicit:
2263 2432 2286 2457 σι
2311 2408 2418 2478 Qui
2447 2407 2796 2479 videbantur,
2823 2433 2846 2457 ι»
2871 2423 3220 2482 nequaquam
3241 2425 3336 2466 eos
3352 2425 3470 2466 esse
3488 2417 3673 2481 negat,

2071 2516 2261 2556 verum
2304 2514 2432 2556 cum
2460 2514 2560 2554 suo
2590 2497 2759 2569 ipsius
2805 2513 3162 2555 communem
3217 2498 3466 2556 omnium
3495 2499 3675 2555 calcu-

2071 2589 2187 2646 lum
2207 2589 2361 2661 ponit
2383 2607 2396 2644 :
2420 2587 2890 2660 quemadmodum
2915 2597 2971 2644 et
2989 2587 3058 2644 de
3077 2604 3136 2644 se
3154 2588 3270 2660 ipse
3291 2587 3448 2657 dixit,
3474 2588 3676 2646 Videor

2072 2687 2128 2735 et
2166 2693 2266 2751 ego
2295 2677 2564 2750 Spiritum
2610 2677 2712 2733 Dei
2756 2676 2962 2734 habere
2989 2682 3046 2746 ν,
3077 2694 3192 2734 non
3232 2677 3432 2734 tollens
3472 2678 3578 2734 hoc
3615 2686 3677 2736 ut

2074 2768 2275 2824 habeat
2292 2768 2492 2839 ipsum,
2515 2777 2778 2824 caaterum
2798 2783 3152 2823 communem
3173 2768 3486 2840 opinionem
3507 2767 3677 2825 addu-

2075 2874 2222 2914 cens.
2274 2859 2464 2930 ltaque
2508 2880 2534 2906 α
2577 2857 2680 2926 Qui
2729 2857 3060 2914 videbantur
3095 2856 3300 2930 aliquid
3339 2873 3479 2928 esse,
3513 2881 3538 2907 ι
3572 2856 3678 2916 hoc

2069 2956 2182 3016 est,
2215 2947 2427 3019 magnis
2456 2954 2511 3003 et
2538 2945 2869 3003 celebribus.

2144 3059 2171 3092 ι(
2203 3040 2284 3096 Ne
2307 3053 2416 3110 quo
2436 3037 2602 3093 modo
2628 3037 2685 3092 in
2712 3053 2918 3093 vanum
2946 3052 3246 3104 currerem,
3277 3045 3373 3092 aut
3407 3036 3677 3094 cucurris-

2071 3143 2213 3185 sem.
2249 3151 2275 3178 ιο
2298 3129 2420 3183 Hoc
2447 3134 2551 3193 est,
2583 3129 2666 3183 Ut
2693 3125 2921 3183 doceam
2946 3142 3041 3183 eos
3067 3125 3161 3198 qui
3183 3126 3238 3182 in
3269 3142 3355 3182 me
3381 3123 3679 3183 offendun-

360 3201 440 3259 ὅτι
479 3204 575 3262 οὐκ
605 3205 676 3271 εἰς
706 3205 854 3265 κενὸν
899 3206 1107 3288 τρέχω·
1153 3211 1254 3290 οὐχ
1303 3207 1394 3268 ἵνα
1445 3211 1550 3288 ἐγὼ
1599 3212 1756 3288 μάθω
1787 3234 1801 3250 ⁸
1851 3216 1962 3280 πῶς

2073 3227 2184 3287 tur,
2205 3217 2351 3290 quod
2375 3233 2488 3274 non
2508 3217 2562 3272 in
2585 3232 2792 3273 vanum
2813 3233 3063 3285 curram;
3090 3233 3202 3273 non
3229 3225 3289 3272 ut
3309 3232 3412 3289 ego
3440 3215 3672 3275 discam.

359 3291 481 3370 γὰρ,
522 3295 552 3352 6
614 3295 1004 3378 ἀποκαλυφθεὶς
1055 3298 1205 3381 παρὰ
1263 3304 1356 3358 τοῦ
1415 3301 1631 3381 Πατρὸς
1687 3305 1775 3362 τὸν
1834 3303 1965 3362 Υἳὸν

361 3381 454 3438 καὶ
483 3381 544 3440 τὸ
570 3385 899 3464 Εὗαγγέλιον
929 3386 1154 3462 τούτου;

443 3499 467 3522 σι
498 3470 636 3531 Ἀλλ’
666 3475 782 3536 οὐδὲ
807 3474 967 3544 Τίτος
987 3521 1004 3551 ,
1037 3481 1065 3536 6
1109 3477 1202 3538 σὺν
1232 3479 1390 3556 ἐμοὶ,
1411 3479 1624 3553 Ἕλλην
1655 3477 1728 3538 ὢν
1749 3523 1766 3554 ,
1803 3484 1966 3561 ἧναγο

361 3558 533 3634 κάσθη
579 3570 994 3642 περιτμηθῆναι.
1053 3593 1078 3621 υ
1153 3567 1500 3648 Ἀκρόϐυστος
1543 3567 1616 3628 ὧν
1666 3573 1694 3628 δ
1766 3558 1961 3644 Τίτος-ν

361 3649 562 3730 φησὶν,
610 3655 706 3712 οὖκ
757 3656 1067 3733 ἠναγκάσθη
1112 3663 1526 3736 περιτμηθῆναι.
1590 3657 1774 3738 θΟπερ
1827 3660 1964 3719 ἀπό-

360 3739 512 3828 δειξις
558 3741 785 3819 μεγίστη
833 3751 926 3804 τοῦ
977 3745 1111 3823 μηδὲ
1159 3745 1278 3815 τοὺς
1321 3749 1649 3816 ἀποστόλους
1689 3771 1964 3828 προηγου-

361 3827 532 3904 μένως
556 3874 571 3902 ,
605 3831 744 3891 ἀλλὰ
767 3835 887 3892 κατ’
913 3834 1220 3912 οἰκονομίαν
1242 3881 1258 3910 ,
1300 3837 1388 3898 διὰ
1419 3837 1538 3906 τοὺς
1584 3839 1644 3897 ἐκ
1668 3827 1965 3918 περιτομῆς

361 3919 614 4008 πιστοὺς,
652 3919 904 4002 δέχεσθαι
943 3923 1039 3996 τὴν
1080 3926 1418 4006 περιτομὴν,
1459 3928 1670 4008 καὶτοῦ
1711 3925 1785 4005 μὴ
1822 3927 1964 4008 ἔχειν

362 4007 676 4090 μέμψασθαι
725 4011 788 4071 τὸ
835 4011 1058 4074 Παύλου
1110 4015 1392 4097 κήρυγμα,
1431 4007 1491 4076 οῦ
1533 4020 1562 4076 6
1612 4007 1856 4096 μαθητὴς
1899 4009 1964 4090 ἦν

362 4097 746 4180 ἀπερίτμητος.

450 4303 475 4332 ι
511 4279 614 4340 Διὰ
643 4279 700 4342 δὲ
728 4278 848 4350 τοὺς
881 4283 1274 4366 παρεισάκτους
1314 4286 1736 4368 ψευδαδέλφους,
1779 4287 1964 4356 οἵτινες

359 4371 714 4448 παρεισῆλθον
775 4377 1192 4447 κατασκοπῆσαι
1265 4375 1360 4446 τὴν
1422 4376 1720 4456 ἐλευθερίαν
1776 4380 1962 4455 ἡμῶν,

356 4456 423 4529 ἣν
462 4458 651 4538 ἔχομεν
683 4462 735 4520 ἐν
777 4464 1001 4545 Χριστῷ
1039 4462 1222 4538 Ἰησοῦ
1246 4511 1263 4543 ,
1297 4462 1385 4524 ἵνα
1435 4470 1578 4542 ἡμᾶς
1608 4465 1958 4526 καταδουλώ-

2072 3306 2370 3382 Quomodo
2423 3307 2574 3363 enim
2625 3307 2914 3377 discerem,
2960 3323 3090 3364 cum
3142 3323 3173 3362 a
3224 3309 3387 3364 Patre
3436 3307 3578 3364 mihi
3606 3306 3680 3364 sit

2071 3397 2339 3455 revelatus
2368 3397 2570 3462 Filius,
2601 3395 2830 3469 ejusque
2861 3396 3256 3469 Evangeliumi’

2144 3490 2323 3543 Vens.
2371 3492 2423 3541 3.
2475 3509 2500 3535 ιι
2543 3483 2651 3541 Sed
2693 3501 2874 3558 neque
2917 3487 3073 3541 Titus
3119 3485 3212 3558 qui
3266 3502 3490 3544 mecum
3532 3492 3674 3556 erat,

2068 3593 2199 3634 cum
2252 3583 2398 3632 esset
2443 3574 2694 3647 gentilis,
2743 3574 3066 3646 compulsus
3114 3583 3198 3630 est
3245 3575 3591 3633 circumcidi.
3644 3595 3673 3628 ››

2071 3668 2210 3721 Cum
2251 3661 2581 3735 prwputium
2617 3661 2844 3718 haberet
2873 3661 3049 3724 Titus,
3083 3661 3281 3735 inquit,
3312 3679 3424 3718 non
3453 3663 3678 3719 adactus

2071 3760 2153 3808 est
2198 3749 2542 3808 circumcidi.
2584 3751 2719 3819 Quae
2765 3766 2852 3806 res
2895 3750 3143 3806 maximo
3187 3759 3514 3822 argumento
3562 3760 3672 3821 est,

2072 3842 2218 3914 quod
2247 3841 2476 3912 apostoli
2496 3857 2606 3896 non
2628 3856 2692 3896 ex
2719 3839 3000 3912 proposito
3023 3847 3079 3895 et
3097 3839 3380 3911 principali
3403 3840 3673 3908 instituto,

2071 3932 2166 3989 sed
2198 3947 2294 4004 per
2325 3931 2792 4003 dispensationem
2821 3928 3143 4000 quamdam,
3185 3937 3408 4001 propter
3444 3945 3542 3986 eos
3582 3933 3674 4004 qui

2071 4039 2136 4080 ex
2167 4020 2578 4079 circumcisione
2622 4019 3000 4084 crediderant,
3048 4018 3530 4076 circumcisionem
3581 4021 3675 4078 ad-

2073 4113 2342 4179 miserint,
2374 4120 2427 4167 et
2455 4110 2606 4183 quod
2627 4126 2743 4166 non
2765 4117 2995 4181 possent
3017 4108 3089 4166 de
3107 4108 3260 4165 Pauli
3283 4109 3674 4182 praedicatione

2069 4201 2355 4274 conqueri,
2386 4201 2542 4272 cujus
2569 4199 2868 4271 discipulus
2895 4207 3038 4254 esset
3066 4198 3501 4257 incircumcisus.

2143 4296 2317 4350 Vnus.
2359 4296 2414 4346 4.
2457 4313 2484 4338 ‹ι
2524 4290 2757 4360 Propter
2801 4287 3256 4346 subintroductos
3294 4299 3478 4346 autem
3510 4289 3677 4348 falsos

2071 4384 2301 4451 fratres,
2356 4381 2450 4454 qui
2519 4379 2954 4436 subintroierunt
3027 4381 3315 4451 explorare
3369 4381 3675 4438 libertatem

2069 4483 2339 4540 nostram,
2369 4486 2532 4543 quam
2571 4469 2838 4526 habemus
2871 4467 2929 4524 in
2959 4467 3178 4525 Christo
3207 4471 3364 4536 Jesu,
3391 4477 3452 4526 ut
3488 4487 3592 4527 nos
3618 4471 3674 4527 in

359 4570 577 4612 σωνται.
613 4571 644 4608 ι)
682 4549 754 4612 (Η
781 4552 1022 4622 σύνταξις
1067 4559 1158 4614 τοῦ
1206 4555 1365 4633 λόγου
1406 4555 1590 4615 τοιάδε
1620 4578 1635 4592 ο
1681 4555 1823 4616 Οὐδὲ
1871 4556 1959 4615 διὰ

2070 4564 2390 4623 servitutem
2430 4560 2756 4633 redigerent.
2811 4581 2836 4607 υ
2885 4559 3237 4616 Constructio
3282 4559 3545 4615 orationis
3590 4568 3675 4616 est

358 4635 480 4705 τοὺς
525 4641 913 4717 παρεισάκτους
980 4643 1370 4725 ψευδαδέλφους
1447 4644 1750 4724 ἠναγκάσθη
1802 4645 1963 4714 Τίτος

358 4733 784 4806 περιτμηθῆναι·
827 4731 1109 4810 τουτέστι,
1159 4733 1354 4795 Καίτοι
1400 4735 1572 4794 αὐτῶν
1605 4733 1655 4771 ⁵9
1683 4733 1961 4814 παρόντων

358 4817 464 4876 τῶν
496 4819 912 4899 ἐναντιουμένων
961 4847 1091 4900 μοι,
1138 4823 1288 4900 ὅμως
1325 4827 1374 4885 οἱ
1415 4823 1702 4884 ἀπόστολοι
1745 4825 1862 4886 οὐδὲ
1891 4826 1959 4883 δι’

361 4904 551 4996 αὖτοὺς
581 4909 896 4989 ἠνάγκασαν
940 4912 1106 4974 Τίτον
1134 4918 1549 4995 περιτμηθῆναι.
1580 4917 1711 4981 Πῶς
1749 4913 1804 4972 δὲ
1833 4917 1962 4996 ψεῑν

359 4994 649 5085 δαδέλφους
693 4998 909 5071 τούτους
951 5004 1108 5064 καλεῖ
1151 4994 1449 5085 περιτομὴν
1509 4994 1960 5084 εἰσηγουμένους,

359 5082 416 5175 ε⁷ίΔ
453 5109 512 5163 γε
563 5087 656 5147 καὶ
702 5091 749 5148 οἱ
797 5091 1086 5152 ἀπόστολοι
1131 5082 1658 5175 ταύτηνὲδέχοντοξ
1713 5093 1863 5154 Διότι
1914 5095 1963 5154 οἱ

360 5172 456 5249 μὲν
510 5177 798 5239 ἀπόστολοι
841 5182 1355 5260 συγκαταϐαίνοντες
1402 5185 1510 5252 τοῖς
1559 5187 1620 5244 ἐκ
1669 5188 1962 5262 περιτομῆς

359 5266 732 5342 πιστεύουσιν,
761 5270 1005 5350 ἐδέχοντο
1044 5271 1141 5346 τὴν
1184 5272 1479 5354 περιτομὴν
1505 5323 1516 5345 ,
1566 5275 1659 5332 ἅτε
1690 5271 1964 5340 Ἰουδαίοις

361 5355 715 5434 κηρύσσοντες
735 5381 751 5396 ’
795 5360 945 5420 αὐτοὶ
974 5361 1029 5421 δὲ
1056 5407 1073 5438 ,
1116 5365 1187 5431 ὣς
1218 5368 1626 5443 νομοθετοῦντες
1660 5363 1758 5436 τὴν
1805 5387 1963 5444 περι-

358 5444 530 5522 τομὴν
590 5448 1034 5529 προηγουμένως,
1091 5453 1185 5514 καὶ
1234 5457 1306 5524 ὣς
1351 5455 1680 5524 ἐκδικοῦντες
1737 5452 1827 5514 τὸν
1855 5453 1964 5534 ,νό-

431 5587 458 5622 ν
485 5579 512 5634 1
537 5579 668 5638 Cor.
708 5595 831 5653 vn,
866 5587 958 5640 4ο.

2071 4650 2393 4725 hujusmodi
2450 4667 2464 4706 :
2515 4651 2709 4721 Neque
2748 4656 2976 4721 propter
3016 4646 3465 4704 subintroductos
3506 4646 3674 4705 falsos

2070 4742 2265 4798 fratres
2277 4749 2500 4798 coactus
2515 4747 2599 4796 est
2612 4738 2774 4795 Titus
2793 4735 3112 4794 circumcidi
3131 4757 3148 4792 :
3170 4735 3277 4793 hoc
3303 4745 3417 4805 est,
3444 4736 3673 4794 Etiamsi

2070 4833 2324 4889 adessent
2350 4830 2442 4903 qui
2467 4829 2890 4886 adversarentur
2917 4825 3085 4896 mihi,
3125 4825 3357 4899 apostoli
3385 4833 3566 4882 tamen
3601 4840 3671 4883 ne

2072 4930 2296 4995 propter
2318 4936 2415 4977 eos
2443 4918 2675 4993 quidem
2703 4917 3005 4990 adegerunt
3033 4932 3137 4974 nos
3166 4917 3355 4973 Titum
3383 4913 3672 4973 circumci-

2071 5011 2218 5068 dere.
2253 5006 2551 5078 Quomodo
2581 5016 2771 5063 autem
2802 5003 2970 5062 falsos
3009 5002 3205 5061 fratres
3241 5004 3378 5060 istos
3404 5004 3666 5075 appellat,

2071 5099 2163 5172 qui
2212 5096 2693 5154 circumcisionem
2737 5093 3065 5164 suadebant,
3117 5092 3563 5166 quandoquidem
3616 5101 3672 5148 et

2071 5188 2299 5262 apostoli
2333 5186 2476 5243 hanc
2505 5185 2879 5258 recipiebant?
2908 5185 2988 5238 Eo
3020 5182 3166 5254 quod
3193 5181 3425 5254 apostoli
3447 5181 3668 5254 quidem

2071 5279 2325 5336 cedentes
2355 5278 2422 5334 iis
2449 5277 2541 5349 qui
2566 5292 2630 5332 ex
2653 5273 3071 5332 circumcisione
3090 5271 3406 5342 credebant,
3437 5272 3672 5329 circum-

2071 5369 2341 5426 cisionem
2364 5373 2712 5439 receperunt,
2736 5362 2943 5421 Iudaeis
2971 5361 3234 5418 nimirum
3261 5360 3624 5434 praedicantes
3661 5381 3674 5415 :

2072 5458 2148 5515 illi
2207 5474 2361 5528 vero,
2414 5465 2680 5529 tanquam
2748 5469 2816 5512 ex
2874 5451 3121 5527 professo
3188 5449 3671 5509 circumcisionem

1778 5674 1971 5738 Varie
2012 5676 2314 5736 lectiones.

435 5773 482 5812 ⁵³
502 5776 651 5841 τιθεὶς
685 5792 747 5836 o.
819 5777 866 5815 δ’
893 5779 1028 5856 αὗτῷ
1057 5795 1116 5841 0.

575 5873 808 5932 Ρηειοι..
844 5876 954 5938 οι.
993 5877 1214 5934 CXXIV.

3289 5875 3350 5930 3i
