  <div class='ocr_page' id='page_1' title='image "/cluster/home/n/w/nwhite01/storage/ocr_20150623/124:no.2/coo.31924054870294/493.png"; bbox 0 0 4134 6426; ppageno 0'>
   <div class='ocr_carea' id='block_1_1' title="bbox 453 462 546 514">
    <p class='ocr_par' dir='ltr' id='par_1_1' title="bbox 453 462 546 514">
     <span class='ocr_line' id='line_1_1' title="bbox 453 462 546 514; baseline 0.022 -2"><span class='ocrx_word' id='word_1_1' title='bbox 453 462 546 514; x_wconf 75' lang='grc'><strong>971</strong></span> 
     </span>
    </p>
   </div>
   <div class='ocr_carea' id='block_1_2' title="bbox 1454 451 2746 532">
    <p class='ocr_par' dir='ltr' id='par_1_2' title="bbox 1454 451 2746 532">
     <span class='ocr_line' id='line_1_2' title="bbox 1454 451 2746 532; baseline 0.004 -23"><span class='ocrx_word' id='word_1_2' title='bbox 1454 451 1994 523; x_wconf 57' lang='grc' dir='ltr'><strong>ιΤΗΕΟΡΗγιΑρΤι</strong></span> <span class='ocrx_word' id='word_1_3' title='bbox 2034 454 2746 532; x_wconf 62' lang='lat' dir='ltr'><strong>BULGARIEIARCHIEP.</strong></span> 
     </span>
    </p>
   </div>
   <div class='ocr_carea' id='block_1_3' title="bbox 3650 454 3754 507">
    <p class='ocr_par' dir='ltr' id='par_1_3' title="bbox 3650 454 3754 507">
     <span class='ocr_line' id='line_1_3' title="bbox 3650 454 3754 507; baseline -0.01 0"><span class='ocrx_word' id='word_1_4' title='bbox 3650 454 3754 507; x_wconf 83' lang='lat'><strong>972</strong></span> 
     </span>
    </p>
   </div>
   <div class='ocr_carea' id='block_1_4' title="bbox 443 575 2032 663">
    <p class='ocr_par' dir='ltr' id='par_1_4' title="bbox 443 577 2032 652">
     <span class='ocr_line' id='line_1_4' title="bbox 443 577 2032 652; baseline 0 -13"><span class='ocrx_word' id='word_1_5' title='bbox 443 582 769 651; x_wconf 86' lang='lat' dir='ltr'><strong>sancientes,</strong></span> <span class='ocrx_word' id='word_1_6' title='bbox 790 590 847 637; x_wconf 93' lang='lat' dir='ltr'><strong>et</strong></span> <span class='ocrx_word' id='word_1_7' title='bbox 864 580 1045 652; x_wconf 82' lang='lat' dir='ltr'><strong>legem</strong></span> <span class='ocrx_word' id='word_1_8' title='bbox 1069 578 1222 650; x_wconf 89' lang='lat' dir='ltr'><strong>quasi</strong></span> <span class='ocrx_word' id='word_1_9' title='bbox 1251 577 1610 637; x_wconf 88' lang='lat' dir='ltr'><strong>vindicantes.</strong></span> <span class='ocrx_word' id='word_1_10' title='bbox 1635 583 1792 637; x_wconf 87' lang='lat' dir='ltr'><strong>Hanc</strong></span> <span class='ocrx_word' id='word_1_11' title='bbox 1815 581 1885 637; x_wconf 94' lang='lat' dir='ltr'><strong>ob</strong></span> <span class='ocrx_word' id='word_1_12' title='bbox 1905 599 2032 639; x_wconf 90' lang='lat' dir='ltr'><strong>cau-</strong></span> 
     </span>
    </p>
   </div>
   <div class='ocr_carea' id='block_1_5' title="bbox 2141 575 3755 663">
    <p class='ocr_par' dir='ltr' id='par_1_5' title="bbox 2155 575 3755 663">
     <span class='ocr_line' id='line_1_5' title="bbox 2155 575 3755 663; baseline -0.005 -19"><span class='ocrx_word' id='word_1_13' title='bbox 2155 608 2280 662; x_wconf 89' lang='grc' dir='ltr'>μον.</span> <span class='ocrx_word' id='word_1_14' title='bbox 2347 584 2453 646; x_wconf 77' lang='grc' dir='ltr'>Διὰ</span> <span class='ocrx_word' id='word_1_15' title='bbox 2499 589 2656 645; x_wconf 79' lang='grc' dir='ltr'>τοῦτο</span> <span class='ocrx_word' id='word_1_16' title='bbox 2709 575 2799 643; x_wconf 61' lang='grc' dir='ltr'><strong>οὖν</strong></span> <span class='ocrx_word' id='word_1_17' title='bbox 2861 580 3251 663; x_wconf 79' lang='grc' dir='ltr'>ψευδαδέλφους</span> <span class='ocrx_word' id='word_1_18' title='bbox 3327 577 3517 647; x_wconf 74' lang='grc' dir='ltr'>αὐτοὺς</span> <span class='ocrx_word' id='word_1_19' title='bbox 3577 579 3755 637; x_wconf 86' lang='grc' dir='ltr'>καλεῖ.</span> 
     </span>
    </p>
   </div>
   <div class='ocr_carea' id='block_1_6' title="bbox 442 669 2048 744">
    <p class='ocr_par' dir='ltr' id='par_1_6' title="bbox 442 669 2048 744">
     <span class='ocr_line' id='line_1_6' title="bbox 442 669 2048 744; baseline -0.001 -14"><span class='ocrx_word' id='word_1_20' title='bbox 442 689 564 730; x_wconf 88' lang='lat' dir='ltr'><strong>sam</strong></span> <span class='ocrx_word' id='word_1_21' title='bbox 601 670 766 728; x_wconf 82' lang='lat' dir='ltr'><strong>falsos</strong></span> <span class='ocrx_word' id='word_1_22' title='bbox 786 670 982 727; x_wconf 77' lang='lat' dir='ltr'><strong>fratres</strong></span> <span class='ocrx_word' id='word_1_23' title='bbox 1006 685 1100 726; x_wconf 91' lang='lat' dir='ltr'><strong>eos</strong></span> <span class='ocrx_word' id='word_1_24' title='bbox 1129 669 1381 740; x_wconf 86' lang='lat' dir='ltr'><strong>appellat.</strong></span> <span class='ocrx_word' id='word_1_25' title='bbox 1435 670 1701 727; x_wconf 66' lang='lat' dir='ltr'><strong>Praeterea</strong></span> <span class='ocrx_word' id='word_1_26' title='bbox 1729 687 1858 728; x_wconf 91' lang='lat' dir='ltr'><strong>cum</strong></span> <span class='ocrx_word' id='word_1_27' title='bbox 1897 671 2048 744; x_wconf 85' lang='lat' dir='ltr'><strong>dicit,</strong></span> 
     </span>
    </p>
   </div>
   <div class='ocr_carea' id='block_1_7' title="bbox 446 757 2047 829">
    <p class='ocr_par' dir='ltr' id='par_1_7' title="bbox 446 757 2047 829">
     <span class='ocr_line' id='line_1_7' title="bbox 446 757 2047 829; baseline 0.005 -17"><span class='ocrx_word' id='word_1_28' title='bbox 446 787 471 812; x_wconf 76' lang='grc' dir='ltr'><strong>α</strong></span> <span class='ocrx_word' id='word_1_29' title='bbox 528 760 994 829; x_wconf 87' lang='lat' dir='ltr'><strong>Subintroierunt,</strong></span> <span class='ocrx_word' id='word_1_30' title='bbox 1051 781 1076 808; x_wconf 73' lang='grc' dir='ltr'>ιο</span> <span class='ocrx_word' id='word_1_31' title='bbox 1137 757 1499 816; x_wconf 86' lang='lat' dir='ltr'><strong>clandestinas</strong></span> <span class='ocrx_word' id='word_1_32' title='bbox 1553 775 1749 817; x_wconf 89' lang='lat' dir='ltr'><strong>eorum</strong></span> <span class='ocrx_word' id='word_1_33' title='bbox 1822 761 2047 820; x_wconf 87' lang='lat' dir='ltr'><strong>insidias</strong></span> 
     </span>
    </p>
   </div>
   <div class='ocr_carea' id='block_1_8' title="bbox 2158 666 3752 751">
    <p class='ocr_par' dir='ltr' id='par_1_8' title="bbox 2158 666 3752 751">
     <span class='ocr_line' id='line_1_8' title="bbox 2158 666 3752 751; baseline -0.008 -15"><span class='ocrx_word' id='word_1_34' title='bbox 2158 673 2321 736; x_wconf 79' lang='grc' dir='ltr'>Ἀλλὰ</span> <span class='ocrx_word' id='word_1_35' title='bbox 2353 678 2445 734; x_wconf 76' lang='grc' dir='ltr'><strong>καὶ</strong></span> <span class='ocrx_word' id='word_1_36' title='bbox 2473 673 2562 734; x_wconf 74' lang='grc' dir='ltr'><strong>διὰ</strong></span> <span class='ocrx_word' id='word_1_37' title='bbox 2605 681 2696 734; x_wconf 88' lang='lat'><strong>105</strong></span> <span class='ocrx_word' id='word_1_38' title='bbox 2728 676 2931 749; x_wconf 85' lang='grc' dir='ltr'>εἰπεῖν,</span> <span class='ocrx_word' id='word_1_39' title='bbox 2969 693 2997 729; x_wconf 85' lang='grc' dir='ltr'><strong>ιι</strong></span> <span class='ocrx_word' id='word_1_40' title='bbox 3029 671 3434 751; x_wconf 87' lang='grc' dir='ltr'>Παρεισῆλθον,</span> <span class='ocrx_word' id='word_1_41' title='bbox 3468 693 3500 727; x_wconf 62' lang='grc' dir='ltr'><strong>ν</strong></span> <span class='ocrx_word' id='word_1_42' title='bbox 3533 666 3630 741; x_wconf 85' lang='grc' dir='ltr'><strong>τὴν</strong></span> <span class='ocrx_word' id='word_1_43' title='bbox 3655 668 3752 724; x_wconf 80' lang='grc' dir='ltr'>λα·</span> 
     </span>
    </p>
   </div>
   <div class='ocr_carea' id='block_1_9' title="bbox 2155 759 3754 845">
    <p class='ocr_par' dir='ltr' id='par_1_9' title="bbox 2155 759 3754 845">
     <span class='ocr_line' id='line_1_9' title="bbox 2155 759 3754 845; baseline -0.007 -22"><span class='ocrx_word' id='word_1_44' title='bbox 2155 764 2341 845; x_wconf 89' lang='grc' dir='ltr'>θραίαν</span> <span class='ocrx_word' id='word_1_45' title='bbox 2373 766 2548 824; x_wconf 75' lang='grc' dir='ltr'>αὐτῶν</span> <span class='ocrx_word' id='word_1_46' title='bbox 2590 761 2879 833; x_wconf 71' lang='grc' dir='ltr'>ἐπιϐουλὴν</span> <span class='ocrx_word' id='word_1_47' title='bbox 2910 761 3095 834; x_wconf 85' lang='grc' dir='ltr'>δηλοῖ·</span> <span class='ocrx_word' id='word_1_48' title='bbox 3121 759 3213 819; x_wconf 80' lang='grc' dir='ltr'>καὶ</span> <span class='ocrx_word' id='word_1_49' title='bbox 3241 759 3327 819; x_wconf 85' lang='grc' dir='ltr'><strong>διὰ</strong></span> <span class='ocrx_word' id='word_1_50' title='bbox 3351 763 3483 845; x_wconf 78' lang='grc' dir='ltr'>τοῦ,</span> <span class='ocrx_word' id='word_1_51' title='bbox 3515 785 3541 810; x_wconf 75' lang='grc' dir='ltr'><strong>κ</strong></span> <span class='ocrx_word' id='word_1_52' title='bbox 3566 760 3754 818; x_wconf 84' lang='grc' dir='ltr'>Κατα-</span> 
     </span>
    </p>
   </div>
   <div class='ocr_carea' id='block_1_10' title="bbox 446 844 2032 928">
    <p class='ocr_par' dir='ltr' id='par_1_10' title="bbox 446 846 2032 922">
     <span class='ocr_line' id='line_1_10' title="bbox 446 846 2032 922; baseline 0 -16"><span class='ocrx_word' id='word_1_53' title='bbox 446 850 652 906; x_wconf 89' lang='lat' dir='ltr'><strong>indicat</strong></span> <span class='ocrx_word' id='word_1_54' title='bbox 689 868 703 904; x_wconf 90' lang='lat'><strong>:</strong></span> <span class='ocrx_word' id='word_1_55' title='bbox 743 858 798 907; x_wconf 90' lang='lat' dir='ltr'><strong>et</strong></span> <span class='ocrx_word' id='word_1_56' title='bbox 833 865 950 922; x_wconf 92' lang='lat' dir='ltr'><strong>per,</strong></span> <span class='ocrx_word' id='word_1_57' title='bbox 985 871 1011 897; x_wconf 71' lang='grc' dir='ltr'>ι</span> <span class='ocrx_word' id='word_1_58' title='bbox 1045 850 1128 905; x_wconf 90' lang='lat' dir='ltr'><strong>Ut</strong></span> <span class='ocrx_word' id='word_1_59' title='bbox 1169 846 1540 919; x_wconf 85' lang='lat' dir='ltr'><strong>explorarent,</strong></span> <span class='ocrx_word' id='word_1_60' title='bbox 1579 872 1606 898; x_wconf 78' lang='grc' dir='ltr'><strong>υ</strong></span> <span class='ocrx_word' id='word_1_61' title='bbox 1651 848 1820 922; x_wconf 71' lang='grc'><strong>334</strong></span> <span class='ocrx_word' id='word_1_62' title='bbox 1845 850 2032 907; x_wconf 43' lang='lat' dir='ltr'><strong>indicat</strong></span> 
     </span>
    </p>
   </div>
   <div class='ocr_carea' id='block_1_11' title="bbox 2141 844 3748 928">
    <p class='ocr_par' dir='ltr' id='par_1_11' title="bbox 2156 844 3748 928">
     <span class='ocr_line' id='line_1_11' title="bbox 2156 844 3748 928; baseline -0.007 -15"><span class='ocrx_word' id='word_1_63' title='bbox 2156 844 2428 926; x_wconf 78' lang='grc' dir='ltr'>σκοπῆσαι</span> <span class='ocrx_word' id='word_1_64' title='bbox 2449 898 2468 928; x_wconf 86' lang='grc'><strong>,</strong></span> <span class='ocrx_word' id='word_1_65' title='bbox 2503 876 2535 911; x_wconf 72' lang='grc' dir='ltr'><strong>ι</strong></span> <span class='ocrx_word' id='word_1_66' title='bbox 2570 852 2858 912; x_wconf 81' lang='grc' dir='ltr'><strong>αἰνίττεται</strong></span> <span class='ocrx_word' id='word_1_67' title='bbox 2888 849 3173 927; x_wconf 81' lang='grc' dir='ltr'>πολεμίους</span> <span class='ocrx_word' id='word_1_68' title='bbox 3216 845 3404 916; x_wconf 74' lang='grc' dir='ltr'>αὐτοὺς</span> <span class='ocrx_word' id='word_1_69' title='bbox 3451 844 3625 914; x_wconf 80' lang='grc' dir='ltr'>ὄντας.</span> <span class='ocrx_word' id='word_1_70' title='bbox 3674 846 3748 907; x_wconf 83' lang='grc' dir='ltr'><strong>Οἱ</strong></span> 
     </span>
    </p>
   </div>
   <div class='ocr_carea' id='block_1_12' title="bbox 448 937 2048 1009">
    <p class='ocr_par' dir='ltr' id='par_1_12' title="bbox 448 937 2048 1009">
     <span class='ocr_line' id='line_1_12' title="bbox 448 937 2048 1009; baseline 0.001 -13"><span class='ocrx_word' id='word_1_71' title='bbox 448 957 545 998; x_wconf 89' lang='lat' dir='ltr'><strong>eos</strong></span> <span class='ocrx_word' id='word_1_72' title='bbox 581 939 769 996; x_wconf 82' lang='lat' dir='ltr'><strong>hostes</strong></span> <span class='ocrx_word' id='word_1_73' title='bbox 797 955 932 995; x_wconf 90' lang='lat' dir='ltr'><strong>esse.</strong></span> <span class='ocrx_word' id='word_1_74' title='bbox 964 940 1110 994; x_wconf 84' lang='lat' dir='ltr'><strong>Nam</strong></span> <span class='ocrx_word' id='word_1_75' title='bbox 1139 937 1511 1009; x_wconf 83' lang='lat' dir='ltr'><strong>exploratores</strong></span> <span class='ocrx_word' id='word_1_76' title='bbox 1534 937 1608 994; x_wconf 92' lang='lat' dir='ltr'><strong>ob</strong></span> <span class='ocrx_word' id='word_1_77' title='bbox 1633 939 1842 995; x_wconf 89' lang='lat' dir='ltr'><strong>nullam</strong></span> <span class='ocrx_word' id='word_1_78' title='bbox 1881 940 2048 998; x_wconf 87' lang='lat' dir='ltr'><strong>aliam</strong></span> 
     </span>
    </p>
   </div>
   <div class='ocr_carea' id='block_1_13' title="bbox 449 1027 2044 1101">
    <p class='ocr_par' dir='ltr' id='par_1_13' title="bbox 449 1027 2044 1101">
     <span class='ocr_line' id='line_1_13' title="bbox 449 1027 2044 1101; baseline -0.001 -14"><span class='ocrx_word' id='word_1_79' title='bbox 449 1045 670 1088; x_wconf 84' lang='lat' dir='ltr'><strong>causam</strong></span> <span class='ocrx_word' id='word_1_80' title='bbox 687 1027 1198 1101; x_wconf 87' lang='lat' dir='ltr'><strong>subingrediuntur,</strong></span> <span class='ocrx_word' id='word_1_81' title='bbox 1219 1043 1392 1099; x_wconf 91' lang='lat' dir='ltr'><strong>quam</strong></span> <span class='ocrx_word' id='word_1_82' title='bbox 1415 1033 1474 1083; x_wconf 92' lang='lat' dir='ltr'><strong>ut</strong></span> <span class='ocrx_word' id='word_1_83' title='bbox 1498 1027 1682 1085; x_wconf 86' lang='lat' dir='ltr'><strong>omnia</strong></span> <span class='ocrx_word' id='word_1_84' title='bbox 1710 1027 2044 1101; x_wconf 85' lang='lat' dir='ltr'><strong>perdiscant,</strong></span> 
     </span>
    </p>
   </div>
   <div class='ocr_carea' id='block_1_14' title="bbox 447 1116 2044 1192">
    <p class='ocr_par' dir='ltr' id='par_1_14' title="bbox 447 1116 2044 1192">
     <span class='ocr_line' id='line_1_14' title="bbox 447 1116 2044 1192; baseline 0 -16"><span class='ocrx_word' id='word_1_85' title='bbox 447 1129 503 1177; x_wconf 89' lang='lat' dir='ltr'><strong>et</strong></span> <span class='ocrx_word' id='word_1_86' title='bbox 537 1120 771 1192; x_wconf 89' lang='lat' dir='ltr'><strong>sibiipsis</strong></span> <span class='ocrx_word' id='word_1_87' title='bbox 810 1117 1122 1175; x_wconf 79' lang='lat' dir='ltr'><strong>facilitatem</strong></span> <span class='ocrx_word' id='word_1_88' title='bbox 1163 1116 1515 1175; x_wconf 88' lang='lat' dir='ltr'><strong>subvertendi</strong></span> <span class='ocrx_word' id='word_1_89' title='bbox 1548 1126 1602 1174; x_wconf 92' lang='lat' dir='ltr'><strong>et</strong></span> <span class='ocrx_word' id='word_1_90' title='bbox 1629 1117 1687 1174; x_wconf 90' lang='lat' dir='ltr'><strong>in</strong></span> <span class='ocrx_word' id='word_1_91' title='bbox 1722 1118 2044 1176; x_wconf 81' lang='lat' dir='ltr'><strong>servitutem</strong></span> 
     </span>
    </p>
   </div>
   <div class='ocr_carea' id='block_1_15' title="bbox 443 1206 2044 1282">
    <p class='ocr_par' dir='ltr' id='par_1_15' title="bbox 443 1206 2044 1282">
     <span class='ocr_line' id='line_1_15' title="bbox 443 1206 2044 1282; baseline 0 -16"><span class='ocrx_word' id='word_1_92' title='bbox 443 1208 719 1281; x_wconf 85' lang='lat' dir='ltr'><strong>redigendi</strong></span> <span class='ocrx_word' id='word_1_93' title='bbox 740 1217 932 1281; x_wconf 89' lang='lat' dir='ltr'><strong>parent</strong></span> <span class='ocrx_word' id='word_1_94' title='bbox 955 1226 969 1264; x_wconf 90' lang='lat'><strong>:</strong></span> <span class='ocrx_word' id='word_1_95' title='bbox 989 1206 1139 1280; x_wconf 93' lang='lat' dir='ltr'><strong>quod</strong></span> <span class='ocrx_word' id='word_1_96' title='bbox 1159 1215 1214 1263; x_wconf 89' lang='lat' dir='ltr'><strong>et</strong></span> <span class='ocrx_word' id='word_1_97' title='bbox 1232 1206 1326 1262; x_wconf 89' lang='lat' dir='ltr'><strong>isti</strong></span> <span class='ocrx_word' id='word_1_98' title='bbox 1349 1206 1645 1264; x_wconf 77' lang='lat' dir='ltr'><strong>faciebant.</strong></span> <span class='ocrx_word' id='word_1_99' title='bbox 1671 1210 2044 1282; x_wconf 85' lang='lat' dir='ltr'><strong>Explorabant</strong></span> 
     </span>
    </p>
   </div>
   <div class='ocr_carea' id='block_1_16' title="bbox 446 1297 2047 1372">
    <p class='ocr_par' dir='ltr' id='par_1_16' title="bbox 446 1297 2047 1372">
     <span class='ocr_line' id='line_1_16' title="bbox 446 1297 2047 1372; baseline 0.001 -17"><span class='ocrx_word' id='word_1_100' title='bbox 446 1300 614 1369; x_wconf 87' lang='lat' dir='ltr'><strong>enim,</strong></span> <span class='ocrx_word' id='word_1_101' title='bbox 644 1300 737 1372; x_wconf 89' lang='lat' dir='ltr'><strong>qui</strong></span> <span class='ocrx_word' id='word_1_102' title='bbox 768 1307 952 1355; x_wconf 85' lang='lat' dir='ltr'><strong>essent</strong></span> <span class='ocrx_word' id='word_1_103' title='bbox 981 1297 1250 1369; x_wconf 66' lang='lat' dir='ltr'><strong>praeputio</strong></span> <span class='ocrx_word' id='word_1_104' title='bbox 1280 1297 1501 1363; x_wconf 86' lang='lat' dir='ltr'><strong>amicti,</strong></span> <span class='ocrx_word' id='word_1_105' title='bbox 1526 1297 1793 1356; x_wconf 90' lang='lat' dir='ltr'><strong>habentes</strong></span> <span class='ocrx_word' id='word_1_106' title='bbox 1826 1322 1852 1348; x_wconf 76' lang='grc' dir='ltr'><strong><em>α</em></strong></span> <span class='ocrx_word' id='word_1_107' title='bbox 1880 1300 2047 1356; x_wconf 92' lang='lat' dir='ltr'><strong>liber-</strong></span> 
     </span>
    </p>
   </div>
   <div class='ocr_carea' id='block_1_17' title="bbox 445 1385 2044 1462">
    <p class='ocr_par' dir='ltr' id='par_1_17' title="bbox 445 1385 2044 1462">
     <span class='ocr_line' id='line_1_17' title="bbox 445 1385 2044 1462; baseline 0 -17"><span class='ocrx_word' id='word_1_108' title='bbox 445 1397 616 1445; x_wconf 89' lang='lat' dir='ltr'><strong>tatem</strong></span> <span class='ocrx_word' id='word_1_109' title='bbox 651 1404 774 1459; x_wconf 72' lang='lat' dir='ltr'><strong>quae</strong></span> <span class='ocrx_word' id='word_1_110' title='bbox 803 1396 884 1444; x_wconf 90' lang='lat' dir='ltr'><strong>est</strong></span> <span class='ocrx_word' id='word_1_111' title='bbox 912 1387 972 1443; x_wconf 90' lang='lat' dir='ltr'><strong>in</strong></span> <span class='ocrx_word' id='word_1_112' title='bbox 1004 1386 1255 1457; x_wconf 83' lang='lat' dir='ltr'><strong>Christo,</strong></span> <span class='ocrx_word' id='word_1_113' title='bbox 1302 1409 1329 1437; x_wconf 76' lang='grc' dir='ltr'><strong>π</strong></span> <span class='ocrx_word' id='word_1_114' title='bbox 1361 1385 1470 1443; x_wconf 90' lang='lat' dir='ltr'><strong>hoc</strong></span> <span class='ocrx_word' id='word_1_115' title='bbox 1507 1395 1622 1456; x_wconf 89' lang='lat' dir='ltr'><strong>est,</strong></span> <span class='ocrx_word' id='word_1_116' title='bbox 1661 1404 1774 1444; x_wconf 91' lang='lat' dir='ltr'><strong>non</strong></span> <span class='ocrx_word' id='word_1_117' title='bbox 1815 1389 2044 1462; x_wconf 83' lang='lat' dir='ltr'><strong>subjecti</strong></span> 
     </span>
    </p>
   </div>
   <div class='ocr_carea' id='block_1_18' title="bbox 443 1477 2045 1552">
    <p class='ocr_par' dir='ltr' id='par_1_18' title="bbox 443 1477 2045 1552">
     <span class='ocr_line' id='line_1_18' title="bbox 443 1477 2045 1552; baseline 0.001 -18"><span class='ocrx_word' id='word_1_118' title='bbox 443 1478 568 1552; x_wconf 88' lang='lat' dir='ltr'><strong>legi,</strong></span> <span class='ocrx_word' id='word_1_119' title='bbox 609 1486 671 1534; x_wconf 92' lang='lat' dir='ltr'><strong>ut</strong></span> <span class='ocrx_word' id='word_1_120' title='bbox 692 1477 1118 1550; x_wconf 88' lang='lat' dir='ltr'><strong>apprehendant,</strong></span> <span class='ocrx_word' id='word_1_121' title='bbox 1154 1485 1318 1548; x_wconf 90' lang='lat' dir='ltr'><strong>atque</strong></span> <span class='ocrx_word' id='word_1_122' title='bbox 1357 1484 1564 1550; x_wconf 89' lang='lat' dir='ltr'><strong>cogant</strong></span> <span class='ocrx_word' id='word_1_123' title='bbox 1600 1477 1940 1549; x_wconf 87' lang='lat' dir='ltr'><strong>circumcidi,</strong></span> <span class='ocrx_word' id='word_1_124' title='bbox 1981 1495 2045 1536; x_wconf 90' lang='lat' dir='ltr'><strong>ac</strong></span> 
     </span>
    </p>
   </div>
   <div class='ocr_carea' id='block_1_19' title="bbox 442 1566 2044 1640">
    <p class='ocr_par' dir='ltr' id='par_1_19' title="bbox 442 1566 2044 1640">
     <span class='ocr_line' id='line_1_19' title="bbox 442 1566 2044 1640; baseline 0.001 -16"><span class='ocrx_word' id='word_1_125' title='bbox 442 1583 663 1624; x_wconf 86' lang='lat' dir='ltr'><strong>rursum</strong></span> <span class='ocrx_word' id='word_1_126' title='bbox 717 1583 821 1624; x_wconf 91' lang='lat' dir='ltr'><strong>nos</strong></span> <span class='ocrx_word' id='word_1_127' title='bbox 869 1566 1161 1639; x_wconf 89' lang='lat' dir='ltr'><strong>subjiciant</strong></span> <span class='ocrx_word' id='word_1_128' title='bbox 1211 1566 1460 1623; x_wconf 82' lang='lat' dir='ltr'><strong>servituti</strong></span> <span class='ocrx_word' id='word_1_129' title='bbox 1509 1566 1664 1639; x_wconf 85' lang='lat' dir='ltr'><strong>legis,</strong></span> <span class='ocrx_word' id='word_1_130' title='bbox 1706 1583 1738 1624; x_wconf 88' lang='lat' dir='ltr'><strong>a</strong></span> <span class='ocrx_word' id='word_1_131' title='bbox 1783 1583 1890 1640; x_wconf 90' lang='lat' dir='ltr'><strong>qua</strong></span> <span class='ocrx_word' id='word_1_132' title='bbox 1941 1585 2044 1627; x_wconf 89' lang='lat' dir='ltr'><strong>nos</strong></span> 
     </span>
    </p>
   </div>
   <div class='ocr_carea' id='block_1_20' title="bbox 442 1655 2044 1731">
    <p class='ocr_par' dir='ltr' id='par_1_20' title="bbox 442 1655 2044 1731">
     <span class='ocr_line' id='line_1_20' title="bbox 442 1655 2044 1731; baseline 0.002 -19"><span class='ocrx_word' id='word_1_133' title='bbox 442 1657 687 1714; x_wconf 87' lang='lat' dir='ltr'><strong>liberavit</strong></span> <span class='ocrx_word' id='word_1_134' title='bbox 734 1656 1002 1714; x_wconf 86' lang='lat' dir='ltr'><strong>Christus.</strong></span> <span class='ocrx_word' id='word_1_135' title='bbox 1051 1657 1202 1712; x_wconf 86' lang='lat' dir='ltr'><strong>Hine</strong></span> <span class='ocrx_word' id='word_1_136' title='bbox 1247 1655 1414 1730; x_wconf 87' lang='lat' dir='ltr'><strong>igitur</strong></span> <span class='ocrx_word' id='word_1_137' title='bbox 1459 1656 1690 1728; x_wconf 89' lang='lat' dir='ltr'><strong>planum</strong></span> <span class='ocrx_word' id='word_1_138' title='bbox 1738 1666 1842 1726; x_wconf 88' lang='lat' dir='ltr'><strong>est,</strong></span> <span class='ocrx_word' id='word_1_139' title='bbox 1893 1657 2044 1731; x_wconf 92' lang='lat' dir='ltr'><strong>quod</strong></span> 
     </span>
    </p>
   </div>
   <div class='ocr_carea' id='block_1_21' title="bbox 442 1745 2044 1820">
    <p class='ocr_par' dir='ltr' id='par_1_21' title="bbox 442 1745 2044 1820">
     <span class='ocr_line' id='line_1_21' title="bbox 442 1745 2044 1820; baseline 0.001 -15"><span class='ocrx_word' id='word_1_140' title='bbox 442 1747 676 1820; x_wconf 88' lang='lat' dir='ltr'><strong>apostoli</strong></span> <span class='ocrx_word' id='word_1_141' title='bbox 704 1745 929 1820; x_wconf 90' lang='lat' dir='ltr'><strong>quidem</strong></span> <span class='ocrx_word' id='word_1_142' title='bbox 973 1745 1346 1803; x_wconf 89' lang='lat' dir='ltr'><strong>admittebant</strong></span> <span class='ocrx_word' id='word_1_143' title='bbox 1373 1747 1581 1818; x_wconf 87' lang='lat' dir='ltr'><strong>legem,</strong></span> <span class='ocrx_word' id='word_1_144' title='bbox 1611 1755 1677 1802; x_wconf 90' lang='lat' dir='ltr'><strong>ut</strong></span> <span class='ocrx_word' id='word_1_145' title='bbox 1705 1749 1969 1819; x_wconf 89' lang='lat' dir='ltr'><strong>paulatim</strong></span> <span class='ocrx_word' id='word_1_146' title='bbox 2013 1764 2044 1806; x_wconf 88' lang='lat' dir='ltr'><strong>e</strong></span> 
     </span>
    </p>
   </div>
   <div class='ocr_carea' id='block_1_22' title="bbox 2152 935 3758 1024">
    <p class='ocr_par' dir='ltr' id='par_1_22' title="bbox 2152 935 3758 1024">
     <span class='ocr_line' id='line_1_22' title="bbox 2152 935 3758 1024; baseline -0.007 -19"><span class='ocrx_word' id='word_1_147' title='bbox 2152 944 2255 1024; x_wconf 76' lang='grc' dir='ltr'><strong>γὰρ</strong></span> <span class='ocrx_word' id='word_1_148' title='bbox 2285 942 2618 1004; x_wconf 88' lang='grc' dir='ltr'>κατάσκοποι</span> <span class='ocrx_word' id='word_1_149' title='bbox 2647 944 2716 1002; x_wconf 87' lang='grc' dir='ltr'>δι’</span> <span class='ocrx_word' id='word_1_150' title='bbox 2745 940 2894 1002; x_wconf 77' lang='grc' dir='ltr'>οὐδὲν</span> <span class='ocrx_word' id='word_1_151' title='bbox 2930 939 3400 1021; x_wconf 82' lang='grc' dir='ltr'>παρεισέρχονται,</span> <span class='ocrx_word' id='word_1_152' title='bbox 3427 935 3463 1009; x_wconf 79' lang='grc' dir='ltr'><strong>ἦ</strong></span> <span class='ocrx_word' id='word_1_153' title='bbox 3492 935 3552 996; x_wconf 85' lang='grc' dir='ltr'><strong>τὸ</strong></span> <span class='ocrx_word' id='word_1_154' title='bbox 3581 959 3758 996; x_wconf 87' lang='grc' dir='ltr'>κατα-</span> 
     </span>
    </p>
   </div>
   <div class='ocr_carea' id='block_1_23' title="bbox 2155 1025 3757 1111">
    <p class='ocr_par' dir='ltr' id='par_1_23' title="bbox 2155 1025 3757 1111">
     <span class='ocr_line' id='line_1_23' title="bbox 2155 1025 3757 1111; baseline -0.006 -18"><span class='ocrx_word' id='word_1_155' title='bbox 2155 1035 2340 1111; x_wconf 87' lang='grc' dir='ltr'>μαθεῖν</span> <span class='ocrx_word' id='word_1_156' title='bbox 2398 1033 2614 1107; x_wconf 87' lang='grc' dir='ltr'>πάντα,</span> <span class='ocrx_word' id='word_1_157' title='bbox 2653 1030 2746 1092; x_wconf 72' lang='grc' dir='ltr'>καὶ</span> <span class='ocrx_word' id='word_1_158' title='bbox 2795 1029 3041 1090; x_wconf 80' lang='grc' dir='ltr'><strong>εὐκολίαν</strong></span> <span class='ocrx_word' id='word_1_159' title='bbox 3097 1032 3302 1097; x_wconf 80' lang='grc' dir='ltr'>ἑαυτοῖς</span> <span class='ocrx_word' id='word_1_160' title='bbox 3351 1025 3757 1111; x_wconf 71' lang='grc' dir='ltr'>κατασκευάσαι</span> 
     </span>
    </p>
   </div>
   <div class='ocr_carea' id='block_1_24' title="bbox 2151 1109 3755 1202">
    <p class='ocr_par' dir='ltr' id='par_1_24' title="bbox 2151 1109 3755 1202">
     <span class='ocr_line' id='line_1_24' title="bbox 2151 1109 3755 1202; baseline -0.006 -20"><span class='ocrx_word' id='word_1_161' title='bbox 2151 1125 2282 1202; x_wconf 81' lang='grc' dir='ltr'>πρὸς</span> <span class='ocrx_word' id='word_1_162' title='bbox 2312 1123 2372 1184; x_wconf 83' lang='grc' dir='ltr'>τὸ</span> <span class='ocrx_word' id='word_1_163' title='bbox 2400 1127 2665 1202; x_wconf 87' lang='grc' dir='ltr'>πορθῆσαι</span> <span class='ocrx_word' id='word_1_164' title='bbox 2710 1120 2803 1181; x_wconf 78' lang='grc' dir='ltr'><strong>καὶ</strong></span> <span class='ocrx_word' id='word_1_165' title='bbox 2852 1121 3298 1181; x_wconf 78' lang='grc' dir='ltr'>καταδουλῶσαι·</span> <span class='ocrx_word' id='word_1_166' title='bbox 3350 1117 3482 1198; x_wconf 73' lang='grc' dir='ltr'>ὅπερ</span> <span class='ocrx_word' id='word_1_167' title='bbox 3529 1109 3618 1176; x_wconf 67' lang='grc' dir='ltr'><strong>οὖν</strong></span> <span class='ocrx_word' id='word_1_168' title='bbox 3660 1114 3755 1174; x_wconf 83' lang='grc' dir='ltr'><strong>καὶ</strong></span> 
     </span>
    </p>
   </div>
   <div class='ocr_carea' id='block_1_25' title="bbox 2151 1150 3750 1293">
    <p class='ocr_par' dir='ltr' id='par_1_25' title="bbox 2151 1150 3750 1293">
     <span class='ocr_line' id='line_1_25' title="bbox 2151 1150 3750 1202; baseline -0.006 -20"><span class='ocrx_word' id='word_1_169' title='bbox 2151 1150 2192 1182; x_wconf 86' lang='grc' dir='ltr'><strong>π</strong></span> <span class='ocrx_word' id='word_1_170' title='bbox 2229 1150 2282 1192; x_wconf 87' lang='grc' dir='ltr'><strong>ος</strong></span> <span class='ocrx_word' id='word_1_171' title='bbox 2312 1150 2372 1184; x_wconf 89' lang='grc' dir='ltr'><strong>το</strong></span> <span class='ocrx_word' id='word_1_172' title='bbox 2400 1150 2665 1202; x_wconf 79' lang='grc' dir='ltr'>πορσησαι</span> <span class='ocrx_word' id='word_1_173' title='bbox 2710 1150 2803 1181; x_wconf 76' lang='grc' dir='ltr'><strong>και</strong></span> <span class='ocrx_word' id='word_1_174' title='bbox 2852 1150 3298 1181; x_wconf 77' lang='grc' dir='ltr'>καταοουΛωσαι’</span> <span class='ocrx_word' id='word_1_175' title='bbox 3350 1150 3482 1198; x_wconf 70' lang='grc' dir='ltr'>οπερ</span> <span class='ocrx_word' id='word_1_176' title='bbox 3529 1150 3618 1176; x_wconf 85' lang='grc' dir='ltr'><strong>υυν</strong></span> <span class='ocrx_word' id='word_1_177' title='bbox 3660 1150 3750 1174; x_wconf 71' lang='grc' dir='ltr'>διυιι</span> 
     </span>
     <span class='ocr_line' id='line_1_26' title="bbox 2151 1150 3750 1293; baseline -0.004 -21"><span class='ocrx_word' id='word_1_178' title='bbox 2151 1150 2292 1274; x_wconf 52' lang='grc' dir='ltr'>οἶίοι</span> <span class='ocrx_word' id='word_1_179' title='bbox 2337 1212 2568 1274; x_wconf 86' lang='grc' dir='ltr'>ἐποίουν.</span> <span class='ocrx_word' id='word_1_180' title='bbox 2612 1211 3014 1293; x_wconf 88' lang='grc' dir='ltr'>Περιεσκόπουν</span> <span class='ocrx_word' id='word_1_181' title='bbox 3061 1209 3198 1290; x_wconf 77' lang='grc' dir='ltr'>γὰρ,</span> <span class='ocrx_word' id='word_1_182' title='bbox 3226 1208 3364 1276; x_wconf 89' lang='grc' dir='ltr'>τίνες</span> <span class='ocrx_word' id='word_1_183' title='bbox 3401 1207 3532 1267; x_wconf 80' lang='grc' dir='ltr'>εἰσὶν</span> <span class='ocrx_word' id='word_1_184' title='bbox 3580 1205 3750 1288; x_wconf 84' lang='grc' dir='ltr'>ἀκρό-</span> 
     </span>
    </p>
   </div>
   <div class='ocr_carea' id='block_1_26' title="bbox 2153 1299 3754 1384">
    <p class='ocr_par' dir='ltr' id='par_1_26' title="bbox 2153 1299 3754 1384">
     <span class='ocr_line' id='line_1_27' title="bbox 2153 1299 3754 1384; baseline -0.004 -23"><span class='ocrx_word' id='word_1_185' title='bbox 2153 1302 2336 1364; x_wconf 80' lang='grc' dir='ltr'>ϐυστοι</span> <span class='ocrx_word' id='word_1_186' title='bbox 2355 1348 2372 1378; x_wconf 88' lang='grc'><strong>,</strong></span> <span class='ocrx_word' id='word_1_187' title='bbox 2405 1303 2613 1384; x_wconf 81' lang='grc' dir='ltr'>ἔχοντες</span> <span class='ocrx_word' id='word_1_188' title='bbox 2643 1301 2739 1374; x_wconf 77' lang='grc' dir='ltr'><strong>τὴν</strong></span> <span class='ocrx_word' id='word_1_189' title='bbox 2771 1300 3068 1380; x_wconf 72' lang='grc' dir='ltr'>ἐλευθερίαν</span> <span class='ocrx_word' id='word_1_190' title='bbox 3107 1299 3204 1371; x_wconf 84' lang='grc' dir='ltr'><strong>τὴν</strong></span> <span class='ocrx_word' id='word_1_191' title='bbox 3242 1300 3296 1358; x_wconf 84' lang='grc' dir='ltr'><strong>ἐν</strong></span> <span class='ocrx_word' id='word_1_192' title='bbox 3327 1300 3568 1379; x_wconf 80' lang='grc' dir='ltr'>Χριστῷ,</span> <span class='ocrx_word' id='word_1_193' title='bbox 3599 1320 3754 1356; x_wconf 83' lang='grc' dir='ltr'>τουτ-</span> 
     </span>
    </p>
   </div>
   <div class='ocr_carea' id='block_1_27' title="bbox 2151 1385 3754 1472">
    <p class='ocr_par' dir='ltr' id='par_1_27' title="bbox 2151 1385 3754 1472">
     <span class='ocr_line' id='line_1_28' title="bbox 2151 1385 3754 1472; baseline -0.006 -19"><span class='ocrx_word' id='word_1_194' title='bbox 2151 1393 2296 1467; x_wconf 85' lang='grc' dir='ltr'>έστι,</span> <span class='ocrx_word' id='word_1_195' title='bbox 2348 1391 2424 1470; x_wconf 85' lang='grc' dir='ltr'><strong>μὴ</strong></span> <span class='ocrx_word' id='word_1_196' title='bbox 2482 1391 2820 1468; x_wconf 81' lang='grc' dir='ltr'>ὕποκείμενοι</span> <span class='ocrx_word' id='word_1_197' title='bbox 2862 1393 2941 1472; x_wconf 82' lang='grc' dir='ltr'><strong>τῷ</strong></span> <span class='ocrx_word' id='word_1_198' title='bbox 2996 1387 3183 1470; x_wconf 84' lang='grc' dir='ltr'>νόμῳ,</span> <span class='ocrx_word' id='word_1_199' title='bbox 3246 1385 3337 1448; x_wconf 79' lang='grc' dir='ltr'><strong>ἵνα</strong></span> <span class='ocrx_word' id='word_1_200' title='bbox 3385 1386 3754 1448; x_wconf 79' lang='grc' dir='ltr'>ἐπιλάϐωνται</span> 
     </span>
    </p>
   </div>
   <div class='ocr_carea' id='block_1_28' title="bbox 2148 1476 3748 1561">
    <p class='ocr_par' dir='ltr' id='par_1_28' title="bbox 2148 1476 3748 1561">
     <span class='ocr_line' id='line_1_29' title="bbox 2148 1476 3748 1561; baseline -0.006 -18"><span class='ocrx_word' id='word_1_201' title='bbox 2148 1483 2242 1543; x_wconf 79' lang='grc' dir='ltr'><strong>καὶ</strong></span> <span class='ocrx_word' id='word_1_202' title='bbox 2300 1482 2640 1560; x_wconf 77' lang='grc' dir='ltr'>ἀναγκάζωσι</span> <span class='ocrx_word' id='word_1_203' title='bbox 2715 1484 3144 1561; x_wconf 81' lang='grc' dir='ltr'>περιτμηθῆναι,</span> <span class='ocrx_word' id='word_1_204' title='bbox 3210 1476 3303 1561; x_wconf 72' lang='grc' dir='ltr'>καὶ</span> <span class='ocrx_word' id='word_1_205' title='bbox 3360 1477 3525 1536; x_wconf 87' lang='grc' dir='ltr'>πάλιν</span> <span class='ocrx_word' id='word_1_206' title='bbox 3600 1481 3748 1551; x_wconf 82' lang='grc' dir='ltr'>ἡμᾶς</span> 
     </span>
    </p>
   </div>
   <div class='ocr_carea' id='block_1_29' title="bbox 2147 1558 3747 1651">
    <p class='ocr_par' dir='ltr' id='par_1_29' title="bbox 2147 1558 3747 1651">
     <span class='ocr_line' id='line_1_30' title="bbox 2147 1558 3747 1651; baseline -0.004 -20"><span class='ocrx_word' id='word_1_207' title='bbox 2147 1558 2466 1651; x_wconf 77' lang='grc' dir='ltr'>ὖπαγάγωσι</span> <span class='ocrx_word' id='word_1_208' title='bbox 2496 1575 2562 1651; x_wconf 83' lang='grc' dir='ltr'><strong>τῇ</strong></span> <span class='ocrx_word' id='word_1_209' title='bbox 2615 1558 2826 1651; x_wconf 63' lang='grc' dir='ltr'>δουλεία</span> <span class='ocrx_word' id='word_1_210' title='bbox 2871 1570 3195 1651; x_wconf 39' lang='grc' dir='ltr'>τοῦ-νόμου,</span> <span class='ocrx_word' id='word_1_211' title='bbox 3228 1558 3292 1641; x_wconf 72' lang='grc' dir='ltr'><strong>ἧς</strong></span> <span class='ocrx_word' id='word_1_212' title='bbox 3339 1571 3486 1644; x_wconf 80' lang='grc' dir='ltr'>ἡμᾶς</span> <span class='ocrx_word' id='word_1_213' title='bbox 3522 1565 3747 1638; x_wconf 79' lang='grc' dir='ltr'>ἠλευθέο</span> 
     </span>
    </p>
   </div>
   <div class='ocr_carea' id='block_1_30' title="bbox 2149 1648 3741 1743">
    <p class='ocr_par' dir='ltr' id='par_1_30' title="bbox 2149 1648 3741 1743">
     <span class='ocr_line' id='line_1_31' title="bbox 2149 1648 3741 1743; baseline -0.004 -23"><span class='ocrx_word' id='word_1_214' title='bbox 2149 1648 2286 1743; x_wconf 83' lang='grc' dir='ltr'>ρωσε</span> <span class='ocrx_word' id='word_1_215' title='bbox 2317 1648 2571 1740; x_wconf 80' lang='grc' dir='ltr'>Χριστός.</span> <span class='ocrx_word' id='word_1_216' title='bbox 2608 1648 2907 1721; x_wconf 60' lang='grc' dir='ltr'>Κάντεῖἰθεν</span> <span class='ocrx_word' id='word_1_217' title='bbox 2936 1648 3026 1717; x_wconf 65' lang='grc' dir='ltr'><strong>οὖν</strong></span> <span class='ocrx_word' id='word_1_218' title='bbox 3057 1660 3213 1730; x_wconf 85' lang='grc' dir='ltr'>δῆλον</span> <span class='ocrx_word' id='word_1_219' title='bbox 3239 1703 3256 1732; x_wconf 93' lang='grc'><strong>,</strong></span> <span class='ocrx_word' id='word_1_220' title='bbox 3293 1655 3376 1716; x_wconf 73' lang='grc' dir='ltr'>ὅτι</span> <span class='ocrx_word' id='word_1_221' title='bbox 3403 1657 3452 1715; x_wconf 78' lang='grc' dir='ltr'>οἱ</span> <span class='ocrx_word' id='word_1_222' title='bbox 3485 1654 3581 1734; x_wconf 83' lang='grc' dir='ltr'>μὲν</span> <span class='ocrx_word' id='word_1_223' title='bbox 3609 1653 3741 1714; x_wconf 86' lang='grc' dir='ltr'>ἀπό·</span> 
     </span>
    </p>
   </div>
   <div class='ocr_carea' id='block_1_31' title="bbox 2150 1743 3751 1831">
    <p class='ocr_par' dir='ltr' id='par_1_31' title="bbox 2150 1743 3751 1831">
     <span class='ocr_line' id='line_1_32' title="bbox 2150 1743 3751 1831; baseline -0.005 -20"><span class='ocrx_word' id='word_1_224' title='bbox 2150 1755 2327 1811; x_wconf 88' lang='grc' dir='ltr'>στολοι</span> <span class='ocrx_word' id='word_1_225' title='bbox 2365 1753 2698 1831; x_wconf 80' lang='grc' dir='ltr'>συνεχώρουν</span> <span class='ocrx_word' id='word_1_226' title='bbox 2742 1747 2810 1808; x_wconf 80' lang='grc' dir='ltr'><strong>τὰ</strong></span> <span class='ocrx_word' id='word_1_227' title='bbox 2841 1753 2932 1808; x_wconf 92' lang='lat'><strong>105</strong></span> <span class='ocrx_word' id='word_1_228' title='bbox 2976 1747 3138 1831; x_wconf 78' lang='grc' dir='ltr'>νόμου</span> <span class='ocrx_word' id='word_1_229' title='bbox 3162 1792 3180 1822; x_wconf 91' lang='grc'><strong>,</strong></span> <span class='ocrx_word' id='word_1_230' title='bbox 3226 1749 3317 1807; x_wconf 73' lang='grc' dir='ltr'>ἵνα</span> <span class='ocrx_word' id='word_1_231' title='bbox 3367 1744 3508 1806; x_wconf 80' lang='grc' dir='ltr'>κατὰ</span> <span class='ocrx_word' id='word_1_232' title='bbox 3562 1743 3751 1825; x_wconf 81' lang='grc' dir='ltr'>μικρὸν</span> 
     </span>
    </p>
   </div>
   <div class='ocr_carea' id='block_1_32' title="bbox 439 1829 2032 1913">
    <p class='ocr_par' dir='ltr' id='par_1_32' title="bbox 439 1835 2032 1912">
     <span class='ocr_line' id='line_1_33' title="bbox 439 1835 2032 1912; baseline 0.001 -18"><span class='ocrx_word' id='word_1_233' title='bbox 439 1839 698 1894; x_wconf 83' lang='lat' dir='ltr'><strong>servitute</strong></span> <span class='ocrx_word' id='word_1_234' title='bbox 725 1837 1025 1893; x_wconf 86' lang='lat' dir='ltr'><strong>eximerent</strong></span> <span class='ocrx_word' id='word_1_235' title='bbox 1057 1856 1070 1892; x_wconf 90' lang='lat'>:</span> <span class='ocrx_word' id='word_1_236' title='bbox 1107 1836 1200 1892; x_wconf 91' lang='lat' dir='ltr'><strong>isti</strong></span> <span class='ocrx_word' id='word_1_237' title='bbox 1239 1852 1367 1894; x_wconf 91' lang='lat' dir='ltr'><strong>vero</strong></span> <span class='ocrx_word' id='word_1_238' title='bbox 1395 1835 1804 1895; x_wconf 86' lang='lat' dir='ltr'><strong>conﬁrmabant</strong></span> <span class='ocrx_word' id='word_1_239' title='bbox 1830 1840 2032 1912; x_wconf 84' lang='lat' dir='ltr'><strong>legem,</strong></span> 
     </span>
    </p>
   </div>
   <div class='ocr_carea' id='block_1_33' title="bbox 2141 1829 3748 1913">
    <p class='ocr_par' dir='ltr' id='par_1_33' title="bbox 2147 1829 3748 1913">
     <span class='ocr_line' id='line_1_34' title="bbox 2147 1829 3748 1913; baseline -0.004 -14"><span class='ocrx_word' id='word_1_240' title='bbox 2147 1829 2646 1912; x_wconf 16' lang='grc' dir='ltr'>ὑπεξέλωνταιίτῆς</span> <span class='ocrx_word' id='word_1_241' title='bbox 2693 1838 2964 1906; x_wconf 83' lang='grc' dir='ltr'>δουλείας·</span> <span class='ocrx_word' id='word_1_242' title='bbox 3012 1829 3156 1897; x_wconf 64' lang='grc' dir='ltr'>οἶτοι</span> <span class='ocrx_word' id='word_1_243' title='bbox 3207 1835 3262 1896; x_wconf 83' lang='grc' dir='ltr'>δὲ</span> <span class='ocrx_word' id='word_1_244' title='bbox 3316 1834 3748 1913; x_wconf 87' lang='grc' dir='ltr'>κατεσκεύαζον,</span> 
     </span>
    </p>
   </div>
   <div class='ocr_carea' id='block_1_34' title="bbox 437 1925 1308 1984">
    <p class='ocr_par' dir='ltr' id='par_1_34' title="bbox 437 1925 1308 1984">
     <span class='ocr_line' id='line_1_35' title="bbox 437 1925 1308 1984; baseline -0.003 0"><span class='ocrx_word' id='word_1_245' title='bbox 437 1936 499 1984; x_wconf 94' lang='lat' dir='ltr'><strong>ut</strong></span> <span class='ocrx_word' id='word_1_246' title='bbox 520 1927 838 1984; x_wconf 84' lang='lat' dir='ltr'><strong>servitutem</strong></span> <span class='ocrx_word' id='word_1_247' title='bbox 861 1925 1308 1983; x_wconf 88' lang='lat' dir='ltr'><strong>corroborarent.</strong></span> 
     </span>
    </p>
   </div>
   <div class='ocr_carea' id='block_1_35' title="bbox 506 2015 2034 2087">
    <p class='ocr_par' dir='ltr' id='par_1_35' title="bbox 506 2015 2034 2087">
     <span class='ocr_line' id='line_1_36' title="bbox 506 2015 2034 2087; baseline 0.001 -13"><span class='ocrx_word' id='word_1_248' title='bbox 506 2021 687 2075; x_wconf 74' lang='lat' dir='ltr'><strong>Vnus.</strong></span> <span class='ocrx_word' id='word_1_249' title='bbox 718 2023 773 2074; x_wconf 87' lang='lat'><strong>5.</strong></span> <span class='ocrx_word' id='word_1_250' title='bbox 808 2039 838 2066; x_wconf 76' lang='grc' dir='ltr'>«ι</span> <span class='ocrx_word' id='word_1_251' title='bbox 863 2017 1076 2087; x_wconf 88' lang='lat' dir='ltr'><strong>Quibus</strong></span> <span class='ocrx_word' id='word_1_252' title='bbox 1098 2032 1276 2087; x_wconf 91' lang='lat' dir='ltr'><strong>neque</strong></span> <span class='ocrx_word' id='word_1_253' title='bbox 1300 2015 1370 2073; x_wconf 91' lang='lat' dir='ltr'><strong>ad</strong></span> <span class='ocrx_word' id='word_1_254' title='bbox 1393 2016 1590 2073; x_wconf 90' lang='lat' dir='ltr'><strong>horam</strong></span> <span class='ocrx_word' id='word_1_255' title='bbox 1620 2016 1883 2074; x_wconf 91' lang='lat' dir='ltr'><strong>cessimus</strong></span> <span class='ocrx_word' id='word_1_256' title='bbox 1905 2017 2034 2075; x_wconf 85' lang='lat' dir='ltr'><strong>sub-</strong></span> 
     </span>
    </p>
   </div>
   <div class='ocr_carea' id='block_1_36' title="bbox 428 2106 2032 2180">
    <p class='ocr_par' dir='ltr' id='par_1_36' title="bbox 428 2106 2032 2180">
     <span class='ocr_line' id='line_1_37' title="bbox 428 2106 2032 2180; baseline -0.003 -16"><span class='ocrx_word' id='word_1_257' title='bbox 428 2107 682 2180; x_wconf 87' lang='lat' dir='ltr'><strong>jectioni,</strong></span> <span class='ocrx_word' id='word_1_258' title='bbox 706 2115 774 2163; x_wconf 91' lang='lat' dir='ltr'><strong>ut</strong></span> <span class='ocrx_word' id='word_1_259' title='bbox 795 2107 997 2163; x_wconf 90' lang='lat' dir='ltr'><strong>veritas</strong></span> <span class='ocrx_word' id='word_1_260' title='bbox 1025 2106 1315 2179; x_wconf 86' lang='lat' dir='ltr'><strong>Evangelii</strong></span> <span class='ocrx_word' id='word_1_261' title='bbox 1343 2115 1665 2178; x_wconf 87' lang='lat' dir='ltr'><strong>permaneat</strong></span> <span class='ocrx_word' id='word_1_262' title='bbox 1693 2108 1837 2180; x_wconf 91' lang='lat' dir='ltr'><strong>apud</strong></span> <span class='ocrx_word' id='word_1_263' title='bbox 1864 2125 1978 2164; x_wconf 92' lang='lat' dir='ltr'><strong>vos.</strong></span> <span class='ocrx_word' id='word_1_264' title='bbox 2007 2133 2032 2159; x_wconf 69' lang='grc' dir='ltr'><strong><em>ι</em></strong></span> 
     </span>
    </p>
   </div>
   <div class='ocr_carea' id='block_1_37' title="bbox 434 2195 2036 2268">
    <p class='ocr_par' dir='ltr' id='par_1_37' title="bbox 434 2195 2036 2268">
     <span class='ocr_line' id='line_1_38' title="bbox 434 2195 2036 2268; baseline 0.001 -14"><span class='ocrx_word' id='word_1_265' title='bbox 434 2201 560 2254; x_wconf 85' lang='lat' dir='ltr'><strong>Non</strong></span> <span class='ocrx_word' id='word_1_266' title='bbox 596 2197 756 2263; x_wconf 82' lang='lat' dir='ltr'><strong>dixit,</strong></span> <span class='ocrx_word' id='word_1_267' title='bbox 809 2195 1083 2263; x_wconf 87' lang='lat' dir='ltr'><strong>Sermoni,</strong></span> <span class='ocrx_word' id='word_1_268' title='bbox 1133 2196 1254 2263; x_wconf 91' lang='lat' dir='ltr'><strong>sed,</strong></span> <span class='ocrx_word' id='word_1_269' title='bbox 1307 2217 1333 2244; x_wconf 74' lang='grc' dir='ltr'><strong>α</strong></span> <span class='ocrx_word' id='word_1_270' title='bbox 1384 2196 1724 2268; x_wconf 88' lang='lat' dir='ltr'><strong>Subjectioni</strong></span> <span class='ocrx_word' id='word_1_271' title='bbox 1773 2215 1791 2251; x_wconf 91' lang='lat'><strong><em>:</em></strong></span> <span class='ocrx_word' id='word_1_272' title='bbox 1842 2220 1868 2247; x_wconf 73' lang='grc' dir='ltr'><strong>ιν</strong></span> <span class='ocrx_word' id='word_1_273' title='bbox 1921 2214 2036 2255; x_wconf 89' lang='lat' dir='ltr'><strong>non</strong></span> 
     </span>
    </p>
   </div>
   <div class='ocr_carea' id='block_1_38' title="bbox 435 2284 2036 2357">
    <p class='ocr_par' dir='ltr' id='par_1_38' title="bbox 435 2284 2036 2357">
     <span class='ocr_line' id='line_1_39' title="bbox 435 2284 2036 2357; baseline 0.001 -14"><span class='ocrx_word' id='word_1_274' title='bbox 435 2287 583 2344; x_wconf 91' lang='lat' dir='ltr'><strong>enim</strong></span> <span class='ocrx_word' id='word_1_275' title='bbox 623 2295 686 2342; x_wconf 93' lang='lat' dir='ltr'><strong>ut</strong></span> <span class='ocrx_word' id='word_1_276' title='bbox 736 2285 997 2343; x_wconf 90' lang='lat' dir='ltr'><strong>docerent</strong></span> <span class='ocrx_word' id='word_1_277' title='bbox 1026 2301 1130 2340; x_wconf 92' lang='lat' dir='ltr'><strong>nos</strong></span> <span class='ocrx_word' id='word_1_278' title='bbox 1158 2284 1386 2357; x_wconf 87' lang='lat' dir='ltr'><strong>aliquid,</strong></span> <span class='ocrx_word' id='word_1_279' title='bbox 1419 2286 1538 2342; x_wconf 78' lang='lat' dir='ltr'><strong>haec</strong></span> <span class='ocrx_word' id='word_1_280' title='bbox 1586 2284 1861 2343; x_wconf 88' lang='lat' dir='ltr'><strong>faciebant</strong></span> <span class='ocrx_word' id='word_1_281' title='bbox 1892 2307 1904 2343; x_wconf 89' lang='lat'>:</span> <span class='ocrx_word' id='word_1_282' title='bbox 1940 2304 2036 2345; x_wconf 88' lang='lat' dir='ltr'><strong>ve-</strong></span> 
     </span>
    </p>
   </div>
   <div class='ocr_carea' id='block_1_39' title="bbox 434 2375 2032 2450">
    <p class='ocr_par' dir='ltr' id='par_1_39' title="bbox 434 2375 2032 2450">
     <span class='ocr_line' id='line_1_40' title="bbox 434 2375 2032 2450; baseline -0.002 -16"><span class='ocrx_word' id='word_1_283' title='bbox 434 2393 562 2434; x_wconf 93' lang='lat' dir='ltr'><strong>rum</strong></span> <span class='ocrx_word' id='word_1_284' title='bbox 592 2384 653 2434; x_wconf 91' lang='lat' dir='ltr'><strong>ut</strong></span> <span class='ocrx_word' id='word_1_285' title='bbox 680 2392 784 2432; x_wconf 92' lang='lat' dir='ltr'><strong>nos</strong></span> <span class='ocrx_word' id='word_1_286' title='bbox 811 2375 1158 2448; x_wconf 85' lang='lat' dir='ltr'><strong>subjicerent,</strong></span> <span class='ocrx_word' id='word_1_287' title='bbox 1190 2383 1244 2432; x_wconf 91' lang='lat' dir='ltr'><strong>et</strong></span> <span class='ocrx_word' id='word_1_288' title='bbox 1272 2375 1330 2430; x_wconf 91' lang='lat' dir='ltr'><strong>in</strong></span> <span class='ocrx_word' id='word_1_289' title='bbox 1357 2376 1674 2432; x_wconf 88' lang='lat' dir='ltr'><strong>servitutem</strong></span> <span class='ocrx_word' id='word_1_290' title='bbox 1699 2375 2032 2450; x_wconf 88' lang='lat' dir='ltr'><strong>redigerent.</strong></span> 
     </span>
    </p>
   </div>
   <div class='ocr_carea' id='block_1_40' title="bbox 431 2465 2034 2538">
    <p class='ocr_par' dir='ltr' id='par_1_40' title="bbox 431 2465 2034 2538">
     <span class='ocr_line' id='line_1_41' title="bbox 431 2465 2034 2538; baseline 0 -14"><span class='ocrx_word' id='word_1_291' title='bbox 431 2469 592 2524; x_wconf 85' lang='lat' dir='ltr'><strong>Hanc</strong></span> <span class='ocrx_word' id='word_1_292' title='bbox 634 2467 707 2524; x_wconf 91' lang='lat' dir='ltr'><strong>ob</strong></span> <span class='ocrx_word' id='word_1_293' title='bbox 747 2483 865 2523; x_wconf 90' lang='lat' dir='ltr'><strong>rem</strong></span> <span class='ocrx_word' id='word_1_294' title='bbox 913 2467 1176 2538; x_wconf 90' lang='lat' dir='ltr'><strong>apostolis</strong></span> <span class='ocrx_word' id='word_1_295' title='bbox 1211 2465 1503 2535; x_wconf 88' lang='lat' dir='ltr'><strong>cessimus,</strong></span> <span class='ocrx_word' id='word_1_296' title='bbox 1550 2466 1657 2522; x_wconf 88' lang='lat' dir='ltr'><strong>illis</strong></span> <span class='ocrx_word' id='word_1_297' title='bbox 1698 2483 1829 2524; x_wconf 90' lang='lat' dir='ltr'><strong>vero</strong></span> <span class='ocrx_word' id='word_1_298' title='bbox 1859 2467 2034 2524; x_wconf 87' lang='lat' dir='ltr'><strong>haud-</strong></span> 
     </span>
    </p>
   </div>
   <div class='ocr_carea' id='block_1_41' title="bbox 432 2548 2034 2632">
    <p class='ocr_par' dir='ltr' id='par_1_41' title="bbox 432 2548 2034 2632">
     <span class='ocr_line' id='line_1_42' title="bbox 432 2548 2034 2632; baseline 0 -18"><span class='ocrx_word' id='word_1_299' title='bbox 432 2548 732 2632; x_wconf 73' lang='lat' dir='ltr'><strong>quaquam,</strong></span> <span class='ocrx_word' id='word_1_300' title='bbox 779 2565 841 2614; x_wconf 92' lang='lat' dir='ltr'><strong>ut</strong></span> <span class='ocrx_word' id='word_1_301' title='bbox 868 2556 1049 2625; x_wconf 88' lang='lat' dir='ltr'><strong>ﬁrma,</strong></span> <span class='ocrx_word' id='word_1_302' title='bbox 1087 2556 1288 2629; x_wconf 89' lang='lat' dir='ltr'><strong>inquit,</strong></span> <span class='ocrx_word' id='word_1_303' title='bbox 1333 2564 1682 2630; x_wconf 88' lang='lat' dir='ltr'><strong>perseverent</strong></span> <span class='ocrx_word' id='word_1_304' title='bbox 1721 2566 1778 2614; x_wconf 89' lang='lat' dir='ltr'><strong>et</strong></span> <span class='ocrx_word' id='word_1_305' title='bbox 1819 2558 2034 2614; x_wconf 85' lang='lat' dir='ltr'><strong>stabilia</strong></span> 
     </span>
    </p>
   </div>
   <div class='ocr_carea' id='block_1_42' title="bbox 432 2646 2034 2721">
    <p class='ocr_par' dir='ltr' id='par_1_42' title="bbox 432 2646 2034 2721">
     <span class='ocr_line' id='line_1_43' title="bbox 432 2646 2034 2721; baseline 0.001 -17"><span class='ocrx_word' id='word_1_306' title='bbox 432 2663 556 2721; x_wconf 66' lang='lat' dir='ltr'><strong>quae</strong></span> <span class='ocrx_word' id='word_1_307' title='bbox 613 2647 767 2705; x_wconf 88' lang='lat' dir='ltr'><strong>vobis</strong></span> <span class='ocrx_word' id='word_1_308' title='bbox 835 2647 1278 2719; x_wconf 67' lang='lat' dir='ltr'><strong>praadicavimus.</strong></span> <span class='ocrx_word' id='word_1_309' title='bbox 1342 2646 1579 2716; x_wconf 77' lang='lat' dir='ltr'><strong>Qualia?</strong></span> <span class='ocrx_word' id='word_1_310' title='bbox 1643 2647 1789 2720; x_wconf 92' lang='lat' dir='ltr'><strong>quod</strong></span> <span class='ocrx_word' id='word_1_311' title='bbox 1850 2656 2034 2705; x_wconf 87' lang='lat' dir='ltr'><strong>vetera</strong></span> 
     </span>
    </p>
   </div>
   <div class='ocr_carea' id='block_1_43' title="bbox 431 2735 2036 2810">
    <p class='ocr_par' dir='ltr' id='par_1_43' title="bbox 431 2735 2036 2810">
     <span class='ocr_line' id='line_1_44' title="bbox 431 2735 2036 2810; baseline 0 -16"><span class='ocrx_word' id='word_1_312' title='bbox 431 2737 788 2808; x_wconf 88' lang='lat' dir='ltr'><strong>transierunt,</strong></span> <span class='ocrx_word' id='word_1_313' title='bbox 815 2745 872 2794; x_wconf 93' lang='lat' dir='ltr'><strong>et</strong></span> <span class='ocrx_word' id='word_1_314' title='bbox 897 2735 1045 2810; x_wconf 91' lang='lat' dir='ltr'><strong>quod</strong></span> <span class='ocrx_word' id='word_1_315' title='bbox 1072 2737 1160 2793; x_wconf 85' lang='lat' dir='ltr'><strong>lex</strong></span> <span class='ocrx_word' id='word_1_316' title='bbox 1189 2736 1259 2793; x_wconf 92' lang='lat' dir='ltr'><strong>sit</strong></span> <span class='ocrx_word' id='word_1_317' title='bbox 1279 2736 1505 2806; x_wconf 88' lang='lat' dir='ltr'><strong>abolita,</strong></span> <span class='ocrx_word' id='word_1_318' title='bbox 1533 2743 1589 2793; x_wconf 91' lang='lat' dir='ltr'><strong>et</strong></span> <span class='ocrx_word' id='word_1_319' title='bbox 1605 2737 1754 2809; x_wconf 93' lang='lat' dir='ltr'><strong>quod</strong></span> <span class='ocrx_word' id='word_1_320' title='bbox 1782 2736 2036 2794; x_wconf 88' lang='lat' dir='ltr'><strong>Christus</strong></span> 
     </span>
    </p>
   </div>
   <div class='ocr_carea' id='block_1_44' title="bbox 433 2825 2036 2898">
    <p class='ocr_par' dir='ltr' id='par_1_44' title="bbox 433 2825 2036 2898">
     <span class='ocr_line' id='line_1_45' title="bbox 433 2825 2036 2898; baseline 0 -16"><span class='ocrx_word' id='word_1_321' title='bbox 433 2827 789 2883; x_wconf 89' lang='lat' dir='ltr'><strong>circumcisos</strong></span> <span class='ocrx_word' id='word_1_322' title='bbox 855 2842 970 2882; x_wconf 90' lang='lat' dir='ltr'><strong>non</strong></span> <span class='ocrx_word' id='word_1_323' title='bbox 1020 2825 1294 2894; x_wconf 87' lang='lat' dir='ltr'><strong>admittat,</strong></span> <span class='ocrx_word' id='word_1_324' title='bbox 1365 2842 1544 2898; x_wconf 88' lang='lat' dir='ltr'><strong>neque</strong></span> <span class='ocrx_word' id='word_1_325' title='bbox 1612 2826 1818 2898; x_wconf 89' lang='lat' dir='ltr'><strong>aliquid</strong></span> <span class='ocrx_word' id='word_1_326' title='bbox 1866 2827 2036 2898; x_wconf 91' lang='lat' dir='ltr'><strong>prosit</strong></span> 
     </span>
    </p>
   </div>
   <div class='ocr_carea' id='block_1_45' title="bbox 430 2914 2035 2988">
    <p class='ocr_par' dir='ltr' id='par_1_45' title="bbox 430 2914 2035 2988">
     <span class='ocr_line' id='line_1_46' title="bbox 430 2914 2035 2988; baseline 0 -16"><span class='ocrx_word' id='word_1_327' title='bbox 430 2916 798 2972; x_wconf 89' lang='lat' dir='ltr'><strong>circumcisio.</strong></span> <span class='ocrx_word' id='word_1_328' title='bbox 827 2916 1166 2972; x_wconf 80' lang='lat' dir='ltr'><strong>Resistentes</strong></span> <span class='ocrx_word' id='word_1_329' title='bbox 1195 2915 1499 2988; x_wconf 88' lang='lat' dir='ltr'><strong>igiturillis,</strong></span> <span class='ocrx_word' id='word_1_330' title='bbox 1526 2914 2035 2972; x_wconf 87' lang='lat' dir='ltr'><strong>demonstravimus</strong></span> 
     </span>
    </p>
   </div>
   <div class='ocr_carea' id='block_1_46' title="bbox 432 3003 2028 3079">
    <p class='ocr_par' dir='ltr' id='par_1_46' title="bbox 432 3003 2028 3079">
     <span class='ocr_line' id='line_1_47' title="bbox 432 3003 2028 3079; baseline -0.001 -16"><span class='ocrx_word' id='word_1_331' title='bbox 432 3005 580 3079; x_wconf 91' lang='lat' dir='ltr'><strong>quod</strong></span> <span class='ocrx_word' id='word_1_332' title='bbox 630 3021 753 3062; x_wconf 91' lang='lat' dir='ltr'><strong>vera</strong></span> <span class='ocrx_word' id='word_1_333' title='bbox 807 3005 960 3061; x_wconf 89' lang='lat' dir='ltr'><strong>vobis</strong></span> <span class='ocrx_word' id='word_1_334' title='bbox 1019 3003 1088 3060; x_wconf 88' lang='lat' dir='ltr'><strong>de</strong></span> <span class='ocrx_word' id='word_1_335' title='bbox 1144 3005 1278 3077; x_wconf 81' lang='lat' dir='ltr'><strong>legis</strong></span> <span class='ocrx_word' id='word_1_336' title='bbox 1334 3004 1712 3076; x_wconf 90' lang='lat' dir='ltr'><strong>antiquatione</strong></span> <span class='ocrx_word' id='word_1_337' title='bbox 1760 3005 2028 3077; x_wconf 66' lang='lat' dir='ltr'><strong>praedica-</strong></span> 
     </span>
    </p>
   </div>
   <div class='ocr_carea' id='block_1_47' title="bbox 432 3093 1736 3168">
    <p class='ocr_par' dir='ltr' id='par_1_47' title="bbox 432 3093 1736 3168">
     <span class='ocr_line' id='line_1_48' title="bbox 432 3093 1736 3168; baseline -0.001 -17"><span class='ocrx_word' id='word_1_338' title='bbox 432 3097 688 3154; x_wconf 88' lang='lat' dir='ltr'><strong>verimus.</strong></span> <span class='ocrx_word' id='word_1_339' title='bbox 715 3098 798 3152; x_wconf 87' lang='lat' dir='ltr'><strong>Ne</strong></span> <span class='ocrx_word' id='word_1_340' title='bbox 825 3095 990 3168; x_wconf 88' lang='lat' dir='ltr'><strong>igitur</strong></span> <span class='ocrx_word' id='word_1_341' title='bbox 1011 3094 1279 3151; x_wconf 89' lang='lat' dir='ltr'><strong>deﬁciatis</strong></span> <span class='ocrx_word' id='word_1_342' title='bbox 1303 3110 1334 3151; x_wconf 89' lang='lat' dir='ltr'><strong>a</strong></span> <span class='ocrx_word' id='word_1_343' title='bbox 1363 3094 1588 3150; x_wconf 88' lang='lat' dir='ltr'><strong>veritate</strong></span> <span class='ocrx_word' id='word_1_344' title='bbox 1615 3093 1736 3150; x_wconf 89' lang='lat' dir='ltr'><strong>hac.</strong></span> 
     </span>
    </p>
   </div>
   <div class='ocr_carea' id='block_1_48' title="bbox 503 3183 2028 3256">
    <p class='ocr_par' dir='ltr' id='par_1_48' title="bbox 503 3183 2028 3256">
     <span class='ocr_line' id='line_1_49' title="bbox 503 3183 2028 3256; baseline -0.001 -14"><span class='ocrx_word' id='word_1_345' title='bbox 503 3187 687 3243; x_wconf 70' lang='lat' dir='ltr'><strong>Vens.</strong></span> <span class='ocrx_word' id='word_1_346' title='bbox 730 3191 786 3242; x_wconf 89' lang='lat'><strong>6.</strong></span> <span class='ocrx_word' id='word_1_347' title='bbox 834 3207 859 3235; x_wconf 75' lang='grc' dir='ltr'>ι</span> <span class='ocrx_word' id='word_1_348' title='bbox 905 3185 992 3241; x_wconf 85' lang='lat' dir='ltr'><strong>Ab</strong></span> <span class='ocrx_word' id='word_1_349' title='bbox 1029 3184 1136 3240; x_wconf 90' lang='lat' dir='ltr'><strong>illis</strong></span> <span class='ocrx_word' id='word_1_350' title='bbox 1169 3192 1355 3240; x_wconf 89' lang='lat' dir='ltr'><strong>autem</strong></span> <span class='ocrx_word' id='word_1_351' title='bbox 1394 3184 1491 3256; x_wconf 91' lang='lat' dir='ltr'><strong>qui</strong></span> <span class='ocrx_word' id='word_1_352' title='bbox 1533 3183 1863 3241; x_wconf 88' lang='lat' dir='ltr'><strong>videbantur</strong></span> <span class='ocrx_word' id='word_1_353' title='bbox 1908 3199 2028 3241; x_wconf 88' lang='lat' dir='ltr'><strong>esse</strong></span> 
     </span>
    </p>
   </div>
   <div class='ocr_carea' id='block_1_49' title="bbox 429 3272 2023 3348">
    <p class='ocr_par' dir='ltr' id='par_1_49' title="bbox 429 3272 2023 3348">
     <span class='ocr_line' id='line_1_50' title="bbox 429 3272 2023 3348; baseline 0 -18"><span class='ocrx_word' id='word_1_354' title='bbox 429 3275 656 3348; x_wconf 89' lang='lat' dir='ltr'><strong>aliquid,</strong></span> <span class='ocrx_word' id='word_1_355' title='bbox 682 3275 870 3348; x_wconf 89' lang='lat' dir='ltr'><strong>quales</strong></span> <span class='ocrx_word' id='word_1_356' title='bbox 898 3274 1190 3346; x_wconf 88' lang='lat' dir='ltr'><strong>aliquando</strong></span> <span class='ocrx_word' id='word_1_357' title='bbox 1221 3272 1448 3341; x_wconf 83' lang='lat' dir='ltr'><strong>fuerint,</strong></span> <span class='ocrx_word' id='word_1_358' title='bbox 1470 3272 1608 3329; x_wconf 92' lang='lat' dir='ltr'><strong>nihil</strong></span> <span class='ocrx_word' id='word_1_359' title='bbox 1629 3289 1748 3329; x_wconf 91' lang='lat' dir='ltr'><strong>mea</strong></span> <span class='ocrx_word' id='word_1_360' title='bbox 1774 3274 2023 3330; x_wconf 88' lang='lat' dir='ltr'><strong>interest.</strong></span> 
     </span>
    </p>
   </div>
   <div class='ocr_carea' id='block_1_50' title="bbox 431 3363 2027 3435">
    <p class='ocr_par' dir='ltr' id='par_1_50' title="bbox 431 3363 2027 3435">
     <span class='ocr_line' id='line_1_51' title="bbox 431 3363 2027 3435; baseline -0.001 -14"><span class='ocrx_word' id='word_1_361' title='bbox 431 3367 734 3421; x_wconf 88' lang='lat' dir='ltr'><strong>Personam</strong></span> <span class='ocrx_word' id='word_1_362' title='bbox 772 3363 1010 3420; x_wconf 89' lang='lat' dir='ltr'><strong>hominis</strong></span> <span class='ocrx_word' id='word_1_363' title='bbox 1051 3366 1200 3420; x_wconf 91' lang='lat' dir='ltr'><strong>Deus</strong></span> <span class='ocrx_word' id='word_1_364' title='bbox 1230 3380 1341 3419; x_wconf 90' lang='lat' dir='ltr'><strong>non</strong></span> <span class='ocrx_word' id='word_1_365' title='bbox 1377 3363 1590 3435; x_wconf 89' lang='lat' dir='ltr'><strong>accipit.</strong></span> <span class='ocrx_word' id='word_1_366' title='bbox 1642 3387 1667 3413; x_wconf 73' lang='grc' dir='ltr'><strong>ιι</strong></span> <span class='ocrx_word' id='word_1_367' title='bbox 1702 3364 1843 3433; x_wconf 85' lang='lat' dir='ltr'><strong>Quia</strong></span> <span class='ocrx_word' id='word_1_368' title='bbox 1886 3364 2027 3420; x_wconf 84' lang='lat' dir='ltr'><strong>veri-</strong></span> 
     </span>
    </p>
   </div>
   <div class='ocr_carea' id='block_1_51' title="bbox 431 3453 2025 3526">
    <p class='ocr_par' dir='ltr' id='par_1_51' title="bbox 431 3453 2025 3526">
     <span class='ocr_line' id='line_1_52' title="bbox 431 3453 2025 3526; baseline 0 -17"><span class='ocrx_word' id='word_1_369' title='bbox 431 3454 610 3510; x_wconf 90' lang='lat' dir='ltr'><strong>simile</strong></span> <span class='ocrx_word' id='word_1_370' title='bbox 635 3463 754 3510; x_wconf 89' lang='lat' dir='ltr'><strong>erat</strong></span> <span class='ocrx_word' id='word_1_371' title='bbox 777 3453 1018 3526; x_wconf 86' lang='lat' dir='ltr'><strong>aliquem</strong></span> <span class='ocrx_word' id='word_1_372' title='bbox 1047 3469 1166 3510; x_wconf 92' lang='lat' dir='ltr'><strong>sese</strong></span> <span class='ocrx_word' id='word_1_373' title='bbox 1187 3453 1569 3526; x_wconf 88' lang='lat' dir='ltr'><strong>oppositurum</strong></span> <span class='ocrx_word' id='word_1_374' title='bbox 1596 3453 1725 3525; x_wconf 90' lang='lat' dir='ltr'><strong>ipsi,</strong></span> <span class='ocrx_word' id='word_1_375' title='bbox 1758 3469 1824 3509; x_wconf 92' lang='lat' dir='ltr'><strong>ac</strong></span> <span class='ocrx_word' id='word_1_376' title='bbox 1851 3453 2025 3510; x_wconf 85' lang='lat' dir='ltr'><strong>dictu-</strong></span> 
     </span>
    </p>
   </div>
   <div class='ocr_carea' id='block_1_52' title="bbox 429 3541 2026 3616">
    <p class='ocr_par' dir='ltr' id='par_1_52' title="bbox 429 3541 2026 3616">
     <span class='ocr_line' id='line_1_53' title="bbox 429 3541 2026 3616; baseline -0.001 -15"><span class='ocrx_word' id='word_1_377' title='bbox 429 3560 558 3600; x_wconf 88' lang='lat' dir='ltr'><strong>rum</strong></span> <span class='ocrx_word' id='word_1_378' title='bbox 581 3565 593 3601; x_wconf 91' lang='lat'>:</span> <span class='ocrx_word' id='word_1_379' title='bbox 621 3544 914 3615; x_wconf 91' lang='lat' dir='ltr'><strong>Quomodo</strong></span> <span class='ocrx_word' id='word_1_380' title='bbox 935 3544 1102 3616; x_wconf 87' lang='lat' dir='ltr'><strong>igitur</strong></span> <span class='ocrx_word' id='word_1_381' title='bbox 1128 3544 1359 3615; x_wconf 85' lang='lat' dir='ltr'><strong>apostoli</strong></span> <span class='ocrx_word' id='word_1_382' title='bbox 1381 3541 1769 3615; x_wconf 70' lang='lat' dir='ltr'><strong>praecipiebant</strong></span> <span class='ocrx_word' id='word_1_383' title='bbox 1790 3544 2026 3600; x_wconf 90' lang='lat' dir='ltr'><strong>circum-</strong></span> 
     </span>
    </p>
   </div>
   <div class='ocr_carea' id='block_1_53' title="bbox 431 3633 2024 3706">
    <p class='ocr_par' dir='ltr' id='par_1_53' title="bbox 431 3633 2024 3706">
     <span class='ocr_line' id='line_1_54' title="bbox 431 3633 2024 3706; baseline 0 -17"><span class='ocrx_word' id='word_1_384' title='bbox 431 3633 695 3692; x_wconf 89' lang='lat' dir='ltr'><strong>cisionem</strong></span> <span class='ocrx_word' id='word_1_385' title='bbox 712 3637 736 3689; x_wconf 77' lang='grc' dir='ltr'>Ρ</span> <span class='ocrx_word' id='word_1_386' title='bbox 752 3633 908 3691; x_wconf 88' lang='lat' dir='ltr'><strong>diluit</strong></span> <span class='ocrx_word' id='word_1_387' title='bbox 932 3633 1076 3689; x_wconf 89' lang='lat' dir='ltr'><strong>hanc</strong></span> <span class='ocrx_word' id='word_1_388' title='bbox 1097 3633 1488 3706; x_wconf 89' lang='lat' dir='ltr'><strong>objectiouem,</strong></span> <span class='ocrx_word' id='word_1_389' title='bbox 1511 3648 1574 3688; x_wconf 90' lang='lat' dir='ltr'><strong>ac</strong></span> <span class='ocrx_word' id='word_1_390' title='bbox 1595 3648 1782 3689; x_wconf 85' lang='lat' dir='ltr'><strong>veram</strong></span> <span class='ocrx_word' id='word_1_391' title='bbox 1802 3633 2024 3705; x_wconf 92' lang='lat' dir='ltr'><strong>quidem</strong></span> 
     </span>
    </p>
   </div>
   <div class='ocr_carea' id='block_1_54' title="bbox 431 3720 2022 3796">
    <p class='ocr_par' dir='ltr' id='par_1_54' title="bbox 431 3720 2022 3796">
     <span class='ocr_line' id='line_1_55' title="bbox 431 3720 2022 3796; baseline 0 -17"><span class='ocrx_word' id='word_1_392' title='bbox 431 3739 648 3781; x_wconf 90' lang='lat' dir='ltr'><strong>causam</strong></span> <span class='ocrx_word' id='word_1_393' title='bbox 674 3740 788 3780; x_wconf 88' lang='lat' dir='ltr'><strong>non</strong></span> <span class='ocrx_word' id='word_1_394' title='bbox 816 3723 974 3790; x_wconf 83' lang='lat' dir='ltr'><strong>dicit,</strong></span> <span class='ocrx_word' id='word_1_395' title='bbox 1015 3723 1279 3779; x_wconf 90' lang='lat' dir='ltr'><strong>nimirum</strong></span> <span class='ocrx_word' id='word_1_396' title='bbox 1307 3722 1457 3796; x_wconf 92' lang='lat' dir='ltr'><strong>quod</strong></span> <span class='ocrx_word' id='word_1_397' title='bbox 1479 3738 1545 3778; x_wconf 79' lang='lat' dir='ltr'><strong>ex</strong></span> <span class='ocrx_word' id='word_1_398' title='bbox 1582 3720 2022 3795; x_wconf 88' lang='lat' dir='ltr'><strong>dispensatione,</strong></span> 
     </span>
    </p>
   </div>
   <div class='ocr_carea' id='block_1_55' title="bbox 429 3811 2024 3886">
    <p class='ocr_par' dir='ltr' id='par_1_55' title="bbox 429 3811 2024 3886">
     <span class='ocr_line' id='line_1_56' title="bbox 429 3811 2024 3886; baseline -0.002 -16"><span class='ocrx_word' id='word_1_399' title='bbox 429 3821 486 3870; x_wconf 90' lang='lat' dir='ltr'><strong>et</strong></span> <span class='ocrx_word' id='word_1_400' title='bbox 512 3813 948 3872; x_wconf 90' lang='lat' dir='ltr'><strong>obsecundantes</strong></span> <span class='ocrx_word' id='word_1_401' title='bbox 979 3812 1084 3870; x_wconf 90' lang='lat' dir='ltr'><strong>hoc</strong></span> <span class='ocrx_word' id='word_1_402' title='bbox 1113 3811 1360 3870; x_wconf 86' lang='lat' dir='ltr'><strong>faciant:</strong></span> <span class='ocrx_word' id='word_1_403' title='bbox 1399 3827 1472 3868; x_wconf 91' lang='lat' dir='ltr'><strong>ne</strong></span> <span class='ocrx_word' id='word_1_404' title='bbox 1504 3811 1540 3868; x_wconf 91' lang='lat' dir='ltr'><strong>ii</strong></span> <span class='ocrx_word' id='word_1_405' title='bbox 1583 3812 1678 3886; x_wconf 92' lang='lat' dir='ltr'><strong>qui</strong></span> <span class='ocrx_word' id='word_1_406' title='bbox 1713 3828 1782 3868; x_wconf 89' lang='lat' dir='ltr'><strong>ex</strong></span> <span class='ocrx_word' id='word_1_407' title='bbox 1813 3812 2024 3870; x_wconf 68' lang='lat' dir='ltr'><strong>Iudaeis</strong></span> 
     </span>
    </p>
   </div>
   <div class='ocr_carea' id='block_1_56' title="bbox 430 3901 2026 3974">
    <p class='ocr_par' dir='ltr' id='par_1_56' title="bbox 430 3901 2026 3974">
     <span class='ocr_line' id='line_1_57' title="bbox 430 3901 2026 3974; baseline -0.001 -14"><span class='ocrx_word' id='word_1_408' title='bbox 430 3903 650 3961; x_wconf 87' lang='lat' dir='ltr'><strong>Christo</strong></span> <span class='ocrx_word' id='word_1_409' title='bbox 690 3911 1036 3961; x_wconf 86' lang='lat' dir='ltr'><strong>accesserant</strong></span> <span class='ocrx_word' id='word_1_410' title='bbox 1083 3902 1368 3960; x_wconf 84' lang='lat' dir='ltr'><strong>audientes</strong></span> <span class='ocrx_word' id='word_1_411' title='bbox 1417 3901 1567 3974; x_wconf 92' lang='lat' dir='ltr'><strong>quod</strong></span> <span class='ocrx_word' id='word_1_412' title='bbox 1622 3901 1860 3974; x_wconf 88' lang='lat' dir='ltr'><strong>apostoli</strong></span> <span class='ocrx_word' id='word_1_413' title='bbox 1912 3918 2026 3958; x_wconf 90' lang='lat' dir='ltr'><strong>non</strong></span> 
     </span>
    </p>
   </div>
   <div class='ocr_carea' id='block_1_57' title="bbox 427 3990 2026 4064">
    <p class='ocr_par' dir='ltr' id='par_1_57' title="bbox 427 3990 2026 4064">
     <span class='ocr_line' id='line_1_58' title="bbox 427 3990 2026 4064; baseline -0.003 -14"><span class='ocrx_word' id='word_1_414' title='bbox 427 4009 640 4063; x_wconf 87' lang='lat' dir='ltr'><strong>revera,</strong></span> <span class='ocrx_word' id='word_1_415' title='bbox 681 3993 778 4050; x_wconf 93' lang='lat' dir='ltr'><strong>sed</strong></span> <span class='ocrx_word' id='word_1_416' title='bbox 823 4009 890 4050; x_wconf 82' lang='lat' dir='ltr'><strong>ex</strong></span> <span class='ocrx_word' id='word_1_417' title='bbox 915 3992 1317 4064; x_wconf 89' lang='lat' dir='ltr'><strong>dispensatione</strong></span> <span class='ocrx_word' id='word_1_418' title='bbox 1352 3990 1655 4064; x_wconf 90' lang='lat' dir='ltr'><strong>quamdam</strong></span> <span class='ocrx_word' id='word_1_419' title='bbox 1700 3992 2026 4063; x_wconf 89' lang='lat' dir='ltr'><strong>permittant</strong></span> 
     </span>
    </p>
   </div>
   <div class='ocr_carea' id='block_1_58' title="bbox 427 4079 2025 4154">
    <p class='ocr_par' dir='ltr' id='par_1_58' title="bbox 427 4079 2025 4154">
     <span class='ocr_line' id='line_1_59' title="bbox 427 4079 2025 4154; baseline -0.002 -14"><span class='ocrx_word' id='word_1_420' title='bbox 427 4083 930 4151; x_wconf 90' lang='lat' dir='ltr'><strong>circumeisionem,</strong></span> <span class='ocrx_word' id='word_1_421' title='bbox 975 4082 1044 4138; x_wconf 91' lang='lat' dir='ltr'><strong>ab</strong></span> <span class='ocrx_word' id='word_1_422' title='bbox 1083 4081 1216 4152; x_wconf 90' lang='lat' dir='ltr'><strong>ipsis</strong></span> <span class='ocrx_word' id='word_1_423' title='bbox 1256 4079 1534 4149; x_wconf 89' lang='lat' dir='ltr'><strong>deﬁciant,</strong></span> <span class='ocrx_word' id='word_1_424' title='bbox 1565 4096 1667 4136; x_wconf 92' lang='lat' dir='ltr'><strong>ceu</strong></span> <span class='ocrx_word' id='word_1_425' title='bbox 1695 4081 1830 4154; x_wconf 87' lang='lat' dir='ltr'><strong>legis</strong></span> <span class='ocrx_word' id='word_1_426' title='bbox 1865 4081 2025 4138; x_wconf 87' lang='lat' dir='ltr'><strong>dissi-</strong></span> 
     </span>
    </p>
   </div>
   <div class='ocr_carea' id='block_1_59' title="bbox 428 4168 2024 4244">
    <p class='ocr_par' dir='ltr' id='par_1_59' title="bbox 428 4168 2024 4244">
     <span class='ocr_line' id='line_1_60' title="bbox 428 4168 2024 4244; baseline -0.001 -16"><span class='ocrx_word' id='word_1_427' title='bbox 428 4173 724 4244; x_wconf 89' lang='lat' dir='ltr'><strong>patoribus.</strong></span> <span class='ocrx_word' id='word_1_428' title='bbox 757 4173 1034 4226; x_wconf 86' lang='lat' dir='ltr'><strong>Hactenus</strong></span> <span class='ocrx_word' id='word_1_429' title='bbox 1065 4170 1216 4225; x_wconf 91' lang='lat' dir='ltr'><strong>enim</strong></span> <span class='ocrx_word' id='word_1_430' title='bbox 1251 4169 1358 4224; x_wconf 92' lang='lat' dir='ltr'><strong>illis</strong></span> <span class='ocrx_word' id='word_1_431' title='bbox 1379 4168 1715 4225; x_wconf 88' lang='lat' dir='ltr'><strong>adhibebant</strong></span> <span class='ocrx_word' id='word_1_432' title='bbox 1743 4171 2024 4241; x_wconf 90' lang='lat' dir='ltr'><strong>animum,</strong></span> 
     </span>
    </p>
   </div>
   <div class='ocr_carea' id='block_1_60' title="bbox 428 4258 2028 4332">
    <p class='ocr_par' dir='ltr' id='par_1_60' title="bbox 428 4258 2028 4332">
     <span class='ocr_line' id='line_1_61' title="bbox 428 4258 2028 4332; baseline -0.001 -15"><span class='ocrx_word' id='word_1_433' title='bbox 428 4261 555 4332; x_wconf 90' lang='lat' dir='ltr'><strong>quia</strong></span> <span class='ocrx_word' id='word_1_434' title='bbox 578 4261 757 4332; x_wconf 90' lang='lat' dir='ltr'><strong>legem</strong></span> <span class='ocrx_word' id='word_1_435' title='bbox 785 4258 1166 4316; x_wconf 88' lang='lat' dir='ltr'><strong>observabant.</strong></span> <span class='ocrx_word' id='word_1_436' title='bbox 1198 4258 1358 4313; x_wconf 88' lang='lat' dir='ltr'><strong>Hanc</strong></span> <span class='ocrx_word' id='word_1_437' title='bbox 1386 4258 1556 4330; x_wconf 88' lang='lat' dir='ltr'><strong>igitur</strong></span> <span class='ocrx_word' id='word_1_438' title='bbox 1587 4275 1813 4316; x_wconf 90' lang='lat' dir='ltr'><strong>causam</strong></span> <span class='ocrx_word' id='word_1_439' title='bbox 1843 4261 2028 4316; x_wconf 93' lang='lat' dir='ltr'><strong>occul-</strong></span> 
     </span>
    </p>
   </div>
   <div class='ocr_carea' id='block_1_61' title="bbox 429 4347 2025 4422">
    <p class='ocr_par' dir='ltr' id='par_1_61' title="bbox 429 4347 2025 4422">
     <span class='ocr_line' id='line_1_62' title="bbox 429 4347 2025 4422; baseline -0.001 -17"><span class='ocrx_word' id='word_1_440' title='bbox 429 4357 511 4406; x_wconf 87' lang='lat' dir='ltr'><strong>tat</strong></span> <span class='ocrx_word' id='word_1_441' title='bbox 523 4350 744 4406; x_wconf 90' lang='lat' dir='ltr'><strong>Paulus.</strong></span> <span class='ocrx_word' id='word_1_442' title='bbox 767 4347 938 4405; x_wconf 86' lang='lat' dir='ltr'><strong>Valde</strong></span> <span class='ocrx_word' id='word_1_443' title='bbox 957 4355 1142 4402; x_wconf 91' lang='lat' dir='ltr'><strong>autem</strong></span> <span class='ocrx_word' id='word_1_444' title='bbox 1156 4354 1349 4419; x_wconf 87' lang='lat' dir='ltr'><strong>gravat</strong></span> <span class='ocrx_word' id='word_1_445' title='bbox 1361 4349 1655 4418; x_wconf 88' lang='lat' dir='ltr'><strong>apostolos,</strong></span> <span class='ocrx_word' id='word_1_446' title='bbox 1679 4365 1806 4404; x_wconf 90' lang='lat' dir='ltr'><strong>cum</strong></span> <span class='ocrx_word' id='word_1_447' title='bbox 1822 4348 2025 4422; x_wconf 91' lang='lat' dir='ltr'><strong>inquit,</strong></span> 
     </span>
    </p>
   </div>
   <div class='ocr_carea' id='block_1_62' title="bbox 2141 1927 3054 2010">
    <p class='ocr_par' dir='ltr' id='par_1_62' title="bbox 2141 1927 3054 2010">
     <span class='ocr_line' id='line_1_63' title="bbox 2141 1927 3054 2010; baseline 0 -20"><span class='ocrx_word' id='word_1_448' title='bbox 2141 1929 2228 1990; x_wconf 79' lang='grc' dir='ltr'><strong>ἵνα</strong></span> <span class='ocrx_word' id='word_1_449' title='bbox 2259 1929 2635 2010; x_wconf 85' lang='grc' dir='ltr'>κραταιώσωσι</span> <span class='ocrx_word' id='word_1_450' title='bbox 2662 1927 2759 2000; x_wconf 85' lang='grc' dir='ltr'><strong>τὴν</strong></span> <span class='ocrx_word' id='word_1_451' title='bbox 2790 1927 3054 1990; x_wconf 84' lang='grc' dir='ltr'>δουλείαν.</span> 
     </span>
    </p>
   </div>
   <div class='ocr_carea' id='block_1_63' title="bbox 2231 2011 3743 2098">
    <p class='ocr_par' dir='ltr' id='par_1_63' title="bbox 2231 2011 3743 2098">
     <span class='ocr_line' id='line_1_64' title="bbox 2231 2011 3743 2098; baseline -0.005 -20"><span class='ocrx_word' id='word_1_452' title='bbox 2231 2042 2260 2078; x_wconf 70' lang='grc' dir='ltr'><strong>α</strong></span> <span class='ocrx_word' id='word_1_453' title='bbox 2296 2011 2394 2087; x_wconf 67' lang='grc' dir='ltr'><strong>Οἷς</strong></span> <span class='ocrx_word' id='word_1_454' title='bbox 2423 2015 2541 2078; x_wconf 82' lang='grc' dir='ltr'>οὐδὲ</span> <span class='ocrx_word' id='word_1_455' title='bbox 2567 2017 2696 2098; x_wconf 78' lang='grc' dir='ltr'>πρὸς</span> <span class='ocrx_word' id='word_1_456' title='bbox 2723 2016 2870 2098; x_wconf 82' lang='grc' dir='ltr'>ὥραν</span> <span class='ocrx_word' id='word_1_457' title='bbox 2915 2017 3127 2094; x_wconf 83' lang='grc' dir='ltr'>εἴξαμεν</span> <span class='ocrx_word' id='word_1_458' title='bbox 3266 2019 3513 2096; x_wconf 74' lang='grc' dir='ltr'>ὕποταγῇ</span> <span class='ocrx_word' id='word_1_459' title='bbox 3536 2060 3553 2089; x_wconf 95' lang='grc'><strong>,</strong></span> <span class='ocrx_word' id='word_1_460' title='bbox 3587 2011 3674 2072; x_wconf 80' lang='grc' dir='ltr'><strong>ἵνα</strong></span> <span class='ocrx_word' id='word_1_461' title='bbox 3708 2016 3743 2084; x_wconf 84' lang='grc' dir='ltr'><strong>ἡ</strong></span> 
     </span>
    </p>
   </div>
   <div class='ocr_carea' id='block_1_64' title="bbox 2148 2103 3752 2188">
    <p class='ocr_par' dir='ltr' id='par_1_64' title="bbox 2148 2103 3752 2188">
     <span class='ocr_line' id='line_1_65' title="bbox 2148 2103 3752 2188; baseline -0.003 -22"><span class='ocrx_word' id='word_1_462' title='bbox 2148 2109 2371 2182; x_wconf 83' lang='grc' dir='ltr'>ἀλήθεια</span> <span class='ocrx_word' id='word_1_463' title='bbox 2412 2113 2502 2167; x_wconf 91' lang='lat'><strong>105</strong></span> <span class='ocrx_word' id='word_1_464' title='bbox 2539 2107 2868 2187; x_wconf 85' lang='grc' dir='ltr'>Εὐαγγελίου</span> <span class='ocrx_word' id='word_1_465' title='bbox 2916 2107 3162 2188; x_wconf 83' lang='grc' dir='ltr'>διαμείνῃ</span> <span class='ocrx_word' id='word_1_466' title='bbox 3207 2106 3339 2187; x_wconf 85' lang='grc' dir='ltr'>πρὸς</span> <span class='ocrx_word' id='word_1_467' title='bbox 3370 2111 3532 2183; x_wconf 76' lang='grc' dir='ltr'>ὑμᾶς.</span> <span class='ocrx_word' id='word_1_468' title='bbox 3568 2129 3598 2162; x_wconf 68' lang='grc' dir='ltr'><strong>ι</strong></span> <span class='ocrx_word' id='word_1_469' title='bbox 3630 2103 3752 2162; x_wconf 86' lang='grc' dir='ltr'><strong>Οὖκ</strong></span> 
     </span>
    </p>
   </div>
   <div class='ocr_carea' id='block_1_65' title="bbox 2145 2187 3754 2279">
    <p class='ocr_par' dir='ltr' id='par_1_65' title="bbox 2145 2187 3754 2279">
     <span class='ocr_line' id='line_1_66' title="bbox 2145 2187 3754 2279; baseline -0.004 -22"><span class='ocrx_word' id='word_1_470' title='bbox 2145 2187 2263 2258; x_wconf 72' lang='grc' dir='ltr'>εἷπε</span> <span class='ocrx_word' id='word_1_471' title='bbox 2282 2243 2301 2275; x_wconf 84' lang='lat'><strong>,</strong></span> <span class='ocrx_word' id='word_1_472' title='bbox 2337 2201 2434 2279; x_wconf 83' lang='grc' dir='ltr'><strong>Τῷ</strong></span> <span class='ocrx_word' id='word_1_473' title='bbox 2463 2197 2638 2279; x_wconf 85' lang='grc' dir='ltr'>λόγῳ,</span> <span class='ocrx_word' id='word_1_474' title='bbox 2673 2195 2814 2256; x_wconf 76' lang='grc' dir='ltr'>ἀλλὰ</span> <span class='ocrx_word' id='word_1_475' title='bbox 2833 2241 2850 2270; x_wconf 89' lang='grc'><strong>,</strong></span> <span class='ocrx_word' id='word_1_476' title='bbox 2887 2219 2917 2256; x_wconf 76' lang='grc' dir='ltr'><strong>α</strong></span> <span class='ocrx_word' id='word_1_477' title='bbox 2944 2199 3030 2277; x_wconf 81' lang='grc' dir='ltr'><strong>Τῇ</strong></span> <span class='ocrx_word' id='word_1_478' title='bbox 3061 2187 3328 2275; x_wconf 75' lang='grc' dir='ltr'>ὑποταγῇ.</span> <span class='ocrx_word' id='word_1_479' title='bbox 3358 2215 3388 2254; x_wconf 75' lang='lat' dir='ltr'><strong>n</strong></span> <span class='ocrx_word' id='word_1_480' title='bbox 3418 2195 3500 2255; x_wconf 83' lang='grc' dir='ltr'><strong>Οὐ</strong></span> <span class='ocrx_word' id='word_1_481' title='bbox 3531 2191 3634 2271; x_wconf 74' lang='grc' dir='ltr'>γὰρ</span> <span class='ocrx_word' id='word_1_482' title='bbox 3662 2191 3754 2250; x_wconf 72' lang='grc' dir='ltr'><strong>ἵνα</strong></span> 
     </span>
    </p>
   </div>
   <div class='ocr_carea' id='block_1_66' title="bbox 2145 2281 3754 2363">
    <p class='ocr_par' dir='ltr' id='par_1_66' title="bbox 2145 2281 3754 2363">
     <span class='ocr_line' id='line_1_67' title="bbox 2145 2281 3754 2363; baseline -0.004 -17"><span class='ocrx_word' id='word_1_483' title='bbox 2145 2286 2398 2356; x_wconf 83' lang='grc' dir='ltr'>διδάξωσί</span> <span class='ocrx_word' id='word_1_484' title='bbox 2446 2311 2499 2346; x_wconf 90' lang='grc' dir='ltr'><strong>τι</strong></span> <span class='ocrx_word' id='word_1_485' title='bbox 2547 2291 2691 2363; x_wconf 85' lang='grc' dir='ltr'>ἡμᾶς</span> <span class='ocrx_word' id='word_1_486' title='bbox 2737 2291 2908 2346; x_wconf 79' lang='grc' dir='ltr'>ταῦτα</span> <span class='ocrx_word' id='word_1_487' title='bbox 2957 2287 3204 2359; x_wconf 85' lang='grc' dir='ltr'>ἐποίουν,</span> <span class='ocrx_word' id='word_1_488' title='bbox 3241 2284 3362 2345; x_wconf 87' lang='grc' dir='ltr'>ἀλλ’</span> <span class='ocrx_word' id='word_1_489' title='bbox 3409 2283 3498 2343; x_wconf 79' lang='grc' dir='ltr'><strong>ἵνα</strong></span> <span class='ocrx_word' id='word_1_490' title='bbox 3550 2281 3754 2342; x_wconf 78' lang='grc' dir='ltr'>ὑποτά-</span> 
     </span>
    </p>
   </div>
   <div class='ocr_carea' id='block_1_67' title="bbox 2146 2372 3750 2453">
    <p class='ocr_par' dir='ltr' id='par_1_67' title="bbox 2146 2372 3750 2453">
     <span class='ocr_line' id='line_1_68' title="bbox 2146 2372 3750 2453; baseline -0.002 -18"><span class='ocrx_word' id='word_1_491' title='bbox 2146 2374 2276 2445; x_wconf 84' lang='grc' dir='ltr'>ξωσι</span> <span class='ocrx_word' id='word_1_492' title='bbox 2321 2376 2413 2436; x_wconf 82' lang='grc' dir='ltr'><strong>καὶ</strong></span> <span class='ocrx_word' id='word_1_493' title='bbox 2446 2376 2843 2438; x_wconf 87' lang='grc' dir='ltr'>δουλώσωνται.</span> <span class='ocrx_word' id='word_1_494' title='bbox 2901 2374 3005 2436; x_wconf 78' lang='grc' dir='ltr'>Διὰ</span> <span class='ocrx_word' id='word_1_495' title='bbox 3036 2380 3192 2434; x_wconf 79' lang='grc' dir='ltr'>τοῦτο</span> <span class='ocrx_word' id='word_1_496' title='bbox 3222 2378 3330 2443; x_wconf 89' lang='grc' dir='ltr'>τοῖς</span> <span class='ocrx_word' id='word_1_497' title='bbox 3372 2374 3470 2453; x_wconf 84' lang='grc' dir='ltr'>μὲν</span> <span class='ocrx_word' id='word_1_498' title='bbox 3513 2372 3750 2433; x_wconf 83' lang='grc' dir='ltr'>ἀποστό-</span> 
     </span>
    </p>
   </div>
   <div class='ocr_carea' id='block_1_68' title="bbox 2143 2461 3753 2546">
    <p class='ocr_par' dir='ltr' id='par_1_68' title="bbox 2143 2461 3753 2546">
     <span class='ocr_line' id='line_1_69' title="bbox 2143 2461 3753 2546; baseline -0.004 -20"><span class='ocrx_word' id='word_1_499' title='bbox 2143 2470 2252 2534; x_wconf 85' lang='grc' dir='ltr'>λοις</span> <span class='ocrx_word' id='word_1_500' title='bbox 2299 2465 2539 2546; x_wconf 79' lang='grc' dir='ltr'>εἴξαμεν·</span> <span class='ocrx_word' id='word_1_501' title='bbox 2589 2466 2794 2535; x_wconf 80' lang='grc' dir='ltr'>τούτοις</span> <span class='ocrx_word' id='word_1_502' title='bbox 2833 2465 2931 2545; x_wconf 75' lang='grc' dir='ltr'>δὲ,</span> <span class='ocrx_word' id='word_1_503' title='bbox 2982 2466 3176 2524; x_wconf 82' lang='grc' dir='ltr'>οὖκέτι.</span> <span class='ocrx_word' id='word_1_504' title='bbox 3221 2461 3367 2543; x_wconf 81' lang='grc' dir='ltr'>Ἵνα,</span> <span class='ocrx_word' id='word_1_505' title='bbox 3427 2463 3593 2545; x_wconf 81' lang='grc' dir='ltr'>φησὶ,</span> <span class='ocrx_word' id='word_1_506' title='bbox 3660 2461 3753 2542; x_wconf 85' lang='grc' dir='ltr'><strong>βέ-</strong></span> 
     </span>
    </p>
   </div>
   <div class='ocr_carea' id='block_1_69' title="bbox 2147 2554 3748 2635">
    <p class='ocr_par' dir='ltr' id='par_1_69' title="bbox 2147 2554 3748 2635">
     <span class='ocr_line' id='line_1_70' title="bbox 2147 2554 3748 2635; baseline -0.004 -21"><span class='ocrx_word' id='word_1_507' title='bbox 2147 2555 2276 2615; x_wconf 81' lang='grc' dir='ltr'>ϐαια</span> <span class='ocrx_word' id='word_1_508' title='bbox 2334 2557 2468 2635; x_wconf 75' lang='grc' dir='ltr'>μένῃ</span> <span class='ocrx_word' id='word_1_509' title='bbox 2499 2555 2592 2616; x_wconf 77' lang='grc' dir='ltr'><strong>καὶ</strong></span> <span class='ocrx_word' id='word_1_510' title='bbox 2645 2557 2857 2629; x_wconf 86' lang='grc' dir='ltr'>ἀληθῆ,</span> <span class='ocrx_word' id='word_1_511' title='bbox 2913 2555 2948 2613; x_wconf 78' lang='grc' dir='ltr'>ἃ</span> <span class='ocrx_word' id='word_1_512' title='bbox 2982 2554 3311 2634; x_wconf 80' lang='grc' dir='ltr'>ἐκηρύξαμεν</span> <span class='ocrx_word' id='word_1_513' title='bbox 3355 2559 3507 2631; x_wconf 82' lang='grc' dir='ltr'>ὑμῖν.</span> <span class='ocrx_word' id='word_1_514' title='bbox 3567 2554 3748 2626; x_wconf 66' lang='grc' dir='ltr'>Ποῖα,</span> 
     </span>
    </p>
   </div>
   <div class='ocr_carea' id='block_1_70' title="bbox 2141 2642 3748 2725">
    <p class='ocr_par' dir='ltr' id='par_1_70' title="bbox 2141 2642 3748 2725">
     <span class='ocr_line' id='line_1_71' title="bbox 2141 2642 3748 2725; baseline -0.004 -19"><span class='ocrx_word' id='word_1_515' title='bbox 2141 2645 2273 2706; x_wconf 88' lang='grc' dir='ltr'>Ὅτι</span> <span class='ocrx_word' id='word_1_516' title='bbox 2305 2646 2372 2704; x_wconf 82' lang='grc' dir='ltr'><strong>τὰ</strong></span> <span class='ocrx_word' id='word_1_517' title='bbox 2419 2647 2623 2725; x_wconf 73' lang='grc' dir='ltr'>ἀρχαῖα</span> <span class='ocrx_word' id='word_1_518' title='bbox 2653 2647 2922 2725; x_wconf 87' lang='grc' dir='ltr'>παρῆλθε,</span> <span class='ocrx_word' id='word_1_519' title='bbox 2967 2643 3059 2704; x_wconf 81' lang='grc' dir='ltr'><strong>καὶ</strong></span> <span class='ocrx_word' id='word_1_520' title='bbox 3089 2644 3172 2704; x_wconf 80' lang='grc' dir='ltr'><strong>ὅτι</strong></span> <span class='ocrx_word' id='word_1_521' title='bbox 3218 2648 3246 2702; x_wconf 84' lang='grc' dir='ltr'><strong>ὁ</strong></span> <span class='ocrx_word' id='word_1_522' title='bbox 3275 2643 3432 2720; x_wconf 86' lang='grc' dir='ltr'>νόμος</span> <span class='ocrx_word' id='word_1_523' title='bbox 3466 2642 3748 2722; x_wconf 82' lang='grc' dir='ltr'>κατήργη-</span> 
     </span>
    </p>
   </div>
   <div class='ocr_carea' id='block_1_71' title="bbox 2143 2731 3746 2815">
    <p class='ocr_par' dir='ltr' id='par_1_71' title="bbox 2143 2731 3746 2815">
     <span class='ocr_line' id='line_1_72' title="bbox 2143 2731 3746 2815; baseline -0.003 -21"><span class='ocrx_word' id='word_1_524' title='bbox 2143 2759 2264 2809; x_wconf 87' lang='grc' dir='ltr'>ται,</span> <span class='ocrx_word' id='word_1_525' title='bbox 2304 2735 2395 2795; x_wconf 80' lang='grc' dir='ltr'><strong>καὶ</strong></span> <span class='ocrx_word' id='word_1_526' title='bbox 2438 2734 2520 2793; x_wconf 74' lang='grc' dir='ltr'><strong>ὅτι</strong></span> <span class='ocrx_word' id='word_1_527' title='bbox 2548 2733 2666 2802; x_wconf 81' lang='grc' dir='ltr'>τοὺς</span> <span class='ocrx_word' id='word_1_528' title='bbox 2699 2731 3178 2815; x_wconf 82' lang='grc' dir='ltr'>περιτεμνομένους</span> <span class='ocrx_word' id='word_1_529' title='bbox 3214 2733 3447 2813; x_wconf 84' lang='grc' dir='ltr'>Χριστὸς</span> <span class='ocrx_word' id='word_1_530' title='bbox 3478 2732 3541 2815; x_wconf 79' lang='grc' dir='ltr'>οὗ</span> <span class='ocrx_word' id='word_1_531' title='bbox 3572 2754 3746 2812; x_wconf 87' lang='grc' dir='ltr'>προσ-</span> 
     </span>
    </p>
   </div>
   <div class='ocr_carea' id='block_1_72' title="bbox 2147 2813 3745 2905">
    <p class='ocr_par' dir='ltr' id='par_1_72' title="bbox 2147 2813 3745 2905">
     <span class='ocr_line' id='line_1_73' title="bbox 2147 2813 3745 2905; baseline -0.001 -24"><span class='ocrx_word' id='word_1_532' title='bbox 2147 2823 2313 2898; x_wconf 89' lang='grc' dir='ltr'>ίεται,</span> <span class='ocrx_word' id='word_1_533' title='bbox 2361 2823 2479 2884; x_wconf 79' lang='grc' dir='ltr'>οὐδὲ</span> <span class='ocrx_word' id='word_1_534' title='bbox 2542 2825 2736 2905; x_wconf 68' lang='grc' dir='ltr'>ὠφελεῖ</span> <span class='ocrx_word' id='word_1_535' title='bbox 2775 2813 2965 2884; x_wconf 80' lang='grc' dir='ltr'>οὐδέν.</span> <span class='ocrx_word' id='word_1_536' title='bbox 3027 2823 3387 2890; x_wconf 80' lang='grc' dir='ltr'>Ἀντιστάντες</span> <span class='ocrx_word' id='word_1_537' title='bbox 3447 2813 3536 2881; x_wconf 72' lang='grc' dir='ltr'>οὖν</span> <span class='ocrx_word' id='word_1_538' title='bbox 3606 2819 3745 2880; x_wconf 82' lang='grc' dir='ltr'>ἐκεί-</span> 
     </span>
    </p>
   </div>
   <div class='ocr_carea' id='block_1_73' title="bbox 2147 2909 3749 2992">
    <p class='ocr_par' dir='ltr' id='par_1_73' title="bbox 2147 2909 3749 2992">
     <span class='ocr_line' id='line_1_74' title="bbox 2147 2909 3749 2992; baseline -0.002 -20"><span class='ocrx_word' id='word_1_539' title='bbox 2147 2937 2286 2988; x_wconf 88' lang='grc' dir='ltr'>νοις,</span> <span class='ocrx_word' id='word_1_540' title='bbox 2321 2912 2593 2990; x_wconf 81' lang='grc' dir='ltr'>ἐδείξαμεν</span> <span class='ocrx_word' id='word_1_541' title='bbox 2616 2956 2634 2986; x_wconf 96' lang='grc'><strong>,</strong></span> <span class='ocrx_word' id='word_1_542' title='bbox 2664 2911 2744 2971; x_wconf 78' lang='grc' dir='ltr'><strong>ὅτι</strong></span> <span class='ocrx_word' id='word_1_543' title='bbox 2776 2914 2947 2984; x_wconf 84' lang='grc' dir='ltr'>ἀληθῆ</span> <span class='ocrx_word' id='word_1_544' title='bbox 2973 2911 3065 2972; x_wconf 61' lang='grc' dir='ltr'><strong>καὶ⁵</strong></span> <span class='ocrx_word' id='word_1_545' title='bbox 3092 2913 3215 2990; x_wconf 74' lang='grc' dir='ltr'>ὑμῖν</span> <span class='ocrx_word' id='word_1_546' title='bbox 3247 2910 3370 2992; x_wconf 70' lang='grc' dir='ltr'>περὶ</span> <span class='ocrx_word' id='word_1_547' title='bbox 3410 2915 3505 2982; x_wconf 88' lang='grc' dir='ltr'><strong>τῆς</strong></span> <span class='ocrx_word' id='word_1_548' title='bbox 3531 2914 3624 2970; x_wconf 89' lang='lat'><strong>105</strong></span> <span class='ocrx_word' id='word_1_549' title='bbox 3653 2909 3749 2968; x_wconf 75' lang='lat' dir='ltr'><strong>v6-</strong></span> 
     </span>
    </p>
   </div>
   <div class='ocr_carea' id='block_1_74' title="bbox 2140 2999 3740 3082">
    <p class='ocr_par' dir='ltr' id='par_1_74' title="bbox 2140 2999 3740 3082">
     <span class='ocr_line' id='line_1_75' title="bbox 2140 2999 3740 3082; baseline -0.002 -21"><span class='ocrx_word' id='word_1_550' title='bbox 2140 3025 2242 3081; x_wconf 86' lang='grc' dir='ltr'><strong>μου</strong></span> <span class='ocrx_word' id='word_1_551' title='bbox 2303 3001 2492 3082; x_wconf 86' lang='grc' dir='ltr'>ἀργίας</span> <span class='ocrx_word' id='word_1_552' title='bbox 2541 3001 2594 3038; x_wconf 77' lang='grc'><strong>⁶⁰</strong></span> <span class='ocrx_word' id='word_1_553' title='bbox 2645 3001 2996 3080; x_wconf 84' lang='grc' dir='ltr'>ἐκηρύξαμεν.</span> <span class='ocrx_word' id='word_1_554' title='bbox 3069 3003 3169 3075; x_wconf 86' lang='grc' dir='ltr'><strong>Μὴ</strong></span> <span class='ocrx_word' id='word_1_555' title='bbox 3226 3003 3400 3062; x_wconf 85' lang='grc' dir='ltr'>τοίνυν</span> <span class='ocrx_word' id='word_1_556' title='bbox 3455 2999 3740 3074; x_wconf 84' lang='grc' dir='ltr'>ἐκσταίητε</span> 
     </span>
    </p>
   </div>
   <div class='ocr_carea' id='block_1_75' title="bbox 2063 3089 2772 3176">
    <p class='ocr_par' dir='ltr' id='par_1_75' title="bbox 2063 3089 2772 3176">
     <span class='ocr_line' id='line_1_76' title="bbox 2063 3089 2772 3176; baseline 0.004 -27"><span class='ocrx_word' id='word_1_557' title='bbox 2063 3109 2108 3176; x_wconf 79' lang='lat' dir='ltr'><strong>c</strong></span> <span class='ocrx_word' id='word_1_558' title='bbox 2139 3094 2235 3164; x_wconf 88' lang='grc' dir='ltr'><strong>τῆς</strong></span> <span class='ocrx_word' id='word_1_559' title='bbox 2274 3090 2525 3163; x_wconf 83' lang='grc' dir='ltr'>ἀληθείας</span> <span class='ocrx_word' id='word_1_560' title='bbox 2552 3089 2772 3164; x_wconf 78' lang='grc' dir='ltr'>ταύτης.</span> 
     </span>
    </p>
   </div>
   <div class='ocr_carea' id='block_1_76' title="bbox 2229 3170 3747 3254">
    <p class='ocr_par' dir='ltr' id='par_1_76' title="bbox 2229 3170 3747 3254">
     <span class='ocr_line' id='line_1_77' title="bbox 2229 3170 3747 3254; baseline -0.002 -14"><span class='ocrx_word' id='word_1_561' title='bbox 2229 3202 2261 3240; x_wconf 78' lang='grc' dir='ltr'><strong>α</strong></span> <span class='ocrx_word' id='word_1_562' title='bbox 2290 3180 2422 3242; x_wconf 79' lang='grc' dir='ltr'>Ἀπὸ</span> <span class='ocrx_word' id='word_1_563' title='bbox 2472 3181 2528 3238; x_wconf 88' lang='grc' dir='ltr'>δὲ</span> <span class='ocrx_word' id='word_1_564' title='bbox 2580 3184 2684 3240; x_wconf 88' lang='grc' dir='ltr'><strong>τῶν</strong></span> <span class='ocrx_word' id='word_1_565' title='bbox 2736 3181 3030 3242; x_wconf 79' lang='grc' dir='ltr'>δοκούντων</span> <span class='ocrx_word' id='word_1_566' title='bbox 3082 3170 3219 3240; x_wconf 76' lang='grc' dir='ltr'>εἶναί</span> <span class='ocrx_word' id='word_1_567' title='bbox 3265 3204 3349 3254; x_wconf 90' lang='grc' dir='ltr'><strong>τι,</strong></span> <span class='ocrx_word' id='word_1_568' title='bbox 3406 3179 3582 3240; x_wconf 71' lang='grc' dir='ltr'>ὁποῖοί</span> <span class='ocrx_word' id='word_1_569' title='bbox 3614 3202 3747 3238; x_wconf 89' lang='grc' dir='ltr'>ποτε</span> 
     </span>
    </p>
   </div>
   <div class='ocr_carea' id='block_1_77' title="bbox 2135 3261 3744 3352">
    <p class='ocr_par' dir='ltr' id='par_1_77' title="bbox 2135 3261 3744 3352">
     <span class='ocr_line' id='line_1_78' title="bbox 2135 3261 3744 3352; baseline -0.001 -23"><span class='ocrx_word' id='word_1_570' title='bbox 2135 3261 2310 3348; x_wconf 72' lang='grc' dir='ltr'>ἦσαν,</span> <span class='ocrx_word' id='word_1_571' title='bbox 2338 3270 2486 3329; x_wconf 75' lang='grc' dir='ltr'>οὐδέν</span> <span class='ocrx_word' id='word_1_572' title='bbox 2517 3294 2608 3348; x_wconf 91' lang='grc' dir='ltr'><strong>μοι</strong></span> <span class='ocrx_word' id='word_1_573' title='bbox 2649 3270 2918 3352; x_wconf 75' lang='grc' dir='ltr'>διαφέρει·</span> <span class='ocrx_word' id='word_1_574' title='bbox 2959 3271 3247 3348; x_wconf 87' lang='grc' dir='ltr'>πρόσωπον</span> <span class='ocrx_word' id='word_1_575' title='bbox 3276 3269 3415 3338; x_wconf 82' lang='grc' dir='ltr'>Θεὸς</span> <span class='ocrx_word' id='word_1_576' title='bbox 3461 3267 3744 3349; x_wconf 78' lang='grc' dir='ltr'>ἀνθρώπου</span> 
     </span>
    </p>
   </div>
   <div class='ocr_carea' id='block_1_78' title="bbox 2136 3353 3744 3437">
    <p class='ocr_par' dir='ltr' id='par_1_78' title="bbox 2136 3353 3744 3437">
     <span class='ocr_line' id='line_1_79' title="bbox 2136 3353 3744 3437; baseline -0.002 -18"><span class='ocrx_word' id='word_1_577' title='bbox 2136 3361 2196 3419; x_wconf 84' lang='grc' dir='ltr'>οὗ</span> <span class='ocrx_word' id='word_1_578' title='bbox 2219 3359 2510 3437; x_wconf 85' lang='grc' dir='ltr'>λαμϐάνει.</span> <span class='ocrx_word' id='word_1_579' title='bbox 2539 3381 2569 3418; x_wconf 75' lang='grc' dir='ltr'>ι)</span> <span class='ocrx_word' id='word_1_580' title='bbox 2604 3359 2765 3420; x_wconf 81' lang='grc' dir='ltr'>Ἐπεὶ</span> <span class='ocrx_word' id='word_1_581' title='bbox 2808 3361 2944 3429; x_wconf 84' lang='grc' dir='ltr'>εἰκὸς</span> <span class='ocrx_word' id='word_1_582' title='bbox 2974 3353 3038 3434; x_wconf 73' lang='grc' dir='ltr'><strong>ῆν</strong></span> <span class='ocrx_word' id='word_1_583' title='bbox 3070 3383 3187 3419; x_wconf 89' lang='grc' dir='ltr'>τινα</span> <span class='ocrx_word' id='word_1_584' title='bbox 3217 3359 3517 3421; x_wconf 85' lang='grc' dir='ltr'>ἀντιπεσεῖν</span> <span class='ocrx_word' id='word_1_585' title='bbox 3550 3359 3696 3437; x_wconf 79' lang='grc' dir='ltr'>αὐτῷ</span> <span class='ocrx_word' id='word_1_586' title='bbox 3723 3404 3744 3435; x_wconf 86' lang='grc'><strong>,</strong></span> 
     </span>
    </p>
   </div>
   <div class='ocr_carea' id='block_1_79' title="bbox 2135 3439 3742 3531">
    <p class='ocr_par' dir='ltr' id='par_1_79' title="bbox 2135 3439 3742 3531">
     <span class='ocr_line' id='line_1_80' title="bbox 2135 3439 3742 3531; baseline -0.001 -23"><span class='ocrx_word' id='word_1_587' title='bbox 2135 3449 2225 3508; x_wconf 79' lang='grc' dir='ltr'><strong>καὶ</strong></span> <span class='ocrx_word' id='word_1_588' title='bbox 2252 3452 2418 3508; x_wconf 81' lang='grc' dir='ltr'>εἰπεῖν</span> <span class='ocrx_word' id='word_1_589' title='bbox 2437 3473 2452 3489; x_wconf 92' lang='grc'><strong>·</strong></span> <span class='ocrx_word' id='word_1_590' title='bbox 2485 3451 2612 3517; x_wconf 89' lang='grc' dir='ltr'><strong>Πῶς</strong></span> <span class='ocrx_word' id='word_1_591' title='bbox 2650 3439 2738 3509; x_wconf 65' lang='grc' dir='ltr'><strong>οὖν</strong></span> <span class='ocrx_word' id='word_1_592' title='bbox 2771 3453 2820 3509; x_wconf 78' lang='grc' dir='ltr'>οἳ</span> <span class='ocrx_word' id='word_1_593' title='bbox 2850 3451 3138 3511; x_wconf 79' lang='grc' dir='ltr'>ἀπόστολοι</span> <span class='ocrx_word' id='word_1_594' title='bbox 3176 3449 3538 3531; x_wconf 87' lang='grc' dir='ltr'>προσέταττον</span> <span class='ocrx_word' id='word_1_595' title='bbox 3586 3471 3742 3527; x_wconf 79' lang='grc' dir='ltr'>περι-</span> 
     </span>
    </p>
   </div>
   <div class='ocr_carea' id='block_1_80' title="bbox 2135 3537 3740 3617">
    <p class='ocr_par' dir='ltr' id='par_1_80' title="bbox 2135 3537 3740 3617">
     <span class='ocr_line' id='line_1_81' title="bbox 2135 3537 3740 3617; baseline -0.001 -20"><span class='ocrx_word' id='word_1_596' title='bbox 2135 3539 2376 3617; x_wconf 84' lang='grc' dir='ltr'>τέμνειν;</span> <span class='ocrx_word' id='word_1_597' title='bbox 2423 3538 2540 3598; x_wconf 89' lang='grc' dir='ltr'>λύει</span> <span class='ocrx_word' id='word_1_598' title='bbox 2589 3537 2790 3613; x_wconf 87' lang='grc' dir='ltr'>ταύτην</span> <span class='ocrx_word' id='word_1_599' title='bbox 2831 3539 2929 3614; x_wconf 84' lang='grc' dir='ltr'><strong>τὴν</strong></span> <span class='ocrx_word' id='word_1_600' title='bbox 2977 3538 3284 3616; x_wconf 82' lang='grc' dir='ltr'>ἀντίθεσιν,</span> <span class='ocrx_word' id='word_1_601' title='bbox 3349 3539 3442 3598; x_wconf 81' lang='grc' dir='ltr'><strong>καὶ</strong></span> <span class='ocrx_word' id='word_1_602' title='bbox 3493 3537 3588 3611; x_wconf 81' lang='grc' dir='ltr'><strong>τὴν</strong></span> <span class='ocrx_word' id='word_1_603' title='bbox 3640 3537 3740 3615; x_wconf 83' lang='grc' dir='ltr'>μὲν</span> 
     </span>
    </p>
   </div>
   <div class='ocr_carea' id='block_1_81' title="bbox 2133 3626 3737 3708">
    <p class='ocr_par' dir='ltr' id='par_1_81' title="bbox 2133 3626 3737 3708">
     <span class='ocr_line' id='line_1_82' title="bbox 2133 3626 3737 3708; baseline -0.002 -20"><span class='ocrx_word' id='word_1_604' title='bbox 2133 3630 2305 3702; x_wconf 88' lang='grc' dir='ltr'>ἀληθῆ</span> <span class='ocrx_word' id='word_1_605' title='bbox 2334 3626 2506 3688; x_wconf 86' lang='grc' dir='ltr'>αἰτίαν</span> <span class='ocrx_word' id='word_1_606' title='bbox 2537 3630 2596 3688; x_wconf 81' lang='grc' dir='ltr'>οὗ</span> <span class='ocrx_word' id='word_1_607' title='bbox 2622 3628 2766 3708; x_wconf 82' lang='grc' dir='ltr'>λέγει</span> <span class='ocrx_word' id='word_1_608' title='bbox 2791 3675 2808 3704; x_wconf 94' lang='grc'><strong>,</strong></span> <span class='ocrx_word' id='word_1_609' title='bbox 2832 3629 2913 3690; x_wconf 81' lang='grc' dir='ltr'><strong>ὅτι</strong></span> <span class='ocrx_word' id='word_1_610' title='bbox 2941 3631 3288 3708; x_wconf 78' lang='grc' dir='ltr'>οἰκονομικῶς</span> <span class='ocrx_word' id='word_1_611' title='bbox 3318 3628 3412 3689; x_wconf 87' lang='grc' dir='ltr'><strong>καὶ</strong></span> <span class='ocrx_word' id='word_1_612' title='bbox 3444 3651 3737 3706; x_wconf 86' lang='grc' dir='ltr'>συγκατα-</span> 
     </span>
    </p>
   </div>
   <div class='ocr_carea' id='block_1_82' title="bbox 2137 3716 3744 3797">
    <p class='ocr_par' dir='ltr' id='par_1_82' title="bbox 2137 3716 3744 3797">
     <span class='ocr_line' id='line_1_83' title="bbox 2137 3716 3744 3797; baseline -0.001 -21"><span class='ocrx_word' id='word_1_613' title='bbox 2137 3717 2404 3786; x_wconf 70' lang='grc' dir='ltr'>ϐαίνοντες</span> <span class='ocrx_word' id='word_1_614' title='bbox 2458 3723 2616 3779; x_wconf 77' lang='grc' dir='ltr'>τοῦτο</span> <span class='ocrx_word' id='word_1_615' title='bbox 2663 3724 2904 3780; x_wconf 76' lang='grc' dir='ltr'>ποιοῦσιν</span> <span class='ocrx_word' id='word_1_616' title='bbox 2954 3743 2970 3758; x_wconf 89' lang='grc'><strong>·</strong></span> <span class='ocrx_word' id='word_1_617' title='bbox 3025 3723 3097 3788; x_wconf 85' lang='grc' dir='ltr'>ὡς</span> <span class='ocrx_word' id='word_1_618' title='bbox 3151 3719 3212 3778; x_wconf 80' lang='grc' dir='ltr'><strong>ἂν</strong></span> <span class='ocrx_word' id='word_1_619' title='bbox 3269 3717 3346 3797; x_wconf 81' lang='grc' dir='ltr'><strong>μὴ</strong></span> <span class='ocrx_word' id='word_1_620' title='bbox 3417 3716 3744 3784; x_wconf 87' lang='grc' dir='ltr'>ἀκούσαντες</span> 
     </span>
    </p>
   </div>
   <div class='ocr_carea' id='block_1_83' title="bbox 2134 3805 3744 3887">
    <p class='ocr_par' dir='ltr' id='par_1_83' title="bbox 2134 3805 3744 3887">
     <span class='ocr_line' id='line_1_84' title="bbox 2134 3805 3744 3887; baseline -0.001 -21"><span class='ocrx_word' id='word_1_621' title='bbox 2134 3813 2290 3869; x_wconf 77' lang='grc' dir='ltr'>τοῦτο</span> <span class='ocrx_word' id='word_1_622' title='bbox 2319 3810 2369 3866; x_wconf 76' lang='grc' dir='ltr'>οἳ</span> <span class='ocrx_word' id='word_1_623' title='bbox 2410 3807 2465 3878; x_wconf 81' lang='grc' dir='ltr'>ἐξ</span> <span class='ocrx_word' id='word_1_624' title='bbox 2507 3807 2786 3869; x_wconf 86' lang='grc' dir='ltr'>Ἰουδαίων</span> <span class='ocrx_word' id='word_1_625' title='bbox 2822 3809 3039 3887; x_wconf 80' lang='grc' dir='ltr'>πιστοὶ,</span> <span class='ocrx_word' id='word_1_626' title='bbox 3092 3807 3174 3867; x_wconf 79' lang='grc' dir='ltr'><strong>ὅτι</strong></span> <span class='ocrx_word' id='word_1_627' title='bbox 3222 3808 3316 3869; x_wconf 83' lang='grc' dir='ltr'><strong>καὶ</strong></span> <span class='ocrx_word' id='word_1_628' title='bbox 3365 3809 3416 3867; x_wconf 79' lang='grc' dir='ltr'>οἱ</span> <span class='ocrx_word' id='word_1_629' title='bbox 3453 3805 3744 3867; x_wconf 82' lang='grc' dir='ltr'>ἀπόστολοι</span> 
     </span>
    </p>
   </div>
   <div class='ocr_carea' id='block_1_84' title="bbox 2134 3894 3741 3979">
    <p class='ocr_par' dir='ltr' id='par_1_84' title="bbox 2134 3894 3741 3979">
     <span class='ocr_line' id='line_1_85' title="bbox 2134 3894 3741 3979; baseline -0.002 -21"><span class='ocrx_word' id='word_1_630' title='bbox 2134 3901 2230 3958; x_wconf 83' lang='grc' dir='ltr'><strong>οὐκ</strong></span> <span class='ocrx_word' id='word_1_631' title='bbox 2262 3899 2471 3972; x_wconf 83' lang='grc' dir='ltr'>ἀληθῶς</span> <span class='ocrx_word' id='word_1_632' title='bbox 2512 3897 2588 3971; x_wconf 74' lang='grc'><strong>⁸⁸,</strong></span> <span class='ocrx_word' id='word_1_633' title='bbox 2637 3901 2758 3959; x_wconf 86' lang='grc' dir='ltr'>ἀλλ’</span> <span class='ocrx_word' id='word_1_634' title='bbox 2789 3900 3133 3977; x_wconf 77' lang='grc' dir='ltr'>οἰκονομικῶς</span> <span class='ocrx_word' id='word_1_635' title='bbox 3161 3897 3215 3934; x_wconf 81' lang='grc'>⁶²</span> <span class='ocrx_word' id='word_1_636' title='bbox 3264 3903 3601 3979; x_wconf 76' lang='grc' dir='ltr'>συγχωροῦσι</span> <span class='ocrx_word' id='word_1_637' title='bbox 3639 3894 3741 3967; x_wconf 83' lang='grc' dir='ltr'><strong>τὴν</strong></span> 
     </span>
    </p>
   </div>
   <div class='ocr_carea' id='block_1_85' title="bbox 2133 3984 3741 4068">
    <p class='ocr_par' dir='ltr' id='par_1_85' title="bbox 2133 3984 3741 4068">
     <span class='ocr_line' id='line_1_86' title="bbox 2133 3984 3741 4068; baseline -0.002 -22"><span class='ocrx_word' id='word_1_638' title='bbox 2133 3986 2460 4068; x_wconf 83' lang='grc' dir='ltr'>περιτομὴν,</span> <span class='ocrx_word' id='word_1_639' title='bbox 2505 3987 2780 4047; x_wconf 75' lang='grc' dir='ltr'>ἀποστῶσι</span> <span class='ocrx_word' id='word_1_640' title='bbox 2808 3988 2900 4047; x_wconf 79' lang='grc' dir='ltr'><strong>καὶ</strong></span> <span class='ocrx_word' id='word_1_641' title='bbox 2932 3989 3026 4047; x_wconf 86' lang='grc' dir='ltr'><strong>ἀπ’</strong></span> <span class='ocrx_word' id='word_1_642' title='bbox 3055 3990 3232 4050; x_wconf 78' lang='grc' dir='ltr'>αὐτῶν</span> <span class='ocrx_word' id='word_1_643' title='bbox 3258 4034 3276 4067; x_wconf 90' lang='grc'><strong>,</strong></span> <span class='ocrx_word' id='word_1_644' title='bbox 3323 3989 3398 4055; x_wconf 81' lang='grc' dir='ltr'>ὣς</span> <span class='ocrx_word' id='word_1_645' title='bbox 3444 3984 3741 4046; x_wconf 75' lang='grc' dir='ltr'>καταλυόνο</span> 
     </span>
    </p>
   </div>
   <div class='ocr_carea' id='block_1_86' title="bbox 2133 4075 3744 4158">
    <p class='ocr_par' dir='ltr' id='par_1_86' title="bbox 2133 4075 3744 4158">
     <span class='ocr_line' id='line_1_87' title="bbox 2133 4075 3744 4158; baseline -0.002 -22"><span class='ocrx_word' id='word_1_646' title='bbox 2133 4100 2239 4136; x_wconf 89' lang='grc' dir='ltr'><strong>των</strong></span> <span class='ocrx_word' id='word_1_647' title='bbox 2271 4075 2362 4135; x_wconf 84' lang='grc' dir='ltr'>καὶ</span> <span class='ocrx_word' id='word_1_648' title='bbox 2395 4077 2570 4135; x_wconf 74' lang='grc' dir='ltr'>αὐτῶν</span> <span class='ocrx_word' id='word_1_649' title='bbox 2601 4075 2690 4136; x_wconf 80' lang='grc' dir='ltr'><strong>τὸν</strong></span> <span class='ocrx_word' id='word_1_650' title='bbox 2721 4076 2881 4156; x_wconf 88' lang='grc' dir='ltr'>νόμον</span> <span class='ocrx_word' id='word_1_651' title='bbox 2903 4101 2917 4115; x_wconf 90' lang='grc'><strong>·</strong></span> <span class='ocrx_word' id='word_1_652' title='bbox 2947 4075 3079 4146; x_wconf 85' lang='grc' dir='ltr'>τέως</span> <span class='ocrx_word' id='word_1_653' title='bbox 3121 4080 3223 4158; x_wconf 82' lang='grc' dir='ltr'>γὰρ</span> <span class='ocrx_word' id='word_1_654' title='bbox 3253 4077 3343 4137; x_wconf 77' lang='grc' dir='ltr'><strong>διὰ</strong></span> <span class='ocrx_word' id='word_1_655' title='bbox 3373 4080 3528 4136; x_wconf 76' lang='grc' dir='ltr'>τοῦτο</span> <span class='ocrx_word' id='word_1_656' title='bbox 3558 4076 3744 4142; x_wconf 79' lang='grc' dir='ltr'>αὐτοῖς</span> 
     </span>
    </p>
   </div>
   <div class='ocr_carea' id='block_1_87' title="bbox 2134 4163 3741 4258">
    <p class='ocr_par' dir='ltr' id='par_1_87' title="bbox 2134 4163 3741 4258">
     <span class='ocr_line' id='line_1_88' title="bbox 2134 4163 3741 4258; baseline -0.002 -33"><span class='ocrx_word' id='word_1_657' title='bbox 2134 4173 2457 4258; x_wconf 62' lang='grc' dir='ltr'>προσεῖχον,</span> <span class='ocrx_word' id='word_1_658' title='bbox 2491 4169 2562 4232; x_wconf 84' lang='grc' dir='ltr'>ὡς</span> <span class='ocrx_word' id='word_1_659' title='bbox 2612 4166 2700 4225; x_wconf 79' lang='grc' dir='ltr'><strong>τὸν</strong></span> <span class='ocrx_word' id='word_1_660' title='bbox 2749 4166 2910 4245; x_wconf 89' lang='grc' dir='ltr'>νόμον</span> <span class='ocrx_word' id='word_1_661' title='bbox 2963 4167 3314 4248; x_wconf 81' lang='grc' dir='ltr'>φυλάττουσι.</span> <span class='ocrx_word' id='word_1_662' title='bbox 3363 4168 3416 4227; x_wconf 86' lang='grc' dir='ltr'><em>Τ</em></span> <span class='ocrx_word' id='word_1_663' title='bbox 3418 4165 3583 4238; x_wconf 90' lang='grc' dir='ltr'>αύτην</span> <span class='ocrx_word' id='word_1_664' title='bbox 3640 4163 3741 4240; x_wconf 82' lang='grc' dir='ltr'>μὲν</span> 
     </span>
    </p>
   </div>
   <div class='ocr_carea' id='block_1_88' title="bbox 2133 4253 3736 4337">
    <p class='ocr_par' dir='ltr' id='par_1_88' title="bbox 2133 4253 3736 4337">
     <span class='ocr_line' id='line_1_89' title="bbox 2133 4253 3736 4337; baseline -0.001 -24"><span class='ocrx_word' id='word_1_665' title='bbox 2133 4253 2222 4313; x_wconf 68' lang='grc' dir='ltr'><strong>οὖν</strong></span> <span class='ocrx_word' id='word_1_666' title='bbox 2252 4253 2348 4326; x_wconf 84' lang='grc' dir='ltr'><strong>τὴν</strong></span> <span class='ocrx_word' id='word_1_667' title='bbox 2380 4253 2551 4314; x_wconf 85' lang='grc' dir='ltr'>αἰτίαν</span> <span class='ocrx_word' id='word_1_668' title='bbox 2584 4257 2913 4336; x_wconf 82' lang='grc' dir='ltr'>ἀποκρύπτει</span> <span class='ocrx_word' id='word_1_669' title='bbox 2953 4260 3187 4325; x_wconf 81' lang='grc' dir='ltr'>Παῦλος.</span> <span class='ocrx_word' id='word_1_670' title='bbox 3238 4256 3408 4337; x_wconf 87' lang='grc' dir='ltr'>Βαρεῖ</span> <span class='ocrx_word' id='word_1_671' title='bbox 3436 4254 3489 4314; x_wconf 79' lang='grc' dir='ltr'>δὲ</span> <span class='ocrx_word' id='word_1_672' title='bbox 3527 4256 3736 4334; x_wconf 74' lang='grc' dir='ltr'>σφόδρα</span> 
     </span>
    </p>
   </div>
   <div class='ocr_carea' id='block_1_89' title="bbox 2135 4343 3734 4426">
    <p class='ocr_par' dir='ltr' id='par_1_89' title="bbox 2135 4343 3734 4426">
     <span class='ocr_line' id='line_1_90' title="bbox 2135 4343 3734 4426; baseline -0.003 -24"><span class='ocrx_word' id='word_1_673' title='bbox 2135 4343 2252 4412; x_wconf 77' lang='grc' dir='ltr'>τοὺς</span> <span class='ocrx_word' id='word_1_674' title='bbox 2280 4345 2606 4413; x_wconf 85' lang='grc' dir='ltr'>ἀποστόλους</span> <span class='ocrx_word' id='word_1_675' title='bbox 2636 4345 2838 4424; x_wconf 86' lang='grc' dir='ltr'>λέγων,</span> <span class='ocrx_word' id='word_1_676' title='bbox 2872 4346 2952 4406; x_wconf 81' lang='grc' dir='ltr'><strong>ὅτι</strong></span> <span class='ocrx_word' id='word_1_677' title='bbox 2992 4369 3020 4405; x_wconf 69' lang='grc' dir='ltr'><strong>α</strong></span> <span class='ocrx_word' id='word_1_678' title='bbox 3063 4345 3236 4407; x_wconf 83' lang='grc' dir='ltr'>Οὐδέν</span> <span class='ocrx_word' id='word_1_679' title='bbox 3269 4343 3664 4426; x_wconf 33' lang='grc' dir='ltr'>μοιυδιαφέρει·</span> <span class='ocrx_word' id='word_1_680' title='bbox 3705 4369 3734 4398; x_wconf 73' lang='grc' dir='ltr'><strong>ι</strong></span> 
     </span>
    </p>
   </div>
   <div class='ocr_carea' id='block_1_90' title="bbox 436 4432 2032 4518">
    <p class='ocr_par' dir='ltr' id='par_1_90' title="bbox 436 4436 2026 4504">
     <span class='ocr_line' id='line_1_91' title="bbox 436 4436 2026 4504; baseline -0.001 -9"><span class='ocrx_word' id='word_1_681' title='bbox 436 4464 461 4488; x_wconf 78' lang='grc' dir='ltr'><strong>σι</strong></span> <span class='ocrx_word' id='word_1_682' title='bbox 493 4438 640 4496; x_wconf 88' lang='lat' dir='ltr'><strong>Nihil</strong></span> <span class='ocrx_word' id='word_1_683' title='bbox 670 4454 792 4494; x_wconf 90' lang='lat' dir='ltr'><strong>mea</strong></span> <span class='ocrx_word' id='word_1_684' title='bbox 818 4437 1048 4493; x_wconf 87' lang='lat' dir='ltr'><strong>interest</strong></span> <span class='ocrx_word' id='word_1_685' title='bbox 1092 4454 1109 4494; x_wconf 89' lang='lat'><strong>:</strong></span> <span class='ocrx_word' id='word_1_686' title='bbox 1146 4456 1176 4490; x_wconf 86' lang='lat'><strong>»</strong></span> <span class='ocrx_word' id='word_1_687' title='bbox 1218 4436 1323 4493; x_wconf 92' lang='lat' dir='ltr'><strong>hoc</strong></span> <span class='ocrx_word' id='word_1_688' title='bbox 1360 4444 1462 4504; x_wconf 91' lang='lat' dir='ltr'><strong>est,</strong></span> <span class='ocrx_word' id='word_1_689' title='bbox 1506 4437 1653 4494; x_wconf 83' lang='lat' dir='ltr'><strong>Nihil</strong></span> <span class='ocrx_word' id='word_1_690' title='bbox 1705 4437 1843 4493; x_wconf 89' lang='lat' dir='ltr'><strong>mihi</strong></span> <span class='ocrx_word' id='word_1_691' title='bbox 1879 4453 2026 4494; x_wconf 70' lang='lat' dir='ltr'><strong>curae</strong></span> 
     </span>
    </p>
   </div>
   <div class='ocr_carea' id='block_1_91' title="bbox 2141 4432 3738 4518">
    <p class='ocr_par' dir='ltr' id='par_1_91' title="bbox 2141 4432 3738 4518">
     <span class='ocr_line' id='line_1_92' title="bbox 2141 4432 3738 4518; baseline -0.001 -25"><span class='ocrx_word' id='word_1_692' title='bbox 2141 4432 2401 4518; x_wconf 67' lang='grc' dir='ltr'>τουτέστιν</span> <span class='ocrx_word' id='word_1_693' title='bbox 2425 4434 2504 4510; x_wconf 78' lang='grc'><strong>⁸³,</strong></span> <span class='ocrx_word' id='word_1_694' title='bbox 2549 4435 2796 4514; x_wconf 81' lang='grc' dir='ltr'>Οὐδεμία</span> <span class='ocrx_word' id='word_1_695' title='bbox 2829 4460 2920 4514; x_wconf 89' lang='grc' dir='ltr'><strong>μοι</strong></span> <span class='ocrx_word' id='word_1_696' title='bbox 2949 4434 3168 4518; x_wconf 75' lang='grc' dir='ltr'>φροντὶς</span> <span class='ocrx_word' id='word_1_697' title='bbox 3219 4437 3341 4516; x_wconf 76' lang='grc' dir='ltr'>περὶ</span> <span class='ocrx_word' id='word_1_698' title='bbox 3382 4437 3488 4494; x_wconf 87' lang='grc' dir='ltr'><strong>τῶν</strong></span> <span class='ocrx_word' id='word_1_699' title='bbox 3521 4433 3738 4494; x_wconf 84' lang='grc' dir='ltr'>δοκούν-</span> 
     </span>
    </p>
   </div>
   <div class='ocr_carea' id='block_1_92' title="bbox 431 4524 2028 4600">
    <p class='ocr_par' dir='ltr' id='par_1_92' title="bbox 431 4524 2028 4600">
     <span class='ocr_line' id='line_1_93' title="bbox 431 4524 2028 4600; baseline -0.001 -15"><span class='ocrx_word' id='word_1_700' title='bbox 431 4537 564 4586; x_wconf 86' lang='lat' dir='ltr'><strong>sunt</strong></span> <span class='ocrx_word' id='word_1_701' title='bbox 607 4528 644 4584; x_wconf 88' lang='lat' dir='ltr'><strong>ii</strong></span> <span class='ocrx_word' id='word_1_702' title='bbox 685 4527 780 4600; x_wconf 94' lang='lat' dir='ltr'><strong>qui</strong></span> <span class='ocrx_word' id='word_1_703' title='bbox 814 4526 1066 4584; x_wconf 91' lang='lat' dir='ltr'><strong>videntur</strong></span> <span class='ocrx_word' id='word_1_704' title='bbox 1097 4541 1218 4583; x_wconf 91' lang='lat' dir='ltr'><strong>esse</strong></span> <span class='ocrx_word' id='word_1_705' title='bbox 1260 4524 1484 4599; x_wconf 88' lang='lat' dir='ltr'><strong>aliquid,</strong></span> <span class='ocrx_word' id='word_1_706' title='bbox 1546 4527 1731 4599; x_wconf 87' lang='lat' dir='ltr'><strong>magni</strong></span> <span class='ocrx_word' id='word_1_707' title='bbox 1777 4526 2028 4584; x_wconf 88' lang='lat' dir='ltr'><strong>videlicet</strong></span> 
     </span>
    </p>
   </div>
   <div class='ocr_carea' id='block_1_93' title="bbox 431 4615 2024 4691">
    <p class='ocr_par' dir='ltr' id='par_1_93' title="bbox 431 4615 2024 4691">
     <span class='ocr_line' id='line_1_94' title="bbox 431 4615 2024 4691; baseline 0.001 -17"><span class='ocrx_word' id='word_1_708' title='bbox 431 4618 685 4691; x_wconf 89' lang='lat' dir='ltr'><strong>apostoli,</strong></span> <span class='ocrx_word' id='word_1_709' title='bbox 767 4616 881 4675; x_wconf 87' lang='lat' dir='ltr'><strong>sive</strong></span> <span class='ocrx_word' id='word_1_710' title='bbox 971 4615 1448 4673; x_wconf 89' lang='lat' dir='ltr'><strong>circumcisionem</strong></span> <span class='ocrx_word' id='word_1_711' title='bbox 1516 4615 1837 4688; x_wconf 70' lang='lat' dir='ltr'><strong>praedicent,</strong></span> <span class='ocrx_word' id='word_1_712' title='bbox 1911 4617 2024 4675; x_wconf 90' lang='lat' dir='ltr'><strong>sive</strong></span> 
     </span>
    </p>
   </div>
   <div class='ocr_carea' id='block_1_94' title="bbox 432 4705 2026 4780">
    <p class='ocr_par' dir='ltr' id='par_1_94' title="bbox 432 4705 2026 4780">
     <span class='ocr_line' id='line_1_95' title="bbox 432 4705 2026 4780; baseline 0.001 -16"><span class='ocrx_word' id='word_1_713' title='bbox 432 4708 650 4765; x_wconf 90' lang='lat' dir='ltr'><strong>minus:</strong></span> <span class='ocrx_word' id='word_1_714' title='bbox 678 4723 808 4764; x_wconf 88' lang='lat' dir='ltr'><strong>nam</strong></span> <span class='ocrx_word' id='word_1_715' title='bbox 828 4706 933 4780; x_wconf 87' lang='lat' dir='ltr'><strong>ipsi</strong></span> <span class='ocrx_word' id='word_1_716' title='bbox 954 4709 1074 4763; x_wconf 94' lang='lat' dir='ltr'><strong>Deo</strong></span> <span class='ocrx_word' id='word_1_717' title='bbox 1093 4706 1361 4762; x_wconf 89' lang='lat' dir='ltr'><strong>rationem</strong></span> <span class='ocrx_word' id='word_1_718' title='bbox 1381 4713 1512 4762; x_wconf 89' lang='lat' dir='ltr'><strong>sunt</strong></span> <span class='ocrx_word' id='word_1_719' title='bbox 1538 4705 1804 4762; x_wconf 89' lang='lat' dir='ltr'><strong>reddituri</strong></span> <span class='ocrx_word' id='word_1_720' title='bbox 1833 4707 1862 4747; x_wconf 65' lang='grc' dir='ltr'><strong>ει</strong></span> <span class='ocrx_word' id='word_1_721' title='bbox 1888 4724 1901 4762; x_wconf 91' lang='lat'><strong>:</strong></span> <span class='ocrx_word' id='word_1_722' title='bbox 1924 4723 2026 4765; x_wconf 92' lang='lat' dir='ltr'><strong>nec</strong></span> 
     </span>
    </p>
   </div>
   <div class='ocr_carea' id='block_1_95' title="bbox 430 4793 2026 4872">
    <p class='ocr_par' dir='ltr' id='par_1_95' title="bbox 430 4793 2026 4872">
     <span class='ocr_line' id='line_1_96' title="bbox 430 4793 2026 4872; baseline -0.001 -17"><span class='ocrx_word' id='word_1_723' title='bbox 430 4797 558 4872; x_wconf 92' lang='lat' dir='ltr'><strong>quia</strong></span> <span class='ocrx_word' id='word_1_724' title='bbox 586 4797 766 4871; x_wconf 83' lang='lat' dir='ltr'><strong>magni</strong></span> <span class='ocrx_word' id='word_1_725' title='bbox 803 4805 934 4853; x_wconf 91' lang='lat' dir='ltr'><strong>sunt</strong></span> <span class='ocrx_word' id='word_1_726' title='bbox 961 4804 1020 4853; x_wconf 90' lang='lat' dir='ltr'><strong>et</strong></span> <span class='ocrx_word' id='word_1_727' title='bbox 1046 4796 1340 4869; x_wconf 88' lang='lat' dir='ltr'><strong>principes,</strong></span> <span class='ocrx_word' id='word_1_728' title='bbox 1370 4793 1572 4852; x_wconf 90' lang='lat' dir='ltr'><strong>idcirco</strong></span> <span class='ocrx_word' id='word_1_729' title='bbox 1609 4811 1906 4869; x_wconf 89' lang='lat' dir='ltr'><strong>personam</strong></span> <span class='ocrx_word' id='word_1_730' title='bbox 1935 4812 2026 4854; x_wconf 90' lang='lat' dir='ltr'><strong>eo-</strong></span> 
     </span>
    </p>
   </div>
   <div class='ocr_carea' id='block_1_96' title="bbox 427 4885 2026 4959">
    <p class='ocr_par' dir='ltr' id='par_1_96' title="bbox 427 4885 2026 4959">
     <span class='ocr_line' id='line_1_97' title="bbox 427 4885 2026 4959; baseline -0.001 -13"><span class='ocrx_word' id='word_1_731' title='bbox 427 4903 556 4946; x_wconf 88' lang='lat' dir='ltr'><strong>rum</strong></span> <span class='ocrx_word' id='word_1_732' title='bbox 583 4889 734 4944; x_wconf 91' lang='lat' dir='ltr'><strong>Deus</strong></span> <span class='ocrx_word' id='word_1_733' title='bbox 760 4886 1092 4943; x_wconf 88' lang='lat' dir='ltr'><strong>reverebitur</strong></span> <span class='ocrx_word' id='word_1_734' title='bbox 1125 4905 1138 4942; x_wconf 89' lang='lat'><strong>:</strong></span> <span class='ocrx_word' id='word_1_735' title='bbox 1170 4901 1286 4942; x_wconf 93' lang='lat' dir='ltr'><strong>non</strong></span> <span class='ocrx_word' id='word_1_736' title='bbox 1309 4885 1455 4942; x_wconf 90' lang='lat' dir='ltr'><strong>enim</strong></span> <span class='ocrx_word' id='word_1_737' title='bbox 1485 4901 1844 4959; x_wconf 92' lang='lat' dir='ltr'><strong>personarum</strong></span> <span class='ocrx_word' id='word_1_738' title='bbox 1871 4903 2026 4946; x_wconf 87' lang='lat' dir='ltr'><strong>acce-</strong></span> 
     </span>
    </p>
   </div>
   <div class='ocr_carea' id='block_1_97' title="bbox 428 4974 2021 5050">
    <p class='ocr_par' dir='ltr' id='par_1_97' title="bbox 428 4974 2021 5050">
     <span class='ocr_line' id='line_1_98' title="bbox 428 4974 2021 5050; baseline 0.001 -17"><span class='ocrx_word' id='word_1_739' title='bbox 428 4985 556 5050; x_wconf 92' lang='lat' dir='ltr'><strong>ptor</strong></span> <span class='ocrx_word' id='word_1_740' title='bbox 600 4977 751 5034; x_wconf 82' lang='lat' dir='ltr'><strong>est&quot;.</strong></span> <span class='ocrx_word' id='word_1_741' title='bbox 798 4974 1206 5043; x_wconf 82' lang='lat' dir='ltr'><strong>Animadverte,</strong></span> <span class='ocrx_word' id='word_1_742' title='bbox 1237 4991 1351 5032; x_wconf 93' lang='lat' dir='ltr'><strong>non</strong></span> <span class='ocrx_word' id='word_1_743' title='bbox 1391 4974 1549 5046; x_wconf 88' lang='lat' dir='ltr'><strong>dixit,</strong></span> <span class='ocrx_word' id='word_1_744' title='bbox 1591 4976 1793 5046; x_wconf 91' lang='lat' dir='ltr'><strong>Quales</strong></span> <span class='ocrx_word' id='word_1_745' title='bbox 1832 4986 1962 5034; x_wconf 88' lang='lat' dir='ltr'><strong>sunt</strong></span> <span class='ocrx_word' id='word_1_746' title='bbox 2008 4996 2021 5033; x_wconf 88' lang='lat'><strong>:</strong></span> 
     </span>
    </p>
   </div>
   <div class='ocr_carea' id='block_1_98' title="bbox 429 5063 2024 5140">
    <p class='ocr_par' dir='ltr' id='par_1_98' title="bbox 429 5063 2024 5140">
     <span class='ocr_line' id='line_1_99' title="bbox 429 5063 2024 5140; baseline -0.001 -16"><span class='ocrx_word' id='word_1_747' title='bbox 429 5066 547 5134; x_wconf 84' lang='lat' dir='ltr'><strong>sed,</strong></span> <span class='ocrx_word' id='word_1_748' title='bbox 590 5066 791 5140; x_wconf 90' lang='lat' dir='ltr'><strong>Quales</strong></span> <span class='ocrx_word' id='word_1_749' title='bbox 820 5066 956 5122; x_wconf 91' lang='lat' dir='ltr'><strong>olim</strong></span> <span class='ocrx_word' id='word_1_750' title='bbox 992 5063 1192 5122; x_wconf 89' lang='lat' dir='ltr'><strong>fuerint</strong></span> <span class='ocrx_word' id='word_1_751' title='bbox 1223 5082 1238 5121; x_wconf 92' lang='lat'><strong>:</strong></span> <span class='ocrx_word' id='word_1_752' title='bbox 1267 5064 1561 5123; x_wconf 91' lang='lat' dir='ltr'><strong>ostendens</strong></span> <span class='ocrx_word' id='word_1_753' title='bbox 1597 5065 1746 5139; x_wconf 91' lang='lat' dir='ltr'><strong>quod</strong></span> <span class='ocrx_word' id='word_1_754' title='bbox 1779 5075 1834 5123; x_wconf 92' lang='lat' dir='ltr'><strong>et</strong></span> <span class='ocrx_word' id='word_1_755' title='bbox 1861 5067 1940 5123; x_wconf 88' lang='lat' dir='ltr'><strong>illi</strong></span> <span class='ocrx_word' id='word_1_756' title='bbox 1967 5068 2024 5124; x_wconf 92' lang='lat' dir='ltr'><strong>in</strong></span> 
     </span>
    </p>
   </div>
   <div class='ocr_carea' id='block_1_99' title="bbox 429 5151 2028 5229">
    <p class='ocr_par' dir='ltr' id='par_1_99' title="bbox 429 5151 2028 5229">
     <span class='ocr_line' id='line_1_100' title="bbox 429 5151 2028 5229; baseline 0 -15"><span class='ocrx_word' id='word_1_757' title='bbox 429 5166 712 5228; x_wconf 90' lang='lat' dir='ltr'><strong>posterum</strong></span> <span class='ocrx_word' id='word_1_758' title='bbox 783 5157 859 5213; x_wconf 87' lang='lat' dir='ltr'><strong>ita</strong></span> <span class='ocrx_word' id='word_1_759' title='bbox 931 5155 1228 5229; x_wconf 65' lang='lat' dir='ltr'><strong>praedicare</strong></span> <span class='ocrx_word' id='word_1_760' title='bbox 1307 5155 1649 5226; x_wconf 89' lang='lat' dir='ltr'><strong>destiterint,</strong></span> <span class='ocrx_word' id='word_1_761' title='bbox 1727 5151 2028 5229; x_wconf 88' lang='lat' dir='ltr'><strong>Evangelio</strong></span> 
     </span>
    </p>
   </div>
   <div class='ocr_carea' id='block_1_100' title="bbox 425 5245 2029 5319">
    <p class='ocr_par' dir='ltr' id='par_1_100' title="bbox 425 5245 2029 5319">
     <span class='ocr_line' id='line_1_101' title="bbox 425 5245 2029 5319; baseline 0.002 -18"><span class='ocrx_word' id='word_1_762' title='bbox 425 5247 688 5303; x_wconf 90' lang='lat' dir='ltr'><strong>nimirum</strong></span> <span class='ocrx_word' id='word_1_763' title='bbox 741 5246 944 5319; x_wconf 90' lang='lat' dir='ltr'><strong>ubique</strong></span> <span class='ocrx_word' id='word_1_764' title='bbox 1005 5245 1407 5318; x_wconf 88' lang='lat' dir='ltr'><strong>resplendente.</strong></span> <span class='ocrx_word' id='word_1_765' title='bbox 1468 5249 1603 5303; x_wconf 80' lang='lat' dir='ltr'><strong>Haec</strong></span> <span class='ocrx_word' id='word_1_766' title='bbox 1655 5254 1842 5303; x_wconf 90' lang='lat' dir='ltr'><strong>autem</strong></span> <span class='ocrx_word' id='word_1_767' title='bbox 1891 5247 2029 5304; x_wconf 89' lang='lat' dir='ltr'><strong>dicit</strong></span> 
     </span>
    </p>
   </div>
   <div class='ocr_carea' id='block_1_101' title="bbox 426 5335 2027 5409">
    <p class='ocr_par' dir='ltr' id='par_1_101' title="bbox 426 5335 2027 5409">
     <span class='ocr_line' id='line_1_102' title="bbox 426 5335 2027 5409; baseline 0.001 -17"><span class='ocrx_word' id='word_1_768' title='bbox 426 5337 658 5404; x_wconf 81' lang='lat' dir='ltr'><strong>Paulus,</strong></span> <span class='ocrx_word' id='word_1_769' title='bbox 699 5352 814 5392; x_wconf 93' lang='lat' dir='ltr'><strong>non</strong></span> <span class='ocrx_word' id='word_1_770' title='bbox 861 5335 1197 5407; x_wconf 88' lang='lat' dir='ltr'><strong>vilipendens</strong></span> <span class='ocrx_word' id='word_1_771' title='bbox 1237 5340 1481 5406; x_wconf 86' lang='lat' dir='ltr'><strong>sanctos,</strong></span> <span class='ocrx_word' id='word_1_772' title='bbox 1529 5352 1723 5393; x_wconf 90' lang='lat' dir='ltr'><strong>verum</strong></span> <span class='ocrx_word' id='word_1_773' title='bbox 1765 5335 2027 5409; x_wconf 89' lang='lat' dir='ltr'><strong>prodesse</strong></span> 
     </span>
    </p>
   </div>
   <div class='ocr_carea' id='block_1_102' title="bbox 425 5423 1049 5497">
    <p class='ocr_par' dir='ltr' id='par_1_102' title="bbox 425 5423 1049 5497">
     <span class='ocr_line' id='line_1_103' title="bbox 425 5423 1049 5497; baseline 0.003 -17"><span class='ocrx_word' id='word_1_774' title='bbox 425 5425 648 5497; x_wconf 90' lang='lat' dir='ltr'><strong>cupiens</strong></span> <span class='ocrx_word' id='word_1_775' title='bbox 684 5423 1049 5482; x_wconf 88' lang='lat' dir='ltr'><strong>auditoribus.</strong></span> 
     </span>
    </p>
   </div>
   <div class='ocr_carea' id='block_1_103' title="bbox 489 5558 1496 5631">
    <p class='ocr_par' dir='ltr' id='par_1_103' title="bbox 489 5558 1496 5631">
     <span class='ocr_line' id='line_1_104' title="bbox 489 5558 1496 5631; baseline 0.001 -16"><span class='ocrx_word' id='word_1_776' title='bbox 489 5569 514 5603; x_wconf 77' lang='grc' dir='ltr'>(ι</span> <span class='ocrx_word' id='word_1_777' title='bbox 547 5558 723 5615; x_wconf 83' lang='lat' dir='ltr'><strong>Hebr.</strong></span> <span class='ocrx_word' id='word_1_778' title='bbox 764 5574 904 5628; x_wconf 79' lang='lat' dir='ltr'><strong>xm,</strong></span> <span class='ocrx_word' id='word_1_779' title='bbox 940 5563 1027 5616; x_wconf 78' lang='lat' dir='ltr'><strong>l9.</strong></span> <span class='ocrx_word' id='word_1_780' title='bbox 1105 5569 1123 5594; x_wconf 72' lang='grc' dir='ltr'><em>τ</em></span> <span class='ocrx_word' id='word_1_781' title='bbox 1160 5563 1287 5617; x_wconf 90' lang='lat' dir='ltr'><strong>Act.</strong></span> <span class='ocrx_word' id='word_1_782' title='bbox 1316 5575 1378 5631; x_wconf 84' lang='lat' dir='ltr'><strong>x,</strong></span> <span class='ocrx_word' id='word_1_783' title='bbox 1405 5565 1496 5618; x_wconf 83' lang='grc'><strong>34.</strong></span> 
     </span>
    </p>
   </div>
   <div class='ocr_carea' id='block_1_104' title="bbox 2131 4515 3744 4605">
    <p class='ocr_par' dir='ltr' id='par_1_104' title="bbox 2131 4515 3744 4605">
     <span class='ocr_line' id='line_1_105' title="bbox 2131 4515 3744 4605; baseline 0 -23"><span class='ocrx_word' id='word_1_784' title='bbox 2131 4548 2236 4582; x_wconf 90' lang='grc' dir='ltr'><strong>των</strong></span> <span class='ocrx_word' id='word_1_785' title='bbox 2267 4515 2403 4583; x_wconf 74' lang='grc' dir='ltr'>εἷναί</span> <span class='ocrx_word' id='word_1_786' title='bbox 2430 4547 2516 4599; x_wconf 87' lang='grc' dir='ltr'><strong>τι,</strong></span> <span class='ocrx_word' id='word_1_787' title='bbox 2554 4527 2662 4584; x_wconf 88' lang='grc' dir='ltr'><strong>τῶν</strong></span> <span class='ocrx_word' id='word_1_788' title='bbox 2699 4515 3187 4605; x_wconf 83' lang='grc' dir='ltr'>μεγάλωνδηλαδὴ</span> <span class='ocrx_word' id='word_1_789' title='bbox 3236 4515 3584 4598; x_wconf 85' lang='grc' dir='ltr'>ἀποστόλων,</span> <span class='ocrx_word' id='word_1_790' title='bbox 3635 4522 3744 4583; x_wconf 86' lang='grc' dir='ltr'>εἴτε</span> 
     </span>
    </p>
   </div>
   <div class='ocr_carea' id='block_1_105' title="bbox 2131 4611 3734 4694">
    <p class='ocr_par' dir='ltr' id='par_1_105' title="bbox 2131 4611 3734 4694">
     <span class='ocr_line' id='line_1_106' title="bbox 2131 4611 3734 4694; baseline -0.002 -20"><span class='ocrx_word' id='word_1_791' title='bbox 2131 4611 2424 4693; x_wconf 78' lang='grc' dir='ltr'>περιτομὴν</span> <span class='ocrx_word' id='word_1_792' title='bbox 2469 4613 2796 4694; x_wconf 73' lang='grc' dir='ltr'>ἐκήρυττον,</span> <span class='ocrx_word' id='word_1_793' title='bbox 2830 4615 2935 4675; x_wconf 84' lang='grc' dir='ltr'>εἴτε</span> <span class='ocrx_word' id='word_1_794' title='bbox 2981 4614 3057 4692; x_wconf 81' lang='grc' dir='ltr'><strong>μή</strong></span> <span class='ocrx_word' id='word_1_795' title='bbox 3104 4637 3120 4652; x_wconf 82' lang='grc'><em>’</em></span> <span class='ocrx_word' id='word_1_796' title='bbox 3166 4613 3316 4674; x_wconf 76' lang='grc' dir='ltr'>αὐτοὶ</span> <span class='ocrx_word' id='word_1_797' title='bbox 3347 4612 3450 4694; x_wconf 81' lang='grc' dir='ltr'><strong>γὰρ</strong></span> <span class='ocrx_word' id='word_1_798' title='bbox 3480 4616 3560 4694; x_wconf 84' lang='grc' dir='ltr'><strong>τῷ</strong></span> <span class='ocrx_word' id='word_1_799' title='bbox 3604 4613 3734 4693; x_wconf 82' lang='grc' dir='ltr'>Θεῷ</span> 
     </span>
    </p>
   </div>
   <div class='ocr_carea' id='block_1_106' title="bbox 2132 4701 3742 4783">
    <p class='ocr_par' dir='ltr' id='par_1_106' title="bbox 2132 4701 3742 4783">
     <span class='ocr_line' id='line_1_107' title="bbox 2132 4701 3742 4783; baseline -0.001 -21"><span class='ocrx_word' id='word_1_800' title='bbox 2132 4701 2286 4783; x_wconf 84' lang='grc' dir='ltr'>λόγον</span> <span class='ocrx_word' id='word_1_801' title='bbox 2336 4701 2600 4764; x_wconf 85' lang='grc' dir='ltr'>δώσουσι·</span> <span class='ocrx_word' id='word_1_802' title='bbox 2655 4703 2749 4763; x_wconf 79' lang='grc' dir='ltr'><strong>καὶ</strong></span> <span class='ocrx_word' id='word_1_803' title='bbox 2806 4705 2903 4764; x_wconf 78' lang='grc' dir='ltr'>οὐκ</span> <span class='ocrx_word' id='word_1_804' title='bbox 2975 4704 3160 4777; x_wconf 83' lang='grc' dir='ltr'>ἐπειδὴ</span> <span class='ocrx_word' id='word_1_805' title='bbox 3221 4701 3444 4781; x_wconf 86' lang='grc' dir='ltr'>μεγάλοι</span> <span class='ocrx_word' id='word_1_806' title='bbox 3499 4702 3601 4762; x_wconf 79' lang='grc' dir='ltr'>εἰσὶ</span> <span class='ocrx_word' id='word_1_807' title='bbox 3650 4701 3742 4762; x_wconf 79' lang='grc' dir='ltr'>καὶ</span> 
     </span>
    </p>
   </div>
   <div class='ocr_carea' id='block_1_107' title="bbox 2133 4790 3738 4875">
    <p class='ocr_par' dir='ltr' id='par_1_107' title="bbox 2133 4790 3738 4875">
     <span class='ocr_line' id='line_1_108' title="bbox 2133 4790 3738 4875; baseline -0.001 -24"><span class='ocrx_word' id='word_1_808' title='bbox 2133 4790 2381 4875; x_wconf 80' lang='grc' dir='ltr'>ἔξαρχοι,</span> <span class='ocrx_word' id='word_1_809' title='bbox 2408 4791 2470 4853; x_wconf 76' lang='grc' dir='ltr'><strong>τὸ</strong></span> <span class='ocrx_word' id='word_1_810' title='bbox 2490 4792 2774 4874; x_wconf 89' lang='grc' dir='ltr'>πρόσωπον</span> <span class='ocrx_word' id='word_1_811' title='bbox 2807 4795 2980 4854; x_wconf 80' lang='grc' dir='ltr'>αὐτῶν</span> <span class='ocrx_word' id='word_1_812' title='bbox 3020 4792 3468 4875; x_wconf 56' lang='grc' dir='ltr'>δυσωπηθήσεται</span> <span class='ocrx_word' id='word_1_813' title='bbox 3498 4794 3526 4851; x_wconf 83' lang='grc' dir='ltr'>ὀ</span> <span class='ocrx_word' id='word_1_814' title='bbox 3569 4791 3738 4860; x_wconf 70' lang='grc' dir='ltr'>Θεός·</span> 
     </span>
    </p>
   </div>
   <div class='ocr_carea' id='block_1_108' title="bbox 2134 4871 3747 4965">
    <p class='ocr_par' dir='ltr' id='par_1_108' title="bbox 2134 4871 3747 4965">
     <span class='ocr_line' id='line_1_109' title="bbox 2134 4871 3747 4965; baseline 0.002 -26"><span class='ocrx_word' id='word_1_815' title='bbox 2134 4871 2634 4963; x_wconf 80' lang='grc' dir='ltr'>ἀπροσωπόληπτος</span> <span class='ocrx_word' id='word_1_816' title='bbox 2675 4884 2800 4965; x_wconf 88' lang='grc' dir='ltr'>γάρ.</span> <span class='ocrx_word' id='word_1_817' title='bbox 2842 4880 2994 4963; x_wconf 86' lang='grc' dir='ltr'>Ὅρα</span> <span class='ocrx_word' id='word_1_818' title='bbox 3031 4882 3088 4943; x_wconf 83' lang='grc' dir='ltr'><strong>δέ</strong></span> <span class='ocrx_word' id='word_1_819' title='bbox 3111 4901 3126 4918; x_wconf 73' lang='grc'><strong><em>⁸</em></strong></span> <span class='ocrx_word' id='word_1_820' title='bbox 3157 4883 3278 4965; x_wconf 60' lang='grc' dir='ltr'>Ορκ</span> <span class='ocrx_word' id='word_1_821' title='bbox 3316 4871 3500 4953; x_wconf 74' lang='grc' dir='ltr'>εἶπεν,</span> <span class='ocrx_word' id='word_1_822' title='bbox 3530 4879 3747 4942; x_wconf 86' lang='grc' dir='ltr'>Ὀποῖοί</span> 
     </span>
    </p>
   </div>
   <div class='ocr_carea' id='block_1_109' title="bbox 2133 4963 3748 5053">
    <p class='ocr_par' dir='ltr' id='par_1_109' title="bbox 2133 4963 3748 5053">
     <span class='ocr_line' id='line_1_110' title="bbox 2133 4963 3748 5053; baseline -0.001 -23"><span class='ocrx_word' id='word_1_823' title='bbox 2133 4971 2264 5030; x_wconf 72' lang='grc' dir='ltr'>ποτέ</span> <span class='ocrx_word' id='word_1_824' title='bbox 2295 4972 2425 5032; x_wconf 80' lang='grc' dir='ltr'>εἰσιν</span> <span class='ocrx_word' id='word_1_825' title='bbox 2449 5017 2468 5048; x_wconf 88' lang='grc'><strong>,</strong></span> <span class='ocrx_word' id='word_1_826' title='bbox 2515 4973 2660 5053; x_wconf 85' lang='grc' dir='ltr'>ἀλλ’,</span> <span class='ocrx_word' id='word_1_827' title='bbox 2693 4998 2722 5028; x_wconf 77' lang='grc' dir='ltr'>ι</span> <span class='ocrx_word' id='word_1_828' title='bbox 2753 4963 2982 5035; x_wconf 17' lang='grc' dir='ltr'>ὴ⁶οποῖοί</span> <span class='ocrx_word' id='word_1_829' title='bbox 3029 4996 3154 5032; x_wconf 88' lang='grc' dir='ltr'>ποτε</span> <span class='ocrx_word' id='word_1_830' title='bbox 3203 4963 3374 5047; x_wconf 74' lang='grc' dir='ltr'>ἦσαν,</span> <span class='ocrx_word' id='word_1_831' title='bbox 3423 4969 3624 5039; x_wconf 81' lang='grc' dir='ltr'>δεικνὺς</span> <span class='ocrx_word' id='word_1_832' title='bbox 3663 4969 3748 5029; x_wconf 77' lang='grc' dir='ltr'><strong>ὅτι</strong></span> 
     </span>
    </p>
   </div>
   <div class='ocr_carea' id='block_1_110' title="bbox 2132 5057 3740 5141">
    <p class='ocr_par' dir='ltr' id='par_1_110' title="bbox 2132 5057 3740 5141">
     <span class='ocr_line' id='line_1_111' title="bbox 2132 5057 3740 5141; baseline 0 -22"><span class='ocrx_word' id='word_1_833' title='bbox 2132 5060 2318 5120; x_wconf 77' lang='grc' dir='ltr'>λοιπὸν</span> <span class='ocrx_word' id='word_1_834' title='bbox 2362 5063 2602 5122; x_wconf 85' lang='grc' dir='ltr'>κάκεῖνοι</span> <span class='ocrx_word' id='word_1_835' title='bbox 2628 5061 2932 5122; x_wconf 86' lang='grc' dir='ltr'>ἐπαύσαντο</span> <span class='ocrx_word' id='word_1_836' title='bbox 2961 5067 3055 5123; x_wconf 91' lang='lat'><strong>105</strong></span> <span class='ocrx_word' id='word_1_837' title='bbox 3095 5061 3234 5121; x_wconf 77' lang='grc' dir='ltr'>οὕτω</span> <span class='ocrx_word' id='word_1_838' title='bbox 3278 5060 3590 5141; x_wconf 85' lang='grc' dir='ltr'>κηρύττειν,</span> <span class='ocrx_word' id='word_1_839' title='bbox 3639 5057 3740 5119; x_wconf 77' lang='grc' dir='ltr'><strong>ἅτε</strong></span> 
     </span>
    </p>
   </div>
   <div class='ocr_carea' id='block_1_111' title="bbox 2136 5149 3738 5232">
    <p class='ocr_par' dir='ltr' id='par_1_111' title="bbox 2136 5149 3738 5232">
     <span class='ocr_line' id='line_1_112' title="bbox 2136 5149 3738 5232; baseline 0 -23"><span class='ocrx_word' id='word_1_840' title='bbox 2136 5156 2228 5210; x_wconf 87' lang='lat'><strong>105</strong></span> <span class='ocrx_word' id='word_1_841' title='bbox 2259 5151 2600 5232; x_wconf 82' lang='grc' dir='ltr'>κηρύγματος</span> <span class='ocrx_word' id='word_1_842' title='bbox 2645 5156 2921 5232; x_wconf 75' lang='grc' dir='ltr'>πανταχοῦ</span> <span class='ocrx_word' id='word_1_843' title='bbox 2952 5151 3287 5231; x_wconf 81' lang='grc' dir='ltr'>λάμψαντος.</span> <span class='ocrx_word' id='word_1_844' title='bbox 3324 5153 3513 5212; x_wconf 78' lang='grc' dir='ltr'>Ταῦτα</span> <span class='ocrx_word' id='word_1_845' title='bbox 3545 5150 3598 5210; x_wconf 81' lang='grc' dir='ltr'>δὲ</span> <span class='ocrx_word' id='word_1_846' title='bbox 3647 5149 3738 5209; x_wconf 85' lang='grc' dir='ltr'>λέ-</span> 
     </span>
    </p>
   </div>
   <div class='ocr_carea' id='block_1_112' title="bbox 2135 5238 3741 5322">
    <p class='ocr_par' dir='ltr' id='par_1_112' title="bbox 2135 5238 3741 5322">
     <span class='ocr_line' id='line_1_113' title="bbox 2135 5238 3741 5322; baseline 0.001 -23"><span class='ocrx_word' id='word_1_847' title='bbox 2135 5263 2217 5320; x_wconf 85' lang='grc' dir='ltr'><strong>γει</strong></span> <span class='ocrx_word' id='word_1_848' title='bbox 2248 5243 2277 5300; x_wconf 77' lang='lat'><strong>6</strong></span> <span class='ocrx_word' id='word_1_849' title='bbox 2307 5243 2553 5320; x_wconf 80' lang='grc' dir='ltr'>Παῦλος,</span> <span class='ocrx_word' id='word_1_850' title='bbox 2581 5243 2677 5302; x_wconf 82' lang='grc' dir='ltr'><strong>οὐκ</strong></span> <span class='ocrx_word' id='word_1_851' title='bbox 2718 5241 2998 5312; x_wconf 84' lang='grc' dir='ltr'>ἐξουθενῶν</span> <span class='ocrx_word' id='word_1_852' title='bbox 3033 5241 3156 5310; x_wconf 81' lang='grc' dir='ltr'>τοὺς</span> <span class='ocrx_word' id='word_1_853' title='bbox 3188 5241 3398 5322; x_wconf 78' lang='grc' dir='ltr'>ἁγίους,</span> <span class='ocrx_word' id='word_1_854' title='bbox 3442 5238 3561 5299; x_wconf 88' lang='grc' dir='ltr'>ἀλλ’</span> <span class='ocrx_word' id='word_1_855' title='bbox 3592 5239 3741 5321; x_wconf 82' lang='grc' dir='ltr'><strong>ὠφε-</strong></span> 
     </span>
    </p>
   </div>
   <div class='ocr_carea' id='block_1_113' title="bbox 2136 5331 2986 5403">
    <p class='ocr_par' dir='ltr' id='par_1_113' title="bbox 2136 5331 2986 5403">
     <span class='ocr_line' id='line_1_114' title="bbox 2136 5331 2986 5403; baseline 0.007 -13"><span class='ocrx_word' id='word_1_856' title='bbox 2136 5332 2300 5403; x_wconf 85' lang='grc' dir='ltr'>λῆσαι</span> <span class='ocrx_word' id='word_1_857' title='bbox 2337 5331 2502 5392; x_wconf 85' lang='grc' dir='ltr'>θέλων</span> <span class='ocrx_word' id='word_1_858' title='bbox 2531 5331 2652 5403; x_wconf 79' lang='grc' dir='ltr'>τοὺς</span> <span class='ocrx_word' id='word_1_859' title='bbox 2674 5333 2986 5403; x_wconf 87' lang='grc' dir='ltr'>ἀκούοντας.</span> 
     </span>
    </p>
   </div>
   <div class='ocr_carea' id='block_1_114' title="bbox 1817 5650 2357 5719">
    <p class='ocr_par' dir='ltr' id='par_1_114' title="bbox 1817 5650 2357 5719">
     <span class='ocr_line' id='line_1_115' title="bbox 1817 5650 2357 5719; baseline 0.019 -10"><span class='ocrx_word' id='word_1_860' title='bbox 1817 5650 2006 5712; x_wconf 86' lang='lat' dir='ltr'><strong>Variae</strong></span> <span class='ocrx_word' id='word_1_861' title='bbox 2050 5654 2357 5719; x_wconf 76' lang='lat' dir='ltr'><strong>lectiones.</strong></span> 
     </span>
    </p>
   </div>
   <div class='ocr_carea' id='block_1_115' title="bbox 495 5772 2344 5848">
    <p class='ocr_par' dir='ltr' id='par_1_115' title="bbox 495 5772 2344 5848">
     <span class='ocr_line' id='line_1_116' title="bbox 495 5772 2344 5848; baseline 0.008 -24"><span class='ocrx_word' id='word_1_862' title='bbox 495 5773 540 5808; x_wconf 75' lang='grc' dir='ltr'>⁸ο</span> <span class='ocrx_word' id='word_1_863' title='bbox 569 5772 800 5835; x_wconf 81' lang='grc' dir='ltr'>ἀληθείας</span> <span class='ocrx_word' id='word_1_864' title='bbox 825 5791 880 5830; x_wconf 90' lang='lat'><strong>0.</strong></span> <span class='ocrx_word' id='word_1_865' title='bbox 959 5775 997 5809; x_wconf 80' lang='grc'><strong>⁶¹</strong></span> <span class='ocrx_word' id='word_1_866' title='bbox 1030 5773 1240 5846; x_wconf 79' lang='grc' dir='ltr'>ἀληθείᾳ</span> <span class='ocrx_word' id='word_1_867' title='bbox 1265 5792 1317 5832; x_wconf 94' lang='lat'><strong>0.</strong></span> <span class='ocrx_word' id='word_1_868' title='bbox 1394 5777 1439 5811; x_wconf 83' lang='grc'>⁶²</span> <span class='ocrx_word' id='word_1_869' title='bbox 1460 5776 1721 5848; x_wconf 75' lang='grc' dir='ltr'>οἰκονομίᾳ</span> <span class='ocrx_word' id='word_1_870' title='bbox 1751 5793 1803 5834; x_wconf 93' lang='grc' dir='ltr'><strong>ο.</strong></span> <span class='ocrx_word' id='word_1_871' title='bbox 1884 5776 1929 5812; x_wconf 85' lang='grc'><strong>⁶³</strong></span> <span class='ocrx_word' id='word_1_872' title='bbox 1954 5777 2046 5833; x_wconf 74' lang='grc' dir='ltr'>οὔκ</span> <span class='ocrx_word' id='word_1_873' title='bbox 2073 5778 2209 5836; x_wconf 75' lang='grc' dir='ltr'>ἔστιν</span> <span class='ocrx_word' id='word_1_874' title='bbox 2237 5797 2293 5837; x_wconf 93' lang='lat'><strong>0.</strong></span> <span class='ocrx_word' id='word_1_875' title='bbox 2339 5789 2344 5793; x_wconf 71' lang='grc'><strong><em>’</em></strong></span> 
     </span>
    </p>
   </div>
  </div>
