4134 6444
315 496 418 550 973

1173 495 1524 552 EXPOSITIO
1563 496 1629 552 IN
1669 495 1890 552 EPIST.
1933 495 2030 553 AD
2079 497 2320 553 GALAT.
2352 527 2418 537 --
2459 497 2607 553 CAP.
2651 500 2710 553 ll.

3519 501 3623 558 9³74

407 640 438 677 (ι
479 617 640 697 Ἐμοὶ
683 617 786 701 γὰρ
829 622 876 679 οἱ
920 621 1192 703 δοκοῦντες
1235 620 1382 682 οὐδὲν
1436 621 1908 703 προσανέθεντοξ»

2105 646 2132 672 ιι
2179 621 2315 679 Mihi
2343 622 2492 679 enim
2521 622 2613 695 qui
2650 621 2975 679 videbantur
3021 637 3142 680 esse
3177 625 3403 699 aliquid,
3449 625 3617 698 335

315 709 550 770 Ἐκεῖνοι
582 709 680 793 μὲν
707 757 723 785 ,
756 700 948 791 φησὶν,
979 700 1080 771 οἶοι
1109 708 1173 768 ἂν
1203 704 1339 784 ἦσαν
1361 759 1377 785 ,
1409 700 1493 792 τῷ.
1513 714 1640 793 Θεῷ
1661 700 1903 790 μελήσει·

315 803 472 859 τοῦτο
509 799 565 857 δὲ
606 789 724 858 οἶδα
747 789 779 874 ,-
812 799 894 858 ὅτι
950 798 1069 878 ἐμοὶ
1123 799 1218 878 μὲν
1273 801 1421 861 οὐδὲν
1456 789 1870 876 -ἠναντιῶθησαν
1897 851 1914 878 ,

315 887 437 948 οὐδὲ
477 888 804 968 προσέθηκάν
851 913 903 948 τι
938 893 1016 970 τῷ
1051 888 1358 970 κηρύγματί
1403 913 1505 971 μου
1529 937 1546 970 ,
1591 890 1627 964 ἢ
1679 893 1914 973 διωρθώ-

318 1000 507 1038 σαντο.

409 1089 441 1128 σ
468 1065 633 1127 Ἀλλᾶ
677 1068 1022 1142 τούναντίον,
1069 1068 1266 1137 ἰδόντες
1309 1068 1391 1130 ὅτι
1441 1068 1804 1149 πεπίστευμαι
1856 1070 1916 1129 10

320 1157 650 1237 Εὕαγγέλιον
700 1162 796 1230 τῆς
867 1157 1255 1239 ἀκροϐυστίας,
1316 1159 1492 1228 καθὼς
1559 1161 1766 1241 Πέτρος
1822 1164 1918 1234 τῆς

319 1252 611 1328 περιτομῆς
643 1247 706 1328 (ὁ
735 1247 838 1328 γὰρ
883 1247 1168 1328 ἐνεργήσας
1219 1248 1411 1330 Πέτρῳ
1440 1252 1512 1318 εἷς
1548 1249 1642 1323 τὴν
1675 1253 1919 1310 ἀποστο-

319 1337 423 1408 λὴν
453 1341 546 1409 τῆς
573 1341 894 1418 περιτομῆς,
936 1337 1193 1420 ἐνήργησε
1237 1338 1328 1398 καὶ
1379 1338 1498 1416 ἐμοὶ
1541 1340 1612 1406 εἰς
1641 1338 1708 1398 τὰ
1733 1339 1917 1422 ἔθνη),

323 1425 418 1486 καὶ
448 1425 657 1506 γνόντες
702 1427 798 1501 τὴν
838 1428 998 1508 χάριν
1035 1433 1125 1487 τοῦ
1169 1431 1317 1490 Θεοῦ
1352 1425 1450 1502 τὴν
1501 1429 1739 1490 δοθεῖσάν
1790 1452 1917 1508 μοι,

325 1515 618 1600 Ἰάκωϐος,
668 1517 761 1576 καὶ
811 1520 1038 1600 Κηφᾶς,
1071 1516 1163 1576 καὶ
1215 1517 1500 1594 Ἰωάννης,
1553 1522 1602 1578 οἱ
1650 1521 1923 1588 δοκοῦντες

326 1603 512 1668 στύλοι
543 1597 715 1681 εἶναι,
749 1597 927 1676 δεξιὰς*
965 1607 1170 1667 ἔδωκαν
1201 1608 1320 1686 ἐμοὶ
1371 1608 1461 1668 καὶ
1509 1607 1768 1692 Βαρνάϐα
1801 1634 1922 1670 κοι-

326 1696 548 1771 νωνίας,
579 1693 668 1756 ἵνα
694 1701 852 1774 ἡμεῖς
878 1699 952 1765 εἰς
979 1696 1046 1756 τὰ
1075 1696 1220 1770 ἔθνη,
1252 1697 1402 1758 αὐτοὶ
1431 1699 1524 1774 δὲ,
1547 1701 1620 1766 εἷς
1646 1698 1742 1770 τὴν
1773 1723 1920 1780 περι-

327 1787 524 1866 τομήν.
556 1808 587 1847 ι)
626 1785 793 1857 ξΤινὲς
839 1785 1004 1855 οὕτως
1049 1785 1388 1868 ἡρμήνευσαν
1421 1812 1437 1827 ·
1489 1790 1572 1850 Οὖ
1621 1789 1778 1868 μόνον
1826 1791 1922 1848 οὗ-

329 1877 416 1935 δὲν
447 1877 820 1957 διωρθώσαντο
856 1876 924 1936 τὰ
952 1875 1086 1955 ἐμὰ,
1119 1876 1257 1936 ἀλλὰ
1285 1877 1617 1953 τούναντίον,
1647 1880 1738 1939 καὶ
1768 1880 1926 1961 διωρ-

2020 712 2160 769 nihil
2188 713 2554 770 contulerunt.
2594 735 2621 763 ιι
2661 713 2770 781 Illi,
2799 713 2996 784 inquit,
3025 715 3210 786 quales
3233 713 3456 784 fuerint,
3500 719 3624 772 Deo

2021 818 2168 860 cura;
2190 803 2292 860 erit
2322 821 2335 858 :
2363 803 2470 859 hoc
2489 810 2673 859 autem
2697 801 2843 871 novi,
2897 801 3047 874 quod
3080 803 3222 859 mihi
3262 803 3391 860 nihil
3421 803 3622 860 adver-

2023 894 2125 949 sati
2166 893 2299 962 sint,
2333 907 2514 965 neque
2547 891 2850 965 quidquam
2886 890 3218 949 addiderunt
3245 893 3623 966 praedicationi

2025 997 2188 1053 mea,
2218 998 2397 1055 neque
2432 982 2793 1039 correxerint.

2099 1074 2278 1128 Vsus.
2305 1077 2426 1128 7-9.
2457 1097 2484 1122 α
2508 1071 2615 1129 Sed
2632 1081 2848 1140 contra,
2869 1087 2997 1130 cum
3019 1071 3284 1129 vidissent
3311 1072 3459 1146 quod
3487 1073 3625 1130 mihi

2028 1162 2100 1218 sit
2142 1161 2519 1219 concreditum
2561 1161 2919 1234 Evangelium
2964 1163 3240 1235 praeputii,
3283 1164 3428 1219 sicut
3462 1167 3624 1220 Petro

2030 1251 2460 1309 circumcisionis
2509 1251 2618 1324 (qui
2661 1251 2806 1309 enim
2844 1260 3104 1324 operatus
3155 1260 3240 1309 est
3283 1257 3450 1310 Petro
3490 1269 3627 1325 apo-

2031 1341 2294 1399 stolatum
2321 1341 2772 1409 circumcisionis,
2805 1351 3062 1415 operatus
3090 1351 3174 1399 est
3195 1343 3358 1399 etiam
3395 1342 3532 1399 mihi
3561 1342 3631 1399 ad

2031 1435 2273 1505 gentes);
2297 1439 2351 1488 et
2377 1449 2508 1489 cum
2532 1433 2920 1502 cognovissent
2938 1433 3183 1506 gratiam
3217 1433 3312 1489 Dei
3343 1448 3466 1506 quae
3499 1432 3630 1490 data

2031 1530 2177 1579 esset
2210 1522 2372 1592 mihi,
2414 1522 2674 1591 Jacobus,
2716 1523 2931 1595 Cephas
2972 1531 3027 1579 et
3069 1525 3307 1580 Joannes
3344 1523 3436 1596 qui
3476 1523 3635 1580 vide-

2032 1612 2234 1668 bantur
2277 1612 2553 1670 columna
2608 1627 2759 1680 esse,
2810 1611 3032 1669 dextras
3071 1612 3342 1670 dederunt
3391 1612 3528 1668 mihi
3579 1621 3636 1670 et

2031 1702 2300 1760 Barnabas
2334 1701 2635 1771 societatis,
2682 1710 2744 1757 ut
2778 1717 2880 1758 nos
2921 1701 2978 1758 in
3019 1711 3240 1774 gentes,
3287 1702 3389 1775 ipsi
3420 1718 3549 1759 vero
3579 1701 3635 1758 in

2033 1791 2530 1849 circumcisionem.
2596 1815 2620 1841 ιι
2673 1791 2937 1848 Nonnulli
2990 1793 3071 1848 sic
3108 1791 3453 1864 interpretati
3505 1799 3636 1848 sunt

2033 1882 2182 1939 hunc
2209 1882 2394 1939 locum
2425 1901 2438 1937 :
2468 1884 2593 1939 Non
2622 1883 2803 1939 solum
2825 1897 2938 1938 non
2961 1889 3323 1938 correxerunt
3350 1896 3473 1938 mea
3491 1923 3506 1950 ,
3537 1880 3637 1937 sed

329 1964 594 2057 θῷθησαν.
642 1969 764 2028 Οὐκ
811 1965 1012 2026 ἔστιδὲ
1062 1971 1236 2025 τοῦτο·
1291 1967 1364 2028 Τί
1411 1969 1516 2048 γὰρ
1559 1967 1653 2027 καὶ
1699 1967 1923 2046 ἔμελλον

2049 1980 2228 2030 :ontra
2250 1972 2434 2045 potius
2469 1972 2703 2029 correcti
2741 1979 2888 2028 sunt.
2915 1973 3123 2028 Verum
3170 1970 3229 2027 id
3258 1971 3333 2026 ita
3374 1986 3495 2028 esse
3521 1987 3638 2028 non

329 2056 480 2115 αὐτοὶ
534 2059 664 2137 παρ’
738 2058 898 2116 αὐτοῦ
959 2058 1337 2139 διορθωθῆναι;
1407 2057 1499 2117 καὶ
1548 2057 1652 2139 γὰρ
1709 2057 1929 2127 ἕκαστος

331 2146 504 2205 αὐτῶν
595 2145 988 2228 ἀπηρτισμένος
1079 2138 1165 2219 ἦν.
1278 2149 1452 2207 Τοῦτο
1541 2152 1666 2226 γοῦν
1740 2150 1881 2230 λέγει
1914 2173 1928 2188 ’

343 2257 374 2295 α
443 2233 603 2294 Ἀλλὰ
685 2236 987 2317 τούναντίον
1047 2259 1062 2273 ·
1133 2235 1307 2305 δεξιὰς
1363 2235 1570 2296 ἔδωκαν
1632 2237 1753 2317 ἐμοὶ
1809 2262 1927 2298 κοι-

335 2322 525 2391 νωνίας
552 2347 566 2362 ·
596 2345 626 2382 ι)
667 2313 782 2384 εἶτα
812 2327 985 2384 τᾶλλα
1033 2323 1120 2383 διὰ
1167 2327 1332 2404 μέσου
1362 2349 1378 2366 ο
1427 2313 1671 2395 Ἰδόντες-
1697 2327 1778 2387 ὅτι
1823 2352 1927 2388 πε-

335 2412 628 2492 πίστευμαι
651 2415 713 2475 τὸ
743 2414 1069 2496 Εὖαγγέλιον
1098 2417 1192 2487 τῆς
1241 2415 1628 2496 ἀκροϐυστίας,
1663 2441 1694 2475 »
1743 2415 1835 2476 καὶ
1863 2417 1932 2477 τὰ

337 2502 474 2576 ἑξῆς.
517 2506 787 2565 Τοσοῦτον
835 2503 936 2585 γάρ
981 2528 1050 2581 με
1097 2506 1157 2563 οὗ
1207 2505 1612 2587 διωρθώσαντο,
1655 2504 1792 2566 ὥστε
1839 2507 1931 2567 καὶ

337 2593 601 2673 ἐπῄνεσαν
620 2639 636 2668 ,
665 2592 757 2653 καὶ
804 2594 1214 2673 συνεφώνησαν,
1244 2592 1334 2654 ἵνα
1381 2594 1486 2675 ἐγὼ
1527 2593 1624 2671 μὲν
1662 2598 1754 2655 καὶ
1785 2598 1930 2679 Βαρ-

334 2682 504 2749 νάϐας
543 2686 617 2751 εἰς
643 2682 741 2756 τὴν
788 2683 1153 2764 ἀκροϐυστίαν
1177 2729 1193 2758 ,
1228 2684 1343 2757 ἤτοι
1389 2687 1460 2753 εἷς
1488 2685 1556 2744 τὰ
1585 2684 1709 2758 ἔθνη
1729 2731 1746 2765 ,
1779 2685 1932 2746 αὐτοὶ

336 2770 394 2831 δὲ
421 2773 494 2838 εἰς
523 2772 616 2846 τὴν
660 2772 985 2854 περιτομὴν,
1035 2774 1302 2851 τουτέστι,
1351 2773 1468 2842 τοὺς
1499 2774 1788 2844 Ἰουδαίους
1837 2778 1932 2835 εὖ·

336 2861 738 2939 αγγελίζωνται.
794 2861 1072 2943 Περιτομὴ
1109 2863 1236 2946 γὰρ,
1287 2863 1380 2924 καὶ
1422 2863 1752 2945 ἀκροϐυστία
1777 2911 1794 2940 ,
1836 2869 1932 2925 οὐκ

337 2949 471 3008 αὐτὰ
521 2950 588 3010 τὰ
634 2951 931 3033 πράγματα
969 2951 1150 3034 λέγει,
1207 2953 1344 3014 ἀλλὰ
1400 2953 1520 3022 τοὺς
1574 2954 1934 3036 ἆκροϐύστους

335 3038 429 3098 καὶ
474 3038 596 3108 τοὺς
645 3042 1150 3124 περιτετμημένους.
1242 3043 1509 3105 Ἐνταῦθα
1553 3043 1609 3103 δὲ
1673 3045 1934 3106 δείκνυσιν

338 3129 525 3190 ἑαυτὸν
570 3130 811 3208 ἰσότιμον
850 3135 926 3212 τῷ
959 3134 1170 3214 Πέτρῳ.
1206 3133 1274 3195 Ὁ
1314 3133 1418 3214 γὰρ
1465 3134 1582 3203 δοὺς
1613 3135 1798 3217 ἐκείνῳ
1839 3134 1936 3207 τὴν

340 3219 412 3287 εἷς
438 3218 557 3288 τοὺς
599 3218 884 3300 Ἑϐραίους
928 3223 1191 3303 ἐνέργειαν
1239 3229 1330 3282 τοῦ
1380 3225 1750 3304 Εὖαγγελίου,
1798 3223 1936 3284 ἔδω·-

2037 2069 2232 2135 potest.
2265 2065 2333 2118 In
2362 2078 2471 2134 quo
2509 2061 2660 2118 enim
2709 2061 2799 2118 isti
2847 2061 2914 2117 ab
2961 2077 3027 2117 eo
3075 2060 3407 2118 emendandi
3444 2063 3638 2119 erant?

2035 2168 2173 2209 nam
2198 2151 2429 2225 quilibet
2456 2167 2652 2209 eorum
2675 2159 3098 2208 consummatus
3134 2159 3268 2206 erat.
3311 2152 3434 2207 Hoc
3475 2150 3640 2223 igitur

2039 2242 2216 2298 dicit:
2260 2265 2288 2292 «ι
2341 2241 2450 2300 Sed
2486 2251 2711 2312 contra,
2763 2240 2983 2298 dextras
3030 2239 3305 2297 dederunt
3351 2239 3494 2297 mihi
3546 2255 3642 2296 so-

2039 2332 2257 2388 cietatis
2293 2349 2307 2386 :
2353 2349 2386 2387 n
2437 2331 2640 2388 deinde
2677 2346 2804 2404 qua:
2838 2331 3179 2404 interjacent,
3227 2353 3254 2380 α
3284 2332 3426 2388 Cum
3461 2328 3641 2387 vidis-

2040 2429 2162 2478 sent
2187 2421 2333 2494 quod
2357 2421 2496 2477 mihi
2519 2421 2788 2478 creditum
2813 2421 2887 2477 sit
2918 2419 3280 2494 Evangelium
3305 2419 3583 2493 praeputii,
3612 2442 3638 2469 ι.

2041 2519 2097 2566 et
2135 2526 2258 2584 quae
2305 2520 2631 2583 sequuntur.
2679 2512 2921 2568 Tantum
2969 2509 3116 2566 enim
3145 2507 3322 2566 abfuit
3357 2509 3509 2580 quod
3553 2523 3642 2565 me

2038 2617 2154 2657 non
2201 2609 2590 2670 correxerunt,
2660 2606 2721 2656 ut
2771 2609 2827 2656 et
2887 2599 3262 2668 laudaverint,
3337 2614 3636 2656 consense-

2038 2690 2280 2764 rintque,
2305 2699 2370 2748 ut
2395 2706 2496 2763 ego
2521 2699 2576 2747 et
2602 2689 2886 2746 Barnabas
2923 2689 2992 2746 ad
3029 2689 3394 2762 praeputium,
3427 2689 3542 2744 sive
3573 2687 3643 2745 ad

2042 2788 2254 2852 gentes,
2285 2780 2388 2853 ipsi
2423 2796 2552 2838 vero
2602 2779 2674 2837 ad
2700 2779 3208 2848 circumcisionem,
3242 2779 3301 2835 id
3351 2785 3459 2848 est,
3489 2776 3637 2850 apud

2040 2870 2264 2928 Iudaeos
2307 2871 2666 2942 Evangelium
2715 2869 3125 2925 annuntiarent.
3190 2871 3294 2924 Per
3353 2867 3647 2924 circumci-

2042 2960 2253 3016 siouem
2293 2960 2439 3017 enim
2485 2967 2544 3016 et
2609 2959 2944 3032 praeputium
3009 2974 3123 3015 non
3174 2958 3321 3030 ipsas
3373 2973 3483 3029 res,
3553 2957 3650 3016 sed

2043 3049 2398 3122 przeputiatos
2442 3057 2497 3106 et
2552 3048 2906 3106 circumcisos
2970 3047 3244 3118 intelligit.
3301 3048 3409 3105 Hic
3463 3056 3648 3104 autem

2044 3137 2392 3196 demonstrat
2447 3154 2507 3195 se
2550 3137 2799 3211 ejusdem
2841 3152 2957 3194 esse
2995 3153 3126 3193 cum
3161 3138 3327 3193 Petro
3394 3136 3551 3208 pretii
3601 3144 3655 3192 ct

2047 3228 2299 3286 honoris.
2329 3229 2436 3299 Qui
2461 3229 2612 3285 enim
2635 3228 2681 3284 ei
2711 3227 2864 3284 dedit
2900 3227 3178 3299 Evangelii
3203 3225 3351 3299 apud
3381 3226 3653 3282 Hebraeos

339 3331 402 3367 κε
430 3308 596 3386 κάμοὶ
625 3293 827 3384 ταότην
865 3317 936 3379 είς
982 3293 1231 3395 ἔθνη.
1268 3312 1418 3394 Ὅρα
1466 3293 1557 3392 δέ
1601 3318 1715 3383 πῶς
1733 3293 1936 3383 ’ἔδειξεν

2049 3293 2379 3386 efﬁcaciam,
2400 3317 2551 3374 dedit
2591 3325 2648 3373 et
2691 3317 2824 3372 mihi
2849 3316 2992 3373 hanc
3031 3293 3103 3373 ad
3141 3293 3353 3388 gen-tes.
3404 3316 3651 3372 Observa

341 3399 424 3456 ὅτι
451 3400 510 3458 οὗ
563 3397 722 3477 μόνον
753 3408 861 3469 τοῖς
911 3403 1226 3470 ἀποστόλοις
1269 3403 1430 3483 ἤρεσε
1459 3405 1519 3464 τὸ
1545 3405 1798 3485 κήρυγμα
1834 3406 1936 3464 αὖ·

339 3491 466 3562 τοῦ,
499 3488 639 3548 ἀλλᾶ
668 3490 761 3550 καὶ
788 3493 865 3570 τῷ
897 3493 1023 3573 Θεῷ
1049 3497 1206 3553 τοῦτο
1244 3493 1436 3554 ἐδόκει.
1467 3495 1538 3554 Οἱ
1567 3495 1670 3574 γὰρ
1701 3493 1942 3554 ἀπόστο-

342 3579 426 3664 λοι
462 3604 487 3630 κ
515 3577 768 3658 ξγνόντες,
810 3602 840 3640 α
860 3582 1026 3663 φησὶ,
1062 3609 1088 3637 «ι
1121 3582 1218 3655 τὴν
1254 3587 1414 3664 χάριν
1445 3588 1539 3642 τοῦ
1563 3586 1729 3646 Θεοῦ.
1759 3608 1790 3641 »
1822 3587 1941 3644 Οὐκ

345 3657 525 3744 εἶπεν,
558 3667 902 3739 Ἀκούσαντες
923 3718 938 3746 ,
966 3670 1085 3731 ἀλλ’
1116 3671 1210 3740 Ἐξ
1254 3674 1427 3731 αὐτῶν
1468 3677 1573 3732 τῶν
1605 3673 1941 3753 πραγμάτων

353 3783 379 3809 α
412 3758 642 3836 γνόντες.
671 3779 701 3817 n
741 3761 868 3827 Πῶς
897 3761 1002 3842 γὰρ
1035 3761 1096 3820 ἂν
1136 3762 1300 3822 ἔδωκέ
1327 3786 1416 3841 μοι
1440 3761 1536 3835 τὴν
1561 3765 1720 3844 χάριν
1741 3809 1759 3843 ,
1793 3765 1838 3822 εἷ
1866 3765 1942 3842 μὴ

347 3847 564 3927 ἀρεστὸν
596 3850 742 3928 αὐτῷ
765 3850 828 3912 τὸ
845 3857 1081 3911 τοιοῦτον
1107 3852 1357 3933 κήρυγμα
1387 3845 1492 3927 ῆη
1523 3854 1703 3913 Πάλιν
1736 3853 1789 3912 δὲ
1823 3855 1946 3933 μετ’

346 3936 623 4014 ἐγκωμίων
687 3942 795 3998 τῶν
837 3944 996 4020 τριῶν
1042 3942 1300 4018 ἐμνήσθη.
1378 3945 1450 4004 Οἱ
1515 3943 1619 4025 γὰρ
1672 3945 1948 4013 δοκοῦντες

351 4026 560 4100 στύλοι,
593 4027 866 4090 τουτέστιν
888 4075 904 4104 ,
938 4035 986 4090 οἱ
1016 4031 1274 4112 μεγάλοι,
1307 4031 1394 4100 οὓς
1426 4033 1617 4102 πάντες
1666 4039 1948 4114 πανταχοῦ

353 4116 694 4198 περιφέρουσι
743 4120 834 4177 καὶ
887 4120 1224 4199 δοξάζουσιν,
1272 4113 1415 4182 οὗτοι
1465 4124 1793 4206 μαρτυροῦσί
1825 4113 1947 4202 μοι,

351 4203 432 4264 ὅτι
463 4207 556 4266 καὶ
583 4211 660 4288 τῷ
685 4210 910 4291 Χριστῷ
932 4211 990 4269 τὸ
1021 4211 1276 4292 κήρυγμά
1317 4235 1418 4289 μου
1461 4203 1698 4295 ἀρέσκει.
1738 4214 1837 4274 Διὸ
1859 4215 1949 4275 καὶ

357 4317 388 4350 ιι
419 4295 589 4366 δεξιὰς
629 4297 830 4358 ἔδωκαν
854 4347 871 4376 ,
903 4323 933 4357 ι)
967 4302 1243 4376 τουτέστι,
1275 4303 1686 4382 Συνεφώνησαν,
1718 4305 1806 4363 καὶ
1833 4329 1952 4365 x01-

353 4385 544 4455 νωνοὺς
589 4390 734 4465 ἡμᾶς
783 4389 1137 4464 ἐποιήσαντο,
1185 4391 1278 4451 καὶ
1307 4391 1506 4460 ἔδειξαν
1556 4392 1639 4451 ὅτι
1691 4395 1952 4474 ἀρέσκον-

351 4497 441 4531 ται
467 4479 544 4556 τῷ
583 4475 892 4559 κηρύγματί
920 4502 1056 4558 μου,
1085 4484 1156 4548 ὡς
1186 4479 1350 4559 μηδὲν
1381 4481 1684 4564 διαφέροντι
1721 4489 1814 4543 τοῦ
1856 4483 1951 4544 λό-

354 4585 448 4641 γου
473 4567 672 4626 αὐτῶν.

444 4757 476 4796 (ι
505 4736 678 4798 Μόνον
707 4741 812 4798 τῶν
859 4743 1091 4822 πτωχῶν
1133 4739 1220 4801 ἵνα
1273 4743 1691 4822 μνημονεύωμεν
1737 4768 1750 4782 ·
1798 4744 1827 4805 8
1865 4747 1956 4806 καὶ

359 4825 664 4888 ἐσπούδασα
704 4829 842 4889 ἀὐτὸ
889 4839 1043 4892 τοῦτο
1090 4836 1337 4905 ποιῆσαι.
1375 4861 1400 4886 ι
1427 4833 1506 4895 T0
1544 4834 1640 4912 μὲν
1673 4835 1954 4916 κήρυγμα,

359 4915 521 4996 φησὶ,
544 4917 844 4997 διειλόμεθα
865 4965 882 4997 ,
930 4920 1050 4989 τοὺς
1081 4921 1136 4981 δὲ
1173 4923 1425 5005 πτωχοὺς
1464 4915 1780 5005 ἀμερίστους
1811 4915 1955 5007 εἴχοὲ

362 5027 480 5082 μεν.
516 5007 626 5067 Καὶ
656 5008 758 5088 γὰρ
792 5012 846 5069 ἐν
875 5007 1266 5092 Ἱεροσολύμοις
1313 5014 1504 5074 πολλοὶ
1546 5007 1685 5088 ἦσαν
1720 5020 1826 5076 τῶν
1868 5041 1958 5076 πι-

362 5095 691 5158 στευσάντων
721 5099 1098 5180 διαρπαγέντες
1138 5103 1207 5162 τὰ
1249 5104 1519 5185 προσόντα
1565 5107 1666 5166 ὑπὸ
1692 5109 1797 5166 τῶν
1833 5107 1959 5166 ἀπί-

365 5208 503 5244 στων
537 5185 840 5266 Ἰουδαίων,
875 5192 966 5250 καὶ
1000 5197 1093 5265 τῆς
1141 5192 1438 5272 ἀναγκαίας
1481 5198 1801 5275 ἀποροῦντες
1829 5222 1962 5280 τρο-

366 5279 486 5355 φῆς.
519 5277 643 5358 Οὐχ
678 5278 819 5340 οὕτω
856 5281 960 5361 γὰρ
1012 5285 1060 5341 οἱ
1101 5280 1374 5358 ⁶¹Ελληνες
1422 5285 1714 5363 ἐπολέμουν
1766 5277 1875 5356 τοῖς
1906 5289 1958 5359 ἐξ

366 5367 798 5461 αὐτῶν-πιστοῖς,
829 5370 950 5431 ὅσον
990 5371 1241 5434 Ἰουδαῖοι
1273 5382 1383 5442 τοῖς
1413 5373 1468 5443 ἐξ
1505 5374 1784 5457 ⁸Εϐραίων
1817 5381 1960 5461 Χρι-

369 5458 614 5524 στιανοῖς.
660 5460 757 5519 Διὸ
794 5462 998 5534 πολλὴν
1049 5465 1265 5531 Παῦλος
1303 5466 1534 5524 ποιεῖται
1585 5467 1818 5540 σπουδὴν

371 5545 666 5640 εἰς-αὖτοὺς
707 5551 1041 5628 ἐπιμελείας,
1094 5555 1166 5622 ὡς
1216 5554 1306 5613 καὶ
1356 5556 1512 5625 αὐτὸς
1562 5560 1844 5640 ὁμολογεῖ,
1880 5560 1963 5621 ὅτι

382 5633 713 5696 «Ἐσπούδα
853 5643 876 5682 ν’
920 5641 934 5664 ‘
1042 5648 1075 5662 "
1129 5644 1139 5655 ”
1277 5648 1310 5663 ’“’
1594 5633 1601 5635 ﬁ
1738 5633 1749 5638 ⁷
1828 5633 1839 5640 ⁷
1885 5649 1902 5672 ’

446 5729 457 5732 _
567 5729 579 5732 _
632 5727 642 5732 _
718 5663 787 5699 σα
816 5665 946 5702 αυτο
985 5667 1141 5703 τουτο
1183 5668 1426 5718 ποιησαι.
1462 5669 1492 5705 n
1535 5649 1645 5708 Καὶ
1690 5648 1794 5732 γὰρ
1824 5675 1968 5711 παν-

373 5729 522 5820 τόθεν
553 5727 660 5787 ἀπὸ
706 5734 813 5791 τῶν
845 5734 1286 5814 μαθητευομένων
1335 5736 1610 5816 συνάγων,
1662 5727 1961 5820 διεκόμιζεν

377 5813 535 5884 αὖτός
563 5817 766 5888 αὐτοῖς.

2049 3417 2238 3464 autem
2285 3407 2566 3480 quomodo
2617 3407 2896 3475 indicarit,
2945 3405 3094 3478 quod
3130 3405 3341 3462 nedum
3393 3404 3655 3477 apostolis

2051 3497 2360 3571 praedicatio
2379 3508 2478 3554 sua
2495 3496 2782 3569 placuerit,
2805 3511 2997 3553 verum
3017 3496 3123 3567 ipsi
3153 3496 3316 3551 etiam
3347 3495 3465 3550 Deo
3491 3494 3657 3550 fuerit

2053 3587 2298 3661 probata.
2334 3610 2361 3637 «
2405 3588 2548 3643 Cum
2593 3609 2620 3636 ιι
2673 3586 2854 3654 enim,
2888 3585 3093 3656 inquit,
3148 3607 3175 3634 «
3223 3583 3576 3656 agnovissent
3627 3608 3651 3632 ιι

2053 3676 2286 3750 apostoli
2320 3698 2346 3725 α
2396 3675 2632 3748 gratiam
2677 3674 2800 3731 Dei.
2849 3693 2877 3727 »
2921 3675 3043 3729 Non
3080 3673 3234 3739 dicit,
3280 3672 3655 3741 Audivissent,

2054 3782 2266 3836 verum,
2299 3767 2440 3822 Cum
2477 3780 2544 3821 ex
2583 3763 2715 3836 ipsis
2753 3763 2917 3820 rebus
2949 3786 2974 3811 ιι
3020 3762 3420 3835 cognovissent.
3469 3782 3497 3813 »
3544 3761 3656 3834 Qui

2055 3856 2208 3914 enim
2247 3855 2485 3930 gratiam
2531 3853 2671 3911 mihi
2714 3853 2971 3923 dedisset,
3023 3852 3128 3908 nisi
3184 3850 3504 3924 praedicatio
3554 3852 3660 3908 ista

2054 3947 2195 4004 bene
2219 3945 2269 4001 ei
2293 3942 2746 4016 complacuisset?
2773 3945 2988 4002 Rursus
3006 3950 3198 3998 autem
3225 3957 3338 3997 non
3357 3941 3477 3997 sine
3498 3957 3658 3998 enco-

2057 4037 2173 4092 mio
2217 4035 2388 4092 trium
2429 4034 2652 4090 illorum
2700 4032 2976 4090 meminit.
3026 4032 3132 4102 Qui
3181 4031 3332 4088 enim
3380 4031 3657 4088 columna:

2060 4129 2410 4200 videbantur,
2459 4128 2565 4185 hoc
2615 4136 2718 4198 est,
2749 4128 2960 4201 magni,
3009 4142 3150 4200 quos
3201 4142 3402 4183 omnes
3454 4126 3659 4199 ubique

2059 4219 2456 4276 circumferunt
2501 4227 2559 4274 et
2611 4217 2911 4286 celebrant,
2969 4216 3025 4272 hi
3083 4216 3222 4272 mihi
3276 4217 3664 4273 testimonium

2059 4310 2274 4382 dicunt,
2321 4308 2467 4382 quod
2505 4308 2825 4381 praedicatio
2853 4323 2978 4364 mea
3016 4307 3242 4365 Christo
3271 4307 3476 4379 placet.
3530 4309 3664 4364 Pro-

2063 4409 2250 4473 pterea
2282 4422 2312 4450 ιι
2341 4399 2563 4456 dextras
2591 4398 2885 4466 dederunt,
2914 4422 2938 4447 ιι
2967 4397 3075 4455 hoc
3098 4405 3203 4466 est,
3227 4398 3664 4466 Consenserunt,

2063 4498 2122 4547 et
2163 4497 2449 4546 consortes
2496 4505 2600 4545 nos
2657 4486 2922 4556 fecerunt,
2984 4485 3456 4559 ostenderuntque
3509 4487 3662 4560 quod

2066 4595 2254 4637 meam
2280 4579 2650 4651 approbarent
2669 4576 3141 4650 praedicationem,
3160 4575 3361 4649 quippe
3383 4591 3507 4650 qua:
3525 4577 3664 4634 nihil

1989 4647 2043 4712 Ῑ)
2070 4669 2364 4728 dissideret
2382 4686 2413 4725 a
2431 4685 2692 4727 sermone
2715 4670 2986 4740 ipsorum.

2136 4763 2316 4817 Vens.
2349 4767 2432 4816 10.
2470 4779 2496 4812 «
2527 4762 2774 4816 Tantum
2803 4767 2866 4814 ut
2893 4772 3197 4830 pauperum
3225 4771 3501 4813 memores
3529 4771 3671 4814 csse-

2066 4866 2212 4920 mus,
2241 4849 2390 4923 quod
2422 4848 2589 4905 etiam
2618 4848 2881 4905 sollicitus
2909 4846 2986 4904 l'ui
3019 4848 3122 4904 hoc
3165 4847 3348 4920 ipsum
3389 4845 3588 4903 facere.
3640 4868 3666 4895 ιι

2065 4938 2542 5007 Przedicationem,
2559 4938 2760 5011 inquit,
2777 4937 3184 5004 dividebanius,
3206 4952 3473 5010 pauperes
3483 4944 3671 4992 autem

2065 5029 2332 5087 iudivisos
2360 5028 2720 5085 habebamus.
2751 5025 3152 5099 Hierosolymis
3181 5028 3334 5082 enim
3365 5041 3475 5081 non
3504 5023 3673 5096 pauci

2068 5117 2407 5176 credentium
2447 5116 2676 5174 fuerunt
2727 5116 3083 5173 facultatibus
3128 5115 3242 5172 suis
3293 5113 3521 5186 Spoliati
3579 5127 3677 5186 per

2071 5207 2386 5264 incredulos
2413 5206 2657 5276 Iudaeos,
2707 5206 2801 5278 qui
2845 5205 3156 5261 necessario
3200 5204 3367 5259 etiam
3411 5203 3680 5259 alimento

2070 5297 2528 5355 destituebantur.
2570 5298 2692 5352 Non
2738 5295 2886 5350 enim
2930 5293 3071 5350 adeo
3120 5290 3302 5350 Graeci
3341 5290 3683 5348 dimicabant

2076 5388 2367 5444 adversum
2406 5401 2506 5444 eos
2548 5385 2641 5457 qui
2686 5401 2750 5440 ex
2781 5401 2839 5440 se
2873 5383 3245 5450 crediderant,
3277 5389 3550 5454 quantum
3578 5382 3684 5436 Ju-

2079 5477 2183 5534 daei
2213 5477 2383 5549 336
2413 5476 2664 5533 Hebrmis
2685 5474 3002 5532 Christianis
3031 5489 3270 5545 rcpugna
3282 5472 3439 5528 bant.
3472 5473 3684 5540 Quam-

2080 5568 2272 5625 obrem
2286 5567 2488 5624 Paulus
2505 5581 2764 5639 magnam
2783 5565 3035 5637 ipsorum
3049 5578 3242 5619 curam
3266 5562 3434 5634 gerit,
3461 5559 3687 5632 perinde

2081 5674 2147 5716 ac
2163 5665 2397 5716 testatur
2409 5656 2542 5729 ipse,
2558 5674 2589 5709 (ι
2603 5655 2799 5713 Studui
2816 5654 2923 5711 hoc
2936 5653 3140 5726 ipsum,
3160 5651 3434 5725 inquiens,
3445 5649 3643 5706 facere.
3662 5671 3687 5697 ιι

2085 5747 2305 5805 Etenim
2331 5745 2574 5819 undique
2609 5761 2640 5801 a
2671 5745 2920 5802 ﬁdelibus
2955 5758 3095 5815 quos
3141 5743 3486 5811 instituerat,
3535 5737 3692 5797 collis

2086 5853 2245 5912 gens,
2274 5837 2396 5910 ipse
2421 5853 2519 5911 per
2545 5852 2667 5896 sese
2693 5835 2776 5894 eis
2802 5832 3100 5894 afferebat.
