4134 6424
453 467 555 521 975
1474 462 1990 525 THEOPHYLACTI
2030 467 2392 526 BULGARI/E
2430 466 2744 522 ARCHIEP.
3652 466 3757 521 976

521 591 702 646 Vens.
728 593 786 645 ιι
807 630 821 645 .
861 611 888 638 σι
912 587 1146 659 Quando
1172 595 1356 645 autem
1381 593 1574 648 Petrus
1601 592 1841 651 venisset
1857 592 2048 650 Antio-

2256 615 2286 652 (ι
2312 591 2448 653 Ὅτε
2483 592 2536 654 δὲ
2561 584 2690 666 ἦλθε
2714 589 2921 671 Πέτρος
2952 592 3024 658 εἰς
3043 588 3366 670 Ἀντιόχειαν
3387 632 3402 661 ,
3427 588 3564 650 κατὰ
3592 589 3759 670 πρόσ-

449 677 656 747 chiam,
703 679 763 735 in
791 677 990 735 faciem
1036 679 1085 734 ei
1122 678 1317 735 restiti.
1379 703 1405 728 ι
1452 681 1708 754 Plerique
1737 683 2050 739 existimant

2158 705 2301 741 ωπον
2354 684 2500 762 αὑτῷ
2543 681 2818 754 ἀντέστην.
2844 707 2866 732 ιι
2928 678 3133 740 Πολλοὶ
3177 679 3474 758 νομίζουσιν
3532 682 3756 739 ἐνταῦθα

448 770 674 826 Petrum
704 767 798 825 hic
827 784 861 824 a
889 767 1059 824 Paulo
1088 768 1402 824 insimulari
1430 769 1805 842 hypocriseos,
1833 781 1891 828 at
1923 787 2048 828 vero

447 874 562 914 non
609 858 690 914 sic
743 873 805 915 se
851 873 941 914 res
991 857 1175 913 habet.
1227 858 1588 931 Quaecunque
1637 861 1788 916 enim
1835 860 2051 918 videtur

445 946 629 1004 dicere
678 946 940 1004 adversus
973 950 1221 1014 Petrum,
1261 963 1358 1019 per
1400 947 1873 1021 di5pensationem
1925 958 2048 1006 acta

447 1044 578 1092 sunt
605 1053 673 1093 ac
719 1036 883 1092 dicta.
921 1039 1117 1092 Petrus
1173 1052 1413 1110 namque
1467 1054 1594 1094 cum
1646 1040 2052 1112 Hierosolymis

448 1134 614 1196 esset,
690 1125 1047 1197 permittebat
1100 1126 1614 1195 circumcisionem;
1686 1128 1838 1186 haud
1905 1129 2051 1187 enim

449 1227 669 1290 poterat
694 1219 880 1276 subito
908 1219 1032 1276 illos
1073 1236 1104 1276 a
1135 1220 1252 1292 lege
1296 1221 1547 1278 avellere.
1593 1224 1801 1278 Verum
1851 1223 2050 1280 Antio-

447 1313 630 1369 chiam
703 1311 1007 1385 profectus,
1079 1315 1507 1370 convescebatur
1577 1315 1852 1386 gentibus.
1913 1317 2052 1372 Cum

449 1401 734 1460 venissent
759 1411 947 1459 autem
975 1403 1328 1460 Antiochiam
1358 1405 1796 1478 Hierosolymitaa
1824 1405 2054 1478 aliquot,

450 1492 794 1549 subducebat
842 1507 962 1549 sese
997 1509 1028 1548 a
1070 1494 1348 1567 gentibus,
1400 1510 1470 1550 ne
1509 1495 2054 1568 Hierosolymitanos

449 1580 778 1648 offenderet,
827 1594 892 1637 ac
919 1580 1081 1636 simul
1127 1590 1188 1637 ut
1230 1581 1385 1638 daret
1416 1583 1586 1640 Paulo
1629 1584 2055 1641 convenientem

451 1669 838 1742 increpationis
883 1669 1246 1726 occasionem.
1279 1672 1574 1744 Propterea
1622 1681 1679 1729 et
1705 1675 1908 1730 Paulus
1953 1674 2055 1730 ob—

447 1759 653 1831 jurgat,
683 1766 850 1830 atque
879 1761 1073 1816 Petrus
1119 1759 1367 1816 sustinet.
1413 1761 1500 1818 Sic
1544 1761 1691 1818 enim
1721 1761 1935 1819 facilius
1960 1761 2048 1819 di-

2155 772 2246 832 τὸν
2279 775 2496 834 Παῦλον
2538 776 2628 830 τοῦ
2665 768 2877 850 Πέτρου
2927 769 3240 849 κατηγορεῖν
3270 768 3548 849 ὑπόκρισιν
3572 791 3586 806 ·
3635 769 3758 828 ἀλλ’

2158 862 2252 920 οὗκ
2293 861 2459 920 ἔστιν.
2493 859 2642 920 "Om
2670 859 2774 940 γὰρ
2817 860 2962 918 δοκεῖ
2993 858 3164 938 λέγειν
3194 858 3333 916 κατὰ
3376 863 3468 917 τοῦ
3501 857 3760 939 Πέτρου,

2157 952 2504 1030 οἰκονομικῶς
2563 948 2909 1029 ἐπράχθησαν
2961 947 3053 1007 καὶ
3107 946 3422 1027 ἐλέχθησαν.
3510 945 3581 1008 ⁸0
3655 945 3761 1027 γὰρ

2162 1039 2363 1120 Πέτρος
2395 1041 2448 1099 ἐν
2476 1038 2572 1115 μὲν
2603 1036 2992 1120 Ἱεροσολύμοις
3031 1034 3103 1096 ὢν
3134 1035 3424 1118 συνεχώρει
3473 1035 3570 1109 τὴν
3600 1060 3761 1115 περι-

2162 1061 2363 1120 ιιετρος
2395 1061 2448 1099 εν
2476 1061 2572 1115 μεν
2623 1061 2676 1097 ιε
2713 1061 2992 1114 οσοΛυμοις
3031 1061 3103 1096 ων
3134 1061 3424 1118 συνεχώρει
3473 1061 3570 1109 την
3600 1061 3760 1115 περι-

2158 1128 2328 1206 τομήν
2359 1152 2373 1167 ο
2424 1129 2486 1186 οὗ
2516 1127 2620 1207 γὰρ
2677 1061 2744 1197 185v
2788 1125 2988 1207 ἀθρόως
3038 1126 3352 1186 ἀποσπάσαι
3403 1130 3500 1186 τοῦ
3547 1126 3712 1204 νόμου
3747 1149 3760 1164 ·

2161 1222 2232 1285 εἰς
2287 1217 2612 1297 Ἀντιόχειαν
2667 1216 2723 1275 δὲ
2783 1217 2978 1290 ἐλθὼν,
3016 1214 3266 1286 συνήσθιε
3315 1223 3426 1283 τοῖς
3476 1215 3698 1283 ἐθνικοῖς
3745 1239 3761 1253 ·

2161 1305 2416 1366 ἐλθόντων
2467 1308 2523 1366 δέ
2563 1329 2716 1364 τινων
2785 1304 3222 1386 Ἱεροσολυμιτῶν
3271 1306 3342 1372 εἰς
3391 1303 3715 1386 Ἀντιόχειαν
3740 1353 3759 1382 ,

2162 1395 2514 1456 ὑπεστέλλετο
2565 1394 2673 1453 ἀπὸ
2721 1398 2828 1454 τῶν
2883 1397 3127 1469 ἐθνικῶν,
3160 1393 3248 1453 ἵνα
3305 1416 3360 1452 τε
3415 1392 3492 1472 μὴ
3531 1396 3763 1453 σκανδα-

2163 1485 2287 1566 λίσῃ
2333 1485 2454 1554 τοὺς
2504 1483 2979 1566 Ἱεροσολυμίτας,
3027 1483 3120 1543 καὶ
3168 1483 3322 1559 ἅμα,
3372 1480 3461 1542 ⁴ίνα
3507 1483 3653 1564 δώσῃ
3685 1487 3764 1566 τῷ

2167 1575 2372 1657 Παύλῳ
2403 1572 2618 1654 εὔλογον
2646 1579 2741 1648 τῆς
2786 1574 3143 1650 ἐπιτιμήσεως
3185 1573 3448 1654 πρόφασιν
3484 1597 3498 1612 ·
3543 1573 3622 1633 διὸ
3669 1577 3766 1634 καὶ

2167 1666 2381 1731 Παῦλος
2409 1662 2752 1737 ἐπιπλήττει,
2781 1663 2874 1722 καὶ
2919 1662 3122 1742 Πέτρος
3153 1663 3401 1742 ἀνέχεται
3433 1687 3446 1701 ·
3495 1661 3634 1723 οὕτω
3658 1664 3764 1744 γὰρ

2165 1752 2391 1828 ἔμελλον
2439 1752 2794 1832 εὗκολώτερον
2838 1753 2886 1812 οἱ
2931 1752 3168 1830 μαθηταὶ
3211 1751 3568 1828 μεταθέσθαι,
3597 1756 3764 1832 ἐγκα-

453 1848 642 1920 scipuli
670 1847 952 1905 transferri
979 1849 1048 1905 ab
1069 1864 1136 1906 eo
1164 1849 1416 1906 instituto
1446 1859 1768 1922 potuerunt,
1799 1860 2051 1909 accusato

2162 1841 2420 1919 λουμένου
2467 1848 2558 1902 τοῦ
2593 1843 2914 1903 διδασκάλου
2960 1843 3052 1900 καὶ
3107 1844 3383 1954 σιγῶζτος.
3438 1843 3520 1905 Τὸ
3549 1844 3723 1904 τοίνυν
3747 1891 3765 1918 ,

2274 1933 2288 1954 \
2416 1931 2429 1954 ι
2655 1933 2671 1954 9
2829 1937 2862 1951 ~
3054 1953 3057 1954 ,
3089 1934 3123 1949 η
3261 1923 3270 1933 ¹
3363 1935 3380 1954 ι
3474 1933 3497 1954 ιν
3667 1931 3683 1954 I

456 1945 808 2009 praeceptore,
839 1946 896 1994 et
923 1939 1138 1995 silente.
1181 1941 1245 1994 In
1278 1938 1474 1996 faciem
1505 1941 1738 2013 proinde
1766 1943 2054 2012 resistere,

453 2035 753 2098 praztextus
794 2035 956 2084 erat:
995 2043 1125 2083 nam
1168 2027 1214 2083 si
1257 2044 1437 2101 pugna
1482 2046 1668 2086 revera
1709 2029 1916 2100 fuisset,
1944 2047 2058 2088 non

452 2131 646 2172 coram
662 2115 938 2187 discipulis
957 2131 1014 2172 se
1038 2124 1236 2173 mutuo
1256 2116 1676 2190 increpuissent,
1701 2118 2057 2176 vehementer

453 2205 599 2261 enim
623 2219 718 2262 eos
741 2203 1123 2261 offendissent.
1155 2206 1278 2262 Jam
1306 2221 1436 2264 vero
1466 2207 1522 2264 in
1547 2208 1769 2280 publico
1798 2209 2056 2266 simulata

455 2315 663 2371 pugna,
720 2299 983 2355 correctio
1034 2298 1433 2371 discipulorum
1489 2309 1628 2360 erat.
1668 2304 1859 2376 Neque
1910 2304 2053 2360 enim

454 2387 755 2461 quidquam
800 2390 995 2444 Petrus
1043 2389 1371 2447 contradicit
1415 2411 1429 2449 :
1489 2391 1635 2449 unde
1679 2392 1900 2465 planum
1951 2401 2052 2462 est,

451 2477 601 2550 quod
624 2477 1032 2550 oppositionem
1060 2479 1214 2535 Pauli
1243 2495 1403 2553 aequo
1432 2481 1622 2538 animo
1660 2483 1980 2555 susceperit.

525 2585 555 2620 ιι
605 2567 748 2637 Quia
788 2567 1150 2640 reprehensus
1198 2578 1334 2625 erat.
1388 2593 1412 2619 υ
1459 2573 1584 2628 Non
1630 2573 1675 2627 A
1716 2587 1837 2642 me,
1883 2571 2052 2643 dixit;

449 2655 548 2712 sed
574 2657 913 2727 simpliciter,
939 2658 1009 2714 ab
1030 2659 1153 2715 aliis
1183 2659 1567 2730 ignorantibus
1592 2661 1646 2718 id
1676 2661 1826 2734 quod
1856 2663 2054 2735 ageba-

449 2755 562 2815 tur,
593 2746 821 2803 consilio
847 2745 1057 2802 factum
1088 2746 1277 2817 fuisse,
1312 2764 1375 2804 ac
1397 2751 1716 2822 putantibus
1744 2751 2053 2809 simulatio-

450 2851 580 2891 nem
634 2850 773 2903 esse,
826 2835 1150 2892 absentibus
1220 2837 1447 2910 quidem
1506 2839 2051 2912 Hierosolymitanis,

448 2922 703 2978 convesci
777 2923 1058 2995 gentibus,
1127 2926 1485 2996 praesentibus
1553 2935 1738 2984 autem
1816 2927 1953 2998 illis,
2022 2944 2055 2986 a

449 3011 724 3084 gentibus,
803 3027 862 3069 se
934 3013 1262 3071 subducere.
1353 3016 1619 3073 Nonnulli
1691 3025 1878 3073 autem
1977 3018 2057 3075 sic

448 3101 861 3170 intellexerunt,
917 3102 1066 3174 quod
1118 3102 1235 3175 jam
1282 3113 1445 3162 antea
1491 3106 1860 3178 reprehensus
1904 3116 2054 3177 erat,

2161 1933 2302 1991 κατὰ
2327 1931 2611 2012 πρόσωπον
2642 1933 2986 2010 ἀντιστῆναι,
3015 1934 3204 2010 σχῆμα
3235 1921 3324 2005 2ἦν,
3352 1935 3423 2000 ὣς
3448 1933 3497 1991 εἴ
3519 1955 3582 2011 γε
3608 1931 3762 2012 μάχη

2161 1955 2302 1991 κατα
2327 1959 2367 1993 π
2401 1955 2611 1992 οσωπον
2642 1955 2986 2010 αντιστηναι,
3015 1955 3204 2010 σχημα
3235 1956 3324 2005 ην,
3352 1955 3423 2000 ως
3448 1955 3494 1991 ει
3519 1955 3582 2011 γε
3608 1955 3762 2012 μαχη

2160 2023 2323 2090 ὄντως
2350 1955 2414 2096 iv
2435 2065 2453 2097 ,
2485 2023 2581 2082 οὔκ
2610 2021 2676 2082 ἂν
2707 2021 2792 2081 ἐπὶ
2839 2024 2943 2080 τῶν
2985 2024 3242 2098 μαθητῶν
3291 2021 3544 2093 ἀλλήλοις
3573 2022 3766 2081 ἐπετί-

2164 2135 2342 2186 μησαν
2374 2131 2390 2148 ⁸
2442 2112 2646 2194 σφόδρα
2678 2111 2784 2191 γὰρ
2829 2109 2892 2170 ἂν
2947 2110 3338 2172 ἐσκανδάλισαν
3385 2111 3598 2181 αὐτούς.
3646 2114 3762 2173 Νῦν

2162 2200 2277 2282 δὲή
2328 2202 2382 2260 ἐν
2412 2203 2490 2280 τῷ
2543 2204 2756 2282 φανερῷ
2803 2204 3235 2280 σχηματισθεῖσα
3282 2200 3434 2280 μάχη
3489 2200 3764 2281 διόρθωσις

2160 2281 2224 2363 ἦν
2254 2294 2360 2350 τῶν
2391 2281 2642 2369 μαθητῶν
2667 2281 2691 2327 ’ί
2722 2289 2839 2349 οὐδὲ
2869 2288 2994 2370 γὰρ,
3037 2288 3153 2348 οὐδὲ
3183 2289 3448 2370 ἀντιλέγει
3475 2313 3527 2348 τι
3571 2293 3599 2349 δ
3645 2290 3760 2351 Πέ-

2161 2402 2279 2460 τρος
2307 2397 2321 2414 ⁸
2371 2381 2563 2455 δῆλον,
2619 2381 2690 2448 ὡς
2735 2377 3131 2459 ἀποδεχόμενος
3182 2379 3280 2452 τὴν
3320 2378 3630 2439 ἀντίστασιν
3671 2383 3764 2439 τοῦ

2162 2469 2411 2530 Παύλου.

2247 2581 2277 2614 α
2310 2558 2440 2621 ’Ὅτι
2490 2557 2921 2638 κατεγνωσμένος
2970 2549 3055 2631 ἦν.
3121 2577 3153 2616 ι)
3205 2558 3325 2619 Οὔκ
3380 2547 3567 2638 εἶπεν,
3629 2557 3760 2620 Ὑπ⁹

2159 2649 2288 2725 ἐμοῦ
2309 2693 2326 2723 ,
2378 2647 2495 2708 ἀλλ’
2526 2649 2711 2716 ἁπλῶς
2736 2695 2751 2722 ,
2790 2647 2893 2707 ὑπὸ
2945 2647 3122 2706 ἄλλων
3167 2649 3270 2707 τῶν
3329 2647 3656 2726 ἀγνοούντων
3699 2649 3763 2708 τὸ

2160 2737 2594 2818 οἷκονομούμενον
2617 2785 2634 2812 ,
2667 2737 2761 2798 καὶ
2812 2736 3066 2816 οἰομένων
3114 2737 3394 2818 ὑπόκρισιν
3441 2729 3579 2797 εἶναι
3605 2783 3623 2818 ,
3654 2739 3716 2799 τὸ
3741 2785 3757 2814 ,

2164 2826 2405 2887 ἀπόντων
2473 2829 2569 2905 μὲν
2616 2832 2722 2888 τῶν
2801 2827 3242 2908 Ἱεροσολυμιτῶν
3301 2826 3588 2887 συνεσθίειν
3651 2837 3763 2895 τοῖς

2161 2915 2405 2977 ἔθνεσιν·
2442 2916 2770 2976 ἐπιστάντων
2798 2917 2852 2976 δὲ
2879 2963 2896 2994 ,
2941 2919 3330 2989 ὑποσταλῆναι.
3368 2916 3523 2986 Τινὲς
3574 2917 3630 2977 δὲ
3670 2917 3762 2977 οῦ·

2163 3030 2265 3074 τως
2294 3006 2554 3080 ἐνόησαν,
2573 3006 2654 3066 ὅτι
2684 3005 3223 3086 προκατεγνωσμένκ
3253 2999 3352 3085 ἦν,
3382 3006 3514 3090 φησὶ
3539 3053 3556 3081 ,
3589 3008 3676 3068 διὰ
3701 3008 3764 3067 τὸ

2163 3104 2460 3177 συμφαγεῖν
2493 3096 2802 3178 Κορνηλίῳ,
2826 3098 2916 3155 καὶ
2943 3097 3029 3154 διὰ
3053 3101 3208 3156 τοῦτο
3235 3096 3328 3155 καὶ
3352 3101 3440 3156 νῦν
3461 3097 3762 3172 ὑπεστάλη,

447 3189 596 3261 quod
630 3206 760 3247 cum
790 3192 1046 3248 Cornelio
1083 3191 1278 3265 ederit,
1320 3210 1385 3250 ac
1431 3204 1727 3268 propterea
1755 3196 2051 3255 etiamnum

2165 3187 2410 3265 φοϐηθεὶς
2440 3185 2633 3259 μήπως
2687 3188 2846 3245 αὐτοῦ
2879 3184 2972 3245 καὶ
3014 3187 3177 3246 πάλιν
3223 3189 3594 3268 καταγνῶσιν·
3644 3188 3763 3249 ἐπεὶ

446 3278 718 3334 subtraxit
745 3294 886 3348 sese,
916 3281 1124 3338 veritus
1161 3297 1234 3338 ne
1261 3283 1443 3355 aliquo
1485 3284 1652 3341 modc
1689 3301 1878 3343 rursus
1924 3303 2054 3344 cum

447 3367 922 3439 reprehenderent.
975 3370 1117 3438 Quia
1153 3387 1284 3427 vero
1323 3374 1600 3430 subtraxit
1635 3390 1716 3444 se,
1760 3375 1932 3432 restiti
1981 3376 2049 3434 ei.

519 3459 692 3513 Vens.
729 3462 815 3513 l2.
854 3479 878 3506 α
910 3459 1247 3530 Priusquam
1297 3461 1444 3518 enim
1480 3463 1728 3519 venirent
1770 3465 1990 3536 quidam
2021 3483 2050 3521 a

449 3545 680 3614 Jacobo,
711 3563 838 3602 cum
859 3549 1118 3620 gentibus
1137 3548 1335 3605 edebat
1357 3569 1371 3606 :
1393 3567 1523 3608 cum
1551 3561 1736 3609 autem
1756 3553 2047 3626 venissent,

443 3633 802 3692 subtrahebat
828 3652 908 3706 se,
939 3647 995 3694 et
1021 3638 1344 3711 segregabat
1371 3656 1464 3710 se,
1507 3641 1712 3698 timens
1743 3658 1839 3699 eos
1865 3643 1955 3716 qui
1981 3660 2050 3701 ex

444 3721 861 3801 circumcisione
899 3735 1076 3782 erant.
1119 3746 1149 3781 »
1196 3726 1491 3784 Rationem
1535 3729 1720 3786 reddit
1758 3730 2050 3802 reprehen-

441 3811 648 3881 siouis;
677 3814 916 3870 Jacobus
949 3823 1136 3872 autem
1165 3815 1270 3873 iste
1298 3825 1422 3873 erat
1461 3816 1632 3879 frater
1676 3819 1924 3889 Domini,
1954 3821 2048 3893 qui

443 3900 838 3975 Hierosolymis
865 3912 1052 3976 utpote
1076 3905 1369 3977 episcopus
1394 3922 1623 3978 eorum,
1668 3907 1924 3965 docebat.
1959 3909 2048 3966 Ab

440 3989 544 4045 hoc
585 3990 750 4063 igitur
777 3993 1031 4049 nonnulli
1074 3993 1351 4050 emendati
1395 4005 1547 4066 sunt,
1588 3998 1686 4070 qui
1729 4013 1797 4053 ex
1841 3997 2050 4056 Judais

440 4079 810 4150 crediderant,
843 4081 960 4155 lege
1007 4091 1193 4140 tamen
1238 4087 1420 4144 adhuc
1463 4085 1696 4158 detenti,
1748 4097 1803 4146 et
1843 4091 2047 4148 Antio-

441 4166 621 4222 chiam
642 4169 931 4226 abierunt:
955 4187 1093 4244 quos
1119 4189 1248 4232 cum
1275 4175 1500 4234 vidiset
1524 4179 1742 4248 Petrus,
1771 4189 2045 4252 metuens,

440 4273 551 4312 non
577 4258 724 4330 quod
753 4260 872 4331 ipse
896 4263 1132 4332 pericula
1162 4265 1398 4335 subiret,
1428 4283 1626 4325 verum
1649 4285 1720 4326 ne
1743 4270 1819 4326 illi
1849 4271 2046 4328 offensi

442 4360 472 4400 a
523 4346 629 4402 fide
685 4349 1070 4421 retrosilirent,
1113 4355 1470 4411 subtrahebat
1511 4372 1631 4414 sese
1681 4357 1752 4414 ob
1791 4375 1877 4427 ea,
1923 4375 2045 4431 quae

442 4452 570 4550 cun:
596 4439 854 4510 gentibus
882 4450 1024 4510 erat,
1051 4446 1486 4502 conversatione.
1519 4450 1847 4519 Ignorantes
1878 4449 2045 4520 igitur
2074 4485 2124 4550 Β

441 4523 664 4598 quidam
691 4543 940 4600 causam,
973 4532 1456 4604 reprehendebant
1480 4551 1630 4591 eum.

510 4616 688 4674 Vnus.
731 4623 817 4674 l3.
854 4641 881 4670 α
924 4625 1007 4676 Ac
1048 4622 1382 4679 simulabant
1421 4639 1530 4679 una
1561 4639 1690 4680 cum
1739 4624 1835 4681 illo
1866 4628 2047 4683 cmteri

442 4703 609 4776 337
656 4721 876 4778 quoque
926 4708 1138 4777 Judaei,
1171 4711 1311 4769 adeo
1359 4719 1420 4767 ut
1463 4711 1740 4785 Barnabas
1780 4713 2049 4772 abductus

441 4793 514 4849 sit
535 4792 605 4851 ad
633 4795 1038 4852 simulationem
1058 4814 1271 4854 eorum.
1303 4823 1327 4846 ιι
1360 4800 1698 4871 Hypocrisin
1728 4817 1844 4857 rem
1871 4802 2047 4874 ipsam

441 4884 721 4955 appellat:
753 4901 865 4940 non
905 4887 1053 4942 enim
1109 4889 1223 4944 vult
1284 4887 1536 4960 detegere
1589 4898 1829 4947 mentem
1877 4893 2044 4950 Petri.

439 4972 614 5029 Simul
656 4980 843 5029 autem
903 4983 1125 5047 propter
1177 4991 1271 5033 eos
1310 4977 1404 5048 qui
1460 4977 1812 5035 vehementer
1871 4981 2046 5053 legem

441 5061 761 5131 tuebantur,
789 5062 1200 5122 simulationem
1230 5065 1336 5122 hoc
1361 5066 1683 5138 appellavit,
1710 5077 1770 5124 ut
1799 5068 2047 5128 funditus

437 5151 592 5206 tollat
618 5167 812 5208 eorum
847 5169 974 5226 erga
999 5152 1175 5225 legem
1205 5152 1467 5211 affectum
1508 5163 1564 5212 et
1601 5159 2045 5229 propensionem.

439 5241 696 5312 Reliquos
734 5250 921 5298 autem
957 5242 1175 5301 Iudaeos
1219 5244 1460 5317 appellat
1486 5260 1602 5313 eos,
1633 5245 1725 5318 qui
1751 5247 1807 5302 in
1839 5249 2041 5305 Antio-

441 5329 561 5386 chia
609 5331 990 5401 crediderant,
1043 5333 1134 5405 qui
1183 5341 1240 5389 et
1285 5332 1385 5405 ipsi
1429 5333 1813 5394 subducebant
1851 5353 1972 5396 sese
2012 5356 2043 5396 a

447 5419 802 5490 prmputiatis.

515 5509 698 5567 Vnus.
748 5510 833 5566 14.
877 5533 902 5559 α
948 5509 1055 5567 Sed
1099 5526 1226 5568 cum
1272 5511 1536 5570 vidissem
1574 5512 1726 5588 quod
1751 5529 1867 5574 non
1895 5525 2043 5576 recte

2164 3273 2218 3334 δὲ
2250 3275 2554 3356 ὑπεστάλη,
2595 3273 2853 3348 ἀντέστην
2885 3276 3045 3356 αὐτῷ.

2252 3475 2282 3513 ιι
2313 3452 2430 3535 Πρὸ
2459 3451 2560 3536 γὰρ
2589 3459 2680 3514 τοῦ
2713 3455 2877 3514 ἐλθεῖν
2927 3477 3074 3521 τινας
3116 3453 3227 3536 ἀπὸ
3278 3453 3542 3515 Ἰακώϐου
3564 3500 3580 3528 ,
3622 3453 3764 3532 μετᾶ

2159 3545 2264 3601 τῶν
2311 3534 2472 3602 ἐθνῶν
2503 3534 2779 3615 συνήσθιεν
2812 3567 2825 3581 ·
2879 3541 2966 3602 ὅτε
3020 3544 3076 3604 δὲ
3109 3534 3265 3616 ἦλθον
3283 3594 3298 3621 ,
3355 3544 3635 3604 ὑπέστειλε
3668 3542 3763 3603 καὶ

2160 3630 2426 3713 ἀφώρισεν
2455 3632 2650 3712 Ιἐοιυτὶδν
2673 3677 2689 3709 ,
2739 3631 3062 3714 φοϐούμενος
3117 3630 3237 3701 τοὺς
3288 3635 3351 3692 ἐκ
3384 3637 3694 3713 περιτομῆς.
3728 3654 3758 3691 ι

2159 3722 2319 3798 Λέγει
2348 3721 2440 3780 καὶ
2469 3721 2566 3792 τὴν
2611 3720 2785 3780 αἰτίαν
2818 3725 2913 3793 τῆς
2954 3721 3364 3800 καταγνώσεως.
3407 3722 3669 3789 Ἰάκωϐος
3703 3723 3762 3781 δὲ

2153 3800 2302 3878 οὗτος
2331 3802 2395 3883 ἦν
2427 3813 2454 3868 δ
2494 3810 2714 3891 ἀδελφὸς
2745 3816 2842 3870 τοῦ
2897 3810 3098 3891 Κυρίου
3143 3811 3192 3847 ⁸⁵
3212 3857 3228 3885 ,
3260 3815 3288 3870 ὁ
3317 3811 3409 3870 καὶ
3441 3813 3496 3870 ἐν
3527 3809 3762 3892 Ἱεροσο-

2155 3897 2342 3976 λύμοις
2390 3898 2654 3958 διδάσκων
2697 3901 2767 3966 ὣς
2817 3899 3106 3968 ἐπίσκοπος
3140 3901 3339 3962 αὐτῶν.
3394 3899 3525 3960 Ἀπὸ
3568 3900 3759 3960 τούτου

2157 3977 2245 4047 οῦν
2278 3987 2660 4062 ἀπεστάλησάν
2704 4011 2842 4057 τινες
2888 3987 2941 4058 ἐξ
2982 3990 3255 4049 Ἰουδαίων
3300 3988 3399 4067 μὲν
3425 3988 3761 4049 πιστεύσαν-

2158 4101 2273 4149 τες,
2308 4077 2450 4150 πλήν
2485 4076 2562 4136 ἔτι
2609 4082 2703 4137 τοῦ
2735 4078 2898 4156 νόμου
2950 4079 3222 4158 ἐχόμενοι,
3269 4079 3362 4138 καὶ
3396 4081 3634 4153 ἀπῆλθον
3686 4083 3764 4145 εἰς

2155 4164 2476 4246 Ἀντιόχειαν
2499 4189 2512 4204 ·
2545 4165 2634 4234 οὓς
2681 4166 2806 4226 ἰδὼν
2843 4167 3044 4247 Πέτρος
3083 4170 3173 4227 καὶ
3225 4167 3506 4250 φοϐηθεὶς,
3541 4171 3642 4249 οὐχ
3668 4166 3761 4228 ἵνα

2156 4253 2231 4332 μὴ
2263 4255 2417 4324 αὐτὸς
2447 4255 2797 4335 κινδυνεύσῃ,
2849 4258 2968 4316 ἀλλ’
3017 4256 3105 4315 ἵνα
3144 4257 3219 4335 μὴ
3268 4259 3415 4318 αὖτοί
3467 4258 3762 4317 σκανδαλι-

2154 4345 2360 4412 σθέντες
2437 4347 2874 4428 ἀποσκιρτήσωσι
2927 4350 3024 4419 τῆς
3081 4347 3351 4421 πίστεως,
3430 4347 3760 4406 ὑπέστελλεν

2156 4434 2338 4493 ἑαυτὸν
2385 4435 2489 4496 ἀπὸ
2540 4439 2640 4519 τῆς
2695 4434 2832 4513 μετὰ
2887 4439 2991 4494 τῶν
3027 4439 3243 4496 ἐθνικῶν
3295 4439 3756 4519 συναναστροφῆς.

2157 4523 2483 4604 ’Ᾱγνοοῦντες
2511 4515 2600 4583 οὖν
2629 4547 2760 4593 τινες
2784 4525 2880 4599 τὴν
2904 4526 3104 4599 αἰτίαν,
3131 4526 3522 4603 κατεγίνωσκον
3571 4529 3760 4588 αὐτοῦ.

2246 4636 2278 4673 α
2306 4613 2776 4695 Συνυπεκρίθησαν
2832 4615 2978 4696 αὖτῷ
3027 4614 3119 4674 καὶ
3165 4617 3213 4674 οἱ
3258 4615 3435 4675 λοιποὶ
3484 4615 3756 4678 Ἰουδαῖοι.

2155 4702 2293 4763 ὥστε
2341 4703 2434 4764 καὶ
2493 4703 2776 4785 Βαρνάϐας
2822 4703 3143 4785 συναπήχθη
3205 4709 3273 4786 τῇ
3335 4705 3614 4785 ὑποκρίσει
3667 4706 3762 4765 αὖ·

2153 4796 2285 4855 τῶν.
2325 4819 2350 4847 ιο
2387 4791 2700 4872 Ὑπόκρισιν
2731 4792 2792 4852 τὸ
2820 4801 3046 4873 πρᾶγμα
3079 4797 3248 4854 καλεῖ.
3293 4795 3377 4857 Οὔ
3414 4793 3519 4874 γὰρ
3571 4792 3762 4875 βούλε-

2152 4906 2244 4942 ται
2288 4883 2591 4964 ἐκκαλύψαι
2633 4883 2732 4956 τὴν
2761 4882 2980 4963 γνώμην
3025 4889 3119 4944 τοῦ
3151 4884 3362 4965 Πέτρου
3385 4908 3399 4923 ·
3429 4884 3546 4962 ἅμα
3578 4885 3633 4944 δὲ
3663 4884 3758 4944 καὶ

2155 4970 2243 5030 διὰ
2274 4970 2393 5042 τοὺς
2442 4973 2679 5054 σφοδρῶς
2713 4974 3096 5054 ἀντεχομένους
3137 4978 3237 5033 ’τοῦ
3285 4973 3480 5052 νόμου,
3527 4973 3754 5054 ὑπόκρι-

2157 5084 2239 5120 σιν
2293 5065 2449 5120 τοῦτο
2501 5062 2818 5139 ὠνόμασεν,
2873 5062 2961 5122 ἵνα
3020 5062 3304 5144 πρόρριζον
3353 5063 3514 5141 ἀνέλῃ
3573 5064 3753 5122 αὐτῶν

2156 5149 2252 5222 τὴν
2279 5151 2408 5230 πρὸς
2437 5151 2526 5209 τὸν
2576 5150 2735 5228 νόμον
2778 5149 3030 5213 διάθεσιν.
3087 5151 3324 5222 Λοιποὺς
3363 5151 3419 5212 δὲ
3471 5151 3760 5220 Ἰουδαίους

2155 5241 2311 5298 καλεῖ
2337 5238 2457 5306 τοὺς
2499 5244 2549 5300 ἐν
2582 5240 2878 5322 Ἀντιοχείᾳ
2920 5239 2973 5310 ἐξ
3019 5239 3294 5303 Ἰουδαίων
3322 5241 3752 5316 πιστεύσαντας,

2154 5329 2205 5389 οἳ
2249 5328 2342 5388 καὶ
2373 5329 2522 5390 αὐτοὶ
2566 5328 2889 5390 ὑπέστελλον
2942 5329 3160 5400 ἑαυτοὺς
3217 5330 3324 5390 ἀπὸ
3371 5333 3479 5390 τῶν
3527 5329 3758 5414 ἀκροϐύο

2154 5443 2317 5479 στων.

2239 5537 2267 5563 σι
2303 5509 2446 5571 Ἀλλ’
2477 5507 2566 5570 ὅτε
2613 5502 2749 5572 εἶδον
2787 5509 2870 5571 ὅτι
2925 5511 3024 5571 οὐκ
3070 5510 3418 5593 ὀρθοποδοῦσι
3467 5509 3600 5594 πρὸς
3653 5510 3755 5585 τὴν

1850 5662 2036 5722 Variae
2079 5661 2381 5727 lectiones.

511 5757 556 5792 ει
577 5759 660 5814 καὶ
689 5759 785 5831 γὰρ
813 5759 842 5814 δ
869 5778 950 5818 ιιι,
1026 5760 1070 5798 ⁸⁵
1097 5759 1394 5837 ἀδελφόθεος
1422 5781 1474 5825 0.
