4134 6426
327 429 432 483 977

1199 425 1556 485 EXPOSITIO
1610 428 1684 485 IN
1720 429 1927 487 EPIST.
1965 430 2060 487 AD
2099 431 2344 489 GALAT.
2382 462 2455 475 —
2490 433 2640 490 CAP.
2683 434 2747 490 Il.

3531 440 3636 494 978

325 549 576 625 ἀλήθειαν
627 556 719 612 τοῦ
756 549 1085 632 Εὖαγγελίου
1108 597 1126 630 ,
1159 541 1305 612 εἶπον
1352 555 1430 634 τῷ
1469 553 1666 637 Πέτρῳ
1716 555 1919 637 ἔμπρο-

2034 556 2376 615 ambularent
2411 558 2482 615 ad
2503 559 2786 616 veritatem
2819 560 3111 634 Evangelii,
3165 561 3273 620 dixi
3321 565 3485 620 Petro
3535 579 3632 620 co-

322 646 444 701 σθεν
472 639 703 702 πάντων.
737 668 764 697 ι
821 640 980 715 Μηδὲ
1023 640 1158 714 αὕτη
1202 646 1236 715 ἠ
1277 641 1412 712 λέξις
1457 645 1766 727 ταραττέτω
1818 670 1878 706 σε
1902 669 1917 684 ο

321 733 384 792 οὗ
412 729 516 811 γὰρ
547 730 756 811 Πέτρου
789 729 1206 810 καταγινώσκων
1238 737 1412 791 ταῦτα
1443 732 1611 812 λέγει,
1649 733 1792 794 ἀλλὰ
1828 734 1920 795 διὰ

318 820 442 888 τοὺς
471 819 760 900 μέλλοντας
795 822 1137 900 ὠφεληθῆναι
1174 823 1233 880 ἐκ
1271 827 1360 881 τοῦ
1397 824 1626 884 ἀκοῦσαι
1672 823 1753 884 ὅτι
1805 824 1922 886 Καὶ

319 914 351 971 ὃ
380 911 583 992 Πέτρος
634 910 964 988 ἐπετιμήθη,
1010 913 1082 979 ὡς
1139 919 1233 972 τοῦ
1277 911 1441 990 νόμου
1493 913 1742 994 ἐχόμενος
1765 939 1780 952 ·
1832 915 1924 974 καὶ

319 1001 473 1078 ὓμεῖς
498 1002 551 1061 τί
599 1009 799 1061 ποιεῖτε
852 999 1069 1076 λοιπόν;
1127 1000 1233 1062 Διὰ
1283 1007 1440 1062 τοῦτο
1492 1003 1595 1084 γὰρ
1649 1003 1742 1063 καὶ
1802 1003 1922 1064 τότε

317 1087 618 1172 ἔμπροσθεν
665 1089 882 1150 πάντων
931 1093 1151 1172 ἐπιτιμᾷ
1187 1091 1332 1171 αὐτῷ
1356 1137 1373 1169 ,
1406 1090 1498 1150 ἵνα
1532 1093 1727 1153 ἐκεῖνοι
1758 1093 1923 1154 ἀκούο

321 1203 508 1249 σαντες
557 1178 831 1261 φοϐηθῶσι
850 1226 866 1256 ,
913 1183 1006 1240 τοῦ
1053 1179 1365 1253 τηλικούτου
1415 1180 1610 1243 στύλου
1665 1183 1922 1262 ἐπιτιμω-

322 1269 517 1348 μένου,
566 1271 658 1330 καὶ
707 1269 784 1348 μὴ
835 1270 1045 1351 ἔχοντος
1095 1269 1406 1348 ἀντιλέγειν.
1455 1271 1712 1340 Εὐσέϐιος
1758 1271 1814 1333 δὲ
1862 1273 1922 1332 οὗ

319 1358 411 1420 τὸν
442 1359 610 1438 μέγαν
639 1359 846 1438 Πέτρον
871 1359 1013 1438 λέγει
1043 1361 1426 1437 ἐπιτιμηθῆναι
1453 1360 1601 1441 παρὰ
1630 1367 1722 1421 τοῦ
1759 1362 1924 1422 Παύ-

317 1451 449 1528 λου,
482 1449 605 1511 ἀλλ’
633 1448 810 1530 ἕτερόν
841 1473 962 1509 τινα
994 1451 1211 1532 Κηφᾶν,
1244 1449 1336 1509 ἕνα
1368 1453 1474 1509 τῶν
1525 1450 1922 1529 ἑϐδομήκοντα’

316 1539 412 1600 καὶ
442 1537 858 1610 κατασκευάζειν
908 1538 1074 1599 οἴεται
1119 1544 1299 1613 τοῦτο,
1333 1540 1428 1598 οὐκ
1482 1540 1619 1608 εἰκὸς
1666 1532 1802 1601 εἶναι
1833 1540 1924 1600 λέ-

315 1652 427 1708 γων
449 1673 468 1703 ,
496 1628 586 1689 τὸν
620 1629 1092 1708 ἀπολογησάμενον
1126 1629 1179 1689 ἐν
1233 1631 1409 1709 ἀρχῇ,
1460 1628 1547 1712 ὅτε
1579 1633 1656 1712 τῷ
1704 1635 1921 1711 Κορνη-

315 1718 420 1798 λίῳ
471 1716 764 1801 συμφαγὼν
817 1718 963 1787 τινὰς
1019 1719 1428 1801 ἐσκανδάλισενᾼ,
1473 1709 1637 1787 αὖθις⁷
1666 1709 1923 1794 δεηθῆναι

315 1797 414 1880 τῆς
459 1797 704 1880 τοιαύτης
744 1807 1120 1888 ἐπιτιμήσεως.
1170 1807 1336 1882 Ἀλλ’,
1383 1797 1428 1868 ὦ
1471 1808 1782 1890 σοφώτατε,
1809 1810 1918 1869 οὐδ’

2033 663 2152 704 ram
2178 649 2462 705 omnibus.
2489 672 2514 699 ιο
2538 652 2726 722 Neque
2755 651 2876 707 haec
2900 651 3071 706 dictio
3101 660 3156 708 te
3182 653 3492 724 perturbet:
3523 670 3635 711 non

2031 737 2179 794 enim
2205 747 2267 794 ut
2290 739 2660 810 reprehendat
2693 741 2934 807 Petrum,
2969 741 3088 797 haec
3115 740 3262 810 dicit,
3293 744 3386 799 sed
3415 751 3637 816 propter

2033 842 2150 893 eos,
2205 829 2302 900 qui
2346 827 2474 885 hinc
2507 828 2749 886 fructum
2795 830 3033 902 aliquem
3064 832 3344 903 accepturi
3373 841 3550 903 erant,
3589 834 3635 890 si

2032 915 2326 974 audirent:
2359 921 2557 975 Petrus
2621 919 2740 991 ipse
2804 920 3170 992 reprehensus
3217 929 3300 978 est
3364 937 3464 978 ceu
3518 921 3635 994 lege

2031 1004 2323 1076 detentus;
2371 1015 2428 1064 et
2453 1023 2550 1064 vos
2580 1008 2711 1082 quid
2751 1009 2805 1064 in
2835 1018 3120 1082 posterum
3148 1009 3334 1067 facitis
3359 1016 3382 1069 ?
3407 1011 3552 1067 Hinc
3581 1021 3636 1069 et

2031 1111 2218 1152 coram
2264 1097 2525 1155 omnibus
2569 1099 2752 1172 ipsum
2795 1101 3055 1172 increpat,
3116 1108 3181 1156 ut
3233 1100 3310 1156 illi
3356 1100 3638 1158 audientes

2031 1187 2428 1259 perterreﬁant,
2454 1188 2546 1244 tali
2569 1196 2838 1261 tantaque
2867 1190 3128 1246 columna
3157 1190 3485 1262 reprehensa
3503 1207 3638 1256 ,nec

2031 1275 2265 1333 habente
2312 1277 2461 1350 quod
2511 1278 2875 1335 contradicat.
2931 1279 3200 1337 Eusebius
3247 1289 3435 1337 autem
3479 1281 3634 1351 dicit,

2031 1381 2144 1422 non
2194 1381 2460 1439 magnum
2510 1369 2740 1426 Petrum
2789 1384 2821 1425 a
2863 1369 3034 1426 Paulo
3061 1369 3508 1442 :reprebensum,
3539 1369 3636 1427 sed

2031 1454 2202 1511 alium
2251 1456 2550 1530 quemdam
2597 1458 2864 1530 Cepbam,
2924 1474 3101 1515 unum
3147 1474 3219 1516 ex
3267 1459 3635 1532 septuaginta.

2031 1546 2214 1617 Atque
2249 1545 2358 1603 hoc
2401 1562 2459 1604 se
2485 1547 2818 1604 conﬁrmare
2846 1556 3022 1620 putat,
3050 1557 3487 1606 consentaneum
3518 1564 3634 1605 non

2033 1649 2151 1690 esse
2179 1634 2368 1692 dicens
2413 1652 2563 1705 eum,
2591 1637 2686 1709 qui
2730 1637 2784 1693 in
2815 1638 3076 1711 principio
3106 1637 3444 1695 defendisset
3492 1654 3632 1707 sese,

2031 1722 2250 1797 quando
2274 1741 2404 1782 cum
2431 1727 2688 1783 Cornelio
2721 1726 3063 1785 manducans
3104 1727 3425 1786 offendisset
3471 1743 3634 1801 quos-

2024 1812 2178 1883 dam,
2218 1831 2408 1872 rursus
2457 1832 2598 1887 opus
2636 1815 2838 1872 habere
2882 1817 3199 1890 hujusmodi
3246 1817 3631 1888 increpatione.

315 1898 472 1974 ἡμεῖς
499 1897 724 1978 λέγομεν
753 1899 843 1958 τὸν
888 1881 1128 1980 Πέτρον,
1179 1902 1251 1966 ὡς
1306 1881 1597 1976 ἀγνοοῦντα
1655 1899 1718 1958 τὸ
1765 1881 1914 1973 δέον,

2034 1907 2124 1972 At,
2152 1920 2185 1960 o
2226 1904 2644 1976 sapientissime,
2671 1921 2849 1978 neque
2874 1921 2975 1961 nos
3006 1906 3241 1962 dicimus
3275 1907 3500 1962 Petrum
3529 1922 3630 1962 ceu

316 1987 702 2065 ἐπιτιμηθῆναι
754 1987 905 2066 παρὰ
953 1985 1176 2048 Παύλου
1198 2031 1214 2060 ,
1245 1989 1364 2046 ἀλλ’
1403 1986 1591 2048 ἑκόντα
1622 1990 1919 2062 ὕποστῆναι

315 2075 415 2148 τὴν
446 2076 749 2156 ἐπιτίμησιν
769 2123 786 2155 ,
813 2075 882 2137 ἵν’
908 2076 1077 2158 ἕτεροι
1107 2079 1481 2159 διορθωθῶσιν.

410 2277 440 2315 (ι
473 2259 538 2318 Εἰ
566 2255 631 2316 σὺ
665 2255 917 2323 Ἰουδαῖος
968 2253 1041 2314 ὣν
1062 2300 1080 2330 ,
1129 2259 1345 2324 ἐθνικῶς
1384 2259 1501 2336 ζῇς,
1530 2255 1623 2314 καὶ
1661 2260 1757 2318 οὔκ
1791 2257 1922 2320 Ἰου-

317 2348 549 2422 δαϊκῶς,
602 2345 655 2406 τί
700 2345 770 2406 τὰ
816 2345 940 2418 ἔθνη
973 2345 1286 2424 ἀναγκάζεις
1330 2340 1678 2419 Ἰουδαίζεινς
1727 2373 1757 2406 ιο
1803 2351 1921 2410 Μο-

318 2436 529 2516 νονουχὶ
576 2443 684 2503 τοῖς
728 2444 860 2496 πᾶσι
897 2440 1000 2516 βοᾷ
1051 2441 1079 2496 ὁ
1130 2438 1342 2503 Παῦλος
1377 2458 1391 2474 ⁶
1447 2433 1771 2512 Μιμήσασθε
1831 2439 1919 2499 τὸν

318 2526 640 2586 διδάσκαλον
673 2528 841 2603 ὑμῶν.
874 2524 1010 2586 Ἰδοὺ
1059 2523 1152 2584 καὶ
1181 2523 1284 2605 γὰρ
1325 2525 1478 2592 αὐτὸς
1525 2525 1776 2594 Ἰουδαῖος
1805 2526 1879 2587 ὢν
1900 2577 1913 2601 ,

319 2617 466 2695 ὅμως
517 2615 774 2697 συνέφαγε
826 2623 933 2682 τοῖς
983 2617 1220 2683 ἐθνικοῖς.
1288 2612 1440 2695 "Ope:
1503 2614 1556 2674 δὲ
1581 2661 1597 2690 ,
1650 2619 1764 2684 πῶς
1823 2623 1920 2678 οὐκ

320 2708 539 2783 ἐγκαλεῖ
586 2706 758 2787 αὐτῷ,
789 2704 871 2765 ὅτι
907 2707 1101 2773 Κακῶς
1148 2706 1316 2772 ποιεῖς
1339 2749 1356 2782 ,
1387 2704 1477 2764 τὸν
1508 2704 1668 2782 νόμον
1697 2712 1877 2787 τηρῶν
1895 2754 1913 2782 ,

321 2796 450 2857 ἀλλ’
506 2793 637 2875 ὑπὲρ
685 2797 792 2854 τῶν
845 2793 1052 2854 οἰκείων
1113 2792 1168 2854 δὲ
1229 2798 1482 2872 μαθητῶν
1539 2797 1644 2853 τῶν
1700 2797 1917 2856 ἐθνικῶν

319 2886 575 2965 ἐπιτιμᾷ,
607 2887 679 2952 ὡς
730 2885 1079 2964 ἀναγκάζοντι
1123 2882 1313 2951 αὖτοὺς
1367 2883 1776 2964 περιτέμνεσθαι
1826 2887 1918 2947 καὶ

321 2970 649 3046 Ἰουδαΐζειν.
735 2974 898 3036 Οὕτω
952 2973 1054 3055 γὰρ
1106 2979 1135 3034 ὁ
1188 2975 1342 3053 λόγος
1403 2974 1918 3058 εὖπαραδεκτότερος

322 3065 517 3143 ἔμελλε
546 3063 708 3132 δόξειν
719 3110 734 3125 .

405 3182 431 3210 α
461 3152 652 3229 Ἡμεῖς
681 3153 834 3234 φύσει
864 3153 1144 3226 Ἰουδαῖοι,
1166 3152 1257 3212 καὶ
1287 3155 1380 3212 οὐκ
1409 3151 1462 3222 ἐξ
1490 3155 1650 3213 ἐθνῶν
1674 3155 1926 3238 ἀμαρτω-

320 3244 430 3305 λοί.
468 3266 496 3301 ι
535 3242 738 3318 Φύσει,
767 3243 1038 3303 τουτέστιν
1056 3287 1073 3317 ,
1099 3245 1157 3303 οὗ
1186 3243 1550 3324 προσήλυτοι,
1581 3245 1704 3304 ἀλλ’
1736 3247 1798 3304 ἐκ
1820 3270 1929 3306 πα-

319 3331 487 3414 τέρων
519 3332 787 3394 Ἰουδαίων
821 3331 1042 3414 φύντες,
1071 3331 1162 3391 καὶ
1194 3331 1580 3413 συντραφέντες
1617 3337 1694 3415 τῷ
1727 3333 1877 3416 νόμῳ
1902 3381 1918 3410 ,

323 3421 610 3505 ἀφήκαμεν
657 3421 756 3495 τὴν
802 3422 1090 3502 σύντροφον
1143 3421 1448 3499 πολιτείαν,
1505 3421 1599 3482 καὶ
1654 3423 1926 3506 προσεφύ-

320 3534 487 3593 γομεν
607 3515 681 3581 εἷς
723 3512 958 3594 Χριστὸν
985 3511 1185 3572 πίστει.

409 3624 444 3662 σ
477 3602 698 3669 Είδότες
746 3603 828 3662 ὅτι
874 3604 934 3662 οὗ
980 3603 1282 3662 δικαιοῦται
1329 3600 1603 3682 ἄνθρωπος
1654 3601 1710 3673 ἐξ
1760 3602 1927 3683 ἔργων

320 3690 526 3768 νόμου,
579 3691 671 3752 ἐὰν
729 3691 805 3770 μὴ
867 3690 956 3751 διὰ
999 3691 1230 3760 πίστεως
1274 3690 1456 3764 Ἰησοῦ
1513 3693 1789 3772 Χριστοῦ·
1834 3693 1927 3752 καὶ

325 3785 481 3859 ἡμεῖς
505 3784 578 3850 εἰς
605 3780 840 3861 Χριστὸν
876 3781 1088 3852 Ἰησοῦν
1133 3779 1522 3858 ἐπιστεύσαμεν
1539 3826 1557 3857 ,
1589 3779 1678 3840 ἵνα
1706 3784 1927 3842 δικαιω-

323 3875 500 3949 θῶμεν
544 3875 605 3932 ἐκ
643 3871 872 3938 πίστεως
901 3873 1136 3950 Χριστοῦ
1157 3917 1175 3950 ,
1201 3871 1294 3930 καὶ
1319 3874 1413 3931 οὔκ
1440 3871 1492 3941 ἐξ
1524 3870 1692 3952 ἔργων
1719 3871 1884 3948 νόμου
1909 3896 1925 3912 ο

325 3962 462 4022 διότι
488 3963 546 4020 οὗ
578 3961 990 4033 δικαιωθήσεται
1031 3959 1083 4030 ἐξ
1113 3961 1280 4040 ἔργων
1311 3961 1474 4039 νόμου
1515 3970 1667 4020 πᾶσα
1697 3961 1851 4042 σάρξ.
1891 3987 1920 4020 n

321 4049 512 4131 Ὅρα,
591 4055 705 4118 πῶς
761 4053 879 4128 μετ’
957 4050 1240 4132 ἀσφελείας
1306 4049 1676 4131 [ἀφελείαςῖ]
1753 4051 1926 4110 πάντα

325 4139 626 4220 φθέγγεται.
675 4142 758 4201 Οὖ
815 4138 918 4219 γὰρ
971 4142 1042 4203 ὣς
1100 4138 1364 4218 πονηρὸν,
1418 4141 1536 4198 ἀλλ’
1567 4144 1637 4207 ὡς
1693 4143 1926 4215 ἀσθενῆ,

396 4228 409 4252 ἱ
663 4228 677 4252 Ι
1024 4233 1058 4248 σν
1274 4231 1290 4250 Ἵ
1335 4228 1350 4249 \
1489 4228 1503 4251 Ι
1794 4232 1811 4253 θ

322 4252 419 4288 και
446 4230 520 4301 μὴ
552 4230 840 4307 δυναμενον
874 4231 1194 4301 δικαιωσαι,
1230 4253 1389 4287 αυτον
1423 4232 1696 4306 εἷασαμεν.
1735 4230 1928 4297 Ουδεὶς

325 4319 431 4399 γὰρ
483 4320 550 4379 τὰ
578 4319 710 4399 ἔργα
741 4324 900 4379 αὐτοῦ
943 4319 1170 4391 ἠδύνατο
1221 4318 1470 4397 τελέσαι,
1528 4319 1750 4400 φορτικὰ
1800 4320 1927 4379 ὄντα

328 4409 423 4467 καὶ
466 4408 874 4488 δυσκατόρθωτα
898 4452 914 4480 ,
958 4413 1016 4468 οὗ
1067 4408 1154 4466 διὰ
1196 4409 1257 4466 τὸ
1286 4408 1503 4487 μέγεθος
1545 4410 1759 4485 αὐτῶν,
1789 4409 1928 4468 ἀλλὰ

329 4497 420 4557 διὰ
450 4500 543 4570 τὴν
588 4498 934 4579 μικρολογίαν
981 4500 1184 4575 μᾶλλον
1208 4522 1221 4536 ·
1255 4499 1347 4557 καὶ
1399 4498 1604 4572 ἄλλως,
1647 4497 1778 4557 διότι
1829 4503 1930 4579 ψυ-

329 4587 435 4668 χὴν
469 4591 566 4648 οὖκ
600 4588 811 4667 ἡγίαζεν
833 4633 850 4665 ,
880 4588 1023 4646 ἀλλὰ
1060 4587 1396 4666 σωματικοὺς
1427 4588 1618 4667 ῥύπους
1659 4587 1926 4669 ἐκάθαιρε.

331 4677 572 4756 Περιττὴ
614 4670 703 4737 οὖν
743 4682 778 4750 ἡ
823 4677 1111 4758 περιτομή.
1171 4675 1385 4756 Προϊὼν
1431 4675 1486 4736 δὲ
1535 4677 1670 4754 ἐρεῖ,
1709 4675 1788 4737 ὅτι
1836 4676 1930 4737 καὶ

333 4766 660 4834 ἐπικίνδυνος
677 4814 696 4845 ,
725 4769 1078 4849 ἀλλοτριοῦσα
1104 4771 1196 4826 τοῦ
1227 4770 1486 4847 Χριστοῦ.

423 4966 452 5002 ε
490 4945 557 5006 Εἰ
592 4944 647 5004 δὲ
677 4949 951 5018 ζητοῦντες
995 4947 1345 5027 δικαιωθῆναι
1392 4947 1446 5004 ἐν
1477 4945 1744 5027 Χριστῷ,
1788 4944 1938 5026 εὗρέ-

2032 1993 2378 2066 ignorantem
2405 1994 2537 2068 quid
2579 1993 2725 2051 facto
2773 2011 2913 2067 opus
2941 2003 3104 2060 esset,
3135 2012 3166 2052 a
3200 1995 3362 2052 Paulo
3394 1995 3632 2068 increpa-

2032 2090 2319 2149 tum-esse,
2341 2084 2440 2140 sed
2468 2085 2778 2141 voluntario
2808 2085 3137 2142 sustinuisse
3166 2084 3629 2158 objurgationem,

2032 2179 2094 2227 ut
2135 2172 2222 2228 alii
2251 2173 2700 2230 emendarentur.

2105 2284 2132 2312 α
2168 2261 2222 2319 Si
2256 2270 2318 2319 tu
2345 2262 2576 2321 Judaeus
2605 2279 2732 2319 cum
2763 2264 2858 2327 sis,
2909 2263 3190 2336 gentiliter
3235 2264 3392 2334 vivis,
3441 2271 3632 2321 etnon

2029 2351 2280 2420 Judaice,
2334 2353 2468 2426 quid
2508 2361 2692 2427 gentes
2739 2353 2889 2425 cogis
2940 2353 3270 2409 Juduizare?
3314 2377 3338 2404 υ
3392 2357 3636 2410 Tantum

2028 2457 2144 2498 non
2180 2443 2441 2499 omnibus
2486 2443 2686 2499 clamat
2714 2444 2911 2500 Paulus
2946 2461 2958 2498 :
2995 2443 3290 2499 lmitamini
3339 2452 3636 2516 praecepto-

2027 2547 2147 2588 rem
2185 2540 2449 2588 vestrum.
2498 2535 2637 2588 Ecce
2675 2533 2824 2587 enim
2853 2541 2908 2589 et
2937 2533 3050 2604 ipse
3085 2530 3315 2588 Judmus
3362 2548 3490 2588 cum
3541 2533 3633 2600 sit,

2029 2619 2381 2677 manducavit
2411 2629 2598 2678 tamen
2639 2637 2765 2677 cum
2810 2621 3081 2693 gentibus.
3131 2621 3394 2693 Expende
3449 2625 3636 2678 autem

2027 2711 2308 2783 quomodo
2358 2727 2472 2767 non
2526 2719 2745 2768 accuset
2791 2711 2994 2782 ipsum,
3035 2710 3247 2778 dicens,
3304 2711 3448 2767 Male
3495 2711 3634 2783 agis,

2028 2800 2200 2874 legem
2231 2816 2458 2857 servans
2492 2821 2504 2856 :
2535 2817 2724 2857 verum
2769 2801 2839 2857 ob
2870 2801 3128 2873 proprios
3168 2800 3490 2873 discipulos,
3537 2800 3634 2873 qui

2025 2907 2092 2948 ex
2133 2891 2388 2965 gentibus
2433 2890 2802 2958 crediderant,
2852 2906 2979 2946 eum
3050 2891 3314 2962 increpat,
3375 2899 3634 2962 tanquam

2028 2981 2120 3054 qui
2179 2989 2339 3055 cogat
2381 2995 2476 3038 eos
2535 2978 2856 3038 circumcidi
2885 2987 2941 3036 et
2984 2979 3286 3053 judaizare.
3334 2981 3455 3036 Hoc
3492 2979 3637 3035 enim

1963 3103 2008 3168 ρ
2034 3079 2193 3144 pacto
2243 3086 2428 3128 sermo
2471 3069 2759 3127 videbatur
2791 3069 3178 3168 acceptabilior
3214 3069 3453 3126 futurus.

2111 3164 2284 3218 Vsus.
2313 3165 2400 3217 15.
2425 3182 2454 3213 ‹‹
2479 3162 2595 3218 Nos
2613 3168 2810 3217 natura
2837 3159 3041 3228 Judaei,
3064 3168 3118 3215 et
3145 3175 3259 3216 non
3281 3175 3348 3216 ex
3385 3159 3639 3231 gentibus

2037 3261 2372 3324 peccatores.
2419 3274 2446 3301 ο
2490 3253 2712 3317 Natura,
2757 3250 2864 3307 hoc
2909 3258 3012 3319 est,
3043 3266 3155 3306 non
3185 3250 3493 3323 proselytzn,
3546 3249 3639 3305 sed

2036 3356 2105 3398 ex
2155 3341 2470 3414 parentibus
2523 3341 2734 3398 Iudaeis
2780 3340 2928 3408 nati,
2997 3347 3053 3396 ct
3105 3339 3322 3396 educati
3386 3338 3442 3395 in
3501 3339 3639 3412 lege,

2035 3429 2352 3487 dimisimus
2379 3438 2703 3487 consuetam
2734 3431 2790 3485 in
2844 3445 2951 3502 qua
2981 3428 3171 3485 nutriti
3197 3443 3394 3486 sumus
3443 3429 3637 3497 vitam,

2034 3529 2200 3593 atque
2227 3519 2297 3576 ad
2345 3519 2550 3577 Christi
2592 3519 2760 3576 ﬁdem
2797 3517 3173 3591 confugimus.

2107 3612 2285 3666 Vsns.
2315 3614 2402 3665 16.
2430 3632 2454 3656 «ι
2496 3608 2739 3665 Scientes
2769 3615 2955 3663 autem
2984 3605 3132 3680 quod
3154 3621 3265 3662 non
3299 3605 3640 3679 justilicatur

2036 3699 2206 3755 homo
2231 3715 2295 3755 ex
2325 3698 2581 3770 operibus
2609 3697 2764 3769 legis,
2790 3696 2892 3752 nisi
2923 3712 3020 3767 per
3057 3695 3226 3752 ﬁdem
3257 3699 3389 3751 Jesu
3410 3697 3634 3762 Christi,

2035 3797 2092 3845 et
2119 3805 2222 3846 nos
2248 3788 2302 3844 in
2341 3787 2622 3846 Christum
2652 3791 2845 3843 Jesum
2887 3784 3250 3853 credidimus,
3277 3792 3338 3839 ut
3361 3785 3635 3856 iustiﬁce-

2035 3893 2166 3935 mur
2205 3894 2272 3934 ex
2325 3877 2430 3934 ﬁde
2475 3876 2697 3944 Christi,
2746 3883 2801 3932 et
2840 3890 2952 3930 non
2993 3890 3056 3931 ex
3086 3873 3346 3946 Operibus
3369 3874 3518 3946 legis,
3553 3889 3618 3930 eo

2036 3967 2183 4042 quod
2227 3983 2342 4023 non
2389 3965 2779 4039 justiﬁcabitur
2838 3979 2902 4020 ex
2949 3962 3204 4036 operibus
3266 3963 3401 4035 legis
3451 3963 3638 4020 omnis

2037 4073 2185 4114 caro.
2221 4080 2246 4105 η
2279 4055 2417 4112 Vide
2446 4071 2614 4126 quam
2641 4063 2797 4110 caute
2826 4053 3012 4109 omnia
3034 4053 3306 4124 loquatur.
3340 4055 3466 4108 Non
3489 4053 3637 4108 enim

2038 4164 2138 4204 ceu
2180 4146 2405 4214 malam,
2452 4144 2549 4201 sed
2603 4144 2888 4200 infirmam
2938 4152 2992 4200 et
3047 4158 3172 4214 quae
3222 4157 3336 4198 non
3397 4141 3636 4214 potuerit

2030 4235 2358 4311 justiﬁcare,
2411 4235 2586 4308 ipsam
2639 4233 2985 4305 reliquimus.
3033 4233 3214 4288 Nemo
3271 4231 3419 4288 enim
3472 4247 3638 4305 opera

2038 4328 2176 4400 ejus,
2217 4333 2408 4398 utpote
2475 4324 2657 4398 gravia
2724 4322 2980 4395 factuque
3054 4321 3319 4390 difﬁcilia,
3376 4321 3641 4394 perﬁcere

2039 4417 2266 4490 potuit:
2309 4415 2479 4487 338
2507 4430 2620 4471 non
2649 4413 2721 4470 ob
2772 4411 3216 4486 magnitudinem
3275 4427 3491 4480 eorum,
3545 4411 3641 4468 sed

2038 4505 2224 4579 potius
2260 4505 2332 4561 ob
2375 4504 2642 4560 vilitatem
2675 4503 2866 4576 pretii;
2914 4510 2972 4558 et
3011 4501 3192 4571 aliter,
3224 4500 3349 4573 quia
3393 4501 3642 4557 animam

2038 4611 2153 4652 non
2199 4592 2602 4659 sanctiﬁcabat,
2637 4592 2732 4650 sed
2785 4606 3083 4663 corporeas
3127 4589 3318 4646 sordes
3348 4589 3639 4661 purgabat.

2040 4685 2453 4757 Supervacanea
2493 4682 2660 4756 igitur
2694 4681 3063 4738 circumcisio.
3111 4682 3179 4734 In
3229 4694 3498 4750 procursu
3538 4695 3639 4736 au-

2040 4783 2157 4832 tem
2215 4773 2380 4845 dicet,
2423 4772 2573 4846 quod
2622 4773 2696 4828 sit
2743 4771 2910 4829 etiam
2970 4769 3293 4842 periculosa,
3340 4783 3372 4824 a
3412 4767 3636 4827 Christo

2042 4864 2306 4920 aﬂenans.

2116 4957 2303 5011 Vnus.
2331 4958 2416 5009 17.
2453 4974 2478 5002 α
2507 4950 2667 5025 Quod
2688 4949 2733 5007 si
2757 4955 3069 5024 quaerentes
3093 4945 3386 5021 justiﬁcari
3407 4945 3462 5002 iu
3483 4944 3644 5004 Chri-

336 5037 503 5107 θημεν
533 5035 624 5094 καὶ
670 5033 821 5094 αὐτοὶ
871 5035 1222 5115 ἁμαρτωλοὶ,
1275 5025 1381 5116 ἆρα
1414 5025 1646 5116 Χριστὸς
1676 5025 1924 5116 ἁμαρτίαι

2049 5051 2155 5112 sto,
2207 5042 2411 5099 inventi
2472 5057 2669 5098 sumus
2722 5048 2779 5096 et
2833 5039 2934 5111 ipsi
2993 5045 3326 5111 peccatores,
3393 5034 3646 5108 nunquid

336 5125 608 5199 διάκονος;
664 5150 692 5179 ι
772 5123 1184 5203 Ἐζητήσαμεν,
1255 5126 1424 5203 φησὶ,
1483 5126 1830 5198 δικαιωθῆναι
1884 5127 1937 5184 ἐν

335 5216 591 5294 Χριστῷ,
642 5211 863 5295 ἀφέντες
907 5213 996 5274 τὸν
1043 5214 1238 5292 νόμονο
1284 5218 1356 5282 ὡς
1407 5213 1584 5292 λέγετε
1638 5213 1695 5276 δὲ
1745 5217 1932 5292 ὓμεῖς,

338 5301 576 5383 ἁμαρτία
609 5303 723 5362 ἐστὶ
751 5302 814 5362 τὸ
842 5304 1053 5385 ἀφιέναι
1094 5305 1184 5364 τὸν
1226 5305 1386 5383 νόμον
1415 5327 1429 5342 ·
1478 5305 1550 5370 εἷς
1575 5303 1780 5376 ταύτην
1816 5304 1936 5362 λοι-

335 5393 434 5450 πὸν
481 5391 577 5466 τὴν
628 5391 902 5473 ἁμαρτίαν
957 5396 986 5452 ὁ
1033 5393 1267 5474 Χριστὸς
1312 5397 1456 5471 ἡμᾶς
1502 5393 1776 5466 συνώθησε
1806 5414 1823 5431 ο
1871 5391 1938 5451 δι’

339 5482 532 5541 ἐκεῖνον
582 5480 688 5562 γὰρ
741 5480 1023 5562 ἀφήκαμεν
1074 5483 1144 5542 τὰ
1188 5483 1382 5561 νομικὰ
1428 5483 1629 5544 πάντα.
1675 5481 1848 5543 Ὥστε
1876 5483 1934 5541 οὗ

341 5569 499 5648 μόνον
553 5574 647 5631 οὐκ
701 5571 1010 5632 ἐδικαίωσεν
1038 5575 1214 5648 ἡμᾶς,
1264 5571 1337 5641 ὥς
1382 5596 1548 5657 φατε,
1588 5575 1618 5631 δ
1661 5571 1932 5653 Χριστὸς,

339 5659 480 5720 ἀλλὰ
525 5659 619 5719 καὶ
659 5660 902 5728 πλείονος
929 5663 1295 5744 κατακρίσεως
1325 5663 1492 5731 αἴτιος
1526 5666 1662 5743 ἡμῖν
1683 5661 1895 5742 γέγονεν
1913 5711 1930 5741 ,

341 5751 402 5811 ιιι
429 5753 523 5809 τοῦ
552 5749 735 5810 πεῖσαι
760 5755 907 5829 ἡμᾶς
937 5753 1148 5834 ἀφεῖναι
1175 5751 1268 5813 τὸν
1297 5751 1480 5833 νόμον.

2047 5132 2298 5190 Christus
2345 5131 2552 5204 peccati
2596 5131 2903 5186 minister?
2943 5150 2969 5178 ιο
3011 5127 3400 5198 Quaasivimus,
3440 5123 3644 5198 inquit,

2036 5221 2327 5296 justiﬁcari
2364 5223 2419 5277 in
2450 5221 2692 5288 Christo,
2721 5219 2946 5276 dimissa
2975 5218 3125 5290 lege;
3165 5224 3228 5273 ut
3251 5215 3433 5272 dicitis
3461 5223 3646 5271 autem

2047 5329 2163 5383 vos,
2211 5319 2501 5385 peccatum
2553 5319 2638 5368 est
2664 5309 2943 5367 dimittere
2995 5309 3173 5378 legem
3217 5305 3534 5378 :reliquum
3565 5313 3649 5361 est

2045 5402 2233 5475 igitur,
2264 5401 2413 5474 quod
2464 5400 2523 5457 in
2567 5399 2672 5456 hoc
2699 5407 2988 5472 peccatum
3035 5396 3292 5453 Christus
3317 5409 3423 5451 nos
3464 5393 3649 5467 conje-

2041 5491 2196 5549 cerit.
2243 5494 2476 5564 Propter
2517 5489 2673 5546 illum
2723 5489 2869 5545 enim
2911 5487 3223 5544 dimisimus
3251 5493 3482 5542 cunctas
3517 5483 3652 5558 legis

2042 5580 2406 5640 cmremonias
2429 5588 2488 5637 et
2501 5587 2727 5637 statuta.
2753 5582 2949 5651 Itaque
2988 5593 3104 5633 non
3141 5576 3322 5633 solum
3343 5590 3456 5630 non
3482 5573 3649 5646 justi-

2045 5671 2230 5728 ﬁcavit
2256 5685 2384 5740 nos,
2412 5677 2476 5726 ut
2506 5667 2714 5738 dicitis,
2740 5667 2990 5732 Christus
3021 5684 3036 5722 :
3064 5680 3257 5723 verum
3284 5663 3453 5721 etiam
3472 5661 3652 5736 majo-

2045 5760 2126 5818 ris
2177 5757 2662 5817 condemnationis
2703 5771 2868 5816 causa
2915 5754 3074 5814 nobis
3122 5761 3226 5827 est,
3273 5750 3653 5827 persuadendo

2047 5856 2112 5907 ut
2137 5847 2486 5909 dimittamus
2512 5846 2708 5919 legem.
