4134 6422
487 407 594 461 979

495 640 632 696 opus
692 625 915 697 quidem
954 623 1148 681 habuit
1194 625 1452 696 deinceps
1500 625 1944 691 conﬁrmatione,
1993 621 2091 678 sed

487 713 823 770 inﬁciatione
860 721 1155 770 contentus
1185 722 1289 778 est,
1331 715 1384 771 id
1415 714 1564 787 quod
1592 714 1648 769 in
1673 712 1839 770 rebus
1859 712 2090 769 omnino

485 801 792 860 interdictis
811 801 985 860 facere
1006 803 1308 860 consuevit.

554 895 739 950 Vens.
775 898 861 950 18.
916 915 942 942 σι
979 893 1038 949 Si
1067 893 1219 950 enim
1267 907 1396 967 quae
1427 891 1698 956 destruxi,
1731 891 1941 948 iterum
1969 891 2092 946 haec

485 982 718 1052 aediﬁco,
743 989 1206 1056 transgressorem
1233 983 1503 1055 meipsum
1543 982 1863 1038 constituto.
1895 1004 1921 1031 ι›
1949 979 2093 1036 Vide

487 1073 606 1144 ejus
651 1071 998 1144 sapientiam.
1031 1073 1300 1129 Dicebant
1327 1072 1421 1128 illi.
1456 1072 1564 1142 Qui
1617 1072 1793 1144 legem
1819 1069 2094 1138 dissolvit,

484 1169 854 1234 transgressor
903 1170 988 1219 est
1037 1180 1050 1218 :
1101 1161 1201 1218 iste
1256 1177 1386 1218 vero
1434 1161 1778 1217 contrarium
1835 1159 2094 1227 ostendit,

485 1267 685 1324 nempe
733 1250 883 1324 quod
912 1251 959 1308 is
999 1251 1093 1325 qui
1123 1251 1297 1324 legem
1337 1259 1541 1319 servat,
1588 1259 1674 1307 est
1701 1258 2094 1322 transgressor,

488 1358 600 1398 non
642 1341 821 1397 solum
867 1341 1037 1398 ﬁdem
1091 1341 1517 1413 transgrediens,
1580 1355 1772 1396 verum
1801 1347 1856 1394 et
1919 1339 2095 1410 ipsam

490 1431 680 1502 legem.
705 1434 828 1501 Ipsa
867 1431 1016 1486 enim
1042 1446 1127 1486 me
1153 1429 1407 1502 perduxit
1432 1429 1499 1486 ad
1519 1429 1714 1498 ﬁdem,
1741 1444 1805 1484 ac
1830 1427 2099 1499 persuasit

489 1518 914 1578 mihidimittere
939 1521 1140 1592 ipsam.
1165 1523 1233 1576 In
1250 1535 1538 1592 progressu
1568 1519 1736 1590 igitur
1757 1517 2094 1574 monstrabit

487 1609 609 1666 hoc.
666 1609 892 1666 Interim
969 1625 1098 1666 vero
1153 1625 1300 1665 nunc
1347 1608 1423 1664 ait
1481 1627 1494 1666 :
1537 1609 1783 1665 Cessavit
1837 1607 1961 1676 lex;
2043 1613 2098 1662 et

490 1699 597 1755 hoc
621 1699 854 1755 confessi
875 1714 1087 1767 sumus,
1118 1699 1246 1772 quia
1272 1697 1628 1755 dissolvimus
1666 1713 1814 1764 eam,
1837 1695 2098 1753 deﬁcien-

490 1798 573 1845 tes
617 1789 686 1845 ab
723 1804 806 1844 ea.
837 1789 895 1845 Si
925 1789 1094 1862 igitur
1121 1786 1565 1846 contenderimus
1619 1795 1864 1843 statuere
1919 1785 2091 1853 illam,

1630 408 2008 464 OPHYLACTI
2045 405 2404 463 BULGARl/E
2440 406 2756 462 ARCHIEP.

562 557 586 583 ι
644 534 802 592 Absit
830 539 843 591 !
879 558 905 585 π
936 535 1026 592 Ad
1055 535 1382 592 absurdum‘
1413 535 1680 607 perducto
1709 549 1984 603 sermone,
2016 550 2085 588 ne
2116 536 2169 600 Α

3689 407 3797 460 980

2287 531 2695 612 αῘΜὴῖγένοιτο.
2731 553 2761 590 ιι
2797 535 2888 600 Εἰς
2919 531 3115 591 ἄτοπον
3156 531 3451 611 ἀπαγαγὼν
3489 530 3580 589 τὸν
3610 531 3795 610 λόγον,

2199 622 2318 682 οὐδὲ
2369 622 2557 695 ἐδεήθη
2608 621 2791 682 λοιπὸν
2850 624 3215 693 κατασκευῆς,
3271 619 3391 678 ἀλλ’
3437 619 3671 701 ἠρκέσθη
3729 625 3798 698 τῇ

2197 711 2588 794 ἀπαγορεύσειο
2634 711 2766 792 ὅπερ
2807 710 2892 771 ἀεὶ
2937 718 3108 771 ποιεῖν
3160 709 3342 770 εἴωθεν
3393 709 3615 769 ἐπὶτῶν
3657 713 3803 783 ἀπη-

2200 801 2535 882 γορευμένων
2565 801 2764 874 πάντη.

2281 919 2306 945 α
2340 894 2408 952 Εἰ
2436 890 2538 972 γὰρ
2555 891 2590 950 ἃ
2610 890 2898 965 κατέλυσα,
2917 893 3089 950 ταῦτα
3117 889 3278 949 πάλιν
3305 889 3593 966 οἰκοδομῶ,
3626 913 3805 970 παρα-

2203 981 2370 1054 ϐάτην
2430 979 2660 1058 ἐμαυτὸν
2717 979 3024 1059 συνίστημι.
3083 1007 3111 1033 ι
3198 977 3351 1059 Ὅρα
3421 976 3518 1050 τὴν
3571 978 3760 1060 σοφίαν
3789 1003 3803 1018 ·

2201 1073 2388 1132 ἐκεῖνοι
2415 1071 2594 1150 ἔλεγον
2617 1116 2635 1148 ,
2666 1069 2768 1130 ὅτι.
2797 1069 2863 1132 Ὀ
2887 1070 2977 1129 τὸν
3012 1069 3173 1148 νόμον
3200 1067 3374 1147 λύων,
3427 1068 3749 1149 παραϐάτης
3775 1093 3792 1108 ο

2203 1154 2350 1230 οὗτος
2375 1161 2601 1221 δείκνυσι
2628 1158 2926 1220 τούναντίον
2950 1204 2968 1234 ,
2993 1157 3075 1220 ὅτι
3110 1163 3140 1219 6
3175 1163 3354 1240 τηρῶν
3387 1157 3574 1234 αὐτὸν,
3615 1181 3797 1240 παρα-

2205 1251 2406 1324 ϐάτης,
2460 1251 2518 1309 οὗ
2567 1249 2723 1327 μόνον
2789 1249 2886 1324 τὴν
2942 1248 3155 1314 πίστιντ
3195 1247 3577 1326 παραϐαίνων,
3661 1248 3805 1308 ἀλλὰ

2201 1341 2293 1401 καὶ
2345 1340 2503 1400 αὐτὸν
2555 1340 2645 1398 τὸν
2675 1339 2855 1417 νόμον.
2905 1338 3074 1405 Αὐτὸς
3123 1337 3226 1419 γάρ
3269 1361 3335 1412 με
3377 1336 3628 1416 ὡδήγησε
3666 1337 3803 1419 πρὸς

2203 1431 2299 1504 τὴν
2341 1430 2550 1502 πίστιν,
2581 1428 2672 1489 καὶ
2703 1429 2910 1488 ἔπεισεν
2955 1429 3168 1510 ἀφεῖναι
3219 1426 3400 1489 αὐτόν.
3462 1424 3677 1502 Προῖὼν
3711 1425 3808 1504 μὲν

2204 1512 2294 1582 οἶν
2325 1519 2478 1586 δείξει
2519 1524 2673 1578 τοῦτο
2695 1539 2709 1554 ⁸
2742 1517 2876 1586 τέως
2922 1517 2979 1577 δὲ
3031 1522 3120 1577 νῦν
3153 1540 3352 1598 φησιν,
3386 1515 3466 1598 ὅτι
3523 1515 3810 1576 Πέπαυται

2205 1615 2233 1671 6
2261 1609 2416 1686 νόμος
2436 1653 2452 1680 ,
2482 1608 2574 1667 καὶ
2604 1612 2756 1668 τοῦτο
2787 1597 3214 1686 ὡμολογήσαμεν
3237 1653 3252 1679 ,
3288 1607 3352 1665 δι’
3393 1597 3466 1664 ὧν
3503 1604 3805 1665 κατελύσα-

2208 1725 2304 1779 μεν
2352 1697 2544 1772 αὐτὸν,
2591 1697 2914 1763 ἀποστάντες
2965 1698 3147 1758 αὐτοῦ.
3197 1693 3292 1755 Ἂν
3344 1695 3522 1755 τοίνυν
3579 1696 3812 1774 φιλονει-

2209 1788 2460 1866 κήσωμεν
2517 1791 2712 1859 στῆσαι
2781 1787 2967 1860 αὐτὸν,
3028 1784 3345 1867 παραϐάται
3396 1783 3683 1866 γινόμεθα,
3744 1782 3810 1842 τὰ

488 1887 920 1950 transgressores
952 1859 1289 1946 'efﬁcimur,
1339 1892 1465 1950 qua:
1513 1893 1545 1932 a
1576 1879 1697 1933 Deo
1740 1877 1922 1934 soluta
1967 1882 2096 1931 sunt

2214 1859 2473 1959 παρὰ-τοῦ
2512 1879 2656 1940 Θεοῦ
2680 1877 2904 1937 λυθέντα
2944 1859 3216 1944 ἷστῶντες.

490 1975 816 2025 statuentes.

564 2061 736 2116 Vsus.
773 2062 868 2114 l9.
931 2079 959 2110 ι
998 2059 1115 2130 Ego
1162 2056 1316 2114 enim
1344 2071 1442 2129 per
1483 2055 1663 2129 legem
1706 2055 1812 2127 legi
1842 2061 2098 2110 mortuus

492 2164 640 2206 sum.
685 2146 990 2205 Conﬁrmat
1034 2145 1317 2219 quomodo
1363 2146 1537 2218 legem
1565 2144 1898 2213 dissolverit,
1930 2151 2098 2216 atque

493 2239 592 2304 ait,
621 2239 727 2294 Per
776 2237 957 2308 legem
1002 2236 1194 2308 gratiae
1223 2241 1282 2292 et
1334 2235 1638 2307 Evangelii,
1673 2242 1924 2290 mortuus
1971 2249 2096 2288 sum

497 2325 606 2399 legi
644 2323 1067 2396 Mosaicaazvel,
1115 2326 1369 2380 Mortuus
1415 2339 1542 2380 sum
1595 2322 1696 2396 legi
1752 2338 1847 2395 per
1877 2321 2094 2394 legem:

497 2415 602 2472 hoc
637 2424 740 2481 est,
773 2417 896 2486 Ipsa
926 2414 1009 2471 lex
1038 2429 1131 2470 me
1157 2412 1372 2470 induxit
1425 2421 1487 2468 ut
1535 2429 1650 2468 non
1703 2411 1946 2484 amplius
1995 2410 2100 2484 ipsi

497 2505 820 2574 auscultem,
850 2503 1152 2577 perducens
1177 2519 1266 2560 me
1286 2503 1355 2559 ad
1391 2503 1667 2559 Christum
1696 2518 1793 2574 per
1816 2516 2102 2558 sermones

497 2595 771 2652 Mosaicos
805 2602 864 2651 et
893 2593 1265 2667 propheticos.
1295 2593 1352 2648 Si
1377 2593 1540 2666 igitur
1578 2608 1767 2649 rursus
1797 2591 1872 2648 illi
1907 2590 2104 2648 adver-

499 2693 617 2742 tam
667 2685 937 2752 animum,
967 2683 1348 2755 transgrediar
1383 2683 1551 2738 etiam
1584 2682 1780 2753 ipsam.
1832 2680 1931 2738 Vel
1985 2679 2097 2737 sic:

502 2776 620 2830 Lex
652 2773 818 2846 jussit
860 2789 984 2829 eum
1017 2774 1110 2844 qui
1158 2788 1270 2828 non
1321 2770 1513 2828 fecerit
1554 2786 1678 2843 quae
1716 2771 1920 2843 scripta
1951 2779 2102 2839 sunt,

505 2862 688 2934 puniri
727 2869 782 2917 et
810 2861 1070 2916 interimi.
1102 2860 1343 2917 Proinde
1387 2861 1513 2932 quia
1543 2859 1659 2916 ﬁeri
1685 2875 1798 2915 non
1835 2859 2015 2932 potuit
2043 2867 2109 2914 ut

504 2949 878 3024 perﬁceretur,
925 2957 1194 3023 quantum
1226 2950 1280 3004 in
1307 2949 1419 3020 ipsa
1461 2957 1566 3018 est,
1592 2949 1806 3005 occisus
1845 2963 1991 3004 sum.
2024 2950 2106 3002 Ne

505 3040 670 3112 igitur
716 3040 949 3111 imperet
995 3038 1153 3107 mihi,
1195 3039 1290 3110 qui
1327 3053 1422 3109 per
1456 3053 1583 3094 eam
1631 3045 1890 3094 mortuus
1936 3052 2102 3092 sum:

507 3136 686 3184 morte
719 3127 940 3196 animae,
973 3143 1038 3183 eo
1076 3126 1226 3198 quod
1253 3127 1549 3198 peccarim,
1579 3126 1702 3198 quia
1741 3141 1855 3181 non
1883 3141 2102 3198 possem

510 3225 771 3290 praestare
791 3232 915 3290 quae
943 3216 1026 3272 lex
1045 3215 1329 3289 praecipit;
1361 3223 1415 3272 et
1433 3223 1610 3272 morte
1625 3215 1892 3288 corporis,
1922 3213 2106 3286 quoad

510 3305 1036 3362 condemnationem
1057 3305 1209 3378 legis.
1233 3304 1524 3375 Quomodo
1547 3304 1715 3378 igitur
1744 3305 1850 3378 legi
1875 3319 1998 3376 quae
2023 3319 2114 3361 me

512 3397 731 3464 occidit,
759 3396 992 3453 ulterius
1023 3393 1309 3452 attendam
1341 3397 1364 3448 Ρ

584 3600 609 3627 ι
664 3580 745 3635 Ut
767 3581 888 3634 Deo
918 3576 1118 3645 vivam,
1171 3591 1300 3632 cum
1339 3575 1555 3631 Christo
1601 3575 1762 3631 simul
1809 3573 2114 3631 cruciﬁxus

511 3683 657 3725 sum.
686 3691 710 3716 »
738 3670 818 3723 Ne
855 3666 979 3740 quis
1021 3665 1170 3724 dicat
1191 3684 1203 3722 :
1224 3665 1519 3736 Quomodo
1564 3665 1732 3738 igitur
1756 3664 1914 3734 vivis,
1935 3681 2103 3738 quan-

511 3755 807 3832 doquidem
838 3771 895 3813 es
946 3765 1197 3812 mortuus
1225 3758 1249 3812 ?
1279 3755 1450 3828 339
1482 3756 1594 3810 Lex
1623 3753 1881 3828 quidem,
1914 3753 2114 3826 inquit,

511 3863 604 3904 me
648 3848 920 3903 viventem
1000 3845 1222 3914 occidit,
1275 3845 1533 3902 Christus
1579 3852 1770 3901 autem
1827 3853 2112 3900 mortuum

513 3937 804 4010 accipiens,
829 3935 1123 3991 viviﬁcavit
1151 3950 1264 4001 me,
1300 3934 1397 4006 qui
1437 3941 1624 3990 mente
1670 3949 1796 3989 cum
1825 3947 1895 3990 eo
1936 3933 2114 3988 cruci-

511 4026 655 4082 ﬁxus
704 4040 878 4094 eram,
905 4033 1073 4097 atque
1125 4039 1254 4080 cum
1307 4037 1373 4079 eo
1402 4030 1659 4078 mortuus
1689 4037 1788 4094 per
1816 4022 2110 4094 baptisma.

512 4114 729 4187 Duplex
755 4122 940 4169 autem
967 4111 1059 4168 hic
1079 4120 1163 4168 est
1185 4111 1540 4180 miraculum,
1567 4118 1624 4166 et
1641 4110 1792 4183 quod
1822 4118 2115 4168 mortuum

516 4204 642 4260 vita:
670 4201 932 4269 restituit,
965 4209 1021 4257 et
1045 4199 1197 4273 quod
1228 4215 1321 4272 per
1349 4208 1610 4257 mortem.

584 4293 765 4348 Vens.
798 4296 887 4346 20.
924 4313 951 4339 ι
981 4289 1124 4346 Vivo
1153 4295 1358 4358 autem,
1393 4305 1506 4346 non
1529 4292 1647 4362 jam
1670 4303 1798 4363 ego,
1829 4290 1958 4346 vivit
1981 4304 2112 4346 vero

2294 2053 2502 2131 «Ἐγὼ
2543 2051 2648 2133 γὰρ
2696 2049 2784 2111 διὰ
2813 2050 2980 2128 νόμου
3027 2049 3178 2134 νόμῳ
3223 2049 3508 2112 ἀπέθανον.
3554 2071 3582 2109 ι
3625 2052 3818 2112 Κατα-

2205 2143 2479 2216 σκευάζει,
2516 2145 2631 2210 πῶς
2676 2139 2942 2201 κατέλυσε
2977 2139 3068 2200 τὸν
3111 2140 3310 2218 νόμον,
3359 2139 3456 2200 καί
3497 2163 3655 2222 φησιν
3679 2186 3696 2214 ,
3728 2139 3811 2199 ὅτι

2204 2232 2307 2294 Διὰ
2356 2236 2449 2291 τοῦ
2502 2231 2667 2310 νόμου
2728 2235 2820 2290 τοῦ
2894 2235 2992 2303 τῆς
3050 2233 3278 2312 χάριτος
3343 2229 3437 2288 καὶ
3489 2234 3584 2289 τοῦ
3633 2231 3818 2307 Εὐαγ-

2205 2320 2417 2401 γελίου,
2451 2321 2713 2382 ἀπέθανον
2766 2323 2844 2400 τῷ
2893 2319 3136 2386 Μωσέως
3167 2318 3219 2358 ⁸⁸
3248 2318 3396 2399 νόμῳ
3426 2342 3440 2357 ο
3485 2315 3519 2390 ἢ
3549 2317 3632 2378 ὅτι
3661 2318 3818 2380 Ἀπί·

2207 2417 2394 2482 θανον,
2439 2411 2604 2492 φησὶ,
2649 2413 2727 2492 τῷ
2771 2409 2920 2490 νόμῳ
2963 2408 3051 2468 διὰ
3102 2413 3198 2469 τοῦ
3249 2407 3449 2486 νόμου·
3501 2406 3770 2467 τουτέστιν
3795 2452 3811 2480 ,

2209 2500 2378 2570 Αὐτός
2413 2525 2481 2580 με
2512 2499 2765 2579 ἐνήγαγεν
2793 2503 2822 2560 6
2861 2498 3020 2575 νόμος
3065 2499 3138 2566 εἰς
3183 2497 3246 2557 τὸ
3289 2497 3482 2575 μηκέτι
3531 2497 3819 2578 προσέχειν

2209 2595 2391 2673 αὐτῷ,
2438 2589 2706 2670 δδηγήσας
2751 2612 2818 2667 με
2874 2591 2948 2656 εἷς
2989 2586 3224 2670 Χριστὸν
3275 2587 3365 2648 διά
3410 2612 3470 2647 τε
3519 2590 3626 2647 τῶν
3678 2591 3817 2648 Mm-

2211 2685 2412 2742 σαῖχῶν
2441 2679 2611 2758 λόγων
2639 2679 2866 2738 καὶτῶν
2918 2680 3288 2760 προφητικῶν.
3332 2679 3401 2738 Εἰ
3439 2676 3614 2738 τοίνυν
3653 2677 3817 2736 πάλιν

2213 2773 2354 2852 αὐτῷ
2381 2769 2733 2850 προσέχοιμι,
2766 2769 2857 2828 καὶ
2889 2768 3046 2827 αὐτὸν
3079 2766 3418 2847 παραϐαίνω.
3461 2765 3542 2828 Ἦ
3582 2767 3675 2826 καὶ
3711 2767 3815 2826 οὖ-

2213 2884 2314 2928 τως
2336 2883 2349 2898 '
2382 2859 2452 2921 ¢0
2481 2860 2638 2938 νόμος
2672 2858 2884 2919 ἐκέλευε
2915 2857 3005 2917 τὸν
3043 2857 3120 2936 μὴ
3152 2861 3409 2917 ποιοῦντα
3455 2855 3522 2916 τὰ
3562 2880 3811 2936 γεγραμ-

2217 2951 2392 3029 μένα,
2445 2950 2763 3019 κολάζεσθαι
2820 2949 2912 3007 καὶ
2967 2947 3320 3029 φονεύεσθαιέ
3358 2949 3570 3007 Οὐκοῦν
3632 2946 3818 3018 ἐπειδὴ

2216 3041 2468 3106 ἀδύνατος
2497 3031 2562 3112 ἧν
2605 3041 2957 3112 τελεσθῆναι,
3011 3038 3130 3097 ὅσον
3161 3036 3222 3096 τὸ
3259 3039 3345 3096 ἐπ’
3389 3039 3536 3117 αὐτῷ
3587 3036 3816 3096 τεθανά-

2182 3169 2186 3209 ί
2216 3152 2415 3209 τωμαι.
2450 3128 2545 3201 Μὴ
2594 3127 2766 3188 τοίνυν
2797 3127 3127 3188 ἐπιταττέτω
3175 3149 3266 3205 μοι
3287 3171 3306 3204 ,
3335 3129 3410 3205 τῷ
3444 3124 3566 3184 ὅσον
3590 3124 3658 3184 τὰ
3700 3123 3823 3185 κατ’

2224 3221 2380 3282 αὐτὸν
2430 3223 2707 3293 τεθνεῶτι,
2757 3216 2846 3278 καὶ
2883 3217 3112 3298 ψυχικὸν
3158 3216 3420 3289 θάνατον,
3468 3215 3601 3276 διότι
3648 3214 3826 3295 ἡμάρ-

2221 3333 2412 3386 τανον,
2461 3307 2535 3385 μὴ
2593 3307 2877 3387 δυνάμενος
2927 3306 3141 3368 τελέσαι
3207 3305 3278 3366 τὰ
3332 3313 3425 3368 τοῦ
3492 3304 3675 3384 νόμου·
3730 3305 3826 3364 καὶ

2224 3398 2528 3478 σωματικὸν
2556 3444 2570 3471 ,
2607 3400 2730 3458 ὅσον
2786 3397 2847 3458 τὸ
2906 3395 3015 3456 ἀπὸ
3043 3401 3139 3470 τῆς
3192 3399 3283 3458 τοῦ
3335 3396 3498 3472 νόμου
3555 3393 3822 3474 κατακρί-

2224 3513 2381 3558 σεως.
2418 3493 2546 3554 Πῶς
2575 3479 2665 3548 οὖν
2699 3489 2778 3548 ἔτι
2807 3485 3048 3569 προσέξω
3081 3489 3158 3568 τῷ
3185 3483 3558 3546 ἀποκτείναντί
3590 3503 3696 3563 με;

2312 3601 2344 3640 α
2368 3578 2488 3642 Ἵνα
2514 3581 2641 3659 Θεῷ
2664 3576 2811 3650 ζήσω
2832 3623 2862 3659 ,_
2883 3579 3105 3658 Χριστῷ
3135 3575 3600 3656 συνεσταύρωμαι.
3640 3598 3672 3632 ι
3697 3571 3825 3635 Ἵνα

2225 3669 2300 3748 μή
2331 3693 2409 3737 τις
2447 3657 2763 3749 εἴπῃσήΠῶς
2801 3657 2892 3727 οὖν
2925 3670 3051 3747 ζῇς,
3102 3665 3286 3738 ἐπειδὴ
3326 3666 3614 3744 ἀπέθανεςς
3661 3663 3824 3745 φησὶν

2221 3760 2304 3820 ὅτι
2334 3757 2402 3819 Ὁ
2434 3757 2530 3836 μὲν
2577 3757 2736 3836 νόμος
2785 3759 2959 3826 ζῶντα
3021 3755 3360 3815 ἀπέκτεινεν
3409 3758 3439 3814 6
3480 3753 3537 3816 Si
3583 3753 3823 3836 Χριστὸς

2221 3848 2404 3930 νεκρὸν
2433 3847 2614 3908 λαϐὼν
2635 3893 2652 3922 ,
2684 3845 3007 3920 έζωοποίησέ
3033 3871 3123 3924 με,
3155 3848 3356 3918 νοητῶν
3379 3843 3825 3925 συσταυρωθέντα

2225 3941 2397 4019 αὐτῷ,
2441 3937 2534 3996 καὶ
2563 3936 2881 3997 συνθανόντα
2912 3935 3001 3996 διὰ
3041 3939 3134 3996 τοῦ
3168 3933 3561 4015 βαπτίσματος.
3591 3935 3826 3995 Διπλοῦν

2224 4025 2278 4087 δὲ
2305 4027 2365 4085 τὸ
2395 4031 2611 4105 θαῦμα,
2647 4024 2739 4086 καὶ
2780 4025 2863 4085 ὅτι
2890 4025 3072 4107 νεκρὸν
3105 4023 3463 4105 ἐζωοποίησε,
3493 4024 3588 4086 καὶ
3626 4022 3705 4084 ὅτι
3736 4022 3826 4084 διὰ

2224 4115 2472 4176 θανάτου.

2313 4312 2337 4340 ιι
2369 4287 2461 4346 Ζῶ
2491 4282 2578 4356 δὲ,
2626 4283 2804 4344 οὐκέτι
2855 4283 2999 4364 ἐγὼ,
3032 4287 3096 4365 ζῇ
3147 4283 3200 4343 δὲ
3247 4285 3301 4343 ἐν
3344 4283 3466 4361 ἐμοὶ
3501 4281 3752 4363 Χριστός.
3788 4305 3822 4341 ι)

516 4383 575 4438 in
603 4395 695 4436 me
727 4379 996 4437 Christus.
1027 4397 1057 4431 ι)
1104 4379 1243 4436 Cum
1273 4377 1438 4447 dixit,
1466 4402 1492 4428 α
1525 4382 1666 4436 Cum
1696 4380 1917 4438 Christo
1946 4378 2106 4435 simul

2223 4379 2318 4457 Τῷ
2353 4374 2448 4454 μὲν
2499 4377 2700 4455 εἰπεῖν,
2745 4402 2771 4426 σι
2799 4375 3019 4456 Χριστῷ
3053 4371 3532 4454 συνεσταύρωμαι,
3563 4399 3588 4426 ι
3632 4371 3693 4432 τὸ
3723 4371 3832 4452 βά-

2491 4468 2508 4481 Q
2553 4463 2594 4481 Ι,
2858 4467 2893 4481 η
2947 4462 2990 4481 λι
3080 4467 3096 4481 ε
3170 4471 3191 4481 ιι
3353 4466 3438 4481 fit.
3504 4460 3548 4481 λι
3689 4462 3707 4481 9
3764 4461 3778 4480 I

515 4469 809 4528 cruciﬁxus
849 4484 1009 4539 sum,
1043 4488 1073 4522 υ
1131 4467 1400 4540 baptisma
1452 4469 1629 4525 innuit
1661 4489 1673 4524 :
1707 4485 1807 4541 per
1839 4467 1947 4524 hoc
1993 4483 2118 4525 vero

516 4559 664 4634 quod
690 4559 788 4628 ait,
824 4583 849 4608 α
882 4558 1018 4615 Vivo
1047 4567 1254 4622 autem,
1290 4574 1401 4614 non
1418 4559 1541 4632 jam
1577 4574 1698 4631 ego,
1734 4580 1759 4607 ι
1792 4565 2118 4631 sequentem

517 4651 1024 4718 conversationem,
1081 4663 1178 4720 per
1239 4663 1407 4720 quam
1459 4647 1863 4703 mortiﬁcantur
1930 4655 2120 4705 nostra

518 4739 790 4797 membra.
834 4762 859 4787 «ι
891 4737 1039 4795 Vivit
1068 4745 1255 4794 autem
1285 4737 1538 4794 Christus
1559 4738 1612 4792 in
1643 4753 1734 4794 me
1763 4757 1776 4794 :
1814 4761 1838 4786 ι
1875 4737 1982 4794 hoc
2012 4745 2116 4805 est,

516 4829 648 4886 nihil
693 4830 750 4885 in
779 4828 941 4884 nobis
989 4827 1050 4883 ﬁt
1079 4827 1227 4900 quod
1278 4827 1414 4883 nolit
1454 4828 1735 4896 Christus,
1781 4829 1876 4885 sed
1919 4828 2006 4884 ille
2037 4834 2120 4884 est

517 4918 609 4993 qui
643 4918 837 4974 omnia
862 4915 998 4972 facit
1027 4916 1083 4972 in
1112 4916 1292 4984 nobis,
1320 4925 1373 4973 et
1393 4933 1648 4990 regnans,
1679 4925 1734 4973 et
1764 4916 2119 4974 dominatum

516 5008 574 5064 in
599 5021 700 5064 nos
727 5020 986 5063 exercens
1012 5020 1112 5060 :ac
1139 5013 1325 5061 nostra
1352 5005 1579 5078 quidem
1616 5007 1871 5063 voluntas
1898 5013 2120 5063 mortua

517 5106 600 5154 est
630 5115 645 5154 :
673 5096 814 5154 illius
861 5102 1052 5152 autem
1092 5094 1242 5160 vivit,
1273 5103 1331 5152 et
1358 5095 1630 5167 gubernat
1652 5095 1819 5151 vitam
1848 5105 2120 5154 nostram.

516 5187 574 5244 Si
612 5185 780 5260 igitur
806 5187 925 5242 Deo
976 5183 1138 5241 aliam
1178 5183 1344 5241 vitam
1391 5200 1559 5257 quam
1591 5200 1716 5257 qua
1753 5193 1836 5241 est
1886 5185 1941 5241 in
1981 5186 2118 5258 lege,

516 5275 716 5345 vivam,
749 5289 815 5332 ac
857 5281 1114 5331 mortuus
1163 5272 1269 5331 sim
1297 5273 1425 5347 legi,
1462 5273 1601 5331 nihil
1643 5274 1780 5346 legis
1829 5274 2120 5332 observare

522 5378 771 5435 possum.

593 5473 620 5500 α
671 5448 836 5522 Quod
883 5457 1072 5507 autem
1112 5464 1265 5508 nunc
1305 5450 1430 5508 vivo
1473 5450 1530 5508 in
1556 5465 1749 5523 carne,
1774 5451 1831 5510 in
1865 5451 1974 5511 ﬁde
2000 5452 2122 5510 vivo

2228 4489 2436 4545 πτισμα
2479 4463 2694 4546 ᾐνίξατο
2753 4481 2771 4500 ⁶
2819 4467 2898 4546 τῷ
2942 4462 2998 4523 δὲ
3050 4467 3218 4524 εἰπεῖν
3268 4490 3293 4517 ι
3352 4460 3554 4546 Ζῶᾼνδὲ
3579 4507 3598 4537 ,
3655 4461 3831 4522 οὐκέτι

2228 4543 2371 4635 ἐγὼ,
2403 4581 2430 4609 ι
2458 4543 2554 4626 τὴν
2616 4552 2755 4632 μετὰ
2797 4543 2971 4613 ταῗῐτα
3021 4552 3330 4631 πολιτείαν,
3361 4555 3429 4612 δι’
3457 4543 3520 4625 ἧς
3552 4555 3833 4631 νεκροῧται

2228 4649 2382 4722 ἡμῶν
2413 4643 2481 4705 τὰ
2505 4643 2666 4723 μέλη.
2718 4670 2744 4699 ι
2777 4646 2858 4723 Ζῇ
2889 4642 2944 4702 δὲ
2983 4648 3012 4704 6
3045 4641 3278 4723 Χριστὸς
3321 4643 3374 4700 iv
3423 4640 3544 4719 ἐμοί
3572 4665 3586 4680 ·
3608 4667 3635 4694 ι
3666 4664 3830 4700 τουτ-

2229 4736 2399 4809 έστιν,
2431 4722 2599 4796 Οὖδὲν
2633 4734 2686 4791 iv
2734 4722 2865 4811 ἡμῖν
2907 4731 3012 4814 γὰρ
3042 4732 3095 4772 ⁵⁷
3125 4722 3200 4792 ῶν
3246 4733 3307 4791 οὖ
3358 4731 3609 4811 βούλεται
3639 4733 3667 4790 6
3695 4731 3832 4810 Χρι-

2230 4825 2385 4899 στὸς,
2421 4825 2540 4883 ἀλλ’
2570 4821 2767 4890 ἐκεῖνός
2797 4827 2938 4884 ἔστιν
2967 4825 2996 4881 6
3041 4821 3216 4882 πάντα
3249 4825 3414 4880 ποιῶν
3454 4823 3507 4879 ἐν
3540 4820 3664 4898 ἡμῖν
3688 4866 3702 4892 ,
3739 4820 3833 4878 καὶ

2229 4918 2470 4996 κρατῶν,
2504 4913 2594 4973 καὶ
2648 4911 2940 4980 δεσπόζων.
2989 4911 3100 4973 Καὶ
3136 4911 3196 4970 τὸ
3241 4910 3338 4989 μὲν
3377 4909 3636 4991 ἡμέτερον
3674 4907 3832 4982 θέλη-

2231 5029 2309 5084 μα
2346 5003 2529 5084 νεκρόν
2559 5004 2673 5061 ἐστι
2695 5046 2712 5075 ,
2753 5000 2901 5060 τὸδὲ
2940 5001 3140 5061 ἐκείνου
3187 5003 3253 5079 ζῇ
3275 5044 3292 5073 ,
3325 4998 3418 5059 καὶ
3461 4999 3692 5080 κυϐερνᾷ
3732 5000 3832 5071 τὴν

2229 5093 2369 5165 ζωὴν
2651 5093 2716 5152 Εἰ
2775 5090 2950 5151 τοίνυν
3009 5093 3082 5160 ζῶ
3139 5093 3218 5170 τῷ
3271 5093 3398 5171 Θεῷ
3446 5088 3632 5170 ἑτέραν
3691 5087 3831 5158 ζωὴν

2229 5183 2378 5264 παρὰ
2407 5181 2502 5254 τὴν
2549 5183 2604 5239 iv
2657 5181 2836 5261 νόμῳ,
2881 5179 2976 5239 καὶ
3027 5177 3321 5260 ἐνεκρώθην
3365 5181 3445 5261 τῷ
3468 5179 3655 5261 νόμῳ,
3685 5177 3834 5237 οὐδὲν

2226 5279 2318 5334 τοῦ
2347 5273 2515 5352 νόμου
2544 5271 2826 5354 φυλάττειν
2855 5271 3110 5348 δύναμαι.

2323 5465 2354 5503 α
2385 5441 2464 5505 ⁸0
2495 5441 2550 5502 δὲ
2592 5445 2668 5514 ζῶ
2715 5445 2804 5503 ν’ὗν
2831 5441 2899 5524 ξὲν
2946 5439 3142 5522 σαρκὶ,
3192 5440 3247 5500 iv
3292 5438 3468 5502 πίστει
3505 5440 3580 5509 ζῶ
3743 5445 3840 5499 τοῦ

1927 5604 2115 5665 Variae
2157 5605 2462 5666 lectiones.

595 5737 639 5772 ⁸⁸
671 5741 917 5809 μωοαΐκῷ
944 5753 1026 5795 m.
1097 5737 1139 5772 ⁸⁷
1169 5739 1363 5811 γίνεται
1390 5753 1468 5794 m.
