4134 6434
441 426 535 482 98!
1286 432 1639 491 EXPOSITIO
1680 436 1745 490 ΙΝ
1785 433 1995 492 EPIST.
2036 431 2126 487 AD
2163 430 2404 487 GALAT.
2448 459 2517 472 —
2555 430 2706 488 CAP.
2748 433 2830 488 Ill.

3628 437 3732 490 982

437 553 568 614 Υἳοῦ
623 557 714 642 τοῦ
765 554 908 614 Θεοῦ
977 581 1003 610 ι
1048 554 1112 617 Ἃ
1165 558 1262 635 μὲν
1315 549 1498 634 εἶπον,
1531 562 1654 642 περὶ
1697 565 1794 635 τῆς
1837 566 2018 636 νοητῆς

2140 559 2260 615 Filii
2289 558 2416 615 Dei.
2451 582 2476 607 ιι
2503 559 2637 629 Qua:
2652 556 2882 632 quidem
2909 555 3048 627 dixi,
3074 558 3143 615 de
3173 559 3279 615 vita
3307 559 3574 631 spirituali
3599 560 3730 617 dixi.

437 647 574 716 ζωῆς
604 633 750 732 εἶπον
775 668 788 682 ’
823 644 914 703 καὶ
960 646 1057 718 τὴν
1092 633 1348 721 αἰσθητὴν
1399 650 1454 708 δὲ
1482 633 1650 724 ναύτην
1687 633 1828 724 ζωὴν
1875 633 2032 732 εἷλρῆ-

437 757 545 799 σεις
593 722 755 824 οὖσάν
804 759 894 810 μοι
943 736 1050 795 ἀπὸ
1102 739 1362 819 Χριστοῦ.
1421 742 1530 801 Καὶ
1557 722 1661 824 γόιρ
1692 745 1719 801 6
1745 722 1840 820 μὲν
1876 722 2032 819 νόμος

435 821 930 903 παραϐαινόμενος,
979 827 1184 892 πάντας
1235 829 1338 889 ὕπὸ
1383 821 1650 910 ἁμαρτίαν
1691 831 1784 891 καὶ
1814 833 2031 891 κόλασιν

436 911 638 984 ἐποίει,
689 913 780 972 καὶ
811 912 960 972 οὐδὲν
1014 917 1212 976 ἐκώλυε
1260 918 1464 988 πάντας
1505 922 1830 999 ἀπολέσθαι,
1859 921 2030 982 καθά-

435 1025 537 1090 περ
567 1001 658 1060 ἐπὶ
708 1009 800 1062 τοῦ
850 1006 1237 1083 κατακλυσμοῦ
1263 1051 1279 1080 ,
1334 1012 1406 1077 ὣς
1457 1011 1776 1090 παραϐάτας
1803 1035 1818 1050 ·
1867 1009 2030 1072 ἐλθὼν

434 1089 490 1148 δὲ
523 1092 844 1182 ὃ-Χριστὸς,
884 1091 1177 1182 ἐξήρπασεν
1207 1103 1353 1175 ἡμᾶς
1389 1103 1482 1170 τῆς
1521 1102 1917 1182 κατακρίσεως,
1952 1103 2032 1159 δι·-

433 1178 670 1247 καιώσας
716 1185 792 1260 τῷ
823 1181 1001 1264 οἰκείῳ
1033 1184 1266 1267 θανάτῳ.
1301 1184 1472 1248 Ὥστε
1510 1189 1609 1247 ’καὶ
1651 1196 1810 1250 τοῦτο
1859 1190 1988 1249 αὐτὸ
2011 1235 2028 1266 ,

433 1274 500 1359 το
544 1272 810 1359 αἰσθητῶς
840 1270 932 1328 καὶ
971 1273 1026 1330 ἓν
1076 1275 1236 1354 σαρκὶ
1275 1280 1403 1356 ζῇν,
1447 1277 1531 1336 διὰ
1558 1278 1655 1350 τὴν
1695 1281 1768 1347 εἷς
1791 1278 2028 1359 Χριστὸν

433 1358 611 1418 πίστιν
651 1357 878 1437 ἔχομεν,
925 1359 1021 1432 τὴν
1052 1363 1360 1425 δικαιοῦσαν
1392 1371 1562 1444 ἡμᾶς,
1607 1369 1698 1427 καὶ
1731 1373 1825 1441 τῆς
1855 1393 2028 1428 κατα-

433 1447 657 1528 κρίσεως
687 1448 1110 1528 ἐξαρπάζουσαν.

520 1563 546 1591 ι
595 1541 709 1598 Τοῦ
759 1539 1136 1615 ἀγαπήσαντός
1187 1566 1254 1619 με
1305 1544 1398 1603 καὶ
1454 1547 1780 1627 παραδόντος
1837 1549 2025 1607 ἑαυτὸν

433 1625 567 1706 ὖπὲρ
601 1628 752 1704 ἐμοῦ.
795 1653 818 1680 ι
868 1628 980 1688 Καὶ
1030 1629 1136 1701 μὴν
1186 1631 1319 1712 ὑπὲρ
1370 1625 1582 1694 πάντων
1633 1637 1859 1697 δέδωκεν
1903 1642 2026 1696 ἑαυ-

434 1715 522 1774 τὸν
543 1762 561 1791 ,
594 1715 685 1776 καὶ
713 1716 916 1784 πάντας
955 1719 1234 1796 ἠγάπησεν
1262 1745 1276 1758 ο
1308 1725 1428 1782 ἀλλ’
1461 1728 1489 1784 6
1534 1729 1748 1794 Παῦλος
1777 1726 2027 1800 ἐννοήσας

432 1804 586 1864 τίνων
612 1805 922 1898 ἀπαλλάξας
951 1813 1092 1898 ἡμᾶς
1123 1813 1150 1868 6
1181 1811 1410 1891 Χριστὸς
1437 1815 1558 1873 τίνα
1589 1817 1900 1898 ἐχαρίσατο,
1933 1818 2024 1876 καὶ

2147 649 2295 722 Quin
2337 650 2507 706 etiam
2529 648 2704 720 ipsam
2744 649 2916 704 vitam
2968 648 3279 705 sensibilem
3321 651 3562 706 invenies
3591 650 3730 706 mihi

2140 755 2259 796 esse
2312 755 2344 794 a
2393 738 2633 796 Christo.
2681 741 2820 794 Nam
2847 740 2932 794 lex
2963 739 3184 806 violata,
3211 755 3405 794 omnes
3435 747 3654 811 peccato
3676 748 3731 796 et

2140 844 2321 901 poenae
2356 827 2616 896 subdidit,
2649 845 2713 884 ac
2741 828 2871 884 nihil
2903 828 3186 900 prohibuit
3211 827 3506 899 quominus
3536 844 3729 885 omnes

2139 935 2252 974 non
2281 917 2846 989 interirent,.perinde
2895 933 2958 973 ac
2988 917 3043 972 in
3077 917 3303 985 diluvio,
3335 932 3434 973 ceu
3470 917 3731 989 praevari-

2139 1016 2376 1067 catores.
2422 1010 2567 1065 Cum
2605 1008 2845 1064 venisset
2879 1016 3064 1064 autem
3099 1007 3378 1076 Christus,
3405 1007 3604 1079 eripuit
3627 1023 3730 1063 nos

2137 1113 2166 1154 a
2193 1097 2652 1156 condemnatione
2666 1098 3005 1170 ,justiticans
3022 1113 3124 1154 nos
3145 1113 3240 1154 sua
3257 1105 3458 1154 morte.
3491 1097 3730 1154 Proinde

2138 1197 2192 1243 et
2226 1188 2332 1245 hoc
2356 1189 2558 1260 ipsum,
2610 1189 2941 1246 sensibiliter
2992 1197 3048 1244 et
3085 1188 3141 1244 in
3171 1203 3333 1244 carne
3377 1187 3580 1253 vivere,
3633 1202 3730 1260 per

2138 1277 2302 1334 [idem
2334 1280 2390 1335 in
2417 1279 2694 1336 Christum
2719 1278 3006 1347 habemus,
3030 1294 3153 1351 quae
3173 1295 3273 1335 nos
3297 1294 3421 1334 cum
3446 1277 3724 1350 justificat,

2137 1376 2254 1424 tum
2283 1385 2351 1426 ex
2391 1368 2850 1426 condemnatione
2891 1369 3066 1441 eripit.

2210 1561 2236 1588 ι
2283 1539 2390 1610 Qui
2438 1538 2628 1595 dilexit
2676 1554 2790 1607 me,
2850 1546 2907 1594 et
2947 1537 3170 1594 tradidit
3221 1540 3581 1611 semetipsum
3626 1555 3728 1611 pro

2133 1644 2245 1685 me.
2299 1652 2324 1678 ιι
2357 1629 2524 1701 Atqui
2568 1645 2666 1700 pro
2695 1628 2954 1686 omnibus
2988 1629 3138 1686 dedit
3163 1629 3428 1700 seipsum,
3458 1637 3514 1687 et
3539 1645 3731 1688 omnes

2131 1719 2321 1775 dilexit
2353 1737 2365 1774 :
2411 1727 2655 1775 attamen
2694 1719 2896 1775 Paulus
2937 1735 3127 1776 secum
3180 1720 3429 1792 cogitans
3461 1735 3491 1775 a
3528 1720 3725 1791 quibus

2132 1825 2238 1865 nos
2281 1808 2527 1866 liberarit
2573 1807 2853 1880 Christus,
2909 1817 2966 1865 et
3011 1824 3136 1881 quae.
3175 1809 3417 1877 donarit,
3464 1809 3728 1867 charitate

429 1895 688 1975 πυρωθεὶς
857 1896 1069 1977 ἀγάπῃ,
1116 1899 1178 1958 τὸ
1224 1903 1395 1962 κοινὸν
1456 1903 1587 1965 ἴδιον
1619 1895 1904 1966 ποιεῖται·
1955 1909 2018 1974 ὡς

2128 1898 2531 1966 inﬂammatus,
2560 1897 2708 1969 quod
2756 1897 3031 1970 publicum
3089 1906 3192 1966 est,
3242 1898 3524 1970 proprium
3573 1897 3722 1968 facit,

429 1984 522 2043 καὶ
556 1987 603 2044 οἱ
633 1990 902 2066 προφῆται
935 2011 948 2024 ’
984 2009 1014 2045 (ι
1042 1987 1112 2048 Ὁ
1139 1991 1307 2066 Θεὸς,
1353 1995 1380 2050 6
1409 1995 1548 2063 Θεός
1587 2019 1690 2073 μου
1717 2021 1730 2034 ο
1755 2018 1786 2055 n
1821 1995 1938 2073 ἅμα
1969 1997 2025 2056 δὲ

433 2073 524 2168 καὶ
559 2073 802 2168 δεικνῦς,
846 2075 928 2134 ὅτι
978 2077 1242 2168 τοσαύτην
1285 2081 1364 2140 δεῖ
1411 2083 1570 2164 χάριν
1625 2087 1901 2164 ὁμολογεῖν
1949 2091 2025 2168 τῷ

432 2166 648 2245 Χριστῷ
679 2162 927 2232 ἕκαστον,
959 2165 1090 2238 ὅσην
1121 2168 1182 2224 ἂν
1209 2171 1257 2227 εἰ
1291 2171 1384 2229 καὶ
1412 2162 1670 2234 διἀὖτὸν
1701 2162 1858 2253 μόνον
1892 2162 2025 2235 ἀπέ-

431 2258 584 2312 θανεν
613 2253 685 2315 ⁸⁸.
731 2257 802 2314 Οἱ
834 2252 889 2312 δὲ
916 2259 982 2334 τῇ
1015 2258 1289 2341 εὐεργεσία
1317 2263 1652 2341 χρησάμενοι
1670 2252 1773 2340 ,οἳ
1805 2270 1880 2331 εἷς
1922 2267 2023 2324 αὖ·

431 2343 520 2402 τὸν
552 2343 931 2411 πιστεύσαντές
975 2345 1074 2404 εἶσι
1106 2347 1278 2423 μόνοι.
1304 2349 1482 2410 ⁰Ωστε
1509 2356 1538 2410 6
1564 2357 1640 2432 τῷ
1683 2353 1830 2436 νόμῳ
1859 2379 2023 2435 προσ-

431 2433 566 2512 έχων
647 2433 905 2492 δείκνυσιν
987 2434 1068 2493 ὅτι
1140 2438 1237 2495 οὐκ
1309 2438 1570 2501 ἀπέθανεν
1653 2433 1811 2524 ὑπὲρ-
1862 2433 2022 2504 αύτοῦ

432 2526 472 2612 67
519 2522 771 2602 Χριστός.
831 2523 936 2583 Καὶ
979 2527 1092 2591 πῶς
1133 2531 1288 2587 τοῦτο
1343 2530 1400 2587 οὗ
1454 2530 1718 2612 φρίττεις,
1760 2522 1886 2592 ἀλλ’
1933 2533 2020 2592 ἐπὶ

429 2611 517 2670 τὸν
581 2611 740 2671 νόμον
821 2614 1224 2693 παλινδρομεῖς,
1295 2611 1566 2698 ἄχρηστον
1640 2621 1730 2681 τὸν
1796 2622 2020 2682 θάνατον

431 2707 522 2760 τοῦ
552 2700 820 2762 Δεσπότου
849 2703 1134 2781 δεικνύωνς
1173 2708 1489 2784 Σημείωσαι
1519 2710 1574 2770 δὲ
1603 2711 1695 2770 καὶ
1719 2711 1800 2784 τὸ,
1825 2716 2022 2792 Παρα-

431 2790 587 2850 Ξόντα
617 2790 804 2850 ἑαυτὸν
823 2835 839 2864 ,
872 2791 958 2850 διὰ
987 2791 1106 2862 τοὺς
1136 2793 1454 2874 Ἀρειανούς.

515 2902 545 2939 ι(
571 2881 691 2941 Οὖκ
735 2882 907 2940 ἀθετῶ
941 2879 1039 2952 τὴν
1085 2880 1242 2963 χάριν
1292 2891 1384 2945 τοῦ
1435 2888 1597 2951 Θεοῦ.
1631 2911 1665 2946 ι
1694 2888 1923 2962 Ἐπειδὴ
1955 2892 2021 2951 τὰ

427 2969 534 3029 ἀπὸ
580 2975 686 3030 τῶν
734 2971 1008 3050 λογισμῶν
1075 2971 1336 3051 τέθεικεν,
1385 2977 1737 3058 ἀποφαίνεται
1790 2980 2016 3055 λοιπὸν,

424 3059 504 3116 ὅτι
549 3060 668 3119 Οὔκ
701 3058 1024 3137 ἀποσείομαι
1054 3059 1151 3132 τὴν
1182 3069 1273 3122 τοῦ
1316 3067 1553 3146 Χριστοῦ
1596 3067 1800 3148 δωρεὰν
1826 3069 1893 3142 ἥν
1930 3093 2020 3146 μοι

425 3148 746 3228 ἐχαρίσατο,
793 3148 1082 3218 δικαιώσας
1116 3175 1182 3229 με
1229 3153 1400 3234 χωρὶς
1453 3157 1622 3238 ἔργων
1675 3161 1752 3238 τῷ
1808 3159 2021 3242 θανάτῳ

426 3241 584 3298 αὐτοῦ
603 3281 620 3314 ,
655 3236 773 3298 οὐδὲ
799 3243 877 3320 τῷ
899 3238 1046 3319 νόμῳ
1070 3243 1410 3323 προστρέχω.

514 3349 544 3386 α
569 3329 638 3388 Εἰ
675 3327 779 3408 γὰρ
811 3327 901 3388 διὰ
929 3327 1091 3407 νόμου
1125 3332 1463 3408 δικαιοσύνη,
1495 3335 1598 3417 ἄρα
1642 3336 1876 3415 Χριστὸς
1915 3339 2018 3396 δω-

427 3416 549 3494 ρεὰν
589 3417 868 3479 ἀπέθανεν.
909 3441 938 3476 ιο
994 3421 1063 3479 Ei
1091 3419 1196 3500 γὰρ
1224 3426 1252 3481 6
1285 3423 1476 3501 νόμος,
1510 3426 1674 3505 φησὶ,
1707 3425 1892 3496 σώζειν
1922 3426 2015 3486 καὶ

423 3508 659 3566 δικαιοῦν
711 3505 921 3588 ἰσχύει,
973 3511 1001 3567 6
1029 3510 1262 3588 Χριστὸς
1310 3512 1484 3588 μάτην
1531 3515 1721 3574 λοιπὸν
1758 3516 2012 3578 ἀπέθανε.

423 3597 526 3658 Διὰ
571 3601 727 3659 τοῦτο
773 3597 878 3680 γὰρ
925 3597 1136 3668 πάντως
1183 3600 1481 3678 ἀπέθανεν,
1527 3603 1615 3663 ἵνα
1662 3606 1817 3676 αὐτὸς
1865 3608 2014 3687 σώσῃ

426 3686 511 3746 διὰ
537 3691 630 3746 τοῦ
661 3686 888 3747 θανάτου
915 3737 927 3761 ,
961 3690 1033 3757 ὡς
1074 3694 1165 3749 τοῦ
1211 3691 1374 3770 νόμου
1404 3693 1478 3771 μὴ
1522 3693 1796 3775 ἰσχύοντος
1817 3717 1832 3732 ⁸
1873 3700 1944 3766 ὣς
1970 3686 2020 3756 εἴ

421 3800 481 3866 γε
509 3776 668 3847 σώζει
712 3780 741 3835 6
768 3776 958 3854 νόμος,
993 3779 1238 3860 περιττὸς
1286 3785 1315 3840 6
1364 3788 1457 3842 τοῦ
1494 3787 1729 3866 Χριστοῦ
1763 3785 2006 3855 θάνατος.

421 3865 586 3949 Ὁρᾷς
608 3871 710 3926 ποῦ
743 3871 778 3940 ἡ
810 3868 1129 3951 βλασφημία
1157 3882 1462 3952 προχωρεῖς

995 3979 1288 4042 ΚΕΦΑΑ.
1337 3983 1425 4044 Γ⁸.

500 4116 525 4144 ι
553 4077 641 4184 ῗΩ-
669 4090 881 4164 ἀνόητοι
913 4093 1156 4154 Γαλάται
1182 4143 1195 4166 ,
1225 4095 1302 4165 τίς
1331 4100 1468 4175 ὑμᾶς
1494 4100 1756 4162 ἔϐάσκανε
1884 4104 2014 4175 ἀλη-

419 4179 532 4272 θείᾳ
579 4180 656 4272 μὴ
687 4181 960 4272 πείθεσθαι
975 4207 991 4257 ;
1018 4205 1059 4272 3
1114 4185 1300 4254 Δείξας
1343 4188 1433 4248 διὰ
1485 4195 1590 4250 τῶν
1636 4179 1904 4272 προτέρων
1934 4192 2014 4252 ὅτι

418 4271 511 4329 οὐκ
541 4270 632 4328 ἀπ’
677 4270 966 4352 ἀνθρώπων
1015 4263 1078 4345 ἦν
1109 4273 1399 4346 ἀπόστολος
1435 4279 1505 4354 ⁶⁹,
1538 4279 1657 4340 οὐδὲ
1683 4263 1776 4340 ’δι’
1805 4263 2012 4361 ἀνθρώ-

419 4384 561 4433 πων,
633 4359 725 4420 καὶ
802 4359 1105 4429 ἀξιόπιστον
1177 4366 1363 4426 ἑαυτὸν
1394 4369 1802 4446 ’καταστήσαῃ
1877 4359 2015 4449 μετὰ

417 4448 652 4518 πλείονος
681 4449 954 4518 αὐθεντίας
1000 4452 1302 4534 διαλέγεται
1334 4477 1347 4491 ·
1375 4458 1466 4518 καὶ
1517 4459 1730 4538 μέλλων
1769 4448 1885 4531 τὴν
1915 4462 2011 4520 πί-

2137 2003 2291 2059 aeque
2343 2003 2410 2044 ac
2450 1989 2753 2060 prophetae,
2801 2010 2826 2037 α
2878 1991 3049 2054 Deus,
3095 1991 3245 2044 Deus
3276 2003 3436 2044 meus
3469 1996 3490 2024 ³
3530 2029 3546 2056 ,
3578 2011 3603 2037 ι»
3633 1988 3727 2044 in-

2135 2078 2379 2150 quiunt:
2418 2077 2622 2150 pariter
2673 2077 2987 2146 ostendens,
3026 2077 3175 2150 quod
3227 2085 3408 2134 tantas
3479 2086 3729 2151 oporteat

2133 2183 2582 2240 unumquemque
2622 2167 2827 2240 gratias
2854 2167 3078 2224 reddere
3121 2167 3358 2234 Christo,
3413 2176 3651 2240 quantas
3678 2170 3724 2224 si

2132 2272 2232 2329 pro
2274 2257 2395 2329 ipso
2423 2257 2542 2313 solo
2572 2265 2825 2314 mortuus
2849 2265 3010 2327 esset,
3056 2257 3362 2314 exhiberet.
3395 2257 3503 2328 Qui
3540 2267 3725 2315 autem

2132 2345 2238 2401 hoc
2287 2345 2552 2403 beneﬁcio
2593 2347 2675 2402 usi
2713 2352 2861 2416 sunt,
2893 2347 2950 2402 hi
3003 2347 3104 2403 soli
3143 2355 3272 2402 sunt
3324 2348 3416 2419 qui
3472 2348 3723 2404 credunt.

2131 2435 2393 2505 Quocirca
2425 2436 2517 2508 qui
2559 2436 2666 2507 legi
2713 2436 3001 2502 auscultat,
3053 2435 3258 2492 indicat
3295 2436 3572 2493 Christum
3631 2454 3728 2509 pro

2130 2538 2188 2580 se
2215 2539 2329 2579 non
2359 2539 2481 2580 esse
2509 2533 2813 2581 mortuum.
2847 2524 3020 2596 Ecqui
3075 2525 3181 2580 hoc
3226 2541 3338 2580 non
3385 2525 3594 2594 horres,
3629 2526 3726 2582 sed

2131 2613 2201 2670 ad
2233 2613 2407 2685 legem
2443 2629 2639 2670 rursus
2685 2613 2941 2678 accurris,
2973 2623 3211 2669 mortem
3239 2615 3466 2670 Domini
3491 2615 3565 2670 tui
3594 2616 3728 2671 inu-

2129 2703 2279 2758 tilem
2311 2703 2608 2759 ostendens
2640 2707 2662 2758 Ρ
2692 2704 2931 2760 Observa
2963 2713 3151 2761 autem
3180 2704 3330 2776 quod
3357 2704 3452 2774 ait,
3478 2705 3727 2762 Tradidit

2128 2793 2388 2864 seipsum,
2414 2802 2637 2866 propter
2665 2794 2918 2850 Arianos.

2201 2886 2374 2940 Vens.
2408 2888 2496 2938 2t.
2524 2906 2549 2932 ‹‹
2583 2883 2701 2939 Non
2721 2883 2918 2956 abjicio
2940 2885 3174 2956 gratiam
3203 2883 3327 2940 Dei.
3361 2907 3386 2934 ιι
3423 2887 3724 2958 Postquam

2131 2973 2370 3028 rationes
2409 2973 2702 3045 posuisset,
2743 2974 2810 3030 de
2855 2982 3054 3030 caetero
3105 2972 3438 3030 afﬁrmative
3480 2991 3726 3046 pronun-

2130 3062 2253 3132 tiat,
2282 3065 2406 3118 Non
2429 3062 2627 3136 abjicio
2652 3062 2857 3119 Christi
2887 3063 3120 3132 donum,
3141 3063 3289 3135 quod
3317 3063 3452 3120 mihi
3478 3064 3722 3133 donavit,

2129 3168 2262 3208 cum
2301 3169 2390 3208 me
2420 3151 2626 3224 absque
2655 3153 2910 3225 operibus
2949 3168 3046 3224 per
3072 3161 3312 3210 mortem
3341 3169 3498 3211 suam
3515 3153 3725 3228 justiti-

2048 3276 2096 3342 Ο
2129 3242 2508 3342 cavit;.neque
2544 3243 2612 3299 ad
2632 3244 2810 3342 legem
2831 3259 3078 3342 accurro.

2203 3355 2229 3380 σι
2262 3332 2316 3388 Si
2342 3332 2491 3388 enim
2538 3348 2632 3403 per
2660 3333 2835 3406 legem
2859 3333 3096 3404 justitia,
3125 3348 3257 3405 ergo
3287 3332 3538 3390 Christus
3559 3336 3726 3407 gratis

2123 3429 2375 3476 mortuus
2401 3429 2504 3477 est.
2550 3445 2575 3471 σι
2631 3422 2688 3478 Si
2741 3423 2892 3477 enim
2938 3423 3050 3489 lex,
3125 3421 3319 3494 inquit,
3379 3438 3598 3480 servare
3669 3432 3727 3480 et

2115 3510 2412 3583 justiticare
2437 3517 2633 3582 potest,
2676 3519 2793 3566 tum
2843 3511 3013 3582 35.0
3042 3511 3294 3568 Christus
3321 3511 3527 3568 frustra
3570 3529 3724 3570 mor-

2123 3608 2251 3656 tuus
2299 3607 2400 3656 est.
2440 3602 2672 3671 Propter
2719 3599 2825 3656 hoc
2851 3601 3000 3656 enim
3055 3600 3282 3655 omnino
3313 3610 3562 3658 mortuus
3613 3613 3720 3673 est,

2124 3697 2185 3744 ut
2229 3689 2343 3760 ipse
2394 3696 2573 3744 servet
2599 3703 2703 3744 nos
2741 3704 2838 3761 per
2881 3696 3146 3755 mortem,
3187 3687 3305 3758 lege
3352 3690 3563 3746 scilicet
3605 3707 3720 3746 non

2125 3779 2361 3835 valente.
2394 3781 2534 3834 Nam
2587 3778 2632 3834 si
2683 3778 2771 3834 lex
2812 3786 3016 3846 servat,
3059 3778 3337 3848 superflua
3384 3787 3470 3836 est
3517 3779 3721 3837 Christi

2121 3884 2294 3924 mors.
2328 3867 2517 3925 Viden’
2551 3883 2660 3940 quo
2689 3867 3024 3940 blasphemia
3056 3866 3314 3938 procedat
3335 3871 3360 3922 Ρ

2725 3994 2968 4051 CAPUT
2995 3996 3102 4050 111.

2190 4113 2368 4168 Vens.
2406 4117 2456 4168 ι.
2479 4135 2502 4159 α
2531 4113 2580 4168 Ο
2600 4111 3093 4169 insensatiGalatae
3123 4115 3135 4166 !
3169 4111 3289 4183 quis
3319 4128 3414 4169 vos
3437 4111 3720 4171 fascinavit

2120 4217 2236 4257 non
2261 4201 2483 4258 obedire
2508 4202 2766 4258 veritati?
2798 4225 2822 4250 ιο
2856 4203 2996 4258 Cum
3023 4203 3076 4257 in
3098 4202 3375 4273 prioribus
3396 4202 3714 4275 indicasset,

2118 4291 2265 4364 quod
2305 4307 2420 4347 non
2445 4292 2512 4347 ab
2553 4291 2866 4348 hominibus
2892 4299 3035 4348 esset
3062 4294 3370 4364 apostolus,
3417 4309 3596 4366 neque
3623 4311 3718 4366 per

2123 4381 2394 4449 homines,
2423 4397 2487 4437 ac
2514 4381 2622 4438 fide
2655 4381 2880 4452 dignum
2918 4382 3159 4454 seipsum
3200 4381 3546 4450 reddidisset,
3590 4401 3719 4442 cum

2123 4470 2320 4543 majori
2379 4471 2702 4526 auctoritate
2757 4470 3024 4542 disputat.
3081 4474 3511 4543 Comparaturus
3550 4489 3720 4545 porro

418 4561 530 4597 στιν
581 4547 860 4620 συγκρῖναι
907 4539 999 4599 καὶ
1051 4540 1140 4600 τὸν
1193 4545 1353 4622 νόμον
1377 4592 1395 4620 ,
1459 4549 1714 4629 πρότερον
1761 4549 2012 4622 ἀνοήτους

424 4651 431 4652 ,
461 4629 476 4648 ’
548 4627 564 4651 \
649 4631 666 4652 9
816 4630 838 4652 Χ
878 4637 899 4648 -
1021 4632 1039 4652 9
1143 4635 1161 4652 ρ
1394 4637 1423 4652 Δ
1470 4637 1483 4652 ι
1649 4639 1662 4652 ι
1779 4640 1792 4652 ι
1980 4649 1996 4652 _

2127 4539 2288 4616 ﬁdem
2339 4569 2395 4616 et
2443 4559 2638 4632 legem,
2698 4539 2865 4632 prius
2903 4560 3102 4616 stultos
3151 4539 3244 4616 eos
3299 4539 3569 4632 appellat;
3605 4579 3718 4620 non

417 4627 606 4695 αὐτοὺς
637 4630 899 4688 ἀποκαλεῖ
925 4679 939 4702 ,
987 4632 1088 4710 οὔχ
1132 4635 1204 4700 ὡς
1236 4627 1584 4716 παραϐαίνων
1613 4627 1702 4699 τὸν
1731 4640 1892 4718 νόμον
1921 4649 2012 4701 τοῦ

417 4719 678 4810 Χριστοῦ,
730 4719 879 4810 ἀλλὰ,
909 4719 1008 4801 ’καὶ
1052 4720 1255 4805 σφόδρα
1300 4731 1477 4805 τηρῶν
1523 4729 1702 4790 αὐτόν.
1738 4732 1820 4792 Οὗ
1852 4728 1955 4810 γὰρ
1985 4734 2013 4791 6

417 4805 598 4876 ἅπλῶς
625 4811 804 4867 καλῶν
834 4808 927 4900 τὸγ⁵
961 4811 1186 4890 ἀδελφὸν
1236 4816 1397 4876 αὐτοῦ
1451 4817 1626 4898 μωρὸν
1649 4862 1666 4891 ,
1726 4805 2003 4900 ἐνέχεται,

415 4896 530 4956 ἀλλ’
562 4900 591 4955 6
634 4900 812 4969 εἰκῆ.
842 4889 1009 4958 Οὗτοι
1059 4889 1114 4958 δὲ
1163 4901 1376 4972 πάντως
1432 4889 1742 4967 δικαιότατα
1795 4889 2007 4978 ἀνόητοι

413 4987 747 5064 ἐκλήθησαν,
803 4989 850 5046 οἳ
901 4987 1166 5048 τοσούτων
1242 4997 1457 5072 ἀγαθῶν
1541 4999 2005 5071 ἀναισθητοῦντες,

411 5076 502 5134 καὶ
550 5076 818 5157 ἄχρηστον
872 5081 1145 5146 ποιοῦντες
1191 5081 1280 5142 τὸν
1325 5091 1418 5144 τοῦ
1470 5088 1706 5167 Χριστοῦ
1759 5088 2004 5150 θάνατον.

409 5161 682 5259 ’(ξραδὲ,
735 5165 816 5226 δ’τι
850 5167 990 5259 μετὰ
1041 5169 1134 5237 τὰς
1185 5172 1478 5259 ἀποδείξεις
1519 5161 1697 5244 αὐτοῖς
1738 5179 2002 5259 ἐπιτιμᾷ,

409 5253 502 5312 καὶ
524 5254 675 5324 εὐθὺς
703 5255 1046 5338 καθυφίησιν.
1088 5261 1168 5319 Οὐ
1212 5261 1315 5342 γὰρ
1362 5254 1474 5324 εἶπε
1501 5310 1519 5338 ,
1552 5266 1650 5334 Τίς
1677 5270 1816 5343 ὑμᾶς
1857 5253 2006 5340 ἧπά-

413 5366 611 5418 τησεν;
645 5345 823 5420 ἀλλὰ,
866 5368 898 5402 ιι
924 5345 1022 5413 Τίς
1052 5347 1351 5432 ἐϐάσκανε;
1386 5379 1411 5406 υ
1445 5353 1542 5423 Τίς
1578 5355 1864 5438 ἐφθόνησε;
1894 5358 2006 5416 δει-

480 5450 502 5478 ·
525 5442 676 5501 Psal.
705 5457 865 5512 xvn,
890 5449 944 5500 3.
1042 5447 1062 5481 ι
1081 5448 1289 5508 Matth.
1315 5465 1378 5521 ν,
1416 5457 1504 5510 22.

2119 4648 2533 4723 transgrediens
2570 4651 2745 4722 legem
2783 4650 3011 4720 Christi,
3044 4649 3139 4706 sed
3177 4649 3527 4706 vehementer
3567 4667 3718 4708 eam-

2120 4737 2248 4794 dem
2283 4754 2505 4795 servans
2575 4782 2587 4794 .
2615 4741 2738 4795 Non
2770 4739 2920 4795 enim
2951 4738 2994 4794 is
3017 4739 3110 4809 qui
3142 4738 3462 4808 simpliciter
3486 4738 3715 4797 fratrem

2113 4845 2280 4886 suum
2307 4829 2542 4886 stultum
2570 4829 2826 4902 appellat,
2868 4845 2995 4886 reus
3021 4836 3123 4896 est,
3156 4829 3250 4885 sed
3276 4829 3321 4884 is
3361 4829 3456 4901 qui
3484 4837 3712 4888 temere.

2111 4918 2207 4974 Isti
2233 4927 2419 4974 autem
2448 4919 2678 4974 omnino
2699 4918 3004 4990 justissima
3044 4918 3198 4973 stulti
3235 4919 3411 4974 vocati
3440 4927 3592 4987 sunt,
3622 4921 3714 4992 qui

2117 5014 2199 5064 tot
2236 5016 2498 5080 tantaque
2546 5009 2686 5064 bona
2719 5024 2830 5063 non
2861 5007 3194 5073 sentiebant,
3239 5016 3294 5063 et
3320 5008 3524 5065 Christi
3564 5025 3716 5067 mor-

2113 5105 2225 5154 tem
2272 5098 2518 5154 inutilem
2555 5097 2842 5154 faciebant.
2868 5097 3111 5155 Observa
3145 5106 3352 5165 antem,
3393 5097 3542 5168 quod
3593 5108 3720 5170 post

2113 5186 2610 5243 demonstrationes
2657 5203 2752 5242 eos
2793 5186 3072 5258 objurgat,
3123 5201 3188 5242 ac
3215 5185 3407 5242 statim
3450 5187 3715 5245 remittat.

2115 5279 2240 5334 Non
2265 5278 2417 5332 enim
2446 5276 2604 5344 dixit,
2635 5275 2766 5346 Quis
2794 5291 2893 5332 vos
2932 5275 3152 5346 decepit
3180 5277 3204 5331 ?
3237 5274 3353 5342 sed,
3395 5293 3425 5327 ιι
3447 5276 3583 5349 Quis
3623 5294 3720 5336 vos

2115 5365 2451 5423 fascinavit?
2486 5391 2508 5415 ι.
2529 5365 2662 5436 Quis
2690 5363 2885 5421 invidit
2913 5363 3069 5420 vobis
3091 5369 3116 5422 Ρ
3143 5363 3391 5422 indicans
3409 5381 3505 5422 eos
3524 5365 3721 5441 dignas

1797 5543 1984 5605 Variae
2026 5545 2330 5609 lectiones.

480 5637 526 5674 ⁸⁸
553 5638 814 5699 ἀπέθανεν.
846 5643 1128 5700 Αἰνίττεται
1164 5647 1251 5702 καὶ
1289 5650 1438 5705 τοῦτο
1462 5651 1542 5705 ὅτι
1569 5649 1598 5704 6
1623 5650 1712 5723 μὲν
1735 5651 1942 5724 Χριστὸς
1966 5651 2018 5708 in:

2127 5655 2309 5708 πάντων
2353 5652 2599 5709 ἀπέθανε’
2642 5653 2692 5707 oi
2731 5651 2786 5707 δὲ
2815 5667 2892 5708 m.
2926 5654 3307 5723 Innuitfetiam
3353 5656 3485 5720 hoc,
3529 5654 3723 5713 Chris-

408 5723 536 5778 tum
555 5727 828 5782 mortuum
849 5741 960 5784 esse
988 5743 1095 5800 pro
1119 5731 1385 5787 omnibus.
1459 5731 1504 5767 θ’
1531 5723 1828 5796 διδάσκαλος
1855 5749 1911 5791 o.
