4134 6414
421 407 522 458 983

1432 397 1477 450 Τ
1482 390 1952 448 HEOPHYLACTI
1992 389 2351 451 BULGARIE
2389 393 2698 450 ARCHIEP.

3617 395 3722 452 984

417 526 620 583 invidia
650 539 735 582 res
764 523 895 582 olim
930 521 1293 580 commisisse.
1323 522 1595 577 Prmterea
1639 516 1844 575 indicat
1871 513 2017 588 quod

2131 519 2254 587 κνὺς
2285 519 2406 589 ἄξια
2436 519 2626 602 φθόνου
2658 517 3163 602 πράττονταςῖπρωΐ
3202 519 3275 583 7°.
3329 521 3497 591 Δηλοῖ
3532 520 3613 598 δὲ,
3641 520 3722 579 ὅτι

417 617 513 691 qui
547 615 624 672 eis
654 614 1050 687 persuaserint,
1081 613 1188 668 hoc
1231 626 1346 666 non
1377 607 1609 666 fecerint
1637 606 1785 681 quod
1825 622 2019 662 curam

417 722 610 764 eorum
638 713 910 778 gererent,
945 718 1124 774 neque
1150 711 1211 756 ut
1240 715 1363 773 quae
1395 699 1470 755 eis
1510 698 1764 754 deessent
1805 696 2018 768 supple-

418 803 573 865 rent;
601 811 792 852 verum
823 801 884 850 ut
911 809 974 848 ea
1013 793 1180 848 etiam
1219 806 1342 862 quae
1374 788 1641 844 haberent
1671 787 1866 842 mutila
1897 785 2019 842 red-

418 886 634 942 derent.
690 881 1023 956 Hujusmodi
1063 881 1210 936 enim
1259 889 1342 936 est
1391 877 1622 935 invidia.
1678 879 1801 933 Non
1833 883 2016 932 autem

416 975 571 1050 quasi
614 974 810 1030 invidia
860 980 1071 1028 tantum
1116 969 1332 1026 roboris
1386 983 1483 1040 per
1537 983 1596 1022 se
1643 965 1863 1034 habeat,
1913 965 2019 1021 hoc

417 1064 573 1133 dixit,
624 1078 810 1119 verum
862 1061 996 1135 quia
1042 1060 1302 1116 docentes
1344 1057 1461 1114 haec
1508 1071 1605 1129 per
1653 1055 1909 1113 invidiam
1953 1069 2020 1111 eo

420 1153 755 1227 perveniant.

495 1267 519 1292 α
551 1244 801 1314 Quorum
839 1242 910 1298 ob
947 1245 1136 1296 oculos
1183 1239 1437 1295 Christus
1482 1239 1641 1294 Jesus
1669 1235 2020 1308 praescriptus

421 1341 521 1399 est,
551 1333 838 1390 cruciﬁxus
881 1333 940 1387 in
983 1331 1157 1386 vobis.
1195 1354 1218 1378 ν
1270 1329 1433 1400 Atqui
1469 1327 1865 1399 Hierosolymis
1895 1341 2016 1380 cru-

422 1424 614 1478 eiﬁxus
634 1431 717 1478 est
739 1443 753 1491 ;
776 1419 1058 1494 quomodo
1075 1436 1202 1491 ergo
1227 1419 1359 1475 dicit
1381 1417 1557 1489 quodex
1593 1423 1735 1472 Ante
1756 1415 1966 1479 oculos,
1990 1437 2013 1461 υ

423 1523 498 1579 et,
560 1536 584 1561 α
633 1517 692 1568 ln
741 1511 1012 1568 vobis?»
1047 1509 1323 1582 Quoniam
1375 1507 1499 1563 lidei
1549 1507 1723 1562 oculis
1766 1503 2020 1559 viderunt

421 1619 638 1658 crucem
703 1601 966 1666 exactius,
997 1615 1164 1672 quam
1206 1599 1298 1671 qui
1348 1606 1468 1652 tum
1507 1612 1695 1652 coram
1732 1595 2032 1651 astiterunt.»

421 1699 945 1763 conspexeruntque.
987 1693 1128 1746 Nam
1160 1687 1428 1760 plerisque
1476 1702 1664 1743 eoram
1695 1685 1787 1756 qui
1816 1699 2016 1756 corpo-

420 1781 606 1837 raliter
661 1781 926 1849 viderant,
998 1779 1132 1834 nihil
1208 1775 1584 1833 commodavit
1632 1793 1645 1830 :
1688 1775 1747 1830 hi
1805 1782 2014 1840 autem,

420 1871 628 1927 etiamsi
667 1871 841 1926 oculis
862 1886 971 1925 non
1003 1868 1284 1934 vidissent,
1327 1883 1423 1939 per
1453 1865 1620 1922 ﬁdem
1671 1873 1854 1921 tamen
1884 1880 2012 1920 exa-
2045 1845 2094 1908 Β

419 1961 562 2016 ctius
588 1960 860 2016 viderunt.
892 1958 1145 2015 Christus
1183 1957 1354 2028 igitur
1394 1957 1746 2028 praescriptus
1783 1961 1886 2023 est,
1913 1952 2018 2008 hoc

421 2058 522 2118 est,
561 2049 678 2105 viva
721 2048 887 2104 veluti
919 2047 1153 2118 imagine
1199 2061 1450 2117 expressa
1501 2044 1745 2115 depictus
1787 2051 1870 2098 est
1925 2058 2020 2114 per

422 2136 920 2210 praedicationem:
976 2152 1074 2191 vos
1119 2150 1250 2190 vero
1302 2133 1676 2204 prmdicationi
1715 2131 2018 2198 credentes,

420 2243 519 2283 ceu
576 2234 897 2298 praesentem
943 2226 1122 2297 ipsum
1167 2223 1386 2278 videtis.
1445 2224 1578 2278 Haec
1640 2229 1830 2276 autem
1869 2228 1924 2276 et
1964 2220 2019 2276 in

424 2315 640 2372 laudem
663 2331 857 2371 eorum
886 2313 1108 2384 cedunt,
1149 2321 1202 2368 et
1226 2313 1285 2367 in
1308 2311 1663 2383 vituperium:
1691 2311 1748 2365 in
1779 2309 2016 2379 laudem,

421 2406 548 2478 quia
585 2421 715 2460 cum
767 2413 917 2460 tanta
974 2402 1302 2458 certitudine
1356 2402 1472 2458 haec
1525 2408 1916 2472 susceperunt;
1960 2398 2017 2454 in

417 2495 771 2566 vituperium,
803 2494 928 2566 quia
971 2509 1134 2565 quem
1177 2492 1422 2547 viderunt
1475 2491 1771 2556 nudatum,
1803 2488 2021 2545 cruciﬁ-

421 2602 574 2651 xum,
619 2585 966 2645 morientem,
1016 2583 1161 2638 hunc
1197 2581 1556 2646 dimittentes,
1602 2579 1671 2635 ad
1721 2579 1899 2650 legem
1928 2594 2018 2634 ac-

419 2682 733 2730 currerunt.
763 2672 1024 2745 Expende
1049 2681 1235 2728 autem
1288 2669 1568 2742 quomodo
1598 2669 1804 2725 relictis
1840 2669 2023 2724 omni-

422 2763 525 2818 bus
570 2779 784 2820 crucem
817 2765 869 2818 in
912 2762 1158 2818 medium
1199 2759 1426 2833 profert.

494 2855 663 2908 Vens.
695 2859 748 2907 2.
786 2875 810 2899 α
845 2853 965 2907 lloc
1003 2851 1181 2906 solum
1232 2866 1261 2905 a
1315 2849 1473 2905 vobis
1509 2847 1634 2904 volo
1671 2845 1878 2904 discere
1903 2864 1916 2901 :
1942 2849 2024 2902 Ex

422 2941 679 3013 operibus
737 2941 874 3010 legis
941 2940 1204 3011 Spiritum
1247 2937 1544 3010 accepistis,
1599 2953 1670 2992 an
1724 2952 1790 2991 ex
1835 2936 2024 2992 auditu

423 3031 548 3086 ﬁdei
567 3033 590 3071 ³
622 3055 644 3079 ιι
680 3031 819 3101 Quia
847 3029 1166 3101 prolixiores
1185 3043 1468 3083 sermones
1497 3042 1606 3081 non
1645 3025 2022 3098 assequimini,

2127 611 2174 667 οἱ
2214 610 2647 691 ίπαραπείθοντες
2695 610 2910 684 αὐτοὺς,
2963 611 3064 691 οὐχ
3110 613 3181 679 ὡς
3231 611 3544 686 κηδεμόνες,
3603 611 3721 668 οὐδὲ

2128 701 2198 766 ὡς
2247 701 2306 761 τὸ
2345 704 2526 761 λεῖπον
2575 703 3004 781 ἀναπληροῦντες
3057 708 3227 761 ταῦτα
3276 705 3551 774 ποιοῦσιν,
3600 701 3723 758 ἀλλ’

2125 791 2196 856 ὥς
2237 791 2330 849 καὶ
2370 791 2438 851 τὰ
2492 789 2618 850 ὄντα
2662 790 3144 872 ἀκρωτηριάζοντες
3174 814 3187 830 ο
3237 795 3471 849 τοιοῦτον
3531 790 3637 870 γὰρ
3696 793 3724 847 6

2126 877 2330 959 φθόνος.
2384 881 2506 960 Οὖχ
2561 882 2632 949 ὥς
2674 886 2768 963 τοῦ
2809 880 2995 963 φθόνου
3041 879 3097 939 δὲ
3146 883 3266 939 καθ’
3319 880 3506 938 ἑαυτὸν
3565 877 3722 958 ἰσχὺν

2125 968 2336 1049 ἔχοντος
2359 1018 2376 1046 ,
2429 975 2600 1030 ταῦτα
2652 961 2830 1043 εἶπεν,
2874 972 2992 1030 ἀλλ’
3024 973 3093 1037 ὥς
3139 975 3309 1029 ταῦτα
3357 967 3720 1030 διδασκόντων

2126 1058 2213 1118 διὰ
2245 1059 2540 1140 βασκανίαν
2570 1060 2840 1120 ἐπὶτοῦτο
2870 1059 3153 1121 ἐλθόντων.

2219 1230 2372 1306 ((Ὀῖς
2399 1238 2524 1297 κατ’
2555 1239 2858 1320 ὀφθαλμοὺς
2888 1237 3094 1310 Ἰησοῦς
3126 1239 3354 1318 Χριστὸς
3385 1237 3718 1318 προεγράφη,

2127 1331 2177 1388 ἐν
2212 1333 2332 1406 ὑμῖν
2373 1329 2792 1410 ἐσταυρωμένος.
2859 1351 2888 1388 ιι
2935 1328 3045 1389 Καὶ
3100 1329 3206 1405 μὴν
3259 1331 3310 1387 ἐν
3364 1326 3725 1406 Ἰερουσαλὴμ

2126 1416 2433 1498 ἐσταυρώθη
2465 1442 2479 1456 ο
2509 1422 2620 1486 πῶς
2649 1409 2738 1477 οῦν
2769 1442 2959 1498 φησιν,
2992 1418 3073 1476 ὅτι
3106 1441 3134 1476 α
3173 1421 3313 1479 Κατ’
3346 1417 3668 1496 ὀφθαλμοὺς,
3704 1445 3726 1470 ι.

2126 1509 2247 1582 καὶ,
2299 1531 2329 1566 α
2352 1509 2446 1568 Ἐν
2475 1511 2634 1584 ὓμῗν;
2675 1534 2700 1561 ι
2732 1507 2864 1568 ⁶¹Οτι
2893 1511 3000 1575 τοῖς
3029 1511 3123 1579 τῆς
3163 1508 3391 1574 πίστεως
3428 1509 3725 1588 ὀφθαλμοῖς

2127 1588 2262 1658 εἶδον
2310 1597 2398 1657 τὸν
2433 1597 2656 1680 σταυρὸν
2708 1597 3082 1677 ἀκριϐέστερον
3135 1603 3237 1656 τῶν
3290 1598 3408 1656 τότε
3443 1596 3723 1675 παρόντων

2128 1687 2220 1747 καὶ
2270 1687 2568 1764 θεωμένων.
2627 1687 2876 1746 Ἐκείνων
2930 1687 3026 1763 μὲν
3074 1687 3177 1768 γὰρ
3221 1688 3410 1747 πολλοὶ
3447 1687 3720 1762 θεασάμε-

2127 1802 2205 1836 νοι
2235 1781 2581 1856 σωματικῶς,
2631 1777 2777 1836 οὐδὲν
2812 1776 3092 1836 ἀπώναντο
3123 1801 3136 1815 ο
3167 1769 3311 1836 οὗτοι
3347 1779 3400 1834 δὲ
3449 1779 3724 1856 ὀφθαλμο-

2170 1870 2302 1935 ανῶς
2355 1867 2430 1943 μὴ
2482 1866 2707 1943 ἰδόντες,
2766 1866 2852 1924 διὰ
2912 1871 3008 1938 τῆς
3063 1865 3293 1934 πίστεως
3347 1865 3728 1946 ἀκριϐέστερον

2129 1890 2283 2014 ἔδον.
2338 1954 2657 2014 Ποοεγοάςοη
2710 1956 2881 2014 τοίνυν
2935 1961 2963 2014 6
3012 1955 3237 2014 Χριστὸς
3295 1954 3368 2014 ⁷⁸.
3425 1953 3728 2014 τουτέστιν.

2127 1953 2283 2016 εἶδον.
2338 1954 2658 2036 Προεγράφη
2710 1956 2881 2015 τοίνυν
2935 1961 2963 2015 6
3012 1955 3237 2034 Χριστὸς
3295 1954 3368 2029 7',
3425 1953 3730 2028 τουτέστιν,

2127 2045 2475 2126 ἐζωγραφήθη
2507 2045 2594 2103 διὰ
2639 2050 2732 2103 τοῦ
2781 2045 3124 2125 κηρύγματος
3153 2063 3166 2078 ⁸
3216 2047 3363 2120 ὑμεῖς
3393 2043 3449 2104 δὲ
3492 2044 3718 2103 πιστεύ-

2128 2158 2313 2201 σαντες
2361 2139 2437 2214 τῷ
2507 2133 2844 2212 κηρύγματι,
2899 2137 2970 2200 ὡς
3025 2133 3265 2215 παρόντα
3337 2133 3494 2192 αὐτὸν
3557 2133 3724 2195 ἴδετε.

2127 2227 2318 2285 Ταῦτα
2371 2224 2423 2282 δὲ
2493 2224 2584 2282 καὶ
2650 2223 2861 2290 ἔπαινός
2915 2226 3046 2282 εἰσιν
3101 2226 3310 2297 αὐτῶν,
3364 2224 3456 2283 καὶ
3525 2223 3688 2304 ψόγος
3718 2248 3732 2261 ο

2129 2313 2340 2380 ἔπαινος
2384 2311 2515 2390 μὲν,
2558 2311 2639 2371 ὅτι
2687 2313 2823 2390 μετὰ
2868 2312 3130 2384 τοσαύτης
3178 2313 3542 2394 πληροφορίας
3603 2312 3723 2372 ἐδέ-

2130 2402 2281 2472 ξαντο
2331 2397 2499 2462 ταῦτα
2533 2426 2546 2440 ·
2591 2402 2751 2484 ψόγος
2783 2402 2870 2472 δὲ,
2904 2402 2984 2461 ὅτι
3031 2401 3087 2462 ὃν
3134 2394 3268 2461 εἶδον
3318 2401 3683 2482 γυμνούμενον
3710 2447 3730 2479 ,

2130 2491 2674 2568 ἀνεσκολοπισμένον,
2740 2491 3074 2567 θνήσκοντα,
3127 2499 3312 2551 τοῦτον
3373 2493 3592 2574 ἀφέντες
3639 2493 3731 2550 ἐπὶ

2128 2582 2217 2641 τὸν
2246 2581 2402 2656 νόμον
2433 2580 2682 2661 ἔδραμον.
2734 2581 2882 2661 ⁰Ορα
2916 2581 3008 2659 δὲ,
3042 2587 3153 2649 πῶς
3201 2581 3378 2640 πάντα
3419 2583 3600 2663 ἀφεὶς,
3635 2581 3727 2641 τὸν

2131 2671 2356 2752 σταυρὸν
2391 2673 2464 2737 εἷς
2497 2671 2659 2749 μέσον
2695 2670 2862 2752 φέρει.

2217 2866 2244 2900 ε
2277 2846 2328 2904 Τ
2331 2850 2450 2903 οῦτο
2497 2843 2651 2922 μόνον
2685 2842 2821 2903 θέλω
2851 2845 3035 2920 μαθεῖν
3069 2847 3159 2925 ἀφ’
3189 2846 3338 2919 ὑμῶν
3367 2867 3380 2880 ο
3414 2843 3508 2912 Ἐξ
3555 2845 3726 2923 ἔργων

2131 2931 2295 3006 νόμου
2338 2933 2399 2992 τὸ
2449 2935 2673 3010 Πνεῦμα
2722 2933 2980 3011 ἐλάϐετε,
3033 2934 3066 3006 ἢ
3101 2934 3155 3003 ἐξ
3201 2938 3362 3004 ἀκοῆς
3406 2933 3664 3007 πίστεωςς
3695 2958 3726 2995 υ

2132 3021 2360 3094 Ἐπειδὴ
2419 3029 2527 3088 τοῖς
2586 3031 2812 3100 μακροῖς
2863 3025 2921 3082 οὖ
2999 3027 3448 3102 παρακολουθεῐτε
3521 3023 3733 3101 λόγοις,

423 3137 601 3191 neque
651 3099 1073 3191 dispensationis
1135 3117 1338 3172 divinae
1395 3115 1832 3185 magnitudinem
1888 3130 2020 3169 con-

2138 3110 2258 3170 οὐδὲ
2315 3117 2407 3183 τῆς
2459 3111 2758 3187 οἰκονομίας
2810 3112 2870 3170 τὸ
2929 3112 3144 3192 μέγεθος
3190 3117 3551 3172 κατοπτεῦσαι
3612 3115 3736 3194 βού-

424 3209 677 3280 templari
735 3208 920 3274 vultis,
985 3206 1147 3279 341
1201 3205 1481 3260 concisum
1532 3203 1794 3275 quiddam
1841 3202 2022 3258 dicam

427 3299 598 3355 vobis.
650 3297 736 3354 Ad
789 3297 894 3352 hoc
928 3297 1073 3351 enim
1145 3295 1404 3366 exiguum
1457 3293 1782 3365 respondete
1850 3292 2023 3348 mihi:

424 3387 719 3445 Undenam
762 3387 1076 3458 acceperitis
1126 3385 1394 3456 Spiritum
1437 3391 1708 3448 sanctum,
1738 3391 2026 3456 tantasque

426 3479 656 3534 virtutes
681 3493 751 3532 ac
796 3477 950 3547 signa
995 3475 1274 3531 edideritis
1305 3479 1326 3530 Ρ
1357 3476 1435 3530 Ex
1486 3473 1618 3546 legis
1645 3473 1925 3545 operibus,
1956 3489 2026 3528 an

427 3583 492 3624 ex
519 3565 624 3623 ﬁde
652 3566 1046 3638 ?Perspicuum
1075 3574 1157 3620 est
1193 3563 1339 3637 quod
1367 3579 1430 3619 ex
1462 3562 1592 3618 ﬁde.
1641 3565 1780 3619 Nam
1807 3561 2028 3634 quando

428 3659 544 3729 lege
594 3655 945 3722 tenebamini,
996 3655 1262 3726 Spiritum
1311 3669 1424 3709 non
1483 3653 1785 3720 habebatis,
1848 3669 2028 3726 neque

427 3749 657 3802 virtutes
713 3745 1091 3817 perﬁciebatis.
1127 3743 1233 3814 Qui
1266 3744 1428 3817 igitur
1468 3742 1575 3800 ﬁde
1619 3743 1862 3813 dimissa,
1903 3759 2027 3798 rur-

428 3854 520 3891 sus
549 3837 648 3908 legi
672 3835 1004 3892 adhmretis?

500 3929 679 3982 Vens.
711 3933 762 3982 3.
797 3944 823 3977 ‹‹
857 3927 942 3980 Sic
965 3924 1111 3979 stulti
1147 3924 1298 3990 estis,
1329 3932 1391 3978 ut
1437 3939 1566 3978 cum
1607 3922 1800 3994 Spiritu
1845 3937 2026 3993 coepe-

424 4015 565 4082 ritis,
592 4031 740 4071 nunc
767 4030 931 4069 carne
961 4012 1426 4068 consummamini
1454 4016 1477 4068 ἱ)
1528 4035 1552 4060 ι
1581 4013 1795 4067 Rursus
1824 4026 2024 4082 oppor-

424 4114 558 4160 tune
585 4103 977 4159 contumeliam
1007 4101 1253 4173 protulit.
1282 4105 1421 4157 Nam
1452 4116 1577 4156 cum
1600 4101 1870 4172 temporis
1905 4116 2028 4171 pro-

426 4209 589 4250 cursu
624 4193 1026 4247 incrementum
1060 4189 1235 4245 facere
1265 4189 1611 4256 debuissetis,
1655 4191 1853 4262 inquit,
1914 4206 2027 4246 non

427 4282 610 4338 solum
647 4296 760 4335 non
791 4278 1148 4351 promovisti
1172 4279 1499 4350 quidquam,
1527 4295 1716 4334 verum
1751 4278 1915 4334 etiam
1939 4295 2023 4334 re-

425 4379 671 4427 trorsum
699 4368 915 4424 abducti
956 4367 1111 4423 estis.
1153 4369 1294 4423 Nam
1333 4370 1485 4439 signa
1515 4369 1716 4435 facere,
1748 4368 2026 4440 spirituale

426 4469 512 4516 est
574 4457 721 4531 quod
778 4457 933 4513 vobis
987 4457 1163 4512 inerat
1225 4456 1277 4510 in
1329 4457 1591 4528 principio
1644 4477 1656 4513 :
1707 4457 2024 4512 circumcidi

425 4565 578 4616 vero,
640 4549 858 4604 carnale
925 4559 1024 4612 est,
1079 4545 1227 4619 quod
1280 4562 1427 4602 nunc
1483 4545 1708 4602 tandem
1767 4546 2021 4619 elegistis.

426 4642 542 4696 Nec
567 4638 722 4706 dixit,
753 4637 1192 4705 Consummatis,
1225 4637 1340 4706 sed,
1386 4660 1411 4686 ι
1463 4637 1962 4707 Consummamini,
1998 4661 2022 4685 »ι

424 4730 656 4786 iunuens
682 4729 828 4802 quod
872 4727 1160 4783 brutorum
1192 4742 1452 4798 pecorum
1488 4727 1679 4803 instar,
1718 4727 2022 4799 apprehen-

425 4818 617 4876 dentes
657 4834 752 4874 eos
800 4817 898 4886 illi,
929 4817 1019 4888 qui
1065 4816 1544 4874 circumcisionem
1587 4816 1882 4887 docebant,
1921 4819 2026 4875 cir-

425 4907 830 4964 cumcidebant.

496 5001 679 5055 Vnns.
705 5003 757 5054 4.
795 5019 820 5046 ‹‹
853 4998 1029 5052 Tanta
1059 4995 1200 5067 passi
1229 4995 1358 5052 estis
1389 4997 1504 5053 sine
1525 5000 1738 5054 causa?
1775 4998 1817 5054 si
1840 5006 2024 5056 tamen

423 5086 540 5144 sine
589 5103 770 5144 causa.
806 5110 833 5136 ν
877 5085 1065 5142 Multis
1115 5086 1514 5143 tentatiouibus
1566 5088 1845 5144 colluctati
1872 5100 2029 5146 erant

423 5185 646 5250 propter
685 5176 986 5233 Christum.
1027 5177 1135 5232 Tot
1179 5176 1368 5249 igitur,
1400 5177 1600 5248 inquit,
1637 5175 1844 5234 frustra
1882 5181 2025 5250 passi

425 5266 685 5323 θειίεέδὶ
712 5263 857 5320 enim
883 5265 1367 5334 circumcidimini,
1411 5265 1500 5321 illa
1545 5267 1730 5322 omnia
1771 5275 1899 5323 sunt
1939 5283 2027 5323 su-

422 5370 776 5427 pervacanea,
828 5355 1265 5427 impostoresque
1329 5363 1411 5411 tot
1459 5371 1556 5412 vos
1605 5357 1818 5412 coronis
1863 5357 2023 5413 orba-

424 5454 569 5502 runt.
609 5443 816 5500 Deinde
859 5460 1013 5516 spem
1040 5445 1343 5501 revertendi
1378 5445 1507 5518 ipsis
1545 5445 1700 5502 addit
1720 5447 2023 5519 ,inquiens,

2057 4422 2107 4484 D

2133 3202 2285 3260 λεσθε
2306 3247 2320 3273 ,
2357 3198 2614 3278 σύντομόν
2657 3225 2706 3257 τι
2740 3202 2843 3280 ἐρῶ
2886 3201 3016 3281 πρὸς
3045 3207 3198 3278 ὑμᾶς.
3233 3202 3579 3283 Ἀποκρίθητε
3627 3203 3730 3285 γάρ

2137 3313 2226 3366 μοι
2251 3296 2407 3350 τοῦτο
2445 3291 2505 3350 τὸ
2547 3289 2735 3368 μικρόν
2763 3315 2775 3328 ο
2821 3290 2991 3352 Πόθεν
3029 3293 3244 3351 ἐλάϐετε
3287 3294 3506 3369 Πνεῦμα
3539 3292 3731 3373 ἅγιον,

2137 3380 2228 3439 καὶ
2274 3380 2539 3451 τοσαύτην
2590 3380 2812 3458 δύναμιν
2866 3381 2956 3441 καὶ
3003 3391 3204 3459 σημεῖα
3255 3380 3572 3452 ἐποιήσατες
3635 3383 3740 3444 Ἐκ

2136 3473 2240 3528 τῶν
2271 3474 2323 3531 ἐν
2356 3469 2504 3552 νόμῳ
2554 3469 2760 3550 ἔργων,
2807 3471 2843 3544 ἢ
2895 3473 2956 3530 ἐκ
3006 3475 3100 3542 τῆς
3148 3471 3404 3544 πίστεως;
3461 3472 3736 3553 Πρόδηλον

2135 3557 2215 3618 ὅτι
2245 3562 2324 3638 [ἐκ
2351 3566 2443 3632 τῆς
2476 3559 2704 3626 πίστεως
2731 3583 2743 3597 ο
2772 3561 2886 3620 ἐπεὶ
2941 3561 3015 3639 μὴ
3047 3561 3132 3621 ὅτε
3167 3567 3258 3620 τοῦ
3289 3562 3450 3637 νόμου
3498 3560 3735 3642 εἴχεσθε,

2138 3653 2364 3728 Πνεῦμα
2413 3648 2627 3731 εἴχετε,
2679 3650 2775 3709 καὶ
2827 3652 3073 3728 δυνάμεις
3126 3654 3443 3712 ἔπετελεῖτε.
3484 3654 3610 3718 Πῶς
3642 3643 3734 3713 οὖν

2141 3740 2356 3822 ἀφέντες
2385 3740 2480 3814 τὴν
2509 3739 2685 3800 πίστιν
2705 3786 2721 3815 ,
2752 3743 2913 3801 πάλιν
2941 3742 3123 3821 ἔχεσθε
3155 3746 3244 3800 τοῦ
3271 3741 3468 3818 νόμου;

2222 3943 2252 3974 α
2281 3917 2468 3986 Οὕτως
2499 3918 2712 3990 ἀνόητοί
2745 3922 2861 3978 ἐστε
2882 3964 2896 3990 ,
2932 3918 3272 4000 ἐναρξάμενοι
3307 3919 3609 3998 πνεύματι,
3641 3929 3735 3981 νῦν

2138 4008 2294 4088 σαρκὶ
2347 4010 2712 4081 ἐπιτελεῖσθες
2778 4036 2802 4061 υ
2869 4007 3046 4068 Πάλιν
3109 4008 3366 4090 εὐκαίρως
3427 4012 3523 4084 τὴν
3583 4009 3738 4091 ὕϐριν

2137 4097 2423 4176 ἐπήγαγεν.
2456 4097 2584 4157 Δέον
2610 4097 2737 4178 γὰρ,
2772 4099 2944 4178 φησὶ,
2984 4100 3294 4177 προσθήκην
3341 4105 3605 4176 ποιῆσαι,
3641 4107 3737 4159 τοῦ

2135 4188 2330 4266 χρόνου
2361 4185 2634 4265 προϊόντος
2659 4233 2675 4260 ,
2703 4187 2762 4244 ού
2800 4186 2957 4264 μόνον
2987 4190 3080 4246 οὐκ
3110 4186 3416 4247 ἐπεδώκατε
3435 4235 3453 4268 ,
3481 4189 3618 4248 ἀλλὰ
3649 4191 3737 4248 καὶ

2137 4278 2210 4342 εἰς
2247 4274 2480 4334 τούπίσω
2529 4275 2832 4354 ἀπήχθητε.
2887 4277 2968 4334 Τὸ
3015 4276 3109 4351 μὲν
3149 4277 3252 4356 γὰρ
3283 4288 3484 4350 σημεῖα
3531 4286 3737 4350 ποιεῖν,

2135 4365 2492 4441 πνευματικόν
2532 4367 2694 4423 ἐστιν·
2723 4363 2853 4445 ὅπερ
2885 4365 3054 4446 εἴχετε
3092 4368 3143 4424 ἐν
3176 4369 3317 4446 ἀρχῇ
3349 4391 3360 4404 ·
3394 4370 3456 4427 τὸ
3498 4366 3552 4426 δὲ
3585 4392 3737 4449 περι-

2135 4451 2454 4536 τέμνεσθαι,
2501 4454 2752 4533 σαρκικόν
2780 4478 2794 4493 ·
2857 4453 2887 4513 ὃ
2932 4463 3022 4516 νῦν
3071 4457 3125 4514 ἐν
3172 4459 3250 4536 τῷ
3305 4456 3446 4516 τέλει
3505 4456 3735 4516 εἵλεσθε.

2138 4543 2246 4604 Καὶ
2279 4545 2374 4602 οὐκ
2405 4533 2549 4617 εἷπε,
2573 4545 2790 4604 Τελεῖτε
2809 4591 2828 4619 ,
2859 4544 2998 4604 ἀλλὰ
3017 4591 3034 4622 ,
3089 4567 3120 4603 (ι
3148 4533 3435 4619 Τελεῖσθε,
3469 4569 3498 4604 ι
3532 4546 3734 4614 δεικνὺς

2133 4634 2213 4692 ὅτι
2246 4634 2398 4706 δίκην
2428 4633 2750 4714 θρεμμάτων
2796 4634 3004 4713 ἀλόγων
3052 4634 3304 4702 λαϐόντες
3349 4633 3542 4704 αὐτοὺς
3591 4639 3732 4696 ἐκεῖ·

2132 4747 2209 4784 νοι
2239 4723 2566 4784 κατέκοπτον
2585 4768 2602 4799 ,
2645 4726 2692 4783 οἱ
2723 4723 2817 4796 τὴν
2843 4723 3141 4804 περιτομὴν
3172 4725 3529 4793 διδάσκοντες.

2229 5011 2258 5048 ‹‹
2305 4993 2557 5050 Τοσαῦτα
2601 4991 2822 5049 ἐπάθετε
2853 4993 3005 5064 εἶκῆ;
3050 4991 3158 5070 εἴγε
3185 4993 3274 5050 καὶ
3322 4994 3460 5064 εἰκῆ.
3501 5014 3529 5051 ››
3582 4994 3737 5055 Πολ-

2138 5084 2248 5146 λοῖς
2290 5084 2607 5163 πειρασμοῖς
2645 5070 2783 5152 ἦσαν
2814 5081 3173 5147 παλαίσαντες
3228 5081 3316 5140 διὰ
3354 5083 3442 5142 τὸν
3479 5085 3730 5163 Χριστόν.

2139 5173 2394 5231 Τοσαῦτα
2427 5159 2514 5228 οῦν
2543 5215 2558 5246 ,
2592 5168 2755 5250 φησὶ,
2785 5170 2961 5246 μάτην
2985 5170 3324 5246 πεπόνθατε;
3353 5173 3421 5232 Εἰ
3453 5159 3556 5252 γὰρ
3583 5199 3734 5254 περι·

2134 5259 2418 5336 τέμνεσθε,
2500 5259 2676 5336 μάτην
2742 5261 2916 5319 ἐκεῖνα
2990 5261 3195 5334 πάντα,
3270 5262 3361 5321 καὶ
3431 5263 3734 5337 ἐζημίωσαν

2135 5353 2271 5424 ὑμᾶς
2313 5351 2360 5406 οἱ
2382 5349 2575 5408 πλάνοι
2618 5347 2737 5417 τοὺς
2785 5348 3062 5417 τοσούτους
3106 5349 3415 5432 στεφάνους.
3473 5344 3608 5414 Εἶτα
3662 5355 3740 5412 δι-

2134 5439 2253 5507 δοὺς
2285 5440 2462 5506 αὐτοῖς
2509 5437 2723 5505 ἐλπίδας
2775 5438 3068 5517 ἐπανόδου,
3113 5439 3311 5521 φησίν·
3369 5461 3399 5500 tt
3433 5443 3502 5503 Εἴ
3534 5465 3597 5522 γε
3645 5444 3737 5502 καὶ

1805 5573 1992 5633 Variae
2033 5575 2330 5635 lectiones.

493 5693 539 5726 7°
573 5693 686 5764 πρὶν
714 5708 768 5750 0.
847 5693 886 5728 ⁷⁸
921 5693 1133 5764 ἀκριϐῶς
1163 5711 1214 5751 ο.
