  <div class='ocr_page' id='page_1' title='image "/cluster/home/n/w/nwhite01/storage/ocr_20150623/124:no.2/coo.31924054870294/500.png"; bbox 0 0 4134 6430; ppageno 0'>
   <div class='ocr_carea' id='block_1_1' title="bbox 364 418 468 473">
    <p class='ocr_par' dir='ltr' id='par_1_1' title="bbox 364 418 468 473">
     <span class='ocr_line' id='line_1_1' title="bbox 364 418 468 473; baseline 0 -1"><span class='ocrx_word' id='word_1_1' title='bbox 364 418 468 473; x_wconf 86' lang='grc'><strong>985</strong></span> 
     </span>
    </p>
   </div>
   <div class='ocr_carea' id='block_1_2' title="bbox 1277 412 2830 475">
    <p class='ocr_par' dir='ltr' id='par_1_2' title="bbox 1277 412 2830 475">
     <span class='ocr_line' id='line_1_2' title="bbox 1277 412 2830 475; baseline -0.001 -6"><span class='ocrx_word' id='word_1_2' title='bbox 1277 412 1636 472; x_wconf 84' lang='lat' dir='ltr'><strong>EXPOSITIO</strong></span> <span class='ocrx_word' id='word_1_3' title='bbox 1675 416 1740 472; x_wconf 88' lang='lat' dir='ltr'><strong>IN</strong></span> <span class='ocrx_word' id='word_1_4' title='bbox 1777 415 1986 473; x_wconf 89' lang='lat' dir='ltr'><strong>EPIST.</strong></span> <span class='ocrx_word' id='word_1_5' title='bbox 2025 418 2119 473; x_wconf 79' lang='lat' dir='ltr'><strong>AD</strong></span> <span class='ocrx_word' id='word_1_6' title='bbox 2202 418 2401 475; x_wconf 81' lang='lat' dir='ltr'><strong>ALAT.</strong></span> <span class='ocrx_word' id='word_1_7' title='bbox 2439 448 2509 459; x_wconf 93' lang='lat'>—</span> <span class='ocrx_word' id='word_1_8' title='bbox 2546 417 2696 475; x_wconf 88' lang='lat' dir='ltr'><strong>CAP.</strong></span> <span class='ocrx_word' id='word_1_9' title='bbox 2738 415 2830 471; x_wconf 87' lang='lat' dir='ltr'><strong>III.</strong></span> 
     </span>
    </p>
   </div>
   <div class='ocr_carea' id='block_1_3' title="bbox 3561 407 3664 462">
    <p class='ocr_par' dir='ltr' id='par_1_3' title="bbox 3561 407 3664 462">
     <span class='ocr_line' id='line_1_3' title="bbox 3561 407 3664 462; baseline 0.019 -2"><span class='ocrx_word' id='word_1_10' title='bbox 3561 407 3664 462; x_wconf 87' lang='lat'><strong>986</strong></span> 
     </span>
    </p>
   </div>
   <div class='ocr_carea' id='block_1_4' title="bbox 361 513 1962 625">
    <p class='ocr_par' dir='ltr' id='par_1_4' title="bbox 361 539 1957 625">
     <span class='ocr_line' id='line_1_4' title="bbox 361 539 1957 625; baseline 0.002 -23"><span class='ocrx_word' id='word_1_11' title='bbox 361 544 477 614; x_wconf 78' lang='grc' dir='ltr'>εἰκῆ</span> <span class='ocrx_word' id='word_1_12' title='bbox 501 565 515 578; x_wconf 90' lang='grc'><strong>·</strong></span> <span class='ocrx_word' id='word_1_13' title='bbox 561 562 594 600; x_wconf 73' lang='lat' dir='ltr'><strong>n</strong></span> <span class='ocrx_word' id='word_1_14' title='bbox 650 539 952 618; x_wconf 77' lang='grc' dir='ltr'><strong>τουτέστιν,</strong></span> <span class='ocrx_word' id='word_1_15' title='bbox 993 543 1062 602; x_wconf 80' lang='grc' dir='ltr'><strong>Εἰ</strong></span> <span class='ocrx_word' id='word_1_16' title='bbox 1113 539 1452 621; x_wconf 76' lang='grc' dir='ltr'><strong>βουληθείητε</strong></span> <span class='ocrx_word' id='word_1_17' title='bbox 1510 543 1810 625; x_wconf 66' lang='grc' dir='ltr'>ἀνανῆψαι,</span> <span class='ocrx_word' id='word_1_18' title='bbox 1861 547 1957 605; x_wconf 85' lang='grc' dir='ltr'><strong>οὐκ</strong></span> 
     </span>
    </p>
   </div>
   <div class='ocr_carea' id='block_1_5' title="bbox 2051 513 3663 625">
    <p class='ocr_par' dir='ltr' id='par_1_5' title="bbox 2073 535 3663 607">
     <span class='ocr_line' id='line_1_5' title="bbox 2073 535 3663 607; baseline -0.009 -3"><span class='ocrx_word' id='word_1_19' title='bbox 2073 565 2100 596; x_wconf 90' lang='grc'><em>‹‹</em></span> <span class='ocrx_word' id='word_1_20' title='bbox 2145 546 2202 603; x_wconf 92' lang='lat' dir='ltr'><strong>Si</strong></span> <span class='ocrx_word' id='word_1_21' title='bbox 2230 553 2421 603; x_wconf 88' lang='lat' dir='ltr'><strong>tamen</strong></span> <span class='ocrx_word' id='word_1_22' title='bbox 2473 545 2590 602; x_wconf 90' lang='lat' dir='ltr'><strong>sine</strong></span> <span class='ocrx_word' id='word_1_23' title='bbox 2632 558 2798 600; x_wconf 91' lang='lat' dir='ltr'><strong>causa</strong></span> <span class='ocrx_word' id='word_1_24' title='bbox 2837 561 2850 597; x_wconf 89' lang='lat'><strong>:</strong></span> <span class='ocrx_word' id='word_1_25' title='bbox 2904 565 2930 590; x_wconf 73' lang='grc' dir='ltr'>ι»</span> <span class='ocrx_word' id='word_1_26' title='bbox 2957 539 3062 597; x_wconf 90' lang='lat' dir='ltr'><strong>hoc</strong></span> <span class='ocrx_word' id='word_1_27' title='bbox 3088 546 3191 607; x_wconf 89' lang='lat' dir='ltr'><strong>est,</strong></span> <span class='ocrx_word' id='word_1_28' title='bbox 3223 536 3276 595; x_wconf 89' lang='lat' dir='ltr'><strong>Si</strong></span> <span class='ocrx_word' id='word_1_29' title='bbox 3304 535 3484 592; x_wconf 84' lang='lat' dir='ltr'><strong>velitis</strong></span> <span class='ocrx_word' id='word_1_30' title='bbox 3527 535 3663 591; x_wconf 87' lang='lat' dir='ltr'><strong>resi-</strong></span> 
     </span>
    </p>
   </div>
   <div class='ocr_carea' id='block_1_6' title="bbox 361 630 1954 712">
    <p class='ocr_par' dir='ltr' id='par_1_6' title="bbox 361 630 1954 712">
     <span class='ocr_line' id='line_1_6' title="bbox 361 630 1954 712; baseline 0.001 -21"><span class='ocrx_word' id='word_1_31' title='bbox 361 634 510 704; x_wconf 78' lang='grc' dir='ltr'>εἰκῆ,</span> <span class='ocrx_word' id='word_1_32' title='bbox 564 632 682 691; x_wconf 84' lang='grc' dir='ltr'>οὐδὲ</span> <span class='ocrx_word' id='word_1_33' title='bbox 737 631 914 712; x_wconf 80' lang='grc' dir='ltr'><strong>μάτην</strong></span> <span class='ocrx_word' id='word_1_34' title='bbox 971 637 1095 706; x_wconf 80' lang='grc' dir='ltr'>ὺμῖν</span> <span class='ocrx_word' id='word_1_35' title='bbox 1139 630 1458 704; x_wconf 88' lang='grc' dir='ltr'>πεπόνηται.</span> <span class='ocrx_word' id='word_1_36' title='bbox 1507 632 1954 712; x_wconf 79' lang='grc' dir='ltr'>Αἰσχυνέσθωσαν</span> 
     </span>
    </p>
   </div>
   <div class='ocr_carea' id='block_1_7' title="bbox 360 719 1957 805">
    <p class='ocr_par' dir='ltr' id='par_1_7' title="bbox 360 719 1957 805">
     <span class='ocr_line' id='line_1_7' title="bbox 360 719 1957 805; baseline 0.001 -25"><span class='ocrx_word' id='word_1_37' title='bbox 360 723 638 781; x_wconf 80' lang='grc' dir='ltr'>κάντεῦθεν</span> <span class='ocrx_word' id='word_1_38' title='bbox 686 725 734 781; x_wconf 81' lang='grc' dir='ltr'>οἱ</span> <span class='ocrx_word' id='word_1_39' title='bbox 787 722 884 794; x_wconf 86' lang='grc' dir='ltr'><strong>τὴν</strong></span> <span class='ocrx_word' id='word_1_40' title='bbox 939 719 1220 799; x_wconf 87' lang='grc' dir='ltr'>μετάνοιαν</span> <span class='ocrx_word' id='word_1_41' title='bbox 1281 724 1630 802; x_wconf 77' lang='grc' dir='ltr'><strong>ἀναιροῦντες.</strong></span> <span class='ocrx_word' id='word_1_42' title='bbox 1666 722 1804 782; x_wconf 84' lang='grc' dir='ltr'>Ἰδοὺ</span> <span class='ocrx_word' id='word_1_43' title='bbox 1853 725 1957 805; x_wconf 86' lang='grc' dir='ltr'><strong>γὰρ</strong></span> 
     </span>
    </p>
   </div>
   <div class='ocr_carea' id='block_1_8' title="bbox 361 805 1956 894">
    <p class='ocr_par' dir='ltr' id='par_1_8' title="bbox 361 805 1956 894">
     <span class='ocr_line' id='line_1_8' title="bbox 361 805 1956 894; baseline 0.001 -23"><span class='ocrx_word' id='word_1_44' title='bbox 361 811 737 894; x_wconf 75' lang='grc' dir='ltr'>σημειοφόροι,</span> <span class='ocrx_word' id='word_1_45' title='bbox 803 811 894 870; x_wconf 77' lang='grc' dir='ltr'>καὶ</span> <span class='ocrx_word' id='word_1_46' title='bbox 952 811 1304 890; x_wconf 70' lang='grc' dir='ltr'>δμολογηταὶ,</span> <span class='ocrx_word' id='word_1_47' title='bbox 1365 813 1458 870; x_wconf 86' lang='lat' dir='ltr'><strong>xui</strong></span> <span class='ocrx_word' id='word_1_48' title='bbox 1508 812 1771 894; x_wconf 84' lang='grc' dir='ltr'>μάρτυρες</span> <span class='ocrx_word' id='word_1_49' title='bbox 1823 805 1956 886; x_wconf 69' lang='grc' dir='ltr'>ἦσαν</span> 
     </span>
    </p>
   </div>
   <div class='ocr_carea' id='block_1_9' title="bbox 359 892 1956 978">
    <p class='ocr_par' dir='ltr' id='par_1_9' title="bbox 359 892 1956 978">
     <span class='ocr_line' id='line_1_9' title="bbox 359 892 1956 978; baseline 0.004 -20"><span class='ocrx_word' id='word_1_50' title='bbox 359 892 534 975; x_wconf 77' lang='grc' dir='ltr'>οὗτοι,</span> <span class='ocrx_word' id='word_1_51' title='bbox 570 892 714 962; x_wconf 9' lang='grc' dir='ltr'>ἢάλλ’</span> <span class='ocrx_word' id='word_1_52' title='bbox 768 901 1085 970; x_wconf 76' lang='grc' dir='ltr'><strong>ἐκπεσόντας</strong></span> <span class='ocrx_word' id='word_1_53' title='bbox 1131 902 1227 962; x_wconf 84' lang='grc' dir='ltr'><strong>οὐκ</strong></span> <span class='ocrx_word' id='word_1_54' title='bbox 1287 900 1656 963; x_wconf 83' lang='grc' dir='ltr'>ἄποϐάλλεται</span> <span class='ocrx_word' id='word_1_55' title='bbox 1692 892 1956 978; x_wconf 14' lang='grc' dir='ltr'>ήΠαῦλος,</span> 
     </span>
    </p>
   </div>
   <div class='ocr_carea' id='block_1_10' title="bbox 357 991 1010 1072">
    <p class='ocr_par' dir='ltr' id='par_1_10' title="bbox 357 991 1010 1072">
     <span class='ocr_line' id='line_1_10' title="bbox 357 991 1010 1072; baseline 0.003 -22"><span class='ocrx_word' id='word_1_56' title='bbox 357 991 500 1052; x_wconf 79' lang='grc' dir='ltr'>ἀλλὰ</span> <span class='ocrx_word' id='word_1_57' title='bbox 528 991 806 1072; x_wconf 81' lang='grc' dir='ltr'>προσίεται</span> <span class='ocrx_word' id='word_1_58' title='bbox 827 991 1010 1065; x_wconf 87' lang='grc' dir='ltr'><strong>ἡδέως.</strong></span> 
     </span>
    </p>
   </div>
   <div class='ocr_carea' id='block_1_11' title="bbox 443 1071 1954 1164">
    <p class='ocr_par' dir='ltr' id='par_1_11' title="bbox 443 1071 1954 1164">
     <span class='ocr_line' id='line_1_11' title="bbox 443 1071 1954 1164; baseline 0.004 -26"><span class='ocrx_word' id='word_1_59' title='bbox 443 1101 472 1137; x_wconf 71' lang='grc' dir='ltr'><strong>α</strong></span> <span class='ocrx_word' id='word_1_60' title='bbox 505 1079 574 1140; x_wconf 91' lang='grc' dir='ltr'>Ὅ</span> <span class='ocrx_word' id='word_1_61' title='bbox 603 1071 692 1139; x_wconf 80' lang='grc' dir='ltr'><strong>οὐν</strong></span> <span class='ocrx_word' id='word_1_62' title='bbox 721 1084 1059 1162; x_wconf 80' lang='grc' dir='ltr'>ἐπιχορηγῶν</span> <span class='ocrx_word' id='word_1_63' title='bbox 1113 1081 1238 1158; x_wconf 75' lang='grc' dir='ltr'>ὑμῖν</span> <span class='ocrx_word' id='word_1_64' title='bbox 1287 1079 1348 1140; x_wconf 89' lang='grc' dir='ltr'><strong>τὸ</strong></span> <span class='ocrx_word' id='word_1_65' title='bbox 1389 1082 1644 1161; x_wconf 89' lang='grc' dir='ltr'>Πνεῦμα,</span> <span class='ocrx_word' id='word_1_66' title='bbox 1694 1083 1786 1143; x_wconf 86' lang='lat' dir='ltr'><strong>xui</strong></span> <span class='ocrx_word' id='word_1_67' title='bbox 1817 1085 1954 1164; x_wconf 77' lang='grc' dir='ltr'>ἐνερο</span> 
     </span>
    </p>
   </div>
   <div class='ocr_carea' id='block_1_12' title="bbox 356 1168 1957 1251">
    <p class='ocr_par' dir='ltr' id='par_1_12' title="bbox 356 1168 1957 1251">
     <span class='ocr_line' id='line_1_12' title="bbox 356 1168 1957 1251; baseline 0.003 -23"><span class='ocrx_word' id='word_1_68' title='bbox 356 1172 464 1246; x_wconf 90' lang='grc' dir='ltr'><strong>γῶν</strong></span> <span class='ocrx_word' id='word_1_69' title='bbox 494 1171 740 1249; x_wconf 88' lang='grc' dir='ltr'>δυνάμεις</span> <span class='ocrx_word' id='word_1_70' title='bbox 786 1173 839 1230; x_wconf 82' lang='grc' dir='ltr'><strong>ἐν</strong></span> <span class='ocrx_word' id='word_1_71' title='bbox 871 1171 1029 1248; x_wconf 77' lang='grc' dir='ltr'>ὑμῖν,</span> <span class='ocrx_word' id='word_1_72' title='bbox 1072 1168 1124 1238; x_wconf 79' lang='grc' dir='ltr'>ἐξ</span> <span class='ocrx_word' id='word_1_73' title='bbox 1159 1169 1326 1251; x_wconf 85' lang='grc' dir='ltr'>ἔργων</span> <span class='ocrx_word' id='word_1_74' title='bbox 1369 1171 1565 1251; x_wconf 88' lang='grc' dir='ltr'>νόμου,</span> <span class='ocrx_word' id='word_1_75' title='bbox 1607 1171 1642 1243; x_wconf 83' lang='grc' dir='ltr'>ἢ</span> <span class='ocrx_word' id='word_1_76' title='bbox 1693 1171 1745 1241; x_wconf 79' lang='grc' dir='ltr'><strong>ἐξ</strong></span> <span class='ocrx_word' id='word_1_77' title='bbox 1796 1177 1957 1245; x_wconf 79' lang='grc' dir='ltr'>ἀκοῆς</span> 
     </span>
    </p>
   </div>
   <div class='ocr_carea' id='block_1_13' title="bbox 359 1259 1953 1342">
    <p class='ocr_par' dir='ltr' id='par_1_13' title="bbox 359 1259 1953 1342">
     <span class='ocr_line' id='line_1_13' title="bbox 359 1259 1953 1342; baseline 0.004 -25"><span class='ocrx_word' id='word_1_78' title='bbox 359 1259 619 1332; x_wconf 87' lang='grc' dir='ltr'>πίστεως;</span> <span class='ocrx_word' id='word_1_79' title='bbox 687 1287 714 1315; x_wconf 72' lang='grc' dir='ltr'><strong>ι</strong></span> <span class='ocrx_word' id='word_1_80' title='bbox 766 1260 838 1322; x_wconf 88' lang='grc' dir='ltr'>Ὁ</span> <span class='ocrx_word' id='word_1_81' title='bbox 895 1259 1064 1333; x_wconf 82' lang='grc' dir='ltr'>Θεὸς,</span> <span class='ocrx_word' id='word_1_82' title='bbox 1121 1260 1314 1339; x_wconf 80' lang='grc' dir='ltr'>φησὶν,</span> <span class='ocrx_word' id='word_1_83' title='bbox 1375 1265 1404 1320; x_wconf 91' lang='lat'><strong>6</strong></span> <span class='ocrx_word' id='word_1_84' title='bbox 1447 1264 1781 1342; x_wconf 82' lang='grc' dir='ltr'>ἐπιχορηγῶν</span> <span class='ocrx_word' id='word_1_85' title='bbox 1830 1265 1953 1341; x_wconf 74' lang='grc' dir='ltr'>ὑμῖν</span> 
     </span>
    </p>
   </div>
   <div class='ocr_carea' id='block_1_14' title="bbox 359 1348 1952 1432">
    <p class='ocr_par' dir='ltr' id='par_1_14' title="bbox 359 1348 1952 1432">
     <span class='ocr_line' id='line_1_14' title="bbox 359 1348 1952 1432; baseline 0.003 -24"><span class='ocrx_word' id='word_1_86' title='bbox 359 1348 418 1408; x_wconf 83' lang='grc' dir='ltr'><strong>τὸ</strong></span> <span class='ocrx_word' id='word_1_87' title='bbox 480 1352 747 1428; x_wconf 79' lang='grc' dir='ltr'>Πνεῦμα,</span> <span class='ocrx_word' id='word_1_88' title='bbox 798 1348 936 1410; x_wconf 81' lang='grc' dir='ltr'>ὥστε</span> <span class='ocrx_word' id='word_1_89' title='bbox 992 1349 1340 1432; x_wconf 70' lang='grc' dir='ltr'>προφητεύειν</span> <span class='ocrx_word' id='word_1_90' title='bbox 1389 1351 1480 1410; x_wconf 81' lang='grc' dir='ltr'><strong>καὶ</strong></span> <span class='ocrx_word' id='word_1_91' title='bbox 1531 1351 1797 1431; x_wconf 85' lang='grc' dir='ltr'>γλώσσαις</span> <span class='ocrx_word' id='word_1_92' title='bbox 1851 1364 1952 1413; x_wconf 80' lang='grc' dir='ltr'>λα-</span> 
     </span>
    </p>
   </div>
   <div class='ocr_carea' id='block_1_15' title="bbox 356 1440 1954 1522">
    <p class='ocr_par' dir='ltr' id='par_1_15' title="bbox 356 1440 1954 1522">
     <span class='ocr_line' id='line_1_15' title="bbox 356 1440 1954 1522; baseline 0.003 -24"><span class='ocrx_word' id='word_1_93' title='bbox 356 1441 505 1513; x_wconf 88' lang='grc' dir='ltr'>λεῖν,</span> <span class='ocrx_word' id='word_1_94' title='bbox 554 1440 646 1500; x_wconf 76' lang='grc' dir='ltr'>καὶ</span> <span class='ocrx_word' id='word_1_95' title='bbox 692 1441 915 1522; x_wconf 76' lang='grc' dir='ltr'>ἐνεργῶν</span> <span class='ocrx_word' id='word_1_96' title='bbox 981 1440 1226 1518; x_wconf 84' lang='grc' dir='ltr'>δυνάμεις</span> <span class='ocrx_word' id='word_1_97' title='bbox 1290 1443 1342 1499; x_wconf 81' lang='grc' dir='ltr'><strong>ἐν</strong></span> <span class='ocrx_word' id='word_1_98' title='bbox 1387 1444 1509 1518; x_wconf 72' lang='grc' dir='ltr'>ὑμῖν</span> <span class='ocrx_word' id='word_1_99' title='bbox 1565 1441 1804 1518; x_wconf 86' lang='grc' dir='ltr'>σημείων</span> <span class='ocrx_word' id='word_1_100' title='bbox 1861 1445 1954 1503; x_wconf 89' lang='lat' dir='ltr'><strong>xui</strong></span> 
     </span>
    </p>
   </div>
   <div class='ocr_carea' id='block_1_16' title="bbox 355 1528 1950 1613">
    <p class='ocr_par' dir='ltr' id='par_1_16' title="bbox 355 1528 1950 1613">
     <span class='ocr_line' id='line_1_16' title="bbox 355 1528 1950 1613; baseline 0.003 -26"><span class='ocrx_word' id='word_1_101' title='bbox 355 1529 621 1610; x_wconf 78' lang='grc' dir='ltr'>τεράτων,</span> <span class='ocrx_word' id='word_1_102' title='bbox 674 1528 763 1588; x_wconf 84' lang='grc' dir='ltr'><strong>διὰ</strong></span> <span class='ocrx_word' id='word_1_103' title='bbox 793 1529 861 1588; x_wconf 87' lang='grc' dir='ltr'><strong>τὰ</strong></span> <span class='ocrx_word' id='word_1_104' title='bbox 908 1532 968 1590; x_wconf 86' lang='grc' dir='ltr'><strong>ἐκ</strong></span> <span class='ocrx_word' id='word_1_105' title='bbox 1018 1535 1110 1590; x_wconf 89' lang='grc' dir='ltr'><strong>τοῦ</strong></span> <span class='ocrx_word' id='word_1_106' title='bbox 1156 1531 1318 1607; x_wconf 87' lang='grc' dir='ltr'>νόμου</span> <span class='ocrx_word' id='word_1_107' title='bbox 1371 1529 1502 1612; x_wconf 89' lang='grc' dir='ltr'>ἔργα</span> <span class='ocrx_word' id='word_1_108' title='bbox 1532 1538 1702 1591; x_wconf 87' lang='grc' dir='ltr'>ταῦτα</span> <span class='ocrx_word' id='word_1_109' title='bbox 1746 1533 1950 1613; x_wconf 79' lang='grc' dir='ltr'>ἐποίει,</span> 
     </span>
    </p>
   </div>
   <div class='ocr_carea' id='block_1_17' title="bbox 356 1618 1952 1698">
    <p class='ocr_par' dir='ltr' id='par_1_17' title="bbox 356 1618 1952 1698">
     <span class='ocr_line' id='line_1_17' title="bbox 356 1618 1952 1698; baseline 0.004 -22"><span class='ocrx_word' id='word_1_110' title='bbox 356 1620 427 1686; x_wconf 79' lang='grc' dir='ltr'>ὣς</span> <span class='ocrx_word' id='word_1_111' title='bbox 461 1618 874 1698; x_wconf 82' lang='grc' dir='ltr'>θεραπευόμενος</span> <span class='ocrx_word' id='word_1_112' title='bbox 914 1619 979 1679; x_wconf 88' lang='grc' dir='ltr'><strong>δι’</strong></span> <span class='ocrx_word' id='word_1_113' title='bbox 1013 1623 1159 1697; x_wconf 77' lang='grc' dir='ltr'>ὑμῶν</span> <span class='ocrx_word' id='word_1_114' title='bbox 1206 1625 1377 1679; x_wconf 87' lang='grc' dir='ltr'>ταῦτα</span> <span class='ocrx_word' id='word_1_115' title='bbox 1427 1621 1748 1695; x_wconf 83' lang='grc' dir='ltr'>τελούντων,</span> <span class='ocrx_word' id='word_1_116' title='bbox 1795 1622 1830 1695; x_wconf 79' lang='grc' dir='ltr'>ἢ</span> <span class='ocrx_word' id='word_1_117' title='bbox 1864 1625 1952 1684; x_wconf 86' lang='grc' dir='ltr'><strong>διὰ</strong></span> 
     </span>
    </p>
   </div>
   <div class='ocr_carea' id='block_1_18' title="bbox 354 1706 1950 1792">
    <p class='ocr_par' dir='ltr' id='par_1_18' title="bbox 354 1706 1950 1792">
     <span class='ocr_line' id='line_1_18' title="bbox 354 1706 1950 1792; baseline 0.003 -26"><span class='ocrx_word' id='word_1_118' title='bbox 354 1706 452 1778; x_wconf 76' lang='grc' dir='ltr'><strong>τὴν</strong></span> <span class='ocrx_word' id='word_1_119' title='bbox 481 1708 658 1768; x_wconf 88' lang='grc' dir='ltr'>πίστιν</span> <span class='ocrx_word' id='word_1_120' title='bbox 713 1709 779 1781; x_wconf 84' lang='grc' dir='ltr'>ἣν</span> <span class='ocrx_word' id='word_1_121' title='bbox 845 1710 914 1776; x_wconf 77' lang='grc' dir='ltr'>εἷς</span> <span class='ocrx_word' id='word_1_122' title='bbox 966 1708 1198 1792; x_wconf 73' lang='grc' dir='ltr'>Χριστὸν</span> <span class='ocrx_word' id='word_1_123' title='bbox 1252 1710 1618 1781; x_wconf 78' lang='grc' dir='ltr'>ἐπεδείξασθες</span> <span class='ocrx_word' id='word_1_124' title='bbox 1673 1713 1950 1792; x_wconf 88' lang='grc' dir='ltr'>Πρόδηλον</span> 
     </span>
    </p>
   </div>
   <div class='ocr_carea' id='block_1_19' title="bbox 2067 626 3662 710">
    <p class='ocr_par' dir='ltr' id='par_1_19' title="bbox 2067 626 3662 710">
     <span class='ocr_line' id='line_1_19' title="bbox 2067 626 3662 710; baseline -0.008 -18"><span class='ocrx_word' id='word_1_125' title='bbox 2067 636 2298 710; x_wconf 89' lang='lat' dir='ltr'><strong>piscere,</strong></span> <span class='ocrx_word' id='word_1_126' title='bbox 2328 653 2440 692; x_wconf 91' lang='lat' dir='ltr'><strong>non</strong></span> <span class='ocrx_word' id='word_1_127' title='bbox 2475 634 2676 692; x_wconf 81' lang='lat' dir='ltr'><strong>frustra</strong></span> <span class='ocrx_word' id='word_1_128' title='bbox 2705 648 2885 706; x_wconf 90' lang='lat' dir='ltr'><strong>neque</strong></span> <span class='ocrx_word' id='word_1_129' title='bbox 2914 640 3120 687; x_wconf 86' lang='lat' dir='ltr'><strong>temere</strong></span> <span class='ocrx_word' id='word_1_130' title='bbox 3174 644 3204 684; x_wconf 92' lang='lat' dir='ltr'><strong>a</strong></span> <span class='ocrx_word' id='word_1_131' title='bbox 3249 627 3401 683; x_wconf 84' lang='lat' dir='ltr'><strong>vobis</strong></span> <span class='ocrx_word' id='word_1_132' title='bbox 3441 626 3662 682; x_wconf 89' lang='lat' dir='ltr'><strong>labora-</strong></span> 
     </span>
    </p>
   </div>
   <div class='ocr_carea' id='block_1_20' title="bbox 2065 717 3658 794">
    <p class='ocr_par' dir='ltr' id='par_1_20' title="bbox 2065 717 3658 794">
     <span class='ocr_line' id='line_1_20' title="bbox 2065 717 3658 794; baseline -0.008 -12"><span class='ocrx_word' id='word_1_133' title='bbox 2065 733 2186 783; x_wconf 85' lang='lat' dir='ltr'><strong>tum</strong></span> <span class='ocrx_word' id='word_1_134' title='bbox 2237 736 2335 784; x_wconf 87' lang='lat' dir='ltr'><strong>est.</strong></span> <span class='ocrx_word' id='word_1_135' title='bbox 2373 725 2657 783; x_wconf 91' lang='lat' dir='ltr'><strong>Pudeﬁant</strong></span> <span class='ocrx_word' id='word_1_136' title='bbox 2699 723 2824 780; x_wconf 90' lang='lat' dir='ltr'><strong>hinc</strong></span> <span class='ocrx_word' id='word_1_137' title='bbox 2887 722 2981 794; x_wconf 91' lang='lat' dir='ltr'><strong>qui</strong></span> <span class='ocrx_word' id='word_1_138' title='bbox 3012 717 3393 792; x_wconf 84' lang='lat' dir='ltr'><strong>paenitentiam</strong></span> <span class='ocrx_word' id='word_1_139' title='bbox 3442 717 3658 783; x_wconf 90' lang='lat' dir='ltr'><strong>tollunt,</strong></span> 
     </span>
    </p>
   </div>
   <div class='ocr_carea' id='block_1_21' title="bbox 2064 809 3660 888">
    <p class='ocr_par' dir='ltr' id='par_1_21' title="bbox 2064 809 3660 888">
     <span class='ocr_line' id='line_1_21' title="bbox 2064 809 3660 888; baseline -0.009 -14"><span class='ocrx_word' id='word_1_140' title='bbox 2064 819 2204 873; x_wconf 82' lang='lat' dir='ltr'><strong>Ecce</strong></span> <span class='ocrx_word' id='word_1_141' title='bbox 2249 817 2396 873; x_wconf 92' lang='lat' dir='ltr'><strong>enim</strong></span> <span class='ocrx_word' id='word_1_142' title='bbox 2443 815 2804 888; x_wconf 85' lang='lat' dir='ltr'><strong>antesignani,</strong></span> <span class='ocrx_word' id='word_1_143' title='bbox 2832 821 2892 869; x_wconf 90' lang='lat' dir='ltr'><strong>et</strong></span> <span class='ocrx_word' id='word_1_144' title='bbox 2917 809 3354 876; x_wconf 82' lang='lat' dir='ltr'><strong>confessores,et</strong></span> <span class='ocrx_word' id='word_1_145' title='bbox 3391 815 3660 878; x_wconf 81' lang='lat' dir='ltr'><strong>martyres</strong></span> 
     </span>
    </p>
   </div>
   <div class='ocr_carea' id='block_1_22' title="bbox 2065 895 3660 978">
    <p class='ocr_par' dir='ltr' id='par_1_22' title="bbox 2065 895 3660 978">
     <span class='ocr_line' id='line_1_22' title="bbox 2065 895 3660 978; baseline -0.008 -15"><span class='ocrx_word' id='word_1_146' title='bbox 2065 907 2288 963; x_wconf 79' lang='lat' dir='ltr'><strong>fuerunt</strong></span> <span class='ocrx_word' id='word_1_147' title='bbox 2313 905 2418 973; x_wconf 87' lang='lat' dir='ltr'><strong>isti,</strong></span> <span class='ocrx_word' id='word_1_148' title='bbox 2451 906 2544 978; x_wconf 91' lang='lat' dir='ltr'><strong>qui</strong></span> <span class='ocrx_word' id='word_1_149' title='bbox 2571 914 2760 962; x_wconf 91' lang='lat' dir='ltr'><strong>tamen</strong></span> <span class='ocrx_word' id='word_1_150' title='bbox 2804 918 2931 959; x_wconf 92' lang='lat' dir='ltr'><strong>cum</strong></span> <span class='ocrx_word' id='word_1_151' title='bbox 2957 900 3310 966; x_wconf 87' lang='lat' dir='ltr'><strong>excidissent,</strong></span> <span class='ocrx_word' id='word_1_152' title='bbox 3335 911 3448 952; x_wconf 91' lang='lat' dir='ltr'><strong>non</strong></span> <span class='ocrx_word' id='word_1_153' title='bbox 3476 895 3660 967; x_wconf 88' lang='lat' dir='ltr'><strong>rejicit</strong></span> 
     </span>
    </p>
   </div>
   <div class='ocr_carea' id='block_1_23' title="bbox 2062 991 3061 1064">
    <p class='ocr_par' dir='ltr' id='par_1_23' title="bbox 2062 991 3061 1064">
     <span class='ocr_line' id='line_1_23' title="bbox 2062 991 3061 1064; baseline -0.007 -11"><span class='ocrx_word' id='word_1_154' title='bbox 2062 1013 2159 1053; x_wconf 89' lang='lat' dir='ltr'><strong>eos</strong></span> <span class='ocrx_word' id='word_1_155' title='bbox 2183 997 2401 1064; x_wconf 89' lang='lat' dir='ltr'><strong>Paulus,</strong></span> <span class='ocrx_word' id='word_1_156' title='bbox 2429 995 2526 1053; x_wconf 89' lang='lat' dir='ltr'><strong>sed</strong></span> <span class='ocrx_word' id='word_1_157' title='bbox 2553 995 2798 1052; x_wconf 86' lang='lat' dir='ltr'><strong>suaviter</strong></span> <span class='ocrx_word' id='word_1_158' title='bbox 2841 991 3061 1063; x_wconf 84' lang='lat' dir='ltr'><strong>excipit.</strong></span> 
     </span>
    </p>
   </div>
   <div class='ocr_carea' id='block_1_24' title="bbox 2135 1076 3658 1155">
    <p class='ocr_par' dir='ltr' id='par_1_24' title="bbox 2135 1076 3658 1155">
     <span class='ocr_line' id='line_1_24' title="bbox 2135 1076 3658 1155; baseline -0.009 -12"><span class='ocrx_word' id='word_1_159' title='bbox 2135 1089 2317 1144; x_wconf 81' lang='lat' dir='ltr'><strong>Vnns.</strong></span> <span class='ocrx_word' id='word_1_160' title='bbox 2371 1091 2424 1142; x_wconf 88' lang='lat'><strong>5.</strong></span> <span class='ocrx_word' id='word_1_161' title='bbox 2468 1109 2493 1135; x_wconf 78' lang='grc' dir='ltr'><strong>α</strong></span> <span class='ocrx_word' id='word_1_162' title='bbox 2544 1084 2648 1155; x_wconf 90' lang='lat' dir='ltr'><strong>Qui</strong></span> <span class='ocrx_word' id='word_1_163' title='bbox 2697 1099 2824 1155; x_wconf 90' lang='lat' dir='ltr'><strong>ergo</strong></span> <span class='ocrx_word' id='word_1_164' title='bbox 2878 1080 3070 1138; x_wconf 88' lang='lat' dir='ltr'><strong>tribuit</strong></span> <span class='ocrx_word' id='word_1_165' title='bbox 3097 1079 3252 1136; x_wconf 82' lang='lat' dir='ltr'><strong>vobis</strong></span> <span class='ocrx_word' id='word_1_166' title='bbox 3281 1076 3568 1149; x_wconf 85' lang='lat' dir='ltr'><strong>Spiritum,</strong></span> <span class='ocrx_word' id='word_1_167' title='bbox 3601 1082 3658 1130; x_wconf 92' lang='lat' dir='ltr'><strong>et</strong></span> 
     </span>
    </p>
   </div>
   <div class='ocr_carea' id='block_1_25' title="bbox 2062 1165 3655 1248">
    <p class='ocr_par' dir='ltr' id='par_1_25' title="bbox 2062 1165 3655 1248">
     <span class='ocr_line' id='line_1_25' title="bbox 2062 1165 3655 1248; baseline -0.008 -16"><span class='ocrx_word' id='word_1_168' title='bbox 2062 1175 2288 1233; x_wconf 88' lang='lat' dir='ltr'><strong>virtutes</strong></span> <span class='ocrx_word' id='word_1_169' title='bbox 2328 1185 2588 1248; x_wconf 87' lang='lat' dir='ltr'><strong>operatur</strong></span> <span class='ocrx_word' id='word_1_170' title='bbox 2638 1175 2692 1230; x_wconf 93' lang='lat' dir='ltr'><strong>in</strong></span> <span class='ocrx_word' id='word_1_171' title='bbox 2741 1172 2914 1239; x_wconf 90' lang='lat' dir='ltr'><strong>vobis,</strong></span> <span class='ocrx_word' id='word_1_172' title='bbox 2947 1187 3010 1226; x_wconf 86' lang='lat' dir='ltr'><strong>ex</strong></span> <span class='ocrx_word' id='word_1_173' title='bbox 3067 1169 3324 1242; x_wconf 90' lang='lat' dir='ltr'><strong>operibus</strong></span> <span class='ocrx_word' id='word_1_174' title='bbox 3367 1165 3526 1238; x_wconf 91' lang='lat' dir='ltr'><strong>legis,</strong></span> <span class='ocrx_word' id='word_1_175' title='bbox 3585 1180 3655 1220; x_wconf 90' lang='lat' dir='ltr'><strong>an</strong></span> 
     </span>
    </p>
   </div>
   <div class='ocr_carea' id='block_1_26' title="bbox 2061 1255 3650 1334">
    <p class='ocr_par' dir='ltr' id='par_1_26' title="bbox 2061 1255 3650 1334">
     <span class='ocr_line' id='line_1_26' title="bbox 2061 1255 3650 1334; baseline -0.007 -13"><span class='ocrx_word' id='word_1_176' title='bbox 2061 1281 2127 1321; x_wconf 83' lang='lat' dir='ltr'><strong>ex</strong></span> <span class='ocrx_word' id='word_1_177' title='bbox 2170 1265 2363 1322; x_wconf 90' lang='lat' dir='ltr'><strong>auditu</strong></span> <span class='ocrx_word' id='word_1_178' title='bbox 2403 1264 2562 1322; x_wconf 78' lang='lat' dir='ltr'><strong>ﬁdei?</strong></span> <span class='ocrx_word' id='word_1_179' title='bbox 2595 1288 2619 1313; x_wconf 68' lang='grc' dir='ltr'><strong><em>η</em></strong></span> <span class='ocrx_word' id='word_1_180' title='bbox 2663 1267 2814 1319; x_wconf 87' lang='lat' dir='ltr'><strong>Deus</strong></span> <span class='ocrx_word' id='word_1_181' title='bbox 2834 1262 3057 1334; x_wconf 90' lang='lat' dir='ltr'><strong>(inquit)</strong></span> <span class='ocrx_word' id='word_1_182' title='bbox 3089 1260 3182 1332; x_wconf 91' lang='lat' dir='ltr'><strong>qui</strong></span> <span class='ocrx_word' id='word_1_183' title='bbox 3217 1255 3526 1330; x_wconf 86' lang='lat' dir='ltr'><strong>suppeditat</strong></span> <span class='ocrx_word' id='word_1_184' title='bbox 3556 1270 3650 1310; x_wconf 88' lang='lat' dir='ltr'><strong>vo-</strong></span> 
     </span>
    </p>
   </div>
   <div class='ocr_carea' id='block_1_27' title="bbox 2058 1344 3650 1428">
    <p class='ocr_par' dir='ltr' id='par_1_27' title="bbox 2058 1344 3650 1428">
     <span class='ocr_line' id='line_1_27' title="bbox 2058 1344 3650 1428; baseline -0.008 -17"><span class='ocrx_word' id='word_1_185' title='bbox 2058 1355 2142 1411; x_wconf 88' lang='lat' dir='ltr'><strong>bis</strong></span> <span class='ocrx_word' id='word_1_186' title='bbox 2168 1355 2434 1428; x_wconf 87' lang='lat' dir='ltr'><strong>Spiritum</strong></span> <span class='ocrx_word' id='word_1_187' title='bbox 2487 1362 2550 1411; x_wconf 88' lang='lat' dir='ltr'><strong>ut</strong></span> <span class='ocrx_word' id='word_1_188' title='bbox 2577 1352 2915 1426; x_wconf 85' lang='lat' dir='ltr'><strong>pr0phetetis</strong></span> <span class='ocrx_word' id='word_1_189' title='bbox 2963 1359 3018 1406; x_wconf 88' lang='lat' dir='ltr'><strong>et</strong></span> <span class='ocrx_word' id='word_1_190' title='bbox 3073 1349 3278 1422; x_wconf 83' lang='lat' dir='ltr'><strong>linguis</strong></span> <span class='ocrx_word' id='word_1_191' title='bbox 3318 1344 3650 1419; x_wconf 86' lang='lat' dir='ltr'><strong>loquamini,</strong></span> 
     </span>
    </p>
   </div>
   <div class='ocr_carea' id='block_1_28' title="bbox 2059 1435 3659 1516">
    <p class='ocr_par' dir='ltr' id='par_1_28' title="bbox 2059 1435 3659 1516">
     <span class='ocr_line' id='line_1_28' title="bbox 2059 1435 3659 1516; baseline -0.008 -16"><span class='ocrx_word' id='word_1_192' title='bbox 2059 1445 2152 1516; x_wconf 89' lang='lat' dir='ltr'><strong>qui</strong></span> <span class='ocrx_word' id='word_1_193' title='bbox 2183 1453 2440 1516; x_wconf 88' lang='lat' dir='ltr'><strong>operatur</strong></span> <span class='ocrx_word' id='word_1_194' title='bbox 2466 1444 2520 1500; x_wconf 90' lang='lat' dir='ltr'><strong>in</strong></span> <span class='ocrx_word' id='word_1_195' title='bbox 2551 1444 2706 1500; x_wconf 84' lang='lat' dir='ltr'><strong>vobis</strong></span> <span class='ocrx_word' id='word_1_196' title='bbox 2734 1443 2963 1500; x_wconf 82' lang='lat' dir='ltr'><strong>virtutes</strong></span> <span class='ocrx_word' id='word_1_197' title='bbox 2989 1440 3274 1512; x_wconf 88' lang='lat' dir='ltr'><strong>signorum</strong></span> <span class='ocrx_word' id='word_1_198' title='bbox 3303 1445 3358 1492; x_wconf 92' lang='lat' dir='ltr'><strong>et</strong></span> <span class='ocrx_word' id='word_1_199' title='bbox 3385 1435 3659 1508; x_wconf 90' lang='lat' dir='ltr'><strong>prodigio-</strong></span> 
     </span>
    </p>
   </div>
   <div class='ocr_carea' id='block_1_29' title="bbox 2059 1524 3659 1606">
    <p class='ocr_par' dir='ltr' id='par_1_29' title="bbox 2059 1524 3659 1606">
     <span class='ocr_line' id='line_1_29' title="bbox 2059 1524 3659 1606; baseline -0.008 -16"><span class='ocrx_word' id='word_1_200' title='bbox 2059 1551 2203 1603; x_wconf 86' lang='lat' dir='ltr'><strong>rum,</strong></span> <span class='ocrx_word' id='word_1_201' title='bbox 2235 1534 2475 1591; x_wconf 71' lang='lat' dir='ltr'><strong>haeccine</strong></span> <span class='ocrx_word' id='word_1_202' title='bbox 2504 1549 2600 1606; x_wconf 90' lang='lat' dir='ltr'><strong>per</strong></span> <span class='ocrx_word' id='word_1_203' title='bbox 2632 1532 2764 1603; x_wconf 84' lang='lat' dir='ltr'><strong>legis</strong></span> <span class='ocrx_word' id='word_1_204' title='bbox 2791 1547 2956 1603; x_wconf 87' lang='lat' dir='ltr'><strong>opera</strong></span> <span class='ocrx_word' id='word_1_205' title='bbox 2989 1529 3242 1596; x_wconf 83' lang='lat' dir='ltr'><strong>faciebat,</strong></span> <span class='ocrx_word' id='word_1_206' title='bbox 3273 1526 3424 1599; x_wconf 92' lang='lat' dir='ltr'><strong>quasi</strong></span> <span class='ocrx_word' id='word_1_207' title='bbox 3454 1542 3483 1582; x_wconf 92' lang='lat' dir='ltr'><strong>a</strong></span> <span class='ocrx_word' id='word_1_208' title='bbox 3511 1524 3659 1580; x_wconf 89' lang='lat' dir='ltr'><strong>vobis</strong></span> 
     </span>
    </p>
   </div>
   <div class='ocr_carea' id='block_1_30' title="bbox 2058 1619 3657 1698">
    <p class='ocr_par' dir='ltr' id='par_1_30' title="bbox 2058 1619 3657 1698">
     <span class='ocr_line' id='line_1_30' title="bbox 2058 1619 3657 1698; baseline -0.008 -16"><span class='ocrx_word' id='word_1_209' title='bbox 2058 1626 2161 1682; x_wconf 92' lang='lat' dir='ltr'><strong>ista</strong></span> <span class='ocrx_word' id='word_1_210' title='bbox 2186 1625 2567 1698; x_wconf 89' lang='lat' dir='ltr'><strong>peragentibus</strong></span> <span class='ocrx_word' id='word_1_211' title='bbox 2616 1624 2930 1690; x_wconf 87' lang='lat' dir='ltr'><strong>coleretur;</strong></span> <span class='ocrx_word' id='word_1_212' title='bbox 2977 1638 3046 1678; x_wconf 92' lang='lat' dir='ltr'><strong>an</strong></span> <span class='ocrx_word' id='word_1_213' title='bbox 3117 1636 3211 1693; x_wconf 89' lang='lat' dir='ltr'><strong>per</strong></span> <span class='ocrx_word' id='word_1_214' title='bbox 3267 1619 3433 1675; x_wconf 89' lang='lat' dir='ltr'><strong>ﬁdem</strong></span> <span class='ocrx_word' id='word_1_215' title='bbox 3489 1632 3657 1689; x_wconf 88' lang='lat' dir='ltr'><strong>quam</strong></span> 
     </span>
    </p>
   </div>
   <div class='ocr_carea' id='block_1_31' title="bbox 2057 1707 3658 1780">
    <p class='ocr_par' dir='ltr' id='par_1_31' title="bbox 2057 1707 3658 1780">
     <span class='ocr_line' id='line_1_31' title="bbox 2057 1707 3658 1780; baseline -0.006 -10"><span class='ocrx_word' id='word_1_216' title='bbox 2057 1716 2112 1770; x_wconf 93' lang='lat' dir='ltr'><strong>in</strong></span> <span class='ocrx_word' id='word_1_217' title='bbox 2140 1715 2423 1771; x_wconf 89' lang='lat' dir='ltr'><strong>Christum</strong></span> <span class='ocrx_word' id='word_1_218' title='bbox 2457 1712 2894 1770; x_wconf 82' lang='lat' dir='ltr'><strong>demonstratis?</strong></span> <span class='ocrx_word' id='word_1_219' title='bbox 2934 1711 3166 1766; x_wconf 89' lang='lat' dir='ltr'><strong>Planum</strong></span> <span class='ocrx_word' id='word_1_220' title='bbox 3211 1717 3296 1765; x_wconf 89' lang='lat' dir='ltr'><strong>est</strong></span> <span class='ocrx_word' id='word_1_221' title='bbox 3344 1707 3496 1780; x_wconf 91' lang='lat' dir='ltr'><strong>quod</strong></span> <span class='ocrx_word' id='word_1_222' title='bbox 3562 1722 3658 1778; x_wconf 90' lang='lat' dir='ltr'><strong>per</strong></span> 
     </span>
    </p>
   </div>
   <div class='ocr_carea' id='block_1_32' title="bbox 353 1789 1962 1907">
    <p class='ocr_par' dir='ltr' id='par_1_32' title="bbox 353 1789 1952 1907">
     <span class='ocr_line' id='line_1_32' title="bbox 353 1789 1952 1880; baseline 0.005 -26"><span class='ocrx_word' id='word_1_223' title='bbox 353 1795 434 1854; x_wconf 79' lang='grc' dir='ltr'>ὅτι</span> <span class='ocrx_word' id='word_1_224' title='bbox 489 1797 573 1856; x_wconf 86' lang='grc' dir='ltr'><strong>διὰ</strong></span> <span class='ocrx_word' id='word_1_225' title='bbox 630 1797 851 1871; x_wconf 88' lang='grc' dir='ltr'>ταύτην.</span> <span class='ocrx_word' id='word_1_226' title='bbox 914 1801 1038 1866; x_wconf 88' lang='grc' dir='ltr'><strong>Πῶς</strong></span> <span class='ocrx_word' id='word_1_227' title='bbox 1087 1789 1176 1858; x_wconf 75' lang='grc' dir='ltr'><strong>οὐν</strong></span> <span class='ocrx_word' id='word_1_228' title='bbox 1238 1799 1450 1880; x_wconf 75' lang='grc' dir='ltr'>ἀφέντες</span> <span class='ocrx_word' id='word_1_229' title='bbox 1505 1789 1742 1879; x_wconf 80' lang='grc' dir='ltr'>ταύτην,</span> <span class='ocrx_word' id='word_1_230' title='bbox 1783 1802 1836 1870; x_wconf 81' lang='grc' dir='ltr'>ἐξ</span> <span class='ocrx_word' id='word_1_231' title='bbox 1890 1796 1952 1875; x_wconf 69' lang='grc' dir='ltr'><strong>ἧς</strong></span> 
     </span>
     <span class='ocr_line' id='line_1_33' title="bbox 361 1885 1796 1907; baseline 0 0"><span class='ocrx_word' id='word_1_232' title='bbox 361 1887 412 1907; x_wconf 58' lang='grc' dir='ltr'><strong>’κ</strong></span> <span class='ocrx_word' id='word_1_233' title='bbox 443 1885 466 1907; x_wconf 62' lang='grc' dir='ltr'><em>ν</em></span> <span class='ocrx_word' id='word_1_234' title='bbox 489 1887 532 1907; x_wconf 76' lang='grc' dir='ltr'><strong>’ν</strong></span> <span class='ocrx_word' id='word_1_235' title='bbox 601 1893 623 1907; x_wconf 75' lang='grc' dir='ltr'><strong>Α</strong></span> <span class='ocrx_word' id='word_1_236' title='bbox 761 1890 779 1907; x_wconf 73' lang='grc'><strong>9</strong></span> <span class='ocrx_word' id='word_1_237' title='bbox 824 1887 836 1907; x_wconf 86' lang='lat'><strong><em>\</em></strong></span> <span class='ocrx_word' id='word_1_238' title='bbox 926 1888 939 1907; x_wconf 86' lang='lat'><strong><em>\</em></strong></span> <span class='ocrx_word' id='word_1_239' title='bbox 1282 1889 1336 1907; x_wconf 78' lang='grc' dir='ltr'><strong>ΑΙ</strong></span> <span class='ocrx_word' id='word_1_240' title='bbox 1533 1888 1546 1907; x_wconf 92' lang='lat' dir='ltr'><strong><em>I</em></strong></span> <span class='ocrx_word' id='word_1_241' title='bbox 1781 1890 1796 1907; x_wconf 84' lang='grc' dir='ltr'><strong><em>Ι</em></strong></span> 
     </span>
    </p>
   </div>
   <div class='ocr_carea' id='block_1_33' title="bbox 2051 1789 3657 1907">
    <p class='ocr_par' dir='ltr' id='par_1_33' title="bbox 2055 1794 3657 1876">
     <span class='ocr_line' id='line_1_34' title="bbox 2055 1794 3657 1876; baseline -0.006 -16"><span class='ocrx_word' id='word_1_242' title='bbox 2055 1805 2243 1862; x_wconf 90' lang='lat' dir='ltr'><strong>ﬁdem.</strong></span> <span class='ocrx_word' id='word_1_243' title='bbox 2275 1805 2379 1875; x_wconf 86' lang='lat' dir='ltr'><strong>Qui</strong></span> <span class='ocrx_word' id='word_1_244' title='bbox 2409 1804 2596 1876; x_wconf 89' lang='lat' dir='ltr'><strong>igitur,</strong></span> <span class='ocrx_word' id='word_1_245' title='bbox 2639 1803 2740 1859; x_wconf 91' lang='lat' dir='ltr'><strong>hac</strong></span> <span class='ocrx_word' id='word_1_246' title='bbox 2768 1801 3016 1868; x_wconf 90' lang='lat' dir='ltr'><strong>dimissa,</strong></span> <span class='ocrx_word' id='word_1_247' title='bbox 3055 1815 3149 1872; x_wconf 84' lang='lat' dir='ltr'><strong>per</strong></span> <span class='ocrx_word' id='word_1_248' title='bbox 3186 1813 3349 1870; x_wconf 90' lang='lat' dir='ltr'><strong>quam</strong></span> <span class='ocrx_word' id='word_1_249' title='bbox 3391 1794 3657 1869; x_wconf 87' lang='lat' dir='ltr'><strong>gloriﬁca-</strong></span> 
     </span>
    </p>
   </div>
   <div class='ocr_carea' id='block_1_34' title="bbox 353 1885 1947 1972">
    <p class='ocr_par' dir='ltr' id='par_1_34' title="bbox 353 1885 1947 1972">
     <span class='ocr_line' id='line_1_35' title="bbox 353 1885 1947 1972; baseline 0.004 -27"><span class='ocrx_word' id='word_1_250' title='bbox 353 1885 687 1960; x_wconf 78' lang='grc' dir='ltr'>ἐδοξάζεσθε,</span> <span class='ocrx_word' id='word_1_251' title='bbox 754 1887 843 1947; x_wconf 75' lang='grc' dir='ltr'><strong>ἐπὶ</strong></span> <span class='ocrx_word' id='word_1_252' title='bbox 891 1888 978 1948; x_wconf 88' lang='grc' dir='ltr'><strong>τὸν</strong></span> <span class='ocrx_word' id='word_1_253' title='bbox 1034 1889 1436 1969; x_wconf 87' lang='grc' dir='ltr'>καταργηθέντα</span> <span class='ocrx_word' id='word_1_254' title='bbox 1489 1888 1647 1966; x_wconf 89' lang='grc' dir='ltr'>νόμον</span> <span class='ocrx_word' id='word_1_255' title='bbox 1705 1890 1947 1972; x_wconf 84' lang='grc' dir='ltr'>τρέχετε;</span> 
     </span>
    </p>
   </div>
   <div class='ocr_carea' id='block_1_35' title="bbox 437 1975 1948 2062">
    <p class='ocr_par' dir='ltr' id='par_1_35' title="bbox 437 1975 1948 2062">
     <span class='ocr_line' id='line_1_36' title="bbox 437 1975 1948 2062; baseline 0.005 -28"><span class='ocrx_word' id='word_1_256' title='bbox 437 1997 467 2034; x_wconf 71' lang='grc' dir='ltr'><strong>α</strong></span> <span class='ocrx_word' id='word_1_257' title='bbox 513 1975 706 2044; x_wconf 87' lang='grc' dir='ltr'>Καθὼς</span> <span class='ocrx_word' id='word_1_258' title='bbox 753 1977 842 2036; x_wconf 90' lang='lat' dir='ltr'><strong>xui</strong></span> <span class='ocrx_word' id='word_1_259' title='bbox 895 1975 1138 2059; x_wconf 82' lang='grc' dir='ltr'>Ἀϐραὰμ</span> <span class='ocrx_word' id='word_1_260' title='bbox 1190 1977 1464 2038; x_wconf 84' lang='grc' dir='ltr'>ἐπίστευσε</span> <span class='ocrx_word' id='word_1_261' title='bbox 1511 1984 1586 2059; x_wconf 83' lang='grc' dir='ltr'><strong>τῷ</strong></span> <span class='ocrx_word' id='word_1_262' title='bbox 1649 1985 1807 2062; x_wconf 85' lang='grc' dir='ltr'>Θεῷ,</span> <span class='ocrx_word' id='word_1_263' title='bbox 1855 1984 1948 2042; x_wconf 83' lang='grc' dir='ltr'><strong>καὶ</strong></span> 
     </span>
    </p>
   </div>
   <div class='ocr_carea' id='block_1_36' title="bbox 352 2065 1944 2150">
    <p class='ocr_par' dir='ltr' id='par_1_36' title="bbox 352 2065 1944 2150">
     <span class='ocr_line' id='line_1_37' title="bbox 352 2065 1944 2150; baseline 0.004 -26"><span class='ocrx_word' id='word_1_264' title='bbox 352 2065 596 2147; x_wconf 80' lang='grc' dir='ltr'>ἐλογίσθη</span> <span class='ocrx_word' id='word_1_265' title='bbox 671 2069 814 2148; x_wconf 76' lang='grc' dir='ltr'>αὐτῷ</span> <span class='ocrx_word' id='word_1_266' title='bbox 862 2068 932 2134; x_wconf 80' lang='grc' dir='ltr'><strong>εἷς</strong></span> <span class='ocrx_word' id='word_1_267' title='bbox 989 2068 1351 2150; x_wconf 78' lang='grc' dir='ltr'>δικαιοσύνην.</span> <span class='ocrx_word' id='word_1_268' title='bbox 1409 2092 1436 2126; x_wconf 75' lang='grc' dir='ltr'><strong>ιι</strong></span> <span class='ocrx_word' id='word_1_269' title='bbox 1503 2070 1758 2130; x_wconf 81' lang='grc' dir='ltr'>Μάλιστα</span> <span class='ocrx_word' id='word_1_270' title='bbox 1817 2069 1944 2150; x_wconf 83' lang='grc' dir='ltr'>μὲν,</span> 
     </span>
    </p>
   </div>
   <div class='ocr_carea' id='block_1_37' title="bbox 351 2147 1947 2240">
    <p class='ocr_par' dir='ltr' id='par_1_37' title="bbox 351 2147 1947 2240">
     <span class='ocr_line' id='line_1_38' title="bbox 351 2147 1947 2240; baseline 0.004 -27"><span class='ocrx_word' id='word_1_271' title='bbox 351 2155 540 2236; x_wconf 78' lang='grc' dir='ltr'>φησὶν,</span> <span class='ocrx_word' id='word_1_272' title='bbox 573 2153 685 2214; x_wconf 76' lang='grc' dir='ltr'>ἔδει</span> <span class='ocrx_word' id='word_1_273' title='bbox 721 2159 859 2234; x_wconf 78' lang='grc' dir='ltr'>ὑμᾶς</span> <span class='ocrx_word' id='word_1_274' title='bbox 894 2155 945 2225; x_wconf 81' lang='grc' dir='ltr'>ἐξ</span> <span class='ocrx_word' id='word_1_275' title='bbox 989 2147 1061 2215; x_wconf 74' lang='grc' dir='ltr'><strong>ῶν</strong></span> <span class='ocrx_word' id='word_1_276' title='bbox 1105 2156 1453 2218; x_wconf 85' lang='grc' dir='ltr'>ἐπετελέσατε</span> <span class='ocrx_word' id='word_1_277' title='bbox 1482 2158 1716 2232; x_wconf 82' lang='grc' dir='ltr'>σημείων</span> <span class='ocrx_word' id='word_1_278' title='bbox 1749 2147 1947 2240; x_wconf 84' lang='grc' dir='ltr'>γνῶναι</span> 
     </span>
    </p>
   </div>
   <div class='ocr_carea' id='block_1_38' title="bbox 347 2243 1943 2330">
    <p class='ocr_par' dir='ltr' id='par_1_38' title="bbox 347 2243 1943 2330">
     <span class='ocr_line' id='line_1_39' title="bbox 347 2243 1943 2330; baseline 0.005 -28"><span class='ocrx_word' id='word_1_279' title='bbox 347 2243 445 2316; x_wconf 78' lang='grc' dir='ltr'>τὴν</span> <span class='ocrx_word' id='word_1_280' title='bbox 493 2249 588 2318; x_wconf 80' lang='grc' dir='ltr'><strong>τῆς</strong></span> <span class='ocrx_word' id='word_1_281' title='bbox 641 2244 868 2313; x_wconf 87' lang='grc' dir='ltr'>πίστεως</span> <span class='ocrx_word' id='word_1_282' title='bbox 900 2245 1154 2330; x_wconf 73' lang='grc' dir='ltr'>δύναμιν·</span> <span class='ocrx_word' id='word_1_283' title='bbox 1203 2247 1344 2320; x_wconf 81' lang='grc' dir='ltr'>πλὴν</span> <span class='ocrx_word' id='word_1_284' title='bbox 1383 2248 1473 2306; x_wconf 89' lang='lat' dir='ltr'><strong>xui</strong></span> <span class='ocrx_word' id='word_1_285' title='bbox 1503 2249 1632 2327; x_wconf 89' lang='grc' dir='ltr'>πρὸς</span> <span class='ocrx_word' id='word_1_286' title='bbox 1684 2250 1771 2309; x_wconf 92' lang='grc' dir='ltr'><strong>τὸν</strong></span> <span class='ocrx_word' id='word_1_287' title='bbox 1815 2275 1943 2330; x_wconf 86' lang='grc' dir='ltr'>προ-</span> 
     </span>
    </p>
   </div>
   <div class='ocr_carea' id='block_1_39' title="bbox 349 2326 1945 2417">
    <p class='ocr_par' dir='ltr' id='par_1_39' title="bbox 349 2326 1945 2417">
     <span class='ocr_line' id='line_1_40' title="bbox 349 2326 1945 2417; baseline 0.004 -25"><span class='ocrx_word' id='word_1_288' title='bbox 349 2334 556 2413; x_wconf 88' lang='grc' dir='ltr'>πάτορα</span> <span class='ocrx_word' id='word_1_289' title='bbox 615 2334 982 2415; x_wconf 74' lang='grc' dir='ltr'>ἀποϐλέψατε,</span> <span class='ocrx_word' id='word_1_290' title='bbox 1023 2326 1081 2394; x_wconf 66' lang='grc' dir='ltr'><strong>οὗ</strong></span> <span class='ocrx_word' id='word_1_291' title='bbox 1133 2337 1295 2404; x_wconf 79' lang='grc' dir='ltr'>πολὺς</span> <span class='ocrx_word' id='word_1_292' title='bbox 1351 2339 1476 2412; x_wconf 77' lang='grc' dir='ltr'>ὗμῖν</span> <span class='ocrx_word' id='word_1_293' title='bbox 1508 2326 1558 2416; x_wconf 78' lang='lat'><em>_6</em></span> <span class='ocrx_word' id='word_1_294' title='bbox 1597 2337 1784 2417; x_wconf 86' lang='grc' dir='ltr'>λόγος,</span> <span class='ocrx_word' id='word_1_295' title='bbox 1853 2326 1945 2400; x_wconf 76' lang='grc' dir='ltr'>καὶ</span> 
     </span>
    </p>
   </div>
   <div class='ocr_carea' id='block_1_40' title="bbox 350 2423 1945 2507">
    <p class='ocr_par' dir='ltr' id='par_1_40' title="bbox 350 2423 1945 2507">
     <span class='ocr_line' id='line_1_41' title="bbox 350 2423 1945 2507; baseline 0.003 -23"><span class='ocrx_word' id='word_1_296' title='bbox 350 2423 602 2503; x_wconf 76' lang='grc' dir='ltr'>εὑρήσετε</span> <span class='ocrx_word' id='word_1_297' title='bbox 640 2425 732 2484; x_wconf 85' lang='lat' dir='ltr'><strong>xui</strong></span> <span class='ocrx_word' id='word_1_298' title='bbox 776 2425 932 2485; x_wconf 87' lang='grc' dir='ltr'>αὐτὸν</span> <span class='ocrx_word' id='word_1_299' title='bbox 978 2427 1038 2485; x_wconf 80' lang='grc' dir='ltr'><strong>ἐκ</strong></span> <span class='ocrx_word' id='word_1_300' title='bbox 1089 2425 1325 2493; x_wconf 86' lang='grc' dir='ltr'>πίστεως</span> <span class='ocrx_word' id='word_1_301' title='bbox 1377 2427 1770 2507; x_wconf 73' lang='grc' dir='ltr'>δικαιωθένταᾶ</span> <span class='ocrx_word' id='word_1_302' title='bbox 1796 2431 1860 2488; x_wconf 79' lang='grc' dir='ltr'><strong>Εἰ</strong></span> <span class='ocrx_word' id='word_1_303' title='bbox 1891 2429 1945 2489; x_wconf 86' lang='grc' dir='ltr'>δὲ</span> 
     </span>
    </p>
   </div>
   <div class='ocr_carea' id='block_1_41' title="bbox 347 2513 1945 2601">
    <p class='ocr_par' dir='ltr' id='par_1_41' title="bbox 347 2513 1945 2601">
     <span class='ocr_line' id='line_1_42' title="bbox 347 2513 1945 2601; baseline 0.005 -29"><span class='ocrx_word' id='word_1_304' title='bbox 347 2517 376 2572; x_wconf 88' lang='lat'><strong>6</strong></span> <span class='ocrx_word' id='word_1_305' title='bbox 425 2513 527 2592; x_wconf 90' lang='grc' dir='ltr'><strong>πρὸ</strong></span> <span class='ocrx_word' id='word_1_306' title='bbox 565 2517 660 2586; x_wconf 81' lang='grc' dir='ltr'><strong>τῆς</strong></span> <span class='ocrx_word' id='word_1_307' title='bbox 709 2513 926 2595; x_wconf 83' lang='grc' dir='ltr'>χάριτος</span> <span class='ocrx_word' id='word_1_308' title='bbox 979 2517 1040 2575; x_wconf 77' lang='grc' dir='ltr'><strong>ἐκ</strong></span> <span class='ocrx_word' id='word_1_309' title='bbox 1100 2515 1945 2601; x_wconf 55' lang='grc' dir='ltr'>πίστεωςξξδικαιοῦται,ξιολλῷ</span> 
     </span>
    </p>
   </div>
   <div class='ocr_carea' id='block_1_42' title="bbox 350 2604 1944 2689">
    <p class='ocr_par' dir='ltr' id='par_1_42' title="bbox 350 2604 1944 2689">
     <span class='ocr_line' id='line_1_43' title="bbox 350 2604 1944 2689; baseline 0.005 -29"><span class='ocrx_word' id='word_1_310' title='bbox 350 2605 553 2679; x_wconf 82' lang='grc' dir='ltr'>μᾶλλον</span> <span class='ocrx_word' id='word_1_311' title='bbox 616 2606 663 2663; x_wconf 81' lang='grc' dir='ltr'>οἵ</span> <span class='ocrx_word' id='word_1_312' title='bbox 719 2609 813 2676; x_wconf 81' lang='grc' dir='ltr'><strong>τῆς</strong></span> <span class='ocrx_word' id='word_1_313' title='bbox 867 2604 1086 2686; x_wconf 90' lang='grc' dir='ltr'>χάριτος</span> <span class='ocrx_word' id='word_1_314' title='bbox 1145 2604 1482 2686; x_wconf 41' lang='grc' dir='ltr'>ἀξιωθέντες,</span> <span class='ocrx_word' id='word_1_315' title='bbox 1521 2607 1944 2689; x_wconf 26' lang='grc' dir='ltr'>ὀφείλουσιῧντῆς</span> 
     </span>
    </p>
   </div>
   <div class='ocr_carea' id='block_1_43' title="bbox 347 2692 825 2774">
    <p class='ocr_par' dir='ltr' id='par_1_43' title="bbox 347 2692 825 2774">
     <span class='ocr_line' id='line_1_44' title="bbox 347 2692 825 2774; baseline 0.004 -24"><span class='ocrx_word' id='word_1_316' title='bbox 347 2692 573 2761; x_wconf 84' lang='grc' dir='ltr'>πίστεως</span> <span class='ocrx_word' id='word_1_317' title='bbox 591 2692 825 2774; x_wconf 81' lang='grc' dir='ltr'>ἔχεσθαι.</span> 
     </span>
    </p>
   </div>
   <div class='ocr_carea' id='block_1_44' title="bbox 433 2865 1954 2956">
    <p class='ocr_par' dir='ltr' id='par_1_44' title="bbox 433 2865 1954 2956">
     <span class='ocr_line' id='line_1_45' title="bbox 433 2865 1954 2956; baseline 0.005 -28"><span class='ocrx_word' id='word_1_318' title='bbox 433 2894 464 2928; x_wconf 76' lang='grc' dir='ltr'><strong>ιι</strong></span> <span class='ocrx_word' id='word_1_319' title='bbox 498 2871 793 2933; x_wconf 85' lang='grc' dir='ltr'>Γινώσκετε</span> <span class='ocrx_word' id='word_1_320' title='bbox 850 2871 984 2954; x_wconf 79' lang='grc' dir='ltr'>ἄρα,</span> <span class='ocrx_word' id='word_1_321' title='bbox 1027 2873 1124 2933; x_wconf 70' lang='grc' dir='ltr'>ὅτι</span> <span class='ocrx_word' id='word_1_322' title='bbox 1153 2875 1201 2933; x_wconf 76' lang='grc' dir='ltr'>οἱ</span> <span class='ocrx_word' id='word_1_323' title='bbox 1233 2872 1572 2951; x_wconf 56' lang='grc' dir='ltr'>ἐκῖπίστεως</span> <span class='ocrx_word' id='word_1_324' title='bbox 1595 2865 1790 2956; x_wconf 66' lang='grc' dir='ltr'>,ςοῖτοί</span> <span class='ocrx_word' id='word_1_325' title='bbox 1811 2877 1954 2936; x_wconf 59' lang='grc' dir='ltr'>εἰσιν</span> 
     </span>
    </p>
   </div>
   <div class='ocr_carea' id='block_1_45' title="bbox 347 2961 1962 3044">
    <p class='ocr_par' dir='ltr' id='par_1_45' title="bbox 347 2961 1962 3044">
     <span class='ocr_line' id='line_1_46' title="bbox 347 2961 1962 3044; baseline 0.002 -24"><span class='ocrx_word' id='word_1_326' title='bbox 347 2961 451 3020; x_wconf 73' lang='grc' dir='ltr'>υἱοὶ</span> <span class='ocrx_word' id='word_1_327' title='bbox 510 2963 771 3044; x_wconf 81' lang='grc' dir='ltr'>Ἀϐραάμ.</span> <span class='ocrx_word' id='word_1_328' title='bbox 818 2985 848 3021; x_wconf 87' lang='lat' dir='ltr'><strong>n</strong></span> <span class='ocrx_word' id='word_1_329' title='bbox 904 2962 1126 3036; x_wconf 85' lang='grc' dir='ltr'>Ἐπειδὴ</span> <span class='ocrx_word' id='word_1_330' title='bbox 1186 2963 1535 3024; x_wconf 83' lang='grc' dir='ltr'>ἐδεδοίκεισαν</span> <span class='ocrx_word' id='word_1_331' title='bbox 1609 2965 1800 3043; x_wconf 83' lang='grc' dir='ltr'>μήπως</span> <span class='ocrx_word' id='word_1_332' title='bbox 1853 2963 1962 3025; x_wconf 80' lang='grc' dir='ltr'><strong>τὸν</strong></span> 
     </span>
    </p>
   </div>
   <div class='ocr_carea' id='block_1_46' title="bbox 347 3051 1944 3136">
    <p class='ocr_par' dir='ltr' id='par_1_46' title="bbox 347 3051 1944 3136">
     <span class='ocr_line' id='line_1_47' title="bbox 347 3051 1944 3136; baseline 0.003 -27"><span class='ocrx_word' id='word_1_333' title='bbox 347 3051 505 3128; x_wconf 86' lang='grc' dir='ltr'>νόμον</span> <span class='ocrx_word' id='word_1_334' title='bbox 557 3053 771 3135; x_wconf 82' lang='grc' dir='ltr'>ἀφέντες</span> <span class='ocrx_word' id='word_1_335' title='bbox 827 3055 1093 3113; x_wconf 87' lang='grc' dir='ltr'>ἐκπέσωσι</span> <span class='ocrx_word' id='word_1_336' title='bbox 1150 3057 1244 3124; x_wconf 81' lang='grc' dir='ltr'><strong>τῆς</strong></span> <span class='ocrx_word' id='word_1_337' title='bbox 1299 3059 1392 3113; x_wconf 89' lang='grc' dir='ltr'><strong>τοῦ</strong></span> <span class='ocrx_word' id='word_1_338' title='bbox 1449 3056 1784 3135; x_wconf 82' lang='grc' dir='ltr'>πατριάρχου</span> <span class='ocrx_word' id='word_1_339' title='bbox 1817 3080 1944 3136; x_wconf 92' lang='grc' dir='ltr'>συγ-</span> 
     </span>
    </p>
   </div>
   <div class='ocr_carea' id='block_1_47' title="bbox 346 3141 1944 3224">
    <p class='ocr_par' dir='ltr' id='par_1_47' title="bbox 346 3141 1944 3224">
     <span class='ocr_line' id='line_1_48' title="bbox 346 3141 1944 3224; baseline 0.002 -23"><span class='ocrx_word' id='word_1_340' title='bbox 346 3141 551 3220; x_wconf 86' lang='grc' dir='ltr'>γενείας</span> <span class='ocrx_word' id='word_1_341' title='bbox 599 3143 831 3224; x_wconf 80' lang='grc' dir='ltr'>(σφόδρα</span> <span class='ocrx_word' id='word_1_342' title='bbox 883 3142 985 3224; x_wconf 90' lang='grc' dir='ltr'><strong>γὰρ</strong></span> <span class='ocrx_word' id='word_1_343' title='bbox 1026 3143 1374 3222; x_wconf 79' lang='grc' dir='ltr'>ἐσεμνύνοντο</span> <span class='ocrx_word' id='word_1_344' title='bbox 1422 3144 1510 3204; x_wconf 80' lang='grc' dir='ltr'>ἐπὶ</span> <span class='ocrx_word' id='word_1_345' title='bbox 1557 3144 1790 3224; x_wconf 83' lang='grc' dir='ltr'>ταύτῃ),</span> <span class='ocrx_word' id='word_1_346' title='bbox 1842 3146 1944 3205; x_wconf 89' lang='grc' dir='ltr'>δεί-</span> 
     </span>
    </p>
   </div>
   <div class='ocr_carea' id='block_1_48' title="bbox 350 3232 1946 3310">
    <p class='ocr_par' dir='ltr' id='par_1_48' title="bbox 350 3232 1946 3310">
     <span class='ocr_line' id='line_1_49' title="bbox 350 3232 1946 3310; baseline 0.003 -20"><span class='ocrx_word' id='word_1_347' title='bbox 350 3255 529 3291; x_wconf 89' lang='grc' dir='ltr'>κνυσιν</span> <span class='ocrx_word' id='word_1_348' title='bbox 563 3233 716 3300; x_wconf 88' lang='grc' dir='ltr'>αὐτὸς</span> <span class='ocrx_word' id='word_1_349' title='bbox 745 3232 1075 3306; x_wconf 87' lang='grc' dir='ltr'>τούναντίον,</span> <span class='ocrx_word' id='word_1_350' title='bbox 1122 3232 1202 3292; x_wconf 78' lang='grc' dir='ltr'><strong>ὅτι</strong></span> <span class='ocrx_word' id='word_1_351' title='bbox 1233 3238 1266 3305; x_wconf 85' lang='grc' dir='ltr'>ἡ</span> <span class='ocrx_word' id='word_1_352' title='bbox 1300 3234 1478 3301; x_wconf 84' lang='grc' dir='ltr'>πίστις</span> <span class='ocrx_word' id='word_1_353' title='bbox 1509 3235 1711 3310; x_wconf 78' lang='grc' dir='ltr'>μᾶλλον</span> <span class='ocrx_word' id='word_1_354' title='bbox 1760 3236 1946 3304; x_wconf 82' lang='grc' dir='ltr'>αὐτοὺς</span> 
     </span>
    </p>
   </div>
   <div class='ocr_carea' id='block_1_49' title="bbox 350 3319 1582 3404">
    <p class='ocr_par' dir='ltr' id='par_1_49' title="bbox 350 3319 1582 3404">
     <span class='ocr_line' id='line_1_50' title="bbox 350 3319 1582 3404; baseline 0.004 -25"><span class='ocrx_word' id='word_1_355' title='bbox 350 3319 490 3389; x_wconf 72' lang='grc' dir='ltr'>υἱοὺς</span> <span class='ocrx_word' id='word_1_356' title='bbox 517 3322 659 3380; x_wconf 85' lang='grc' dir='ltr'>ποιεῖ</span> <span class='ocrx_word' id='word_1_357' title='bbox 688 3321 934 3401; x_wconf 84' lang='grc' dir='ltr'>Ἀϐραὰμ</span> <span class='ocrx_word' id='word_1_358' title='bbox 965 3321 1083 3390; x_wconf 80' lang='grc' dir='ltr'>τοὺς</span> <span class='ocrx_word' id='word_1_359' title='bbox 1111 3323 1310 3395; x_wconf 88' lang='grc' dir='ltr'>ταύτην</span> <span class='ocrx_word' id='word_1_360' title='bbox 1341 3322 1582 3404; x_wconf 74' lang='grc' dir='ltr'>ἔχοντας.</span> 
     </span>
    </p>
   </div>
   <div class='ocr_carea' id='block_1_50' title="bbox 439 3411 1943 3493">
    <p class='ocr_par' dir='ltr' id='par_1_50' title="bbox 439 3411 1943 3493">
     <span class='ocr_line' id='line_1_51' title="bbox 439 3411 1943 3493; baseline 0.004 -24"><span class='ocrx_word' id='word_1_361' title='bbox 439 3434 470 3470; x_wconf 82' lang='grc' dir='ltr'><strong>ιι</strong></span> <span class='ocrx_word' id='word_1_362' title='bbox 499 3414 804 3492; x_wconf 81' lang='grc' dir='ltr'>Προῖδοῦσα</span> <span class='ocrx_word' id='word_1_363' title='bbox 835 3413 890 3471; x_wconf 86' lang='grc' dir='ltr'>δὲ</span> <span class='ocrx_word' id='word_1_364' title='bbox 921 3416 954 3484; x_wconf 85' lang='grc' dir='ltr'>ἠ</span> <span class='ocrx_word' id='word_1_365' title='bbox 998 3416 1042 3474; x_wconf 92' lang='grc' dir='ltr'><strong>Γ</strong></span> <span class='ocrx_word' id='word_1_366' title='bbox 1046 3411 1215 3493; x_wconf 79' lang='grc' dir='ltr'>ραφὴ,</span> <span class='ocrx_word' id='word_1_367' title='bbox 1252 3413 1332 3471; x_wconf 80' lang='grc' dir='ltr'>ὅτι</span> <span class='ocrx_word' id='word_1_368' title='bbox 1364 3416 1423 3472; x_wconf 83' lang='grc' dir='ltr'><strong>ἐκ</strong></span> <span class='ocrx_word' id='word_1_369' title='bbox 1470 3415 1697 3483; x_wconf 84' lang='grc' dir='ltr'>πίστεως</span> <span class='ocrx_word' id='word_1_370' title='bbox 1748 3417 1943 3475; x_wconf 87' lang='grc' dir='ltr'>δικαιοῖ</span> 
     </span>
    </p>
   </div>
   <div class='ocr_carea' id='block_1_51' title="bbox 347 3499 1941 3585">
    <p class='ocr_par' dir='ltr' id='par_1_51' title="bbox 347 3499 1941 3585">
     <span class='ocr_line' id='line_1_52' title="bbox 347 3499 1941 3585; baseline 0.004 -26"><span class='ocrx_word' id='word_1_371' title='bbox 347 3500 412 3559; x_wconf 88' lang='grc' dir='ltr'><strong>τὰ</strong></span> <span class='ocrx_word' id='word_1_372' title='bbox 443 3499 564 3575; x_wconf 87' lang='grc' dir='ltr'>ἔθνη</span> <span class='ocrx_word' id='word_1_373' title='bbox 605 3505 632 3560; x_wconf 97' lang='lat'><strong>6</strong></span> <span class='ocrx_word' id='word_1_374' title='bbox 673 3502 836 3576; x_wconf 88' lang='grc' dir='ltr'>Θεὸς,</span> <span class='ocrx_word' id='word_1_375' title='bbox 880 3501 1364 3582; x_wconf 83' lang='grc' dir='ltr'>προευηγγελίσατο</span> <span class='ocrx_word' id='word_1_376' title='bbox 1407 3505 1483 3583; x_wconf 85' lang='grc' dir='ltr'>τῷ</span> <span class='ocrx_word' id='word_1_377' title='bbox 1531 3503 1804 3585; x_wconf 82' lang='grc' dir='ltr'>Ἀϐραὰμ,</span> <span class='ocrx_word' id='word_1_378' title='bbox 1858 3505 1941 3565; x_wconf 77' lang='grc' dir='ltr'>ὅτι</span> 
     </span>
    </p>
   </div>
   <div class='ocr_carea' id='block_1_52' title="bbox 347 3589 1939 3671">
    <p class='ocr_par' dir='ltr' id='par_1_52' title="bbox 347 3589 1939 3671">
     <span class='ocr_line' id='line_1_53' title="bbox 347 3589 1939 3671; baseline 0 -20"><span class='ocrx_word' id='word_1_379' title='bbox 347 3589 443 3651; x_wconf 82' lang='grc' dir='ltr'>Ἐν</span> <span class='ocrx_word' id='word_1_380' title='bbox 489 3593 570 3651; x_wconf 78' lang='grc' dir='ltr'><strong>σοὶ</strong></span> <span class='ocrx_word' id='word_1_381' title='bbox 629 3591 1074 3671; x_wconf 80' lang='grc' dir='ltr'>εὐλογηθήσονται</span> <span class='ocrx_word' id='word_1_382' title='bbox 1116 3592 1292 3651; x_wconf 89' lang='grc' dir='ltr'>πάντα</span> <span class='ocrx_word' id='word_1_383' title='bbox 1342 3591 1409 3650; x_wconf 88' lang='grc' dir='ltr'>τὰ</span> <span class='ocrx_word' id='word_1_384' title='bbox 1442 3592 1582 3666; x_wconf 85' lang='grc' dir='ltr'>ἔθνη.</span> <span class='ocrx_word' id='word_1_385' title='bbox 1636 3615 1666 3651; x_wconf 75' lang='grc' dir='ltr'>ι)</span> <span class='ocrx_word' id='word_1_386' title='bbox 1704 3593 1939 3653; x_wconf 70' lang='grc' dir='ltr'>Ἀποδείο</span> 
     </span>
    </p>
   </div>
   <div class='ocr_carea' id='block_1_53' title="bbox 345 3673 1940 3763">
    <p class='ocr_par' dir='ltr' id='par_1_53' title="bbox 345 3673 1940 3763">
     <span class='ocr_line' id='line_1_54' title="bbox 345 3673 1940 3763; baseline 0.003 -25"><span class='ocrx_word' id='word_1_387' title='bbox 345 3703 527 3754; x_wconf 89' lang='grc' dir='ltr'>κνυσι,</span> <span class='ocrx_word' id='word_1_388' title='bbox 550 3684 663 3748; x_wconf 91' lang='grc' dir='ltr'><strong>πῶς</strong></span> <span class='ocrx_word' id='word_1_389' title='bbox 701 3684 749 3740; x_wconf 81' lang='grc' dir='ltr'>οἱ</span> <span class='ocrx_word' id='word_1_390' title='bbox 778 3683 839 3740; x_wconf 85' lang='grc' dir='ltr'><strong>ἐκ</strong></span> <span class='ocrx_word' id='word_1_391' title='bbox 880 3679 1138 3756; x_wconf 85' lang='grc' dir='ltr'>πίστεως,</span> <span class='ocrx_word' id='word_1_392' title='bbox 1181 3673 1486 3759; x_wconf 41' lang='grc' dir='ltr'>οὐτοίξείσιν</span> <span class='ocrx_word' id='word_1_393' title='bbox 1521 3685 1620 3742; x_wconf 75' lang='grc' dir='ltr'>υἱοὶ</span> <span class='ocrx_word' id='word_1_394' title='bbox 1655 3682 1898 3763; x_wconf 83' lang='grc' dir='ltr'>Ἀϐραάμ</span> <span class='ocrx_word' id='word_1_395' title='bbox 1926 3708 1940 3722; x_wconf 87' lang='grc'><strong>·</strong></span> 
     </span>
    </p>
   </div>
   <div class='ocr_carea' id='block_1_54' title="bbox 346 3770 1940 3854">
    <p class='ocr_par' dir='ltr' id='par_1_54' title="bbox 346 3770 1940 3854">
     <span class='ocr_line' id='line_1_55' title="bbox 346 3770 1940 3854; baseline 0.003 -26"><span class='ocrx_word' id='word_1_396' title='bbox 346 3770 437 3828; x_wconf 89' lang='lat' dir='ltr'><strong>xui</strong></span> <span class='ocrx_word' id='word_1_397' title='bbox 493 3770 682 3848; x_wconf 85' lang='grc' dir='ltr'>ἐπάγει</span> <span class='ocrx_word' id='word_1_398' title='bbox 732 3770 830 3842; x_wconf 78' lang='grc' dir='ltr'><strong>τὴν</strong></span> <span class='ocrx_word' id='word_1_399' title='bbox 874 3771 1172 3852; x_wconf 88' lang='grc' dir='ltr'>μαρτυρίαν</span> <span class='ocrx_word' id='word_1_400' title='bbox 1231 3772 1336 3831; x_wconf 83' lang='grc' dir='ltr'><strong>ἀπὸ</strong></span> <span class='ocrx_word' id='word_1_401' title='bbox 1405 3776 1500 3844; x_wconf 78' lang='grc' dir='ltr'><strong>τῆς</strong></span> <span class='ocrx_word' id='word_1_402' title='bbox 1559 3776 1602 3833; x_wconf 86' lang='grc' dir='ltr'><strong>Γ</strong></span> <span class='ocrx_word' id='word_1_403' title='bbox 1608 3776 1805 3854; x_wconf 76' lang='grc' dir='ltr'>ραφῆς,</span> <span class='ocrx_word' id='word_1_404' title='bbox 1861 3772 1940 3832; x_wconf 75' lang='grc' dir='ltr'>ὅτι</span> 
     </span>
    </p>
   </div>
   <div class='ocr_carea' id='block_1_55' title="bbox 353 3859 1938 3938">
    <p class='ocr_par' dir='ltr' id='par_1_55' title="bbox 353 3859 1938 3938">
     <span class='ocr_line' id='line_1_56' title="bbox 353 3859 1938 3938; baseline 0.002 -21"><span class='ocrx_word' id='word_1_405' title='bbox 353 3882 383 3918; x_wconf 86' lang='grc' dir='ltr'><strong>ιι</strong></span> <span class='ocrx_word' id='word_1_406' title='bbox 413 3859 506 3920; x_wconf 84' lang='grc' dir='ltr'>Ἐν</span> <span class='ocrx_word' id='word_1_407' title='bbox 539 3861 622 3920; x_wconf 83' lang='grc' dir='ltr'><strong>σοὶ</strong></span> <span class='ocrx_word' id='word_1_408' title='bbox 668 3861 1112 3938; x_wconf 80' lang='grc' dir='ltr'>εὐλογηθήσονται</span> <span class='ocrx_word' id='word_1_409' title='bbox 1159 3861 1227 3922; x_wconf 88' lang='grc' dir='ltr'><strong>τὰ</strong></span> <span class='ocrx_word' id='word_1_410' title='bbox 1278 3860 1433 3934; x_wconf 71' lang='grc' dir='ltr'>ἔθνησ</span> <span class='ocrx_word' id='word_1_411' title='bbox 1467 3886 1495 3920; x_wconf 63' lang='grc' dir='ltr'>θ</span> <span class='ocrx_word' id='word_1_412' title='bbox 1530 3862 1646 3921; x_wconf 78' lang='grc' dir='ltr'>ἀντὶ</span> <span class='ocrx_word' id='word_1_413' title='bbox 1677 3868 1805 3934; x_wconf 85' lang='grc' dir='ltr'>τοῦ,</span> <span class='ocrx_word' id='word_1_414' title='bbox 1843 3866 1938 3924; x_wconf 87' lang='grc' dir='ltr'>Ἐν</span> 
     </span>
    </p>
   </div>
   <div class='ocr_carea' id='block_1_56' title="bbox 342 3949 1940 4030">
    <p class='ocr_par' dir='ltr' id='par_1_56' title="bbox 342 3949 1940 4030">
     <span class='ocr_line' id='line_1_57' title="bbox 342 3949 1940 4030; baseline 0.002 -22"><span class='ocrx_word' id='word_1_415' title='bbox 342 3953 419 4030; x_wconf 85' lang='grc' dir='ltr'>τῷ</span> <span class='ocrx_word' id='word_1_416' title='bbox 445 3950 782 4027; x_wconf 86' lang='grc' dir='ltr'>μιμήσασθαι</span> <span class='ocrx_word' id='word_1_417' title='bbox 811 3949 906 4022; x_wconf 82' lang='grc' dir='ltr'><strong>τὴν</strong></span> <span class='ocrx_word' id='word_1_418' title='bbox 958 3950 1138 4010; x_wconf 88' lang='grc' dir='ltr'>πίστιν</span> <span class='ocrx_word' id='word_1_419' title='bbox 1191 3974 1306 4010; x_wconf 90' lang='grc' dir='ltr'>σου.</span> <span class='ocrx_word' id='word_1_420' title='bbox 1344 3951 1591 4011; x_wconf 88' lang='grc' dir='ltr'>Δείκνυσι</span> <span class='ocrx_word' id='word_1_421' title='bbox 1643 3950 1698 4010; x_wconf 84' lang='grc' dir='ltr'>δὲ</span> <span class='ocrx_word' id='word_1_422' title='bbox 1740 3952 1831 4010; x_wconf 87' lang='lat' dir='ltr'><strong>xui</strong></span> <span class='ocrx_word' id='word_1_423' title='bbox 1861 3952 1940 4012; x_wconf 79' lang='grc' dir='ltr'><strong>ὅτι</strong></span> 
     </span>
    </p>
   </div>
   <div class='ocr_carea' id='block_1_57' title="bbox 341 4038 1940 4120">
    <p class='ocr_par' dir='ltr' id='par_1_57' title="bbox 341 4038 1940 4120">
     <span class='ocr_line' id='line_1_58' title="bbox 341 4038 1940 4120; baseline 0.003 -24"><span class='ocrx_word' id='word_1_424' title='bbox 341 4044 434 4097; x_wconf 91' lang='grc' dir='ltr'><strong>τοῦ</strong></span> <span class='ocrx_word' id='word_1_425' title='bbox 487 4038 646 4115; x_wconf 86' lang='grc' dir='ltr'>νόμου</span> <span class='ocrx_word' id='word_1_426' title='bbox 687 4039 1022 4120; x_wconf 85' lang='grc' dir='ltr'>πρεσϐυτέρα</span> <span class='ocrx_word' id='word_1_427' title='bbox 1074 4046 1108 4112; x_wconf 86' lang='grc' dir='ltr'>ἡ</span> <span class='ocrx_word' id='word_1_428' title='bbox 1154 4039 1357 4118; x_wconf 86' lang='grc' dir='ltr'>πίστις,</span> <span class='ocrx_word' id='word_1_429' title='bbox 1401 4040 1538 4120; x_wconf 84' lang='grc' dir='ltr'>εἴγε</span> <span class='ocrx_word' id='word_1_430' title='bbox 1591 4041 1695 4120; x_wconf 93' lang='grc' dir='ltr'><strong>πρὸ</strong></span> <span class='ocrx_word' id='word_1_431' title='bbox 1726 4046 1816 4102; x_wconf 90' lang='grc' dir='ltr'><strong>τοῦ</strong></span> <span class='ocrx_word' id='word_1_432' title='bbox 1844 4041 1940 4101; x_wconf 85' lang='grc' dir='ltr'>νό-</span> 
     </span>
    </p>
   </div>
   <div class='ocr_carea' id='block_1_58' title="bbox 340 4128 1938 4209">
    <p class='ocr_par' dir='ltr' id='par_1_58' title="bbox 340 4128 1938 4209">
     <span class='ocr_line' id='line_1_59' title="bbox 340 4128 1938 4209; baseline 0.003 -23"><span class='ocrx_word' id='word_1_433' title='bbox 340 4149 444 4205; x_wconf 88' lang='grc' dir='ltr'><strong>μου</strong></span> <span class='ocrx_word' id='word_1_434' title='bbox 472 4128 562 4186; x_wconf 89' lang='grc' dir='ltr'><strong>τὸν</strong></span> <span class='ocrx_word' id='word_1_435' title='bbox 592 4128 837 4209; x_wconf 82' lang='grc' dir='ltr'>Ἀϐραὰμ</span> <span class='ocrx_word' id='word_1_436' title='bbox 885 4130 1020 4201; x_wconf 79' lang='grc' dir='ltr'>αὕτη</span> <span class='ocrx_word' id='word_1_437' title='bbox 1061 4129 1337 4190; x_wconf 86' lang='grc' dir='ltr'>ἐδικαίωσε</span> <span class='ocrx_word' id='word_1_438' title='bbox 1362 4149 1376 4163; x_wconf 81' lang='grc'><strong><em>⁸</em></strong></span> <span class='ocrx_word' id='word_1_439' title='bbox 1411 4131 1500 4188; x_wconf 81' lang='grc' dir='ltr'>καὶ</span> <span class='ocrx_word' id='word_1_440' title='bbox 1548 4129 1627 4189; x_wconf 76' lang='grc' dir='ltr'><strong>ὅτι</strong></span> <span class='ocrx_word' id='word_1_441' title='bbox 1659 4132 1796 4189; x_wconf 87' lang='grc' dir='ltr'>κατὰ</span> <span class='ocrx_word' id='word_1_442' title='bbox 1845 4132 1938 4202; x_wconf 76' lang='grc' dir='ltr'><strong>τὴν</strong></span> 
     </span>
    </p>
   </div>
   <div class='ocr_carea' id='block_1_59' title="bbox 339 4217 1928 4301">
    <p class='ocr_par' dir='ltr' id='par_1_59' title="bbox 339 4217 1928 4301">
     <span class='ocr_line' id='line_1_60' title="bbox 339 4217 1928 4301; baseline -0.001 -23"><span class='ocrx_word' id='word_1_443' title='bbox 339 4217 662 4298; x_wconf 62' lang='grc' dir='ltr'>προφητείαν</span> <span class='ocrx_word' id='word_1_444' title='bbox 703 4219 771 4277; x_wconf 89' lang='grc' dir='ltr'><strong>τὰ</strong></span> <span class='ocrx_word' id='word_1_445' title='bbox 815 4224 905 4278; x_wconf 89' lang='grc' dir='ltr'><strong>νῦν</strong></span> <span class='ocrx_word' id='word_1_446' title='bbox 943 4218 1196 4295; x_wconf 88' lang='grc' dir='ltr'>γινόμενα</span> <span class='ocrx_word' id='word_1_447' title='bbox 1228 4220 1448 4296; x_wconf 88' lang='grc' dir='ltr'>γίνεται.</span> <span class='ocrx_word' id='word_1_448' title='bbox 1489 4242 1516 4277; x_wconf 74' lang='grc' dir='ltr'><strong>α</strong></span> <span class='ocrx_word' id='word_1_449' title='bbox 1547 4222 1864 4301; x_wconf 86' lang='grc' dir='ltr'>Προῖδοῦσα.</span> <span class='ocrx_word' id='word_1_450' title='bbox 1901 4248 1928 4277; x_wconf 80' lang='lat'>»</span> 
     </span>
    </p>
   </div>
   <div class='ocr_carea' id='block_1_60' title="bbox 337 4306 1934 4390">
    <p class='ocr_par' dir='ltr' id='par_1_60' title="bbox 337 4306 1934 4390">
     <span class='ocr_line' id='line_1_61' title="bbox 337 4306 1934 4390; baseline 0.003 -24"><span class='ocrx_word' id='word_1_451' title='bbox 337 4306 472 4388; x_wconf 89' lang='grc' dir='ltr'>γὰρ,</span> <span class='ocrx_word' id='word_1_452' title='bbox 503 4309 661 4389; x_wconf 77' lang='grc' dir='ltr'>φησὶν</span> <span class='ocrx_word' id='word_1_453' title='bbox 685 4357 698 4380; x_wconf 85' lang='grc'><strong>,</strong></span> <span class='ocrx_word' id='word_1_454' title='bbox 744 4330 772 4367; x_wconf 83' lang='grc' dir='ltr'>(ι</span> <span class='ocrx_word' id='word_1_455' title='bbox 821 4313 856 4381; x_wconf 88' lang='grc' dir='ltr'>ἡ</span> <span class='ocrx_word' id='word_1_456' title='bbox 911 4308 1132 4390; x_wconf 73' lang='grc' dir='ltr'>Γραφή,</span> <span class='ocrx_word' id='word_1_457' title='bbox 1167 4329 1198 4366; x_wconf 74' lang='grc' dir='ltr'>ι)</span> <span class='ocrx_word' id='word_1_458' title='bbox 1237 4310 1536 4384; x_wconf 75' lang='grc' dir='ltr'>τουτέστιν,</span> <span class='ocrx_word' id='word_1_459' title='bbox 1587 4309 1737 4377; x_wconf 89' lang='grc' dir='ltr'>αὐτὸς</span> <span class='ocrx_word' id='word_1_460' title='bbox 1780 4314 1808 4368; x_wconf 93' lang='lat'><strong>6</strong></span> <span class='ocrx_word' id='word_1_461' title='bbox 1848 4311 1934 4370; x_wconf 91' lang='grc' dir='ltr'><strong>τὸν</strong></span> 
     </span>
    </p>
   </div>
   <div class='ocr_carea' id='block_1_61' title="bbox 335 4395 1934 4478">
    <p class='ocr_par' dir='ltr' id='par_1_61' title="bbox 335 4395 1934 4478">
     <span class='ocr_line' id='line_1_62' title="bbox 335 4395 1934 4478; baseline 0.003 -24"><span class='ocrx_word' id='word_1_462' title='bbox 335 4395 496 4474; x_wconf 87' lang='grc' dir='ltr'>νόμον</span> <span class='ocrx_word' id='word_1_463' title='bbox 547 4398 662 4466; x_wconf 72' lang='grc' dir='ltr'>δοὺς</span> <span class='ocrx_word' id='word_1_464' title='bbox 709 4398 876 4473; x_wconf 87' lang='grc' dir='ltr'>Θεὸς,</span> <span class='ocrx_word' id='word_1_465' title='bbox 935 4396 1200 4478; x_wconf 84' lang='grc' dir='ltr'>προώρισε</span> <span class='ocrx_word' id='word_1_466' title='bbox 1255 4399 1330 4476; x_wconf 81' lang='grc' dir='ltr'><strong>μὴ</strong></span> <span class='ocrx_word' id='word_1_467' title='bbox 1363 4400 1421 4456; x_wconf 84' lang='grc' dir='ltr'><strong>ἐκ</strong></span> <span class='ocrx_word' id='word_1_468' title='bbox 1471 4398 1671 4476; x_wconf 85' lang='grc' dir='ltr'>νόμου,</span> <span class='ocrx_word' id='word_1_469' title='bbox 1721 4402 1839 4460; x_wconf 81' lang='grc' dir='ltr'>ἀλλ’</span> <span class='ocrx_word' id='word_1_470' title='bbox 1874 4403 1934 4460; x_wconf 85' lang='grc' dir='ltr'><strong>ἐκ</strong></span> 
     </span>
    </p>
   </div>
   <div class='ocr_carea' id='block_1_62' title="bbox 337 4479 1930 4570">
    <p class='ocr_par' dir='ltr' id='par_1_62' title="bbox 337 4479 1930 4570">
     <span class='ocr_line' id='line_1_63' title="bbox 337 4479 1930 4570; baseline 0.002 -26"><span class='ocrx_word' id='word_1_471' title='bbox 337 4485 567 4556; x_wconf 87' lang='grc' dir='ltr'>πίστεως</span> <span class='ocrx_word' id='word_1_472' title='bbox 600 4489 952 4550; x_wconf 86' lang='grc' dir='ltr'>δικαιοῦσθαι.</span> <span class='ocrx_word' id='word_1_473' title='bbox 1007 4489 1118 4547; x_wconf 89' lang='lat' dir='ltr'><strong>Kui</strong></span> <span class='ocrx_word' id='word_1_474' title='bbox 1157 4489 1254 4547; x_wconf 91' lang='grc' dir='ltr'><strong>οὐκ</strong></span> <span class='ocrx_word' id='word_1_475' title='bbox 1296 4479 1441 4547; x_wconf 73' lang='grc' dir='ltr'>εἶπεν</span> <span class='ocrx_word' id='word_1_476' title='bbox 1464 4535 1480 4567; x_wconf 90' lang='grc'><strong>,</strong></span> <span class='ocrx_word' id='word_1_477' title='bbox 1527 4489 1890 4570; x_wconf 80' lang='grc' dir='ltr'>Ἀπεκάλυψεν</span> <span class='ocrx_word' id='word_1_478' title='bbox 1915 4537 1930 4566; x_wconf 89' lang='grc'><strong>,</strong></span> 
     </span>
    </p>
   </div>
   <div class='ocr_carea' id='block_1_63' title="bbox 336 4575 1934 4658">
    <p class='ocr_par' dir='ltr' id='par_1_63' title="bbox 336 4575 1934 4658">
     <span class='ocr_line' id='line_1_64' title="bbox 336 4575 1934 4658; baseline 0.004 -24"><span class='ocrx_word' id='word_1_479' title='bbox 336 4575 454 4635; x_wconf 79' lang='grc' dir='ltr'>ἄλλ’</span> <span class='ocrx_word' id='word_1_480' title='bbox 536 4599 567 4636; x_wconf 79' lang='grc' dir='ltr'><strong>α</strong></span> <span class='ocrx_word' id='word_1_481' title='bbox 627 4576 1059 4657; x_wconf 85' lang='grc' dir='ltr'>Εὐηγγελίσατο’</span> <span class='ocrx_word' id='word_1_482' title='bbox 1115 4604 1141 4631; x_wconf 78' lang='grc' dir='ltr'><strong><em>ι</em></strong></span> <span class='ocrx_word' id='word_1_483' title='bbox 1192 4577 1280 4638; x_wconf 75' lang='grc' dir='ltr'>ἵνα</span> <span class='ocrx_word' id='word_1_484' title='bbox 1342 4577 1545 4658; x_wconf 86' lang='grc' dir='ltr'>μάθῃς,</span> <span class='ocrx_word' id='word_1_485' title='bbox 1617 4578 1697 4638; x_wconf 75' lang='grc' dir='ltr'>ὅτι</span> <span class='ocrx_word' id='word_1_486' title='bbox 1765 4580 1856 4640; x_wconf 81' lang='grc' dir='ltr'><strong>καὶ</strong></span> <span class='ocrx_word' id='word_1_487' title='bbox 1907 4586 1934 4640; x_wconf 89' lang='grc' dir='ltr'>ὁ</span> 
     </span>
    </p>
   </div>
   <div class='ocr_carea' id='block_1_64' title="bbox 336 4666 1931 4751">
    <p class='ocr_par' dir='ltr' id='par_1_64' title="bbox 336 4666 1931 4751">
     <span class='ocr_line' id='line_1_65' title="bbox 336 4666 1931 4751; baseline 0.003 -23"><span class='ocrx_word' id='word_1_488' title='bbox 336 4666 583 4749; x_wconf 77' lang='grc' dir='ltr'>Ἀϐραὰμ</span> <span class='ocrx_word' id='word_1_489' title='bbox 635 4666 820 4749; x_wconf 84' lang='grc' dir='ltr'>ἔχαιρε</span> <span class='ocrx_word' id='word_1_490' title='bbox 864 4668 1036 4751; x_wconf 86' lang='grc' dir='ltr'>τούτῳ</span> <span class='ocrx_word' id='word_1_491' title='bbox 1091 4672 1169 4750; x_wconf 80' lang='grc' dir='ltr'>τῷ</span> <span class='ocrx_word' id='word_1_492' title='bbox 1222 4669 1402 4750; x_wconf 75' lang='grc' dir='ltr'>τρόπῳ</span> <span class='ocrx_word' id='word_1_493' title='bbox 1433 4673 1531 4743; x_wconf 74' lang='grc' dir='ltr'><strong>τῆς</strong></span> <span class='ocrx_word' id='word_1_494' title='bbox 1575 4669 1931 4746; x_wconf 88' lang='grc' dir='ltr'>δικαιώσεως,</span> 
     </span>
    </p>
   </div>
   <div class='ocr_carea' id='block_1_65' title="bbox 335 4758 1084 4828">
    <p class='ocr_par' dir='ltr' id='par_1_65' title="bbox 335 4758 1084 4828">
     <span class='ocr_line' id='line_1_66' title="bbox 335 4758 1084 4828; baseline 0.005 -11"><span class='ocrx_word' id='word_1_495' title='bbox 335 4758 429 4817; x_wconf 85' lang='lat' dir='ltr'><strong>xui</strong></span> <span class='ocrx_word' id='word_1_496' title='bbox 461 4758 638 4818; x_wconf 82' lang='grc' dir='ltr'>ἐπόθει</span> <span class='ocrx_word' id='word_1_497' title='bbox 659 4763 817 4820; x_wconf 90' lang='grc' dir='ltr'>τοῦτο</span> <span class='ocrx_word' id='word_1_498' title='bbox 837 4759 1084 4828; x_wconf 76' lang='grc' dir='ltr'>ἐκϐῆναι.</span> 
     </span>
    </p>
   </div>
   <div class='ocr_carea' id='block_1_66' title="bbox 416 4847 1933 4933">
    <p class='ocr_par' dir='ltr' id='par_1_66' title="bbox 416 4847 1933 4933">
     <span class='ocr_line' id='line_1_67' title="bbox 416 4847 1933 4933; baseline 0.003 -25"><span class='ocrx_word' id='word_1_499' title='bbox 416 4869 447 4908; x_wconf 82' lang='lat' dir='ltr'><strong>u</strong></span> <span class='ocrx_word' id='word_1_500' title='bbox 479 4847 656 4909; x_wconf 65' lang='lat' dir='ltr'><strong>&quot;Qun</strong></span> <span class='ocrx_word' id='word_1_501' title='bbox 698 4851 747 4909; x_wconf 77' lang='grc' dir='ltr'>οἱ</span> <span class='ocrx_word' id='word_1_502' title='bbox 789 4851 850 4910; x_wconf 86' lang='grc' dir='ltr'><strong>ἐκ</strong></span> <span class='ocrx_word' id='word_1_503' title='bbox 902 4850 1130 4916; x_wconf 86' lang='grc' dir='ltr'>πίστεως</span> <span class='ocrx_word' id='word_1_504' title='bbox 1192 4851 1532 4928; x_wconf 80' lang='grc' dir='ltr'>εὐλογοῦνται</span> <span class='ocrx_word' id='word_1_505' title='bbox 1589 4851 1684 4910; x_wconf 82' lang='grc' dir='ltr'><strong>σὸν</strong></span> <span class='ocrx_word' id='word_1_506' title='bbox 1727 4853 1804 4933; x_wconf 84' lang='grc' dir='ltr'>τῷ</span> <span class='ocrx_word' id='word_1_507' title='bbox 1849 4876 1933 4912; x_wconf 87' lang='grc' dir='ltr'>πι-</span> 
     </span>
    </p>
   </div>
   <div class='ocr_carea' id='block_1_67' title="bbox 333 4931 1930 5020">
    <p class='ocr_par' dir='ltr' id='par_1_67' title="bbox 333 4931 1930 5020">
     <span class='ocr_line' id='line_1_68' title="bbox 333 4931 1930 5020; baseline 0.001 -22"><span class='ocrx_word' id='word_1_508' title='bbox 333 4941 445 5019; x_wconf 77' lang='grc' dir='ltr'><strong>στῶ</strong></span> <span class='ocrx_word' id='word_1_509' title='bbox 483 4936 746 5019; x_wconf 76' lang='grc' dir='ltr'>Ἀϐραάμ.</span> <span class='ocrx_word' id='word_1_510' title='bbox 782 4966 808 4994; x_wconf 70' lang='grc' dir='ltr'><strong>ο</strong></span> <span class='ocrx_word' id='word_1_511' title='bbox 845 4938 1070 5013; x_wconf 80' lang='grc' dir='ltr'>Ἐπειδὴ</span> <span class='ocrx_word' id='word_1_512' title='bbox 1127 4939 1506 5020; x_wconf 79' lang='grc' dir='ltr'>ἐταράττοντο,</span> <span class='ocrx_word' id='word_1_513' title='bbox 1561 4931 1930 5018; x_wconf 24' lang='grc' dir='ltr'>μήποτε-ὦσιν</span> 
     </span>
    </p>
   </div>
   <div class='ocr_carea' id='block_1_68' title="bbox 333 5028 1927 5112">
    <p class='ocr_par' dir='ltr' id='par_1_68' title="bbox 333 5028 1927 5112">
     <span class='ocr_line' id='line_1_69' title="bbox 333 5028 1927 5112; baseline 0.003 -25"><span class='ocrx_word' id='word_1_514' title='bbox 333 5028 750 5109; x_wconf 81' lang='grc' dir='ltr'>ἐπικατάρατοι,</span> <span class='ocrx_word' id='word_1_515' title='bbox 780 5032 852 5097; x_wconf 82' lang='grc' dir='ltr'>ὡς</span> <span class='ocrx_word' id='word_1_516' title='bbox 877 5029 952 5105; x_wconf 84' lang='grc' dir='ltr'><strong>μὴ</strong></span> <span class='ocrx_word' id='word_1_517' title='bbox 999 5029 1316 5107; x_wconf 77' lang='grc' dir='ltr'>ἐμμένοντες</span> <span class='ocrx_word' id='word_1_518' title='bbox 1354 5033 1430 5112; x_wconf 80' lang='grc' dir='ltr'>τῷ</span> <span class='ocrx_word' id='word_1_519' title='bbox 1461 5029 1610 5112; x_wconf 87' lang='grc' dir='ltr'>νόμῳ</span> <span class='ocrx_word' id='word_1_520' title='bbox 1658 5036 1677 5109; x_wconf 97' lang='grc'>(</span> <span class='ocrx_word' id='word_1_521' title='bbox 1708 5032 1927 5112; x_wconf 76' lang='grc' dir='ltr'>ἐγέγρα-</span> 
     </span>
    </p>
   </div>
   <div class='ocr_carea' id='block_1_69' title="bbox 332 5118 1928 5200">
    <p class='ocr_par' dir='ltr' id='par_1_69' title="bbox 332 5118 1928 5200">
     <span class='ocr_line' id='line_1_70' title="bbox 332 5118 1928 5200; baseline 0.004 -24"><span class='ocrx_word' id='word_1_522' title='bbox 332 5141 435 5178; x_wconf 89' lang='grc' dir='ltr'><strong>πτο</strong></span> <span class='ocrx_word' id='word_1_523' title='bbox 485 5118 617 5200; x_wconf 87' lang='grc' dir='ltr'>γάρ·</span> <span class='ocrx_word' id='word_1_524' title='bbox 667 5118 1100 5198; x_wconf 85' lang='grc' dir='ltr'>Ἐπικατάρατος</span> <span class='ocrx_word' id='word_1_525' title='bbox 1155 5118 1209 5188; x_wconf 85' lang='grc' dir='ltr'><strong>ὃς</strong></span> <span class='ocrx_word' id='word_1_526' title='bbox 1260 5122 1357 5179; x_wconf 89' lang='grc' dir='ltr'><strong>οὐκ</strong></span> <span class='ocrx_word' id='word_1_527' title='bbox 1408 5120 1624 5198; x_wconf 76' lang='grc' dir='ltr'>ἐμμένει</span> <span class='ocrx_word' id='word_1_528' title='bbox 1676 5126 1786 5190; x_wconf 89' lang='grc' dir='ltr'>τοῖς</span> <span class='ocrx_word' id='word_1_529' title='bbox 1836 5147 1928 5200; x_wconf 82' lang='grc' dir='ltr'>γε-</span> 
     </span>
    </p>
   </div>
   <div class='ocr_carea' id='block_1_70' title="bbox 331 5209 1928 5290">
    <p class='ocr_par' dir='ltr' id='par_1_70' title="bbox 331 5209 1928 5290">
     <span class='ocr_line' id='line_1_71' title="bbox 331 5209 1928 5290; baseline 0.004 -24"><span class='ocrx_word' id='word_1_530' title='bbox 331 5209 658 5287; x_wconf 82' lang='grc' dir='ltr'>γραμμένοις</span> <span class='ocrx_word' id='word_1_531' title='bbox 699 5210 753 5268; x_wconf 84' lang='grc' dir='ltr'><strong>ἐν</strong></span> <span class='ocrx_word' id='word_1_532' title='bbox 794 5211 869 5289; x_wconf 82' lang='grc' dir='ltr'>τῷ</span> <span class='ocrx_word' id='word_1_533' title='bbox 894 5209 1104 5290; x_wconf 87' lang='grc' dir='ltr'>νόμῳ),</span> <span class='ocrx_word' id='word_1_534' title='bbox 1139 5209 1440 5269; x_wconf 89' lang='grc' dir='ltr'>τούναντίον</span> <span class='ocrx_word' id='word_1_535' title='bbox 1472 5213 1675 5288; x_wconf 84' lang='grc' dir='ltr'>μᾶλλον</span> <span class='ocrx_word' id='word_1_536' title='bbox 1729 5211 1928 5272; x_wconf 83' lang='grc' dir='ltr'>δείκνυ-</span> 
     </span>
    </p>
   </div>
   <div class='ocr_carea' id='block_1_71' title="bbox 333 5297 1925 5384">
    <p class='ocr_par' dir='ltr' id='par_1_71' title="bbox 333 5297 1925 5384">
     <span class='ocr_line' id='line_1_72' title="bbox 333 5297 1925 5384; baseline 0.004 -29"><span class='ocrx_word' id='word_1_537' title='bbox 333 5320 449 5375; x_wconf 86' lang='grc' dir='ltr'>σιν,</span> <span class='ocrx_word' id='word_1_538' title='bbox 497 5297 578 5358; x_wconf 77' lang='grc' dir='ltr'>8τι</span> <span class='ocrx_word' id='word_1_539' title='bbox 625 5299 970 5376; x_wconf 86' lang='grc' dir='ltr'>εὐλογημένοι</span> <span class='ocrx_word' id='word_1_540' title='bbox 1033 5299 1162 5358; x_wconf 82' lang='grc' dir='ltr'>είσὶν</span> <span class='ocrx_word' id='word_1_541' title='bbox 1217 5301 1266 5359; x_wconf 81' lang='grc' dir='ltr'>οἳ</span> <span class='ocrx_word' id='word_1_542' title='bbox 1329 5299 1420 5359; x_wconf 87' lang='grc' dir='ltr'><strong>τὸν</strong></span> <span class='ocrx_word' id='word_1_543' title='bbox 1465 5300 1624 5379; x_wconf 89' lang='grc' dir='ltr'>νόμον</span> <span class='ocrx_word' id='word_1_544' title='bbox 1667 5301 1925 5384; x_wconf 78' lang='grc' dir='ltr'>ἀφιέντες,</span> 
     </span>
    </p>
   </div>
   <div class='ocr_carea' id='block_1_72' title="bbox 335 5387 1930 5471">
    <p class='ocr_par' dir='ltr' id='par_1_72' title="bbox 335 5387 1930 5471">
     <span class='ocr_line' id='line_1_73' title="bbox 335 5387 1930 5471; baseline 0.004 -25"><span class='ocrx_word' id='word_1_545' title='bbox 335 5387 429 5448; x_wconf 82' lang='grc' dir='ltr'>καὶ</span> <span class='ocrx_word' id='word_1_546' title='bbox 618 5389 797 5449; x_wconf 88' lang='grc' dir='ltr'>πίστει</span> <span class='ocrx_word' id='word_1_547' title='bbox 878 5388 1216 5470; x_wconf 86' lang='grc' dir='ltr'>προσιόντες,</span> <span class='ocrx_word' id='word_1_548' title='bbox 1285 5387 1466 5471; x_wconf 83' lang='grc' dir='ltr'>ὥσπερ</span> <span class='ocrx_word' id='word_1_549' title='bbox 1524 5390 1616 5450; x_wconf 87' lang='lat' dir='ltr'><strong>xui</strong></span> <span class='ocrx_word' id='word_1_550' title='bbox 1668 5395 1698 5452; x_wconf 92' lang='lat'><strong>6</strong></span> <span class='ocrx_word' id='word_1_551' title='bbox 1745 5392 1930 5461; x_wconf 90' lang='grc' dir='ltr'>πιστὸς</span> 
     </span>
    </p>
   </div>
   <div class='ocr_carea' id='block_1_73' title="bbox 330 5475 897 5557">
    <p class='ocr_par' dir='ltr' id='par_1_73' title="bbox 330 5475 897 5557">
     <span class='ocr_line' id='line_1_74' title="bbox 330 5475 897 5557; baseline 0.002 -19"><span class='ocrx_word' id='word_1_552' title='bbox 330 5475 384 5538; x_wconf 77' lang='grc' dir='ltr'><strong>Ἀ</strong></span> <span class='ocrx_word' id='word_1_553' title='bbox 394 5476 534 5556; x_wconf 85' lang='grc' dir='ltr'>ϐραὰ</span> <span class='ocrx_word' id='word_1_554' title='bbox 541 5503 582 5554; x_wconf 95' lang='grc' dir='ltr'><strong>μ</strong></span> <span class='ocrx_word' id='word_1_555' title='bbox 609 5478 897 5557; x_wconf 90' lang='grc' dir='ltr'>ηὐλόγητο.</span> 
     </span>
    </p>
   </div>
   <div class='ocr_carea' id='block_1_74' title="bbox 421 5566 1935 5654">
    <p class='ocr_par' dir='ltr' id='par_1_74' title="bbox 421 5566 1935 5654">
     <span class='ocr_line' id='line_1_75' title="bbox 421 5566 1935 5654; baseline 0.005 -29"><span class='ocrx_word' id='word_1_556' title='bbox 421 5566 638 5629; x_wconf 75' lang='grc' dir='ltr'>α⁰οσοι</span> <span class='ocrx_word' id='word_1_557' title='bbox 686 5567 792 5649; x_wconf 86' lang='grc' dir='ltr'><strong>γὰρ</strong></span> <span class='ocrx_word' id='word_1_558' title='bbox 834 5567 886 5638; x_wconf 84' lang='grc' dir='ltr'>ἐξ</span> <span class='ocrx_word' id='word_1_559' title='bbox 939 5567 1114 5650; x_wconf 80' lang='grc' dir='ltr'>ἔργων</span> <span class='ocrx_word' id='word_1_560' title='bbox 1139 5567 1305 5648; x_wconf 87' lang='grc' dir='ltr'>νόμου</span> <span class='ocrx_word' id='word_1_561' title='bbox 1351 5569 1518 5652; x_wconf 76' lang='grc' dir='ltr'>εἰσὶν,</span> <span class='ocrx_word' id='word_1_562' title='bbox 1553 5569 1657 5632; x_wconf 77' lang='grc' dir='ltr'><strong>ὐπὸ</strong></span> <span class='ocrx_word' id='word_1_563' title='bbox 1698 5572 1935 5654; x_wconf 85' lang='grc' dir='ltr'>κατάραν</span> 
     </span>
    </p>
   </div>
   <div class='ocr_carea' id='block_1_75' title="bbox 414 5737 1499 5810">
    <p class='ocr_par' dir='ltr' id='par_1_75' title="bbox 414 5737 1499 5810">
     <span class='ocr_line' id='line_1_76' title="bbox 414 5737 1499 5810; baseline 0.003 -15"><span class='ocrx_word' id='word_1_564' title='bbox 414 5737 603 5796; x_wconf 71' lang='lat' dir='ltr'><strong>“Gen.</strong></span> <span class='ocrx_word' id='word_1_565' title='bbox 631 5751 747 5797; x_wconf 77' lang='grc' dir='ltr'>ιιι.</span> <span class='ocrx_word' id='word_1_566' title='bbox 782 5743 834 5796; x_wconf 79' lang='lat'><strong>3.</strong></span> <span class='ocrx_word' id='word_1_567' title='bbox 933 5742 1150 5798; x_wconf 78' lang='lat' dir='ltr'><strong>&#39;Deut.</strong></span> <span class='ocrx_word' id='word_1_568' title='bbox 1179 5754 1382 5810; x_wconf 80' lang='lat' dir='ltr'><strong>xxvn,</strong></span> <span class='ocrx_word' id='word_1_569' title='bbox 1409 5745 1499 5798; x_wconf 81' lang='lat'><strong>26.</strong></span> 
     </span>
    </p>
   </div>
   <div class='ocr_carea' id='block_1_76' title="bbox 2059 1891 3289 1966">
    <p class='ocr_par' dir='ltr' id='par_1_76' title="bbox 2059 1891 3289 1966">
     <span class='ocr_line' id='line_1_77' title="bbox 2059 1891 3289 1966; baseline -0.007 -15"><span class='ocrx_word' id='word_1_570' title='bbox 2059 1895 2219 1962; x_wconf 89' lang='lat' dir='ltr'><strong>mini,</strong></span> <span class='ocrx_word' id='word_1_571' title='bbox 2251 1895 2320 1950; x_wconf 89' lang='lat' dir='ltr'><strong>ad</strong></span> <span class='ocrx_word' id='word_1_572' title='bbox 2367 1895 2542 1966; x_wconf 88' lang='lat' dir='ltr'><strong>legem</strong></span> <span class='ocrx_word' id='word_1_573' title='bbox 2589 1893 2828 1960; x_wconf 84' lang='lat' dir='ltr'><strong>curritis,</strong></span> <span class='ocrx_word' id='word_1_574' title='bbox 2854 1907 2978 1963; x_wconf 70' lang='lat' dir='ltr'><strong>qua:</strong></span> <span class='ocrx_word' id='word_1_575' title='bbox 3007 1891 3289 1945; x_wconf 85' lang='lat' dir='ltr'><strong>aboletur?</strong></span> 
     </span>
    </p>
   </div>
   <div class='ocr_carea' id='block_1_77' title="bbox 2131 1973 3658 2054">
    <p class='ocr_par' dir='ltr' id='par_1_77' title="bbox 2131 1973 3658 2054">
     <span class='ocr_line' id='line_1_78' title="bbox 2131 1973 3658 2054; baseline -0.008 -13"><span class='ocrx_word' id='word_1_576' title='bbox 2131 1988 2306 2041; x_wconf 73' lang='lat' dir='ltr'><strong>Vnns.</strong></span> <span class='ocrx_word' id='word_1_577' title='bbox 2340 1990 2393 2040; x_wconf 91' lang='lat'><em>6.</em></span> <span class='ocrx_word' id='word_1_578' title='bbox 2429 2007 2453 2032; x_wconf 72' lang='grc' dir='ltr'><strong>α</strong></span> <span class='ocrx_word' id='word_1_579' title='bbox 2495 1981 2983 2054; x_wconf 89' lang='lat' dir='ltr'><strong>Quemadmodum</strong></span> <span class='ocrx_word' id='word_1_580' title='bbox 3005 1988 3059 2035; x_wconf 93' lang='lat' dir='ltr'><strong>et</strong></span> <span class='ocrx_word' id='word_1_581' title='bbox 3090 1978 3371 2034; x_wconf 85' lang='lat' dir='ltr'><strong>Abraham</strong></span> <span class='ocrx_word' id='word_1_582' title='bbox 3424 1973 3658 2030; x_wconf 88' lang='lat' dir='ltr'><strong>credidit</strong></span> 
     </span>
    </p>
   </div>
   <div class='ocr_carea' id='block_1_78' title="bbox 2058 2064 3652 2144">
    <p class='ocr_par' dir='ltr' id='par_1_78' title="bbox 2058 2064 3652 2144">
     <span class='ocr_line' id='line_1_79' title="bbox 2058 2064 3652 2144; baseline -0.008 -13"><span class='ocrx_word' id='word_1_583' title='bbox 2058 2079 2202 2142; x_wconf 90' lang='lat' dir='ltr'><strong>Deo,</strong></span> <span class='ocrx_word' id='word_1_584' title='bbox 2227 2082 2281 2129; x_wconf 91' lang='lat' dir='ltr'><strong>et</strong></span> <span class='ocrx_word' id='word_1_585' title='bbox 2306 2081 2620 2144; x_wconf 90' lang='lat' dir='ltr'><strong>reputatum</strong></span> <span class='ocrx_word' id='word_1_586' title='bbox 2657 2079 2746 2128; x_wconf 90' lang='lat' dir='ltr'><strong>est</strong></span> <span class='ocrx_word' id='word_1_587' title='bbox 2787 2072 2834 2126; x_wconf 91' lang='lat' dir='ltr'><strong>ei</strong></span> <span class='ocrx_word' id='word_1_588' title='bbox 2865 2071 2935 2127; x_wconf 93' lang='lat' dir='ltr'><strong>ad</strong></span> <span class='ocrx_word' id='word_1_589' title='bbox 2958 2069 3255 2142; x_wconf 91' lang='lat' dir='ltr'><strong>justitiam.</strong></span> <span class='ocrx_word' id='word_1_590' title='bbox 3311 2089 3334 2115; x_wconf 73' lang='grc' dir='ltr'><strong>ιι</strong></span> <span class='ocrx_word' id='word_1_591' title='bbox 3369 2064 3652 2137; x_wconf 90' lang='lat' dir='ltr'><strong>Oportuit,</strong></span> 
     </span>
    </p>
   </div>
   <div class='ocr_carea' id='block_1_79' title="bbox 2055 2154 3652 2235">
    <p class='ocr_par' dir='ltr' id='par_1_79' title="bbox 2055 2154 3652 2235">
     <span class='ocr_line' id='line_1_80' title="bbox 2055 2154 3652 2235; baseline -0.006 -17"><span class='ocrx_word' id='word_1_592' title='bbox 2055 2163 2254 2235; x_wconf 90' lang='lat' dir='ltr'><strong>inquit,</strong></span> <span class='ocrx_word' id='word_1_593' title='bbox 2281 2178 2378 2219; x_wconf 91' lang='lat' dir='ltr'><strong>vos</strong></span> <span class='ocrx_word' id='word_1_594' title='bbox 2409 2163 2704 2234; x_wconf 66' lang='lat' dir='ltr'><strong>prmeipue,</strong></span> <span class='ocrx_word' id='word_1_595' title='bbox 2727 2177 2798 2217; x_wconf 87' lang='lat' dir='ltr'><strong>ex</strong></span> <span class='ocrx_word' id='word_1_596' title='bbox 2831 2159 3107 2216; x_wconf 90' lang='lat' dir='ltr'><strong>miraculis</strong></span> <span class='ocrx_word' id='word_1_597' title='bbox 3157 2172 3280 2230; x_wconf 71' lang='lat' dir='ltr'><strong>quae</strong></span> <span class='ocrx_word' id='word_1_598' title='bbox 3328 2154 3652 2228; x_wconf 89' lang='lat' dir='ltr'><strong>perfecistis,</strong></span> 
     </span>
    </p>
   </div>
   <div class='ocr_carea' id='block_1_80' title="bbox 2056 2247 3653 2324">
    <p class='ocr_par' dir='ltr' id='par_1_80' title="bbox 2056 2247 3653 2324">
     <span class='ocr_line' id='line_1_81' title="bbox 2056 2247 3653 2324; baseline -0.006 -16"><span class='ocrx_word' id='word_1_599' title='bbox 2056 2253 2183 2309; x_wconf 91' lang='lat' dir='ltr'><strong>ﬁdei</strong></span> <span class='ocrx_word' id='word_1_600' title='bbox 2227 2261 2556 2324; x_wconf 91' lang='lat' dir='ltr'><strong>potestatem</strong></span> <span class='ocrx_word' id='word_1_601' title='bbox 2590 2267 2919 2324; x_wconf 85' lang='lat' dir='ltr'><strong>cognoscere</strong></span> <span class='ocrx_word' id='word_1_602' title='bbox 2954 2270 2968 2308; x_wconf 90' lang='lat'><strong>:</strong></span> <span class='ocrx_word' id='word_1_603' title='bbox 2999 2257 3381 2306; x_wconf 84' lang='lat' dir='ltr'><strong>verumtamen</strong></span> <span class='ocrx_word' id='word_1_604' title='bbox 3414 2247 3473 2300; x_wconf 92' lang='lat' dir='ltr'><strong>in</strong></span> <span class='ocrx_word' id='word_1_605' title='bbox 3526 2259 3653 2316; x_wconf 88' lang='lat' dir='ltr'><strong>pro-</strong></span> 
     </span>
    </p>
   </div>
   <div class='ocr_carea' id='block_1_81' title="bbox 2055 2333 3650 2414">
    <p class='ocr_par' dir='ltr' id='par_1_81' title="bbox 2055 2333 3650 2414">
     <span class='ocr_line' id='line_1_82' title="bbox 2055 2333 3650 2414; baseline -0.004 -18"><span class='ocrx_word' id='word_1_606' title='bbox 2055 2341 2366 2414; x_wconf 88' lang='lat' dir='ltr'><strong>genitorem</strong></span> <span class='ocrx_word' id='word_1_607' title='bbox 2396 2350 2639 2398; x_wconf 88' lang='lat' dir='ltr'><strong>vestrum</strong></span> <span class='ocrx_word' id='word_1_608' title='bbox 2681 2341 2966 2396; x_wconf 88' lang='lat' dir='ltr'><strong>Abrabam</strong></span> <span class='ocrx_word' id='word_1_609' title='bbox 2997 2353 3164 2411; x_wconf 90' lang='lat' dir='ltr'><strong>quem</strong></span> <span class='ocrx_word' id='word_1_610' title='bbox 3191 2351 3285 2392; x_wconf 86' lang='lat' dir='ltr'><strong>vos</strong></span> <span class='ocrx_word' id='word_1_611' title='bbox 3337 2334 3522 2408; x_wconf 85' lang='lat' dir='ltr'><strong>magni</strong></span> <span class='ocrx_word' id='word_1_612' title='bbox 3569 2333 3650 2390; x_wconf 82' lang='lat' dir='ltr'><strong>la-</strong></span> 
     </span>
    </p>
   </div>
   <div class='ocr_carea' id='block_1_82' title="bbox 2054 2425 3651 2504">
    <p class='ocr_par' dir='ltr' id='par_1_82' title="bbox 2054 2425 3651 2504">
     <span class='ocr_line' id='line_1_83' title="bbox 2054 2425 3651 2504; baseline -0.004 -16"><span class='ocrx_word' id='word_1_613' title='bbox 2054 2433 2195 2499; x_wconf 88' lang='lat' dir='ltr'><strong>citis,</strong></span> <span class='ocrx_word' id='word_1_614' title='bbox 2229 2432 2479 2504; x_wconf 87' lang='lat' dir='ltr'><strong>respicite</strong></span> <span class='ocrx_word' id='word_1_615' title='bbox 2515 2441 2569 2488; x_wconf 91' lang='lat' dir='ltr'><strong>et</strong></span> <span class='ocrx_word' id='word_1_616' title='bbox 2613 2432 2906 2488; x_wconf 88' lang='lat' dir='ltr'><strong>invenietis</strong></span> <span class='ocrx_word' id='word_1_617' title='bbox 2935 2431 3115 2502; x_wconf 91' lang='lat' dir='ltr'><strong>ipsum</strong></span> <span class='ocrx_word' id='word_1_618' title='bbox 3169 2443 3388 2500; x_wconf 90' lang='lat' dir='ltr'><strong>quoque</strong></span> <span class='ocrx_word' id='word_1_619' title='bbox 3431 2443 3495 2482; x_wconf 84' lang='lat' dir='ltr'><strong>ex</strong></span> <span class='ocrx_word' id='word_1_620' title='bbox 3544 2425 3651 2482; x_wconf 92' lang='lat' dir='ltr'><strong>ﬁde</strong></span> 
     </span>
    </p>
   </div>
   <div class='ocr_carea' id='block_1_83' title="bbox 2046 2512 3650 2591">
    <p class='ocr_par' dir='ltr' id='par_1_83' title="bbox 2046 2512 3650 2591">
     <span class='ocr_line' id='line_1_84' title="bbox 2046 2512 3650 2591; baseline -0.007 -15"><span class='ocrx_word' id='word_1_621' title='bbox 2046 2519 2440 2591; x_wconf 90' lang='lat' dir='ltr'><strong>justiﬁcatum.</strong></span> <span class='ocrx_word' id='word_1_622' title='bbox 2467 2519 2629 2590; x_wconf 93' lang='lat' dir='ltr'><strong>Quod</strong></span> <span class='ocrx_word' id='word_1_623' title='bbox 2684 2519 2730 2574; x_wconf 95' lang='lat' dir='ltr'><strong>si</strong></span> <span class='ocrx_word' id='word_1_624' title='bbox 2775 2529 2959 2576; x_wconf 89' lang='lat' dir='ltr'><strong>autem</strong></span> <span class='ocrx_word' id='word_1_625' title='bbox 3002 2518 3090 2574; x_wconf 91' lang='lat' dir='ltr'><strong>ille</strong></span> <span class='ocrx_word' id='word_1_626' title='bbox 3119 2517 3209 2588; x_wconf 91' lang='lat' dir='ltr'><strong>qui</strong></span> <span class='ocrx_word' id='word_1_627' title='bbox 3251 2523 3379 2570; x_wconf 88' lang='lat' dir='ltr'><strong>ante</strong></span> <span class='ocrx_word' id='word_1_628' title='bbox 3416 2512 3650 2585; x_wconf 88' lang='lat' dir='ltr'><strong>gratiam</strong></span> 
     </span>
    </p>
   </div>
   <div class='ocr_carea' id='block_1_84' title="bbox 2055 2602 3651 2682">
    <p class='ocr_par' dir='ltr' id='par_1_84' title="bbox 2055 2602 3651 2682">
     <span class='ocr_line' id='line_1_85' title="bbox 2055 2602 3651 2682; baseline -0.006 -17"><span class='ocrx_word' id='word_1_629' title='bbox 2055 2609 2206 2678; x_wconf 85' lang='lat' dir='ltr'><strong>vixit,</strong></span> <span class='ocrx_word' id='word_1_630' title='bbox 2237 2627 2299 2666; x_wconf 84' lang='lat' dir='ltr'><strong>ex</strong></span> <span class='ocrx_word' id='word_1_631' title='bbox 2336 2610 2443 2667; x_wconf 90' lang='lat' dir='ltr'><strong>ﬁde</strong></span> <span class='ocrx_word' id='word_1_632' title='bbox 2474 2609 2831 2682; x_wconf 86' lang='lat' dir='ltr'><strong>justiﬁcatur,</strong></span> <span class='ocrx_word' id='word_1_633' title='bbox 2874 2608 3050 2664; x_wconf 91' lang='lat' dir='ltr'><strong>multo</strong></span> <span class='ocrx_word' id='word_1_634' title='bbox 3078 2605 3252 2678; x_wconf 88' lang='lat' dir='ltr'><strong>magis</strong></span> <span class='ocrx_word' id='word_1_635' title='bbox 3296 2605 3331 2660; x_wconf 89' lang='lat' dir='ltr'><strong>ii</strong></span> <span class='ocrx_word' id='word_1_636' title='bbox 3357 2603 3449 2675; x_wconf 92' lang='lat' dir='ltr'><strong>qui</strong></span> <span class='ocrx_word' id='word_1_637' title='bbox 3475 2602 3651 2675; x_wconf 89' lang='lat' dir='ltr'><strong>gratia</strong></span> 
     </span>
    </p>
   </div>
   <div class='ocr_carea' id='block_1_85' title="bbox 2053 2698 3149 2772">
    <p class='ocr_par' dir='ltr' id='par_1_85' title="bbox 2053 2698 3149 2772">
     <span class='ocr_line' id='line_1_86' title="bbox 2053 2698 3149 2772; baseline -0.004 -16"><span class='ocrx_word' id='word_1_638' title='bbox 2053 2699 2261 2772; x_wconf 90' lang='lat' dir='ltr'><strong>dignati</strong></span> <span class='ocrx_word' id='word_1_639' title='bbox 2291 2708 2441 2767; x_wconf 89' lang='lat' dir='ltr'><strong>sunt,</strong></span> <span class='ocrx_word' id='word_1_640' title='bbox 2471 2699 2597 2756; x_wconf 90' lang='lat' dir='ltr'><strong>ﬁdei</strong></span> <span class='ocrx_word' id='word_1_641' title='bbox 2624 2699 2907 2756; x_wconf 67' lang='lat' dir='ltr'><strong>adhaerere</strong></span> <span class='ocrx_word' id='word_1_642' title='bbox 2931 2698 3149 2756; x_wconf 86' lang='lat' dir='ltr'><strong>debent.</strong></span> 
     </span>
    </p>
   </div>
   <div class='ocr_carea' id='block_1_86' title="bbox 2125 2781 3651 2862">
    <p class='ocr_par' dir='ltr' id='par_1_86' title="bbox 2125 2781 3651 2862">
     <span class='ocr_line' id='line_1_87' title="bbox 2125 2781 3651 2862; baseline -0.006 -17"><span class='ocrx_word' id='word_1_643' title='bbox 2125 2791 2308 2846; x_wconf 79' lang='lat' dir='ltr'><strong>Vnns.</strong></span> <span class='ocrx_word' id='word_1_644' title='bbox 2369 2797 2423 2846; x_wconf 91' lang='lat'><strong>7.</strong></span> <span class='ocrx_word' id='word_1_645' title='bbox 2471 2812 2497 2838; x_wconf 78' lang='grc' dir='ltr'><strong>α</strong></span> <span class='ocrx_word' id='word_1_646' title='bbox 2543 2789 2871 2862; x_wconf 88' lang='lat' dir='ltr'><strong>Cognoscite</strong></span> <span class='ocrx_word' id='word_1_647' title='bbox 2918 2803 3070 2860; x_wconf 91' lang='lat' dir='ltr'><strong>ergo,</strong></span> <span class='ocrx_word' id='word_1_648' title='bbox 3124 2785 3273 2860; x_wconf 89' lang='lat' dir='ltr'><strong>quod</strong></span> <span class='ocrx_word' id='word_1_649' title='bbox 3298 2785 3392 2856; x_wconf 89' lang='lat' dir='ltr'><strong>qui</strong></span> <span class='ocrx_word' id='word_1_650' title='bbox 3435 2798 3499 2839; x_wconf 83' lang='lat' dir='ltr'><strong>ex</strong></span> <span class='ocrx_word' id='word_1_651' title='bbox 3547 2781 3651 2838; x_wconf 92' lang='lat' dir='ltr'><strong>ﬁde</strong></span> 
     </span>
    </p>
   </div>
   <div class='ocr_carea' id='block_1_87' title="bbox 2055 2872 3652 2948">
    <p class='ocr_par' dir='ltr' id='par_1_87' title="bbox 2055 2872 3652 2948">
     <span class='ocr_line' id='line_1_88' title="bbox 2055 2872 3652 2948; baseline -0.006 -13"><span class='ocrx_word' id='word_1_652' title='bbox 2055 2887 2202 2946; x_wconf 91' lang='lat' dir='ltr'><strong>sunt,</strong></span> <span class='ocrx_word' id='word_1_653' title='bbox 2235 2879 2314 2935; x_wconf 91' lang='lat' dir='ltr'><strong>illi</strong></span> <span class='ocrx_word' id='word_1_654' title='bbox 2342 2888 2472 2936; x_wconf 91' lang='lat' dir='ltr'><strong>sunt</strong></span> <span class='ocrx_word' id='word_1_655' title='bbox 2521 2879 2618 2934; x_wconf 92' lang='lat' dir='ltr'><strong>ﬁlii</strong></span> <span class='ocrx_word' id='word_1_656' title='bbox 2671 2878 2922 2934; x_wconf 65' lang='lat' dir='ltr'><strong>Abrahae.</strong></span> <span class='ocrx_word' id='word_1_657' title='bbox 2964 2901 2990 2926; x_wconf 73' lang='grc' dir='ltr'>ιο</span> <span class='ocrx_word' id='word_1_658' title='bbox 3031 2872 3492 2948; x_wconf 87' lang='lat' dir='ltr'><strong>Quandoquidem</strong></span> <span class='ocrx_word' id='word_1_659' title='bbox 3544 2887 3652 2926; x_wconf 89' lang='lat' dir='ltr'><strong>mc-</strong></span> 
     </span>
    </p>
   </div>
   <div class='ocr_carea' id='block_1_88' title="bbox 2053 2960 3652 3040">
    <p class='ocr_par' dir='ltr' id='par_1_88' title="bbox 2053 2960 3652 3040">
     <span class='ocr_line' id='line_1_89' title="bbox 2053 2960 3652 3040; baseline -0.006 -16"><span class='ocrx_word' id='word_1_660' title='bbox 2053 2977 2289 3036; x_wconf 90' lang='lat' dir='ltr'><strong>tuerant,</strong></span> <span class='ocrx_word' id='word_1_661' title='bbox 2319 2983 2414 3037; x_wconf 90' lang='lat' dir='ltr'><strong>ne,</strong></span> <span class='ocrx_word' id='word_1_662' title='bbox 2453 2968 2500 3024; x_wconf 94' lang='lat' dir='ltr'><strong>si</strong></span> <span class='ocrx_word' id='word_1_663' title='bbox 2529 2969 2702 3040; x_wconf 84' lang='lat' dir='ltr'><strong>legem</strong></span> <span class='ocrx_word' id='word_1_664' title='bbox 2743 2967 3119 3034; x_wconf 90' lang='lat' dir='ltr'><strong>dimitterent,</strong></span> <span class='ocrx_word' id='word_1_665' title='bbox 3157 2964 3324 3037; x_wconf 64' lang='lat'><strong>342</strong></span> <span class='ocrx_word' id='word_1_666' title='bbox 3354 2979 3384 3018; x_wconf 93' lang='lat' dir='ltr'><strong>a</strong></span> <span class='ocrx_word' id='word_1_667' title='bbox 3423 2960 3652 3034; x_wconf 87' lang='lat' dir='ltr'><strong>patriar-</strong></span> 
     </span>
    </p>
   </div>
   <div class='ocr_carea' id='block_1_89' title="bbox 2059 3050 3653 3132">
    <p class='ocr_par' dir='ltr' id='par_1_89' title="bbox 2059 3050 3653 3132">
     <span class='ocr_line' id='line_1_90' title="bbox 2059 3050 3653 3132; baseline -0.006 -18"><span class='ocrx_word' id='word_1_668' title='bbox 2059 3058 2177 3116; x_wconf 78' lang='lat' dir='ltr'><strong>chae</strong></span> <span class='ocrx_word' id='word_1_669' title='bbox 2210 3059 2540 3132; x_wconf 87' lang='lat' dir='ltr'><strong>cognatione</strong></span> <span class='ocrx_word' id='word_1_670' title='bbox 2559 3058 2877 3114; x_wconf 80' lang='lat' dir='ltr'><strong>exciderent</strong></span> <span class='ocrx_word' id='word_1_671' title='bbox 2902 3056 3172 3124; x_wconf 90' lang='lat' dir='ltr'><strong>(multum</strong></span> <span class='ocrx_word' id='word_1_672' title='bbox 3207 3054 3353 3110; x_wconf 91' lang='lat' dir='ltr'><strong>enim</strong></span> <span class='ocrx_word' id='word_1_673' title='bbox 3408 3051 3480 3108; x_wconf 93' lang='lat' dir='ltr'><strong>ob</strong></span> <span class='ocrx_word' id='word_1_674' title='bbox 3511 3050 3653 3105; x_wconf 90' lang='lat' dir='ltr'><strong>hanc</strong></span> 
     </span>
    </p>
   </div>
   <div class='ocr_carea' id='block_1_90' title="bbox 2048 3138 3651 3219">
    <p class='ocr_par' dir='ltr' id='par_1_90' title="bbox 2048 3138 3651 3219">
     <span class='ocr_line' id='line_1_91' title="bbox 2048 3138 3651 3219; baseline -0.004 -17"><span class='ocrx_word' id='word_1_675' title='bbox 2048 3149 2152 3204; x_wconf 93' lang='lat' dir='ltr'><strong>sibi</strong></span> <span class='ocrx_word' id='word_1_676' title='bbox 2195 3147 2552 3216; x_wconf 86' lang='lat' dir='ltr'><strong>tribuebant),</strong></span> <span class='ocrx_word' id='word_1_677' title='bbox 2606 3148 2724 3219; x_wconf 91' lang='lat' dir='ltr'><strong>ipse</strong></span> <span class='ocrx_word' id='word_1_678' title='bbox 2783 3147 3124 3203; x_wconf 90' lang='lat' dir='ltr'><strong>contrarium</strong></span> <span class='ocrx_word' id='word_1_679' title='bbox 3168 3142 3438 3212; x_wconf 86' lang='lat' dir='ltr'><strong>ostendit,</strong></span> <span class='ocrx_word' id='word_1_680' title='bbox 3503 3138 3651 3212; x_wconf 91' lang='lat' dir='ltr'><strong>quod</strong></span> 
     </span>
    </p>
   </div>
   <div class='ocr_carea' id='block_1_91' title="bbox 2049 3230 3654 3312">
    <p class='ocr_par' dir='ltr' id='par_1_91' title="bbox 2049 3230 3654 3312">
     <span class='ocr_line' id='line_1_92' title="bbox 2049 3230 3654 3312; baseline -0.004 -19"><span class='ocrx_word' id='word_1_681' title='bbox 2049 3239 2186 3296; x_wconf 91' lang='lat' dir='ltr'><strong>ﬁdes</strong></span> <span class='ocrx_word' id='word_1_682' title='bbox 2223 3239 2412 3312; x_wconf 87' lang='lat' dir='ltr'><strong>potius</strong></span> <span class='ocrx_word' id='word_1_683' title='bbox 2431 3239 2569 3295; x_wconf 89' lang='lat' dir='ltr'><strong>ﬁlios</strong></span> <span class='ocrx_word' id='word_1_684' title='bbox 2591 3236 2824 3295; x_wconf 70' lang='lat' dir='ltr'><strong>Abrahae</strong></span> <span class='ocrx_word' id='word_1_685' title='bbox 2849 3237 3050 3294; x_wconf 78' lang='lat' dir='ltr'><strong>efﬁciat</strong></span> <span class='ocrx_word' id='word_1_686' title='bbox 3081 3250 3198 3301; x_wconf 86' lang='lat' dir='ltr'><strong>eos,</strong></span> <span class='ocrx_word' id='word_1_687' title='bbox 3225 3235 3318 3306; x_wconf 91' lang='lat' dir='ltr'><strong>qui</strong></span> <span class='ocrx_word' id='word_1_688' title='bbox 3350 3233 3524 3306; x_wconf 89' lang='lat' dir='ltr'><strong>ipsam</strong></span> <span class='ocrx_word' id='word_1_689' title='bbox 3557 3230 3654 3287; x_wconf 87' lang='lat' dir='ltr'><strong>ha-</strong></span> 
     </span>
    </p>
   </div>
   <div class='ocr_carea' id='block_1_92' title="bbox 2052 3329 2240 3386">
    <p class='ocr_par' dir='ltr' id='par_1_92' title="bbox 2052 3329 2240 3386">
     <span class='ocr_line' id='line_1_93' title="bbox 2052 3329 2240 3386; baseline 0.011 -2"><span class='ocrx_word' id='word_1_690' title='bbox 2052 3329 2240 3386; x_wconf 85' lang='lat' dir='ltr'><strong>beant.</strong></span> 
     </span>
    </p>
   </div>
   <div class='ocr_carea' id='block_1_93' title="bbox 2121 3413 3648 3488">
    <p class='ocr_par' dir='ltr' id='par_1_93' title="bbox 2121 3413 3648 3488">
     <span class='ocr_line' id='line_1_94' title="bbox 2121 3413 3648 3488; baseline -0.005 -14"><span class='ocrx_word' id='word_1_691' title='bbox 2121 3421 2303 3475; x_wconf 83' lang='lat' dir='ltr'><strong>Vnns.</strong></span> <span class='ocrx_word' id='word_1_692' title='bbox 2337 3425 2389 3474; x_wconf 91' lang='lat'><strong>8.</strong></span> <span class='ocrx_word' id='word_1_693' title='bbox 2423 3443 2447 3467; x_wconf 84' lang='lat'><strong>«</strong></span> <span class='ocrx_word' id='word_1_694' title='bbox 2477 3415 2796 3475; x_wconf 65' lang='lat' dir='ltr'><strong>Prwvidens</strong></span> <span class='ocrx_word' id='word_1_695' title='bbox 2838 3424 3026 3474; x_wconf 86' lang='lat' dir='ltr'><strong>autem</strong></span> <span class='ocrx_word' id='word_1_696' title='bbox 3060 3417 3337 3488; x_wconf 88' lang='lat' dir='ltr'><strong>Scriptura</strong></span> <span class='ocrx_word' id='word_1_697' title='bbox 3393 3413 3542 3487; x_wconf 90' lang='lat' dir='ltr'><strong>quod</strong></span> <span class='ocrx_word' id='word_1_698' title='bbox 3581 3429 3648 3469; x_wconf 83' lang='lat' dir='ltr'><strong>ex</strong></span> 
     </span>
    </p>
   </div>
   <div class='ocr_carea' id='block_1_94' title="bbox 2047 3505 3649 3580">
    <p class='ocr_par' dir='ltr' id='par_1_94' title="bbox 2047 3505 3649 3580">
     <span class='ocr_line' id='line_1_95' title="bbox 2047 3505 3649 3580; baseline -0.002 -18"><span class='ocrx_word' id='word_1_699' title='bbox 2047 3508 2154 3564; x_wconf 85' lang='lat' dir='ltr'><strong>ﬁde</strong></span> <span class='ocrx_word' id='word_1_700' title='bbox 2203 3508 2466 3580; x_wconf 87' lang='lat' dir='ltr'><strong>justiﬁcet</strong></span> <span class='ocrx_word' id='word_1_701' title='bbox 2498 3517 2690 3580; x_wconf 85' lang='lat' dir='ltr'><strong>gentes</strong></span> <span class='ocrx_word' id='word_1_702' title='bbox 2722 3514 2888 3576; x_wconf 89' lang='lat' dir='ltr'><strong>Deus,</strong></span> <span class='ocrx_word' id='word_1_703' title='bbox 2945 3507 3334 3580; x_wconf 67' lang='lat' dir='ltr'><strong>praenuntiavit</strong></span> <span class='ocrx_word' id='word_1_704' title='bbox 3386 3505 3649 3572; x_wconf 70' lang='lat' dir='ltr'><strong>Abrahae,</strong></span> 
     </span>
    </p>
   </div>
   <div class='ocr_carea' id='block_1_95' title="bbox 2048 3597 3646 3669">
    <p class='ocr_par' dir='ltr' id='par_1_95' title="bbox 2048 3597 3646 3669">
     <span class='ocr_line' id='line_1_96' title="bbox 2048 3597 3646 3669; baseline -0.003 -16"><span class='ocrx_word' id='word_1_705' title='bbox 2048 3597 2200 3669; x_wconf 91' lang='lat' dir='ltr'><strong>quod</strong></span> <span class='ocrx_word' id='word_1_706' title='bbox 2242 3601 2306 3652; x_wconf 90' lang='lat' dir='ltr'><strong>In</strong></span> <span class='ocrx_word' id='word_1_707' title='bbox 2347 3607 2401 3653; x_wconf 94' lang='lat' dir='ltr'><strong>te</strong></span> <span class='ocrx_word' id='word_1_708' title='bbox 2427 3597 2826 3654; x_wconf 89' lang='lat' dir='ltr'><strong>benedicentur</strong></span> <span class='ocrx_word' id='word_1_709' title='bbox 2856 3613 3049 3653; x_wconf 89' lang='lat' dir='ltr'><strong>omnes</strong></span> <span class='ocrx_word' id='word_1_710' title='bbox 3083 3605 3288 3668; x_wconf 89' lang='lat' dir='ltr'><strong>gentes.</strong></span> <span class='ocrx_word' id='word_1_711' title='bbox 3327 3617 3352 3643; x_wconf 72' lang='grc' dir='ltr'><strong>υ</strong></span> <span class='ocrx_word' id='word_1_712' title='bbox 3397 3597 3646 3651; x_wconf 90' lang='lat' dir='ltr'><strong>Demon-</strong></span> 
     </span>
    </p>
   </div>
   <div class='ocr_carea' id='block_1_96' title="bbox 2047 3685 3645 3760">
    <p class='ocr_par' dir='ltr' id='par_1_96' title="bbox 2047 3685 3645 3760">
     <span class='ocr_line' id='line_1_97' title="bbox 2047 3685 3645 3760; baseline -0.003 -17"><span class='ocrx_word' id='word_1_713' title='bbox 2047 3694 2184 3743; x_wconf 89' lang='lat' dir='ltr'><strong>strat</strong></span> <span class='ocrx_word' id='word_1_714' title='bbox 2214 3687 2496 3760; x_wconf 92' lang='lat' dir='ltr'><strong>quomodo</strong></span> <span class='ocrx_word' id='word_1_715' title='bbox 2520 3687 2803 3743; x_wconf 89' lang='lat' dir='ltr'><strong>credentes</strong></span> <span class='ocrx_word' id='word_1_716' title='bbox 2856 3688 2969 3742; x_wconf 89' lang='lat' dir='ltr'><strong>sint</strong></span> <span class='ocrx_word' id='word_1_717' title='bbox 3008 3686 3101 3742; x_wconf 87' lang='lat' dir='ltr'><strong>ﬁlii</strong></span> <span class='ocrx_word' id='word_1_718' title='bbox 3132 3685 3452 3750; x_wconf 87' lang='lat' dir='ltr'><strong>Abrahami,</strong></span> <span class='ocrx_word' id='word_1_719' title='bbox 3497 3692 3552 3739; x_wconf 86' lang='lat' dir='ltr'><strong>et</strong></span> <span class='ocrx_word' id='word_1_720' title='bbox 3582 3700 3645 3739; x_wconf 82' lang='lat' dir='ltr'><strong>ex</strong></span> 
     </span>
    </p>
   </div>
   <div class='ocr_carea' id='block_1_97' title="bbox 2047 3773 3642 3848">
    <p class='ocr_par' dir='ltr' id='par_1_97' title="bbox 2047 3773 3642 3848">
     <span class='ocr_line' id='line_1_98' title="bbox 2047 3773 3642 3848; baseline -0.004 -15"><span class='ocrx_word' id='word_1_721' title='bbox 2047 3778 2326 3848; x_wconf 88' lang='lat' dir='ltr'><strong>Scriptura</strong></span> <span class='ocrx_word' id='word_1_722' title='bbox 2363 3777 2738 3833; x_wconf 90' lang='lat' dir='ltr'><strong>testimonium</strong></span> <span class='ocrx_word' id='word_1_723' title='bbox 2756 3775 2963 3848; x_wconf 77' lang='lat' dir='ltr'><strong>profert</strong></span> <span class='ocrx_word' id='word_1_724' title='bbox 2991 3795 3008 3830; x_wconf 92' lang='lat'><strong><em>:</em></strong></span> <span class='ocrx_word' id='word_1_725' title='bbox 3056 3799 3082 3824; x_wconf 78' lang='grc' dir='ltr'>ι</span> <span class='ocrx_word' id='word_1_726' title='bbox 3122 3777 3186 3830; x_wconf 86' lang='lat' dir='ltr'><strong>In</strong></span> <span class='ocrx_word' id='word_1_727' title='bbox 3220 3782 3274 3830; x_wconf 90' lang='lat' dir='ltr'><strong>te</strong></span> <span class='ocrx_word' id='word_1_728' title='bbox 3318 3773 3642 3829; x_wconf 89' lang='lat' dir='ltr'><strong>benedicen-</strong></span> 
     </span>
    </p>
   </div>
   <div class='ocr_carea' id='block_1_98' title="bbox 2047 3862 3648 3940">
    <p class='ocr_par' dir='ltr' id='par_1_98' title="bbox 2047 3862 3648 3940">
     <span class='ocr_line' id='line_1_99' title="bbox 2047 3862 3648 3940; baseline -0.001 -20"><span class='ocrx_word' id='word_1_729' title='bbox 2047 3874 2139 3922; x_wconf 91' lang='lat' dir='ltr'><strong>tur</strong></span> <span class='ocrx_word' id='word_1_730' title='bbox 2184 3875 2373 3940; x_wconf 91' lang='lat' dir='ltr'><strong>gentes</strong></span> <span class='ocrx_word' id='word_1_731' title='bbox 2414 3909 2430 3935; x_wconf 94' lang='lat'><strong>,</strong></span> <span class='ocrx_word' id='word_1_732' title='bbox 2460 3889 2487 3915; x_wconf 73' lang='grc' dir='ltr'>ι»</span> <span class='ocrx_word' id='word_1_733' title='bbox 2539 3882 2639 3938; x_wconf 93' lang='lat' dir='ltr'><strong>pro</strong></span> <span class='ocrx_word' id='word_1_734' title='bbox 2677 3882 2742 3922; x_wconf 92' lang='lat' dir='ltr'><strong>eo</strong></span> <span class='ocrx_word' id='word_1_735' title='bbox 2791 3865 2938 3937; x_wconf 91' lang='lat' dir='ltr'><strong>quod</strong></span> <span class='ocrx_word' id='word_1_736' title='bbox 2977 3873 3084 3937; x_wconf 91' lang='lat' dir='ltr'><strong>est,</strong></span> <span class='ocrx_word' id='word_1_737' title='bbox 3129 3867 3232 3921; x_wconf 90' lang='lat' dir='ltr'><strong>Per</strong></span> <span class='ocrx_word' id='word_1_738' title='bbox 3277 3862 3648 3919; x_wconf 88' lang='lat' dir='ltr'><strong>imitationem</strong></span> 
     </span>
    </p>
   </div>
   <div class='ocr_carea' id='block_1_99' title="bbox 2048 3951 3648 4028">
    <p class='ocr_par' dir='ltr' id='par_1_99' title="bbox 2048 3951 3648 4028">
     <span class='ocr_line' id='line_1_100' title="bbox 2048 3951 3648 4028; baseline -0.003 -16"><span class='ocrx_word' id='word_1_739' title='bbox 2048 3955 2172 4012; x_wconf 92' lang='lat' dir='ltr'><strong>ﬁdei</strong></span> <span class='ocrx_word' id='word_1_740' title='bbox 2209 3965 2338 4013; x_wconf 70' lang='lat' dir='ltr'><strong>tuae.</strong></span> <span class='ocrx_word' id='word_1_741' title='bbox 2395 3955 2660 4012; x_wconf 89' lang='lat' dir='ltr'><strong>Ostendit</strong></span> <span class='ocrx_word' id='word_1_742' title='bbox 2687 3955 2875 4022; x_wconf 87' lang='lat' dir='ltr'><strong>etiam,</strong></span> <span class='ocrx_word' id='word_1_743' title='bbox 2910 3954 3064 4028; x_wconf 92' lang='lat' dir='ltr'><strong>quod</strong></span> <span class='ocrx_word' id='word_1_744' title='bbox 3118 3956 3235 4027; x_wconf 89' lang='lat' dir='ltr'><strong>lege</strong></span> <span class='ocrx_word' id='word_1_745' title='bbox 3266 3954 3338 4009; x_wconf 90' lang='lat' dir='ltr'><strong>sit</strong></span> <span class='ocrx_word' id='word_1_746' title='bbox 3364 3951 3648 4025; x_wconf 89' lang='lat' dir='ltr'><strong>antiquior</strong></span> 
     </span>
    </p>
   </div>
   <div class='ocr_carea' id='block_1_100' title="bbox 2049 4041 3645 4118">
    <p class='ocr_par' dir='ltr' id='par_1_100' title="bbox 2049 4041 3645 4118">
     <span class='ocr_line' id='line_1_101' title="bbox 2049 4041 3645 4118; baseline -0.002 -18"><span class='ocrx_word' id='word_1_747' title='bbox 2049 4045 2208 4114; x_wconf 88' lang='lat' dir='ltr'><strong>ﬁdes,</strong></span> <span class='ocrx_word' id='word_1_748' title='bbox 2256 4046 2523 4118; x_wconf 89' lang='lat' dir='ltr'><strong>siquidem</strong></span> <span class='ocrx_word' id='word_1_749' title='bbox 2550 4045 2930 4101; x_wconf 86' lang='lat' dir='ltr'><strong>Abrahamum</strong></span> <span class='ocrx_word' id='word_1_750' title='bbox 2971 4053 3099 4104; x_wconf 87' lang='lat' dir='ltr'><strong>ante</strong></span> <span class='ocrx_word' id='word_1_751' title='bbox 3124 4045 3259 4115; x_wconf 84' lang='lat' dir='ltr'><strong>legis</strong></span> <span class='ocrx_word' id='word_1_752' title='bbox 3302 4041 3645 4100; x_wconf 89' lang='lat' dir='ltr'><strong>sanctionem</strong></span> 
     </span>
    </p>
   </div>
   <div class='ocr_carea' id='block_1_101' title="bbox 2049 4133 3647 4208">
    <p class='ocr_par' dir='ltr' id='par_1_101' title="bbox 2049 4133 3647 4208">
     <span class='ocr_line' id='line_1_102' title="bbox 2049 4133 3647 4208; baseline -0.002 -17"><span class='ocrx_word' id='word_1_753' title='bbox 2049 4151 2112 4191; x_wconf 92' lang='lat' dir='ltr'><strong>ea</strong></span> <span class='ocrx_word' id='word_1_754' title='bbox 2136 4135 2496 4208; x_wconf 88' lang='lat' dir='ltr'><strong>justiﬁcavit:</strong></span> <span class='ocrx_word' id='word_1_755' title='bbox 2537 4143 2594 4191; x_wconf 91' lang='lat' dir='ltr'><strong>et</strong></span> <span class='ocrx_word' id='word_1_756' title='bbox 2617 4134 2765 4208; x_wconf 90' lang='lat' dir='ltr'><strong>quod</strong></span> <span class='ocrx_word' id='word_1_757' title='bbox 2803 4133 3112 4191; x_wconf 89' lang='lat' dir='ltr'><strong>secundum</strong></span> <span class='ocrx_word' id='word_1_758' title='bbox 3155 4134 3496 4206; x_wconf 90' lang='lat' dir='ltr'><strong>prophetiam</strong></span> <span class='ocrx_word' id='word_1_759' title='bbox 3523 4147 3647 4204; x_wconf 64' lang='lat' dir='ltr'><strong>quae</strong></span> 
     </span>
    </p>
   </div>
   <div class='ocr_carea' id='block_1_102' title="bbox 2048 4224 3645 4297">
    <p class='ocr_par' dir='ltr' id='par_1_102' title="bbox 2048 4224 3645 4297">
     <span class='ocr_line' id='line_1_103' title="bbox 2048 4224 3645 4297; baseline -0.002 -16"><span class='ocrx_word' id='word_1_760' title='bbox 2048 4242 2191 4281; x_wconf 93' lang='lat' dir='ltr'><strong>nunc</strong></span> <span class='ocrx_word' id='word_1_761' title='bbox 2233 4225 2390 4293; x_wconf 89' lang='lat' dir='ltr'><strong>ﬁunt,</strong></span> <span class='ocrx_word' id='word_1_762' title='bbox 2417 4226 2762 4297; x_wconf 87' lang='lat' dir='ltr'><strong>contingunt.</strong></span> <span class='ocrx_word' id='word_1_763' title='bbox 2812 4249 2837 4274; x_wconf 72' lang='grc' dir='ltr'><strong><em>α</em></strong></span> <span class='ocrx_word' id='word_1_764' title='bbox 2884 4225 3196 4281; x_wconf 73' lang='grc' dir='ltr'><strong>ΡΓὶΒνίάΟΠΒ</strong></span> <span class='ocrx_word' id='word_1_765' title='bbox 3233 4225 3385 4280; x_wconf 91' lang='lat' dir='ltr'><strong>enim</strong></span> <span class='ocrx_word' id='word_1_766' title='bbox 3429 4248 3453 4272; x_wconf 77' lang='grc' dir='ltr'><strong>ιι</strong></span> <span class='ocrx_word' id='word_1_767' title='bbox 3499 4224 3645 4281; x_wconf 88' lang='lat' dir='ltr'><strong>Scri-</strong></span> 
     </span>
    </p>
   </div>
   <div class='ocr_carea' id='block_1_103' title="bbox 2050 4314 3648 4388">
    <p class='ocr_par' dir='ltr' id='par_1_103' title="bbox 2050 4314 3648 4388">
     <span class='ocr_line' id='line_1_104' title="bbox 2050 4314 3648 4388; baseline 0 -18"><span class='ocrx_word' id='word_1_768' title='bbox 2050 4324 2229 4388; x_wconf 90' lang='lat' dir='ltr'><strong>ptura,</strong></span> <span class='ocrx_word' id='word_1_769' title='bbox 2264 4339 2289 4364; x_wconf 78' lang='lat'>»</span> <span class='ocrx_word' id='word_1_770' title='bbox 2317 4315 2513 4387; x_wconf 84' lang='lat' dir='ltr'><strong>inquit,</strong></span> <span class='ocrx_word' id='word_1_771' title='bbox 2546 4314 2652 4370; x_wconf 91' lang='lat' dir='ltr'><strong>hoc</strong></span> <span class='ocrx_word' id='word_1_772' title='bbox 2681 4325 2786 4382; x_wconf 87' lang='lat' dir='ltr'><strong>est,</strong></span> <span class='ocrx_word' id='word_1_773' title='bbox 2834 4315 2952 4386; x_wconf 90' lang='lat' dir='ltr'><strong>ipse</strong></span> <span class='ocrx_word' id='word_1_774' title='bbox 2981 4316 3074 4387; x_wconf 94' lang='lat' dir='ltr'><strong>qui</strong></span> <span class='ocrx_word' id='word_1_775' title='bbox 3115 4316 3290 4386; x_wconf 82' lang='lat' dir='ltr'><strong>legem</strong></span> <span class='ocrx_word' id='word_1_776' title='bbox 3322 4315 3447 4371; x_wconf 92' lang='lat' dir='ltr'><strong>tulit</strong></span> <span class='ocrx_word' id='word_1_777' title='bbox 3475 4319 3648 4385; x_wconf 89' lang='lat' dir='ltr'><strong>Deus,</strong></span> 
     </span>
    </p>
   </div>
   <div class='ocr_carea' id='block_1_104' title="bbox 2043 4403 3650 4477">
    <p class='ocr_par' dir='ltr' id='par_1_104' title="bbox 2043 4403 3650 4477">
     <span class='ocr_line' id='line_1_105' title="bbox 2043 4403 3650 4477; baseline -0.001 -16"><span class='ocrx_word' id='word_1_778' title='bbox 2043 4404 2403 4477; x_wconf 71' lang='lat' dir='ltr'><strong>praadeﬁnivit</strong></span> <span class='ocrx_word' id='word_1_779' title='bbox 2428 4421 2540 4460; x_wconf 92' lang='lat' dir='ltr'><strong>non</strong></span> <span class='ocrx_word' id='word_1_780' title='bbox 2580 4420 2644 4460; x_wconf 87' lang='lat' dir='ltr'><strong>ex</strong></span> <span class='ocrx_word' id='word_1_781' title='bbox 2669 4404 2809 4476; x_wconf 82' lang='lat' dir='ltr'><strong>lege,</strong></span> <span class='ocrx_word' id='word_1_782' title='bbox 2841 4403 2936 4460; x_wconf 91' lang='lat' dir='ltr'><strong>sed</strong></span> <span class='ocrx_word' id='word_1_783' title='bbox 2971 4420 3038 4460; x_wconf 78' lang='lat' dir='ltr'><strong>ex</strong></span> <span class='ocrx_word' id='word_1_784' title='bbox 3089 4403 3194 4461; x_wconf 91' lang='lat' dir='ltr'><strong>ﬁde</strong></span> <span class='ocrx_word' id='word_1_785' title='bbox 3230 4405 3541 4477; x_wconf 89' lang='lat' dir='ltr'><strong>justiﬁcari.</strong></span> <span class='ocrx_word' id='word_1_786' title='bbox 3580 4408 3650 4462; x_wconf 80' lang='lat' dir='ltr'><strong>Et</strong></span> 
     </span>
    </p>
   </div>
   <div class='ocr_carea' id='block_1_105' title="bbox 2041 4493 3646 4567">
    <p class='ocr_par' dir='ltr' id='par_1_105' title="bbox 2041 4493 3646 4567">
     <span class='ocr_line' id='line_1_106' title="bbox 2041 4493 3646 4567; baseline 0.001 -18"><span class='ocrx_word' id='word_1_787' title='bbox 2041 4511 2152 4550; x_wconf 92' lang='lat' dir='ltr'><strong>non</strong></span> <span class='ocrx_word' id='word_1_788' title='bbox 2167 4495 2322 4562; x_wconf 84' lang='lat' dir='ltr'><strong>dixit,</strong></span> <span class='ocrx_word' id='word_1_789' title='bbox 2342 4493 2651 4562; x_wconf 85' lang='lat' dir='ltr'><strong>Revelavit,</strong></span> <span class='ocrx_word' id='word_1_790' title='bbox 2683 4493 2801 4562; x_wconf 88' lang='lat' dir='ltr'><strong>sed,</strong></span> <span class='ocrx_word' id='word_1_791' title='bbox 2835 4494 3184 4562; x_wconf 73' lang='lat' dir='ltr'><strong>Praedicavit,</strong></span> <span class='ocrx_word' id='word_1_792' title='bbox 3201 4502 3262 4552; x_wconf 92' lang='lat' dir='ltr'><strong>ut</strong></span> <span class='ocrx_word' id='word_1_793' title='bbox 3276 4495 3475 4562; x_wconf 90' lang='lat' dir='ltr'><strong>discas,</strong></span> <span class='ocrx_word' id='word_1_794' title='bbox 3493 4496 3646 4567; x_wconf 92' lang='lat' dir='ltr'><strong>quod</strong></span> 
     </span>
    </p>
   </div>
   <div class='ocr_carea' id='block_1_106' title="bbox 2041 4583 3643 4657">
    <p class='ocr_par' dir='ltr' id='par_1_106' title="bbox 2041 4583 3643 4657">
     <span class='ocr_line' id='line_1_107' title="bbox 2041 4583 3643 4657; baseline 0 -18"><span class='ocrx_word' id='word_1_795' title='bbox 2041 4591 2097 4639; x_wconf 88' lang='lat' dir='ltr'><strong>et</strong></span> <span class='ocrx_word' id='word_1_796' title='bbox 2137 4584 2421 4640; x_wconf 84' lang='lat' dir='ltr'><strong>Abraham</strong></span> <span class='ocrx_word' id='word_1_797' title='bbox 2450 4583 2556 4640; x_wconf 89' lang='lat' dir='ltr'><strong>hac</strong></span> <span class='ocrx_word' id='word_1_798' title='bbox 2594 4584 2997 4657; x_wconf 85' lang='lat' dir='ltr'><strong>justiﬁcationis</strong></span> <span class='ocrx_word' id='word_1_799' title='bbox 3028 4583 3269 4640; x_wconf 87' lang='lat' dir='ltr'><strong>formula</strong></span> <span class='ocrx_word' id='word_1_800' title='bbox 3315 4587 3527 4641; x_wconf 74' lang='lat' dir='ltr'><strong>laetatus</strong></span> <span class='ocrx_word' id='word_1_801' title='bbox 3551 4585 3643 4652; x_wconf 91' lang='lat' dir='ltr'><strong>sit,</strong></span> 
     </span>
    </p>
   </div>
   <div class='ocr_carea' id='block_1_107' title="bbox 2038 4679 3254 4751">
    <p class='ocr_par' dir='ltr' id='par_1_107' title="bbox 2038 4679 3254 4751">
     <span class='ocr_line' id='line_1_108' title="bbox 2038 4679 3254 4751; baseline 0.002 -19"><span class='ocrx_word' id='word_1_802' title='bbox 2038 4685 2204 4751; x_wconf 90' lang='lat' dir='ltr'><strong>atque</strong></span> <span class='ocrx_word' id='word_1_803' title='bbox 2229 4679 2388 4737; x_wconf 90' lang='lat' dir='ltr'><strong>istud</strong></span> <span class='ocrx_word' id='word_1_804' title='bbox 2424 4679 2482 4736; x_wconf 92' lang='lat' dir='ltr'><strong>in</strong></span> <span class='ocrx_word' id='word_1_805' title='bbox 2499 4679 2638 4737; x_wconf 89' lang='lat' dir='ltr'><strong>votis</strong></span> <span class='ocrx_word' id='word_1_806' title='bbox 2659 4679 2871 4749; x_wconf 89' lang='lat' dir='ltr'><strong>habuit,</strong></span> <span class='ocrx_word' id='word_1_807' title='bbox 2899 4686 2963 4737; x_wconf 89' lang='lat' dir='ltr'><strong>ut</strong></span> <span class='ocrx_word' id='word_1_808' title='bbox 2990 4679 3254 4736; x_wconf 86' lang='lat' dir='ltr'><strong>eveniret.</strong></span> 
     </span>
    </p>
   </div>
   <div class='ocr_carea' id='block_1_108' title="bbox 2110 4858 3646 4936">
    <p class='ocr_par' dir='ltr' id='par_1_108' title="bbox 2110 4858 3646 4936">
     <span class='ocr_line' id='line_1_109' title="bbox 2110 4858 3646 4936; baseline -0.003 -16"><span class='ocrx_word' id='word_1_809' title='bbox 2110 4865 2288 4920; x_wconf 82' lang='lat' dir='ltr'><strong>Vnns.</strong></span> <span class='ocrx_word' id='word_1_810' title='bbox 2336 4868 2388 4921; x_wconf 89' lang='lat'><strong>9.</strong></span> <span class='ocrx_word' id='word_1_811' title='bbox 2421 4885 2446 4912; x_wconf 88' lang='grc'><strong>‹‹</strong></span> <span class='ocrx_word' id='word_1_812' title='bbox 2480 4862 2656 4933; x_wconf 84' lang='lat' dir='ltr'><strong>Igitur</strong></span> <span class='ocrx_word' id='word_1_813' title='bbox 2683 4862 2781 4936; x_wconf 92' lang='lat' dir='ltr'><strong>qui</strong></span> <span class='ocrx_word' id='word_1_814' title='bbox 2823 4877 2884 4918; x_wconf 81' lang='lat' dir='ltr'><strong>ex</strong></span> <span class='ocrx_word' id='word_1_815' title='bbox 2914 4860 3020 4917; x_wconf 89' lang='lat' dir='ltr'><strong>ﬁde</strong></span> <span class='ocrx_word' id='word_1_816' title='bbox 3057 4867 3204 4924; x_wconf 90' lang='lat' dir='ltr'><strong>sunt,</strong></span> <span class='ocrx_word' id='word_1_817' title='bbox 3243 4858 3646 4916; x_wconf 88' lang='lat' dir='ltr'><strong>benedicuntur</strong></span> 
     </span>
    </p>
   </div>
   <div class='ocr_carea' id='block_1_109' title="bbox 2041 4949 3645 5026">
    <p class='ocr_par' dir='ltr' id='par_1_109' title="bbox 2041 4949 3645 5026">
     <span class='ocr_line' id='line_1_110' title="bbox 2041 4949 3645 5026; baseline -0.002 -18"><span class='ocrx_word' id='word_1_818' title='bbox 2041 4967 2170 5008; x_wconf 93' lang='lat' dir='ltr'><strong>cum</strong></span> <span class='ocrx_word' id='word_1_819' title='bbox 2203 4952 2352 5009; x_wconf 90' lang='lat' dir='ltr'><strong>ﬁdeli</strong></span> <span class='ocrx_word' id='word_1_820' title='bbox 2372 4953 2676 5010; x_wconf 85' lang='lat' dir='ltr'><strong>Abraham.</strong></span> <span class='ocrx_word' id='word_1_821' title='bbox 2723 4975 2749 5002; x_wconf 74' lang='grc' dir='ltr'>ιο</span> <span class='ocrx_word' id='word_1_822' title='bbox 2777 4952 2917 5026; x_wconf 88' lang='lat' dir='ltr'><strong>Quia</strong></span> <span class='ocrx_word' id='word_1_823' title='bbox 2959 4950 3324 5007; x_wconf 87' lang='lat' dir='ltr'><strong>turbabantur</strong></span> <span class='ocrx_word' id='word_1_824' title='bbox 3350 4949 3645 5022; x_wconf 91' lang='lat' dir='ltr'><strong>nequando</strong></span> 
     </span>
    </p>
   </div>
   <div class='ocr_carea' id='block_1_110' title="bbox 2038 5041 3649 5114">
    <p class='ocr_par' dir='ltr' id='par_1_110' title="bbox 2038 5041 3649 5114">
     <span class='ocr_line' id='line_1_111' title="bbox 2038 5041 3649 5114; baseline -0.002 -16"><span class='ocrx_word' id='word_1_825' title='bbox 2038 5043 2150 5098; x_wconf 88' lang='lat' dir='ltr'><strong>sint</strong></span> <span class='ocrx_word' id='word_1_826' title='bbox 2200 5041 2501 5114; x_wconf 90' lang='lat' dir='ltr'><strong>maledicti,</strong></span> <span class='ocrx_word' id='word_1_827' title='bbox 2535 5059 2633 5100; x_wconf 90' lang='lat' dir='ltr'><strong>ceu</strong></span> <span class='ocrx_word' id='word_1_828' title='bbox 2671 5042 2747 5098; x_wconf 92' lang='lat' dir='ltr'><strong>illi</strong></span> <span class='ocrx_word' id='word_1_829' title='bbox 2775 5042 2868 5113; x_wconf 93' lang='lat' dir='ltr'><strong>qui</strong></span> <span class='ocrx_word' id='word_1_830' title='bbox 2899 5042 2952 5096; x_wconf 91' lang='lat' dir='ltr'><strong>in</strong></span> <span class='ocrx_word' id='word_1_831' title='bbox 2998 5041 3114 5113; x_wconf 91' lang='lat' dir='ltr'><strong>lege</strong></span> <span class='ocrx_word' id='word_1_832' title='bbox 3151 5057 3265 5097; x_wconf 93' lang='lat' dir='ltr'><strong>non</strong></span> <span class='ocrx_word' id='word_1_833' title='bbox 3297 5048 3649 5112; x_wconf 89' lang='lat' dir='ltr'><strong>perseverent</strong></span> 
     </span>
    </p>
   </div>
   <div class='ocr_carea' id='block_1_111' title="bbox 2040 5130 3641 5205">
    <p class='ocr_par' dir='ltr' id='par_1_111' title="bbox 2040 5130 3641 5205">
     <span class='ocr_line' id='line_1_112' title="bbox 2040 5130 3641 5205; baseline -0.002 -18"><span class='ocrx_word' id='word_1_834' title='bbox 2040 5132 2309 5205; x_wconf 88' lang='lat' dir='ltr'><strong>scriptum</strong></span> <span class='ocrx_word' id='word_1_835' title='bbox 2361 5140 2446 5188; x_wconf 89' lang='lat' dir='ltr'><strong>est</strong></span> <span class='ocrx_word' id='word_1_836' title='bbox 2493 5132 2642 5188; x_wconf 89' lang='lat' dir='ltr'><strong>enim</strong></span> <span class='ocrx_word' id='word_1_837' title='bbox 2675 5152 2688 5187; x_wconf 90' lang='lat'>:</span> <span class='ocrx_word' id='word_1_838' title='bbox 2721 5131 3044 5188; x_wconf 87' lang='lat' dir='ltr'><strong>Maledictus</strong></span> <span class='ocrx_word' id='word_1_839' title='bbox 3095 5130 3188 5202; x_wconf 93' lang='lat' dir='ltr'><strong>qui</strong></span> <span class='ocrx_word' id='word_1_840' title='bbox 3227 5145 3339 5185; x_wconf 90' lang='lat' dir='ltr'><strong>non</strong></span> <span class='ocrx_word' id='word_1_841' title='bbox 3388 5144 3641 5201; x_wconf 87' lang='lat' dir='ltr'><strong>perseve-</strong></span> 
     </span>
    </p>
   </div>
   <div class='ocr_carea' id='block_1_112' title="bbox 2039 5217 3644 5295">
    <p class='ocr_par' dir='ltr' id='par_1_112' title="bbox 2039 5217 3644 5295">
     <span class='ocr_line' id='line_1_113' title="bbox 2039 5217 3644 5295; baseline -0.002 -17"><span class='ocrx_word' id='word_1_842' title='bbox 2039 5231 2127 5278; x_wconf 90' lang='lat' dir='ltr'><strong>rat</strong></span> <span class='ocrx_word' id='word_1_843' title='bbox 2155 5222 2209 5278; x_wconf 91' lang='lat' dir='ltr'><strong>in</strong></span> <span class='ocrx_word' id='word_1_844' title='bbox 2254 5222 2320 5278; x_wconf 90' lang='lat' dir='ltr'><strong>iis</strong></span> <span class='ocrx_word' id='word_1_845' title='bbox 2362 5238 2490 5295; x_wconf 64' lang='lat' dir='ltr'><strong>quae</strong></span> <span class='ocrx_word' id='word_1_846' title='bbox 2523 5223 2726 5294; x_wconf 89' lang='lat' dir='ltr'><strong>scripta</strong></span> <span class='ocrx_word' id='word_1_847' title='bbox 2775 5229 2909 5278; x_wconf 90' lang='lat' dir='ltr'><strong>sunt</strong></span> <span class='ocrx_word' id='word_1_848' title='bbox 2962 5221 3015 5276; x_wconf 92' lang='lat' dir='ltr'><strong>in</strong></span> <span class='ocrx_word' id='word_1_849' title='bbox 3066 5219 3184 5291; x_wconf 89' lang='lat' dir='ltr'><strong>lege</strong></span> <span class='ocrx_word' id='word_1_850' title='bbox 3224 5223 3265 5287; x_wconf 89' lang='lat'><strong>),</strong></span> <span class='ocrx_word' id='word_1_851' title='bbox 3304 5217 3644 5274; x_wconf 89' lang='lat' dir='ltr'><strong>contrarium</strong></span> 
     </span>
    </p>
   </div>
   <div class='ocr_carea' id='block_1_113' title="bbox 2039 5307 3648 5385">
    <p class='ocr_par' dir='ltr' id='par_1_113' title="bbox 2039 5307 3648 5385">
     <span class='ocr_line' id='line_1_114' title="bbox 2039 5307 3648 5385; baseline -0.002 -17"><span class='ocrx_word' id='word_1_852' title='bbox 2039 5329 2190 5368; x_wconf 91' lang='lat' dir='ltr'><strong>nunc</strong></span> <span class='ocrx_word' id='word_1_853' title='bbox 2233 5312 2414 5385; x_wconf 89' lang='lat' dir='ltr'><strong>potius</strong></span> <span class='ocrx_word' id='word_1_854' title='bbox 2466 5311 2728 5378; x_wconf 87' lang='lat' dir='ltr'><strong>ostendit,</strong></span> <span class='ocrx_word' id='word_1_855' title='bbox 2779 5325 2978 5382; x_wconf 88' lang='lat' dir='ltr'><strong>nempe</strong></span> <span class='ocrx_word' id='word_1_856' title='bbox 3026 5307 3176 5382; x_wconf 90' lang='lat' dir='ltr'><strong>quod</strong></span> <span class='ocrx_word' id='word_1_857' title='bbox 3214 5307 3488 5365; x_wconf 89' lang='lat' dir='ltr'><strong>benedicti</strong></span> <span class='ocrx_word' id='word_1_858' title='bbox 3537 5308 3648 5364; x_wconf 88' lang='lat' dir='ltr'><strong>sint</strong></span> 
     </span>
    </p>
   </div>
   <div class='ocr_carea' id='block_1_114' title="bbox 2037 5397 3646 5475">
    <p class='ocr_par' dir='ltr' id='par_1_114' title="bbox 2037 5397 3646 5475">
     <span class='ocr_line' id='line_1_115' title="bbox 2037 5397 3646 5475; baseline -0.002 -17"><span class='ocrx_word' id='word_1_859' title='bbox 2037 5403 2128 5475; x_wconf 92' lang='lat' dir='ltr'><strong>qui</strong></span> <span class='ocrx_word' id='word_1_860' title='bbox 2167 5404 2344 5475; x_wconf 87' lang='lat' dir='ltr'><strong>legem</strong></span> <span class='ocrx_word' id='word_1_861' title='bbox 2392 5402 2734 5475; x_wconf 89' lang='lat' dir='ltr'><strong>reliquerint,</strong></span> <span class='ocrx_word' id='word_1_862' title='bbox 2779 5409 2837 5457; x_wconf 89' lang='lat' dir='ltr'><strong>et</strong></span> <span class='ocrx_word' id='word_1_863' title='bbox 2886 5400 2956 5456; x_wconf 91' lang='lat' dir='ltr'><strong>ad</strong></span> <span class='ocrx_word' id='word_1_864' title='bbox 2982 5399 3147 5455; x_wconf 91' lang='lat' dir='ltr'><strong>ﬁdem</strong></span> <span class='ocrx_word' id='word_1_865' title='bbox 3177 5397 3524 5464; x_wconf 88' lang='lat' dir='ltr'><strong>accesserint,</strong></span> <span class='ocrx_word' id='word_1_866' title='bbox 3555 5413 3646 5470; x_wconf 86' lang='lat' dir='ltr'><strong>pe-</strong></span> 
     </span>
    </p>
   </div>
   <div class='ocr_carea' id='block_1_115' title="bbox 2040 5490 3352 5549">
    <p class='ocr_par' dir='ltr' id='par_1_115' title="bbox 2040 5490 3352 5549">
     <span class='ocr_line' id='line_1_116' title="bbox 2040 5490 3352 5549; baseline -0.004 0"><span class='ocrx_word' id='word_1_867' title='bbox 2040 5492 2198 5549; x_wconf 90' lang='lat' dir='ltr'><strong>rinde</strong></span> <span class='ocrx_word' id='word_1_868' title='bbox 2245 5509 2309 5548; x_wconf 92' lang='lat' dir='ltr'><strong>ac</strong></span> <span class='ocrx_word' id='word_1_869' title='bbox 2351 5491 2525 5548; x_wconf 90' lang='lat' dir='ltr'><strong>ﬁdelis</strong></span> <span class='ocrx_word' id='word_1_870' title='bbox 2569 5491 2846 5548; x_wconf 85' lang='lat' dir='ltr'><strong>Abraham</strong></span> <span class='ocrx_word' id='word_1_871' title='bbox 2868 5490 3187 5547; x_wconf 89' lang='lat' dir='ltr'><strong>benedictus</strong></span> <span class='ocrx_word' id='word_1_872' title='bbox 3214 5496 3352 5544; x_wconf 90' lang='lat' dir='ltr'><strong>erat.</strong></span> 
     </span>
    </p>
   </div>
   <div class='ocr_carea' id='block_1_116' title="bbox 2112 5577 3645 5656">
    <p class='ocr_par' dir='ltr' id='par_1_116' title="bbox 2112 5577 3645 5656">
     <span class='ocr_line' id='line_1_117' title="bbox 2112 5577 3645 5656; baseline -0.004 -17"><span class='ocrx_word' id='word_1_873' title='bbox 2112 5585 2288 5640; x_wconf 84' lang='lat' dir='ltr'><strong>Vnns.</strong></span> <span class='ocrx_word' id='word_1_874' title='bbox 2357 5588 2444 5639; x_wconf 88' lang='lat'><strong>10.</strong></span> <span class='ocrx_word' id='word_1_875' title='bbox 2505 5604 2530 5632; x_wconf 73' lang='grc' dir='ltr'><strong>α</strong></span> <span class='ocrx_word' id='word_1_876' title='bbox 2562 5583 2891 5656; x_wconf 89' lang='lat' dir='ltr'><strong>Quicunque</strong></span> <span class='ocrx_word' id='word_1_877' title='bbox 2937 5581 3087 5638; x_wconf 92' lang='lat' dir='ltr'><strong>enim</strong></span> <span class='ocrx_word' id='word_1_878' title='bbox 3129 5595 3194 5637; x_wconf 81' lang='lat' dir='ltr'><strong>ex</strong></span> <span class='ocrx_word' id='word_1_879' title='bbox 3222 5578 3479 5653; x_wconf 86' lang='lat' dir='ltr'><strong>operibus</strong></span> <span class='ocrx_word' id='word_1_880' title='bbox 3513 5577 3645 5650; x_wconf 87' lang='lat' dir='ltr'><strong>legis</strong></span> 
     </span>
    </p>
   </div>
  </div>
