4134 6446
469 439 576 494 987

1487 435 2005 493 THEOPHYLACTI
2045 433 2407 490 BULGARIE
2446 431 2765 487 ARCHIEP.

3673 428 3782 482 988

468 572 616 630 sunt,
649 563 750 619 sub
776 562 1074 618 maledicto
1103 570 1254 620 sunt.
1283 563 1563 635 Scriptum
1603 573 1690 619 est
1726 562 1876 618 enim
1905 580 1918 618 :
1953 563 2072 617 Ma—

2199 558 2312 620 εἷσί.
2383 556 2690 638 Γέγραπται
2749 556 2887 638 γάρ·
2923 555 3351 635 Ἐπικατάρατος
3419 561 3526 622 πᾶς
3583 551 3639 620 ὃς
3686 553 3785 611 οὗκ

472 653 708 709 ledictus
737 661 818 708 est
844 654 1024 708 omnis
1054 654 1149 724 qui
1177 669 1288 708 non
1343 653 1707 723 permanserit
1736 652 1790 707 in
1813 651 2074 707 omnibus

471 759 593 816 qua:
623 743 825 814 scripta
855 751 987 800 sunt
1022 743 1078 797 in
1120 742 1257 799 libro
1315 742 1468 815 legis,
1511 751 1572 798 ut
1601 740 1763 797 faciat
1795 757 1878 798 ea.
1912 764 1936 789 ν
1995 742 2077 797 Ne

475 833 603 905 quis
636 840 900 904 opponat,
946 831 1150 900 dicens,
1184 830 1350 887 Haud
1392 832 1593 904 injuria
1637 830 1983 887 Abrahamus
2011 845 2078 886 ex

477 921 584 978 ﬁde
613 938 743 978 cum
787 921 1102 978 benedictus
1140 930 1242 989 est,
1273 930 1391 976 tum
1415 921 1768 993 justiﬁcatus,
1813 921 1944 993 quia
1991 920 2079 975 lex

479 1011 728 1068 nondum
757 1012 969 1068 sancita
998 1015 1116 1066 erat
1150 1030 1163 1066 :
1213 1019 1269 1066 tu
1297 1026 1424 1066 vero
1464 1018 1712 1066 monstra
1757 1010 1893 1066 mihi
1932 1008 2082 1081 quod

483 1111 776 1174 postquam
825 1101 951 1158 data
1006 1109 1090 1158 est
1145 1101 1251 1166 lex,
1301 1099 1438 1156 ﬁdes
1457 1099 1742 1173 justiﬁcet,
1774 1109 1830 1156 et
1855 1098 2082 1156 benedi-

479 1198 597 1247 ctos
641 1189 853 1248 faciat:
903 1190 1147 1247 ostendit
1194 1190 1490 1262 Apostolus
1545 1205 1690 1246 nunc
1741 1205 1855 1246 non
1899 1189 2081 1246 solum

481 1279 629 1351 quod
655 1289 710 1336 et
731 1280 998 1353 justiﬁcet
1025 1279 1167 1336 ﬁdes
1195 1287 1250 1336 et
1278 1279 1584 1344 benedicat,
1612 1278 1710 1336 sed
1745 1279 1915 1334 etiam
1936 1278 2084 1351 quod

481 1369 568 1425 lex
595 1371 803 1442 peccati
849 1378 902 1426 et
953 1369 1366 1425 maledictionis
1401 1384 1568 1425 causa
1613 1369 1702 1425 sit.
1732 1371 1912 1425 Nemo
1936 1368 2085 1424 enim

481 1467 660 1530 potest
686 1457 865 1516 facere
907 1474 1031 1532 quae
1070 1459 1271 1530 scripta
1314 1465 1445 1514 sunt
1489 1458 1548 1514 in
1598 1459 1715 1531 lege
1767 1475 1781 1514 :
1827 1458 1919 1530 qui
1956 1473 2086 1513 vero

483 1564 597 1603 non
629 1547 779 1616 facit,
824 1548 1154 1605 maledictus
1179 1555 1285 1604 est.
1317 1546 1556 1604 Proinde
1581 1547 1708 1604 ﬁdei
1737 1555 1821 1604 est
1862 1546 2087 1604 benedi-

485 1652 629 1706 cere,
660 1647 714 1693 et
739 1637 943 1694 frustra
980 1653 1079 1694 vos
1126 1638 1402 1706 metuitis,
1440 1636 1734 1710 nequando
1783 1652 1883 1692 vos
1920 1636 2088 1692 male-

485 1725 620 1782 dicti
664 1727 778 1783 sitis
823 1727 1137 1784 deﬁcientes
1185 1743 1216 1783 a
1247 1727 1386 1800 lege.
1437 1730 1583 1784 Nam
1622 1727 1667 1783 si
1718 1742 1783 1784 ea
1834 1726 2088 1794 utamini,

2182 650 2400 726 ἐμμένει
2448 651 2502 707 ἐν
2560 657 2694 706 πᾶσι
2752 655 2861 714 τοῖς
2914 644 3302 725 γεγραμμένοις
3345 647 3398 703 ἐν
3450 646 3527 724 τῷ
3591 641 3783 723 βιϐλίῳ

2182 744 2277 798 τοῦ
2310 738 2504 814 νόμου,
2557 743 2648 797 τοῦ
2693 742 2916 810 ποιῆσαι
2965 736 3124 794 αὐτά.
3163 757 3193 793 »
3240 733 3364 795 Ἵνα
3399 732 3473 810 μή
3508 756 3587 800 τις
3636 735 3784 790 ἄντι-

2186 827 2327 906 πέσῃ
2372 826 2575 906 λέγων,
2625 827 2706 887 δτι
2755 827 2990 894 Εἰκότως
3035 829 3063 885 6
3108 823 3355 903 Ἀϐραὰμ
3405 822 3510 881 ἀπὸ
3560 821 3790 906 πίστεως

2186 902 2456 996 ηὔλογήθη
2484 916 2573 976 καὶ
2627 914 2934 989 ἐδικαιώθη,
2982 913 3112 974 διότι
3149 902 3299 974 οὔπω
3325 911 3377 952 ⁷³
3407 912 3567 988 νόμος
3592 902 3657 984 ἧν
3676 934 3690 948 ⁸
3722 910 3788 971 σὺ

2189 1005 2244 1066 δὲ
2275 1005 2439 1076 δεῖξόν
2485 1023 2576 1084 μοι
2621 1006 2704 1064 δτι
2735 1009 2851 1082 μεθ’
2882 1003 2910 1064 6
2951 1004 3105 1076 ἐδόθη
3131 1006 3160 1062 6
3199 1002 3356 1080 νόμος
3377 1046 3392 1076 ,
3431 1005 3466 1074 ἡ
3497 1000 3676 1069 πίστις
3703 1002 3780 1059 δι-

2190 1106 2333 1157 καιοῖ
2379 1095 2471 1155 καὶ
2502 1095 2885 1174 εὖλογημένους
2936 1094 3116 1154 ποιεῖ’
3157 1092 3417 1152 δείκνυσιν
3464 1095 3492 1151 6
3525 1089 3791 1151 Ἀπόστο-

2189 1188 2278 1253 λος
2307 1192 2431 1263 νῦν,
2483 1189 2542 1245 οὗ
2574 1186 2730 1263 μόνον
2761 1185 2840 1243 ὅτι
2889 1186 3084 1244 δικαιοῖ
3113 1187 3145 1255 ἡ
3181 1183 3359 1250 πίστις
3408 1181 3502 1241 καὶ
3547 1182 3790 1258 εὖλογεῖ,

2192 1279 2312 1337 ἀλλ’
2355 1275 2436 1335 ὅτι
2467 1275 2558 1334 καὶ
2599 1279 2627 1335 6
2666 1277 2853 1353 νόμος,
2901 1271 3164 1354 ἁμαρτίας
3210 1272 3303 1332 καὶ
3358 1271 3594 1352 κατάρας
3625 1271 3793 1336 αἴτιος

2193 1367 2430 1448 γίνεταιο
2475 1366 2640 1434 οὐδεὶς
2683 1366 2788 1445 γὰρ
2828 1372 2996 1424 ποιεῖν
3050 1362 3273 1424 δύναται
3321 1362 3392 1422 τὰ
3440 1360 3792 1442 γεγραμμένα

2195 1461 2248 1518 ἐν
2275 1461 2352 1537 τῷ
2405 1455 2552 1539 νόμῳ
2578 1480 2592 1494 ·
2623 1460 2652 1516 6
2700 1454 2755 1515 δὲ
2791 1455 2867 1533 μὴ
2925 1457 3125 1529 ποιῶν,
3179 1453 3586 1532 ἐπικατάρατος.
3619 1448 3796 1511 "acts

2195 1551 2289 1618 τῆς
2312 1544 2540 1613 πίστεώς
2589 1546 2705 1604 ἐστι
2749 1545 2811 1604 τὸ
2853 1545 3122 1623 εὖλογεῖν,
3172 1541 3264 1600 καὶ
3315 1542 3490 1618 μάτην
3523 1540 3674 1616 ὑμεῖς
3703 1563 3799 1620 φο-

2198 1635 2377 1695 ϐεῖσθε
2451 1635 2658 1713 μήποτε
2717 1633 3098 1713 ἐπικατάρατοι
3173 1630 3396 1709 γένησθε
3465 1629 3801 1695 ἀποστάντες

2199 1732 2288 1786 τοῦ
2313 1725 2496 1802 νόμου.
2531 1726 2754 1785 Μᾶλλον
2781 1724 2886 1804 γὰρ
2922 1721 3191 1803 χρώμενοι
3233 1723 3378 1801 αὐτῷ
3417 1718 3519 1780 61:6
3555 1718 3800 1800 κατάραν

485 1817 666 1888 potius
721 1817 823 1874 sub
846 1819 1218 1874 exsecratione
1263 1817 1417 1887 estis,
1465 1817 1663 1891 quippe
1689 1818 1782 1891 qui
1812 1832 1929 1873 non
1967 1831 2090 1890 pos-

2202 1814 2353 1889 ἐστὲ,
2388 1818 2460 1884 ὡς
2490 1812 2567 1893 μὴ
2598 1812 2878 1892 δυνάμενοι
2908 1815 3146 1892 πληροῦν
3181 1809 3363 1873 αὐτόν.

484 1907 604 1962 sitis
654 1908 870 1979 explere
902 1909 1101 1980 ipsam.

555 1998 738 2052 Vens.
776 2002 863 2066 ll,
905 2003 986 2053 12.
1021 2021 1046 2046 «ι
1081 1996 1241 2068 Quod
1282 2011 1410 2052 vero
1450 1997 1504 2052 in
1547 1996 1665 2069 lege
1701 2012 1867 2052 nemo
1888 1996 2087 2068 justiﬁ-

486 2092 639 2140 cetur
662 2083 810 2155 apud
846 2088 1052 2153 Deum,
1079 2083 1441 2141 manifestum
1486 2094 1569 2141 est
1605 2103 1617 2140 :
1652 2083 1775 2156 quia
1808 2083 1995 2156 justus
2022 2101 2085 2140 ex

489 2171 595 2228 ﬁde
629 2173 846 2229 vivetx.
870 2175 983 2228 Lex
1012 2182 1198 2229 autem
1227 2189 1339 2229 non
1369 2181 1452 2228 est
1474 2189 1540 2229 ex
1572 2171 1704 2240 ﬁde,
1757 2173 1852 2229 sed
1887 2173 1978 2244 qui
2009 2173 2088 2229 fe-

489 2261 625 2316 cerit
661 2277 722 2317 ea
752 2261 943 2330 homo,
993 2263 1140 2318 vivet
1164 2263 1222 2317 in
1253 2261 1404 2333 ipsis.
1446 2285 1472 2310 ν
1504 2264 1901 2318 Demonstrato
1944 2262 2091 2335 quod

490 2351 578 2406 lex
637 2351 955 2408 maledictos
1001 2351 1185 2422 faciat,
1241 2351 1377 2408 ﬁdes
1435 2360 1624 2409 autem
1661 2351 1966 2419 benedicat,
1998 2368 2090 2407 os-

488 2440 666 2497 tendit
735 2442 850 2513 jam
904 2458 1058 2498 nunc
1128 2441 1280 2514 quod
1333 2442 1412 2497 vel
1468 2441 1605 2498 ﬁdes
1651 2441 1765 2497 sola
1807 2442 2089 2514 justiﬁcat,

488 2546 601 2586 non
657 2531 765 2599 lex,
820 2531 1153 2604 adducitque
1202 2531 1466 2588 Habacuc
1521 2531 1796 2588 dicentem
1853 2550 1868 2588 :
1923 2555 1949 2580 α
1988 2534 2089 2586 Ju-

490 2627 609 2676 stus
643 2635 705 2676 ex
731 2620 838 2677 ﬁde
875 2622 1052 2689 vivet,
1083 2645 1108 2670 υ
1142 2629 1196 2678 et
1224 2637 1336 2677 non
1372 2637 1440 2677 ex
1481 2621 1616 2694 lege.
1662 2623 1778 2678 Lex
1805 2621 1956 2678 enim
1981 2637 2093 2676 nou

493 2708 658 2781 343
679 2711 858 2767 solam
883 2711 1048 2767 ﬁdem
1062 2712 1319 2783 postulat,
1345 2727 1537 2768 verum
1559 2714 1725 2766 etiam
1752 2727 1936 2783 opera.
1969 2710 2092 2768 Pul-

491 2799 620 2854 chre
648 2808 833 2855 autem
862 2799 1015 2869 dixit,
1053 2826 1075 2849 ι
1111 2802 1270 2873 Apud
1307 2804 1482 2856 Deum
1518 2820 1530 2856 :
1587 2820 1616 2854 »
1647 2802 1793 2872 apud
1839 2801 2094 2856 homines

491 2888 635 2943 enim
667 2889 801 2961 justi
859 2887 1043 2945 forsan
1091 2891 1260 2946 videri
1310 2900 1530 2962 queant,
1592 2892 1684 2961 qui
1730 2891 1846 2961 lege
1877 2889 2092 2945 detenti

492 2985 643 3044 sunt,
688 2978 857 3035 veluti
910 2978 1165 3035 Pharisaei
1217 2979 1588 3052 justiﬁcaute
1640 2978 1846 3050 seipsos
1901 2995 2089 3035 coram

2280 1993 2466 2056 α⁰οτι
2522 1993 2576 2053 δέ
2625 1995 2679 2053 ἐν
2733 1992 2881 2074 νόμῳ
2942 1991 3110 2060 οὐδεὶς
3167 1993 3465 2050 δικαιοῦται
3526 1987 3674 2070 παρὰ
3721 1991 3801 2069 τῷ

2196 2088 2356 2167 Θεῷ,
2404 2086 2597 2158 δῆλον,
2632 2083 2713 2142 δτι
2757 2087 2785 2143 6
2828 2082 3030 2150 δίκαιος
3073 2083 3133 2140 ἐκ
3183 2081 3414 2148 πίστεως
3451 2079 3694 2152 ζήσεται.
3731 2078 3802 2139 c0

2200 2176 2250 2235 δὲ
2281 2176 2438 2252 νόμος
2459 2177 2553 2234 οὐκ
2575 2173 2717 2233 ἔστιν
2759 2175 2818 2232 ἐκ
2876 2172 3134 2245 πίστεως,
3173 2173 3292 2229 ἀλλ’
3323 2175 3350 2230 6
3392 2171 3621 2243 ποιήσας
3663 2169 3802 2228 αὐτὰ

2199 2266 2509 2343 ἄνθρωπος,
2551 2263 2770 2336 ζήσεται
2823 2264 2874 2321 ἐν
2925 2264 3123 2329 αὐτοῖς.
3162 2283 3191 2318 υ
3239 2260 3423 2329 Δείξας
3453 2259 3533 2319 ὅτι
3585 2262 3612 2318 6
3643 2257 3804 2335 νόμος

2203 2353 2642 2434 ἐπικαταράτους
2694 2355 2870 2424 ποιεῖ,
2917 2358 2952 2424 ἡ
2983 2350 3038 2410 δὲ
3068 2350 3247 2418 πίστις
3291 2351 3526 2428 εὖλογεῖ,
3559 2355 3647 2408 νῦν
3697 2350 3808 2407 δεί-

2199 2467 2377 2504 κνυσιν
2408 2444 2486 2502 ὅτι
2532 2443 2623 2502 καὶ
2648 2446 2682 2514 ἡ
2728 2442 2905 2508 πίστις
2954 2440 3090 2518 μόνη
3119 2443 3344 2517 δικαιοῖ,
3377 2439 3469 2498 καὶ
3520 2439 3622 2518 οὔχ
3653 2441 3682 2496 6
3713 2437 3800 2497 νό-

2201 2559 2327 2610 μος,
2397 2532 2487 2593 καὶ
2565 2531 2799 2613 παράγει
2868 2529 2958 2588 τὸν
3018 2527 3330 2607 Ἁϐϐακοὺμ
3409 2529 3662 2606 λέγοντα,
3721 2526 3806 2585 ὅτι

2206 2648 2237 2679 α
2277 2623 2376 2682 Ἐκ
2425 2621 2654 2688 πίστεως
2703 2621 2924 2692 ζήσεται
2962 2623 2990 2678 6
3041 2619 3268 2691 δίκαιος,
3324 2641 3351 2676 ι
3403 2620 3496 2677 καὶ
3543 2620 3640 2677 οὐκ
3698 2617 3804 2674 ἀπὸ

2201 2713 2382 2790 νόμου.
2420 2711 2491 2772 εΟ
2520 2711 2622 2790 γὰρ
2652 2709 2838 2788 νόμος,
2858 2711 2936 2790 ,οὗ
2983 2709 3146 2785 μόνην
3175 2707 3352 2768 πίστιν
3385 2710 3630 2783 ἀπαιτεῖ,
3662 2707 3802 2766 ἀλλὰ

2201 2789 2292 2861 καὶ
2322 2801 2476 2884 ἔργα.
2523 2789 2712 2867 καλῶς
2752 2799 2807 2860 δὲ
2833 2789 2970 2872 εἶπε,
3016 2827 3038 2849 «ι
3079 2797 3238 2879 Παρὰ
3279 2801 3356 2878 τῷ
3402 2800 3546 2876 Θεῷ.
3571 2826 3592 2848 η
3642 2796 3805 2876 Παρᾶ

2200 2891 2306 2971 γὰρ
2346 2901 2453 2959 τοῖς
2504 2889 2829 2971 ἀνθρώποις,
2886 2889 3078 2947 δίκαιοι
3130 2887 3256 2955 ἴσως
3312 2889 3558 2947 δοκοῦσιν
3613 2889 3661 2944 οἱ
3709 2891 3804 2944 τοῦ

2201 2968 2364 3059 νόμου
2415 2968 2694 3060 ἐχόμενοι,
2742 2968 2842 3036 οἶοι
2897 2979 2945 3037 οἳ
2977 2980 3314 3057 Φαρισαῖοι,
3383 2979 3430 3036 οἱ
3488 2977 3812 3060 δικαιοῦντες

494 3066 831 3124 hominibus.
859 3069 996 3136 Quia
1037 3069 1199 3141 igitur
1220 3050 1311 3124 lex
1356 3069 1428 3124 ob
1453 3068 1832 3124 difﬁcultatem
1861 3084 2090 3139 operum

2204 3050 2418 3138 ἑαῦτοὺς
2443 3050 2766 3148 ’ἐμπροσθεν
2820 3071 2925 3127 τῶν
2963 3050 3469 3146 ἀνθρώπωνίἚπεὶ
3516 3056 3606 3124 οῦν
3635 3069 3664 3125 6
3709 3065 3808 3124 νό-

493 3173 604 3212 non
629 3157 982 3230 justiﬁcabat,
1013 3158 1108 3215 sed
1141 3158 1507 3215 maledictioni
1530 3159 1713 3230 potius
1740 3158 2088 3231 subjugabat,

495 3247 640 3302 venit
680 3247 856 3318 gratia
887 3246 1100 3304 facilem
1129 3249 1274 3305 viam
1328 3247 1646 3315 ostendens,
1685 3247 1858 3304 ﬁdem
1898 3247 2093 3304 videli-

498 3347 610 3405 cet,
657 3353 754 3407 per
780 3353 946 3409 quam
975 3337 1254 3410 justiﬁeati
1286 3337 1689 3394 benedicimur.
1750 3340 1889 3395 Ecce
1926 3337 2093 3410 igitur

493 3426 935 3483 demonstratum
960 3436 1064 3497 est,
1095 3427 1242 3500 quod
1268 3427 1474 3484 nedum
1523 3437 1651 3484 ante
1694 3428 1869 3502 legem
1923 3429 2095 3484 bene-

497 3514 712 3571 dicebat
737 3524 791 3572 et
810 3515 1148 3588 justiﬁcabat
1191 3516 1348 3581 ﬁdes,
1400 3515 1500 3573 sed
1547 3517 1714 3573 etiam
1761 3525 1886 3590 post
1914 3518 2091 3590 legem

498 3606 688 3678 magis.

576 3699 758 3752 Vens.
792 3702 878 3752 13.
927 3719 952 3745 α
1001 3696 1253 3754 Christus
1292 3712 1398 3753 nos
1443 3695 1680 3752 redemit
1715 3697 1784 3752 de
1802 3695 2093 3752 maledicto

497 3783 648 3856 legis,
682 3784 860 3843 factus
897 3801 996 3858 pro
1047 3786 1207 3842 nobis
1257 3786 1634 3843 maledictum.
1680 3787 1956 3858 Scriptum
2011 3795 2096 3842 est

499 3874 648 3930 enim
691 3876 1058 3933 :Maledictus
1101 3877 1284 3932 omnis
1331 3877 1423 3948 qui
1471 3877 1678 3948 pendet
1724 3877 1780 3931 in
1832 3877 1998 3949 ligno.
2064 3901 2089 3925 ιο

501 3967 584 4021 Ne
607 3965 732 4038 quis
759 3965 848 4022 hic
872 3975 1148 4034 occurrat,
1189 3969 1346 4034 Vere,
1374 3967 1652 4039 inquiens,
1685 3966 1774 4037 qui
1804 3982 1917 4022 non
1966 3965 2097 4022 facit

503 4055 700 4127 legem,
753 4056 1076 4113 maledictus
1125 4064 1229 4119 est,
1271 4066 1330 4112 et
1380 4055 1518 4112 ﬁdes
1560 4056 1831 4128 justiﬁcat
1884 4075 1897 4112 :
1951 4057 2097 4113 unde

499 4160 627 4200 vero
654 4147 1024 4216 perspicuum,
1052 4145 1202 4218 quod
1241 4145 1558 4202 maledictio
1597 4145 1688 4202 illa
1739 4146 1953 4202 sublata
1984 4149 2097 4202 sit?

498 4234 801 4290 Metuimus
851 4234 1022 4300 enim,
1068 4249 1139 4290 ne
1202 4233 1341 4290 forte
1378 4238 1516 4308 jugo
1554 4235 1682 4308 legis
1724 4235 1948 4303 subditi,
1992 4235 2094 4306 ipsi

501 4327 670 4384 etiam
700 4327 802 4383 sub
833 4327 1207 4384 exsecratione
1245 4329 1421 4384 simus
1455 4349 1466 4385 :
1508 4329 1718 4386 indicat
1749 4330 1915 4402 igitur
1942 4329 2096 4385 solu-

504 4430 617 4477 tam
657 4435 775 4478 esse
816 4436 916 4493 per
949 4421 1230 4478 Christum
1266 4423 1716 4479 exsecrationem.
1763 4424 1903 4478 Dato
1949 4423 2096 4478 enim

505 4511 699 4582 pretio,
729 4526 826 4583 per
870 4510 977 4567 hoc
1003 4511 1152 4582 quod
1179 4511 1292 4582 ipse
1321 4509 1504 4568 factus
1536 4520 1619 4568 est
1646 4511 1978 4579 maledictio,
2010 4528 2096 4568 re-

499 4600 670 4656 demit
698 4616 802 4657 nos
849 4617 880 4656 a
922 4600 1309 4658 maledictione
1349 4602 1504 4674 legis,
1529 4618 1698 4673 quam
1727 4602 1844 4674 ipse
1875 4601 2096 4674 quidem

497 4691 682 4758 evasit,
715 4691 916 4763 quippe
966 4689 1061 4764 qui
1100 4691 1277 4763 legem
1331 4690 1634 4763 impleverit
1683 4710 1698 4749 :
1757 4707 1861 4747 nos
1911 4701 2097 4748 autem

502 4779 583 4835 illi
610 4779 834 4836 obnoxii
870 4796 1112 4848 eramus,
1143 4781 1318 4852 ipsam
1354 4781 1632 4853 perﬁcere
1669 4797 1780 4836 non
1809 4781 2046 4838 valentes
2079 4800 2092 4839 :

500 4884 656 4941 mque
682 4885 746 4924 ac
764 4869 808 4925 si
836 4886 1005 4941 quem
1029 4871 1196 4926 morti
1227 4869 1632 4942 adjudicatum,
1660 4873 1799 4926 alius
1825 4872 2099 4944 quispiam

499 4959 752 5014 innoxius
805 4960 1005 5014 eximat
1039 4975 1070 5015 a
1115 4969 1312 5028 morte,
1345 4976 1444 5032 pro
1490 4960 1587 5015 illo
1623 4969 1865 5017 mortem
1913 4961 2099 5018 subire

501 5048 707 5105 volens.
763 5049 1015 5120 Suscepit
1046 5049 1218 5122 igitur
1262 5049 1712 5107 maledictionem
1752 5051 2100 5123 suspensioni

499 5137 761 5206 debitam,
799 5137 1158 5210 dissolvitque
1210 5137 1677 5205 maledictionem,
1731 5155 1854 5212 quac
1919 5141 2099 5210 nobis,

502 5227 654 5300 quod
695 5227 872 5300 legem
911 5243 1027 5283 non
1077 5227 1457 5300 impleremus,
1489 5237 1606 5284 erat
1633 5229 1934 5302 imposita,
1981 5229 2099 5300 ipse

500 5317 594 5388 qui
635 5317 686 5372 ei
723 5333 836 5372 non
869 5325 984 5373 erat
1013 5317 1300 5375 obnoxius.
1334 5320 1542 5392 Legem
1571 5320 1720 5375 enim
1754 5320 2017 5391 implevit,
2045 5327 2101 5376 et

500 5415 785 5478 peccatum
813 5422 924 5463 non
955 5405 1109 5462 fecit.

593 5553 839 5635 xHahae.
873 5593 945 5648 ιι,
971 5585 1032 5635 4.

2199 3183 2294 3238 μος
2344 3159 2432 3217 διὰ
2485 3157 2546 3216 τὸ
2605 3155 3034 3236 δυσκατόρθωτον
3084 3153 3204 3214 οὔτε
3261 3156 3549 3227 ἐδικαίου,
3581 3153 3672 3213 καὶ
3703 3153 3811 3212 61:6

2198 3249 2437 3326 κατάραν
2461 3245 2655 3317 ἐποίει,
2685 3238 2842 3318 ἦλθεν
2882 3250 2914 3318 ἡ
2949 3245 3104 3327 χάρις
3128 3243 3313 3326 ῥᾳδίαν
3345 3245 3461 3304 ὁδὸν
3496 3242 3808 3303 δεικνύουσα

2198 3338 2293 3410 τὴν
2337 3337 2550 3409 πίστιν,
2599 3335 2664 3395 δι’
2716 3327 2778 3408 ἧς
2826 3334 3182 3410 δικαιούμενοι
3234 3332 3612 3412 εὖλογούμεθα.
3667 3332 3808 3392 Ἰδοὺ

2197 3429 2370 3488 τοίνυν
2431 3427 2837 3503 ἀποδέδεικται,
2889 3423 2970 3483 ὅτι
3027 3426 3086 3483 οὗ
3133 3423 3291 3499 μ’όνον
3325 3424 3427 3502 πρὸ
3483 3429 3574 3481 τοῦ
3606 3421 3805 3500 νόμου,

2199 3517 2415 3597 ηὐλόγει
2444 3517 2535 3576 καὶ
2565 3514 2797 3576 ἐδικαίου
2825 3519 2859 3588 ἡ
2891 3514 3096 3587 πίστις,
3133 3514 3271 3574 ἀλλὰ
3305 3515 3508 3591 μᾶλλον
3534 3511 3626 3572 καὶ
3664 3513 3805 3590 μετὰ

2198 3607 2288 3667 τὸν
2316 3607 2502 3684 νόμον.

2289 3719 2320 3757 (ι
2348 3695 2586 3779 Χριστὸς
2627 3699 2773 3771 ἡμᾶς
2819 3693 3138 3774 ἐξηγόρασεν
3184 3694 3243 3752 ἐκ
3284 3696 3379 3764 τῆς
3418 3692 3659 3771 κατάρας
3707 3696 3810 3752 τοῦ

2200 3786 2394 3864 νόμου,
2459 3784 2737 3864 γενόμενος
2782 3783 2918 3866 ὑπὲρ
2966 3787 3119 3862 ἡμῶν
3176 3783 3408 3864 κατάρα.
3491 3783 3810 3862 Γέγραπται

2200 3876 2336 3957 γάρ’
2408 3875 2845 3955 Ἐπικατάρατος
2899 3881 3004 3942 πᾶς
3067 3877 3095 3932 6
3161 3875 3494 3952 κρεμάμενος
3572 3873 3658 3931 ἐπὶ
3718 3871 3810 3941 ξό-

2203 3968 2316 4028 λου.
2362 3987 2394 4024 »
2447 3961 2569 4026 Ἵνα
2609 3965 2684 4039 μή
2736 3988 2814 4030 τις
2867 3963 3116 4044 ἀντείπῃ,
3176 3962 3381 4042 λέγων,
3435 3961 3515 4022 ὅτι
3577 3961 3813 4034 Ἀληθῶς

2205 4054 2302 4132 μὲν
2349 4057 2377 4113 6
2410 4052 2486 4132 μὴ
2531 4059 2696 4113 ποιῶν
2746 4053 2835 4112 τὸν
2887 4053 3046 4130 νόμον
3106 4051 3533 4132 ἐπικατάρατος,
3577 4051 3666 4109 καὶ
3727 4050 3813 4110 ὅτι

2207 4145 2456 4217 ἡπίστις
2508 4147 2730 4203 δικαιοῖο
2785 4143 2944 4203 πόθεν
3004 4143 3060 4202 δὲ
3119 4145 3310 4218 δῆλον,
3364 4140 3444 4200 ὅτι
3495 4147 3528 4216 ἡ
3591 4141 3808 4219 κατάρα

2204 4234 2382 4307 ἐκείνη
2436 4234 2729 4316 ἄνήρηταις
2787 4233 3117 4309 Δεδοίκαμεν
3184 4233 3284 4312 γὰρ
3343 4232 3535 4310 μήπως
3586 4233 3658 4297 ὣς
3704 4232 3812 4290 61:6

2204 4323 2294 4384 τὸν
2351 4324 2504 4404 ζυγὸν
2553 4329 2642 4404 ¹τοῦ
2699 4325 2862 4402 νόμου
2901 4322 3042 4392 ἅπαξ
3085 4322 3387 4402 γενόμενοι,
3440 4321 3542 4404 61:6
3585 4320 3683 4392 τὴν
3709 4344 3812 4378 κα-

2205 4414 2370 4494 τάραν
2425 4414 2504 4473 ἔτι
2548 4402 2693 4492 ὦμεν
2743 4413 2832 4473 καὶ
2875 4413 3057 4472 αὐτοίο
3107 4412 3368 4472 δείκνυσιν
3413 4401 3534 4484 οὖν,
3587 4409 3668 4468 ὅτι
3718 4411 3808 4468 λέ-

2205 4507 2358 4564 λυται
2382 4508 2417 4576 ἡ
2448 4505 2660 4582 κατάρα
2706 4503 2790 4563 διὰ
2843 4505 3095 4583 Χριστοῦ.
3145 4501 3280 4568 Δοὺς
3308 4501 3414 4583 γὰρ
3451 4500 3613 4577 τιμὴν
3648 4499 3702 4540 ⁷³
3747 4499 3811 4558 τὸ

2206 4595 2360 4662 αὐτὸς
2399 4593 2644 4672 γενέσθαι
2691 4592 2933 4672 κατάρα,
2992 4592 3309 4673 ἐξηγόρασεν
3349 4595 3493 4667 ἡμᾶς
3549 4589 3656 4648 ἀπὸ
3707 4593 3807 4661 τῆς

2205 4689 2295 4743 τοῦ
2341 4683 2504 4760 νόμου
2533 4681 2801 4765 κατάρας,
2828 4681 2893 4754 ἣν
2940 4683 3092 4748 αὐτὸς
3139 4679 3235 4756 μὲν
3271 4679 3510 4761 ἐξέφυγεν
3532 4724 3548 4753 ,
3587 4677 3680 4765 ἅεε
3717 4679 3806 4738 τὸν

2205 4775 2366 4852 νόμον
2421 4760 2744 4854 πληρώσας*
2799 4772 2952 4847 ἡμεῖς
2996 4771 3049 4829 δὲ
3082 4760 3372 4854 ὑπεύθυνοι
3403 4768 3574 4850 ταύτῃ
3633 4760 3804 4847 ἦμεν,

2210 4867 2285 4939 μή
2317 4862 2597 4941 δυνάμενοι
2634 4861 2847 4922 τελέσαι
2880 4861 3059 4920 αὐτόν·
3129 4851 3236 4920 οἷον
3276 4859 3339 4919 ἂν
3389 4859 3440 4919 εἴ
3465 4883 3586 4918 τινα
3635 4882 3806 4917 κατα-

2208 4953 2521 5012 δικασθέντα
2547 4955 2866 5030 ἀποθανεῖν,
2908 4949 3086 5030 ἕτερός
3138 4975 3217 5018 τις
3259 4949 3534 5017 ἀνεύθυνος
3580 4948 3806 5018 ἐξέλοιτο

2209 5049 2298 5102 τοῦ
2338 5043 2594 5115 θανάτου,
2637 5042 2882 5118 ἑλόμενος
2940 5040 3093 5106 αὐτὸς
3151 5046 3341 5106 θανεῖν⁴
3391 5038 3524 5118 ὑπὲρ
3575 5038 3804 5097 ἐκείνου.

2208 5132 2462 5201 Ἐδέξατο
2515 5124 2604 5191 οὖν
2652 5131 2892 5211 κατάραν
2949 5130 3044 5202 τὴν
3091 5129 3198 5188 ἀπὸ
3262 5133 3354 5190 τοῦ
3403 5131 3807 5208 κρεμασθῆναι,

2207 5222 2298 5282 καὶ
2325 5221 2480 5281 ἔλυσε
2526 5220 2764 5301 κατάραν
2806 5218 2903 5292 τὴν
2935 5220 3040 5278 ἀπὸ
3077 5225 3168 5278 τοῦ
3193 5218 3268 5295 μὴ
3319 5220 3559 5297 πληροῦν
3591 5215 3683 5275 τὸν
3724 5215 3811 5274 νό-

2209 5335 2308 5389 μον
2345 5312 2474 5388 ἡμῖν
2504 5311 2839 5389 ἐπικειμένην
2859 5355 2875 5387 ,
2909 5308 3065 5375 αὐτὸς
3113 5307 3188 5386 μὴ
3220 5307 3561 5384 ὑποκείμενος
3608 5304 3805 5382 ταύτῃ.

2207 5401 2317 5463 Τόν
2376 5424 2434 5460 τε
2485 5402 2590 5482 γὰρ
2650 5399 2808 5478 νόμον
2863 5397 3172 5479 ἐπλήρωσε,
3234 5397 3324 5458 καὶ
3381 5393 3653 5478 ἁμαρτίαν
3705 5395 3804 5454 οὐκ

2211 5489 2484 5564 ἐποίησεν.

1890 5662 2078 5721 ναιοίξε
2121 5660 2431 5722 lectiones.

575 5747 621 5783 ’⁷³
649 5745 846 5803 obsim»
875 5763 929 5804 ο.
1005 5746 1052 5782 ⁷³
1074 5747 1200 5821 ἡμῖν
1235 5764 1291 5806 o.
