4134 6430
419 401 514 454 991

409 525 555 598 jecta

415 615 564 672 enim
594 629 720 671 cum
749 616 837 671 lex
867 616 963 682 sit,
997 614 1280 687 quomodo
1314 613 1536 670 irritum
1570 612 1728 670 faciet
1753 614 1905 686 prius
1931 621 2012 669 te-

414 708 796 760 stamentum?
822 707 905 761 Ne
933 703 1157 760 festines
1181 712 1364 760 autem
1386 712 1568 760 totum
1605 703 1922 776 exemplum
1948 703 2018 760 ad

415 795 728 851 institutum
771 794 1010 851 trahere.
1077 797 1221 850 Nam
1289 794 1358 850 ob
1389 809 1510 850 eam
1540 809 1658 850 rem
1705 794 1872 850 etiam
1900 794 2017 865 ipse

415 883 580 953 dixit,
629 907 655 932 α
715 882 1029 940 Secundum
1081 883 1369 939 hominem
1415 883 1666 956 loquor:
1715 901 1743 936 »
1779 883 1884 940 hoc
1911 891 2016 953 est,

413 977 736 1030 Humanum
775 972 1094 1046 exemplum
1135 971 1377 1044 profero.
1411 973 1594 1043 Quare
1622 971 1668 1029 si
1697 988 1813 1029 non
1842 973 2020 1046 possit

416 1061 621 1119 divinis
649 1061 950 1136 adaquari,
983 1079 1097 1120 non
1124 1063 1348 1119 mirum.

485 1236 666 1292 Vens.
715 1241 802 1291 19.
839 1258 864 1283 α
900 1233 1045 1304 Quid
1091 1233 1288 1305 igitur?
1317 1235 1427 1290 Lex
1455 1242 1680 1306 propter
1709 1240 2017 1305 transgres-

415 1324 603 1382 siones
628 1323 815 1380 addita
864 1328 980 1380 est?
1010 1343 1037 1375 »
1072 1324 1376 1394 Postquam
1425 1323 1588 1378 ﬁdem
1619 1322 1924 1390 extulisset,
1955 1337 2018 1377 ac

415 1413 533 1485 lege
575 1413 947 1486 antiquiorem
976 1428 1092 1470 esse
1122 1412 1475 1480 ostendisset,
1509 1411 1746 1485 obiectio
1771 1411 2025 1467 immine-

414 1503 532 1572 bat,
569 1505 742 1576 Cujus
785 1518 983 1576 nempe
1035 1503 1114 1560 rei
1150 1503 1318 1576 gratia
1361 1503 1448 1558 lex
1485 1502 1610 1559 data
1651 1502 1740 1568 sit,
1789 1502 1833 1558 si
1886 1501 2020 1557 ﬁdes

416 1592 695 1666 antiquior
745 1603 883 1661 erat,
941 1601 996 1650 et
1031 1593 1442 1650 benedictiones
1475 1592 1682 1650 dabat?
1721 1592 1820 1648 Ait
1853 1591 2021 1664 igitur

414 1682 564 1738 haud
592 1691 798 1739 temere
823 1698 938 1739 esse
960 1683 1148 1752 latam,
1168 1682 1263 1739 sed
1293 1682 1792 1755 transgressionum
1817 1681 2013 1754 gratia,

416 1781 478 1829 ut
513 1788 615 1844 pro
653 1771 808 1828 freno
837 1774 910 1828 sit
935 1773 1162 1841 Judwis,
1191 1772 1486 1845 prohibens
1513 1789 1581 1828 ne
1605 1772 1787 1844 aliqua
1816 1769 2014 1827 saltem

1440 395 1955 454 THEOPHYLACTI
1992 393 2350 451 BULGARIE
2390 392 2707 450 ARCHIEP.

615 543 629 580 :
680 538 872 582 verum
902 523 956 582 id
989 539 1104 581 non
1140 523 1309 580 habet
1359 523 1629 580 rationem
1678 544 1691 580 :
1745 523 2018 596 posterior

2135 519 2403 602 Ἀϐραὰμ,
2475 517 2666 600 ἄκυρός
2720 519 2830 578 ἐστι
2877 515 2969 576 καὶ
3023 517 3375 590 ἐκϐέϐληται.
3429 516 3570 578 Ἀλλ’
3628 519 3724 578 οὐκ

3616 395 3722 449 992

2126 609 2191 670 ἂν
2220 610 2349 691 ⁴ἔχοι
2399 613 2558 670 τοῦτο
2601 609 2786 688 λόγον·
2818 608 3271 689 ματαγενέστερος
3301 607 3406 688 γὰρ
3458 607 3532 666 ὢν
3578 612 3607 668 6
3636 607 3726 669 νό-

2126 725 2252 779 μος,
2307 702 2421 766 πῶς
2483 699 2753 781 ἀκυρώσει
2817 699 2914 770 τὴν
2971 699 3234 780 προτέραν
3292 696 3576 773 διαθήκην;
3628 701 3724 769 Μὴ

2125 791 2321 850 σπεῦδε
2349 788 2403 849 δὲ
2434 797 2541 849 πᾶν
2598 789 2660 849 τὸ
2703 787 3000 868 ὑπόδειγμα
3031 792 3104 856 εἰς
3141 787 3202 868 τὸ
3242 787 3588 868 προκείμενον
3634 789 3724 847 ἑλ-

2124 887 2304 942 κῦσαι.
2341 879 2445 940 Διὰ
2475 883 2628 938 τοῦτο
2657 877 2760 959 γὰρ
2797 867 2905 938 καὶ
2940 878 3093 944 αὐτὸς
3143 867 3299 936 εἶπεέ
3349 905 3374 929 ι
3421 877 3577 938 Κατὰ
3625 875 3727 935 ἄν-

2125 975 2330 1051 θρωπον
2381 967 2560 1048 λέγω·
2613 990 2643 1027 n
2701 968 3000 1041 τουτέστιν,
3035 966 3384 1048 ’Λνθρώπινον
3431 967 3728 1046 ὑπόδειγμα

2124 1059 2374 1141 παράγω.
2425 1056 2602 1118 Ὥστε
2653 1061 2698 1118 εἰ
2740 1059 2817 1137 μὴ
2849 1060 3044 1138 δυνηθῇ
3097 1056 3224 1139 πρὸς
3265 1057 3334 1118 τὰ
3391 1062 3505 1118 θεῖα
3539 1058 3725 1127 ἐξισω-

2124 1153 2312 1224 θῆναι,
2331 1150 2476 1210 οὐδὲν
2502 1147 2702 1211 καινόν.

2213 1260 2244 1298 σ
2266 1238 2340 1300 Τί
2359 1228 2487 1314 οὐν;
2519 1237 2587 1299 Ὀ
2610 1238 2795 1317 νόμος,
2824 1239 2929 1296 τῶν
2956 1236 3316 1318 παραϐάσεσιν
3355 1237 3513 1319 χάριν
3556 1260 3728 1318 προσ-

2126 1329 2310 1403 ετέθη;
2344 1350 2376 1387 n
2417 1327 2644 1402 Ἐπειδὴ
2701 1327 2800 1400 τὴν
2851 1327 3031 1387 πίστιν
3081 1329 3279 1407 ἐπῆρε,
3341 1327 3436 1388 καὶ
3495 1329 3730 1408 πρεσϐυ⁴

2125 1419 2282 1498 τέραν
2363 1417 2588 1491 ἔδειξεν,
2658 1416 2952 1476 ἀνέκοπτεν
3037 1417 3337 1486 ἀντίθεσις·
3400 1416 3558 1498 Τίνος
3643 1409 3733 1476 οὖν

2126 1497 2301 1568 ἕνεκεν
2332 1509 2362 1566 6
2390 1507 2547 1585 νόμος
2576 1507 2727 1581 ἐδόθη
2745 1555 2761 1582 ,
2797 1509 2844 1566 εἰ
2875 1510 2906 1578 ἡ
2931 1506 3112 1574 πίστις
3139 1506 3476 1587 πρεσϐυτέρα
3502 1497 3568 1579 ῆν
3587 1553 3603 1581 ,
3636 1506 3730 1565 καὶ

2125 1596 2219 1665 τὰς
2244 1596 2482 1675 εὐλογίας
2513 1596 2647 1671 αὕτη
2674 1595 2874 1670 ἐδίδου;
2915 1595 3068 1668 Φησὶ
3108 1597 3312 1670 τοίνυν,
3344 1596 3428 1656 ὅτι
3453 1597 3548 1656 οὐκ
3579 1600 3730 1672 εικῆ,

2125 1686 2266 1746 ἀλλὰ
2298 1689 2404 1745 τῶν
2459 1685 2820 1768 παραϐάσεων
2855 1685 3040 1767 χάριν,
3073 1684 3164 1744 ἵνα
3198 1685 3316 1745 ἀντὶ
3369 1689 3588 1766 χαλινοῦ
3645 1687 3729 1756 εἰη

2125 1780 2232 1846 τοῖς
2267 1776 2571 1848 Ἰουδαίοις,
2621 1774 2842 1835 κωλύων
2889 1774 3241 1858 παραϐαίνειν
3283 1774 3428 1843 τινὰς
3469 1780 3593 1854 γοῦν
3622 1780 3729 1834 τῶν

415 1861 676 1918 mandata
699 1862 988 1932 violentur,
1015 1863 1141 1919 licet
1169 1879 1283 1918 non
1320 1864 1526 1920 omnia.
1556 1863 1701 1920 Scite
1729 1869 1916 1918 autem
1945 1861 2012 1916 il-

2127 1868 2375 1941 ἐντολῶν,
2415 1866 2568 1944 εἰμὴ
2605 1868 2694 1924 καὶ
2741 1865 2939 1932 πάσας.
3000 1867 3195 1933 Καλῶς
3247 1863 3430 1937 δὲτὸ,
3485 1885 3516 1923 α
3547 1867 3727 1945 Προσ-

415 1953 526 2023 lud,
554 1975 578 2001 α
609 1953 810 2010 Addita
843 1962 924 2009 est
952 1971 966 2009 :
998 1977 1023 2003 »
1049 1961 1109 2009 ut
1133 1954 1335 2010 indicet
1372 1954 1551 2026 legem
1579 1968 1691 2009 non
1721 1967 1838 2008 esse
1863 1966 2010 2024 prae-

414 2042 572 2115 cipue
599 2058 665 2098 ac
689 2044 869 2115 primo
890 2043 1124 2100 consilio
1155 2043 1360 2110 datam,
1384 2041 1853 2114 quemadmodum
1887 2055 2012 2113 pro-

415 2133 703 2190 missiones
731 2157 745 2202 ;
787 2134 880 2191 sed
908 2133 1074 2206 345
1120 2133 1282 2190 veluti
1311 2134 1490 2190 obiter
1516 2133 1754 2190 additam
1777 2132 1847 2188 ob
1871 2131 2013 2188 mul-

409 2231 495 2280 tas
523 2224 999 2296 transgressiones,
1036 2232 1100 2280 ut
1125 2223 1337 2296 aliquot
1370 2224 1562 2280 saltem
1593 2223 1892 2280 cohiberet.

491 2335 518 2362 α
564 2316 758 2369 Donec
806 2313 1018 2369 veniret
1047 2328 1238 2370 semen
1280 2313 1366 2370 cui
1418 2313 1765 2386 promiserat.
1826 2336 1850 2361 υ
1885 2313 2012 2366 Non

415 2411 608 2460 tamen
652 2403 720 2460 ad
749 2403 1024 2460 inﬁnitum
1067 2419 1238 2476 usque
1261 2411 1479 2477 tempus
1506 2403 1629 2460 data
1663 2411 1745 2459 est
1771 2403 1880 2469 lex,
1914 2417 2011 2456 ve-

413 2493 786 2565 rumitandiu,
828 2492 1006 2550 donec
1035 2492 1284 2550 Christus
1313 2495 1540 2562 venerit,
1568 2496 1657 2550 cui
1679 2493 2011 2566 promissum

413 2591 496 2639 est
524 2591 585 2640 ut
606 2583 662 2640 in
690 2599 755 2640 eo
784 2582 1170 2640 benedicantur
1196 2591 1404 2656 gentes.
1436 2585 1488 2640 Si
1520 2583 1686 2655 igitur
1713 2581 1782 2638 ad
1812 2579 2014 2639 Christi

413 2687 591 2745 usque
613 2672 909 2730 adventum
923 2671 1047 2730 data
1067 2680 1172 2742 est,
1185 2672 1320 2745 quid
1332 2673 1558 2730 ulterius
1573 2687 1696 2729 eam
1720 2669 1976 2744 producis
1993 2672 2016 2724 ?

493 2876 518 2901 ιι
560 2853 827 2910 Ordinata
882 2871 980 2926 per
1023 2856 1248 2928 angelos
1297 2855 1357 2909 in
1387 2870 1554 2910 manu
1597 2853 1933 2910 mediatoris.
1990 2875 2014 2901 τι

419 2945 559 2998 Lata
594 2951 700 3012 est,
730 2944 928 3014 inquit,
962 2943 1046 2999 lex
1078 2960 1172 3016 per
1207 2943 1562 3000 intermedios
1585 2944 1808 3015 angelos
1847 2941 2020 2998 admi-

415 3033 664 3098 nistrata,
695 3034 776 3089 vel
801 3033 1132 3101 sacerdotes,
1158 3034 1246 3090 vel
1286 3049 1475 3090 revera
1503 3034 1743 3105 angelos.
1777 3035 1846 3088 Et
1872 3031 2021 3088 enim

419 3122 490 3178 ad
520 3122 688 3180 tubas
733 3123 854 3180 illas
894 3132 950 3180 et
991 3123 1230 3180 tonitrua
1256 3139 1320 3179 ac
1344 3123 1806 3188 terriculamenta,
1837 3122 2020 3194 angeli

415 3212 727 3268 administri
758 3221 936 3270 erant.
990 3234 1017 3264 «
1065 3216 1129 3268 In
1175 3229 1342 3270 manu
1368 3213 1707 3282 mediatoris,
1750 3237 1776 3263 ι
1811 3213 1866 3270 id
1909 3221 2014 3283 est,

418 3302 616 3358 Christi
646 3319 660 3358 :
684 3301 930 3359 indicans
946 3302 1082 3360 adeo
1099 3303 1249 3376 quod
1266 3311 1324 3360 et
1341 3304 1516 3376 legem
1540 3303 1724 3358 tulerit
1750 3303 2018 3374 Christus,

417 3399 481 3447 ut
521 3393 592 3448 ita
625 3393 680 3448 in
708 3391 932 3450 arbitrio
973 3393 1090 3466 ejus
1125 3393 1196 3450 sit
1228 3408 1354 3449 eam
1400 3409 1587 3451 rursus
1625 3392 1828 3450 tollere.

487 3566 665 3620 Vnus.
697 3569 786 3621 20.
823 3587 846 3614 ι
878 3563 1148 3622 Mediator
1181 3572 1368 3622 autem
1399 3565 1563 3622 unius
1592 3581 1704 3622 non
1733 3575 1836 3638 est,
1867 3569 2020 3624 Deus

415 3662 602 3710 autem
629 3669 770 3710 unus
799 3662 900 3711 est.
935 3679 958 3704 ι»
1000 3655 1246 3712 Christus
1269 3655 1452 3728 itaque
1474 3655 1711 3712 duorum
1748 3656 2020 3712 mediator

412 3752 517 3813 est,
568 3743 672 3800 Dei
701 3743 948 3800 videlicet
976 3761 1041 3802 ac
1080 3745 1393 3802 hominum.
1427 3745 1792 3802 Mediatorem
1833 3755 2018 3802 autem

415 3834 528 3906 egit
563 3834 707 3889 inter
732 3842 1012 3907 utrosque,
1044 3850 1233 3906 pacem
1256 3834 1526 3903 faciendo,
1558 3851 1621 3891 ac
1652 3836 1856 3891 bellum
1886 3835 2018 3891 diri-

417 3922 624 3980 mendo
661 3922 807 3997 quod
844 3923 1094 3980 homines
1134 3941 1262 3980 cum
1315 3927 1434 3981 Deo
1463 3933 1766 3997 gesserunt.
1801 3927 1880 3981 Ex
1911 3941 2018 3998 quo

417 4013 566 4069 enim
587 4011 798 4085 sibiipsi
827 4014 999 4070 univit
1030 4014 1328 4069 humanam
1371 4023 1649 4079 naturam,
1684 4031 1747 4070 ex
1781 4029 1846 4070 eo
1880 4023 2018 4070 tem-

417 4117 551 4174 pore
566 4117 759 4174 pacem
778 4101 926 4170 fecit,
955 4119 1175 4158 carnem
1195 4103 1268 4158 ob
1291 4111 1510 4174 peccata
1524 4103 1807 4159 inimicam
1823 4103 2020 4160 divinae

416 4200 627 4246 natura:
645 4191 958 4246 mirandum
989 4191 1060 4247 ad
1079 4191 1310 4247 modum
1341 4192 1723 4249 commiscens.
1748 4194 2020 4263 Quocirca

417 4280 545 4352 quia
577 4279 846 4336 mediator
877 4289 932 4335 et
957 4279 1342 4337 reconciliator
1389 4281 1505 4353 ipse
1528 4290 1638 4351 est,
1659 4283 2017 4356 'perspicuum

420 4377 505 4424 est
532 4367 684 4440 quod
716 4369 829 4439 ipse
859 4377 1056 4435 servet,
1084 4378 1140 4426 et
1165 4386 1276 4426 non
1305 4370 1410 4427 lex.

491 4459 661 4513 Vens.
715 4463 804 4513 21.
864 4480 890 4507 α
951 4459 1064 4514 Lex
1119 4475 1248 4532 ergo
1290 4459 1550 4517 adversus
1577 4462 1845 4533 promissa
1874 4462 2020 4518 Dei?

2118 1954 2302 2028 ετέθη’
2336 1976 2366 2013 D
2399 1953 2490 2014 ἵνα
2539 1954 2681 2035 δείξῃ
2729 1955 2818 2013 τὸν
2867 1953 3028 2032 νόμον
3060 1953 3137 2032 μὴ
3193 1953 3605 2035 προηγουμένως
3637 1956 3724 2014 δο-

2118 2045 2310 2124 θέντα,
2343 2043 2525 2126 ὥσπερ
2556 2047 2611 2104 αἱ
2652 2034 3002 2123 ἔπαγγελίαι,
3051 2043 3171 2103 ἀλλ’
3218 2034 3324 2104 οἶον
3358 2042 3730 2124 παρατεθέντα

2119 2134 2207 2196 διὰ
2238 2133 2334 2204 τὰς
2374 2134 2576 2204 πολλὰς
2631 2133 3006 2216 παραϐάσεις,
3045 2131 3136 2193 ἵνα
3169 2132 3270 2193 κᾶν
3306 2134 3488 2212 ὀλίγας
3519 2133 3726 2215 κωλύῃ.

2208 2301 2444 2388 «Ἄχρις
2499 2295 2558 2364 οὐ
2621 2295 2748 2378 ἦλθε
2805 2303 2868 2365 τὸ
2929 2303 3145 2386 σπέρμα
3193 2295 3237 2385 ᾧ
3293 2303 3647 2382 ἐπήγγελται.
3693 2329 3724 2362 ιι

2121 2395 2262 2456 Ἀλλ’
2291 2394 2435 2476 ὅμως
2491 2396 2587 2455 οὐκ
2639 2397 2712 2462 εἰς
2759 2394 3060 2476 ἀπέραντον
3105 2393 3258 2467 ἐδόθη
3312 2398 3340 2453 6
3387 2393 3576 2472 νόμος,
3609 2396 3733 2454 ἀλλ’

2122 2485 2275 2565 ἄχρις
2304 2475 2362 2544 οὗ
2391 2484 2518 2562 ἔλθῃ
2574 2487 2602 2542 6
2633 2475 2898 2566 Χριστὸς,
2949 2475 2994 2565 ᾧ
3043 2483 3372 2562 ἐπήγγελται
3407 2483 3469 2542 τὸ
3500 2485 3732 2563 εὐλογεῖ-

2125 2579 2246 2633 σθαι
2293 2575 2347 2632 ἐν
2415 2575 2558 2654 αὐτῷ
2616 2573 2683 2634 τὰ
2733 2573 2876 2645 ἔθνη.
2938 2573 3008 2632 Εἰ
3061 2577 3234 2632 τοίνυν
3293 2571 3454 2654 μέχρι
3506 2577 3599 2645 τῆς
3640 2578 3732 2633 τοῦ

2123 2666 2362 2744 Χριστοῦ
2428 2663 2724 2746 παρουσίας
2783 2661 3024 2737 δέδοται,
3083 2663 3136 2722 τί
3206 2663 3506 2744 περαιτέρω
3561 2659 3733 2731 ἕλκεις

2127 2753 2284 2812 αὐτόν
2303 2779 2319 2828 ;

2215 2869 2242 2896 α
2275 2841 2561 2922 Διαταγεὶς
2591 2840 2656 2901 δι’
2701 2841 2944 2923 ἀγγέλων
2971 2845 3023 2903 ἐν
3061 2841 3204 2923 χειρὶ
3237 2842 3477 2921 μεσίτου.
3514 2869 3542 2896 ν
3579 2841 3737 2904 Ἐδό-

2130 2937 2222 3006 θη,
2269 2931 2457 3013 φησὶν,
2511 2935 2540 2989 6
2590 2931 2780 3010 νόμος,
2843 2932 3172 3005 διακονηθεὶς
3229 2931 3318 2993 διὰ
3370 2931 3547 3009 μέσων
3580 2930 3738 3010 ἀγγέ-

2129 3025 2268 3096 λων,
2308 3020 2344 3094 ἢ
2374 3024 2480 3081 τῶν
2506 3021 2724 3102 ἱερέων,
2775 3019 2810 3094 ἢ
2841 3019 3004 3089 ὅντως
3045 3023 3307 3102 ἀγγέλων.
3360 3023 3470 3081 Καὶ
3501 3021 3608 3101 γὰρ
3638 3019 3733 3081 καὶ

2131 3111 2262 3193 πρὸς
2289 3109 2384 3179 τὰς
2413 3111 2712 3191 σάλπιγγας
2739 3111 2974 3185 ἐκείνας,
3003 3112 3095 3171 καὶ
3124 3109 3217 3179 τὰς
3257 3109 3479 3192 βροντὰς
3501 3156 3517 3186 ,
3546 3109 3639 3170 καὶ
3667 3108 3736 3170 τᾶ

2126 3200 2422 3281 δείγματα,
2451 3201 2666 3280 ἄγγελοι
2717 3200 3011 3272 διηκόνουν.
3069 3229 3096 3254 ι
3132 3200 3226 3262 Ἐν
3258 3201 3397 3282 χειρὶ
3429 3199 3672 3278 μεσίτου,
3706 3226 3730 3255 ι

2125 3291 2398 3366 τουτέστι,
2432 3294 2688 3372 Χριστοῦ.
2733 3290 2981 3352 Δείκνυσι
3029 3290 3133 3371 γὰρ
3168 3291 3249 3349 ὅτι
3289 3290 3384 3351 καὶ
3433 3289 3524 3350 τὸν
3570 3290 3728 3366 νόμον

2125 3383 2154 3440 6
2223 3380 2454 3462 Χριστὸς
2527 3381 2780 3440 δέδωκεν·
2835 3377 2973 3440 ὥστε
3024 3381 3116 3440 καὶ
3159 3385 3251 3440 τοῦ
3300 3382 3504 3440 ἀνελεῖν
3567 3382 3725 3440 αὐτὸν

2127 3470 2279 3540 αὐτός
2304 3473 2416 3530 ἐστι
2438 3469 2634 3552 κύριος.

2215 3582 2245 3621 α
2273 3559 2344 3622 Ὀ
2402 3561 2459 3620 δὲ
2503 3547 2762 3638 μεσίτης,
2803 3558 2913 3627 ἑνὸς
2963 3561 3059 3620 οὐκ
3107 3557 3284 3619 ἔστιν·
3329 3563 3358 3620 6
3398 3557 3451 3618 δὲ
3477 3557 3615 3626 Θεὸς
3657 3547 3735 3627 εἶς

2124 3653 2288 3712 ἐστιν.
2331 3670 2362 3709 n
2396 3649 2575 3710 εὭστε
2596 3650 2687 3709 καὶ
2715 3653 2743 3709 6
2769 3649 3002 3728 Χριστὸς
3031 3647 3124 3708 δύο
3152 3653 3308 3708 τινῶν
3335 3650 3449 3708 ἐστι
3479 3651 3735 3726 μεσίτης,

2124 3741 2268 3799 Θεοῦ
2343 3739 2547 3812 δηλαδὴ
2639 3740 2731 3800 καὶ
2809 3738 3122 3819 ἀνθρώπων.
3191 3737 3542 3817 Ἐμεσίτευσε
3629 3739 3736 3818 γὰρ

2124 3827 2470 3912 ἀμφοτέροις,
2515 3829 2727 3910 εἰρήνην
2786 3827 3040 3902 ποιήσας,
3083 3826 3176 3886 καὶ
3233 3826 3322 3887 τὸν
3368 3829 3603 3912 πόλεμον
3633 3827 3734 3886 λύ-

2124 3909 2256 3992 σας,
2285 3917 2339 3986 ὃς
2370 3910 2435 3991 ἧν
2486 3909 2592 3986 τοῖς
2647 3917 2940 3998 ἀνθρώποις
2973 3917 3104 4000 πρὸς
3161 3916 3326 3980 Θεόν.
3381 3916 3495 3998 Ἀφ’
3537 3909 3596 3977 οὐ
3630 3917 3736 4000 γὰρ

2123 4006 2327 4077 ἥνωσεν
2385 4009 2558 4088 ἑαυτῷ
2608 4006 2704 4080 τὴν
2763 4006 3098 4086 ἀνθρωπίνην
3154 4005 3347 4083 φύσιν,
3391 4006 3575 4067 ἔκτοτε
3632 4007 3734 4080 τὴν

2126 4097 2343 4178 εἰρήνην
2398 4096 2649 4170 ἐποίησε,
2814 4098 2928 4178 θεία
2957 4096 3111 4179 φύσει
3155 4095 3252 4169 τὴν
3293 4098 3488 4177 ἐχθρὰν
3534 4095 3621 4156 διὰ
3642 4100 3738 4168 τῆς

2127 4185 2396 4268 ἁμαρτίας
2484 4185 2659 4268 σάρκα
2731 4185 3044 4267 παραδόξως
3115 4186 3475 4266 ἅνακεράσας.
3552 4182 3733 4246 Ὥστε

2125 4275 2241 4336 ἐπεὶ
2299 4275 2520 4354 μεσίτης
2575 4275 2664 4336 καὶ
2709 4276 3036 4350 διαλλακτὴς
3083 4276 3243 4346 αὐτός
3290 4277 3472 4356 ἐστιν,
3509 4275 3730 4349 εὔδηλον

2126 4369 2195 4434 ὥς
2221 4366 2372 4434 αὐτὸς
2401 4366 2592 4440 σώζει,
2610 4363 2702 4424 καὶ
2735 4367 2836 4446 οὐχ
2858 4368 2886 4424 6
2908 4366 3090 4439 νόμος.

2219 4478 2247 4516 α
2286 4455 2354 4517 Ὁ
2395 4446 2484 4517 οὐν
2533 4456 2687 4534 νόμος
2733 4455 2873 4514 κατὰ
2903 4461 3008 4516 τῶν
3061 4457 3395 4536 ἐπαγγελιῶν
3427 4461 3516 4516 τοῦ
3547 4456 3727 4530 Θεοῦ;

419 4545 609 4603 Absit!
644 4570 669 4595 »
697 4547 750 4603 Si
783 4528 1649 4620 promissiones‘benedictionem
1679 4551 1905 4621 dabant,
1936 4552 2019 4608 lex

2132 4545 2229 4618 Μὴ
2260 4545 2484 4627 γένοιτο.
2514 4568 2544 4604 )›
2594 4528 2665 4607 Εἰ
2698 4547 2752 4604 αἱ
2786 4543 2882 4624 μὲν
2915 4528 3229 4626 ἐπαγγελίαι
3276 4545 3534 4626 ηὐλόγουν
3555 4592 3574 4624 ,
3614 4548 3643 4604 6
3673 4528 3731 4605 δὲ

417 4646 609 4694 autem
656 4637 1098 4696 maledictionem
1153 4639 1476 4710 introducit,
1519 4643 1869 4715 perspicuum
1937 4652 2020 4700 est

417 4727 566 4799 quod
609 4728 654 4782 si
683 4729 1058 4800 receperimus
1105 4729 1282 4802 ipsam
1333 4738 1601 4809 tanquam
1643 4732 2026 4789 auctoritatem

420 4815 744 4886 habentem,
791 4819 940 4874 tollit
986 4818 1382 4891 promissiones
1436 4821 1537 4877 Dei
1585 4820 2028 4880 benedictionem

425 4906 644 4962 dantes.
684 4907 793 4964 Sed
817 4908 995 4964 absitl
1033 4909 1178 4964 Audi
1207 4918 1392 4967 autem
1423 4927 1547 4984 qua:
1577 4922 1902 4984 sequuntur.

501 5019 528 5045 ι
581 4997 635 5052 Si
679 4997 826 5052 enim
859 4996 988 5052 data
1041 5007 1188 5054 esset
1229 4999 1312 5055 lex
1361 5016 1487 5072 quae
1523 5003 1695 5074 possit
1737 5001 2028 5072 viviﬁcare,

421 5101 546 5141 vere
568 5102 632 5142 ex
653 5087 768 5158 lege
799 5095 941 5142 esset
949 5087 1186 5160 justitia.
1229 5112 1255 5138 ιο
1287 5093 1422 5158 Lex,
1442 5091 1641 5163 inquit,
1682 5099 1813 5147 tunc
1843 5091 2032 5149 fortior

421 5184 564 5231 esset
607 5175 738 5243 ﬁde,
770 5185 825 5232 et
859 5176 1206 5234 benediceret
1237 5189 1293 5235 et
1333 5180 1665 5253 justiﬁcaret
1726 5180 2028 5250 hominem,

420 5265 465 5321 si
513 5265 786 5322 viviﬁcare
828 5267 1096 5338 potuisset
1119 5283 1182 5324 ac
1228 5285 1466 5327 servare.
1499 5273 1624 5326 Jam
1668 5287 1801 5328 vero
1831 5271 2033 5328 occidit

423 5355 628 5426 potius,
659 5364 926 5428 quatenus
954 5374 1067 5414 non
1088 5367 1269 5431 potest
1293 5375 1322 5414 a
1354 5360 1593 5433 peccatis
1611 5361 1858 5418 liberare.
1887 5365 2033 5434 Quo-

428 5444 601 5501 modo
630 5445 796 5518 igitur
823 5447 1211 5505 dominabitur
1235 5449 1291 5506 in
1320 5449 1509 5522 ﬁdem,
1539 5466 1666 5525 quae
1707 5461 1887 5525 potest
1907 5453 2032 5509 vivi-

2127 4637 2286 4713 νόμος
2314 4636 2555 4718 κατάραν
2580 4634 2784 4714 εἰσάγει
2830 4634 2881 4674 ⁷⁷
2901 4658 2916 4672 ο
2967 4635 3265 4716 πρόδηλον,
3296 4635 3379 4695 ὅτι
3425 4637 3516 4694 ἐὰν
3549 4659 3734 4716 παρα-

2138 4725 2407 4805 δεξώμεθα
2462 4725 2648 4801 αὐτὸν,
2699 4729 2770 4793 ὡς
2822 4723 2880 4783 τὸ
2911 4729 3068 4806 κῦρος
3117 4723 3314 4806 ἔχοντα
3362 4724 3438 4800 7⁸,
3475 4725 3591 4786 λύει
3641 4726 3738 4791 τὰς

2138 4816 2458 4896 ἐπαγγελίας
2509 4819 2603 4876 τοῦ
2649 4816 2829 4889 Θεοῦ,
2881 4813 2976 4883 τὰς
3013 4815 3110 4887 τὴν
3163 4814 3410 4894 εὐλογίαν
3467 4813 3735 4881 διδούσας.

2135 4904 2297 4966 Ἀλλὰ
2325 4904 2401 4984 μὴ
2429 4905 2654 4984 γένοιτο.
2681 4903 2872 4966 Ἄκουε
2895 4904 2950 4963 δὲ
2977 4903 3190 4964 καὶτῶν
3219 4903 3357 4977 ἑξῆς.

2221 5023 2246 5050 α
2280 4999 2350 5057 Εἰ
2381 4995 2483 5076 γὰρ
2505 4994 2656 5067 ἐδόθη
2686 4993 2846 5076 νόμος
2872 4997 2901 5054 6
2943 4993 3230 5072 δυνάμενος
3260 4997 3625 5072 ζωοποιῆσαι,
3655 4994 3739 5053 ὄνο

2137 5110 2240 5154 τως
2268 5085 2333 5145 ἂν
2360 5089 2419 5146 ἐκ
2453 5075 2542 5146 τοῦ
2585 5084 2747 5162 νόμου
2775 5075 2841 5157 ἧν
2877 5086 2912 5156 ἡ
2952 5083 3283 5156 δικαιοσύνη.
3333 5105 3364 5143 υ
3409 5083 3586 5156 Τότε,
3643 5108 3743 5164 φη-

2141 5176 2224 5236 σὶν
2245 5221 2262 5250 ,
2297 5179 2326 5235 6
2356 5174 2515 5253 νόμος
2557 5173 2995 5255 ἐπικρατέστερος
3033 5173 3095 5232 ἂν
3135 5164 3200 5246 ἧν
3237 5177 3331 5248 τῆς
3359 5173 3619 5251 πίστεως,
3650 5172 3744 5232 καὶ

2142 5267 2384 5344 εὐλόγει,
2431 5263 2524 5324 καὶ
2557 5265 2788 5323 ἐδικαίου
2835 5263 2927 5323 τὸν
2979 5263 3286 5344 ἄνθρωπον,
3321 5266 3366 5324 εἰ
3417 5266 3742 5334 ζωοποιῆσαι

2139 5356 2370 5429 ἠδύνατο
2397 5356 2488 5415 καὶ
2526 5358 2714 5414 σῶσαι.
2756 5356 2869 5414 Νῦν
2901 5353 2956 5412 δὲ
2983 5355 3185 5430 μᾶλλον
3217 5353 3583 5425 ἀποκτιννύει,
3623 5351 3744 5412 καθ⁹

2140 5445 2169 5506 ὃ
2209 5447 2268 5505 οὐ
2300 5444 2523 5505 δύναται
2572 5445 2848 5526 ἁμαρτιῶν
2897 5445 3266 5525 ἐλευθερῶσαι.
3331 5447 3458 5512 Πῶς
3500 5433 3590 5504 οἶν
3630 5444 3742 5501 ἐπι-

1821 5624 2010 5684 Variae
2055 5626 2373 5704 lectiones...

498 5702 540 5735 ⁷⁷
584 5701 758 5774 ἐπάγει
795 5719 847 5761 o.
927 5703 970 5738 ⁷⁸
997 5704 1132 5776 ἔχειν
1165 5722 1220 5763 0.
