4134 6406
361 436 464 488 993

1284 433 1642 492 EXPOSITIO
1684 436 1750 492 ΙΝ
1789 436 2002 493 EPIST.
2042 437 2134 492 AD
2173 436 2418 494 GALAT.
2454 467 2524 479 —
2561 439 2713 496 CAP.
2754 441 2841 496 Ill.

3567 446 3672 502 994

359 555 618 637 κρατήσει
685 561 781 630 τῆς
856 556 1086 628 πίστεως
1159 563 1255 633 tn";
1332 561 1628 640 δυναμένης
1683 565 1958 632 ζωοποιεῖν

2077 561 2240 621 ﬁcare
2280 579 2380 637 per
2421 564 2713 639 baptisma,
2765 573 2820 624 et
2866 581 2977 639 qua
3026 565 3302 624 benedicit
3351 575 3409 626 et
3457 569 3671 642 justiﬁ-

358 648 450 707 διὰ
509 651 600 706 τοῦ
676 646 1077 728 βαπτίσματος,
1135 648 1229 709 καὶ
1285 651 1604 732 εὖλογούσης
1652 651 1746 713 καὶ
1788 654 1962 712 δικαι-

359 736 523 811 οὔσης
541 757 560 816 ;

449 854 474 881 σι
509 827 670 889 Ἀλλὰ
726 827 1061 891 συνέκλεισεν
1110 834 1144 902 ἡ
1196 831 1383 914 Γραφὴ
1443 831 1512 893 τὰ
1557 832 1736 893 πάντα
1758 833 1811 873 ⁷9
1859 834 1965 894 ὑπὸ

359 916 664 998 ἁμαρτίαν,
702 916 792 979 ἵνα
821 923 856 990 ἡ
907 921 1202 999 ἐπαγγελία
1245 923 1305 981 ἐκ
1355 921 1584 990 πίστεως
1611 922 1794 996 Ἰησοῦ
1825 926 1965 1003 Χρι-

359 1011 488 1065 στοῦ
520 1009 644 1088 δοθῇ
669 1014 779 1075 τοῖς
815 1009 1173 1072 πιστεύουσιν.
1228 1034 1260 1068 κ
1294 1010 1364 1073 Ὁ
1407 1010 1600 1091 νόμος,
1643 1013 1836 1092 φησὶν,
1868 1015 1965 1073 οὐκ

357 1094 541 1177 ἴσχυεν
567 1096 876 1168 ἀπαλλάξαι
930 1099 1242 1177 ἁμαρτιῶν,
1295 1098 1434 1160 ἀλλὰ
1486 1100 1618 1180 πρὸς
1653 1108 1808 1163 τοῦτο
1839 1126 1965 1162 συν·

359 1187 600 1265 ήργησε,
649 1187 780 1268 πρὸς
829 1188 888 1246 τὸ
952 1191 1260 1266 συγκλεῖσαι
1323 1189 1443 1258 τοὺς
1511 1191 1816 1273 ἀνθρώπους
1861 1192 1966 1253 ὑπὸ

359 1274 668 1354 ἁμαρτίαν·
735 1277 1017 1356 τουτέστι,
1070 1279 1235 1349 δεῖξαι
1285 1278 1473 1347 αὖτοὺς
1527 1281 1962 1362 ἁμαρτάνοντας,

358 1365 450 1422 καὶ
497 1368 798 1437 συνωθῆσαι
849 1363 938 1424 ἵνα
993 1370 1086 1439 τῆς
1119 1368 1356 1450 ἀφέσεως
1415 1369 1821 1451 ἐπιθυμήσωσι,
1869 1373 1962 1432 καὶ

359 1454 745 1536 προσδράμωσι
799 1458 877 1536 τῷ
906 1455 1106 1529 ταύτην
1159 1457 1433 1539 δυναμένῳ
1479 1470 1779 1541 παρασχεῖν
1831 1464 1963 1542 Χρι-

359 1547 471 1623 στῷ
499 1542 570 1605 ⁸⁰.
626 1542 851 1617 Ἐπειδὴ
881 1544 986 1627 γὰρ
1035 1550 1085 1606 οἱ
1134 1545 1417 1622 Ἰουδαῖοι,
1458 1547 1534 1625 μὴ
1589 1551 1960 1628 αἰσθανόμενοι

359 1635 465 1690 τῷν
533 1631 972 1714 ἁμαρτημάτων,
1021 1634 1141 1696 οὐδὲ
1196 1641 1294 1709 τ’ἤς
1347 1637 1582 1717 ἀφέσεως
1638 1641 1960 1718 ἐπεθύμουν·

361 1721 555 1782 δέδωκε
575 1721 662 1781 τὸν
693 1723 854 1800 νόμον
890 1725 1236 1803 συγκλείοντα
1262 1727 1448 1796 αὐτούς
1469 1749 1483 1764 ·
1519 1727 1551 1786 ὅ
1596 1732 1738 1804 ἐστι,
1765 1754 1955 1791 στενο-

2071 659 2191 711 cat?

2142 822 2319 878 Vens.
2354 826 2439 876 22.
2496 843 2522 870 ει
2574 820 2681 878 Sed
2717 820 2990 878 conclusit
3032 822 3316 894 Scriptura
3345 824 3531 880 omnia
3567 828 3672 884 sub

2072 919 2318 982 peccato,
2353 919 2414 966 ut
2453 910 2746 983 promissio
2785 926 2851 968 ex
2877 911 2986 967 ﬁde
3026 913 3157 969 Jesu
3200 913 3401 970 Christi
3438 913 3671 973 daretur

2068 999 2439 1058 credentibus.
2492 1023 2518 1048 ιι
2565 1003 2693 1057 Non
2739 1001 2934 1072 potuit,
2983 1001 3182 1072 inquit,
3228 1002 3314 1058 lex
3357 1019 3389 1059 a
3424 1005 3665 1075 peccatis

2071 1088 2323 1160 liberare,
2354 1105 2548 1146 verum
2574 1090 2644 1146 ad
2665 1089 2771 1146 hoc
2790 1099 3081 1162 cooperata
3104 1099 3209 1159 est,
3235 1100 3298 1148 ut
3316 1092 3671 1151 concluderet

2070 1177 2322 1236 homines
2368 1181 2472 1236 sub
2517 1189 2739 1252 peccato
2773 1197 2788 1236 :
2832 1179 2938 1236 hoc
2979 1188 3084 1248 est,
3122 1189 3186 1237 ut
3225 1182 3536 1240 ostenderet
3577 1199 3674 1242 eos

2071 1278 2402 1340 peccatores,
2436 1277 2492 1326 et
2536 1269 2888 1342 compelleret
2936 1278 2998 1326 ut
3045 1270 3425 1328 remissionem
3467 1289 3670 1330 concu-

2068 1358 2312 1430 piscant,
2361 1368 2419 1416 et
2444 1359 2764 1416 accederent
2799 1359 2870 1416 ad
2917 1375 3044 1415 eum
3084 1360 3176 1431 qui
3226 1359 3368 1416 hanc
3413 1371 3674 1433 praestare

2068 1450 2270 1520 possit,
2327 1448 2605 1506 Christum
2649 1448 2876 1506 scilicet.
2925 1452 3070 1506 Nam
3126 1465 3255 1507 cum
3302 1451 3502 1520 Judaei,
3557 1467 3672 1509 non

2068 1539 2368 1596 sentientes
2397 1548 2619 1612 peccata
2665 1554 2784 1608 sua,
2819 1538 3203 1596 remissionem
3249 1556 3363 1596 non
3390 1539 3672 1598 desidera-

2067 1636 2210 1698 rent,
2254 1628 2410 1685 dedit
2449 1629 2625 1702 legem
2662 1629 3083 1686 concludentem
3115 1644 3238 1697 eos,
3286 1629 3343 1686 id
3371 1639 3484 1699 est,
3511 1647 3672 1687 coar-

2066 1727 2328 1787 ctautem,
2348 1719 2926 1791 constringentemque
2953 1734 3046 1790 per
3065 1718 3488 1790 increpationes,
3516 1735 3675 1776 mon-

360 1816 638 1892 χωροῦντα
694 1813 786 1872 καλ⁸
834 1813 1070 1894 ἄγχοντα
1099 1823 1207 1884 τοῖς
1245 1815 1517 1896 ἐλέγχοις,
1549 1817 1642 1877 καὶ
1683 1820 1959 1881 δεικνύντα

2067 1815 2448 1881 strantemque
2478 1816 2811 1880 peccatores,
2851 1823 2916 1863 ac
2945 1807 3372 1879 compellentem
3396 1809 3672 1881 inquirere

362 1900 710 1981 ἁμαρτωλοὺς
724 1947 742 1976 ,
798 1902 891 1962 καὶ
949 1910 1292 1964 συνωθοῦντα
1346 1907 1419 1973 εἲς
1473 1906 1534 1966 τὸ
1593 1911 1822 1981 ζητῆσαι
1873 1911 1961 1970 τὸν

361 1990 588 2070 τρόπον,
640 1991 707 2050 δι’
754 1982 814 2051 οὗ
870 1993 1092 2054 δυνατὸν
1139 1999 1594 2076 συγχωρηθῆναι·
1640 1999 1667 2055 6
1708 1999 1763 2058 δέ
1821 2001 1963 2058 ἐστιν

361 2083 395 2152 ἡ
428 2081 501 2147 εἰς
564 2081 796 2162 Χριστὸν
843 2082 1064 2158 πίστις,
1111 2083 1180 2143 δι’
1226 2076 1290 2157 ἧς
1339 2085 1695 2166 εὖλογούμεθα
1738 2087 1830 2149 καὶ
1889 2091 1965 2148 δι-

361 2170 653 2248 καιούμεθα
675 2171 752 2232 3‘.

440 2287 466 2351 ξι
500 2260 618 2340 Πρὸ
643 2267 732 2322 τοῦ
759 2260 816 2320 δὲ
845 2263 1014 2322 ἐλθεῖν
1061 2262 1156 2337 τὴν
1188 2263 1397 2340 πίστιν,
1432 2264 1536 2326 ὑπὸ
1577 2265 1740 2346 νόμον
1774 2269 1962 2351 ἐφρου-

363 2348 629 2430 ρούμεθα,
679 2353 1148 2429 συγκεκλεισμένοι
1197 2356 1269 2424 εἷς
1311 2353 1407 2428 τὴν
1458 2356 1637 2416 πίστιν
1682 2359 1778 2432 τὴν
1813 2348 1963 2436 ’μέλ-

361 2441 556 2499 λουσαν
591 2442 1055 2523 ἀποκαλυφθῆναι.
1092 2469 1120 2497 ιι
1169 2442 1242 2504 Ὀ
1284 2443 1472 2523 νόμος,
1526 2446 1716 2526 φησὶν,
1757 2448 1964 2522 πολλὴν

361 2530 653 2610 ἀσφάλειαν
709 2535 933 2613 παρεῖχε
982 2542 1090 2601 τοῖς
1132 2535 1223 2592 ὕπ’
1273 2533 1429 2595 αὐτὸν
1481 2526 1598 2595 οὖσι
1656 2537 1749 2597 καὶ
1795 2561 1961 2620 φρου-

364 2620 664 2709 ρουμένοις,
712 2622 820 2680 τῶν
885 2621 1141 2682 πλειόνων
1192 2623 1464 2702 ἀπείργων
1525 2626 1962 2709 ἁμαρτημάτων,

362 2699 454 2767 καὶ
484 2699 588 2770 οἶόν
617 2734 668 2768 τι
698 2717 873 2790 τεῖχος
903 2710 1004 2786 ὢν,
1039 2711 1132 2771 καὶ
1169 2699 1465 2793 συγκλε-ίων
1496 2699 1620 2782 rei);
1649 2699 1962 2796 ἀνθρώπους

362 2797 453 2888 καὶ
496 2799 809 2880 συναγαγὼν
861 2799 916 2839 ⁸³
965 2804 1038 2869 εἷς
1085 2802 1184 2874 τὴν
1235 2802 1439 2863 πίστιν.
1497 2807 1625 2873 Πῷς
1681 2803 1956 2888 Ἐλέγχων

360 2887 464 2969 γὰρ
509 2890 602 2958 τὰς
643 2889 909 2972 ἁμαρτίας
928 2891 1011 2965 ⁸³,
1084 2890 1175 2952 καὶ
1259 2891 1335 2970 μὴ
1408 2893 1696 2973 δυνάμενος
1756 2887 1958 2957 τούτων

361 2979 740 3066 ἐλευθερῶσαι,
779 2980 832 3050 ἐξ
880 2980 1118 3066 ἐνάγκης
1169 2981 1477 3042 ὓπεδείκνυε
1506 2985 1606 3058 τὴν
1644 2983 1824 3045 πίστιν
1876 2987 1958 3046 δι-

2071 1898 2345 1954 rationem
2367 1897 2537 1970 346
2562 1914 2658 1970 per
2681 1912 2847 1970 quam
2867 1897 3081 1968 possint
3107 1897 3264 1953 venia
3288 1896 3504 1954 donari.
3534 1900 3670 1955 Haec

2073 1997 2258 2044 autem
2290 1987 2429 2044 ratio
2471 1996 2580 2058 est,
2621 1988 2738 2059 ipsa
2769 1987 2826 2042 in
2855 1986 3137 2044 Christum
3165 1985 3335 2054 ﬁdes,
3366 2002 3462 2060 per
3502 2003 3668 2060 quam

2075 2075 2452 2134 benedicimur
2479 2085 2535 2133 et
2555 2075 2943 2149 justiﬁcamur.

2145 2269 2326 2324 Vens.
2359 2273 2449 2324 23.
2480 2288 2505 2317 α
2531 2266 2860 2339 Priusquam
2897 2273 3083 2322 autem
3122 2265 3333 2322 veniret
3360 2265 3529 2335 ﬁdes,
3565 2266 3670 2324 sub
3759 2273 3763 2276 ’

2068 2358 2187 2430 lege
2206 2355 2678 2424 custodieliamur,
2709 2355 2951 2414 conclusi
2979 2355 3033 2411 in
3063 2371 3184 2412 eam
3214 2371 3340 2428 qua:
3369 2357 3668 2415 revelanda

2071 2455 2209 2515 erat,
2236 2445 2426 2503 ﬁdem.
2458 2469 2484 2496 υ
2517 2449 2651 2513 Lex,
2685 2445 2886 2518 inquit,
2917 2460 3173 2518 magnam
3206 2445 3489 2517 praebebat
3516 2462 3669 2502 secu-

2071 2536 2296 2592 ritatem
2313 2535 2378 2592 iis
2399 2534 2491 2608 qui
2509 2535 2614 2591 sub
2633 2549 2695 2592 ea
2716 2542 2895 2603 erant,
2917 2549 2981 2591 ac
2995 2534 3063 2590 ab
3084 2534 3175 2589 illa
3195 2533 3667 2606 custodiebantur,

2069 2641 2100 2682 a
2130 2625 2377 2698 pluribus
2406 2625 2645 2696 peccatis
2672 2623 2954 2692 cohibens,
2979 2639 3042 2679 ac
3070 2623 3237 2679 veluti
3282 2639 3473 2680 murus
3514 2625 3670 2696 quis-

2071 2715 2216 2788 piam
2261 2715 2555 2781 exsistens,
2612 2713 2946 2770 concludens
2988 2711 3256 2782 homines,
3303 2714 3672 2786 colligensque

2071 2803 2142 2861 ad
2165 2805 2348 2862 ﬁdem.
2367 2805 2488 2874 Qua
2515 2804 2655 2860 istuc
2673 2803 2916 2859 ratione?
2940 2803 3078 2858 Cum
3103 2802 3249 2857 enim
3269 2811 3520 2875 argueret
3549 2820 3673 2874 pec-

2069 2902 2220 2964 cata,
2261 2910 2366 2951 nec
2411 2893 2578 2966 possit
2622 2892 2691 2949 ab
2720 2893 2802 2948 his
2837 2892 3099 2959 liberare,
3147 2892 3454 2948 necessario
3505 2892 3669 2948 ﬁdem

2067 2983 2390 3041 ostendebat
2399 2983 2816 3055 justiﬁcantem,
2836 2997 2964 3054 qua:
2986 2980 3209 3054 quidem
3232 2981 3368 3037 olim
3392 2981 3668 3038 occultata

358 3059 650 3154 καιοῧσαν,
709 3067 826 3143 ἥτις
895 3059 958 3142 ἦν
1031 3069 1127 3148 μὲν
1209 3071 1302 3130 καὶ
1357 3072 1532 3133 πάλαι
1588 3075 1964 3154 κρυπτομένη,

2067 3083 2204 3138 erat,
2235 3081 2423 3146 postea
2449 3082 2636 3130 autem
2664 3071 2902 3129 revelata
2925 3078 3030 3140 est,
3060 3070 3282 3143 quando
3310 3073 3464 3126 Deus
3495 3071 3673 3128 mani-

358 3153 576 3246 ύστερον
602 3156 658 3219 δὲ
691 3157 1074 3240 ἀπεκαλύφθη,
1119 3159 1206 3221 ὅτε
1265 3159 1357 3220 καὶ
1411 3166 1440 3222 6
1475 3153 1962 3246 Θεὸςίέφανερώθη

357 3245 413 3304 ἕν
442 3246 626 3325 σαρκί.

437 3363 463 3389 ιι
488 3335 657 3397 Ὥστε
701 3341 730 3399 6
780 3337 937 3416 νόμος
1007 3339 1350 3420 παιδαγωγὸς
1399 3342 1554 3417 ἡμῶν
1627 3341 1844 3422 γέγονεν
1891 3346 1964 3412 εἰς

355 3425 620 3515 Χριστὸν,
678 3425 765 3487 ἵνα
811 3427 872 3486 ἐκ
927 3425 1155 3498 πίστεως
1211 3430 1608 3507 δικαιωθῶμεν.
1660 3452 1693 3490 n
1744 3429 1962 3515 Ὥσπερ

351 3513 456 3596 γὰρ
512 3517 541 3574 6
587 3515 927 3597 παιδαγωγὸς
994 3517 1173 3592 πάσης
1228 3517 1420 3587 κακίας
1479 3519 1814 3580 ἀπαλλάττει
1866 3513 1958 3582 τὸν

351 3603 501 3678 νέον,
534 3604 626 3664 καὶ
663 3605 732 3664 τὰ
776 3604 1072 3684 μαθήματα
1115 3606 1266 3688 παρὰ
1299 3612 1387 3666 τοῦ
1445 3608 1769 3669 διδασκάλου
1803 3611 1962 3691 δέχε-

357 3698 479 3753 σθαι
522 3696 657 3772 μετὰ
723 3695 902 3769 πάσης
957 3695 1263 3774 ἐπιμελείας
1302 3695 1394 3756 καὶ
1458 3703 1729 3779 προσοχῆς
1780 3723 1960 3780 παρα-

355 3786 634 3854 σκευάζει·
678 3783 817 3844 οὕτω
862 3783 954 3844 καὶ
991 3787 1019 3843 6
1066 3787 1225 3863 νόμος
1287 3785 1482 3868 ἀρετήν
1543 3809 1601 3845 τε
1651 3787 1961 3870 σύμμετρον

356 3873 599 3933 ἐπαίδευε
630 3874 751 3942 τοὺς
795 3874 890 3934 ὕπ’
927 3873 1114 3950 αὐτὸν,
1169 3874 1426 3955 καὶπρὸς
1472 3874 1560 3935 τὸν
1601 3878 1868 3957 Χριστὸν,
1910 3879 1962 3949 ὅς

353 3963 493 4022 ἐστιν
541 3965 942 4038 δδιδάσκαλος,
998 3967 1212 4043 ἀπῆγε,
1280 3965 1368 4024 διὰ
1424 3970 1515 4026 τοῦ
1567 3965 1804 4048 ἐλέγχειν
1871 3969 1964 4028 καὶ

355 4053 728 4114 ἀποδεικνύναι
778 4053 847 4113 τὰ
902 4053 1272 4132 ἁμαρτήματα
1315 4056 1743 4136 προθυμοτέρους
1797 4061 1962 4119 ποιῷν

355 4145 430 4212 εἷς
459 4143 518 4202 τὸ
536 4147 765 4217 ζητῆσαι
793 4143 883 4204 τὸν
925 4142 1022 4216 τὴν
1048 4143 1233 4225 ἄφεσιν
1274 4144 1514 4225 διδόντα,
1567 4144 1660 4205 καὶ
1689 4148 1959 4209 δικαιοῦν-

356 4255 422 4290 τα
473 4234 534 4293 ἐκ
579 4233 831 4302 πίστεως.
894 4232 1346 4315 Αἷσχυνέσθωσαν
1407 4224 1496 4294 οὖν
1536 4237 1584 4294 οἱ
1649 4235 1740 4295 τὸν
1797 4237 1957 4318 νόμον

357 4321 758 4391 διαϐάλλοντες.
803 4321 946 4385 Οὔτε
996 4322 1100 4404 γὰρ
1157 4328 1186 4383 6
1228 4323 1570 4403 παιδαγωγὸς
1623 4326 1958 4388 ἐναντιοῦται

355 4412 433 4493 τῷ
454 4413 784 4495 διδασκάλῳ,
809 4411 929 4472 οὔτε
961 4417 989 4472 6
1017 4411 1175 4490 νόμος
1205 4417 1272 4494 τῇ
1305 4417 1480 4495 Καινῇ
1505 4413 1754 4484 ἐναντίος.

437 4527 463 4555 α
504 4501 801 4575 Ἐλθούσης
858 4503 914 4561 δὲ
956 4505 1051 4574 τῆς
1098 4502 1358 4576 πίστεως,
1414 4504 1589 4564 οὐκέτι
1639 4505 1742 4565 ὑπὸ
1789 4509 1956 4567 παιδη

357 4591 565 4672 αγωγόν
600 4596 783 4669 ἐσμεν.
833 4592 1041 4659 Πάντες
1071 4591 1176 4674 γὰρ
1215 4593 1317 4652 υἱοὶ
1348 4595 1491 4653 Θεοῦ
1549 4595 1702 4670 ἐστε,
1737 4597 1822 4656 διὰ
1859 4604 1956 4672 τῆς

354 4681 584 4750 πίστεως
627 4684 680 4742 ἐν
716 4683 934 4763 Χριστῷ
967 4681 1173 4755 Ἰησοῦ.
1209 4703 1240 4741 ι)
1288 4681 1617 4761 Ἐλθούσης,
1664 4686 1814 4767 φησὶ,
1861 4691 1957 4760 τῆς

356 4770 609 4845 πίστεως,
661 4774 756 4845 τῆς
808 4771 1008 4833 τέλειον
1061 4771 1228 4853 ἄνδρα
1281 4771 1572 4847 ποιούσης,
1631 4776 1728 4834 οὐκ
1768 4775 1835 4835 ἃν
1877 4775 1957 4836 ἔτι

355 4858 540 4940 εἴημεν
584 4861 689 4923 ὑπὸ
737 4862 1080 4942 παιδαγωγὸν
1128 4862 1176 4921 οῖ
1232 4862 1591 4930 τελειωθέντες
1639 4864 1709 4923 δι’
1756 4867 1955 4942 αὐτῆς,

355 4951 447 5010 καὶ
497 4950 596 5022 τὴν
649 4951 945 5026 νηπιότητα
1011 4950 1362 5031 ὑπερϐάντες.
1413 4950 1544 5034 ι’ρίιξι
1602 4950 1706 5034 γὰρ
1766 4953 1956 5015 τέλειοι

356 5038 539 5122 ἄνδρες
565 5040 723 5119 ἐσμὲν
769 5042 828 5102 ἐκ
866 5041 1120 5116 πίστεως,
1163 5041 1322 5112 δῆλον
1366 5039 1419 5110 ἐξ
1449 5031 1509 5100 οὗ
1537 5031 1628 5101 καὶ
1667 5031 1768 5104 υἱοὶ
1811 5046 1955 5106 Θεοῦ

355 5131 513 5206 ἐσμεν
538 5130 626 5190 διὰ
654 5133 750 5203 τῆς
786 5132 842 5189 ἐν
871 5133 1094 5211 Χριστῷ
1139 5129 1369 5198 πίστεως
1390 5153 1403 5168 ο
1434 5133 1575 5190 οὕτω
1603 5131 1706 5214 γὰρ
1749 5137 1784 5206 ἡ
1826 5134 1954 5195 σύν-

354 5219 521 5289 ταξις.
559 5219 782 5288 Πάντως
841 5219 898 5280 δὲ
948 5225 976 5282 6
1015 5220 1250 5291 ἀξιωθεὶς
1320 5219 1428 5288 υἱὸς
1480 5221 1623 5280 Θεοῦ
1675 5223 1953 5302 γενέσθαι,

356 5311 450 5369 οὔκ
483 5311 702 5387 ἀτελὴς,
725 5310 844 5372 οὐδὲ
881 5309 1082 5397 νήπιος.
1111 5309 1284 5372 Ὥστε
1315 5311 1516 5389 γελοῖον
1546 5311 1599 5352 ⁸⁵
1639 5312 1722 5393 τὸ,
1760 5315 1953 5398 ἄνδρας

353 5399 660 5479 γενομένους
683 5449 701 5477 ,
761 5402 841 5484 τῷ
897 5403 1228 5484 παιδαγωγῷ
1298 5400 1446 5482 νόμῳ
1517 5403 1909 5466 ὑποτάσσεσθαι
1941 5429 1955 5444 ·

2072 3163 2302 3222 festatus
2323 3172 2406 3221 est
2433 3163 2489 3218 in
2517 3177 2701 3220 carne.

2141 3347 2321 3402 Vnus.
2353 3350 2442 3400 24.
2480 3365 2506 3392 «ι
2543 3346 2732 3414 Itaque
2759 3341 2846 3397 lex
2898 3338 3232 3412 paedagogus
3263 3347 3454 3396 noster
3479 3337 3588 3396 fuit
3611 3339 3666 3396 in

2071 3434 2373 3501 Christum,
2401 3442 2464 3489 ut
2488 3449 2554 3489 ex
2594 3431 2700 3487 ﬁde
2722 3429 3113 3502 justiﬁcemur.
3147 3452 3173 3478 ι»
3214 3431 3294 3486 Ut
3318 3430 3464 3485 enim
3496 3429 3675 3502 paeda-

2070 3540 2241 3598 gogus
2269 3523 2340 3580 ab
2369 3522 2524 3579 omni
2566 3519 2775 3576 malitia
2803 3517 3004 3575 liberat
3045 3517 3454 3574 adolescentem
3475 3559 3491 3588 ,
3520 3534 3584 3574 ac
3612 3525 3674 3573 ut

2069 3614 2384 3686 disciplinas
2427 3627 2457 3667 a
2505 3616 2836 3683 praeceptore
2880 3606 3144 3678 suscipiat
3178 3622 3307 3662 cum
3346 3607 3500 3662 omni
3540 3623 3670 3663 cura

2068 3712 2231 3776 atque
2249 3701 2550 3759 attentione
2569 3707 2724 3772 parat
2745 3715 2759 3753 :
2782 3696 2930 3753 hunc
2950 3695 3018 3751 ad
3038 3695 3269 3752 modum
3291 3695 3376 3751 lex
3396 3696 3453 3750 in
3472 3697 3673 3752 virtute

2070 3793 2354 3850 moderata
2368 3791 2622 3848 alumnos
2633 3803 2784 3854 suos,
2805 3784 3052 3857 adeoque
3066 3799 3162 3840 eos
3173 3784 3267 3856 qui
3288 3783 3390 3840 sub
3409 3799 3469 3840 se
3490 3793 3669 3850 erant,

2069 3882 2407 3952 instituebat,
2439 3889 2496 3937 et
2522 3879 2592 3935 ad
2618 3875 2899 3935 Christum
2927 3873 3216 3930 doctorem
3259 3881 3423 3946 atque
3453 3888 3667 3945 praece-

2069 3981 2284 4046 ptorem
2311 3969 2632 4036 abducebat,
2659 3981 2759 4038 per
2777 3962 3266 4037 reprehensionem
3295 3970 3350 4018 et
3395 3960 3668 4019 ostensio-

2069 4079 2203 4120 nem
2245 4067 2596 4134 peccatorum
2624 4055 2998 4130 promptiores
3030 4050 3237 4109 faciens
3264 4059 3319 4108 et
3355 4051 3668 4121 alacriores,

2066 4161 2128 4211 ut
2149 4158 2458 4226 quaererent
2483 4164 2632 4215 eum,
2671 4144 2765 4219 qui
2790 4159 2950 4200 noxae
2978 4141 3440 4199 condonationem
3469 4141 3670 4214 imper-

2066 4245 2280 4314 tiretur,
2328 4257 2393 4297 ac
2438 4256 2503 4296 ex
2554 4237 2660 4294 ﬁde
2702 4233 3050 4307 justiﬁcaret.
3100 4231 3311 4288 Pudeat
3357 4248 3489 4305 ergo
3538 4231 3674 4306 legis

2065 4332 2508 4391 calumniatores.
2557 4330 2751 4398 Neque
2778 4323 2933 4380 enim
2971 4320 3302 4395 paedagogus
3345 4321 3673 4378 adversatur

1993 4440 2044 4504 D
2073 4421 2417 4498 praeceptori,
2442 4433 2620 4490 neque
2668 4416 2754 4470 lex
2802 4412 3259 4504 repugnatNovo
3289 4413 3670 4467 Testamento.

2139 4516 2319 4572 Vnus.
2340 4517 2430 4581 25,
2456 4511 2543 4564 26.
2581 4527 2607 4556 α
2631 4509 2704 4563 At
2727 4503 2824 4560 ubi
2849 4501 2996 4558 venit
3017 4498 3178 4567 ﬁdes,
3201 4500 3321 4570 jam
3341 4515 3458 4555 non
3481 4515 3675 4556 sumus

2066 4606 2168 4664 sub
2193 4602 2514 4677 paedagogo.
2543 4598 2750 4654 Omnes
2777 4591 2930 4649 enim
2959 4588 3062 4645 ﬁlii
3092 4588 3197 4643 Dei
3224 4587 3355 4677 estis
3386 4603 3481 4677 per
3500 4587 3673 4645 ﬁdem

2064 4697 2121 4753 in
2149 4675 2369 4752 Christo
2396 4692 2428 4745 J
2433 4704 2548 4745 esu.
2579 4709 2606 4735 ν
2634 4686 2776 4740 Cum
2805 4677 3109 4746 advenerit,
3137 4675 3339 4748 inquit,
3369 4675 3675 4749 ﬁdes,quaa

2062 4785 2242 4842 virum
2270 4777 2575 4855 perfectum
2608 4772 2809 4841 efﬁcit,
2839 4784 2952 4826 non
2973 4767 3094 4840 jam
3121 4763 3358 4855 amplius
3391 4780 3511 4855 esse
3540 4781 3674 4837 pos-

2062 4873 2240 4931 simus
2261 4853 2364 4928 sub
2390 4866 2717 4941 paedagogo,
2740 4859 2833 4932 qui
2862 4873 2957 4931 per
2975 4856 3156 4928 ipsam
3183 4853 3411 4926 perfecti
3444 4869 3670 4924 sumus,

2063 4971 2120 5020 et
2169 4957 2593 5019 adolescentiam
2642 4946 3003 5024 supergressi.
3053 4943 3216 5014 Quod
3244 4942 3470 5014 perfecti
3524 4942 3672 4998 enim

2065 5052 2164 5110 viri
2194 5065 2390 5109 sumus
2417 5063 2484 5104 ex
2513 5043 2643 5108 ﬁde,
2676 5041 2904 5114 planum
2935 5042 3021 5093 est
3067 5049 3135 5090 ex
3165 5050 3232 5090 eo
3262 5032 3408 5104 quod
3437 5030 3535 5086 ﬁlii
3563 5032 3669 5088 Dei

2062 5157 2255 5201 sumus
2272 5155 2364 5213 per
2389 5137 2556 5194 ﬁdem
2578 5133 2638 5189 in
2661 5130 3105 5213 Christum,nam
3134 5122 3251 5179 haac
3271 5130 3356 5178 est
3378 5128 3669 5213 construc-

2062 5234 2159 5290 tio.
2200 5209 2446 5289 Omnino
2475 5231 2662 5283 autem
2720 5220 2765 5276 is
2809 5215 2902 5291 qui
2931 5230 2998 5271 eo
3026 5212 3237 5269 honore
3267 5219 3352 5267 est
3379 5209 3672 5283 dignatus,

2065 5332 2129 5380 ut
2150 5322 2323 5380 Filius
2349 5318 2441 5376 Dei
2456 5317 2572 5384 ﬁat,
2603 5327 2714 5369 non
2739 5315 2826 5366 est
2848 5300 3230 5377 imperfectus,
3260 5315 3441 5372 neque
3465 5298 3673 5356 infans.

2063 5411 2333 5484 Quocirca
2349 5404 2649 5466 ridiculum
2667 5397 2854 5467 fuerit,
2879 5409 2977 5453 eos
3005 5392 3100 5466 qui
3129 5391 3192 5446 in
3211 5388 3359 5445 viros
3378 5389 3674 5457 creverint,

1747 5503 1939 5565 Varias
1991 5505 2293 5568 lectiones.

426 5611 472 5650 ἰθ
519 5615 634 5679 τοὺς
683 5613 870 5679 πάντας
915 5632 977 5675 0.

352 5773 401 5813 ⁸⁸
427 5777 619 5833 τέλειον
645 5794 702 5837 ο;

1087 5616 1132 5652 ⁸ο
1160 5616 1276 5692 Θεῷ
1323 5632 1376 5676 0.
1454 5616 1494 5653 ⁸¹
1542 5619 1879 5694 δικαιούμενοι
1933 5629 1996 5683 o.'
2067 5623 2111 5658 ³³
2149 5619 2382 5675 συνωθῶν
2437 5630 2496 5673 ο.

354 5693 425 5775 μὴ
470 5695 742 5769 δυνάμενος
783 5697 837 5754 δὲ
883 5698 1085 5763 τούτους
1129 5705 1230 5756 τῶν
1272 5698 1527 5772 ἁμαρτιῶν
1576 5693 1913 5775 ἐλευθερῶσαι
1962 5720 2020 5763 o.

2598 5609 2643 5645 es
2690 5607 2916 5677 ἐλέγχων
2980 5597 3034 5653 δὲ
3088 5596 3203 5659 τοὺς
3230 5595 3242 5671 ⁷,
3265 5595 3673 5669 ἁμαρτάνοντας,

2142 5702 2188 5739 ss
2233 5699 2353 5772 πρὸς
2405 5696 2492 5752 τὸν
2543 5689 2894 5754 διδάσκαλον,
2952 5682 3006 5745 ὅς
3057 5679 3190 5734 ἐστιν
3247 5677 3276 5732 6
3329 5677 3540 5749 Χριστὸς
3588 5692 3664 5734 ω.
