4124 6420
453 453 554 508 995

1475 443 1992 503 THEOPHYLACTI
2029 436 2392 496 BULGARUE
2431 431 2748 489 ARCHIEP.

3655 418 3758 470 996

450 575 747 649 paedagogo
775 574 880 648 legi
901 573 1116 646 subjici.
1149 570 1385 629 Perinde
1415 573 1566 630 enim
1591 580 1739 629 esset
1769 586 1834 628 ac
1853 569 1896 626 si
1925 583 2052 625 cum

2164 563 2347 642 ὥσπερ
2375 559 2467 620 καὶ
2497 558 2559 618 τὸ
2579 603 2596 632 ,
2642 553 2846 649 ἡμέρας
2878 549 3127 649 patvein
3274 544 3364 649 «by
3401 542 3551 649 ἥλιον
3588 543 3760 649 ξρᾷνγ,

451 665 571 722 dies
597 663 859 734 illuxerit,
889 679 1004 719 non
1023 663 1196 720 solem
1217 663 1340 734 quis
1362 661 1542 719 videre
1565 662 1712 729 velit,
1740 661 1837 718 sed
1865 660 2052 716 lucer-

447 771 597 811 nam.
621 754 864 810 Observa
882 762 1071 810 autem
1092 752 1185 825 qui
1204 768 1367 825 supra
1394 751 1699 808 ostenderit
1720 749 1892 807 ﬁdem
1912 748 2054 805 ﬁlios

449 843 747 901 Abrahami
806 842 1019 914 facere,
1069 859 1218 900 nunc
1278 851 1468 899 autem
1522 841 1663 899 ﬁlios
1714 840 1840 897 Dei.
1896 838 2052 896 Adeo

454 949 656 1007 magna
684 940 886 1007 potest.

517 1025 698 1080 Vsus.
731 1028 820 1079 27.
867 1045 892 1072 ι
923 1022 1251 1096 Quicunque
1281 1021 1434 1079 enim
1464 1022 1521 1078 in
1561 1019 1844 1078 Christum
1873 1018 2056 1091 bapti-

446 1111 552 1169 zati
589 1112 741 1182 estis,
769 1111 1056 1169 Christum
1083 1110 1362 1168 induistis.
1411 1135 1437 1161 ιο
1483 1110 1781 1183 Quomodo
1826 1107 1924 1164 ﬁlii
1951 1106 2052 1163 Dei

446 1217 646 1260 sumus
682 1199 1067 1258 conﬁrmando
1096 1201 1362 1269 ostendit,
1400 1217 1498 1274 per
1533 1200 1811 1273 baptisma
1833 1211 2053 1270 nempe.

449 1294 572 1349 Non
612 1291 752 1348 dixit
773 1299 992 1359 autem,
1039 1292 1326 1362 Quotquot
1357 1290 1610 1363 baptizati
1643 1289 1794 1359 estis,
1830 1287 1922 1344 ﬁlii
1950 1286 2055 1343 Dei

446 1380 575 1438 facti
619 1381 771 1447 estis,
815 1380 1287 1454 quemadmodum
1332 1381 1654 1437 consecutio
1703 1377 2050 1451 postulabat;

447 1469 548 1528 sed
571 1469 722 1542 quod
747 1470 926 1527 multo
969 1471 1145 1543 magis
1189 1478 1277 1526 est
1311 1469 1682 1539 tremendum,
1717 1491 1742 1517 ιι
1771 1467 2052 1524 Christum

450 1559 727 1616 induistis.
761 1559 868 1617 wSi
896 1559 1046 1616 enim
1075 1559 1360 1616 Christum
1392 1559 1588 1617 Filium
1618 1559 1720 1615 Dei
1746 1557 2048 1627 induimus,

452 1649 617 1721 347
661 1649 872 1722 ipsique
917 1648 1202 1708 assimilati
1251 1665 1446 1706 sumus
1479 1667 1493 1704 :
1539 1649 1608 1706 ad
1637 1664 1807 1705 unam
1831 1663 1958 1704 cum
1988 1662 2053 1703 eo

448 1739 848 1812 cognationem,
872 1753 1146 1811 unamque
1166 1738 1348 1796 ideam
1375 1737 1624 1812 perducti
1648 1753 1858 1808 sumus,
1881 1737 2072 1810 gratia-

450 1826 577 1884 facti
607 1826 757 1900 quod
785 1827 876 1884 ille
903 1836 989 1884 est
1012 1835 1232 1884 natura.

519 1918 698 1974 Vsus.
731 1921 822 1973 28.
858 1939 885 1967 α
912 1919 1036 1974 Non
1065 1925 1147 1974 est
1182 1917 1413 1974 Judaeus
1442 1934 1620 1990 neque
1651 1919 1903 1986 Graecus,
1935 1931 2052 1974 non

2163 654 2300 714 ἀλλὰ
2321 630 2417 712 ’τὸν
2450 630 2845 730 λύχνονξθόρα
2892 630 2986 717 δὲ,
3037 643 3150 730 πῶς
3175 635 3425 730 ἀνωτέρω
3455 633 3560 730 μὲν.
3597 630 3762 730 ἔδειξε

2161 745 2259 816 τὴν
2301 743 2480 801 πίστιν
2518 719 2690 805 κυῖοὺς
2748 719 3004 796 ποιοῦσαν
3054 727 3336 810 Ἀϐραὰμ,
3386 731 3478 784 νῦν
3517 723 3572 782 δὲ
3619 719 3765 788 υἱοὺς

2164 834 2304 894 Θεοῦ
2324 853 2339 868 ο
2364 829 2502 890 οὕτω
2529 827 2740 907 μεγάλα
2771 823 3020 884 δύναται.

2245 999 2462 1063 ιὍσοι
2513 995 2617 1080 γὰρ
2668 997 2742 1064 εἷς
2795 992 3026 1075 Χριστὸν
3067 986 3464 1080 ἐϐαπτίσθητε,
3528 983 3763 1080 Χριστὸν

2163 1091 2496 1154 ἐνεδύσασθε.
2527 1076 2555 1142 ι»
2591 1076 3013 1151 ’Κατασκευάζει
3051 1085 3167 1148 πῶς
3215 1077 3320 1138 υἱοί
3376 1076 3760 1154 ἐσμενηΘεοῦ,

2162 1153 2255 1243 καί
2284 1203 2476 1262 φησιν,
2520 1179 2604 1238 ὅτι
2643 1175 2732 1236 διὰ
2775 1178 2869 1234 τοῦ
2901 1171 3297 1262 βαπτίσματος.
3351 1167 3469 1262 ῼῦκ
3518 1153 3632 1262 εἶπε
3677 1162 3763 1238 δὲ,

2161 1273 2244 1334 ὅτι
2272 1251 2436 1332 11’δσοι
2456 1251 2468 1257 ν
2487 1265 2877 1338 ἐϐαπτίσθητε,
2904 1251 3028 1322 duini
3071 1262 3213 1320 Θεοῦ
3261 1255 3513 1336 γεγόνατε
3533 1299 3550 1328 ,
3583 1251 3766 1333 ὥσπερ

2161 1361 2256 1422 καὶ
2307 1366 2343 1435 ἡ
2396 1355 2683 1418 ἀκολουθία
2745 1352 2978 1434 ἀπῄτει·
3026 1349 3164 1410 ἀλλὰ
3211 1349 3271 1406 τὸ
3323 1346 3458 1406 πολὺ
3510 1344 3767 1435 φρικωδέ-

2162 1433 2375 1533 στερον,
2430 1447 2512 1506 ὅτι
2563 1473 2592 1500 α
2646 1433 2879 1527 Χριστὸν
2935 1438 3322 1533 ἐνεδύσασθε.»
3378 1437 3444 1533 lii
3489 1433 3594 1533 γαρ
3625 1435 3764 1533 ξρι-

2164 1523 2286 1602 στὸν
2315 1523 2403 1600 τδν
2433 1536 2562 1599 Υἱὸν
2605 1523 2713 1595 τοῦ*
2732 1536 2874 1595 Θεοῦ
2919 1528 3236 1608 ἐνδεδύμεθα
3257 1574 3272 1605 ,
3309 1525 3402 1586 καί⁵
3445 1524 3574 1605 πρὸς
3603 1523 3765 1583 αὐτὸν

2164 1627 2580 1714 ἐφωμοιώθημεν
2761 1627 2832 1705 ἀφ
2866 1625 2923 1714 )έ
2972 1622 3046 1689 είς
3109 1617 3258 1714 μίαν.
3298 1614 3602 1714 συγγένειαγ
3655 1613 3768 1714 fati

2165 1705 2294 1800 μίαν
2348 1716 2489 1779 ἰδέαν
2528 1705 2809 1796 ἤλθημεν,
2847 1711 3036 1793 χάριτι
3073 1707 3345 1791 γεγονότες
3392 1705 3522 1785 ὅπερ
3570 1706 3768 1774 ἐκεῖνός

2163 1815 2275 1871 ἐστι
2304 1809 2480 1893 φύσει.

2243 1928 2270 1957 α
2299 1885 2420 1961 ὸῦκ
2457 1896 2534 1956 ἔνι
2561 1895 2820 1960 Ἰουδαῖος
2838 1936 2854 1966 ,
2895 1891 3012 1951 οὐδὲ
3039 1889 3247 1962 Ἕλλην
3271 1909 3286 1926 ο
3311 1887 3408 1947 οὐκ
3435 1885 3512 1944 ἔνι
3542 1887 3725 1952 δοῦλος
3749 1933 3764 1962 ,

446 2017 528 2063 est
552 2022 740 2064 servus
767 2023 948 2081 neque
987 2005 1144 2076 liber,
1175 2023 1292 2064 non
1321 2016 1404 2064 est
1431 2007 1712 2064 masculus
1741 2016 1797 2064 et
1825 2007 2046 2063 femina.

2173 1992 2292 2052 οὐδὲ
2319 1987 2585 2081 ἐλεύθερος
2614 2002 2629 2019 ⁸
2661 1987 2757 2044 οὐκ
2801 1984 2876 2042 ἔνι
2916 1980 3076 2081 ἄρρεν
3107 1977 3200 2039 καὶ
3230 1978 3362 2081 θῇυ
3381 1999 3397 2015 ·
3435 1975 3629 2043 πάντες
3661 1975 3768 2081 γδιρ

451 2098 656 2153 Omnes
701 2097 850 2153 enim
910 2112 1008 2153 vos
1059 2113 1202 2153 unus
1269 2097 1404 2153 estis
1453 2097 1512 2152 in
1557 2097 1775 2155 Christo
1817 2099 1969 2154 Jesu.
2023 2119 2050 2146 ι

448 2186 842 2258 Unusquisque
887 2185 1324 2258 baptizatorum,
1371 2186 1582 2258 inquit,
1624 2187 1900 2242 naturales
1928 2186 2050 2258 qui-

451 2273 582 2331 dem
625 2274 990 2347 proprietates
1035 2273 1256 2346 abjecit,
1288 2291 1456 2331 unam
1493 2283 1675 2331 autem
1718 2274 1952 2348 ﬁguram
1999 2284 2056 2331 et

451 2363 690 2420 formam
716 2379 910 2420 omnes
929 2371 1372 2436 assumpserunt,
1395 2380 1512 2421 non
1534 2365 1738 2438 angeli,
1760 2364 1855 2422 sed
1883 2365 2056 2437 ipsius

447 2453 696 2521 Domini,
743 2452 800 2509 in
845 2453 1038 2526 seipsis
1083 2453 1436 2511 ostendentes
1475 2453 1778 2511 Christum.
1815 2454 2055 2511 Proinde

449 2559 592 2600 unus
618 2557 813 2600 sumus
841 2559 1035 2600 omnes
1063 2543 1121 2599 in
1149 2543 1366 2601 Christo
1401 2546 1434 2598 J
1439 2560 1536 2600 usu
1594 2562 1606 2599 :
1638 2544 1742 2600 hoc
1769 2552 1872 2612 est,
1913 2560 2053 2617 qua-

447 2641 610 2690 tenus
635 2649 810 2689 unam
838 2632 1045 2690 Christi
1074 2631 1315 2690 formam
1341 2633 1662 2706 impositam
1690 2633 1853 2690 nobis
1883 2633 2051 2690 habe-

449 2737 572 2778 mus
620 2742 634 2780 :
691 2723 775 2779 vel
823 2731 1097 2794 quatenus
1147 2723 1313 2779 etiam
1369 2738 1541 2779 unum
1589 2739 1790 2796 corpus
1834 2738 2048 2793 sumus,

448 2826 622 2866 unum
649 2819 816 2883 caput
843 2810 1126 2868 Christum
1158 2811 1444 2869 habemus.

521 2902 708 2957 Vsus.
756 2906 846 2957 29.
900 2924 926 2949 «ι
970 2901 1030 2957 Si
1079 2909 1265 2957 autem
1309 2917 1404 2957 vos
1443 2900 1674 2968 Christi,
1703 2917 1833 2973 ergo
1861 2916 2052 2957 semen

448 2989 752 3046 Abrahami
793 2989 946 3059 estis,
990 3005 1056 3046 ac
1101 2990 1411 3047 secundum
1458 2991 1891 3062 promissionem
1937 2990 2050 3048 hm-

448 3079 628 3135 rcdes.
673 3103 698 3127 υ
732 3079 875 3149 Quia
923 3086 1084 3135 antea
1128 3079 1370 3147 dixerat,
1405 3094 1596 3135 semen
1625 3079 1956 3147 Abrahami,
1991 3079 2051 3136 in

450 3183 562 3241 quo
591 3167 992 3224 benedicuntur
1023 3176 1232 3241 gentes,
1260 3168 1513 3225 Christus
1542 3174 1644 3238 est,
1667 3169 1753 3225 cui
1781 3169 2052 3225 nimirum

449 3257 592 3314 datae
615 3265 748 3312 sunt
778 3257 1190 3329 promissiones,
1227 3273 1290 3312 ac
1324 3257 1727 3314 demonstravit
1753 3275 1848 3314 eos
1879 3259 2050 3314 etiam

451 3345 648 3403 Christi
676 3343 918 3402 formam
957 3345 1162 3402 habere
1202 3365 1216 3402 :
1263 3362 1412 3403 nunc
1452 3347 1761 3416 concludit,
1811 3351 1958 3421 Ergo
1997 3356 2054 3404 et

454 3452 552 3491 vos
597 3451 784 3492 semen
826 3435 956 3491 estis
1002 3435 1327 3506 Abrahami,
1374 3451 1439 3493 ac
1483 3436 1720 3510 denique
1762 3438 2054 3510 promissae

451 3524 844 3582 benedictionis
872 3523 1138 3582 haeredes.
1173 3525 1465 3596 Quomodo
1494 3542 1624 3599 ergo
1652 3526 1763 3598 legi
1801 3527 2054 3584 animum

451 3613 756 3686 appellitis,
809 3630 936 3670 cum
1000 3614 1115 3671 sitis
1175 3614 1475 3686 benedicti,
1566 3625 1855 3689 propterea
1905 3615 2056 3689 quod

449 3703 733 3762 Christum
785 3704 1098 3773 indueritis,
1147 3704 1541 3778 assimilatique
1577 3706 1694 3764 sitis
1741 3706 1867 3780 ipsi,
1896 3705 2055 3764 inde-

452 3808 560 3866 que
587 3792 721 3851 facti
749 3809 944 3852 semen
973 3793 1324 3852 Abrahami?

1062 3903 1306 3961 CAPUT
1345 3905 1442 3960 IV.

521 4011 699 4068 Vens.
738 4017 846 4082 1,2.
885 4030 914 4064 (ι
944 4010 1077 4068 Dico
1099 4019 1323 4068 autem:
1353 4014 1572 4083 Quanto
1602 4018 1852 4082 tempore
1881 4009 2058 4068 haeres

451 4101 712 4173 parvulus
739 4109 838 4169 est,
869 4100 1001 4156 nihil
1033 4099 1224 4156 differt
1252 4115 1283 4154 a
1321 4115 1478 4155 servo
1499 4141 1513 4168 ,
1540 4116 1670 4156 cum
1697 4099 1768 4157 sit
1795 4098 2060 4157 dominus

451 4191 705 4245 omnium
749 4205 764 4244 :
807 4188 903 4246 sed
939 4189 1044 4244 sub
1085 4187 1362 4244 tutoribus
1390 4195 1444 4244 et
1473 4188 1754 4246 actoribus
1777 4196 1861 4245 est
1887 4205 2061 4262 usque

451 4278 520 4334 ad
549 4277 921 4350 prmstitutum
958 4286 1178 4350 tempus
1219 4292 1251 4332 a
1293 4285 1467 4348 patre.
1519 4299 1544 4327 ιι
1587 4280 1712 4335 Hoc
1745 4287 1861 4348 est,
1906 4287 2063 4351 pater

453 4367 644 4423 statuit
691 4382 821 4423 eum
870 4365 1004 4422 nihil
1056 4365 1258 4422 debere
1305 4365 1714 4437 administrare,
1765 4367 1943 4424 donec
1990 4367 2060 4425 ad

453 4456 763 4529 legitimam
810 4464 1032 4514 aetatem
1085 4455 1419 4530 pervenerit,
1466 4464 1627 4530 atque
1674 4456 2056 4528 obtemperare

454 4545 638 4604 debet.

521 4638 697 4694 Vens.
732 4642 791 4693 3.
829 4655 859 4690 ι‹
887 4637 968 4693 lta
996 4645 1052 4695 et
1090 4651 1213 4705 nos,
1246 4651 1376 4692 cum
1403 4650 1651 4692 essemus
1678 4635 1920 4707 parvuli,
1949 4636 2056 4694 sub

451 4726 739 4783 elementis
781 4725 982 4784 mundi
1026 4742 1244 4783 eramus
1301 4726 1356 4782 in
1408 4725 1725 4796 servitutem
1770 4725 1973 4782 adacti.
2028 4750 2053 4776 ιι

455 4815 691 4884 Parvuli,
730 4832 848 4872 non
888 4824 1069 4886 aetate,
1109 4815 1209 4873 sed
1257 4815 1361 4872 Dei
1398 4815 1734 4888 cognitione.
1775 4815 2058 4873 Elementa

455 4922 584 4963 vero
613 4904 831 4975 mundi,
858 4905 1144 4962 novilunia
1168 4921 1233 4961 ac
1260 4905 1500 4962 Sabbata
1521 4904 1652 4961 dicit
1687 4923 1701 4961 :
1734 4904 1792 4961 hi
1822 4921 2060 4979 namque

453 4996 575 5052 dies
629 5012 662 5053 a
703 5011 870 5053 cursu
912 4995 1041 5052 solis
1079 4995 1335 5069 lunaeque
1380 4996 1538 5052 ﬁunt.
1584 4997 1776 5068 Itaque
1813 4996 1912 5067 qui
1957 5011 2060 5054 nos

458 5085 565 5155 iam
615 5085 718 5142 sub
770 5085 952 5158 legem
994 5093 1198 5159 agunt,
1245 5099 1480 5158 eamque
1527 5083 1754 5155 docent,
1818 5084 2058 5142 infantes

453 5174 664 5232 faciunt
706 5175 1097 5249 elementisque
1139 5173 1333 5232 mundi
1369 5173 1648 5244 subdunt,
1693 5190 1823 5231 cum
1867 5182 2056 5231 tamen

453 5266 628 5323 simus
655 5265 759 5323 viri
783 5263 1007 5337 perfecti
1036 5273 1091 5321 et
1115 5263 1212 5321 ﬁlii
1240 5265 1365 5335 Dei,
1413 5273 1710 5338 patresque
1745 5263 1975 5321 familiae
2004 5273 2061 5320 et

455 5355 693 5413 domini.
751 5355 1037 5413 Discimus
1083 5363 1366 5428 praeterea,
1428 5354 1580 5428 quod
1627 5358 1778 5410 Deus
1837 5353 2061 5426 quidem

457 5445 702 5502 ﬁliorum
750 5444 1140 5518 adoptionem,
1188 5461 1312 5517 qua:
1357 5453 1440 5501 est
1491 5444 1605 5518 ipsa
1649 5442 1975 5513 hereditas,
2030 5459 2062 5500 a

457 5534 720 5608 principio
743 5533 876 5592 dare
899 5534 1164 5604 voluerit,
1200 5534 1296 5592 sed
1325 5531 1556 5591 infantia
1586 5542 1808 5604 nostra,
1840 5533 2061 5606 quomi-

2163 2084 2312 2159 ὑμεῖς
2337 2082 2455 2139 ἐστε
2485 2065 2558 2144 εἷς
2609 2077 2662 2134 ἐν
2698 2075 2925 2154 Χριστῷ
2955 2070 3156 2141 Ἰησοῦ.
3183 2095 3213 2159 ,υ
3242 2065 3572 2159 ’ἘκαειταὴΔ
3596 2065 3730 2159 φησί
3750 2111 3766 2139 ,

2161 2154 2265 2231 “rti
2317 2165 2718 2250 βαπτιζομένων
2776 2161 3096 2250 ἀπεϐάλετο
3136 2157 3232 2236 μὲν
3287 2158 3354 2250 «at
3388 2154 3591 2250 φυσικὰ
3622 2157 3770 2250 ἰδιώ-

2164 2246 2380 2340 ματαγ88
2399 2277 2413 2292 ⁶
2443 2255 2536 2314 ἕνα
2566 2254 2620 2314 δὲ
2665 2251 2832 2312 τύπον
2863 2251 2956 2310 καὶ
3009 2249 3138 2327 μίαν
3187 2246 3396 2328 μορφὴν
3442 2246 3639 2312 πάντες
3669 2246 3766 2303 ἄν.

2162 2335 2386 2424 έλαϐον,
2423 2347 2522 2406 οὐκ
2569 2344 2832 2425 ἀγγέλου,
2865 2341 2987 2400 ἀλλ’
3019 2341 3179 2398 αὐτοῦ
3219 2345 3312 2396 τοῦ
3349 2335 3622 2425 Δεσπότου
3644 2380 3660 2409 ,
3712 2336 3768 2394 ἐν

2163 2417 2381 2506 ἑαυτοῖς,
2421 2417 2713 2501 δεικνύντες
2746 2417 2837 2492 τὸν
2867 2428 3122 2511 Χριστόν.
3163 2426 3336 2486 Ὥστε
3367 2428 3459 2485 καὶ
3499 2417 3573 2492 εἷς
3599 2427 3762 2499 ἐσμεν

2159 2529 2353 2596 πάντες
2384 2529 2435 2585 ἐν
2478 2526 2696 2606 Χριστῷ
2751 2521 2964 2595 Ἰησοῦ·
2989 2517 3262 2592 τουτέστι,
3296 2515 3428 2576 καθὸ
3467 2515 3771 2606 μίαν-μορέ

2163 2621 2264 2703 φήν
2316 2616 2412 2690 τὴν
2467 2603 2559 2676 τοῦ
2610 2603 2847 2693 Χριστοῦ
2903 2607 3244 2687 ἐπικειμένην
3300 2606 3493 2687 ἔχομεν
3521 2626 3535 2640 °
3589 2604 3626 2677 ἢ
3676 2603 3770 2664 καὶ

2162 2693 2294 2769 καθὸ
2341 2707 2395 2766 ἓν
2446 2703 2604 2782 σῶμά
2659 2705 2854 2781 ἐσμεν,
2922 2699 3050 2779 μίαν
3105 2695 3341 2777 κεφαλὴν
3370 2694 3561 2774 ἔχομεν
3579 2693 3632 2733 ⁸⁷
3679 2693 3768 2752 τὸν

2163 2796 2417 2880 Χριστόν.

2250 2909 2280 2947 (ι
2306 2889 2374 2948 Εἰ
2399 2883 2454 2944 δὲ
2478 2887 2627 2962 ὑμεῖς
2664 2885 2934 2962 Χριστοῦ,
2980 2877 3087 2960 ἄρα
3129 2881 3221 2937 τοῦ
3271 2873 3518 2956 Ἀϐραὰμ
3547 2873 3768 2954 σπέρμα

2161 2975 2314 3054 ἐστὲ,
2382 2973 2474 3033 καὶ
2519 2974 2638 3056 κατ’
2693 2972 3013 3050 ἐπαγγελίαν
3070 2964 3419 3056 κληρονόμοι.
3459 2987 3504 3056 μ»
3540 2962 3770 3056 Ἐπειδῂ

2161 3052 2457 3146 ἔμπροσθεν
2501 3052 2679 3135 εἶπεν,
2747 3059 2828 3119 ὅτι
2878 3058 3097 3139 σπέρμα
3151 3062 3245 3115 τοῦ
3283 3053 3596 3146 Ἀϐραὰμ,-
3637 3055 3688 3146 ἐν

2161 3135 2502 3234 εῦλοΙγοῦνται
2530 3151 2599 3210 τὰ
2625 3152 2776 3224 ἔθνη,
2806 3153 2834 3208 6
2864 3135 3094 3227 Χριστός
3125 3152 3264 3208 ἐστιν
3284 3191 3302 3224 ,
3333 3135 3379 3225 ᾧ
3512 3141 3607 3201 καὶ
3640 3142 3764 3234 ἐδό-

2163 3230 2329 3317 θησαν
2361 3246 2417 3302 αἱ
2467 3239 2814 3320 ἐπαγγελίαι·
2848 3237 3086 3306 ἀπέδειξε
3118 3237 3173 3296 δὲ
3206 3234 3286 3294 ὅτι
3339 3233 3445 3294 Καὶ
3489 3235 3640 3309 ὑμεῖς
3670 3230 3768 3302 τὴν

2164 3331 2374 3415 μορφὴν
2429 3339 2522 3392 τοῦ
2581 3319 2817 3410 Χριστοῦ
2878 3327 3064 3408 ἔχετε·
3120 3323 3473 3405 συμπεραίνει
3523 3327 3646 3395 νῦν,
3693 3319 3774 3379 ὅτι

2162 3413 2298 3505 Ἄρα
2326 3421 2418 3483 καὶ
2463 3421 2610 3500 ὑμεῖς
2647 3419 2864 3499 σπέρμα
2911 3425 3003 3478 τοῦ
3031 3415 3270 3496 Ἀϐραάμ
3325 3417 3444 3505 lore
3469 3458 3485 3486 ,
3520 3413 3611 3505 καὶ
3657 3413 3774 3505 λοι-

2162 3499 2260 3572 πὸν
2319 3511 2413 3572 καὶ
2498 3499 2821 3591 κληρονόμοι
2878 3513 2975 3581 τῆς
3045 3503 3446 3584 ἐπηγγελμένης
3501 3499 3765 3591 εὐλογίας.

2164 3604 2290 3671 Πῶς
2319 3592 2408 3664 οῦν
2438 3605 2514 3682 τῷ
2546 3590 2694 3680 νόμῳ
2723 3596 3018 3680 προσέχετε
3046 3598 3093 3657 οἱ
3133 3593 3500 3674 εὖλογηθέντες
3549 3590 3637 3682 διᾷ
3665 3595 3758 3649 τοῦ

2161 3693 2393 3772 Χριστὸν
2435 3681 2761 3752 ἐνδύσασθαι
2811 3687 2906 3746 καὶ
2956 3690 3282 3762 ὁμοιωθῆναι
3325 3685 3500 3765 αὐτῷ,
3545 3681 3638 3741 καὶ
3687 3683 3774 3739 ἐν·

2163 3787 2341 3842 τεῦθεν
2364 3782 2609 3862 γενέσθαι
2634 3776 2852 3859 σπέρμα
2881 3775 3168 3857 Ἀϐραάμς

2759 3895 3052 3955 ΚΕΦΑΛ.
3102 3890 3185 3953 Δ’.

2254 4042 2282 4068 σι
2329 4011 2487 4092 Λέγω
2516 4011 2604 4072 δέ·
2636 4010 2760 4093 Ἐφ’
2792 4009 2912 4072 ὅσον
2940 4009 3128 4090 χρόνον
3158 4011 3186 4068 6
3224 4005 3548 4089 κληρονόμος
3579 4005 3768 4078 νήπιός

2168 4107 2339 4180 ἐστιν,
2387 4106 2446 4162 οὔ
2478 4103 2711 4184 διαφέρει
2764 4099 2981 4179 δούλου,
3032 4099 3209 4180 κύριος
3259 4097 3474 4158 πάντων
3512 4095 3615 4172 ὧν,
3652 4099 3775 4157 ἀλλ’

2169 4193 2272 4252 ὑπὸ
2301 4193 2612 4274 ἐπιτρόπους
2658 4191 2770 4250 ἐστὶ
2810 4191 2901 4250 καὶ
2958 4189 3292 4267 οἰκονόμους,
3323 4188 3450 4270 ἄχρι
3489 4191 3583 4258 τ’ἤς
3639 4212 3774 4268 προ-

2169 4282 2390 4361 θεσμίας
2435 4287 2525 4340 τοῦ
2572 4281 2790 4360 πατρός.
2839 4300 2868 4338 υ
2925 4279 3249 4354 Τουτέστιν,
3299 4276 3490 4359 ὥρισεν
3540 4277 3697 4336 αὐτὸν
3747 4281 3777 4336 6

2171 4371 2350 4453 πατὴρ
2381 4371 2548 4451 μηδὲν
2582 4372 2827 4445 διοικεῖν,
2865 4370 2991 4452 ἄχρι
3030 4372 3123 4442 τῆς
3165 4367 3393 4448 νομίμου
3422 4367 3657 4442 ἡλικίας,
3680 4367 3775 4427 καὶ

2170 4463 2250 4521 δεῖ
2279 4461 2539 4543 στέργειν.

2251 4653 2277 4678 σι
2312 4621 2476 4685 Οὕτω
2501 4621 2593 4682 καὶ
2622 4626 2776 4700 ἡμεῖς
2796 4665 2813 4696 ,
2861 4620 2946 4680 ὅτε
2975 4614 3111 4700 ἦμεν
3141 4618 3360 4693 νήπιοι,
3402 4618 3506 4678 ὕπὸ
3535 4616 3600 4677 τὰ
3627 4643 3776 4678 στοι-

2164 4723 2288 4795 χεῖα
2318 4718 2408 4774 τοῦ
2434 4713 2638 4792 κόσμου
2662 4704 2798 4788 ἦμεν
2827 4710 3233 4789 δεδουλωμένοι.
3267 4731 3297 4768 1)
3342 4707 3544 4780 Νήπιοι
3562 4753 3579 4782 ,
3606 4709 3664 4769 οὗ
3708 4713 3776 4788 τῇ

2166 4801 2376 4882 ἡλικίᾳ,
2403 4802 2544 4862 ἀλλὰ
2692 4801 2815 4878 περὶ
2847 4802 2991 4861 Θεοῦ
3048 4799 3258 4880 γνώσει.
3306 4799 3561 4878 Στοιχεῖα
3596 4795 3776 4883 δὲ’-τοῦ

2168 4877 2404 4972 κόσμου,
2433 4889 2527 4958 τὰς
2559 4877 2848 4970 νουμηνίας
2879 4891 2970 4948 καὶ
2999 4877 3069 4949 τά
3096 4889 3360 4950 Σάϐϐατα
3400 4877 3544 4964 λέγει
3569 4907 3583 4921 ·
3617 4877 3777 4946 αῦται

2167 4983 2269 5064 γὰρ
2295 4984 2350 5041 αἱ
2379 4981 2582 5062 ἡμέραι
2616 4980 2724 5040 ἀπὸ
2751 4979 2948 5060 δρόμου
2985 4979 3211 5052 σελήνης
3238 4979 3328 5038 καὶ
3355 4977 3505 5052 ἡλίου
3529 4980 3658 5055 ἡμῖν
3684 4977 3774 5056 γί-

2167 5095 2366 5133 νονται.
2397 5069 2567 5132 Ὥστε
2599 5070 2690 5130 καὶ
2733 5071 2781 5128 οἱ
2826 5074 2917 5129 νῦν
2959 5075 3103 5147 ἡμᾶς
3141 5067 3242 5128 ὕπὸ
3288 5067 3376 5128 τὸν
3411 5066 3570 5144 νόμον
3612 5065 3776 5147 ἄγον-

2167 5187 2251 5232 τες
2293 5161 2510 5237 νηπίους
2558 5165 2796 5237 ποιοῦσι,
2845 5159 2936 5219 καὶ
2967 5161 3069 5219 ὑπὸ
3118 5158 3186 5218 τὰ
3242 5165 3480 5238 στοιχεῖα
3534 5162 3625 5217 τοῦ
3676 5155 3775 5215 κό-

2170 5275 2347 5333 σμου,
2396 5251 2570 5312 καίτοι
2625 5252 2818 5332 ἄνδρας
2871 5249 3184 5329 γενομένους
3227 5248 3320 5308 καὶ
3371 5246 3635 5319 τελείους,
3683 5244 3777 5306 καὶ

2171 5342 2311 5410 υἱοὺς
2359 5345 2537 5420 Θεοῦ,
2580 5342 2671 5403 καὶ
2718 5341 3125 5413 οἰκοδεσπότας,
3159 5339 3249 5398 καὶ
3279 5337 3510 5416 κυρίους.
3549 5336 3776 5396 Μανθά-

2169 5458 2328 5511 νομεν
2357 5432 2445 5508 δὲ,
2490 5431 2572 5491 ὅτι
2606 5435 2632 5490 6
2663 5431 2759 5510 μὲν
2793 5430 2929 5496 Θεὸς
2957 5430 3051 5501 τὴν
3105 5429 3367 5489 υἱοθεσίαν
3398 5426 3576 5505 (αὕτη
3609 5427 3710 5506 γὰρ
3739 5432 3774 5499 ἡ

2169 5522 2530 5605 κληρονομία)
2563 5522 2614 5592 ἐξ
2646 5525 2814 5603 ἀρχῆς
2838 5519 3100 5594 ἠϐούλετο
3136 5521 3344 5595 δοῦναι,
3368 5516 3485 5578 ἀλλ’
3514 5521 3548 5590 ἡ
3583 5517 3776 5591 νηπιόά

1856 5659 2043 5722 Variae
2057 5741 2066 5744 ᾖ
2085 5659 2400 5723 lectiones.

531 5749 579 5790 ⁸⁸
607 5749 699 5818 τὴν
724 5748 931 5821 φυσικὴν
957 5750 1185 5819 ἰδιότητα
1211 5765 1268 5808 0.
1345 5749 1388 5785 ⁸⁷
1419 5749 1624 5822 ἔχοντες
1651 5749 1804 5806 αὺτὸν
1837 5765 1897 5806 0.
