4124 6418
299 422 403 475 997

1178 422 1530 480 EXPOSITIO
1574 425 1637 479 IN
1678 424 1885 480 EPIST.
1924 424 2017 481 AD
2057 426 2298 482 CALAT.
2343 456 2408 466 —
2449 426 2600 483 CAP.
2643 426 2729 483 IV.

3501 430 3606 484 998

294 569 389 618 της
444 547 598 617 ἡμῶν
651 545 850 605 ἐκώλυε
865 546 941 608 ⁸⁸.
992 547 1320 626 Βουλόμενος
1354 548 1409 609 δὲ
1456 547 1600 611 πάνυ
1655 552 1895 609 καθελεῖν

2008 567 2114 607 nus
2135 550 2241 609 hoc
2264 551 2437 619 ﬁeret,
2460 550 2693 608 obstitit.
2715 550 2920 607 Volens
2943 558 3128 607 autem
3158 567 3384 624 prorsus
3416 554 3609 611 tollere

293 635 382 695 τὸν
408 633 601 711 νόμον,
634 639 731 695 οὐκ
776 626 955 710 εἶπεν,
987 637 1068 696 ὅτι
1105 640 1241 705 Ταῖς
1271 638 1497 719 ἡμέραις
1542 631 1680 717 ἦμεν
1713 641 1895 699 δεδου-

294 724 556 801 λωμένοι,
578 727 729 799 ἀλλ’,
772 749 804 782 α
831 725 974 786 ιΥιτὸ
1002 727 1069 787 τὰ
1100 737 1339 809 στοιχεῖα
1365 734 1455 788 τοῦ
1488 728 1711 807 κόσμου,
1743 751 1772 788 n
1810 729 1895 788 ἵνα

294 814 520 896 ἐντρέψῃ
550 817 757 890 μᾶλλον
804 813 927 883 τοὺς
962 816 1013 855 3°
1062 815 1153 876 καὶ
1198 817 1277 876 ἔτι
1333 822 1409 898 τῷ
1444 818 1589 899 νόμῳ
1620 820 1895 886 πείθοντας

292 903 597 984 προσέχειν.
648 904 745 977 Μὴ
792 910 1065 987 ταραχθῇς
1119 906 1172 965 δὲ
1227 906 1275 966 εἴ
1319 931 1378 985 γε
1421 910 1481 969 ἐκ
1518 915 1610 969 τοῦ
1663 910 1893 969 ἀκολού-

290 997 383 1051 θου
436 993 713 1075 ἐπίτροποι
761 994 854 1053 καὶ
908 995 1171 1073 οἰκονόμοι
1224 1004 1463 1057 νοοῦνται
1510 997 1577 1057 τὰ
1627 1007 1888 1079 στοιχεῖα.

293 1084 519 1161 Πρῶτον
585 1081 682 1160 μὲν
751 1084 854 1166 γὰρ
930 1083 1020 1144 τὸν
1076 1085 1235 1164 νόμον
1284 1088 1506 1167 ὀφείλεις
1521 1086 1572 1124 ⁹⁰
1608 1087 1891 1167 ἐπίτροπον

287 1180 463 1250 νοεῖν,
526 1170 708 1254 ὥσπερ
737 1173 828 1232 καὶ
876 1174 1251 1255 παιδαγωγὸν,
1300 1177 1420 1256 οὐχὶ
1448 1182 1650 1237 ταῦτα·
1708 1179 1891 1236 ἔπειτα

287 1260 385 1329 τὰς
418 1262 735 1340 νουμηνίας,
788 1262 881 1323 καὶ
949 1264 1017 1324 τὰ
1074 1265 1378 1340 Σάϐϐατα,
1429 1269 1666 1348 στοιχεῖα
1720 1258 1887 1328 εἶπεν.

288 1350 496 1420 Ἀλλως
536 1375 592 1411 τε
614 1396 630 1425 ,
664 1352 756 1412 καὶ
780 1353 869 1412 διὰ
898 1353 959 1413 τὸ
1004 1356 1062 1413 ἐκ
1093 1356 1398 1437 περιουσίας
1441 1359 1747 1437 ἀποστῆσαι
1799 1364 1889 1416 τοῦ

286 1440 451 1517 νόμου
469 1488 487 1516 ,
525 1441 618 1501 καὶ
642 1442 890 1523 ἐντρέψαι
914 1442 1132 1518 αὖτοὺς,
1170 1436 1339 1505 τοῦτο
1369 1445 1536 1513 οὕτως
1576 1436 1751 1520 εἶπεν,
1784 1448 1888 1506 ὥσ-

290 1553 392 1611 περ
421 1532 512 1591 καὶ
539 1530 738 1610 προῖὼν
772 1531 851 1590 ἔτι
888 1535 1089 1605 μᾶλλον
1123 1533 1297 1602 δείξει.
1330 1534 1487 1603 Τινὲς
1525 1535 1581 1595 δὲ
1612 1540 1883 1618 στοιχεῖα,

288 1620 379 1680 τὸν
410 1621 726 1700 στοιχειώδη
748 1621 841 1680 καὶ
871 1623 1219 1702 εἷσαγωγικὸν
1249 1623 1410 1699 νόμον
1442 1624 1686 1699 ἐνόησαν.

380 1731 411 1769 α
437 1707 575 1770 Ὅτε
596 1710 652 1769 δὲ
675 1709 803 1792 ἔλθῃ
824 1711 884 1769 τὸ
908 1711 1205 1794 πλήρωμα,
1228 1718 1320 1773 τοῦ
1339 1714 1557 1794 χρόνου,
1582 1714 1886 1784 ἐξαπέστει-

288 1799 379 1857 λεν
410 1802 438 1857 ὁ
468 1799 605 1867 Θεὸς
661 1800 749 1859 τὸν
796 1800 927 1860 Υἱὸν
968 1805 1134 1862 αὑτοῦ
1183 1802 1460 1882 γενόμενον
1496 1807 1556 1864 ἐκ
1605 1807 1882 1883 γυναικὸς,

286 1888 567 1965 γενόμενον
620 1888 724 1948 ὑπὸ
769 1889 962 1967 νόμον,
1014 1891 1103 1952 ἵνα
1157 1890 1279 1961 τοὺς
1336 1894 1437 1953 ὑπὸ
1486 1893 1645 1972 νόμον
1693 1894 1880 1973 ἐξαγο-

290 1976 463 2061 ράσῃ,
514 1977 600 2037 ἵνα
635 1976 733 2051 τὴν
769 1980 1034 2039 υἱοθεσίαν
1085 1981 1469 2060 ἀπολάϐωμεν.
1526 2010 1552 2038 υ
1588 1983 1735 2051 Τέως
1789 1987 1885 2061 μὲν

286 2056 376 2127 οῦν
410 2066 587 2138 νήπιοι
616 2067 761 2136 ὄντες
790 2069 894 2128 ὕπὸ
937 2070 1225 2147 νουμηνίας
1255 2063 1390 2147 ἦμεν
1449 2074 1539 2132 καὶ
1585 2072 1848 2134 Σάϐϐατα
1871 2101 1885 2113 ο

284 2154 373 2215 ὅτε
402 2156 456 2215 δὲ
492 2147 647 2229 ἦλθεν
691 2161 720 2217 ὁ
763 2159 1057 2242 ὡρισμένος
1093 2161 1276 2239 καιρὸς
1319 2165 1413 2233 τῆς
1454 2162 1775 2242 σαρκώσεως
1796 2171 1885 2223 τοῦ

285 2247 551 2326 Χριστοῦ,
580 2244 668 2307 ὅτε
714 2257 819 2306 πᾶν
855 2239 991 2316 εἶδος
1022 2249 1215 2318 κακίας
1246 2250 1292 2289 ⁹¹
1330 2239 1663 2321 διεξελθοῦσα
1695 2257 1727 2325 ἡ
1777 2254 1883 2335 φύ-

284 2358 367 2401 σις
406 2340 441 2409 ἡ
473 2337 777 2418 ἀνθρωπίνη
809 2339 974 2397 ἐδεῖτο
1003 2339 1322 2418 θεραπείας,
1360 2365 1391 2398 α
1424 2341 1765 2409 ἐξαπέστειλε
1796 2344 1885 2403 τὸν

284 2424 416 2485 Υἱὸν
452 2426 613 2485 αὐτοῦ
644 2429 672 2485 ὁ
701 2428 839 2495 Θεὸς
887 2452 919 2485 ν
940 2428 1294 2512 ῳ(τουτέστιν,
1342 2431 1637 2503 ηὐδόκησεν
1684 2434 1883 2512 ἐλθεῖν)

294 2537 325 2572 α
352 2515 657 2593 γενόμενον,
687 2538 719 2576 ι
770 2518 867 2577 οὐκ
919 2509 1033 2577 εἶπε
1067 2518 1155 2576 διὰ
1201 2520 1469 2598 γυναικὸς,
1497 2520 1585 2579 ἵνα
1618 2521 1696 2599 μὴ
1730 2509 1881 2604 πάρέ-

284 2606 402 2663 οδον
452 2605 671 2686 εὕρωσιν
699 2608 748 2666 οἱ
796 2608 1072 2688 λέγοντες,
1105 2611 1175 2675 ὡς
1212 2609 1296 2669 διὰ
1319 2612 1555 2683 σωλῆνος
1585 2615 1678 2683 τῆς
1709 2615 1882 2692 Παρ-

287 2692 437 2753 θένου
470 2696 691 2755 διελθεῖν
720 2694 809 2755 τὸν
866 2697 1059 2777 Κύριον
1094 2698 1231 2757 κατὰ
1274 2699 1573 2779 φαντασίαν
1628 2701 1842 2769 πάντως
1870 2725 1885 2742 ο

286 2784 428 2858 ἀλλ’,
482 2805 513 2843 α
561 2784 662 2846 Ἐκ
689 2786 964 2865 γυναικός·
1018 2810 1047 2847 ι)
1105 2787 1407 2860 τουτέστιν,
1456 2793 1514 2849 ἐκ
1568 2793 1663 2862 τῆς
1707 2791 1887 2860 οὐσίας

286 2874 452 2945 αὐτῆς
499 2876 659 2953 σῶμα
686 2874 955 2950 λαϐόντα,
1006 2876 1097 2936 καὶ
1132 2877 1333 2958 καρπὸν
1364 2876 1492 2937 ὄντα
1544 2883 1638 2951 τῆς
1685 2880 1889 2949 κοιλίας

289 2964 469 3035 αὐτῆς.
504 2962 753 3042 Ἐγένετο
798 2963 854 3024 δὲ
886 2966 990 3025 ὕπὸ
1030 2967 1230 3045 νόμον,
1280 2969 1627 3048 περιτμηθεὶς
1680 2973 1774 3031 καὶ
1801 2994 1888 3031 τε·

283 3052 443 3120 λέσας
505 3053 721 3132 πάντα,
785 3052 853 3113 ἵν’
913 3056 1062 3125 ἐκτὸς
1116 3061 1210 3130 τῆς
1278 3058 1520 3139 κατάρας
1574 3059 1882 3139 γενόμενος,

287 3144 429 3219 ἡμᾶς
447 3142 767 3224 ἐξαγοράσῃ.
801 3144 910 3205 Δύο
942 3145 997 3204 δὲ
1028 3146 1418 3226 κατορθώματά
1452 3171 1582 3230 φησι
1629 3154 1724 3221 τῆς
1753 3174 1880 3230 σαρ-

2006 640 2207 711 lcgem,
2239 656 2351 697 non
2392 640 2557 707 dixit,
2587 640 2819 706 Diebus,
2849 638 2967 709 sed,
3010 662 3037 690 ι
3072 641 3377 698 Elementis
3409 642 3609 699 mundi

2005 747 2227 788 eramus
2255 730 2311 787 in
2336 731 2659 788 servitutem
2698 730 2878 787 adacti
2910 747 2923 785 :
2962 752 2987 779 ι
3020 746 3131 802 quo
3175 732 3348 803 magis
3376 732 3611 804 pudefa—

2004 820 2114 876 ciat
2132 837 2227 878 eos
2264 821 2355 893 qui
2380 820 2483 893 legi
2514 819 2945 877 incumbendum
2971 819 3223 877 suadent.
3255 824 3339 878 Ne
3368 822 3609 879 turberis

2002 918 2211 979 autem,
2241 911 2287 968 si
2327 926 2393 967 ex
2422 910 2782 983 consequenti
2830 918 3044 966 tutores
3071 918 3128 966 et
3169 919 3452 967 curatores
3493 912 3606 967 ele-

2002 1010 2189 1057 menta
2239 1001 2632 1073 intelligantur.
2690 1001 2944 1057 Primum
3001 1000 3152 1057 enim
3202 1002 3383 1072 legem
3437 1000 3607 1057 debes

1999 1090 2244 1161 accipere
2266 1098 2506 1146 tutorem
2523 1131 2538 1159 ,
2566 1090 2793 1161 perinde
2816 1106 2880 1145 ac
2909 1090 3271 1163 pedagogum
3288 1132 3304 1159 ,
3331 1106 3448 1147 non
3477 1090 3601 1147 ista.

2004 1180 2215 1236 Deinde
2242 1181 2562 1237 neomenias
2592 1190 2645 1237 et
2666 1181 2901 1237 Sabbata
2930 1182 3198 1237 elementa
3234 1181 3406 1254 35.8
3447 1182 3602 1239 dixit.

2000 1271 2288 1339 Prmterea,
2318 1279 2381 1327 ut
2402 1269 2620 1326 abunde
2647 1286 2743 1326 eos
2780 1287 2808 1325 a
2839 1271 2955 1343 lege
2978 1270 3209 1327 deﬁcere
3236 1270 3405 1327 faciat
3442 1281 3605 1344 atque

2001 1358 2329 1431 pudefaciat,
2359 1359 2465 1416 hoc
2490 1361 2565 1417 ita
2596 1359 2758 1428 dixit,
2785 1359 3257 1431 quemadmodum
3280 1360 3336 1415 in
3366 1376 3611 1433 progres-

1996 1465 2061 1505 su
2088 1448 2345 1521 deinceps
2372 1450 2895 1506 uberiusindicabit.
2923 1450 3184 1506 Nonnulli
3209 1466 3307 1522 per
3326 1451 3600 1506 elementa

1997 1539 2381 1595 elementalem
2436 1549 2492 1596 et
2544 1539 3007 1595 introductoriam
3079 1540 3256 1612 legem
3323 1540 3605 1597 intellexe-

1996 1637 2145 1684 runt.

2067 1720 2251 1774 Vnus.
2295 1724 2409 1787 4,5.
2466 1736 2495 1771 «
2536 1721 2612 1774 At
2659 1717 2756 1774 ubi
2804 1718 2947 1774 venit
2984 1717 3270 1790 plenitudo
3314 1717 3602 1789 temporis,

1994 1807 2147 1863 misit
2181 1811 2325 1863 Deus
2354 1808 2550 1863 Filium
2578 1824 2762 1875 suum,
2790 1806 2994 1863 factum
3016 1823 3078 1862 ex
3112 1807 3365 1875 muliere,
3393 1806 3601 1864 factum

1996 1896 2099 1952 sub
2143 1898 2279 1969 lege,
2318 1904 2382 1953 ut
2421 1912 2515 1953 eos
2552 1896 2645 1968 qui
2678 1897 2781 1952 sub
2824 1898 2941 1969 lege
2990 1905 3145 1953 erant
3193 1896 3511 1965 redimeret,
3542 1905 3603 1953 ut

1998 1986 2350 2057 adoptionem
2399 1985 2639 2041 ﬁliorum
2678 1986 3079 2057 reciperemus.
3128 2009 3153 2035 ιο
3202 1986 3480 2055 Quandiu,
3513 1986 3598 2042 in-

1998 2076 2135 2150 quit,
2176 2075 2414 2132 infantes
2463 2090 2711 2145 eramus,
2764 2075 2986 2146 subiecti
3037 2074 3251 2131 fuimus
3300 2074 3601 2131 neomeniis

1995 2175 2048 2221 et
2094 2166 2344 2223 Sabbatis
2392 2183 2406 2221 :
2454 2174 2511 2222 at
2562 2166 2902 2239 simulatque
2951 2165 3170 2222 advenit
3224 2166 3600 2237 praestitutum

1996 2265 2215 2329 tempus
2242 2256 2638 2313 incarnationis
2664 2256 2891 2326 Christi,
2940 2272 3072 2312 cum
3118 2271 3283 2312 omne
3329 2256 3601 2312 scelerum

1996 2361 2168 2418 genus
2191 2360 2478 2418 pergressa
2519 2345 2765 2401 humana
2794 2354 2989 2401 natura
3020 2361 3161 2416 opus
3190 2344 3421 2401 haberet
3449 2360 3603 2401 cura-

1997 2437 2172 2505 tione,
2206 2458 2231 2483 «
2261 2436 2416 2491 misit
2442 2438 2597 2492 Deus
2621 2435 2826 2491 Filium
2856 2450 3017 2490 suum
3041 2453 3070 2486 ››
3101 2435 3229 2502 (hoc
3271 2442 3370 2502 est,
3401 2434 3603 2505 placuit

1996 2526 2133 2581 eiut
2158 2524 2419 2597 veniret),
2460 2526 2743 2581 «Factum
2786 2548 2809 2573 ιι
2843 2540 2954 2579 non
2977 2524 3133 2591 dixit,
3166 2540 3261 2595 per
3285 2524 3599 2590 mulierem,

1996 2631 2067 2670 ne
2109 2614 2320 2671 aditum
2372 2614 2653 2670 inveniant
2698 2613 2793 2687 qui
2852 2622 3103 2670 asserunt
3149 2613 3453 2669 Dominum
3506 2629 3603 2685 per

1995 2704 2258 2776 virginem
2329 2719 2430 2761 ceu
2502 2703 2752 2760 canalem
2825 2702 3104 2759 transiisse
3167 2702 3313 2757 inani
3378 2715 3602 2773 prorsus

1995 2794 2341 2866 apparentia,
2365 2791 2483 2861 sed,
2520 2812 2548 2845 ιι
2575 2794 2656 2848 Ex
2678 2792 2937 2860 muliere,
2965 2815 2990 2841 ιι
3013 2792 3119 2847 hoc
3144 2799 3257 2856 est,
3283 2807 3313 2847 a
3344 2790 3601 2847 substan-

1999 2885 2067 2940 lia
2127 2883 2354 2955 virginis
2403 2898 2604 2955 corpus
2663 2882 3036 2954 accipientem,
3088 2889 3145 2937 et
3203 2880 3414 2936 fructus
3464 2880 3603 2936 uteri

1996 2974 2168 3046 ipsius
2217 2973 2598 3029 exsistentem.
2651 2975 2852 3030 Factus
2917 2980 3101 3028 autem
3157 2969 3265 3026 fuit
3308 2970 3410 3025 sub
3461 2971 3599 3043 lege,

1996 3079 2126 3119 cum
2161 3062 2522 3119 circumcisus
2560 3069 2693 3133 erat,
2738 3061 3038 3135 omniaque
3080 3060 3214 3135 legis
3252 3058 3499 3132 perfecit,
3543 3067 3604 3115 ut

1989 3153 2058 3210 ab
2105 3151 2479 3210 exsecratione
2545 3160 2853 3225 exemptus,
2915 3150 2984 3207 ab
3058 3149 3437 3206 exsecratione
3498 3165 3602 3205 nos

287 3231 501 3301 κώσεως
520 3238 613 3292 τοῦ
659 3237 895 3315 Χριστοῦ
918 3258 932 3273 ·
977 3235 1039 3296 τό
1072 3258 1131 3295 τε
1162 3235 1479 3317 ἐξαγοράσαι
1520 3242 1665 3317 ἡμᾶς
1707 3241 1768 3299 ἐκ
1791 3244 1885 3312 τῆς

1998 3242 2302 3299 redimeret.
2328 3246 2453 3299 Duo
2498 3250 2687 3298 autem
2735 3241 2938 3299 Christi
2984 3240 3378 3297 incarnationis
3419 3237 3603 3295 ofﬁcia

287 3326 382 3381 τοῦ
411 3321 572 3400 νόμου
600 3324 869 3404 κατάρας,
900 3325 995 3384 καὶ
1030 3325 1092 3385 τὸ
1141 3328 1434 3385 ἀποδοῦναι
1471 3327 1565 3399 τὴν
1600 3329 1888 3391 υἱοθεσίαν.

298 3432 327 3469 α
356 3410 743 3488 Ἀπολάϐωμεν
776 3438 807 3471 ιο
861 3414 949 3493 δὲ⁷
998 3404 1145 3485 εἶπε,
1209 3415 1411 3485 δεικνὺς
1463 3416 1661 3477 ἄνωθεν
1711 3419 1803 3477 καὶ
1837 3418 1890 3488 ἐξ

286 3501 606 3580 ἐπαγγελίας
642 3503 991 3581 ὀφειλομένην
1021 3503 1221 3577 ταύτην
1265 3511 1431 3585 ἡμῖν,
1462 3508 1507 3565 εἶ
1536 3506 1628 3565 καὶ
1658 3506 1733 3585 μὴ
1776 3507 1888 3567 ἐδί-

286 3591 408 3649 δοτο
436 3589 523 3650 διὰ
557 3591 651 3665 τὴν
681 3593 1001 3668 νηπιότητα.
1039 3594 1148 3655 Καὶ
1168 3594 1270 3675 γὰρ
1300 3594 1390 3655 καὶ
1502 3598 1890 3677 ἐπαῃελθεῖσα

287 3681 364 3760 τῷ
390 3678 635 3762 Ἀϐραὰμ
683 3682 1049 3766 κληρονομία,
1083 3688 1119 3761 ἡ
1160 3686 1395 3744 υἱοθεσία
1424 3676 1516 3758 ἦν.
1548 3684 1614 3748 Ὁ
1653 3686 1757 3768 γὰρ
1786 3685 1893 3754 υἱὸς

290 3771 631 3850 κληρονομεῖ.

382 3961 412 3999 ιι
431 3939 565 4004 Ὀτι
596 3942 654 4003 δέ
683 3944 802 4005 ἐστε
832 3943 969 4023 υἱοὶ,
1004 3943 1373 4015 ἐξαπέστειλεν
1399 3949 1428 4007 ὃ
1458 3946 1593 4016 Θεὸς
1623 3946 1683 4007 τὸ
1714 3950 1894 4009 Πνεῦ-

288 4054 367 4119 μα
396 4035 488 4091 τοῦ
522 4034 657 4094 Υἱοῦ
691 4037 849 4094 αὐτοῦ
881 4036 935 4094 ἐν
985 4043 1103 4102 ταῖς
1150 4036 1395 4119 καρδίαις
1438 4040 1621 4115 ὑμῶν,
1668 4038 1893 4119 κράζον·

288 4118 458 4181 Ἀϐϐὰ
483 4126 511 4182 ὁ
560 4124 777 4202 Πατήρ.
801 4119 975 4184 εὨστε
1026 4125 1201 4185 οὐκέτι
1233 4116 1281 4185 εἷ
1318 4128 1536 4201 δοῦλος,
1570 4116 1717 4187 ἀλλὰδ
1739 4128 1847 4196 υἱός
1874 4147 1890 4164 ⁸

288 4212 336 4268 εἶ
391 4210 446 4270 δὲ
501 4212 629 4286 υἱὸς,
678 4214 769 4272 καὶ
835 4214 1192 4295 κληρονόμοςθ
1224 4216 1550 4297 κληρονόμος
1596 4218 1691 4295 μὲν
1724 4220 1895 4292 Θεοῦ,

291 4302 719 4381 συγκληρονόμος
749 4303 803 4362 δὲ
860 4306 1128 4383 Χριστοῦ.
1184 4330 1216 4363 ιι
1253 4306 1465 4381 Πόθεν,
1517 4307 1678 4388 φησὶ,
1737 4309 1897 4379 δῆλον

288 4388 371 4449 ὅτι
423 4390 684 4459 υἱοθεσίας
734 4392 1075 4473 ἠξιώθημενς
1131 4393 1395 4465 Ἀπέδειξε
1460 4398 1557 4471 μὲν
1612 4396 1740 4457 αὐτὸ
1797 4395 1889 4457 καὶ

1998 3332 2164 3390 nobis
2204 3331 2423 3405 exponit
2459 3331 2762 3400 :alterum,
2803 3338 2868 3387 ut
2896 3346 2995 3386 nos
3026 3330 3320 3386 redimeret
3356 3329 3425 3385 ab
3454 3344 3606 3385 exse-

2000 3422 2243 3478 cratione
2288 3421 2424 3493 legis
2473 3438 2487 3475 :
2533 3423 2791 3491 alterum,
2844 3428 2904 3476 ut
2948 3420 3396 3476 subministraret
3452 3419 3609 3474 nobis

2002 3511 2356 3583 adoptionem
2412 3509 2677 3566 ﬁliorum.
2734 3508 3127 3581 Beciperemus
3180 3516 3388 3576 autem,
3441 3506 3601 3575 dixit,

2001 3600 2248 3656 indicans
2292 3600 2441 3671 quod
2481 3598 2602 3670 jam
2656 3607 2813 3654 antea
2864 3614 2929 3652 ex
2980 3597 3346 3669 promissione
3393 3595 3460 3653 ad
3503 3613 3604 3654 nos

2002 3689 2343 3761 pertinuerit,
2396 3688 2615 3745 etiamsi
2658 3688 2729 3744 ob
2777 3686 3073 3743 infantiam
3140 3693 3389 3741 nostram
3442 3685 3604 3743 nobis

2000 3795 2115 3835 non
2145 3778 2309 3834 fuerit
2335 3777 2486 3834 data.
2532 3780 2681 3833 Nam
2713 3786 2766 3832 et
2793 3775 3085 3832 haareditas
3129 3773 3447 3830 Abrahamo
3476 3791 3602 3846 pro-

2002 3867 2191 3934 missa,
2221 3866 2446 3938 adoptio
2484 3873 2620 3922 erat.
2658 3865 2827 3922 Filius
2852 3864 3000 3920 enim
3030 3864 3415 3920 hereditatem
3454 3863 3593 3920 adit.

2074 3959 2246 4013 Vsus.
2296 3962 2411 4026 6,7.
2456 3976 2484 4007 ‹‹
2532 3954 2808 4025 Quoniam
2854 3960 3039 4011 autem
3090 3953 3221 4011 estis
3255 3952 3372 4023 ﬁlii,
3423 3952 3604 4009 emisit

2003 4050 2154 4102 Deus
2189 4045 2447 4118 Spiritum
2480 4044 2600 4102 Filii
2630 4045 2713 4101 sui
2733 4044 2785 4100 in
2811 4042 2980 4100 corda
3011 4053 3212 4111 vestra,
3239 4041 3569 4097 clamantem
3588 4084 3602 4111 ,

2005 4135 2161 4191 Abba
2195 4137 2379 4191 Pater.
2410 4138 2605 4207 Itaque
2626 4133 2745 4207 jam
2788 4150 2903 4189 non
2943 4149 3003 4189 es
3041 4148 3251 4201 servus,
3281 4130 3379 4187 sed
3414 4131 3556 4187 ﬁlius
3588 4153 3599 4188 :

2004 4224 2048 4282 si
2072 4233 2257 4281 autem
2276 4224 2467 4291 Filius,
2506 4232 2561 4279 et
2584 4223 2777 4294 haeres,
2811 4223 2986 4281 haeres
3014 4222 3236 4296 quidem
3266 4222 3389 4290 Dei,
3418 4221 3605 4278 cohae-

2005 4329 2093 4371 res
2112 4322 2299 4370 autem
2325 4313 2545 4369 Christi.
2586 4336 2609 4362 ιι
2638 4313 2820 4381 Unde,
2854 4312 3053 4385 inquit,
3098 4312 3323 4385 planum
3350 4320 3431 4367 est
3456 4311 3606 4385 quod

2000 4403 2241 4461 ﬁliorum
2292 4401 2592 4475 adoptione
2648 4401 2837 4459 donati
2876 4406 3109 4460 sumus?
3150 4400 3420 4458 Patefecit
3463 4401 3608 4459 istud

289 4478 711 4595 ¹ξίριὶτερονζηϐτε
737 4482 952 4595 *ἔδειξεν
1000 4486 1431 4595 ᾑὶμᾶςὶΧριστὸν
1488 4486 1886 4592 ἐνδεδυμένους,

1998 4492 2252 4560 antehac,
2303 4492 2525 4565 quando
2556 4492 2819 4548 indicavit
2854 4508 2955 4549 nos
3008 4491 3287 4549 Christum
3337 4490 3599 4559 induisse,

289 4565 345 4638 ὅς
376 4572 519 4631 ἐστιν
542 4570 669 4639 Υἱός
690 4595 705 4610 ο
732 4570 965 4633 δείκνυσι
995 4573 1051 4632 δὲ
1086 4574 1180 4633 καὶ
1203 4565 1291 4634 νῦν
1308 4618 1325 4650 ,
1358 4576 1418 4634 ἐκ
1444 4579 1537 4634 τοῦ
1565 4574 1629 4635 τὸ
1662 4578 1886 4653 Πνεῦμα

288 4662 433 4737 ἡμᾶς
487 4660 708 4735 λαϐεῖν,
741 4660 770 4720 ὃ
816 4662 1218 4743 παρασκευάζει
1264 4668 1407 4742 ἡμᾶς
1447 4663 1672 4746 Πατέρα
1702 4668 1885 4725 καλεῖν

284 4747 379 4810 τὸν
404 4750 570 4825 Θεὸν,
611 4755 714 4810 τῶν
763 4755 996 4835 καρδιῶν
1026 4756 1183 4831 ἡμῶν
1212 4754 1512 4833 ἀπτόμενον
1565 4756 1752 4823 ἐνθέως
1796 4755 1889 4816 καὶ

288 4844 679 4920 καιωπρεπῶς.
713 4843 886 4904 Τοῦτο
928 4841 983 4902 δὲ
1017 4844 1113 4904 οὔκ
1155 4841 1219 4903 ἂν
1259 4843 1495 4924 ἐγένετο,
1526 4845 1572 4905 εἰ
1617 4845 1692 4925 μὴ
1714 4846 1885 4905 υἱοθε-

291 4928 411 4996 σίας
460 4929 783 5010 ἠξιώθημεν.
832 4928 1011 4993 ⁶Ωστε
1060 4933 1175 4992 ἐπεὶ
1218 4933 1320 4994 υἱοί
1348 4936 1508 5014 ἐσμεν
1560 4936 1651 4995 καὶ
1702 4940 1891 5018 κληρο-

290 5018 438 5098 νόμοι
485 5023 546 5080 οὖ
586 5026 694 5081 τῶν
725 5023 1002 5103 τυχόντων
1044 5024 1415 5105 πραγμάτων,
1449 5024 1589 5084 ἀλλὰ
1645 5028 1751 5085 τῶν
1797 5031 1889 5085 τοῦ

289 5110 462 5185 Θεοῦ,
495 5110 587 5170 καὶ
634 5112 992 5193 συμμερισταὶ
1022 5119 1113 5172 τοῦ
1165 5116 1521 5193 Μονογενοῦς,
1568 5117 1624 5175 τί
1651 5115 1813 5176 πάλιν
1837 5115 1890 5152 ⁹²

350 5202 471 5260 ῦλοι
525 5201 810 5281 γινόμεθα,
880 5203 971 5263 καὶ
1024 5205 1312 5282 ἀθετοῦμεν
1356 5204 1454 5277 τὴν
1505 5206 1889 5281 υἱοθετήσασαν

288 5292 435 5362 ἡμᾶς
461 5290 640 5349 πίστιν
659 5339 675 5369 ,
708 5295 786 5373 τῷ
810 5292 957 5375 νόμῳ
986 5292 1371 5374 προσέχοντες,

380 5488 407 5519 ι
440 5461 603 5526 Ἀλλᾶ
640 5463 759 5527 τότε
805 5463 904 5543 μὲν
950 5466 1049 5525 οὐκ
1096 5465 1288 5535 εἰδότες
1330 5465 1499 5544 Θεὸν,
1544 5467 1889 5529 ἐδουλεύσατε

1997 4584 2091 4654 qui
2130 4592 2213 4640 est
2244 4583 2433 4640 Filius.
2485 4581 2742 4639 Ostendit
2794 4590 2982 4638 autem
3027 4581 3356 4649 etiamnum,
3414 4597 3481 4636 ex
3537 4596 3603 4636 eo

1999 4671 2149 4744 quod
2185 4672 2454 4744 Spiritum
2480 4687 2584 4728 nos
2612 4671 3009 4744 acceperimus,
3039 4670 3132 4743 qui
3158 4669 3394 4725 instituit
3417 4685 3518 4725 nos
3545 4676 3611 4725 ut

1995 4764 2217 4819 Patrem
2279 4777 2537 4818 vocemus
2591 4765 2795 4830 Deum,
2840 4776 2983 4817 novo
3032 4759 3273 4833 quodam
3322 4757 3489 4814 modo
3547 4766 3606 4814 et

1995 4851 2182 4909 divino
2211 4850 2381 4908 corda
2407 4860 2594 4908 nostra
2629 4849 3032 4908 commovendo
3065 4868 3079 4905 :
3111 4848 3260 4922 quod
3300 4856 3448 4904 certe
3489 4864 3604 4904 non

1998 4941 2185 5011 ﬁeret,
2228 4941 2286 4996 ni
2326 4940 2570 4997 ﬁliorum
2611 4940 2839 5012 adoptio
2886 4939 3043 4996 nobis
3078 4938 3209 4995 data
3241 4946 3405 4995 esset.
3441 4939 3603 5008 Quo-

1998 5031 2141 5088 circa
2179 5045 2306 5087 cum
2351 5029 2449 5086 ﬁlii
2479 5030 2652 5086 simus
2706 5038 2760 5084 et
2813 5027 3085 5097 hazredes,
3136 5044 3251 5084 non
3283 5027 3596 5096 vulgarium

1998 5127 2145 5176 certe
2211 5135 2429 5189 rerum,
2496 5127 2763 5175 cmterum
2810 5118 3087 5175 bonorum
3154 5117 3491 5186 divinorum,
3549 5124 3604 5173 et

1995 5208 2301 5283 Unigenito
2346 5208 2693 5277 cohaeredes,
2723 5224 2821 5263 cur
2872 5223 3063 5263 rursus
3112 5207 3254 5264 servi
3293 5206 3591 5276 efﬁcimur,

1997 5298 2273 5372 ﬁdemque
2291 5315 2414 5372 qua:
2440 5314 2543 5355 nos
2565 5300 2622 5354 in
2648 5297 2790 5355 ﬁlios
2813 5297 3111 5370 adOptavit,
3138 5297 3240 5371 legi
3272 5296 3603 5355 attendendo

2002 5389 2323 5463 rejicimus?

2075 5481 2262 5537 Vnns.
2286 5486 2340 5536 8.
2374 5502 2401 5530 ιι
2430 5478 2541 5538 Sed
2568 5487 2699 5537 tunc
2721 5478 2945 5552 quidem
2969 5478 3285 5552 ignorantes
3312 5480 3512 5548 Deum,
3536 5478 3603 5535 iis

1680 5621 1874 5683 Variae
1916 5623 2225 5686 lectiones.

364 5739 411 5775 ⁸⁸
438 5738 689 5805 ὲνεπόδιζι
717 5758 776 5802 o.
853 5742 899 5781 ”
922 5743 1101 5809 mimi»;
1123 5760 1202 5803 ω.
1280 5746 1325 5781 ⁹⁰
1351 5745 1618 5821 ὀφείλομεν
1647 5763 1707 5807 o.
1783 5750 1823 5784 ⁰¹
1855 5748 2049 5818 πλάνης
2074 5765 2133 5808 o.
2208 5750 2253 5785 ’³
2282 5748 2449 5807 τοίνυν
2472 5764 2534 5809 0.
