4124 6444
497 421 620 511 ’999

1525 447 2042 504 THEOPHYLACTI
2079 447 2438 505 BULGARl/E
2473 449 2790 506 ARCHIEP.

3678 453 3697 506 l
3709 451 3818 508 000

510 582 600 656 qui
639 589 833 638 natura
873 593 987 634 non
1027 583 1160 633 sunt
1191 573 1264 632 dii
1312 573 1654 630 serviebatis.
1704 597 1729 622 ιι
1763 573 1871 630 Hic
1910 573 1980 631 ad
2018 589 2090 631 eo;

2223 575 2330 643 τοῖς
2379 574 2455 653 μὴ
2503 575 2656 657 φύσει
2705 565 2820 635 οὖσι
2872 580 3025 643 θεοῖς.
3057 601 3087 634 n
3123 575 3393 638 Ἐνταῦθα
3436 575 3566 654 πρὸς
3595 573 3718 645 τοὺς
3762 575 3818 645 ἐξ

512 671 605 746 qui
648 688 716 730 ex
753 669 1010 743 gentibus
1037 665 1411 733 crediderant,
1456 665 2109 732 sermonemrtit,

511 769 953 822 commonstrans
980 756 1348 813 idololatriam
1375 769 1493 810 esse
1518 753 1735 810 dierum
1765 754 2109 812 observatio-

509 871 661 920 nem,
682 851 937 924 quodque
956 847 1116 904 hodie
1137 847 1258 918 plus
1277 853 1527 917 peccant,
1549 861 1717 917 quam
1737 845 1892 900 olim.
1913 846 2108 917 Quon-

507 943 639 1000 dam
684 941 855 1009 enim,
904 937 1100 1010 inquit,
1158 934 1490 1007 ignorabatis
1534 937 1739 1002 Deum,
1795 933 1965 1005 349
2004 949 2106 990 ceu

507 1031 744 1089 tenebris
774 1030 909 1102 septi
938 1037 1103 1100 atque
1130 1026 1362 1092 seducti,
1411 1040 1476 1080 ac
1516 1032 1801 1096 propterea
1831 1023 2102 1080 servieba-

505 1124 578 1180 tis
607 1122 708 1178 soli
749 1129 806 1178 et
843 1120 986 1175 lunae
1033 1132 1155 1190 quas
1180 1132 1290 1171 non
1315 1124 1507 1170 natura
1535 1122 1667 1171 sunt
1701 1113 1794 1170 dii.
1823 1114 1948 1169 J'am
1976 1129 2104 1170 vero

504 1213 548 1271 si
595 1221 719 1286 post
775 1209 1020 1266 veritatis
1057 1206 1389 1279 agnitionem
1429 1203 1547 1260 dies
1592 1203 1927 1270 observetis,
1971 1203 2106 1259 nihil

505 1304 651 1361 aliud
691 1317 856 1377 quam
903 1297 1188 1358 elementis
1234 1296 1471 1366 servitis;
1514 1309 1637 1366 quae
1681 1293 1835 1367 pejor
1874 1301 1956 1350 est
1998 1293 2100 1351 im-

505 1399 695 1471 pietas.

577 1490 756 1544 Vnus.
782 1492 835 1543 6.
868 1507 894 1534 ι
927 1486 1089 1540 Nunc
1119 1487 1303 1536 autem
1329 1493 1457 1534 cum
1484 1474 1846 1544 cognoveritis
1878 1477 2095 1544 Deum,

506 1580 620 1635 imo
646 1575 848 1649 cogniti
873 1573 992 1631 sitis
1018 1589 1049 1628 a
1089 1574 1228 1636 Deo,
1257 1566 1539 1640 quomodo
1565 1565 1942 1622 convertimini
1973 1581 2100 1621 rur-

505 1685 598 1724 sus
637 1667 701 1724 ad
745 1664 962 1722 inﬁrma
1006 1669 1060 1718 et
1101 1675 1271 1731 egena
1321 1658 1613 1722 elementa,
1657 1655 1861 1727 quibus
1915 1655 2098 1712 denuo

504 1757 704 1814 servire
748 1753 951 1811 vultis?
1000 1775 1026 1801 ιο
1073 1753 1234 1806 Nunc
1286 1756 1494 1811 autem,
1539 1745 1736 1818 inquit,
1791 1744 2096 1817 cognovisti

507 1851 708 1913 Deum,
735 1845 848 1900 imo
879 1841 1058 1914 potius
1094 1855 1206 1895 non
1231 1853 1328 1893 vos
1362 1835 1580 1908 proprio
1615 1834 1800 1890 labore
1819 1833 2099 1891 invenistis

501 1946 556 1994 et
580 1935 876 2009 agnovistis
910 1935 1092 1986 Deum
1124 1935 1320 2000 (neque
1360 1926 1508 1981 enim
1547 1924 1873 1996 quaesivistis
1913 1925 2098 1980 omni-

502 2032 618 2095 no),
648 2025 743 2082 sed
773 2025 889 2096 ipse
931 2037 1028 2076 vos
1067 2020 1120 2074 in
1151 2015 1440 2090 profundis
1469 2015 1712 2069 tenebris
1747 2022 1976 2085 agentes
2009 2014 2101 2069 in-

498 2116 714 2190 quisivit
733 2122 786 2171 et
802 2110 1122 2180 assumpsit.
1149 2130 1175 2157 ι
1204 2105 1483 2178 Cognitos,
1502 2127 1525 2151 υ
1545 2103 1698 2159 enim
1720 2119 1840 2174 pro,
1866 2107 2100 2159 Assum-

503 2216 625 2278 ptos
686 2221 718 2261 a
773 2206 916 2270 Deo,
987 2199 1146 2256 dixit.
1199 2193 1494 2269 Quomodo
1540 2193 1708 2264 igitur
1754 2192 2096 2249 revertimini

499 2311 690 2353 rursus
738 2292 809 2350 ad
856 2306 1028 2364 egena
1071 2296 1126 2343 et
1165 2284 1453 2341 imbecillia
1481 2283 1793 2340 elementa?
1845 2281 1950 2339 hoc
1992 2291 2096 2351 est,

498 2401 623 2460 quae
649 2384 867 2439 nullum
893 2381 1060 2437 robur
1085 2376 1288 2433 habent
1313 2373 1380 2429 ad
1414 2372 1695 2446 proposita
1725 2371 1889 2429 nobis
1919 2371 2061 2428 bona
2079 2414 2093 2441 ,

496 2485 550 2533 et
591 2490 717 2548 quae
757 2463 868 2529 vos
919 2466 1271 2541 spiritualiter
1308 2464 1503 2537 juvare
1554 2467 1868 2534 nequeunt?
1921 2461 2094 2519 Simul

494 2575 678 2622 autem
713 2571 979 2635 tanquam
1034 2557 1310 2614 intellectu
1368 2563 1422 2610 et
1466 2569 1650 2622 sensu,
1694 2552 1941 2625 adeoque
1986 2552 2093 2609 vita

493 2647 682 2711 orbata
712 2660 918 2716 essent,
952 2665 1121 2722 egena
1154 2647 1274 2703 hac
1322 2651 1480 2701 vocat
1508 2651 1564 2698 et
1593 2643 1844 2712 inﬁrma,
1877 2641 2092 2699 etiamsi

496 2745 601 2801 hoc
647 2743 854 2801 Graecis
889 2739 1194 2811 displiceat.
1243 2732 1656 2804 Pseudapostoli
1706 2732 1921 2804 itaque,
1966 2740 2090 2787 tan-

493 2849 658 2905 quam
696 2831 830 2904 legis
865 2828 1140 2892 vindices,
1182 2824 1400 2881 dierum
1453 2821 1865 2877 observationes
1909 2823 2084 2876 intro-

491 2922 778 2979 duxerunt.
837 2922 956 2990 Ipse
1005 2924 1192 2972 autem
1259 2911 1654 2984 sapientissime
1716 2909 2087 2966 idololatrian)

489 3027 607 3068 rem
638 3010 811 3081 ipsam
840 3015 1017 3072 vocat,
1047 3019 1214 3075 quam
1233 3010 1287 3057 et
1315 3002 1432 3072 ipsa
1476 3001 1562 3055 lex
1593 2996 1869 3070 prohibet.
1903 3000 2089 3070 Quare

493 3102 582 3175 qui
611 3101 715 3156 ista
755 3097 975 3162 docent,
1004 3093 1108 3166 legi
1134 3092 1304 3149 etiam
1343 3089 1726 3147 adversantur.

565 3193 750 3247 Vnus.
787 3192 872 3242 lo.
910 3210 934 3234 ει
977 3185 1104 3240 Dies
1146 3181 1477 3247 observatis,
1508 3187 1560 3234 et
1589 3193 1840 3245 menses,
1872 3187 2091 3279 etItem-
2120 3215 2163 3279 ϐ

493 3297 645 3352 pora,
691 3287 749 3335 et
790 3291 983 3332 annos.
1037 3293 1062 3324 ι)
1103 3271 1177 3327 Ex
1229 3271 1316 3326 bis
1370 3271 1592 3341 planum
1631 3276 1738 3337 est,
1789 3267 1940 3340 quod
1978 3284 2091 3323 non

492 3371 674 3428 solum
712 3364 1189 3425 circumcisionem
1239 3359 1607 3434 praedicabant
1655 3357 2088 3431 pseudapostoli,

497 3476 687 3516 verum
732 3458 896 3516 etiam
945 3453 1107 3511 ferias
1132 3461 1187 3508 et
1216 3450 1516 3507 novilunia.

567 3551 741 3606 Vens.
775 3553 858 3603 ιι.
889 3567 914 3594 ‹‹
944 3547 1128 3600 Metuo
1157 3558 1228 3597 ne
1253 3557 1363 3612 quo
1389 3538 1556 3596 modo
1583 3537 1783 3595 frustra
1811 3537 2088 3594 laborave-

490 3644 595 3699 rim
626 3657 750 3713 erga
795 3653 911 3694 vos.
948 3659 972 3685 ι)
1003 3633 1140 3690 Vide
1167 3631 1602 3689 misericordiam
1633 3631 1749 3702 ejus
1780 3647 1793 3686 :
1839 3629 1915 3686 illi
1948 3646 2087 3686 con-

489 3733 792 3798 cutiuntur,
831 3737 886 3784 et
916 3726 1117 3782 Paulus
1153 3732 1406 3780 terretur.
1454 3721 1611 3792 Quod
1644 3721 1749 3790 ait,
1783 3744 1807 3770 α
1855 3723 1938 3776 Ne
1977 3737 2086 3792 quo

493 3821 694 3887 modo,
751 3844 776 3870 ν
822 3817 1026 3875 indicat
1071 3830 1167 3871 eos
1211 3812 1391 3870 adhuc
1433 3827 1747 3883 superesse,
1796 3826 1899 3866 nec
1950 3809 2084 3866 dum

489 3927 712 3985 prorsus
755 3907 1102 3979 naufragium
1133 3918 1342 3976 passos.
1392 3901 1544 3957 Facit
1570 3909 1758 3957 autem
1787 3899 1864 3956 eis
1895 3916 2081 3972 spem,

488 4003 534 4061 si
584 4001 752 4058 modo
788 3998 961 4055 velint
1000 3994 1191 4066 vigiles
1235 4001 1286 4048 et
1323 3991 1494 4047 sobrii
1549 4006 1688 4057 esse,
1736 4006 1850 4045 non
1879 3987 2082 4047 frustra

490 4109 548 4150 se
594 4107 718 4164 erga
761 4104 855 4145 eos
905 4086 1180 4141 laborasse
1227 4099 1242 4137 :
1301 4079 1523 4152 perinde
1574 4080 1733 4151 quasi
1781 4079 1932 4136 dicat
1978 4081 2080 4150 eis,

488 4186 822 4239 Mementote
844 4189 1099 4232 meorum
1119 4187 1244 4243 erga
1267 4187 1366 4227 vos
1391 4168 1679 4240 sudorum,
1711 4185 1885 4243 neque
1915 4187 2083 4228 vanos

488 4271 652 4329 facite
679 4269 892 4324 labores
915 4279 1093 4319 meos.

560 4363 733 4417 Vens.
755 4360 838 4412 12.
863 4377 889 4406 «
907 4357 1096 4410 Estote
1111 4351 1252 4406 sicut
1271 4365 1393 4421 ego,
1412 4349 1536 4421 quia
1555 4356 1608 4404 et
1628 4364 1731 4422 ego
1749 4349 1890 4407 sicut
1911 4366 2026 4407 vos.
2049 4374 2074 4401 ι)

2219 666 2380 725 ἐθνῶν
2419 666 2805 735 πιστεύσαντας
2857 666 3194 727 ἀποτείνεται
3240 667 3442 736 δεικνὺς
3490 666 3573 726 ὅτι
3606 664 3697 725 καὶ
3732 667 3815 725 εἷ-

2221 755 2578 836 δωλολατρεία
2615 757 2756 816 ἐστὶν
2795 762 2828 829 ἡ
2859 761 2964 816 τῶν
3014 760 3225 838 ἡμερῶν
3279 757 3686 838 παρατήρησις,
3722 755 3816 816 καὶ

2220 843 2450 920 μεῖζονῆ
2491 846 2660 906 πάλαι
2693 847 3079 927 ἁμαρτάνουσι.
3121 848 3299 908 Πάλαι
3331 847 3462 926 μὲν,
3501 847 3684 926 φησὶν,
3717 848 3815 906 οὐκ

2217 933 2389 1013 ᾔδειτε
2415 934 2502 992 τὸν
2521 934 2662 995 Θεὸν
2679 980 2694 1008 ,
2725 936 2816 995 ἅτε
2847 935 3209 1014 ἐσκοτισμένοι
3244 936 3338 996 καὶ
3364 935 3812 1013 πεπλανημένοιςο

2216 1023 2306 1083 καὶ
2336 1024 2424 1082 διὰ
2475 1030 2630 1086 τοῦτο
2673 1025 2968 1085 ἐδουλεύετε
3000 1025 3138 1107 ἡλίῳ
3181 1025 3273 1085 καὶ
3316 1026 3535 1107 σελήνῃ,
3566 1027 3722 1086 ἅτινα
3752 1027 3810 1085 οὗ

2215 1113 2368 1194 φύσει
2410 1113 2514 1172 εἰσὶ
2543 1113 2686 1174 θεοί·
2728 1119 2817 1173 νῦν
2849 1115 2906 1174 δὲ
2951 1116 3086 1190 μετὰ
3128 1115 3226 1188 τὴν
3256 1119 3349 1186 τῆς
3401 1115 3657 1188 ἀληθείας
3687 1113 3814 1176 ἐπί-

2212 1225 2406 1281 γνωσιν
2424 1245 2442 1276 ,
2474 1201 2565 1262 ἐὰν
2584 1203 2789 1287 ἡμέρας
2816 1209 3199 1286 παρατηρῆσθε
3218 1249 3235 1279 ,
3270 1205 3416 1265 οὐδὲν
3448 1206 3578 1265 ἄλλο
3667 1227 3810 1264 στοι-

2211 1293 2373 1374 χείοις
2405 1293 2714 1375 λατρεύετε,
2741 1295 2832 1355 καὶ
2862 1303 3039 1378 χεῖρον
3069 1296 3129 1356 τὸ
3157 1294 3437 1374 ἀσέϐημα.

2299 1497 2330 1533 α
2353 1477 2465 1536 Νῦν
2496 1474 2550 1534 δὲ
2579 1474 2787 1556 γνόντες
2813 1475 2952 1538 Θεὸν
2973 1521 2990 1555 ,
3023 1477 3226 1554 μᾶλλον
3249 1473 3304 1534 δὲ
3348 1471 3670 1554 γνωσθέντες
3703 1471 3807 1532 ὑπὸ

2208 1565 2383 1641 Θεοῦ,
2429 1568 2543 1634 πῶς
2593 1565 2933 1647 ἐπιστρέφετε
2985 1565 3147 1626 πάλιν
3202 1564 3293 1624 ἐπὶ
3347 1564 3417 1622 τὰ
3459 1564 3653 1633 ἀσθενῆ
3712 1559 3807 1620 καὶ

2209 1589 2383 1641 σεου,
2429 1589 2543 1634 πως
2593 1589 2749 1624 επιστ
2786 1589 2933 1647 εφετε
2985 1589 3147 1626 παΑιν
3202 1589 3293 1624 επι
3347 1589 3417 1622 τα
3459 1589 3653 1633 ασοενη
3712 1589 3800 1620 και

2209 1655 2403 1736 πτωχὰ
2437 1656 2692 1736 στοιχεῖα,
2713 1589 2787 1724 οίέ
2813 1656 2974 1714 πάλιν
3001 1655 3198 1715 ἄνωθεν
3223 1652 3487 1713 δουλεύειν
3525 1651 3702 1711 θέλετε
3725 1672 3742 1725 ;
3769 1672 3800 1709 »

2209 1745 2321 1804 Νῦν
2344 1744 2431 1822 δὲ,
2473 1745 2660 1826 φησὶν,
2708 1744 2899 1823 ἔγνωτε
2937 1743 3117 1822 Θεὸν,
3149 1744 3355 1819 μᾶλλον
3403 1741 3460 1800 δὲ
3505 1741 3604 1820 οὐχ
3649 1741 3809 1816 ὑμεῖς

2206 1833 2296 1893 τὸν
2316 1833 2454 1894 Θεὸν
2479 1835 2656 1912 οἰκείῳ
2683 1834 2827 1916 πόνῳ
2853 1833 3028 1914 εὕρετε
3056 1832 3149 1893 καὶ
3180 1831 3445 1911 ἐπέγνωτε
3476 1831 3613 1905 (οὐδὲ
3653 1828 3757 1908 γὰρ
3779 1877 3792 1898 ,

2209 1923 2327 1981 οὐδὲ
2353 1923 2640 1995 ἐζητήσατε
2667 1923 2854 2001 ὅλως),
2887 1922 3004 1987 ἀλλ’
3035 1921 3190 1988 αὐτὸς
3221 1924 3360 1997 ὑμᾶς
3403 1922 3457 1978 ἐν
3488 1917 3664 1998 σκότῳ
3695 1921 3805 1996 βα-

2209 2012 2288 2070 θεῖ
2332 2011 2610 2089 διάγοντας
2650 2011 2874 2085 ἐζήτησε
2923 2010 3015 2071 καὶ
3065 2008 3468 2090 Προσελάϐετο.
3523 2007 3604 2068 Τὸ
3657 2006 3807 2084 γὰρ,

2218 2122 2248 2160 α
2271 2100 2621 2182 Γνωσθέντες,
2650 2124 2678 2159 »
2702 2103 2817 2162 ἀντὶ
2846 2106 2941 2161 τοῦ
2964 2147 2981 2177 ,
3015 2100 3458 2182 Προσληφθέντες
3491 2097 3594 2156 ὕπὸ
3625 2097 3794 2157 Θεοῦ.

2206 2193 2332 2255 Πῶς
2360 2181 2449 2249 οῦν
2508 2191 2847 2273 ἐπιστρέφετε
2861 2190 2914 2230 ³³
2956 2181 3119 2249 πάλιν
3169 2181 3263 2250 ἐπὶν
3329 2188 3396 2248 τὰ
3454 2187 3649 2267 πτωχὰ
3710 2186 3803 2245 καὶ

2202 2282 2396 2352 ἀσθενῆ
2456 2289 2728 2360 στοιχεῖας
2781 2279 3068 2354 Τουτέστι,
3109 2279 3179 2341 τὰ
3249 2278 3518 2357 μηδεμίαν
3574 2276 3805 2354 δύναμιν

2201 2367 2395 2448 ἔχοντα
2424 2369 2555 2451 πρὸς
2582 2369 2632 2407 9"
2662 2369 2730 2430 τὰ
2751 2370 3073 2450 προκείμενα
3126 2370 3334 2449 ἀγαθὰ,
3373 2366 3510 2445 μηδὲ
3541 2365 3803 2447 ἰσχύοντα

2201 2463 2575 2537 πνευματικῶς
2618 2459 2925 2541 ὠφελῆσαις
2959 2457 3109 2537 Ἅμα
3138 2459 3190 2518 δὲ
3235 2459 3325 2517 καὶ
3353 2460 3426 2524 ὡς
3466 2456 3796 2538 ἐστερημένα

2201 2554 2326 2624 νοῦ,
2362 2548 2455 2608 καὶ
2501 2550 2824 2624 αἰσθήσεως,
2857 2549 2948 2610 καὶ
2974 2553 3149 2627 ζωῆς,
3198 2547 3398 2628 πτωχὰ
3441 2552 3614 2607 ταῦτα
3644 2549 3804 2606 καλεῖ

2201 2640 2290 2720 καὶ
2339 2641 2565 2711 ἀσθενῆ,
2610 2638 2711 2700 κᾶν
2752 2638 3014 2712 Ἕλληνες
3073 2637 3507 2720 ἀπαρέσκωνται.
3571 2639 3643 2699 Οἱ
3706 2636 3804 2713 μὲν

2199 2719 2286 2786 οῦν
2316 2729 2771 2809 ψευδαπόστολοι,
2800 2732 2872 2802 ὡς
2899 2737 2992 2790 τοῦ
3018 2719 3203 2807 νόμου
3233 2728 3532 2802 ἐκδικηταὶ,
3562 2725 3660 2794 τὰς
3688 2730 3797 2785 τῶν

2196 2821 2412 2897 ἡμερῶν
2460 2819 2857 2902 παρατηρήσεις
2885 2823 3134 2898 εἰσῆγον·
3188 2817 3347 2886 αὐτὸς
3403 2819 3460 2878 δὲ
3507 2817 3795 2899 σοφώτατα

2199 2908 2635 2988 εἰδωλολατρείαν
2682 2909 2743 2968 τὸ
2799 2918 3028 2990 πρᾶγμα
3083 2909 3272 2982 καλεῖ,
3325 2907 3392 2980 ἣν
3440 2905 3535 2967 καὶ
3566 2905 3723 2974 αὐτὸς
3769 2908 3799 2965 ὃ

2195 2996 2351 3074 νόμος
2391 2997 2732 3080 ἀπαγορεύει.
2784 2998 2962 3059 Ὥστε
3020 2999 3110 3059 καὶ
3162 3001 3237 3079 τῷ
3273 2998 3422 3080 νόμῳ
3459 2996 3686 3057 ἐναντίοι
3745 2998 3796 3055 οἷ

2200 3090 2370 3146 ταῦτα
2397 3087 2754 3156 διδάσκοντες.

2288 3197 2320 3235 α
2349 3175 2585 3257 Ἡμέρας
2612 3184 3038 3260 παρατηρεῖσθε,
3077 3178 3168 3238 καὶ
3199 3180 3404 3254 μῆνας,
3437 3177 3530 3238 καὶ
3557 3176 3793 3257 καιροὺς,

2202 3264 2291 3324 καὶ
2320 3266 2608 3333 ἐνιαυτούς.
2642 3294 2668 3320 ι
2696 3268 2797 3329 Ἐκ
2827 3267 3024 3327 τούτων
3043 3269 3230 3341 δῆλον,
3259 3267 3339 3328 ὅτι
3372 3271 3431 3328 οὐ
3461 3268 3619 3344 μόνον
3647 3289 3802 3347 περι-

2199 3356 2366 3433 τομὴν
2398 3355 2682 3434 ἐκήρυττον
2737 3359 2786 3416 οἱ
2850 3359 3298 3438 ψευδαπόστολοι,
3361 3356 3502 3418 ἀλλὰ
3561 3355 3653 3416 καὶ
3700 3356 3799 3425 τὰς

2200 3445 2413 3526 ἑορτὰς,
2453 3446 2543 3506 καὶ
2575 3446 2667 3515 τὰς
2697 3447 3002 3520 νουμηνίας.

2285 3557 2315 3594 (ι
2342 3535 2636 3613 Φοϐοῦμαι
2691 3537 2886 3615 μήπως
2922 3540 3039 3610 εἰκῆ
3091 3537 3387 3599 κεκοπίακα
3435 3539 3508 3605 εἰς
3565 3541 3724 3614 ὑμᾶς.
3764 3564 3790 3592 ι

2193 3619 2339 3703 ιὍρα
2382 3627 2669 3706 σπλάγχνα
2692 3650 2707 3664 °
2737 3629 2926 3688 ἐκεῖνοι
2957 3627 3304 3702 σαλεύονται,
3337 3627 3428 3687 καὶ
3451 3630 3664 3695 Παῦλος
3693 3651 3798 3709 φο-

2195 3715 2388 3774 ϐεῖται.
2418 3716 2496 3776 Τὸ
2526 3717 2612 3792 δὲ,
2656 3738 2685 3774 ¢
2719 3716 2958 3794 Μήτι-ως,
2986 3741 3018 3774 ι
3053 3719 3205 3791 δηλοῖ
3234 3717 3314 3776 ἔτι
3346 3718 3539 3784 αὐτοὺς
3571 3718 3792 3796 περιόνο

2195 3827 2324 3881 τας,
2356 3805 2448 3865 καὶ
2506 3806 2672 3882 μήπω
2721 3808 2901 3867 τέλεον
2949 3808 3393 3886 ναυαγήσαντας⁶
3428 3807 3518 3868 καὶ
3575 3806 3795 3867 δίδωσιν

2193 3894 2365 3961 αὐτοῖς
2394 3895 2610 3970 ἐλπίδα,
2640 3896 2718 3955 ὅτι
2764 3901 2810 3957 εἷ
2858 3897 3136 3969 θελήσαιεν
3197 3899 3500 3978 ἀνανῆψαι,
3532 3899 3628 3978 οὐκ
3660 3899 3787 3969 εἰκῆ

2191 3984 2309 4050 δεῖς
2355 3983 2544 4054 αὐτοὺς
2588 3985 2868 4064 γεγένηται
2923 3986 3079 4055 πόνος
3099 3987 3151 4026 9⁵
3177 4004 3194 4021 ⁸
3243 3976 3444 4046 ὡσανεὶ
3501 3976 3592 4045 οῦν
3643 3987 3792 4065 λέγει

2191 4072 2368 4140 αὐτοῖς
2389 4095 2402 4110 ·
2435 4074 2723 4149 Μνήσθητε
2775 4078 2878 4136 τῶν
2907 4079 3048 4154 ἐμῶν
3081 4079 3155 4146 εἷς
3202 4079 3342 4158 ὑμᾶς
3383 4075 3653 4158 εδρώτων,
3687 4076 3790 4136 καὶ

2191 4159 2266 4238 μὴ
2295 4163 2640 4239 ματαιώσατέ
2661 4189 2761 4242 μου
2791 4165 2912 4234 τοὺς
2940 4166 3150 4237 πόνους.

2276 4346 2548 4409 «Γίνεσθε
2597 4352 2669 4417 ὣς
2724 4349 2861 4430 ἐγὼ,
2909 4351 2989 4410 ὅτι
3047 4351 3198 4433 κάγὼ
3241 4353 3314 4421 ὣς
3360 4354 3530 4429 ὑμεῖς.
3581 4352 3784 4432 »Πρὸς

491 4450 576 4509 Ad
606 4464 702 4506 eos
727 4445 821 4519 qui
845 4461 909 4500 ex
935 4441 1142 4499 Judaeis
1171 4439 1542 4506 crediderant,
1570 4437 1692 4495 haec
1719 4440 1852 4495 dicit
1883 4461 1894 4496 :
1927 4456 2081 4496 nem-

2199 4434 2309 4549 τοὺς
2359 4438 2410 4508 ἐξ
2442 4438 2717 4549 Ἰουδαίων
2752 4441 2923 4500 ταῦτά
2963 4466 3160 4524 φησιν,
3200 4442 3283 4505 ὅτι
3322 4440 3650 4522 Μιμήσασθέ
3688 4467 3783 4522 με.

488 4557 573 4614 pe,
606 4534 904 4595 lmitamini
935 4547 1044 4588 me.
1076 4533 1218 4587 Nam
1257 4538 1312 4585 et
1337 4544 1434 4601 ego
1463 4529 1711 4599 apprime
1743 4529 1856 4600 lege
1884 4544 2075 4586 accen-

487 4628 678 4696 debar,
721 4642 832 4682 non
861 4639 1016 4681 secus
1047 4637 1111 4676 ac
1139 4636 1236 4675 vos
1288 4633 1302 4673 :
1334 4626 1577 4674 attamen
1617 4617 1804 4674 relicta
1836 4617 1946 4688 illa,
1978 4635 2077 4690 pro

484 4719 700 4779 Christo
746 4731 891 4773 nunc
927 4721 984 4770 et
1024 4712 1130 4767 ﬁde
1172 4708 1394 4767 dimico.
1431 4708 1591 4764 Tales
1632 4716 1687 4764 et
1735 4724 1832 4765 vos
1881 4717 2074 4766 estote.

485 4809 716 4868 Pulchre
743 4815 926 4863 autem
953 4803 1058 4859 hoc
1087 4800 1387 4874 posteriore
1410 4795 1533 4855 loco
1562 4797 1747 4870 posuit
1779 4815 1792 4855 :
1829 4800 2078 4858 homines

480 4900 628 4957 enim
674 4897 858 4971 potius
889 4892 1166 4951 similibus
1205 4900 1258 4947 et
1284 4889 1530 4962 ejusdem
1575 4890 1786 4964 generis
1811 4891 2077 4964 exemplis

478 4991 794 5055 trahuntur,
821 5000 987 5058 quam
1017 4981 1345 5038 rationibus.

553 5105 577 5130 ει
610 5081 852 5142 Fratres,
885 5073 1112 5131 obsecro
1139 5087 1254 5139 vos,
1287 5069 1425 5125 nihil
1470 5084 1561 5125 me
1589 5070 1822 5126 laesistis.
1873 5093 1899 5120 »
1932 5071 2071 5143 Quia

477 5185 666 5244 aspere
693 5183 790 5224 eos
830 5165 1173 5237 objurgarat,
1215 5176 1432 5216 rursum
1464 5160 1630 5215 lenire
1660 5161 1831 5231 cupit.
1875 5164 2070 5234 Neque

471 5263 621 5318 enim
664 5258 962 5315 vehemens
991 5253 1230 5309 nimium
1261 5251 1574 5323 objurgatio
1607 5249 1857 5322 prodest,
1890 5267 2069 5322 neque

472 5351 640 5408 nimia
684 5346 1020 5419 indulgentia
1063 5352 1118 5399 et
1163 5342 1352 5398 lenitas
1387 5357 1400 5393 :
1433 5348 1721 5413 propterea
1751 5338 1948 5396 fratres
1975 5357 2068 5398 eos

468 5441 755 5508 nominat,
825 5436 1014 5509 gratiae
1064 5431 1406 5504 baptismatis
1469 5430 1816 5487 mentionem
1862 5431 2066 5503 pariter

469 5531 700 5600 faciens,
746 5543 814 5586 ex
841 5541 948 5599 qua
993 5538 1191 5582 omnes
1232 5520 1428 5579 fratres
1468 5520 1634 5578 veluti
1664 5535 1730 5578 ex
1758 5536 1872 5579 uno
1900 5523 2062 5580 Patre

2195 4527 2305 4586 Καὶ
2329 4530 2430 4608 γὰρ
2487 4527 2592 4608 ἐγὼ
2647 4531 2848 4612 σφόδρα
2901 4537 2992 4592 τοῦ
3041 4533 3203 4612 νόμου
3241 4534 3662 4613 περιεκαιόμην,
3714 4537 3791 4601 ὣς

2186 4619 2358 4693 ὑμεῖς’
2391 4618 2509 4679 ἀλλ’
2540 4623 2718 4702 ἀφῆκα
2748 4627 2961 4697 τοῦτον,
3006 4623 3099 4683 καὶ⁵
3140 4627 3230 4683 νῦν
3274 4629 3366 4682 τοῦ
3398 4625 3635 4701 Χριστοῦ
3690 4623 3789 4682 καὶ

2185 4711 2279 4780 τῆς
2307 4707 2533 4778 πίστεως
2580 4714 2881 4793 ὃπερμαχῶ
2905 4729 2919 4745 '
2949 4717 3177 4773 τοιοῦτοι
3220 4713 3312 4772 καὶ
3362 4716 3512 4790 ὖμεῖς
3546 4713 3780 4790 γίνεσθε.

2192 4798 2384 4865 Καλῶς
2415 4797 2470 4858 δὲ
2519 4804 2671 4860 τοῦτο
2701 4799 2917 4882 ὕστερον
2969 4801 3220 4865 τέθεικεν.
3267 4804 3340 4862 Οἱ
3370 4801 3475 4883 γὰρ
3513 4802 3788 4882 ἄνθρωποι

2184 4888 2388 4962 μᾶλλον
2418 4889 2525 4947 ἀπὸ
2575 4891 2680 4950 τῶν
2731 4893 2996 4969 ὁμογενῶν
3049 4892 3453 4972 ὑποδειγμάτων
3486 4891 3783 4971 ἕλκονται,

2182 4975 2218 5047 ἢ
2247 4976 2352 5036 ἀπὸ
2378 4982 2482 5038 τῶν
2511 4981 2806 5056 λογισμῶν.

2267 5088 2297 5124 α
2326 5066 2595 5150 Ἀδελφοὶ,
2655 5069 2840 5148 δέομαι
2887 5073 3065 5149 ὑμῶν,
3094 5071 3243 5131 οὐδέν
3274 5094 3343 5151 με
3389 5070 3707 5145 ἠδικήσατε.
3744 5099 3778 5131 ι

2181 5155 2409 5229 Ἐπειδὴ
2465 5160 2665 5238 σφόδρα
2714 5162 2886 5219 αὐτῶν
2937 5162 3252 5242 καθήψατο,
3309 5162 3559 5241 βούλεται
3607 5163 3777 5223 πάλιν

2180 5245 2435 5322 μαλάξαι.
2479 5248 2620 5309 Οὔτε
2667 5248 2829 5329 γὰρῆ
2882 5251 3084 5331 σφοδρὰ
3137 5250 3414 5325 ἐπίπληξις
3454 5253 3777 5328 λυσιτελὴς,

2176 5334 2284 5394 οὔτ’
2313 5341 2345 5408 ἡ
2372 5337 2635 5411 παντελὴς
2669 5339 2864 5408 ἄνεσις.
2898 5340 2993 5401 Διὸ
3024 5341 3116 5400 καὶ
3148 5340 3402 5422 ἀδελφοὺς
3451 5341 3639 5410 αὐτοὺς
3668 5367 3783 5402 γεέ-

2173 5425 2256 5484 λεῖ
2277 5471 2295 5504 ,
2326 5425 2443 5504 ἅμα
2471 5428 2572 5512 καὶἈ
2589 5433 2683 5502 τῆς
2736 5430 2953 5511 χάριτος
2981 5421 3407 5510 ὑπομιμνήσκων
3429 5437 3522 5492 τοῦ
3573 5421 3782 5512 βαπτί-

2172 5539 2405 5598 σματος,
2463 5517 2517 5589 ἐξ
2536 5509 2599 5592 ἧς
2653 5509 2846 5589 πάντες
2894 5509 3162 5603 ἀδελφοὶ,
3195 5524 3267 5591 ὥς
3303 5522 3358 5593 ἐξ
3405 5522 3518 5592 ἑνὸς
3553 5509 3785 5606 Πατρὸς

1830 5672 2035 5749 ινεείω
2077 5673 2402 5758 lectionem:

534 5780 580 5818 ”
606 5778 944 5849 ἰπιστρέφεσθε
963 5789 998 5834 o
1030 5817 1042 5830 .
1119 5773 1164 5809 "
1189 5771 1255 5836 εἰς
1281 5788 1335 5830 o.
1410 5770 1455 5806 ⁸⁵
1481 5771 1631 5834 κόπος
1655 5786 1709 5829 0.
