4124 6456
470 493 603 547 1003
1480 482 1992 543 THEOPHYLACTI
2034 487 2055 540 [

2163 484 2389 542 GARIJE
2425 485 2742 542 ARCHIEP.
3631 479 3766 536 1004

460 632 665 688 eosque
691 613 1024 672 acmulemini
1064 631 1130 670 ac
1168 613 1460 669 imitemini
1487 621 1756 685 tanquam
1783 610 2054 684 discipuli.

2169 611 2318 690 Ἐγὼ
2347 611 2401 672 δὲ
2434 610 2734 671 τούναντίον
2763 609 3071 688 ἠϐουλόμην
3119 615 3257 688 ὑμᾶς
3291 611 3471 675 αὐτοῖς
3511 606 3605 666 καὶ
3634 615 3768 664 πᾶσι

464 709 579 778 Ego
607 714 793 761 autem
819 720 850 760 e
874 711 1064 760 contra
1109 704 1384 771 volebam,
1415 711 1475 760 ut
1517 703 1650 775 ipsis
1688 711 1744 758 et
1779 701 2055 774 quibusvis

2166 705 2475 780 καθηγητὰς
2505 692 2640 762 εἶναι
2671 700 2802 781 πρὸς
2849 699 2918 760 τὰ
2949 698 3278 780 τελεώτεραε
3303 698 3383 758 ’³0
3413 696 3478 769 δὴ
3506 697 3600 757 καὶ
3644 695 3765 773 ἐγέ-

463 794 824 851 instructores
860 793 1049 850 essetis
1077 792 1146 850 ad
1173 792 1534 864 perfectiora;
1577 791 1633 849 id
1668 790 1819 864 quod
1847 790 2055 848 factum

463 894 549 940 est
575 901 707 940 cum
749 881 896 955 apud
939 899 1035 939 vos
1079 898 1316 956 agerem.
1365 882 1556 939 Innuit
1603 889 1792 938 autem
1839 880 1942 937 ista
1999 881 2058 937 in

457 973 831 1047 sequentibus.

527 1065 703 1120 Vens.
736 1067 822 1118 18.
852 1084 876 1111 α
918 1064 1138 1118 Bonum
1179 1068 1264 1119 est
1290 1070 1482 1118 autem
1521 1060 1775 1119 aemulari
1822 1059 1880 1117 in
1908 1059 2055 1117 bono

457 1167 695 1224 semper,
720 1159 776 1208 et
803 1166 914 1208 non
940 1150 1124 1208 solum
1156 1167 1283 1207 cum
1315 1166 1554 1224 praesens
1579 1165 1704 1208 sum
1723 1148 1871 1223 apud
1885 1165 2000 1206 vos.
2031 1172 2054 1197 υ

457 1241 648 1299 Viden’
690 1241 795 1299 hoc
835 1241 1081 1299 indicare
1119 1258 1280 1311 eum,
1311 1241 1460 1314 quod
1486 1241 1638 1315 digni
1685 1249 1844 1298 erant
1870 1240 2057 1296 imita-

455 1329 605 1386 tione
649 1329 796 1403 apud
840 1345 1033 1387 omnes
1066 1330 1138 1387 ob
1184 1329 1600 1402 perfectionem,
1650 1327 1872 1402 quando
1909 1327 2058 1401 apud

455 1421 609 1492 ipsos
633 1428 832 1492 praesto
875 1418 1039 1476 fuerit
1081 1419 1418 1492 Apostolus?
1449 1419 1600 1490 Quin
1622 1426 1677 1475 et
1704 1417 1816 1476 hoc
1842 1417 2058 1490 signifi-

456 1518 567 1578 cat,
607 1509 760 1582 quod
820 1509 1062 1565 absentia
1112 1509 1282 1582 ipsius
1328 1510 1530 1567 horum
1571 1511 1844 1566 malorum
1891 1522 2059 1565 causa

455 1595 638 1655 fuerit.
666 1601 892 1656 Beatam
935 1615 1064 1673 ergo
1094 1615 1210 1656 rem
1257 1616 1376 1657 esse
1413 1600 1567 1669 dicit,
1611 1615 1741 1656 cum
1783 1597 2057 1671 discipuli,

455 1703 566 1745 non
583 1689 750 1745 modo
771 1698 1036 1760 praesente
1051 1698 1406 1762 praceptore,
1426 1705 1616 1747 verum
1631 1689 1795 1746 etiam
1807 1689 2056 1757 absente,

456 1778 512 1834 in
545 1778 694 1850 quod
724 1777 908 1848 decet,
949 1780 1188 1852 sapiant.

526 1871 706 1924 Vens.
734 1874 816 1925 19.
845 1891 871 1918 α
894 1867 1073 1925 Filioli
1099 1868 1232 1938 mei,
1267 1884 1408 1942 quos
1429 1869 1632 1927 iterum
1655 1869 1921 1942 parturio,
1943 1877 2059 1925 tan-

2166 817 2317 952 νὲτο,
2370 791 2458 852 ὅτε
2511 791 2642 874 πρὸς
2707 795 2845 871 ὑμᾶς
2894 790 3065 870 ἤμην.
3126 790 3434 852 Αἶνίττεται
3489 784 3547 846 δὲ
3595 791 3769 846 ταῦτα

2166 907 2188 940 ε
2221 908 2307 952 ης.

2166 907 2307 955 εςηςο

2256 1087 2286 1123 ιι
2320 1063 2500 1126 Καλὸν
2543 1063 2691 1126 δὲτὸ
2734 1067 3024 1138 ζηλοῦσθαι
3074 1064 3130 1124 ἐν
3165 1063 3318 1145 καλῷ
3364 1059 3591 1122 πάντοτε
3612 1102 3628 1119 .
3674 1059 3770 1119 καὶ

2170 1155 2245 1234 μὴ
2302 1156 2458 1232 μόνον
2489 1157 2542 1215 ἐν
2591 1159 2668 1238 τῷ
2714 1154 2966 1236 παρεῖναί
3014 1177 3084 1234 με
3125 1152 3256 1234 πρὸς
3315 1155 3477 1238 ξομ.ᾶῇ
3507 1173 3538 1211 n
3597 1149 3772 1232 Ὁρᾷς

2168 1233 2248 1305 ὅτι
2271 1250 2429 1304 τοῦτο
2470 1233 2895 1323 αἰνίττνεται,’ὣς
2922 1244 2976 1285 ⁸⁸
3018 1233 3127 1325 ἄρα
3167 1233 3398 1314 ζηλωτοὶ
3439 1233 3575 1313 ἦσαν
3605 1248 3772 1299 πᾶσιν

2169 1334 2255 1394 ἐπὶ
2302 1339 2369 1414 τῇ
2431 1335 2753 1409 τελειότητι,
2810 1335 2898 1394 ὅτε
2950 1337 3129 1413 παρῆν
3177 1338 3206 1392 ὃ
3258 1333 3603 1405 Ἀπόστολος;
3659 1330 3770 1390 Καὶ

2167 1430 2322 1486 τοῦτο
2374 1424 2431 1484 δὲ
2485 1425 2814 1498 αἰνίττεται,
2871 1422 2954 1483 ὅτι
3006 1429 3040 1497 ἡ
3093 1422 3330 1482 ἀπουσία
3388 1423 3553 1481 αὐτοῦ
3597 1424 3771 1479 ταῦτα

2169 1513 2478 1593 εἰργάσατο.
2509 1514 2790 1594 Μακάριον
2817 1505 2907 1573 οὖν
2926 1560 2942 1590 ,
2975 1513 3158 1593 φησὶν,
3183 1511 3310 1571 ὅταν
3339 1509 3415 1589 μὴ
3443 1510 3599 1588 μόνον
3631 1534 3769 1590 παρα

2168 1605 2314 1672 ὄντος
2346 1610 2440 1664 τοῦ
2471 1604 2798 1665 διδασκάλου
2819 1649 2835 1679 ,
2881 1605 3021 1662 ἀλλὰ
3053 1603 3144 1662 καὶ
3189 1601 3414 1669 ἀπόντος
3433 1647 3448 1676 ,
3492 1602 3542 1662 οἱ
3589 1605 3767 1678 μαθη-

2168 1695 2258 1754 ταὶ
2284 1695 2346 1754 τὸ
2375 1694 2460 1754 δέν
2491 1698 2746 1776 φρονῶσι.

2256 1888 2284 1924 α
2317 1865 2519 1926 Τεκνία
2551 1889 2652 1942 μου
2679 1910 2695 1936 ,
2729 1863 2816 1930 οὓς
2841 1863 3004 1923 πάλιν
3035 1861 3209 1922 ὠδίνω
3232 1907 3248 1938 ,
3276 1860 3431 1942 ἄχρις
3453 1851 3510 1919 οὗ
3547 1883 3769 1942 μορφω-

452 1959 621 2029 tisper
661 1957 796 2014 dum
843 1957 1111 2015 formetur
1156 1957 1403 2015 Christus
1444 1959 1501 2014 in
1530 1959 1707 2016 vobis.
1740 1979 1768 2013 ν
1812 1962 2053 2016 Matrem

2168 1958 2233 2032 θῇ
2284 1954 2512 2034 Χριστὸς
2565 1959 2618 2012 ἐν
2655 1956 2802 2031 ὑμῖν.
2844 1977 2873 2010 »
2933 1953 3162 2031 Μητέρα
3221 1960 3466 2030 μιμεῖται
3521 1949 3768 2030 περιτρέο

452 2067 553 2123 pro
577 2051 700 2108 ﬁliis
723 2051 836 2108 suis
864 2051 1232 2124 trepidantem
1260 2051 1532 2109 imitatur.
1563 2052 1930 2125 Corrupistis,
1962 2053 2056 2109 in-

452 2140 590 2213 quit,
620 2139 863 2197 formam
893 2139 1120 2210 Christi,
1151 2157 1320 2213 quam
1339 2140 1630 2198 habebatis
1657 2142 1715 2198 in
1744 2142 1903 2198 vobis
1931 2142 2060 2214 ipsis

451 2245 520 2286 ex
548 2229 898 2302 baptismate,
926 2237 1118 2302 estque
1155 2229 1307 2286 vobis
1350 2245 1486 2303 Opus
1521 2231 1624 2287 alia
1652 2232 2060 2303 regeneratione

451 2317 984 2392 reformationeque,
1032 2329 1095 2376 ut
1119 2335 1310 2377 rursus
1350 2321 1531 2376 forma
1562 2321 1763 2378 Christi
1807 2321 1866 2378 in
1903 2321 2060 2378 vobis

447 2409 536 2478 sit,
569 2418 630 2466 ut
665 2425 732 2466 ex
756 2409 874 2481 ipso
901 2409 1236 2482 ﬁguremini.
1260 2413 1471 2467 Iterum
1490 2410 1640 2467 enim
1666 2427 1766 2468 vos
1785 2412 2055 2484 parturio,

449 2515 544 2572 per
584 2499 994 2557 institutionem
1041 2500 1249 2557 iterum
1279 2515 1540 2573 regenero
1567 2520 1582 2570 ;
1611 2517 1729 2558 non
1765 2503 1914 2558 enim
1944 2500 2048 2557 de-

451 2605 632 2660 spero.
673 2592 972 2662 Propterea
999 2597 1057 2646 et
1092 2606 1190 2646 vos
1223 2589 1427 2648 ﬁliolos
1451 2591 1688 2662 appello.
1727 2606 1796 2648 ne
1831 2607 1928 2648 vos
1951 2589 2051 2648 de-

448 2678 762 2751 spondeatis
788 2680 1054 2736 animum.
1097 2683 1248 2736 Istuc
1270 2680 1440 2736 etiam
1467 2680 1760 2738 adversum
1791 2681 2058 2738 Novatia-

449 2784 550 2824 nos
574 2777 677 2825 est.
714 2769 939 2826 Galatas
980 2769 1124 2826 enim
1168 2769 1374 2826 Paulus
1403 2785 1599 2826 rursus
1625 2770 1864 2842 parturit
1884 2781 1940 2827 et
1969 2785 2060 2826 re-

445 2855 676 2926 format;
707 2857 784 2913 illi
813 2865 1002 2915 autem
1030 2873 1144 2914 non
1169 2856 1447 2930 recipiunt
1479 2873 1546 2914 ex
1579 2859 1901 2929 poenitentia
1930 2874 2058 2914 cor-

451 2944 777 3001 rectionem.

520 3036 700 3091 Vnus.
734 3041 825 3092 20.
861 3057 888 3084 α
919 3033 1133 3092 Vellem
1172 3042 1360 3092 autem
1389 3050 1506 3092 esse
1532 3036 1680 3108 apud
1727 3051 1828 3092 vos
1855 3037 2058 3106 modo,

449 3133 504 3181 et
548 3133 765 3182 mutare
819 3139 1015 3182 vocem
1065 3140 1281 3194 meam,
1329 3126 1593 3197 quoniam
1642 3126 1953 3184 confundor
1996 3129 2058 3183 in

452 3215 627 3272 vobis.
663 3237 689 3265 ιο
721 3216 848 3272 Non
873 3222 1167 3271 contentus
1200 3229 1324 3271 sum
1351 3214 1571 3285 litteris,
1601 3214 1799 3288 inquit,
1827 3215 1923 3274 sed
1947 3217 2057 3274 vel-

2169 2067 2373 2123 μουσαν
2407 2052 2514 2110 τοῖς
2563 2043 2811 2110 παιδίοις.
2864 2042 3204 2124 Διεφθείρατε
3229 2088 3244 2117 ,
3273 2039 3406 2122 φησὶ
3429 2087 3445 2114 ,
3476 2039 3574 2111 τὴν
3628 2063 3768 2120 μορ·-

2165 2135 2266 2215 φὴν
2297 2138 2391 2192 τοῦ
2426 2137 2666 2212 Χριστοῦ
2687 2179 2704 2204 ,
2735 2133 2801 2204 ἣν
2845 2133 3016 2214 εἴχετε
3060 2134 3114 2192 ἐν
3159 2135 3283 2206 ὑμῖν
3327 2133 3504 2198 αὐτοῖς
3533 2129 3639 2188 ἀπὸ
3671 2133 3768 2188 τοῦ

2167 2222 2570 2303 βαπτίσματος,
2599 2220 2690 2281 καὶ
2722 2221 2898 2283 δέεσθε
2932 2221 3095 2280 πάλιν
3143 2221 3322 2301 ἑτέρας
3363 2220 3764 2298 ἀναγεννήσεως

2163 2313 2256 2372 καὶ
2306 2311 2698 2392 ἀναπλάσεως,
2748 2310 2838 2370 ἵνα
2883 2313 3045 2371 πάλιν
3093 2315 3146 2371 ἐν
3194 2315 3317 2388 ὑμῖν
3363 2315 3398 2382 ἡ
3451 2308 3630 2389 μορφὴ
3673 2312 3768 2367 τοῦ

2165 2404 2403 2484 Χριστοῦ
2453 2401 2708 2483 γένηται,
2757 2400 2896 2461 ὥστε
2951 2401 3002 2470 ἐξ
3061 2403 3219 2460 αὐτοῦ
3278 2398 3768 2480 χαρακτηρίζεσθαι

2165 2495 2322 2570 ὗμᾶς.
2354 2491 2531 2553 Πάλιν
2563 2490 2666 2572 γὰρ
2696 2493 2837 2567 ὑμᾶς
2879 2491 3088 2564 ὠδίνω,
3138 2490 3224 2549 διὰ
3273 2494 3367 2562 τῆς
3419 2487 3770 2554 διδασκαλίας

2167 2583 2328 2642 πάλιν
2362 2583 2656 2660 ἆναγεννῶ.
2695 2582 2778 2640 Οὐ
2805 2579 2910 2658 γὰρ
2943 2575 3322 2655 ἀπογινώσκω.
3357 2574 3460 2635 Διὰ
3490 2580 3646 2634 τοῦτο
3674 2575 3767 2634 καὶ

2164 2670 2343 2730 τεκνία
2377 2673 2547 2744 καλῶ,
2579 2670 2666 2728 ἵνα
2699 2668 2776 2748 μὴ
2819 2673 2970 2746 ὑμεῖς
3017 2669 3314 2746 ἀπογνῶτε.
3372 2664 3482 2726 Καὶ
3531 2670 3684 2723 τοῦτο
3713 2664 3768 2725 δὲ

2163 2760 2303 2820 κατὰ
2359 2762 2746 2823 Ναυατιανῶν·
2798 2758 2919 2825 τοὺς
2965 2756 3067 2837 γὰρ
3104 2758 3354 2824 Γαλάτας
3405 2758 3616 2822 Παῦλος
3668 2752 3767 2830 μὲν

2161 2850 2321 2909 πάλιν
2369 2849 2544 2909 ὠδίνει
2595 2850 2684 2908 καὶ
2722 2849 3020 2928 ἀναμορφοῐ
3048 2871 3062 2886 ο
3096 2850 3285 2906 ἐκεῖνοι
3338 2847 3392 2907 δὲ
3424 2847 3482 2904 οὐ
3523 2845 3769 2926 παραδέ-

2160 2961 2348 3018 χονται
2378 2938 2474 3011 τήν
2503 2941 2562 2997 ἐκ
2592 2938 2875 3016 μετανοίας
2900 2937 3206 3018 διόρθωσιν.

2247 3050 2277 3086 ιι
2303 3027 2530 3088 Ἥθελον
2558 3028 2611 3086 δὲ
2641 3027 2890 3106 παρεῖναι
2923 3027 3054 3106 πρὸς
3087 3030 3228 3105 ὑμᾶς
3261 3026 3418 3106 ἄρτι,
3452 3025 3545 3084 καὶ
3586 3025 3764 3085 ἀλλά-

2161 3115 2248 3186 ξαι
2283 3117 2380 3189 τὴν
2436 3117 2616 3200 φωνήν
2668 3139 2802 3195 μου,
2835 3116 2916 3176 ὅτι
2949 3121 3260 3199 ἀποροῦμαι
3298 3121 3352 3176 ἐν
3400 3119 3546 3194 ὓμῑν.
3575 3139 3607 3175 n
3644 3116 3768 3176 Οὐκ

2165 3207 2434 3290 ἀρκοῦμαι
2483 3214 2592 3273 τοῖς
2636 3207 2954 3288 γράμμασιν
2981 3252 2998 3285 ,
3045 3209 3164 3267 ἀλλ’
3207 3207 3396 3281 ἤθελον
3443 3206 3536 3266 καὶ
3570 3213 3768 3287 παρεῖ-

450 3303 559 3360 lem
583 3303 755 3361 etiam
779 3303 995 3373 adesse,
1028 3313 1457 3376 permutareque
1484 3320 1676 3361 vocem
1714 3320 1922 3374 meam,
1949 3305 2055 3363 hoc

2163 3282 2252 3356 ναι
2284 3282 2376 3356 καὶ
2407 3282 2764 3368 ἀλλάξαιήτὴν
2790 3282 2990 3377 -φωνήνν
3009 3321 3116 3375 μου
3138 3345 3154 3371 ,
3205 3297 3510 3374 τουτέστιν,
3546 3298 3617 3362 εἷς
3653 3282 3768 3356 3A0-

450 3402 556 3462 est,
601 3393 670 3451 ad
723 3393 905 3451 luctus
951 3402 1116 3466 atque
1161 3394 1408 3467 ploratus
1449 3393 1590 3451 hanc
1634 3403 1867 3453 vertere.
1911 3399 2054 3454 Nam

450 3483 666 3557 ambigo
697 3484 831 3556 quid
856 3484 1035 3541 dicam
1069 3484 1139 3542 de
1166 3485 1334 3553 vobis,
1361 3483 1644 3558 quomodo
1670 3499 1768 3542 vos
1791 3485 1886 3558 qui
1915 3485 2055 3543 adeo

449 3573 671 3630 exaltati
714 3574 913 3642 eratis,
969 3580 1032 3629 ut
1102 3573 1422 3631 discrimina
1497 3574 1756 3631 subiretis
1831 3585 2058 3648 propter

450 3663 649 3733 tidem,
677 3679 741 3720 ac
779 3679 880 3735 per
924 3662 1092 3720 ﬁdem
1119 3663 1275 3738 signa
1328 3664 1593 3733 ederetis,
1624 3679 1772 3721 nunc
1799 3664 1872 3721 ad
1909 3666 2056 3738 lega-

450 3753 560 3809 lem
583 3753 856 3812 vilitatem
880 3752 1306 3810 abstrahamini.
1345 3755 1504 3809 Hanc
1532 3753 1700 3826 igitur
1727 3753 1801 3810 ob
1830 3770 2055 3811 causam

448 3842 646 3899 vellem
695 3859 934 3916 praesens
976 3843 1126 3916 apud
1171 3859 1269 3900 vos
1316 3843 1592 3917 plangere.
1644 3841 1881 3914 Quando
1909 3845 2057 3901 enim

449 3932 686 4005 perplexi
715 3949 928 4002 sumus,
958 3932 1030 3990 ad
1071 3934 1339 4006 lacrymas
1368 3932 1568 3990 deferri
1613 3933 1873 3990 solemus.

518 4025 700 4080 Vens.
729 4027 819 4080 21.
854 4046 881 4072 σι
914 4022 1091 4078 Dicite
1118 4022 1285 4089 mihi,
1319 4021 1414 4092 qui
1443 4022 1547 4079 sub
1570 4021 1690 4095 lege
1720 4023 1882 4080 vultis
1911 4038 2052 4093 esse,

447 4112 624 4184 legem
645 4127 762 4167 non
788 4111 1026 4168 auditis?
1059 4133 1084 4161 ν
1112 4113 1418 4184 Postquam
1445 4110 1662 4168 abunde
1689 4127 1785 4170 eos
1820 4113 2058 4170 emolliit

450 4210 508 4258 et
547 4199 801 4268 attraxit,
838 4213 1032 4255 rursus
1072 4197 1143 4255 ad
1170 4197 1469 4255 certamina
1521 4197 1836 4268 descendit,
1867 4209 2054 4258 osten-

451 4291 587 4348 dens
631 4288 778 4361 quod
823 4289 940 4361 ipsa
991 4287 1080 4344 lex
1124 4303 1239 4344 non
1285 4287 1402 4344 vult
1441 4287 1682 4361 seipsam
1727 4289 1992 4348 custodiri
2039 4310 2053 4348 :

452 4377 827 4451 Respondete,
867 4377 1150 4450 inquiens,
1181 4376 1338 4434 mihi.
1384 4377 1617 4435 Pulchre
1647 4386 1842 4437 autem
1883 4379 2054 4449 dixit,

2165 3385 2400 3468 φυρμοὺς
2442 3386 2533 3446 καὶ
2578 3384 2796 3465 θρήνους
2837 3387 3029 3468 τρέψαι
3059 3387 3282 3460 ταύτην.
3339 3388 3450 3446 Καὶ
3481 3385 3587 3466 γὰρ
3630 3387 3767 3446 ἀπο·

2163 3480 2239 3557 pc?)
2279 3476 2331 3535 τί
2384 3475 2519 3536 εἴπω
2565 3474 2690 3556 περὶ
2749 3477 2939 3553 ὑμῶν,
2993 3480 3106 3545 πῶς
3157 3479 3205 3536 οἱ
3259 3475 3421 3544 οὕτως
3467 3474 3767 3557 ὕψωθέντες

2160 3565 2299 3626 ὥστε
2326 3565 2417 3626 καὶ
2449 3565 2782 3625 κινδυνεῦσαι
2811 3564 2942 3646 ὑπὲρ
2970 3571 3066 3640 τῆς
3099 3565 3330 3635 πίστεως
3353 3609 3370 3640 ,
3422 3565 3514 3624 καὶ
3563 3565 3766 3640 σημεῖα

2159 3655 2371 3715 τελέσαι
2397 3655 2484 3714 διὰ
2515 3659 2606 3728 τῆς
2635 3653 2863 3721 πίστεως
2882 3697 2900 3728 ,
2929 3663 3019 3716 νῦν
3051 3659 3123 3723 εἰς
3155 3655 3252 3730 τὴν
3287 3655 3513 3733 νομικὴν
3539 3655 3591 3692 99
3621 3652 3768 3713 εὖτέ·

2159 3748 2304 3804 λειαν
2339 3745 2704 3824 περισύρεσθε.
2751 3743 2858 3804 Διὰ
2887 3749 3042 3804 τοῦτο
3081 3736 3171 3804 οὖν
3197 3745 3390 3818 ἤθελον
3419 3744 3608 3825 παρὼν
3637 3747 3765 3820 ὓμῖν

2160 3833 2527 3915 ὀλοφύρεσθαι.
2551 3830 2736 3894 Ὅταν
2761 3832 2864 3913 γὰρ
2891 3833 3333 3916 ἀμηχανήσωμεν
3349 3879 3370 3914 ,
3402 3833 3661 3914 εἰώθαμεν
3693 3835 3770 3901 εἰς

2160 3923 2364 4004 δάκρυα
2393 3922 2809 4005 καταφέρεσθαι.

2248 4033 2280 4071 ιι
2307 4011 2507 4090 Λέγετέ
2555 4033 2683 4089 μοι,
2731 4017 2782 4073 οἱ
2813 4013 2915 4073 ὑπὸ
2959 4015 3126 4092 νόμου
3174 4015 3410 4083 θέλοντες
3441 4004 3582 4075 εἶναι
3607 4059 3624 4093 ,
3675 4012 3765 4074 τὸν

2158 4101 2320 4179 νόμον
2366 4103 2461 4162 οὐκ
2505 4100 2757 4176 ἀκούετε,
2793 4124 2824 4162 ι
2885 4102 3110 4172 Ἐπειδή
3157 4108 3353 4172 ἱκανῶς
3385 4102 3572 4172 αὖτοὺς
3623 4104 3764 4180 ἐμά-

2158 4191 2284 4260 λαξε
2331 4189 2424 4250 καὶ
2465 4191 2846 4267 ἐπεσπάσατο,
2893 4195 3059 4253 πάλιν
3105 4197 3180 4263 εἰς
3226 4198 3433 4274 ἀγῶνας
3481 4192 3763 4272 ἐμϐαίνει,

2158 4279 2359 4346 δεικνὺς
2387 4281 2468 4340 ὅτι
2507 4281 2662 4350 αὐτὸς
2691 4285 2719 4340 ὁ
2763 4281 2920 4361 νόμος
2961 4284 3020 4342 οὗ
3057 4285 3306 4363 βούλεται
3338 4285 3526 4344 ἑαυτὸν
3559 4284 3764 4365 φυλάτ-

2158 4376 2339 4430 τεσθαι
2366 4393 2382 4409 ·
2426 4371 2517 4430 καί
2565 4394 2725 4453 φησιν
2757 4394 2772 4410 ο
2805 4372 3151 4454 Ἀποκρίθητέ
3198 4397 3307 4451 μοι.
3360 4363 3643 4441 Καλῶςήδὲ
3687 4363 3768 4432 εἷ-

457 4491 482 4518 .
523 4467 630 4541 Qui
663 4467 847 4524 vultis.
884 4490 908 4515 ι
944 4469 1074 4524 Non
1105 4466 1257 4523 enim
1299 4466 1356 4523 id
1399 4466 1547 4539 quod
1594 4468 1665 4525 ab
1689 4469 1801 4525 illis
1847 4469 2048 4540 ageba-

2163 4482 2228 4519 πε
2252 4461 2346 4534 τὸ,
2399 4482 2427 4519 α
2459 4458 2739 4529 Θέλοντες.
2775 4487 2803 4516 ιι
2855 4466 2938 4524 Οὐ
2985 4461 3089 4542 γὰρ
3138 4466 3234 4536 τῆς
3280 4466 3387 4523 τῶν
3423 4463 3764 4548 πραγμάτων

449 4564 543 4612 tur
591 4571 777 4612 rerum
823 4555 1209 4628 consequentia
1258 4555 1598 4627 postulabat,
1657 4556 1758 4614 sed
1806 4556 2055 4628 ipsorum

2167 4550 2509 4625 ἀκολουθίας,
2558 4550 2697 4610 ἀλλὰ
2726 4555 2819 4624 τῆς
2867 4555 3040 4613 αὐτῶν
3085 4553 3312 4634 ἀκαίρου
3342 4553 3661 4635 φιλονεικίας
3693 4544 3764 4626 ἧν

450 4644 766 4718 importuna
806 4645 1081 4702 contentio
1131 4644 1422 4704 efﬁciebat.
1474 4647 1682 4719 Legem
1725 4653 1913 4703 autem
1956 4665 2055 4722 ap-

452 4733 620 4805 pellat
664 4736 942 4793 Geneseos
980 4735 1206 4791 librum.
1237 4737 1337 4792 Est
1371 4735 1522 4804 enim
1549 4735 1626 4793 illi
1657 4735 1716 4793 in
1744 4751 1933 4807 more,
1963 4746 2052 4796 to-

449 4830 572 4880 tum
599 4825 772 4881 Vetus
799 4827 1225 4882 Testamentum
1261 4825 1437 4898 legem
1465 4825 1760 4898 appellare.

520 4914 699 4970 Vens.
743 4919 834 4970 22.
887 4933 917 4967 α
959 4915 1238 4986 Scriptum
1278 4922 1363 4971 est
1387 4915 1561 4986 enim,
1582 4915 1731 4989 quod
1763 4917 2048 4976 Abraham

448 5001 590 5060 duos
616 5002 761 5058 ﬁlios
788 5001 1006 5075 habuit,
1036 5019 1213 5060 unum
1253 5018 1320 5061 ex
1344 5005 1564 5072 ancilla,
1595 5013 1649 5062 et
1678 5004 1847 5078 352
1879 5023 2052 5064 unum

448 5105 513 5149 ex
538 5091 727 5150 libera.
780 5115 808 5142 ν»
841 5094 1019 5164 Supra
1062 5092 1219 5162 dixit,
1295 5116 1319 5143 α
1352 5094 1474 5150 Filii
1513 5094 1646 5151 estis
1674 5095 1980 5154 Abrahami
2021 5119 2050 5148 ιι

448 5181 722 5252 Quoniam
752 5197 884 5240 vero
924 5198 1035 5239 non
1082 5182 1328 5256 ejusdem
1370 5181 1594 5241 fuerunt
1633 5183 1912 5258 dignitatis
1955 5187 2053 5244 ﬁlii

448 5271 803 5341 patriarchae,
833 5271 932 5329 sed
970 5275 1108 5329 alter
1148 5271 1374 5344 quidem
1409 5289 1474 5329 ex
1524 5289 1714 5344 serva,
1759 5276 1896 5331 alter
1924 5293 2052 5342 vero

450 5375 517 5416 ex
566 5361 763 5431 libera;
817 5361 1061 5419 ostendit
1105 5362 1255 5434 quod
1303 5365 1426 5419 Non
1458 5363 1643 5420 solum
1688 5365 1812 5434 ﬁlii,
1857 5383 2051 5425 verum

449 5448 616 5505 etiam
641 5450 781 5508 tales
807 5451 958 5520 estis,
999 5451 1184 5523 qualis
1206 5458 1290 5508 est
1312 5449 1451 5509 liber
1477 5461 1536 5509 et
1564 5451 1836 5526 ingenuus
1866 5475 1880 5512 :
1912 5455 2052 5515 adeo

447 5552 544 5595 vos
572 5537 712 5598 ﬁnes
739 5539 1006 5614 ingenuos
1033 5540 1294 5600 reddidit.

2162 4639 2224 4700 τὸ
2251 4647 2495 4720 πρᾶγμα.
2520 4638 2711 4720 Νόμον
2738 4642 2793 4700 δὲ
2823 4641 2964 4721 λέγει
2991 4641 3051 4701 τὸ
3095 4647 3192 4714 τῆς
3221 4642 3474 4723 γενέσεως
3522 4642 3732 4722 βιϐλίον
3749 4667 3764 4682 ο

2160 4727 2272 4797 ἔθος
2302 4728 2406 4811 γὰρ
2434 4731 2579 4810 αὐτῷ
2605 4739 2796 4791 πᾶσαν
2822 4730 2915 4803 τὴν
2944 4733 3197 4793 Παλαιὰν
3227 4733 3387 4812 νόμον
3413 4733 3620 4795 καλεῖν.

2247 4937 2274 4963 ι
2309 4908 2619 4991 Γέγραπται
2645 4911 2768 4995 γὰρ,
2799 4911 2881 4972 ὅτι
2915 4912 3160 4996 Ἀϐραὰμ
3191 4913 3282 4974 δύο
3307 4913 3448 4981 υἱοὺς
3477 4903 3763 4996 εἶχενζένα

2161 4999 2222 5059 ἐκ
2249 5002 2346 5072 τῆς
2374 4991 2665 5076 παιδίσκης
2684 5047 2702 5077 ,
2721 4991 2830 5062 ⁷καὶ
2858 5002 2953 5063 ἕνα
2989 4991 3050 5064 ἐκ
3078 4991 3173 5076 τῆς
3200 5003 3492 5087 ἐλευθέρας.
3520 4991 3564 5061 5'
3591 4991 3760 5064 Εἶπεν

2162 5089 2440 5170 ἀνωτέρω,
2471 5089 2606 5174 81:3
2635 5092 2758 5153 Υἳοί
2789 5093 2908 5155 ἐστε
2940 5092 3205 5174 Ἀϐραάμ.
3240 5120 3264 5148 ι
3315 5093 3473 5155 Ἐπεὶ
3497 5091 3554 5152 δὲ
3583 5094 3642 5153 οὖ
3666 5098 3763 5166 τῆς

2161 5181 2322 5252 αὐτῆς
2370 5179 2518 5250 ἀξίας
2561 5173 2700 5257 ἦσαν
2740 5187 2790 5244 οἱ
2838 5183 2942 5243 υἱοὶ
2991 5173 3087 5243 τοῦ
3137 5183 3510 5265 πατριάρχου,
3554 5182 3674 5242 ἀλλ’
3731 5185 3764 5242 ὁ

2162 5269 2259 5348 μὲν
2288 5272 2348 5329 ἐκ
2378 5274 2474 5343 τῆς
2515 5272 2732 5347 δούλης,
2776 5278 2806 5333 ὁ
2849 5272 2902 5332 δὲ
2951 5276 3012 5334 ἐκ
3045 5277 3139 5345 τῆς
3168 5276 3442 5354 ἐλευθέρας
3469 5298 3482 5312 ·
3529 5271 3760 5354 δείκνυσι

2160 5365 2282 5435 νῦν,
2316 5360 2398 5419 ὅτι
2424 5363 2506 5422 Οὖ
2537 5361 2694 5440 μόνον
2719 5362 2851 5437 υἱοὶ,
2886 5363 3024 5423 ἀλλὰ
3054 5362 3146 5422 καὶ
3193 5353 3418 5423 τοιοῦτοί
3464 5365 3584 5423 ἐστε
3602 5407 3620 5437 ,
3653 5353 3760 5431 οἷος

2163 5452 2191 5508 ὁ
2218 5450 2483 5532 ἐλεύθερος
2526 5451 2616 5511 καὶ
2659 5452 2906 5534 εὖγενήςο
2946 5451 3112 5522 οὕτως
3142 5457 3278 5532 ὑμᾶς
3313 5459 3348 5526 ἡ
3378 5453 3557 5521 πίστις
3596 5451 3760 5526 ἐξηυ-

2163 5539 2401 5618 γένησεν.

1837 5697 2378 5781 Variaellectiones.

518 5778 560 5810 ³⁸
590 5780 668 5832 ὅτι
692 5794 749 5835 0.
835 5780 878 5814 εἶθ
904 5781 1146 5853 κοσμικὴν
1179 5789 1260 5842 ο.“
