4124 6438
273 465 407 518 1005

1161 464 1515 522 EXPOSITIO
1555 466 1622 520 IN
1659 464 1878 520 EPIST.
1916 465 2010 520 AD
2049 465 2292 520 GALAT.
2329 497 2398 507 —
2427 467 2576 523 CAP.
2620 469 2706 522 IV.

3442 475 3580 531 1006

350 614 375 640 σι
405 585 546 648 Ἀλλ’
575 589 604 646 6
633 586 729 663 μὲν
761 591 822 648 ἐκ
849 591 944 661 τῆς
968 589 1254 662 παιδίσκης
1300 589 1441 650 κατὰ
1469 589 1643 670 σάρκα
1687 589 1864 670 γεγέν-

2054 592 2226 648 Vens.
2269 597 2359 648 23.
2415 614 2441 641 (ι
2486 590 2594 649 Sed
2634 593 2728 664 qui
2778 607 2844 650 ex
2885 594 3084 650 ancilla
3123 596 3426 654 secundum
3454 613 3580 654 car-

267 700 454 748 νηταιο
485 679 513 735 6
541 675 596 735 δὲ
622 678 683 735 ἐκ
711 680 803 748 τῆς
849 678 1123 759 ἐλευθέρας
1143 723 1159 753 ,
1205 679 1293 738 διὰ
1334 684 1425 750 τῆς
1456 681 1799 758 ἐπαγγελίας.
1835 707 1861 734 ι»

269 765 500 838 Ἐπειδὴ
541 767 708 845 λέγων
761 766 902 835 υἱοὺς
945 766 1135 835 αὐτοὺς
1177 759 1314 828 εἶναι
1368 768 1652 848 Ἀϐραὰμ,
1703 769 1871 829 ἐδόκει

271 856 507 916 ἀπίθανα
537 856 744 935 λέγειν,
779 857 832 916 εἴ
862 882 921 937 γε
947 862 997 918 οἳ
1028 857 1102 936 μὴ
1149 858 1291 918 κατὰ
1337 858 1510 942 σάρκα
1545 858 1598 928 ἐξ
1623 859 1870 940 Ἀϐραὰμ

266 947 605 1028 γεννηθέντες
642 948 747 1006 υἱοὶ
786 949 947 1007 αὐτοῦ
981 950 1082 1008 εἶσι
1109 973 1124 987 υ
1166 950 1359 1030 φησὶν,
1389 949 1470 1010 ὅτι
1507 948 1598 1008 καὶ
1626 953 1655 1008 6
1683 948 1870 1012 Ἰσαὰκ

267 1041 297 1096 6
353 1035 664 1116 οἰκειότερος
721 1036 828 1106 υἱὸς
874 1042 966 1098 τοῦ
1016 1037 1300 1119 Ἀϐραὰμ,
1349 1038 1468 1098 οὐδὲ
1522 1039 1676 1106 αὐτὸς
1727 1038 1870 1100 κατὰ

268 1126 442 1206 σάρκα
484 1125 793 1205 γεγέννηται
821 1150 836 1164 ο
885 1130 999 1197 πῶς
1039 1127 1143 1210 γὰρ
1193 1133 1287 1202 τῆς
1331 1127 1537 1210 φύσεως
1578 1127 1868 1208 νεκρωθεί-

269 1238 397 1289 σης,
473 1215 565 1275 καὶ
613 1219 707 1288 τῆς
761 1214 972 1297 μήτρας
1030 1217 1466 1299 πεπηρωμένηςτ,
1527 1217 1647 1277 ἀλλ’
1697 1221 1726 1277 6
1776 1223 1869 1279 τοῦ

268 1307 409 1366 Θεοῦ
441 1303 590 1383 λόγος
631 1303 723 1364 καὶ
762 1309 797 1377 ἡ
841 1305 1134 1384 ἐπαγγελία
1165 1307 1325 1366 αὐτὸν
1357 1308 1666 1368 διέπλασεν.
1714 1306 1780 1368 Ὀ
1811 1305 1868 1367 δὲ

268 1393 504 1470 Ἰσμαήλ
529 1394 734 1474 φύσεως
756 1395 1042 1478 ἀκολουθίᾳ
1077 1396 1409 1475 γεγέννηται.
1439 1400 1613 1457 Τοῦτο
1657 1397 1760 1477 γὰρ
1788 1396 1867 1472 τὸ,

277 1505 309 1544 α
339 1485 499 1544 Κατὰ
533 1483 741 1564 σάρκα,
761 1505 790 1542 ››
832 1483 977 1544 ἔστιν
1003 1508 1016 1522 ·
1048 1487 1166 1544 ἀλλ’
1197 1485 1341 1565 ὅμως
1379 1489 1408 1545 6
1435 1486 1532 1564 μὲν
1563 1486 1705 1546 κατὰ
1736 1486 1867 1567 σάρ-

268 1596 375 1647 κα,
411 1575 587 1641 δοῦλος
616 1573 708 1632 καὶ
755 1573 1026 1655 ἀλλότριος
1065 1578 1160 1646 τῆς
1205 1575 1597 1655 κληρονομίας·
1627 1579 1656 1636 6
1702 1576 1758 1635 δὲ
1788 1576 1866 1655 μὴ

270 1662 410 1722 κατὰ
435 1662 642 1742 σάρκα,
675 1664 933 1736 δεσπότης
977 1664 1070 1724 καὶ
1116 1665 1463 1746 κληρονόμος.
1500 1664 1574 1726 Τί
1602 1665 1773 1725 τοίνυν
1805 1665 1869 1726 τὸ

271 1753 470 1814 κωλύον
515 1752 608 1812 καὶ
659 1755 834 1831 ὑμᾶς,
863 1755 910 1813 εἰ
955 1752 1032 1832 μὴ
1067 1755 1159 1836 καὶ
1202 1753 1342 1814 κατὰ
1390 1755 1567 1836 σάρκα
1616 1755 1868 1834 γεγόνατε

271 1841 325 1910 ἐξ
353 1841 634 1922 Ἀϐραὰμ,
683 1842 822 1910 υἱοὺς
875 1845 1037 1902 αὐτοῦ
1091 1833 1261 1920 sim;
1316 1844 1407 1903 καὶ
1434 1833 1535 1925 γδιρ
1585 1833 1872 1925 καὶνῦμεῖς

1979 695 2109 737 nem
2145 689 2308 738 natus
2357 689 2470 750 est;
2522 682 2618 754 qui
2661 691 2847 739 autem
2884 699 2950 740 ex
2989 683 3178 752 libera,
3211 702 3303 757 per
3343 687 3581 758 promis-

1977 771 2214 828 sionem.
2267 791 2298 827 »
2369 772 2513 842 Quia
2561 789 2692 829 cum
2738 772 3047 829 afﬁrmaret
3113 789 3209 830 eos
3265 775 3407 833 ﬁlios
3459 793 3580 835 esse

1977 860 2312 930 Abrahami,
2363 860 2747 933 improbabilia
2799 862 3002 920 dixisse
3053 863 3358 934 videbatur,
3409 869 3580 939 siqui-

1977 949 2107 1005 dem
2135 950 2173 1006 ii
2194 951 2290 1023 qui
2307 966 2422 1008 non
2441 950 2751 1008 secundum
2766 967 2994 1008 carnem
3013 968 3079 1009 ex
3095 952 3438 1022 Abrahamo,
3464 957 3581 1014 nati

1977 1047 2127 1106 sunt,
2157 1039 2255 1096 ﬁlii
2275 1039 2402 1112 ejus
2421 1050 2640 1100 essent:
2664 1043 2860 1099 asserit
2886 1041 3037 1114 quod
3061 1052 3116 1101 et
3140 1046 3290 1100 Isaac
3311 1045 3578 1117 genuinus

1977 1127 2278 1186 Abrahami
2321 1129 2487 1200 ﬁlius,
2518 1147 2588 1189 ne
2613 1131 2728 1204 ipse
2755 1131 2980 1205 quidem
3016 1133 3322 1190 secundum
3344 1149 3576 1191 carnem

1976 1227 2139 1274 natus
2165 1218 2257 1288 sit,
2298 1219 2608 1291 (quomodo
2633 1221 2809 1292 enim,
2837 1229 3030 1278 natura
3060 1231 3307 1279 emortua
3325 1264 3339 1291 ,
3368 1231 3424 1279 et
3451 1239 3575 1280 ma-

1979 1305 2113 1362 trice
2136 1306 2323 1365 efl‘oata
2366 1317 2423 1365 et
2463 1309 2789 1377 mutilata?)
2833 1310 2925 1366 sed
2958 1310 3057 1367 Dei
3085 1311 3314 1368 verbum
3343 1320 3398 1368 et
3448 1329 3573 1385 pro-

1978 1396 2172 1452 missio
2212 1396 2394 1470 ipsum
2420 1399 2650 1456 efﬁnxit.
2682 1402 2758 1455 At
2792 1415 2920 1456 vero
2945 1401 3142 1457 lsmael
3176 1401 3329 1474 juxta
3365 1409 3578 1461 naturae

1977 1484 2229 1542 ordinem
2273 1495 2435 1543 natus
2468 1497 2605 1544 erat.
2651 1491 2770 1545 Hoc
2807 1490 2956 1545 enim
2991 1498 3076 1546 est
3121 1490 3270 1563 quod
3296 1491 3394 1560 ait,
3425 1513 3453 1543 «
3483 1494 3577 1549 Se-

1976 1574 2223 1632 cundum
2252 1592 2499 1634 carnem.
2534 1602 2559 1627 »
2601 1581 2860 1635 Attamen
2886 1579 2978 1651 qui
3021 1580 3326 1637 secundum
3354 1597 3578 1639 carnem

1977 1672 2137 1721 natus
2163 1673 2267 1735 est,
2310 1681 2499 1723 servus
2535 1675 2590 1723 et
2631 1667 2843 1724 alienus
2871 1676 2955 1725 est
3000 1668 3069 1724 ab
3112 1668 3456 1741 haereditate,
3484 1672 3580 1744 qui

1977 1774 2109 1816 vero
2137 1775 2254 1816 non
2281 1768 2364 1816 est
2390 1761 2696 1818 secundum
2741 1777 2986 1826 carnem,
3032 1761 3290 1820 dominus
3319 1771 3374 1821 et
3403 1763 3579 1821 haeres

1980 1858 2082 1904 est.
2130 1848 2274 1920 Quid
2318 1849 2486 1922 igitur
2522 1850 2703 1908 obstat
2734 1851 3032 1922 quominus
3077 1860 3130 1908 et
3161 1867 3288 1921 vos,
3326 1853 3420 1923 qui
3463 1870 3578 1909 non

273 1931 360 1990 διὰ
388 1919 491 1990 τῶν
524 1919 614 1992 ἐπὶ
662 1937 730 2013 τῇ
765 1932 1117 2015 κολυμϐήθρᾳ
1165 1919 1558 2014 ἐπιλεγομένων
1607 1919 1866 2016 ῥημάτων

1986 1919 2284 1995 secundum
2311 1919 2528 1996 carnem
2556 1941 2669 1997 nati
2707 1919 2837 1996 estis
2860 1956 2925 1996 ex
2958 1940 3296 2010 Ahrahamo,
3329 1941 3425 1996 ﬁlii
3463 1943 3580 2015 ejus

274 2021 645 2097 διεπλάσθητε.

361 2226 390 2261 α
421 2201 606 2264 Ἅτινά
658 2203 803 2262 ἐστιν
855 2203 1310 2285 ἀλληγορούμενα.
1368 2226 1397 2263 ι)
1458 2204 1778 2285 Τουτέστιν,
1838 2210 1872 2279 ἡ

275 2291 372 2370 μὲν
402 2293 609 2373 ἱστορία
659 2291 796 2365 αὕτη
844 2294 902 2352 οὖ
954 2294 1113 2372 μόνον
1161 2300 1318 2354 τοῦτο
1371 2296 1553 2368 δηλοῖ,
1608 2295 1749 2354 ἀλλὰ
1784 2296 1875 2356 καὶ

273 2383 414 2441 ἄλλα
470 2381 588 2440 τινὰ
619 2379 913 2466 Αᾷγορεύει·
969 2383 1048 2442 διὸ
1093 2383 1186 2443 καὶ
1239 2384 1534 2466 ἀλληγορία
1589 2384 1870 2460 κέκληται.

270 2470 588 2554 Τύποςᾼγόιρ
615 2462 753 2545 ἦσαν
781 2473 955 2532 ἐκεῖνα
979 2476 1083 2531 τῶν
1113 2473 1426 2554 παρόντων.

352 2587 379 2616 ιι
408 2551 580 2622 Agraei
607 2561 710 2642 γάρ
740 2563 870 2622 εἰσιν
906 2564 962 2621 αἱ
1007 2562 1100 2622 δύο
1151 2551 1408 2636 διαθῆκαι
1439 2585 1455 2602 ο
1505 2563 1605 2640 μία
1637 2563 1734 2641 μὲν
1764 2563 1875 2624 ἀπὸ

273 2652 424 2730 ὅρους
451 2653 586 2711 Σινᾶ
616 2652 689 2718 εἷς
733 2652 972 2710 δουλείαν
1005 2657 1272 2730 γεννῶσα,
1320 2652 1436 2725 ἥτις
1490 2653 1633 2713 ἐστίν
1680 2651 1871 2736 Ἅγαρ.

275 2740 358 2803 Τὸ
388 2739 488 2820 γὰρ
532 2739 702 2823 Ἅγαρ
751 2743 886 2801 Σινᾶ
929 2740 1048 2822 ὄρος
1088 2742 1229 2802 ἐστὶν
1275 2744 1328 2800 ἐν
1359 2747 1426 2824 τῇ
1479 2742 1704 2825 Ἀραϐίᾳ
1730 2766 1744 2781 ·
1775 2769 1873 2803 συ-

276 2837 481 2910 στοιχεῐ
505 2829 559 2890 δὲ
681 2835 772 2891 ν’ὖν
815 2829 1178 2911 Ἰερουσαλὴμ
1200 2877 1217 2905 ,
1249 2831 1483 2892 δουλεύει
1511 2835 1567 2894 δὲ
1600 2834 1739 2911 μετὰ
1766 2837 1873 2895 τῶν

274 2918 472 2980 τέκνων
496 2921 680 2993 αὖτῆς.
703 2946 728 2973 ιι
750 2953 833 2968 -
853 2945 876 2974 α
900 2912 1098 2985 Αἷται.
1123 2949 1148 2976 ιο
1181 2923 1378 2996 Ποίαι;
1408 2925 1478 2983 Αἱ
1507 2921 1600 2983 δύο
1632 2924 1876 3000 γυναῖκες

277 3010 696 3090 ἄλληγοροῦνται
727 3009 801 3078 εἴς
841 3035 897 3070 τε
926 3011 1022 3082 τὴν
1058 3011 1202 3073 Νέαν
1237 3011 1330 3070 καὶ
1371 3015 1445 3079 εἷς
1473 3012 1570 3085 τὴν
1621 3014 1875 3077 Παλαιὰν

278 3097 574 3170 Διαθήκην.
611 3102 769 3174 Πῶς
809 3097 877 3160 Ἦ
914 3099 1008 3176 μὲν
1037 3099 1206 3180 Ἅγαρ
1241 3103 1310 3168 εἷς
1340 3100 1434 3173 τὴν
1466 3102 1734 3162 Παλαιάν.
1765 3104 1876 3164 Καὶ

277 3186 380 3268 γὰρ
407 3190 438 3246 6
466 3188 623 3266 νόμος
657 3186 765 3249 ἀπὸ
783 3193 876 3249 τοῦ
900 3191 1036 3250 Σινᾶ
1071 3189 1222 3269 ὄρους
1253 3190 1428 3263 ἐδόθη.
1461 3192 1543 3252 Τὸ
1570 3191 1625 3250 δὲ
1652 3195 1788 3252 Σινᾶ
1820 3195 1874 3253 ἕν

275 3275 502 3358 Ἀραϐίᾳ
533 3277 630 3356 μέν
659 3279 802 3338 ἐστιν
827 3325 845 3357 ,
879 3276 1048 3359 Ἅγαρ
1081 3279 1135 3338 δὲ
1167 3283 1416 3338 καλεῖται
1446 3285 1513 3359 τῇ
1557 3280 1826 3361 Ἀραϐικῇ
1854 3283 1868 3317 ι

275 3349 498 3449 γλωσση
533 3349 549 3402 λ
595 3349 867 3449 συστοιχέῖ
916 3349 971 3427 δέ
1011 3349 1104 3429 καὶ
1141 3373 1208 3449 τῇ
1240 3349 1598 3450 Ἰερουσαλήμ
1628 3349 1643 3409 ί
1692 3349 1880 3432 τουτέ-

278 3480 399 3532 στι,
427 3455 709 3537 γειτνιάζει
732 3502 750 3533 ,
778 3457 1034 3518 ἅπτεται·
1067 3457 1102 3530 ἢ
1134 3460 1216 3518 ὅτι
1243 3459 1588 3529 ἀπεικάζεται
1632 3465 1700 3540 τῇ
1731 3462 1880 3523 κάτω

277 3545 677 3628 Ἰερουσαλὴμ,
726 3549 822 3608 καὶ
885 3551 1134 3627 ἀναλογεῖ
1183 3550 1356 3624 αὐτῇ,
1408 3547 1498 3608 καὶ
1551 3551 1624 3618 εἷς
1673 3550 1880 3625 ἐκείνην

278 3635 707 3721 ἐκλαμϐάνεται,
737 3640 808 3705 ὡς
859 3637 1167 3721 δμοιότητος
1206 3635 1367 3710 οὔσης
1400 3640 1618 3721 ἀμφοῖν.
1658 3638 1882 3720 Ὥσπερ

278 3714 369 3785 οὖν
397 3729 431 3797 ἡ
458 3723 626 3806 Ἅγαρ
663 3726 826 3799 δούλη
860 3717 959 3800 ἧν,
990 3726 1080 3786 καὶ
1113 3732 1184 3794 εἰς
1215 3727 1458 3786 δουλείαν
1493 3714 1676 3806 ἐγέννα
1701 3752 1714 3766 ·
1744 3714 1883 3789 οὕτω

281 3818 373 3874 καὶ
415 3817 445 3875 6
489 3815 649 3893 νόμος
681 3819 711 3875 6
763 3818 822 3875 ἐκ
863 3822 955 3876 τοῦ
1001 3819 1136 3876 Σινᾶ
1188 3815 1368 3896 ὅρους,
1428 3823 1521 3877 τοῦ
1550 3819 1882 3896 καλουμένου

279 3901 482 3985 Ἅγαρ,
526 3902 618 3963 καὶ
664 3904 796 3985 πρὸς
843 3903 940 3976 τὴν
993 3904 1350 3986 Ἰερουσαλὴμ
1414 3907 1880 3986 ἀπεικαζομένου,

281 3996 352 4061 ὡς
382 3992 665 4074 συστοίχου
694 3993 838 4061 ὄντος
889 3995 1025 4076 αὐτῇ
1055 3997 1148 4056 καὶ
1193 3995 1490 4075 ἀναλόγου,
1538 3999 1610 4064 εἷς
1643 3997 1884 4057 δουλείαν

281 4092 440 4164 γεννᾷ
465 4082 584 4151 τοὺς
612 4084 759 4162 αὐτῷ
788 4083 1167 4165 προσέχοντας.
1218 4085 1330 4146 Καὶ
1379 4087 1482 4166 γὰρ
1528 4088 1581 4146 ἐν
1632 4091 1708 4169 τῷ
1737 4087 1884 4169 νόμῳ

285 4171 422 4232 πολὺ
459 4171 520 4231 τὸ
561 4172 896 4253 ἀνελεύθερον
940 4174 1032 4233 καὶ
1066 4173 1324 4234 δουλικόν.
1370 4173 1455 4236 θΗ
1482 4199 1541 4234 τε
1569 4176 1674 4258 γὰρ
1722 4177 1885 4258 ἀρετὴ

283 4259 378 4322 ἐπὶ
411 4264 586 4342 μισθῷ
619 4264 981 4340 ἐνομοθετεῖτο
1009 4267 1225 4344 φθαρτῷ
1245 4309 1264 4338 ,
1292 4264 1401 4333 τοῖς
1428 4267 1525 4336 τῆς
1554 4270 1652 4345 γῆς
1673 4311 1690 4341 ,
1721 4267 1886 4347 φημὶ,

285 4353 542 4430 ἀγαθοῖς·
573 4352 666 4411 καὶ
719 4355 754 4424 ἡ
813 4355 908 4425 τῆς
959 4353 1149 4422 κακίας
1177 4353 1428 4436 ἀποφυγὴ
1480 4353 1568 4414 διὰ
1613 4357 1884 4417 κολάσεων

286 4440 382 4500 καὶ
411 4440 589 4523 φόϐων
615 4442 900 4520 εἰσηγεῖτο.

378 4551 408 4590 a
445 4529 521 4592 ‘H
570 4530 625 4590 δὲ
675 4530 787 4590 ἄνω
831 4530 1186 4612 Ἰερουσαλὴμ
1240 4533 1488 4616 ἐλευθέρα
1540 4533 1715 4611 ἐστὶν,
1769 4536 1888 4610 ἥτις

287 4621 401 4680 ἐστὶ
431 4619 612 4702 μήτηρ
645 4620 861 4682 πάντων
884 4626 1059 4702 ἡμῶν.
1094 4644 1123 4680 ι
1175 4622 1245 4685 Ὁ
1273 4622 1373 4701 μὲν
1405 4623 1570 4692 τύπος
1603 4629 1696 4698 τῆς
1719 4626 1890 4709 Ἅγαρ

289 4712 343 4770 ἐν
374 4709 576 4777 τούτοις
600 4733 616 4748 ο
647 4709 744 4791 ὅρα
793 4710 849 4770 δὲ
881 4711 976 4771 καὶ
1003 4709 1094 4771 τὸν
1142 4715 1233 4785 τῆς
1280 4712 1498 4795 Σάρῤας
1529 4737 1544 4753 ο
1598 4715 1734 4791 αὕτη
1782 4716 1890 4798 γὰρ

287 4798 389 4872 τὴν
437 4799 548 4859 ἄνω
596 4799 960 4881 Ἰερουσαλὴμ
1029 4802 1354 4886 προετύπου.
1425 4803 1644 4878 Ἑκείνη
1705 4806 1808 4886 γὰρ
1859 4810 1890 4880 ἡ

290 4888 446 4956 πόλις
474 4891 580 4949 τῶν
630 4895 865 4965 πιστῶν,
897 4893 987 4973 ἀφ’
1035 4883 1099 4964 ἧς
1141 4891 1233 4951 καὶ
1263 4895 1291 4950 6
1316 4891 1471 4970 νόμος
1501 4897 1630 4970 ἡμῖν
1659 4913 1674 4929 ⁸
1713 4883 1892 4964 ἐξού-

292 4983 452 5059 ρανοῦ
507 4977 612 5061 γὰρ
654 4979 717 5039 τὸ
771 4982 1119 5061 Εὖαγγέλιον.
1189 4981 1478 5064 Ἐλευθέρα
1537 4984 1594 5042 δέ
1651 4987 1790 5045 ἐστιν
1835 4987 1893 5046 ἐκ

290 5071 399 5128 τῶν
426 5072 523 5128 τοῦ
555 5067 719 5148 νόμου
746 5069 1209 5151 παρατηρήσεων,
1241 5075 1336 5132 καὶ
1382 5073 1560 5134 πάντα
1609 5073 1896 5157 ἐλευθέρως

292 5156 636 5218 διατάττεται
684 5159 778 5218 καὶ
829 5163 1074 5239 εὐγενῶς.
1131 5160 1300 5222 Οὐδὲν
1344 5161 1448 5242 γὰρ
1477 5166 1609 5241 ἡμῖν
1659 5163 1750 5224 ἐπὶ
1799 5156 1896 5244 μι-

292 5250 406 5327 σθῷ
458 5249 636 5328 ὁρατῷ
683 5254 1072 5331 κατορθοῦται,
1118 5250 1238 5311 οὐδὲ
1289 5252 1535 5321 κολάσεις
1589 5255 1896 5332 σωματικαὶ

293 5335 687 5418 ἐπικρέμανται
717 5339 846 5415 ἡμῖν
871 5385 891 5413 ,
941 5340 1080 5400 ἀλλὰ
1123 5341 1215 5400 καὶ
1266 5343 1322 5400 αἱ
1355 5341 1670 5422 ἐπαγγελίαι
1699 5344 1893 5405 θειότε-

295 5447 418 5506 ραι,
465 5425 560 5486 καὶ
604 5429 662 5487 αἱ
714 5428 957 5498 κολάσεις
1011 5431 1244 5510 εὖγενέσι
1292 5429 1624 5513 πρέπουσαι,
1665 5433 1728 5494 τὸ
1767 5459 1899 5516 τρα-

291 5515 461 5590 πέζης
490 5522 752 5594 μυστικῆς
780 5521 1149 5595 ἐκκλεισθῆναι
1170 5565 1188 5601 ,
1219 5521 1314 5581 καὶ
1352 5525 1753 5602 ἐπιτιμηθῆναι.

1982 2027 2134 2085 sitis?
2161 2030 2301 2084 Nam
2335 2036 2391 2084 et
2419 2045 2515 2086 vos
2557 2045 2654 2101 per
2677 2029 2837 2086 verba
2864 2045 2990 2102 quae
3035 2029 3091 2085 in
3130 2029 3461 2102 baptismate
3488 2047 3579 2090 re-

1983 2118 2242 2187 citantur,
2273 2117 2494 2176 formati
2525 2119 2670 2176 estis.

2055 2210 2236 2265 Vens.
2259 2213 2348 2265 24.
2385 2211 2570 2279 «Quae
2595 2216 2725 2266 sunt
2749 2224 2842 2280 per
2866 2208 3188 2282 allegoriam
3215 2209 3375 2267 dicta.
3400 2233 3427 2262 ››
3462 2214 3581 2268 Hoc

1984 2306 2096 2361 est,
2133 2297 2249 2354 hac
2294 2298 2519 2371 quidem
2561 2298 2789 2356 historia
2830 2315 2944 2357 non
2973 2298 3080 2356 hoc
3123 2300 3307 2357 solum
3353 2300 3580 2369 indicat,

1983 2402 2172 2443 verum
2202 2395 2258 2444 et
2297 2387 2404 2444 alia
2452 2387 2711 2460 quaedam
2757 2389 3001 2458 nuntiat;
3048 2388 3196 2447 unde
3244 2397 3301 2447 et
3327 2390 3584 2463 allegoria

1982 2484 2171 2533 vocata
2196 2485 2284 2533 est
2311 2495 2325 2533 :
2355 2478 2528 2550 ﬁgura
2547 2478 2699 2534 enim
2727 2477 2956 2535 fuerunt
2995 2478 3088 2534 illa
3135 2479 3510 2551 praesentium.

2055 2569 2240 2625 Vens.
2280 2573 2372 2636 25,
2404 2572 2496 2623 26.
2525 2591 2552 2618 α
2581 2571 2716 2624 Haec
2754 2568 2903 2624 enim
2928 2567 3041 2625 duo
3070 2577 3199 2625 sunt
3221 2576 3585 2642 tastamenta,

1983 2671 2154 2711 unum
2175 2655 2396 2728 quidem
2421 2672 2453 2713 a
2478 2665 2667 2713 monte
2687 2657 2842 2725 Sina,
2872 2656 2926 2712 in
2946 2657 3262 2714 servitutem
3283 2674 3550 2730 generans
3567 2698 3584 2727 ,

1985 2760 2110 2818 qua
2141 2753 2223 2802 est
2247 2750 2416 2818 Agar.
2445 2751 2594 2819 Agar
2624 2746 2770 2802 enim
2813 2747 2940 2802 Sina
2969 2762 3134 2804 mons
3154 2756 3237 2803 est
3264 2746 3322 2802 in
3352 2747 3585 2818 Arabia;

1985 2836 2280 2908 contiguus
2320 2844 2402 2892 est
2426 2844 2612 2892 autem
2650 2837 2697 2892 ei
2744 2851 2868 2909 quae
2897 2853 3044 2892 nunc
3088 2845 3173 2893 est
3214 2836 3585 2907 Hierusalem,

1985 2926 2152 2981 servit
2171 2933 2355 2982 autem
2374 2941 2501 2982 cum
2523 2925 2653 2981 ﬁliis
2676 2925 2788 2982 suis
2816 2949 2840 2973 ν
2865 2957 2938 2966 -
2955 2947 2984 2976 ‹‹
3012 2928 3147 2983 Haec
3173 2943 3188 2982 :
3217 2949 3242 2975 ιο
3271 2927 3410 2998 Quae
3429 2926 3589 2985 haec?

1984 3014 2109 3071 duae
2133 3013 2401 3071 nimirum
2425 3013 2683 3070 mulieres
2708 3014 3018 3071 referuntur
3043 3031 3140 3087 per
3168 3015 3490 3088 allegoriam
3518 3014 3589 3073 ad

1984 3105 2200 3160 Novum
2231 3111 2288 3161 et
2313 3106 2482 3161 Vetus
2508 3107 2878 3161 Testamenta.
2903 3104 3230 3176 Quomodo?
3264 3108 3413 3178 Agar
3433 3105 3585 3163 enim

1985 3193 2054 3250 ad
2076 3195 2262 3251 Vetus.
2301 3194 2523 3250 Etenim
2563 3194 2647 3250 lex
2677 3211 2709 3250 a
2752 3195 2878 3251 Sina
2918 3204 3108 3251 monte
3144 3194 3270 3251 data
3318 3204 3426 3252 est.
3461 3196 3589 3252 Sina

1918 3312 1964 3376 ο
1987 3299 2114 3340 vero
2141 3284 2202 3340 in
2237 3283 2440 3340 Arabia
2469 3283 2692 3356 quidem
2736 3293 2840 3350 est,
2872 3290 3025 3376 Agar
3059 3293 3245 3342 autem
3287 3285 3590 3376 appellatur

1986 3373 2236 3431 Arabum
2271 3374 2480 3446 lingua.
2532 3376 2633 3429 Est
2659 3381 2842 3430 autem
2880 3373 3172 3446 contiguus
3201 3375 3588 3448 Jerosolymis,

1984 3462 2040 3518 id
2079 3471 2188 3532 est,
2220 3463 2431 3520 vicinus
2473 3471 2576 3530 est,
2613 3463 2879 3536 contingit
2910 3483 2926 3520 :
2953 3463 3034 3520 vel
3065 3464 3192 3536 quia
3221 3463 3476 3520 inferiori
3505 3467 3594 3522 Je-

1987 3553 2228 3610 rusalem
2255 3551 2606 3620 assimilatur,
2651 3552 2732 3608 vel
2776 3552 2890 3624 ejus
2927 3553 3170 3624 speciem
3212 3569 3326 3624 pra:
3362 3569 3421 3610 se
3447 3553 3590 3624 fert,

1989 3650 2047 3700 et
2073 3641 2144 3698 ad
2169 3641 2317 3698 illam
2339 3641 2754 3710 transsumitur,
2777 3649 3042 3713 tanquam
3072 3641 3381 3698 similitudo
3410 3642 3481 3699 sit
3517 3643 3592 3699 in-

1991 3740 2074 3788 ter
2102 3739 2353 3804 utraque.
2393 3730 2628 3788 Perinde
2671 3729 2840 3802 igitur
2878 3739 2940 3787 ut
2980 3735 3130 3802 Agar
3173 3746 3330 3788 serva
3368 3740 3492 3788 erat
3535 3741 3592 3789 et

1991 3821 2046 3878 in
2078 3822 2402 3880 servitutem
2447 3819 2747 3894 generabat
2777 3837 2792 3875 :
2835 3819 2985 3877 hunc
3017 3820 3089 3877 ad
3117 3819 3350 3879 modum
3392 3820 3480 3878 lex
3525 3837 3592 3878 ex

1992 3921 2182 3968 monte
2222 3911 2354 3968 Sina
2393 3910 2503 3984 (qui
2536 3909 2838 3982 appellatur
2875 3913 3042 3982 Agar)
3081 3911 3128 3967 ei
3162 3926 3288 3983 qua:
3325 3927 3475 3968 nunc
3505 3920 3590 3969 est

1991 4001 2294 4060 Jerusalem
2331 4000 2654 4070 assimilato,
2713 4006 2906 4072 utpote
2949 4000 3209 4074 contiguo
3260 3999 3371 4070 illi,
3421 4000 3589 4058 adeo-

1991 4106 2098 4164 que
2125 4089 2261 4162 pari,
2288 4090 2346 4145 in
2379 4089 2702 4146 servitutem
2729 4097 2960 4162 generat
2999 4104 3094 4146 eos
3128 4089 3221 4162 qui
3265 4089 3367 4146 sibi
3405 4090 3590 4162 appel-

1991 4181 2115 4238 lunt
2144 4179 2410 4236 animum.
2440 4181 2586 4236 Nam
2634 4178 2692 4234 in
2731 4179 2847 4250 lege
2887 4177 3146 4250 pleraque
3186 4178 3467 4235 illiberalia
3515 4189 3594 4236 at-

1995 4286 2103 4344 que
2146 4269 2361 4327 servilia
2406 4275 2585 4325 erant.
2635 4267 2823 4325 Virtus
2873 4267 3023 4324 enim
3063 4267 3137 4324 ob
3183 4269 3596 4340 corruptibilem

1995 4358 2312 4417 mercedem
2339 4357 2703 4428 statuebatur,
2734 4373 2934 4428 nempe
2973 4357 3044 4414 ob
3084 4366 3300 4415 terrena
3333 4359 3509 4428 bona;
3540 4369 3598 4418 et

1997 4450 2112 4506 vitii
2144 4449 2268 4522 fuga
2296 4465 2393 4522 per
2428 4464 2619 4521 poenas
2653 4464 2716 4503 ac
2742 4454 2982 4504 terrores
3011 4447 3488 4504 introducebatur.

2069 4542 2247 4598 Vens.
2290 4544 2377 4594 27.
2433 4560 2460 4587 ιι
2495 4537 2593 4593 Illa
2633 4545 2824 4593 autem
2856 4551 2980 4610 qua:
3011 4552 3237 4593 sursum
3265 4544 3350 4592 est
3382 4537 3597 4594 Jerusa-

1998 4629 2126 4693 lem,
2169 4629 2338 4701 353
2369 4628 2538 4684 libera
2576 4635 2686 4696 est,
2712 4642 2836 4699 quae
2871 4633 2955 4683 est
2977 4634 3154 4682 mater
3183 4625 3436 4682 omnium
3464 4642 3595 4684 nos-

1997 4727 2167 4776 trum.
2200 4738 2230 4773 »
2259 4719 2462 4790 Figura
2498 4716 2719 4788 quidem
2759 4719 2928 4789 Agar,
2963 4715 3016 4770 in
3046 4715 3165 4771 istis
3197 4723 3302 4771 est.
3338 4717 3598 4788 Expende

1999 4817 2192 4866 autem
2219 4817 2273 4863 et
2311 4807 2529 4864 Sarrhae
2572 4807 2822 4878 ﬁguram.
2858 4805 3142 4878 Siquidem
3167 4820 3463 4877 supernam
3496 4804 3598 4863 ista

1999 4898 2303 4956 Jerusalem
2350 4895 2758 4970 praeﬁgurabat.
2803 4897 2945 4952 Nam
2976 4895 3066 4951 illa
3113 4893 3305 4952 civitas
3341 4903 3426 4952 est
3462 4893 3598 4951 ﬁde-

2000 4988 2163 5060 lium,
2197 4985 2346 5044 unde
2377 4994 2435 5043 et
2465 4986 2554 5043 lex
2589 4984 2753 5042 nobis
2777 4984 2885 5042 lata
2925 4992 3012 5042 est
3056 5001 3070 5041 :
3103 5000 3170 5040 ex
3197 4985 3339 5041 coelo
3363 5001 3602 5056 namque

2001 5077 2379 5151 Evangelium.
2427 5075 2628 5132 Libera
2675 5083 2860 5131 autem
2907 5082 2989 5129 est
3026 5090 3057 5130 a
3103 5073 3234 5146 legis
3266 5073 3602 5130 observatio-

2001 5168 2186 5236 nibus,
2237 5175 2543 5238 cunctaque
2577 5164 2746 5221 libere
2793 5162 3014 5220 ordinat
3055 5171 3112 5220 et
3156 5163 3414 5236 ingenue.
3449 5163 3597 5220 Nihil

2005 5258 2158 5316 enim
2192 5273 2223 5314 a
2268 5255 2427 5313 nobis
2464 5254 2537 5312 ob
2573 5253 2843 5310 visibilem
2877 5251 3194 5308 mercedem
3230 5251 3481 5326 geritur:
3510 5269 3602 5310 ne-

2006 5365 2115 5422 que
2145 5346 2449 5420 corporalia
2475 5343 2640 5401 nobis
2665 5341 2924 5416 supplicia
2967 5341 3286 5412 imminent,
3317 5359 3514 5400 verum
3551 5353 3608 5402 et

2011 5436 2406 5512 promissiones
2436 5434 2772 5503 diviniores,
2809 5441 2865 5489 et
2902 5447 3080 5504 poenae
3113 5431 3364 5505 ingenuis
3411 5449 3609 5492 conve-

2010 5534 2246 5603 nientes,
2287 5545 2486 5606 nempe
2521 5546 2554 5589 a
2585 5527 2817 5604 mystica
2855 5542 3046 5585 mensa
3083 5527 3303 5585 excludi
3341 5535 3505 5604 atque
3533 5528 3611 5588 in-

2014 5639 2247 5696 crepari.

1695 5727 1888 5788 Variae
1924 5727 2230 5789 lectiones.

379 5795 399 5832 ί
429 5793 645 5869 Ἀράϐων
674 5816 728 5857 0.
