4124 6416
552 461 575 516 i
586 460 687 516 007

620 606 647 634 ι
687 583 967 657 Scriptum
1010 590 1096 641 est
1135 581 1285 641 enim
1312 590 1337 630 !
1393 601 1407 638 :
1448 584 1695 650 Laetare,
1731 580 1959 648 sterilis,
2017 594 2143 651 qua:
2174 580 2228 646 Α

543 688 656 730 non
697 672 844 745 paris
877 689 895 729 :
927 688 1156 745 erumpe
1201 680 1258 728 et
1305 671 1478 729 clama
1527 687 1652 744 quae
1709 686 1825 727 non
1870 667 2139 742 parturis,

543 763 672 836 quia
700 761 858 820 multi
892 761 991 819 ﬁlii
1027 761 1278 829 desertae,
1321 761 1498 835 magis
1539 776 1705 835 quam
1740 760 1858 832 ejus
1894 773 2018 831 qua
2044 757 2142 814 ha-

544 852 641 909 bet
682 852 880 910 virum.
923 869 956 906 »
1006 851 1221 924 Figuris
1266 850 1413 907 haud
1454 858 1782 921 contentus,
1826 847 2031 905 Isaiam
2087 846 2140 902 in

544 949 749 999 testem
774 941 927 1012 citat,
951 941 1049 1014 qui
1071 940 1314 998 sterilem
1346 956 1413 998 ac
1447 939 1723 998 desertam
1764 936 2008 1011 appellat
2042 938 2143 992 Ee-

547 1030 769 1088 clesiam
802 1046 872 1088 ex
907 1030 1162 1104 gentibus
1190 1036 1649 1103 eoagmentatam.
1699 1029 1834 1085 Erat
1868 1025 2018 1084 enim
2065 1025 2147 1082 di-

549 1121 693 1178 vina
738 1118 1072 1194 cognitionis
1114 1135 1282 1178 vacua
1325 1129 1382 1177 et
1431 1119 1638 1192 absque
1684 1116 1895 1188 liberis,
1938 1115 2142 1191 quippe

548 1224 673 1282 qua
706 1208 989 1268 neminem
1026 1209 1422 1284 prophetarum
1448 1209 1550 1266 Dei
1573 1208 1890 1282 protulerit,
1925 1206 2011 1263 vel
2053 1204 2146 1263 do-

552 1310 781 1358 ctorem.
810 1300 1123 1359 [labentem
1149 1308 1333 1357 autem
1376 1298 1574 1369 virum,
1610 1297 1935 1356 Iudaeorum
1975 1298 2149 1369 Syna—

553 1405 773 1462 gogam,
805 1390 888 1447 vel
920 1389 1045 1463 quia
1074 1390 1257 1463 legem
1286 1389 1523 1446 habebat
1545 1387 2029 1446 administrantem
2056 1400 2147 1442 res

554 1479 746 1552 ipsius,
789 1479 872 1538 vel
919 1481 1048 1553 quia
1084 1482 1262 1537 Deum
1306 1480 1512 1552 ipsum.
1546 1500 1573 1528 α
1608 1480 1850 1550 Erumpe
1899 1499 1925 1526 ιο
1957 1475 2144 1548 igitur,

557 1570 664 1626 hoc
689 1577 793 1637 est,
820 1571 1029 1626 Vocem
1057 1568 1257 1627 laetitiae
1284 1568 1571 1642 eloquere,
1620 1566 1749 1641 quia
1777 1580 1930 1622 nunc
1955 1564 2148 1621 multi-

1487 455 2005 514 THEOPHYLACTI
2044 450 2403 510 ΒυιρΑΗιιΕ
2439 448 2753 509 ARCHIEP.

3713 444 3849 501 1008

2342 600 2371 633 α
2404 576 2712 657 Γέγραπται
2759 574 2902 654 γάρ·
2938 571 3308 654 Εὐφράνθητι,
3354 579 3541 651 στεῖρα
3590 572 3627 642 ἡ
3673 570 3734 630 οὗ
3769 568 3851 627 τί·

2251 691 2451 729 κτουσα
2476 688 2490 702 ·
2518 665 2673 746 ῥῆξον
2698 664 2791 724 καὶ
2824 663 3040 744 βόησον,
3071 667 3106 735 ἡ
3136 664 3232 721 οὐκ
3255 660 3537 734 ὠδίνουσα,
3564 661 3648 719 δτι
3674 657 3852 718 πολλὰ

2251 757 2319 816 τὰ
2376 758 2534 816 τέκνα
2576 758 2671 826 τῆς
2718 752 2917 833 ἐρήμου
2940 798 2956 831 ,
3007 753 3212 829 μᾶλλον
3253 748 3290 824 ἢ
3342 756 3440 824 τῆς
3482 746 3710 829 ἐχούσης
3758 747 3852 806 τὸν

2252 848 2439 927 ἄνδρα.
2472 867 2502 904 η
2564 847 2684 906 Οὐκ
2730 845 2973 924 ἀρκεῖται
3025 845 3132 908 τοῖς
3175 839 3361 908 τύποις
3384 887 3402 921 ,
3445 839 3587 899 ἀλλὰ
3616 838 3709 899 καὶ
3759 837 3855 897 τὸν

2250 926 2484 999 Ἡσαΐαν
2530 932 2765 1015 παράγει
2794 931 2821 968 ²
2871 931 3116 1012 μάρτυρα
3142 976 3160 1009 ,
3208 933 3422 1010 στεῖραν
3478 927 3574 1004 μὲν
3622 926 3851 1008 λέγοντα

2251 1027 2343 1087 καὶ
2375 1026 2574 1106 ἔρημον
2600 1021 2699 1096 τὴν
2738 1022 2793 1092 ἐξ
2834 1024 2993 1082 ἐθνῶν
3024 1019 3379 1094 Ἐκκλησίαν.
3434 1019 3546 1079 Καὶ
3576 1017 3682 1099 γὰρ
3728 1018 3855 1096 ἔρη-

2255 1139 2349 1194 μος
2377 1107 2440 1189 ἧν
2471 1112 2614 1180 θείας
2649 1111 2894 1191 γνώσεως
2915 1156 2933 1189 ,
2968 1109 3059 1170 καὶ
3102 1110 3351 1181 ἄτεκνος,
3401 1107 3591 1170 οὐδένα
3637 1106 3851 1189 προφή-

2257 1230 2351 1278 την
2379 1206 2521 1266 Θεοῦ
2570 1207 2966 1285 προενεγκοῦσα
3003 1201 3039 1274 ἢ
3093 1199 3412 1260 διδάσκαλον
3442 1221 3459 1237 ·
3514 1198 3741 1279 ἔχουσαν
3793 1196 3851 1257 δὲ

2255 1296 2421 1376 ἄνδρα
2443 1339 2460 1367 ,
2506 1294 2603 1367 τὴν
2632 1292 2904 1355 Ἰουδαίων
2955 1289 3286 1369 Συναγωγὴν
3307 1335 3324 1364 ,
3354 1288 3391 1361 ἢ
3438 1286 3519 1348 ὅτι
3566 1288 3656 1349 τὸν
3688 1285 3851 1364 νόμον

2252 1379 2362 1466 εἶχε
2420 1388 2715 1466 διοικοῦντα
2765 1381 2835 1441 τὰ
2865 1383 3060 1452 αὐτῆς,
3112 1377 3148 1451 ἢ
3181 1379 3263 1439 ὅτι
3314 1378 3404 1439 τὸν
3459 1376 3601 1466 Θεὸν
3654 1377 3844 1438 αὐτόν.

2263 1463 2511 1547 «θίνῆξον
2539 1494 2570 1533 ι)
2610 1463 2699 1534 οὖν
2714 1521 2730 1548 ,
2756 1469 2877 1531 ἀντὶ
2901 1474 2993 1530 τοῦ
3023 1470 3098 1543 ²¹’,
3121 1468 3324 1542 Φωνὴν
3356 1465 3678 1550 εὐφροσύνης
3702 1466 3855 1525 ἐκλά-

2252 1568 2445 1639 λησον,
2474 1564 2556 1624 ὅτι
2597 1567 2688 1622 νῦν
2719 1559 3002 1642 ἐπληρώθη
3034 1582 3118 1620 σοι
3145 1558 3218 1619 τὰ
3254 1557 3416 1618 τέκνα
3444 1601 3462 1631 ,
3517 1557 3610 1615 καὶ
3643 1559 3858 1636 προφῆ-

558 1658 735 1729 plicati
776 1666 909 1716 sunt
931 1659 1030 1716 tibi
1076 1658 1192 1727 ﬁlii,
1221 1666 1279 1716 et
1319 1659 1635 1732 prephetaa,
1664 1663 1722 1713 et
1750 1654 2042 1724 doctores,
2090 1661 2149 1710 et

2258 1678 2369 1729 ται,
2397 1654 2490 1714 καὶ
2521 1652 2862 1724 διδάσκαλοι,
2895 1650 2988 1709 καὶ
3037 1647 3140 1708 υἱοὶ
3171 1649 3312 1708 Θεοῦ
3358 1651 3419 1708 ἐκ
3453 1651 3550 1707 σοῦ
3572 1689 3591 1721 ,
3633 1648 3725 1705 καὶ
3755 1644 3855 1716 τὴν

555 1748 650 1804 ﬁlii
697 1748 800 1805 Dei
843 1762 908 1804 ex
935 1756 1010 1817 te,
1058 1763 1122 1805 ac
1154 1747 1473 1805 universum
1516 1755 1797 1805 terrarum
1850 1744 2046 1802 orbem
2081 1750 2146 1800 tu

554 1838 809 1908 genuisti,
838 1852 953 1895 non
977 1837 1194 1894 unicam
1224 1845 1475 1911 gentem,
1519 1844 1583 1894 ut
1617 1834 1945 1894 Iudaeorum
1969 1834 2146 1907 Syna-

553 1942 714 2003 8088.

628 2024 807 2076 Vens.
841 2022 931 2087 28,
969 2022 1060 2075 29.
1113 2039 1139 2066 α
1173 2018 1287 2074 Nos
1322 2024 1530 2087 autem,
1577 2015 1805 2083 fratres,
1848 2013 2153 2072 secundum

553 2110 725 2177 Isaac,
754 2106 854 2163 ﬁlii
880 2122 1073 2165 sumus
1095 2104 1498 2179 promissionis.
1540 2104 1649 2162 Sed
1676 2103 2152 2177 quemadmodum

555 2207 689 2253 tunc
724 2196 770 2254 is
813 2196 943 2269 quis
982 2194 1286 2252 secundum
1334 2208 1555 2252 carnem
1597 2202 1765 2251 natus
1795 2191 2003 2261 fuerat,
2036 2207 2154 2265 per-

553 2285 882 2358 sequebatur
899 2300 1027 2342 eum
1047 2285 1134 2359 qui
1155 2284 1456 2342 secundum
1472 2284 1747 2356 spiritum,
1763 2283 1834 2339 ita
1859 2290 1913 2339 et
1926 2298 2095 2337 nunc.
2121 2304 2145 2330 ι

557 2376 830 2443 Ecclesia,
868 2375 1075 2447 inquit,
1106 2390 1234 2431 cum
1276 2374 1480 2431 sterilis
1507 2380 1655 2430 esset
1691 2373 1860 2430 instar
1900 2371 2149 2438 Sarrhze,

553 2480 669 2522 non
721 2466 900 2522 solum
953 2463 1257 2521 liberorum
1319 2463 1672 2522 multitudine
1714 2471 1873 2520 aucta
1936 2470 2039 2531 est,
2087 2469 2152 2517 ut

552 2556 667 2625 illa,
714 2555 811 2612 sed
865 2554 1029 2612 etiam
1071 2554 1266 2613 eodem
1314 2553 1482 2611 modo
1531 2553 1725 2628 genuit
1768 2568 1881 2626 quo
1929 2552 2041 2608 illa.
2082 2551 2153 2606 Ut

552 2646 704 2701 cnim
745 2645 892 2701 illam
919 2659 1033 2701 non
1060 2653 1253 2701 natura
1280 2653 1514 2701 matrem
1550 2642 1704 2707 fecit,
1730 2643 1827 2699 sed
1857 2641 2151 2714 promissio

552 2735 665 2803 (ille
693 2734 844 2790 enim
871 2734 965 2807 qui
994 2732 1151 2801 dixit,
1186 2756 1212 2782 α
1253 2733 1574 2789 Secundum
1619 2731 1756 2789 illud
1793 2741 2013 2804 tempus
2055 2744 2147 2786 ve-

553 2823 702 2879 niam
722 2828 765 2890 ι,
785 2842 814 2878 ν
834 2822 979 2880 idem
997 2823 1053 2879 in
1069 2830 1292 2879 uterum
1310 2822 1589 2894 ingressus
1608 2820 1880 2878 infantem
1896 2819 2151 2888 eiﬁnxit),

555 2912 634 2967 sic
662 2920 718 2967 et
745 2913 801 2968 in
820 2913 1001 2977 nobis,
1023 2920 1084 2968 ut
1105 2927 1266 2982 supra
1291 2918 1798 2967 commemoratum
1829 2918 1934 2975 est,
1963 2909 2150 2966 divina

556 3002 719 3058 verba
767 3016 893 3075 qua:
938 3002 994 3057 in
1019 3000 1350 3073 baptismate
1395 2999 1848 3072 pronuntiantur,
1877 2999 2151 3056 reforma-

554 3093 762 3147 tionem
789 3090 1021 3148 faciunt.
1064 3092 1369 3159 Praeterea,
1398 3104 1467 3145 ne
1498 3089 1619 3162 quis
1648 3088 1825 3159 dicat,
1853 3089 2041 3159 Qualis
2068 3095 2154 3145 est

2183 1923 2234 1991 B

2258 1743 2571 1823 οἰκουμένην
2603 1751 2784 1803 πᾶσαν
2809 1739 2873 1799 σὺ
2918 1737 3201 1818 ἐγέννησας
3220 1783 3238 1818 ,
3269 1739 3370 1818 οὐχ
3407 1736 3464 1796 ἓν
3496 1736 3669 1808 ἔθνος,
3718 1736 3789 1802 ὣς
3821 1737 3857 1805 ἡ

2260 1834 2530 1899 Ἰουδαίων
2563 1829 2887 1912 Συναγωγή.

2350 2016 2595 2095 «Ἡμεῖς
2640 2014 2738 2091 δὲ,
2795 2015 3041 2096 ἀδελφοὶ,
3085 2016 3223 2077 κατὰ
3281 2014 3478 2078 Ἰσαὰκ
3530 2014 3858 2096 ἕπαγγελίας

2258 2106 2419 2167 τέκνα
2476 2104 2660 2182 ἐσμέν.
2709 2103 2848 2167 Ἀλλ’
2887 2103 3072 2186 ὥσπερ
3101 2106 3221 2166 τότε
3271 2108 3301 2165 ὃ
3348 2103 3489 2165 κατὰ
3540 2104 3714 2186 σάρκα
3742 2130 3860 2186 γεν-

2259 2197 2428 2269 νηθεὶς
2460 2196 2646 2255 ἐδίωκε
2691 2193 2781 2254 τδν
2842 2194 2982 2255 κατὰ
3027 2199 3242 2272 πνεῦμα
3266 2240 3283 2269 ,
3341 2193 3479 2253 οὕτω
3519 2195 3610 2253 καὶ
3653 2201 3767 2258 νῦν.
3823 2217 3852 2253 ιι

2260 2285 2332 2347 Ἣ
2366 2283 2665 2360 Ἐκκλησία
2688 2329 2703 2358 ,
2734 2283 2900 2365 φησὶ,
2931 2292 3114 2364 στεῖρα
3150 2275 3284 2344 οὖσα
3327 2282 3511 2364 ὥσπερ
3541 2288 3576 2356 ἡ
3626 2286 3813 2366 Σοίῤῥα
3845 2333 3860 2362 ,

2258 2378 2318 2435 οὗ
2369 2374 2527 2455 μόνον
2583 2373 2849 2441 πολύπαις
2907 2375 3116 2454 ἐγένετο
3172 2377 3244 2442 ὥς
3304 2373 3515 2449 ἐκείνη,
3572 2375 3710 2432 ἀλλὰ
3765 2375 3862 2436 καὶ

2260 2466 2426 2535 οὕτως
2477 2464 2752 2543 ἐγέννησεν
2800 2467 2870 2532 ὥς
2919 2464 3114 2536 ἐκείνη.
3174 2463 3434 2542 Καθάπερ
3484 2464 3588 2543 γὰρ
3653 2463 3862 2539 ἐκείνην

2261 2558 2468 2638 μητέρα
2504 2558 2606 2636 οὐχ
2628 2559 2662 2627 ἡ
2692 2553 2873 2636 φύσις,
2921 2555 3042 2614 ἀλλ’
3084 2557 3118 2626 ἡ
3167 2551 3462 2633 ἐπαγγελία
3505 2552 3756 2627 ἐποίησεν
3792 2558 3813 2630 (
3833 2560 3860 2614 ὁ

2259 2645 2360 2728 γὰρ
2402 2643 2570 2706 εἰπὼν
2593 2691 2611 2723 ,
2639 2671 2664 2697 σι
2701 2643 2859 2705 Κατὰ
2887 2642 2976 2702 τὸν
3005 2641 3189 2723 καιρὸν
3233 2648 3417 2704 τοῦτον
3463 2642 3789 2722 ἐλεύσομαι,
3830 2668 3857 2701 ι)

2260 2728 2410 2803 οὗτος
2438 2736 2511 2803 εἷς
2531 2735 2629 2807 τὴν
2657 2733 2815 2808 νηδὺν
2855 2731 3106 2793 εἰσελθὼν
3126 2776 3143 2806 ,
3175 2732 3235 2793 τὸ
3271 2731 3460 2815 βρέφος
3491 2732 3819 2814 διέπλασεν)
3846 2758 3859 2771 ·

2260 2823 2399 2884 οὕτω
2430 2826 2493 2898 δὴ
2537 2824 2627 2884 καὶ
2657 2822 2921 2903 ἐφ’ἡμῖν,
2951 2824 3024 2890 ὣς
3050 2823 3142 2881 καὶ
3187 2822 3439 2902 ἀνωτέρω
3484 2822 3718 2904 εἴρηται,
3768 2823 3863 2906 ῥή-

2262 2938 2408 2991 ματα
2441 2919 2555 2974 θεῖα
2589 2915 2686 2981 τήν
2734 2912 3036 2995 ἀνάπλασιν
3065 2916 3281 2973 ποιοῦσι
3302 2958 3319 2987 ,
3351 2913 3417 2973 τὰ
3462 2915 3518 2972 ἐν
3656 2916 3859 2991 κολυμ-

2263 3003 2436 3087 ϐήθρα
2484 3001 2857 3083 ἐπιλεγόμενα.
2906 2991 3074 3079 Εἶτα,
3122 2999 3211 3061 ἵνα
3259 3001 3336 3079 μή
3389 3026 3468 3070 τις
3519 2991 3684 3081 εἴπῃο
3744 3003 3860 3063 Καὶ

2260 3092 2387 3153 ποία
2438 3092 2574 3166 αὕτη
2612 3091 2876 3172 ἐλευθερία
2903 3137 2919 3165 ,
2981 3087 3108 3150 ὅταν
3148 3093 3196 3151 οἳ
3243 3091 3492 3172 Ἰουδαῖοι
3545 3089 3851 3170 μαστίζωτι

556 3182 658 3237 ista
703 3180 945 3250 libertas,
992 3178 1218 3252 quando
1268 3179 1445 3236 Judaei
1499 3178 1771 3251 ﬂagellent
1815 3179 2146 3235 credentes:

2263 3182 2377 3252 τοὺς
2422 3171 2807 3250 πιστεύονταςέ
2863 3182 2912 3239 οἱ
2960 3179 3015 3240 δὲ
3065 3183 3339 3248 δοκοῦντες
3388 3171 3523 3240 εἶναι
3594 3179 3863 3259 ἐλεύθεροι

555 3269 647 3342 qui
692 3279 882 3327 autem
924 3268 1172 3326 videntur
1213 3268 1366 3326 liberi
1395 3283 1545 3336 esse,
1580 3268 2015 3340 persecutionem
2057 3284 2150 3340 pa-

556 3360 804 3416 tiuntur?
848 3358 1170 3431 respondet,
1212 3362 1356 3415 Tum
1403 3373 1620 3430 quoque
1661 3358 1852 3415 itidem
1902 3373 2021 3415 sese
2064 3375 2152 3415 res

556 3450 813 3506 habebat.
841 3449 1060 3505 Etenim
1074 3448 1275 3506 lsmael
1303 3448 1735 3520 persequebatur
1764 3450 1932 3516 Isaac,
1963 3456 2149 3505 tamen

554 3539 689 3595 nihil
732 3538 1070 3610 impediebat
1106 3554 1220 3613 quo
1258 3537 1439 3595 minus
1482 3539 1529 3593 is
1569 3538 1665 3611 qui
1709 3538 2147 3610 persecutionem

555 3637 853 3702 pateretur,
898 3636 1044 3685 esset
1081 3627 1352 3702 genuinus
1383 3627 1525 3683 lilius
1574 3627 1899 3692 Abrahami,
1950 3644 2014 3683 ac
2042 3628 2149 3687 d0-

555 3721 742 3776 tninus
784 3718 1176 3792 persequentis.
1223 3721 1300 3774 Ex
1336 3718 1436 3774 ista
1485 3719 1599 3789 ipsa
1626 3716 1795 3789 igitur
1825 3718 2147 3775 Judmorum

555 3808 937 3880 persecutione
973 3806 1283 3865 ostenditur
1328 3817 1515 3864 nostra
1567 3806 1635 3863 ad
1680 3810 1926 3864 lsaacum
1954 3807 2151 3864 simili-

555 3898 708 3964 tudo,
740 3906 797 3954 et
824 3898 894 3956 ad
919 3896 1207 3954 Abraham
1245 3896 1614 3953 necessitudo.

627 3990 817 4045 Vsus.
862 3993 950 4043 30.
1011 4005 1041 4040 ι(
1084 3985 1189 4044 Sed
1230 3986 1360 4057 quid
1403 3985 1539 4042 dicit
1582 3986 1860 4059 Scriptura
1907 3992 1971 4044 ‘P
2000 3987 2151 4058 Ejice

556 4077 733 4134 ﬁlium
771 4077 1012 4143 ancillae;
1057 4090 1171 4131 non
1214 4074 1361 4130 enim
1391 4075 1494 4131 erit
1535 4074 1713 4132 han-es
1750 4075 1896 4132 ﬁlius
1935 4077 2152 4133 ancillae

555 4183 682 4225 eum
725 4166 838 4222 ﬁlio
866 4165 1071 4221 liberte.
1101 4188 1128 4215 ιι
1175 4167 1257 4220 Ne
1282 4164 1406 4236 quis
1438 4164 1602 4232 dicat,
1627 4164 1775 4235 Quid
1807 4165 1972 4224 inde?
2009 4181 2149 4222 con-

553 4255 752 4312 solatio
780 4262 864 4311 est
885 4252 1158 4320 ﬁdelibus,
1189 4253 1317 4326 quid
1342 4269 1491 4310 nunc
1519 4270 1552 4310 a
1579 4255 1791 4312 Judaeis
1813 4255 2146 4327 persecutio-

555 4358 687 4401 nem
717 4341 888 4416 354
926 4343 1215 4410 sustinent,
1245 4343 1391 4417 quod
1431 4351 1487 4400 et
1514 4345 1665 4400 Isaae
1689 4352 1808 4401 tum
1837 4342 2004 4401 fuerit
2029 4360 2151 4417 per-

554 4434 830 4491 secutioni
905 4432 1213 4490 obnoxius?
1278 4432 1455 4503 Audi,
1528 4433 1735 4508 inquit,
1801 4433 1936 4507 quid
2007 4434 2149 4492 dicat

2261 3274 2569 3349 διώκονταις
2618 3271 2776 3353 φησὶν
2796 3315 2813 3344 ,
2840 3270 2921 3329 ὅτι
2951 3270 3043 3330 καὶ
3072 3269 3189 3330 τότε
3220 3270 3359 3330 οὕτω
3386 3269 3684 3331 συνέϐαινε.
3741 3270 3855 3332 Καὶ

2258 3363 2408 3445 γὰρὸ
2440 3362 2671 3442 Ἰσμαὴλ
2699 3358 2884 3420 ἐδίωκε
2925 3359 3011 3421 τὸν
3057 3360 3248 3421 Ἰσαάκ
3278 3382 3312 3445 °_
3345 3359 3464 3420 ἀλλ’
3502 3357 3649 3437 ὅμως
3698 3359 3859 3421 οὐδὲν

2258 3439 2456 3513 έκῶλυε
2496 3439 2588 3513 τὸν
2632 3451 2949 3528 διωκόμενον
2998 3450 3216 3530 γνήσιον
3262 3439 3397 3510 εἶναι
3453 3455 3547 3509 τοῦ
3604 3447 3863 3530 Ἀϐραὰμ

2256 3543 2403 3619 υἱὸν,
2434 3541 2526 3603 καὶ
2546 3541 2806 3613 δεσπότην
2833 3546 2925 3599 τοῦ
2956 3529 3255 3608 διώκοντος.
3307 3538 3419 3600 Καὶ
3462 3538 3516 3608 ἐξ
3559 3541 3721 3600 αὐτοῦ
3753 3529 3857 3598 οὖν

2255 3633 2441 3694 τούτου
2484 3636 2577 3692 τοῦ
2619 3631 2901 3691 διώκεσθαι
2947 3629 3095 3711 παρὰ
3139 3633 3245 3689 τῶν
3294 3628 3594 3704 Ἰουδαίων,
3648 3628 3866 3688 δείκνυ-

2255 3746 2344 3784 ται
2372 3726 2408 3795 ἡ
2438 3722 2569 3805 πρὸς
2592 3720 2681 3781 τὸν
2711 3717 2904 3781 Ἰσαὰκ
2947 3720 3195 3801 ὁμοιότης
3236 3721 3394 3797 ἡμῶν
3412 3763 3429 3794 ,
3474 3717 3566 3779 καὶ
3608 3718 3738 3800 πρὸς
3767 3718 3865 3776 τὸν

2256 3810 2506 3895 Ἀϐραὰμ
2532 3810 2812 3884 οἰκειότης.

2344 4005 2376 4043 α
2412 3982 2571 4043 Ἀλλὰ
2610 3982 2665 4043 τί
2692 3982 2835 4062 λέγει
2863 3985 2898 4055 ἢ
2931 3980 3149 4064 Γραφῇ
3196 3976 3446 4044 Ἔκϐαλε
3475 3980 3568 4042 τὸν
3601 3983 3714 4043 υίὸν
3750 3984 3858 4055 τῆς

2256 4074 2560 4146 παιδίσκης
2597 4076 2657 4133 οὗ
2703 4072 2810 4153 γὰρ
2858 4071 2934 4150 μὴ
2993 4071 3370 4153 κληρονομήσῃ
3425 4073 3450 4111 ³
3509 4074 3538 4131 ὁ
3595 4071 3705 4138 υίὸς
3761 4076 3868 4145 τῆς

2256 4161 2543 4235 παιδίσκης
2575 4162 2731 4242 μετὰ,
2756 4168 2851 4222 τοῦ
2897 4164 3009 4221 υἱοῦ
3053 4166 3147 4234 τῆς
3190 4161 3485 4242 ἐλευθέρας.
3527 4189 3553 4214 ιο
3609 4158 3730 4222 Ἵνα
3782 4164 3866 4237 μή

2258 4277 2337 4321 τις
2365 4251 2491 4332 εἴπῃ
2516 4270 2532 4285 ⁸
2567 4251 2641 4313 Τί
2671 4240 2760 4311 οὖν
2780 4296 2796 4326 ,
2845 4250 3187 4330 παράκλησίς
3220 4252 3333 4310 ἔστι
3377 4240 3490 4319 τοῖς
3533 4256 3623 4310 νῦν
3654 4250 3861 4310 διωκο-

2262 4343 2434 4422 μένοις
2482 4340 2634 4424 παρὰ
2682 4343 2790 4400 τῶν
2840 4338 3117 4421 Ἑϐραίων
3163 4347 3406 4413 πιστοῖς,
3468 4339 3565 4415 τὸ,
3622 4338 3715 4399 καὶ
3769 4341 3868 4398 τὸν

2261 4431 2454 4495 Ἰσαὰκ
2499 4431 2620 4491 τότε
2662 4430 2981 4505 διώκεσθαι;
3038 4428 3197 4510 φησὶν
3221 4475 3238 4502 ,
3267 4428 3383 4503 ὅτι,
3417 4428 3608 4491 Ἄκουε
3636 4428 3688 4487 τί
3715 4427 3870 4505 λέγει

553 4523 852 4596 Scriptura,
899 4532 1064 4596 atque
1096 4522 1222 4580 inde
1257 4522 1690 4580 consolationem
1742 4523 1996 4597 accipies.
2039 4527 2147 4583 Pro

2259 4527 2294 4596 ἠ
2341 4519 2566 4603 Γραφὴ,
2605 4520 2697 4579 καὶ
2754 4519 2875 4580 τότε
2932 4521 3330 4623 τξέαρρικληθήσζι
3361 4519 3554 4623 ἠἇντὶ
3612 4516 3719 4623 γὰρ
3764 4523 3865 4623 τοῦ

552 4614 889 4686 temporaria
957 4613 1104 4670 enim
1167 4610 1466 4669 afﬂictione
1530 4628 1642 4686 qua
1723 4616 2150 4686 persequebatur

2258 4599 2586 4694 προσκαίρου
2615 4612 2850 4686 διωγμοῦ
2877 4653 2895 4680 ,
2928 4599 2988 4667 οὗ
3036 4608 3222 4667 ἐδίωκε
3259 4607 3350 4665 τὸν
3380 4605 3599 4681 Ἰσαὰκ,
3632 4606 3861 4671 τελείως

553 4706 805 4760 lsaacum
855 4703 1073 4772 lsmael,
1120 4703 1345 4775 penitus
1386 4702 1625 4776 ejicitur.
1668 4705 1784 4760 Nec
1826 4705 1961 4761 satis
1989 4713 2073 4762 est
2098 4705 2149 4764 ei

553 4792 625 4851 ad
665 4808 885 4866 poenam
927 4791 1075 4864 quod
1121 4792 1358 4865 ejicitur,
1401 4802 1666 4849 caeterum
1695 4792 1957 4851 adimitur
1983 4794 2150 4852 etiam

553 4885 601 4940 ei
632 4899 700 4939 ne
727 4883 899 4955 possit
919 4897 1035 4938 esse
1056 4884 1325 4954 particeps
1354 4882 1629 4939 bonorum
1653 4881 1764 4939 ﬁlio
1784 4892 2103 4955 paratorum
2132 4902 2147 4941 :

551 4972 700 5044 quod
735 4980 883 5029 certe
907 4971 1085 5044 majus
1127 4979 1215 5028 est
1237 4972 1593 5044 supplicium,
1621 4980 1812 5045 utpote
1839 4987 1873 5028 a
1914 4973 2020 5030 Dei
2057 4974 2151 5047 ju-

549 5062 694 5119 dicio
720 5070 894 5135 atque
936 5061 1203 5118 sententia
1245 5061 1574 5134 principium
1616 5060 1845 5131 ducens,
1893 5071 1950 5118 et
1979 5078 2092 5120 non
2122 5080 2152 5119 ει

549 5153 948 5224 persecutione.
996 5151 1243 5209 Observa
1296 5159 1487 5208 autem
1536 5153 1631 5223 qui
1687 5167 1801 5208 non
1853 5153 2155 5211 Abrahami

551 5242 648 5298 sed
688 5241 904 5299 ancilla
933 5240 1107 5298 ﬁlium
1138 5240 1446 5298 nominavit
1490 5257 1637 5308 eum,
1688 5241 1780 5313 qui
1826 5257 1937 5299 non
1982 5243 2156 5316 possit

552 5330 930 5389 haereditatem
955 5331 1131 5397 adire,
1160 5347 1194 5388 a
1218 5330 1411 5387 viliore
1454 5344 1587 5387 sexu
1622 5331 1798 5403 ipsum
1846 5332 2150 5404 appellans.

549 5420 937 5494 Contemplare
979 5422 1139 5495 igitur
1183 5419 1330 5494 quod
1357 5419 1615 5477 iudicarit
1652 5421 1831 5495 legem
1858 5422 2033 5494 ipsam
2076 5423 2154 5480 si-

622 5566 646 5600 ν
676 5554 781 5614 Isa.
815 5556 945 5627 LIV,
981 5562 1031 5615 ι.

1129 5567 1149 5592 ³
1185 5556 1322 5615 Gen.
1357 5568 1545 5627 xvm,
1588 5560 1677 5615 10.
1751 5566 1777 5596 ⁸
1802 5558 1941 5618 Gen.
1975 5574 2112 5632 xxi,
2147 5567 2236 5622 10.

2260 4700 2578 4761 ἐκϐάλλεται
2602 4715 2619 4734 ⁸
2647 4698 2740 4759 καὶ
2768 4699 2828 4758 οὗ
2855 4697 2918 4757 τὸ
2946 4697 3279 4770 ἐκϐληθῆναι
3323 4695 3481 4774 μόνον
3512 4695 3669 4777 ἀρκεῖ
3699 4697 3853 4776 αὖτῷ

2258 4793 2331 4859 εἷς
2357 4788 2655 4872 τιμωρίαν,
2702 4785 2843 4848 ἀλλὰ
2897 4789 3102 4865 μᾶλλον
3143 4788 3203 4847 τὸ
3245 4785 3322 4863 μὴ
3357 4785 3605 4865 γενέσθαι
3653 4807 3858 4844 κοινω-

2257 4881 2345 4941 νὸν
2398 4882 2504 4939 τῶν
2551 4876 2960 4956 ἡτοιμασμένων
3020 4879 3097 4957 τῷ
3146 4876 3323 4938 παιδί.
3388 4873 3468 4936 Ὃ
3515 4875 3608 4935 καὶ
3665 4872 3867 4953 μείζων

2262 4970 2477 5037 κόλασις
2499 5014 2517 5047 ,
2550 4967 2657 5028 ἀπὸ
2684 4972 2779 5041 τῆς
2813 4971 2902 5026 τοῦ
2923 4967 3068 5027 Θεοῦ
3110 4964 3329 5044 γνώμης
3377 4964 3469 5025 καὶ
3507 4963 3733 5047 κρίσεως
3761 4963 3864 5035 τὴν

2265 5058 2436 5139 ἀρχὴν
2470 5055 2745 5129 λαϐοῦσα,
2798 5056 2888 5115 καὶ
2938 5055 3035 5114 οὖκ
3094 5053 3202 5113 ἀπὸ
3247 5058 3342 5114 τοῦ
3390 5054 3649 5133 διωγμοῦ.
3706 5048 3863 5126 Ὅρα

2264 5149 2354 5225 δὲ,
2385 5150 2501 5216 πῶς
2525 5144 2644 5227 οὐχὶ
2671 5149 2766 5206 τοῦ
2791 5142 3071 5226 Ἀϐραὰμ,
3108 5143 3249 5203 ἀλλὰ
3288 5147 3384 5216 τῆς
3416 5143 3705 5214 παιδίσκης
3746 5141 3865 5199 υἱὸν

2262 5238 2542 5315 ὠνόμασε,
2587 5237 2676 5295 τὸν
2741 5233 2818 5313 μὴ
2871 5232 3180 5310 ἀξιούμενον
3246 5234 3694 5316 κληρονομῆσαι,
3753 5230 3869 5289 ἀπὸ

2262 5332 2355 5389 τοῦ
2384 5326 2708 5410 φαυλοτέρου
2739 5325 2928 5407 γένους
2968 5323 3125 5385 αὐτὸν
3164 5326 3372 5385 καλῶν.
3413 5325 3703 5397 Σκόπησον
3738 5319 3865 5410 τοί-

2261 5407 2507 5497 νυν,’8τι
2551 5415 2715 5488 ἔδειξε
2762 5414 2851 5477 τὸν
2897 5413 3057 5495 νόμον
3108 5414 3266 5475 αὐτὸν
3319 5412 3704 5496 εἰσηγούμενον
3756 5407 3865 5484 τὴν

1945 5649 2136 5713 Variae
2178 5652 2485 5713 lectiones.

623 5752 645 5787 ³
672 5752 874 5823 παρέχει
898 5768 952 5811 0.
1026 5752 1074 5790 ”
1102 5752 1382 5826 ἐπληθύνθη
1411 5770 1496 5814 m.
1579 5755 1604 5798 ⁸
1630 5758 1716 5825 τῆς
1746 5758 2024 5831 παιδίσκης,
2063 5759 2148 5816 καὶ
2177 5752 2263 5815 τδν
2288 5759 2397 5814 υἱὸν
2425 5758 2597 5830 αὗτῆς,
2619 5757 2677 5815 οὗ
2706 5757 2804 5832 γὰρ
2825 5756 3189 5833 κληρονομήσει
3221 5771 3299 5815 m.
