4124 6420
268 453 404 509 1009

261 665 388 725 ὄντα
418 670 524 727 τῷν
555 673 644 727 νῦν
676 670 1004 750 γινομένων,
1040 674 1093 732 ἐν
1136 676 1215 755 τῷ
1258 672 1435 756 νόμῳ,
1480 674 1599 748 ἤτοι
1645 676 1722 755 τῷ
1767 679 1861 748 τῆς

267 758 514 827 Παλαιᾶς
545 758 739 842 βιϐλίῳ
767 760 1071 843 ἱστόρηται.

351 964 383 1001 (ι
409 940 565 1023 Ἄρα,
603 943 854 1024 ἀδελφοὶ,
887 946 983 1005 οὐκ
1012 944 1173 1024 ἐσμὲν
1203 951 1300 1021 τῆς
1342 946 1629 1019 παιδίσκης
1658 948 1820 1006 τέκνα
1840 992 1857 1023 ,

256 1030 402 1091 ἀλλὰ
425 1037 522 1104 τῆς
550 1031 843 1114 ἐλευθέρας.
877 1062 900 1087 υ
930 1038 1125 1097 Ταῦτα
1154 1036 1331 1096 πάντα
1362 1040 1528 1112 κινεῖ,
1566 1034 1655 1095 ἵνα
1689 1034 1858 1114 δείξῃ,

256 1118 344 1179 ὅτι
375 1119 438 1181 τὸ
487 1121 763 1199 γενόμενον
818 1129 909 1183 νῦν
962 1125 1087 1209 περὶ
1136 1130 1281 1203 ἡμᾶς
1325 1126 1429 1209 πρὸ
1475 1128 1687 1186 πολλῶν
1726 1124 1863 1204 χρό-

252 1233 363 1268 νων
402 1211 735 1275 διετυποῦτο.
774 1215 898 1281 Πῶς
936 1206 1024 1275 οὐν
1055 1216 1151 1275 οὐκ
1186 1206 1383 1276 ἄτοπον
1428 1214 1728 1296 ἐλευθερίας
1767 1238 1863 1272 τυ-

251 1298 453 1380 χόντας
495 1301 599 1382 πρὸ
643 1301 907 1363 τοσούτων
954 1305 1125 1382 ἐτῶν,
1171 1304 1333 1364 πάλιν
1380 1304 1599 1372 ἑκόντας
1647 1302 1863 1370 δούλους

252 1389 492 1470 γίνεσθαι
510 1414 526 1464 ;

856 1495 1141 1556 ΚΕΦΑΛ.
1202 1494 1290 1556 E'.

379 1638 405 1666 α
456 1616 542 1692 Τῇ
594 1617 862 1699 ἐλευθερίᾳ
908 1610 1030 1693 οὐν,
1169 1624 1198 1681 ὁ
1245 1620 1476 1702 Χριστὸς
1530 1616 1861 1696 ἠλευθέρωσε

254 1703 442 1778 ἡμᾶς,
475 1703 707 1775 στήκατε
736 1707 933 1787 [vulg.
981 1709 1261 1789 στήκετε
1297 1734 1327 1767 ι)
1365 1710 1463 1782 Μὴ
1496 1709 1629 1789 γὰρ,
1663 1706 1859 1788 φησὶν,

254 1790 480 1859 ἑαυτοὺς
526 1796 957 1875 ἠλευθερώσατε,
1008 1800 1127 1858 ἀλλ’
1172 1803 1200 1858 ὁ
1237 1798 1332 1873 τὴν
1380 1802 1543 1877 τιμὴν
1576 1795 1695 1863 δοὺς
1725 1794 1857 1874 ὑπὲρ

254 1880 432 1957 ὑμῶν.
491 1884 616 1952 Πῶς
660 1878 747 1945 οὐν
778 1886 992 1954 ἑαυτοὺς
1019 1887 1249 1969 ὑπάγετε
1294 1893 1360 1970 τῇ
1400 1896 1491 1949 τοῦ
1545 1888 1711 1963 νόμου
1767 1886 1857 1943 δε-

1149 455 1503 516 EXPOSITIO
1544 459 1609 515 IN
1648 457 1864 515 EPIST.
1903 459 1995 515 AD
2036 461 2281 518 GALAT.
2321 492 2389 505 —-
2426 461 2577 517 CAP.
2617 463 2683 517 V.

263 580 453 637 ἑαυτοῦ
502 577 830 656 κατάλυσιν,
878 579 929 640 εἴ
952 603 1013 661 γε
1040 580 1246 660 πάνταῖ
1266 583 1335 642 τὰ
1379 584 1611 665 ῥηθέντα
1632 630 1649 661 ,
1697 584 1859 653 τύπος

1972 585 2130 660 biipsi
2178 587 2591 661 dissipationem
2649 586 2928 645 induxisse
2983 605 2996 643 :

3431 464 3571 518 l0l0

3060 587 3331 661 siquidem
3382 588 3570 645 omnia

1969 693 2095 746 qua:
2138 678 2283 735 dicta
2330 686 2480 747 sunt,
2530 694 2653 733 cum
2701 678 2877 749 ﬁgura
2910 678 3018 733 sint
3047 693 3242 734 eorum
3272 693 3397 748 qua:
3423 694 3570 734 nunc

1969 766 2111 823 facta
2157 775 2305 837 sunt,
2339 768 2398 825 in
2422 767 2538 841 lege
2563 775 2618 823 et
2648 767 2864 823 Veteris
2892 765 3236 824 Testamenti
3263 766 3418 824 libris
3443 783 3568 840 per—

1969 857 2169 929 scripta
2196 865 2345 915 sunt.

2042 950 2223 1006 Vens.
2271 955 2361 1005 3|.
2404 972 2429 997 α
2462 952 2655 1020 Itaque
2677 986 2694 1012 ,
2742 945 2963 1015 fratres,
2994 962 3107 1004 non
3135 961 3328 1004 sumus
3354 947 3570 1003 ancillae

1972 1036 2092 1104 lilii,
2135 1036 2232 1095 sed
2274 1038 2483 1096 liberae.
2542 1061 2568 1087 ι»
2604 1040 2742 1093 Haec
2767 1037 2949 1093 omnia
2991 1045 3202 1107 movet,
3229 1044 3294 1092 ut
3319 1036 3570 1094 ostendat

1972 1124 2027 1183 id
2078 1126 2225 1198 quod
2275 1126 2484 1185 factum
2537 1128 2606 1183 sit
2656 1126 2944 1183 nobiscum
2994 1126 3176 1191 hodie,
3224 1135 3351 1184 ante
3392 1126 3567 1182 multa

1970 1222 2222 1287 tempora
2270 1215 2657 1275 adumbratum
2723 1224 3319 1288 praemonstratumque
3376 1216 3563 1273 fuisse.

1970 1306 2075 1378 Qui
2109 1306 2273 1378 igitur
2301 1322 2411 1363 non
2439 1306 2771 1373 absurdum,
2816 1323 2909 1362 eos
2950 1307 3045 1379 qui
3085 1306 3395 1362 libertatem
3441 1313 3569 1362 ante

1972 1403 2059 1453 tot
2086 1411 2258 1454 annos
2285 1397 2395 1454 sint
2422 1397 2620 1471 adepti,
2670 1412 2867 1454 rursus
2903 1404 3101 1469 sponte
3148 1411 3336 1454 servos
3381 1395 3568 1454 efﬁci?

2591 1515 2833 1571 CAPUT
2872 1515 2940 1570 V.

2041 1632 2215 1689 Vsns.
2266 1636 2313 1688 1.
2357 1652 2384 1682 ‹‹
2427 1635 2490 1688 In
2523 1631 2771 1689 libertate
2818 1631 2981 1704 igitur
3011 1648 3120 1705 qua
3167 1630 3423 1688 Christus
3466 1647 3570 1690 nos

1969 1719 2232 1789 liberavit,
2282 1730 2441 1778 state.
2491 1745 2516 1771 υ
2561 1724 2686 1778 Non
2738 1722 2917 1789 enim,
2968 1721 3167 1794 inquit,
3200 1721 3568 1794 vosmetipsos

1967 1809 2264 1878 liberastis,
2296 1811 2393 1867 sed
2430 1811 2550 1880 ille,
2582 1812 2679 1883 qui
2716 1811 2952 1882 pretium
2992 1809 3389 1882 redemptionis
3416 1809 3570 1868 dedit

1967 1915 2065 1970 pro
2093 1900 2272 1957 vobis.
2318 1900 2612 1972 Quomodo
2644 1901 2810 1973 igitur
2850 1899 3095 1973 vosipsos
3141 1899 3277 1972 legis
3312 1899 3567 1956 domina-

253 1971 521 2064 σποτείᾳ,
570 1974 721 2053 παρὰ
784 1976 1003 2055 γνώμην
1050 1967 1153 2037 τοῦ
1207 1967 1345 2056 ὑμᾶς
1401 1976 1849 2055 ἐλευθερώσαντος

1972 1967 2044 2046 lui
2095 1967 2404 2064 subjugatis
2441 1999 2642 2064 praeter
2664 1967 3218 2058 consilium—Christi,
3247 1989 3342 2062 qui
3374 2004 3470 2045 vos
3498 1990 3569 2045 li-

253 2060 531 2139 Χριστοῦ;
567 2062 748 2124 Εἰπὼν
782 2064 862 2142 δὲ,
906 2087 935 2124 ι(
966 2065 1244 2142 Στήκατε,
1284 2090 1312 2125 ι)
1368 2068 1529 2137 ἔδειξε
1568 2063 1856 2141 σαλευομέ-

252 2171 397 2216 νους.

341 2267 384 2329 «ιγ
423 2240 533 2301 Καὶ
591 2242 667 2320 μὴ
716 2243 882 2303 πάλιν
935 2248 1079 2328 ζυγῷ
1135 2246 1373 2317 δουλείας
1430 2246 1671 2329 ἐνέχεσθε
1717 2251 1768 2313 ⁸.
1820 2272 1853 2310 ι)

250 2328 433 2419 Ζυγὸν
484 2330 681 2407 εἰπὼν,
728 2333 790 2392 τὸ
827 2331 963 2415 βαρὺ
992 2339 1087 2409 τῆς
1122 2337 1177 2395 ἓν
1224 2336 1373 2419 νόμῳ
1403 2336 1642 2406 δουλείας
1686 2342 1860 2412 δηλοῖ.

249 2418 334 2479 Τὸ
368 2418 462 2493 δὲ,
509 2424 733 2483 «Πάλιν
758 2468 777 2497 ,
808 2444 838 2482 n
878 2426 1230 2499 ἀναισθησίαν
1262 2418 1438 2486 αὐτῶν
1467 2438 1784 2510 κατηγορεῖ,
1816 2430 1866 2489 εἴ

249 2530 315 2586 γε
364 2509 525 2591 πείρα
572 2512 831 2589 μαθόντες
876 2513 937 2572 τὸ
970 2515 1216 2597 φορτικὸν
1250 2519 1346 2590 τῆς
1390 2509 1860 2595 δουλείας,πάλιν

252 2599 349 2657 ἐπ’
381 2599 547 2673 αὐτὴν
578 2603 995 2682 αὐτομολοῦσιν.

359 2807 391 2846 α
424 2784 565 2856 Ἴδε,
615 2783 722 2863 ἐγὼ
769 2788 985 2854 Παῦλος
1025 2786 1167 2866 λέγω
1214 2788 1371 2865 ὑμῖν,
1401 2787 1482 2847 ὅτι
1510 2786 1601 2848 ἐὰν
1647 2790 1860 2871 περιτέ-

255 2880 505 2956 μνησθε,
537 2874 766 2956 Χριστὸς
790 2876 935 2935 οὐδὲν
965 2878 1107 2956 ὑμᾶς
1136 2877 1423 2959 ὠφελήσει.
1456 2900 1486 2936 »
1521 2877 1636 2950 Τὴν
1664 2887 1757 2940 τοῦ
1786 2883 1861 2939 οἷ-

255 2966 410 3027 κείου
457 2962 745 3047 προσώπου
782 2966 1113 3035 ἀξιοπιστίαν
1165 2968 1284 3027 ἀντὶ
1322 2966 1502 3040 πάσης
1545 2968 1862 3038 ἀποδείξεως

254 3054 488 3127 τίθησιν.
529 3056 648 3115 Οὐκ
678 3055 871 3133 ὠφελεῖ
916 3055 972 3115 δὲ
1018 3056 1245 3134 Χριστὸς
1274 3056 1363 3116 τὸν
1392 3057 1859 3137 περιτεμνόμενον,

258 3144 400 3206 διότι
447 3147 476 3204 ὃ
522 3149 752 3211 τοιοῦτος
804 3144 898 3218 τὴν
950 3144 1109 3226 χάριν
1160 3150 1370 3222 ἀθετεῖ,
1426 3148 1519 3206 καὶ
1580 3150 1659 3225 τῷ
1710 3148 1857 3229 νόμῳ

258 3235 398 3313 μὲν,
450 3237 522 3303 ὥς
566 3234 849 3315 εὐεργέτῃ,
899 3234 1256 3318 προστρέχειο
1303 3239 1527 3318 Χριστῷ
1558 3235 1613 3295 δὲ
1645 3239 1863 3296 ἀπιστεῖ

253 3324 481 3392 πάντως
500 3370 518 3403 ,
547 3328 618 3392 ὣς
648 3322 723 3403 μὴ
754 3324 1157 3405 εὐεργετήσαντι
1188 3323 1344 3384 αὐτόν
1388 3349 1402 3364 ο
1434 3330 1463 3387 ὁ
1489 3323 1546 3385 δὲ
1576 3326 1819 3386 ἀπιστῶν
1842 3372 1859 3404 ,

255 3412 416 3476 οὐδὲν
448 3414 689 3496 κερδανεῖ
713 3413 821 3475 ἀπὸ
848 3419 943 3476 τοῦ
964 3414 1371 3493 ἀπιστουμένου.

366 3617 399 3657 α
454 3594 816 3678 Μαρτύρομαι
880 3595 937 3657 δὲ
993 3597 1155 3656 παντὶ
1216 3595 1479 3679 ἀνθρώπῳ
1549 3619 1862 3679 περιτεμνο-

260 3687 413 3769 μένῳ
438 3733 455 3765 ,
507 3685 586 3745 ὅτι
630 3687 901 3767 ὀφειλέτης
953 3686 1095 3746 ἐστὶν
1138 3683 1259 3748 ὅλον
1301 3686 1390 3745 τὸν
1439 3685 1601 3763 νόμον
1651 3689 1865 3767 πληρῶ-

260 3800 381 3837 σαι.
414 3797 445 3835 n
484 3773 609 3837 Ἵνα
657 3776 733 3854 μὴ
780 3776 1040 3855 νομίσωσι
1089 3777 1114 3816 ⁵
1159 3781 1328 3836 ταῦτα
1375 3776 1495 3837 κατ’
1536 3776 1732 3857 ἔχθραν
1776 3777 1863 3837 λέ-

258 3871 496 3947 γεσθαι,
532 3867 658 3948 Οὐχ
698 3869 857 3945 ὑμῖν,
910 3864 1069 3946 φησὶ,
1123 3865 1266 3944 λέγω
1329 3866 1538 3945 μόνοις,
1590 3865 1728 3925 ἀλλὰ
1775 3867 1865 3925 καὶ

258 3956 425 4017 παντὶ
487 3954 950 4036 περιτεμνομένῳ,
1029 3954 1109 4012 ὅτι
1170 3956 1330 4034 βάρος
1389 3956 1531 4034 μέγα
1604 3954 1866 4015 ἐπιτίθετε

259 4050 473 4113 ἑαυτοῖς
499 4069 513 4083 ⁸
562 4045 629 4106 τὰ
660 4044 764 4125 γὰρ
805 4044 1006 4122 νόμιμα
1056 4045 1302 4117 ἀλλήλοιν
1342 4044 1526 4125 ἔχεται
1558 4069 1570 4081 ·
1617 4045 1708 4104 καὶ
1739 4044 1865 4103 ὅταν

260 4134 496 4215 ἀναδέξῃ
548 4134 734 4216 μικρόν
779 4157 830 4193 τι
858 4139 951 4193 τοῦ
992 4132 1155 4209 νόμου
1201 4133 1294 4194 καὶ
1329 4134 1608 4213 ὑπαγάγῃς
1644 4133 1865 4194 σεαυτὸν

258 4229 345 4306 τῷ
376 4228 553 4307 ζυγῷ,
580 4225 709 4299 ὅλην
741 4222 839 4298 τὴν
881 4222 1192 4283 δεσποτείαν
1223 4223 1247 4259 ⁶
1288 4224 1605 4302 ἐφειλκύσω.
1640 4222 1711 4283 Ἡ
1758 4227 1861 4305 γὰρ

258 4313 533 4397 περιτομὴ
576 4314 668 4374 καὶ
707 4313 891 4373 θυσίαν
943 4315 1191 4385 ἀπαιτεῖ,
1237 4313 1328 4372 καὶ
1361 4311 1568 4393 ἡμέραν
1614 4336 1861 4394 παρατη-

260 4413 348 4487 ρεῖ
379 4424 392 4439 ·
423 4409 459 4477 ἡ
485 4402 540 4463 δὲ
570 4402 724 4465 θυσία
753 4402 913 4462 τόπον
946 4404 1161 4461 ἀπαιτεῖ
1197 4402 1286 4460 καὶ
1315 4400 1540 4482 τρόπον,
1573 4402 1664 4460 καὶ
1693 4408 1861 4461 καθα-

1970 2080 2210 2139 beravit?
2258 2085 2398 2139 Cum
2448 2091 2633 2138 autem
2681 2080 2839 2149 dixit,
2892 2104 2917 2129 «ι
2973 2082 3141 2149 State,
3180 2103 3202 2129 ν
3242 2081 3571 2136 monstravit

1968 2186 2061 2227 808
2092 2186 2212 2228 esse
2238 2187 2565 2228 CODCUSSOS.

2046 2283 2073 2310 α
2134 2265 2207 2318 Et
2256 2261 2426 2318 nolite
2472 2262 2673 2317 iterum
2714 2260 2848 2334 jugo
2882 2260 3163 2316 servitutis
3200 2260 3482 2316 contineri.
3544 2283 3567 2308 ν

1971 2354 2077 2409 Per
2104 2351 2318 2423 iugum,
2351 2367 2514 2423 grave
2560 2366 2701 2407 onus
2731 2349 3010 2406 servitutis
3047 2365 3171 2422 quae
3201 2349 3259 2405 in
3292 2348 3408 2421 lege
3433 2355 3569 2415 erat,

1972 2440 2257 2514 signiﬁcat.
2293 2440 2453 2511 Quod
2483 2456 2634 2509 vero,
2671 2458 2701 2492 ιι
2747 2442 2978 2508 Iterum,
3029 2462 3051 2487 ι
3097 2438 3252 2505 dicit,
3291 2438 3573 2511 stupidita-

1972 2539 2086 2586 tem
2132 2546 2325 2587 eorum
2374 2538 2625 2598 accusat;
2673 2529 2947 2601 siquidem
3006 2544 3132 2584 eum
3196 2527 3568 2598 experimento

1970 2620 2258 2677 didicerint
2312 2619 2590 2677 servitutis
2638 2634 2799 2688 onus,
2849 2633 3041 2675 rursus
3086 2616 3155 2674 ad
3204 2634 3325 2674 eam
3379 2624 3570 2687 suapte

1971 2719 2166 2784 sponte
2195 2710 2481 2767 accedunt.

2044 2802 2226 2858 Vsns.
2272 2808 2326 2857 2.
2364 2822 2390 2848 α
2424 2803 2560 2856 Ecce
2605 2814 2707 2870 ego
2751 2797 2951 2854 Paulus
2981 2797 3101 2853 dico
3143 2796 3316 2862 vobis,
3349 2796 3496 2868 quod
3526 2796 3569 2851 si

1972 2889 2460 2957 cireurncidamini,
2527 2888 2780 2945 Christus
2838 2887 2993 2943 vobis
3036 2885 3166 2942 nihil
3212 2885 3479 2959 proderit.
3540 2908 3565 2933 ι

1972 2980 2218 3052 Propriae
2261 2994 2511 3053 personae
2554 2979 2935 3033 auctoritatem
2989 2976 3172 3031 omnis
3214 2975 3567 3031 demonstra-

1971 3070 2138 3126 tionis
2198 3070 2315 3127 vice
2367 3069 2539 3141 ponit.
2573 3066 2907 3124 Circumciso
2958 3074 3143 3121 autem
3189 3080 3302 3120 non
3351 3064 3572 3138 prodest

1921 3161 2236 3251 CChristus,
2278 3175 2343 3217 eo
2388 3157 2537 3232 quod
2566 3157 2693 3215 talis
2720 3156 2955 3229 gratiam
3000 3154 3257 3227 repellat,
3287 3170 3350 3210 ac
3396 3154 3465 3210 ad
3496 3154 3570 3209 le-

1970 3270 2127 3329 gem,
2179 3266 2277 3307 ceu
2324 3248 2750 3305 benefactricem
2809 3254 3059 3302 aecurrat
3110 3263 3123 3300 :
3174 3243 3390 3302 Christo
3439 3259 3569 3299 vero

1970 3343 2200 3401 omnino
2230 3338 2469 3407 difﬁdat,
2502 3337 2654 3410 quasi
2682 3336 2830 3393 nullo
2876 3350 3001 3391 eum
3051 3333 3319 3391 beneﬁcio
3361 3332 3571 3390 affecis-

1969 3441 2073 3490 set.
2113 3430 2217 3501 Qui
2246 3438 2435 3485 autem
2478 3425 2791 3482 incredulus
2830 3432 2932 3493 est,
2965 3423 3096 3479 nihil
3133 3423 3464 3497 adipiscetur
3500 3422 3570 3479 ab

1971 3537 2036 3579 eo
2066 3522 2152 3577 cui
2182 3518 2351 3575 ﬁdem
2380 3534 2493 3573 non
2522 3515 2767 3571 adhibet.

2043 3614 2217 3667 Vens.
2241 3613 2292 3663 3.
2327 3630 2352 3655 «ι
2383 3604 2789 3662 Testimonium
2810 3609 2996 3659 autem
3023 3599 3148 3657 dico
3168 3602 3317 3658 omni
3348 3601 3567 3659 homini

1973 3702 2068 3772 qui
2098 3697 2532 3765 circumciditur,
2567 3692 2714 3766 quod
2757 3691 2973 3747 debitor
3011 3699 3094 3749 est
3125 3691 3395 3747 universae
3438 3692 3571 3763 legis

1975 3789 2254 3845 faciendae.
2331 3810 2354 3835 ν
2407 3787 2487 3840 Ne
2544 3782 2863 3839 existiment
2909 3797 3005 3853 per
3067 3780 3414 3835 inimicitiam
3473 3789 3568 3838 aut

1974 3880 2166 3937 odium
2196 3877 2314 3934 haec
2360 3876 2502 3941 diei,
2542 3878 2664 3930 Non
2696 3871 2846 3927 vobis
2873 3870 3033 3939 solis,
3064 3870 3275 3942 inquit,
3326 3869 3443 3925 haec
3490 3870 3569 3925 lo-

1974 3985 2134 4041 quor,
2164 3982 2351 4023 verum
2381 3965 2544 4021 etiam
2598 3962 2767 4019 cuivis
2807 3961 2900 4034 qui
2949 3958 3374 4029 circumciditur,
3417 3957 3565 4031 quod

1974 4075 2113 4115 onus
2139 4058 2334 4130 ingens
2366 4055 2519 4110 vobis
2540 4051 2844 4125 imponitis.
2867 4050 3089 4123 Legalia
3110 4048 3261 4105 enim
3285 4048 3427 4105 inter
3449 4064 3569 4105 sese

1975 4156 2167 4204 mutuo
2212 4154 2341 4203 sunt
2382 4159 2648 4200 connexa.
2680 4141 2844 4198 Unde
2881 4141 2926 4197 si
2977 4138 3231 4213 pusillam
3268 4138 3570 4212 quamdam

1968 4238 2101 4311 legis
2149 4235 2314 4309 355
2364 4242 2578 4306 partem
2626 4231 2959 4304 susceperis,
3012 4237 3178 4302 teque
3227 4229 3411 4301 ipsum
3435 4228 3570 4301 jugo

1969 4326 2311 4392 submiseris,
2357 4332 2536 4380 totum
2587 4322 2707 4393 ejus
2756 4320 3107 4377 dominatum
3163 4334 3333 4391 super
3386 4326 3443 4374 te
3495 4326 3576 4374 at-

1972 4415 2201 4473 traxisti.
2250 4412 2608 4471 Circumeisio
2656 4410 2805 4467 enim
2847 4417 2904 4465 et
2946 4408 3234 4465 victimam
3286 4406 3474 4480 exigit,
3522 4418 3577 4464 et

265 4493 610 4584 ρισμούς.⁶0
661 4492 763 4584 γᾲρ
821 4491 1117 4584 ἀκάθαρτος
1172 4493 1237 4584 οὐ.
1289 4492 1419 4551 θύει.
1600 4492 1863 4573 καθαρμοῖ

1975 4505 2092 4563 dies
2117 4505 2374 4562 observat
2418 4502 2683 4557 :victima
2730 4514 2859 4555 vero
2900 4506 2954 4555 et
3001 4499 3187 4554 locum
3231 4499 3475 4569 postulat
3520 4505 3577 4553 et

262 4584 434 4644 πάλιν
481 4583 667 4665 ἑτέρας
696 4583 721 4621 ⁷
770 4581 1173 4663 παρατηρήσεις
1208 4580 1444 4662 ἔχουσιν.
1495 4578 1664 4662 Ὁρᾷς
1701 4585 1813 4649 πῶς
1843 4586 1872 4641 ὁ

264 4674 651 4747 ἀποστατήσας
692 4675 927 4753 Χριστοῦ
975 4673 1033 4731 οὐ
1064 4671 1222 4749 μόνον
1277 4670 1328 4739 ἐξ
1372 4668 1570 4729 ἐκείνου
1600 4674 1694 4729 οὐκ
1726 4672 1869 4751 ὠφε-

263 4766 475 4840 λεῖται,
524 4764 661 4823 ἀλλὰ
710 4763 802 4822 καὶ
851 4762 1054 4843 μυρίοις
1088 4760 1303 4840 βάρεσιν
1352 4760 1534 4819 ἑαυτὸν
1569 4759 1864 4833 ὕπέθηκενς

267 4857 337 4914 1ζῖ
370 4854 472 4934 γὰρ
518 4850 695 4933 κύριος
745 4856 773 4913 ὁ
823 4850 1012 4929 νόμος,
1045 4852 1166 4909 ὅλον
1217 4848 1544 4930 πλήρωσον·
1597 4849 1642 4907 εἰ
1692 4849 1748 4909 δὲ
1807 4851 1867 4911 οὐ

270 4944 481 5025 κύριος,
515 4941 651 5023 μηδὲ
679 4942 836 5022 μέρος
865 4941 1153 5020 καταδέξῃ.

1980 4594 2209 4651 modum
2255 4603 2309 4650 et
2338 4593 2683 4665 purgationes
2716 4608 2729 4646 :
2764 4588 3084 4644 immundus
3115 4587 3261 4642 enim
3290 4586 3575 4642 victimam

1980 4700 2092 4740 non
2134 4684 2397 4739 immolat.
2454 4681 2818 4752 Purgationes
2845 4692 3033 4733 rursus
3060 4676 3194 4733 alias
3240 4674 3443 4730 habent
3472 4676 3576 4731 ob-

1979 4775 2331 4831 servationes.
2388 4770 2795 4826 Animadvertis
2838 4767 3119 4839 quomodo
3165 4764 3257 4837 qui
3299 4761 3499 4820 defecit
3545 4781 3575 4821 a

1980 4864 2223 4929 Christo,
2253 4877 2365 4917 non
2413 4862 2597 4916 solum
2630 4857 2759 4914 inde
2790 4874 2899 4913 non
2925 4858 3165 4928 juvatur,
3208 4862 3467 4911 caeterum
3495 4855 3578 4909 in-

1981 4952 2228 5009 numeris
2256 4966 2313 5006 se
2342 4950 2602 5006 oneribus
2630 4946 2899 5020 subjecit?
2943 4947 3000 5001 Si
3036 4945 3187 5002 enim
3237 4944 3321 5000 lex
3363 4952 3449 5001 est
3479 4944 3579 5000 do-

267 5041 457 5099 minus
476 5050 626 5111 tuus,
668 5048 843 5098 totam
871 5039 1022 5097 illam
1059 5037 1297 5111 adimple
1347 5055 1361 5093 :
1400 5038 1448 5094 si
1496 5043 1685 5094 autem
1733 5036 1995 5099 dominus
2024 5052 2157 5100 tuus
2202 5057 2311 5098 non
2357 5049 2458 5108 est,
2508 5053 2579 5095 ne
2610 5046 2818 5111 partem
2848 5036 3013 5093 etiam
3065 5036 3183 5108 ejus
3212 5033 3382 5091 ullam
3440 5034 3582 5091 reci-

271 5149 408 5206 ptas.

358 5244 389 5282 (
448 5221 841 5303 Κατηργήθητε
896 5221 1004 5281 ἀπὸ
1060 5222 1327 5300 Χριστοῦ,
1382 5216 1570 5284 οἵτινες
1619 5218 1674 5276 ἐν
1724 5215 1870 5299 νόμῳ

272 5315 573 5373 δικαιοῦσθε
624 5337 638 5350 ·
687 5316 782 5384 τῆς
845 5310 1062 5391 χάριτος
1116 5308 1408 5378 ἐξεπέσετε.
1469 5335 1493 5361 ιο
1552 5305 1874 5381 Τουτέστιν,

272 5402 550 5482 Οὐδεμίαν
592 5401 870 5463 κοινωνίαν
917 5400 1067 5481 ἔχετε
1121 5400 1257 5477 μετὰ
1295 5404 1390 5457 τοῦ
1418 5399 1654 5476 Χριστοῦ
1687 5420 1700 5435 ·
1749 5395 1876 5456 οἵτι-

272 5518 395 5567 νες,
453 5496 523 5562 ὥς
574 5489 1013 5569 ὑπολαμϐάνετε,
1070 5492 1125 5549 ἐν
1180 5488 1327 5569 νόμῳ
1384 5489 1708 5562 δικαιοῦσθε,
1780 5492 1876 5560 τῆς

276 5585 504 5664 χάριτος
561 5582 871 5657 ἓξεπέσετε,
916 5585 1011 5654 τῆς
1065 5580 1272 5654 ἀληθῶς
1330 5576 1653 5651 δικαιούσης.
1712 5576 1875 5669 Μέγα

2054 5226 2229 5279 Vnus.
2278 5228 2329 5277 4.
2363 5220 2621 5277 Evacuati
2670 5218 2799 5275 estis
2846 5231 2877 5272 a
2924 5215 3169 5283 Christo,
3217 5215 3314 5287 qui
3362 5214 3416 5271 in
3467 5214 3585 5288 lege

1980 5310 2359 5387 justiﬁcamini
2389 5329 2402 5367 :
2437 5326 2467 5367 a
2498 5310 2675 5384 gratia
2704 5306 2993 5364 excidislis.
3028 5327 3053 5353 τι
3086 5306 3207 5360 Hoc
3237 5312 3342 5372 est,
3373 5304 3585 5362 nullam

1985 5403 2309 5461 societatem
2336 5400 2544 5458 habetis
2584 5415 2712 5456 cum
2751 5397 3001 5465 Christo,
3034 5394 3125 5469 qui
3166 5394 3351 5464 (veluti
3389 5394 3587 5467 opina-

1985 5494 2142 5559 mini)
2171 5492 2231 5548 in
2276 5491 2397 5563 lege
2435 5488 2815 5564 justiﬁeamini
2862 5509 2875 5544 :
2926 5502 2953 5542 a
2996 5486 3169 5558 gratia
3216 5499 3344 5540 vere
3385 5483 3588 5558 justiti-

1986 5591 2145 5640 cante
2191 5580 2489 5639 excidistis.
2544 5582 2812 5653 Magnum
2864 5578 3027 5650 igitur
3090 5573 3435 5649 naufragium
3488 5581 3587 5643 est,

1672 5684 1867 5745 Variae
1912 5684 2219 5745 lectiones.

300 5810 309 5815 τ
353 5789 372 5822 ⁸
398 5788 636 5860 ὓπέχισθε
669 5802 721 5845 o.

807 5788 828 5821 ⁵
858 5786 1064 5859 νομίσῃς
1091 5801 1142 5843 o.
1215 5785 1237 5820 ⁸
1265 5784 1397 5847 ὅλως
1424 5784 1510 5839 τὸν
1540 5784 1785 5852 δεσπότην
1814 5798 1869 5841 0.
1947 5782 1967 5816 ⁷
1999 5781 2158 5843 ἄλλοις
2191 5796 2271 5837 In.
