4124 6430
531 459 660 517 1011

1519 455 2036 513 THEOPHYLACTI
2071 453 2433 514 BULGARLE
2467 457 2783 515 ARCHIEP.

3692 455 3835 510 1012

527 585 751 657 quando
785 601 910 660 quae
939 585 1024 642 lex
1055 583 1330 658 promittit
1353 597 1468 640 non
1496 583 1794 656 acceperis,
1819 597 1885 640 ac
1917 598 1979 639 ea
2007 596 2134 656 qua

2245 574 2424 665 οῧνξτὸ
2459 584 2743 664 ναυάγιον;
2786 584 2912 644 ὅταν
2958 584 3094 664 μήτε
3145 581 3215 643 τὰ
3261 583 3353 642 τοῦ
3395 579 3560 661 νόμου
3597 579 3832 661 προσλά-

530 685 662 734 sunt
685 677 874 751 gratiae
903 677 1185 750 abjeceris.

599 769 782 826 Vnus.
813 774 866 825 5.
913 787 944 821 ιι
971 770 1087 825 Nos
1121 767 1270 824 enim
1303 767 1508 840 Spiritu
1537 781 1604 824 ex
1633 765 1741 823 ﬁde
1781 780 1936 838 spem
1957 765 2127 838 justi-

527 857 618 915 tiae
653 866 1057 930 exspectamus.
1105 878 1135 909 »
1167 861 1280 914 Nos
1309 857 1525 924 ﬁdeles,
1574 856 1776 928 inquit,
1820 871 1938 912 non
1978 854 2123 927 lege,

529 947 627 1006 sed
663 950 866 1022 Spiritu
899 957 1092 1006 sancto
1125 964 1411 1022 speramus
1449 948 1759 1022 justiﬁcari.
1793 947 2128 1018 Quomodo?

527 1040 608 1094 Ex
663 1039 794 1098 ﬁde.
843 1042 1076 1112 Oportet
1119 1039 1269 1095 enim
1325 1038 1492 1095 ﬁdem
1546 1038 1876 1110 praecedere,
1933 1037 2128 1094 deinde

527 1128 760 1199 Spiritus
796 1129 972 1185 sancti
1005 1128 1316 1185 accessione
1344 1135 1702 1200 peccatorum
1740 1126 2127 1184 dimissionem

529 1214 773 1288 accipere
801 1229 865 1271 ac
888 1215 1183 1288 justiﬁcari
1215 1215 1272 1272 in
1299 1215 1650 1288 baptismate.

599 1391 776 1446 Vnus.
819 1396 873 1448 6.
920 1412 946 1438 ιι
977 1392 1122 1447 Nam
1171 1391 1229 1446 in
1257 1391 1479 1449 Christo
1507 1393 1638 1449 Jesu
1679 1407 1858 1464 neque
1886 1393 2129 1448 circum—

529 1477 664 1535 cisio
693 1479 902 1550 aliquid
927 1480 1090 1548 valet,
1119 1495 1296 1552 neque
1325 1481 1660 1553 praeputium
1679 1523 1693 1549 ,
1723 1481 1819 1538 sed
1847 1480 1984 1538 ﬁdes
2007 1496 2130 1553 quae

531 1583 630 1640 per
646 1567 973 1625 charitatem
994 1577 1272 1642 operatur.
1299 1592 1326 1618 ι
1346 1574 1525 1626 Antea
1546 1579 1740 1627 tamen
1759 1570 1890 1626 dixit
1907 1571 2127 1627 noxiam

529 1671 652 1714 rem
695 1672 814 1715 esse
858 1658 1338 1715 circumcisionem
1390 1678 1406 1716 :
1449 1661 1544 1732 qui
1580 1675 1710 1733 ergo
1748 1675 1868 1716 rem
1909 1660 2128 1717 indiffe-

528 1754 740 1803 rentem
780 1763 929 1804 nunc
956 1747 1209 1805 eamdem
1239 1747 1444 1805 efﬁcit?
1474 1749 1726 1806 Dicimus
1760 1750 1946 1822 igitur,
1975 1750 2127 1821 quod

527 1835 1002 1894 circumcisionem
1058 1837 1314 1912 intelligit
1363 1854 1488 1912 quae
1541 1848 1626 1896 est
1694 1849 1822 1896 ante
1883 1840 2048 1896 ﬁdem
2109 1861 2123 1898 :

2237 673 2368 756 ϐῃς,
2403 676 2498 734 καὶ
2525 678 2593 734 τὰ
2621 681 2715 749 τῆς
2742 676 2961 756 χάριτος
2993 673 3298 753 ἀποϐάλῃς.

2321 787 2350 822 α
2386 763 2580 842 Ἡμεῖς
2609 765 2712 845 γὰρ
2742 765 3023 842 Πνεύματι
3047 766 3109 822 ἐκ
3145 763 3376 828 πίστεως
3402 759 3594 821 ἐλπίδα
3621 759 3831 819 δικαιο-

2236 854 2397 927 σύνης
2444 855 2869 934 ἀπεκδεχόμεθα.
2917 880 2943 907 ι
2990 853 3223 930 Ἡμεῖς,
3277 849 3469 932 φησὶν,
3523 851 3572 909 οἱ
3619 849 3833 926 πιστοὶ,

2237 945 2298 1003 οὗ
2345 943 2535 1024 νόμῳ,
2593 944 2734 1002 ἀλλὰ
2769 942 3048 1020 Πνεύματι
3090 941 3228 1023 ἁγίῳ
3275 939 3556 1017 ἐλπίζομεν
3604 939 3837 998 δικαιοῦο

2236 1037 2382 1096 σθαι.
2434 1035 2592 1112 Πῶς,
2625 1033 2729 1094 Ἐκ
2757 1033 3002 1101 πίστεως.
3057 1035 3154 1092 Δεῖ
3199 1030 3306 1111 γὰρ
3354 1032 3704 1107 προηγεῖσθαι
3737 1025 3835 1100 τῆν

2237 1121 2453 1201 πίστιν,
2499 1113 2615 1182 εἶτα
2787 1120 3118 1205 ἐπιφοιτήσει
3166 1125 3261 1182 τοῦ
3314 1119 3469 1199 ἇγίου
3519 1117 3837 1195 Πνεύματος

2239 1212 2422 1291 ἄφεσιν
2452 1216 2557 1272 τῶν
2589 1213 2868 1294 ἁμαρτιῶν
2899 1211 3230 1290 λαμϐάνειν,
3274 1208 3366 1269 καὶ
3412 1209 3744 1268 δικαιοῦσθαι
3777 1210 3831 1267 ἐν

2237 1305 2314 1383 τῷ
2347 1301 2704 1382 βαπτίσματι.

2319 1420 2344 1445 ι
2367 1391 2462 1453 Ἐν
2495 1393 2598 1472 γὰρ
2636 1393 2854 1473 Χριστῷ
2886 1391 3066 1464 Ἰησοῦ
3106 1390 3230 1450 οὔτε
3255 1387 3519 1470 περιτομή
3548 1412 3600 1448 τι
3631 1387 3834 1468 ἰσχύει,

2238 1481 2357 1540 οὔτε
2387 1481 2754 1563 ἀκροϐυστίᾳ,
2799 1481 2942 1541 ἀλλὰ
2990 1481 3167 1548 πίστις
3212 1481 3278 1538 δι’
3335 1477 3548 1557 ἀγάπης
3595 1479 3835 1557 ἐνεργου-

2240 1571 2461 1660 μένη...»
2511 1571 2620 1632 Καὶ
2670 1569 2776 1648 μὴν
2822 1571 3002 1648 ἔλεγεν
3049 1569 3129 1660 ὅτι
3171 1567 3436 1660 βλαϐερδν
3466 1571 3502 1639 ἡ
3531 1567 3839 1660 περιτομή.

2239 1663 2349 1727 πῶς
2380 1650 2469 1719 οῦν
2539 1661 2823 1742 ἀδιάφορον
2849 1661 2874 1698 ⁸
2904 1665 2991 1718 νῦν
3023 1659 3227 1731 τίθησιν
3270 1656 3440 1729 αὖτήν
3466 1681 3482 1730 ;
3521 1656 3718 1733 Φαμὲν
3747 1650 3838 1714 οὖν

2240 1749 2321 1809 ὅτι
2355 1751 2645 1832 περιτομὴν
2676 1752 2818 1830 λέγει
2847 1750 2943 1823 τὴν
2981 1750 3084 1830 πρὸ
3122 1754 3215 1822 τῆς
3247 1749 3480 1817 πίστεως
3503 1773 3514 1785 ·
3552 1746 3680 1807 ὡσεὶ
3721 1747 3841 1806 ἔλε-

2236 1865 2355 1919 γεν,
2384 1841 2465 1899 ὅτι
2486 1843 2558 1900 Οἱ
2583 1844 2636 1900 ἐν
2668 1845 2731 1921 τῇ
2766 1839 2877 1921 Νέᾳ
2907 1838 3156 1921 ,Διαθήκῃ
3201 1837 3667 1920 ἀπογραφόμενοι,
3703 1836 3833 1896 οὔτε

529 1925 760 1998 perinde
796 1943 859 1982 ac
895 1927 938 1983 si
976 1927 1204 1999 diceret,
1247 1928 1394 2000 quod
1436 1929 1474 1984 ii
1517 1928 1613 2002 qui
1657 1928 1716 1985 in
1744 1932 1902 1986 Novo
1931 1932 2129 1986 Testa-

2245 1930 2332 1989 ἐὰν
2388 1931 2835 2012 περιτετμημένοι
2892 1920 3061 2002 ὦσιν,
3123 1930 3486 2008 ὠφελοῦνται,
3563 1925 3682 1986 οὔτε
3741 1925 3834 1987 ἐὰν

529 2022 718 2072 mento
757 2015 1164 2087 describuntur,
1213 2033 1389 2090 neque
1436 2018 1484 2075 si
1529 2018 1843 2076 circumcisi
1892 2017 2128 2087 fuerint,

525 2105 849 2178 adjuvantur
900 2107 1228 2178 quidquam;
1277 2122 1460 2180 neque
1509 2107 1556 2164 si
1612 2109 1950 2181 praeputium
1998 2109 2136 2165 reti-

525 2212 720 2271 neant,
749 2203 1038 2260 laedantur.
1067 2205 1277 2262 Omnia
1319 2204 1470 2261 enim
1501 2220 1530 2260 a
1561 2204 1669 2262 ﬁde
1701 2205 1974 2278 pendent,
2012 2221 2139 2278 quae

537 2308 632 2365 per
686 2292 1016 2349 charitatem
1071 2301 1396 2366 operantur;
1435 2293 1542 2350 hoc
1611 2303 1714 2363 est,
1771 2310 1894 2366 qua:
1947 2295 2140 2352 debeat

535 2396 756 2454 semper
781 2381 979 2438 efﬁcax
1023 2391 1077 2439 et
1114 2383 1235 2439 viva
1264 2385 1716 2452 commonstrari,
1757 2399 1854 2456 per
1890 2384 2139 2440 dilectio-

538 2487 668 2528 nem
698 2488 826 2544 erga
857 2471 1157 2530 Christum.
1200 2473 1479 2544 Signiﬁcat
1505 2482 1691 2530 autem
1721 2488 1816 2530 eos
1843 2473 2143 2531 credidisse

531 2561 778 2636 quidem,
803 2562 899 2618 sed
931 2578 1044 2618 non
1066 2577 1185 2620 esse
1215 2563 1484 2620 radicatos
1506 2563 1564 2620 in
1589 2563 1793 2621 Christi
1824 2562 2139 2634 dilectione,

533 2659 590 2708 et
613 2660 903 2723 propterea
929 2652 999 2708 ad
1028 2652 1204 2725 legem
1233 2651 1612 2725 transfugisse.
1656 2652 1754 2709 Vel
1786 2653 1855 2709 ad
1895 2653 2137 2725 proximi

532 2741 700 2798 etiam
737 2741 1094 2798 dilectionem
1137 2757 1236 2799 eos
1275 2741 1480 2813 dirigit.
1515 2745 1792 2799 Monstrat
1843 2751 2032 2799 autem
2060 2743 2136 2798 si-

533 2831 668 2898 mul,
717 2830 864 2902 quod
891 2831 1210 2888 seductores
1257 2847 1471 2898 eorum,
1519 2830 1564 2887 si
1602 2831 1926 2888 charitatem
1969 2831 2138 2889 liabe-

533 2927 661 2976 rent
698 2935 824 2991 erga
851 2935 966 2990 eos,
1022 2936 1136 2977 non
1166 2920 1295 2976 talia
1333 2919 1452 2976 ausi
1493 2919 1724 2977 fuissent
1761 2921 2136 2978 committere.

535 3009 704 3066 Disce
753 3008 915 3081 igitur
951 3009 1102 3082 quod
1145 3009 1280 3067 ﬁdes
1331 3017 1589 3082 operatur
1636 3025 1735 3083 per
1785 3009 2138 3082 charitatem,

535 3097 642 3155 hoc
669 3107 782 3168 est,
808 3099 988 3156 vivere
1016 3098 1430 3155 demonstratur
1470 3118 1484 3156 :
1526 3099 1614 3155 sin
1642 3099 1922 3156 charitatis
1951 3116 2141 3172 expers

536 3187 626 3257 sit,
670 3187 925 3244 inefﬁcax
973 3196 1078 3245 est.
1126 3188 1316 3246 Simile
1344 3195 1431 3244 est
1460 3187 1556 3257 illi,
1584 3210 1610 3238 ιι
1655 3188 1820 3247 Fides
1860 3190 1982 3247 sine
2012 3206 2140 3264 ope-

538 3277 691 3333 ribus
715 3285 934 3334 mortua
955 3300 1006 3342 b.
1036 3301 1063 3328 ιι

609 3369 786 3423 Vnus.
836 3374 892 3423 7.
947 3389 974 3417 α
1019 3367 1329 3424 Currebatis
1357 3368 1536 3438 bene;
1574 3368 1698 3442 quis
1741 3383 1840 3426 vos
1880 3369 2137 3442 impediit

539 3457 754 3512 veritati
794 3473 904 3513 non
947 3457 1214 3514 obedire?
1253 3481 1278 3506 ν
1313 3461 1438 3515 Non
1474 3459 1865 3531 interrogantis
1892 3469 1976 3516 est
2012 3461 2138 3531 hoc,

538 3546 634 3604 sed
675 3547 1013 3618 deplorantis
1051 3563 1117 3605 ac
1167 3548 1436 3617 dicentis,
1485 3547 1573 3605 Ad
1602 3551 2138 3608 consummationem

539 3637 862 3708 pervenistis
904 3657 918 3694 :
949 3637 1081 3711 quid
1118 3640 1394 3712 contigit?
1423 3639 1552 3712 quis
1580 3647 1799 3696 tantum
1842 3641 2040 3712 potuit,
2081 3649 2139 3696 ut

538 3727 832 3799 impediret
857 3743 955 3784 vos
983 3744 1054 3784 ne
1095 3729 1311 3785 veritati
1354 3729 1631 3801 Evangelii
1675 3745 1889 3787 morem
1928 3747 2139 3803 gerere-

536 3817 632 3885 tis,
671 3817 767 3873 sed
794 3816 1072 3891 abrogata:
1099 3820 1487 3892 umbrosaeque
1511 3819 1657 3891 legi?

606 3909 792 3964 Vsus.
834 3913 889 3965 8.
928 3929 958 3958 «
988 3910 1278 3966 Persuasio
1317 3909 1438 3966 haec
1469 3926 1582 3965 non
1619 3917 1790 3966 estex
1823 3925 1890 3968 eo
1919 3911 2014 3983 qui
2041 3926 2139 3966 vo-

537 4005 626 4052 cat
673 3997 844 4070 356
885 4013 1003 4054 vos.
1047 4016 1076 4052 ι)
1126 4003 1250 4055 Ηοσ
1283 4007 1387 4066 est,
1438 3999 1587 4072 quod
1631 3999 1878 4072 persuasi
1921 4000 2039 4056 sitis
2081 4008 2142 4056 ut

538 4085 772 4143 credatis
834 4087 1251 4158 impostoribus,
1323 4104 1438 4144 non
1491 4095 1576 4144 est
1618 4103 1684 4144 ex
1731 4089 1975 4146 Christo.
2020 4092 2141 4145 Non

541 4176 694 4231 enim
727 4177 943 4232 vocavit
976 4191 1074 4233 vos
1112 4176 1199 4233 ille
1228 4185 1290 4233 ut
1323 4178 1562 4234 credatis
1604 4178 1670 4235 iis
1710 4181 1806 4254 qui
1850 4180 2143 4236 consolunt

541 4272 602 4319 ut
630 4263 698 4320 ad
737 4263 1090 4321 Judaismum
1143 4266 1435 4323 accedatis.

611 4355 794 4409 Vnus.
830 4358 886 4410 9.
934 4376 962 4403 α
1001 4353 1292 4412 Modicum
1332 4355 1669 4414 fermentum
1693 4365 1869 4414 totam
1892 4373 2140 4414 massam

541 4443 864 4514 corrumpit.
929 4465 957 4492 ι»
1007 4445 1091 4501 Ne
1160 4444 1367 4515 dicant,
1431 4448 1610 4514 Quare
1666 4462 1769 4503 uos
1822 4446 1958 4502 adeo
2017 4463 2141 4520 per-

545 4531 803 4588 strinxisti
831 4533 1080 4605 iunicum
1105 4534 1252 4590 enim
1288 4534 1608 4591 mandatum
1639 4535 1981 4608 violavimus)
2023 4537 2140 4593 cul-

2169 3323 2216 3388 C

2249 2020 2601 2100 ἀκρόϐυστοι,
2639 2021 2988 2100 βλάπτονται.
3026 2018 3097 2079 ¢H
3123 2017 3225 2098 γὰρ
3252 2018 3425 2084 πίστις
3449 2017 3559 2076 ἐστὶ
3597 2017 3657 2076 τὸ
3687 2025 3792 2076 πᾶν
3821 2064 3837 2092 ,

2245 2114 2279 2182 ἡ
2314 2110 2379 2168 δι’
2401 2111 2616 2190 ἀγάπης
2645 2108 2994 2191 ἐνεργουμένη
3017 2133 3032 2146 ο
3078 2106 3348 2166 τουτέστιν
3371 2154 3387 2185 ,
3417 2108 3709 2187 ὀφείλουσα
3757 2105 3840 2164 ἀεὶ

2247 2200 2462 2280 ἐνεργὴς
2511 2200 2604 2258 καὶ
2652 2203 2796 2268 ζῶσα
2848 2198 3150 2258 δείκνυσθαι
3203 2196 3289 2255 διὰ
3339 2201 3435 2268 τ’ἤς
3485 2198 3559 2263 εἷς
3609 2195 3841 2272 Χριστὸν

2247 2289 2482 2368 ἀγάπης.
2510 2288 2813 2350 Αἶνίττεται
2857 2289 2912 2346 δὲ
2939 2285 3124 2353 αὐτοὺς
3154 2285 3548 2353 πιστεύσαντας
3599 2285 3730 2364 μὲν,
3766 2284 3842 2360 μὴ

2249 2377 2561 2458 ριζωθέντας
2595 2379 2650 2438 δὲ
2690 2381 2743 2438 ἐν
2773 2382 2840 2459 τῇ
2879 2377 3007 2458 πρὸς
3051 2376 3289 2457 Χριστὸν
3337 2375 3522 2457 ἀγάπῃ
3547 2422 3563 2449 ,
3613 2373 3708 2434 καὶ
3757 2373 3846 2433 διὰ

2246 2473 2402 2527 τοῦτο
2443 2468 2574 2548 πρὸς
2621 2467 2710 2527 τὸν
2769 2468 2928 2543 νόμον
2978 2465 3450 2544 αὐτομολήσαντας
3481 2488 3495 2503 ·
3549 2464 3586 2538 ἢ
3634 2463 3726 2524 καὶ
3774 2466 3847 2530 εἰς

2246 2556 2342 2627 τὴν
2395 2557 2526 2637 πρὸς
2576 2557 2665 2618 τὸν
2732 2555 2959 2631 πλησίον
3009 2554 3224 2634 ἀγάπην
3285 2553 3473 2623 αὐτοὺς
3524 2555 3838 2633 διορθοῦται.

2247 2645 2496 2706 Δείκνυσι
2527 2645 2582 2706 δὲ
2621 2645 2770 2724 ἅμα,
2817 2646 2899 2706 ὅτι
2943 2645 3032 2704 καὶ
3081 2646 3129 2703 οἳ
3162 2646 3468 2710 πλανῶντες
3524 2641 3752 2720 αὐτοὺς,
3797 2643 3842 2701 εἰ

2247 2735 2464 2814 ἀγάπην
2504 2728 2645 2816 εἶχον
2676 2735 2806 2814 πρὸς
2831 2733 3020 2802 αὐτοὺς
3040 2777 3058 2808 ,
3086 2735 3181 2792 οὔκ
3227 2731 3293 2793 ἂν
3334 2733 3642 2810 ἐτόλμησαν
3673 2736 3843 2790 ταῦτα

2247 2825 2438 2886 ποιεῖν.
2477 2826 2726 2887 Μάνθανε
2757 2816 2872 2903 οῦν,
2903 2824 2983 2884 ὅτι
3025 2827 3061 2896 ἡ
3103 2823 3281 2891 πίστις
3306 2824 3599 2904 ἐνεργεῖται
3631 2819 3727 2900 μὲν
3774 2822 3842 2879 δι’

2248 2914 2497 2993 ἀγάπης,
2545 2914 2817 2988 τουτέστι,
2862 2917 3006 2983 ζῶσα
3049 2912 3315 2972 δείκνυται
3349 2935 3363 2950 ·
3416 2910 3493 2990 μὴ
3542 2911 3739 2992 ἔχουσα
3789 2908 3846 2968 δὲ

2247 3001 2344 3076 τὴν
2374 3004 2622 3082 ἀγάπην,
2672 3003 3015 3084 ἀνενέργητός
3055 3003 3221 3062 ἐστιν.
3269 2999 3502 3081 νομοιον
3547 3005 3652 3082 τῷ,
3685 3026 3711 3056 ι
3745 2999 3848 3060 Πί-

2250 3116 2360 3160 στις
2387 3093 2550 3174 χωρὶς
2574 3093 2742 3172 ἔργων
2763 3140 2782 3170 ,
2813 3093 2995 3173 νεκρά.
3032 3119 3057 3144 ιο

2335 3294 2367 3333 α
2395 3272 2679 3354 Ἐτρέχετε
2707 3275 2883 3340 καλῶς
2907 3296 2922 3310 ·
2952 3273 3030 3340 τίς
3060 3275 3198 3351 ὑμᾶς
3245 3269 3463 3353 ἐνέκοψε
3502 3273 3569 3350 τῇ
3623 3271 3849 3352 ἀληθείᾳ

2247 3361 2322 3442 μὴ
2383 3362 2697 3443 πείθεσθαι;
2732 3387 2756 3416 ι
2803 3365 2926 3424 Οὐκ
2973 3361 3270 3443 ἐρωτῶντός
3319 3364 3434 3421 ἐστι
3485 3365 3670 3434 τοῦτο,
3729 3362 3852 3422 ἀλλ’

2249 3451 2637 3535 ὀλοφυρομένου
2679 3451 2771 3512 καὶ
2816 3451 3056 3532 λέγοντος
3104 3474 3118 3489 ·
3167 3454 3264 3519 Εἷς
3312 3450 3620 3524 τελειότητα
3684 3449 3843 3529 ἐφθά-

2249 3565 2380 3601 σατε
2407 3559 2425 3578 ⁸
2457 3541 2510 3601 τί
2537 3541 2760 3621 γέγονε;
2813 3541 2893 3609 τίς
2933 3545 3184 3601 τοσοῦτον
3215 3540 3466 3620 ἴσχυσεν,
3501 3539 3641 3598 ὥστε
3686 3540 3856 3616 ἐμπο-

2249 3632 2393 3692 δίσαι
2439 3634 2580 3708 ὖμᾶς
2743 3630 2966 3711 ἀληθείᾳ
3013 3637 3104 3690 τοῦ
3150 3629 3480 3710 Εὖαγγελίου
3535 3627 3613 3706 μὴ
3665 3629 3848 3689 πείθε-

2248 3727 2405 3796 σθαι,
2434 3719 2572 3782 ἀλλὰ
2600 3723 2678 3802 τῷ
2706 3718 3093 3801 καταργηθέντι
3117 3718 3209 3779 καὶ
3236 3718 3449 3779 σκιώδει
3485 3717 3670 3799 νόμῳς

2357 3925 2390 3960 α
2450 3900 2524 3962 Ἥ
2569 3900 2834 3979 πεισμονὴ
2883 3904 2979 3961 οὖκ
3035 3902 3097 3960 ἐκ
3139 3904 3230 3962 τοῦ
3287 3901 3573 3968 καλοῦντος
3627 3898 3786 3976 ὖμᾶς.
3822 3928 3850 3952 ι·

2245 3991 2534 4064 Τουτέστι,
2599 3990 2657 4048 τὸ
2708 3991 2984 4050 πείθεσθαι
3048 3990 3158 4058 τοῖς
3218 3991 3494 4050 ἀπατῶσιν
3553 3988 3650 4047 οὖκ
3708 3987 3855 4047 ἔστιν

2250 4082 2310 4139 ἐκ
2337 4085 2428 4139 τοῦ
2460 4082 2693 4160 Χριστοῦ
2727 4102 2741 4118 ο
2794 4081 2852 4138 οὗ
2883 4079 2984 4162 γὰρ
3014 4079 3262 4139 ἐκάλεσεν
3306 4081 3446 4156 ὑμᾶς
3479 4081 3674 4146 ἐκεῖνος
3705 4123 3724 4156 ,
3762 4075 3854 4137 ἵνα

2247 4171 2499 4243 πείθησθε
2529 4173 2639 4237 τοῖς
2670 4168 3120 4248 συμϐουλεύουσιν
3159 4167 3494 4239 Ἰουδαΐζειν.

2330 4377 2355 4404 α
2387 4349 2568 4430 Μικρὰ
2597 4348 2738 4427 ζύμη
2788 4348 2908 4408 ὅλον
2950 4347 3010 4408 τὸ
3040 4348 3261 4432 φύραμα
3299 4351 3478 4426 ζυμοῖ.
3522 4372 3548 4400 υ
3597 4342 3722 4408 Ἵνα
3775 4347 3852 4424 μὴ

2250 4439 2440 4499 εἴπωσι
2463 4463 2476 4478 ο
2503 4443 2555 4502 Τ
2560 4440 2576 4499 ί
2602 4443 2850 4499 τοσοῦτον
2897 4441 3052 4517 ἡμῶν
3099 4438 3327 4520 καθήψω
3360 4436 3524 4518 (μίαν
3551 4435 3656 4518 γὰρ
3708 4438 3853 4496 ἐντο-

2252 4529 2349 4602 λὴν
2377 4533 2472 4589 τοῦ
2500 4528 2662 4608 νόμου
2680 4527 2992 4609 παρέϐημεν
3010 4527 3077 4609 9),
3097 4528 3187 4587 καὶ
3218 4526 3453 4607 ἐπαίρεις
3481 4524 3541 4585 τὸ
3571 4524 3855 4605 ἔγκλημα;

541 4636 774 4694 pamque
807 4631 1055 4680 nostram
1085 4628 1418 4696 exaggeras?
1465 4626 1780 4696 respondet,
1813 4627 1960 4698 quod
1990 4627 2135 4683 istud

2249 4621 2440 4700 φησὶν,
2481 4617 2653 4677 ὅτιτὸ
2695 4620 2881 4677 δοκοῦν
2932 4617 3120 4698 μικρὸν
3167 4622 3356 4692 τοῦτο,
3400 4617 3472 4683 εἷς
3520 4613 3588 4674 τὰ
3631 4613 3852 4695 καίρια,

541 4711 894 4782 quantumvis
925 4714 1182 4786 exiguum
1231 4714 1494 4785 videatur,
1541 4714 1820 4775 letlialiter
1862 4715 2028 4774 laedit.
2061 4719 2142 4774 Ut

544 4800 694 4856 enim
723 4801 1078 4868 fermentum,
1125 4803 1380 4876 exiguum
1407 4805 1538 4861 licet
1567 4805 1659 4875 sit,
1691 4813 1870 4862 totam
1901 4821 2140 4863 massam

543 4889 602 4946 in
629 4906 687 4947 se
714 4899 1055 4949 transmutat
1080 4912 1092 4947 :
1127 4893 1200 4949 ita
1229 4895 1598 4964 circumcisio,
1631 4896 1885 4970 quamvis
1912 4897 2138 4953 unicum

537 4978 608 5036 sit
654 4988 1020 5054 praeceptum,
1056 4983 1127 5039 ad
1177 4983 1486 5056 perfectum
1532 4983 1885 5042 Judaismum
1925 5002 2020 5045 vos
2058 5003 2141 5044 re-

538 5078 716 5128 vocat.

611 5162 790 5218 Vens.
826 5166 915 5217 ιο.
949 5184 975 5211 α
1008 5161 1245 5220 Conﬁdo
1273 5161 1341 5221 de
1370 5163 1529 5222 vobis
1575 5165 1634 5222 in
1678 5165 1954 5235 Domino,
1989 5167 2139 5238 quod

536 5246 675 5304 nihil
702 5249 851 5306 aliud
895 5251 1136 5323 sapietis.
1191 5275 1217 5301 ν
1263 5252 1518 5321 Conﬁdo,
1561 5254 1762 5326 inquit,
1802 5253 1871 5310 de
1917 5254 2071 5310 vobis
2122 5273 2137 5313 :

535 5339 658 5394 novi
693 5339 845 5396 enim
889 5355 1045 5397 meos
1093 5341 1394 5413 discipulos
1434 5362 1448 5398 :
1495 5344 1623 5400 novi
1653 5343 1871 5400 facilem
1903 5354 2138 5401 vestram

537 5443 658 5484 esse
687 5427 1156 5487 emendationem.
1188 5431 1419 5488 Conﬁdo
1442 5432 1607 5506 igitur
1631 5433 1700 5490 de
1729 5433 1916 5503 vobis,
1948 5442 2139 5506 utpote

534 5514 625 5587 qui
673 5517 873 5591 corrigi
918 5519 1166 5592 potestis.
1213 5519 1444 5579 Conﬁdo
1494 5521 1664 5580 etiam
1729 5522 1998 5590 Domino,
2043 5522 2136 5596 qui

2251 4709 2501 4791 βλάπτει.
2532 4705 2754 4787 ⁶Ωσπερ
2780 4706 2883 4788 γὰρ
2928 4710 2962 4780 ἡ
3011 4705 3152 4785 ζύμη
3191 4705 3322 4786 πρὸς
3347 4704 3556 4791 ἑαυτὴν
3572 4707 3729 4782 ζυμοῖ
3759 4704 3855 4762 καὶ

2249 4784 2527 4878 μεταποιεῖ
2553 4798 2614 4858 τὸ
2641 4784 2762 4857 ὅλον
2790 4784 3047 4879 φύραμα,
3080 4784 3260 4856 καίτοι
3296 4795 3465 4876 μικρὰ
3495 4784 3630 4853 οὖσα
3659 4812 3674 4828 ⁶
3706 4795 3849 4852 οὕτω

2247 4877 2339 4948 καὶ
2365 4895 2398 4963 ἡ
2443 4886 2740 4969 περιτομὴ,
2776 4877 2876 4964 μία
2918 4877 3052 4946 οῦσα
3094 4883 3314 4962 ἐντολὴ,
3359 4885 3434 4953 εἷς
3475 4883 3677 4945 τέλειον
3707 4880 3849 4944 Ἰου⁹

2248 4977 2474 5058 δαῖσμὸν
2503 4979 2643 5056 ὑμᾶς
2675 4977 2968 5056 μετακαλεῖ
3001 4973 3074 5037 ¹⁰.

2328 5185 2352 5210 ι
2396 5155 2543 5234 Ἐγὼ
2585 5154 2812 5217 πέποιθα
2863 5157 2934 5223 εἷς
2984 5156 3121 5233 ὗμᾶς
3172 5156 3227 5215 ἐν
3288 5152 3506 5236 Κυρίῳ,
3569 5152 3650 5214 ὅτι
3694 5151 3848 5236 οὖδὲν

2246 5246 2414 5308 ἄλλλο
2457 5232 2765 5328 φρονήσετε.
2803 5272 2828 5298 ιι
2858 5247 3098 5328 Θαῤῥῶ,
3131 5242 3302 5391 ,φησὶν
3325 5287 3342 5316 ,
3379 5232 3469 5311 εἷς
3516 5243 3656 5320 ὖμᾶς
3688 5263 3704 5279 ο
3732 5232 3854 5300 οῖδα

2246 5336 2348 5391 γὰο
2399 5335 2518 5391 τοὺς
2569 5333 2723 5391 ἐμοὺς
2773 5335 3058 5391 uatem-cic-
3109 5336 3226 5391 οδα
3257 5335 3407 5391 ὑμῶν
3460 5331 3523 5391 τὸ
3572 5329 3854 5391 εὖδιόοθω-

2245 5336 2348 5417 γὰρ
2399 5335 2518 5404 τοὺς
2569 5333 2724 5417 ἐμοὺς
2773 5335 3058 5412 μαθητάςο
3109 5329 3226 5394 οἶδα
3257 5335 3407 5410 ὑμῶν
3460 5331 3523 5392 τὸ
3572 5329 3857 5411 εὗδιόρθω·

2245 5415 2355 5486 τον.
2410 5427 2618 5509 9αρρῶ
2666 5415 2758 5484 οἷν
2809 5427 2882 5492 εἷς
2929 5427 3104 5503 ὑμᾶς,
3143 5429 3216 5489 ὼς
3263 5423 3584 5500 δυναμένους
3635 5420 3854 5501 διορθώ-

2248 5520 2442 5575 σασθαι
2473 5539 2487 5554 ο
2518 5517 2694 5598 θαρρῶ
2725 5513 2778 5573 δὲ
2829 5513 2922 5573 καὶ
2966 5518 3043 5596 τῷ
3088 5512 3275 5594 Κυρίῳ
3298 5557 3315 5587 ,
3357 5512 3410 5579 ὃς
3439 5514 3498 5571 οὗ
3527 5509 3667 5570 θέλει
3721 5509 3844 5568 οὐδὲ

1924 5611 2112 5673 Varia
2156 5613 2460 5678 lectiones.

605 5678 634 5719 ³³
661 5687 780 5741 Jac.
813 5701 884 5754 ιι,
918 5693 1005 5744 17.

610 5763 630 5797 ⁸
657 5763 936 5836 ἀδιαφόρως
962 5783 1012 5822 0.
1093 5767 1115 5802 ’
1138 5767 1390 5840 ὓπέὸημεν
1425 5785 1479 5827 ο.
1560 5772 1601 5806 ¹⁰
1630 5772 1911 5844 μεταϐαλεῖ
1933 5790 1988 5832 ο.
