4124 6470
467 432 604 488 1013

1395 427 1751 485 EXPOSITIO
1791 429 1858 484 IN
1895 428 2106 486 EPIST.
2146 429 2239 486 AD
2278 429 2525 485 GALAT.
2564 458 2638 472 -
2675 429 2823 486 CAP.
2865 430 2928 487 V.

3630 433 3768 488 1014

465 554 557 614 τὸν
596 552 828 636 τυχόντα
860 551 1154 615 ἀπολέσθαι
1209 551 1279 616 H.
1315 552 1614 635 Προτρέπει
1661 555 1834 615 τοίνυν
1881 553 2067 624 αὐτοὺς

2175 570 2290 611 non
2330 555 2443 611 vult
2482 570 2553 612 ne
2591 555 2893 611 minimum
2931 569 3028 612 seu
3064 557 3504 629 qualemcunque
3547 555 3770 628 quidem

466 643 654 704 καὶτὰ
699 645 832 726 παρ’
863 645 1065 703 ἑαυτῶν
1113 645 1463 722 εἰσενεγκεῖν,
1496 644 1590 704 καὶ
1637 643 1726 703 ἐπὶ
1768 647 1845 722 τῷ
1883 645 2064 727 Κυρίῳ

467 734 720 804 ἐλπίζειν.
769 735 852 794 Οὐ
891 732 994 814 γὰρ
1025 733 1200 802 ἄλλως
1228 732 1397 794 ἔνεστι
1441 735 1545 791 τῶν
1593 734 1739 814 παρὰ
1783 739 1874 794 τοῦ
1922 739 2064 796 Θεοῦ

465 833 673 903 τυχεῖν,
709 823 774 883 ἂν
806 822 884 903 μὴ
915 821 1007 882 καὶ
1049 820 1144 895 τὴν
1177 825 1309 904 παρ’
1353 825 1554 883 ἑαυτῶν
1585 823 1842 899 σπουδὴν,
1875 823 2060 906 φησὶν,

464 913 762 995 εἰσφέρητε.

555 1026 584 1062 α
615 1003 685 1065 Ὀ
714 1003 768 1062 δὲ
799 1000 1081 1082 ταράσσων
1105 1006 1244 1080 ὑμᾶς
1283 1001 1540 1082 βαστάσει
1577 1001 1638 1061 τὸ
1665 1010 1860 1083 κρῖμα,
1919 1003 2062 1072 ὅστις

467 1092 528 1152 ἂν
575 1085 634 1174 ᾗ.
692 1121 718 1146 ι
767 1091 956 1166 ’Υμεῖς
1015 1091 1141 1170 μὲν,
1200 1090 1380 1170 φησὶν,
1432 1092 1866 1172 διορθωοήσεσθε’
1920 1093 2062 1167 πλὴν

464 1185 524 1242 οὐ
577 1183 662 1243 διὰ
706 1188 859 1242 τοῦτο
901 1183 951 1243 οῗ
1001 1182 1376 1255 ἀπατήσαντες
1422 1184 1562 1259 ὑμᾶς
1622 1181 2064 1263 ἐλευθερωθήσον·

464 1297 553 1331 ται
591 1276 684 1344 τῆς
712 1272 1005 1346 κολάσεως,
1039 1269 1179 1331 ἀλλὰ
1222 1271 1450 1331 δώσουσι
1487 1271 1663 1344 δίκην,
1710 1271 1812 1332 κᾶν
1840 1272 2062 1351 μεγάλοι

464 1360 599 1429 τινὲς
645 1362 840 1421 δοκῶσι
893 1363 984 1420 καὶ
1040 1360 1356 1430 ἀξιόπιστοι.
1419 1363 1596 1421 Τοῦτο
1641 1360 1746 1440 γάρ
1803 1361 1917 1420 ἐστι
1967 1362 2060 1438 τὸ,

463 1479 490 1506 ι
517 1450 712 1518 Ὅστις
742 1443 866 1532 ἂνῇ.
905 1477 928 1504 n
975 1453 1147 1512 Τοῦτο
1180 1449 1236 1509 δὲ
1267 1449 1448 1530 λέγει,
1501 1449 1588 1508 ἵνα
1639 1450 1715 1527 μὴ
1755 1451 1848 1509 καὶ
1891 1450 2062 1532 ἕτεροι

466 1539 629 1601 πάλιν
655 1543 938 1601 ἐπιθῶνται
949 1589 960 1600 .

548 1657 574 1684 σι
618 1630 763 1710 Ἐγὼ
810 1630 886 1706 δὲ,
927 1631 1164 1710 ἀδελφοὶ,
1219 1632 1267 1688 εἶ
1311 1629 1608 1708 περιτομὴν
1661 1627 1739 1688 ἔτι
1785 1629 2061 1709 κηρύσσω,

466 1719 519 1779 τί
568 1720 645 1780 ἔτι
677 1719 968 1796 διώκομαι;
1015 1749 1038 1772 ιο
1071 1718 1296 1792 Ἐπειδὴ
1329 1718 1708 1785 διαϐάλλοντες
1753 1719 1908 1778 αὐτὸν
1943 1718 2063 1777 ἔλε-

2175 645 2374 717 perire.
2422 644 2772 703 Adhortatur
2811 646 2998 719 itaque
3034 661 3148 712 eos,
3192 654 3254 702 ut
3280 654 3336 702 et
3371 661 3470 702 sua
3510 643 3765 714 afferant,

2172 744 2230 791 et
2272 734 2334 790 in
2378 735 2688 792 Dominum
2725 751 2880 806 spem
2924 751 3084 792 suam
3112 735 3404 791 collocent.
3449 739 3575 792 Non
3617 735 3766 791 enim

2169 825 2329 881 aliter
2369 825 2499 882 licet
2525 824 2788 882 beneﬁcia
2831 825 2934 881 Dei
2969 826 3254 898 consequi,
3285 840 3450 896 quam
3478 824 3520 880 si
3565 832 3623 882 et
3665 841 3766 883 ve-

2169 923 2346 971 strum
2375 915 2541 971 etiam
2570 922 2830 971 conatum
2863 913 3180 972 conferatis.

2246 1036 2273 1062 ιι
2313 1014 2422 1086 Qui
2465 1021 2650 1070 autem
2697 1014 2987 1070 conturbat
3031 1029 3149 1083 vos,
3194 1013 3438 1086 portabit
3469 1012 3762 1083 judicium,

2171 1103 2412 1175 quisquis
2444 1103 2622 1160 fuerit.
2667 1125 2692 1152 ι
2725 1107 2835 1160 Vos
2865 1103 3111 1176 quidem,
3143 1103 3342 1175 inquit,
3372 1103 3442 1160 ad
3473 1104 3765 1160 rectiorem

2171 1201 2376 1248 statum
2406 1192 2815 1249 transferemini
2851 1213 2864 1250 :
2905 1193 2998 1250 sed
3035 1200 3223 1248 tamen
3252 1193 3347 1265 qui
3388 1191 3768 1265 imposuerunt

2176 1282 2350 1351 vobis,
2381 1298 2495 1339 non
2525 1291 2811 1355 prepterca
2841 1283 3220 1340 liberabuntur
3250 1299 3280 1338 a
3306 1298 3492 1355 paena,
3521 1283 3617 1338 sed
3645 1299 3764 1356 pm-

2173 1388 2272 1426 nas
2317 1372 2491 1438 luent,
2541 1373 2756 1429 etiamsi
2786 1373 2971 1445 magni
3009 1372 3314 1440 videantur,
3357 1379 3412 1427 et
3450 1371 3558 1428 fide
3593 1372 3766 1445 digni.

2175 1463 2294 1517 Hoc
2321 1461 2470 1517 enim
2500 1470 2585 1518 cst
2613 1462 2782 1530 istud,
2819 1486 2844 1511 σι
2871 1463 3136 1535 Quisquis
3167 1461 3346 1518 fuerit.
3375 1485 3400 1510 ν
3433 1465 3556 1518 Hoc
3579 1470 3768 1518 autem

2172 1549 2322 1617 dicit,
2353 1567 2424 1607 ne
2455 1552 2547 1607 alii
2575 1567 2792 1624 quoque
2821 1552 2969 1624 ipsos
3001 1551 3336 1609 adoriantur.

2245 1651 2423 1705 Vsus.
2461 1654 2549 1704 11.
2592 1672 2618 1699 α
2663 1653 2779 1722 Ego
2818 1659 3026 1717 autem,
3058 1649 3277 1717 fratres,
3317 1649 3362 1706 si
3393 1649 3769 1706 circumcisio-

2172 1754 2298 1792 nem
2356 1737 2538 1795 adhuc
2593 1739 2852 1811 praedico,
2907 1740 3035 1812 quid
3092 1739 3274 1796 adhuc
3331 1740 3768 1812 persecutionem

466 1832 588 1888 γον,
639 1809 722 1870 ὅτι
769 1809 1061 1890 ὑποκριτής
1112 1812 1288 1883 ἐστιν,
1339 1811 1596 1906 ἀλλαχοῦῄ
1629 1807 1723 1906 μὲν
1769 1806 2063 1887 περιτομὴν

2175 1828 2388 1898 patior?
2427 1847 2456 1882 »
2489 1806 2631 1902 Quia
2660 1806 3087 1886 calumniatores
3115 1828 3232 1900 ejus
3267 1806 3542 1899 dicebant,
3576 1830 3768 1902 Hypo-

466 1898 773 1980 κηρύσσων,
824 1901 1068 1981 ἀλλαχοῦ
1099 1901 1154 1959 δὲ
1205 1899 1283 1959 ούο
1331 1897 1516 1980 φησὶν,
1562 1895 1644 1956 ὅτι
1676 1895 1863 1973 Ὑμεῖς
1915 1896 2060 1981 μάρ-

2172 1917 2305 1972 crita
2338 1925 2440 1985 est,
2476 1917 2676 1990 quippe
2713 1918 2840 1990 quia
2871 1918 3008 1975 alias
3047 1918 3524 1974 circumcisionem
3563 1918 3764 1991 praedi-

466 2014 639 2070 τυρες,
689 1988 770 2048 ὅτι
826 1989 1090 2066 διώκομαι
1140 1987 1290 2067 παρὰ
1343 1990 1445 2047 τῶν
1498 1985 1796 2048 Ἰουδαίων.
1861 1987 1930 2047 Εἰ
1973 1975 2063 2045 οὖν

2175 2015 2282 2073 cat,
2313 1975 2444 2063 alias
2473 1975 2587 2062 non
2612 1975 2750 2064 item
2783 2026 2796 2064 :
2830 2010 2961 2076 Vos,
2991 2007 3192 2081 inquit,
3240 2007 3380 2063 mihi
3409 1975 3581 2063 testes
3608 2007 3762 2076 estis,

467 2077 764 2158 περιτομὴν
829 2078 1109 2156 κηρύσσω,
1162 2081 1294 2158 ὑπὲρ
1361 2075 1498 2144 τίνος
1549 2075 1713 2135 ἄλλου
1761 2076 2063 2152 διώκομαις

464 2169 728 2248 πρόδηλον
771 2167 875 2248 γὰρ
913 2168 993 2226 ὅτι
1038 2167 1122 2226 διὰ
1170 2167 1232 2226 τὸ
1276 2165 1560 2226 καταλύειν
1605 2163 1674 2224 τᾶ
1716 2163 1914 2245 πάτρια
1960 2165 2066 2221 αὖ-

465 2281 571 2316 των
606 2257 853 2318 διώκουσί
903 2281 990 2334 με.
1031 2261 1097 2318 Εἰ
1156 2258 1212 2315 δὲ
1257 2256 1559 2336 περιτομὴν
1618 2254 1898 2334 κηρύσσω,
1952 2277 2069 2312 συν-

468 2350 596 2406 ιστῶ
646 2354 836 2408 ταῦτα·
886 2351 997 2414 πῶς
1045 2339 1133 2407 οὖν
1169 2370 1233 2423 με
1269 2345 1550 2419 διώκουσι;
1595 2345 1669 2406 Τί
1719 2335 1832 2416 οὖν,
1869 2343 2063 2424 φασίν;

465 2439 525 2495 οὐ
557 2435 836 2518 περιέτεμε
876 2436 1167 2514 Τιμόθεον,
1219 2439 1349 2497 Nai'
1387 2434 1529 2493 ἀλλὰ
1562 2432 1686 2494 κατ’
1733 2432 2063 2511 οἰκονομίαν.

464 2525 628 2587 Ἄλλο
677 2525 732 2585 δὲ
776 2525 836 2585 τὸ
865 2536 1193 2605 περιτεμεῖν,
1245 2525 1337 2584 καὶ
1368 2525 1502 2583 ἄλλο
1543 2523 1604 2583 τὸ
1647 2522 1936 2601 κηρύσσειν
1974 2545 2070 2580 πε-

470 2617 709 2697 ριτομήν.
761 2618 842 2676 Οὐ
895 2616 998 2696 γὰρ
1043 2605 1212 2688 εἶπεν,
1254 2617 1324 2674 Εἰ
1377 2611 1671 2693 περιτομὴν
1703 2611 2066 2692 εἰργασάμην,

467 2705 602 2778 ἀλλ’,
639 2727 667 2764 α
699 2709 767 2767 Εἰ
797 2709 1071 2784 κηρύσσω.
1108 2727 1137 2763 n
1189 2703 1258 2765 Ὁ
1289 2704 1392 2782 γὰρ
1429 2703 1710 2782 κηρύσσων
1758 2700 2067 2778 δογματίζει

465 2796 570 2854 δεῖν
606 2796 689 2855 ἀεὶ
718 2800 870 2855 τοῦτο
911 2794 1180 2873 γίνεσθαι,
1225 2797 1295 2861 ὥς
1339 2793 1523 2860 ἁπλῶς
1569 2791 1752 2850 καλόν·
1791 2794 1819 2848 ὁ
1862 2791 1917 2849 δὲ
1951 2792 2068 2848 κατ’

465 2883 770 2961 οἰκονομίαν
811 2884 1042 2957 ποιήσας
1087 2909 1163 2957 τι,
1209 2885 1310 2963 οὐχ
1355 2886 1425 2949 ὡς
1471 2881 1654 2948 ἅπλῶς
1704 2880 1869 2940 καλὸν
1913 2883 2071 2939 τοῦτο

465 2979 625 3052 ποιεῖ,
650 2978 776 3036 ἀλλ’
811 2978 882 3042 ὡς
910 2975 1038 3055 πρὸς
1066 2974 1248 3055 καιρὸν
1274 2973 1545 3054 χρειῶδες.

2171 2095 2320 2167 quod
2356 2096 2798 2168 persecutionem
2829 2097 3011 2170 patior
3048 2114 3078 2152 a
3119 2096 3345 2154 Iudaeis.
3378 2097 3432 2153 Si
3464 2097 3632 2170 igitur
3656 2097 3767 2152 cir-

2173 2185 2572 2242 cumcisionem
2614 2187 2871 2258 praedico,
2919 2203 3018 2260 pro
3060 2201 3305 2260 quanam
3348 2186 3453 2242 alia
3483 2202 3540 2243 re
3577 2201 3767 2258 persc-

2173 2275 2452 2332 cutionem
2499 2276 2781 2334 sustineo?
2838 2277 3062 2348 planum
3117 2277 3266 2332 enim
3312 2284 3398 2332 est
3442 2275 3593 2348 quod
3640 2276 3768 2348 quia

2175 2362 2380 2434 patrios
2406 2380 2598 2421 eorum
2635 2366 2776 2422 ritus
2813 2367 3030 2434 tollam,
3073 2375 3476 2438 persequuntur
3521 2381 3628 2421 mc.
3671 2365 3769 2422 Sin

2173 2451 2650 2510 circumcisionem
2711 2454 2972 2526 praedico,
3044 2458 3182 2510 ritus
3241 2455 3364 2510 illos
3420 2455 3692 2511 confirmo
3754 2472 3768 2510 :

2175 2555 2344 2612 quare
2409 2542 2570 2614 igitur
2627 2553 3032 2616 persequuntur
3091 2549 3219 2601 me?
3281 2543 3428 2614 Quid
3479 2544 3626 2613 inde,
3680 2543 3773 2599 in-

2175 2630 2404 2702 quiunt?
2446 2648 2635 2690 nonne
2678 2633 3026 2690 circumcidit
3069 2634 3465 2691 Timotheum?
3505 2634 3624 2700 Nae,
3671 2647 3771 2689 ve-

2176 2735 2301 2777 rum
2344 2737 2442 2792 per
2489 2723 2786 2794 quamdam
2836 2723 3322 2795 dispensationem.
3374 2723 3539 2779 Aliud
3585 2732 3773 2778 autem

2177 2808 2260 2856 est
2299 2801 2708 2872 circumcidere,
2751 2803 2898 2860 aliud
2944 2803 3418 2860 circumcisionem
3455 2803 3770 2874 praedicare.

2177 2891 2300 2947 Non
2328 2892 2476 2948 enim
2505 2892 2662 2962 dixit,
2702 2893 2754 2950 Si
2796 2893 3131 2962 circumcidi,
3173 2893 3294 2962 sed,
3329 2917 3354 2941 ι
3391 2894 3446 2949 Si
3478 2893 3772 2949 circumci-

2179 2979 2394 3038 sionem
2443 2981 2704 3056 praedico.
2757 3004 2785 3032 ι
2835 2984 2940 3057 Qui
2987 2985 3138 3040 enim
3184 2982 3472 3055 praedicat,
3513 2983 3674 3040 docet
3721 2981 3776 3038 id

464 3088 688 3146 semper
741 3072 943 3130 debere
991 3073 1142 3142 ﬁeri,
1181 3087 1280 3128 ceu
1318 3086 1442 3127 rem
1490 3069 1817 3142 simpliciter
1857 3069 2065 3124 bonam
2115 3071 2253 3143 :qui
2297 3087 2430 3129 vero
2475 3089 2570 3146 per
2616 3072 3091 3147 dispensationem
3144 3072 3415 3147 quiddam
3463 3071 3622 3142 facit,
3662 3087 3776 3128 non

467 3163 625 3219 veluti
647 3163 970 3236 simpliciter
989 3163 1194 3218 bonum
1217 3161 1323 3216 hoc
1340 3159 1487 3228 facit,
1519 3174 1710 3216 verum
1726 3167 1991 3231 tanquam
2012 3157 2081 3214 ad
2105 3166 2326 3233 tempus
2357 3163 2514 3221 utile.

555 3275 584 3312 α
622 3250 757 3333 Ἀρα
803 3254 1140 3334 κατήργηται
1166 3251 1228 3310 τὸ
1276 3250 1578 3310 σκάνδαλον
1611 3253 1702 3309 τοῦ
1731 3252 1986 3330 σταυροῦ.
2020 3267 2051 3307 η
2089 3252 2134 3316 C

469 3344 535 3403 Εἰ
587 3341 902 3424 περιτομὴν,
949 3342 1101 3424 φησὶ,
1155 3340 1427 3420 κηρύττω,
1475 3338 1750 3398 πέπαυται
1792 3339 1854 3397 τὸ
1902 3337 2063 3398 σκάν-

466 3434 624 3491 δαλον
673 3433 701 3492 ὂ
729 3433 1173 3500 σκανδαλίζσνται
1206 3429 1294 3489 ἐπὶ
1339 3431 1416 3509 τῷ
1447 3431 1660 3508 σταυρῷ
1711 3429 1761 3487 οῖ
1790 3427 2062 3489 Ἰουδαῖοι.

467 3525 550 3584 Δι’
619 3521 764 3582 οὐδὲν
816 3522 920 3602 γὰρ
972 3520 1151 3600 ἕτερον
1213 3518 1654 3586 σκανδαλίζονται
1712 3517 1799 3576 ἐπὶ
1846 3520 1923 3597 τῷ
1972 3521 2065 3577 τοῦ

465 3616 698 3688 σταυροῦ
727 3612 1070 3692 κηρύγματι,
1120 3608 1212 3668 καὶ
1255 3612 1314 3668 οὐ
1358 3607 1760 3687 παραδέχονται
1803 3609 1978 3681 τοῦτο,
2020 3609 2065 3666 εἰ

465 3701 540 3780 μὴ
573 3700 660 3759 διὰ
688 3701 750 3761 τὸ
778 3703 1138 3761 καταλύεσθαι
1181 3700 1280 3770 τὴν
1313 3694 1610 3776 περιτομὴν
1653 3695 1746 3754 καὶ
1775 3694 1864 3754 τὸν
1905 3697 2065 3774 νόμον

465 3791 568 3851 ὑπὸ
628 3789 836 3852 τούτου.
905 3786 1087 3850 ⁶Ωστε
1160 3791 1456 3870 περιτομῆς
1517 3783 1910 3865 κηρυττομένης
1977 3784 2066 3846 ὑπ’

466 3883 628 3958 ἐμοῦ,
678 3884 713 3953 ἡ
759 3879 915 3960 μάχη
955 3882 1058 3939 τῶν
1094 3877 1393 3949 Ἰουδαίων,
1423 3879 1458 3948 ἡ
1506 3874 1636 3955 πρὸς
1679 3872 1770 3934 τὸν
1818 3875 2066 3956 σταυρὸν,

465 3970 558 4028 καὶ
599 3969 659 4028 τὸ
690 3970 987 4030 σκάνδαλον
1035 3967 1064 4028 ὃ
1115 3965 1554 4036 σκανδαλίζονται
1588 3966 1674 4025 ἐπ’
1717 3965 1887 4046 αὐτῷ,
1934 3987 2067 4025 κατ·

465 4058 698 4140 ήργηται
725 4060 818 4120 καὶ
846 4059 1142 4120 πέπαυται.

552 4171 583 4208 ι
638 4145 874 4231 Ὄφελον
941 4149 1034 4206 καὶ
1092 4146 1457 4228 ἀποκόψονται
1522 4149 1573 4208 οἱ
1645 4149 2066 4212 ἀναστατοῦντες

465 4239 623 4316 ὑμᾶς.
669 4258 700 4296 n
753 4240 894 4305 Τοὺς
937 4237 1034 4316 μὲν
1085 4237 1456 4310 ἀπατηθέντας
1500 4237 1754 4309 ἀνοήτους
1814 4235 2064 4296 ἐκάλεσεν

468 4329 523 4385 ἓν
555 4331 722 4409 ἀρχῇ,
755 4327 905 4387 οὐδὲν
935 4326 1055 4388 ἀλλ’
1108 4325 1142 4398 ἢ
1196 4331 1268 4394 ὡς
1295 4327 1482 4386 παισὶν
1530 4326 1842 4399 ἐπιπλήξας·
1873 4332 1980 4392 τοῖς
2011 4325 2065 4382 δὲ

471 4418 848 4491 ἀπατήσασιν,
917 4419 988 4484 ὡς
1037 4415 1232 4474 ἀνίατα
1286 4422 1556 4489 νοσοῦσιν,
1622 4418 1920 4494 ἐπαρᾶται,
1975 4414 2066 4472 καὶ

469 4505 625 4587 λέγει·
660 4507 786 4568 Εἴθε
845 4507 920 4585 μὴ
977 4506 1133 4585 μόνον
1170 4506 1605 4585 περιετέμνοντο,
1652 4505 1793 4562 ἀλλὰ
1841 4503 1931 4562 καὶ
1983 4527 2064 4562 τε·

469 4596 622 4665 λείως
657 4595 962 4658 ἀπέκοπτον
993 4595 1061 4654 τὰ
1091 4599 1293 4654 ἑαυτῶν
1327 4595 1516 4675 μόριαί
1548 4594 1694 4670 ⁶Ορα
1725 4593 1779 4652 δὲ
1807 4593 1898 4653 καὶ
1928 4596 2064 4665 πῶς,

2251 3275 2278 3301 ιι
2320 3255 2466 3326 Ergo
2519 3263 2845 3311 evacuatum
2894 3262 2978 3310 est
3017 3253 3338 3310 scandalum
3377 3252 3580 3309 crucis.
3640 3274 3666 3301 ιι
3721 3254 3758 3310 S

2173 3342 2672 3411 circumcisionem,
2731 3344 2931 3416 inquit,
3004 3343 3323 3415 praedicem,
3383 3342 3547 3399 desiit
3609 3357 3777 3398 scan-

2174 3429 2364 3487 dalum
2397 3448 2506 3503 quo
2537 3432 2718 3490 Judaei
2755 3433 2830 3489 ob
2861 3449 3082 3490 crucem
3111 3432 3650 3490 scandalizabantur.
3691 3432 3778 3489 Ob

2174 3519 2306 3575 nihil
2345 3520 2494 3576 enim
2538 3522 2688 3578 aliud
2727 3521 3088 3578 offenduntur
3121 3522 3300 3579 Judaei
3331 3523 3387 3578 in
3420 3522 3602 3578 crucis
3631 3536 3778 3592 pra!-

2174 3607 2474 3678 dicatione,
2507 3610 2674 3681 357
2696 3625 2879 3682 neque
2901 3627 3021 3666 eam
3046 3610 3337 3682 recipiunt,
3360 3609 3465 3665 nisi
3487 3609 3638 3683 quod
3668 3609 3777 3666 dis-

2174 3698 2349 3754 solvat
2389 3699 2868 3755 circumcisionem
2898 3707 2955 3756 et
2990 3699 3189 3771 legem.
3240 3698 3478 3754 Proinde
3521 3698 3564 3754 si
3610 3714 3640 3753 a
3685 3714 3775 3755 me

2173 3787 2519 3844 circumcisio
2549 3788 2901 3861 praedicatur,
2940 3803 3126 3860 pugna
3156 3787 3482 3844 Iudaeorum
3513 3787 3774 3844 adversus

2174 3892 2417 3946 crucem,
2459 3887 2513 3934 et
2551 3877 2874 3934 scandalum
2921 3893 3031 3950 quo
3069 3875 3508 3934 scandalizantur
3547 3884 3775 3948 propter

2176 3966 2374 4039 ipsam,
2405 3967 2672 4024 abolitum
2701 3975 2785 4023 est
2805 3983 2872 4024 ac
2898 3966 3149 4024 cessavit.

2248 4157 2426 4212 Vsus.
2465 4160 2551 4211 12.
2578 4178 2603 4204 ‹‹
2627 4156 2856 4211 Utinam
2884 4154 3282 4212 abscindantur
3303 4155 3396 4226 qui
3418 4169 3515 4210 vos
3545 4161 3776 4211 contur-

2174 4243 2328 4300 bant.
2365 4269 2390 4294 ιο
2424 4247 2534 4300 Eos
2562 4245 2650 4317 qui
2685 4244 2901 4317 decepti
2932 4243 3168 4314 fuerant,
3195 4245 3395 4300 stultos
3424 4245 3479 4300 in
3506 4243 3772 4317 principio

2175 4335 2410 4402 vocavit,
2436 4335 2575 4390 nihil
2601 4335 2753 4391 aliud
2785 4350 2977 4407 agens,
3003 4350 3173 4408 quam
3199 4333 3346 4407 quod
3378 4335 3544 4392 veluti
3574 4350 3774 4406 pueros

2175 4425 2506 4496 increparet.
2543 4427 2881 4496 lmpostores
2913 4433 3101 4480 autem
3127 4425 3293 4496 ipsos,
3321 4433 3588 4497 tanquam
3616 4425 3771 4479 incu-

2175 4513 2328 4570 rabili
2369 4515 2562 4570 morbo
2603 4513 2874 4582 laborent,
2927 4521 3261 4582 exsecratur,
3309 4528 3374 4569 ac
3418 4512 3555 4569 dicit
3595 4535 3608 4571 :
3644 4514 3772 4570 Uti-

2175 4619 2305 4660 nam
2333 4619 2464 4659 nom
2501 4603 2683 4660 solum
2719 4602 3272 4668 circumciderentur,
3311 4601 3410 4658 sed
3442 4611 3498 4658 et
3529 4601 3776 4659 funditus

480 4708 510 4745 ιι
538 4686 994 4757 Ἀναστατοῦντες,
1025 4707 1054 4743 u
1097 4676 1261 4759 εἶπεν,
1293 4685 1424 4766 ὅπερ
1456 4685 1547 4744 ἐπὶ
1565 4688 1684 4770 ,τῶν
1729 4685 2067 4764 αἰχμαλωτι-

2177 4701 2492 4750 resecarent
2563 4707 2663 4749 sua
2735 4692 3006 4748 membra.
3097 4690 3486 4762 Contemplare
3565 4698 3773 4758 autem,

467 4773 659 4845 ζόντων
695 4774 748 4812 ⁴²
786 4775 1031 4855 λέγομεν.
1087 4773 1192 4835 Καὶ
1237 4773 1343 4853 γὰρ
1389 4764 1483 4832 καὶ
1537 4764 1680 4833 οὗτοι
1722 4773 1819 4846 τὴν
1864 4775 2074 4832 ἐλευθε-

470 4863 588 4945 ρίαν
653 4865 827 4924 αὗτῶν
876 4867 1203 4946 ἀφῃροῦντο,
1253 4862 1347 4923 καὶ
1409 4867 1504 4936 τῆς
1556 4863 1665 4922 ἄνω
1719 4859 2074 4943 Ἰερουσαλὴμ

467 4957 859 5022 ἕπανιστῶντες
904 4954 979 5028 ⁸³,
1011 4955 1082 5021 ὥς
1111 4952 1449 5028 μετανάστας
1491 4952 1623 5034 πρὸς
1658 4951 1746 5012 τὸν
1776 4951 1937 5029 νόμον
1981 4951 2074 5010 καὶ

464 5042 565 5116 τὴν
630 5043 929 5115 Ἰουδαϊκὴν
1000 5043 1345 5123 μικρολογίαν
1412 5043 1698 5118 μεθίστων.
1757 5041 2074 5118 Σημείωσαι

469 5131 525 5192 δὲ
579 5133 719 5194 κατὰ
767 5136 872 5193 τῶν
937 5133 1352 5193 ἀποκοπτόντων
1400 5131 1646 5206 ἑαυτοὺς,
1697 5130 1778 5191 ὅτι
1828 5131 1926 5203 τὴν
1977 5135 2070 5190 τοῦ

467 5221 793 5284 Ἀποστόλου
822 5222 1060 5304 κατάραν
1094 5226 1174 5306 ἐφ’
1215 5221 1433 5290 ἑαυτοὺς
1463 5223 1816 5282 ἐπισπῶνται.

554 5429 580 5458 ι
612 5402 801 5485 ’Υμεῖς
828 5404 930 5486 γὰρ
962 5405 1016 5464 ἔν
1064 5404 1334 5486 ἐλευθερία
1365 5402 1646 5477 ἐκλήθητε,
1695 5402 1935 5486 ἀδελφοὶ,
1970 5401 2072 5482 μό-

473 5491 563 5556 νον
599 5493 676 5573 μὴ
718 5494 814 5568 τὴν
850 5493 1148 5577 ἐλευθερίαν
1181 5497 1253 5565 εἷς
1292 5493 1538 5577 ἀφορμὴν
1667 5493 1846 5576 σαρκί.
1876 5520 1901 5548 ι
1951 5494 2074 5574 Οὐχ

2183 4781 2467 4854 quomodo
2499 4781 2724 4850 dixerit,
2770 4780 3197 4848 Ἀναστατοῦντες,
3227 4779 3377 4852 quod
3415 4779 3485 4836 de
3528 4779 3777 4852 captivos

2181 4871 2508 4928 ducentibus
2543 4871 2988 4928 dicimus..Nam
3026 4879 3083 4926 et
3118 4869 3210 4926 isti
3239 4869 3557 4926 libertatem
3585 4883 3778 4926 eorum

2181 4960 2522 5033 auferebant,
2553 4970 2609 5018 et
2631 4977 2662 5018 a
2691 4961 2944 5034 supernis
2970 4957 3374 5034 Hierosolymis
3415 4974 3512 5016 eos
3536 4957 3776 5014 transfe-

2179 5059 2387 5122 rentes,
2412 5066 2514 5108 ceu
2547 5051 2768 5108 exsules
2792 5059 2846 5107 et
2869 5049 3156 5123 profugos,
3178 5048 3245 5105 ad
3271 5049 3449 5121 legem
3467 5046 3782 5104 Judaicam-

2180 5155 2287 5213 que
2325 5141 2588 5198 vilitatem
2629 5139 3047 5197 transferebant.
3082 5139 3324 5196 Observa
3358 5145 3550 5193 autem
3586 5145 3781 5194 contra

2181 5230 2563 5287 abscindentes
2597 5230 2825 5302 seipsos,
2877 5227 3025 5301 quod
3057 5226 3308 5300 Apostoli
3350 5226 3783 5284 exsecrationem

2182 5320 2253 5377 ad
2289 5335 2410 5378 sese
2438 5319 2743 5377 attraham.

2253 5413 2443 5468 Vnus.
2479 5417 2569 5466 13.
2613 5429 2642 5463 ‹‹
2671 5412 2786 5467 Vos
2813 5407 2962 5465 enim
3002 5408 3062 5464 in
3109 5406 3361 5464 libertate
3406 5405 3587 5463 vocati
3627 5406 3779 5475 estis,

2180 5498 2400 5569 fratres,
2426 5507 2642 5558 tantum
2664 5516 2732 5556 ne
2753 5500 3063 5556 libertatem
3089 5498 3143 5554 in
3168 5496 3518 5553 occasionem
3548 5496 3722 5552 carni.
3754 5519 3779 5546 ιο

1876 5627 2070 5688 Variae
2116 5627 2416 5688 lectiones.

545 5749 588 5784 “
615 5746 962 5805 ἀποϐαλέσθαι
992 5764 1046 5806 o.
1127 5749 1169 5785 ¹²
1197 5747 1539 5821 αἰχμαλώτων
1568 5764 1620 5806 o.
1702 5746 1746 5784 ¹⁸
1775 5746 1842 5804 fc.
1874 5751 2266 5820 μετανιστῶντες
2295 5761 2347 5801 ο.
