4124 6396
377 389 508 445 1015

1437 390 1952 447 THEOPHYLACTI
1990 388 2348 447 BULGARlA-I
2383 386 2700 445 ARCHIEP.

3531 385 3670 441 1016

372 515 519 581 Non,
566 511 766 586 inquit,
819 520 884 571 ut
926 512 1231 571 serviamus
1280 514 1409 587 legi,
1461 517 1638 573 vocati
1686 532 1884 573 sumus
1933 533 1963 573 a

2074 515 2187 590 ἵνα,
2232 514 2383 596 φησὶ,
2413 512 2745 591 δουλεόωμεν
2775 514 2853 593 τῷ
2901 510 3073 592 νόμῳ,
3117 509 3416 588 ἓκλήθημεν
3444 508 3549 570 ὕπὸ
3577 512 3669 570 τοῦ

369 601 609 670 Christo,
638 611 903 660 caeterum
933 612 995 660 ut
1024 603 1177 660 liberi
1206 604 1381 661 simus
1408 621 1439 661 a
1462 605 1599 679 jugo
1632 606 1825 678 legalis
1850 622 1965 663 ser-

372 690 575 748 vitutis.
619 692 836 750 Deinde
877 708 948 750 ne
984 694 1295 765 SUSpicetnr
1325 695 1620 767 quispiam,
1652 696 1803 768 quod
1829 704 1966 768 quo-

371 781 529 837 niam
564 782 718 838 liberi
748 799 965 852 sumus,
1012 782 1167 839 liceat
1206 782 1367 839 nobis
1410 784 1467 839 in
1501 793 1784 857 posterum
1813 800 1972 857 agere

369 885 493 941 quae
509 871 865 939 voluerimus,
879 872 1105 945 corrigit
1118 873 1244 941 hoc,
1262 872 1538 945 inquiens:
1564 877 1645 931 Ne
1665 873 1971 930 habeamus

384 981 411 1008 ι
454 961 789 1018 Libertatem
811 962 864 1016 in
896 962 1242 1018 occasionem
1271 961 1445 1029 carni,
1473 986 1495 1011 ιο
1526 963 1631 1019 hoc
1656 972 1758 1032 est,
1789 980 1971 1019 carna-

376 1049 521 1105 libus
540 1050 947 1122 cupiditatibus.
966 1054 1089 1107 Non
1110 1052 1258 1108 enim
1288 1060 1575 1124 propterea
1598 1053 1762 1110 soluti
1777 1069 1970 1109 sumus

372 1153 401 1194 a
428 1137 566 1211 jugo
599 1140 752 1209 legis,
785 1148 847 1196 ut
892 1140 1323 1213 prmcipitemur,
1356 1157 1547 1198 verum
1587 1151 1650 1198 ut
1692 1143 1811 1198 sine
1830 1142 1969 1215 jngo

369 1229 621 1299 apposite
658 1228 1001 1298 iuccdamus,
1049 1231 1193 1285 velut
1215 1230 1330 1302 jam
1364 1230 1530 1303 probe
1560 1232 1811 1288 instituti.
1844 1236 1970 1289 Non

372 1317 520 1373 enim
550 1326 612 1373 ut
635 1319 1101 1391 transgrediamur
1132 1321 1332 1390 legem,
1362 1329 1675 1392 propterea,
1702 1321 1855 1377 liberi
1878 1338 1968 1378 su-

372 1421 517 1475 mus,
553 1422 740 1464 verum
772 1417 832 1464 ut
869 1424 1192 1481 superemus
1218 1408 1380 1465 etiam
1409 1411 1608 1482 legem.

372 1628 397 1647 ι
448 1618 473 1644 «ι
516 1594 625 1652 Sed
673 1611 770 1667 per
818 1595 1145 1653 cliaritatem
1190 1597 1393 1653 servite
1439 1596 1592 1653 vobis
1636 1596 1892 1655 invicem.
1942 1620 1968 1647 υ

373 1684 602 1741 Sublato
644 1685 777 1757 legis
806 1685 964 1758 jngo,
1005 1685 1176 1754 aliud,
1220 1685 1512 1743 eharitatis
1552 1687 1842 1757 nimirum,
1881 1687 1969 1759 ju-

2071 608 2331 685 Χριστοῦο
2391 606 2513 665 ἀλλ’
2563 602 2653 662 ἵνα
2704 602 3158 685 ἐλευθεριάσωμεν
3210 602 3321 662 ἀπὸ
3367 605 3463 660 τοῦ
3515 602 3670 680 ζυγοῦ

2067 682 2164 766 τ”ής
2190 700 2414 773 νομικῆς
2454 693 2711 762 δουλείας.
2763 682 2923 765 Εἶτα,
2957 689 3047 751 ἵνα
3100 689 3175 768 μὴ
3213 690 3524 770 ὑποπτεύσῃ
3560 712 3665 764 τις,

2069 784 2153 845 ὅτι
2187 783 2368 855 ἐπειδὴ
2402 782 2850 863 ἐλευθεριάζομεν,
2880 780 3079 850 ἔξεστιν
3111 782 3239 859 ἡμῖν
3279 779 3463 840 λοιπὸν
3490 781 3671 849 πράτ-

2070 897 2178 933 τειν
2231 872 2265 931 ἃ
2298 872 2619 953 βουλόμεθα,
2669 872 2968 953 διορθοῦται
2999 875 3172 945 τοῦτο,
3219 869 3312 929 καί
3348 892 3532 951 φησιν,
3585 869 3669 928 ὅτι

2073 990 2096 1016 α
2130 961 2224 1033 Μὴ
2273 961 2370 1033 τὴν
2423 960 2721 1043 ἐλευθερίαν
2779 990 2802 1013 ο
2855 960 3065 1041 ἔχωμεν
3106 988 3129 1012 ι
3186 962 3259 1028 εἷς
3299 959 3548 1041 ἀφορμὴν
3601 964 3668 1040 τῇ

2073 1052 2256 1132 σαρκὶ,
2310 1075 2338 1109 ε
2392 1050 2668 1127 τουτέστι,
2701 1053 2818 1118 ταῖς
2870 1058 3149 1128 σαρκικαῖς
3202 1048 3523 1124 ἐπιθυμίαις.
3585 1051 3668 1107 Οὐ

2072 1141 2177 1223 γὰρ
2231 1141 2317 1201 ἐπὶ
2357 1142 2528 1222 τούτῳ
2578 1140 2836 1217 ἐλόθημεν
2875 1145 2965 1198 τοῦ
3008 1143 3165 1216 ζυγοῦ
3214 1143 3304 1198 τοῦ
3351 1138 3537 1217 νόμου,
3580 1138 3668 1197 ἵνα

2076 1233 2651 1311 κατακρημνισθῶμεν,
2685 1232 2803 1287 ἀλλ’
2835 1227 2925 1288 ἵνα
2956 1228 3048 1288 καὶ
3091 1230 3254 1308 χωρὶς
3281 1231 3437 1306 ζυγοῦ
3475 1226 3669 1307 βαίνω-

2079 1344 2173 1397 μεν
2208 1320 2466 1401 εὔρυθμα,
2517 1324 2587 1385 ὡς
2633 1319 2740 1392 ἤδη
2781 1323 2958 1385 καλῶς
3009 1318 3387 1384 παιδευθέντες.
3439 1318 3524 1378 Οὐ
3565 1317 3670 1397 γὰρ

2073 1409 2163 1469 ἵνα
2192 1409 2615 1491 παραβαίνωμεν
2664 1410 2731 1470 τὰ
2761 1414 2852 1468 τοῦ
2890 1408 3078 1486 νόμου,
3128 1408 3215 1467 διὰ
3263 1414 3414 1468 τοῦτο
3458 1407 3670 1467 ἐλευθε-

2077 1500 2353 1582 ριάζομεν,
2385 1500 2503 1558 ἀλλ’
2531 1497 2619 1557 ἵνα
2651 1498 3055 1577 ὑπερϐαίνωμεν
3086 1498 3179 1557 καὶ
3206 1496 3295 1556 τὸν
3325 1495 3505 1572 νόμον.

2166 1611 2197 1649 ι(
2238 1588 2399 1650 Ἀλλὰ
2445 1588 2533 1647 διὰ
2582 1594 2675 1660 τ’ἧς
2723 1590 2935 1667 ἀγάπης
2990 1587 3259 1647 δουλεύετε
3307 1587 3575 1656 ἀλλήλοις.
3637 1612 3662 1639 ι

2077 1678 2300 1752 Ἐπειδὴ
2348 1680 2521 1738 ἀνεῖλε
2568 1678 2657 1736 τὸν
2692 1678 2844 1756 ζυγὸν
2886 1683 2979 1737 τοῦ
3036 1677 3223 1753 νόμου,
3277 1675 3452 1756 ἕτερον
3503 1676 3672 1737 ἐπιτί-

370 1790 502 1844 gum
533 1774 788 1846 imponit,
819 1775 968 1846 quod
996 1784 1049 1831 et
1085 1775 1255 1831 levius
1281 1785 1341 1832 et
1372 1775 1564 1833 fortius
1601 1785 1684 1833 est
1714 1777 1827 1833 illo.
1864 1778 1958 1832 Iu-

2078 1773 2202 1840 θησι
2253 1767 2428 1846 ζυγὸν,
2481 1767 2573 1827 τὸν
2622 1771 2718 1838 τῆς
2777 1768 3012 1844 ἀγάπης,
3074 1765 3424 1847 ἐλαφρότερόν
3466 1788 3526 1824 τε
3576 1764 3671 1824 καὶ

2080 1861 2094 1873 .
2250 1858 2263 1873 ,
2474 1860 2488 1873 .
2561 1855 2574 1873 ι
2752 1862 2764 1873 .
2790 1860 2804 1873 .
2844 1855 2858 1873 ο
3100 1855 3143 1873 μ
3203 1854 3228 1873 ρ.
3338 1857 3354 1873 .
3405 1853 3419 1873 ι
3526 1855 3547 1873 κ

369 1863 516 1918 dicat
560 1872 744 1919 autem
792 1864 1045 1932 latenter,
1094 1865 1244 1937 quod
1289 1865 1612 1922 dominatus
1658 1865 1961 1938 cupiditarc

368 1953 606 2021 accensi,
647 1952 716 2008 ad
752 1969 849 2010 eos
892 1952 1240 2025 impudenter
1277 1954 1574 2026 irruperint
1620 1954 1960 2028 deceptores.

369 2043 505 2098 Haec
531 2042 682 2099 enim
711 2051 796 2098 est
820 2041 1120 2100 haereseum
1148 2051 1342 2099 mater.
1367 2044 1640 2113 Quoniam
1664 2044 1833 2115 igitur
1852 2061 1965 2100 am-

368 2130 509 2188 bitio
538 2147 633 2189 vos
661 2131 903 2200 discidit,
940 2155 964 2181 σι
996 2134 1104 2188 Per
1137 2132 1468 2190 charitatem
1497 2134 1634 2189 alter
1661 2134 1813 2189 alteri
1841 2148 1963 2189 ser-

371 2219 499 2289 vitc,
533 2243 559 2268 -
593 2220 869 2277 intonsam
902 2230 958 2277 et
988 2221 1371 2277 vehementem
1400 2220 1726 2279 charitatem
1755 2222 1964 2295 signiﬁ-

368 2324 501 2365 cans
518 2326 613 2381 per
631 2309 738 2367 hoc
758 2309 1009 2379 verbum,
1037 2333 1060 2358 α
1089 2311 1308 2367 Servite.
1334 2335 1359 2361 υ
1386 2310 1468 2367 Ad
1491 2313 1759 2369 moralem
1779 2321 1963 2368 autem

366 2414 683 2455 sermonem
726 2415 1040 2468 conversus,
1085 2400 1292 2456 indicat
1330 2400 1561 2457 modum
1601 2408 1654 2457 et
1691 2402 1962 2458 rationem

368 2504 476 2560 qua
508 2487 655 2545 istud
684 2486 826 2546 efﬁci
857 2499 1040 2562 queat,
1076 2497 1136 2545 ut
1172 2506 1281 2545 non
1314 2490 1627 2548 carnalibus
1653 2490 1963 2563 culiiditati-

366 2577 470 2633 bus
499 2578 817 2635 inserviant.

438 2669 614 2724 Vens.
648 2674 730 2723 14.
759 2690 783 2715 οι
811 2669 1009 2724 Omnis
1028 2669 1177 2725 enim
1206 2670 1286 2725 lex
1309 2670 1360 2724 iu
1391 2686 1504 2726 uno
1532 2685 1789 2727 sermone
1810 2686 1961 2726 com-

367 2756 567 2829 pletur,
598 2773 819 2829 nempe,
860 2758 1066 2829 Diliges
1109 2759 1419 2830 proximum
1459 2768 1615 2815 tuum
1645 2760 1789 2816 sicut
1816 2761 1961 2831 teip-

365 2861 489 2901 sum
527 2856 568 2901 ο.
616 2870 640 2894 ι»
681 2846 736 2901 Si
776 2847 1023 2913 omnino,
1060 2847 1261 2919 inquit,
1301 2848 1533 2919 implere
1558 2848 1724 2905 vultis
1763 2849 1959 2919 legem,

363 2949 475 2990 non
502 2950 598 3006 per
624 2935 1118 3001 circumcisionem,
1147 2936 1245 2993 sed
1276 2952 1373 3007 per
1400 2936 1752 2993 dilectionem
1783 2937 1962 2993 adim-

366 3028 509 3093 plete
555 3041 570 3078 :
621 3039 750 3079 nam
792 3024 909 3080 hmo
955 3025 1087 3096 legis
1128 3034 1212 3081 est
1258 3025 1524 3098 impletio.
1575 3025 1962 3082 Animadverte

365 3120 548 3170 autem
595 3114 882 3186 quomodo
930 3113 999 3170 ad
1044 3114 1307 3169 moralem
1355 3130 1667 3171 sermonem
1713 3131 1965 3187 egressus

2080 1858 2414 1938 ἰσχυρότερον
2466 1855 2682 1917 ἐκείνου.
2735 1855 3040 1916 Αἰνίττεται
3095 1855 3150 1915 δὲ
3196 1854 3278 1915 ὅτι
3324 1853 3432 1913 ἀπὸ
3469 1855 3666 1936 φιλαρ-

2070 1950 2193 2027 χίας
2268 1945 2710 2023 ἐπεισεκώμασαν
2764 1948 2941 2011 αὐτοῖς
2990 1948 3038 2004 οἱ
3080 1945 3291 2027 ⁸πλοίνοι
3322 1967 3336 1981 ·
3369 1942 3506 2015 αὕτη
3559 1943 3668 2024 γὰρ

2069 2023 2175 2095 τῶν
2233 2037 2484 2116 αἱρέσεων
2547 2034 2748 2112 μήτηρ.
2827 2033 2984 2095 Ἐπεὶ
3050 2023 3140 2093 οὖν
3212 2031 3470 2114 φιλαρχία
3530 2023 3671 2109 tua};

2071 2125 2277 2204 ἔσχισε,
2311 2151 2336 2178 α
2371 2124 2457 2183 διὰ
2489 2129 2580 2195 τῆς
2614 2124 2826 2199 ἀγάπης
2869 2122 3143 2183 δουλεύετε
3180 2123 3447 2196 ἀλλήλοις·
3496 2148 3524 2177 ι
3571 2122 3671 2195 τὴν

2070 2213 2456 2291 ἐπιτεταμένην
2505 2212 2755 2285 δηλώσας
2809 2213 3025 2293 ἀγάπην
3069 2213 3157 2272 διὰ
3205 2216 3388 2287 τοῦτο,
3462 2232 3491 2271 ι
3535 2215 3673 2273 Δου-

2069 2303 2268 2365 λεόετε.
2314 2330 2340 2357 ι
2402 2305 2494 2371 El;
2541 2303 2631 2362 τὸν
2679 2302 2863 2375 ἠθικὸν
2896 2302 2953 2361 δὲ
3004 2303 3187 2363 λοιπὸν
3235 2301 3391 2381 λόγον
3432 2301 3669 2383 τραπεὶς,

2070 2391 2301 2453 δείκνυσι
2348 2391 2541 2473 τρόπον
2588 2394 2658 2451 δι’
2711 2385 2773 2451 οὗ
2826 2391 2889 2451 ἂν
2921 2392 3277 2473 κατορθωθείη
3320 2390 3380 2451 τὸ
3424 2390 3502 2469 μὴ
3551 2398 3675 2459 ταῖς

2071 2490 2349 2562 σαρκικαῖς
2380 2481 2682 2559 ἐπιθυμίαις
2713 2482 3003 2543 δουλεύειν.

2160 2683 2190 2720 ιι
2217 2661 2287 2723 Ὀ
2334 2661 2436 2742 γὰρ
2488 2670 2592 2729 πᾶς
2633 2663 2792 2740 νόμος
2823 2661 2899 2721 ἐνὶ
2944 2660 3087 2742 λόγῳ
3116 2664 3436 2742 πληροῦται,
3466 2664 3521 2721 ἒν
3569 2664 3670 2742 τῷ,

2069 2750 2393 2830 Ἀγαπήσεις
2432 2752 2520 2810 τὸν
2572 2752 2800 2823 πλησίον
2852 2775 2945 2812 σου
2979 2755 3061 2817 ὡς,
3093 2750 3305 2812 ἑαυτόν.
3345 2777 3370 2805 ι
3406 2752 3476 2812 Εἰ
3508 2750 3669 2825 ὅλως,

2069 2840 2224 2920 φησὶ,
2270 2842 2511 2919 πληροῦν
2543 2843 2717 2901 θέλετε
2766 2840 2857 2901 τὸν
2886 2840 3070 2916 νόμον,
3120 2839 3196 2917 μὴ
3243 2839 3297 2898 ὲν
3345 2841 3422 2920 τῷ
3451 2840 3670 2921 περιτέ-

2070 2934 2313 3006 μνεσθαι,
2351 2931 2471 2988 ἀλλ’
2504 2931 2558 2988 ἓν
2718 2929 2905 3007 ἀγάπῃ
2939 2933 3224 3010 πληροῦτε
3268 2928 3403 3003 αὕτη
3445 2927 3549 3009 γὰρ
3578 2934 3671 2989 τοῦ

2068 3018 2234 3094 νόμου
2283 3019 2575 3097 πλήρωμα.
2629 3014 2780 3097 "Ope:
2826 3017 2900 3091 δὲ,
2952 3024 3065 3086 πῶς
3112 3018 3203 3078 καὶ
3236 3020 3309 3086 εἰς
3357 3018 3448 3078 τὸν
3488 3017 3671 3091 ἠθικὸν

2068 3107 2222 3183 λόγον
2264 3106 2538 3176 διεξελθὼν
2572 3107 2647 3181 Η,
2700 3111 2796 3167 οὖκ
2824 3109 3232 3168 ἐπιλανθάνεται
3273 3113 3366 3167 τοῦ
3407 3108 3665 3188 δογματι-

364 3218 477 3258 non
511 3202 854 3259 obliviscitur
882 3202 1208 3271 dogmatici,
1243 3202 1413 3275 358
1440 3202 1577 3260 adeo
1608 3205 1959 3261 vehementer

2071 3202 2184 3272 κοῦ,
2217 3196 2354 3257 οὕτω
2386 3198 2586 3278 σφόδρα
2616 3197 2854 3258 ὠδυνᾶτο
2893 3200 2973 3278 ἐφ’
3006 3190 3048 3278 ᾧ
3079 3197 3478 3271 ἐπλανήθησαν.

365 3290 589 3348 dolebat
616 3292 763 3363 quod
796 3292 1001 3347 seducti
1032 3303 1235 3349 essent.

436 3380 619 3437 Vsus.
657 3385 740 3437 l5.
769 3404 793 3428 σι
821 3381 978 3449 Quod
1000 3381 1046 3436 si
1070 3382 1299 3438 invicem
1317 3383 1577 3439 mor-detis
1598 3382 1959 3454 etdevoratis,

367 3470 544 3526 videte
590 3486 661 3526 ne
712 3471 954 3526 vicissim
1004 3472 1138 3528 alius
1183 3473 1253 3527 ab
1302 3474 1407 3528 alio
1453 3474 1875 3529 consumamini.
1930 3497 1957 3523 υ

366 3560 527 3629 Quod
560 3560 712 3617 novit
739 3576 921 3616 revera
952 3561 1278 3635 contigisse,
1308 3562 1564 3636 ambigue
1595 3564 1766 3635 ponit,
1799 3573 1962 3636 atque

363 3648 556 3706 itidem
588 3649 642 3705 id
672 3648 823 3721 quod
857 3651 1124 3722 sequitur,
1159 3673 1183 3701 ι
1228 3654 1310 3708 Ne
1350 3652 1494 3710 alter
1520 3655 1592 3709 ab
1619 3653 1791 3710 altero
1828 3668 1964 3710 con-

363 3739 686 3796 sumamini.
715 3762 741 3788 ι›
771 3741 1069 3797 Metuentis
1090 3740 1236 3798 enim
1262 3741 1368 3798 hoc
1394 3750 1500 3814 est,
1527 3751 1583 3798 et
1609 3743 1960 3815 stabilientis,

364 3841 475 3884 non
494 3828 940 3887 condemnantis.
970 3832 1094 3887 Non
1114 3838 1334 3888 tantum
1354 3840 1540 3888 autem
1561 3832 1723 3890 dixit.
1758 3853 1787 3887 «
1814 3837 1964 3892 Illor-

364 3916 507 3973 detis
540 3941 563 3966 ιο
589 3917 757 3991 (quod
779 3926 863 3974 est
890 3935 953 3975 ex
977 3919 1393 3992 indignatione),
1424 3920 1543 3990 sed,
1575 3943 1599 3974 ι
1620 3924 1910 3981 Devoratis
1933 3948 1960 3974 ι»

363 4006 550 4075 etiam,
566 4007 718 4080 quod
745 4016 828 4064 est
850 4017 1113 4065 extremae
1132 4008 1449 4067 ferocitatis.
1473 4013 1608 4068 Haze
1621 4020 1804 4069 autem
1826 4022 1882 4070 et
1896 4014 1966 4071 de

364 4096 638 4168 corruptis
680 4096 1036 4169 dogmatibus
1072 4096 1214 4153 dicit
1256 4116 1271 4154 :
1322 4099 1645 4173 intelligitur
1693 4103 1857 4159 etiam
1894 4102 1964 4160 de

365 4184 573 4241 mutuis
603 4185 838 4252 insidiis,
879 4186 1089 4257 rapinis
1118 4196 1175 4242 et
1204 4187 1787 4250 circumventionihus.
1820 4193 1964 4264 Quia

365 4289 497 4330 vero
528 4274 641 4330 vim
686 4271 956 4329 facientes
991 4290 1057 4329 ac
1084 4273 1275 4332 dolum
1321 4277 1671 4348 meditantes,
1709 4283 1966 4339 videntur

366 4363 524 4420 allios
549 4377 880 4418 consumere
913 4380 927 4418 :
957 4362 1175 4432 Videte,
1204 4364 1402 4438 inquit,
1434 4383 1505 4424 ne
1534 4368 1590 4424 in
1617 4385 1711 4427 vos
1741 4387 1829 4427 res
1863 4370 1961 4427 ista

367 4458 744 4509 convertatur.

438 4543 619 4599 Vens.
667 4544 753 4597 ιϐ.
798 4564 823 4590 α
858 4541 995 4598 Dico
1024 4551 1231 4616 autem,
1271 4545 1476 4617 Spiritu
1508 4545 1883 4617 obamliulate,
1915 4558 1971 4607 et
1997 4542 2042 4603 Ι)

366 4629 633 4688 desideria
662 4630 847 4687 carnis
888 4647 998 4687 nou
1029 4634 1343 4704 perﬁcietis.
1377 4654 1406 4689 ››
1443 4635 1585 4708 Quia
1615 4637 1868 4695 mordere.
1901 4656 1963 4695 ac

365 4719 629 4776 devorare
665 4720 737 4776 ad
765 4720 1214 4793 absumptionem
1253 4740 1474 4797 vergere
1502 4727 1735 4796 dixerat,
1781 4744 1960 4786 reme-

364 4809 518 4868 dium
533 4810 652 4882 jam
677 4826 822 4866 nunc
846 4810 1011 4884 hujus
1038 4811 1221 4878 affert,
1245 4815 1393 4887 quod
1419 4823 1473 4874 et
1492 4818 1815 4875 eharitatem
1835 4836 1967 4876 cou-

363 4907 566 4968 servat,
594 4908 651 4956 ct
668 4900 741 4956 ab
770 4899 884 4972 ipsa
912 4913 1289 4972 conservatur,
1314 4906 1545 4975 scilicet,
1571 4916 1631 4964 ut
1654 4908 1965 4979 spirituales

364 4990 498 5047 sint.
538 4990 592 5047 Si
637 4989 788 5046 enim
827 4989 1142 5062 spirituales
1169 5009 1381 5063 sumus,
1426 4995 1706 5068 diligimus
1744 4997 1965 5055 ferven-

362 5078 473 5135 tius
506 5097 523 5136 :
552 5086 608 5135 et
642 5078 689 5134 si
716 5077 1017 5152 diligimus,
1046 5083 1359 5154 spirituales
1387 5085 1684 5155 efﬁcimur,
1715 5103 1778 5143 ac
1804 5088 1962 5145 deiu-

364 5185 493 5242 ceps
516 5171 792 5226 carnalem
821 5172 1325 5243 concupiscentiam
1356 5175 1510 5233 haud
1538 5178 1870 5250 perlicimus.

436 5261 615 5316 Vens.
673 5264 758 5316 t7.
817 5283 841 5309 ι
895 5262 1039 5319 Caro
1098 5264 1243 5319 enim
1305 5267 1641 5338 concupiscit
1701 5267 1965 5325 adversus

362 5349 641 5422 spiritum,
706 5349 928 5423 spiritus
992 5366 1123 5410 vero
1192 5352 1456 5413 adversus
1525 5374 1768 5415 carnem.
1829 5360 1967 5415 Hice

432 5517 455 5545 °
496 5508 695 5567 Matth.
729 5524 793 5579 ν,
824 5518 914 5569 43.

2159 3401 2189 3437 α
2235 3381 2303 3440 Εἰ
2333 3376 2387 3437 δὲ
2421 3378 2680 3452 ἀλλήλους
2705 3379 2920 3439 δάκνετε
2954 3377 3047 3439 καὶ
3073 3377 3407 3457 κατεσθίετε,
3442 3376 3670 3459 βλέπετε

2072 3467 2147 3545 μὴ
2180 3468 2267 3527 ὑπ’
2297 3469 2546 3540 ἀλλήλων
2590 3471 2918 3542 ἀναλωθῆτε.
2950 3491 2981 3527 ι)
3019 3465 3205 3548 Ὅπερ
3238 3459 3347 3528 οἶδε
3394 3467 3667 3548 γινόμενον

2071 3560 2299 3632 ἀληθῶς,
2353 3562 2425 3625 ὡς
2485 3557 2837 3639 ἀμφιϐάλλων
2903 3558 3103 3634 τίθησι,
3156 3557 3249 3617 καὶ
3301 3557 3362 3617 τὸ
3432 3556 3550 3629 ἑξῆς
3613 3557 3669 3617 δὲ

2069 3646 2285 3725 ὁμοίως,
2336 3670 2365 3707 ιι
2399 3647 2495 3719 Μὴ
2536 3648 2625 3708 ὑπ’
2664 3650 2911 3720 ἀλλήλων
2959 3650 3288 3719 ἀναλωθῆτε·
3318 3667 3348 3705 »
3388 3646 3672 3729 φοϐοῦντες

2070 3737 2174 3817 γὰρ
2207 3740 2320 3796 ἐστι
2357 3742 2511 3819 τοῦτο
2552 3737 2644 3796 καὶ
2688 3737 3132 3819 ἀσφαλιζομίνου,
3179 3737 3239 3795 οὗ
3282 3734 3665 3804 καταδικάζον-

2070 3848 2177 3893 τος.
2210 3828 2329 3885 Οὐκ
2361 3817 2475 3887 εἷπε
2512 3827 2592 3903 δὲ,
2631 3850 2657 3882 α
2693 3817 2951 3898 Δάκνετε,
2995 3848 3027 3885 n
3066 3827 3224 3903 μόνον
3256 3822 3408 3905 (ὅπερ
3433 3825 3545 3885 ἐστὶ
3572 3831 3671 3886 θυ-

2072 3917 2215 3993 μοῦ),
2242 3914 2383 3975 ἀλλὰ
2414 3916 2529 3991 καὶ,
2565 3942 2584 3967 ι
2617 3916 2959 3989 Κατεσθίετε,
2989 3944 3012 3969 ιε
3047 3914 3074 3974 ὃ
3104 3914 3383 3997 θηριωδίας
3407 3915 3635 3996 ἰσάχτης
3655 3959 3668 3972 .

2072 4006 2263 4065 Ταῦτα
2318 4003 2372 4065 δὲ
2443 4005 2584 4082 λέγει
2636 4004 2731 4080 μὲν
2790 4005 2881 4063 καὶ
2928 4006 3051 4085 περὶ
3099 4010 3205 4065 τῶν
3275 4004 3668 4085 διεφθαρμένων

2074 4093 2373 4172 δογμάτων
2401 4093 2598 4152 νοεῖται
2630 4093 2685 4153 δὲ
2717 4094 2807 4152 καὶ
2839 4093 2959 4174 περὶ
3003 4098 3108 4152 τῶν
3138 4097 3213 4161 εἰς
3250 4092 3512 4164 ἀλλήλους
3554 4095 3671 4152 ἐπι-

2073 4181 2303 4255 ϐουλῶν,
2358 4182 2450 4240 καὶ
2496 4182 2779 4262 ἁρπαγῶν,
2833 4183 2926 4242 καὶ
2969 4182 3302 4251 πλεονεξιῶν.
3337 4181 3557 4255 Ἐπειδὴ
3613 4181 3670 4241 δὲ

2072 4270 2164 4331 καὶ
2194 4274 2242 4330 οἱ
2279 4273 2582 4338 ἀδικοῦντες
2620 4272 2711 4331 καὶ
2744 4272 3178 4342 ἐπιϐουλεύοντες
3208 4273 3448 4332 δοκοῦσιν
3479 4272 3669 4339 ἄλλους

2073 4360 2397 4434 ἀναλίσκειν,
2431 4361 2577 4443 φησί·
2618 4364 2900 4439 Σκοπεῐτε,
2943 4363 3018 4440 μὴ
3059 4363 3130 4431 εἰς
3162 4364 3301 4439 ὑμᾶς
3333 4360 3397 4421 τὸ
3443 4369 3668 4443 πρᾶγμα

2073 4456 2396 4533 περιτροπῇ.

2158 4569 2183 4593 ι
2228 4541 2388 4620 Λέγω
2433 4542 2508 4616 δὲ,
2545 4541 2826 4621 Πνεύματι
2854 4549 3223 4622 περιπατεῖτε,
3259 4540 3351 4600 καὶ
3379 4540 3664 4618 ἐπιθυμίαν

2072 4632 2264 4712 σαρκὸς
2305 4632 2365 4689 οὗ
2395 4637 2471 4710 μή
2499 4632 2769 4706 τελέσητε.
2806 4633 3027 4703 Ἐπειδὴ
3064 4623 3214 4692 εἶπεν
3257 4631 3338 4691 ὅτι
3369 4631 3430 4690 τὸ
3457 4629 3669 4690 δάκνειν

2074 4723 2169 4783 καὶ
2214 4721 2510 4782 κατεσθίειν
2541 4722 2869 4782 ἀναλωτικόν
2917 4723 3050 4797 ἐστι,
3098 4722 3242 4800 λέγει
3288 4719 3380 4779 καὶ
3423 4717 3488 4780 τὸ
3524 4720 3670 4801 φάρ-

2072 4834 2248 4889 μακον
2288 4809 2495 4884 τούτου,
2524 4811 2553 4870 ὃ
2579 4813 2668 4870 καὶ
2698 4812 2795 4883 τὴν
2845 4810 3059 4886 ἀγάπην
3093 4817 3357 4889 συντηρεῖ,
3400 4807 3492 4868 καὶ
3542 4831 3673 4867 συν-

2071 4909 2311 4980 τηρεῖται
2345 4904 2435 4959 ὑπ’
2462 4902 2652 4980 αὐτῆς,
2684 4900 2826 4980 λέγω
2866 4901 2954 4971 δὴ,
3002 4901 3062 4960 τὸ
3091 4896 3486 4976 πνευματικοὺς
3516 4889 3667 4957 εἶναι.

2074 4990 2208 5051 Ἐὰν
2278 4992 2382 5068 γὰρ
2449 4979 2594 5067 ὦμεν
2663 4988 3037 5067 πνευματικοὶ,
3093 4990 3388 5066 ἀγαπῶμεν
3449 4989 3669 5066 μᾶλλον·

2071 5079 2165 5140 καὶ
2212 5080 2303 5138 ἐὰν
2354 5083 2672 5157 ἀγαπῶμεν,
2706 5080 3059 5154 πνευματικοὶ
3106 5075 3382 5156 γινόμεθα,
3426 5075 3519 5136 καὶ
3563 5078 3674 5135 λοιο

2070 5168 2169 5229 πὸν
2215 5167 2473 5246 σαρκικήν
2505 5168 2784 5244 ἐπιθυμίαν
2821 5171 2881 5227 οὖ
2912 5169 3186 5244 τελοῦμεν.

2159 5282 2190 5315 α
2244 5257 2312 5319 Ἠ
2348 5257 2451 5341 γὰρ
2500 5258 2631 5339 σὰρξ
2674 5260 2921 5334 ἐπιθυμεῖ
2968 5256 3105 5315 κατὰ
3136 5261 3227 5317 τοῦ
3268 5254 3585 5333 πνεύματος,
3614 5253 3673 5312 τὸ

2075 5348 2131 5409 δὲ
2176 5355 2387 5428 πνεῦμα
2437 5350 2578 5410 κατὰ
2611 5352 2706 5420 τῆς
2753 5349 2966 5429 σαρκός.
3005 5350 3196 5410 Ταῦτα
3247 5345 3303 5406 δὲ
3344 5345 3671 5407 ἀντίκεινται

1753 5601 1943 5661 Variae
1984 5602 2285 5664 lectiones.

438 5678 480 5713 ί*
509 5678 720 5741 ἐξελθὼν
747 5695 801 5734 0.
