4124 6422
327 407 461 465 1017

1215 404 1566 464 EXPOSITIO
1606 408 1672 464 IN
1710 407 1922 466 EPIST.
1955 408 2047 466 AD
2085 409 2327 466 GALAT.
2375 439 2435 450 -
2479 409 2629 465 CAP.
2669 409 2730 464 V.

3484 409 3619 464 1018

325 531 598 608 ἀλλήλοις,
627 530 715 592 ἵνα
755 532 832 611 μὴ
861 533 896 593 ἃ
926 531 988 592 ἂν
1017 531 1229 607 θέλητε,
1263 536 1434 593 ταῦτα
1462 537 1672 606 ποιῆτε.
1723 555 1753 592 ι
1792 533 1908 596 Ἐν·

2029 545 2216 593 autem
2241 535 2348 593 sibi
2378 533 2619 592 invicem
2649 534 3028 604 adversantur,
3057 541 3120 591 ut
3136 550 3248 591 non
3274 549 3620 606 quaecunque

322 626 491 682 ταῦθα
522 621 872 700 ἐπιτιθέμενοι
923 625 1239 703 Μανιχαῖοι,
1282 622 1377 682 καὶ
1419 624 1468 682 οἱ
1510 628 1735 684 τοιοῦτοι
1779 625 1918 685 πάν-

320 736 403 780 τες
451 711 726 792 αἱρετικοὶ,
777 713 1040 794 λέγουσιν,
1074 713 1158 772 ὅτι
1197 717 1225 774 ὁ
1274 712 1544 794 ἄνθρωπος
1577 715 1637 773 ἐκ
1688 714 1778 774 δύο
1821 716 1917 774 οὖ-

323 805 449 862 σιῶν
491 801 743 883 ἐναντίων
773 801 1067 880 σύγκειται,
1102 802 1194 862 καὶ
1236 811 1495 883 μαρτυρεῖ
1531 807 1559 862 ὁ
1600 802 1916 871 Ἀπόστολος

319 891 390 950 δι’
419 915 445 950 ν
477 882 522 950 ὧ
545 891 689 970 λέγει
731 895 842 953 νῦν.
886 893 1004 952 Οὐκ
1033 891 1146 952 ἔστι
1186 891 1262 952 δέ’
1299 893 1359 952 οὗ
1389 882 1492 973 γὰρ
1521 891 1646 974 περὶ
1689 897 1783 965 τῆς
1825 896 1918 952 οὗ-

318 980 437 1048 σίας
484 981 808 1059 διαλέγεται,
860 981 999 1040 ἀλλὰ
1045 979 1222 1061 σάρκα
1280 981 1422 1061 λέγει
1468 981 1558 1042 τὸν
1605 983 1780 1062 γεώδη
1825 985 1916 1042 λο-

315 1069 534 1150 γισμὸν,
572 1071 665 1131 καὶ
711 1070 964 1153 ῥάθυμον,
1008 1072 1100 1130 καὶ
1131 1069 1492 1148 ἠμελημένον,
1540 1074 1600 1130 οὐ
1631 1073 1692 1132 τὸ
1737 1076 1913 1148 σῶμαο

314 1159 410 1219 καὶ
453 1165 688 1237 πνεῦμα,
717 1163 807 1220 τὸν
851 1161 1209 1238 πνευματικὸν
1255 1161 1536 1238 λογισμὸν,
1577 1163 1637 1220 οὐ
1666 1162 1764 1233 τὴν
1806 1165 1914 1243 ψυ-

313 1249 440 1330 χήν.
493 1247 564 1312 Ὀ
605 1241 694 1310 οὖν
741 1249 964 1331 γεώδης,
1011 1251 1163 1331 φησὶ,
1213 1251 1464 1328 λογισμὸς
1501 1251 1793 1311 ἀντίκειται
1823 1241 1914 1332 τῷ

313 1343 700 1422 πευματικῷζ
713 1339 804 1399 xui
834 1344 863 1400 ὁ
890 1339 1248 1418 πνευματικὸς
1281 1341 1552 1418 λογισμὸς,
1599 1345 1674 1422 τῷ
1701 1342 1909 1419 γεώδει.

310 1431 603 1506 Δογισμῶν
641 1419 728 1489 οὖν
777 1433 1022 1508 πονηρῶν
1070 1429 1162 1488 καὶ
1199 1432 1411 1508 ἀγαθῶν
1455 1429 1636 1509 μάχην
1684 1431 1910 1510 εἰσάγει,

309 1517 434 1576 ἀλλ’
461 1520 520 1578 οὐ
565 1518 813 1593 σώματος
860 1519 952 1578 καὶ
994 1522 1188 1599 ψυχῆς.
1239 1522 1319 1581 Τὸ
1353 1519 1459 1600 γὰρ
1487 1522 1680 1591 θέλειν,
1713 1520 1803 1578 xui
1837 1517 1913 1597 μὴ

309 1607 504 1684 θέλειν,
558 1611 652 1679 τῆς
717 1611 892 1688 ψυχῆς
939 1609 1051 1666 ἐστι
1095 1612 1190 1680 τῆς
1256 1609 1619 1688 λογιζομένης.
1681 1607 1914 1683 Ἐπάγει

308 1696 435 1778 γάρ’
468 1725 492 1749 ι
519 1693 643 1758 Ἵνα
673 1697 749 1776 μὴ
782 1697 818 1756 ἃ
849 1697 914 1756 ἂν
946 1698 1153 1771 θέλητε,
1183 1703 1352 1758 ταῦτα
1400 1703 1606 1769 ποιῆτε·
1650 1726 1674 1751 η
1706 1698 1821 1758 ἐπεὶ
1854 1698 1914 1758 τό

306 1810 370 1863 γε
403 1789 558 1859 σῶμα
605 1787 856 1868 συνεργόν
889 1789 1002 1847 ἔστι
1042 1791 1137 1859 τῆς
1177 1790 1374 1869 ψυχῆς,
1403 1789 1500 1846 οὐκ
1529 1786 1784 1848 ἐναντίον·
1819 1788 1910 1846 xui

312 1880 343 1946 ἡ
399 1877 546 1956 ψυχὴ
577 1875 859 1956 ἀντέχεται
894 1882 988 1937 τοῦ
1029 1875 1300 1955 σώματος,
1345 1876 1437 1936 xui
1481 1877 1660 1937 πάντα
1706 1878 1908 1956 πάσχει

303 1964 448 2024 ὥστε
496 1966 624 2025 αὐτὸ
675 1966 750 2044 μὴ
794 1969 1134 2048 καταλιπεῖν,
1187 1967 1281 2026 καὶ
1330 1966 1774 2048 ἄποῤῥηγνυμένη
1817 1969 1911 2026 αὖ·

300 2060 399 2113 τοῦ
430 2055 598 2135 ἀλγεῖ.
632 2057 759 2123 Πῶς
789 2047 878 2114 οὖν
913 2056 1124 2116 ἐναντία
1157 2057 1226 2116 τὰ
1263 2047 1528 2130 τοσαύτην
1558 2055 1744 2139 σχέσιν
1773 2055 1912 2136 πρὸς

302 2143 520 2217 ἄλληλα
550 2143 774 2223 ἔχοντας

399 2255 428 2292 ιι
461 2235 530 2294 Εἰ
565 2233 620 2292 δὲ
658 2233 924 2313 πνεύματι
961 2233 1170 2312 ἄγεσθε,
1213 2235 1310 2294 οὐκ
1351 2231 1472 2294 ἐστὲ
1500 2234 1602 2296 ὑπὸ
1638 2233 1821 2310 νόμον.
1871 2256 1903 2294 n

299 2321 380 2382 ⁸0
425 2329 635 2400 πνεῦμα
685 2322 822 2404 ἔχων
878 2323 1123 2384 σϐέννυσι
1171 2323 1264 2391 τὰς
1316 2322 1553 2403 πονηρὰς
1605 2324 1908 2400 ἐπιθυμίας.

297 2413 378 2473 Ὀ
407 2412 462 2472 δὲ
513 2413 712 2472 τούτων
759 2413 1091 2492 ἀπαλλαγεὶς
1138 2416 1198 2472 οὖ
1241 2415 1409 2472 δεῖται
1457 2419 1552 2486 τῆς
1597 2413 1908 2490 συμϐουλῆς

298 2504 398 2561 τοῖο⁹
439 2502 620 2580 νόμου,
666 2502 785 2562 οὔτε
831 2507 923 2562 ὕπ’
969 2503 1128 2562 αὐτόν
1166 2505 1330 2564 ἔστιν.
1386 2503 1456 2564 Ὀ
1503 2502 1606 2584 γὰρ
1639 2505 1774 2582 μηδὲ
1825 2509 1912 2564 θυ-

298 2591 593 2670 μούμενος,
637 2596 752 2660 πῶς
805 2595 975 2653 δεῖται
1024 2597 1117 2652 τοῦ
1165 2594 1627 2674 παραγγέλλοντος
1675 2595 1749 2671 μὴ
1805 2616 1908 2674 φο·-

296 2680 502 2755 vstitu;
561 2682 666 2742 Καὶ
735 2687 764 2741 ὁ
834 2683 970 2762 μηδὲ
1037 2684 1339 2757 ἐπιθυμῶν,
1391 2687 1504 2749 πῶς
1577 2683 1747 2741 δεῖται
1815 2687 1908 2741 τοῦ

299 2769 754 2853 συμϐουλεύοντος
813 2772 888 2846 μὴ
940 2771 1248 2853 πορνεύειν;
1294 2769 1479 2852 εὈπερ
1527 2771 1619 2831 καὶ
1665 2773 1908 2853 ἀλλαχοῦ

295 2850 437 2919 εἶπεν
498 2884 530 2916 ιι
582 2861 789 2942 Δικαίῳ
844 2850 1110 2939 νόμοςόὖ
1157 2861 1353 2923 κεῖταὶ.
1409 2850 1461 2919 ιι-
1499 2864 1663 2922 Δοκεῖ
1703 2860 1759 2920 δὲ
1808 2850 1908 2920 καὶ

297 2949 567 3029 ἐγκώμιον
606 2956 697 3009 τοῦ
739 2950 900 3028 νόμου
939 2950 1135 3031 λέγειν,
1171 2951 1218 3010 εἴ
1241 2975 1302 3030 γε
1332 2954 1384 3011 ἐν
1431 2950 1574 3020 τάξει
1614 2955 1705 3010 τοῦ
1750 2951 1908 3010 πνεύ-

303 3031 600 3118 ματοςῆν,
631 3040 770 3099 κατὰ
820 3041 1044 3117 δύναμιν
1092 3041 1143 3079 ⁴⁵
1187 3040 1284 3112 τὴν
1324 3043 1481 3100 αὐτοῦ
1523 3041 1904 3118 παιδαγωγῶν,

292 3128 388 3189 ὅτε
439 3133 620 3209 καιρὸν
667 3121 804 3211 εἶχε.
869 3133 993 3198 Πῶς
1041 3121 1129 3189 οὖν
1185 3121 1330 3198 αὖθις
1386 3130 1489 3189 ὑπὸ
1558 3132 1904 3209 παιδαγωγοῦ

2033 626 2218 696 vultis,
2249 626 2341 682 illa
2381 625 2608 682 faciatis.
2659 648 2684 674 ι
2717 625 2824 681 Ηίο
2861 626 3206 696 insurgentes
3250 624 3532 682 Manicbzei
3566 631 3623 680 et

2026 716 2348 790 hujusmodi
2399 731 2595 773 omnes
2645 714 2909 783 haeretici,
2959 715 3246 771 hominem
3294 730 3360 770 ex
3407 713 3621 772 duabus

2025 807 2312 862 contrariis
2341 805 2585 862 essentiis
2623 807 2998 878 compositum
3037 819 3157 861 esse
3205 803 3412 873 dicunt,
3457 811 3620 875 atque

2023 897 2355 968 Apostolum
2388 895 2534 952 istud
2569 895 2754 952 testari
2803 911 2900 967 per
2926 910 2987 951 ea
3027 909 3150 967 quae
3183 910 3330 949 nunc
3358 893 3510 950 dicit.
3544 895 3621 948 At

2022 1003 2139 1042 non
2189 987 2264 1042 ita
2309 994 2394 1043 est
2437 1007 2451 1043 :
2504 1001 2619 1041 non
2665 985 2814 1041 enim
2843 985 2912 1042 de
2941 985 3178 1040 essentia
3221 983 3483 1054 disputat,
3520 982 3620 1040 sed

2023 1092 2245 1132 carnem
2285 1075 2416 1131 dicit
2451 1083 2771 1132 terrestrem
2809 1075 3218 1147 cogitationem,
3261 1087 3491 1145 eamque
3528 1087 3618 1128 so-

2022 1166 2246 1221 cordem
2282 1173 2338 1220 et
2378 1165 2772 1238 negligentem,
2820 1180 2932 1220 non
2979 1179 3179 1234 corpus
3211 1183 3225 1219 :
3269 1172 3327 1219 et
3366 1163 3618 1236 spiritum

2021 1255 2366 1326 Spiritualem
2407 1255 2818 1326 cogitationem,
2855 1270 2968 1310 non
3010 1254 3276 1310 animam.
3322 1253 3621 1309 Terrestris

2022 1345 2211 1415 igitur,
2243 1344 2439 1416 inquit,
2469 1344 2729 1416 cogitatio
2763 1343 3066 1416 opponitur
3093 1343 3384 1414 spirituali,
3413 1351 3470 1398 et
3514 1342 3618 1414 spi-

2020 1433 2235 1489 ritualis
2249 1433 2506 1505 cogitatio
2525 1433 2789 1489 terrestri.
2817 1433 3224 1505 Cogitationum
3243 1431 3428 1505 itaque
3444 1433 3618 1488 bona-

2023 1539 2148 1578 rum
2191 1532 2248 1578 et
2287 1524 2560 1580 malarum
2591 1539 2831 1595 pugnam
2858 1522 3084 1590 inducit,
3127 1538 3242 1579 non
3271 1522 3521 1594 corporis
3562 1529 3620 1577 et

2021 1613 2239 1669 animae.
2258 1613 2405 1669 Velle
2416 1613 2562 1669 enim
2584 1621 2640 1670 et
2656 1629 2766 1668 non
2789 1612 2947 1680 velle,
2966 1621 3050 1668 est
3067 1613 3268 1670 anima
3288 1611 3618 1668 ratiocinan~

2023 1701 2120 1769 tis;
2153 1701 2318 1758 infert
2346 1703 2516 1768 enim,
2550 1726 2576 1751 σι
2608 1706 2688 1759 Ut
2710 1718 2821 1758 non
2851 1717 3195 1774 quaecunque
3223 1700 3421 1768 velitis,
3446 1716 3509 1758 ea
3529 1700 3620 1758 fa-

2019 1791 2174 1848 ciatis
2199 1811 2213 1848 :
2234 1816 2258 1840 ι»
2281 1791 2733 1866 quandoquidem
2752 1808 2950 1863 corpus
2970 1791 3215 1847 animam
3231 1790 3478 1862 adjuvat,
3508 1807 3617 1846 non

2020 1881 2337 1938 adversatur
2367 1883 2446 1950 ei;
2493 1883 2791 1953 animaque
2826 1882 3042 1952 corpori
3081 1879 3342 1949 adhaeret,
3391 1879 3614 1937 omnia-

2023 1986 2128 2043 que
2141 1971 2256 2044 agit
2280 1987 2352 2027 ne
2377 1971 2559 2044 ipsum
2581 1970 2942 2042 derelinquat,
2972 1979 3025 2025 et
3051 1985 3180 2026 cum
3203 1969 3275 2026 ab
3298 1984 3364 2026 eo
3393 1969 3617 2025 abrum-

2022 2061 2186 2132 pitur,
2228 2061 2395 2117 dolet.
2433 2061 2730 2131 Quomodo
2773 2061 2938 2134 igitur
2981 2060 3258 2116 contraria
3299 2068 3451 2129 sunt,
3491 2074 3618 2133 quae

2019 2158 2234 2206 tantam
2271 2151 2416 2206 inter
2439 2166 2498 2207 se
2527 2159 2727 2207 mutuo
2755 2149 3108 2206 concordiam
3139 2148 3368 2205 fovent?

2090 2243 2268 2297 Vnus.
2314 2245 2400 2298 18.
2450 2263 2474 2289 α
2507 2241 2669 2313 Quod
2709 2239 2752 2297 si
2783 2240 2975 2312 spiritu
3015 2239 3310 2307 ducimini,
3344 2253 3458 2296 non
3485 2239 3620 2295 estis

2017 2330 2121 2386 sub
2153 2331 2288 2402 lege.
2340 2354 2366 2381 ι»
2413 2331 2522 2400 Qui
2563 2330 2821 2401 spiritum
2867 2329 3056 2396 habet,
3087 2329 3384 2401 exstinguit
3427 2344 3618 2400 pravas

2019 2419 2375 2491 cupiditates;
2411 2421 2503 2492 qui
2542 2435 2669 2475 vero
2708 2420 2775 2476 ab
2817 2419 2901 2475 bis
2928 2419 3188 2475 liberatus
3217 2425 3322 2485 est,
3353 2434 3467 2474 non
3499 2426 3621 2491 eget

2017 2509 2245 2565 consilio
2277 2510 2430 2581 legis,
2464 2525 2643 2582 neque
2671 2509 2718 2564 ei
2748 2509 3025 2580 subjectus
3053 2516 3157 2564 est.
3192 2508 3303 2580 Qui
3328 2507 3474 2564 enim
3502 2524 3617 2564 non

2016 2599 2283 2667 irascitur,
2320 2599 2599 2671 quomodo
2642 2615 2781 2670 Opus
2819 2598 2986 2654 habet
3026 2597 3384 2670 praecipiente
3431 2598 3503 2668 ei,
3534 2599 3616 2654 Ne

2019 2688 2270 2745 occidas?
2301 2694 2364 2744 Et
2384 2689 2474 2761 qui
2497 2705 2605 2744 non
2632 2689 2991 2760 concupiscit,
3013 2689 3109 2760 qui
3137 2703 3277 2760 opus
3300 2687 3466 2744 habet
3484 2703 3617 2744 con-

2014 2781 2248 2848 sulente,
2280 2781 2363 2835 Ne
2405 2779 2725 2836 foruieeris?
2769 2777 2929 2848 Quod
2965 2787 3017 2834 et
3043 2779 3150 2834 alio
3182 2778 3242 2834 in
3280 2778 3402 2834 loco
3431 2777 3566 2834 dixit
3597 2796 3611 2832 :

2017 2867 2188 2940 359
2219 2891 2245 2917 «ι
2277 2872 2309 2924 J
2316 2877 2437 2925 usto
2467 2885 2573 2924 non
2606 2877 2688 2924 est
2722 2867 2804 2924 lex
2834 2868 3010 2940 posita
3031 2869 3081 2922 τι.
3107 2888 3135 2922 ››
3166 2867 3401 2924 Videtur
3429 2875 3615 2924 autem

2015 2966 2070 3014 et
2109 2959 2423 3015 encomium
2463 2958 2598 3030 legis
2642 2973 2868 3025 canere;
2918 2957 3187 3030 siquidem
3230 2957 3456 3030 spiritus
3493 2957 3615 3013 loco

2016 3057 2156 3116 erat,
2185 3065 2283 3122 pro
2313 3048 2521 3105 viribus
2546 3047 2662 3104 suis
2698 3047 2980 3121 paedagogi
3009 3063 3168 3104 more
3199 3047 3516 3116 instituens,
3547 3046 3615 3104 ad

2016 3137 2302 3195 deﬁnitum
2329 3154 2500 3210 usque
2517 3147 2751 3210 tempus.
2773 3135 3071 3210 Quomodo
3093 3136 3261 3209 igitur
3278 3152 3468 3192 rursus
3486 3136 3616 3192 sub-

293 3221 529 3296 γίνεσθε,
556 3220 617 3278 τὸ
654 3223 878 3299 Πνεῦμα
911 3219 1128 3301 ἀφέντες
1153 3220 1213 3280 τὸ
1240 3219 1470 3289 τελείους
1511 3222 1654 3297 ὑμᾶς
1684 3226 1904 3296 ποιοῦ-ας

2016 3228 2212 3285 dimini
2270 3227 2594 3300 paedagogo,
2666 3228 2864 3282 relicto
2925 3225 3130 3298 Spiritu
3183 3241 3280 3284 vos
3343 3225 3616 3298 perfectos

291 3307 524 3388 υΩσπερ
551 3310 612 3368 ἂν
640 3309 691 3368 εἴ
727 3335 803 3379 τις
842 3310 1119 3392 φιλόσοφος
1150 3307 1244 3383 ὢν,
1274 3310 1443 3369 δεῖται
1488 3311 1857 3389 παιδαγωγοῦ.

386 3511 415 3546 ι
451 3488 674 3570 Φανερὰ
703 3489 760 3548 δέ
790 3493 901 3551 ἐστι
933 3490 999 3550 τὰ
1043 3488 1173 3572 ἔργα
1200 3493 1296 3562 τῆς
1339 3488 1554 3570 σαρκὸς,
1603 3486 1757 3548 ἅτινά
1788 3491 1902 3549 ἔστι

293 3579 517 3658 πορνεία
585 3580 676 3638 καὶ
725 3580 958 3659 μοιχεία.
1011 3602 1040 3637 »
1107 3583 1220 3652 Τῆς
1277 3578 1682 3660 διεφθαρμένης,
1743 3579 1898 3660 φησὶ,

295 3669 654 3748 προαιρέσεως
695 3671 784 3727 καὶ
815 3675 1068 3748 σαρκικῆς
1115 3668 1183 3728 tu
1227 3667 1355 3748 ἔργα
1399 3667 1567 3727 ταῦτά
1619 3672 1774 3744 εἰσιν,
1810 3669 1900 3748 ἀφ’

293 3749 373 3816 ὧν
402 3757 450 3793 ⁴⁶
480 3759 568 3816 καὶ
611 3757 1018 3834 ἐπιγινώσκεται
1059 3757 1279 3838 πορνεία
1311 3760 1416 3834 ’καὶ
1454 3757 1690 3838 μοιχεία.
1726 3761 1898 3828 Δῆλον

291 3845 378 3922 δὲ,
409 3850 519 3914 πῶς
547 3849 780 3930 διαφέρει
816 3847 1033 3928 πορνεία
1064 3848 1326 3927 μοιχείας,

386 4051 411 4078 α
447 4027 790 4106 Ἀκαθαρσία,
823 4027 1095 4105 ἀσέλγεια.
1129 4049 1158 4085 ι)
1211 4031 1262 4090 Τ
1268 4027 1457 4107 ρόπους
1489 4027 1742 4109 αἰσχροὺς
1779 4029 1897 4107 [μί-

293 4115 425 4196 ξεις]
470 4117 691 4174 ἐνταῦθα
731 4116 1043 4194 αἰνίττεται,
1094 4115 1182 4184 οὓς
1223 4117 1341 4178 οὐδὲ
1391 4117 1648 4199 ἠνέσχετο
1693 4119 1894 4196 ὀνομά-

291 4228 407 4265 σαι.

389 4317 419 4352 ιι
453 4295 900 4375 Εἰδωλολατριία,
935 4303 1296 4377 φαρμακεῖαι,
1345 4295 1560 4377 ἔχθραι,
1591 4295 1744 4377 ἕρεις,
1797 4301 1893 4370 ζῆ-

291 4387 398 4458 λοι,
445 4385 620 4462 θυμοὶ,
673 4388 911 4465 ἐρῖθειαι,
959 4384 1329 4466 διχοστασίαι,
1385 4385 1642 4467 αἱρέσεις,
1687 4386 1889 4468 φθόνοι,

2015 3315 2285 3374 faciente?
2329 3317 2492 3388 Quod
2523 3317 2750 3389 perinde
2797 3326 2876 3372 est
2907 3333 2970 3372 ac
3005 3317 3052 3372 si
3091 3316 3216 3389 quis
3252 3315 3616 3389 philosoiilnts

2013 3423 2146 3464 cum
2176 3407 2264 3475 sit,
2293 3423 2431 3479 opus
2456 3407 2655 3463 habeat
2684 3405 3004 3478 ptedagogo.

2087 3499 2257 3552 Vens.
2296 3503 2380 3552 19.
2417 3518 2444 3544 σι
2491 3495 2778 3550 Manifesta
2813 3503 2941 3550 sunt
2976 3502 3166 3550 autem
3208 3509 3371 3566 opera
3412 3496 3612 3563 carnis,

2013 3601 2138 3657 qua:
2159 3594 2291 3642 sunt
2307 3584 2622 3652 fornicatio,
2645 3583 3003 3640 adulterium.
3028 3607 3054 3632 »
3083 3585 3390 3655 Corruptae,
3409 3585 3613 3656 inquit,

2015 3684 2071 3731 et
2113 3675 2346 3731 carnalis
2385 3673 2684 3730 voluntatis
2729 3688 2897 3744 opera
2939 3681 3068 3729 sunt
3110 3671 3250 3739 hanc,
3297 3673 3444 3730 inter
3481 3689 3610 3744 quze

2008 3764 2327 3837 agnoscitur
2367 3763 2532 3819 etiam
2577 3761 2862 3818 fornicatio
2896 3771 2953 3817 et
2991 3761 3344 3817 adulterium.
3374 3762 3610 3817 Planum

2010 3864 2093 3909 est
2133 3862 2323 3909 autem
2368 3868 2608 3926 quonam
2651 3850 2819 3908 modo
2859 3849 3156 3907 fornicatio
3211 3850 3282 3906 ab
3337 3849 3612 3906 adulterio

2009 3942 2308 4000 discrepet.

2081 3959 2192 4000 scre
2233 3959 2308 4000 et.

2081 4055 2105 4081 ιι
2151 3959 2536 4098 Ιιΐιηιιιηάἰιίδ,
2563 4031 2808 4087 lascivia.
2834 4055 2858 4079 υ
2885 4034 3096 4102 Turpes
3120 4043 3306 4086 mores
3325 4028 3414 4086 hic
3434 4035 3610 4098 notat,

2004 4138 2144 4195 quos
2171 4138 2240 4178 ne
2270 4121 2534 4179 sustinuit
2563 4120 2784 4194 quidem
2819 4121 3128 4177 nominare.

2074 4304 2251 4360 Vens.
2279 4307 2370 4370 20,
2401 4306 2490 4359 21.
2527 4323 2551 4350 α
2584 4299 2872 4358 ldolorum
2898 4301 3158 4371 servitus,
3186 4301 3466 4369 veneﬁcia,
3503 4302 3613 4358 ini-

2005 4392 2249 4458 micitiae,
2282 4391 2364 4461 Iis,
2395 4392 2701 4461 aemulatio,
2735 4391 2851 4460 iraa,
2883 4391 3288 4461 contentiones,
3315 4393 3612 4450 dissensio-

291 4474 461 4553 φόνοι,
504 4474 680 4552 μέθαι,
726 4479 922 4552 κῶμοι,
974 4477 1065 4535 καὶ
1102 4475 1170 4532 τὰ
1218 4473 1378 4551 ὅμοια
1429 4475 1649 4542 τούτοις·
1702 4475 1736 4532 ὰ
1771 4499 1899 4555 προ-

2016 4498 2132 4550 nes,
2172 4481 2428 4548 haereses,
2471 4481 2708 4548 invidias,
2740 4480 3056 4548 homicidia,
3092 4481 3349 4550 ebrietas,
3391 4497 3612 4538 comes-

290 4563 436 4640 λέγω
474 4566 615 4638 ὖυιῖν,
663 4561 838 4630 καθὼς
883 4563 973 4623 xui
1020 4570 1307 4644 προεῖπον,
1351 4563 1434 4622 ὅτι
1483 4567 1533 4624 οἱ
1563 4563 1631 4623 τὰ
1681 4570 1902 4626 τοιαῦτα

292 4651 642 4732 πράσσοντες,
694 4654 971 4732 βασιλείαν
1007 4655 1147 4714 Θεοῦ
1195 4653 1255 4711 οὐ
1305 4654 1813 4732 κληρονομήσουσιν.
1865 4679 1897 4712 ιι

295 4741 626 4803 Εἰπάτωσαν
677 4745 808 4818 ἡμῖν
842 4744 890 4802 οἱ
937 4743 1034 4814 τὴν
1071 4743 1244 4825 σάρκα
1278 4741 1677 4808 διαϐάλλοντες.
1712 4740 1902 4804 Ἔστω

289 4833 327 4902 ἡ
379 4832 629 4911 ἀσέλγεια
667 4830 760 4890 xui
809 4835 842 4903 ἡ
893 4831 1112 4912 πορνεία
1146 4835 1237 4891 τοῦ
1272 4832 1520 4910 σώματος
1567 4833 1898 4913 ἁμαρτήμασ-

288 4943 378 4980 τα·
413 4923 481 5003 Διπιῖ
523 4921 732 5003 ἔχθραι,
767 4921 858 4980 xui
909 4927 963 4981 αἱ
995 4921 1240 5002 αἱρέσεις,
1273 4923 1366 4980 καὶ
1410 4921 1480 4981 τὰ
1509 4927 1748 4996 τοιαῦτα,
1779 4928 1892 4991 πῶς

291 5009 358 5068 ἂν
391 5000 492 5069 εἷεν
540 5011 774 5091 σαρκός;
811 5011 991 5071 "nm
1039 5011 1326 5092 πρόδηλον,
1360 5010 1442 5071 ὅτι
1472 5011 1647 5071 πάντα
1691 5017 1784 5083 τῆς
1812 5015 1894 5072 δι-

293 5099 625 5180 εξοθαρμένης
678 5101 791 5160 ἐστὶ
843 5101 1225 5182 προαιρέσεως.
1281 5104 1345 5163 Εἰ
1393 5101 1449 5161 δὲ
1499 5103 1692 5181 σαρκὸς
1739 5095 1898 5176 ἦσαν,

293 5193 525 5270 φυσικῶς
553 5195 686 5267 ἡμῖν
715 5191 1004 5272 προσόντα,
1034 5195 1145 5259 πῶς
1186 5191 1250 5248 ἂν
1285 5192 1556 5268 βασιλείας
1587 5195 1728 5253 Θεοῦ
1761 5200 1900 5270 ὑμᾶς

293 5277 574 5346 ἐξέϐαλλον
604 5279 695 5355 ⁴⁷;
731 5282 813 5339 Οὔ
845 5279 950 5360 γὰρ
980 5281 1205 5361 φύσεως,
1235 5280 1373 5340 ἀλλὰ
1403 5282 1782 5362 προαιρέσεως,
1810 5282 1902 5340 καὶ

293 5369 351 5426 αἱ
382 5369 624 5440 κολάσεις
652 5369 746 5428 xui
778 5375 826 5430 οἱ
855 5370 1125 5453 στέφανοι.
1163 5371 1274 5433 Καὶ
1303 5370 1479 5438 ἄλλως
1507 5370 1589 5449 δὲ,
1620 5373 1668 5430 εἰ
1695 5369 1903 5454 φύσεως

360 5525 435 5594 ἀι
462 5537 606 5596 Tim.
653 5552 698 5608 ι,
720 5546 774 5596 9.

2011 4571 2279 4639 sationes,
2348 4571 2657 4642 horumque
2708 4571 2909 4627 similia
2958 4586 3084 4643 quae
3135 4571 3370 4642 praedico
3428 4571 3607 4640 vobis,

2010 4661 2155 4717 sicut
2179 4659 2430 4733 prmdixi,
2454 4661 2602 4732 quod
2623 4660 2714 4732 qui
2742 4661 2869 4716 talia
2895 4668 3086 4733 agunt,
3111 4674 3345 4732 regnum
3372 4659 3469 4716 Dei
3495 4675 3610 4716 non

2009 4758 2436 4823 consequentur.
2474 4773 2499 4800 ιο
2533 4750 2730 4806 Dicant
2753 4750 2915 4806 nobis
2942 4749 3033 4822 qui
3054 4765 3278 4806 carnem
3302 4748 3609 4805 criminan-

2010 4847 2125 4897 tur.
2173 4842 2310 4896 Esto
2350 4839 2496 4912 quod
2537 4839 2824 4896 fornicatio
2855 4847 2910 4894 et
2951 4838 3170 4896 lascivia
3212 4838 3459 4911 corporis
3504 4839 3612 4896 sint

2014 4937 2265 5003 peccata;
2297 4929 2595 4987 inimicitiae
2623 4938 2807 4986 autem
2837 4939 2891 4986 et
2921 4929 3158 4986 haereses
3181 4940 3236 4988 et
3267 4928 3604 5002 hujusmodi,

2009 5019 2106 5090 qui
2149 5026 2412 5090 poterunt
2457 5035 2577 5076 esse
2622 5018 2840 5075 carnis?
2901 5022 2999 5076 Est
3044 5019 3211 5092 igitur
3256 5019 3609 5092 perspicuum

2010 5108 2159 5180 quod
2188 5109 2374 5165 omnia
2395 5108 2516 5166 haec
2547 5110 2659 5165 sint
2678 5117 2952 5182 corruptae
2983 5109 3304 5166 voluntatis.
3338 5108 3394 5164 Si
3421 5117 3607 5166 autem

2008 5198 2186 5254 carnis
2223 5207 2430 5266 essent,
2486 5198 2810 5255 naturaliter
2860 5198 3023 5255 nobis
3067 5197 3288 5266 adnata,
3325 5197 3610 5271 quomodo

2009 5303 2112 5344 nos
2145 5303 2175 5344 e
2213 5305 2386 5362 regno
2415 5288 2517 5345 Dei
2555 5288 2848 5361 ejicerent?
2890 5291 3014 5345 Non
3043 5288 3192 5344 enim
3234 5298 3470 5357 naturae,
3511 5288 3610 5348 sed

2011 5379 2305 5436 voluntatis
2337 5389 2466 5436 sunt
2495 5387 2613 5436 tum
2647 5395 2842 5452 parum,
2883 5387 3002 5437 tum
3033 5393 3278 5436 coronae.
3312 5381 3604 5450 Praeterea,

1686 5620 1882 5684 Varia:
1926 5621 2227 5683 lectiones.

366 5724 410 5761 ¹⁸
430 5725 557 5783 κατὰ
579 5725 788 5801 δύναμιν
819 5723 913 5796 τὴν
937 5725 1088 5783 αὖτοΰ
1111 5729 1491 5803 παιδαγωγῶν,
1515 5730 1599 5785 ὅτε
1629 5728 1802 5800 καιρὸν
1831 5727 1944 5800 εἶχε
1982 5745 2062 5787 m.

2141 5729 2186 5766 ³⁸
2220 5727 2294 5802 ἔφ’
2325 5725 2372 5802 ᾧ
2394 5744 2450 5788 ο.
2526 5727 2568 5764 ⁸⁷
2603 5727 2851 5801 ἐξήγαγον
2868 5745 2928 5789 ο.
