4124 6430
521 416 659 471 1019

1535 409 2054 467 THEOPHYLACTI
2091 408 2452 466 BULGABIE
2489 409 2804 467 ARCHIEP.

3682 412 3826 468 1020

515 540 560 596 si
605 545 820 596 naturae
865 537 1096 594 fuissent
1138 537 1436 610 passiones,
1487 551 1600 593 non
1639 535 1884 607 dixisset,
1931 560 1957 587 α
2004 536 2113 608 Qui

2232 527 2368 609 ἦσαν
2411 535 2478 596 τὰ
2501 536 2671 611 πάθη,
2704 537 2800 596 οὐκ
2842 534 2907 596 ἂν
2935 548 3075 614 είπε,
3129 556 3158 595 ιι
3205 534 3563 616 Πράσσοντες,
3594 555 3626 594 )
3661 534 3825 609 ἀλλὰ,

517 637 709 702 agunt,
748 653 772 678 υ
809 628 929 699 sed,
960 629 1065 698 Qui
1105 628 1390 700 patiuntur
1423 646 1437 683 :
1472 641 1634 697 agere
1672 627 1821 682 enim
1847 625 2112 683 delibera-

519 719 733 776 tionem
764 726 821 776 et
847 719 1190 776 voluntatem
1221 717 1451 774 indicat.
1482 716 1808 772 Inimicitias
1838 732 2002 789 porro
2026 717 2112 772 in-

522 808 706 883 tellige
757 809 1005 882 injustas.
1073 811 1216 866 Sunt
1261 807 1407 863 enim
1465 814 1521 863 et
1569 807 1734 878 justzc
1795 806 2110 877 inimicitiae,

514 915 734 972 nempe,
767 914 894 973 quae
924 898 1050 956 ﬁdei
1079 898 1302 961 nomine
1331 904 1672 963 exercentur,
1716 911 1950 969 ergaque
1991 912 2115 953 om-

515 1004 618 1046 nes
651 1004 683 1045 a
721 997 871 1047 recto
897 989 1121 1046 tramite
1157 987 1458 1045 deviautes.
1489 985 1886 1042 Emulationes
1923 995 2114 1043 autem

516 1077 650 1135 dicit
681 1078 1000 1153 zelotypias.
1041 1079 1142 1134 Est
1169 1079 1318 1134 enim
1344 1085 1398 1133 et
1430 1075 1609 1132 bonus
1631 1075 1806 1144 zelus,
1836 1083 1899 1131 ut
1925 1076 1968 1132 si
1995 1076 2115 1149 quis

520 1169 657 1226 bene
686 1177 941 1240 agentem
970 1169 1236 1227 imitetur.
1265 1165 1498 1226 Pulchre
1526 1173 1712 1222 autem
1747 1174 1871 1238 post
1899 1166 2116 1222 dissen-

515 1257 697 1315 siones
749 1265 807 1314 et
856 1259 1238 1316 contentiones
1293 1257 1531 1316 haereses
1598 1258 1776 1330 posuit
1839 1275 1855 1316 :
1933 1257 2117 1313 omnis

518 1348 668 1404 enim
711 1348 934 1405 haeresis
969 1365 1036 1404 ex
1063 1349 1440 1419 contentione,
1480 1351 1820 1408 contentioso
1847 1347 2113 1404 nimirum

521 1438 808 1510 prepriam
839 1439 1180 1496 voluntatem
1205 1447 1446 1498 statuere
1479 1442 1708 1510 nitente,
1736 1455 1800 1496 ac
1827 1445 2114 1512 propterea

523 1526 759 1584 haeresin
787 1528 1172 1586 constituente.
1220 1529 1415 1587 Caedes
1451 1529 1649 1587 deinde
1686 1545 1752 1586 ex
1797 1528 2024 1598 invidia,
2063 1535 2119 1583 et

520 1630 591 1673 ex
619 1618 1025 1676 comessatione
1044 1619 1383 1676 temulentia.
1411 1620 1583 1692 Κῶμοι
1605 1619 1755 1677 enim
1778 1625 1909 1675 sunt
1933 1625 2113 1673 temu-

522 1706 796 1764 lentorum
825 1707 1175 1765 ebriorumve
1198 1710 1614 1768 contumeliosa;
1635 1710 1943 1767 cantilenae.
1975 1707 2118 1763 Hinc

521 1796 690 1869 priori
717 1797 838 1854 loco
868 1798 1050 1870 posuit
1071 1800 1424 1872 generantia;
1470 1800 1773 1874 posteriore
1813 1814 1963 1868 vero,
1994 1813 2116 1870 quae

521 1885 590 1943 ab
618 1887 686 1943 iis
721 1896 1046 1945 nascuntur.

592 1979 771 2034 Vens.
817 1984 905 2035 22.
947 2000 974 2027 α
1005 1980 1240 2035 Fructus
1265 1986 1452 2036 autem
1480 1979 1716 2052 Spiritus
1744 1986 1828 2036 est
1856 1977 2114 2046 charitas,

521 2066 803 2139 gaudium,
848 2083 973 2140 pax.
1026 2090 1054 2118 ι
1102 2072 1272 2126 Prava
1319 2085 1486 2142 opera
1534 2070 1697 2126 nobis
1743 2068 1871 2124 solis
1916 2067 2057 2123 ﬁunt
2101 2085 2113 2122 :

521 2165 688 2229 atque
731 2156 858 2213 hinc
903 2173 1069 2228 opera
1113 2159 1293 2215 carnis
1332 2159 1508 2226 dixit,
1550 2159 1750 2230 quippe
1791 2172 1915 2231 quae
1953 2155 2118 2212 simul

525 2245 770 2302 laborem
818 2262 883 2302 ac
915 2245 1297 2303 difﬁcultatem
1351 2247 1607 2306 habeant.
1641 2250 1792 2303 Bona
1836 2263 1966 2302 vero
2007 2262 2118 2302 non

527 2343 713 2391 nostra
748 2343 966 2392 tantum
993 2352 1121 2393 cura
1151 2337 1424 2410 indigent,
1457 2353 1648 2393 verum
1677 2337 1844 2392 etiam
1878 2351 2118 2408 superna

523 2427 940 2496 cooperatione;
971 2434 1262 2498 eapropter
1304 2427 1535 2499 Spiritus
1565 2425 1804 2483 fructum
1840 2442 1903 2482 ea
1933 2425 2070 2482 dixit
2101 2444 2116 2482 :

525 2523 784 2587 tanquam
821 2531 853 2572 a
899 2515 1059 2571 nobis
1100 2515 1262 2573 detur
1304 2532 1517 2586 semen,
1557 2517 1670 2573 sive
1715 2515 2057 2588 propositum
2103 2533 2116 2569 :

525 2603 673 2676 quod
703 2613 891 2661 autem
925 2604 1165 2662 fructum
1189 2605 1348 2676 ferat,
1371 2605 1555 2663 isthuc
1579 2605 1632 2660 in
1654 2609 1769 2660 Deo
1785 2607 1952 2661 situm
1979 2619 2117 2660 esse.

529 2696 704 2749 Porro
731 2693 976 2751 radicem
1009 2695 1265 2752 omnium
1291 2695 1571 2752 bonorum
1603 2695 1772 2766 360
1793 2695 1972 2767 primo
1998 2693 2123 2750 cha-

528 2783 745 2839 ritatem
784 2785 958 2856 ponit,
1005 2783 1206 2840 deinde
1249 2785 1534 2857 gaudium.
1581 2785 1690 2856 Qui
1741 2784 1889 2839 enim
1929 2783 2120 2855 diligit,

528 2887 746 2944 semper
774 2874 992 2944 gaudet,
1019 2875 1192 2930 etiam
1221 2873 1442 2947 quando
1466 2873 1734 2945 afﬂigitur
1765 2893 1777 2928 :
1820 2888 1945 2928 eum
1975 2873 2122 2927 enim

529 2977 557 3015 a
573 2977 683 3034 quo
697 2962 802 3018 sibi
820 2963 1018 3035 injuria
1033 2962 1288 3032 infertur,
1304 2979 1404 3020 ceu
1419 2961 1840 3019 benefactorem
1858 2962 2120 3017 intuetur.

530 3053 772 3109 Lmtatur
798 3061 985 3109 autem
1009 3052 1067 3108 in
1093 3056 1234 3120 Deo,
1259 3051 1419 3125 cujus
1444 3067 1606 3108 causa
1635 3051 1769 3106 nihil
1801 3067 1912 3106 non
1937 3051 2051 3122 agit
2073 3059 2127 3106 et

533 3142 757 3212 patitur,
795 3157 859 3198 ac
905 3149 1192 3214 prepterea
1229 3142 1369 3198 bona
1395 3140 1726 3198 conscientia
1768 3139 2121 3196 exhilaratur.
2155 3127 2199 3190 Ο

531 3233 608 3286 Ex
638 3230 905 3287 charitate
932 3239 1122 3287 autem
1152 3239 1207 3287 et
1230 3231 1416 3288 laetitia
1447 3246 1578 3286 cum
1610 3230 1664 3285 in
1693 3229 1876 3285 animo
1904 3245 2006 3286 suo
2030 3245 2124 3301 pa-

528 3335 648 3376 cem
675 3319 861 3390 habet,
884 3321 1314 3393 cogitationibus
1339 3320 1598 3376 nimirum
1621 3335 1733 3376 non
1757 3319 2123 3392 perturbatus,

530 3417 650 3465 tum
678 3425 803 3482 erga
834 3425 1034 3466 omnes
1061 3419 1332 3466 externos.
1361 3413 1504 3466 Nam
1527 3409 1740 3465 etiamsi
1771 3408 1947 3465 odisse
1963 3424 2125 3480 quos-

528 3499 654 3556 dam
690 3499 924 3569 videtur,
955 3517 1066 3556 non
1103 3515 1198 3556 eos
1227 3509 1416 3557 tamen
1449 3499 1590 3568 odit,
1626 3499 1723 3556 sed
1753 3499 1876 3555 vitia
1906 3514 2121 3565 eorum,

529 3590 676 3662 ipsos
700 3605 798 3646 ceu
825 3588 1017 3646 fratres
1041 3589 1312 3646 charitate
1337 3589 1730 3662 complectens,
1756 3597 1811 3645 et
1838 3589 1906 3645 ad
1933 3605 2122 3645 eorum

528 3678 818 3736 utilitatem
863 3679 1057 3737 odium
1106 3680 1210 3736 hoc
1248 3679 1564 3748 ostendens,
1621 3686 1684 3735 ut
1719 3678 1789 3736 ad
1835 3679 2125 3735 meliorem

526 3769 692 3826 vitam
722 3769 964 3827 redeant.

602 3883 626 3907 ιι
668 3859 1102 3933 Longanimitas,
1137 3859 1466 3933 benignitas,
1496 3859 1735 3928 bonitas,
1781 3857 1941 3929 ﬁdes,
1969 3873 2124 3914 man-

528 3947 782 4017 suetudo,
814 3950 1170 4006 continentia.
1217 3973 1242 3998 ι
1274 3949 1694 4022 Longanimitas
1732 3963 1763 4004 a
1804 3957 2122 4004 mansuetu-

532 4037 661 4094 dine
703 4039 761 4094 in
814 4038 920 4094 hoc
967 4038 1192 4096 diﬁ'erre
1239 4038 1456 4095 videtur
1511 4039 1567 4093 in
1621 4037 1922 4110 Scriptura,
1977 4037 2125 4110 quod

531 4127 867 4198 longanimis
905 4128 1149 4186 multum
1185 4129 1391 4200 diuque
1437 4126 1660 4200 cogitet,
1704 4143 1806 4182 nec
1848 4127 2125 4192 celeriter,

529 4217 625 4274 sed
652 4231 780 4272 cum
806 4217 1157 4274 cunctatione
1187 4218 1606 4274 convenientem
1636 4218 1879 4290 peccanti
1909 4232 2128 4289 poenam

533 4307 816 4378 imponat;
849 4315 1168 4364 mansuetus
1195 4316 1382 4364 autem
1413 4307 1644 4363 omnino
1672 4322 1884 4364 noxam
1922 4316 1976 4362 et
2005 4321 2131 4377 sup—
2164 4297 2209 4362 Ι)

536 4395 762 4468 plicium
804 4397 1050 4452 remittat
1090 4415 1104 4453 :
1145 4397 1368 4469 perinde
1398 4413 1462 4454 ac
1498 4399 1682 4453 Moses
1718 4397 1812 4469 qui
1856 4395 2047 4452 Maria:
2078 4403 2135 4451 et

535 4485 735 4542 Aaroni
757 4487 972 4542 remisit
999 4503 1228 4554 noxam,
1256 4502 1367 4560 pra:
1383 4487 1646 4543 omnibus
1665 4496 1872 4542 terram
1896 4484 2133 4540 incolen-

534 4576 678 4632 tibus
730 4585 1054 4634 mansuetus
1109 4585 1335 4633 vocatus
1389 4585 1493 4633 est.
1548 4574 1865 4648 Benignitas
1919 4581 2128 4644 autem,

532 4666 888 4723 communius
922 4665 1190 4740 quiddam
1233 4673 1318 4723 est
1357 4681 1526 4739 quam
1566 4664 1808 4722 bonitas.
1857 4664 2133 4737 Benignus

534 4755 682 4812 enim
738 4756 1012 4812 Dominus
1068 4764 1152 4812 est
1205 4756 1493 4812 universis.
1552 4753 1780 4811 Bonitas
1828 4769 1959 4811 vero
2000 4755 2132 4812 solis

535 4845 712 4918 dignis
743 4845 1040 4913 benefacit,
1081 4845 1390 4902 secundum
1428 4845 1563 4902 illud
1595 4863 1610 4902 :
1653 4864 1683 4899 α
1724 4844 1981 4914 Benefac,
2011 4848 2130 4902 Do-

535 4937 706 5002 mine,
736 4935 894 4991 bonis
918 4939 978 4991 °:
1010 4958 1036 4984 ι
1067 4934 1259 4991 Fidem
1285 4943 1469 4991 autem
1489 4934 1639 5004 dicit,
1664 4951 1779 4992 non
1801 4936 2128 5008 simplicem,

533 5025 629 5082 sed
680 5041 803 5099 quae
845 5034 1064 5082 montes
1109 5025 1283 5081 etiam
1331 5027 1644 5094 transferat,
1692 5041 1818 5098 quae
1865 5042 1950 5095 ea,
2007 5040 2132 5098 quae

537 5115 684 5187 apud
714 5115 966 5171 homines
994 5123 1120 5171 sunt
1160 5115 1538 5187 impossibilia,
1569 5115 1712 5187 apud
1743 5119 1926 5172 Deum
1958 5115 2132 5189 possi-

537 5205 664 5261 bilia
696 5221 813 5263 esse
841 5205 1222 5262 indubitanter
1251 5206 1449 5262 credit.
1498 5209 1620 5262 Prae
1645 5206 1906 5263 omnibus
1945 5214 2133 5263 autem

543 5303 628 5350 est
653 5295 1014 5362 continentia,
1055 5312 1168 5351 non
1200 5295 1253 5350 in
1287 5295 1425 5351 ciI-is
1467 5303 1704 5364 tantum,
1744 5295 1841 5352 sed
1873 5297 2035 5353 etiam
2067 5297 2136 5352 ab

539 5385 691 5440 omni
720 5385 888 5440 malo.

607 5545 628 5573 ο
655 5537 802 5594 Psal.
836 5552 1013 5606 xxiv,
1042 5544 1096 5594 4.

2155 1882 2203 1945 Β

2235 627 2564 707 Πάσχοντες·
2616 627 2678 686 τὸ
2735 625 2838 706 γὰρ
2881 626 3140 706 πράσσειν
3189 626 3494 706 προαίρεσιν
3553 625 3819 704 ἐμφαίνει.

2223 712 2469 798 *Εχθρας
2515 716 2570 776 δὲ
2597 715 2704 776 νόει
2747 717 2841 784 τὰς
2891 716 3126 783 ἀδίκους.
3191 715 3314 775 Εἰσὶ
3363 715 3464 796 γὰρ
3493 715 3584 774 καὶ
3624 716 3824 775 δίκαιαι

2225 807 2436 886 ἔχθραι,
2472 807 2531 865 αἵ
2567 831 2627 885 γε
2677 807 2763 866 διὰ
2799 805 2894 878 τὴν
2937 807 3114 866 πίστιν
3145 805 3439 884 γινόμεναι,
3471 805 3563 864 καὶ
3601 810 3659 866 αἱ
3697 804 3826 884 πρὸς

2225 896 2429 964 πάντας
2475 895 2598 964 τοὺς
2643 903 2736 956 τοῦ
2780 895 2950 962 εὐθέος
2994 895 3317 962 ἐκνεύοντας.
3363 895 3568 967 Ζήλους
3599 895 3654 955 δὲ
3683 895 3826 974 λέγει

2223 986 2319 1054 τὰς
2370 985 2713 1060 ζηλοτυπίαςο
2767 985 2881 1044 ἔστι
2940 984 3043 1065 γὰρ
3090 985 3182 1044 καὶ
3227 988 3382 1056 ζῆλος
3430 985 3647 1063 ἀγαθὸς,
3697 983 3824 1044 ὅταν

2224 1101 2302 1144 τις
2353 1074 2443 1134 τὸν
2492 1076 2552 1135 τὸ
2603 1075 2766 1135 καλὸν
2813 1075 3125 1156 πράσσοντα
3177 1082 3446 1152 μιμεῖται.
3505 1077 3698 1141 Καλῶς
3748 1073 3828 1147 δὲ,

2227 1164 2364 1244 μετᾶ
2397 1166 2490 1233 τὰς
2533 1165 2877 1244 διχοστασίας
2907 1163 3000 1225 καὶ
3049 1164 3145 1232 τὰς
3181 1164 3422 1247 ἐριθείας,
3469 1161 3562 1231 τὰς
3605 1161 3833 1242 αἱρέσεις

2225 1256 2449 1315 τέθεικε·
2499 1264 2653 1314 πᾶσα
2682 1255 2785 1336 γὰρ
2829 1252 3032 1334 αἵρεσις
3061 1253 3167 1314 ἀπὸ
3215 1253 3588 1335 φιλονεικείας,
3639 1253 3825 1330 «capt-

2226 1351 2365 1408 κεῖον
2417 1347 2626 1424 θέλημα
2653 1350 2810 1427 ἱστᾷν
2853 1347 3087 1412 θῦιοντος
3119 1349 3210 1404 τοῦ
3253 1343 3574 1426 φιλονείκου,
3605 1343 3697 1403 καὶ
3740 1343 3830 1402 διὰ

2225 1443 2379 1496 τοῦτο
2425 1435 2628 1517 αἵρεσιν
2674 1439 3044 1502 συνιστῶντος.
3102 1437 3265 1495 Καὶὸ
3304 1433 3456 1515 φόνος
3485 1433 3541 1491 δὲ
3584 1433 3692 1493 ἀπὸ
3735 1438 3830 1492 τοῦ

2226 1527 2436 1610 φθόνου,
2468 1525 2561 1584 καὶ
2609 1525 2658 1584 οῖ
2701 1528 2871 1601 κῶμοι
2923 1524 2973 1563 ⁴⁸
3003 1524 3110 1583 ἀπὸ
3159 1523 3344 1601 μέθης.
3382 1525 3575 1600 Κῶμοι
3608 1522 3713 1603 γὰρ
3760 1521 3829 1580 τὰ

2225 1621 2329 1676 τῶν
2370 1615 2670 1694 μεθυόντων
2701 1617 2815 1690 μεθ’
2857 1613 3060 1692 ὕϐρεων
3093 1613 3335 1696 ᾄσματα*
3389 1611 3472 1670 διὸ
3518 1611 3824 1693 προτέθεικε

2227 1707 2294 1766 τὰ
2322 1709 2614 1786 γεννῶντα,
2646 1695 2760 1764 εἶτα
2793 1703 2858 1763 τὰ
2893 1704 2944 1773 ἐξ
2974 1706 3147 1764 αὐτῶν
3186 1702 3512 1783 γεννώμενα.

2320 1999 2348 2036 ιι
2376 1977 2446 2038 Ὀ
2477 1976 2533 2037 δὲ
2562 1977 2766 2058 καρπὸς
2793 1981 2884 2038 τοῦ
2916 1975 3232 2054 Πνεύματός
3255 1978 3395 2036 ἔστιν
3428 1973 3636 2055 ἀγάπη,
3665 1974 3833 2056 χαρὰ,

2230 2067 2435 2146 εἰρήνη.
2482 2091 2512 2128 n
2570 2068 2658 2129 Τὰ
2701 2067 2797 2147 μὲν
2843 2067 3055 2148 πονηρὰ
3115 2067 3246 2146 ἔργα
3288 2065 3341 2136 ἐξ
3399 2069 3553 2144 ἡμῶν
3600 2064 3834 2144 γίνονται

2231 2157 2406 2234 μόνον·
2449 2156 2529 2217 διὸ
2574 2157 2664 2216 καὶ
2711 2156 2842 2238 ἔργα
2895 2147 3092 2239 σαρκὸς
3125 2147 3297 2234 εἶπεν,
3343 2156 3458 2232 ἅμα
3493 2153 3583 2213 καὶ
3633 2157 3705 2221 ὥς
3745 2156 3833 2235 ἐρ-

2230 2247 2430 2326 γωδίαν
2467 2248 2558 2308 καὶ
2594 2247 2870 2327 βαρύτητα
2928 2245 3139 2324 ἔχοντα.
3173 2247 3258 2307 Τὰ
3298 2246 3350 2305 δὲ
3384 2243 3525 2303 καλὰ
3555 2246 3656 2324 οὐχ
3694 2247 3839 2320 ἡμε-

2228 2338 2386 2418 τέρας
2425 2340 2593 2397 δεῖται
2633 2337 2791 2415 μόνον
2824 2335 3156 2414 ἐπιμελείας,
3191 2333 3330 2418 ἀλλὰ
3360 2334 3451 2394 καὶ
3497 2336 3592 2405 τῆς
3635 2333 3835 2393 ἄνωθεν

2229 2415 2548 2508 συνεργείας·
2605 2427 2685 2485 διὸ
2729 2425 2935 2506 καρπὸν
2981 2424 3120 2484 αὐτὰ
3175 2415 3290 2484 εἶπε
3342 2431 3436 2484 τοῦ
3490 2422 3837 2501 Πνεύματος·

2230 2521 2301 2584 ὡς
2344 2515 2471 2596 παρ’
2521 2519 2678 2592 ἡμῶν
2713 2515 2810 2595 μὲν
2853 2520 2947 2576 τοῦ
2993 2515 3193 2595 σπόρου
3223 2514 3527 2593 διδομένου,
3572 2515 3691 2586 ἤτοι
3740 2519 3836 2586 τῆς

2230 2606 2530 2687 προθέσεως
2584 2606 2659 2685 ⁴⁹,
2711 2611 2805 2666 τοῦ
2845 2606 2900 2665 δὲ
2943 2605 3147 2687 καρπὸν
3195 2604 3439 2683 γενέσθαι
3489 2608 3540 2665 ἐν
3593 2607 3670 2684 τῷ
3708 2606 3838 2685 Θεῷ

2231 2696 2502 2773 κειμένου.
2552 2696 2670 2768 Τὴν
2708 2696 2853 2778 ῥίζαν
2894 2694 2960 2778 δὲ
2995 2695 3210 2754 πάντων
3261 2697 3366 2754 τῶν
3401 2696 3616 2770 ἀγαθῶν
3660 2693 3836 2764 τίθησι

2233 2790 2443 2866 πρῶτον
2475 2785 2572 2860 τὴν
2624 2773 2860 2864 ἀγάπην,
2913 2773 3027 2844 εἶτα
3060 2785 3157 2857 τὴν
3202 2783 3400 2865 χαράν.
3434 2782 3506 2844 ⁴Ο
3545 2782 3650 2863 γὰρ
3706 2785 3841 2860 ἀγα-

2233 2879 2348 2934 πῶν
2394 2875 2475 2934 ἀεὶ
2502 2877 2700 2956 χαίρει,
2747 2875 2840 2934 καὶ
2886 2873 3012 2934 ὅταν
3056 2875 3246 2955 πάσχῃ
3275 2875 3477 2940 κακῶς-
3507 2875 3579 2940 ὡς
3621 2874 3838 2951 εὐεργέ-

2236 2989 2332 3038 την
2362 2962 2464 3045 γᾶρ
2499 2968 2600 3047 δρᾷ
2641 2964 2732 3023 τὸν
2761 2967 2941 3032 κακῶς
2987 2970 3266 3025 ποιοῦντα.
3301 2962 3498 3044 Χαίρει
3527 2961 3583 3022 δὲ
3625 2961 3718 3021 καὶ
3747 2962 3837 3020 ἐπὶ

2235 3059 2312 3135 τῷ
2341 3059 2486 3135 Θεῷ,
2516 3059 2586 3122 ὡς
2629 3053 2696 3113 δι’
2725 3053 2884 3113 αὐτὸν
2919 3053 3096 3113 πάντα
3127 3055 3291 3113 ποιῶν
3331 3053 3420 3112 καὶ
3464 3052 3716 3132 πάσχων,
3743 3053 3838 3111 καὶ

2235 3145 2320 3204 διὰ
2361 3149 2514 3203 τοῦτο
2543 3145 2727 3225 ἀγαθῷ
2765 3143 3021 3203 συνειδότι
3063 3142 3563 3224 ἔπευφραινόμενος.
3601 3141 3702 3203 Ἐκ
3741 3145 3840 3214 τῆς

2235 3233 2444 3312 ἀγάπης
2471 3232 2524 3292 δὲ
2565 3233 2656 3293 καὶ
2685 3237 2779 3304 τῆς
2826 3243 2997 3312 χαρᾶς
3039 3233 3298 3312 εἶρηνεύει
3343 3232 3436 3291 καὶ
3467 3229 3604 3291 κατὰ
3633 3229 3837 3312 ψυχὴν,

2237 3322 2312 3402 μὴ
2381 3323 2770 3402 ταραττόμενος
2844 3331 2951 3389 τοῖς
3015 3327 3317 3402 λογισμοῖς·
3369 3321 3462 3380 καὶ
3523 3321 3654 3401 πρὸς
3719 3320 3842 3387 τοὺς

2234 3412 2424 3481 ἔξωθεν
2456 3411 2508 3472 δὲ
2537 3421 2761 3480 πάντας.
2798 3413 2866 3473 Εἰ
2892 3412 2995 3492 γὰρ
3022 3413 3113 3471 καὶ
3145 3410 3539 3492 ἀπεχθάνεσθαι
3569 3411 3706 3470 δοκεῖ
3748 3435 3841 3469 τι-

2235 3525 2340 3578 σιν,
2375 3503 2472 3562 οὐκ
2505 3506 2705 3575 αὐτοῖς,
2755 3499 2893 3562 ἀλλὰ
2939 3506 3006 3580 τῇ
3040 3505 3094 3561 ἐν
3141 3502 3315 3568 αὐτοῖς
3342 3498 3504 3581 κακία
3545 3497 3840 3578 ἀπεχθάνε-

2234 3617 2365 3664 ται,
2418 3593 2644 3660 ἐκείνους
2697 3594 2919 3671 ἀγαπῶν
2970 3593 3041 3658 ὡς
3094 3589 3369 3672 ἀδελφοὺς,
3435 3589 3526 3649 καὶ
3567 3590 3718 3668 πρὸς
3781 3590 3842 3648 τὸ

2234 3683 2501 3764 συμφέρον
2549 3685 2725 3742 αὐτῶν
2775 3681 2873 3752 τὴν
2928 3681 3220 3761 ἀπέχθειαν
3269 3679 3659 3758 ἐνδεικνύμενος
3705 3680 3840 3738 ταύ-

2233 3797 2329 3846 την
2344 3818 2359 3847 ,
2401 3769 2488 3830 ἵνα
2521 3773 2865 3851 διορθωθῶσι.

2323 3883 2354 3919 α
2407 3861 2787 3943 Μακροθυμία,
2842 3859 3173 3943 χρηστότης,
3235 3859 3586 3938 ἀγαθωσύνη,
3643 3858 3840 3930 πίστις,

2234 3950 2500 4031 πραότης,
2555 3951 2862 4031 ἐγκράτεια.
2923 3972 2954 4009 ι)
3014 3949 3378 4029 Μακροθυμία
3438 3949 3734 4030 πραότητος
3787 3947 3842 4006 ὲν

2234 4043 2404 4120 τούτῳ
2452 4042 2594 4100 δοκεῖ
2643 4039 2794 4120 παρὰ
2921 4043 3110 4120 Γραφῇ
3145 4037 3440 4120 διαφέρειν,
3491 4041 3569 4118 τῷ
3607 4038 3697 4096 τὸν
3744 4039 3843 4112 μὲν

2237 4130 2578 4209 μακρόθυμον
2619 4129 2786 4188 πολὺν
2819 4129 2946 4189 ὄντα
2981 4133 3033 4188 ἐν
3067 4127 3342 4210 φρονήσει,
3378 4128 3454 4204 μὴ
3494 4127 3670 4200 ὀξέως,
3701 4125 3842 4184 ἀλλὰ

2237 4220 2406 4299 σχολῇ
2441 4219 2730 4278 ἐπιτιθέναι
2759 4219 2856 4293 τὴν
2899 4218 3276 4299 προσήκουσαν
3325 4217 3477 4292 δίκην
3512 4221 3589 4298 τῷ
3623 4215 3844 4274 πταίον-

2239 4331 2306 4368 τι·
2354 4309 2441 4368 τὸν
2477 4309 2530 4369 δὲ
2579 4317 2748 4390 πρᾶον
2800 4310 3010 4388 ἀφιέναι
3041 4307 3403 4367 παντάπασιν·
3445 4310 3517 4374 ὡς
3561 4310 3590 4364 ὃ
3635 4309 3844 4377 Μωσῆς

2238 4403 2306 4480 τῇ
2361 4397 2596 4477 Μαριὰμ
2643 4399 2733 4458 καὶ
2784 4402 2860 4480 τῷ
2918 4396 3118 4478 Ἀαρὼν
3171 4398 3340 4478 ἀφιεὶς
3405 4395 3578 4476 πραῢς
3639 4396 3842 4466 ἐκλήθη

2241 4489 2391 4570 παρὰ
2422 4489 2630 4556 πάντας
2659 4487 2778 4555 τοὺς
2806 4493 3187 4555 κατοικοῦντας
3226 4485 3324 4558 τὴν
3353 4489 3472 4566 γῆν.
3529 4488 3844 4566 Χρηστότης

2241 4579 2296 4638 δὲ
2325 4578 2622 4657 κοινότερόν
2652 4578 2703 4637 τί
2733 4580 2847 4637 ἐστι
2877 4577 3024 4657 παρὰ
3053 4577 3150 4649 τὴν
3185 4575 3556 4655 ἀγαθωσύνην.
3595 4576 3846 4657 Χρηστὸς

2237 4667 2343 4747 γὰρ
2398 4667 2594 4748 Κύριος
2643 4671 2751 4734 τοῖς
2796 4666 3095 4744 σύμπασιν·
3126 4670 3160 4738 ἡ
3209 4665 3264 4725 δὲ
3295 4665 3613 4746 ἀγαθωσύνη
3653 4665 3844 4743 μόνους

2239 4757 2358 4827 τοὺς
2403 4757 2576 4826 ἀξίους
2619 4758 2906 4837 εὔεργετεῖ,
2937 4755 3078 4817 κατὰ
3123 4755 3202 4816 te"
3235 4782 3258 4809 α
3291 4755 3602 4834 Ἀγάθυνον,
3659 4753 3846 4834 Κύριε,

2238 4856 2347 4916 τοῖς
2395 4849 2629 4926 ἀγαθοῖς.
2675 4872 2700 4900 υ
2736 4845 2928 4907 Πίστιν
2971 4847 3026 4905 δὲ
3058 4846 3202 4924 λέγει
3245 4846 3304 4905 οὔ
3332 4845 3430 4919 τὴν
3463 4844 3664 4918 ἅπλῶς,
3705 4843 3845 4902 ἀλλὰ

2238 4937 2334 5009 τὴν
2380 4937 2474 4997 καὶ
2518 4938 2616 5016 ὄρη
2679 4939 3034 5013 μεθιστῶσαν,
3081 4935 3180 5007 τὴν
3228 4933 3298 4994 τὰ
3353 4934 3503 5016 παρὰ
3553 4931 3847 5016 ἀνθρώποις

2241 5025 2473 5086 ἀδύνατα
2505 5014 2858 5086 πίστεύουσαν
2910 5025 3060 5107 παρὰ
3107 5027 3235 5105 Θεῷ
3287 5014 3486 5085 δυνατὰ
3539 5014 3672 5084 εἶναι
3731 5023 3847 5080 ἀδι-

2242 5116 2499 5183 στάκτως’
2555 5117 2644 5175 ἐπὶ
2692 5125 2826 5174 πᾶσι
2870 5115 2923 5174 δὲ
2973 5120 3008 5188 ἡ
3065 5115 3372 5195 ἐγκράτεια,
3429 5115 3489 5174 οὗ
3543 5111 3842 5195 βρωμάτων

2243 5207 2425 5284 μόνον,
2456 5205 2595 5266 ἀλλὰ
2627 5205 2720 5265 καὶ
2748 5205 2946 5274 παντὸς
2973 5209 3228 5286 πονηροῦ.

1922 5619 2110 5680 Variae
2151 5620 2452 5682 lectiones.

612 5713 656 5750 ¹⁸
687 5713 716 5768 ὁ
746 5719 911 5788 κῶμος
937 5732 1014 5773 m.
1092 5717 1136 5752 ‘9
1165 5718 1487 5790 προαιρέσεως
1510 5732 1592 5776 m.
