4124 6438
461 457 590 511 1021

1367 451 1723 509 EXPOSITIO
1767 452 1835 509 ΙΝ
1872 453 2082 510 EPIST.
2122 454 2215 512 AD
2251 454 2496 512 GALAT.
2533 483 2606 498 —
2641 455 2792 513 CAP.
2830 455 2921 513 VI.

3631 456 3768 512 1022

544 601 576 639 α
606 578 765 643 Κατὰ
792 581 897 639 τῶν
926 578 1177 639 τοιούτων
1206 579 1303 639 οὔκ
1333 578 1447 638 ἔστι
1473 578 1650 656 νόμος.
1686 600 1714 636 ι
1747 578 1926 659 Ψυχὴ
1956 579 2058 660 γὰρ

2242 583 2420 638 Vens.
2462 585 2548 638 23.
2589 604 2616 631 α
2664 581 2948 641 Adversus
2974 580 3293 655 hujusmodi
3325 595 3441 638 non
3466 586 3552 638 est
3587 581 3696 637 lex.
3740 602 3766 628 ι

455 675 786 752 κατορθοῦσα
815 676 985 731 ταῦτα
1018 669 1125 729 ἀπὸ
1156 667 1490 749 Πνεύματος,
1527 671 1587 728 οὗ
1625 669 1793 728 δεῖται
1829 673 1923 741 τῆς
1952 671 2059 730 ἀπὸ

454 768 545 822 τοῦ
591 761 754 838 νόμου
801 758 1095 831 νουθεσίας,
1150 759 1453 840 ὕψηλοτέρα
1505 757 1640 831 αὖτὴ
1680 750 1830 818 οὖσα·
1877 759 2058 840 ὥσπερ

454 850 547 910 καὶ
592 854 642 911 οἱ
688 849 843 932 φύσει
892 848 1025 919 ὀξεῖς
1071 847 1231 908 ἵπποι
1271 850 1329 908 οὖ
1371 848 1575 908 δέονται
1620 847 1892 924 μάστιγος.
1937 850 2062 929 Οὐχ

454 944 525 1010 ὡς
574 940 804 1020 πονηρὸν
865 938 921 999 δὲ
976 939 1065 999 τὸν
1112 939 1273 1017 νόμον
1327 938 1587 1018 ἐκβάλλει
1643 937 1763 998 οὐδὲ
1815 939 2061 1014 ἐνταῦθα,

456 1029 579 1092 ἀλλ’
604 1034 676 1098 ὡς
704 1028 965 1089 ἐλάττονα
1011 1032 1105 1102 τῆς
1149 1028 1301 1111 παρὰ
1337 1033 1431 1089 τοῦ
1488 1026 1807 1107 Πνεύματος
1846 1027 2063 1106 διδομέ-

454 1144 549 1195 νης
578 1119 909 1203 φιλοσοφίας.

544 1232 575 1270 (ι
604 1212 675 1272 Οἱ
703 1209 758 1270 δὲ
786 1214 880 1269 τοῦ
908 1210 1143 1289 Χριστοῦ
1166 1208 1264 1284 τὴν
1294 1208 1472 1290 σάρκα
1522 1208 1864 1289 ἐσταύρωσαν
1889 1207 1943 1244 ²⁰
1967 1206 2062 1267 σὺν

455 1308 562 1368 τοῖς
607 1298 894 1379 παθήμασι
941 1299 1035 1359 καὶ
1085 1307 1203 1368 ταῖς
1246 1298 1585 1380 ἐπιθυμίαις.
1610 1320 1639 1358 ι)
1675 1295 1896 1380 εὨσπερ
1927 1296 2065 1365 τινὸς

456 1391 713 1456 εἰπόντος·
783 1388 885 1459 Τίς
935 1390 1079 1448 ἐστιν
1126 1394 1155 1450 ὁ
1205 1394 1399 1463 ταῦτα,
1451 1388 1484 1447 ἃ
1538 1379 1709 1465 εἶπας,
1758 1392 2028 1469 κατορθῶν
2042 1411 2059 1466 ;

457 1479 640 1562 φησὶν,
672 1478 754 1539 ὅτι
797 1498 826 1537 ιι
855 1479 927 1539 Οἱ
974 1478 1029 1537 δὲ
1066 1484 1160 1539 τοῦ
1209 1481 1471 1560 Χριστοῦ,
1505 1501 1533 1535 ››
1568 1478 1867 1552 τουτέστιν,
1897 1483 1943 1537 οἱ
1972 1481 2066 1551 τῆς

459 1570 669 1651 μερίδος
721 1574 817 1628 τοῦ
859 1571 1098 1649 Χριστοῦ
1147 1568 1310 1643 ὄντες,
1346 1590 1378 1628 (ι
1424 1568 1523 1641 τήν
1571 1569 1745 1650 σάρκα
1789 1567 2063 1648 ἐσταύρω-

459 1683 581 1738 σαν,
634 1687 659 1711 »
712 1657 977 1733 τουτέστι,
1025 1658 1086 1717 τὸ
1129 1660 1383 1735 σαρκικὸν
1429 1657 1676 1744 φρόνημα
1736 1659 2060 1738 ἔνέκρωσαν.

458 1750 540 1811 Οὐ
570 1748 673 1829 γὰρ
722 1746 786 1821 δὴ
842 1746 1059 1815 ἑαυτοὺς
1099 1749 1321 1807 ἀνεῖλον·
1369 1747 1455 1807 ἵνα
1509 1747 1685 1828 σάρκα
1738 1747 1931 1828 νοήσῃς
1983 1746 2059 1824 μή

462 1838 559 1910 τὴν
595 1838 643 1876 ²¹
680 1839 865 1899 οὐσίαν
896 1841 990 1910 τῆς
1022 1838 1252 1919 σαρκὸς,
1280 1837 1420 1898 ἀλλὰ
1448 1836 1537 1897 τὸν
1579 1838 1753 1916 γεώδη
1782 1836 2063 1916 λογισμὸν,

2174 671 2381 727 Anima
2410 671 2563 727 enim
2588 670 2708 728 haec
2725 688 2755 728 a
2781 672 2991 744 Spiritu
3017 670 3326 744 perﬁciens,
3352 686 3464 727 non
3492 678 3615 743 eget
3637 670 3770 743 legis

2170 760 2577 828 adhortatione,
2610 761 2812 833 quippe
2846 776 2971 834 quae
2999 761 3072 817 sit
3101 761 3219 832 lege
3260 760 3422 817 altior
3455 778 3470 817 :
3503 759 3768 833 quemad-

2171 850 2402 908 modum
2422 852 2553 923 equi
2571 858 2771 908 natura
2795 852 3018 921 celeres,
3046 867 3162 908 non
3183 866 3322 924 opus
3343 850 3547 907 habent
3574 850 3764 922 ﬂagro.

2169 942 2377 1015 Legem
2401 949 2586 999 autem
2613 957 2712 998 ceu
2746 941 2951 997 malam
2980 957 3050 998 ne
3079 940 3170 997 hic
3198 940 3421 1014 quidem
3448 939 3645 1013 rejicit,
3674 939 3770 996 sed

2169 1039 2433 1106 tanquam
2454 1031 2741 1105 sapientia,
2762 1047 2926 1105 quam
2944 1030 3180 1104 Spiritus
3199 1030 3445 1103 largitus,
3470 1029 3769 1087 minorem.

2243 1225 2425 1280 Vsas.
2459 1227 2551 1279 24.
2583 1245 2609 1272 α
2640 1223 2747 1294 Qui
2775 1230 2960 1279 autem
2993 1228 3123 1278 sunt
3148 1221 3371 1291 Christi,
3400 1235 3624 1278 carnem
3648 1236 3770 1279 cru-

2171 1313 2456 1371 ciﬁxerunt
2484 1329 2613 1370 cum
2654 1311 2799 1369 vitiis
2846 1321 2903 1369 et
2946 1311 3425 1384 concupiscentiis.
3473 1335 3500 1360 ιι
3542 1310 3771 1368 Perinde

2171 1419 2236 1459 ac
2277 1403 2323 1460 si
2371 1403 2494 1476 quis
2530 1402 2678 1460 dicat
2723 1420 2736 1458 :
2782 1401 2917 1475 Quis
2957 1410 3043 1458 est
3081 1400 3175 1474 qui
3215 1400 3355 1470 haec,
3400 1416 3524 1472 qua:
3565 1400 3770 1469 dixisti,

2171 1492 2457 1566 perﬁciat?
2498 1515 2525 1541 «ι
2565 1492 2673 1561 Qui
2701 1491 2900 1548 Christi
2936 1499 3084 1559 sunt,
3136 1514 3161 1539 υ
3202 1490 3406 1563 inquit,
3440 1489 3498 1546 id
3537 1497 3643 1559 est,
3672 1490 3766 1562 qui

2171 1591 2304 1639 sunt
2334 1598 2363 1638 a
2393 1581 2638 1655 partibus
2677 1580 2902 1651 Christi,
2942 1601 2969 1630 α
3013 1596 3242 1636 carnem
3272 1578 3689 1648 cruciﬁxerunt,
3744 1602 3769 1628 ιι

2173 1672 2230 1728 id
2259 1679 2361 1743 est,
2398 1672 2673 1727 carnalem
2703 1669 2965 1727 affectum
2992 1669 3420 1726 mortiﬁcarunt.
3456 1671 3583 1726 Non
3621 1668 3772 1725 enim

2170 1762 2382 1834 seipsos
2411 1761 2847 1818 interemerunt:
2876 1768 2941 1817 ut
2962 1775 3185 1816 carnem
3213 1758 3486 1832 intelligas
3513 1772 3624 1815 non
3649 1757 3774 1815 sub-

2170 1852 2424 1909 stantiam
2462 1851 2666 1920 carnis,
2694 1850 2794 1908 sed
2821 1858 3144 1908 terrestrem
3174 1848 3603 1921 cogitationem,
3634 1846 3772 1905 adeo

459 1928 598 1988 ὥστε
644 1928 784 2007 μήτε
813 1926 882 1987 τὰ
918 1932 1011 1987 τοῦ
1059 1933 1227 2007 θυμοῦ
1276 1927 1570 2006 παθήματα
1618 1930 1670 1987 ἐν
1718 1928 1895 1995 αὐτοῖς
1939 1931 2066 2008 ζῇν,

2177 1948 2239 1998 ut
2266 1956 2448 2013 neque
2475 1942 2573 1997 irae
2601 1950 2787 1998 motus
2809 1940 2870 1998 in
2899 1940 3034 2013 ipsis
3062 1954 3229 2012 porro
3258 1938 3464 2002 vivant,
3496 1951 3598 1994 nec
3622 1938 3772 2010 cupi-

461 2016 597 2095 μήτε
631 2017 724 2086 τὰς
762 2016 1042 2094 ἐπιθυμίας
1067 2016 1142 2094 ²²,
1191 2016 1333 2077 ἀλλὰ
1372 2018 1464 2077 καὶ
1507 2024 1675 2077 ταῦτα
1720 2016 1969 2084 κάκείνας
2007 2018 2064 2073 ἐ-

460 2110 814 2187 σταυρῶσθαι,
840 2106 930 2166 καὶ
952 2110 1326 2189 νενεκρῶσθαι.
1351 2104 1429 2167 *Η
1449 2106 1740 2183 παθήματα
1769 2106 1949 2189 ἆᾼπλῶς
1972 2103 2066 2173 τὰς

459 2200 710 2275 ἐμπαθεῖς
756 2196 970 2276 πράξεις
1016 2199 1167 2277 φησὶ,
1215 2195 1314 2257 κᾶν
1350 2221 1409 2255 τε
1450 2197 1557 2257 ἀπὸ
1587 2202 1754 2274 θυμοῦ
1786 2184 1908 2271 ὦσι,
1954 2195 2056 2254 κάν

457 2311 515 2347 τε
568 2287 676 2346 ἀπὸ
720 2285 1017 2364 ἐπιθυμίας.
1060 2289 1142 2347 Οὐ
1185 2286 1342 2362 μόνον
1394 2278 1484 2345 οὖν
1532 2286 1629 2353 τὰς
1672 2284 1888 2364 πράξεις
1932 2285 2062 2364 φησὶ

460 2381 790 2457 νεκροῦσθαι,
840 2374 978 2434 ἀλλὰ
1016 2376 1109 2436 καὶ
1138 2375 1303 2443 αὐτὰς
1331 2376 1425 2444 τὰς
1468 2375 1639 2458 ἀρχὰς
1670 2375 1890 2450 τούτων,
1941 2376 2061 2448 ἤτοι

460 2467 553 2536 τὰς
584 2466 887 2542 ἐπιθυμίας.

545 2576 578 2616 σ
602 2557 671 2617 Εἰ
701 2558 874 2633 ζῶμεν
904 2554 1209 2632 Πνεύματι,
1253 2552 1535 2630 Πνεύματι
1575 2553 1666 2613 καὶ
1694 2558 2055 2635 στοιχῶμεν.»

460 2644 702 2718 Ἐπειδὴ,
756 2644 914 2725 φησὶ,
964 2644 1205 2718 τοσαύτη
1258 2648 1292 2715 ἡ
1342 2648 1434 2703 τοῦ
1500 2643 1812 2723 Πνεύματος
1881 2643 2055 2724 ἰσχὺς,

458 2736 642 2815 ἐκείνῳ
684 2738 878 2814 ζῶμεν,
920 2734 1103 2816 ἐκείνῳ
1151 2733 1453 2814 ἀρκώμεθα.
1484 2737 1661 2795 Τοῦτο
1701 2733 1806 2814 γάρ
1837 2734 1950 2792 ἐστι
1976 2734 2056 2809 τὸ,

458 2853 482 2879 ι
517 2827 846 2905 Στοιχῶμεν,
879 2849 903 2878 ι
953 2825 1070 2884 ἀντὶ
1098 2830 1210 2900 τοῦ,
1242 2822 1609 2903 Ἀρκεσθῶμεν
1733 2828 1825 2883 τοῦ
1876 2823 2055 2884 Πνεύ-

460 2939 622 2993 ματος
654 2914 903 2993 δυνάμει,
932 2913 1025 2974 καὶ
1050 2912 1125 2994 μὴ
1156 2915 1491 2993 ἐπιζητῶμεν
1520 2913 1619 2987 τὴν
1643 2911 1864 2973 ἀπὸτοῦ
1893 2912 2056 2993 νόμου

458 3004 791 3089 προσθήκην.

460 3104 489 3163 ἐς
551 3118 580 3155 (ι
628 3095 723 3169 Μὴ
754 3092 1027 3173 γενώμεθα
1080 3096 1272 3174 [vulg.
1313 3096 1449 3175 γιν.]
1482 3092 1763 3169 κενόδοξοι,
1795 3093 2062 3167 ἀλλήλους

458 3188 907 3268 προκαλούμενοι,
972 3183 1241 3257 ἀλλήλοις
1304 3189 1630 3261 φθονοῦντες.
1684 3205 1716 3243 n
1785 3183 2061 3244 Δείκνυσιν

456 3279 713 3349 ἐνταῦθα,
763 3274 846 3334 ὅτι
894 3274 1359 3355 οἳῗπλανήσαντες
1415 3272 1637 3347 αὐτοὺς,
1688 3273 1796 3331 ἀπὸ
1851 3275 2060 3355 φιλοδο-

2175 2030 2398 2099 ditates,
2428 2030 2522 2088 sed
2550 2039 2612 2087 ut
2647 2046 2773 2087 cum
2799 2030 2910 2099 hac,
2944 2038 3066 2086 tum
3107 2028 3185 2084 illi
3225 2026 3677 2100 cruciﬁgerentur
3717 2036 3773 2083 ct

2173 2119 2657 2177 mortiﬁcarentur.
2714 2120 2813 2176 Vel
2874 2116 3113 2176 affectus
3162 2116 3483 2189 simpliciter
3525 2115 3773 2173 turbatas

2173 2211 2519 2283 operationes
2542 2209 2822 2282 intelligit,
2848 2208 2959 2264 sive
2987 2208 3056 2264 ab
3086 2207 3167 2262 ira
3195 2206 3325 2274 sint,
3351 2207 3472 2263 sive
3500 2220 3533 2261 a
3562 2221 3771 2262 concu—

2172 2300 2452 2373 piscentia.
2482 2302 2610 2355 Non
2641 2299 2820 2355 solum
2849 2298 3019 2371 igitur
3047 2312 3212 2370 opera
3239 2295 3624 2352 mortiﬁcanda
3652 2310 3771 2351 esse

2170 2389 2265 2458 ait,
2289 2389 2387 2446 sed
2410 2390 2580 2447 etiam
2609 2389 2723 2461 ipsa
2751 2388 2954 2445 horum
2982 2386 3269 2460 principia,
3298 2385 3768 2460 concupiscentias

2170 2480 2456 2537 nimirum.

2244 2570 2407 2642 361
2433 2571 2607 2626 Vens.
2622 2573 2713 2625 25.
2732 2568 2829 2625 «Si
2843 2567 3050 2641 Spiritu
3071 2567 3328 2634 vivimus,
3350 2564 3556 2638 Spiritu
3579 2574 3635 2622 et
3650 2574 3768 2623 am-

2169 2660 2439 2717 bulemus.
2468 2681 2497 2710 ιο
2530 2660 2697 2729 Quia,
2728 2658 2926 2730 inquit,
2956 2666 3175 2714 tantum
3205 2657 3443 2729 Spiritus
3467 2656 3642 2712 robur
3666 2664 3769 2723 est,

2170 2749 2245 2805 illi
2273 2749 2546 2817 vivamus,
2574 2748 2669 2805 illo
2698 2747 2874 2805 simus
2903 2747 3169 2804 contenti.
3192 2748 3315 2803 Hoc
3332 2745 3479 2802 enim
3508 2753 3612 2814 est,
3632 2745 3776 2799 Στοι-

2170 2843 2367 2910 χῶμεν,
2419 2853 2517 2909 pro
2565 2853 2631 2895 eo
2678 2836 2830 2910 quod
2876 2844 2981 2905 est,
3029 2835 3170 2893 Satis
3215 2834 3288 2890 sit
3332 2834 3499 2890 nobis
3541 2833 3773 2905 Spiritus

2172 2928 2443 3001 potentia,
2473 2941 2575 2984 nec
2601 2943 2631 2983 a
2662 2927 2778 2999 lege
2806 2941 3122 2999 quaeramus
3151 2923 3622 2982 additamentum.

2245 3094 2435 3149 Vsns.
2466 3096 2557 3148 26.
2592 3112 2618 3139 α
2660 3093 2787 3147 Non
2814 3088 3128 3147 efﬁciamur
3147 3088 3319 3145 inanis
3347 3087 3538 3161 gloriae
3567 3087 3772 3159 cupidi,

2170 3181 2403 3238 invicem
2444 3189 2824 3253 provocantes,
2867 3180 3107 3236 invicem
3145 3178 3472 3235 invidentes.
3520 3200 3546 3227 η
3580 3180 3777 3234 Osten-

2173 3271 2256 3329 dit
2289 3271 2377 3328 hic
2414 3271 2564 3344 quod
2604 3271 2697 3343 qui
2737 3286 2832 3327 eos
2870 3270 3208 3336 seduxerint,
3254 3284 3318 3325 ex
3355 3267 3661 3325 ambitione
3707 3282 3773 3323 co

460 3364 571 3433 ξίας
596 3364 649 3403 ²³
680 3366 750 3431 εἷς
776 3369 930 3423 τοῦτο
955 3354 1116 3436 ἦλθον
1162 3362 1323 3441 (αὕτη
1366 3362 1470 3443 γὰρ
1518 3362 1666 3423 αἰτία
1694 3350 1911 3422 πάντῶν
1958 3367 2062 3423 τῶν

2171 3362 2517 3434 pervenerint
2538 3361 2676 3429 (haec
2701 3360 2848 3417 enim
2870 3360 3123 3417 omnium
3150 3358 3423 3415 malorum
3453 3372 3617 3414 causa
3645 3360 3775 3427 est),

460 3453 686 3534 κακῶν),
731 3452 993 3525 ἀλλήλους
1036 3453 1101 3526 δὴ
1143 3453 1569 3533 προκαλούμενοι
1610 3456 1684 3520 εἷς
1736 3452 2065 3534 φιλονεικίαν

460 3544 550 3604 καὶ
593 3533 753 3625 ἕρεις·
800 3548 871 3611 ὡς
916 3541 1042 3601 ὅταν
1082 3566 1160 3609 τις
1205 3542 1337 3622 λέγῃ
1382 3546 1458 3621 τῷ
1497 3543 1804 3622 ἀντιπάλῳ·
1837 3541 1970 3602 ἸΞὰν
2021 3533 2070 3601 εἷ

468 3634 724 3706 δυνατὸς,
767 3634 919 3713 δεῦρο
945 3632 1255 3710 ποιήσωμεν
1286 3632 1404 3691 τόδε
1443 3655 1510 3691 τι.
1549 3630 1705 3694 Ἐπεὶ
1737 3629 1793 3691 δὲ
1838 3631 1947 3693 ἀπὸ
1976 3656 2065 3692 κε·

460 3722 686 3795 νοδοξίας
717 3726 744 3782 ὁ
776 3723 977 3805 φθόνος,
1002 3722 1094 3783 καὶ
1125 3726 1310 3783 τοῦτον
1340 3721 1554 3783 κωλύει.

1036 3932 1324 3992 ΚΕΦΑΛ.
1376 3929 1473 4008 ς’.

544 4080 573 4116 α
616 4055 879 4139 Ἀδελφοὶ,
909 4058 1000 4117 ἓάν
1053 4056 1143 4116 καὶ
1195 4059 1479 4140 προληφθῇ
1528 4056 1807 4138 ἄνθρωπος
1855 4055 1910 4115 ἔν
1962 4080 2065 4118 τινι

461 4147 863 4229 παραπτώματι
937 4152 1087 4225 ὑμεῖς
1153 4147 1201 4206 οἱ
1266 4145 1620 4226 πνευματικοὶ
1718 4148 2065 4228 καταρτίζετε

459 4238 547 4297 τὸν
583 4243 817 4298 τοιοῦτον
851 4239 905 4296 ἐν
932 4244 1200 4312 πνεύματι
1242 4237 1560 4317 πραότητος.
1592 4258 1623 4295 n
1663 4235 1894 4311 Ἐπειδὴ
1925 4239 2064 4297 πολ-

460 4328 541 4387 λοὶ
591 4329 719 4408 παρ’
785 4329 959 4393 αὐτοῖς
1010 4328 1285 4395 δοκοῦντες
1338 4329 1589 4408 ἐπιτιμᾷν
1644 4334 1758 4393 τοῖς
1810 4327 2066 4406 ἁμαρτά-

458 4439 628 4496 νουσι,
678 4417 745 4476 τὰ
800 4419 1000 4476 ἑαυτῶν
1056 4415 1317 4483 ἐξεδίκουν
1367 4416 1537 4488 πάθη,
1611 4414 1719 4475 ἀπὸ
1781 4414 2067 4498 φιλαρχίας

461 4508 532 4573 εἰς
563 4512 718 4566 τοῦτο
748 4506 1044 4585 ἐρχόμενοι·
1075 4506 1258 4587 φησὶν,
1292 4504 1374 4564 ὅτι
1404 4532 1428 4558 α
1455 4504 1590 4566 Ἐὰν
1612 4509 1893 4587 προληφθῇ
1922 4529 2017 4579 τις,
2044 4534 2066 4559 υ

460 4595 721 4673 τουτέστι,
750 4598 1104 4676 Συναρπαγῇ,
1139 4594 1325 4653 παθὼν
1357 4593 1613 4674 ἐπήρειαν
1645 4595 1749 4655 ὑπὸ
1779 4595 2023 4672 δαίμονος
2046 4640 2062 4669 ,

463 4707 496 4745 (ι
528 4688 677 4764 ὑμεῖς
737 4687 787 4743 οἱ
840 4685 1192 4760 πνευματικοὶ
1256 4686 1620 4766 καταρτίζετε·
1682 4707 1710 4746 ι)
1788 4684 2060 4764 τουτέστι,
2096 4666 2144 4728 D

460 4773 559 4846 Μὴ
609 4774 882 4847 κολάζετε,
933 4773 1072 4855 ἀλλὰ
1116 4775 1418 4853 διορθοῦσθε
1451 4802 1476 4827 σι
1507 4776 1559 4834 ἐν
1604 4773 1874 4853 πνεύματι
1922 4798 2062 4855 πρα-

459 4864 659 4939 ὄτητος.
708 4886 738 4923 ιι
798 4866 919 4925 Οὔκ
950 4852 1136 4939 εἶπεν,
1165 4852 1265 4925 Ἐν
1321 4863 1624 4944 πραότητι,
1676 4852 1833 4937 ἀλλ’,
1896 4885 1925 4922 tt
1967 4852 2065 4926 Ἔν

461 4955 742 5032 Πνεύματι
767 4954 1133 5035 [πραότητος],
1167 4980 1195 5009 n
1225 4953 1428 5022 δεικνὺς
1454 4955 1534 5013 ὅτι
1562 4953 1655 5014 καὶ
1684 4956 1762 5037 τῷ
1782 4953 2063 5033 Πνεύματι

465 5049 621 5105 τοῦτο
680 5045 857 5117 δοκεῖ,
932 5044 1023 5104 καὶ
1080 5044 1162 5103 ὅτι
1207 5048 1572 5122 πνευματικοῦ
1624 5044 1954 5125 χαρίσματος
2004 5044 2065 5104 τὸ

463 5137 580 5213 μετ’
615 5133 901 5202 ἐπιεικείας
926 5134 1045 5201 τοὺς
1073 5132 1479 5216 ἁμαρτάνοντας
1504 5136 1857 5215 διορθοῦσθαι.

546 5246 575 5283 α
614 5226 841 5285 Σκοπῶν
891 5222 1128 5297 σεαυτὸν,
1179 5223 1256 5301 μὴ
1304 5223 1396 5283 καὶ
1444 5226 1500 5283 οὗ
1558 5228 1848 5304 πειρασθῆς
1896 5223 1973 5285 ³⁸.
2028 5248 2059 5282 τι

459 5310 579 5375 Ἵνα
625 5312 704 5393 μὴ
754 5314 961 5393 ἐπαρθῇ
1011 5317 1039 5371 ὃ
1083 5313 1262 5393 ἕτερον
1313 5313 1665 5395 καταρτίζων,
1715 5314 2065 5396 ἀσφαλίζεται

459 5404 635 5463 αὐτόν.
699 5401 900 5463 Σκόπει
947 5401 1073 5483 γὰρ,
1130 5402 1284 5486 φησὶ,
1321 5402 1413 5462 καὶ
1469 5402 1617 5484 τήρει
1668 5402 1925 5482 σεαυτὸν,
1989 5402 2064 5481 μὴ

457 5492 549 5552 καὶ
605 5490 670 5555 σὺ
728 5500 837 5561 τοῖς
902 5496 1081 5561 αὐτοῖς
1147 5492 1457 5574 περιπέσῃς,
1515 5493 1815 5575 πειρασμὸν
1876 5492 2060 5553 παθὼν

461 5581 562 5641 ὕπὸ
614 5585 722 5659 ,τοῦ
791 5581 1176 5660 ἀντικειμένου.
1221 5572 1621 5665 γἘμφαντικῶς
1669 5582 1725 5643 δὲ
1788 5572 1905 5643 εἷπε
1973 5584 2057 5663 τὸ,

2172 3467 2395 3523 nempe,
2440 3450 2576 3506 alter
2606 3451 2844 3507 alterum
2876 3456 3238 3522 provocantes
3275 3446 3348 3504 ad
3387 3447 3776 3505 contentiones

2172 3549 2229 3597 et
2254 3540 2377 3597 lites
2402 3558 2415 3596 :
2445 3539 2915 3612 quemadmodum
2939 3540 2990 3595 si
3013 3537 3322 3595 adversario
3342 3552 3443 3593 suo
3467 3536 3590 3608 quis
3608 3535 3774 3605 dicat,

2172 3632 2313 3701 Age,
2344 3630 2386 3685 si
2412 3630 2577 3699 vales,
2610 3628 2955 3701 experiamur
2984 3628 3096 3683 tale
3124 3626 3278 3698 quid.
3306 3624 3773 3698 Quandoquidem

2173 3735 2302 3776 vero
2344 3735 2412 3776 ex
2451 3718 2599 3775 inani
2639 3717 2815 3791 gloria
2861 3717 2933 3775 sit
2969 3715 3196 3783 invidia,
3246 3714 3392 3772 hanc
3429 3714 3594 3771 etiam
3641 3730 3770 3787 pro-

2173 3807 2347 3866 hibet.

2789 3932 3031 3990 CAPUT
3057 3934 3152 3989 Vl.

2244 4063 2427 4120 Vsus.
2482 4066 2533 4118 1.
2589 4083 2615 4112 α
2666 4060 2905 4129 Fratres,
2947 4068 3004 4117 et
3049 4059 3095 4117 si
3144 4065 3558 4134 praeoccupatus
3606 4056 3774 4115 fuerit

2173 4153 2343 4210 homo
2391 4152 2447 4207 in
2484 4149 2668 4224 aliquo
2711 4149 2938 4220 delicto,
2983 4166 3082 4207 vos
3133 4150 3224 4223 qui
3269 4150 3581 4223 spirituales
3620 4149 3773 4216 estis,

2174 4241 2495 4315 hujusmodi
2543 4242 2846 4298 instaurate
2884 4242 2945 4298 in
2992 4240 3187 4313 spiritu
3234 4240 3494 4297 lenitatis.
3556 4262 3585 4290 ιι
3633 4240 3776 4309 Quia

2175 4332 2423 4406 plerique
2452 4332 2598 4404 apud
2622 4332 2769 4404 ipso
2797 4331 2896 4403 qui
2915 4329 3301 4403 delinquentes
3320 4330 3599 4402 increpare
3626 4328 3773 4386 vide-

2176 4423 2399 4490 bantur,
2440 4437 2574 4478 suos
2618 4421 3027 4477 ulciscebantur
3066 4420 3322 4488 affectus,
3364 4436 3429 4478 ex
3458 4419 3778 4477 dominatus

2175 4511 2477 4585 cupiditate
2507 4527 2573 4568 eo
2606 4510 2878 4585 provecti;
2924 4511 3022 4581 ait,
3073 4534 3099 4561 σι
3132 4509 3185 4567 Si
3216 4518 3629 4583 praeoccupatus
3658 4508 3776 4566 fuc-

2171 4603 2244 4659 rit
2276 4602 2499 4677 aliquis,
2550 4625 2576 4651 α
2606 4601 2714 4658 hoc
2760 4607 2864 4669 est,
2917 4600 3214 4672 Correptus
3259 4615 3290 4655 a
3328 4598 3606 4668 daemone,
3661 4599 3768 4654 vim

2174 4708 2390 4765 passus,
2447 4714 2473 4742 ι
2517 4694 2632 4748 Vos
2674 4691 2769 4764 qui
2813 4690 3127 4762 spirituales
3170 4688 3319 4753 estis,
3367 4688 3694 4755 instaurate,
3748 4710 3774 4737 ι

2172 4782 2281 4839 hoc
2312 4791 2415 4853 est,
2448 4785 2574 4839 Non
2621 4781 2839 4853 punite,
2865 4779 2963 4837 sed
2997 4778 3231 4850 dirigite,
3264 4800 3291 4827 ι
3327 4780 3389 4833 In
3417 4778 3606 4850 spiritu
3640 4777 3776 4833 leni-

2172 4873 2323 4929 tatis.
2370 4894 2395 4921 a
2429 4875 2554 4929 Non
2584 4871 2742 4939 dixit,
2773 4873 2840 4927 In
2866 4870 3116 4936 lenitate,
3145 4866 3265 4937 sed,
3304 4889 3329 4916 σι
3360 4871 3422 4924 In
3453 4866 3651 4940 Spiritu
3682 4867 3767 4925 Ie-

2172 4961 2357 5019 nitatis
2414 4985 2440 5012 ιο
2505 4961 2751 5018 indicans
2796 4958 2947 5033 quod
3003 4966 3061 5015 et
3108 4958 3334 5032 Spiritui
3382 4949 3503 5014 hoc
3548 4957 3777 5030 placeat,

2172 5060 2227 5109 et
2255 5051 2405 5126 quod
2436 5052 2509 5109 sit
2535 5050 2832 5126 spiritualis
2861 5048 3011 5121 doni,
3042 5064 3174 5106 cum
3202 5046 3626 5105 mansuetudine
3651 5061 3779 5120 pec-

2171 5151 2359 5200 cantes
2395 5142 2693 5216 corrigere.

2248 5257 2273 5283 ‹‹
2315 5230 2685 5290 Considerans
2715 5230 2978 5303 teipsum,
3016 5245 3086 5286 ne
3127 5235 3185 5286 et
3228 5235 3289 5286 tu
3327 5226 3574 5285 tenteris.
3626 5248 3655 5277 ι
3695 5228 3782 5285 Ne

2174 5322 2468 5379 extollatur
2518 5322 2567 5377 is
2618 5321 2710 5394 qui
2760 5320 2929 5376 alium
2974 5319 3208 5392 perlicit,
3262 5317 3567 5392 praamunit
3624 5332 3774 5374 eum.

2172 5411 2474 5469 Considera
2504 5411 2677 5480 enim,
2708 5410 2910 5484 inquit,
2949 5417 3113 5481 atque
3149 5409 3384 5465 observa
3413 5408 3675 5480 teipsum,
3708 5422 3781 5464 ne

2172 5507 2228 5559 et
2283 5509 2342 5558 tu
2393 5502 2452 5558 in
2498 5500 2696 5558 eadem
2747 5499 2980 5569 incidas,
3035 5498 3400 5557 tentationem
3462 5512 3652 5569 passus
3706 5496 3777 5554 ab

2173 5590 2508 5649 adversario.
2560 5590 2882 5663 Emphatice
2930 5598 3119 5648 autem
3164 5588 3323 5659 dixit,
3368 5610 3393 5639 ι
3424 5589 3508 5644 Tu
3548 5605 3626 5643 ι»
3668 5586 3777 5647 bus

1852 5695 2045 5758 Varia
2083 5697 2382 5758 lectiones.
2552 5772 2553 5775 η

532 5791 578 5827 ⁸ο
609 5791 988 5864 ἀνεσταύρωσαν
1018 5808 1072 5851 0.
1148 5794 1190 5829 ³³
1220 5793 1374 5865 ῥητήν
1401 5810 1456 5852 o.
1532 5794 1577 5831 ”
1600 5795 1663 5851 τὰ
1688 5798 1775 5863 τῆς
1793 5793 1954 5855 ἔπιθι».
1985 5812 2041 5854 0.
2117 5796 2165 5831 ³⁸
2185 5794 2514 5855 φιλονεικείας
2541 5808 2596 5851 ο.
2674 5792 2720 5828 ³⁸
2752 5792 2964 5865 ἔπαρθῇς
2989 5808 3043 5850 ο.
