4124 6452
359 455 500 510 1023

1372 451 1891 510 THEOPHYLACTI
1927 451 2288 508 BULGARI/E
2326 452 2644 509 ARCHIEP.

3518 446 3655 503 1024

360 593 542 636 mana:
587 594 830 653 namque
884 578 1275 636 imbecillitatis
1324 594 1421 651 per
1466 579 1569 636 hoc
1622 594 1946 637 commone-

2072 598 2104 637 ι(
2151 577 2252 639 Σύ·
2308 605 2334 634 ι
2382 581 2478 650 τῆς
2527 576 2633 659 γὰρ
2679 575 3005 658 ἀνθρωπίνης
3052 573 3326 643 ἀσθενείας
3385 573 3657 652 ὑπέμνησε

353 668 502 726 fecit.

430 762 610 816 Vens.
645 767 696 817 2.
745 783 770 810 α
811 762 968 818 Alter
1002 761 1220 818 alterius
1261 776 1427 818 onera
1462 770 1696 834 portate.
1740 783 1765 812 ν
1811 760 1949 831 Quia

358 848 476 905 ﬁeri
504 865 618 905 non
642 859 842 922 potest,
867 858 927 908 ut
951 853 1046 926 qui
1070 852 1240 908 homo
1261 853 1350 918 sit,
1374 868 1483 908 non
1510 859 1722 923 peccet;
1744 850 1949 908 adhor-

358 946 507 994 tatur
537 955 654 1007 eos,
685 956 755 997 ne
783 941 894 997 sint
935 941 1172 998 nimium
1204 941 1376 998 exacti
1425 956 1684 998 cenores
1718 941 1776 996 in
1812 939 1948 996 deli-

360 1029 463 1085 ctis
495 1029 759 1102 proximi;
796 1031 890 1088 sed
927 1030 1105 1088 ferant
1143 1047 1225 1100 ea,
1271 1040 1332 1088 ut
1363 1040 1420 1089 et
1447 1047 1570 1105 quae
1607 1030 1771 1103 ipsius
1800 1039 1948 1100 sunt,

361 1118 428 1174 ab
457 1119 562 1174 alio
593 1119 828 1176 vicissim
859 1121 1180 1178 tolercntur.

433 1230 458 1256 α
500 1210 572 1264 Ει
615 1209 692 1265 sic
732 1210 1029 1283 adimplete
1076 1211 1248 1284 legem
1285 1211 1507 1269 Christi.
1550 1233 1577 1260 ν
1620 1211 1745 1267 Non
1787 1209 1951 1275 dixit,

358 1295 692 1368 Πληρώσατε,
752 1299 978 1372 implete
1044 1319 1058 1358 :
1119 1302 1236 1370 sed,
1293 1300 1724 1372 Ἇναπληρώσατε,
1774 1298 1951 1356 adim-

363 1387 529 1458 plete,
564 1388 669 1445 hoc
708 1399 814 1461 est,
855 1391 1232 1448 Communiter
1276 1408 1469 1448 omnes
1499 1391 1745 1462 implete,
1777 1389 1846 1444 ita
1893 1395 1953 1445 ut

369 1476 508 1533 alter
552 1478 786 1536 alterum
831 1479 968 1537 ferat
1010 1502 1022 1538 :
1064 1482 1298 1554 exempli
1330 1481 1502 1553 gratia
1541 1481 1633 1553 qui
1671 1495 1828 1550 asper
1871 1485 1954 1533 est

365 1573 422 1622 et
461 1567 777 1634 iracundus,
819 1586 1039 1643 segnem
1086 1572 1418 1644 tardumque
1451 1570 1626 1638 ferat;
1669 1577 1726 1626 et
1769 1567 1952 1641 segnis

362 1655 751 1714 vehementem
797 1660 942 1716 illius
991 1661 1262 1734 impetum
1314 1681 1326 1716 :
1374 1661 1454 1716 sic
1507 1660 1619 1725 ﬁet,
1673 1666 1734 1715 ut
1775 1672 1953 1730 neque

362 1743 454 1801 ille
515 1755 705 1818 peccet
769 1749 838 1805 ab
895 1750 1001 1807 hoc
1054 1759 1317 1822 gestatus,
1379 1765 1556 1824 neque
1621 1748 1708 1805 hic
1770 1746 1952 1804 delin-

364 1842 497 1905 quat
545 1836 614 1893 ab
665 1837 760 1896 illo
797 1839 1089 1912 bajulatus.
1136 1844 1298 1898 Hanc
1339 1841 1408 1898 ad
1453 1840 1727 1897 rationem
1769 1838 1956 1908 itaque

2057 668 2145 727 διὰ
2175 668 2382 729 τούτου.

2147 781 2178 818 ιι
2224 756 2494 830 Ἀλλήλων
2546 757 2615 818 τὰ
2656 759 2797 839 βάρη
2849 755 3156 836 βαστάζετε.
3199 775 3230 814 ι)
3279 753 3506 839 Ἐπειδὴ
3555 752 3659 833 γὰρ

2059 846 2338 928 ἄνθρωπον
2367 847 2494 907 ὄντα
2545 850 2639 908 οὐκ
2689 847 2832 908 ἔστιν
2871 847 3246 928 ἀναμάρτητον
3276 835 3430 920 εἶναι,
3459 865 3660 924 παραι-

2057 941 2140 996 νεῖ
2185 936 2258 1016 μὴ
2304 937 2770 1018 ἀκριϐολογεῖσθαι
2817 936 2945 1018 πρὸς
2977 934 3045 994 τὰ
3089 941 3184 994 τοῦ
3221 934 3448 1008 πλησίον
3479 936 3660 1012 ἀμαρ-

2058 1026 2300 1104 τήματα,
2335 1025 2476 1087 ἀλλὰ
2518 1026 2697 1110 φέρειν
2739 1030 2936 1102 ταῦτα,
2967 1021 3056 1085 ἵνα
3085 1024 3178 1084 καὶ
3209 1023 3277 1084 τὰ
3307 1028 3470 1085 αὐτοῦ
3499 1022 3662 1082 πάλιν

2059 1119 2188 1197 παρ’
2223 1115 2390 1176 ἄλλου
2425 1116 2760 1196 βαστάζηται
2790 1115 3178 1196 ἁμαρτήματα.

2150 1229 2181 1263 α
2216 1206 2328 1268 Καὶ
2370 1204 2537 1276 οὕτως
2585 1205 3012 1287 ἀναπληρώσατε
3056 1207 3145 1264 τὸν
3177 1203 3337 1281 νόμον
3379 1205 3473 1262 τοῦ
3519 1199 3666 1284 Χριο

2062 1301 2208 1357 στοῢ.
2246 1323 2270 1350 ι
2294 1297 2414 1357 Οὔκ
2444 1287 2588 1370 εἶπε,
2629 1318 2661 1354 (ι
2691 1295 3052 1376 Πληρώσατε,
3089 1322 3111 1348 n
3145 1293 3315 1384 ἀλλὰ,
3339 1315 3367 1350 α
3405 1291 3667 1384 Ἀναπλὲ-

2064 1387 2288 1466 ρώσατεο
2332 1413 2358 1440 ιι
2394 1385 2661 1466 τουτέστι,
2693 1387 2860 1466 Κοινῇ
2895 1385 3089 1452 πάντες
3135 1383 3481 1462 πληρώσατε,
3520 1382 3663 1439 δι’ὧν

2064 1465 2328 1549 ἀλλήλους
2364 1478 2578 1557 φέρετε·
2625 1465 2732 1535 οἷον
2773 1479 2802 1533 ὁ
2835 1465 2952 1544 ὀξὺς
2980 1473 3067 1534 τὸν
3114 1478 3256 1545 νωθῆ
3299 1471 3524 1553 φερέτω,
3572 1472 3665 1530 καὶ

2062 1570 2091 1626 ὁ
2119 1564 2289 1638 νωθὴς
2321 1564 2418 1638 τὴν
2461 1564 2693 1646 σφοδρὰν
2728 1565 2931 1625 ἐκείνου
2985 1563 3174 1645 ὁρμήνο
3209 1563 3300 1622 καὶ
3337 1562 3501 1628 οὕτως
3546 1559 3666 1619 οὔτε

2061 1657 2255 1724 ἐκεῖνος
2293 1655 2658 1735 ἁμαρτήτεται
2707 1653 2811 1715 ὑπὸ
2858 1653 3046 1714 τούτου
3080 1651 3496 1732 βασταζόμενος,
3541 1649 3659 1710 οὔτε

2062 1736 2212 1814 οὗτος
2243 1749 2333 1804 ὕπ’
2369 1744 2583 1804 ἐκείνου.
2613 1743 2775 1805 Οὕτω
2811 1743 2866 1802 δὲ
2897 1742 2949 1779 ³⁵
2981 1742 3230 1814 ἀλλήλοις
3259 1749 3416 1821 χεῖρα
3449 1739 3662 1820 ὀρέγον-

2063 1858 2170 1912 τες,
2206 1837 2273 1894 δι’
2306 1835 2552 1906 ἀλλήλων
2585 1831 2910 1912 πληρώσατε
2957 1832 3046 1891 τὸν
3077 1832 3238 1908 νόμον
3273 1835 3366 1890 τοῦ
3401 1831 3660 1910 Χριστοῦ,

365 1923 508 1981 alter
553 1926 710 1984 alteri
763 1944 989 1986 manum
1048 1932 1414 2004 porrigentes,
1469 1946 1564 2002 per
1614 1943 1712 1984 vos
1760 1934 1954 1982 mutuo

2072 1922 2295 1983 Βλείπει
2322 1927 2398 2004 τῷ
2433 1923 2661 1997 πλησίον
2701 1926 3023 2003 ἀναπληρῶν
3069 1920 3290 1987 ἕκαστος
3325 1917 3414 1979 διὰ
3444 1923 3534 1977 τοῦ
3568 1922 3664 1998 βα-

372 2010 663 2086 adimplete
704 2017 883 2090 legem
919 2019 1145 2088 Christi,
1193 2028 1256 2076 ut
1299 2020 1445 2092 quod
1485 2018 1735 2090 proximo
1777 2015 1949 2083 deest,

371 2104 750 2177 unusquisque
787 2111 1083 2181 compleat,
1117 2111 1284 2182 362
1316 2125 1413 2182 per
1445 2108 1551 2165 hoc
1584 2107 1732 2179 quod
1765 2106 1964 2161 toleret

370 2207 521 2250 eum.
553 2198 828 2254 Praeterea
855 2197 1137 2256 charitatis
1155 2199 1405 2256 ofﬁcium
1443 2207 1547 2267 est,
1576 2205 1639 2253 ut
1661 2197 1799 2252 alter
1827 2185 1959 2250 alte-

362 2281 480 2338 rius
506 2287 822 2356 gravamina
857 2296 913 2345 et
952 2304 1121 2345 onera
1156 2299 1462 2362 portemus.
1493 2287 1741 2346 Charitas
1769 2291 1956 2343 autem

365 2370 614 2445 impletio
643 2384 728 2432 est
751 2377 1136 2436 mandatorum
1161 2379 1374 2437 Christi.

436 2465 614 2521 Vens.
666 2472 719 2523 3.
769 2489 794 2516 α
845 2469 901 2525 Si
947 2469 1094 2525 enim
1135 2469 1348 2526 videtur
1389 2469 1665 2543 quiSpiam
1708 2482 1824 2524 esse
1860 2466 1955 2522 ali-

364 2551 513 2623 quid,
544 2571 674 2612 cum
713 2557 848 2614 nihil
893 2559 986 2628 sit,
1019 2560 1255 2632 seipsum
1296 2559 1517 2633 decipit.
1555 2583 1576 2610 ιι
1612 2561 1828 2615 Rursus
1872 2557 1958 2614 hic

369 2646 739 2716 arrogantiam
769 2647 973 2722 dejicit,
1003 2650 1074 2706 ob
1113 2653 1304 2708 oculos
1332 2666 1568 2723 ponens,
1604 2648 1754 2723 quod
1783 2649 1830 2704 is
1867 2647 1958 2721 qui

369 2731 586 2791 videtur
611 2750 729 2793 esse
757 2738 982 2810 aliquid,
1011 2739 1145 2796 nihil
1176 2749 1258 2796 est
1293 2758 1306 2797 :
1340 2757 1436 2812 per
1465 2740 1569 2798 hoc
1599 2741 1779 2811 ipsum
1810 2737 1957 2810 quod

367 2820 602 2891 videtur,
654 2826 954 2884 luculenter
1003 2829 1316 2897 ostendens,
1366 2829 1514 2902 quod
1561 2829 1719 2885 niliili
1783 2829 1851 2883 sit
1904 2835 1960 2882 et

368 2915 830 2984 contemnendus,
863 2925 918 2973 et
955 2918 1103 2990 quod
1144 2919 1422 2975 neminem
1445 2919 1548 2974 nisi
1590 2919 1831 2991 seipsum
1861 2915 1956 2973 de-

367 3001 518 3073 cipit.

435 3095 615 3150 Vnns.
641 3099 697 3150 4.
727 3117 752 3143 α
785 3097 936 3168 Opus
959 3105 1143 3154 autem
1169 3114 1331 3154 suum
1349 3098 1546 3170 probet
1562 3097 1955 3169 unusquisque,

366 3190 422 3238 et
456 3190 589 3240 tunc
616 3185 761 3255 apud
804 3187 1044 3258 seipsum
1086 3189 1264 3244 solum
1308 3188 1685 3260 gloriationem
1715 3185 1952 3255 habebit,

371 3279 426 3327 et
451 3287 566 3329 non
610 3274 684 3331 ad
731 3275 917 3332 alium.
955 3300 980 3325 ι»
1027 3278 1302 3349 Exploret,
1346 3279 1543 3350 inquit,
1577 3286 1830 3334 accurate
1863 3293 1959 3334 sua

370 3362 544 3434 ipsius
584 3378 749 3436 opera
785 3365 914 3432 (hoc
954 3367 1104 3423 enim
1153 3368 1270 3423 vult
1297 3368 1549 3436 verbum,
1585 3390 1610 3417 α
1643 3369 1847 3425 Probet
1886 3373 1959 3434 »),

369 3467 508 3508 num
537 3453 838 3526 quidquam
876 3455 1067 3513 fecerit
1093 3472 1229 3514 vana
1262 3457 1429 3530 gloria
1459 3457 1674 3527 ductus,
1708 3475 1839 3513 num
1869 3474 1962 3530 per

368 3540 800 3613 simulationem,
830 3561 965 3602 num
1006 3546 1110 3603 alia
1141 3548 1397 3619 quapiam
1427 3548 1667 3604 humana
1697 3564 1876 3618 causa,
1908 3556 1963 3602 et

370 3639 504 3688 tunc
543 3647 657 3689 non
693 3634 954 3691 adversus
995 3638 1231 3693 alterum
1270 3637 1556 3710 glorietur.
1601 3639 1875 3694 Caeterum
1915 3639 1959 3693 si

369 3735 428 3776 se
465 3722 746 3780 continere
793 3740 907 3780 non
950 3726 1144 3797 possit,
1188 3725 1259 3781 ad
1291 3725 1529 3799 seipsum
1577 3728 1962 3798 gloriationem

372 3810 666 3868 transferat
717 3835 730 3869 :
776 3813 882 3870 hoc
920 3823 1024 3882 est,
1077 3815 1191 3887 ipse
1246 3815 1353 3872 sibi
1405 3817 1658 3885 collatus,
1707 3815 1964 3873 hesterno

371 3915 536 3972 opere
578 3901 910 3959 hodiernum
950 3905 1303 3975 przestantius
1343 3915 1584 3967 censeat.
1623 3914 1680 3962 et
1719 3907 1773 3961 in
1818 3905 1966 3962 bono

375 4006 541 4061 opere
579 3991 859 4063 glorietur.
922 3994 1058 4051 Haec
1107 4003 1291 4051 autem
1336 3996 1535 4051 Paulus
1582 3995 1824 4067 loquitur
1873 4012 1968 4068 per

373 4079 923 4150 condescensionem,
979 4099 1092 4139 non
1141 4092 1202 4139 ut
1250 4084 1544 4156 legislator,
1594 4093 1655 4140 ut
1701 4086 1966 4156 paulatim

374 4169 668 4225 elationem
695 4170 1012 4242 hujusmodi
1043 4172 1452 4229 consuetudinis
1482 4174 1652 4229 tollat.
1686 4175 1794 4244 Qui
1819 4175 1968 4231 enim

375 4257 635 4314 adversus
665 4262 997 4330 proximum,
1036 4261 1296 4318 Pharisaei
1338 4261 1390 4317 in
1436 4278 1670 4332 morem,
1707 4280 1821 4320 non
1847 4265 1967 4338 glo-

384 4347 516 4401 riari
551 4347 892 4405 assuefactus
931 4357 1034 4418 est,
1066 4349 1211 4406 idem
1245 4351 1406 4407 etiam
1444 4352 1511 4408 de
1541 4354 1718 4426 scipso
1747 4354 1968 4426 gloriari

377 4439 560 4497 subito
589 4439 832 4496 desistet.

450 4533 630 4587 Vens.
653 4536 707 4587 5.
741 4553 766 4580 α
797 4532 1191 4606 Unusquisque
1211 4533 1354 4588 enim
1381 4534 1661 4605 proprium
1688 4549 1825 4590 onus
1851 4551 1974 4606 por-
1999 4509 2049 4571 Ῑ)

379 4620 532 4676 tabit.
577 4642 604 4670 ιι
650 4621 796 4691 Quid
838 4621 985 4679 enim
1027 4623 1276 4695 gloriaris
1319 4623 1578 4680 adversus
1619 4625 1973 4696 proximum?

378 4719 433 4767 et
462 4719 522 4767 tu
554 4720 611 4768 et
635 4712 721 4768 ille
745 4714 963 4786 propria
994 4729 1157 4770 onera
1199 4713 1409 4782 feretis,
1440 4722 1683 4788 tuncque
1712 4715 1971 4772 uniuscu-

373 4801 574 4873 jusque
619 4818 761 4874 opus
803 4802 1145 4873 probabitur.
1190 4803 1428 4861 Proinde
1469 4811 1596 4860 cum
1632 4812 1686 4860 et
1714 4811 1776 4859 tu
1806 4821 1972 4861 onera

379 4890 578 4948 habeas
607 4901 662 4947 et
687 4893 952 4962 sarcinas,
997 4909 1174 4965 neque
1205 4894 1464 4950 adversus
1489 4894 1748 4962 alterum,
1794 4911 1974 4968 nequc

381 4981 525 5053 apud
566 4990 620 5038 te
649 4982 718 5039 ob
745 4981 887 5039 bona
918 4997 1086 5054 Opera
1116 4983 1362 5056 gloriare.

452 5073 629 5127 Vens.
655 5076 709 5127 6.
748 5090 777 5124 ιι
804 5072 1188 5129 Communicet
1213 5080 1397 5128 autem
1421 5073 1465 5130 is
1491 5073 1582 5146 qui
1604 5071 1978 5131 catechizatur

383 5159 572 5228 verbo,
599 5161 647 5218 ei
686 5162 778 5232 qui
813 5177 871 5218 se
905 5161 1207 5217 catcchizat
1235 5162 1292 5218 in
1321 5163 1582 5219 omnibus
1614 5163 1790 5220 bonis.
1834 5184 1863 5214 »
1895 5166 1978 5220 De

381 5249 702 5307 doctoribus
751 5251 1008 5323 deinceps
1057 5250 1299 5321 disserit,
1353 5261 1412 5308 ut
1464 5252 1540 5308 illi
1589 5253 1685 5326 qui
1728 5252 1799 5309 ab
1845 5253 1978 5327 ipsis

380 5340 764 5408 instituuntur,
814 5341 1225 5397 instituentibus
1272 5343 1712 5412 communicent,
1769 5359 1877 5399 non
1923 5345 1979 5400 in

383 5445 495 5486 uno
530 5431 812 5502 quopiam,
865 5431 961 5486 sed
1002 5431 1060 5486 in
1109 5431 1366 5487 omnibus
1408 5432 1590 5500 bonis,
1631 5431 1979 5503 alimentum,

381 5517 794 5590 indumentum,
847 5519 1140 5590 honorem,
1201 5519 1668 5591 benevolentiam,
1734 5523 1980 5596 adeoque

2066 2013 2279 2084 στάζειν
2329 2013 2549 2076 ἐκεῖνον.
2587 2011 2694 2072 Καὶ
2725 2013 2901 2080 ἄλλως
2946 2010 3049 2091 γὰρ
3080 2010 3292 2089 ἀγάπης
3320 2008 3380 2068 τὸ
3406 2007 3473 2067 τὰ
3523 2007 3663 2086 βάρη

2066 2102 2348 2182 βαστάζειν
2383 2103 2660 2178 ἀλλήλωνι·
2690 2106 2725 2174 ἡ
2774 2098 2828 2160 δὲ
2879 2102 3085 2180 ἀγάπη,
3117 2099 3396 2179 πλήρωσις
3436 2099 3542 2155 τῶν
3574 2097 3661 2155 ἐν·

2065 2193 2234 2253 τολῶν
2261 2196 2351 2252 τοῦ
2383 2190 2637 2273 Χριστοῦ.

2151 2493 2177 2520 α
2219 2469 2289 2530 Εἰ
2319 2465 2424 2548 γὰρ
2453 2467 2596 2526 δοκεῖ
2625 2489 2704 2534 τις
2735 2455 2871 2526 εἷναί
2892 2487 2943 2523 τι
2976 2464 3140 2542 μηδὲν
3174 2461 3268 2538 ὢν,
3299 2461 3487 2522 ἑαυτὸν
3514 2485 3669 2546 φρεν-

2067 2566 2269 2638 απατᾷ.
2302 2577 2334 2614 ι)
2390 2556 2565 2617 Πάλιν
2605 2556 2832 2614 ἐνταῦθα
2874 2555 2971 2627 τὴν
3004 2553 3255 2614 ἀπόνοιαν
3293 2552 3664 2626 καταϐάλλει,

2066 2635 2268 2714 δεικνῦς
2296 2644 2379 2705 ὅτι
2420 2650 2448 2705 ὁ
2478 2646 2644 2705 δοκῶν
2678 2635 2818 2704 εἶναί
2845 2668 2920 2718 τι,
2972 2642 3123 2702 οὐδέν
3155 2645 3316 2717 ἐστιν,
3349 2643 3477 2703 αὐτὸ
3513 2648 3671 2702 τοῦτο

2067 2736 2236 2795 δοκεῖν
2287 2735 2578 2817 τεκμήριον
2619 2733 2855 2817 ἐκφέρων
2903 2737 2997 2806 τῆς
3044 2737 3235 2794 ἑαυτοῦ
3283 2732 3545 2800 οὖθενείας
3590 2731 3669 2806 ³⁸,

2067 2826 2157 2884 καὶ
2191 2824 2378 2884 οὐδένα
2409 2825 2566 2884 ἄλλον
2603 2827 2849 2899 ἀπατῶν,
2877 2825 2996 2884 ἀλλ’
3032 2823 3241 2885 ἑαυτόν.

2152 3113 2185 3153 (ι
2239 3093 2319 3156 Τὸ
2361 3092 2416 3153 δὲ
2463 3093 2613 3175 ἔργον
2651 3094 2841 3154 ἑαυτοῦ
2890 3092 3223 3171 δοκιμαζέτω
3285 3092 3542 3164 ἕκαστος,
3584 3092 3675 3151 καὶ

2069 3183 2188 3243 τότε
2233 3185 2305 3249 εἷς
2353 3184 2540 3243 ἑαυτὸν
2573 3181 2733 3260 μόνον
2783 3183 2843 3242 τὸ
2871 3181 3133 3263 καύχημα
3168 3181 3295 3256 ἕξει,
3342 3180 3434 3241 καὶ
3470 3183 3564 3240 οὐκ
3603 3185 3674 3246 εἰς

2072 3273 2160 3331 τὸν
2193 3273 2390 3351 ἕτερον.
2433 3301 2457 3326 υ
2491 3271 2840 3348 Ἐξεταζέτω,
2889 3273 3039 3354 φησὶ,
3089 3271 3226 3349 μετὰ
3269 3270 3540 3352 ἀκριϐείας
3581 3269 3676 3337 τὰς

2073 3366 2265 3424 ἑαυτοῦ
2291 3361 2507 3443 πράξεις
2551 3363 2738 3439 (τοῦτο
2767 3361 2872 3441 γὰρ
2921 3363 3004 3439 τὸ,
3065 3385 3097 3418 α
3131 3359 3480 3438 Δοκιμαζέτω
3508 3383 3535 3419 ι)
3562 3361 3604 3441 ),
3632 3363 3676 3420 εἰ

2075 3451 2150 3532 μὴ
2205 3454 2346 3512 κατὰ
2388 3451 2687 3521 κενοδοξίαν
2734 3451 3006 3529 ἐποίησεν,
3055 3454 3102 3510 εἰ
3148 3450 3224 3529 μὴ
3275 3453 3329 3510 ἐν
3375 3449 3672 3531 ὓποκρίσει,

2074 3545 2119 3601 εἰ
2162 3541 2239 3618 μὴ
2269 3542 2406 3623 ἄλλῃ
2457 3542 2558 3600 τινὶ
2589 3541 2894 3623 ἀνθρωπίνῃ
2936 3540 3107 3622 αἰτίᾳ,
3157 3539 3250 3598 καὶ
3297 3539 3419 3599 τότε
3452 3539 3526 3616 μὴ
3558 3542 3675 3598 καθ’

2073 3631 2255 3712 ἑτέρου
2283 3632 2597 3712 καυχάσθω.
2635 3631 2776 3691 Ἀλλ’
2817 3634 2863 3691 εἰ
2899 3630 3002 3712 ἄρα
3034 3628 3418 3710 ἀκατασχέτως
3452 3629 3504 3669 ³⁷
3538 3629 3672 3709 ἔχει,
3770 3640 3772 3642 ⁷

2075 3725 2148 3789 εἷς
2207 3720 2391 3781 ἑαυτὸν
2439 3720 2501 3780 τὸ
2566 3721 2828 3802 καύχημα
2899 3721 3106 3800 ἐχέτω,
3165 3719 3466 3793 τουτέστιν,
3525 3719 3680 3786 αὐτὸς

2076 3813 2247 3890 ἑαυτῷ
2307 3805 2881 3890 συγκρινόμενοςίτοῦ
2938 3809 3062 3890 χθὲς
3127 3807 3282 3889 ἔργου
3333 3808 3394 3867 τὸ
3448 3808 3678 3888 σήμερον

2077 3910 2313 3980 κρεῖττον
2378 3900 2676 3975 νομιζέτω,
2747 3901 2840 3958 καὶ
2919 3898 3289 3980 ἐναϐρυνέσθω
3352 3901 3428 3978 τῷ
3499 3900 3680 3978 ἀγαθῷ

2078 3991 2237 4070 ἔργῳ.
2275 3989 2465 4048 Ταῦτα
2517 3987 2572 4046 δὲ
2618 3987 2762 4066 λέγει
2817 3990 3034 4056 Παῦλος
3087 3985 3590 4067 συγκαταϐατικῶς,
3621 3990 3680 4046 οὐ

2077 4081 2454 4156 νομοθετικῶς,
2485 4079 2554 4144 ὣς
2585 4075 2648 4136 ἂν
2679 4078 2817 4138 κατὰ
2850 4079 3036 4158 μικρὸν
3075 4076 3362 4156 ἀποστήσῃ
3412 4075 3477 4135 τὰ
3507 4077 3680 4157 αὐχή-

2081 4191 2226 4247 ματα
2285 4170 2381 4224 τοῦ
2451 4165 2687 4225 τοιούτου
2751 4167 2931 4240 ἤθους.
3002 4166 3074 4228 Ὃ
3142 4165 3246 4246 γὰρ
3319 4165 3535 4233 ἐθισθεὶς
3606 4165 3681 4243 μὴ

2079 4262 2170 4316 τοῦ
2221 4254 2469 4328 πλησίον,
2513 4257 2584 4324 ὣς
2635 4259 2664 4314 ὁ
2710 4258 3042 4336 Φαρισαῖος,
3075 4261 3544 4336 κατακαυχᾶσθαι,
3590 4278 3682 4313 τα-

2078 4347 2216 4427 χέως
2278 4345 2371 4404 καὶ
2422 4350 2535 4426 ίτοῦ
2589 4348 2705 4406 καθ’
2757 4347 2938 4406 ἑαυτὸν
3013 4345 3387 4426 ἐναϐρύνεσθαι
3439 4346 3663 4418 ἀποστή-

2081 4459 2250 4495 σεται.

2165 4549 2198 4583 α
2235 4523 2508 4592 Ἕκαστος
2552 4524 2658 4607 γὰρ
2689 4525 2749 4585 τὸ
2788 4525 2922 4585 ἴδιον
2975 4525 3184 4606 φορτίον
3231 4523 3513 4604 βαστάσει.
3562 4551 3586 4579 ν
3615 4527 3686 4586 Τί

2081 4616 2184 4696 γὰρ
2232 4625 2554 4696 κατακαυχᾷ
2611 4621 2701 4674 τοῦ
2759 4615 3016 4689 πλησίον;
3063 4617 3152 4674 καὶ
3201 4613 3264 4674 σὺ
3324 4616 3564 4681 κάκεῖνος
3620 4615 3685 4673 τὰ

2084 4708 2192 4765 ἴδια
2257 4705 2444 4787 φορτία
2520 4704 2835 4785 βαστάσετε,
2897 4705 2988 4762 καὶ
3045 4705 3164 4764 τότε
3236 4704 3688 4780 δοκιμασθήσεται

2081 4795 2308 4855 ἑκάστου
2337 4796 2398 4855 τὸ
2427 4794 2608 4876 ἔργον.
2637 4793 2809 4854 εΏστε
2841 4795 2955 4854 ἐπεὶ
2984 4793 3074 4852 καὶ
3103 4793 3165 4854 σὺ
3200 4793 3392 4876 φορτία
3424 4792 3565 4874 ἔχεις
3596 4793 3688 4852 καὶ

2087 4888 2259 4967 βάρη,
2293 4884 2428 4962 μηδὲ
2461 4883 2577 4942 καθ’
2625 4885 2804 4965 ἑτέρου
2847 4886 3064 4964 καυχῶ,
3113 4882 3248 4962 μηδὲ
3303 4883 3444 4943 κατὰ
3495 4884 3687 4944 σαυτὸν

2086 4974 2373 5056 ἐναϐρύνου
2405 4978 2473 5055 τῇ
2509 4975 2854 5055 ἀγαθοεργίᾳ.

2174 5087 2204 5124 α
2249 5064 2582 5126 Κοινωνείτω
2623 5065 2678 5124 δὲ
2727 5071 2756 5125 ὁ
2807 5063 3206 5146 κατηχούμενος
3254 5065 3343 5124 τὸν
3401 5063 3553 5142 λόγον
3614 5066 3690 5142 τῷ

2087 5159 2413 5236 κατηχοῦντι
2445 5157 2498 5214 ἐν
2542 5163 2710 5214 πᾶσιν
2755 5157 2988 5233 ἀγαθοῖς.
3019 5176 3050 5211 ο
3095 5153 3233 5234 Περὶ
3280 5155 3385 5213 τῶν
3438 5153 3691 5212 διδασκά-

2085 5248 2191 5307 λων
2223 5245 2407 5305 λοιπὸν
2448 5245 2774 5324 διαλέγεται,
2822 5243 2908 5303 ἵνα
2949 5245 2998 5304 οἱ
3045 5242 3173 5322 παρ’
3207 5245 3380 5302 αὐτῶν
3415 5243 3691 5323 κατηχού-

2089 5359 2238 5401 μενοι
2283 5338 2575 5395 κοινωνῶσι
2619 5342 2731 5402 τοῖς
2776 5337 3143 5415 κατηχοῦσιν,
3196 5336 3291 5393 οὐκ
3340 5335 3392 5392 ἐν
3444 5331 3523 5390 ἑνί
3573 5355 3692 5408 τινι,

2088 5428 2208 5485 ἀλλ’
2259 5427 2314 5486 ἐν
2355 5434 2521 5485 πᾶσιν
2574 5430 2814 5506 ἀγαθοῖς,
2868 5428 3084 5506 τροφῆς,
3135 5424 3458 5501 ἐνδύματος,
3510 5425 3690 5499 τιμῆς,

2089 5515 2317 5596 εὐνοίας,
2371 5516 2464 5576 καὶ
2516 5517 2732 5576 πάντων
2781 5516 2964 5584 ἅπλῶς
3020 5513 3389 5593 μεταδιδόντες
3420 5516 3524 5572 τῶν
3556 5515 3694 5591 ἀγαο

1776 5649 1965 5711 Variae
2008 5651 2308 5716 lectiones.

452 5763 499 5797 an
525 5763 622 5833 γὰρ
647 5777 700 5818 ο,
777 5763 824 5797 ³ο
847 5761 1098 5827 ἀσθενείας
1125 5779 1176 5822 o.
1251 5764 1293 5800 ³⁷
1321 5765 1724 5837 ἀκαταισχῦντως
1757 5783 1812 5825 0.
