4124 6420
332 444 469 497 1029

1222 437 1573 496 EXPOSITIO
1612 434 1681 494 ιΝ
1722 435 1929 494 EPIST.
1968 439 2062 495 AD
2100 442 2346 500 GALAT.
2388 475 2457 487 —
2496 445 2648 502 CAP.
2688 447 2781 502 Vl.

3492 452 3634 506 l030

327 566 718 645 κατηργημένῳ
738 589 750 602 ·
797 565 914 642 ἐμοὶ
950 564 1004 624 δὲ
1046 562 1123 642 μή
1153 565 1356 645 γένοιτο
1386 566 1440 624 ἐν
1473 566 1622 645 ἄλλῳ
1652 564 1755 624 τινὶ
1780 587 1917 623 καυ-

2039 566 2168 623 mihi
2215 577 2401 628 autem
2439 588 2554 628 non
2594 572 2877 644 contingat
2920 572 2973 626 in
3014 572 3120 627 nlla
3153 572 3257 629 alia
3284 588 3344 629 re
3380 574 3631 647 gloriari,

324 661 562 735 Ἀᾶσθαιν
592 682 616 708 α
651 656 719 716 Ei
771 655 846 732 μὴ
906 659 959 715 έν
1016 656 1092 735 τῷ
1122 658 1338 735 σταυρῷ
1389 662 1481 716 τοῦ
1524 654 1725 734 Κυρίου
1768 657 1923 733 ἡμῶν

323 747 502 817 Ἰησοῦ
547 746 782 825 Χριστοῦ
829 769 854 797 ι
902 743 1192 822 (τουτέστιν
1245 746 1299 803 ἐν
1331 749 1399 826 τῇ
1432 747 1505 813 εἷς
1533 744 1622 804 τὸν
1654 747 1925 825 ἐσταυρω-

326 834 483 913 μένον
551 834 760 911 πίστει)
831 836 909 914 τῷ
967 833 1056 894 τὸν
1115 833 1273 913 νόμον
1343 833 1767 917 καταργήσαντι.
1833 832 1926 899 Ὡς

325 924 755 1005 ἀπηγορευμένον
796 923 854 984 δέ
902 948 954 982 τι
1002 923 1313 999 ἀπηύξατο,
1357 924 1450 984 καὶ
1502 922 1598 997 τὴν
1638 928 1731 983 τοῦ
1782 925 1924 984 Θεοῦ

325 1014 642 1095 συμμαχίαν
669 1013 899 1079 καλέσας
930 1016 1003 1082 εἰς
1049 1020 1225 1076 τοῦτο.
1261 1018 1388 1082 Πῶς
1447 1013 1501 1073 δὲ
1545 1013 1819 1095 καυχᾶταί
1848 1036 1926 1079 τις

326 1106 416 1165 ἐπὶ
444 1106 521 1186 τῷ
550 1106 797 1187 σταυρῷ;
840 1102 1006 1178 Ὅτι,
1052 1106 1135 1165 Δι’
1162 1104 1257 1181 ἐμὲ
1289 1105 1377 1164 τὸν
1423 1107 1637 1185 ἀχρεῖον
1667 1107 1695 1162 6
1718 1101 1925 1163 Δεσπό-

324 1219 422 1266 της
464 1217 566 1273 μου
620 1192 963 1275 ἐσταυρώθη,
1023 1192 1310 1275 ἀγαπήσας
1363 1217 1432 1272 με
1473 1193 1667 1265 οὕτως,
1715 1194 1786 1259 ὡς
1834 1191 1925 1251 καὶ

325 1285 512 1345 ἑαυτὸν
560 1274 826 1345 ἐκδοῦναι.
888 1283 1164 1364 Καύχημα
1223 1274 1312 1342 οῦν
1371 1288 1465 1344 τοῦ
1520 1283 1779 1355 Παύλου,
1835 1283 1927 1341 καὶ

326 1378 519 1435 πιστοῦ
573 1374 765 1442 παντὸς
822 1376 850 1432 6
910 1373 1169 1454 σταυρὸς,
1197 1376 1268 1441 ὡς
1313 1374 1365 1432 ἐν
1410 1374 1553 1452 αὐτῷ
1585 1370 1926 1447 δεικνυμένης

327 1468 421 1536 τῆς
461 1469 554 1523 τοῦ
583 1462 856 1525 Δεσπότου
892 1463 1021 1545 πρὸς
1071 1467 1215 1541 ἡμᾶς
1258 1462 1494 1541 ἀγάπης.
1527 1462 1626 1529 Τίς
1663 1460 1718 1520 δὲ
1745 1462 1927 1529 δοῦλος

327 1556 385 1614 οὐ
405 1562 675 1633 καυχᾶται
704 1553 1057 1632 ἀγαπώμενος
1076 1551 1227 1633 παρὰ
1257 1558 1349 1612 τοῦ
1379 1550 1634 1612 δεσπότου
1657 1581 1671 1623 ;

416 1666 450 1699 α
476 1641 559 1703 Δι’
584 1633 643 1702 οὗ
675 1641 794 1720 ἐμοὶ
843 1645 871 1701 6
910 1641 1109 1722 κόσμος
1136 1641 1466 1723 ἐσταύρωται
1484 1685 1501 1715 ,
1544 1637 1698 1721 κάγὼ
1725 1642 1803 1720 τῷ
1834 1638 1923 1700 κό-

331 1756 474 1815 σμῳ.
507 1757 539 1791 ι
574 1732 791 1812 Κόσμον
837 1732 903 1792 τὰ
938 1732 1163 1813 βιωτικὰ
1192 1733 1487 1813 πράγματα
1534 1731 1712 1811 λέγει,
1741 1729 1927 1804 δόξαν,

332 1826 587 1897 πλοῦτον,
648 1822 874 1905 τρυφήν.
928 1826 1118 1884 Ταῦτα
1167 1827 1294 1901 γοῦν
1355 1846 1446 1901 μοι
1493 1820 1654 1903 νεκρὰ
1706 1819 1921 1900 γέγονε,

332 1912 482 1992 κάγὼ
524 1913 579 1972 δὲ
623 1914 800 1979 αὐτοῖς
850 1913 1028 1994 νεκρός
1082 1916 1221 1992 εἰμι,
1268 1914 1460 1985 διπλῆς
1488 1916 1582 1984 τῆς
1627 1909 1930 1990 νεκρώσεως

334 2003 636 2082 γενομένης.
722 2003 864 2062 Οὔτε
931 2002 1035 2085 γὰρ
1106 2006 1282 2062 ἐκεῖνα
1341 2005 1478 2061 ἑλεῖν
1538 2026 1603 2079 με
1672 2000 1928 2079 δύναται,

331 2094 493 2172 νεκρὰ
536 2095 640 2174 γάρ
668 2112 685 2130 ⁸
732 2093 852 2153 οὐδὲ
883 2094 1039 2161 αὐτὸς
1077 2093 1442 2173 προσδραμεῖν
1472 2091 1720 2160 ἐκείνοιςο
1749 2091 1931 2171 νεκρὸς

333 2183 438 2264 γάρ
461 2184 596 2261 εἰμι.

415 2300 440 2325 ι
474 2270 569 2332 Ἐν
623 2269 728 2353 γὰρ
796 2273 1015 2352 Χριστῷ
1088 2269 1311 2345 Ἰησοῦ,
1370 2268 1494 2331 οὔτε
1555 2267 1819 2350 περιτομή
1879 2292 1932 2329 τι

334 2360 540 2442 ἰσχύει,
598 2360 718 2420 οὔτε
770 2360 1135 2442 ἀκροϐυστία,
1188 2359 1329 2421 ἀλλὰ
1382 2359 1542 2433 καινὴ
1573 2360 1762 2427 κτίσις.
1822 2358 1932 2419 Καὶ

332 2452 446 2511 ὅσοι
490 2453 569 2530 τῷ
614 2450 799 2511 κανόνι
844 2440 1013 2532 τούτῳ
1056 2450 1477 2531 στοιχήσουσιν,
1503 2449 1685 2530 εἰρήνη
1728 2447 1811 2509 ἐπ’
1840 2451 1930 2508 αὗ-

333 2540 454 2610 τοὺς
488 2540 583 2601 καὶ
609 2540 782 2617 ἔλεος,
814 2541 908 2601 καὶ
938 2541 1027 2601 ἐπὶ
1071 2540 1158 2601 τὸν
1194 2539 1422 2622 Ἰσραὴλ
1449 2546 1543 2602 τοῦ
1574 2542 1740 2601 Θεοῦ.
1778 2565 1804 2591 ι
1833 2539 1929 2611 Μή

333 2655 424 2709 μοι
475 2630 627 2711 λέγε,
660 2632 821 2711 φησὶ,
862 2631 1152 2711 περιτομὴν
1182 2632 1279 2703 τὴν
1310 2629 1459 2691 οὐδὲν
1510 2629 1806 2708 δυναμνην
1838 2629 1931 2689 καὶ

334 2720 599 2801 ἄχρηστον
648 2712 845 2795 οὖσαν,
894 2719 1078 2801 ὥσπερ
1121 2721 1214 2780 καὶ
1242 2724 1278 2793 ἡ
1322 2720 1678 2801 ἀκροϐυστία.
1725 2717 1796 2780 Ὁ
1825 2718 1930 2800 γὰρ

334 2810 561 2890 Χριστὸς
588 2810 765 2871 πάντα
814 2810 1070 2885 ἐκαίνισε,
1120 2812 1213 2871 καὶ
1242 2810 1413 2884 ἀλλην
1445 2809 1719 2871 πολιτείαν
1772 2811 1932 2868 ἀπαι-

332 2907 412 2959 τεῖ
468 2905 630 2979 ἡμᾶς.
667 2901 845 2973 Καινὴ
879 2900 984 2981 γὰρ
1026 2900 1192 2967 κτίσις
1238 2904 1274 2972 ἡ
1320 2899 1461 2960 κατὰ
1514 2899 1748 2979 Χριστὸν
1790 2898 1930 2974 ζωὴ,

332 2989 466 3050 διότι
489 2995 580 3049 νῦν
617 2994 672 3049 αἱ
701 2992 871 3073 ψυχαὶ
900 2994 1088 3066 ἡμῶν,
1122 2992 1519 3051 παλαιωθεῐσαι
1647 2988 1888 3070 ἁμαρτία
1911 3033 1929 3062 ,

335 3078 697 3153 ἀνενεώθησαν
753 3083 831 3162 τῷ
889 3080 1265 3159 βαπτίσματιο
1317 3081 1408 3139 καὶ
1463 3077 1544 3139 ὅτι
1600 3081 1654 3139 ἐν
1685 3082 1762 3159 τῷ
1793 3078 1927 3156 μέλ-

332 3171 474 3229 λοντι
508 3175 574 3251 τῇ
630 3170 899 3253 ἀφθαρσίᾳ
933 3169 1024 3229 καὶ
1082 3169 1204 3251 δόξῃ
1254 3168 1696 3248 τιμηθησόμεθα,
1739 3166 1928 3228 καὶτὰ

335 3258 563 3341 σώματα
627 3260 1015 3334 καινισθέντες,
1096 3260 1189 3320 καὶ
1257 3258 1718 3341 ἀφθαρτισθέντες.
1765 3255 1930 3318 Ὅσοι

337 3340 426 3409 οῦν
475 3350 763 3428 ἐμμενοῦσι
794 3353 870 3429 τῷ
918 3349 1100 3410 κανόνι
1149 3340 1321 3431 τούτῳ
1370 3352 1467 3422 τῆς
1506 3347 1647 3409 κατὰ
1695 3348 1932 3428 Χριστὸν

333 3444 519 3508 καινῆς
555 3439 853 3517 πολιτείας,
909 3438 1189 3522 φεύγοντες
1232 3437 1329 3512 τὴν
1380 3440 1785 3498 παλαιωθεῖσαν
1837 3436 1931 3496 καὶ

333 3528 742 3603 ἀδυνατήσασαν
808 3528 1134 3610 περιτομὴν,
1211 3527 1422 3609 εἰρήνης
1493 3532 1589 3601 τῆς
1658 3527 1790 3609 πρὸς
1844 3526 1933 3586 τὸν

334 3619 473 3679 Θεὸν
525 3619 913 3694 ἐπιτεύξονται,
992 3617 1395 3699 ἀπαλλαγέντες
1446 3619 1554 3677 τῶν
1620 3616 1932 3697 ἁμαρτιῶν,

336 3708 527 3777 αἵτινες
573 3711 703 3785 ἡμῖν
747 3711 1106 3788 ἐκπολεμοῦσι
1135 3707 1224 3767 τὸν
1272 3707 1448 3783 Θεὸν,
1493 3708 1586 3767 καὶ
1625 3708 1931 3789 φιλανθρω-

334 3799 457 3866 πίας
498 3798 909 3873 ἀξιωθήσονταιο
959 3800 1134 3857 οὐκέτι
1179 3801 1249 3865 ὡς
1291 3796 1472 3879 ἐχθροὶ
1520 3803 1612 3856 τοῦ
1660 3797 1803 3856 Θεοῦ
1849 3820 1937 3873 μι-

334 3888 615 3965 σούμενοι,
667 3890 787 3947 ἀλλ’
823 3887 998 3958 ἐλέους
1044 3886 1386 3965 ἀξιούμενοι,
1417 3889 1491 3955 ὥς
1538 3884 1751 3966 εἰρήνης
1778 3907 1932 3963 γενο-

333 3976 495 4055 μένης
541 3980 717 4046 αὗτοῑς
760 3976 848 4036 διὰ
876 3984 967 4038 τοῦ
1026 3981 1254 4055 σταυροῦ
1284 3976 1375 4037 καὶ
1427 3980 1519 4049 τῆς
1557 3975 1807 4056 χάριτος.
1859 3975 1933 4036 Οἱ

331 4071 554 4126 τοιοῦτοι
583 4067 640 4126 δέ
681 4068 783 4127 εἰσι
818 4067 911 4125 καὶ
952 4064 1179 4147 Ἰσραὴλ
1207 4065 1434 4146 κυρίως,
1476 4067 1550 4132 ὣς
1594 4068 1819 4144 δρῶντες
1845 4063 1936 4123 τὸν

334 4157 472 4219 Θεόν
494 4180 508 4194 ·
537 4159 624 4237 -ᾧς
668 4155 722 4216 οἵ
774 4180 835 4235 γε
894 4156 969 4235 μὴ
1021 4160 1278 4231 τοιοῦτοι,
1330 4155 1430 4215 κᾶν
1488 4154 1826 4237 Ἰσραηλῖται
1876 4152 1938 4213 τὸ

332 4247 479 4324 γένος
527 4235 659 4321 ῶσι,
708 4248 911 4327 ψευδῶς
959 4246 1224 4325 λέγονται.
1283 4247 1463 4307 Τοῦτο
1510 4235 1587 4305 δὲί
1636 4242 1788 4326 παρὰ
1842 4246 1937 4304 τοῦ

334 4332 502 4397 Δαυὶδ
532 4334 743 4405 ἐδέξατο
765 4341 794 4397 6
829 4340 1045 4405 Παῦλος
1065 4379 1084 4411 ,
1119 4334 1363 4417 λέγοντος
1381 4360 1395 4374 ·
1436 4356 1466 4395 (ι
1493 4333 1697 4415 Εἰρήνη
1733 4333 1822 4393 ἐπὶ
1847 4334 1938 4395 τὸν

333 4426 585 4506 Ἰσραήλ.
626 4449 660 4484 ι

2038 680 2064 706 ι
2107 658 2227 715 Nisi
2256 660 2315 716 in
2344 677 2507 718 cruce
2536 661 2764 719 Domini
2807 662 2977 717 nostri
3019 664 3153 718 Jesu
3180 662 3402 735 Christi,
3452 688 3477 713 ιι
3507 664 3636 735 (hoc

2034 758 2136 817 est,
2169 749 2227 804 in
2252 750 2361 807 ﬁde
2389 767 2517 824 erga
2544 750 2895 818 cruciﬁxum)
2926 752 3019 824 qui
3048 751 3228 823 legem
3254 749 3389 808 fecit
3415 754 3632 810 irritam

2035 847 2092 895 et
2119 838 2419 913 abrogavit.
2460 844 2756 915 Tanquam
2782 849 2967 897 autem
3005 840 3442 898 abominandum
3472 842 3631 915 quip-

2035 929 2183 1000 piam
2223 928 2556 1003 deprecatus
2602 940 2708 1001 est,
2756 930 2942 987 divino
2983 930 3149 987 etiam
3177 931 3385 988 auxilio
3428 931 3498 988 ad
3528 930 3636 989 hoc

2034 1018 2355 1091 implorato.
2390 1020 2685 1092 Quomodo
2709 1029 2894 1077 autem
2925 1021 2980 1076 in
3010 1036 3171 1077 cruce
3201 1020 3480 1094 quispiam
3511 1021 3634 1095 glo-

2034 1109 2237 1165 riatur?
2282 1111 2421 1180 Quia
2460 1118 2682 1182 propter
2724 1127 2813 1167 mc
2860 1111 3111 1167 inutilem
3158 1111 3444 1168 Dominus
3473 1127 3638 1169 meus

2034 1199 2331 1256 cruciﬁxus
2354 1209 2457 1267 est,
2491 1200 2657 1272 365
2688 1201 2782 1273 qui
2802 1216 2893 1256 me
2915 1200 3054 1257 adeo
3078 1200 3285 1271 dilexit,
3310 1210 3372 1258 ut
3391 1201 3634 1275 seipsum

2036 1288 2093 1344 in
2121 1297 2359 1345 mortem
2412 1306 2511 1362 pro
2544 1306 2631 1346 me
2661 1289 2921 1346 traderet.
2973 1290 3246 1346 Gloriatio
3293 1290 3458 1363 igitur
3484 1290 3635 1347 Pauli

2035 1387 2094 1435 et
2145 1379 2330 1436 omnis
2379 1379 2553 1437 ﬁdelis
2612 1396 2747 1437 crux
2791 1389 2896 1452 est,
2945 1380 3114 1437 veluti
3160 1380 3538 1437 demonstrata
3579 1381 3638 1436 in

2034 1467 2153 1539 ipsa
2181 1468 2407 1525 Domini
2437 1486 2565 1542 erga
2602 1485 2708 1526 nos
2736 1469 3026 1526 charitate.
3058 1469 3198 1542 Quis
3227 1477 3413 1527 autem
3442 1486 3633 1528 servus

2035 1572 2065 1611 a
2092 1556 2321 1615 domino
2352 1558 2587 1616 dilectus
2614 1575 2729 1616 non
2756 1559 3062 1632 gloriatur?

2112 1669 2139 1696 ι
2180 1649 2284 1704 Per
2312 1664 2478 1721 quem
2523 1649 2657 1705 mibi
2688 1649 2933 1706 mundus
2978 1648 3275 1706 cruciﬁxus
3317 1656 3420 1719 est,
3451 1656 3508 1705 et
3535 1664 3638 1723 ego

2037 1735 2267 1794 mundo.
2315 1762 2341 1788 ι
2378 1738 2663 1810 Μιωὰιιωξ
2690 1738 2853 1811 hujus
2883 1738 3073 1795 saeculi
3099 1754 3187 1795 res
3215 1747 3271 1794 et
3298 1739 3519 1811 negotia
3548 1737 3640 1796 di-

2036 1826 2131 1895 cit,
2162 1827 2418 1901 gloriam,
2459 1828 2701 1897 divitias,
2732 1829 3057 1900 voluptates.
3112 1830 3247 1884 Hanc
3296 1828 3458 1900 igitur
3496 1830 3638 1885 mihi

2040 1924 2168 1972 sunt
2208 1930 2444 1985 mortua,
2499 1934 2713 1991 egoque
2750 1917 2886 1991 ipsis
2931 1934 3054 1974 sum
3100 1926 3377 1983 mortuus,
3425 1917 3636 1989 duplici

2040 2006 2459 2080 iuteremptione
2514 2007 2682 2064 facta.
2731 2011 2922 2081 Neque
2968 2006 3114 2064 enim
3167 2007 3255 2063 illa
3304 2023 3496 2078 capere
3548 2023 3638 2064 me

2040 2105 2291 2167 possunt,
2319 2107 2538 2155 mortua
2566 2106 2703 2154 sunt
2742 2098 2922 2165 enim;
2965 2112 3145 2169 neque
3175 2097 3289 2168 ipse
3314 2113 3414 2168 ego
3444 2095 3511 2153 ad
3548 2097 3634 2152 illa

2040 2201 2345 2257 accurrere,
2372 2196 2625 2244 mortuus
2653 2187 2797 2244 enim
2828 2202 2975 2244 sum.

2111 2277 2303 2332 Vnns.
2352 2281 2439 2345 15,
2470 2282 2555 2333 16.
2596 2295 2624 2328 ι(
2658 2278 2719 2332 In
2747 2275 2966 2333 Christo
2995 2275 3142 2332 enim
3164 2276 3297 2331 Jesu
3322 2290 3505 2347 neque
3524 2275 3639 2331 cir-

2041 2364 2308 2421 cumcisio
2335 2365 2541 2438 aliquid
2571 2366 2735 2434 valet,
2776 2379 2953 2436 neque
2981 2364 3333 2437 praeputium,
3372 2363 3467 2420 sed
3492 2379 3635 2420 nova

2040 2461 2305 2510 creatura.
2360 2458 2429 2511 Et
2464 2455 2776 2527 quicunque
2807 2454 2947 2509 hanc
2997 2454 3241 2526 regulam
3292 2453 3465 2510 secuti
3511 2452 3637 2509 fue-

2041 2543 2174 2614 rint,
2199 2560 2302 2617 pax
2330 2559 2494 2617 super
2518 2544 2640 2600 illos
2679 2552 2733 2600 et
2758 2542 3155 2613 misericordia,
3193 2551 3248 2599 et
3273 2558 3442 2615 super
3471 2542 3638 2599 Israel

2039 2635 2161 2691 Dei.
2207 2658 2234 2684 ι
2265 2637 2346 2691 Ne
2376 2634 2553 2707 jactes
2590 2632 3239 2702 mihicircumcisionem,
3288 2632 3485 2705 inquit,
3514 2647 3637 2704 qua:

2039 2724 2173 2781 nihil
2220 2732 2420 2797 potest,
2471 2739 2701 2797 quaeque
2758 2722 2961 2779 inutilis
3004 2730 3109 2790 est,
3152 2722 3294 2779 sicut
3338 2730 3394 2777 et
3418 2737 3637 2795 praepu-

2038 2815 2203 2872 tium.
2250 2813 2495 2871 Christus
2541 2813 2694 2870 enim
2739 2812 2929 2870 omnia
2993 2812 3230 2881 novavit,
3284 2812 3561 2884 aliamque
3605 2827 3639 2868 a

2040 2906 2198 2962 nobis
2240 2904 2366 2961 vita:
2397 2904 2667 2961 rationem
2714 2903 2977 2975 postulat.
3020 2905 3175 2960 Nova
3204 2902 3351 2958 enim
3384 2911 3637 2959 creatura

2042 3002 2125 3052 cst
2172 2995 2281 3051 vita
2347 2993 2654 3051 secundum
2705 2994 2991 3050 Christum
3046 3000 3334 3065 propterea
3383 2990 3537 3065 quod
3584 2998 3639 3049 et

2041 3102 2187 3142 nunc
2229 3084 2429 3142 anima
2474 3092 2681 3140 nostra:
2720 3084 3032 3139 inveterata:
3080 3090 3329 3155 peccato,
3362 3090 3640 3139 renovata

1965 3195 2009 3259 ρ
2041 3184 2171 3231 sunt
2198 3190 2296 3247 per
2323 3173 2619 3247 baptisma,
2651 3172 2911 3247 quodque
2942 3173 3001 3229 in
3034 3171 3217 3229 futuro
3254 3171 3643 3245 incorruptibi-

2042 3266 2195 3321 litate
2225 3273 2282 3321 et
2329 3263 2500 3338 gloria
2543 3263 2961 3333 honorabimur,
2993 3262 3316 3335 corporibus
3359 3262 3642 3320 innovatis

2042 3353 2668 3427 incorruptibilibusque
2713 3352 2956 3409 redditis.
3001 3354 3291 3426 Quotquot
3326 3352 3494 3425 igitur
3521 3367 3640 3424 per-

2042 3451 2326 3501 serverant
2369 3442 2427 3499 in
2465 3442 2651 3516 regula
2681 3444 2780 3499 hac
2822 3459 2982 3499 nova:
3026 3442 3330 3499 secundum
3359 3442 3639 3499 Christum

2045 3535 2191 3602 vitae,
2236 3531 2509 3605 fugientes
2536 3531 2879 3604 antiquatam
2925 3540 2981 3588 et
3012 3540 3281 3603 potestate
3309 3530 3639 3587 destitutam

2042 3622 2547 3685 circumcisionem,
2594 3637 2781 3693 pacem
2814 3636 2937 3693 erga
2984 3624 3163 3676 Deum
3204 3628 3639 3693 consequentur,

2045 3712 2262 3768 liberati
2305 3728 2336 3768 a
2367 3710 2605 3785 peccatis
2640 3726 2764 3783 qua:
2803 3713 2986 3766 Deum
3034 3710 3197 3766 nobis
3226 3709 3507 3766 infensum
3537 3709 3641 3767 ho-

2043 3810 2293 3874 stemque
2332 3801 2565 3871 faciunt,
2607 3809 2662 3857 et
2705 3800 2995 3856 clementia
3037 3799 3418 3872 dignabuntnr
3462 3817 3477 3854 :
3531 3814 3642 3855 non

2044 3906 2211 3965 porro
2234 3908 2336 3950 ceu
2366 3890 2557 3948 hostes
2574 3890 2680 3947 Dei
2705 3889 2834 3946 odio
2863 3889 3120 3962 expositi,
3146 3889 3241 3946 sed
3262 3887 3641 3945 misericordia

2044 3980 2259 4051 donati,
2290 3997 2392 4038 ceu
2418 3996 2550 4054 pace
2576 3978 2683 4037 illis
2710 3979 2853 4036 facta
2897 3994 2994 4052 per
3034 3995 3258 4036 crucem
3297 3986 3354 4035 et
3384 3978 3637 4051 gratiam.

2042 4072 2204 4128 Tales
2241 4071 2408 4128 etiam
2445 4079 2577 4128 sunt
2603 4069 2770 4127 Israel
2813 4070 3052 4142 proprie,
3094 4077 3362 4141 tanquam
3388 4068 3641 4125 videntes

2044 4164 2232 4218 Deum
2278 4161 2466 4218 :sicut
2504 4161 2543 4217 ii
2587 4161 2684 4234 qui
2715 4159 3032 4232 hujnsmodi
3074 4175 3188 4216 non
3233 4167 3381 4223 sunt,
3426 4158 3641 4216 etiamsi

2046 4266 2243 4323 genere
2292 4251 2556 4308 lsraelitae
2594 4247 2820 4321 fuerint,
2868 4248 3008 4307 falso
3059 4249 3319 4307 Israelita:
3361 4248 3638 4307 dicuntur.

2046 4341 2169 4399 Hoc
2212 4349 2399 4399 autem
2435 4356 2467 4398 a
2496 4338 2707 4397 Davide
2742 4339 3049 4413 desumpsit
3098 4340 3320 4409 Paulus,
3368 4338 3580 4398 dicente
3625 4356 3640 4397 :

2051 4454 2076 4481 ιι
2118 4433 2231 4488 Pax
2260 4447 2426 4505 super
2450 4430 2613 4489 Israel
2636 4432 2686 4486 8.
2721 4453 2747 4481 ι

421 4537 452 4574 α
480 4517 587 4576 Τοῦ
607 4518 791 4576 λοιποῦ
821 4514 1016 4584 κόπους
1068 4538 1157 4592 μοι
1191 4515 1376 4594 μηδεὶς
1405 4511 1713 4597 παρεχέτω.
1749 4534 1779 4574 ι
1810 4514 1934 4594 Οὐχ

2120 4524 2291 4580 Vnus.
2318 4529 2400 4579 17.
2442 4540 2471 4575 (ι
2497 4524 2580 4577 De
2604 4528 2803 4577 caetero
2830 4535 2995 4575 nemo
3025 4518 3165 4574 mihi
3191 4518 3461 4576 molestus
3485 4519 3577 4577 sit.
3611 4538 3641 4574 io

332 4610 406 4673 ὡς
444 4606 611 4665 ὀκνῶν
634 4613 800 4667 ταῦτα
831 4604 996 4685 λέγει,
1027 4606 1135 4665 οὐδ’
1176 4610 1248 4674 ὡς
1277 4604 1582 4678 ἐκκακήσας
1614 4622 1630 4639 ⁸
1667 4606 1795 4673 Πῶς
1836 4602 1940 4685 γὰρ

332 4699 362 4756 6
408 4698 716 4779 παραινῶν,
780 4717 812 4756 α
864 4695 1155 4770 Ἐπίστηθι
1225 4696 1521 4775 εὐκαίρως,
1579 4692 1845 4776 ἀκαίρως;
1901 4714 1932 4753 n

2050 4614 2181 4669 Non
2209 4620 2479 4686 tanquam
2516 4610 2719 4667 desidia
2751 4609 3026 4679 laborans,
3058 4624 3163 4664 nec
3181 4609 3332 4680 quasi
3357 4608 3644 4677 deﬁciens,

2050 4703 2172 4759 haec
2214 4701 2380 4770 dicit;
2412 4700 2693 4772 quomodo
2724 4700 2877 4757 enim
2908 4699 2951 4755 is
2981 4697 3052 4755 ad
3082 4697 3394 4754 socordiam
3436 4698 3647 4755 relaba-

333 4786 473 4845 ἀλλὰ
523 4785 842 4867 βουλόμενος
905 4784 1027 4853 τοὺς
1087 4789 1221 4867 παρ’
1245 4789 1405 4845 αὑτοῦ
1465 4782 1710 4851 τεθέντας
1751 4784 1941 4862 νόμους

2049 4800 2163 4857 tur,
2195 4791 2290 4863 qui
2320 4799 2532 4860 monet,
2574 4813 2599 4839 α
2634 4792 2784 4846 Iusta
2813 4796 3141 4860 opportune,
3171 4787 3493 4860 importune
3524 4782 3588 4846 δῖ
3614 4811 3641 4840 ι

336 4865 615 4947 ἀκινήτους
659 4865 829 4948 εἶναι,
865 4875 959 4935 καὶ
1002 4872 1090 4935 ἵνα
1264 4876 1549 4945 ἐλπίζωσιν
1575 4874 1711 4933 ἄλλο
1750 4896 1803 4932 τι
1841 4874 1938 4931 ἀπ’

336 4964 525 5078 αὐτοῦ,
554 4964 695 5026 ἀλλὰ
721 4964 928 5028 τελείαν
960 4965 1340 5049 πληροφορίαν
1377 4964 1650 5040 δέξωνται,
1681 4964 1763 5025 ὅτι
1800 4962 1940 5024 οὕτω

336 5077 611 5135 κηρύσσει.

423 5262 451 5295 ιι
486 5236 635 5320 Ἐγὼ
663 5237 771 5320 γὰρ
801 5237 875 5298 τὰ
912 5237 1183 5320 στίγματα
1219 5243 1313 5299 τοῦ
1343 5235 1545 5319 Κυρίου
1575 5235 1757 5311 Ἰησοῦ
1782 5239 1835 5297 ἐν
1859 5239 1935 5319 τῷ

335 5326 549 5406 σώματί
596 5352 700 5407 μου
760 5328 1035 5410 βαστάζω.
1097 5356 1123 5384 ιο
1160 5329 1513 5409 Ἀπολογίαν,
1565 5329 1760 5410 φησὶν,
1824 5326 1936 5407 ἔχω

334 5418 464 5500 πρὸς
508 5417 631 5487 τοὺς
669 5418 923 5501 λέγοντας
970 5421 1093 5499 ὑμῖν
1117 5464 1136 5495 ,
1180 5418 1262 5479 ὅτι
1312 5418 1600 5500 ὑποκριτής
1647 5420 1795 5497 εἰμι,
1844 5417 1937 5478 καὶ

2047 4890 2313 4939 caeterum
2336 4880 2526 4938 volens
2558 4880 2706 4953 leges
2742 4895 2772 4936 a
2801 4895 2860 4936 se
2887 4877 3130 4935 sancitas
3158 4877 3473 4935 immobiles
3501 4893 3644 4949 esse,

2044 4988 2183 5031 neve
2251 4970 2401 5030 aliud
2450 4968 2720 5044 quiddam
2780 4969 2849 5027 ab
2917 4983 2984 5026 eo
3037 4976 3275 5042 sperent,
3351 4967 3447 5025 sed
3507 4983 3648 5025 con-

2048 5070 2391 5120 summatam
2423 5057 2820 5118 certitudinem
2860 5056 3150 5130 accipiant,
3194 5056 3346 5129 quod
3376 5057 3457 5114 sic
3502 5071 3645 5129 pra:-

2047 5152 2217 5211 dicat.

2121 5267 2147 5292 «ι
2192 5246 2308 5314 Ego
2329 5241 2476 5298 enim
2503 5239 2757 5312 stigmata
2786 5236 3012 5295 Domini
3028 5239 3161 5295 Jesu
3182 5237 3239 5292 in
3260 5252 3492 5310 corpore
3518 5253 3647 5296 meo

2046 5341 2226 5406 porto.
2267 5355 2293 5381 ι
2326 5329 2655 5404 Apologiam
2681 5328 2877 5397 habeo,
2910 5328 3108 5401 inquit,
3141 5326 3404 5385 adversus
3431 5344 3527 5385 eos
3552 5328 3645 5400 qui

2046 5423 2202 5480 vobis
2247 5421 2444 5479 dicunt
2487 5436 2577 5477 me
2622 5436 2744 5477 esse
2798 5418 3164 5492 hypocritam,
3214 5425 3271 5474 et
3315 5417 3464 5490 quod
3515 5418 3624 5475 alib

335 5507 576 5589 ἀλλαχοῦ
607 5508 899 5590 περιτομὴν
936 5508 1225 5591 κηρύσσω,
1271 5507 1339 5569 τὰ
1384 5508 1655 5589 στίγματα
1684 5507 1777 5567 καὶ
1811 5506 1931 5577 τοὺς

2039 5512 2519 5571 circumcisionem
2584 5509 2908 5583 praedicem,
2958 5509 3217 5581 stigmata
3273 5507 3540 5563 nimirum
3593 5514 3650 5563 et

334 5598 604 5668 κινδύνους
629 5598 751 5669 τοὺς
787 5599 925 5681 ὑπὲρ
956 5601 1216 5681 Χριστοῦ.
1267 5600 1419 5661 Λῦτὰ
1448 5600 1552 5682 γὰρ
1594 5597 1771 5681 πᾴσης
1822 5621 1931 5678 qur

2040 5604 2281 5679 pericula
2330 5617 2459 5676 qua
2503 5616 2606 5675 pro
2633 5599 2858 5659 Christo
2886 5598 3081 5658 subeo.
3136 5600 3271 5656 Haac
3316 5598 3465 5655 enim
3493 5597 3650 5655 omni

406 5776 434 5815 ε
460 5767 608 5831 Pal.
637 5781 813 5841 cx",
842 5774 898 5829 5.
971 5763 1007 5806 ³
1034 5772 1083 5829 ιι
1106 5768 1252 5829 Tim.
1284 5782 1369 5837 xv.
1409 5772 1465 5825 3.
