  <div class='ocr_page' id='page_1' title='image "/cluster/home/n/w/nwhite01/storage/ocr_20150623/124:no.2/coo.31924054870294/523.png"; bbox 0 0 4124 6424; ppageno 0'>
   <div class='ocr_carea' id='block_1_1' title="bbox 497 443 625 497">
    <p class='ocr_par' dir='ltr' id='par_1_1' title="bbox 497 443 625 497">
     <span class='ocr_line' id='line_1_1' title="bbox 497 443 625 497; baseline -0.008 -1"><span class='ocrx_word' id='word_1_1' title='bbox 497 443 625 497; x_wconf 79' lang='grc'><strong>1031</strong></span> 
     </span>
    </p>
   </div>
   <div class='ocr_carea' id='block_1_2' title="bbox 1478 435 2740 495">
    <p class='ocr_par' dir='ltr' id='par_1_2' title="bbox 1478 435 2740 495">
     <span class='ocr_line' id='line_1_2' title="bbox 1478 435 2740 495; baseline 0.002 -4"><span class='ocrx_word' id='word_1_2' title='bbox 1478 435 1995 495; x_wconf 81' lang='lat' dir='ltr'><strong>THEOPHYLACTI</strong></span> <span class='ocrx_word' id='word_1_3' title='bbox 2033 437 2389 495; x_wconf 72' lang='lat' dir='ltr'><strong>BULGABl/E</strong></span> <span class='ocrx_word' id='word_1_4' title='bbox 2424 436 2740 494; x_wconf 82' lang='lat' dir='ltr'><strong>ARCHIEP.</strong></span> 
     </span>
    </p>
   </div>
   <div class='ocr_carea' id='block_1_3' title="bbox 3660 438 3801 494">
    <p class='ocr_par' dir='ltr' id='par_1_3' title="bbox 3660 438 3801 494">
     <span class='ocr_line' id='line_1_3' title="bbox 3660 438 3801 494; baseline -0.028 0"><span class='ocrx_word' id='word_1_5' title='bbox 3660 438 3801 494; x_wconf 76' lang='grc'><strong>1032</strong></span> 
     </span>
    </p>
   </div>
   <div class='ocr_carea' id='block_1_4' title="bbox 489 558 2119 643">
    <p class='ocr_par' dir='ltr' id='par_1_4' title="bbox 489 558 2119 635">
     <span class='ocr_line' id='line_1_4' title="bbox 489 558 2119 635; baseline -0.001 -13"><span class='ocrx_word' id='word_1_6' title='bbox 489 579 625 622; x_wconf 86' lang='lat' dir='ltr'><strong>voce</strong></span> <span class='ocrx_word' id='word_1_7' title='bbox 657 562 856 620; x_wconf 87' lang='lat' dir='ltr'><strong>clarius</strong></span> <span class='ocrx_word' id='word_1_8' title='bbox 896 567 1188 629; x_wconf 74' lang='lat' dir='ltr'><strong>testantur,</strong></span> <span class='ocrx_word' id='word_1_9' title='bbox 1232 558 1383 634; x_wconf 84' lang='lat' dir='ltr'><strong>quod</strong></span> <span class='ocrx_word' id='word_1_10' title='bbox 1410 576 1523 618; x_wconf 87' lang='lat' dir='ltr'><strong>non</strong></span> <span class='ocrx_word' id='word_1_11' title='bbox 1550 561 1686 635; x_wconf 83' lang='lat' dir='ltr'><strong>legis</strong></span> <span class='ocrx_word' id='word_1_12' title='bbox 1713 563 1961 634; x_wconf 84' lang='lat' dir='ltr'><strong>nomine,</strong></span> <span class='ocrx_word' id='word_1_13' title='bbox 1987 564 2086 621; x_wconf 91' lang='lat' dir='ltr'><strong>sed</strong></span> <span class='ocrx_word' id='word_1_14' title='bbox 2113 624 2119 634; x_wconf 34' lang='grc' dir='ltr'>ι</span> 
     </span>
    </p>
   </div>
   <div class='ocr_carea' id='block_1_5' title="bbox 2192 558 3799 643">
    <p class='ocr_par' dir='ltr' id='par_1_5' title="bbox 2199 559 3799 643">
     <span class='ocr_line' id='line_1_5' title="bbox 2199 559 3799 643; baseline -0.001 -20"><span class='ocrx_word' id='word_1_15' title='bbox 2199 569 2292 639; x_wconf 76' lang='grc' dir='ltr'>γῆς</span> <span class='ocrx_word' id='word_1_16' title='bbox 2341 562 2710 643; x_wconf 86' lang='grc' dir='ltr'>λαμπρότερον</span> <span class='ocrx_word' id='word_1_17' title='bbox 2774 564 3171 642; x_wconf 83' lang='grc' dir='ltr'>μαρτυροῦσιν,</span> <span class='ocrx_word' id='word_1_18' title='bbox 3206 559 3290 633; x_wconf 62' lang='grc' dir='ltr'><strong>ὅτ)</strong></span> <span class='ocrx_word' id='word_1_19' title='bbox 3345 562 3406 623; x_wconf 81' lang='grc' dir='ltr'>οὗ</span> <span class='ocrx_word' id='word_1_20' title='bbox 3457 566 3550 622; x_wconf 88' lang='grc' dir='ltr'><strong>τοῦ</strong></span> <span class='ocrx_word' id='word_1_21' title='bbox 3596 561 3799 638; x_wconf 84' lang='grc' dir='ltr'>νόμου,</span> 
     </span>
    </p>
   </div>
   <div class='ocr_carea' id='block_1_6' title="bbox 492 651 2088 728">
    <p class='ocr_par' dir='ltr' id='par_1_6' title="bbox 492 651 2088 728">
     <span class='ocr_line' id='line_1_6' title="bbox 492 651 2088 728; baseline 0 -17"><span class='ocrx_word' id='word_1_22' title='bbox 492 671 589 728; x_wconf 90' lang='lat' dir='ltr'><strong>pro</strong></span> <span class='ocrx_word' id='word_1_23' title='bbox 636 651 845 710; x_wconf 84' lang='lat' dir='ltr'><strong>Christi</strong></span> <span class='ocrx_word' id='word_1_24' title='bbox 902 651 1152 708; x_wconf 73' lang='lat' dir='ltr'><strong>doctrina</strong></span> <span class='ocrx_word' id='word_1_25' title='bbox 1196 659 1253 707; x_wconf 90' lang='lat' dir='ltr'><strong>et</strong></span> <span class='ocrx_word' id='word_1_26' title='bbox 1291 652 1584 723; x_wconf 85' lang='lat' dir='ltr'><strong>Evangelio</strong></span> <span class='ocrx_word' id='word_1_27' title='bbox 1641 652 1780 726; x_wconf 84' lang='lat' dir='ltr'><strong>ejus,</strong></span> <span class='ocrx_word' id='word_1_28' title='bbox 1831 653 2088 726; x_wconf 87' lang='lat' dir='ltr'><strong>periculis</strong></span> 
     </span>
    </p>
   </div>
   <div class='ocr_carea' id='block_1_7' title="bbox 492 740 2084 817">
    <p class='ocr_par' dir='ltr' id='par_1_7' title="bbox 492 740 2084 817">
     <span class='ocr_line' id='line_1_7' title="bbox 492 740 2084 817; baseline 0.003 -20"><span class='ocrx_word' id='word_1_29' title='bbox 492 744 663 817; x_wconf 72' lang='lat'><strong>366</strong></span> <span class='ocrx_word' id='word_1_30' title='bbox 680 742 927 816; x_wconf 83' lang='lat' dir='ltr'><strong>objectus</strong></span> <span class='ocrx_word' id='word_1_31' title='bbox 943 741 1165 804; x_wconf 81' lang='lat' dir='ltr'><strong>fuerim.</strong></span> <span class='ocrx_word' id='word_1_32' title='bbox 1186 743 1230 797; x_wconf 85' lang='lat' dir='ltr'><strong>N</strong></span> <span class='ocrx_word' id='word_1_33' title='bbox 1244 757 1310 796; x_wconf 84' lang='lat' dir='ltr'><strong>on</strong></span> <span class='ocrx_word' id='word_1_34' title='bbox 1325 740 1465 797; x_wconf 75' lang='lat' dir='ltr'><strong>dixit</strong></span> <span class='ocrx_word' id='word_1_35' title='bbox 1489 750 1696 812; x_wconf 85' lang='lat' dir='ltr'><strong>autem,</strong></span> <span class='ocrx_word' id='word_1_36' title='bbox 1727 742 1940 810; x_wconf 86' lang='lat' dir='ltr'><strong>Habeo,</strong></span> <span class='ocrx_word' id='word_1_37' title='bbox 1965 742 2084 813; x_wconf 88' lang='lat' dir='ltr'><strong>sed,</strong></span> 
     </span>
    </p>
   </div>
   <div class='ocr_carea' id='block_1_8' title="bbox 497 831 2085 906">
    <p class='ocr_par' dir='ltr' id='par_1_8' title="bbox 497 831 2085 906">
     <span class='ocr_line' id='line_1_8' title="bbox 497 831 2085 906; baseline 0.002 -19"><span class='ocrx_word' id='word_1_38' title='bbox 497 853 524 887; x_wconf 79' lang='grc' dir='ltr'><strong>ιι</strong></span> <span class='ocrx_word' id='word_1_39' title='bbox 554 836 749 896; x_wconf 72' lang='lat' dir='ltr'><strong>Porto,</strong></span> <span class='ocrx_word' id='word_1_40' title='bbox 786 855 813 882; x_wconf 75' lang='grc' dir='ltr'>τι</span> <span class='ocrx_word' id='word_1_41' title='bbox 843 840 1107 904; x_wconf 88' lang='lat' dir='ltr'><strong>tanquam</strong></span> <span class='ocrx_word' id='word_1_42' title='bbox 1130 838 1406 902; x_wconf 66' lang='lat' dir='ltr'><strong>tropaeum</strong></span> <span class='ocrx_word' id='word_1_43' title='bbox 1434 839 1492 887; x_wconf 90' lang='lat' dir='ltr'><strong>et</strong></span> <span class='ocrx_word' id='word_1_44' title='bbox 1515 831 1775 890; x_wconf 78' lang='lat' dir='ltr'><strong>vexillum</strong></span> <span class='ocrx_word' id='word_1_45' title='bbox 1802 832 2085 906; x_wconf 87' lang='lat' dir='ltr'><strong>quoddam</strong></span> 
     </span>
    </p>
   </div>
   <div class='ocr_carea' id='block_1_9' title="bbox 488 920 1403 995">
    <p class='ocr_par' dir='ltr' id='par_1_9' title="bbox 488 920 1403 995">
     <span class='ocr_line' id='line_1_9' title="bbox 488 920 1403 995; baseline -0.004 -15"><span class='ocrx_word' id='word_1_46' title='bbox 488 924 723 995; x_wconf 84' lang='lat' dir='ltr'><strong>regium,</strong></span> <span class='ocrx_word' id='word_1_47' title='bbox 753 930 917 994; x_wconf 84' lang='lat' dir='ltr'><strong>atque</strong></span> <span class='ocrx_word' id='word_1_48' title='bbox 946 922 1002 977; x_wconf 90' lang='lat' dir='ltr'><strong>in</strong></span> <span class='ocrx_word' id='word_1_49' title='bbox 1033 920 1143 977; x_wconf 88' lang='lat' dir='ltr'><strong>illis</strong></span> <span class='ocrx_word' id='word_1_50' title='bbox 1183 921 1403 993; x_wconf 79' lang='lat' dir='ltr'><strong>glorior.</strong></span> 
     </span>
    </p>
   </div>
   <div class='ocr_carea' id='block_1_10' title="bbox 561 1010 2085 1071">
    <p class='ocr_par' dir='ltr' id='par_1_10' title="bbox 561 1010 2085 1071">
     <span class='ocr_line' id='line_1_10' title="bbox 561 1010 2085 1071; baseline 0.001 -1"><span class='ocrx_word' id='word_1_51' title='bbox 561 1017 743 1071; x_wconf 73' lang='lat' dir='ltr'><strong>Vnus.</strong></span> <span class='ocrx_word' id='word_1_52' title='bbox 771 1018 855 1069; x_wconf 79' lang='grc'><strong>18.</strong></span> <span class='ocrx_word' id='word_1_53' title='bbox 882 1034 907 1061; x_wconf 78' lang='grc' dir='ltr'><strong>ιι</strong></span> <span class='ocrx_word' id='word_1_54' title='bbox 927 1010 1117 1069; x_wconf 81' lang='lat' dir='ltr'><strong>Gratia</strong></span> <span class='ocrx_word' id='word_1_55' title='bbox 1142 1011 1367 1067; x_wconf 89' lang='lat' dir='ltr'><strong>Domini</strong></span> <span class='ocrx_word' id='word_1_56' title='bbox 1385 1011 1561 1067; x_wconf 84' lang='lat' dir='ltr'><strong>nostri</strong></span> <span class='ocrx_word' id='word_1_57' title='bbox 1579 1012 1712 1068; x_wconf 90' lang='lat' dir='ltr'><strong>Jesu</strong></span> <span class='ocrx_word' id='word_1_58' title='bbox 1725 1011 1935 1071; x_wconf 87' lang='lat' dir='ltr'><strong>Christi</strong></span> <span class='ocrx_word' id='word_1_59' title='bbox 1955 1028 2085 1071; x_wconf 89' lang='lat' dir='ltr'><strong>cum</strong></span> 
     </span>
    </p>
   </div>
   <div class='ocr_carea' id='block_1_11' title="bbox 488 1100 2087 1176">
    <p class='ocr_par' dir='ltr' id='par_1_11' title="bbox 488 1100 2087 1176">
     <span class='ocr_line' id='line_1_11' title="bbox 488 1100 2087 1176; baseline 0 -16"><span class='ocrx_word' id='word_1_60' title='bbox 488 1103 681 1176; x_wconf 84' lang='lat' dir='ltr'><strong>spiritu</strong></span> <span class='ocrx_word' id='word_1_61' title='bbox 702 1110 911 1170; x_wconf 86' lang='lat' dir='ltr'><strong>vestro,</strong></span> <span class='ocrx_word' id='word_1_62' title='bbox 931 1100 1141 1157; x_wconf 82' lang='lat' dir='ltr'><strong>fratres.</strong></span> <span class='ocrx_word' id='word_1_63' title='bbox 1172 1104 1373 1157; x_wconf 81' lang='lat' dir='ltr'><strong>Amen.</strong></span> <span class='ocrx_word' id='word_1_64' title='bbox 1400 1124 1427 1149; x_wconf 73' lang='grc' dir='ltr'>ι»</span> <span class='ocrx_word' id='word_1_65' title='bbox 1451 1104 1557 1158; x_wconf 89' lang='lat' dir='ltr'><strong>Per</strong></span> <span class='ocrx_word' id='word_1_66' title='bbox 1578 1101 1684 1159; x_wconf 89' lang='lat' dir='ltr'><strong>hoc</strong></span> <span class='ocrx_word' id='word_1_67' title='bbox 1713 1102 1864 1175; x_wconf 89' lang='lat' dir='ltr'><strong>quod</strong></span> <span class='ocrx_word' id='word_1_68' title='bbox 1894 1120 1992 1175; x_wconf 91' lang='lat' dir='ltr'><strong>pro</strong></span> <span class='ocrx_word' id='word_1_69' title='bbox 2019 1103 2087 1161; x_wconf 86' lang='lat' dir='ltr'><strong>iis</strong></span> 
     </span>
    </p>
   </div>
   <div class='ocr_carea' id='block_1_12' title="bbox 488 1189 2087 1267">
    <p class='ocr_par' dir='ltr' id='par_1_12' title="bbox 488 1189 2087 1267">
     <span class='ocr_line' id='line_1_12' title="bbox 488 1189 2087 1267; baseline 0.001 -17"><span class='ocrx_word' id='word_1_70' title='bbox 488 1200 757 1267; x_wconf 85' lang='lat' dir='ltr'><strong>precatur,</strong></span> <span class='ocrx_word' id='word_1_71' title='bbox 775 1191 986 1249; x_wconf 87' lang='lat' dir='ltr'><strong>indicat</strong></span> <span class='ocrx_word' id='word_1_72' title='bbox 1002 1189 1150 1263; x_wconf 90' lang='lat' dir='ltr'><strong>quod</strong></span> <span class='ocrx_word' id='word_1_73' title='bbox 1165 1206 1280 1246; x_wconf 89' lang='lat' dir='ltr'><strong>non</strong></span> <span class='ocrx_word' id='word_1_74' title='bbox 1310 1206 1374 1246; x_wconf 84' lang='lat' dir='ltr'><strong>ex</strong></span> <span class='ocrx_word' id='word_1_75' title='bbox 1397 1190 1477 1247; x_wconf 90' lang='lat' dir='ltr'><strong>ira</strong></span> <span class='ocrx_word' id='word_1_76' title='bbox 1493 1190 1577 1247; x_wconf 93' lang='lat' dir='ltr'><strong>vel</strong></span> <span class='ocrx_word' id='word_1_77' title='bbox 1602 1191 1730 1248; x_wconf 90' lang='lat' dir='ltr'><strong>odio</strong></span> <span class='ocrx_word' id='word_1_78' title='bbox 1751 1192 1951 1250; x_wconf 80' lang='lat' dir='ltr'><strong>dixerit</strong></span> <span class='ocrx_word' id='word_1_79' title='bbox 1962 1208 2087 1266; x_wconf 67' lang='lat' dir='ltr'><strong>quae</strong></span> 
     </span>
    </p>
   </div>
   <div class='ocr_carea' id='block_1_13' title="bbox 486 1282 2086 1352">
    <p class='ocr_par' dir='ltr' id='par_1_13' title="bbox 486 1282 2086 1352">
     <span class='ocr_line' id='line_1_13' title="bbox 486 1282 2086 1352; baseline 0 -12"><span class='ocrx_word' id='word_1_80' title='bbox 486 1282 704 1341; x_wconf 79' lang='lat' dir='ltr'><strong>dixerit.</strong></span> <span class='ocrx_word' id='word_1_81' title='bbox 750 1284 877 1339; x_wconf 86' lang='lat' dir='ltr'><strong>Non</strong></span> <span class='ocrx_word' id='word_1_82' title='bbox 916 1282 1099 1338; x_wconf 91' lang='lat' dir='ltr'><strong>solum</strong></span> <span class='ocrx_word' id='word_1_83' title='bbox 1144 1288 1334 1336; x_wconf 88' lang='lat' dir='ltr'><strong>autem</strong></span> <span class='ocrx_word' id='word_1_84' title='bbox 1363 1290 1558 1337; x_wconf 90' lang='lat' dir='ltr'><strong>votum</strong></span> <span class='ocrx_word' id='word_1_85' title='bbox 1607 1282 1715 1338; x_wconf 87' lang='lat' dir='ltr'><strong>hoc</strong></span> <span class='ocrx_word' id='word_1_86' title='bbox 1758 1290 1864 1352; x_wconf 89' lang='lat' dir='ltr'><strong>est,</strong></span> <span class='ocrx_word' id='word_1_87' title='bbox 1891 1297 2086 1340; x_wconf 86' lang='lat' dir='ltr'><strong>verum</strong></span> 
     </span>
    </p>
   </div>
   <div class='ocr_carea' id='block_1_14' title="bbox 487 1369 2086 1443">
    <p class='ocr_par' dir='ltr' id='par_1_14' title="bbox 487 1369 2086 1443">
     <span class='ocr_line' id='line_1_14' title="bbox 487 1369 2086 1443; baseline 0 -13"><span class='ocrx_word' id='word_1_88' title='bbox 487 1373 656 1431; x_wconf 91' lang='lat' dir='ltr'><strong>etiam</strong></span> <span class='ocrx_word' id='word_1_89' title='bbox 675 1372 947 1429; x_wconf 84' lang='lat' dir='ltr'><strong>institutio</strong></span> <span class='ocrx_word' id='word_1_90' title='bbox 970 1369 1307 1428; x_wconf 84' lang='lat' dir='ltr'><strong>conﬁrmans</strong></span> <span class='ocrx_word' id='word_1_91' title='bbox 1333 1379 1391 1427; x_wconf 88' lang='lat' dir='ltr'><strong>et</strong></span> <span class='ocrx_word' id='word_1_92' title='bbox 1419 1371 1713 1443; x_wconf 85' lang='lat' dir='ltr'><strong>obsignans</strong></span> <span class='ocrx_word' id='word_1_93' title='bbox 1730 1386 2086 1430; x_wconf 88' lang='lat' dir='ltr'><strong>commemo-</strong></span> 
     </span>
    </p>
   </div>
   <div class='ocr_carea' id='block_1_15' title="bbox 484 1459 2085 1535">
    <p class='ocr_par' dir='ltr' id='par_1_15' title="bbox 484 1459 2085 1535">
     <span class='ocr_line' id='line_1_15' title="bbox 484 1459 2085 1535; baseline -0.001 -15"><span class='ocrx_word' id='word_1_94' title='bbox 484 1469 605 1520; x_wconf 84' lang='lat' dir='ltr'><strong>rata</strong></span> <span class='ocrx_word' id='word_1_95' title='bbox 640 1462 845 1519; x_wconf 88' lang='lat' dir='ltr'><strong>omnia.</strong></span> <span class='ocrx_word' id='word_1_96' title='bbox 892 1464 1004 1517; x_wconf 89' lang='lat' dir='ltr'><strong>Eos</strong></span> <span class='ocrx_word' id='word_1_97' title='bbox 1046 1461 1189 1518; x_wconf 87' lang='lat' dir='ltr'><strong>enim</strong></span> <span class='ocrx_word' id='word_1_98' title='bbox 1234 1459 1664 1517; x_wconf 80' lang='lat' dir='ltr'><strong>commonefacit</strong></span> <span class='ocrx_word' id='word_1_99' title='bbox 1700 1460 1887 1535; x_wconf 77' lang='lat' dir='ltr'><strong>gratiae</strong></span> <span class='ocrx_word' id='word_1_100' title='bbox 1913 1477 2085 1534; x_wconf 88' lang='lat' dir='ltr'><strong>quam</strong></span> 
     </span>
    </p>
   </div>
   <div class='ocr_carea' id='block_1_16' title="bbox 486 1550 2086 1626">
    <p class='ocr_par' dir='ltr' id='par_1_16' title="bbox 486 1550 2086 1626">
     <span class='ocr_line' id='line_1_16' title="bbox 486 1550 2086 1626; baseline 0 -17"><span class='ocrx_word' id='word_1_101' title='bbox 486 1559 831 1626; x_wconf 88' lang='lat' dir='ltr'><strong>receperunt,</strong></span> <span class='ocrx_word' id='word_1_102' title='bbox 869 1566 982 1608; x_wconf 91' lang='lat' dir='ltr'><strong>non</strong></span> <span class='ocrx_word' id='word_1_103' title='bbox 1010 1566 1107 1623; x_wconf 87' lang='lat' dir='ltr'><strong>per</strong></span> <span class='ocrx_word' id='word_1_104' title='bbox 1142 1550 1340 1623; x_wconf 87' lang='lat' dir='ltr'><strong>legem,</strong></span> <span class='ocrx_word' id='word_1_105' title='bbox 1371 1550 1468 1608; x_wconf 89' lang='lat' dir='ltr'><strong>sed</strong></span> <span class='ocrx_word' id='word_1_106' title='bbox 1497 1551 1630 1623; x_wconf 88' lang='lat' dir='ltr'><strong>quia</strong></span> <span class='ocrx_word' id='word_1_107' title='bbox 1659 1551 1879 1609; x_wconf 85' lang='lat' dir='ltr'><strong>Christo</strong></span> <span class='ocrx_word' id='word_1_108' title='bbox 1907 1550 2086 1609; x_wconf 85' lang='lat' dir='ltr'><strong>credi-</strong></span> 
     </span>
    </p>
   </div>
   <div class='ocr_carea' id='block_1_17' title="bbox 485 1639 2085 1714">
    <p class='ocr_par' dir='ltr' id='par_1_17' title="bbox 485 1639 2085 1714">
     <span class='ocr_line' id='line_1_17' title="bbox 485 1639 2085 1714; baseline -0.001 -15"><span class='ocrx_word' id='word_1_109' title='bbox 485 1641 705 1700; x_wconf 87' lang='lat' dir='ltr'><strong>derunt.</strong></span> <span class='ocrx_word' id='word_1_110' title='bbox 750 1643 864 1699; x_wconf 86' lang='lat' dir='ltr'><strong>Nec</strong></span> <span class='ocrx_word' id='word_1_111' title='bbox 907 1640 1063 1707; x_wconf 82' lang='lat' dir='ltr'><strong>dixit,</strong></span> <span class='ocrx_word' id='word_1_112' title='bbox 1111 1639 1434 1710; x_wconf 87' lang='lat' dir='ltr'><strong>Vobiscum,</strong></span> <span class='ocrx_word' id='word_1_113' title='bbox 1482 1639 1583 1698; x_wconf 84' lang='lat' dir='ltr'><strong>sed</strong></span> <span class='ocrx_word' id='word_1_114' title='bbox 1632 1663 1659 1691; x_wconf 79' lang='grc' dir='ltr'><strong>σι</strong></span> <span class='ocrx_word' id='word_1_115' title='bbox 1702 1643 1842 1699; x_wconf 88' lang='lat' dir='ltr'><strong>Cum</strong></span> <span class='ocrx_word' id='word_1_116' title='bbox 1891 1642 2085 1714; x_wconf 89' lang='lat' dir='ltr'><strong>spiritu</strong></span> 
     </span>
    </p>
   </div>
   <div class='ocr_carea' id='block_1_18' title="bbox 483 1728 2085 1801">
    <p class='ocr_par' dir='ltr' id='par_1_18' title="bbox 483 1728 2085 1801">
     <span class='ocr_line' id='line_1_18' title="bbox 483 1728 2085 1801; baseline -0.001 -13"><span class='ocrx_word' id='word_1_117' title='bbox 483 1740 713 1789; x_wconf 80' lang='lat' dir='ltr'><strong>vestro:</strong></span> <span class='ocrx_word' id='word_1_118' title='bbox 759 1748 789 1785; x_wconf 73' lang='grc' dir='ltr'><strong>ιι</strong></span> <span class='ocrx_word' id='word_1_119' title='bbox 840 1746 872 1787; x_wconf 89' lang='lat' dir='ltr'><strong>a</strong></span> <span class='ocrx_word' id='word_1_120' title='bbox 928 1730 1244 1786; x_wconf 81' lang='lat' dir='ltr'><strong>carnalibus</strong></span> <span class='ocrx_word' id='word_1_121' title='bbox 1291 1729 1441 1801; x_wconf 90' lang='lat' dir='ltr'><strong>ipsos</strong></span> <span class='ocrx_word' id='word_1_122' title='bbox 1481 1728 1761 1787; x_wconf 89' lang='lat' dir='ltr'><strong>abducens</strong></span> <span class='ocrx_word' id='word_1_123' title='bbox 1806 1739 1863 1787; x_wconf 90' lang='lat' dir='ltr'><strong>et</strong></span> <span class='ocrx_word' id='word_1_124' title='bbox 1915 1746 2085 1787; x_wconf 91' lang='lat' dir='ltr'><strong>mon-</strong></span> 
     </span>
    </p>
   </div>
   <div class='ocr_carea' id='block_1_19' title="bbox 485 1819 2082 1893">
    <p class='ocr_par' dir='ltr' id='par_1_19' title="bbox 485 1819 2082 1893">
     <span class='ocr_line' id='line_1_19' title="bbox 485 1819 2082 1893; baseline 0 -14"><span class='ocrx_word' id='word_1_125' title='bbox 485 1830 666 1879; x_wconf 86' lang='lat' dir='ltr'><strong>strans</strong></span> <span class='ocrx_word' id='word_1_126' title='bbox 703 1819 853 1893; x_wconf 86' lang='lat' dir='ltr'><strong>quod</strong></span> <span class='ocrx_word' id='word_1_127' title='bbox 892 1836 1003 1876; x_wconf 87' lang='lat' dir='ltr'><strong>non</strong></span> <span class='ocrx_word' id='word_1_128' title='bbox 1033 1838 1063 1876; x_wconf 90' lang='lat' dir='ltr'><strong>a</strong></span> <span class='ocrx_word' id='word_1_129' title='bbox 1094 1820 1240 1893; x_wconf 88' lang='lat' dir='ltr'><strong>lege,</strong></span> <span class='ocrx_word' id='word_1_130' title='bbox 1285 1819 1385 1876; x_wconf 89' lang='lat' dir='ltr'><strong>sed</strong></span> <span class='ocrx_word' id='word_1_131' title='bbox 1409 1835 1440 1875; x_wconf 91' lang='lat' dir='ltr'><strong>a</strong></span> <span class='ocrx_word' id='word_1_132' title='bbox 1472 1820 1645 1892; x_wconf 87' lang='lat' dir='ltr'><strong>gratia</strong></span> <span class='ocrx_word' id='word_1_133' title='bbox 1693 1819 1960 1893; x_wconf 89' lang='lat' dir='ltr'><strong>Spiritum</strong></span> <span class='ocrx_word' id='word_1_134' title='bbox 1989 1837 2082 1879; x_wconf 89' lang='lat' dir='ltr'><strong>ac-</strong></span> 
     </span>
    </p>
   </div>
   <div class='ocr_carea' id='block_1_20' title="bbox 484 1909 2083 1984">
    <p class='ocr_par' dir='ltr' id='par_1_20' title="bbox 484 1909 2083 1984">
     <span class='ocr_line' id='line_1_20' title="bbox 484 1909 2083 1984; baseline -0.001 -16"><span class='ocrx_word' id='word_1_135' title='bbox 484 1912 755 1984; x_wconf 85' lang='lat' dir='ltr'><strong>ceperint;</strong></span> <span class='ocrx_word' id='word_1_136' title='bbox 801 1918 858 1967; x_wconf 90' lang='lat' dir='ltr'><strong>et</strong></span> <span class='ocrx_word' id='word_1_137' title='bbox 895 1909 1043 1982; x_wconf 90' lang='lat' dir='ltr'><strong>quod</strong></span> <span class='ocrx_word' id='word_1_138' title='bbox 1081 1925 1194 1965; x_wconf 88' lang='lat' dir='ltr'><strong>non</strong></span> <span class='ocrx_word' id='word_1_139' title='bbox 1233 1909 1317 1965; x_wconf 86' lang='lat' dir='ltr'><strong>lex</strong></span> <span class='ocrx_word' id='word_1_140' title='bbox 1360 1925 1540 1982; x_wconf 89' lang='lat' dir='ltr'><strong>neque</strong></span> <span class='ocrx_word' id='word_1_141' title='bbox 1583 1909 1946 1977; x_wconf 88' lang='lat' dir='ltr'><strong>circumcisio,</strong></span> <span class='ocrx_word' id='word_1_142' title='bbox 1986 1910 2083 1967; x_wconf 87' lang='lat' dir='ltr'><strong>sed</strong></span> 
     </span>
    </p>
   </div>
   <div class='ocr_carea' id='block_1_21' title="bbox 483 1999 2083 2074">
    <p class='ocr_par' dir='ltr' id='par_1_21' title="bbox 483 1999 2083 2074">
     <span class='ocr_line' id='line_1_21' title="bbox 483 1999 2083 2074; baseline 0 -17"><span class='ocrx_word' id='word_1_143' title='bbox 483 2002 656 2074; x_wconf 87' lang='lat' dir='ltr'><strong>gratia</strong></span> <span class='ocrx_word' id='word_1_144' title='bbox 684 2000 860 2074; x_wconf 89' lang='lat' dir='ltr'><strong>possit</strong></span> <span class='ocrx_word' id='word_1_145' title='bbox 879 2000 1007 2071; x_wconf 88' lang='lat' dir='ltr'><strong>ipsis</strong></span> <span class='ocrx_word' id='word_1_146' title='bbox 1035 1999 1300 2071; x_wconf 89' lang='lat' dir='ltr'><strong>Spiritum</strong></span> <span class='ocrx_word' id='word_1_147' title='bbox 1331 2014 1679 2069; x_wconf 85' lang='lat' dir='ltr'><strong>conservare,</strong></span> <span class='ocrx_word' id='word_1_148' title='bbox 1713 1999 2083 2073; x_wconf 87' lang='lat' dir='ltr'><strong>quemadmo-</strong></span> 
     </span>
    </p>
   </div>
   <div class='ocr_carea' id='block_1_22' title="bbox 481 2087 2081 2162">
    <p class='ocr_par' dir='ltr' id='par_1_22' title="bbox 481 2087 2081 2162">
     <span class='ocr_line' id='line_1_22' title="bbox 481 2087 2081 2162; baseline -0.001 -14"><span class='ocrx_word' id='word_1_149' title='bbox 481 2091 615 2148; x_wconf 87' lang='lat' dir='ltr'><strong>dum</strong></span> <span class='ocrx_word' id='word_1_150' title='bbox 652 2098 711 2147; x_wconf 91' lang='lat' dir='ltr'><strong>et</strong></span> <span class='ocrx_word' id='word_1_151' title='bbox 745 2089 911 2147; x_wconf 88' lang='lat' dir='ltr'><strong>dedit.</strong></span> <span class='ocrx_word' id='word_1_152' title='bbox 959 2093 1259 2157; x_wconf 68' lang='lat' dir='ltr'><strong>Praeterea,</strong></span> <span class='ocrx_word' id='word_1_153' title='bbox 1307 2104 1436 2143; x_wconf 90' lang='lat' dir='ltr'><strong>cum</strong></span> <span class='ocrx_word' id='word_1_154' title='bbox 1485 2087 1681 2145; x_wconf 84' lang='lat' dir='ltr'><strong>fratres</strong></span> <span class='ocrx_word' id='word_1_155' title='bbox 1725 2090 1979 2162; x_wconf 89' lang='lat' dir='ltr'><strong>appellat,</strong></span> <span class='ocrx_word' id='word_1_156' title='bbox 2009 2089 2081 2147; x_wconf 89' lang='lat' dir='ltr'><strong>ad</strong></span> 
     </span>
    </p>
   </div>
   <div class='ocr_carea' id='block_1_23' title="bbox 482 2177 2081 2251">
    <p class='ocr_par' dir='ltr' id='par_1_23' title="bbox 482 2177 2081 2251">
     <span class='ocr_line' id='line_1_23' title="bbox 482 2177 2081 2251; baseline -0.003 -13"><span class='ocrx_word' id='word_1_157' title='bbox 482 2180 811 2238; x_wconf 90' lang='lat' dir='ltr'><strong>memoriam</strong></span> <span class='ocrx_word' id='word_1_158' title='bbox 848 2185 1068 2235; x_wconf 86' lang='lat' dir='ltr'><strong>revocat</strong></span> <span class='ocrx_word' id='word_1_159' title='bbox 1113 2177 1404 2250; x_wconf 86' lang='lat' dir='ltr'><strong>baptisma,</strong></span> <span class='ocrx_word' id='word_1_160' title='bbox 1434 2192 1498 2235; x_wconf 84' lang='lat' dir='ltr'><strong>ex</strong></span> <span class='ocrx_word' id='word_1_161' title='bbox 1526 2193 1637 2251; x_wconf 92' lang='lat' dir='ltr'><strong>quo</strong></span> <span class='ocrx_word' id='word_1_162' title='bbox 1678 2179 1879 2236; x_wconf 88' lang='lat' dir='ltr'><strong>fratres</strong></span> <span class='ocrx_word' id='word_1_163' title='bbox 1905 2178 2081 2235; x_wconf 79' lang='lat' dir='ltr'><strong>efﬁci-</strong></span> 
     </span>
    </p>
   </div>
   <div class='ocr_carea' id='block_1_24' title="bbox 484 2266 2081 2341">
    <p class='ocr_par' dir='ltr' id='par_1_24' title="bbox 484 2266 2081 2341">
     <span class='ocr_line' id='line_1_24' title="bbox 484 2266 2081 2341; baseline -0.001 -14"><span class='ocrx_word' id='word_1_164' title='bbox 484 2286 630 2340; x_wconf 88' lang='lat' dir='ltr'><strong>mur,</strong></span> <span class='ocrx_word' id='word_1_165' title='bbox 662 2270 826 2325; x_wconf 87' lang='lat' dir='ltr'><strong>unius</strong></span> <span class='ocrx_word' id='word_1_166' title='bbox 853 2268 1034 2325; x_wconf 82' lang='lat' dir='ltr'><strong>Patris</strong></span> <span class='ocrx_word' id='word_1_167' title='bbox 1061 2267 1168 2324; x_wconf 88' lang='lat' dir='ltr'><strong>Dei</strong></span> <span class='ocrx_word' id='word_1_168' title='bbox 1193 2267 1292 2323; x_wconf 86' lang='lat' dir='ltr'><strong>ﬁlii</strong></span> <span class='ocrx_word' id='word_1_169' title='bbox 1320 2266 1475 2336; x_wconf 87' lang='lat' dir='ltr'><strong>facti,</strong></span> <span class='ocrx_word' id='word_1_170' title='bbox 1506 2276 1562 2324; x_wconf 89' lang='lat' dir='ltr'><strong>et</strong></span> <span class='ocrx_word' id='word_1_171' title='bbox 1595 2284 1707 2324; x_wconf 89' lang='lat' dir='ltr'><strong>non</strong></span> <span class='ocrx_word' id='word_1_172' title='bbox 1734 2285 1802 2325; x_wconf 82' lang='lat' dir='ltr'><strong>ex</strong></span> <span class='ocrx_word' id='word_1_173' title='bbox 1827 2269 1964 2341; x_wconf 83' lang='lat' dir='ltr'><strong>lege.</strong></span> <span class='ocrx_word' id='word_1_174' title='bbox 1997 2270 2081 2326; x_wconf 92' lang='lat' dir='ltr'><strong>Sit</strong></span> 
     </span>
    </p>
   </div>
   <div class='ocr_carea' id='block_1_25' title="bbox 482 2357 2081 2430">
    <p class='ocr_par' dir='ltr' id='par_1_25' title="bbox 482 2357 2081 2430">
     <span class='ocr_line' id='line_1_25' title="bbox 482 2357 2081 2430; baseline -0.001 -14"><span class='ocrx_word' id='word_1_175' title='bbox 482 2369 669 2417; x_wconf 86' lang='lat' dir='ltr'><strong>autem</strong></span> <span class='ocrx_word' id='word_1_176' title='bbox 693 2358 981 2415; x_wconf 88' lang='lat' dir='ltr'><strong>nobiscum</strong></span> <span class='ocrx_word' id='word_1_177' title='bbox 1020 2358 1189 2415; x_wconf 87' lang='lat' dir='ltr'><strong>etiam</strong></span> <span class='ocrx_word' id='word_1_178' title='bbox 1214 2357 1391 2430; x_wconf 86' lang='lat' dir='ltr'><strong>gratia</strong></span> <span class='ocrx_word' id='word_1_179' title='bbox 1420 2357 1544 2425; x_wconf 89' lang='lat' dir='ltr'><strong>Dei,</strong></span> <span class='ocrx_word' id='word_1_180' title='bbox 1577 2357 1651 2414; x_wconf 90' lang='lat' dir='ltr'><strong>ita</strong></span> <span class='ocrx_word' id='word_1_181' title='bbox 1680 2366 1742 2414; x_wconf 92' lang='lat' dir='ltr'><strong>ut</strong></span> <span class='ocrx_word' id='word_1_182' title='bbox 1779 2358 2081 2416; x_wconf 89' lang='lat' dir='ltr'><strong>secundum</strong></span> 
     </span>
    </p>
   </div>
   <div class='ocr_carea' id='block_1_26' title="bbox 482 2447 2078 2523">
    <p class='ocr_par' dir='ltr' id='par_1_26' title="bbox 482 2447 2078 2523">
     <span class='ocr_line' id='line_1_26' title="bbox 482 2447 2078 2523; baseline -0.001 -17"><span class='ocrx_word' id='word_1_183' title='bbox 482 2450 747 2523; x_wconf 82' lang='lat' dir='ltr'><strong>Spiritum</strong></span> <span class='ocrx_word' id='word_1_184' title='bbox 786 2449 1053 2513; x_wconf 82' lang='lat' dir='ltr'><strong>vivamus,</strong></span> <span class='ocrx_word' id='word_1_185' title='bbox 1085 2463 1189 2504; x_wconf 88' lang='lat' dir='ltr'><strong>nec</strong></span> <span class='ocrx_word' id='word_1_186' title='bbox 1232 2447 1475 2503; x_wconf 86' lang='lat' dir='ltr'><strong>divinam</strong></span> <span class='ocrx_word' id='word_1_187' title='bbox 1522 2448 1792 2504; x_wconf 81' lang='lat' dir='ltr'><strong>Paracleti</strong></span> <span class='ocrx_word' id='word_1_188' title='bbox 1841 2449 2078 2505; x_wconf 83' lang='lat' dir='ltr'><strong>sanctiﬁ-</strong></span> 
     </span>
    </p>
   </div>
   <div class='ocr_carea' id='block_1_27' title="bbox 480 2538 2077 2611">
    <p class='ocr_par' dir='ltr' id='par_1_27' title="bbox 480 2538 2077 2611">
     <span class='ocr_line' id='line_1_27' title="bbox 480 2538 2077 2611; baseline -0.001 -15"><span class='ocrx_word' id='word_1_189' title='bbox 480 2540 753 2597; x_wconf 86' lang='lat' dir='ltr'><strong>cationem</strong></span> <span class='ocrx_word' id='word_1_190' title='bbox 785 2538 1097 2611; x_wconf 88' lang='lat' dir='ltr'><strong>rejiciamus</strong></span> <span class='ocrx_word' id='word_1_191' title='bbox 1131 2553 1229 2610; x_wconf 89' lang='lat' dir='ltr'><strong>per</strong></span> <span class='ocrx_word' id='word_1_192' title='bbox 1252 2545 1607 2610; x_wconf 88' lang='lat' dir='ltr'><strong>peccatorum</strong></span> <span class='ocrx_word' id='word_1_193' title='bbox 1640 2538 1841 2595; x_wconf 90' lang='lat' dir='ltr'><strong>limum</strong></span> <span class='ocrx_word' id='word_1_194' title='bbox 1869 2546 1925 2594; x_wconf 88' lang='lat' dir='ltr'><strong>et</strong></span> <span class='ocrx_word' id='word_1_195' title='bbox 1954 2554 2077 2595; x_wconf 87' lang='lat' dir='ltr'><strong>sor-</strong></span> 
     </span>
    </p>
   </div>
   <div class='ocr_carea' id='block_1_28' title="bbox 480 2627 2079 2701">
    <p class='ocr_par' dir='ltr' id='par_1_28' title="bbox 480 2627 2079 2701">
     <span class='ocr_line' id='line_1_28' title="bbox 480 2627 2079 2701; baseline -0.001 -16"><span class='ocrx_word' id='word_1_196' title='bbox 480 2631 597 2699; x_wconf 84' lang='lat' dir='ltr'><strong>des,</strong></span> <span class='ocrx_word' id='word_1_197' title='bbox 639 2640 903 2687; x_wconf 65' lang='lat' dir='ltr'><strong>caaterum</strong></span> <span class='ocrx_word' id='word_1_198' title='bbox 939 2643 1222 2701; x_wconf 88' lang='lat' dir='ltr'><strong>nunquam</strong></span> <span class='ocrx_word' id='word_1_199' title='bbox 1262 2642 1374 2683; x_wconf 87' lang='lat' dir='ltr'><strong>non</strong></span> <span class='ocrx_word' id='word_1_200' title='bbox 1415 2643 1542 2684; x_wconf 89' lang='lat' dir='ltr'><strong>eam</strong></span> <span class='ocrx_word' id='word_1_201' title='bbox 1583 2627 2079 2684; x_wconf 84' lang='lat' dir='ltr'><strong>sanctiﬁcationem</strong></span> 
     </span>
    </p>
   </div>
   <div class='ocr_carea' id='block_1_29' title="bbox 480 2717 2081 2792">
    <p class='ocr_par' dir='ltr' id='par_1_29' title="bbox 480 2717 2081 2792">
     <span class='ocr_line' id='line_1_29' title="bbox 480 2717 2081 2792; baseline -0.002 -18"><span class='ocrx_word' id='word_1_202' title='bbox 480 2719 749 2792; x_wconf 86' lang='lat' dir='ltr'><strong>majorem</strong></span> <span class='ocrx_word' id='word_1_203' title='bbox 776 2718 942 2774; x_wconf 85' lang='lat' dir='ltr'><strong>nobis</strong></span> <span class='ocrx_word' id='word_1_204' title='bbox 964 2717 1314 2774; x_wconf 88' lang='lat' dir='ltr'><strong>consiliemus</strong></span> <span class='ocrx_word' id='word_1_205' title='bbox 1344 2717 1404 2772; x_wconf 90' lang='lat' dir='ltr'><strong>in</strong></span> <span class='ocrx_word' id='word_1_206' title='bbox 1423 2717 1641 2773; x_wconf 87' lang='lat' dir='ltr'><strong>Christo</strong></span> <span class='ocrx_word' id='word_1_207' title='bbox 1666 2720 1801 2774; x_wconf 85' lang='lat' dir='ltr'><strong>Jcsu</strong></span> <span class='ocrx_word' id='word_1_208' title='bbox 1832 2717 2081 2773; x_wconf 87' lang='lat' dir='ltr'><strong>Domino</strong></span> 
     </span>
    </p>
   </div>
   <div class='ocr_carea' id='block_1_30' title="bbox 479 2806 2082 2880">
    <p class='ocr_par' dir='ltr' id='par_1_30' title="bbox 479 2806 2082 2880">
     <span class='ocr_line' id='line_1_30' title="bbox 479 2806 2082 2880; baseline -0.003 -16"><span class='ocrx_word' id='word_1_209' title='bbox 479 2816 692 2875; x_wconf 88' lang='lat' dir='ltr'><strong>nostro,</strong></span> <span class='ocrx_word' id='word_1_210' title='bbox 739 2808 831 2880; x_wconf 87' lang='lat' dir='ltr'><strong>qui</strong></span> <span class='ocrx_word' id='word_1_211' title='bbox 883 2822 1081 2863; x_wconf 88' lang='lat' dir='ltr'><strong>novam</strong></span> <span class='ocrx_word' id='word_1_212' title='bbox 1139 2807 1313 2863; x_wconf 89' lang='lat' dir='ltr'><strong>vitam</strong></span> <span class='ocrx_word' id='word_1_213' title='bbox 1362 2815 1419 2862; x_wconf 87' lang='lat' dir='ltr'><strong>et</strong></span> <span class='ocrx_word' id='word_1_214' title='bbox 1472 2806 1833 2878; x_wconf 88' lang='lat' dir='ltr'><strong>spiritualem,</strong></span> <span class='ocrx_word' id='word_1_215' title='bbox 1884 2807 2082 2862; x_wconf 78' lang='lat' dir='ltr'><strong>veteris</strong></span> 
     </span>
    </p>
   </div>
   <div class='ocr_carea' id='block_1_31' title="bbox 478 2894 2079 2969">
    <p class='ocr_par' dir='ltr' id='par_1_31' title="bbox 478 2894 2079 2969">
     <span class='ocr_line' id='line_1_31' title="bbox 478 2894 2079 2969; baseline -0.002 -16"><span class='ocrx_word' id='word_1_216' title='bbox 478 2896 732 2969; x_wconf 85' lang='lat' dir='ltr'><strong>adeoque</strong></span> <span class='ocrx_word' id='word_1_217' title='bbox 759 2896 1059 2968; x_wconf 87' lang='lat' dir='ltr'><strong>corporalis</strong></span> <span class='ocrx_word' id='word_1_218' title='bbox 1083 2895 1330 2965; x_wconf 88' lang='lat' dir='ltr'><strong>interitu,</strong></span> <span class='ocrx_word' id='word_1_219' title='bbox 1359 2895 1518 2953; x_wconf 90' lang='lat' dir='ltr'><strong>nobis</strong></span> <span class='ocrx_word' id='word_1_220' title='bbox 1566 2894 1945 2951; x_wconf 88' lang='lat' dir='ltr'><strong>subindicavit.</strong></span> <span class='ocrx_word' id='word_1_221' title='bbox 1978 2896 2079 2951; x_wconf 89' lang='lat' dir='ltr'><strong>Cui</strong></span> 
     </span>
    </p>
   </div>
   <div class='ocr_carea' id='block_1_32' title="bbox 480 2985 1220 3059">
    <p class='ocr_par' dir='ltr' id='par_1_32' title="bbox 480 2985 1220 3059">
     <span class='ocr_line' id='line_1_32' title="bbox 480 2985 1220 3059; baseline -0.004 -17"><span class='ocrx_word' id='word_1_222' title='bbox 480 2986 651 3059; x_wconf 88' lang='lat' dir='ltr'><strong>gloria</strong></span> <span class='ocrx_word' id='word_1_223' title='bbox 679 2985 736 3041; x_wconf 89' lang='lat' dir='ltr'><strong>in</strong></span> <span class='ocrx_word' id='word_1_224' title='bbox 784 2986 985 3042; x_wconf 90' lang='lat' dir='ltr'><strong>secula.</strong></span> <span class='ocrx_word' id='word_1_225' title='bbox 1020 2987 1220 3041; x_wconf 85' lang='lat' dir='ltr'><strong>Amen.</strong></span> 
     </span>
    </p>
   </div>
   <div class='ocr_carea' id='block_1_33' title="bbox 481 3240 2189 3253">
    <p class='ocr_par' dir='ltr' id='par_1_33' title="bbox 481 3240 2189 3253">
     <span class='ocr_line' id='line_1_33' title="bbox 481 3240 2189 3253; baseline -0.003 -1"><span class='ocrx_word' id='word_1_226' title='bbox 481 3240 2189 3253; x_wconf 55' lang='lat' dir='ltr'><strong>wmw—-m</strong></span> 
     </span>
    </p>
   </div>
   <div class='ocr_carea' id='block_1_34' title="bbox 2114 1873 2162 1937">
    <p class='ocr_par' dir='ltr' id='par_1_34' title="bbox 2114 1873 2162 1937">
     <span class='ocr_line' id='line_1_34' title="bbox 2114 1873 2162 1937; baseline 0 0"><span class='ocrx_word' id='word_1_227' title='bbox 2114 1873 2162 1937; x_wconf 91' lang='lat' dir='ltr'><strong>B</strong></span> 
     </span>
    </p>
   </div>
   <div class='ocr_carea' id='block_1_35' title="bbox 2198 650 3800 733">
    <p class='ocr_par' dir='ltr' id='par_1_35' title="bbox 2198 650 3800 733">
     <span class='ocr_line' id='line_1_35' title="bbox 2198 650 3800 733; baseline -0.002 -20"><span class='ocrx_word' id='word_1_228' title='bbox 2198 653 2338 713; x_wconf 78' lang='grc' dir='ltr'>ἀλλὰ</span> <span class='ocrx_word' id='word_1_229' title='bbox 2382 659 2474 713; x_wconf 88' lang='grc' dir='ltr'><strong>τοῦ</strong></span> <span class='ocrx_word' id='word_1_230' title='bbox 2523 651 2665 713; x_wconf 77' lang='grc' dir='ltr'>κατὰ</span> <span class='ocrx_word' id='word_1_231' title='bbox 2726 650 2957 732; x_wconf 80' lang='grc' dir='ltr'>Χριστὸν</span> <span class='ocrx_word' id='word_1_232' title='bbox 3008 650 3275 732; x_wconf 84' lang='grc' dir='ltr'>δόγματος</span> <span class='ocrx_word' id='word_1_233' title='bbox 3327 650 3800 733; x_wconf 82' lang='grc' dir='ltr'>προεκινδύνευσα.</span> 
     </span>
    </p>
   </div>
   <div class='ocr_carea' id='block_1_36' title="bbox 2196 734 3799 822">
    <p class='ocr_par' dir='ltr' id='par_1_36' title="bbox 2196 734 3799 822">
     <span class='ocr_line' id='line_1_36' title="bbox 2196 734 3799 822; baseline -0.004 -17"><span class='ocrx_word' id='word_1_234' title='bbox 2196 747 2316 805; x_wconf 82' lang='grc' dir='ltr'><strong>Οὐκ</strong></span> <span class='ocrx_word' id='word_1_235' title='bbox 2363 734 2479 803; x_wconf 70' lang='grc' dir='ltr'>εἷπε</span> <span class='ocrx_word' id='word_1_236' title='bbox 2531 741 2618 821; x_wconf 80' lang='grc' dir='ltr'>δὲ,</span> <span class='ocrx_word' id='word_1_237' title='bbox 2649 737 2843 822; x_wconf 83' lang='grc' dir='ltr'><strong>Ἕχω,</strong></span> <span class='ocrx_word' id='word_1_238' title='bbox 2890 739 3065 815; x_wconf 81' lang='grc' dir='ltr'>ἀλλὰ,</span> <span class='ocrx_word' id='word_1_239' title='bbox 3110 763 3140 799; x_wconf 76' lang='grc' dir='ltr'><strong>α</strong></span> <span class='ocrx_word' id='word_1_240' title='bbox 3194 741 3492 819; x_wconf 78' lang='grc' dir='ltr'>Βαστάζω,</span> <span class='ocrx_word' id='word_1_241' title='bbox 3531 766 3565 799; x_wconf 75' lang='grc' dir='ltr'><strong>ιι</strong></span> <span class='ocrx_word' id='word_1_242' title='bbox 3615 740 3799 820; x_wconf 81' lang='grc' dir='ltr'>ὥσπερ</span> 
     </span>
    </p>
   </div>
   <div class='ocr_carea' id='block_1_37' title="bbox 2195 830 3800 914">
    <p class='ocr_par' dir='ltr' id='par_1_37' title="bbox 2195 830 3800 914">
     <span class='ocr_line' id='line_1_37' title="bbox 2195 830 3800 914; baseline -0.002 -21"><span class='ocrx_word' id='word_1_243' title='bbox 2195 858 2247 893; x_wconf 90' lang='grc' dir='ltr'><strong>τι</strong></span> <span class='ocrx_word' id='word_1_244' title='bbox 2276 833 2528 914; x_wconf 87' lang='grc' dir='ltr'>τρόπαιον</span> <span class='ocrx_word' id='word_1_245' title='bbox 2564 831 2603 905; x_wconf 80' lang='grc' dir='ltr'><strong>ἢ</strong></span> <span class='ocrx_word' id='word_1_246' title='bbox 2655 832 2877 911; x_wconf 85' lang='grc' dir='ltr'>σημεῖον</span> <span class='ocrx_word' id='word_1_247' title='bbox 2942 830 3251 910; x_wconf 80' lang='grc' dir='ltr'>βασιλικὸν,</span> <span class='ocrx_word' id='word_1_248' title='bbox 3300 830 3393 891; x_wconf 81' lang='grc' dir='ltr'><strong>καὶ</strong></span> <span class='ocrx_word' id='word_1_249' title='bbox 3443 830 3650 897; x_wconf 79' lang='grc' dir='ltr'><strong>τούτοις</strong></span> <span class='ocrx_word' id='word_1_250' title='bbox 3707 832 3800 890; x_wconf 78' lang='grc' dir='ltr'>ἐν·</span> 
     </span>
    </p>
   </div>
   <div class='ocr_carea' id='block_1_38' title="bbox 2196 923 2522 1004">
    <p class='ocr_par' dir='ltr' id='par_1_38' title="bbox 2196 923 2522 1004">
     <span class='ocr_line' id='line_1_38' title="bbox 2196 923 2522 1004; baseline 0.006 -23"><span class='ocrx_word' id='word_1_251' title='bbox 2196 923 2522 1004; x_wconf 79' lang='grc' dir='ltr'>αϐρύνομαι.</span> 
     </span>
    </p>
   </div>
   <div class='ocr_carea' id='block_1_39' title="bbox 2281 1008 3800 1094">
    <p class='ocr_par' dir='ltr' id='par_1_39' title="bbox 2281 1008 3800 1094">
     <span class='ocr_line' id='line_1_39' title="bbox 2281 1008 3800 1094; baseline -0.001 -25"><span class='ocrx_word' id='word_1_252' title='bbox 2281 1038 2310 1069; x_wconf 81' lang='grc' dir='ltr'>ι(</span> <span class='ocrx_word' id='word_1_253' title='bbox 2338 1012 2408 1074; x_wconf 85' lang='grc' dir='ltr'><strong>Ἦ</strong></span> <span class='ocrx_word' id='word_1_254' title='bbox 2441 1012 2598 1094; x_wconf 78' lang='grc' dir='ltr'>χάρις</span> <span class='ocrx_word' id='word_1_255' title='bbox 2621 1015 2711 1073; x_wconf 86' lang='grc' dir='ltr'><strong>τοῦ</strong></span> <span class='ocrx_word' id='word_1_256' title='bbox 2757 1011 2961 1092; x_wconf 81' lang='grc' dir='ltr'><strong>Κυρίου</strong></span> <span class='ocrx_word' id='word_1_257' title='bbox 2993 1014 3148 1090; x_wconf 77' lang='grc' dir='ltr'>ἡμῶν</span> <span class='ocrx_word' id='word_1_258' title='bbox 3177 1009 3366 1084; x_wconf 89' lang='grc' dir='ltr'>Ἰησοῦ</span> <span class='ocrx_word' id='word_1_259' title='bbox 3397 1011 3628 1090; x_wconf 76' lang='grc' dir='ltr'>Χριστοῦ</span> <span class='ocrx_word' id='word_1_260' title='bbox 3659 1008 3800 1088; x_wconf 76' lang='grc' dir='ltr'>μετὰ</span> 
     </span>
    </p>
   </div>
   <div class='ocr_carea' id='block_1_40' title="bbox 2198 1098 3801 1183">
    <p class='ocr_par' dir='ltr' id='par_1_40' title="bbox 2198 1098 3801 1183">
     <span class='ocr_line' id='line_1_40' title="bbox 2198 1098 3801 1183; baseline -0.001 -23"><span class='ocrx_word' id='word_1_261' title='bbox 2198 1107 2284 1162; x_wconf 78' lang='grc' dir='ltr'><strong>τοῦ</strong></span> <span class='ocrx_word' id='word_1_262' title='bbox 2348 1102 2662 1181; x_wconf 84' lang='grc' dir='ltr'>Πνεύματος</span> <span class='ocrx_word' id='word_1_263' title='bbox 2722 1104 2908 1180; x_wconf 75' lang='grc' dir='ltr'>ὑμῶν,</span> <span class='ocrx_word' id='word_1_264' title='bbox 2961 1100 3201 1183; x_wconf 82' lang='grc' dir='ltr'>ἀδελφοί.</span> <span class='ocrx_word' id='word_1_265' title='bbox 3249 1099 3436 1179; x_wconf 76' lang='grc' dir='ltr'>Ἀμήν.</span> <span class='ocrx_word' id='word_1_266' title='bbox 3487 1125 3513 1154; x_wconf 68' lang='grc' dir='ltr'><strong><em>ι</em></strong></span> <span class='ocrx_word' id='word_1_267' title='bbox 3560 1098 3664 1160; x_wconf 75' lang='grc' dir='ltr'>Διὰ</span> <span class='ocrx_word' id='word_1_268' title='bbox 3706 1105 3801 1159; x_wconf 76' lang='grc' dir='ltr'><strong>τοῦ</strong></span> 
     </span>
    </p>
   </div>
   <div class='ocr_carea' id='block_1_41' title="bbox 2194 1188 3795 1269">
    <p class='ocr_par' dir='ltr' id='par_1_41' title="bbox 2194 1188 3795 1269">
     <span class='ocr_line' id='line_1_41' title="bbox 2194 1188 3795 1269; baseline -0.003 -18"><span class='ocrx_word' id='word_1_269' title='bbox 2194 1190 2540 1265; x_wconf 74' lang='grc' dir='ltr'><strong>ἐπεύξασθαι,</strong></span> <span class='ocrx_word' id='word_1_270' title='bbox 2594 1193 2770 1259; x_wconf 76' lang='grc' dir='ltr'>αὐτοῖς</span> <span class='ocrx_word' id='word_1_271' title='bbox 2815 1191 3077 1251; x_wconf 82' lang='grc' dir='ltr'>δείκνυσιν</span> <span class='ocrx_word' id='word_1_272' title='bbox 3128 1192 3199 1257; x_wconf 79' lang='grc' dir='ltr'>ὥς</span> <span class='ocrx_word' id='word_1_273' title='bbox 3246 1191 3307 1250; x_wconf 79' lang='grc' dir='ltr'>οὔ</span> <span class='ocrx_word' id='word_1_274' title='bbox 3337 1193 3492 1269; x_wconf 81' lang='grc' dir='ltr'>θυμῷ</span> <span class='ocrx_word' id='word_1_275' title='bbox 3542 1188 3635 1248; x_wconf 87' lang='grc' dir='ltr'><strong>καὶ</strong></span> <span class='ocrx_word' id='word_1_276' title='bbox 3682 1192 3795 1247; x_wconf 82' lang='grc' dir='ltr'>ἀπ-</span> 
     </span>
    </p>
   </div>
   <div class='ocr_carea' id='block_1_42' title="bbox 2194 1271 3798 1363">
    <p class='ocr_par' dir='ltr' id='par_1_42' title="bbox 2194 1271 3798 1363">
     <span class='ocr_line' id='line_1_42' title="bbox 2194 1271 3798 1363; baseline -0.003 -23"><span class='ocrx_word' id='word_1_277' title='bbox 2194 1284 2375 1363; x_wconf 78' lang='grc' dir='ltr'>εχθείᾳ</span> <span class='ocrx_word' id='word_1_278' title='bbox 2427 1271 2572 1341; x_wconf 71' lang='grc' dir='ltr'>εἶπεν</span> <span class='ocrx_word' id='word_1_279' title='bbox 2603 1282 2639 1340; x_wconf 81' lang='lat' dir='ltr'><strong>a</strong></span> <span class='ocrx_word' id='word_1_280' title='bbox 2679 1271 2847 1341; x_wconf 74' lang='grc' dir='ltr'>εἶπεν.</span> <span class='ocrx_word' id='word_1_281' title='bbox 2900 1282 2983 1341; x_wconf 80' lang='grc' dir='ltr'>Οὐ</span> <span class='ocrx_word' id='word_1_282' title='bbox 3018 1279 3176 1359; x_wconf 87' lang='grc' dir='ltr'>μόνον</span> <span class='ocrx_word' id='word_1_283' title='bbox 3209 1278 3265 1339; x_wconf 76' lang='grc' dir='ltr'><strong>δὲ</strong></span> <span class='ocrx_word' id='word_1_284' title='bbox 3309 1277 3473 1359; x_wconf 81' lang='grc' dir='ltr'>εὐχὴ,</span> <span class='ocrx_word' id='word_1_285' title='bbox 3531 1277 3673 1336; x_wconf 76' lang='grc' dir='ltr'>ἀλλὰ</span> <span class='ocrx_word' id='word_1_286' title='bbox 3704 1277 3798 1337; x_wconf 81' lang='grc' dir='ltr'><strong>καὶ</strong></span> 
     </span>
    </p>
   </div>
   <div class='ocr_carea' id='block_1_43' title="bbox 2195 1367 3798 1450">
    <p class='ocr_par' dir='ltr' id='par_1_43' title="bbox 2195 1367 3798 1450">
     <span class='ocr_line' id='line_1_43' title="bbox 2195 1367 3798 1450; baseline -0.001 -20"><span class='ocrx_word' id='word_1_287' title='bbox 2195 1371 2516 1431; x_wconf 85' lang='grc' dir='ltr'>διδασκαλία</span> <span class='ocrx_word' id='word_1_288' title='bbox 2574 1370 2733 1431; x_wconf 86' lang='grc' dir='ltr'>τοῦτό</span> <span class='ocrx_word' id='word_1_289' title='bbox 2800 1373 2982 1443; x_wconf 83' lang='grc' dir='ltr'>ἐστιν,</span> <span class='ocrx_word' id='word_1_290' title='bbox 3052 1368 3504 1450; x_wconf 77' lang='grc' dir='ltr'>ἐπισφραγίζουσα</span> <span class='ocrx_word' id='word_1_291' title='bbox 3560 1367 3629 1425; x_wconf 80' lang='grc' dir='ltr'><strong>τὰ</strong></span> <span class='ocrx_word' id='word_1_292' title='bbox 3695 1370 3798 1450; x_wconf 61' lang='grc' dir='ltr'><strong>ῥητ-</strong></span> 
     </span>
    </p>
   </div>
   <div class='ocr_carea' id='block_1_44' title="bbox 2193 1449 3800 1539">
    <p class='ocr_par' dir='ltr' id='par_1_44' title="bbox 2193 1449 3800 1539">
     <span class='ocr_line' id='line_1_44' title="bbox 2193 1449 3800 1539; baseline -0.004 -17"><span class='ocrx_word' id='word_1_293' title='bbox 2193 1463 2350 1522; x_wconf 85' lang='grc' dir='ltr'>θέντα</span> <span class='ocrx_word' id='word_1_294' title='bbox 2412 1460 2611 1522; x_wconf 80' lang='grc' dir='ltr'>πάντα.</span> <span class='ocrx_word' id='word_1_295' title='bbox 2670 1458 3093 1538; x_wconf 86' lang='grc' dir='ltr'>Ἀναμιμνήσκει</span> <span class='ocrx_word' id='word_1_296' title='bbox 3153 1449 3257 1539; x_wconf 68' lang='grc' dir='ltr'>γὰρ</span> <span class='ocrx_word' id='word_1_297' title='bbox 3315 1463 3413 1531; x_wconf 83' lang='grc' dir='ltr'><strong>τῆς</strong></span> <span class='ocrx_word' id='word_1_298' title='bbox 3465 1455 3686 1537; x_wconf 79' lang='grc' dir='ltr'>χάριτος</span> <span class='ocrx_word' id='word_1_299' title='bbox 3735 1449 3800 1528; x_wconf 71' lang='grc' dir='ltr'><strong>ἧς</strong></span> 
     </span>
    </p>
   </div>
   <div class='ocr_carea' id='block_1_45' title="bbox 2193 1546 3797 1627">
    <p class='ocr_par' dir='ltr' id='par_1_45' title="bbox 2193 1546 3797 1627">
     <span class='ocr_line' id='line_1_45' title="bbox 2193 1546 3797 1627; baseline -0.002 -18"><span class='ocrx_word' id='word_1_300' title='bbox 2193 1550 2507 1611; x_wconf 80' lang='grc' dir='ltr'><strong>ἀπέλαυσαν</strong></span> <span class='ocrx_word' id='word_1_301' title='bbox 2527 1594 2545 1624; x_wconf 89' lang='grc'><strong>,</strong></span> <span class='ocrx_word' id='word_1_302' title='bbox 2572 1550 2632 1608; x_wconf 83' lang='grc' dir='ltr'>οὗ</span> <span class='ocrx_word' id='word_1_303' title='bbox 2667 1549 2754 1609; x_wconf 80' lang='grc' dir='ltr'><strong>διὰ</strong></span> <span class='ocrx_word' id='word_1_304' title='bbox 2779 1554 2872 1609; x_wconf 84' lang='grc' dir='ltr'><strong>τοῦ</strong></span> <span class='ocrx_word' id='word_1_305' title='bbox 2912 1549 3112 1627; x_wconf 82' lang='grc' dir='ltr'>νόμου,</span> <span class='ocrx_word' id='word_1_306' title='bbox 3153 1546 3292 1607; x_wconf 78' lang='grc' dir='ltr'>ἀλλὰ</span> <span class='ocrx_word' id='word_1_307' title='bbox 3324 1546 3797 1626; x_wconf 82' lang='grc' dir='ltr'>πιστεύσαντεςτῷ</span> 
     </span>
    </p>
   </div>
   <div class='ocr_carea' id='block_1_46' title="bbox 2193 1627 3797 1723">
    <p class='ocr_par' dir='ltr' id='par_1_46' title="bbox 2193 1627 3797 1723">
     <span class='ocr_line' id='line_1_46' title="bbox 2193 1627 3797 1723; baseline -0.006 -22"><span class='ocrx_word' id='word_1_308' title='bbox 2193 1642 2433 1723; x_wconf 78' lang='grc' dir='ltr'>Χριστῷ.</span> <span class='ocrx_word' id='word_1_309' title='bbox 2470 1639 2582 1701; x_wconf 80' lang='grc' dir='ltr'><strong>Καὶ</strong></span> <span class='ocrx_word' id='word_1_310' title='bbox 2626 1642 2723 1700; x_wconf 79' lang='grc' dir='ltr'>οὐκ</span> <span class='ocrx_word' id='word_1_311' title='bbox 2767 1627 2912 1717; x_wconf 72' lang='grc' dir='ltr'>εἶπε,</span> <span class='ocrx_word' id='word_1_312' title='bbox 2946 1640 3084 1700; x_wconf 79' lang='grc' dir='ltr'>Μεθ’</span> <span class='ocrx_word' id='word_1_313' title='bbox 3134 1639 3321 1716; x_wconf 76' lang='grc' dir='ltr'>ὑμῶν,</span> <span class='ocrx_word' id='word_1_314' title='bbox 3373 1637 3537 1709; x_wconf 76' lang='grc' dir='ltr'>ἀλλὰ,</span> <span class='ocrx_word' id='word_1_315' title='bbox 3578 1656 3611 1694; x_wconf 76' lang='grc' dir='ltr'><strong>α</strong></span> <span class='ocrx_word' id='word_1_316' title='bbox 3640 1633 3797 1696; x_wconf 76' lang='grc' dir='ltr'>Μετὰ</span> 
     </span>
    </p>
   </div>
   <div class='ocr_carea' id='block_1_47' title="bbox 2191 1723 3795 1807">
    <p class='ocr_par' dir='ltr' id='par_1_47' title="bbox 2191 1723 3795 1807">
     <span class='ocr_line' id='line_1_47' title="bbox 2191 1723 3795 1807; baseline -0.004 -17"><span class='ocrx_word' id='word_1_317' title='bbox 2191 1734 2287 1790; x_wconf 90' lang='grc' dir='ltr'><strong>τοῦ</strong></span> <span class='ocrx_word' id='word_1_318' title='bbox 2326 1729 2625 1806; x_wconf 80' lang='grc' dir='ltr'>πνεύματος</span> <span class='ocrx_word' id='word_1_319' title='bbox 2674 1731 2856 1807; x_wconf 77' lang='grc' dir='ltr'>ὖμῶν,</span> <span class='ocrx_word' id='word_1_320' title='bbox 2909 1748 2942 1788; x_wconf 69' lang='grc' dir='ltr'><strong>ι</strong></span> <span class='ocrx_word' id='word_1_321' title='bbox 3002 1726 3231 1806; x_wconf 80' lang='grc' dir='ltr'>ἀπάγων</span> <span class='ocrx_word' id='word_1_322' title='bbox 3283 1723 3478 1793; x_wconf 79' lang='grc' dir='ltr'>αὐτοὺς</span> <span class='ocrx_word' id='word_1_323' title='bbox 3532 1724 3639 1784; x_wconf 74' lang='grc' dir='ltr'><strong>ἀπὸ</strong></span> <span class='ocrx_word' id='word_1_324' title='bbox 3686 1726 3795 1783; x_wconf 75' lang='grc' dir='ltr'><strong>τῶν</strong></span> 
     </span>
    </p>
   </div>
   <div class='ocr_carea' id='block_1_48' title="bbox 2195 1813 3797 1902">
    <p class='ocr_par' dir='ltr' id='par_1_48' title="bbox 2195 1813 3797 1902">
     <span class='ocr_line' id='line_1_48' title="bbox 2195 1813 3797 1902; baseline -0.006 -22"><span class='ocrx_word' id='word_1_325' title='bbox 2195 1823 2490 1902; x_wconf 76' lang='grc' dir='ltr'><strong>σαρκικῶν,</strong></span> <span class='ocrx_word' id='word_1_326' title='bbox 2532 1818 2628 1879; x_wconf 77' lang='grc' dir='ltr'><strong>καὶ</strong></span> <span class='ocrx_word' id='word_1_327' title='bbox 2659 1817 2891 1896; x_wconf 72' lang='grc' dir='ltr'>δεικνὺς,</span> <span class='ocrx_word' id='word_1_328' title='bbox 2919 1816 3002 1878; x_wconf 77' lang='grc' dir='ltr'><strong>ὅτι</strong></span> <span class='ocrx_word' id='word_1_329' title='bbox 3031 1818 3128 1876; x_wconf 81' lang='grc' dir='ltr'>οὐκ</span> <span class='ocrx_word' id='word_1_330' title='bbox 3172 1817 3282 1875; x_wconf 80' lang='grc' dir='ltr'><strong>ἀπὸ</strong></span> <span class='ocrx_word' id='word_1_331' title='bbox 3310 1820 3401 1875; x_wconf 85' lang='grc' dir='ltr'><strong>τοῦ</strong></span> <span class='ocrx_word' id='word_1_332' title='bbox 3444 1816 3639 1893; x_wconf 85' lang='grc' dir='ltr'>νόμου,</span> <span class='ocrx_word' id='word_1_333' title='bbox 3675 1813 3797 1872; x_wconf 79' lang='grc' dir='ltr'>ἀλλ’</span> 
     </span>
    </p>
   </div>
   <div class='ocr_carea' id='block_1_49' title="bbox 2195 1902 3798 1990">
    <p class='ocr_par' dir='ltr' id='par_1_49' title="bbox 2195 1902 3798 1990">
     <span class='ocr_line' id='line_1_49' title="bbox 2195 1902 3798 1990; baseline 0.007 -21"><span class='ocrx_word' id='word_1_334' title='bbox 2195 1913 2302 1969; x_wconf 80' lang='grc' dir='ltr'>ἀπὸ</span> <span class='ocrx_word' id='word_1_335' title='bbox 2324 1913 2419 1982; x_wconf 81' lang='grc' dir='ltr'><strong>τῆς</strong></span> <span class='ocrx_word' id='word_1_336' title='bbox 2472 1908 2693 1990; x_wconf 81' lang='grc' dir='ltr'>χάριτος</span> <span class='ocrx_word' id='word_1_337' title='bbox 2722 1907 2785 1969; x_wconf 78' lang='grc' dir='ltr'><strong>τὸ</strong></span> <span class='ocrx_word' id='word_1_338' title='bbox 2838 1911 3063 1987; x_wconf 87' lang='grc' dir='ltr'>Πνεῦμα</span> <span class='ocrx_word' id='word_1_339' title='bbox 3118 1905 3388 1976; x_wconf 76' lang='grc' dir='ltr'><strong>ἐδέξαντο⁸</strong></span> <span class='ocrx_word' id='word_1_340' title='bbox 3436 1905 3529 1963; x_wconf 54' lang='grc' dir='ltr'><strong>καὶ</strong></span> <span class='ocrx_word' id='word_1_341' title='bbox 3581 1902 3664 1963; x_wconf 74' lang='grc' dir='ltr'>δτι</span> <span class='ocrx_word' id='word_1_342' title='bbox 3695 1904 3798 1983; x_wconf 71' lang='grc' dir='ltr'><strong>οὐχ</strong></span> 
     </span>
    </p>
   </div>
   <div class='ocr_carea' id='block_1_50' title="bbox 2189 1993 3795 2079">
    <p class='ocr_par' dir='ltr' id='par_1_50' title="bbox 2189 1993 3795 2079">
     <span class='ocr_line' id='line_1_50' title="bbox 2189 1993 3795 2079; baseline -0.005 -21"><span class='ocrx_word' id='word_1_343' title='bbox 2189 2002 2217 2058; x_wconf 82' lang='grc' dir='ltr'>ὁ</span> <span class='ocrx_word' id='word_1_344' title='bbox 2261 1999 2452 2077; x_wconf 86' lang='grc' dir='ltr'>νόμος,</span> <span class='ocrx_word' id='word_1_345' title='bbox 2513 1998 2629 2059; x_wconf 73' lang='grc' dir='ltr'>οὖδὲ</span> <span class='ocrx_word' id='word_1_346' title='bbox 2655 2003 2690 2071; x_wconf 81' lang='grc' dir='ltr'><strong>ἡ</strong></span> <span class='ocrx_word' id='word_1_347' title='bbox 2749 1999 3038 2079; x_wconf 83' lang='grc' dir='ltr'>περιτομὴ,</span> <span class='ocrx_word' id='word_1_348' title='bbox 3088 1995 3227 2056; x_wconf 73' lang='grc' dir='ltr'>ἀλλὰ</span> <span class='ocrx_word' id='word_1_349' title='bbox 3277 2000 3312 2069; x_wconf 85' lang='grc' dir='ltr'><strong>ἡ</strong></span> <span class='ocrx_word' id='word_1_350' title='bbox 3365 1993 3524 2079; x_wconf 57' lang='grc' dir='ltr'>χάρις</span> <span class='ocrx_word' id='word_1_351' title='bbox 3570 1994 3795 2053; x_wconf 80' lang='grc' dir='ltr'>δύναται</span> 
     </span>
    </p>
   </div>
   <div class='ocr_carea' id='block_1_51' title="bbox 2190 2073 3792 2168">
    <p class='ocr_par' dir='ltr' id='par_1_51' title="bbox 2190 2073 3792 2168">
     <span class='ocr_line' id='line_1_51' title="bbox 2190 2073 3792 2168; baseline -0.003 -21"><span class='ocrx_word' id='word_1_352' title='bbox 2190 2091 2368 2156; x_wconf 73' lang='grc' dir='ltr'>αὐτοῖς</span> <span class='ocrx_word' id='word_1_353' title='bbox 2398 2087 2459 2149; x_wconf 78' lang='grc' dir='ltr'><strong>τὸ</strong></span> <span class='ocrx_word' id='word_1_354' title='bbox 2506 2091 2734 2167; x_wconf 88' lang='grc' dir='ltr'>Πνεῦμα</span> <span class='ocrx_word' id='word_1_355' title='bbox 2786 2091 3148 2168; x_wconf 74' lang='grc' dir='ltr'>ωντηρῆσαι,</span> <span class='ocrx_word' id='word_1_356' title='bbox 3208 2083 3394 2167; x_wconf 75' lang='grc' dir='ltr'>ὥσπερ</span> <span class='ocrx_word' id='word_1_357' title='bbox 3442 2073 3533 2143; x_wconf 66' lang='grc' dir='ltr'><strong>οὖν</strong></span> <span class='ocrx_word' id='word_1_358' title='bbox 3563 2084 3657 2143; x_wconf 75' lang='grc' dir='ltr'><strong>καὶ</strong></span> <span class='ocrx_word' id='word_1_359' title='bbox 3699 2084 3792 2143; x_wconf 83' lang='grc' dir='ltr'><strong>δέ·</strong></span> 
     </span>
    </p>
   </div>
   <div class='ocr_carea' id='block_1_52' title="bbox 2189 2175 3793 2258">
    <p class='ocr_par' dir='ltr' id='par_1_52' title="bbox 2189 2175 3793 2258">
     <span class='ocr_line' id='line_1_52' title="bbox 2189 2175 3793 2258; baseline -0.004 -21"><span class='ocrx_word' id='word_1_360' title='bbox 2189 2179 2372 2237; x_wconf 77' lang='grc' dir='ltr'>δωκεν.</span> <span class='ocrx_word' id='word_1_361' title='bbox 2402 2177 2561 2237; x_wconf 71' lang='grc' dir='ltr'>Ἀλλὰ</span> <span class='ocrx_word' id='word_1_362' title='bbox 2604 2177 2698 2237; x_wconf 71' lang='grc' dir='ltr'><strong>καὶ</strong></span> <span class='ocrx_word' id='word_1_363' title='bbox 2745 2180 2855 2258; x_wconf 82' lang='grc' dir='ltr'><strong>τῷ,</strong></span> <span class='ocrx_word' id='word_1_364' title='bbox 2905 2175 3161 2257; x_wconf 69' lang='grc' dir='ltr'>ἀδελφοὺς</span> <span class='ocrx_word' id='word_1_365' title='bbox 3196 2177 3541 2254; x_wconf 80' lang='grc' dir='ltr'>προσειπεῖν,</span> <span class='ocrx_word' id='word_1_366' title='bbox 3569 2178 3664 2247; x_wconf 79' lang='grc' dir='ltr'><strong>τῆς</strong></span> <span class='ocrx_word' id='word_1_367' title='bbox 3697 2195 3793 2232; x_wconf 64' lang='grc' dir='ltr'>κου</span> 
     </span>
    </p>
   </div>
   <div class='ocr_carea' id='block_1_53' title="bbox 2189 2257 3796 2349">
    <p class='ocr_par' dir='ltr' id='par_1_53' title="bbox 2189 2257 3796 2349">
     <span class='ocr_line' id='line_1_53' title="bbox 2189 2257 3796 2349; baseline -0.003 -23"><span class='ocrx_word' id='word_1_368' title='bbox 2189 2267 2502 2349; x_wconf 81' lang='grc' dir='ltr'>λυμϐήθρας</span> <span class='ocrx_word' id='word_1_369' title='bbox 2543 2257 2882 2343; x_wconf 65' lang='grc' dir='ltr'>ὑπέμνησεν,</span> <span class='ocrx_word' id='word_1_370' title='bbox 2917 2266 2972 2336; x_wconf 81' lang='grc' dir='ltr'><strong>ἐξ</strong></span> <span class='ocrx_word' id='word_1_371' title='bbox 2995 2257 3060 2339; x_wconf 71' lang='grc' dir='ltr'><strong>ἧς</strong></span> <span class='ocrx_word' id='word_1_372' title='bbox 3102 2263 3320 2346; x_wconf 75' lang='grc' dir='ltr'>ἀδελφοὶ</span> <span class='ocrx_word' id='word_1_373' title='bbox 3370 2263 3653 2342; x_wconf 76' lang='grc' dir='ltr'>γινόμεθα,</span> <span class='ocrx_word' id='word_1_374' title='bbox 3683 2261 3796 2329; x_wconf 73' lang='grc' dir='ltr'>ἑνὸς</span> 
     </span>
    </p>
   </div>
   <div class='ocr_carea' id='block_1_54' title="bbox 2193 2350 3790 2436">
    <p class='ocr_par' dir='ltr' id='par_1_54' title="bbox 2193 2350 3790 2436">
     <span class='ocr_line' id='line_1_54' title="bbox 2193 2350 3790 2436; baseline -0.004 -18"><span class='ocrx_word' id='word_1_375' title='bbox 2193 2355 2405 2436; x_wconf 75' lang='grc' dir='ltr'>[ἰατρὸς</span> <span class='ocrx_word' id='word_1_376' title='bbox 2433 2355 2538 2416; x_wconf 69' lang='grc' dir='ltr'>υἱοὶ</span> <span class='ocrx_word' id='word_1_377' title='bbox 2560 2360 2653 2416; x_wconf 84' lang='grc' dir='ltr'><strong>τοῦ</strong></span> <span class='ocrx_word' id='word_1_378' title='bbox 2685 2360 2828 2419; x_wconf 86' lang='grc' dir='ltr'>Θεοῦ</span> <span class='ocrx_word' id='word_1_379' title='bbox 2854 2355 3025 2431; x_wconf 83' lang='grc' dir='ltr'>ὄντες,</span> <span class='ocrx_word' id='word_1_380' title='bbox 3061 2355 3154 2415; x_wconf 81' lang='grc' dir='ltr'>καὶ</span> <span class='ocrx_word' id='word_1_381' title='bbox 3182 2356 3278 2414; x_wconf 75' lang='grc' dir='ltr'><strong>οὐκ</strong></span> <span class='ocrx_word' id='word_1_382' title='bbox 3308 2354 3418 2413; x_wconf 83' lang='grc' dir='ltr'>ἀπὸ</span> <span class='ocrx_word' id='word_1_383' title='bbox 3461 2357 3553 2412; x_wconf 86' lang='grc' dir='ltr'><strong>τοῦ</strong></span> <span class='ocrx_word' id='word_1_384' title='bbox 3600 2350 3790 2429; x_wconf 84' lang='grc' dir='ltr'>νόμου.</span> 
     </span>
    </p>
   </div>
   <div class='ocr_carea' id='block_1_55' title="bbox 2195 2444 3792 2526">
    <p class='ocr_par' dir='ltr' id='par_1_55' title="bbox 2195 2444 3792 2526">
     <span class='ocr_line' id='line_1_55' title="bbox 2195 2444 3792 2526; baseline -0.004 -20"><span class='ocrx_word' id='word_1_385' title='bbox 2195 2446 2295 2519; x_wconf 68' lang='grc' dir='ltr'>Ιίἴη</span> <span class='ocrx_word' id='word_1_386' title='bbox 2327 2446 2381 2507; x_wconf 86' lang='grc' dir='ltr'><strong>δὲ</strong></span> <span class='ocrx_word' id='word_1_387' title='bbox 2432 2445 2524 2506; x_wconf 75' lang='grc' dir='ltr'>καὶ</span> <span class='ocrx_word' id='word_1_388' title='bbox 2561 2446 2679 2523; x_wconf 83' lang='grc' dir='ltr'>μεθ’</span> <span class='ocrx_word' id='word_1_389' title='bbox 2710 2449 2866 2523; x_wconf 79' lang='grc' dir='ltr'>ἡμῶν</span> <span class='ocrx_word' id='word_1_390' title='bbox 2915 2455 2950 2519; x_wconf 84' lang='grc' dir='ltr'><strong>ἡ</strong></span> <span class='ocrx_word' id='word_1_391' title='bbox 3006 2444 3166 2526; x_wconf 79' lang='grc' dir='ltr'>χάρις</span> <span class='ocrx_word' id='word_1_392' title='bbox 3213 2448 3308 2504; x_wconf 80' lang='grc' dir='ltr'><strong>τοῦ</strong></span> <span class='ocrx_word' id='word_1_393' title='bbox 3348 2445 3495 2505; x_wconf 75' lang='grc' dir='ltr'>Θεοῦ</span> <span class='ocrx_word' id='word_1_394' title='bbox 3553 2464 3792 2519; x_wconf 77' lang='grc' dir='ltr'>πνευμα-</span> 
     </span>
    </p>
   </div>
   <div class='ocr_carea' id='block_1_56' title="bbox 2188 2531 3794 2617">
    <p class='ocr_par' dir='ltr' id='par_1_56' title="bbox 2188 2531 3794 2617">
     <span class='ocr_line' id='line_1_56' title="bbox 2188 2531 3794 2617; baseline -0.003 -21"><span class='ocrx_word' id='word_1_395' title='bbox 2188 2540 2346 2605; x_wconf 81' lang='grc' dir='ltr'>τικῶς</span> <span class='ocrx_word' id='word_1_396' title='bbox 2424 2534 2710 2617; x_wconf 77' lang='grc' dir='ltr'>βιούντων,</span> <span class='ocrx_word' id='word_1_397' title='bbox 2776 2534 2869 2596; x_wconf 80' lang='grc' dir='ltr'>καὶ</span> <span class='ocrx_word' id='word_1_398' title='bbox 2941 2534 3033 2594; x_wconf 84' lang='grc' dir='ltr'><strong>τὸν</strong></span> <span class='ocrx_word' id='word_1_399' title='bbox 3091 2537 3228 2594; x_wconf 86' lang='grc' dir='ltr'>θεῖον</span> <span class='ocrx_word' id='word_1_400' title='bbox 3278 2538 3372 2593; x_wconf 82' lang='grc' dir='ltr'><strong>τοῦ</strong></span> <span class='ocrx_word' id='word_1_401' title='bbox 3431 2531 3794 2614; x_wconf 80' lang='grc' dir='ltr'>Παρακλήτου</span> 
     </span>
    </p>
   </div>
   <div class='ocr_carea' id='block_1_57' title="bbox 2190 2621 3793 2705">
    <p class='ocr_par' dir='ltr' id='par_1_57' title="bbox 2190 2621 3793 2705">
     <span class='ocr_line' id='line_1_57' title="bbox 2190 2621 3793 2705; baseline -0.003 -20"><span class='ocrx_word' id='word_1_402' title='bbox 2190 2625 2458 2705; x_wconf 77' lang='grc' dir='ltr'>ἆγιασμὸν</span> <span class='ocrx_word' id='word_1_403' title='bbox 2515 2624 2592 2701; x_wconf 86' lang='grc' dir='ltr'><strong>μὴ</strong></span> <span class='ocrx_word' id='word_1_404' title='bbox 2647 2623 3066 2684; x_wconf 80' lang='grc' dir='ltr'>ἀποϐαλλόντων</span> <span class='ocrx_word' id='word_1_405' title='bbox 3111 2624 3190 2705; x_wconf 80' lang='grc' dir='ltr'><strong>τῷ</strong></span> <span class='ocrx_word' id='word_1_406' title='bbox 3243 2625 3351 2682; x_wconf 80' lang='grc' dir='ltr'><strong>τῶν</strong></span> <span class='ocrx_word' id='word_1_407' title='bbox 3382 2621 3793 2702; x_wconf 77' lang='grc' dir='ltr'>ἁμαρτημάτων</span> 
     </span>
    </p>
   </div>
   <div class='ocr_carea' id='block_1_58' title="bbox 2191 2710 3793 2798">
    <p class='ocr_par' dir='ltr' id='par_1_58' title="bbox 2191 2710 3793 2798">
     <span class='ocr_line' id='line_1_58' title="bbox 2191 2710 3793 2798; baseline -0.001 -25"><span class='ocrx_word' id='word_1_408' title='bbox 2191 2714 2431 2798; x_wconf 84' lang='grc' dir='ltr'>βορϐόρῳ</span> <span class='ocrx_word' id='word_1_409' title='bbox 2449 2761 2467 2792; x_wconf 86' lang='grc'><strong>,</strong></span> <span class='ocrx_word' id='word_1_410' title='bbox 2502 2714 2621 2774; x_wconf 81' lang='grc' dir='ltr'>ἀλλ’</span> <span class='ocrx_word' id='word_1_411' title='bbox 2670 2715 2754 2774; x_wconf 76' lang='grc' dir='ltr'>ἀεὶ</span> <span class='ocrx_word' id='word_1_412' title='bbox 2800 2713 3023 2773; x_wconf 84' lang='grc' dir='ltr'>πλείονα</span> <span class='ocrx_word' id='word_1_413' title='bbox 3058 2716 3265 2781; x_wconf 79' lang='grc' dir='ltr'>ἑαυτοῖς</span> <span class='ocrx_word' id='word_1_414' title='bbox 3316 2710 3707 2792; x_wconf 73' lang='grc' dir='ltr'>προξενούντων</span> <span class='ocrx_word' id='word_1_415' title='bbox 3738 2713 3793 2771; x_wconf 80' lang='grc' dir='ltr'>ἐν</span> 
     </span>
    </p>
   </div>
   <div class='ocr_carea' id='block_1_59' title="bbox 2193 2800 3796 2885">
    <p class='ocr_par' dir='ltr' id='par_1_59' title="bbox 2193 2800 3796 2885">
     <span class='ocr_line' id='line_1_59' title="bbox 2193 2800 3796 2885; baseline -0.004 -21"><span class='ocrx_word' id='word_1_416' title='bbox 2193 2807 2407 2885; x_wconf 80' lang='grc' dir='ltr'>Χριστῷ</span> <span class='ocrx_word' id='word_1_417' title='bbox 2455 2806 2636 2877; x_wconf 86' lang='grc' dir='ltr'>Ἰησοῦ</span> <span class='ocrx_word' id='word_1_418' title='bbox 2684 2808 2761 2885; x_wconf 82' lang='grc' dir='ltr'><strong>τῷ</strong></span> <span class='ocrx_word' id='word_1_419' title='bbox 2820 2802 3005 2883; x_wconf 80' lang='grc' dir='ltr'>Κυρίῳ</span> <span class='ocrx_word' id='word_1_420' title='bbox 3067 2806 3253 2881; x_wconf 67' lang='grc' dir='ltr'>ἡμῶν,</span> <span class='ocrx_word' id='word_1_421' title='bbox 3312 2805 3389 2883; x_wconf 82' lang='grc' dir='ltr'><strong>τῷ</strong></span> <span class='ocrx_word' id='word_1_422' title='bbox 3444 2801 3543 2875; x_wconf 86' lang='grc' dir='ltr'><strong>τὴν</strong></span> <span class='ocrx_word' id='word_1_423' title='bbox 3605 2800 3796 2873; x_wconf 86' lang='grc' dir='ltr'>καινὴν</span> 
     </span>
    </p>
   </div>
   <div class='ocr_carea' id='block_1_60' title="bbox 2189 2890 3796 2972">
    <p class='ocr_par' dir='ltr' id='par_1_60' title="bbox 2189 2890 3796 2972">
     <span class='ocr_line' id='line_1_60' title="bbox 2189 2890 3796 2972; baseline -0.002 -20"><span class='ocrx_word' id='word_1_424' title='bbox 2189 2895 2329 2965; x_wconf 71' lang='grc' dir='ltr'>ζωὴν</span> <span class='ocrx_word' id='word_1_425' title='bbox 2360 2892 2453 2953; x_wconf 73' lang='grc' dir='ltr'><strong>καὶ</strong></span> <span class='ocrx_word' id='word_1_426' title='bbox 2482 2897 2856 2970; x_wconf 77' lang='grc' dir='ltr'>πνευματικὴν</span> <span class='ocrx_word' id='word_1_427' title='bbox 2985 2891 3255 2972; x_wconf 77' lang='grc' dir='ltr'>ἀναιρέσει</span> <span class='ocrx_word' id='word_1_428' title='bbox 3301 2897 3396 2964; x_wconf 81' lang='grc' dir='ltr'><strong>τῆς</strong></span> <span class='ocrx_word' id='word_1_429' title='bbox 3441 2893 3676 2958; x_wconf 77' lang='grc' dir='ltr'>παλαιᾶς</span> <span class='ocrx_word' id='word_1_430' title='bbox 3702 2890 3796 2950; x_wconf 79' lang='grc' dir='ltr'><strong>καὶ</strong></span> 
     </span>
    </p>
   </div>
   <div class='ocr_carea' id='block_1_61' title="bbox 2190 2971 3793 3067">
    <p class='ocr_par' dir='ltr' id='par_1_61' title="bbox 2190 2971 3793 3067">
     <span class='ocr_line' id='line_1_61' title="bbox 2190 2971 3793 3067; baseline -0.002 -23"><span class='ocrx_word' id='word_1_431' title='bbox 2190 2986 2499 3061; x_wconf 80' lang='grc' dir='ltr'>σωματικῆς</span> <span class='ocrx_word' id='word_1_432' title='bbox 2527 2982 2880 3052; x_wconf 82' lang='grc' dir='ltr'>ὓποδείξαντι.</span> <span class='ocrx_word' id='word_1_433' title='bbox 2913 2971 2989 3067; x_wconf 61' lang='grc' dir='ltr'><strong>’ᾯ</strong></span> <span class='ocrx_word' id='word_1_434' title='bbox 3031 2987 3066 3057; x_wconf 82' lang='grc' dir='ltr'><strong>ἡ</strong></span> <span class='ocrx_word' id='word_1_435' title='bbox 3114 2971 3237 3052; x_wconf 74' lang='grc' dir='ltr'>δόξα</span> <span class='ocrx_word' id='word_1_436' title='bbox 3294 2985 3367 3050; x_wconf 74' lang='grc' dir='ltr'><strong>εἰς</strong></span> <span class='ocrx_word' id='word_1_437' title='bbox 3405 2980 3525 3050; x_wconf 80' lang='grc' dir='ltr'>τοὺς</span> <span class='ocrx_word' id='word_1_438' title='bbox 3577 2982 3793 3048; x_wconf 78' lang='grc' dir='ltr'>αἰῶνας.</span> 
     </span>
    </p>
   </div>
   <div class='ocr_carea' id='block_1_62' title="bbox 2198 3072 2383 3145">
    <p class='ocr_par' dir='ltr' id='par_1_62' title="bbox 2198 3072 2383 3145">
     <span class='ocr_line' id='line_1_62' title="bbox 2198 3072 2383 3145; baseline -0.005 -12"><span class='ocrx_word' id='word_1_439' title='bbox 2198 3072 2383 3145; x_wconf 79' lang='grc' dir='ltr'>Ἀμήν.</span> 
     </span>
    </p>
   </div>
   <div class='ocr_carea' id='block_1_63' title="bbox 2094 3223 2303 3232">
    <p class='ocr_par' dir='ltr' id='par_1_63' title="bbox 2094 3223 2303 3232">
     <span class='ocr_line' id='line_1_63' title="bbox 2094 3223 2303 3232; baseline -0.005 -1"><span class='ocrx_word' id='word_1_440' title='bbox 2094 3223 2303 3232; x_wconf 54' lang='grc' dir='ltr'>ψ</span> 
     </span>
    </p>
   </div>
   <div class='ocr_carea' id='block_1_64' title="bbox 2196 3238 2970 3247">
    <p class='ocr_par' dir='ltr' id='par_1_64' title="bbox 2196 3238 2970 3247">
     <span class='ocr_line' id='line_1_64' title="bbox 2196 3238 2970 3247; baseline -0.003 0"><span class='ocrx_word' id='word_1_441' title='bbox 2196 3238 2970 3247; x_wconf 49' lang='lat' dir='ltr'><strong>mm...“</strong></span> 
     </span>
    </p>
   </div>
   <div class='ocr_carea' id='block_1_65' title="bbox 1343 3370 2917 3532">
    <p class='ocr_par' dir='ltr' id='par_1_65' title="bbox 1343 3370 2917 3532">
     <span class='ocr_line' id='line_1_65' title="bbox 1343 3370 2917 3532; baseline -0.003 -1"><span class='ocrx_word' id='word_1_442' title='bbox 1343 3370 2917 3532; x_wconf 80' lang='grc' dir='ltr'><strong>ΘΕΟΦΥΑΑΚΤΟΥ</strong></span> 
     </span>
    </p>
   </div>
   <div class='ocr_carea' id='block_1_66' title="bbox 1190 3654 3077 3739">
    <p class='ocr_par' dir='ltr' id='par_1_66' title="bbox 1190 3654 3077 3739">
     <span class='ocr_line' id='line_1_66' title="bbox 1190 3654 3077 3739; baseline -0.002 0"><span class='ocrx_word' id='word_1_443' title='bbox 1190 3662 1253 3739; x_wconf 89' lang='grc' dir='ltr'><strong>Α</strong></span> <span class='ocrx_word' id='word_1_444' title='bbox 1279 3655 2233 3739; x_wconf 86' lang='grc' dir='ltr'><strong>ΡΧΙΕΠΙΣΚΟΠΟΥ</strong></span> <span class='ocrx_word' id='word_1_445' title='bbox 2311 3654 2991 3737; x_wconf 87' lang='grc' dir='ltr'><strong>ΒΟΥΛΓΑΡΙΑ</strong></span> <span class='ocrx_word' id='word_1_446' title='bbox 3017 3656 3077 3735; x_wconf 91' lang='grc' dir='ltr'><strong>Σ</strong></span> 
     </span>
    </p>
   </div>
   <div class='ocr_carea' id='block_1_67' title="bbox 2132 3823 2253 3872">
    <p class='ocr_par' dir='ltr' id='par_1_67' title="bbox 2132 3823 2253 3872">
     <span class='ocr_line' id='line_1_67' title="bbox 2132 3823 2253 3872; baseline -0.008 0"><span class='ocrx_word' id='word_1_447' title='bbox 2132 3823 2253 3872; x_wconf 80' lang='grc' dir='ltr'><strong>ΤΗΣ</strong></span> 
     </span>
    </p>
   </div>
   <div class='ocr_carea' id='block_1_68' title="bbox 727 3951 3540 4071">
    <p class='ocr_par' dir='ltr' id='par_1_68' title="bbox 727 3951 3540 4071">
     <span class='ocr_line' id='line_1_68' title="bbox 727 3951 3540 4071; baseline -0.002 -34"><span class='ocrx_word' id='word_1_448' title='bbox 727 3957 955 4038; x_wconf 62' lang='grc' dir='ltr'><strong>ΤοΥ</strong></span> <span class='ocrx_word' id='word_1_449' title='bbox 1022 3955 1348 4036; x_wconf 88' lang='grc' dir='ltr'><strong>ΑΓΙΟΥ</strong></span> <span class='ocrx_word' id='word_1_450' title='bbox 1415 3954 1864 4035; x_wconf 86' lang='grc' dir='ltr'><strong>ΠΑΥΛΟΥ</strong></span> <span class='ocrx_word' id='word_1_451' title='bbox 1925 3954 2218 4071; x_wconf 86' lang='grc' dir='ltr'><strong>ΠΡΟΣ</strong></span> <span class='ocrx_word' id='word_1_452' title='bbox 2288 3951 2825 4033; x_wconf 85' lang='grc' dir='ltr'><strong>ΕΦΕΣΙΟΥΣ</strong></span> <span class='ocrx_word' id='word_1_453' title='bbox 2899 3951 3540 4032; x_wconf 83' lang='grc' dir='ltr'><strong>ΕΠΙΣΤΟΛΗΣ</strong></span> 
     </span>
    </p>
   </div>
   <div class='ocr_carea' id='block_1_69' title="bbox 1669 4136 2565 4273">
    <p class='ocr_par' dir='ltr' id='par_1_69' title="bbox 1669 4136 2565 4273">
     <span class='ocr_line' id='line_1_69' title="bbox 1669 4136 2565 4273; baseline -0.007 0"><span class='ocrx_word' id='word_1_454' title='bbox 1669 4136 1882 4273; x_wconf 84' lang='grc' dir='ltr'>ΕΞ</span> <span class='ocrx_word' id='word_1_455' title='bbox 1901 4145 2565 4273; x_wconf 83' lang='grc' dir='ltr'><strong>ΗΓΗΣῘΣ.</strong></span> 
     </span>
    </p>
   </div>
   <div class='ocr_carea' id='block_1_70' title="bbox 1367 4532 2883 4702">
    <p class='ocr_par' dir='ltr' id='par_1_70' title="bbox 1367 4532 2883 4702">
     <span class='ocr_line' id='line_1_70' title="bbox 1367 4532 2883 4702; baseline -0.003 -1"><span class='ocrx_word' id='word_1_456' title='bbox 1367 4532 2883 4702; x_wconf 83' lang='lat' dir='ltr'><strong>THEOPHYLACTI</strong></span> 
     </span>
    </p>
   </div>
   <div class='ocr_carea' id='block_1_71' title="bbox 1562 4775 2631 4844">
    <p class='ocr_par' dir='ltr' id='par_1_71' title="bbox 1562 4775 2631 4844">
     <span class='ocr_line' id='line_1_71' title="bbox 1562 4775 2631 4844; baseline -0.004 -2"><span class='ocrx_word' id='word_1_457' title='bbox 1562 4775 1566 4779; x_wconf 54' lang='grc'><strong>’</strong></span> <span class='ocrx_word' id='word_1_458' title='bbox 1628 4785 2031 4844; x_wconf 67' lang='lat' dir='ltr'><strong>BULGARIJE</strong></span> <span class='ocrx_word' id='word_1_459' title='bbox 2068 4783 2631 4842; x_wconf 80' lang='lat' dir='ltr'><strong>ARCHIEPISCOPI</strong></span> 
     </span>
    </p>
   </div>
   <div class='ocr_carea' id='block_1_72' title="bbox 986 4917 3280 5041">
    <p class='ocr_par' dir='ltr' id='par_1_72' title="bbox 986 4917 3280 5041">
     <span class='ocr_line' id='line_1_72' title="bbox 986 4917 3280 5041; baseline -0.001 -4"><span class='ocrx_word' id='word_1_460' title='bbox 986 4947 1612 5041; x_wconf 77' lang='lat' dir='ltr'><strong>EPISTOL/E</strong></span> <span class='ocrx_word' id='word_1_461' title='bbox 1679 4949 1951 5040; x_wconf 88' lang='lat' dir='ltr'><strong>DIVI</strong></span> <span class='ocrx_word' id='word_1_462' title='bbox 2015 4917 2368 5038; x_wconf 83' lang='lat' dir='ltr'><strong>PAULI</strong></span> <span class='ocrx_word' id='word_1_463' title='bbox 2458 4946 2603 5033; x_wconf 85' lang='lat' dir='ltr'><strong>AD</strong></span> <span class='ocrx_word' id='word_1_464' title='bbox 2679 4943 3280 5037; x_wconf 87' lang='lat' dir='ltr'><strong>EPHESIOS</strong></span> 
     </span>
    </p>
   </div>
   <div class='ocr_carea' id='block_1_73' title="bbox 1684 5126 2491 5281">
    <p class='ocr_par' dir='ltr' id='par_1_73' title="bbox 1684 5126 2491 5281">
     <span class='ocr_line' id='line_1_73' title="bbox 1684 5126 2491 5281; baseline -0.006 -48"><span class='ocrx_word' id='word_1_465' title='bbox 1684 5276 1689 5281; x_wconf 13' lang='grc' dir='ltr'>δ</span> <span class='ocrx_word' id='word_1_466' title='bbox 1761 5126 2491 5234; x_wconf 84' lang='lat' dir='ltr'><strong>EXPOSITIO.</strong></span> 
     </span>
    </p>
   </div>
   <div class='ocr_carea' id='block_1_74' title="bbox 655 5452 1896 5528">
    <p class='ocr_par' dir='ltr' id='par_1_74' title="bbox 655 5452 1896 5528">
     <span class='ocr_line' id='line_1_74' title="bbox 655 5452 1896 5528; baseline -0.003 -13"><span class='ocrx_word' id='word_1_467' title='bbox 655 5452 825 5528; x_wconf 79' lang='lat'><strong>367</strong></span> <span class='ocrx_word' id='word_1_468' title='bbox 857 5452 1383 5513; x_wconf 73' lang='lat' dir='ltr'><strong>ARGUMENTUM</strong></span> <span class='ocrx_word' id='word_1_469' title='bbox 1407 5452 1768 5513; x_wconf 72' lang='lat' dir='ltr'><strong>EPISTOLE</strong></span> <span class='ocrx_word' id='word_1_470' title='bbox 1792 5453 1896 5512; x_wconf 75' lang='lat' dir='ltr'><strong><em>AD</em></strong></span> 
     </span>
    </p>
   </div>
   <div class='ocr_carea' id='block_1_75' title="bbox 1101 5544 1458 5603">
    <p class='ocr_par' dir='ltr' id='par_1_75' title="bbox 1101 5544 1458 5603">
     <span class='ocr_line' id='line_1_75' title="bbox 1101 5544 1458 5603; baseline -0.006 -2"><span class='ocrx_word' id='word_1_471' title='bbox 1101 5544 1458 5603; x_wconf 87' lang='lat' dir='ltr'><strong>EPHESIOS.</strong></span> 
     </span>
    </p>
   </div>
   <div class='ocr_carea' id='block_1_76' title="bbox 550 5650 2079 5725">
    <p class='ocr_par' dir='ltr' id='par_1_76' title="bbox 550 5650 2079 5725">
     <span class='ocr_line' id='line_1_76' title="bbox 550 5650 2079 5725; baseline 0.001 -16"><span class='ocrx_word' id='word_1_472' title='bbox 550 5651 798 5723; x_wconf 76' lang='lat' dir='ltr'><strong>Ephesus</strong></span> <span class='ocrx_word' id='word_1_473' title='bbox 839 5652 990 5709; x_wconf 62' lang='lat' dir='ltr'><strong>Asiae</strong></span> <span class='ocrx_word' id='word_1_474' title='bbox 1020 5658 1099 5709; x_wconf 84' lang='lat' dir='ltr'><strong>est</strong></span> <span class='ocrx_word' id='word_1_475' title='bbox 1134 5653 1456 5725; x_wconf 73' lang='lat' dir='ltr'><strong>metropolis.</strong></span> <span class='ocrx_word' id='word_1_476' title='bbox 1497 5650 1711 5710; x_wconf 77' lang='lat' dir='ltr'><strong>Colebat</strong></span> <span class='ocrx_word' id='word_1_477' title='bbox 1737 5655 1918 5709; x_wconf 83' lang='lat' dir='ltr'><strong>autem</strong></span> <span class='ocrx_word' id='word_1_478' title='bbox 1942 5652 2079 5710; x_wconf 74' lang='lat' dir='ltr'><strong>Dia-</strong></span> 
     </span>
    </p>
   </div>
   <div class='ocr_carea' id='block_1_77' title="bbox 2346 5448 3622 5513">
    <p class='ocr_par' dir='ltr' id='par_1_77' title="bbox 2346 5448 3622 5513">
     <span class='ocr_line' id='line_1_77' title="bbox 2346 5448 3622 5513; baseline -0.002 -1"><span class='ocrx_word' id='word_1_479' title='bbox 2346 5448 2742 5512; x_wconf 83' lang='grc' dir='ltr'><strong>ΥΠΟΘΕΣΙΣ</strong></span> <span class='ocrx_word' id='word_1_480' title='bbox 2768 5449 2925 5511; x_wconf 80' lang='grc' dir='ltr'><strong>ΤΗΣ</strong></span> <span class='ocrx_word' id='word_1_481' title='bbox 2955 5448 3166 5511; x_wconf 86' lang='grc' dir='ltr'>ΠΡΟΣ</span> <span class='ocrx_word' id='word_1_482' title='bbox 3216 5449 3622 5513; x_wconf 83' lang='grc' dir='ltr'><strong>ΕΦΕΣΙΟΥΣ</strong></span> 
     </span>
    </p>
   </div>
   <div class='ocr_carea' id='block_1_78' title="bbox 2756 5539 3211 5601">
    <p class='ocr_par' dir='ltr' id='par_1_78' title="bbox 2756 5539 3211 5601">
     <span class='ocr_line' id='line_1_78' title="bbox 2756 5539 3211 5601; baseline 0 0"><span class='ocrx_word' id='word_1_483' title='bbox 2756 5539 3211 5601; x_wconf 83' lang='grc' dir='ltr'><strong>ΕΠΙΣΤΟΔΗΣ</strong></span> 
     </span>
    </p>
   </div>
   <div class='ocr_carea' id='block_1_79' title="bbox 2273 5633 3788 5720">
    <p class='ocr_par' dir='ltr' id='par_1_79' title="bbox 2273 5633 3788 5720">
     <span class='ocr_line' id='line_1_79' title="bbox 2273 5633 3788 5720; baseline -0.001 -22"><span class='ocrx_word' id='word_1_484' title='bbox 2273 5659 2303 5697; x_wconf 75' lang='grc' dir='ltr'><strong>ε</strong></span> <span class='ocrx_word' id='word_1_485' title='bbox 2333 5633 2562 5720; x_wconf 72' lang='grc' dir='ltr'>Ἔφεσος</span> <span class='ocrx_word' id='word_1_486' title='bbox 2611 5636 2940 5720; x_wconf 82' lang='grc' dir='ltr'>μητρόπολις</span> <span class='ocrx_word' id='word_1_487' title='bbox 2969 5635 3081 5720; x_wconf 68' lang='grc' dir='ltr'><strong>μέν</strong></span> <span class='ocrx_word' id='word_1_488' title='bbox 3120 5636 3238 5700; x_wconf 76' lang='grc' dir='ltr'>ἐστι</span> <span class='ocrx_word' id='word_1_489' title='bbox 3281 5640 3380 5713; x_wconf 78' lang='grc' dir='ltr'><strong>τῆς</strong></span> <span class='ocrx_word' id='word_1_490' title='bbox 3411 5636 3589 5720; x_wconf 76' lang='grc' dir='ltr'>Ἀσίας</span> <span class='ocrx_word' id='word_1_491' title='bbox 3610 5661 3624 5677; x_wconf 74' lang='grc' dir='ltr'><strong>ο</strong></span> <span class='ocrx_word' id='word_1_492' title='bbox 3667 5634 3788 5699; x_wconf 73' lang='grc' dir='ltr'>ἐσί-</span> 
     </span>
    </p>
   </div>
   <div class='ocr_carea' id='block_1_80' title="bbox 475 5718 2119 5814">
    <p class='ocr_par' dir='ltr' id='par_1_80' title="bbox 475 5718 2083 5814">
     <span class='ocr_line' id='line_1_80' title="bbox 475 5718 2083 5814; baseline 0.003 -19"><span class='ocrx_word' id='word_1_493' title='bbox 475 5718 634 5805; x_wconf 63' lang='grc' dir='ltr'>ηαηί,</span> <span class='ocrx_word' id='word_1_494' title='bbox 664 5741 822 5812; x_wconf 84' lang='lat' dir='ltr'><strong>cujus</strong></span> <span class='ocrx_word' id='word_1_495' title='bbox 845 5742 1104 5812; x_wconf 81' lang='lat' dir='ltr'><strong>templum</strong></span> <span class='ocrx_word' id='word_1_496' title='bbox 1130 5747 1252 5799; x_wconf 82' lang='lat' dir='ltr'><strong>erat</strong></span> <span class='ocrx_word' id='word_1_497' title='bbox 1268 5718 1328 5799; x_wconf 66' lang='grc' dir='ltr'>ἰῖι</span> <span class='ocrx_word' id='word_1_498' title='bbox 1354 5745 1475 5814; x_wconf 77' lang='lat' dir='ltr'><strong>ipsa</strong></span> <span class='ocrx_word' id='word_1_499' title='bbox 1508 5746 1559 5798; x_wconf 81' lang='lat' dir='ltr'><strong>et</strong></span> <span class='ocrx_word' id='word_1_500' title='bbox 1575 5743 2005 5814; x_wconf 75' lang='lat' dir='ltr'><strong>pulcherrimum</strong></span> <span class='ocrx_word' id='word_1_501' title='bbox 2030 5745 2083 5800; x_wconf 82' lang='lat' dir='ltr'><strong>et</strong></span> 
     </span>
    </p>
   </div>
   <div class='ocr_carea' id='block_1_81' title="bbox 2192 5718 3787 5814">
    <p class='ocr_par' dir='ltr' id='par_1_81' title="bbox 2193 5718 3787 5812">
     <span class='ocr_line' id='line_1_81' title="bbox 2193 5718 3787 5812; baseline 0.001 -25"><span class='ocrx_word' id='word_1_502' title='bbox 2193 5725 2318 5789; x_wconf 79' lang='grc' dir='ltr'>ϐετο</span> <span class='ocrx_word' id='word_1_503' title='bbox 2371 5718 2430 5788; x_wconf 58' lang='grc' dir='ltr'><strong>δῖ</strong></span> <span class='ocrx_word' id='word_1_504' title='bbox 2480 5727 2578 5801; x_wconf 78' lang='grc' dir='ltr'><strong>τὴν</strong></span> <span class='ocrx_word' id='word_1_505' title='bbox 2623 5718 2907 5810; x_wconf 79' lang='grc' dir='ltr'>Ἄρτεμιν,</span> <span class='ocrx_word' id='word_1_506' title='bbox 2960 5718 3025 5801; x_wconf 73' lang='grc' dir='ltr'>ἧς</span> <span class='ocrx_word' id='word_1_507' title='bbox 3077 5727 3191 5807; x_wconf 33' lang='grc' dir='ltr'>καὶ.</span> <span class='ocrx_word' id='word_1_508' title='bbox 3226 5726 3358 5812; x_wconf 35' lang='grc' dir='ltr'>,ναὸς</span> <span class='ocrx_word' id='word_1_509' title='bbox 3413 5719 3481 5804; x_wconf 74' lang='grc' dir='ltr'>ἧν</span> <span class='ocrx_word' id='word_1_510' title='bbox 3537 5729 3592 5789; x_wconf 72' lang='grc' dir='ltr'>ἐν</span> <span class='ocrx_word' id='word_1_511' title='bbox 3646 5727 3787 5810; x_wconf 78' lang='grc' dir='ltr'>αὗτῇ</span> 
     </span>
    </p>
   </div>
  </div>
