4124 6418
365 436 500 492 1033

1251 437 1605 499 EXPOSITIO
1641 440 1709 499 IN
1746 442 1955 502 EPIST.
1995 447 2088 502 AD
2125 446 2362 506 EPHES.
2402 476 2472 489 —-
2495 446 2649 504 CAP.
2688 447 2736 502 I.

3524 445 3662 503 {034

356 558 640 652 κάλλιστος
679 560 790 652 ,καὶ
867 562 1150 643 μέγιστος,
1221 564 1549 645 τιμώμενος,
1626 567 1722 629 καὶ
1798 570 1941 652 παρὰ

2067 575 2388 639 maximum,
2415 574 2554 630 etab
2582 572 2830 629 omnibus
2848 570 3048 630 Graecis
3082 573 3143 628 in
3176 585 3394 628 summa
3437 586 3663 629 venera-

357 649 570 740 πάντων
627 651 726 731 μὲν
791 652 1101 731 Ἑλλήνων,
1165 655 1400 734 μάλιστα
1460 656 1518 718 δὲ
1547 657 1601 697 ³³
1650 659 1800 740 παρὰ
1852 649 1949 733 τ³ἤς

358 738 617 816 Ἐφέσου,
698 740 836 803 ὥστε
893 744 987 805 καὶ
1026 745 1295 825 ’νεωκόρον
1349 751 1444 820 τῆς
1500 738 1800 829 Ἀρτέμιδος
1862 750 1949 810 λέ-

354 835 540 918 γεσθαι
599 831 799 907 ταύτην
825 878 843 907 ,
902 836 973 902 ὣς
1039 835 1093 892 ἐν
1149 839 1267 902 ταῖς
1332 834 1569 916 Πράξεσι
1624 838 1941 918 γέγραπται.

355 916 447 977 Ἐν
492 919 707 1003 Ἐφέσῳ
743 920 800 982 δὲ
865 925 896 983 ὁ
941 923 1320 1005 εὖαγγελιστὴς
1371 916 1643 999 Ἰωάννης
1680 916 1752 987 τὰ
1806 931 1944 990 πολ-

353 1005 424 1066 λὰ
491 1009 783 1092 διέτριψεν,
870 1012 1149 1094 ἐξορισθεὶς
1231 1016 1438 1088 ἐκεῖσε,
1497 1013 1625 1076 ἔνθα
1709 1016 1802 1078 καὶ
1857 1042 1949 1079 τε-

352 1101 535 1181 λευτᾷ.
603 1102 715 1162 Καὶ
767 1104 1026 1181 Τιμόθεον
1104 1106 1214 1165 ἐκεῖ
1291 1103 1578 1166 κατέλιπεν
1647 1111 1676 1167 ὁ
1731 1110 1953 1177 Παῦλος

352 1188 700 1250 διδάσκαλονο
761 1195 867 1252 τῶν
941 1216 999 1253 τε
1070 1194 1371 1276 φιλοσόφων
1442 1197 1492 1255 οἱ
1574 1197 1813 1272 μάλιστα
1859 1203 1951 1258 ἀν-

350 1277 602 1350 θήσαντες
675 1282 731 1363 ἐν
796 1281 966 1363 ταύτῃ
1054 1284 1252 1362 διῆγον.
1319 1283 1478 1346 Ἐπεὶ
1543 1276 1635 1346 οῦν
1694 1287 1948 1348 δεισιδαί-

351 1390 468 1459 tum:
544 1393 605 1430 τε
686 1361 752 1444 ἧν
823 1361 989 1440 οὕτὼς
1067 1377 1102 1445 ἡ
1158 1361 1345 1449 πόλις,
1404 1374 1497 1435 καὶ
1556 1374 1695 1437 οὕτω
1773 1386 1950 1459 σοφοῖς

350 1456 554 1547 indita,
646 1462 821 1543 πολλῇ
898 1463 1101 1543 σπουδῇ
1180 1463 1444 1545 κέχρηται
1523 1467 1743 1535 Παῦλος
1815 1456 1948 1547 πρὸς

348 1546 468 1615 τοὺς
523 1547 789 1618 τοιούτους
836 1552 1054 1633 γράφων
1073 1600 1086 1624 ,
1145 1552 1237 1612 καὶ
1288 1552 1356 1611 τὰ
1417 1555 1684 1635 βαθύτερα
1739 1554 1795 1615 δὲ
1840 1546 1946 1616 τῶν

348 1638 629 1714 νοημάτων
727 1637 820 1700 καὶ
918 1643 1222 1723 ὑψηλότερα
1314 1645 1488 1711 αὐτοῖς
1590 1644 1898 1705 ἐπίστευσεν
1925 1690 1943 1719 ,

350 1723 446 1786 ἅτε
479 1730 875 1810 κατηχημένοις
927 1731 1056 1805 ἤδη.
1111 1732 1313 1813 Γράφει
1366 1732 1421 1792 δὲ
1478 1732 1575 1806 τὴν
1623 1737 1730 1793 τῶν
1781 1737 1945 1814 ὓπερ-

2058 667 2202 721 tione
2226 665 2472 721 habitum
2501 683 2519 720 :
2550 665 2899 736 potissimum
2920 677 3045 718 vero
3081 662 3152 718 ab
3177 664 3321 733 ipsa.
3351 662 3556 734 Epheso
3579 678 3664 719 co-

2059 754 2289 824 lebatur,
2316 756 2449 812 adeo
2472 758 2535 811 ut
2556 755 2789 810 aedituus
2810 754 3014 810 Diana:
3035 768 3097 809 ea
3118 752 3407 815 diceretur,
3426 752 3661 824 perinde

2058 850 2122 901 ut
2153 846 2212 899 in
2251 846 2405 902 Actis
2446 847 2716 901 memoriae
2751 844 3038 916 proditum
3079 846 3159 899 est
3190 841 3230 897 ¹.
3268 843 3468 913 Ephesi
3502 858 3661 898 evan-

2060 937 2252 1005 gelista
2267 939 2491 993 Joannes
2509 936 2611 991 diu
2633 939 2688 992 et
2709 936 3042 1007 multumque
3061 933 3373 990 demoratus
3391 941 3493 1001 est,
3515 933 3660 989 able-

2057 1031 2217 1097 gatus
2264 1041 2342 1095 eo,
2375 1026 2473 1081 ubi
2509 1029 2563 1082 et
2588 1029 2812 1082 mortem
2839 1027 3081 1096 oppetiit.
3110 1025 3251 1092 Quin
3287 1025 3456 1078 etiam
3482 1025 3659 1079 Timo-

2061 1117 2242 1172 theum
2262 1116 2470 1173 Paulus
2496 1115 2848 1186 illicreliquit
2874 1114 3163 1170 doctorem.
3197 1112 3502 1169 Clarissimi
3518 1128 3656 1184 por-

2057 1221 2118 1262 ro
2145 1206 2459 1279 philosophi
2495 1207 2555 1260 in
2586 1205 2687 1260 hac
2717 1204 2853 1260 urbe
2882 1205 3155 1260 via-erunt.
3207 1203 3345 1270 Quia
3372 1204 3544 1273 igitur
3566 1218 3659 1259 su-

2056 1298 2364 1367 perstitiosa
2404 1295 2536 1352 adeo
2577 1298 2700 1350 erat
2721 1295 2936 1358 civitas,
2974 1309 3038 1350 ac
3059 1294 3387 1364 sapientibus
3416 1294 3553 1348 viris
3578 1294 3659 1348 ita

2056 1385 2315 1456 pollebat,
2351 1401 2553 1455 magna
2589 1385 2883 1455 diligentia
2923 1382 3130 1440 Paulus
3171 1398 3303 1439 usus
3326 1385 3405 1439 est
3423 1382 3555 1437 dum
3580 1381 3657 1437 ad

2059 1476 2153 1531 hos
2179 1476 2387 1539 scribit,
2427 1475 2917 1546 profundioresque
2941 1475 3231 1530 sententias
3259 1477 3311 1529 et
3339 1474 3556 1528 altiores
3581 1473 3657 1527 eis

2057 1565 2305 1634 credidit,
2344 1581 2402 1621 eo
2439 1565 2590 1635 quod
2602 1564 2726 1636 jam
2749 1565 2810 1618 in
2836 1563 2942 1635 ﬁde
2967 1565 3210 1620 instituti
3228 1566 3421 1619 essent.
3452 1562 3661 1619 Scribit

2058 1660 2238 1711 autem
2258 1655 2395 1711 hanc
2405 1654 2699 1727 praeclaris
2712 1654 2992 1709 sententiis
3017 1655 3278 1721 refertam
3291 1652 3599 1723 Epistolam
3621 1667 3658 1706 a

2053 1748 2244 1813 Roma,
2278 1747 2342 1801 in
2378 1742 2613 1799 vinculis
2641 1746 2901 1800 eaistens.
2935 1743 3082 1814 Opus
3118 1746 3197 1798 est
3218 1744 3402 1813 igitur
3426 1746 3477 1798 et
3503 1743 3660 1798 nobis

346 1814 521 1897 όγκων
609 1819 894 1898 νοημάτων
967 1820 1168 1897 ταύτην
1258 1821 1527 1923 γίμνουσαν
1611 1822 1941 1897 Ἐπιστολὴν

361 1907 378 1923 .
429 1907 444 1923 .
517 1905 581 1923 ..ι
606 1907 620 1923 ,
818 1912 842 1923 -
876 1911 902 1923 -
988 1910 1002 1923 ,
1177 1915 1190 1923 .
1235 1920 1256 1923 _
1541 1912 1553 1923 .
1625 1918 1643 1923 _
1698 1922 1713 1923 η
1873 1917 1888 1923 -

2054 1836 2231 1891 multa
2254 1836 2568 1905 attentione,
2601 1838 2665 1891 ut
2700 1834 3062 1905 intelligamus
3095 1847 3218 1905 qua
3271 1835 3401 1889 sunt
3438 1834 3499 1888 in
3544 1833 3659 1888 hac

348 1907 456 1966 ἀπὸ
517 1905 736 1988 Ῥώμης
813 1910 1106 1988 δεδεμένος.
1161 1915 1257 1974 Δεῖ
1313 1903 1402 1972 οὖν
1471 1912 1563 1973 καὶ
1613 1918 1745 1993 ἡμῖν
1801 1917 1939 1975 πολ-

2050 1927 2332 1997 mysteria.

345 1997 443 2068 λῆς
511 2002 607 2071 τῆς
677 2004 950 2082 προσοχῆς
1023 2001 1154 2084 πρὸς
1177 2003 1232 2043 ³³
1318 2003 1640 2076 κατανόησιν
1704 2007 1812 2064 τῶν
1889 2006 1943 2064 ἐν

344 2086 512 2169 ταύτῃ
542 2089 626 2128 33*
658 2090 990 2173 μυστηρίων.
1035 2119 1060 2146 υ

863 2395 1967 2514 THEOPHYLACTI
2050 2395 3151 2515 COMMENTARIUS

1435 2619 1517 2681 IN
1560 2617 1996 2682 EPISTOLAM
2048 2621 2152 2680 AD
2198 2618 2571 2680 EPHESIOS
2676 2604 2681 2608 ’

721 2915 1174 2978 ΚΕΦΑΛΑΙΟΝ
1212 2916 1551 2979 ΠΡΩΤΟΝ.

423 3067 447 3095 α
489 3040 698 3109 Παῦλος
727 3041 1020 3110 ἀπόστολος
1040 3040 1223 3115 Ἰησοῦ
1256 3045 1494 3122 Χριστοῦ
1523 3039 1610 3101 διὰ
1642 3041 1945 3121 θελήματος

339 3130 505 3193 Θεοῦ.
525 3159 552 3184 ιι
583 3128 723 3192 Ἰδοὺ
744 3129 835 3209 τὸ,
864 3157 888 3184 α
917 3130 1019 3194 Διὰ
1037 3178 1053 3207 ,
1086 3134 1162 3212 τῷ
1210 3132 1389 3215 Πατρὶ
1443 3131 1642 3192 δέδωκε
1662 3150 1676 3166 ⁶
1704 3131 1796 3192 καὶ
1840 3156 1943 3205 ση-

340 3218 569 3296 μείωσαι
588 3227 743 3280 τοῦτο
771 3221 856 3279 διὰ
881 3217 1003 3288 τοὺς
1025 3218 1340 3301 Ἀρειανοός.

417 3336 442 3362 ι
466 3312 594 3378 Τοῖς
637 3308 801 3386 ἁγίοις
843 3311 952 3378 τοῖς
1007 3300 1153 3370 οὖσιν
1208 3314 1262 3373 ἐν
1313 3310 1546 3394 Ἐφέσῳ,
1597 3310 1690 3370 καὶ
1734 3318 1943 3379 πιστοῖς

338 3401 393 3458 ἐν
426 3399 644 3481 Χριστῷ
676 3397 878 3472 Ἰησοῦ.
917 3425 946 3458 τι
980 3399 1128 3482 Ὅρα
1149 3447 1165 3475 ,
1212 3400 1354 3475 πόση
1394 3391 1477 3473 ’ἦν
1498 3391 1628 3459 τότε
1657 3405 1690 3472 ἡ
1738 3401 1938 3483 ἆρετὴ,

339 3486 426 3546 ὅτε
456 3488 633 3570 ἁγίους
684 3488 777 3548 καὶ
813 3488 1030 3558 πιστοὺς
1072 3492 1228 3549 καλεῖ
1273 3490 1466 3570 ἄνδρας
1501 3487 1805 3571 βιωτικοὺς,
1851 3514 1940 3568 γυ-

344 3581 530 3646 ναῖκας
577 3576 797 3660 ἔχοντας
842 3578 933 3639 καὶ
975 3579 1194 3639 παιδία·
1237 3579 1376 3638 ἀλλὰ
1412 3585 1503 3639 νῦν
1535 3577 1653 3639 οὐδὲ
1704 3579 1938 3659 ἐνηὸρεσι

340 3666 433 3727 καὶ
462 3666 745 3740 σπηλαίοις
771 3674 1020 3731 τοιοῦτοι.

422 3778 450 3814 α
485 3756 658 3838 Χάρις
685 3761 809 3835 ὑμῖν
839 3758 931 3818 καὶ
962 3755 1145 3839 εἰρήνη
1173 3757 1279 3818 ἀπὸ
1323 3762 1464 3822 Θεοῦ
1510 3756 1721 3840 Πατρὸς
1755 3760 1934 3836 ἡμῶν,

339 3845 429 3906 καὶ
458 3846 655 3927 Κυρίου
693 3846 870 3921 Ἰησοῦ
903 3851 1160 3928 Χριστοῦ.
1186 3873 1214 3906 ιι
1263 3848 1443 3909 Ιίἰπὼν
1470 3848 1629 3929 χάριν
1653 3894 1671 3925 ,
1713 3847 1901 3923 ἐπάγει
1920 3894 1937 3923 ,

348 3958 376 3994 ι(
405 3940 545 3999 Θεοῦ
593 3937 806 4015 Πατρὸς
834 3940 1009 4015 ἡμῶν,
1037 3965 1062 3992 n
1107 3935 1196 3996 ἵνα
1237 3935 1378 4020 δείξῃ
1407 3938 1459 3997 τί
1504 3939 1787 4019 εἰργάσατο
1806 3943 1936 4015 ἡμῖν

338 4031 372 4097 ἡ
397 4026 583 4107 χάρις,
620 4027 681 4087 τὸ
730 4024 946 4108 Πατέρα
979 4029 1132 4106 ἡμῶν
1158 4032 1380 4100 ποιῆσαι
1417 4026 1505 4087 τὸν
1535 4028 1812 4101 Δεσπότην
1842 4025 1934 4086 καὶ

2477 2914 2647 2989 369
2668 2916 2906 2974 CAPUT
2933 2917 3257 2974 PRIMUM.

2125 3045 2300 3100 Vnus.
2335 3048 2384 3100 1.
2425 3066 2448 3093 ι
2492 3043 2696 3100 Paulus
2723 3042 3001 3116 apostolus
3038 3045 3170 3100 Jesu
3201 3042 3401 3101 Christi
3432 3059 3527 3115 per
3556 3059 3652 3098 vo-

2053 3132 2323 3190 luntatem
2343 3132 2470 3190 Dei.
2503 3158 2524 3182 ει
2562 3135 2703 3190 Ecce
2732 3132 3200 3206 praepositionem,
3227 3155 3253 3182 «ι
3286 3136 3409 3204 Per,
3443 3156 3470 3182 ι»
3502 3132 3654 3190 Patri

2050 3223 2244 3280 tribuit
2276 3245 2288 3280 :
2319 3222 2469 3296 quod
2508 3222 2735 3301 observa
2770 3230 2995 3296 propter
3028 3223 3294 3280 Arianos.

2126 3335 2152 3362 α
2185 3313 2401 3370 Sanctis
2427 3313 2523 3386 qui
2558 3323 2691 3371 sunt
2733 3312 2956 3385 Ephesi,
2986 3320 3041 3370 et
3065 3313 3319 3371 ﬁdelibus
3347 3312 3407 3370 in
3432 3312 3654 3372 Christo

2049 3403 2197 3458 Jesu.
2254 3426 2280 3452 ιο
2328 3400 2723 3459 Animadverte
2765 3410 2972 3474 quanta
3018 3401 3194 3460 virtus
3233 3411 3356 3460 tum
3401 3403 3650 3476 resplen-

2046 3490 2250 3559 duerit,
2282 3507 2410 3548 cum
2434 3499 2652 3548 sanctos
2693 3499 2748 3548 et
2788 3490 2983 3549 ﬁdeles
3015 3492 3251 3564 appellet
3278 3492 3429 3550 viros
3457 3493 3652 3549 mundi

2046 3579 2289 3652 nogotiis
2309 3578 2549 3652 deditos,
2572 3595 2773 3637 uxores
2787 3578 3056 3637 habentes
3068 3578 3354 3638 etliberos.
3376 3583 3454 3638 At
3478 3580 3648 3639 hodie

2046 3687 2117 3727 ne
2137 3671 2193 3725 in
2219 3669 2501 3727 montibus
2519 3668 2743 3742 quidem
2768 3677 2827 3725 et
2849 3668 3126 3741 speluncis
3146 3668 3283 3728 tales
3301 3670 3649 3743 reperiuntur

2118 3764 2303 3818 Vens.
2336 3765 2387 3815 2.
2452 3782 2478 3809 α
2531 3758 2724 3816 Gratia
2775 3759 2933 3816 vobis
2981 3767 3038 3815 et
3086 3775 3193 3831 pax
3239 3774 3271 3815 a
3322 3762 3441 3816 Deo
3488 3761 3650 3816 Patre

2045 3858 2257 3920 nostro,
2303 3858 2361 3906 et
2414 3849 2659 3906 Domino
2708 3849 2840 3905 Jesu
2886 3847 3127 3905 Christo.
3161 3872 3187 3896 ιο
3233 3850 3377 3906 Cum
3419 3848 3652 3906 dixisset

2046 3941 2310 4013 gratiam,
2354 3937 2550 4008 infert,
2596 3962 2621 3988 ιι
2664 3937 2769 3997 Dei
2800 3928 2979 3995 Patris
3013 3938 3216 4007 nostri,
3250 3962 3277 3989 υ
3310 3946 3373 3994 ut
3394 3938 3653 3995 ostendat

2045 4028 2179 4102 quid
2205 4028 2456 4086 effecerit
2480 4044 2579 4099 pro
2603 4027 2765 4084 nobis
2793 4027 2988 4101 gratia,
3015 4026 3278 4085 nimirum
3298 4068 3314 4096 ,
3353 4035 3417 4083 ut
3450 4026 3648 4085 Domi-

336 4116 505 4189 Θεόν,
536 4115 699 4177 Ἀλλὰ
755 4115 846 4191 καὶ
898 4120 926 4176 ὁ
973 4120 1198 4197 Κύριος,
1242 4119 1546 4193 τουτέστιν,
1589 4120 1617 4177 δ
1670 4117 1832 4193 Υἱὸς,
1865 4122 1933 4198 τῇ

2050 4135 2179 4176 num
2206 4121 2389 4176 Deum
2421 4121 2648 4175 Patrem
2676 4126 2932 4175 nostrum
2968 4117 3185 4175 faceret.
3234 4118 3323 4175 Ad
3361 4117 3498 4189 haec,
3525 4121 3647 4174 Do-

336 4205 465 4286 πρὸς
490 4188 495 4189 ν
519 4211 661 4283 ἡμᾶς
703 4188 888 4287 χάριτι
924 4206 1015 4267 καὶ
1059 4188 1269 4279 Ἰησοῦς
1310 4208 1403 4267 καὶ
1435 4188 1662 4286 Χρίστὸς
1694 4188 1930 4286 ἐγένετο,

2050 4210 2248 4277 minus,
2276 4208 2383 4266 hoc
2413 4218 2493 4266 cst
2521 4209 2710 4275 Filius,
2753 4225 2857 4266 sua
2895 4224 3025 4282 erga
3063 4224 3165 4266 nos
3189 4209 3361 4282 gratia
3402 4216 3459 4266 et
3484 4210 3645 4266 Jesus

338 4296 407 4353 δι’
436 4299 578 4372 ἡμᾶς
607 4296 928 4376 σαρκωθεὶς,
970 4295 1063 4356 καὶ
1095 4299 1306 4370 Ἰησοῦς
1344 4294 1588 4375 κληθεὶς,
1618 4296 1711 4356 καὶ
1741 4296 1932 4378 χρίσας

2050 4308 2096 4357 et
2136 4298 2384 4357 Christus
2427 4297 2602 4356 factus
2647 4306 2752 4368 est,
2796 4306 3020 4372 propter
3066 4314 3167 4356 nos
3213 4299 3546 4370 incarnatus,
3581 4315 3647 4356 ac

337 4384 434 4458 τὴν
465 4385 849 4466 ἄνθρωπότητα
976 4385 1207 4460 θεότητι.

422 4501 446 4529 ει
479 4474 787 4556 Εὐλογητὸς
828 4478 857 4534 δ
885 4476 1019 4544 Θεὸς
1057 4475 1149 4536 καὶ
1178 4474 1371 4556 Πατὴρ
1413 4481 1508 4537 τοῦ
1552 4470 1753 4555 κυρίου
1782 4477 1935 4553 ἡμῶν

2040 4394 2200 4447 Jesus
2227 4398 2470 4457 vocatus,
2499 4389 2592 4463 qui
2624 4397 2681 4446 et
2721 4388 3127 4447 humanitatem
3154 4388 3440 4447 divinitate
3469 4389 3645 4447 unxit.

2111 4483 2292 4538 Vnus.
2357 4487 2408 4537 3.
2463 4504 2487 4528 α
2542 4478 2869 4537 Benedictus
2919 4482 3073 4537 Deus
3114 4489 3171 4537 et
3215 4481 3378 4537 Pater
3416 4481 3643 4537 Domini

338 4563 519 4634 Ἰησοῦ
567 4567 838 4646 Χριστοῦ.
882 4592 908 4618 ι
958 4563 1094 4626 Ἰδοὺ
1141 4564 1235 4625 καὶ
1285 4564 1423 4634 Θεὸς
1475 4563 1567 4626 καὶ
1614 4566 1808 4644 Πατὴρ
1842 4569 1933 4624 τοῦ

2050 4569 2217 4627 nostri
2244 4573 2381 4628 Jesu
2409 4569 2635 4627 Christi.
2671 4593 2696 4619 ν
2734 4572 2816 4627 En
2848 4571 3001 4627 Deus
3029 4577 3084 4625 et
3112 4571 3278 4625 Pater
3295 4569 3547 4642 ejusdem
3588 4579 3647 4626 et

339 4654 498 4714 αὐτοῦ
523 4654 613 4715 καὶ
637 4654 750 4721 ἑνὸς
789 4655 1058 4737 Χριστοῦ·
1094 4655 1231 4724 Θεὸς
1262 4654 1391 4733 μὲν,
1425 4660 1497 4724 ὡς
1537 4653 1898 4736 σαρκωθέντος
1919 4678 1933 4691 ο

340 4742 536 4823 Πατὴρ
565 4743 641 4816 δὲ,
677 4747 749 4813 ὡς
771 4748 915 4808 Θεοῦ
937 4744 1132 4826 Λόγου.

421 4860 447 4886 ι
474 4832 544 4896 Ὀ
596 4833 888 4913 εὐλογήσας
941 4838 1085 4913 ἡμᾶς
1132 4836 1186 4896 ἐν
1233 4835 1383 4917 πάσῃ
1426 4834 1642 4921 εὐλογία
1695 4857 1937 4921 πνευμα-

338 4925 486 5004 τικῇ.
520 4944 552 4983 )>
594 4922 688 4993 Ὡς
724 4924 856 5006 πρὸς
897 4923 1301 4999 ἆντιδιαστολὴν
1342 4915 1435 4998 τῆς
1470 4915 1789 4999 Ἰουδαϊκῆς,
1821 4915 1936 5006 εἷπε

338 5012 430 5082 τὸ,
475 5036 504 5068 α
542 5005 931 5096 Πνευματικῇ’
972 5040 997 5068 υ
1028 5013 1203 5087 ἐκείνη
1237 5014 1342 5096 γὰρ
1384 5013 1809 5096 σωματικωτέρα
1840 5005 1931 5087 ἦν.

350 5122 380 5159 (ι
407 5102 718 5182 Εὖλογήσαι
756 5125 784 5163 ι
819 5103 937 5184 γὰρ,
976 5102 1174 5184 φησὶν,
1231 5126 1262 5163 (ι
1289 5103 1428 5172 Θεὸς
1477 5103 1546 5163 τὰ
1600 5105 1791 5184 ἐαγονα
1844 5106 1939 5175 τῆς

338 5188 542 5260 κοιλίας
570 5216 690 5252 σου’
728 5218 752 5247 ν
789 5193 880 5253 καὶ
907 5242 919 5263 ,
950 5218 979 5249 (ι
1010 5193 1319 5272 Εὗλογήσαι
1338 5192 1436 5268 τὴν
1466 5190 1667 5252 εἴσοδόν
1697 5216 1815 5264 σου,
1847 5191 1938 5251 καὶ

339 5279 439 5350 τὴν
467 5280 637 5350 ἔξοδόν
681 5304 793 5343 σου.
821 5308 847 5335 ν
880 5282 1147 5344 Ἐνταῦθα
1199 5284 1279 5347 δὲ.
1342 5286 1508 5344 Πᾶσα
1539 5282 1751 5361 εὐλογία
1777 5305 1933 5341 πνευ-

341 5370 546 5449 ματικὴ
565 5372 643 5450 ³-⁸,
699 5372 793 5433 καὶ
843 5372 992 5434 οῦδὲν
1035 5378 1168 5453 ἡμῖν
1234 5371 1434 5436 λείπει.
1490 5372 1803 5454 Γεγόναμεν
1833 5371 1937 5453 γὰρ

362 5606 369 5617 η
436 5540 598 5602 ‘Act.
627 5557 761 5616 xxx,
795 5548 884 5602 34.
978 5542 1189 5636 ineat.
1221 5558 1339 5616 vn,
1373 5549 1456 5604 13.

2043 4659 2208 4717 unius
2247 4659 2449 4718 Christi
2498 4677 2510 4713 :
2545 4662 2692 4718 Deus
2738 4657 2991 4732 quidem,
3036 4666 3098 4716 ut
3140 4658 3439 4729 incarnati;
3482 4662 3649 4716 Pater

2043 4765 2193 4821 vero,
2219 4757 2283 4807 ut
2308 4750 2411 4807 Dei
2438 4749 2628 4808 Verbi.

2117 4862 2145 4890 κ
2187 4839 2295 4913 Qui
2331 4839 2610 4897 benedixit
2646 4854 2750 4896 nos
2807 4838 2861 4895 in
2905 4839 3063 4896 omni
3101 4837 3485 4897 benedictione
3533 4836 3646 4912 spi-

2043 4929 2251 4988 rituali.
2321 4952 2350 4979 ι
2412 4933 2478 4987 In
2546 4928 2950 5003 oppositionem
3023 4928 3289 4998 Iudaica),
3368 4950 3397 4981 ‹‹
3468 4928 3648 5001 Spiri-

2044 5018 2203 5089 tuali,
2236 5042 2264 5070 ι
2295 5017 2455 5076 dixit.
2501 5020 2646 5076 Nam
2691 5016 2782 5074 illa
2827 5017 3172 5090 corporalior
3216 5027 3365 5088 erat;
3400 5042 3427 5068 σι
3469 5020 3649 5075 Bene-

2045 5107 2197 5165 dicat
2244 5110 2424 5178 Deus,
2466 5128 2495 5158 »
2530 5106 2732 5180 inquit,
2785 5129 2813 5155 σι
2844 5106 3098 5163 sobolem
3127 5109 3334 5164 ventris
3354 5107 3439 5163 tui
3474 5129 3487 5164 :
3523 5131 3548 5158 ιο
3571 5115 3649 5178 et,

2048 5223 2073 5248 «ι
2116 5197 2417 5255 Benedicat
2464 5197 2775 5271 ingressum
2814 5205 2871 5253 et
2915 5196 3124 5254 exitum
3171 5205 3329 5253 tuum
3373 5196 3413 5254 J.
3474 5222 3500 5248 »
3544 5200 3652 5257 Hic

2044 5296 2230 5347 autem
2287 5286 2468 5344 omnis
2526 5285 2838 5344 benedictio
2895 5285 3198 5359 spiritualis
3244 5296 3350 5356 est,
3400 5296 3457 5344 et
3514 5288 3654 5344 nihil

2045 5378 2212 5437 nobis
2251 5375 2429 5436 deest.
2477 5380 2626 5435 Nam
2672 5375 2806 5434 facti
2849 5391 3043 5435 sumus
3079 5376 3449 5451 immortales,
3479 5386 3536 5435 et
3562 5377 3657 5436 ﬁlii

1738 5633 1939 5696 Variae
1979 5630 2283 5693 lectiones.

416 5755 462 5795 ³³
489 5757 575 5815 καὶ
599 5775 656 5820 o.
732 5758 780 5796 ⁸³
807 5760 875 5826 εἰς
902 5777 959 5821 ο.
1034 5761 1123 5799 ³⁸*
1151 5761 1376 5819 ἐντεῦθεν
1402 5777 1482 5822 ιιι.
1555 5759 1602 5800 ⁸⁵
1629 5761 1844 5839 ἔνθπάσῃ
1872 5760 2076 5835 εὖλογίᾳ
2100 5759 2412 5834 πνευματικῇ
2435 5772 2490 5817 ο.

632 5852 866 5912 Rumon.
902 5853 1004 5911 Gs.
1044 5852 1266 5911 CXXIV.

3269 5850 3341 5910 33
