4124 6430
440 432 579 485 1035

1461 417 1978 480 THEOPHYLACTI
2014 413 2374 471 BULGARle
2410 414 2728 472 ARCBIEP.

3606 419 3742 473 1036

435 552 560 621 Dei,
602 560 659 609 et
702 548 1019 608 cohmredes
1049 546 1280 615 Christi,
1324 560 1390 602 ac
1430 545 1692 619 primitiae
1735 550 1946 600 nostrae
2000 556 2032 597 a

2151 539 2428 621 ἀθάνατοι,
2457 540 2549 601 καὶ
2579 540 2681 601 υἷοὶ
2701 544 2867 615 Θεοῦ,
2897 540 2989 600 καὶ
3016 540 3442 620 συγκληρονόμοι
3473 542 3749 622 Χριστοῦ,

431 640 683 714 supernis
727 639 1020 696 virtutibus
1064 635 1388 694 adorantur.
1434 633 1637 692 Merito
1662 633 1835 706 igitur
1874 630 2035 699 dixit,

435 756 460 782 σι
499 734 568 787 In
602 730 753 788 omni
784 728 1169 787 benedictione
1200 749 1214 782 :
1250 749 1277 776 ν
1309 724 1498 782 omnia
1527 725 1683 781 enim
1716 721 1880 780 nobis
1928 720 2036 778 do-

426 830 552 879 nata
580 828 730 891 sunt,
757 835 888 876 cum
930 817 1115 875 divina
1160 824 1280 873 tum
1311 814 1642 887 spiritualia.

500 915 563 968 In
643 909 974 968 cmlestibus.
1060 929 1086 956 ιο
1165 908 1572 978 lntrepretatur
1634 900 2036 976 propemodum

426 998 708 1073 quomodo
763 998 836 1055 sit
886 994 1186 1069 spiritualis
1240 991 1550 1050 benedictio
1604 1000 1819 1060 nostra,
1889 1012 1916 1039 ιι
1985 988 2044 1045 in

427 1089 762 1157 ccelcstibus,
810 1109 836 1137 te
870 1085 1143 1159 inquiens.
1189 1082 1472 1157 Siquidem
1508 1081 1836 1139 Iudaeorum
1880 1079 2050 1139 bene.

428 1180 596 1237 dictio
623 1187 742 1236 erat
770 1179 826 1234 in
857 1185 1004 1234 terra
1051 1193 1065 1233 :
1116 1174 1262 1232 unde
1304 1181 1361 1231 et
1401 1173 1702 1246 corporalis
1753 1189 1766 1227 :
1822 1193 1847 1219 ιι
1884 1172 2043 1226 Bona

428 1270 573 1326 cnim
601 1277 763 1326 terra:
782 1308 799 1337 ,
844 1287 875 1321 ν
914 1265 1129 1339 inquit,
1160 1288 1186 1314 ι
1214 1262 1518 1321 comedetis
1545 1281 1559 1317 :
1592 1286 1617 1312 υ
1648 1270 1725 1329 et,
1760 1283 1786 1309 σι
1807 1263 2042 1317 Terram

429 1360 569 1416 lacte
608 1366 666 1415 et
689 1357 854 1415 melle
886 1357 1194 1413 ﬂuentem:
1232 1378 1256 1405 υ
1302 1370 1388 1421 ac,
1433 1374 1460 1403 ιι
1510 1351 1813 1409 Benedicet
1839 1349 2041 1406 Domi-

427 1465 534 1506 nus
564 1456 727 1505 terraa
753 1455 867 1503 tua:
901 1440 950 1502 κ.
983 1464 1012 1499 n
1049 1445 1153 1502 Hie
1195 1452 1382 1501 autem
1430 1441 1566 1498 nihil
1610 1447 1898 1509 terrestre,
1947 1436 2044 1495 sed

430 1538 671 1596 caelestia
699 1536 928 1606 omnia;
971 1543 1260 1607 propterea
1301 1542 1493 1590 nostra
1538 1529 1852 1588 benedictio
1887 1527 2047 1600 spiri-

429 1627 591 1684 tualis
641 1635 746 1684 est.
820 1627 1079 1699 Regnum
1145 1623 1299 1681 enim
1363 1622 1635 1679 cmlorum
1712 1617 2045 1692 pauperibus

428 1717 823 1775 adnuntiatum
866 1722 968 1787 est,
1027 1721 1082 1771 et
1125 1712 1569 1786 persecutionem
1615 1724 1809 1783 passos
1838 1723 2044 1781 magna

429 1821 644 1865 merces
667 1806 726 1862 in
759 1804 914 1863 crelis
950 1810 1228 1877 exspectat
1250 1798 1289 1858 ¹.

506 1919 531 1946 ι
568 1899 636 1952 In
672 1893 890 1954 Christo
915 1896 1069 1950 Jesu.
1120 1915 1147 1944 ι
1185 1895 1310 1949 Hoc
1351 1899 1456 1960 est,
1500 1906 1597 1963 per
1642 1893 1834 1946 Jesum
1878 1886 2041 1945 Chri-
2074 1893 2122 1956 Β

430 1994 581 2042 stum
605 1984 766 2042 nobis
790 1983 1103 2041 benedictio
1132 1980 1425 2054 contingit,
1453 1981 1624 2052 370
1653 1994 1768 2035 non
1798 1994 1894 2051 per
1927 1980 2048 2034 Mo-

428 2091 571 2145 sem,
602 2075 752 2132 velut
784 2073 1010 2131 Judaais.
1064 2074 1251 2143 Quare
1288 2086 1404 2126 non
1431 2071 1546 2126 sola
1577 2068 1844 2141 qualitate
1872 2066 2047 2122 bono-

428 2181 578 2233 rum,
598 2179 788 2221 verum
811 2162 985 2220 etiam
1007 2159 1190 2235 quoad
1219 2157 1584 2217 mediatorem
1611 2157 1716 2214 illis
1739 2154 2050 2229 superiores

431 2268 628 2313 sumus
637 2293 653 2309 .

510 2368 537 2394 α
576 2347 761 2401 Vnus.
792 2346 848 2399 4.
883 2364 909 2391 α
956 2338 1441 2415 Quemadmodum
1473 2336 1641 2411 elegit
1688 2351 1793 2394 nos
1828 2335 1884 2393 in
1928 2334 2047 2407 ipso

433 2445 560 2493 ante
587 2432 782 2491 mundi
824 2430 1293 2489 constitutionem.
1331 2452 1358 2479 ι
1388 2426 1673 2485 Benedixit
1695 2442 1823 2494 nos,
1849 2424 2046 2498 inquit,

435 2542 532 2599 per
588 2525 893 2593 Christum,
952 2520 1179 2595 perinde
1227 2537 1293 2578 ac
1338 2519 1503 2594 elegit
1540 2535 1644 2576 nos
1692 2534 1789 2592 per
1838 2520 2045 2591 ipsum,

435 2615 543 2673 hoc
578 2623 665 2673 est
705 2629 802 2687 per
846 2612 1014 2669 ﬁdem
1065 2612 1125 2668 in
1178 2612 1377 2683 ipsum.
1425 2609 1605 2683 Elegit
1667 2615 1859 2665 autem
1919 2615 2048 2664 ante

435 2704 633 2762 mundi
682 2701 1158 2761 constitutionem.
1189 2703 1393 2757 Nostra
1426 2698 1575 2756 enim
1596 2697 1713 2771 jam
1743 2697 1877 2755 olim
1904 2711 2044 2768 pra:-

435 2793 660 2851 deﬁnita
705 2782 980 2858 erantret
1022 2807 1136 2847 non
1179 2788 1425 2847 recentia
1471 2795 1623 2857 sunt,
1664 2786 1814 2844 seda
1843 2784 2047 2859 princi-

437 2884 525 2956 pio
578 2883 895 2955 dispensata
946 2880 1328 2953 ordinataque.
1389 2877 1628 2935 Pulchre
1648 2885 1833 2934 autem
1883 2875 2044 2942 dixit,

435 2970 744 3040 καταϐολὴν,
820 2978 882 3026 ut
944 2969 1199 3026 ostendat
1265 2967 1543 3024 mundum
1607 2966 1677 3023 ab
1751 2963 2047 3023 altitudine

437 3061 680 3135 quadam
745 3059 945 3117 divinae
994 3058 1262 3131 potentiae
1305 3053 1593 3113 conditum
1642 3062 1700 3112 et
1752 3052 2042 3110 fundatum

437 3166 577 3209 esse.
621 3148 787 3221 Quod
830 3163 963 3205 vero
1006 3147 1105 3216 ait,
1157 3168 1184 3196 α
1232 3145 1427 3219 Elegit,
1474 3167 1500 3194 ιο
1551 3143 1656 3201 Dei
1697 3143 2042 3200 clementiam

435 3239 699 3309 declarat,
750 3238 1106 3310 ipsorumque
1156 3235 1418 3292 virtutem
1464 3254 1482 3290 :
1523 3248 1718 3291 omnes
1764 3231 1913 3289 enim
1951 3231 2040 3306 qui
2076 3229 2121 3294 C

437 3328 610 3385 futuri
642 3336 771 3386 sunt
807 3326 986 3400 probi,
1020 3326 1202 3399 elegit.

514 3442 540 3468 σι
579 3420 661 3476 Ut
695 3432 940 3475 essemus
966 3417 1142 3473 sancti
1177 3422 1233 3471 et
1273 3412 1617 3470 immaculati
1660 3413 1719 3469 in
1747 3417 2045 3486 conspectu

435 3508 575 3582 ejus.
613 3532 635 3558 ιο
684 3511 767 3566 Ne
793 3506 887 3563 ubi
914 3505 1186 3563 audiveris
1223 3503 1370 3577 quod
1401 3502 1626 3577 elegerit
1665 3518 1793 3575 nos,
1840 3502 1899 3557 in
1941 3517 2045 3574 po-

435 3607 648 3654 sterum
672 3596 741 3653 ad
760 3594 1027 3652 desidiam
1048 3592 1270 3660 labaris,
1304 3592 1469 3648 veluti
1484 3592 1603 3666 jam
1633 3591 1841 3649 electus
1874 3593 2044 3648 :Pro-

436 3696 557 3760 pter
612 3686 739 3755 hoc,
796 3685 997 3758 inquit,
1054 3700 1158 3741 nos
1214 3682 1394 3756 elegit,
1438 3690 1503 3737 ut
1543 3681 1717 3738 sancti
1767 3680 1940 3738 simus
1988 3688 2044 3736 et

435 3775 799 3845 immaculati,
832 3782 1224 3847 permanentes
1252 3772 1309 3828 in
1330 3772 1625 3829 sanctitate
1642 3787 1812 3845 quam
1841 3770 2045 3844 imper-

433 3864 518 3922 tiit
555 3864 715 3921 nobis
756 3863 813 3919 in
854 3862 1149 3935 baptismo,
1187 3878 1253 3918 ac
1293 3860 1465 3917 vitam
1503 3857 1797 3916 virtutibus
1834 3858 2042 3915 cultam

434 3953 716 4011 habentes.
782 3953 1015 4010 Sanctus
1080 3951 1233 4007 enim
1282 3958 1385 4021 est,
1437 3949 1533 4022 qui
1579 3948 1753 4005 ﬁdem
1808 3945 2043 4020 adeptus

435 4053 550 4111 est;
601 4040 995 4099 immaculatus
1030 4048 1242 4109 autem,
1279 4038 1376 4112 qui
1419 4038 1714 4110 inculpatae
1760 4037 1890 4094 vitae
1935 4045 2037 4093 est.

434 4132 793 4190 Sanctitatem
839 4138 1022 4186 autem
1078 4128 1301 4202 quaerit,
1355 4136 1409 4184 et
1462 4127 1633 4183 vitam
1682 4125 2041 4200 inculpatam,

434 4237 550 4279 non
621 4218 965 4292 simpliciter,
1041 4217 1159 4287 sed,
1223 4239 1248 4266 α
1306 4218 1510 4274 Coram
1584 4215 1726 4289 ipso.
1792 4235 1822 4269 »
1902 4218 2041 4272 Nam

437 4309 600 4367 multi
646 4309 707 4364 in
753 4315 1050 4380 conspectu
1097 4305 1393 4363 hominum
1437 4305 1613 4363 sancti
1662 4312 1811 4374 sunt,
1874 4303 2042 4361 veluti

435 4397 725 4469 Pharisaei,
754 4404 1017 4453 caeterum
1063 4412 1181 4452 non
1219 4395 1276 4451 in
1304 4403 1575 4468 conpectu
1601 4395 1705 4452 Dei
1738 4413 1752 4451 :
1785 4393 1847 4451 id
1892 4392 2043 4465 quod

436 4488 616 4546 David
649 4494 885 4545 testatur
932 4505 945 4543 :
992 4509 1018 4537 α
1063 4483 1403 4555 Secundum,
1455 4507 1481 4534 ιο
1516 4484 1718 4557 inquit,
1758 4506 1785 4533 ι
1828 4482 2044 4556 purita-

2149 629 2241 689 καὶ
2263 635 2297 703 ἠ
2322 629 2543 712 ἀπαρχὴ
2571 634 2725 712 ἡμῶν
2755 632 2858 712 ὑπὸ
2893 633 3001 690 τῶν
3033 631 3143 690 ἅνω
3183 630 3464 708 δυνάμεων
3507 654 3748 711 προσκυ-

2150 727 2340 782 νεῖται.
2377 710 2614 786 Εἰκότως
2642 711 2731 780 οὐν
2768 710 2913 780 εἶπεν
2938 744 2950 757 ·
2984 748 3011 773 ι
3048 720 3146 781 Ἐν
3183 742 3216 775 α
3247 719 3398 801 πάσῃ
3434 710 3673 803 εὐλογία’
3714 748 3740 774 n

2151 809 2326 870 πάντα
2349 809 2454 891 γὰρ
2481 814 2609 887 ἡμῖν
2637 810 2954 891 κεχάρισται
2982 811 3096 870 θεῖα
3128 810 3220 871 καὶ
3244 809 3605 889 πνευματικά.

2240 926 2266 953 α
2301 898 2398 961 Ἐν
2449 909 2559 969 τοῖς
2605 900 2954 981 ἐπουρανίοις.
2984 923 3013 960 ν)
3053 898 3072 921 ⁸
3099 900 3180 967 Ως
3212 899 3277 959 ἂν
3309 901 3359 960 εἰ
3402 901 3751 981 ἐφερμηνεύει

2153 993 2266 1058 πῶς
2314 991 2426 1050 ἔστι
2469 990 2872 1069 πνευματικὴή
2926 990 3139 1070 εὐλογία
3188 992 3378 1069 ἡμῶν,
3421 990 3513 1050 καὶ
3559 1013 3752 1072 φησιν·

2153 1107 2180 1133 σι
2212 1079 2308 1142 Ἐν
2330 1089 2439 1148 τοῖς
2463 1081 2807 1162 ἐπουρανίοις.
2834 1108 2858 1133 ν
2892 1078 2960 1141 Ἣ
2995 1080 3048 1120 ³³
3080 1078 3177 1159 μὲν
3199 1080 3305 1162 γὰρ
3333 1083 3440 1140 τῶν
3469 1081 3751 1140 Ἰουδαιων

2154 1170 2209 1228 ἐν
2247 1174 2314 1251 τῇ
2476 1161 2577 1244 ἦν’
2627 1170 2713 1231 διὰ
2771 1175 2927 1231 τοῦτο
2971 1169 3063 1230 καὶ
3116 1161 3399 1249 σωματική
3431 1170 3507 1232 ³⁵.
3582 1197 3606 1223 ιι
3663 1168 3753 1232 Τὰ

2156 1259 2331 1338 ἀγαθὰ
2386 1287 2413 1314 ιι
2454 1261 2556 1343 γὰρ
2605 1289 2628 1315 κ
2678 1266 2773 1333 τῆς
2822 1265 2919 1341 γῆς
2971 1259 3228 1342 ⁸ῖέοοίγεσθν
3280 1288 3305 1315 ι
3360 1258 3479 1335 καὶ,
3545 1287 3571 1313 ι
3634 1262 3751 1333 Γῆν

2156 1350 2372 1430 ῥέουσαν
2410 1350 2534 1428 μέλι
2561 1351 2651 1410 καὶ
2694 1353 2834 1429 γάλα
2861 1370 2876 1386 ⁸
2922 1373 2951 1410 ))
2991 1350 3112 1424 καὶ,
3163 1378 3188 1404 ιι
3230 1350 3530 1430 Εὐλογήσει
3559 1350 3753 1433 Κύριος

2153 1439 2249 1512 τὴν
2275 1445 2374 1519 γῆν
2405 1464 2523 1503 σου.
2558 1468 2580 1494 ιι
2612 1441 2882 1502 Ἐνταῦθα
2913 1440 2969 1501 δὲ
2998 1440 3145 1500 οὐδὲν
3194 1441 3404 1519 γήϊνον,
3439 1441 3558 1500 ἀλλ’
3592 1443 3752 1500 ἐπου-

2157 1529 2310 1611 ράνια
2340 1529 2537 1594 πάντα.
2592 1529 2695 1592 Διὰ
2726 1539 2878 1592 τοῦτο
2925 1530 3016 1591 καὶ
3055 1528 3389 1609 πνευματικὴ
3420 1534 3455 1603 ἡ
3506 1530 3747 1611 ἡμετέρα

2155 1620 2383 1697 εὐλογία.
2428 1620 2687 1681 Βασιλεία
2725 1620 2828 1698 γὰρ
2880 1621 3115 1701 οὐρανῶν
3145 1629 3254 1688 τοῖς
3301 1627 3537 1701 πτωχοῖς
3578 1621 3748 1699 ἐπήγ-

2152 1710 2336 1788 γελται
2358 1755 2375 1785 ,
2425 1711 2517 1772 καὶ
2573 1719 2680 1780 τοῖς
2729 1709 3101 1790 δεδιωγμένοις
3160 1708 3324 1779 πολὺς
3383 1714 3412 1771 ὁ
3461 1710 3643 1788 μισθὸς
3690 1711 3748 1768 ἐν

2152 1807 2260 1869 τοῖς
2285 1803 2548 1881 οὐρανοῖς.

2236 1917 2262 1945 ι
2316 1890 2412 1953 Ἐν
2463 1894 2681 1973 Χριστῷ
2728 1893 2931 1966 Ἰησοῦ.
2986 1917 3011 1944 ι·
3065 1890 3353 1963 Tauris-rt,
3422 1888 3510 1950 διὰ
3568 1889 3755 1963 Ἰησοῦ

2157 1981 2390 2060 Χριστοῦ
2435 1987 2565 2060 ἡμῖν
2619 1988 2653 2054 ἠ
2706 1981 2947 2059 εὐλογία,
2982 1981 3040 2042 οὐ
3072 1982 3158 2041 διὰ
3215 1980 3492 2055 Μωσέως,
3547 1983 3619 2048 ὡς
3646 1989 3757 2046 τοῖς

2156 2068 2456 2141 Ἰουδαίοις.
2488 2070 2664 2133 "ﬂare
2717 2075 2775 2131 οὐ
2822 2071 2979 2148 μόνον
3107 2071 3350 2145 ποιότητι
3372 2074 3477 2130 τῶν
3510 2072 3756 2150 ἀγαθῶν,

2159 2160 2296 2221 ἀλλὰ
2321 2161 2414 2222 καὶ
2437 2165 2512 2243 τῷ
2538 2161 2728 2243 μεσίτῃ
2760 2161 3075 2243 διαφέρομεν
3109 2162 3348 2224 ἐκείνων.

2240 2368 2271 2401 α
2301 2341 2492 2413 Καθὼς
2539 2342 2811 2414 ἐξελέξατο
2846 2346 2991 2422 ἡμᾶς
3034 2343 3086 2401 ἐν
3120 2343 3265 2423 αὐτῷ
3304 2341 3409 2423 πρὸ
3442 2341 3755 2412 καταϐολῆς

2155 2433 2382 2512 κόσμου.
2427 2456 2456 2493 ››
2510 2433 2829 2511 Πύλόγησε,
2895 2433 3087 2513 φησὶν,
3145 2437 3290 2510 ἡμᾶς
3347 2432 3434 2493 διὰ
3488 2434 3752 2512 Χριστοῦ,

2155 2523 2335 2602 ὥσπερ
2393 2521 2485 2584 καὶ
2526 2521 2796 2593 ἐξελέξατο
2851 2524 2918 2582 δι’
2974 2524 3166 2597 αὐτοῦ,
3217 2520 3461 2581 τουτέστι
3518 2519 3605 2581 διὰ
3658 2526 3754 2594 τῆς

2155 2615 2226 2680 εἶς
2259 2611 2419 2673 αὐτὸν
2474 2615 2726 2682 πίστεως.
2764 2640 2788 2666 ι
2824 2610 3136 2681 Ἐξελίξατο
3184 2609 3241 2671 δὲ
3294 2611 3398 2692 πρὸ
3447 2610 3757 2681 καταϐολῆς

2154 2701 2379 2781 κόσμου.
2417 2730 2444 2758 υ
2479 2702 2707 2765 Ἀνωθιν
2727 2700 2833 2784 γὰρ
2852 2700 3153 2783 προώριστο
3178 2700 3244 2760 τὰ
3292 2703 3413 2760 καθ’
3444 2704 3616 2779 ἡμᾶς,
3660 2701 3754 2760 καὶ

2155 2793 2215 2852 οὐ
2245 2790 2476 2875 νεώτερα
2500 2792 2578 2870 ³⁷,
2623 2793 2740 2851 ἀλλ’
2775 2791 2829 2860 ἐξ
2868 2794 3037 2871 ἀρχῆς
3077 2789 3495 2872 ᾠκονομημένα.
3556 2792 3756 2857 Καλῶς

2155 2879 2211 2939 δὲ
2241 2870 2387 2955 εἶπε,
2412 2870 2768 2953 ’καταϐολήνο
2809 2870 2913 2939 ἵνα
2938 2870 3121 2960 δείξῃ,
3168 2878 3249 2939 ὅτι
3291 2880 3398 2939 ἀπὸ
3425 2881 3587 2960 ὕψους
3616 2878 3755 2943 τινὸς

2153 2974 2246 3042 τῆς
2298 2976 2388 3030 τοῦ
2444 2973 2585 3032 Θεοῦ
2634 2970 2905 3048 δυνάμεως
2936 2968 3239 3043 κατεϐλήθη
3282 2968 3375 3029 καὶ
3427 2969 3753 3047 ἐθεμελιώθη

2153 3062 2182 3117 δ
2209 3058 2429 3139 κόσμος.
2477 3060 2558 3122 Τὸ
2588 3059 2673 3135 δὲ,
2715 3082 2743 3118 α
2787 3057 3124 3134 Ἐξελέξατο,
3158 3083 3189 3116 ιι
3223 3059 3314 3118 καὶ
3345 3056 3442 3131 τὴν
3481 3065 3575 3119 τοῦ
3605 3063 3752 3122 Θεοῦ

2153 3150 2553 3232 φιλανθρωπίαν
2595 3151 2776 3224 δηλοῖ,
2817 3150 2908 3210 καὶ
2937 3147 3033 3222 τὴν
3065 3150 3239 3209 αὐτῶν
3291 3147 3485 3231 ἀρετήν
3505 3172 3519 3189 ο
3548 3150 3754 3217 πάντας

2151 3237 2254 3321 γὰρ
2276 3238 2391 3309 τοὺς
2425 3240 2718 3321 μέλλοντας
2745 3240 2959 3300 ἔσεσθαι
2989 3238 3239 3319 δοκίμους
3262 3238 3561 3320 ἕκλέγεται.

2240 3437 2266 3466 ι
2323 3401 2483 3474 Εἶναι
2534 3416 2677 3492 ἡμᾶς
2725 3410 2905 3492 ἁγίους
2956 3409 3049 3471 καὶ
3108 3408 3364 3488 ἀμώμους
3411 3408 3747 3472 κατενώπιον

2153 3501 2334 3565 αὐτοῦ.
2372 3525 2402 3561 ο
2426 3500 2549 3564 Ἵνα
2577 3503 2651 3581 μή
2683 3500 2914 3569 ἀκούσας
2935 3547 2949 3572 ,
2984 3500 3064 3559 ὅτι
3092 3526 3119 3554 α
3154 3500 3490 3575 Ἒξελέξατο,
3518 3525 3549 3559 ο
3584 3502 3754 3585 ἀπορ-

2152 3591 2463 3674 ῥᾳθυμήσῃς
2516 3591 2732 3671 λοιπὸν,
2787 3594 2859 3660 ὡς
2916 3590 3021 3663 ἤδη
3080 3588 3497 3674 ἐκλελεγμένος,
3542 3590 3706 3674 φησίν
3731 3615 3746 3630 ’

2150 3668 2478 3764 5Επὶττούικρ
2541 3687 2681 3761 ἡμᾶς
2717 3668 3045 3757 νέξελέξατο,
3105 3678 3193 3741 ἴνα
3257 3668 3400 3760 ἅγιοι
3457 3668 3604 3760 ὦμεν
3655 3680 3751 3741 καὶ

2152 3769 2399 3850 ἄμωμοι,
2432 3773 2674 3850 μένοντες
2705 3771 2793 3831 ἐπὶ
2826 3776 2921 3844 τῆς
2951 3770 3229 3851 ἁγιότητος
3255 3769 3320 3844 ἣν
3359 3770 3588 3830 δέδωκεν
3618 3775 3751 3850 ἡμῖν

2153 3864 2530 3941 βαπτισθεῐσι,
2583 3861 2676 3921 καὶ
2709 3861 2821 3941 βίον
2860 3859 3071 3941 ἔχοντες
3125 3861 3392 3942 ἐνάρετον.
3431 3859 3609 3941 Ἄγιος
3653 3858 3753 3938 μὲν

2150 3950 2280 4032 γὰρ,
2324 3955 2353 4011 ὁ
2379 3956 2473 4023 τῆς
2502 3950 2728 4019 πίστεως
2759 3950 3030 4032 μετέχωνο
3062 3949 3286 4030 ἄμωμος
3314 3950 3392 4026 δὲ,
3426 3953 3455 4010 ὁ
3493 3949 3634 4010 κατὰ
3656 3949 3750 4011 τὸν

2152 4039 2265 4120 βίον
2297 4040 2676 4114 ἀνεπίληπτος.
2709 4040 2993 4120 Ἁγιότητα
3049 4039 3104 4100 δὲ
3141 4044 3288 4113 ζητεῖ
3335 4039 3516 4100 καὶτὸ
3558 4039 3752 4100 ἀνεπί-

2149 4130 2386 4203 ληπτον,
2409 4131 2512 4212 οὐχ
2538 4130 2753 4205 ἅπλῶς,
2806 4128 2978 4204 ἀλλὰ,
3037 4153 3067 4189 ε
3106 4130 3456 4192 Κατενώπιον
3492 4131 3672 4193 αὐτοῦ.
3708 4151 3741 4188 ››

2152 4218 2276 4279 Εἰσὶ
2322 4219 2426 4300 γὰρ
2464 4210 2653 4280 πολλοὶ
2703 4219 2926 4279 ἐνώπιον
2980 4223 3084 4280 τῶν
3112 4218 3401 4300 ἀνθρώπων
3430 4218 3571 4299 ἅγιοι
3600 4263 3617 4292 ,
3650 4210 3755 4278 οἷοι

2151 4310 2199 4368 οἱ
2225 4309 2552 4390 Φαρισαῖοι,
2596 4310 2720 4370 ἀλλ’
2749 4309 2870 4390 οὐχὶ
2899 4313 2992 4369 τοῦ
3020 4311 3182 4371 Θεοῦ.
3203 4312 3378 4371 Τοῦτο
3410 4309 3502 4370 καὶ
3530 4312 3559 4369 ὁ
3578 4304 3751 4370 Δαυίδ

2148 4422 2316 4481 φησι·
2366 4427 2392 4454 ‹‹
2425 4400 2582 4461 Κατὰ
2624 4398 2722 4472 τὴν
2755 4398 3091 4481 καθαρότητα
3134 4403 3240 4461 τῶν
3287 4401 3481 4481 χειρῶν
3539 4422 3662 4477 μου.
3715 4424 3748 4457 ι

2154 4489 2353 4564 Ποίαν,
2381 4489 2499 4563 Τὴν
2559 4488 2838 4550 «ἐνώπιον
2875 4493 2979 4549 τῶν
3028 4491 3316 4570 ὀφθαλμῶν
3349 4491 3529 4552 αὐτοῦ.
3567 4514 3598 4548 ιν
3634 4487 3752 4549 Καὶ

437 4588 552 4636 tem
608 4591 879 4636 manuum
931 4592 1181 4633 mearum
1240 4584 1305 4632 ω.
1354 4554 1396 4625 »ν
1425 4554 1695 4644 Qualem?
1728 4596 1754 4623 ιι
1805 4554 1873 4629 In
1913 4588 2042 4629 con-

2153 4582 2181 4637 ὁ
2211 4554 2478 4648 Ἦσοίΐας1
2510 4606 2535 4634 σι
2591 4579 2905 4654 Aetio-a603,
2934 4579 3025 4639 καὶ
3071 4554 3330 4658 αφέλεσθε
3366 4578 3460 4647 τὰς
3493 4578 3755 4661 πονηρίας

436 4678 629 4743 spectu
665 4668 803 4742 ejus.
871 4689 897 4717 υ
972 4667 1128 4724 Idem
1185 4674 1243 4722 et
1289 4667 1455 4721 Isaias
1504 4672 1533 4700 ιι
1584 4682 1602 4719 :
1650 4685 1677 4712 α
1730 4662 2038 4733 Lavamini,

437 4759 631 4832 inquit,
663 4766 719 4815 et
742 4755 960 4814 auferte
986 4755 1284 4829 pravitates
1318 4770 1507 4812 coram
1536 4753 1711 4810 'oculis
1736 4753 1898 4811 meis.
1938 4775 1965 4804 ρ

507 4852 685 4907 Vnus.
727 4852 780 4904 5.
832 4869 861 4897 σι
905 4846 1014 4917 Qui
1068 4847 1125 4902 in
1173 4845 1440 4902 charitate
1486 4842 1893 4917 praedestinavit
1935 4859 2041 4901 nos

438 4942 496 4997 in
555 4937 909 5011 adoptionem
971 4935 1216 4992 ﬁliorum
1276 4950 1375 5008 per
1419 4936 1613 4992 Iesum
1657 4932 1937 4991 Christum
1983 4934 2040 4989 in

436 5031 637 5104 ipsum.
674 5050 700 5077 ιο
725 5028 868 5084 Cum
902 5025 1067 5091 dixit,
1102 5048 1129 5075 «ι
1161 5024 1361 5097 Elegit,
1407 5046 1434 5074 »
1466 5023 1641 5081 voluit
1666 5038 1770 5080 nos
1829 5022 2037 5080 intelli-

436 5135 584 5193 gere,
619 5116 769 5191 quod
794 5115 963 5173 veluti
986 5115 1243 5188 probatos
1266 5115 1338 5172 ob
1389 5113 1648 5170 virtutem
1664 5122 1916 5169 nostram
1938 5128 2040 5169 nos

436 5207 677 5281 elegerit.
706 5204 1173 5278 Quandoquidem
1210 5212 1398 5261 autem
1444 5219 1559 5260 non
1613 5219 1644 5259 a
1684 5210 1876 5259 nostra
1920 5202 2035 5258 sola

436 5297 639 5353 virtute
666 5296 811 5353 salus
844 5294 1118 5367 provenit,
1167 5292 1385 5367 adjecit,
1437 5316 1463 5342 «ι
1513 5293 1623 5365 Qui
1664 5291 1721 5347 in
1769 5290 2038 5347 charitate

437 5386 846 5460 praedestinavit
872 5401 997 5452 nos,
1033 5406 1061 5435 ιι
1093 5383 1199 5441 hoc
1242 5392 1345 5452 est,
1391 5382 1627 5456 propriae
1654 5397 1769 5440 suae
1796 5380 2039 5438 clemen-

2150 4667 2370 4729 ἐνώπιον
2394 4673 2500 4730 τῶν
2528 4670 2818 4752 ὀφθαλμῶν
2842 4692 2966 4749 μου.
3009 4695 3036 4722 υ

2237 4859 2262 4887 α
2295 4832 2394 4895 Ἐν
2444 4831 2629 4912 ἀγάπῃ
2687 4830 2972 4914 προορίσας
3027 4834 3172 4908 ἡμᾶς
3227 4831 3299 4899 εἰς
3354 4828 3615 4891 υἱοθεσίαν
3655 4829 3749 4890 διὰ

2150 4920 2327 4996 Ἰησοῦ
2359 4923 2601 5003 Χριστοῦ
2656 4924 2730 4990 εἷς
2762 4921 2940 4981 αὐτόν.
2995 4946 3025 4978 ιο
3060 4920 3275 4995 Εἰπὼν,
3328 4920 3408 4980 ὅτι
3463 4947 3488 4976 α
3533 4918 3749 4989 Ἐξελέ-

2152 5011 2303 5092 ξατο,
2343 5035 2372 5070 ι)
2397 5012 2595 5072 δέδωκε
2619 5012 2785 5089 νοεῖν,
2835 5011 2918 5073 ὅτι
2940 5015 3011 5080 ὣς
3055 5010 3301 5090 δοκίμους
3351 5008 3439 5070 διὰ
3462 5008 3559 5083 τὴν
3593 5012 3748 5089 ἡμῶν

2152 5102 2341 5183 ἀρετὴν
2394 5102 2681 5171 ἐξελέξατο.
2715 5101 2874 5163 Ἐπεὶ
2937 5102 2992 5162 δὲ
3042 5103 3137 5161 οὐκ
3186 5100 3293 5160 ἀπὸ
3342 5103 3437 5174 τῆς
3484 5101 3749 5180 ἡμετέρας

2120 5197 2340 5271 -ἀρετῆς
2369 5193 2532 5271 μόνης
2584 5196 2620 5264 ἡ
2652 5191 2931 5273 σωτηρία,
3004 5190 3360 5272 προσέθηκεν,
3419 5186 3501 5249 ὅτι
3564 5212 3594 5249 (ι
3646 5183 3744 5251 Ἐν

2150 5282 2332 5363 ἀγάπῃ
2363 5282 2647 5363 προορίσας
2671 5286 2813 5360 ἡμᾶς
2833 5305 2848 5319 ·
2883 5304 2911 5341 ο
2943 5280 3206 5358 τουτέστι,
3243 5279 3327 5339 Δι’
3377 5278 3577 5340 οἰκείαν
3622 5283 3748 5359 φιλ-

2149 5373 2450 5452 ανθρωπίαν
2493 5370 2777 5451 ἀγαπήσας
2823 5376 2968 5451 ἡμᾶς
2996 5370 3313 5453 προώρισεν.
3345 5367 3552 5437 Ἄλλως
3583 5392 3644 5428 τε
3673 5368 3749 5444 ³⁸,

503 5515 533 5555 ¹ί
555 5521 741 5580 Levit.
774 5534 921 5591 xm,
952 5525 1040 5577 38.
1118 5518 1135 5555 ι
1165 5517 1369 5575 Matth.
1401 5534 1461 5584 v,
1493 5521 1544 5576 3.
1625 5526 1664 5553 ω
1692 5516 1839 5575 Psal.
1872 5531 2039 5586 xvu,

2155 5556 2168 5570 .
2245 5516 2403 5572 l1Isa.
2444 5531 2488 5583 ι,
2531 5519 2621 5573 26.

1826 5625 2018 5685 Variae
2060 5624 2364 5685 lectiones.

502 5737 547 5772 ⁸⁵
568 5756 632 5789 τοι
658 5750 714 5794 0.

792 5734 839 5770 εδ
869 5736 1126 5807 acuunt/.52
1155 5750 1212 5792 0.
1286 5733 1329 5769 ³⁷
1358 5733 1444 5788 καὶ
1472 5732 1702 5805 ἀνωτέρω
1732 5748 1787 5791 0.
1864 5731 1912 5770 33
1936 5734 2065 5786 ὥστε
2095 5747 2150 5789 0.
