4124 6450
360 488 493 541 i037

1258 481 1615 539 EXPOSITIO
1654 482 1720 538 ΙΝ
1760 482 1970 538 EPIST.
2010 482 2102 537 AD
2141 480 2379 536 EPHES.
2419 510 2490 519 —
2530 481 2680 535 CAP.
2721 481 2762 535 Ι.

3520 482 3657 537 i038

351 608 537 687 τὸμὲν
594 612 876 669 πιστεῦσαι
922 608 1015 668 καὶ
1065 612 1417 689 προσελθεῖν,
1458 606 1602 668 ἔστιν
1656 608 1944 688 ἡμέτερον,

2062 606 2153 664 tiae
2212 605 2384 679 gratia
2439 604 2665 677 diligens
2728 619 2830 662 nos
2875 603 3304 677 praedestinavit.
3363 609 3656 678 Praeterea,

350 699 526 760 καίτοι
556 698 649 758 καὶ
702 702 793 758 τοῦ
837 697 1157 767 καλέσαντος
1204 703 1347 762 Θεοῦ
1368 717 1381 733 ⁸
1430 698 1491 758 τὸ
1543 699 1599 757 δὲ
1628 697 1945 779 προσελθόν-

349 814 444 858 τας
472 788 696 863 ἀξιῶσαι
730 791 827 860 τῆς
879 787 1165 863 υἱοθεσίας,
1198 787 1360 868 μόνης
1396 791 1490 860 τῆς
1520 786 1736 867 ἀγάπης
1783 787 1943 847 αὐτοῦ

350 880 442 939 καὶ
475 877 892 961 φιλανθρωπίας.
944 879 1041 939 Διὸ
1081 877 1379 959 προσέθηκε
1402 902 1415 916 ·
1465 904 1491 932 ιι
1523 877 1826 958 Ιῐροορίσας
1872 879 1945 943 εἰς

350 969 632 1030 υἱοθεσίαν.
694 992 726 1026 io
781 967 986 1043 Ποίαν,
1047 967 1164 1040 Τὴν
1210 970 1282 1037 εἷς
1333 967 1493 1029 αὐτὸν
1537 966 1837 1045 ἀνάγουσαν
1886 966 1946 1026 τὸ

349 1059 493 1139 γένος
523 1060 710 1135 ἡμῶν,
746 1056 837 1117 καὶ
880 1056 1098 1125 οἰκείους
1140 1059 1305 1118 αὐτοῦ
1346 1062 1600 1119 ποιοῦσαν
1630 1080 1644 1095 ·
1673 1058 1766 1116 καὶ
1793 1063 1946 1118 τοῦτο

350 1149 438 1223 δὲ,
490 1177 515 1205 ιι
566 1146 671 1210 Διὰ
718 1147 901 1220 Ἰησοῦ
960 1150 1219 1228 Χριστοῦ.
1274 1146 1391 1209 «Ὀ
1441 1147 1538 1226 μὲν
1598 1146 1703 1228 γὰρ
1751 1145 1946 1227 Πατὴρ

348 1237 668 1320 προώρισεν,
696 1240 725 1296 ὁ
752 1236 809 1295 δὲ
840 1237 1068 1318 Χριστὸς
1095 1236 1438 1318 προσήγαγεν
1480 1241 1649 1315 ἡμᾶς.
1698 1236 1802 1297 Διὰ
1842 1233 1946 1316 γὰρ

350 1336 443 1390 τοῦ
471 1329 604 1390 Υἱοῦ
631 1327 809 1388 πάντα
840 1325 908 1386 τὰ
940 1325 1146 1406 ἀγαθὰ,
1175 1327 1234 1386 οὐ
1269 1326 1357 1386 διά
1396 1349 1533 1395 τινος
1562 1330 1666 1385 τῶν
1701 1323 1904 1386 δούλων
1931 1344 1945 1360 °

352 1418 435 1478 διὸ
457 1416 550 1479 καὶ
586 1416 933 1499 λαμπροτέρα
964 1420 996 1489 ἡ
1024 1416 1323 1497 φιλοτιμία.

435 1695 461 1723 κ
498 1669 657 1733 Κατὰ
697 1668 797 1743 τὴν
850 1667 1091 1731 εὐδοκίαν
1134 1673 1226 1730 τοῦ
1276 1667 1574 1747 θελήματος
1626 1671 1821 1747 αὐτοῦ,
1875 1671 1949 1738 εἰς

352 1757 564 1819 ἔπαινον
597 1757 746 1833 δόξης
776 1762 872 1833 τῆς
900 1759 1115 1842 χάριτος
1151 1761 1334 1820 αὐτοῦ.
1368 1787 1392 1811 ιι
1418 1757 1520 1819 Διὰ
1549 1762 1732 1835 τοῦτο,
1762 1757 1944 1840 φησὶν,

351 1852 425 1918 εἷς
480 1848 742 1917 υἱοθεσίαν
795 1853 937 1927 ἡμᾶς
981 1847 1284 1930 προώρισε,
1345 1847 1542 1922 θέλων,
1586 1847 1678 1907 καὶ
1739 1849 1943 1929 σφόδρα

2051 695 2273 753 credere
2320 694 2544 768 quidem
2589 702 2644 750 et
2689 692 2971 764 accedere,
3017 702 3275 751 nostrum
3326 703 3411 752 est
3454 697 3655 770 (atqui

2054 785 2159 843 Dei
2200 785 2371 843 etiam
2414 783 2723 854 vocantis);
2776 782 3126 841 advenientes
3178 800 3309 842 vero
3361 784 3655 859 adoptione

2052 873 2287 947 dignari,
2329 873 2499 931 solius
2536 872 2657 945 ejus
2707 871 3012 930 dilectionis
3072 880 3158 929 est
3211 880 3270 928 et
3323 872 3652 930 clementiae.

2054 964 2348 1036 Propterea
2374 961 2591 1036 adjecit,
2638 983 2663 1011 «ι
2714 960 3132 1018 Pracdestinavit
3177 960 3234 1016 in
3263 959 3509 1019 ﬁliorum
3561 962 3656 1020 ad-

2053 1053 2358 1126 optionem.
2391 1074 2419 1103 ν
2478 1051 2747 1121 Qualem?
2777 1053 2913 1123 Quae
2955 1049 3025 1107 ad
3053 1050 3236 1123 ipsum
3261 1049 3465 1109 referat
3485 1066 3657 1124 genus

2054 1150 2326 1211 nostrum,
2382 1156 2451 1197 ac
2505 1155 2610 1196 nos
2659 1138 2832 1211 ipsius
2886 1137 3222 1195 domesticos
3265 1137 3452 1210 faciat,
3494 1139 3657 1212 idque

2057 1255 2083 1283 α
2125 1234 2231 1289 Per
2272 1234 2462 1289 Iesum
2490 1229 2788 1286 Christum.
2834 1252 2860 1278 »
2890 1230 3037 1286 Nam
3081 1232 3244 1287 Pater
3288 1244 3421 1286 sane
3449 1229 3660 1303 praede-

2055 1321 2295 1391 stinavit,
2342 1318 2591 1377 Christus
2628 1326 2819 1375 autem
2847 1315 3084 1375 adduxit
3124 1333 3247 1375 nos.
3299 1319 3406 1375 Per
3457 1319 3658 1377 Filium

2056 1413 2207 1470 enim
2248 1412 2439 1470 omnia
2483 1409 2647 1467 nobis
2673 1409 2816 1467 bona
2843 1406 3223 1477 conferuntur,
3271 1424 3386 1466 non
3422 1424 3520 1482 per
3545 1425 3662 1466 ser-

2055 1518 2188 1560 vum
2236 1500 2557 1575 quempiam
2605 1519 2619 1553 :
2678 1498 2808 1555 hinc
2872 1507 2929 1556 et
2992 1498 3328 1571 splendidior
3394 1507 3479 1557 est
3544 1498 3661 1572 ipsa

2054 1591 2372 1650 liberalitas.

2127 1684 2300 1739 Vnus.
2356 1686 2410 1738 6.
2473 1702 2500 1730 α
2544 1677 2858 1737 Secundum
2904 1676 3307 1749 beneplacitum
3359 1677 3662 1734 voluntatis

2050 1785 2186 1840 suae,
2218 1768 2288 1827 ad
2318 1767 2540 1825 laudem
2577 1767 2762 1840 gloriae
2785 1775 2839 1823 et
2880 1766 3069 1840 gratiae
3105 1781 3244 1824 suae.
3280 1788 3306 1816 α
3339 1768 3654 1839 Pr0pterea,

2053 1858 2253 1932 inquit,
2290 1857 2361 1915 ad
2392 1857 2633 1914 ﬁliorum
2678 1856 3031 1928 adoptionem
3078 1871 3183 1912 nos
3226 1855 3657 1928 praedestinavit,
3738 1918 3743 1923 _

353 1939 683 2019 βωλέμενος,
705 1938 797 1999 καὶ
822 1940 1092 2015 ἐπιθυμῶν
1134 1941 1323 2017 (τοῦτο
1351 1937 1455 2017 γὰρ
1500 1942 1534 2010 ἡ
1568 1936 1824 2017 εὐδοκία),
1859 1935 1947 1996 ἵνα

2062 1953 2239 2010 volens
2296 1967 2359 2007 ac
2417 1950 2772 2009 vehementer
2820 1949 3048 2021 cupiens
3092 1961 3264 2023 atque
3310 1948 3656 2018 desiderans,

350 2032 385 2099 ἠ
415 2032 511 2101 τῆς
550 2027 765 2108 χάριτος
791 2026 886 2087 καὶ
937 2032 1031 2102 τῆς
1060 2026 1361 2108 εὐεργεσίας
1393 2029 1551 2086 αὐτοῦ
1582 2025 1705 2096 δόξα
1735 2027 1941 2108 δειχθῇ.

347 2108 488 2198 ’Ἆρα
521 2117 577 2176 δὲ
602 2116 754 2189 δόξης
796 2116 1000 2198 ἐφίεται
1059 2116 1240 2191 Θεός;
1292 2114 1387 2188 Μὴ
1422 2114 1652 2193 γένοιτο·
1709 2114 1946 2184 ἀνενδεὲς

349 2206 452 2288 γὰρ
482 2206 543 2268 τὸ
569 2208 729 2268 Θεῖον
748 2229 761 2243 ο
792 2204 931 2266 ἀλλὰ
964 2204 1211 2289 βούλεται
1256 2203 1566 2275 δοξάζεσθαι
1594 2203 1726 2285 παρ’
1756 2208 1909 2283 ἡμῶν
1927 2251 1944 2285 ,

349 2299 421 2364 ὡς
472 2294 534 2357 ἂν
592 2294 747 2356 αὐτὸν
796 2294 954 2355 πλέον
1010 2298 1328 2376 ἀγαπῶμεν.
1387 2292 1456 2355 Ὁ
1507 2293 1609 2375 γὰρ
1662 2296 1944 2372 θαυμάζων

350 2386 445 2452 τὰς
476 2388 552 2455 εἰς
597 2384 756 2445 αὐτὸν
801 2382 1088 2466 γενομένας
1137 2384 1467 2466 εὐεργεσίας,
1521 2382 1811 2443 σπουδάσει
1867 2382 1944 2462 μὴ

351 2479 710 2556 προσκροῦσαι
739 2478 815 2554 τῷ
848 2474 1123 2556 εὐεργέτῃ·
1174 2474 1267 2534 καὶ
1313 2473 1494 2541 ὁσάκις
1536 2470 1946 2552 ἀναμιμνήσκε-

351 2588 442 2627 ται
495 2568 600 2624 τῶν
649 2566 893 2644 ἀγαθῶν,
957 2562 1115 2624 πλέον
1172 2563 1444 2643 ἀγαπήσει
1498 2561 1586 2623 τὸν
1648 2560 1938 2625 δεδωκότα.

352 2655 584 2717 Εὐδοκία
628 2644 718 2713 οὐν
749 2653 801 2694 ³³
846 2656 957 2715 ἐστι
1010 2655 1070 2714 τὸ
1124 2652 1523 2733 προηγούμενον
1586 2652 1794 2731 θέλημα
1847 2658 1947 2711 τοῦ

352 2747 518 2806 Θεοῦ.
549 2733 710 2805 Οῗον·
753 2744 987 2820 Θέλημα
1033 2747 1242 2825 πρῶτον
1299 2747 1391 2802 τοῦ
1429 2743 1604 2817 Θεοῦ,
1652 2741 1712 2801 τὸ
1743 2740 1947 2820 μηδένα

356 2834 648 2896 ἀπολέσθαι
673 2856 686 2871 ⁸
729 2833 938 2911 θέλημα
968 2831 1244 2913 δεύτερον,
1286 2833 1347 2892 τὸ
1394 2829 1705 2910 γενομένους
1756 2829 1950 2900 κακοὺς

355 2923 680 2985 ἀπολέσθαι·
711 2924 768 2984 οὐ
802 2923 904 3005 γὰρ
930 2921 995 2995 δὴ
1028 2922 1236 3004 ἀνάγκῃ
1281 2922 1526 2999 κολάζει,
1565 2922 1706 2982 ἀλλὰ
1753 2919 1946 2984 θέλων.

355 3014 427 3077 Ἡ
485 3012 657 3074 τοίνυν
714 3012 928 3073 εὐδοκία
984 3012 1044 3073 τὸ
1116 3011 1516 3095 προηγούμενόν
1569 3014 1680 3073 ἐστι
1738 3012 1948 3092 θέλημα

352 3109 446 3165 τοῦ
473 3105 639 3167 Θεοῦ.

441 3305 471 3343 α
503 3271 582 3365 ῗῌ
640 3281 963 3365 ἐχαρίτωσεν
983 3279 1036 3320 ⁴⁰
1091 3283 1236 3359 ἡμᾶς
1275 3282 1329 3340 ἐν
1377 3282 1454 3363 τῷ
1506 3279 1866 3362 ἠγαπημένῳ.
1916 3302 1948 3341 ι)

358 3376 479 3435 Οὐκ
527 3369 668 3434 εἶπεν
689 3416 706 3446 ,
761 3369 1129 3452 Ἐχαρίσατο,
1179 3373 1298 3431 ἀλλ’
1333 3393 1362 3429 (ι
1404 3369 1777 3450 Ἐχαρίτωσεθ
1806 3394 1959 3430 τουτ-

360 3462 509 3539 ἐστι,
562 3462 852 3544 χαρίεντας
901 3460 994 3521 καὶ
1045 3461 1366 3542 ἐπεράστους
1414 3459 1680 3532 ἐποίησεν.
1742 3459 1959 3540 σΩσπερ

360 3551 414 3612 εἴ
459 3575 537 3622 τις
606 3551 883 3634 ψωραλέον
935 3548 1053 3610 τινὰ
1121 3548 1344 3631 γέροντα
1410 3547 1504 3608 καὶ
1555 3551 1699 3629 λιμῷ
1748 3550 1957 3630 διεφθο-

363 3640 491 3723 ρότα
542 3641 724 3704 λαϐὼν
790 3640 882 3700 καὶ
933 3641 1255 3723 ἀσχήμονα,
1309 3638 1497 3707 εὐθέως
1546 3637 1723 3718 ἕτερον
1769 3637 1959 3720 εὔμορ-

362 3755 458 3813 φον
505 3733 597 3791 καὶ
652 3730 907 3811 νεώτερον
958 3731 1356 3812 ἀπειργάσατο,
1435 3727 1740 3809 χαριτώσας
1804 3727 1957 3788 αὐτὸν

364 3824 420 3882 ἐν
448 3831 641 3882 πᾶσινο
699 3820 835 3879 οὕτω
879 3819 972 3879 καὶ
1018 3824 1046 3880 ὁ
1088 3820 1226 3888 Θεὸς
1280 3822 1427 3897 ἡμᾶς
1472 3818 1650 3890 πάσης
1696 3817 1962 3898 ἀμορφίας

362 3908 815 3994 πεπληρωμένους
860 3910 954 3970 καὶ⁵
1004 3908 1384 3990 ἀσχημοσύνης
1441 3905 1653 3981 λαϐὼν,
1681 3910 1964 3990 χαρίεντας

363 3999 457 4061 καὶ
485 3999 675 4068 καλοὺς
716 3998 1009 4070 ἀπέδειξεν.
1042 4026 1068 4052 α
1122 3997 1480 4078 Ἐπιθυμήσει
1530 4025 1554 4050 ιι
1591 3998 1721 4076 γὰρ,
1762 3997 1961 4078 φησὶν,

364 4118 389 4145 ιι
412 4093 440 4149 ὁ
473 4088 722 4169 βασιλεὺς
746 4094 837 4150 τοῦ
868 4089 1093 4157 κάλλους
1113 4111 1228 4149 σου.
1264 4116 1289 4142 υ
1314 4122 1390 4136 --
1420 4115 1446 4143 οι
1478 4086 1814 4168 Ἐχαρίτωσε
1831 4085 1886 4146 δὲ
1911 4091 1964 4147 ἐν

364 4183 443 4263 τῷ
460 4179 793 4262 ἠγαπημένῳ
836 4204 861 4232 ιι
892 4181 1028 4261 Υἱῷ,
1060 4178 1323 4254 τουτέστι,
1357 4176 1441 4236 διὰ
1475 4182 1567 4237 τοῦ
1589 4175 1962 4258 ἠγαπημένοι).

2051 2043 2181 2109 (hoc
2211 2041 2375 2114 371
2409 2039 2563 2097 enim
2606 2047 2689 2095 est
2731 2038 3181 2111 beneplacitum),
3230 2045 3293 2094 ut
3319 2038 3511 2110 gratia:
3540 2053 3660 2096 sua:

2054 2130 2226 2204 gloria
2272 2129 2566 2187 indicetur.
2617 2133 2707 2185 An
2751 2144 2878 2184 vero
2925 2126 3159 2200 gloriam
3209 2126 3415 2199 expetit
3460 2130 3659 2185 Deus?

2054 2219 2288 2277 Minime
2318 2238 2333 2276 :
2359 2218 2500 2276 nihil
2528 2217 2676 2275 enim
2704 2216 2857 2275 deest
2884 2215 3086 2274 divinae
3104 2225 3357 2274 naturae:
3388 2226 3654 2275 caeterum

2052 2310 2167 2366 vult
2210 2308 2468 2365 celebrari
2513 2307 2916 2381 gloriﬁcarique
2961 2323 2993 2363 a
3036 2306 3224 2372 nobis,
3258 2314 3320 2362 ut
3348 2321 3453 2363 nos
3487 2307 3662 2380 magis

2054 2413 2187 2456 eum
2234 2396 2546 2470 diligamus.
2600 2399 2743 2453 Nam
2780 2395 2875 2469 qui
2922 2394 3227 2452 demiratur
3270 2393 3480 2451 factam
3527 2411 3660 2468 erga

2053 2502 2173 2545 sese
2217 2486 2654 2555 beneﬁcentiam,
2708 2485 2865 2542 dabit
2905 2500 3130 2556 operam
3170 2499 3242 2540 ne
3299 2484 3408 2541 ulla
3452 2484 3663 2541 ratione

2056 2575 2462 2636 benefactorem
2495 2574 2767 2634 offendat.
2800 2578 2872 2632 Et
2897 2574 3113 2647 quoties
3140 2571 3463 2631 recordatur
3486 2573 3654 2643 bona,

2055 2665 2443 2724 vehementiori
2518 2679 2711 2720 amore
2770 2661 3099 2719 accendetur
3163 2676 3292 2735 erga
3367 2677 3498 2717 eum
3561 2661 3662 2734 qui

2059 2756 2229 2814 dedit.
2277 2755 2544 2812 Voluntas
2586 2754 2773 2827 itaque
2828 2750 3157 2824 beneplaciti
3203 2759 3286 2807 est
3332 2750 3664 2807 antecedens

2056 2847 2306 2903 voluntas
2342 2843 2445 2901 Dei
2492 2842 2560 2916 (α)
2619 2860 2635 2900 :
2684 2842 2917 2914 exempli
2960 2839 3131 2915 gratia
3176 2858 3189 2896 :
3237 2839 3427 2897 Prima
3469 2840 3668 2897 volun-

2056 2942 2145 2991 tas
2181 2932 2278 2992 Dei
2326 2940 2430 3002 est,
2490 2929 2639 3003 quod
2692 2945 2860 2986 nemo
2906 2936 3109 3001 pereat.
3160 2926 3413 2985 Secunda
3464 2927 3665 2984 volun-

2058 3032 2141 3081 tas
2181 3031 2287 3088 est,
2338 3030 2403 3077 ut
2456 3019 2607 3094 impii
2649 3027 2896 3092 pereant.
2949 3019 3076 3074 Non
3124 3017 3277 3074 enim
3333 3017 3665 3076 necessitate

2062 3122 2283 3172 coactus
2312 3112 2496 3186 punit,
2527 3109 2624 3169 sed
2654 3109 2860 3168 volens.
2893 3110 3077 3180 Quare
3104 3106 3506 3180 beneplaeitum
3531 3123 3664 3182 prae-

1989 3217 2036 3281 C
2062 3208 2270 3266 cedens
2298 3215 2383 3265 est
2411 3205 2667 3264 voluntas
2693 3202 2820 3261 Dei.

2040 3356 2043 3361 ,
2142 3321 2169 3348 α
2208 3299 2327 3368 Qua
2371 3310 2474 3353 nos
2512 3296 2571 3351 in
2612 3292 2816 3351 dilecto
2855 3291 3130 3366 gratiosos
3168 3289 3428 3350 reddidit.
3469 3314 3494 3341 υ
3540 3294 3670 3350 Νοιι

2067 3389 2226 3460 dixit,
2273 3387 2599 3459 Ἐχαρίσατο,
2644 3385 2700 3442 id
2745 3393 2828 3442 est
2869 3383 3114 3453 donavit,
3152 3383 3249 3441 sed
3304 3381 3667 3456 Ἐχαρίτωσεν,

2068 3481 2130 3539 id
2173 3486 2257 3539 est
2298 3479 2564 3554 gratiosos
2623 3485 2680 3534 et
2732 3475 2994 3533 amabiles
3051 3474 3195 3532 fecit.
3236 3474 3476 3532 Perinde
3515 3492 3580 3533 ac
3620 3477 3669 3534 si

2065 3569 2192 3645 quis
2228 3568 2543 3626 scabiosum
2595 3565 2919 3639 quempiam
2965 3579 3180 3633 senem,
3209 3572 3267 3620 et
3303 3563 3454 3621 fame
3481 3581 3672 3622 corru-

2065 3670 2223 3733 ptum
2275 3675 2340 3716 ac
2384 3656 2690 3716 deformem
2726 3655 3018 3727 accipiens,
3052 3653 3304 3726 protinus
3335 3655 3666 3727 elegantem,

2068 3750 2374 3807 formosum
2403 3751 2458 3804 et
2497 3745 2782 3821 juniorem
2821 3744 3036 3813 reddat,
3066 3742 3362 3800 amabilem
3397 3744 3582 3817 ipsum
3613 3745 3671 3801 in

2069 3839 2323 3896 omnibus
2363 3835 2607 3893 efﬁciens
2664 3854 2678 3890 :
2722 3833 2872 3890 hunc
2911 3833 2980 3891 ad
3038 3832 3269 3889 modum
3314 3833 3483 3889 etiam
3520 3836 3670 3890 Deus

2069 3949 2174 3990 nos
2200 3933 2355 3990 omni
2394 3946 2523 3987 cum
2553 3927 2909 3986 deformitate
2946 3935 3066 3984 tum
3094 3925 3435 3998 turpitudine
3475 3927 3669 3999 plenos

2071 4024 2362 4097 accipiens,
2429 4022 2692 4081 amabiles
2753 4028 2809 4077 et
2867 4019 3149 4078 formosos
3214 4035 3317 4077 nos
3399 4019 3668 4077 exhibuit.

2077 4139 2102 4166 «ι
2147 4114 2510 4189 Concupiscet
2573 4111 2722 4169 enim
2807 4128 2926 4182 rex,
2983 4135 3009 4162 ››
3066 4110 3259 4183 inquit,
3318 4133 3344 4159 σι
3407 4111 3669 4168 decorem

2072 4213 2236 4263 tuum
2266 4218 2318 4261 ο.
2356 4227 2381 4255 ιο
2410 4199 2689 4260 Amabiles
2709 4208 2892 4257 autem
2920 4216 3021 4258 nos
3055 4198 3185 4257 fecit
3221 4199 3280 4257 in
3304 4199 3505 4258 dilecto
3536 4197 3670 4257 Filio

2076 4311 2198 4362 suo,
2228 4293 2336 4349 hoc
2357 4300 2443 4350 est
2469 4306 2565 4364 per
2593 4289 2776 4362 ipsum
2815 4288 3100 4346 dilectum.

448 4404 472 4433 α
509 4375 603 4439 Ἕν
634 4401 678 4457 ῳ
708 4374 900 4456 ἔχομεν
932 4373 1029 4449 τὴν
1074 4375 1441 4457 ἀπολύτρωσιν
1482 4373 1570 4434 διὰ
1607 4377 1698 4435 τοῦ
1740 4370 1953 4452 αἵματος

2151 4386 2329 4442 Vsus.
2372 4387 2426 4437 7.
2471 4399 2500 4434 ‹‹
2539 4382 2603 4437 In
2646 4393 2757 4451 quo
2799 4377 3067 4436 habemus
3102 4378 3540 4452 redemptionem
3578 4395 3677 4451 per

369 4470 565 4542 αὐτοῦ,
620 4465 715 4538 τὴν
770 4465 954 4546 ἄφεσιν
1009 4466 1113 4523 τῶν
1155 4464 1634 4545 παραπτωμάτων.
1672 4488 1697 4518 ιο
1736 4463 1834 4525 Ἐν
1888 4467 1966 4545 τῷ

371 4559 633 4638 ἀγαπητῷ
654 4600 671 4630 ,
695 4555 853 4638 φησὶν
872 4598 889 4628 ,
921 4556 1111 4635 ἔχομεν
1140 4554 1237 4626 τὴν
1261 4553 1544 4635 λύτρωσιν.
1567 4553 1705 4613 Τίνα
1731 4552 1965 4634 ταύτηνς

372 4675 399 4701 ιι
424 4648 542 4720 Τὴν
575 4645 762 4727 ἄφεσιν
788 4647 893 4704 τῶν
924 4644 1406 4724 παραπτωμάτων.
1443 4668 1468 4696 ι
1500 4647 1624 4711 Πῶς
1650 4644 1966 4722 γενομένην;

378 4766 404 4790 α
434 4735 540 4797 Διὰ
566 4741 657 4794 τοῦ
690 4733 936 4812 αἵματος.
965 4755 997 4794 ι)
1027 4736 1202 4795 Τοῦτο
1225 4734 1327 4816 γὰρ
1343 4732 1863 4814 τὸφρικωδέστατον,
1887 4734 1968 4793 ὅτι

373 4824 577 4907 σφάξας
630 4825 787 4884 αὐτὸν
832 4823 920 4884 τὸν
982 4823 1371 4903 ἀγαπώμενον,
1429 4820 1769 4904 ἐλυτρώσατο
1823 4826 1970 4907 ἡμᾶς

372 4914 496 4984 τοὺς
549 4912 932 4994 μισουμένους,
983 4912 1144 4992 τιμὴν
1198 4913 1290 4972 καὶ
1324 4914 1514 4993 λύτρον
1562 4903 1680 4980 δοὺς
1711 4910 1772 4971 τὸ
1832 4903 1969 4991 αἷμα

374 5011 468 5066 τοῦ
510 5006 815 5086 ἀγαπητοῦ.
840 5000 997 5084 ,Ὅρα
1028 5004 1084 5063 δὲ
1106 5048 1124 5081 ,
1161 5003 1243 5064 ὅτι
1271 5007 1478 5074 καὶτῆς
1508 5001 1767 5070 υἱοθεσίας
1813 5008 1970 5062 τοῦτο

378 5098 582 5175 μεῖζον,
624 5094 760 5171 μηδὲ
792 5093 838 5128 ⁴¹
872 5098 964 5153 τοῦ
1017 5094 1149 5154 Υἱοῦ
1196 5093 1477 5174 φείσασθαι
1519 5093 1585 5150 δι’
1612 5097 1779 5170 ἡμᾶς.
1813 5091 1970 5153 Μετὰ

375 5183 480 5266 γὰρ
521 5183 582 5244 τὸ
612 5183 777 5244 εἰπεῖν
824 5181 948 5264 περὶ
990 5181 1223 5256 ἐκείνης,
1279 5183 1422 5263 λέγει
1461 5186 1652 5259 τοῦτο,
1705 5181 1812 5242 ἀπὸ
1864 5185 1970 5243 τῶν

379 5273 704 5357 μικροτέρων
724 5272 813 5335 ἐπὶ
836 5273 904 5332 τὰ
930 5273 1092 5353 μείζω
1121 5271 1304 5335 ἀνιών.

457 5430 481 5451 υ
505 5418 648 5476 Psal.
682 5433 853 5489 XLIV,
898 5423 985 5474 12.

2075 4474 2403 4546 sanguinem
2438 4470 2629 4544 ipsius,
2675 4468 3064 4526 remissionem
3105 4478 3483 4541 peccatorum.
3541 4492 3564 4519 ι
3612 4473 3681 4527 In

2074 4564 2300 4633 dilecto,
2346 4560 2545 4634 inquit,
2594 4558 2863 4617 habemus
2906 4558 3360 4631 redemptionem.
3409 4558 3679 4628 Qualem?

2073 4652 2483 4710 Remissionem
2524 4649 2876 4707 delictorum.
2933 4647 3232 4718 Quomodo
3287 4646 3531 4703 factam?
3577 4650 3682 4720 Per

2077 4746 2422 4820 sanguinem.
2450 4747 2571 4801 Hoc
2595 4743 2744 4800 enim
2759 4752 2841 4800 est
2859 4742 3101 4799 maxime
3122 4740 3502 4809 tremendum,
3528 4742 3680 4814 quod

2076 4851 2224 4894 caeso
2253 4834 2453 4892 dilecto
2483 4833 2621 4892 Filio
2647 4849 2749 4891 suo
2788 4848 2890 4890 nos
2920 4831 3207 4903 liberavit,
3244 4830 3342 4903 qui
3364 4829 3522 4888 invisi
3556 4846 3679 4889 era-

2078 4941 2226 4996 mus,
2272 4925 2511 4998 pretium
2544 4921 2945 4998 redemptionis
2987 4920 3128 4979 dans
3168 4921 3501 4995 sanguinem
3539 4919 3683 4978 dile-

2079 5016 2174 5072 cti.
2226 5013 2491 5088 Expende
2545 5023 2734 5072 autem
2778 5010 2927 5087 quod
2988 5011 3063 5069 sit
3092 5011 3274 5085 majus
3310 5011 3550 5068 ﬁliorum
3594 5009 3687 5067 ad-

2081 5103 2324 5178 optione,
2359 5103 2511 5177 quod
2538 5104 2678 5162 Filio
2708 5118 2809 5160 suo
2840 5117 2950 5158 non
2979 5099 3281 5175 pepercerit
3308 5109 3535 5174 propter
3556 5116 3678 5158 nos.

2080 5197 2220 5252 Cum
2246 5195 2395 5252 enim
2425 5193 2589 5251 verba
2614 5192 2683 5251 de
2706 5192 2800 5249 illa
2832 5190 3069 5261 fecisset,
3101 5188 3249 5247 istud
3285 5189 3436 5262 dicit,
3475 5188 3547 5248 de
3576 5189 3684 5247 mi-

2083 5284 2311 5343 noribus
2338 5284 2408 5343 ad
2432 5283 2644 5358 majora
2661 5280 2981 5342 ascendens.

1775 5505 1955 5569 Variae
2000 5511 2294 5573 lectiones.

455 5608 501 5644 se
520 5610 616 5682 γάρ
639 5624 697 5666 ο,
770 5606 816 5641 ιο
840 5606 890 5662 ἐν
918 5603 951 5681 ᾗ
980 5606 1279 5679 ἐχαρίτωσεν
1318 5623 1389 5663 m.
1466 5602 1505 5640 "‘
1537 5608 1596 5662 τὸ
1624 5606 1677 5660 δὲ
1701 5604 1769 5679 μὴ
1799 5624 1858 5667 0.

458 5713 530 5777 (α)
560 5706 768 5766 Recole
795 5706 888 5764 hic
918 5722 1042 5780 qua:
1069 5723 1101 5764 a
1139 5706 1538 5780 Chrysostomo
1579 5706 1787 5780 scrpita
1830 5716 1992 5779 sunt;

2101 5697 2301 5786 quibus
2359 5719 2510 5797 recta
2575 5708 2841 5783 plenaque
2889 5705 3159 5767 sententia
3215 5707 3453 5768 omnino
3489 5709 3697 5797 percipi

384 5814 525 5857 nam
550 5795 836 5857 brevitatis
878 5812 1045 5856 causa
1071 5795 1238 5855 etiam
1274 5796 1452 5855 multa
1486 5795 1693 5855 omissa
1720 5804 1850 5855 sunt
1875 5796 1996 5854 sine
2099 5807 2215 5851 non
2244 5800 2445 5868 potest.
2475 5792 2753 5850 Lamus
2792 5805 3109 5849 Lumms.
