4124 6444
437 484 574 539 1039

435 695 565 752 fecit
581 710 710 768 erga
739 709 859 750 nos.
899 715 924 742 ι
964 694 1085 748 Hoc
1112 690 1258 758 fecit,
1291 690 1490 762 inquit,
1523 689 1581 744 in
1606 688 1807 745 divitiis
1839 689 2034 761 gratiae

435 786 629 858 ipsius.
681 784 816 842 Vide
855 791 1039 839 autem
1091 782 1179 837 hic
1228 780 1574 853 hyperbolas.
1624 779 1841 834 Divitim
1868 778 2030 834 nobis

433 874 578 932 datm
615 881 766 942 sunt,
812 889 875 929 ac
922 871 1122 928 divitia:
1172 870 1299 937 Dei,
1352 878 1408 925 et
1450 869 1635 941 gratim
1675 868 1900 926 divitiae.
1980 877 2036 924 et

436 980 552 1021 non
574 962 894 1036 simpliciter
920 961 1131 1035 gratiae,
1157 958 1252 1017 sed
1283 974 1390 1032 qua
1417 959 1733 1015 exuberavit
1761 973 1885 1031 erga
1904 973 2030 1027 nos,

435 1051 542 1109 hoc
571 1061 656 1109 est
677 1051 890 1109 affatim
926 1050 1143 1108 effudit.

505 1144 688 1199 Vens.
732 1146 788 1199 8.
839 1164 864 1191 α
902 1144 967 1197 In
1020 1140 1172 1197 omni
1218 1137 1476 1212 sapientia
1522 1144 1577 1194 et
1618 1136 1924 1211 prudentia,
1972 1143 2036 1193 ut

434 1239 629 1288 notum
652 1230 855 1288 faceret
878 1229 1040 1287 nobis
1068 1237 1475 1286 sacramentum
1510 1228 1806 1285 voluntatis
1833 1242 1969 1285 sum.
2006 1250 2031 1274 ι

436 1323 558 1378 Hoc
583 1328 690 1391 est,
720 1320 952 1394 gratiam
994 1335 1152 1376 suam
1191 1316 1387 1376 effudit
1429 1318 1483 1374 in
1507 1333 1634 1385 nos,
1677 1326 1740 1375 ut
1764 1317 2037 1390 sapientes

437 1418 495 1466 et
535 1409 831 1481 prudentes
866 1408 1088 1479 faciens,
1136 1408 1455 1466 manifestet
1503 1409 1665 1465 nobis
1713 1408 2036 1479 mysterium

438 1499 747 1556 voluntatis.
793 1497 1025 1557 Perinde
1070 1515 1135 1556 ac
1205 1499 1250 1556 si
1302 1499 1530 1568 diceret,
1596 1501 1809 1555 Arcana
1854 1497 2038 1555 cordis

439 1588 521 1644 sui
563 1589 723 1645 nobis
772 1588 990 1662 cognita
1034 1587 1183 1645 fecit.
1218 1588 1316 1645 Vel
1357 1588 1427 1645 ad
1459 1588 1606 1645 hunc
1648 1588 1923 1645 modum:
1956 1591 2040 1646 Ut

441 1676 813 1735 manifestaret
857 1678 1015 1735 nobis
1070 1678 1415 1752 mysterium,
1467 1676 1616 1751 quod
1656 1685 1742 1735 est
1786 1677 1844 1733 in
1885 1677 2037 1733 omni

438 1768 705 1838 sapientia
768 1776 825 1824 et
879 1766 1200 1840 prudentia,
1248 1767 1357 1824 hoc
1402 1775 1504 1836 est,
1550 1766 1701 1841 quod
1749 1767 1900 1823 omni
1953 1782 2040 1823 sa-

441 1856 641 1928 pientia
669 1865 725 1912 et
749 1856 1034 1929 prudentia
1062 1855 1331 1914 refertum
1365 1864 1466 1913 est.
1498 1855 1660 1926 Quod
1691 1856 1837 1912 enim
1860 1856 2038 1912 inimi-

1452 472 1965 531 THEOPHYLACTI
2006 472 2363 529 BULGARUE
2402 472 2717 531 ARCHIEP.

505 629 533 656 α
558 603 873 663 Secundum
899 602 1112 660 divitias
1143 600 1332 675 gratim
1359 599 1507 672 ejusf,
1539 615 1704 672 quam
1729 599 2027 656 exuberare
2058 602 2112 666 Α

3607 475 3741 530 1040

2221 627 2245 652 ι
2280 599 2434 661 Κατᾶ
2477 599 2567 660 τὸν
2598 602 2824 661 πλοῦτον
2852 602 2946 671 τῆς
2987 599 3207 680 χάριτος
3268 600 3426 658 αὑτοῦ
3449 647 3462 670 ,
3501 590 3567 672 ἧς
3619 602 3745 659 έπε-

2142 687 2412 771 ρίσσευσεν
2460 691 2532 758 εἰς
2566 694 2730 761 ἡμᾶς.
2766 717 2790 743 ι
2832 689 3008 748 Τοῦτο
3055 689 3109 747 δὲ
3161 688 3409 759 ἐποίησε,
3446 688 3636 770 φησὶν,
3688 690 3741 745 iv

2141 780 2217 858 τῷ
2241 777 2457 859 πλούτῳ
2506 783 2601 851 τῆς
2640 778 2861 859 χάριτος
2911 779 3094 836 αὐτοῦ.
3144 775 3293 855 "Ope:
3344 777 3397 834 δὲ
3438 777 3533 845 τὰς
3582 779 3743 856 ὓπερ-

2143 867 2338 935 6ολοίς⁸
2379 870 2617 935 Πλοῦτος
2668 873 2797 943 ἡμῖν
2827 866 3013 940 ἐδόθη,
3053 866 3146 926 καὶ
3186 868 3410 932 πλοῦτος
3457 868 3628 939 Θεοῦ,
3651 865 3743 923 καὶ

2141 956 2358 1037 χάριτος
2370 958 2610 1024 πλοῦτος.
2632 956 2740 1017 Καὶ
2767 960 2867 1038 οὐχ
2886 956 3067 1023 ἁπλῶς
3083 954 3320 1037 Χάριτος
3339 954 3410 1031 ⁴²,
3435 956 3615 1029 ἀλλ’,ε
3636 945 3745 1022 ’Ἧς

2144 1045 2590 1124 ἐπερίσσευσενεῖς
2634 1052 2778 1121 ἡμᾶς
2797 1091 2812 1118 ,
2854 1073 2878 1096 ιι
2902 1044 3172 1104 τουτέστιν
3193 1089 3210 1120 ,
3244 1044 3481 1125 ἀφθόνως
3511 1043 3741 1124 ἐξέχεεν.

2224 1163 2249 1188 ι
2283 1134 2381 1195 Ἰἰν
2425 1135 2574 1215 πάσῃ
2628 1136 2785 1217 σοφία
2837 1134 2929 1194 καὶ
2986 1133 3272 1215 φρονήσει,
3302 1133 3560 1215 γνωρίσαι
3609 1135 3742 1211 ἡμῖν

2143 1224 2203 1283 τὸ
2233 1224 2520 1304 μυστήριον
2573 1230 2663 1283 τοῦ
2699 1225 2994 1301 θελήματος
3042 1226 3227 1283 αὑτοῦ.
3261 1251 3287 1276 ιι
3314 1224 3609 1298 Τουτέστι,
3642 1221 3745 1295 τὴν

2142 1314 2302 1396 χάριν
2350 1314 2551 1394 ἐξέχεεν
2601 1317 2671 1381 εἷς
2705 1319 2878 1392 ἡμᾶς,
2927 1312 3065 1373 ὥστε
3106 1312 3296 1394 σοφοὺς
3338 1313 3430 1372 καὶ
3459 1314 3745 1394 φρονίμους

2144 1403 2394 1480 ποιήσας,
2409 1432 2435 1457 ιι
2450 1403 2705 1483 γνωρίσαι
2725 1408 2853 1480 ἡμῖν
2867 1402 2925 1462 τὸ
2946 1402 3238 1482 μυστήριον
3260 1407 3351 1462 τοῦ
3376 1404 3673 1479 θελήματος
3687 1427 3698 1440 ’
3719 1431 3743 1454 ιι

2146 1491 2327 1573 ὥσπερ
2356 1494 2418 1552 ἂν
2452 1496 2498 1551 εἰ
2549 1494 2725 1573 ἔλεγε·
2757 1492 2846 1554 Τὰ
2888 1494 2940 1551 iv
3118 1491 3313 1574 καρδία
3366 1493 3527 1552 αὐτοῦ
3571 1490 3740 1571 ἐγνώ-

2150 1606 2289 1662 ρισεν
2320 1584 2474 1660 ἡμῖν.
2504 1578 2583 1642 ’Ἢ
2616 1581 2707 1642 καὶ
2728 1583 2864 1641 οὕτω
2885 1605 2897 1618 ·
2932 1603 2962 1641 α
2984 1580 3252 1663 Γνωρίσαι
3281 1584 3413 1659 ἡμῖν
3441 1582 3501 1641 τὸ
3532 1582 3740 1653 μυστή-

2151 1695 2281 1751 ριον,
2310 1694 2338 1729 ιι
2373 1670 2432 1730 τὸ
2462 1699 2485 1723 ι
2517 1673 2570 1730 iv
2593 1671 2742 1751 πάσῃ
2766 1671 3014 1754 φρονήσει
3040 1670 3130 1731 καὶ
3147 1670 3332 1753 σοφία,
3363 1698 3388 1723 ιι
3406 1672 3665 1745 τουτέστι,
3686 1670 3748 1730 τὸ

2148 1761 2324 1833 πάσης
2368 1760 2555 1843 σοφίας
2597 1760 2761 1839 γέμον
2820 1761 2912 1820 καὶ
2963 1760 3284 1844 φρονήσεως.
3336 1760 3419 1821 Τὸ
3466 1760 3570 1841 γὰρ
3624 1758 3747 1829 τοὺς

2144 1850 2363 1930 ἐχθροὺς
2425 1849 2545 1918 τοὺς
2612 1850 3036 1931 ἀπεῤῥιμμένους
3103 1850 3428 1924 τηλικούτων
3491 1848 3747 1924 ἀξιῶσαι,

440 1961 536 2001 cos
557 1946 798 2018 abjectos
822 1954 908 2003 tot
933 1946 1210 2020 tantisque
1237 1946 1400 2003 bonis
1447 1946 1616 2018 372
1658 1945 1915 2019 dignatus
1933 1955 2036 2014 est,

2148 1939 2239 1999 καὶ
2264 1945 2432 1999 ταῦτα
2464 1942 2517 1999 ἐν
2570 1943 2647 2020 τῷ
2690 1941 2830 1999 τέλει
2878 1942 2983 1999 τῶν
3030 1945 3229 2021 καιρῶν
3253 1983 3270 2014 ,
3316 1939 3407 2000 καὶ
3455 1945 3624 2000 ταῦτα
3657 1938 3747 1999 διὰ

440 2034 603 2106 idque
630 2035 683 2091 in
707 2034 818 2091 ﬁne
844 2043 1184 2109 temporum,
1214 2044 1378 2109 atque
1406 2050 1505 2109 per
1528 2050 1771 2104 crucem,
1803 2035 1896 2108 qui
1929 2050 2043 2091 non

443 2140 655 2197 magna:
680 2125 958 2198 sapientiae
989 2125 1252 2198 plenum?

516 2218 699 2271 Vnus.
734 2221 789 2270 9.
826 2238 852 2263 α
877 2217 1042 2271 Juxta
1082 2213 1485 2288 beneplacitum
1522 2229 1710 2285 suum,
1738 2214 1887 2289 quod
1916 2230 2042 2289 pro-

444 2306 627 2375 posuit
668 2305 722 2360 in
749 2306 890 2376 ipso.
946 2327 973 2355 υ
1013 2305 1165 2361 Fecit
1210 2314 1392 2363 autem
1427 2304 1528 2363 hoc
1567 2305 2041 2378 quemadmodum

444 2394 632 2461 voluit,
673 2409 736 2449 ac
778 2394 937 2451 sicuti
979 2396 1264 2468 proposuit
1290 2404 1345 2452 et
1375 2394 1785 2468 praedestinavit
1810 2397 1867 2451 in
1897 2395 2039 2470 ipso,

442 2484 660 2541 Christo
682 2482 947 2542 videlicet.

506 2577 688 2633 Vnus.
725 2580 811 2632 10.
842 2598 868 2625 α
900 2574 987 2633 Ad
1018 2573 1481 2648 dispensationem
1516 2575 1864 2650 plenitudinis
1896 2583 2041 2634 tem-

443 2680 660 2737 porum.
713 2688 739 2714 ο
791 2668 861 2721 Et
906 2665 1311 2738 beneplacitum
1377 2667 1520 2735 hoc,
1586 2674 1640 2724 et
1692 2667 2042 2724 voluntatem

444 2755 748 2826 proposuit,
793 2763 849 2812 et
893 2755 1301 2827 praedestinavit
1359 2756 1427 2813 ad
1478 2756 1941 2830 dispensationem
1986 2764 2044 2814 et

442 2843 897 2917 gubernationem
939 2853 997 2901 et
1035 2845 1479 2902 constitutionem
1523 2847 1874 2918 plenitudinis
1895 2856 2043 2904 tem-

444 2950 656 3006 porum.
676 2934 963 2991 Plenitudo
982 2935 1135 2991 enim
1154 2943 1493 3008 temporum,
1518 2935 1623 2992 hoc
1647 2944 1730 2992 est
1750 2936 2042 2994 novissima

442 3033 711 3096 tempora,
731 3039 952 3096 poenam
974 3024 1323 3096 postulabant
1337 3032 1392 3080 et
1405 3025 1758 3097 supplicium,
1778 3034 2042 3098 tanquam

440 3113 666 3187 impleta
703 3115 762 3170 in
790 3114 920 3187 ipsis
948 3113 1154 3171 malitia
1170 3113 1512 3171 mortalium.
1541 3114 1826 3173 Adventus
1854 3124 2038 3173 autem

440 3203 559 3259 Filii
604 3204 785 3277 potius
829 3204 1064 3260 salutem
1109 3203 1167 3259 in
1213 3202 1297 3259 his
1332 3203 1651 3261 novissimis
1695 3207 2041 3279 temporibus

2147 2033 2239 2089 τοῦ
2264 2033 2514 2110 σταυροῦ,
2546 2033 2658 2097 πῶς
2685 2031 2743 2089 οὗ
2775 2029 3011 2110 μεγάλης
3038 2029 3259 2112 σοφίαςς

2230 2242 2253 2268 α
2309 2214 2466 2278 Κατὰ
2540 2214 2635 2288 τὴν
2694 2215 2931 2277 εὐδοκίαν
3002 2219 3199 2295 αὑτοῦ,
3261 2215 3329 2289 ἣν
3383 2213 3633 2297 προέθετο
3692 2215 3749 2274 ἐν

2149 2307 2314 2389 αὐτῷ.
2350 2332 2375 2359 ιι
2406 2303 2665 2379 Ἐποίησε
2706 2304 2761 2366 δὲ
2790 2312 2944 2366 τοῦτο
2987 2306 3163 2376 καθὼς
3207 2304 3363 2378 ἢθελε
3380 2307 3456 2381 ⁸³,
3518 2306 3610 2365 καὶ
3639 2328 3743 2365 κα-

2148 2395 2251 2465 θὼς
2282 2423 2305 2449 α
2336 2396 2587 2477 προέθετο
2616 2426 2638 2451 ιο
2667 2396 2759 2456 καὶ
2784 2396 3077 2481 προώρισεν
3102 2426 3126 2450 α
3153 2399 3205 2456 ἐν
3228 2397 3371 2477 αὐτῷ
3390 2441 3409 2474 ,
3448 2423 3471 2450 α
3501 2400 3578 2477 τῷ
3608 2397 3747 2476 Χρι-

2150 2488 2259 2566 στῷ
2285 2486 2513 2559 δηλαδή.

2235 2603 2262 2628 κ
2303 2577 2399 2644 Εἷς
2437 2576 2738 2656 οἰκονομίαν
2769 2580 2860 2635 τοῦ
2916 2574 3274 2659 πληρώματος
3316 2577 3421 2636 τῶν
3470 2576 3690 2656 καιρῶν.
3722 2601 3745 2627 ι

2151 2665 2260 2727 Καὶ
2285 2691 2307 2719 α
2329 2664 2425 2738 τὴν
2456 2667 2698 2726 εὐδοκίαν
2748 2694 2771 2719 ι
2803 2666 3003 2738 ταύτην
3045 2666 3136 2725 καὶ
3164 2664 3260 2737 τὴν
3300 2663 3514 2738 θέλησιν
3548 2692 3572 2718 α
3608 2686 3746 2746 προσ

2151 2757 2297 2815 έθετο
2320 2782 2345 2809 v
2370 2756 2460 2816 καὶ
2507 2756 2802 2838 προώρισεν
2851 2783 2874 2807 ιι
2914 2757 2985 2823 εἷς
3014 2753 3345 2832 οἰκονομίαν,
3374 2780 3397 2807 ι
3419 2753 3511 2813 καὶ
3541 2753 3747 2826 διοίκη-

2150 2867 2260 2918 σιν,
2291 2846 2381 2905 καὶ
2413 2845 2741 2906 κατάστασιν
2776 2869 2803 2903 ι(
2832 2849 2923 2905 τοῦ
2954 2844 3313 2926 πληρώματος
3333 2847 3437 2903 τῶν
3470 2845 3689 2924 καιρῶν,
3723 2869 3750 2896 ι

2149 2934 2230 2995 Τὸ
2262 2934 2365 3015 γὰρ
2395 2934 2665 3014 πλήρωμα
2694 2938 2799 2994 τῶν
2833 2937 3065 3015 καιρῶν,
3098 2933 3240 2993 τοῦτ’
3266 2934 3407 2993 ἔστιν
3441 2935 3490 2992 οἱ
3525 2931 3745 3014 ἔσχατοι

2149 3024 2359 3102 χρόνοι,
2395 3023 2613 3084 κόλασιν
2648 3025 2887 3104 ἀπῄτουν
2933 3023 3024 3083 καὶ
3058 3023 3351 3103 τιμωρίαν,
3396 3024 3466 3090 ὥς
3507 3023 3746 3095 πληθυν-

2147 3111 2323 3184 θείσης
2363 3113 2415 3170 ἐν
2469 3114 2645 3180 αὐτοῖς
2688 3118 2785 3185 τῆς
2832 3112 3021 3180 κακίας
3074 3116 3179 3171 τῶν
3214 3112 3522 3192 ἀνθρώπων.
3572 3109 3641 3171 Ἡ
3691 3112 3750 3169 δὲ

2148 3202 2415 3283 παρουσία
2487 3206 2582 3261 τοῦ
2640 3203 2772 3263 Υἱοῦ
2839 3204 3042 3283 μᾶλλον
3102 3200 3370 3281 σωτηρίαν
3427 3202 3481 3259 ἐν
3546 3200 3750 3269 τούτοις

440 3292 743 3363 distribuit;
794 3291 941 3366 quod
982 3300 1068 3349 est
1113 3292 1687 3366 incomprehensibilis
1737 3294 2037 3369 sapientiae.

2154 3279 2259 3359 τοῖς
2309 3289 2554 3371 ἐσχάτοις
2599 3295 2799 3373 καιροῖς
2833 3279 3204 3373 ᾦκονόμησεν’
3242 3279 3375 3373 ὅπερ
3415 3290 3529 3349 ἐστὶ
3562 3288 3749 3371 σοφίας

515 3480 541 3505 ιι
585 3457 665 3514 Ut
688 3463 1154 3514 consummentur
1185 3455 1371 3512 omnia
1393 3455 1447 3511 in
1484 3455 1729 3526 Christo,
1760 3472 1884 3529 quae
1912 3468 2041 3517 sunt

438 3548 493 3605 in
531 3548 705 3616 caelis,
734 3555 791 3603 et
831 3561 957 3619 qua:
999 3561 1165 3618 super
1212 3554 1422 3603 terram
1463 3545 1519 3602 in
1563 3547 1703 3619 ipso.
1735 3571 1760 3595 ιι
1789 3548 2039 3607 Dissecta

438 3648 590 3693 erant
630 3637 870 3694 coelestia
910 3652 941 3692 a
986 3636 1363 3705 terrestribus,
1410 3652 1515 3693 nec
1557 3636 1832 3695 habebant
1873 3648 2038 3711 caput

437 3744 632 3783 unum.
670 3727 788 3784 Etsi
831 3727 979 3783 enim
1024 3726 1181 3799 juxta
1228 3726 1521 3783 creationis
1569 3728 1836 3785 rationem
1893 3744 2036 3785 unus

436 3827 553 3874 erat
594 3821 743 3874 Deus
772 3816 1055 3885 omnibus,
1085 3815 1389 3873 secundum
1414 3825 1601 3873 tamen
1622 3817 1889 3874 rationem
1921 3818 2036 3874 vin-

434 3906 721 3963 (licationis
750 3915 807 3963 et
835 3906 1124 3979 peculiaris
1161 3904 1453 3977 cujusdam
1490 3904 1901 3976 familiaritatis,
1923 3923 2037 3964 non

434 3998 585 4053 item.
628 3996 922 4068 Proposuit
960 3995 1144 4066 itaque
1177 3997 1341 4050 Pater
1368 4010 1755 4052 consummare
1795 3996 2038 4053 coelestia

432 4092 596 4157 atque
646 4084 946 4147 terrestria,
1007 4082 1112 4138 hoc
1171 4090 1274 4147 est,
1314 4099 1485 4139 unum
1536 4094 1703 4155 caput
1753 4085 2039 4157 imponere

433 4173 694 4228 omnibus
752 4173 1039 4228 Christum
1089 4190 1103 4226 :
1177 4171 1380 4243 angelis
1445 4171 1669 4243 quidem
1732 4174 2037 4230 secundum

436 4260 822 4331 incorpoream
857 4268 1148 4328 naturam;
1192 4259 1510 4317 hominibus
1554 4277 1683 4317 vero
1730 4262 2036 4319 secundum

434 4365 682 4406 carnem.
746 4348 964 4404 Dicitur
1016 4348 1182 4404 etiam
1240 4351 1715 4421 anacephalmosis,
1762 4353 2038 4409 succincte

435 4447 490 4495 et
537 4437 859 4493 summatim
908 4437 1093 4493 dicere
1135 4452 1259 4509 qua:
1308 4439 1571 4509 prolixius
1611 4449 1729 4496 acta
1777 4448 1925 4496 sunt.
1972 4443 2037 4496 In

435 4526 657 4584 Christo
700 4526 867 4600 igitur
917 4527 1295 4598 recapitulavit
1339 4528 1516 4595 Pater,
1545 4527 1653 4584 hoc
1694 4537 1798 4598 est,
1835 4529 2035 4586 abbre-

2152 3382 2519 3454 ἀνεπινοήτου.

2233 3498 2254 3525 α
2287 3471 2887 3551 Ἄνακεφαλαιώσασθαι
2910 3469 2977 3530 τὰ
3007 3470 3181 3531 πάντα
3205 3469 3273 3531 τὰ
3304 3473 3355 3531 iv
3382 3473 3457 3551 τῷ
3489 3471 3743 3551 Χριστῷ,

2146 3558 2214 3618 τὰ
2245 3564 2294 3622 ἔν
2328 3562 2433 3628 τοῖς
2479 3560 2849 3640 οὖρανοῖς,καὶ
2890 3559 2958 3620 τὰ
2995 3563 3082 3621 ἐπὶ
3131 3566 3222 3633 τῆς
3260 3565 3357 3639 γῆς
3391 3560 3444 3619 ἐν
3492 3563 3659 3640 αὐτῷ.
3721 3588 3746 3612 ιι

2146 3652 2498 3731 ’Δπέσχιστο,
2528 3651 2655 3731 φησὶ
2674 3697 2691 3729 ,
2745 3649 2813 3709 τὰ
2859 3652 3143 3726 ἐπουράνια
3198 3654 3302 3710 τῶν
3332 3649 3576 3724 ἐπιγείων
3600 3696 3615 3722 ,
3645 3651 3746 3709 οὐκ

2144 3730 2256 3820 εἶχε
2304 3739 2431 3817 μίαν
2478 3730 2731 3821 κεφαλήν.
2788 3743 2855 3800 Εἰ
2881 3740 2981 3821 γὰρ
3012 3740 3102 3798 καὶ
3161 3739 3301 3798 κατὰ
3352 3740 3441 3797 τὸν
3488 3743 3584 3811 τῆς
3642 3740 3744 3810 δη-

2144 3830 2421 3908 μιουργίας
2473 3829 2627 3908 λόγον
2679 3820 2752 3897 εἷς
2798 3831 2936 3896 Θεὸς
2960 3820 3030 3901 θήν
3088 3839 3285 3902 πᾶσιν,
3322 3825 3459 3908 ἀλλὰ
3488 3852 3549 3905 γε
3606 3827 3747 3886 κατὰ

2141 3919 2232 3977 τὸν
2253 3922 2345 3989 τῆς
2399 3917 2745 3992 οἷκειώσεως,
2794 3919 2989 3979 οὐκέτι.
3050 3918 3316 3997 Προέθετο
3363 3907 3505 3977 οῦνὸ
3547 3914 3744 3995 Πατὴρ

2144 4006 2718 4087 ἀνακεφαλαιώσασθαι
2788 4008 2851 4066 τὰ
2906 4007 3122 4088 οὐράνια
3191 4006 3283 4067 καὶ
3360 4005 3428 4064 τὰ
3496 4005 3740 4085 ἐπίγεια,

2144 4097 2384 4155 τουτέστι
2405 4140 2421 4168 ,
2456 4095 2581 4172 μίαν
2620 4097 2857 4179 κεφαλὴν
2906 4100 3162 4156 ἐπιθεῖναι
3197 4106 3330 4156 πᾶσι
3357 4094 3447 4155 τὸν
3478 4093 3709 4176 Χριστόν
3729 4120 3744 4133 ·

2144 4188 2250 4252 τοῖς
2295 4185 2389 4262 μὲν
2423 4185 2693 4264 ἀγγέλοις,
2749 4186 2889 4246 κατὰ
2939 4189 3038 4259 τὴν
3088 4185 3373 4262 ἀσώματον
3405 4184 3558 4266 φύσιν
3587 4203 3600 4217 ⁸
3636 4194 3749 4253 τοῖς

2145 4273 2199 4332 δὲ
2255 4275 2585 4353 ἀνθρώποις,
2638 4274 2780 4334 κατὰ
2812 4275 2907 4346 τὴν
2943 4276 3139 4355 σάρκα.
3191 4274 3420 4353 Λέγεται
3467 4276 3745 4354 ἀνακεφα-

2146 4362 2362 4431 λαίωσις
2396 4363 2487 4423 καὶ
2518 4364 2578 4423 τὸ
2622 4365 2894 4443 συντόμως
2952 4368 3118 4424 εἰπεῖν
3165 4364 3231 4422 τὰ
3264 4365 3349 4424 διὰ
3402 4385 3618 4443 μακρων
3660 4385 3745 4439 γι-

2143 4453 2361 4532 νόμενα.
2393 4453 2487 4515 Ἐν
2522 4445 2612 4513 οὖν
2661 4458 2736 4534 τῷ
2765 4459 2992 4534 Χριστῷ
3024 4452 3525 4533 ἀνεκεφαλαιώσατο
3564 4455 3591 4510 ὁ
3622 4454 3745 4512 Πα-

2141 4542 2263 4623 τὴρ,
2312 4544 2591 4622 τουτέστι,
2644 4543 2901 4623 συνέτεμε
2945 4543 3013 4603 τὰ
3046 4543 3132 4603 διὰ
3179 4547 3386 4622 μακροῦ
3432 4542 3623 4622 χρόνου
3658 4541 3746 4601 οἰ·-

435 4617 601 4673 viavit
634 4632 757 4690 qua:
791 4615 955 4689 longo
984 4624 1231 4689 tempore
1267 4615 1573 4689 dispensata
1601 4626 1779 4689 erant,
1800 4618 2028 4676 verbum

2198 4603 2226 4623 η
2247 4603 2261 4617 ,
2577 4603 2591 4622 ,
2835 4603 2845 4623 ,
3179 4603 3190 4621 .
3298 4603 3308 4622 ,
3432 4603 3486 4622 η.

2144 4634 2541 4712 κονομούμενα,
2602 4633 2757 4710 λόγον
2832 4636 3095 4694 συντελῶν
3167 4633 3259 4692 καὶ
3323 4631 3626 4708 συντέμνων
3686 4632 3745 4690 ἐν

434 4706 713 4778 injustitia
734 4705 1062 4779 perficiendo
1102 4715 1160 4763 et
1185 4706 1567 4764 abbreviando.

504 4796 682 4852 Vsus.
726 4803 818 4853 ιι.
891 4819 916 4845 ι
965 4799 1028 4851 In
1063 4811 1173 4868 quo
1210 4804 1266 4852 et
1299 4811 1402 4853 nos
1428 4787 1578 4853 sorte
1608 4797 1783 4855 vocati
1815 4815 2028 4872 sumus,

431 4884 803 4958 prmdestinati
853 4884 1159 4941 secundum
1199 4887 1545 4958 pr0positum
1585 4886 1701 4960 ejus
1729 4889 1819 4962 qui
1848 4892 2033 4949 omnia

430 4987 688 5051 operatur
757 4977 1059 5035 secundum
1130 4980 1419 5037 consilium
1479 4980 1773 5039 voluntatis
1826 4999 1958 5041 suae.
2002 5007 2028 5035 ιο

430 5068 581 5123 Dixit
620 5084 782 5141 supra
824 5068 972 5141 quod
1012 5091 1033 5118 α
1085 5070 1346 5141 Elegcz'it;
1398 5094 1422 5119 ››
1463 5088 1611 5127 nunc
1651 5089 1840 5129 rursus
1881 5076 2028 5145 quod

430 5172 528 5229 per
562 5167 769 5215 sortem
806 5181 831 5207 ‹‹
861 5161 1018 5216 acciti
1044 5160 1220 5217 simus
1250 5161 1304 5215 in
1336 5160 1573 5229 Christo,
1606 5186 1631 5211 η
1665 5162 1768 5219 hoc
1799 5172 1901 5230 est,
1934 5182 2030 5237 per

428 5246 729 5306 Christum.
775 5251 917 5321 Quia
961 5267 1089 5307 vero
1119 5267 1238 5307 sors
1270 5250 1504 5309 fortuna:
1542 5269 1681 5326 opus
1707 5263 1811 5322 est,
1843 5264 1895 5311 et
1917 5273 2029 5314 non

428 5341 666 5412 virtutis,
722 5359 903 5415 neque
971 5345 1289 5415 voluntatis,
1354 5348 1580 5420 corrigit
1644 5346 1752 5405 hoc
1821 5350 2025 5423 ipsum,

425 5430 681 5505 inquiens
713 5454 726 5490 :
763 5458 787 5484 α
821 5434 1202 5492 Prmdestinati
1240 5435 1398 5508 juxta
1439 5439 1780 5511 propositum
1822 5441 1944 5498 Dei.
1997 5466 2024 5493 ι

426 5523 553 5578 Non
592 5521 743 5580 enim
801 5523 1261 5597 prazdestinasset,
1313 5526 1418 5584 nisi
1461 5527 1659 5602 dignos
1694 5530 2024 5603 agnovisset.

2146 4722 2450 4802 δικαιοσύνῃ
2460 4770 2473 4783 .

2228 4838 2255 4869 ιι
2284 4811 2380 4873 Ἐν
2422 4804 2465 4893 ᾧ
2530 4816 2618 4872 καὶ
2684 4812 3095 4893 ἐκληρώθημεν,
3145 4809 3540 4895 προορισθέντες
3601 4809 3743 4871 κατὰ

2142 4900 2388 4981 πρόθεσιν
2445 4903 2610 4961 τοῦλΗ
2665 4904 2732 4962 τὰ
2811 4903 2987 4962 πάντα
3044 4905 3373 4983 ἐνεργοῦντος
3439 4898 3581 4960 κατὰ
3643 4899 3741 4972 τὴν

2147 4994 2342 5070 βουλὴν
2394 4997 2484 5051 τοῦ
2537 4991 2834 5071 θελήματος
2895 4995 3080 5054 αὑτοῦ.
3136 4982 3186 5045 ί»
3250 4982 3414 5051 Εἶπεν
3468 4990 3618 5065 ἄνω,
3659 4989 3743 5049 ὅτι

2140 5102 2169 5136 α
2200 5079 2513 5149 Ἐξελέξατο
2536 5104 2550 5118 ·
2576 5109 2602 5135 ι»
2633 5087 2722 5141 νῦν
2753 5083 2943 5157 πάλιν,
2976 5081 3056 5142 ὅτι
3086 5108 3110 5136 α
3141 5079 3565 5161 Ἐκληρώθημεν
3582 5082 3635 5139 ἐν
3659 5081 3740 5160 τῷ

2137 5172 2387 5251 Χριστῷ,
2422 5199 2447 5223 ιι
2504 5170 2779 5244 τουτέστι,
2828 5173 2914 5231 διὰ
2961 5177 3053 5231 τοῦ
3107 5174 3364 5253 Χριστοῦ.
3410 5168 3565 5229 Ἐπεὶ
3606 5169 3659 5226 δὲ
3710 5172 3741 5228 ὁ

2137 5261 2352 5338 κλῆρος,
2410 5260 2693 5340 συντυχίας
2716 5262 2766 5300 ⁴⁵
2796 5262 3024 5341 πρᾶγμά
3055 5264 3168 5321 ἔστι
3187 5304 3205 5334 ,
3251 5260 3342 5319 καὶ
3372 5260 3468 5318 οὐκ
3512 5261 3737 5339 ἀρετῆς,

2137 5348 2253 5408 οὐδὲ
2310 5348 2701 5430 προαιρέσεως,
2768 5352 3067 5430 διορθοῦται
3165 5349 3324 5423 αὐτὸ,
3398 5348 3491 5407 καὶ
3563 5370 3737 5429 φησν

2140 5463 2163 5490 α
2196 5439 2605 5519 Προορισθέντες
2653 5438 2795 5500 κατὰ
2838 5439 3083 5523 πρόθεσιν
3114 5443 3206 5500 τοῦ
3246 5440 3411 5500 Θεοῦ.
3452 5465 3478 5492 ιι
3507 5440 3626 5499 Οὐκ
3671 5435 3737 5495 ἂν

2139 5526 2243 5611 γὰρ
2275 5527 2612 5612 προώρισεν,
2659 5530 2706 5591 εἰ
2772 5530 2849 5611 μὴ
2899 5528 3071 5601 ἀξίους
3127 5527 3403 5611 ἐγίνωσκε.
3477 5526 3735 5609 Προεώρα

1816 5657 2005 5719 Variae
2047 5660 2364 5746 lectiones.{

496 5761 539 5799 “
569 5760 779 5828 πλοῦτος
806 5766 1009 5839 χάριτος
1038 5784 1091 5826 ο.
1174 5765 1227 5843 ³⁸³,
1245 5766 1460 5839 ἠθελησε
1489 5786 1566 5828 ω.
1642 5771 1687 5808 ν’
1711 5775 1943 5847 πρόθεσιν
1974 5776 2104 5834 Θεοῦ
2128 5785 2217 5835 τοῦ
2246 5798 2326 5839 m.
2403 5782 2446 5819 ’⁸⁵
2468 5782 2776 5856 εὐτυχίαςό.
2826 5818 2837 5829 -
