4124 6442
390 451 519 507 1041

1242 445 1596 502 EXPOSITIO
1634 447 1702 503 ΙΝ
1741 445 1949 504 EPIST.
1989 447 2084 504 AD
2122 450 2356 508 EPHES.
2399 483 2468 495 —
2507 455 2657 511 CAP.
2701 459 2746 512 Ι.

3549 457 3688 513 1042

382 575 486 655 γὰρ
534 578 678 650 ἡμᾶς
735 571 859 655 πρὶν
910 571 946 646 ἢ
995 571 1266 652 γενέσθαι,
1314 573 1406 632 καὶ
1448 571 1746 653 ἐκλήρωσεν
1801 577 1971 652 ἡμᾶς,

2091 577 2251 633 Prius
2295 580 2448 636 enim
2485 579 2707 638 videbat
2751 597 2854 638 nos
2900 589 3196 654 antequam
3237 595 3605 651 nasceremur,
3634 591 3690 639 et

381 665 474 725 καὶ
515 664 778 745 ἀφώρισεν
832 664 1006 744 ἐαυτῷ
1058 665 1088 721 6
1132 662 1309 723 πάντα
1362 665 1585 741 ἐνεργῶν
1642 661 1792 730 Θεός·
1845 661 1983 722 ὥστε

381 755 473 813 καὶ
502 754 597 827 τὴν
642 751 910 833 ἡμετέραν
953 751 1180 831 ἐκλογὴν
1221 752 1312 810 καὶ
1342 753 1609 830 κλήρωσιν
1652 753 1809 819 αὖτὸς
1837 753 1982 833 ἐνερ-

379 843 577 922 γήσας,
631 843 728 902 οὖκ
785 841 1008 924 ἐσφάλη.
1063 841 1476 920 Μακαριότητος
1525 841 1599 915 δὲ,
1645 841 1710 900 τὸ
1765 844 1980 922 κληρω-

380 938 558 1007 θῆναι,
620 935 690 1000 ὥς
741 931 948 998 ἀπόνως
1003 930 1095 990 καὶ
1144 931 1326 1012 χάριτι
1378 930 1491 1012 θεία
1549 930 1979 1012 προσγινόμενον,

381 1025 426 1082 εἰ
454 1022 542 1082 καὶ
571 1023 645 1089 εἷς
682 1020 853 1090 ἀξίους
881 1021 933 1056 ⁴⁰
962 1018 1192 1101 ἐγένετο.
1233 1048 1256 1072 α
1290 1020 1450 1081 Κατὰ
1477 1020 1573 1092 τὴν
1607 1020 1801 1096 βουλὴν
1837 1043 1866 1078 ιι
1904 1021 1979 1091 δὲ,

380 1113 532 1193 φησὶ,
581 1134 613 1170 (ς
661 1117 752 1171 τοῦ
787 1110 1084 1187 θελήματος
1129 1112 1317 1189 αὓτοῦ,
1365 1137 1390 1162 κ
1431 1109 1520 1168 ἵνα
1549 1109 1712 1189 δείξῃ,
1757 1109 1836 1169 ὅτι
1881 1112 1981 1191 οὐχ

378 1206 448 1270 ὡς
479 1199 882 1273 ἀπειθησάντων
930 1203 1032 1258 τῶν
1070 1197 1370 1280 Ἑϐραίων,
1425 1202 1478 1259 ἐν
1519 1199 1738 1281 παρόδῳ
1780 1199 1977 1273 ἐκλήθη

378 1293 447 1351 τὰ
489 1290 635 1364 ἔθνη,
674 1289 812 1349 ἀλλὰ
858 1289 1050 1348 ἄνωθεν
1098 1294 1268 1348 ταῦτα
1299 1289 1619 1369 προώριστο,
1677 1288 1769 1348 καὶ
1815 1289 1976 1368 βουλὴ

380 1381 516 1453 αὕτη
546 1374 607 1452 ἦν
640 1385 730 1439 τοῦ
764 1381 908 1440 Θεοῦ
939 1378 1161 1459 ἀρχαία,
1191 1379 1282 1438 καὶ
1313 1378 1520 1455 θέλημα
1554 1380 1735 1438 αὐτοῦ.
1775 1381 1843 1438 Εἰ
1872 1379 1973 1459 γὰρ

380 1471 470 1530 καὶ
500 1473 527 1529 6
558 1469 786 1549 Χριστὸς
817 1460 980 1526 εἶπεν·
1011 1496 1036 1520 ι
1077 1470 1168 1534 Εἷς
1197 1467 1314 1526 ὁδὸν
1346 1471 1507 1526 ἐθνῶν
1541 1468 1616 1544 μὴ
1642 1467 1923 1542 ἀπέλθητε·
1952 1497 1974 1520 υ

379 1559 489 1632 καὶ,
548 1581 575 1616 (ι
624 1561 742 1619 Οὐκ
791 1558 1124 1630 ἀπεστάλην,
1172 1559 1218 1616 εἰ
1261 1557 1336 1635 μὴ
1378 1559 1450 1623 εἷς
1498 1557 1566 1616 τὰ
1605 1557 1851 1638 πρόϐατα
1906 1557 1972 1616 τὰ

380 1649 696 1708 ἀπολωλότα
743 1647 887 1706 οἴκου
937 1645 1180 1726 Ἰσραήλ·
1233 1668 1262 1704 ι)
1303 1645 1441 1704 ἀλλὰ
1489 1651 1792 1729 προτροπῆς
1821 1645 1973 1706 ἕνεκα

379 1743 483 1798 τῶν
523 1737 797 1799 Ἰουδαίων
827 1742 998 1796 ταῦτα
1049 1735 1282 1817 εἴρηται,
1313 1735 1406 1795 καὶ
1451 1742 1542 1797 τοῦ
1587 1735 1973 1816 ἐφελκύσασθαι

380 1827 588 1903 αὖτοὺς,
654 1831 724 1894 ὥς
787 1825 1067 1898 νηπιώδεις
1116 1825 1583 1904 κολακευομένους
1637 1825 1752 1884 ἐπεὶ
1799 1824 1862 1884 τό
1913 1849 1970 1904 γε

379 1918 590 1995 ἀληθὲς,
624 1917 820 1977 ἄνωθεν
852 1915 1150 1997 προώριστο
1177 1921 1211 1989 ἡ
1238 1918 1424 1989 κλῆσις
1465 1918 1570 1974 τῶν
1602 1918 1779 1975 ἐθνῶν.

458 2210 481 2237 α
519 2185 615 2250 Εἰς
645 2182 706 2242 τὸ
748 2171 884 2239 εἶναι
926 2183 1074 2257 ἡμᾶς
1120 2183 1193 2249 εἰς
1247 2181 1458 2241 ἔπαινον
1505 2180 1656 2252 δόξης
1705 2181 1866 2240 αὐτοῦ
1899 2182 1969 2256 Π,

376 2271 494 2353 τοὺς
535 2269 944 2353 προηλπικότας-
968 2271 1020 2329 ἐν
1071 2275 1147 2352 τῷ
1194 2272 1440 2351 Χριστῷ.
1496 2297 1520 2323 ι
1547 2267 1754 2341 σΩστε,
1787 2270 1968 2350 φησὶν,

380 2351 451 2428 είς
483 2349 634 2430 δόξαν
686 2361 851 2419 αὐτοῦ
895 2349 1029 2419 εἶναι
1057 2349 1201 2439 ἡμᾶς
1231 2349 1349 2426 τοὺς
1386 2349 1782 2439 προηλπικότας
1801 2349 1867 2416 ἐν
1895 2361 1971 2440 τῷ

379 2453 618 2531 Χριστῷ,
645 2448 903 2523 τουτέστι,
952 2448 1072 2517 τοὺς
1117 2448 1504 2517 πιστεύσαντας
1535 2452 1586 2508 ἐν
1619 2452 1694 2529 τῷ
1725 2451 1968 2529 Χριστῷ,

375 2540 469 2600 καὶ
515 2541 638 2620 πρὶν
686 2539 722 2613 ἤ
771 2541 962 2620 ἐπιστῇ
1012 2542 1040 2598 6
1087 2538 1296 2615 μέλλων
1346 2537 1494 2611 αἰὼν,
1546 2539 1854 2608 ἐλπίζοντας
1903 2538 1971 2595 τὰ

375 2630 498 2688 τότε
526 2631 655 2706 ἡμῖν
703 2627 953 2705 ἐσόμενα.
998 2627 1138 2699 Δόξα
1177 2627 1280 2708 γὰρ
1329 2629 1421 2686 καὶ
1469 2627 1682 2695 ἔπαινος
1733 2632 1826 2699 τῆς
1876 2633 1969 2688 τοῦ

377 2721 522 2780 Θεοῦ
552 2719 602 2758 4⁸
655 2717 996 2800 ἀγαθότητος,
1044 2719 1105 2780 τὸ
1143 2716 1262 2786 τοὺς
1305 2720 1471 2785 οὕτως
1515 2715 1972 2800 ἠλλοτριωμένους

376 2833 567 2869 σωσαι.

466 2922 495 2957 (ι
525 2898 623 2959 Ἐν
658 2888 703 2980 ᾧ
751 2897 842 2958 καὶ
888 2898 1036 2974 ὑμεῖς
1075 2898 1152 2972 ⁴⁹,
1198 2895 1518 2964 ἀκούσαντες
1565 2897 1654 2956 τὸν
1688 2896 1844 2976 λόγον
1877 2901 1970 2968 τῆς

377 2987 646 3062 ἀληθείας,
687 2987 748 3047 τὸ
794 2987 1122 3066 Εὗαγγέλιον
1174 2990 1267 3058 τ’ἤς
1309 2987 1574 3067 σωτηρίας
1624 2989 1772 3064 ὑμῶν
1823 2986 1896 3046 ⁵ο.
1930 3009 1958 3043 ι)

374 3079 655 3155 Τουτέστι,
688 3079 754 3136 δι’
803 3068 860 3136 οἷ
891 3079 1148 3158 Χριστοῦ.
1201 3074 1362 3137 Οὕτω
1394 3075 1486 3136 καὶ
1526 3077 1656 3158 πρὸς
1687 3074 1970 3156 Ἑϐραίους

375 3169 553 3248 φησίν⁸
586 3196 611 3220 (ι
643 3167 942 3239 Ἐλοίλησεν
973 3171 1101 3242 ἡμῖν
1133 3168 1185 3225 ἐν
1230 3167 1367 3246 Υἱῷ.
1407 3165 1574 3244 Λόγον
1603 3193 1628 3218 υ
1672 3164 1725 3224 δὲ
1775 3179 1812 3217 σί
1832 3168 1970 3238 ἀλη-

375 3256 534 3331 θείας,
590 3283 614 3310 ν
659 3255 807 3337 φησὶ,
839 3255 970 3337 πρὸς
1011 3254 1412 3325 ἀντιδιαστολῆν
1466 3261 1557 3315 τοῦ
1609 3261 1832 3316 τυπικοῦ
1883 3256 1974 3314 καὶ

375 3346 628 3414 σκιώδους
661 3345 853 3422 νόμου·
883 3345 996 3420 καὶ,
1028 3373 1052 3399 α
1089 3344 1422 3423 Εὖαγγέλιον
1453 3344 1742 3424 σωτηρίας,
1774 3371 1799 3398 υ
1843 3345 1973 3424 πρὸς

376 3435 779 3508 ἀντιδιαστολὴν
827 3441 920 3495 τοῦ
968 3433 1133 3512 νόμου
1175 3441 1266 3494 τοῦ
1321 3432 1702 3502 ἀποκτένοντος
1740 3433 1786 3472 ⁵⁸
1809 3480 1828 3512 ,
1884 3434 1974 3493 καὶ

375 3529 470 3596 τῆς
530 3524 825 3605 μελλούσης
885 3525 1168 3591 κολάσεως.
1223 3525 1340 3594 Τῆς
1406 3521 1502 3598 μὲν
1551 3522 1654 3602 γὰρ
1715 3522 1973 3602 προτέρας

374 3616 666 3696 παρουσίας
707 3615 768 3676 τὸ
815 3613 1067 3695 κήρυγμα
1117 3612 1206 3672 ἐπὶ
1255 3611 1518 3693 σωτηρίῳ
1558 3618 1592 3685 ἡ
1636 3609 1691 3671 δὲ
1742 3611 1971 3690 σάλπιγξ

372 3709 466 3776 τῆς
491 3705 756 3785 δευτέρας,
786 3704 878 3764 ἐπὶ
905 3704 1145 3764 κολάσει.

464 3818 495 3853 ι(
523 3795 615 3854 Ἐν
663 3786 708 3876 ᾧ
757 3794 850 3854 καὶ
907 3792 1286 3862 πιστεύσαντες
1337 3790 1724 3874 ἐσφραγίσθητε

376 3885 655 3964 Πνεύματι
682 3871 788 3956 ’τῆς
835 3883 1155 3962 ἐπαγγελίας
1189 3889 1260 3964 τῷ
1294 3871 1452 3962 ἆγίῴ.
1499 3908 1524 3934 υ
1563 3915 1643 3926 -
1682 3903 1713 3940 (ι
1742 3879 1833 3940 Ἐν
1939 3871 1964 3933 έ»

375 3973 713 4056 Εὖαγγελίῳ,
763 3973 911 4054 φησὶ,
967 3995 997 4032 ε(
1048 3973 1442 4039 πιστεύσαντες
1501 3997 1525 4024 ι
1572 3971 1627 4044 ἢ,
1665 3994 1696 4026 α
1727 3970 1822 4032 Ἐν
1853 3961 1897 4052 ᾧ
1932 3992 1962 4029 ι)

376 4067 612 4144 Χριστῷο
643 4062 906 4137 τουτέστι,
953 4062 1055 4122 Διὰ
1093 4067 1188 4134 τ’ἧς
1224 4067 1315 4120 τοῦ
1356 4064 1591 4144 Χριστοῦ
1621 4060 1838 4140 χάριτος
1878 4084 1972 4118 πι-

379 4140 693 4220 στεύσαντες
723 4181 745 4205 α
779 4152 1174 4234 ἐσφραγίσθητε
1204 4152 1279 4190 ⁵³·
1311 4179 1334 4203 υ
1368 4140 1505 4210 ὥστε
1537 4140 1670 4210 εἶναι
1708 4151 1866 4222 δῆλον
1892 4149 1971 4209 ὅτι

375 4243 521 4302 Θεοῦ
553 4246 672 4302 ἐστε
695 4241 862 4322 λάχος
893 4242 940 4276 ⁵⁵
973 4241 1066 4300 καὶ
1097 4245 1310 4321 κλῆρος.
1343 4240 1492 4301 Ἀλλ’
1521 4244 1569 4299 οἱ
1595 4239 1691 4316 μὲν
1722 4239 1971 4300 Ἰουδαῖοι

373 4331 467 4403 τὴν
506 4331 798 4412 περιτομὴν
828 4333 881 4370 ⁵⁵
921 4330 1378 4412 ἐσφραγίσθησαν,
1407 4333 1477 4395 ὡς
1505 4328 1572 4386 τὰ
1603 4329 1795 4408 ἄλογα,
1841 4353 1970 4411 σαρ-

375 4422 530 4494 κικῆν
581 4421 846 4504 σφραγῖδα
901 4419 1173 4487 λαϐόντες·
1225 4420 1378 4495 ἡμεῖς
1426 4419 1502 4489 δὲ,
1553 4420 1623 4485 ὡς
1659 4421 1801 4479 Θεοῦ
1844 4418 1965 4491 υἱοὶ,

1784 3791 1836 3826 52
1894 3794 1971 3872 τῷ

2007 1881 2054 1944 Β

2005 3220 2050 3284 C

2092 667 2322 724 sortitus
2350 677 2584 742 estnos,
2627 681 2684 728 et
2725 671 3032 745 segregavit
3073 671 3172 727 sibi
3209 671 3323 743 ipse
3365 673 3459 744 qui
3499 673 3685 728 omnia

2093 766 2351 829 operatur
2386 763 2558 816 Deus.
2607 761 2872 833 Quocirca
2903 761 3018 834 ipse
3063 769 3311 816 nostram
3357 761 3684 818 electionem

2091 857 2146 904 et
2190 848 2540 907 sortitionem
2577 859 2852 923 operatus,
2898 867 3012 907 non
3056 850 3344 907 aberravit.
3391 849 3687 907 Felicitatis

2090 948 2277 996 autem
2319 949 2421 1011 est,
2471 957 2567 1014 per
2609 949 2814 998 sortem
2863 941 3006 1013 eligi,
3060 940 3224 996 veluti
3275 940 3321 996 si
3377 939 3505 1013 quid
3549 940 3687 997 citra

2090 1030 2336 1088 laborem
2380 1048 2476 1104 per
2520 1031 2764 1089 divinam
2813 1032 3044 1105 gratiam
3090 1032 3406 1096 accesserit,
3469 1033 3680 1088 etiamsi

2088 1121 2266 1194 dignis
2293 1122 2552 1180 evenerit.
2601 1146 2625 1171 α
2658 1125 2820 1180 Juxta
2851 1123 3138 1179 consilium
3179 1130 3362 1178 autem
3392 1121 3684 1178 voluntatis

2089 1226 2219 1280 suae,
2275 1234 2294 1263 υ
2350 1213 2548 1284 inquit,
2599 1222 2661 1269 ut
2703 1211 2957 1269 ostendat
2992 1212 3142 1285 quod
3180 1228 3292 1268 non
3336 1212 3510 1269 obiter
3552 1227 3678 1267 cum

2089 1301 2308 1356 Hebraei
2342 1301 2604 1358 increduli
2633 1310 2947 1369 manerent,
2977 1309 3163 1375 gentes
3191 1309 3399 1357 vocatae
3427 1301 3555 1368 sint,
3583 1299 3682 1356 sed

2080 1389 2196 1462 jam
2227 1399 2384 1448 antea
2417 1390 2535 1448 hac
2561 1391 2783 1446 deﬁnita
2809 1399 2964 1445 erant
2996 1407 3059 1446 ac
3085 1390 3415 1462 praestituta,
3461 1398 3684 1461 eratque.

2087 1481 2374 1537 consilium
2415 1481 2522 1536 hoc
2569 1481 2672 1536 Dei
2729 1488 2884 1536 vetus
2931 1489 2987 1536 et
3049 1481 3302 1537 voluntas
3356 1480 3493 1552 ejus.
3537 1482 3608 1535 Et
3639 1480 3684 1536 si

2085 1570 2234 1624 enim
2262 1569 2511 1626 Christus
2540 1569 2739 1625 dixerit
2769 1585 2783 1623 :
2827 1592 2852 1617 ι
2887 1572 2951 1624 In
2981 1569 3123 1624 viam
3149 1570 3402 1639 gentium
3438 1583 3508 1625 ne
3535 1568 3684 1624 abic-

2085 1657 2246 1713 ritisp
2279 1677 2292 1714 :
2329 1681 2354 1707 ιο
2385 1659 2552 1730 373
2581 1666 2656 1725 et,
2693 1678 2720 1711 (ι
2748 1661 2878 1714 Non
2905 1674 3068 1714 suum
3097 1659 3301 1714 missus
3326 1658 3430 1714 nisi
3457 1657 3528 1714 ad
3556 1674 3684 1714 oves

2083 1764 2204 1820 quae
2234 1749 2512 1819 perierunt
2556 1748 2756 1805 domus
2800 1748 3020 1804 Israqu
3069 1765 3081 1803 :
3129 1771 3154 1796 ››
3185 1756 3428 1805 attamen
3457 1758 3685 1822 propter

2083 1837 2405 1895 Judmorum
2449 1838 2888 1895 adhortationem
2944 1837 3059 1894 haec
3112 1837 3257 1894 dicta
3305 1845 3456 1906 sunt,
3510 1847 3566 1894 et
3621 1848 3683 1894 ut

2084 1926 2388 1984 attraheret
2423 1941 2518 1982 eos
2559 1926 2723 1982 veluti
2755 1925 2993 1982 infantes
3038 1925 3318 1982 blanditiis
3362 1926 3612 1983 delinitos
3663 1949 3676 1982 ;

2083 2014 2532 2089 quandoquidem
2595 2032 2778 2072 revera
2829 2016 2941 2088 jam
3006 2015 3139 2072 olim
3195 2015 3462 2087 praeﬁnita
3515 2024 3682 2090 atque

2083 2106 2356 2164 destinata
2387 2116 2507 2163 erat
2539 2107 2752 2162 vocatio
2778 2106 3042 2178 gentium.

2155 2199 2333 2253 Vens.
2372 2202 2459 2253 12.
2485 2220 2508 2246 «ι
2533 2199 2614 2254 Ut
2643 2197 2816 2252 simus
2833 2211 2934 2251 nos
2961 2196 3014 2250 in
3034 2196 3250 2252 laudem
3272 2197 3460 2268 gloriae
3484 2196 3679 2268 ipsius,

2083 2287 2177 2358 qui
2208 2287 2548 2359 speravimus
2578 2287 2635 2342 in
2661 2285 2907 2342 Christo.
2948 2308 2973 2333 »
3005 2286 3108 2352 Ut,
3131 2286 3332 2357 inquit,
3365 2285 3422 2341 in
3453 2286 3682 2359 gloriam

2080 2376 2251 2447 ipsius
2299 2377 2472 2433 simus
2523 2392 2648 2438 nos,
2708 2376 2801 2448 qui
2840 2375 3183 2448 speravimus
3213 2376 3269 2430 in
3299 2375 3537 2444 Christo,
3578 2375 3683 2432 hoc

2081 2472 2183 2532 est,
2217 2465 2306 2536 qui
2349 2462 2692 2520 credidimus
2744 2465 2798 2519 in
2843 2465 3085 2528 Christo,
3117 2471 3176 2520 et
3225 2463 3318 2536 qui
3360 2463 3680 2536 priusquam

2081 2547 2249 2605 instet
2285 2547 2534 2605 futurum
2568 2549 2854 2615 sacculum,
2886 2563 3174 2620 speramus
3213 2563 3335 2620 quae
3361 2555 3485 2603 tum
3523 2548 3683 2604 nobis

2081 2645 2337 2694 eventura
2367 2648 2495 2694 sunt
2522 2637 2686 2693 bona.
2721 2638 2911 2694 Gloria
2943 2638 3090 2693 enim
3132 2645 3188 2692 et
3213 2636 3550 2708 prazconium
3589 2637 3684 2693 bo-

2079 2727 2266 2784 nitatis
2293 2727 2396 2784 Dei
2425 2736 2530 2796 est,
2572 2726 2722 2800 quod
2755 2727 2890 2783 adeo
2921 2744 2948 2783 a
2979 2742 3037 2783 se
3077 2727 3340 2783 alienatos
3367 2727 3675 2783 servaverit.

2151 2911 2325 2965 Vnus.
2364 2913 2450 2962 13.
2479 2925 2506 2959 ‹‹
2532 2910 2596 2962 In
2621 2922 2728 2978 quo
2759 2915 2814 2963 et
2837 2923 2934 2962 vos
2959 2906 3054 2977 qui
3087 2905 3340 2962 audivitis
3361 2921 3680 2962 sermonem

2079 2997 2344 3054 veritatis.
2376 2997 2744 3069 Evangelium
2775 2997 2962 3052 salutis
2993 3006 3206 3053 vestra}.
3240 3019 3264 3044 ιι
3303 2998 3424 3052 Ηοο
3450 3005 3554 3062 est,
3587 3012 3683 3066 per

2081 3105 2248 3162 quem
2277 3088 2572 3145 Christum.
2607 3088 2696 3144 Sic
2728 3096 2784 3144 et
2819 3087 2889 3144 ad
2919 3087 3188 3144 Hebraeos
3217 3087 3292 3143 ait
3329 3105 3341 3142 :
3381 3110 3405 3136 α
3439 3089 3681 3143 Locutus

2082 3188 2166 3236 est
2192 3179 2353 3235 nobis
2377 3179 2435 3234 in
2463 3178 2621 3236 Filio.
2650 3179 2974 3234 Sermonem
3003 3202 3029 3226 ι»
3055 3186 3240 3234 autem
3276 3200 3300 3226 α
3335 3177 3578 3233 veritatis
3603 3189 3628 3219 ι·
3653 3199 3678 3224 ιι

2084 3269 2216 3326 dicit
2243 3277 2303 3325 ut
2326 3274 2636 3339 opponatur
2665 3268 2912 3341 ﬁgurata:
2957 3268 3203 3340 adeoque
3241 3266 3518 3323 umbrosa:
3555 3267 3678 3339 legi,

2083 3367 2139 3415 et
2169 3382 2194 3407 α
2225 3358 2583 3430 Evangelium
2604 3359 2812 3426 salutis,
2843 3381 2869 3406 ι»
2899 3367 2961 3414 ut
2979 3366 3252 3414 statuatur
3269 3357 3323 3412 in
3339 3357 3677 3413 contrarium

2083 3449 2181 3520 legi
2233 3447 2526 3514 occidenti,
2572 3448 2882 3519 futuraeque
2921 3463 3123 3520 poenae.
3157 3447 3367 3504 Prioris
3415 3446 3566 3502 enim
3609 3446 3678 3502 ad

2083 3546 2276 3592 ventus
2311 3535 2626 3608 prmdicatio
2667 3535 2859 3592 salutis
2905 3551 3066 3592 causa
3096 3544 3180 3592 est
3209 3553 3223 3588 :
3255 3534 3388 3591 tuba
3417 3549 3545 3592 vero
3589 3550 3677 3591 sc-

2081 3626 2245 3683 cundi
2274 3625 2544 3682 adventus
2566 3632 2650 3682 est
2677 3632 2903 3698 propter
2928 3639 3172 3696 poenam.

2156 3821 2181 3847 α
2212 3801 2275 3852 In
2339 3814 2449 3870 quo
2492 3805 2546 3854 et
2591 3797 2877 3854 credentes
2899 3796 3100 3868 signati
3129 3796 3260 3852 estis
3300 3795 3508 3867 Spiritu
3556 3811 3678 3865 prc-

2081 3887 2352 3944 missionis
2371 3895 2580 3944 sancto.
2612 3911 2638 3937 υ
2665 3890 2727 3942 In
2753 3902 2885 3958 quo,
2908 3910 2933 3935 υ
2958 3887 3157 3958 inquit,
3184 3884 3480 3956 Evangelio
3510 3906 3534 3932 τι
3566 3900 3680 3940 crc-

2079 3980 2295 4044 dentes,
2355 4000 2381 4026 »
2431 3977 2541 4044 vel,
2581 4001 2607 4026 α
2660 3980 2724 4032 in
2753 3993 2863 4048 quo
2918 3999 2942 4024 »
2984 3975 3224 4042 Christo,
3270 3975 3376 4030 hoc
3411 3981 3514 4041 est,
3575 3977 3680 4029 Per

2079 4067 2280 4124 Christi
2320 4067 2552 4140 gratiam
2595 4066 2879 4123 credentes
2924 4066 3121 4137 signati
3163 4065 3312 4133 estis,
3358 4071 3418 4120 ut
3453 4063 3527 4119 sit
3554 4079 3678 4134 per-

2077 4157 2331 4229 spicuum
2353 4157 2499 4229 quod
2530 4157 2648 4213 sitis
2669 4172 2788 4212 sors
2817 4165 2872 4212 et
2898 4155 3188 4212 hzereditas
3213 4153 3339 4211 Dei.
3366 4151 3474 4210 Sed
3500 4152 3678 4210 Judaei

2079 4245 2305 4318 quidem
2337 4263 2433 4318 per
2467 4246 2947 4303 circumcisioncm
2980 4245 3174 4318 signati
3215 4251 3362 4313 sunt,
3414 4253 3677 4316 tanquam

2077 4337 2238 4393 bruta
2277 4336 2506 4392 rationis
2553 4337 2816 4408 expertia,
2859 4335 3101 4407 sigillum
3137 4334 3353 4391 carnale
3407 4332 3680 4405 recipien-

2079 4433 2162 4482 tes
2190 4445 2203 4481 :
2237 4441 2340 4482 nos
2364 4442 2492 4482 vero
2521 4435 2781 4497 tanquam
2827 4426 2927 4480 Dei
2957 4424 3076 4490 ﬁlii,
3105 4439 3267 4496 supra
3301 4439 3472 4496 quam
3501 4421 3680 4478 carnis

375 4513 466 4572 καὶ
524 4513 654 4591 ὓπὲρ
683 4510 779 4583 τὴν
834 4510 1007 4588 σάρκα
1060 4514 1136 4587 τῷ
1193 4508 1471 4584 Πνεύματι
1517 4507 1965 4588 ἐσφραγίσθημεν.

2084 4515 2320 4588 patiatur
2348 4515 2619 4583 conditio,
2649 4515 2856 4588 Spiritu
2886 4515 3084 4586 signati
3113 4528 3325 4570 sumus.
3365 4535 3391 4561 ιι
3432 4511 3680 4568 Promis-

376 4631 400 4656 ι
450 4600 810 4679 Ἐπαγγελίας
842 4627 865 4653 ι»
921 4599 976 4657 δὲ
1018 4599 1148 4658 αὐτὸ
1177 4600 1356 4669 καλεῖ,
1464 4595 1544 4656 ὅτι
1573 4596 1625 4635 ⁵6
1654 4597 1706 4665 ἐξ
1742 4600 1968 4677 ἐπαγγε-

373 4691 494 4757 λίας
553 4690 706 4763 ἐδόθη
751 4689 1000 4770 (καὶγὰρ
1048 4689 1138 4746 καὶ
1182 4686 1268 4746 διὰ
1320 4685 1478 4759 Ἰωὴλ
1536 4688 1888 4766 ἐπηγγείλατο
1943 4692 1970 4747 6

374 4781 528 4848 Θεός·
573 4807 598 4833 α
637 4780 849 4862 Ἐκχεῶ
899 4779 1009 4838 ἀπὸ
1034 4783 1127 4837 τοῦ
1161 4777 1474 4854 Πνεύματός
1511 4800 1612 4854 μου
1665 4777 1753 4838 ἐπὶ
1790 4773 1968 4838 πᾶσαν

375 4870 571 4951 σάρκα.
601 4892 632 4928 ))
669 4871 781 4932 Καὶ
809 4873 836 4928 6
867 4867 1118 4949 Χριστὸς,
1159 4889 1190 4926 (ι
1238 4868 1490 4948 Λήψεσθε
1523 4867 1772 4946 δύναμιν,
1806 4895 1829 4921 ι)
1867 4892 1970 4948 φη-

376 4960 481 5034 σίν,
511 4987 534 5013 α
560 4958 866 5026 ἐπελθόντος
899 4965 990 5018 τοῦ
1015 4955 1165 5036 ἁγίου
1201 4957 1514 5033 Πνεύματος
1559 4978 1588 5014 )
1627 4956 1670 5035 ),
1701 4956 1736 5029 ἢ
1765 4957 1847 5018 ὅτι
1874 4956 1970 5030 τὴν

373 5053 479 5109 τῶν
535 5048 833 5128 μελλόντων
881 5051 1093 5125 ἀγαθῶν
1141 5047 1463 5124 ἐπαγγελίαν
1497 5044 1558 5104 τὸ
1603 5049 1826 5124 Πνεῦμα
1882 5050 1971 5127 βε-

377 5141 539 5198 ϐαιοῖ.
597 5139 759 5198 Δοθὲν
790 5137 894 5218 γὰρ
948 5134 1052 5208 ἤδη
1103 5137 1256 5212 ἡμῖν,
1289 5140 1570 5195 πιστοῦται
1615 5135 1804 5194 καὶτὰ
1843 5137 1974 5214 μέλα

375 5231 553 5288 λοντα·
600 5228 679 5287 διὸ
739 5226 830 5287 καὶ
880 5222 1129 5308 ἀῤῥαϐὼν
1183 5224 1415 5304 λέγεται.
1472 5220 1658 5286 Ἄκουε
1718 5224 1820 5306 γὰρ
1869 5229 1973 5285 τῶν

377 5317 521 5392 ἑξῆς·

465 5460 701 5518 PMatth.
743 5476 809 5529 x,
835 5465 888 5516 5.
978 5457 1209 5517 ίιαιῖιιιιι.
1243 5474 1350 5528 xv,
1381 5463 1467 5514 24.
1542 5461 1565 5490 λ’
1593 5459 1764 5516 Hebr.
1801 5474 1847 5524 ι,
1881 5463 1932 5515 2.

2030 5459 2186 5518 ’.Ιοει
2211 5475 2284 5530 11,
2313 5465 2404 5517 28.

2077 4604 2247 4660 sionis
2286 4629 2310 4654 ››
2344 4614 2532 4662 autem
2575 4604 2836 4677 Spiritum
2867 4620 2995 4660 eum
3039 4602 3291 4674 appellat,
3322 4601 3402 4657 vel
3435 4600 3583 4672 quod
3613 4615 3678 4655 ex

2081 4695 2444 4764 promissione
2486 4694 2648 4751 datus
2686 4695 2777 4750 sit.
2828 4693 3044 4749 Etenim
3092 4706 3188 4763 per
3227 4689 3440 4746 Joelem
3469 4689 3680 4759 promi-

2079 4787 2154 4842 sit
2182 4788 2334 4841 Deus
2355 4827 2369 4852 ,
2404 4805 2431 4833 α
2462 4782 2767 4840 Effundam
2785 4781 2853 4837 de
2879 4781 3078 4853 Spiritu
3108 4794 3234 4835 meo
3261 4794 3429 4849 super
3455 4792 3678 4834 omnem

2080 4890 2303 4932 carnem
2334 4890 2374 4929 ε.
2433 4895 2460 4924 ››
2506 4875 2578 4929 Et
2625 4871 2878 4929 Christus
2927 4891 2940 4927 :
3000 4893 3024 4918 α
3077 4867 3368 4940 Accipietis
3417 4890 3440 4914 ιι
3486 4865 3683 4938 inquit,

2087 4988 2110 5013 α
2155 4964 2410 5020 virtutem
2453 4962 2724 5019 venientis
2766 4976 2933 5031 super
2969 4975 3066 5015 vos
3105 4957 3336 5030 Spiritus
3374 4955 3548 5012 sancti
3581 4959 3615 5008 ι.
3655 4977 3679 5002 ι»

2082 5054 2184 5111 Vel
2225 5054 2353 5125 quia
2401 5051 2649 5108 futurum
2696 5051 2971 5107 bonorum
3017 5046 3409 5120 promissiones
3450 5043 3685 5115 Spiritus

2082 5144 2308 5201 stabilit.
2355 5146 2531 5198 Datus
2563 5141 2712 5197 enim
2736 5141 2854 5212 jam
2888 5139 3048 5194 nobis
3092 5138 3272 5194 futura
3312 5143 3427 5192 rata
3468 5132 3633 5190 efﬁcit
3667 5151 3681 5189 :

2085 5242 2372 5307 propterea
2422 5239 2478 5289 et
2520 5230 2754 5288 arrhabo
2799 5229 3015 5288 dicitur.
3066 5226 3208 5284 Audi
3249 5226 3396 5283 enim
3442 5238 3564 5297 quae
3601 5238 3686 5280 se-

2085 5330 2344 5398 quuntur.

2496 5461 2514 5495 ι
2538 5462 2662 5516 Act.
2705 5472 2751 5527 ι,
2777 5461 2831 5511 8.

1768 5562 1962 5622 Variae
2006 5564 2310 5626 lectiones.

456 5672 498 5706 ‘5
529 5672 753 5734 ἀναξίους
780 5686 835 5727 0.
913 5669 956 5702 ‘7
982 5669 1110 5724 Θεοῦ
1134 5685 1189 5726 0.
1266 5669 1310 5702 ⁴⁸
1339 5669 1551 5741 Χριστοῦ
1582 5665 1636 5727 6.

1714 5670 1759 5705 ω
1783 5670 1929 5744 ἡμεῖς
1957 5687 2009 5728 ο.

2091 5671 2136 5706 ⁵ο
2184 5670 2329 5745 ἡμῶν
2359 5687 2412 5728 ο.
2491 5670 2533 5705 δί
2578 5668 2955 5730 ἀποκτιννύντος
2991 5681 3042 5724 0.
3121 5665 3162 5700 ⁵2
3188 5661 3603 5736 ,ἐσφραγίσθημεν
3632 5677 3684 5718 0.

393 5755 444 5788 ⁵³
472 5753 869 5825 ἐσφραγίσθημεν
900 5765 958 5808 0.
1035 5751 1078 5784 5‘
1099 5750 1221 5812 λαὸς
1248 5765 1304 5836 οἱ
1379 5750 1425 5784 ⁶δ
1454 5754 1518 5824 τῇ
1547 5755 1790 5824 περιτομῇ
1811 5768 1865 5809 0.
1942 5751 1985 5786 ⁵⁸
2012 5753 2137 5807 διότι
2163 5769 2216 5810 0.
