4124 6432
469 430 604 485 1043

466 643 620 701 Emit
656 646 810 699 Deus
844 642 1079 699 salutem
1117 651 1365 699 nostram
1402 657 1434 698 a
1469 640 1655 711 nobis,
1690 655 1754 696 ac
1790 638 1943 696 dedit
1965 654 2069 694 no-

468 733 554 790 bis
598 731 823 789 arrham
877 732 1099 789 interim
1157 732 1438 804 Spiritum,
1484 739 1667 787 certos
1708 743 1814 785 nos
1861 727 2069 784 faciens

462 821 612 897 quod
642 830 698 879 et
724 820 1185 895 inexplicabilium
1200 829 1257 878 et
1296 836 1623 878 arcanorum
1653 819 1926 875 bonorum
1953 817 2071 876 hat—

468 912 765 970 reditatem
806 913 881 968 sit
914 911 1160 969 daturus.
1204 911 1313 985 Qui
1361 919 1549 968 autem
1596 924 1785 967 revera
1834 908 2072 981 Spiritus

465 1011 615 1075 sunt;
644 1002 962 1076 participes,
999 1001 1076 1059 illi
1114 1003 1229 1076 jam
1276 1000 1411 1059 hinc
1467 1007 1736 1057 noverunt
1775 1013 1905 1055 eum
1951 1012 2072 1054 esse

465 1090 688 1148 arrham
715 1090 968 1164 perfectae
1008 1090 1348 1149 hareditatis
1380 1112 1393 1148 :
1441 1105 1677 1163 quorum
1718 1088 1788 1146 de
1829 1102 2066 1145 numero

463 1182 667 1238 Paulus
714 1188 852 1239 erat.
894 1185 1191 1255 Propterea
1236 1180 1633 1253 ingemiscebat
1681 1187 1736 1235 et
1776 1177 2061 1251 quaerebat

460 1271 995 1328 consummationem
1058 1271 1324 1342 accipere,
1372 1279 1427 1327 et
1493 1284 1612 1326 esse
1655 1284 1784 1325 cum
1808 1268 2026 1326 Christo
2056 1308 2069 1322 .

466 1363 580 1417 Nos
609 1368 798 1418 autem
817 1375 993 1434 neque
1015 1360 1385 1417 arrhabonem
1406 1359 1672 1418 habemus
1706 1368 1772 1415 ut
1791 1358 2071 1415 convenit,

463 1465 645 1523 neque
675 1450 1212 1508 consummationem
1232 1449 1561 1524 appetimus,
1587 1448 1792 1523 quippe
1818 1448 1916 1522 qui
1958 1462 2070 1505 non

467 1540 808 1612 gustavimus
832 1538 983 1598 illud.

540 1654 565 1679 α
590 1632 656 1686 In
679 1630 1119 1704 redemptionem
1153 1629 1549 1703 acquisitionis.
1586 1651 1613 1678 ν
1636 1627 2071 1701 Acquisitionem

470 1719 640 1793 374
667 1721 769 1777 Dei
798 1736 926 1794 erga
960 1736 1063 1777 nos
1089 1718 1428 1793 diligentiam
1457 1727 1515 1776 et
1546 1734 1737 1775 curam
1779 1718 1936 1776 dicit.
1980 1717 2074 1775 Ait

465 1825 595 1883 ergo
626 1828 642 1867 :
672 1808 925 1889 Arrhabo
976 1810 1077 1866 istc
1118 1809 1191 1866 ad
1220 1808 1523 1881 perfectam
1567 1816 1825 1865 nostram
1853 1806 2069 1864 redem-

466 1899 734 1972 ptionem,
765 1908 821 1957 et
858 1915 1054 1972 puram
1096 1899 1517 1971 acquisitionem
1546 1897 1724 1968 ducit,
1754 1914 1820 1954 ac
1849 1906 2071 1970 propter

1388 454 1394 458 ~
1491 423 2004 480 THEOPHYLACTI
2041 422 2399 479 BULGARl/E
2437 423 2751 480 ABCHIEP.

541 556 718 610 Vnns.
753 556 840 610 14.
872 571 900 606 ιι
924 552 1028 624 Qui
1058 560 1142 610 est
1169 551 1404 609 arrhabo
1423 549 1756 608 haereditatis
1777 556 2001 606 nostrae.
2032 570 2058 596 ν
2089 551 2138 615 Α

3636 427 3777 484 1044

2265 571 2295 608 (ι
2339 548 2444 616 ⁵ος
2479 551 2622 610 ἐστιν
2672 549 2928 633 ἀῤῥαϐὼν
2979 553 3072 622 τῆς
3120 551 3476 632 κληρονομιας
3519 554 3691 631 ἡμῶν.
3744 579 3770 607 υ

2187 638 2484 718 Ἢγόρασεν
2521 639 2571 680 ⁵⁷
2601 642 2628 697 δ
2652 640 2791 707 Θεὸς
2826 645 2955 722 παρ’
2983 642 3138 717 ἡμῶν
3173 639 3270 712 τὴν
3299 640 3568 721 σωτηρίαν
3601 645 3778 719 ἡμῶν,

2176 727 2269 787 καὶ
2297 727 2491 787 ἔδωκεν
2532 735 2663 807 ἡμῖν
2693 730 2982 810 ἀρραϐῶνα
3015 728 3147 797 τέως
3184 731 3244 788 τὸ
3280 733 3528 806 Πνεῦμα,
3556 731 3780 791 πιστού-

2178 841 2331 894 μενος
2360 816 2440 877 ὅτι
2477 817 2569 877 καὶ
2611 818 2708 890 τὴν
2751 817 3107 899 κληρονομίαν
3139 821 3244 878 τῶν
3285 821 3608 902 ἀπορρήτων
3637 826 3780 899 ἀγα-

2177 911 2280 967 θῶν
2320 907 2503 969 δώσει.
2554 910 2625 969 Οἱ
2657 908 2713 967 δὲ
2743 907 2906 977 ὄντως
2948 913 3041 968 τοῦ
3074 907 3395 988 Πνεύματος
3439 909 3776 992 μετέχοντες,

2179 1000 2413 1058 ἐντεῦθεν
2443 998 2548 1071 ἤδη
2598 999 2787 1060 ἐκεῖνοι
2828 996 3199 1080 γινώσκουσιν,
3235 997 3316 1060 ὅτι
3366 999 3618 1080 ἆῤῥαϐών
3666 1003 3782 1061 ἐστι

2177 1092 2273 1161 τῆς
2309 1087 2515 1156 τελείας
2548 1086 2599 1127 ⁵⁸
2629 1088 3002 1169 κληρονομίαςο
3050 1078 3157 1157 οἶος
3193 1092 3222 1149 ὃ
3271 1078 3505 1159 Παῦλοςο
3554 1088 3635 1148 διὸ
3684 1091 3781 1150 καὶ

2178 1176 2446 1255 ἐστέναξε,
2496 1177 2587 1237 καὶ
2637 1176 2809 1248 ἐζήτει
2845 1178 2906 1237 τὸ
2954 1176 3153 1238 τέλειον
3202 1178 3253 1215 ⁵9
3300 1180 3505 1253 λαϐεῖν,
3532 1179 3641 1239 -καὶ
3682 1177 3778 1238 σὺν

2181 1268 2402 1347 Χριστῷ
2439 1256 2591 1325 εἶναι’
2641 1270 2797 1344 ἡμεῖς
2836 1267 2892 1327 δὲ
2936 1265 3057 1328 οὔτε
3106 1268 3196 1327 τὸν
3250 1267 3535 1350 ἇῤῥαϐῶνα
3583 1268 3779 1349 ἔχομεν

2178 1359 2251 1425 ὡς
2278 1358 2379 1432 δεῖ,
2412 1356 2530 1416 οὔτε
2560 1362 2654 1417 τοῦ
2681 1356 2883 1418 τελείου
2912 1356 2964 1394 ⁸ο
3009 1357 3286 1441 ἐφιέμεθα,
3317 1361 3389 1426 ὡς
3418 1357 3667 1437 ἄγευστοι
3698 1359 3772 1416 θ’.

2269 1635 2298 1671 (ι
2354 1616 2443 1682 Εἷς
2489 1611 2858 1693 ἀπολύτρωσιν
2908 1611 3004 1684 τὴς
3050 1613 3455 1694 περιποιήσεως.
3510 1634 3542 1672 n
3610 1615 3783 1695 Περι-

2177 1702 2386 1777 ποίησιν
2446 1702 2544 1775 τὴν
2614 1701 2739 1784 περὶ
2791 1706 2936 1779 ἡμᾶς
2974 1702 3234 1784 ,σπουδὴν
3312 1703 3402 1763 καὶ
3458 1704 3779 1781 κηδεμονίαν

2177 1790 2319 1871 λέγει
2367 1798 2456 1853 τοῦ
2497 1794 2660 1853 Θεοῦ.
2711 1792 2893 1864 Φησὶν
2942 1783 3052 1864 οὖν,
3093 1788 3174 1851 ὅτι
3213 1795 3242 1850 ὁ
3303 1790 3554 1876 ἀρραϐὼν
3606 1784 3779 1868 οἶτος,

2179 1884 2251 1950 εἷς
2280 1881 2378 1953 τὴν
2421 1880 2628 1941 τελείαν
2674 1880 3062 1964 ἀπολύτρωσιν,
3105 1880 3197 1941 καὶ
3226 1880 3321 1952 τὴν
3352 1881 3590 1960 καθαρὰν
3624 1886 3781 1960 ἡμῶν

462 1969 643 2061 ipsam
695 1989 824 2047 data
861 1969 969 2046 est.
1019 1969 1364 2046 Tum—enim
1404 1988 1509 2045 erit
1535 1986 1779 2060 perfecta
1817 1969 2061 2052 libertas,

2173 1970 2510 2061 περιποίησιν
2551 1969 2738 2061 φέρει,
2786 1970 2877 2030 καὶ
2930 1969 2997 2030 δι’
3043 1969 3205 2042 αὐτὴν
3259 1970 3435 2045 ἐδόθη.
3486 1970 3622 2032 Τότε
3676 1971 3780 2052 γὰρ

464 2078 686 2151 quando
737 2094 961 2151 prorsus
1014 2078 1330 2135 destruetur
1367 2085 1672 2149 peccatum,
1733 2077 1953 2149 quando
2008 2085 2062 2132 et

465 2168 645 2228 sancti
682 2168 915 2226 absoluti
942 2166 1151 2224 fuerint
1186 2184 1216 2224 a
1246 2176 1597 2241 peccatorum
1628 2166 2058 2236 cohabitatione,

466 2258 929 2331 apparuerintque
956 2257 1209 2329 acquisiti
1245 2265 1302 2314 et
1329 2257 1567 2330 possessi
1600 2259 1740 2325 Deo,
1768 2255 1915 2328 quod
1952 2256 2063 2313 sint

463 2348 639 2421 ipsius
682 2348 934 2421 populus.
966 2348 1223 2404 Nonnulli
1261 2356 1444 2403 autem
1483 2346 1899 2419 acquisitionem
1936 2361 2063 2403 nos-

469 2438 625 2510 ipsos
660 2437 1063 2495 intellexerunt.
1128 2460 1155 2486 ‹ι
1204 2440 1272 2493 ln
1324 2436 1763 2510 redemptionem
1819 2459 1845 2483 ιι
1899 2436 2062 2509 igitur

472 2550 499 2576 α
543 2527 948 2601 acquisitionis,
1001 2552 1028 2577 ν
1080 2526 1139 2584 id
1175 2537 1259 2584 est
1300 2527 1503 2595 nostri,
1544 2526 1639 2600 qui
1665 2541 1857 2584 sumus
1881 2526 2063 2598 acqui-

463 2616 592 2675 sitio
621 2626 679 2675 et
707 2618 978 2691 possessio
1007 2626 1063 2674 et
1095 2616 1381 2675 facultates
1408 2617 1530 2674 Dei.

541 2810 567 2836 α
609 2788 677 2841 In
702 2784 921 2844 laudem
949 2787 1138 2860 gloriae
1163 2787 1345 2858 ipsius.
1385 2808 1407 2836 ο
1439 2787 1714 2843 Continuo
1744 2785 1851 2843 hoc
1879 2786 2062 2857 infert,

469 2875 730 2932 certiores
764 2892 867 2933 nos
910 2875 1144 2932 reddens
1186 2876 1335 2948 quod
1373 2874 1562 2932 omnia
1603 2890 1726 2947 quae
1774 2885 1906 2932 sunt
1939 2891 2064 2947 pro-

471 2965 665 3033 missa,
706 2972 855 3020 certo
902 2964 1172 3021 evenient.
1198 2968 1340 3022 Nam
1370 2965 1417 3021 si
1444 2972 1633 3021 nostra
1660 2979 1825 3020 causa
1849 2964 1951 3020 ista
1976 2962 2061 3021 fa-

464 3062 635 3123 ceret,
680 3052 930 3110 dubitare
968 3052 1165 3110 licebat
1209 3073 1220 3108 :
1256 3053 1377 3125 jam
1415 3068 1545 3110 vero
1569 3052 1694 3124 quia
1740 3052 1858 3110 haec
1881 3051 2057 3109 factu-

466 3159 563 3200 rus
599 3150 702 3211 est,
740 3151 802 3199 ut
832 3151 1093 3215 appareat
1120 3142 1290 3215 ipsius
1334 3141 1551 3215 propria
1578 3141 1905 3214 benignitas,
1936 3142 2061 3215 quis

470 3229 812 3289 contradicet
854 3247 969 3289 non
1011 3232 1082 3288 sit
1133 3231 1412 3288 facturus?
1469 3234 1633 3288 Hanc
1677 3231 1746 3287 ad
1792 3231 2063 3288 rationem

2168 2060 2381 2133 ἔσταιή
2416 2060 2594 2120 τελεία
2645 2062 2940 2141 ἐλευθερία,
2988 2062 3074 2119 ὅτε
3124 2063 3398 2129 παντελῶς
3428 2070 3781 2141 καταργεῖται

2167 2157 2202 2225 ἡ
2235 2149 2493 2232 ἆμαρτίω
2544 2146 2630 2209 ὅτε
2658 2150 2752 2209 καὶ
2781 2155 2877 2223 τῆς
2908 2149 3046 2226 μετὰ
3072 2153 3179 2210 τῶν
3221 2149 3559 2231 ἁμαρτωλῶν
3591 2174 3779 2211 συνοι-

2169 2241 2373 2313 κήσεως
2422 2240 2756 2300 ἀπολυθῶσιν
2793 2241 2843 2300 οἱ
2893 2238 3055 2321 ἅγιοι,
3106 2239 3199 2301 καὶ
3240 2242 3472 2322 φανῶσιν
3522 2242 3573 2300 οἱ
3621 2263 3781 2322 περι-

2168 2328 2504 2404 ποιηθέντες,
2556 2328 2648 2389 καὶ
2680 2320 3095 2410 προσκτηθέντες
3139 2332 3218 2411 τῷ
3255 2320 3412 2411 Θεῷ,
3454 2328 3593 2389 ὥστε
3639 2320 3779 2391 εἶναι

2171 2420 2333 2479 αὐτοῦ
2402 2419 2549 2487 λαός.
2629 2418 2786 2487 Τινὲς
2859 2418 2916 2480 δὲ
2971 2421 3308 2501 περιποίησιν
3371 2423 3517 2497 ἡμᾶς
3594 2418 3782 2489 αὖτοὺς

2170 2509 2418 2583 ἐνόησαν.
2478 2531 2510 2569 α
2559 2510 2655 2577 Εἰς
2690 2498 3060 2590 ἀπολύτρωσιν
3101 2530 3133 2568 ι)
3170 2498 3260 2569 οὖν
3307 2530 3337 2568 ε
3369 2513 3464 2582 τῆς
3492 2509 3780 2590 περιποιή-

2170 2622 2329 2667 σεωςο
2380 2622 2408 2660 ι)
2461 2598 2751 2674 τουτέστιν,
2803 2602 2957 2676 ἡμῶν
2976 2642 2994 2673 ,
3042 2598 3230 2667 οἵτινές
3280 2601 3441 2679 ἐσμεν
3491 2598 3779 2681 περιποίη-

2172 2712 2273 2763 σις,
2306 2688 2397 2748 καὶ
2428 2693 2637 2769 κτῆσις,
2668 2687 2762 2749 καὶ
2790 2689 3072 2769 περιουσία
3102 2691 3264 2750 Θεοῦ.

2258 2805 2284 2833 α
2340 2781 2434 2847 Εἷς
2479 2777 2692 2839 ἔπαινον
2722 2783 2815 2853 τῆς
2848 2778 2999 2853 δόξης
3037 2781 3223 2841 αὐτοῦ.
3264 2799 3296 2837 ι)
3337 2781 3588 2860 Συνεχῶς
3626 2783 3781 2840 τοῦτο

2171 2867 2404 2946 ἐπιλέγει
2435 2864 2511 2946 6³,
2559 2867 2924 2950 πληροφορίαν
2971 2868 3143 2937 διδοὺς
3170 2866 3251 2929 ὅτι
3296 2868 3509 2936 πάντως
3546 2868 3597 2908 ⁵³
3626 2867 3779 2928 ἔσται

2170 2956 2240 3015 τὰ
2288 2956 2683 3036 ἐπηγγελμένα.
2716 2960 2795 3040 Ἐἰ
2845 2955 2942 3035 μὲν
3001 2958 3106 3040 γὰρ
3159 2961 3314 3036 ἡμῶν
3372 2955 3546 3019 ἕνεκεν
3585 2958 3775 3030 ἐποίει,

2172 3045 2271 3105 κᾶν
2303 3046 2659 3128 ἀμφιϐάλλειν
2710 3038 2794 3120 ἦν’
2825 3051 2915 3108 νῦν
2946 3038 3024 3108 δὲ.
3053 3049 3170 3107 ἐπεὶ
3217 3048 3304 3107 διὰ
3331 3046 3391 3107 τὸ
3418 3052 3648 3129 φανῆναι
3676 3046 3774 3121 τὴν

2171 3136 2367 3195 οἰκείαν
2411 3136 2718 3213 ἀγαθότητα
2770 3136 2956 3215 μέλλει
3003 3143 3175 3197 ταῦτα
3208 3141 3375 3198 ποιεῖν
3408 3137 3488 3218 5“,
3517 3137 3598 3206 τίς
3645 3140 3776 3199 ἄντ-

2173 3234 2282 3305 ερεῖ
2306 3229 2377 3294 ὣς
2403 3227 2464 3286 οὖ
2493 3225 2732 3301 ποιήσει;
2765 3224 2929 3288 Οὕτω
2970 3226 3064 3287 καὶ
3101 3232 3136 3300 ἡ
3182 3226 3392 3308 Γραφή·
3452 3253 3479 3282 ι
3537 3227 3775 3300 Ποίησον

471 3321 768 3394 Scriptura,
807 3341 834 3374 ‹‹
862 3323 970 3379 Fac
995 3320 1178 3391 nobis,
1217 3341 1245 3374 »
1278 3320 1481 3394 inquit,
1531 3343 1558 3372 ει
1587 3329 1812 3395 pr0pter
1848 3336 2057 3378 nomen

2171 3317 2297 3392 ἡμῖν
2324 3315 2412 3376 διὰ
2439 3314 2502 3375 τὸ
2547 3314 2714 3393 ὄνομά
2763 3339 2876 3377 σου·
2906 3337 2938 3376 ›)
2994 3316 3110 3390 καὶ,
3147 3339 3175 3377 α
3209 3316 3303 3390 Μὴ
3337 3322 3487 3396 ἡμῖν,
3527 3316 3669 3379 ἀλλὰ
3697 3320 3774 3376 τῶ

465 3420 624 3468 tuum
668 3422 716 3481 τ’,
770 3434 794 3461 ι
840 3419 915 3482 et,
965 3434 992 3461 α
1042 3414 1169 3469 Non
1212 3411 1376 3468 nobis
1432 3410 1528 3469 sed
1595 3411 1811 3468 nomini
1853 3420 1949 3469 tuo
1990 3411 2061 3469 da

465 3496 735 3576 gloriam"
763 3542 779 3559 .
831 3524 857 3552 ο

534 3594 709 3650 VEBs.
755 3597 840 3648 15.
890 3613 918 3642 «
951 3594 1249 3665 Propterea
1275 3601 1332 3649 et
1365 3608 1488 3666 ego,
1526 3591 1715 3649 audita
1745 3592 1851 3651 fide
1881 3601 2060 3650 vestra

463 3681 521 3738 in
567 3681 807 3739 Domino
853 3685 1006 3751 Jesu,
1054 3698 1120 3739 ac
1159 3681 1451 3739 dilectione
1500 3681 1556 3738 in
1587 3698 1784 3739 omnes
1815 3693 2057 3753 sanctos,

460 3787 577 3828 non
587 3787 743 3828 cesso
762 3772 960 3845 gratias
973 3787 1131 3846 agere
1148 3788 1250 3845 pro
1270 3771 1444 3829 vobis.
1468 3795 1495 3820 ν
1518 3802 1590 3813 -
1609 3794 1635 3821 α
1658 3775 1893 3846 Propter
1908 3772 2014 3830 hoc
2043 3791 2056 3829 :

459 3861 669 3933 Quale?
713 3860 879 3935 Quod
941 3861 1048 3918 ﬁde
1100 3870 1339 3934 recepta,
1402 3861 1602 3933 signati
1647 3860 1764 3919 sitis
1830 3862 2055 3934 Spiritu,

459 3950 942 4024 arrhabonemque
1000 3950 1319 4022 acceperitis
1379 3948 1699 4007 futurorum
1757 3950 2057 4021 bonorum,

459 4038 824 4113 perfectaeque
846 4038 1243 4111 redemptionis
1263 4039 1673 4112 assecuturique
1690 4039 1812 4098 sitis
1841 4055 1905 4097 ea
1939 4056 2062 4113 qua

459 4138 589 4186 sunt
613 4128 851 4201 reposita
879 4129 942 4185 iis
989 4128 1082 4201 qui
1110 4136 1257 4185 recte
1281 4128 1514 4185 credunt
1539 4136 1593 4186 et
1624 4129 1836 4201 vivunt,
1868 4152 1895 4181 ‹‹
1932 4134 2062 4187 Non

461 4232 616 4275 cesso
653 4217 853 4289 gratias
899 4232 1059 4289 agere
1096 4233 1194 4289 pro
1219 4218 1391 4275 vobis.
1440 4237 1469 4271 »
1497 4218 1909 4276 Animadvertis
1960 4220 2063 4276 mi-

459 4305 820 4363 sericordiam
844 4313 902 4363 et
921 4307 1273 4364 clementiam
1299 4307 1437 4380 ejus,
1463 4308 1744 4382 quomodo
1775 4325 1874 4381 pro
1894 4310 2066 4366 omni-

457 4396 564 4453 bus
599 4395 798 4469 gratias
852 4403 1002 4468 agat,
1046 4411 1147 4453 ceu
1184 4396 1303 4469 ipse
1345 4396 1680 4455 beneficium
1726 4399 2060 4470 accepisset?

458 4489 583 4544 Non
621 4486 771 4543 enim
820 4487 936 4543 istis
983 4486 1187 4553 solum,
1218 4502 1412 4543 verum
1454 4487 1623 4544 etiam
1668 4488 1931 4545 omnibus
1959 4487 2063 4544 hoc

455 4575 663 4634 scribit.
703 4576 954 4650 Dignum
994 4584 1077 4633 est
1103 4585 1290 4633 autem
1333 4578 1534 4649 gratias
1578 4593 1683 4635 nos
1728 4593 1890 4650 agere
1932 4581 2052 4635 Deo
2084 4595 2133 4657 ι)

457 4681 558 4737 pro
588 4665 801 4722 cunctis
820 4665 1096 4722 beneficiis
1114 4666 1235 4723 aliis
1258 4681 1381 4739 qua:
1400 4666 1458 4722 in
1492 4682 1595 4723 nos
1626 4667 1713 4723 ille
1752 4668 2052 4724 transtulit.

454 4754 702 4829 Dignum
724 4763 912 4812 tamen
929 4757 1097 4811 etiam
1117 4764 1201 4812 est
1221 4771 1319 4828 pro
1350 4755 1459 4813 fide
1476 4755 1821 4815 credentium
1847 4757 2049 4830 gratias

453 4861 635 4919 agere,
673 4843 822 4917 quod
849 4844 928 4902 sic
956 4844 1248 4901 illuminati
1270 4846 1404 4913 sint,
1434 4845 1585 4918 quod
1602 4846 1757 4903 cruci
1780 4849 2042 4904 Servato-

2169 3403 2394 3483 ὀνόματί
2421 3428 2513 3465 σου
2542 3404 2628 3474 δὸς
2658 3405 2834 3475 δόξαν.
2870 3432 2896 3460 ι»

2256 3614 2281 3641 α
2316 3586 2419 3648 Διὰ
2448 3591 2605 3647 τοῦτο
2638 3585 2808 3665 κάγὼ,
2848 3585 3082 3655 ἀκούσας
3121 3585 3217 3662 τὴν
3249 3590 3368 3647 καθ’
3401 3590 3540 3666 ὓμᾶς
3589 3586 3771 3648 πίστιν

2167 3677 2222 3734 ἐν
2251 3680 2327 3757 τῷ
2360 3676 2541 3757 Κυρίῳ
2571 3675 2777 3751 Ἰησοῦ,
2820 3675 2912 3735 καὶ
2942 3676 3038 3750 τὴν
3081 3677 3298 3756 ἀγάπην
3328 3675 3426 3751 τήν
3467 3680 3539 3745 εἷς
3570 3676 3776 3745 πάντας

2166 3764 2289 3833 τοὺς
2341 3764 2541 3845 ἁγίους,
2575 3767 2636 3824 οὗ
2687 3765 2934 3844 παύομαι
2984 3769 3313 3847 εὐχαριστῶν
3348 3767 3480 3848 ὗπὲρ
3508 3770 3677 3845 ὑμῶν.
3737 3790 3767 3824 ι

2171 3876 2202 3913 α
2237 3854 2343 3916 Διὰ
2387 3858 2565 3917 τοῦτο.
2613 3882 2637 3910 υ
2684 3858 2883 3934 Ποῖον,
2917 3855 3066 3915 Διότι
3106 3856 3510 3930 πιστεύσαντες,
3562 3857 3768 3937 ἐσφρα-

2166 3943 2383 4022 γίσθητε
2434 3947 2510 4023 τῷ
2558 3943 2863 4023 Πνεύματι,
2916 3945 3009 4006 καὶ
3049 3944 3346 4027 ἀρραϐῶνα
3397 3945 3617 4007 ἐλάϐετε
3666 3948 3770 4004 τῶν

2169 4030 2472 4111 μελλόντων
2521 4036 2733 4112 ἀγαθῶν
2780 4034 2873 4093 καὶ
2923 4038 3018 4108 τῆς
3066 4034 3271 4103 τελείας
3323 4037 3767 4115 ἀπολυτρώσεως,

2169 4122 2260 4182 καὶ
2328 4120 2551 4198 μέλλετε
2613 4126 2793 4203 τυχεῖν
2852 4126 2956 4182 τῶν
3009 4125 3372 4201 ἀποκειμένων
3441 4125 3549 4193 τοῖς
3604 4128 3773 4206 ὀρθῶς

2167 4209 2475 4271 πιστεύουσι
2520 4214 2613 4271 καὶ
2678 4216 2904 4292 βιοῦσιν,
2945 4241 2971 4269 α
3043 4219 3102 4274 οὖ
3149 4213 3394 4291 παύομαι
3441 4216 3769 4295 εὐχαριστῶν

2170 4304 2300 4380 ὓπερ
2331 4302 2500 4379 ὑμῶν.
2534 4323 2565 4357 ι)
2616 4300 2785 4384 Ὁρᾷς
2815 4302 3100 4385 σπλάγχνα
3129 4305 3452 4387 οἰκτιρμῶν,
3493 4307 3606 4370 πῶς
3637 4303 3769 4383 ὑπὲρ

2167 4389 2378 4449 πάντων
2439 4392 2763 4473 εὐχαριστεῖ,
2832 4395 2902 4459 ὡς
2953 4393 3110 4461 αὐτὸς
3168 4392 3626 4475 εὖεργετούμενος;
3682 4395 3765 4452 Οὐ

2166 4481 2268 4559 γὰρ
2327 4479 2503 4558 μόνοις
2552 4479 2774 4562 τούτοις,
2826 4482 2965 4541 ἀλλὰ
3012 4481 3105 4542 καὶ
3146 4491 3290 4543 ’πᾶσι
3337 4488 3495 4545 τοῦτο
3550 4482 3764 4562 γράφει.

2165 4567 2335 4639 Ἄξιον
2385 4568 2480 4646 μὲν
2533 4560 2624 4654 οξν
2668 4570 3003 4651 εὐχαριστεῖν
3055 4575 3134 4654 τῷ
3185 4575 3312 4653 Θεῷ
3353 4572 3444 4632 καὶ
3494 4560 3600 4632 ἐπὶγ
3633 4560 3770 4630 πᾶσι

2163 4662 2271 4728 τοῖς
2306 4658 2507 4735 ίᾶλλοις
2550 4649 2625 4718 ὧν
2659 4649 2981 4738 ἠξιώθημεν·
3040 4649 3181 4730 ἂξιον
3233 4649 3294 4721 δὲ.
3341 4662 3433 4722 καὶ
3481 4660 3615 4740 ὑπὲρ
3674 4664 3771 4733 τῆς

2159 4749 2390 4817 πίστεως
2440 4751 2545 4808 τῶν
2596 4751 2985 4825 πιστευόντων,
3033 4750 3116 4811 ὅτι
3155 4748 3319 4819 οὕτως
3367 4749 3763 4833 ἐφωτίσθησαν,

2152 4838 2234 4897 ὅτι
2282 4842 2359 4916 τῷ
2416 4840 2629 4919 σταυρῷ
2690 4843 2782 4897 τοῦ
2840 4841 3093 4921 Σωτῆρος
3146 4839 3574 4923 προσετέθησαν,
3634 4841 3765 4897 ἀπο-

451 4935 530 4992 ris
568 4933 737 4991 additi
785 4933 920 5003 sint,
965 4949 997 4989 a
1043 4935 1312 5006 perditore
1338 4934 1649 4993 deﬁcientes
1683 4957 1696 4991 :
1736 4938 1860 4994 Hoc
1900 4936 2050 4995 enim

2171 4926 2376 4996 πάντες
2401 4935 2496 4988 τοῦ
2538 4928 2891 4998 ἀπολλύντος·
2944 4935 3097 4991 τοῦτο
3137 4929 3241 5012 γὰρ
3283 4929 3632 5012 φιλαδελφίας
3681 4928 3755 4989 ⁸⁵.

453 5023 707 5082 fraternae
754 5021 1037 5079 charitatis
1078 5030 1166 5080 est
1214 5046 1241 5073 α
1266 5023 1471 5081 Audita
1507 5023 1619 5082 fide
1650 5034 1853 5093 vestra,
1898 5050 1924 5076 xv
1966 5024 2047 5081 in-

2171 5044 2189 5071 κ
2223 5017 2498 5095 Ἀκούσας,
2555 5041 2583 5077 ι)
2643 5018 2794 5100 φησὶ,
2849 5047 2873 5074 ι
2923 5019 3020 5093 τὴν
3075 5019 3255 5080 πίστιν
3309 5024 3459 5099 ὑμῶν
3517 5019 3614 5092 τὴν
3671 5016 3758 5077 διὰ

447 5114 588 5187 quit,
624 5135 649 5162 α
692 5128 819 5186 qua}
847 5120 931 5169 est
974 5127 1072 5186 per
1120 5115 1310 5170 Iesum
1351 5113 1676 5172 Christum:
1722 5138 1748 5166 ν
1796 5130 1903 5173 nec
1932 5116 2048 5173 sola

2171 5112 2250 5167 τοῦ
2315 5106 2516 5187 Κυρίου
2544 5106 2761 5185 εἸησοῦ.
2821 5135 2846 5162 υ
2906 5108 3019 5170 Καὶ
3071 5111 3130 5171 οὔ
3187 5109 3345 5188 μόνον
3404 5106 3501 5181 τὴν
3552 5107 3758 5184 πίστιν,

358 5274 359 5277 η
451 5202 583 5271 ﬁde,
602 5217 795 5259 verum
813 5201 986 5259 etiam
1010 5201 1383 5270 dilectionem,
1412 5203 1517 5261 hoc
1540 5213 1623 5263 est
1636 5203 1980 5263 misericordi
1994 5213 2049 5262 et

2171 5195 2296 5258 ἰλλὰ
2368 5195 2462 5256 καὶ
2522 5195 2620 5269 τὴν
2689 5196 2929 5275 ἀγάπην,
2993 5198 3264 5273 τουτέστι,
3324 5197 3419 5271 τὴν
3498 5198 3762 5273 ἐλεήμονα

447 5292 683 5349 fratrum
710 5291 913 5349 amanti
941 5292 1151 5363 animo,
1179 5301 1344 5366 atque
1380 5292 1626 5351 humano
1665 5295 1758 5368 qui
1784 5303 1868 5353 est
1915 5309 2046 5368 erga

2171 5286 2244 5347 ta‘t
2283 5285 2602 5368 φιλάδελφον
2640 5284 2858 5367 γνώμην
2907 5287 2999 5347 καὶ
3038 5287 3407 5371 φιλάνθρωπον
3437 5287 3489 5324 ⁸⁸
3531 5290 3636 5346 τῶν
3689 5287 3763 5352 εἷς

535 5425 814 5499 “Philipp.
846 5440 892 5497 Ι,
920 5431 1009 5484 23.
1105 5427 1285 5484 'Psal.
1321 5443 1499 5500 cvm,
1533 5434 1619 5486 21.
1711 5431 1895 5488 *Psal.
1927 5444 2109 5499 cxxn,
2140 5435 2188 5487 1.

1852 5544 2041 5604 Variae
2081 5544 2388 5606 lectiones.

520 5651 563 5685 ⁵⁷
588 5651 803 5724 ἠγόρασε
830 5655 874 5705 δ’
900 5650 985 5708 οὗν
1016 5670 1095 5711 m.
1173 5658 1379 5730 ⁵⁸εοείας
1405 5674 1460 5715 0.
1536 5658 1580 5695 '9
1609 5661 1750 5724 τέλος
1773 5676 1826 5718 0.
1906 5660 1951 5695 ⁶⁰
1970 5660 2140 5724 τέλους
2161 5676 2216 5718 0.
2271 5660 2311 5694 ⁶¹
2344 5658 2537 5732 ἀγαθοῦ
2564 5673 2619 5717 0.
2675 5659 2719 5694 ⁸³
2748 5658 2959 5731 ἐπιφέρει
2983 5672 3066 5716 m.
3121 5658 3166 5693 ⁸³
3194 5660 3354 5713 πάντα
3376 5675 3430 5716 0.
3481 5658 3524 5693 (⁵
3550 5660 3757 5713 τοιαῦτα

445 5737 648 5788 ποιῆται
676 5748 731 5788 0.
807 5733 850 5767 ⁸³⁸
877 5734 1176 5807 φιλαδελφία
1199 5754 1277 5794 m.
1355 5738 1399 5772 ⁸⁸
1423 5738 1512 5806 τὴν
1539 5739 1877 5814 ἐλεημοσύνην
1906 5742 1991 5796 καὶ
2018 5742 2186 5813 φιλάν.
2221 5743 2343 5813 γνώ.
2374 5756 2429 5797 0.
