4124 6422
398 425 538 483 1045

1307 423 1660 485 EXPOSITIO
1697 427 1763 519 li‘i
1802 428 2015 486 EPIST.
2053 430 2146 487 AD
2189 431 2250 489 El
2273 432 2422 489 HES.
2460 463 2534 477 -—-
2569 434 2719 491 CAP.
2760 439 2805 491 1.

3567 438 3703 493 i056

407 550 630 628 πάντας,
661 550 756 614 καὶ
796 553 891 614 οὖκ
922 552 994 619 εἷς
1026 549 1288 629 μόνουςν⁶7
1314 550 1431 620 τοὺς
1453 549 1764 634 ἐπιχωρίους
1795 553 1993 634 ἁγίους,

2112 571 2331 631 omnes,
2361 567 2420 617 et
2457 574 2567 617 non
2620 576 2751 634 erga
2793 558 2941 616 solos
2978 559 3259 633 indigenas
3311 569 3550 631 sanctos,
3598 561 3705 618 hoc

400 641 662 718 τουτέστι,
707 641 830 711 τοὺς
876 640 1095 710 πιστοὺς
1124 640 1377 713 πένητας.
1415 644 1706 725 Πανταχοῦ
1738 642 1795 705 δὲ
1842 645 1894 683 ⁵⁸

402 730 580 792 πίστει
638 732 734 805 τὴν
801 732 1017 812 ἀγάπην
1078 731 1368 806 συνάπτει,
1434 730 1530 804 τὴν
1581 736 1847 810 γεννῶσαν
1906 734 1995 795 τὸν

400 820 643 900 ἐνάρετον
700 821 837 903 βίον.
889 821 1044 883 Ἄνευ
1084 822 1187 902 γὰρ
1229 822 1427 894 ταύτης
1472 820 1534 882 τὸ
1587 821 1763 903 ἕτερον
1814 823 1993 905 ἀργὸν,

398 914 437 982 ἡ
473 910 673 989 πίστις,
723 911 882 994 φημὶ,
933 911 1098 994 χωρὶς
1145 911 1299 993 ἔργου
1350 911 1443 973 καὶ
1501 913 1636 993 βίου·
1676 910 1858 996 ὥσπερ
1904 913 1995 975 καὶ

402 1000 512 1081 βίος
537 1002 703 1083 χωρὶς
738 1003 990 1072 πίστεως.

482 1120 506 1146 α
540 1092 744 1153 Μνείαν
775 1094 926 1170 ὑμῶν
969 1092 1281 1176 ποιούμενος
1319 1093 1410 1153 ἐπὶ
1453 1096 1559 1153 τῶν
1590 1097 1924 1176 προσευχῶν.
1960 1120 1991 1153 υ

402 1181 687 1255 Ἐννόησον
736 1180 932 1250 πόσους
984 1172 1124 1263 εἶχεν
1172 1185 1224 1242 ἐν
1382 1181 1610 1265 διανοίᾳ,
1636 1172 1827 1244 πόσων
1873 1183 1998 1262 ἐμέ-

401 1296 572 1347 μνητο
603 1273 657 1331 ἐν
689 1278 802 1339 ταῖς
833 1273 1018 1352 εὐχαῖς
1045 1269 1115 1309 ⁵9·
1136 1275 1290 1349 ἡμεῖς
1326 1274 1402 1349 δὲ,
1441 1271 1561 1334 οὐδὲ
1590 1276 1748 1350 ἡμῶν
1796 1276 1990 1352 αὐτῶν,

397 1364 466 1426 ὡς
507 1360 637 1443 χρή.

489 1553 518 1590 (ι
546 1529 668 1592 Ἵνα
709 1534 737 1590 6
780 1532 915 1598 Θεὸς
955 1536 1050 1591 τοῦ
1095 1531 1296 1612 Κυρίου
1338 1536 1489 1610 ἡμῶν
1526 1531 1705 1606 Ἰησοῦ
1742 1535 1995 1615 Χριστοῦ,

397 1624 427 1680 6
459 1620 650 1700 Πατὴρ
679 1623 773 1692 τῆς
813 1620 986 1694 δόξης.
1037 1645 1065 1679 n
1119 1624 1189 1683 Τί
1238 1622 1330 1700 δέῃ
1369 1622 1459 1681 καὶ
1501 1624 1827 1701 παρακαλεῖς
1865 1625 1996 1706 ὑπὲρ

399 1714 589 1787 ἡμῶνς
617 1707 739 1772 Ἵνα
785 1713 813 1769 6
842 1710 979 1778 Θεὸς
1021 1712 1214 1793 σοφίσῃ
1246 1714 1401 1787 ὑμᾶς.
1448 1739 1472 1765 οι
1503 1713 1641 1779 Θεὸς
1674 1740 1696 1764 ν
1744 1712 1798 1771 δὲ
1841 1734 1869 1769 (ι
1903 1718 1995 1773 τοῦ

402 1798 604 1881 Κυρίου
635 1799 830 1874 Ἰησοῦ
884 1828 909 1853 ν
938 1801 1198 1875 τουτέστι,
1239 1806 1334 1859 τοῦ
1366 1801 1643 1880 ἀνθρώπου
1690 1808 1780 1862 τοῦ
1813 1802 1995 1882 ὁμοίου

2102 655 2187 704 est
2208 648 2392 707 ﬁdeles
2434 665 2722 723 pauperes.
2758 649 2978 721 Ubique
3006 657 3189 706 autem
3220 649 3344 706 ﬁdei
3373 652 3704 707 charitatem

2104 739 2399 808 connectit,
2436 748 2628 812 utpote
2653 754 2775 812 quae
2799 739 2964 795 vitam
2993 739 3194 795 virtute
3216 748 3464 795 ornatam
3490 740 3697 813 gignit:

2107 825 2327 899 Absque
2365 828 2467 884 hac
2505 829 2657 885 enim
2687 829 2926 885 alterum
2960 828 3206 884 otiosum
3234 836 3319 883 est
3343 828 3482 883 ﬁdes
3506 845 3705 900 nempe

2102 915 2222 973 sine
2253 919 2512 991 operibus
2541 925 2595 975 et
2639 918 2773 986 vita,
2823 916 3297 991 quemadmodum
3343 924 3398 973 et
3435 917 3544 974 vita
3583 918 3703 975 sine

2103 1004 2227 1064 ﬁde.

2175 1100 2356 1155 Vnus.
2395 1103 2480 1154 16.
2511 1120 2537 1148 α
2580 1096 2895 1154 Memoriam
2933 1097 3100 1153 vestri
3139 1095 3343 1154 faciens
3370 1096 3429 1153 iu
3452 1097 3705 1155 orationi-

2104 1186 2209 1244 bus
2227 1188 2386 1246 meis.
2405 1207 2432 1240 »
2455 1186 2730 1260 Expende
2751 1195 2935 1244 tecum
2954 1197 3219 1259 quotnam
3242 1187 3300 1242 in
3328 1186 3500 1244 corde
3527 1202 3706 1261 gesse-

2103 1277 2193 1345 rit,
2220 1287 2276 1334 ct
2316 1286 2458 1351 quot
2500 1277 2847 1333 mentionem
2884 1277 3072 1332 fecerit
3106 1276 3161 1331 in
3191 1276 3555 1335 orationibus.
3588 1279 3705 1333 Nos

2104 1384 2234 1423 vero
2280 1384 2349 1424 ne
2391 1366 2563 1424 nostri
2602 1366 2824 1439 quidem
2869 1366 3136 1439 ipsorum,
3177 1373 3241 1421 ut
3275 1374 3511 1439 oportet,
3535 1366 3704 1422 remi-

2100 1457 2294 1513 niscim
2303 1474 2384 1513 ur.

2176 1548 2355 1603 Vnus.
2387 1552 2473 1602 17.
2510 1567 2536 1594 α
2560 1548 2640 1603 Ut
2665 1548 2818 1602 Deus
2842 1545 3068 1601 Domini
3106 1545 3286 1602 nostri
3319 1546 3452 1601 Jesu
3482 1544 3700 1613 Christi,

2103 1638 2264 1692 Pater
2283 1636 2492 1709 gloriae.
2529 1658 2554 1685 ιο
2595 1633 2739 1706 Quid
2785 1633 2949 1690 nobis
2993 1634 3399 1707 comprecaris?
3441 1636 3520 1691 Ut
3554 1637 3705 1690 Deus

2102 1724 2318 1782 erudiat
2344 1741 2408 1782 ac
2444 1724 2716 1797 sapientes
2743 1739 2842 1780 vos
2886 1724 3053 1797 375
3093 1723 3277 1781 faciat.
3305 1745 3331 1772 α
3363 1726 3516 1780 Deus
3555 1742 3583 1774 »
3611 1739 3705 1779 au-

2104 1822 2217 1871 tem
2250 1839 2275 1863 α
2321 1814 2549 1871 Domini
2588 1816 2740 1882 Jesu,
2788 1812 2896 1868 hoc
2928 1821 3013 1868 est
3060 1810 3326 1880 hominis,
3384 1811 3482 1883 qui
3513 1826 3707 1868 secun-

399 1894 527 1967 ἡμῖν
569 1889 708 1949 κατὰ
758 1889 857 1963 τὴν
905 1889 1102 1971 σάρκα.
1160 1917 1185 1945 κ
1233 1890 1304 1951 Ὀ
1363 1888 1552 1970 Πατὴρ
1608 1896 1700 1963 τῆς
1747 1891 1912 1965 δόξης·
1955 1915 1985 1952 ι)

2107 1906 2241 1963 dum
2265 1918 2491 1960 carnem
2514 1902 2672 1960 nobis
2709 1909 2795 1959 est
2829 1900 3022 1958 similis
3051 1920 3063 1956 :
3102 1923 3128 1949 ιι
3165 1902 3329 1956 Pater
3357 1899 3569 1972 gloria,
3600 1924 3623 1948 ιι
3649 1900 3704 1957 id

397 1978 691 2052 τουτέστιν,
767 1984 796 2039 6
865 1981 1075 2059 μεγάλα
1145 1979 1239 2038 καὶ
1305 1978 1488 2048 ἔνδοξα
1567 1982 1806 2049 δεδωκὼς
1869 1988 1997 2059 ἡμῖν

2107 2005 2201 2063 est,
2231 1994 2326 2065 qui
2357 1992 2595 2066 ingentia
2620 2007 2723 2048 nec
2739 2005 2853 2046 non
2877 1989 3138 2062 praeclara
3162 1988 3326 2046 nobis
3358 1987 3500 2045 bona
3529 1988 3700 2045 dedit.

399 2071 595 2147 ἀγαθά.
655 2068 761 2129 Ἀεὶ
811 2067 915 2150 γὰρ
979 2068 1087 2129 ἀπὸ
1153 2073 1248 2141 τῆς
1299 2070 1651 2149 προκειμένης
1708 2072 2000 2139 ὑποθέσεως

400 2159 557 2219 αὐτὸν
590 2159 864 2237 ὀνομάζει,
897 2162 968 2227 ὣς
1013 2158 1097 2233 τὸ,
1135 2184 1165 2215 α
1196 2158 1394 2239 Πατὴρ
1426 2164 1530 2218 τῶν
1560 2164 1866 2240 οἰκτιρμῶν,
1908 2162 2000 2221 καὶ

399 2249 538 2318 Θεὸς
611 2247 785 2323 πάσης
851 2248 1262 2329 παρακλήσεως·
1341 2271 1369 2308 ι)
1439 2249 1531 2310 καὶ
1599 2253 1626 2309 6
1699 2251 1998 2333 προφήτης,

396 2366 424 2393 α
485 2337 678 2420 Κύριος
744 2338 898 2419 ἰσχύς
955 2361 1057 2417 μου
1108 2339 1201 2399 καὶ
1260 2339 1417 2420 κέρας
1473 2339 1739 2420 σωτηρίας
1787 2364 1907 2417 μου.
1959 2363 1990 2400 ι)

406 2428 513 2491 Καὶ
539 2432 765 2490 ἐνταῦθα
806 2427 1002 2502 τοίνυν,
1050 2426 1232 2499 ἐπειδὴ
1266 2428 1477 2506 μεγάλα
1516 2432 1645 2505 ἡμῖν
1689 2428 1782 2490 καὶ
1817 2431 1997 2500 ἔνδοξα

399 2518 721 2601 ἐχαρίσατο,
800 2548 811 2559 ι
845 2518 1068 2598 Πατέρα
1165 2517 1346 2596 δόξης,
1437 2518 1706 2579 τυυτέστιν
1809 2520 1998 2596 αἴτιον,

401 2608 557 2668 αὐτόν
602 2631 782 2689 φησιν.
818 2610 901 2669 Οὐ
953 2608 1057 2688 γὰρ
1110 2606 1220 2688 ἔχει
1264 2609 1436 2675 ἄλλως
1483 2607 1639 2667 αὗτὸν
1689 2608 1997 2685 καλέσαι,ἢ

402 2698 509 2759 ἀπὸ
557 2706 648 2760 τοῦ
691 2698 1063 2779 λαμπροτέρου
1109 2700 1237 2778 παρ’
1288 2698 1418 2775 ἡμῖν
1474 2697 1752 2777 ὀνόματος.
1814 2697 1884 2761 Ὀ
1941 2700 1998 2761 δὲ

400 2787 660 2867 Θεολόγος
705 2787 995 2869 Γρηγόριος
1043 2785 1194 2870 δόξαν
1226 2784 1320 2858 τὴν
1373 2788 1596 2861 θεότητα
1623 2793 1719 2847 τοῦ
1763 2793 1999 2870 Μονογε-

410 2883 518 2946 νοῦς
546 2866 770 2952 ἐνόησενῖ
792 2877 868 2953 7°,
891 2866 1041 2936 661's
1075 2866 1211 2936 εἶναι
1245 2881 1334 2937 τοῦ
1367 2879 1527 2936 αὐτοῦ
1575 2876 1668 2937 καὶ
1700 2876 1810 2947 ἔνὸς
1860 2866 1999 2960 Χρι-

400 2974 527 3027 στοῦ
555 2966 648 3027 καὶ
692 2967 830 3027 Θεὸν
878 2966 970 3028 καὶ
1002 2967 1245 3046 Πατέρα’
1292 2968 1531 3049 Χριστοῦ
1563 2967 1681 3045 μὲν,
1711 2967 1873 3049 ἤγουν
1906 2974 1997 3029 τοῦ

403 3056 760 3139 ἀνθρωπίνου,
793 3058 953 3120 Θεόν·
998 3063 1092 3128 τῆς
1127 3056 1181 3115 δὲ
1214 3054 1382 3132 δόξης,
1412 3056 1575 3135 ἤγουν
1605 3062 1699 3132 τῆς
1728 3058 1993 3133 θεότητος,

402 3146 648 3229 Πατέρα.

482 3266 506 3290 σι
538 3236 669 3318 Δῴη
703 3237 825 3314 ὑμῖν
870 3242 1079 3314 πνεῦμα
1126 3233 1314 3316 σοφίας
1360 3235 1452 3297 καὶ
1500 3236 1902 3319 ἀποκαλύψεως,
1941 3240 1995 3298 ἐν
2033 3248 2078 3311 C

408 3329 690 3407 ἐπιγνώσει
725 3330 888 3386 αὐτοῦ
937 3324 1370 3406 πεφωτισμένους
1403 3324 1522 3392 τοὺς
1563 3328 1867 3406 ὀφθαλμοὺς
1906 3333 1999 3401 τῆς

404 3417 620 3499 καρδίας
649 3419 817 3495 ὓμῶν.
865 3438 893 3475 ν
927 3413 1213 3488 Τουτέστι,
1262 3415 1519 3496 Χάρισμα
1555 3417 1681 3492 ῧμῖν
1718 3415 1999 3499 παράσχῃ,

404 3510 542 3567 ὥστε
582 3506 670 3567 διὰ
712 3512 804 3567 τοῦ
844 3505 1162 3584 Πνεύματος
1202 3506 1548 3585 φωτισθῆναι.
1597 3506 1664 3565 Εἰ
1695 3504 1771 3584 μὴ
1807 3505 1909 3586 γὰρ
1937 3507 1999 3566 τὸ

408 3601 627 3675 Πνεῦμα
660 3594 983 3677 ἀποκαλύψῃ
1016 3595 1086 3654 τὰ
1132 3592 1477 3675 κεκρυμμένα
1522 3594 1822 3674 μυστήρια,
1873 3595 1999 3656 ἀδύ-

403 3712 558 3749 νατον
591 3687 767 3754 ἄλλως
798 3690 1007 3764 μαθεῖν.
1046 3684 1241 3746 «Αὐτὸ
1272 3705 1305 3744 n
1354 3682 1456 3764 γὰρ
1488 3682 1665 3762 μόνον,
1694 3685 1791 3743 οὐκ
1834 3683 1999 3763 ἂγγε-

403 3781 512 3856 λος,
547 3776 667 3838 οὐδὲ
700 3775 1050 3857 ἀρχάγγελος,
1083 3800 1107 3828 α
1149 3773 1328 3833 πάντα
1373 3776 1576 3855 ἐρευνᾷ,
1610 3772 1701 3833 καὶ
1744 3774 1810 3834 τὰ
1859 3775 1997 3855 βάθη

402 3874 495 3929 τοῦ
524 3868 686 3928 Θεοῦ,
712 3893 736 3921 ι
750 3897 826 3913 -
847 3892 871 3920 α
891 3864 1143 3946 Ψυχικὸς
1159 3863 1213 3924 δὲ
1230 3864 1502 3944 ἅνθρωπος
1518 3864 1577 3922 οὔ
1597 3862 1809 3945 δέχεται
1827 3865 1894 3925 τὰ
1905 3872 1998 3925 τοῦ

410 3956 742 4037 Πνεύματος.
774 3979 805 4015 ι)
839 3954 1016 4018 Ὅταν
1047 3949 1137 4015 οὖν
1188 3954 1290 4016 ὑπὸ
1317 3959 1408 4015 τοῦ
1437 3952 1755 4031 Πνεύματος
1788 3956 1998 4015 ἀποκα-

405 4053 575 4133 λυφθῇ
603 4049 733 4125 ἡμῖν
764 4046 830 4107 τὰ
860 4045 1149 4127 μυστήρια,
1191 4044 1310 4105 τότε
1352 4044 1445 4104 καὶ
1494 4047 1547 4104 ἐν
1595 4043 1878 4124 ἐπιγνώσει
1904 4051 1999 4105 τοῦ

406 4141 544 4202 Θεοῦ
598 4137 887 4217 γινόμεθα,
918 4136 1011 4198 καὶ
1051 4137 1366 4219 φωτίζονται
1413 4136 1461 4195 οἱ
1505 4135 1770 4218 ὀφθαλμοὶ
1819 4140 2000 4216 ἡμῶν,

406 4230 497 4288 καὶ
545 4227 722 4290 οὐκέτι
758 4227 1170 4309 ἀμφιϐάλλομεν
1213 4225 1304 4284 καὶ
1360 4224 1604 4305 λέγομεν,
1651 4226 1733 4285 ὅτι
1782 4224 2001 4287 Ἀδύνα-

406 4343 494 4379 τον
547 4319 667 4378 τόδε
712 4317 954 4396 γενέσθαι
992 4315 1084 4377 καὶ
1126 4315 1263 4376 τόδεο
1317 4314 1455 4375 ἀλλὰ
1506 4311 1777 4396 βλέπομεν
1825 4317 2001 4377 πάντα

407 4412 475 4478 ὣς
503 4408 731 4490 ἔχουσιν.

489 4528 514 4553 ιι
546 4501 641 4566 Εἷς
681 4497 742 4558 τὸ
771 4496 964 4557 εἰδέναι
998 4497 1134 4573 ὗμᾶς
1185 4494 1263 4562 τίς
1307 4499 1450 4555 ἐστιν
1484 4498 1519 4568 ἡ
1568 4493 1718 4564 ἐλπὶς
1745 4494 1843 4569 τὴς
1871 4496 2003 4571 κλή-

2101 2087 2332 2156 Semper
2350 2084 2500 2139 enim
2520 2098 2549 2136 a
2571 2080 2853 2154 proposito
2875 2088 3203 2152 argumento
3226 2079 3404 2150 ipsum
3425 2077 3702 2146 nominat,

2106 2184 2165 2229 ut
2199 2173 2251 2229 in
2286 2172 2377 2228 illo
2416 2191 2430 2228 :
2480 2192 2507 2221 ι
2547 2174 2704 2227 Pater
2732 2169 3176 2236 miserationum,
3220 2183 3285 2224 ac
3326 2170 3476 2222 Deus
3510 2181 3706 2221 conso-

2104 2261 2322 2319 lationis
2348 2279 2396 2322 y.
2430 2280 2458 2314 »
2491 2260 2639 2329 Quin
2667 2259 2837 2315 etiam
2856 2258 3128 2332 Propheta
3158 2276 3220 2314 :a
3247 2256 3522 2313 Dominus
3553 2254 3707 2311 forti-

2106 2350 2239 2408 tudo
2283 2366 2428 2421 mea,
2481 2357 2536 2405 et
2582 2364 2755 2406 cornu
2798 2346 2990 2404 salutis
3030 2360 3170 2403 mea:
3209 2367 3250 2400 ι.
3304 2368 3330 2395 π
3371 2344 3477 2401 Hic
3514 2344 3704 2418 igitur,

2105 2450 2397 2515 postquam
2429 2454 2629 2512 magna
2665 2446 2723 2494 et
2756 2437 2997 2510 gloriosa
3036 2435 3198 2492 nobis
3247 2433 3491 2503 donavit,
3536 2457 3559 2484 α
3604 2436 3707 2489 Pa-

2103 2543 2249 2591 trem
2288 2533 2497 2607 glorim,
2544 2556 2569 2582 υ
2616 2531 2724 2587 hoc
2761 2536 2845 2586 est
2885 2535 3171 2585 auctorem
3224 2526 3403 2600 ipsum
3446 2525 3699 2599 appellat.

2105 2626 2230 2681 Non
2260 2630 2466 2696 postest
2507 2607 2674 2677 enim
2692 2634 2826 2676 eum
2853 2618 3009 2675 aliter
3038 2631 3250 2685 vocare,
3283 2630 3450 2689 quam
3473 2631 3502 2670 a
3527 2615 3707 2686 splen-

2105 2713 2317 2769 didiore
2345 2711 2493 2785 apud
2518 2726 2622 2766 nos
2660 2708 2909 2765 nomine.
2940 2705 3250 2778 'I’heologus
3273 2712 3457 2760 autem
3493 2703 3703 2775 Grego-

2103 2802 2220 2858 rius
2243 2818 2367 2875 per,
2412 2824 2439 2852 σι
2484 2800 2743 2875 gloriam,
2780 2821 2804 2846 υ
2851 2794 3146 2868 Unigeniti
3184 2792 3522 2850 divinitatem
3553 2791 3709 2847 intel-

2103 2892 2258 2965 lexit,
2304 2899 2368 2948 ut
2412 2891 2460 2947 si
2500 2889 2662 2947 unius
2689 2896 2744 2944 et
2771 2885 3019 2959 ejusdem
3046 2882 3251 2941 Christi
3275 2890 3331 2937 et
3356 2884 3506 2938 Deus
3527 2888 3581 2936 et
3602 2882 3705 2936 Pa-

2103 2991 2189 3039 ter
2243 3001 2257 3038 :
2305 2979 2507 3039 Christi
2570 2980 2819 3053 quidem,
2872 2976 2986 3033 sive
3032 2972 3416 3043 humanitatis,
3491 2977 3639 3030 Deus
3690 2992 3702 3026 :

2104 3072 2296 3146 gloriae
2327 3086 2479 3141 vero,
2504 3069 2616 3127 sive
2657 3067 2976 3137 divinitatis,
2997 3068 3176 3123 Pater.

2188 3264 2212 3290 ιι
2246 3242 2354 3298 Det
2386 3238 2539 3296 vobis
2567 3235 2832 3311 Spiritum
2856 3234 3139 3309 sapientiae
3166 3250 3232 3292 ac
3259 3231 3622 3300 revelationis,
3655 3231 3708 3290 in

2110 3328 2391 3403 agnitione
2420 3326 2592 3400 ipsius
2630 3324 2975 3382 illuminatos
3017 3324 3206 3381 oculos
3238 3322 3425 3380 cordis
3475 3321 3653 3379 vestri.
3678 3346 3703 3372 υ

2109 3422 2231 3475 Hoc
2250 3427 2335 3474 est
2371 3420 2600 3474 Donum
2633 3423 2690 3472 et
2730 3413 2961 3488 gratiam
3002 3413 3155 3470 vobis
3183 3412 3454 3482 exhibeat,
3505 3421 3570 3468 ut
3612 3428 3708 3483 per

2109 3507 2373 3579 Spiritum
2410 3503 2757 3563 erudiamini.
2799 3503 2915 3560 Nisi
2955 3502 3104 3558 enim
3142 3501 3374 3573 Spiritus
3395 3499 3710 3557 revelaverit

2110 3596 2265 3652 vobis
2284 3593 2465 3652 abdita
2490 3593 2771 3667 mysteria,
2791 3592 2909 3649 ﬁeri
2932 3607 3047 3648 non
3078 3598 3261 3663 potest
3280 3598 3341 3646 ut
3363 3590 3470 3646 alia
3496 3589 3708 3648 ratione

2108 3682 2299 3740 eadem
2335 3679 2577 3738 discetis.
2627 3702 2652 3728 α
2704 3680 2831 3751 Ipse
2875 3697 2904 3730 »
2938 3692 3180 3748 namque
3206 3676 3375 3745 solus,
3404 3692 3516 3732 non
3544 3692 3709 3750 ange-

2108 3773 2213 3841 lus,
2259 3787 2437 3845 neque
2482 3768 2865 3841 archangelus,
2919 3789 2945 3816 α
2995 3766 3179 3822 omnia
3242 3766 3493 3832 rimatur,
3542 3764 3707 3822 etiam

2110 3858 2382 3936 profunda
2396 3856 3163 3917 Dei‘.»—«Animalisautem
3175 3854 3347 3911 homo
3357 3870 3466 3910 non
3482 3854 3709 3927 percipit

2108 3968 2232 4025 qua:
2254 3958 2381 4007 sunt
2399 3950 2632 4022 Spiritus
2651 3950 2728 4006 δ”.
2757 3971 2783 3997 ι
2814 3949 2956 4004 Cum
2985 3945 3150 4019 igitur
3174 3959 3204 4001 a
3234 3942 3441 4016 Spiritu
3470 3944 3706 3999 revelata

2108 4040 2271 4097 nobis
2299 4039 2502 4097 fuerint
2530 4038 2808 4113 mysteria,
2839 4045 2958 4092 tum
2986 4036 3039 4091 in
3060 4033 3336 4107 agnitione
3367 4032 3466 4089 Dei
3490 4048 3707 4101 sumus,

2112 4132 2562 4204 illustranturque
2598 4127 2741 4185 oculi
2774 4125 2949 4183 nostri
2962 4125 3123 4196 ,‘nec
3168 4138 3332 4196 porro
3371 4121 3709 4192 ambigimus

2112 4237 2176 4278 ac
2203 4221 2453 4289 dicimus,
2478 4217 2627 4293 quod
2656 4216 2726 4275 sit
2761 4213 3096 4289 impossibile
3124 4212 3235 4269 hoc
3262 4212 3346 4269 vel
3373 4211 3507 4270 illud
3534 4211 3651 4269 ﬁeri
3693 4228 3705 4265 :

2111 4318 2377 4368 caeterum
2421 4309 2673 4367 videmus
2706 4307 2891 4364 omnia
2920 4302 3390 4379 quemadmodum
3417 4311 3566 4361 sunt.

2186 4506 2363 4562 Vens.
2399 4508 2485 4560 18.
2515 4525 2540 4553 ιι
2564 4505 2644 4561 Ut
2674 4502 2862 4559 sciatis
2898 4517 2996 4558 vos
3023 4516 3145 4574 quae
3173 4501 3247 4557 sit
3269 4515 3394 4573 spes
3416 4499 3714 4557 vocationis

409 4614 538 4657 σεως
588 4588 634 4628 ⁷⁵
686 4590 869 4648 αὐτοῦ.
929 4611 960 4643 n
1010 4584 1331 4659 Ἰόυτέστιν,
1371 4583 1501 4645 Ἐπὶ
1567 4583 1744 4653 ποίαις
1793 4584 2000 4645 ἐλπίσιν

2117 4595 2248 4666 ejus.
2276 4618 2302 4644 ιο
2342 4595 2465 4650 Hoc
2493 4600 2598 4661 est,
2639 4591 2708 4649 ad
2734 4592 2955 4664 qualem
2983 4606 3139 4663 spem
3169 4588 3343 4645 vocati
3368 4586 3563 4644 simus.
3598 4590 3715 4645 Pla-

409 4679 726 4756 ἒκλήθημεν.
773 4680 949 4750 Δῆλον
998 4676 1078 4748 δὲ,
1116 4675 1198 4735 ὅτι
1230 4674 1319 4735 ἐπὶ
1358 4673 1617 4756 υἱοθεσία,
1663 4675 1889 4735 καὶτῶν
1918 4679 2001 4735 οὗ·

410 4768 600 4850 ρανίων
632 4772 846 4850 ἀγαθῶν
877 4765 1207 4839 ἀπολαύσει,
1252 4764 1346 4825 καὶ
1373 4767 1452 4846 τῷ
1482 4754 1616 4824 εἶναι
1654 4768 1811 4842 ἡμῶν
1841 4788 2005 4848 κεφα-

409 4859 507 4933 λὴν
557 4858 649 4919 τὸν
701 4858 956 4940 Χριστόν.
1012 4853 1236 4927 Ἐπειδὴ
1252 4854 1367 4935 γὰρ
1416 4859 1571 4915 τοῦτο
1619 4854 1812 4934 μέλλον
1865 4855 2000 4928 ἐστὶ,

411 4954 778 5027 πνευματικῆς
854 4948 1023 5009 δεῖται
1083 4944 1495 5029 ἀποκαλύψεως,
1554 4947 1628 5015 εἷς
1691 4944 1751 5005 τὸ
1820 4949 2004 5025 μαθεῖν

412 5038 556 5100 αὐτό.

501 5157 525 5183 σι
564 5128 672 5191 Καὶ
713 5128 794 5198 τίς
840 5130 870 5188 6
907 5130 1131 5196 πλοῦτος
1174 5129 1270 5199 τῆς
1311 5124 1466 5199 δόξης
1508 5129 1603 5199 τῆς
1654 5126 2010 5207 κληρονομίας

413 5220 575 5279 αὐτοῦ
610 5221 662 5279 ἐν
711 5227 819 5287 τοῖς
863 5217 1054 5297 ἁγίοις.
1109 5243 1135 5272 ι
1186 5215 1302 5278 Καὶ
1359 5220 1515 5276 τοῦτο
1565 5213 1645 5274 ἔτι
1690 5215 1884 5289 ἄδηλον
1926 5216 2006 5291 ὃν,

413 5309 580 5368 δεῖται
624 5313 719 5382 τῆς
759 5306 906 5388 παρὰ
952 5314 1042 5368 τοῦ
1075 5303 1392 5385 Πνεύματος
1440 5304 1847 5387 ἀποκαλύψεως,
1887 5305 2009 5366 τίνα

414 5400 669 5477 μέλλουσι
720 5399 1119 5479 κληρονομῆσαι
1167 5399 1216 5457 οἱ
1267 5394 1429 5477 ἅγιον
1488 5395 1700 5476 μεγάλα
1741 5394 1866 5477 γάρ.
1912 5394 2009 5457 Διὸ

500 5521 590 5575 Ill
621 5520 750 5576 Cor.
779 5534 824 5588 ι,
860 5523 909 5574 3.
1007 5519 1188 5575 IPsal.
1215 5532 1373 5584 xvu,
1408 5521 1454 5578 Ι.

2117 4700 2250 4740 num
2275 4692 2361 4739 est
2381 4693 2567 4740 autem
2588 4681 2735 4755 quod
2758 4681 2822 4736 ad
2857 4680 3096 4736 ﬁliorum
3125 4676 3565 4751 adoptationem,
3596 4693 3715 4733 caa-

2113 4773 2446 4844 lcstiumque
2512 4771 2789 4827 bonorum
2848 4768 3274 4840 perceptionem,
3331 4773 3389 4821 et
3439 4773 3503 4822 ut
3552 4773 3718 4837 caput

2113 4870 2370 4918 nostrum
2412 4859 2665 4920 Christus
2710 4866 2874 4916 esset.
2925 4856 3065 4927 Quia
3118 4855 3267 4913 enim
3313 4854 3422 4912 hoc
3468 4853 3718 4911 futurum

2115 4958 2218 5021 cst,
2242 4949 2509 5025 spirituali
2528 4947 2857 5007 revelationc
2886 4962 3027 5020 opus
3045 4952 3201 5004 estut
3217 4943 3395 5002 isthuc
3417 4943 3712 5017 discamus,

2197 5157 2224 5184 ι
2264 5135 2339 5190 Et
2377 5146 2503 5204 quae
2528 5131 2639 5188 sint:
2676 5128 2880 5188 divitia:
2916 5128 3114 5205 gloria;
3143 5123 3482 5182 baereditatis
3523 5122 3640 5197 ejus
3665 5121 3721 5178 in

2117 5224 2340 5281 sanctis.
2374 5246 2401 5274 ιι
2442 5226 2514 5279 Et
2552 5221 2661 5278 hoc
2714 5236 2839 5278 cum
2897 5218 3076 5276 adhuc
3100 5214 3400 5274 obscurum
3441 5214 3534 5283 sit,
3584 5227 3722 5286 opus

2120 5313 2288 5369 habet
2313 5311 2648 5368 revelatione
2674 5310 2936 5384 Spiritus,
2978 5319 3352 5381 quarumnam
3392 5311 3524 5361 sunt
3549 5301 3724 5360 haere-

2119 5404 2348 5462 ditatem
2365 5402 2566 5461 adituri
2606 5401 2801 5459 sancti.
2854 5401 3061 5473 Magna
3107 5395 3255 5455 enim
3293 5404 3437 5453 sunt.
3492 5393 3636 5451 Hinc
3670 5401 3726 5451 et

1531 5526 1558 5554 ι
1587 5518 1611 5572 l
1638 5517 1765 5574 Cor.
1798 5523 1988 5585 11,10.
2067 5518 2129 5552 τι*
2158 5515 2305 5573 Ibid.
2343 5521 2430 5571 14.

1815 5625 2002 5685 Variae
2050 5625 2345 5687 lectiones.

490 5741 532 5775 ⁸⁷
564 5743 742 5815 μόνους
766 5740 827 5810 δὴ
858 5742 1057 5804 τούτους
1084 5756 1158 5799 m.
1235 5741 1279 5776 ⁸⁸
1307 5744 1563 5810 πανταχοῦ
1600 5741 1644 5795 τ’
1674 5734 1764 5796 οῦν
1794 5756 1877 5799 m.
1951 5742 1995 5777 δυ
2020 5760 2320 5814 προσευχαις
2346 5755 2401 5799 ο.
2479 5740 2524 5774 7°
2552 5738 2779 5811 ἐκήρυξεν
2806 5753 2883 5795 m.
2961 5738 2998 5772 7’
3058 5734 3415 5808 παρακλήσεως
3444 5748 3497 5789 0.
