4124 6416
434 421 567 476 1047

1412 409 1927 468 THEOPHYLACTI
1967 410 2324 468 BULGARLE
2359 411 2673 467 ABCHIEP.

3597 407 3736 464 1048

434 585 457 609 α
500 559 714 617 divitias
759 557 948 631 gloriae
978 581 1001 605 υ
1038 571 1102 612 ea
1144 554 1413 621 nominat,
1448 553 1556 611 hoc
1581 562 1664 610 est
1689 553 2025 610 inenarrabi-

2142 536 2227 596 καὶ
2253 539 2479 598 πλοῦτον
2512 537 2662 611 δόξης
2688 541 2860 598 ταῦτα
2891 537 2945 576 ⁷³
2997 539 3174 612 καλεῖ,
3205 534 3492 613 τουτέστιν,
3537 533 3738 614 ἄφατον

429 652 532 706 lem
554 649 806 721 gloriam,
855 656 910 702 et
970 645 1194 702 humani
1233 645 1443 717 ingenii
1485 651 1702 715 captum
1740 645 1899 716 plane
1926 659 2020 699 ex-

429 747 798 812 superantem.
831 736 1228 792 Hmreditatem
1269 742 1453 790 autem
1492 735 1593 791 ista
1637 744 1796 791 vocat
1824 733 2024 808 quippe

431 845 554 903 qua:
574 829 681 884 sint
706 826 826 882 (iliis
847 825 1042 882 danda.

505 919 677 974 Vens.
714 921 798 985 I9,
819 920 914 971 20.
949 939 974 964 α
1022 917 1092 970 Et
1121 929 1245 985 quae
1281 913 1782 986 sitsuperemineus
1819 914 2030 986 magni-

430 1007 564 1064 tudo
605 1006 819 1062 virtutis
850 1005 967 1077 ejus
992 1005 1048 1060 in
1085 1019 1190 1060 nos
1221 1002 1524 1069 credentes,
1560 1004 1863 1060 secundum
1894 1019 2027 1074 Ope-

431 1097 699 1152 rationem
741 1094 998 1167 potentize
1033 1093 1251 1150 virtutis
1295 1093 1434 1163 ejus,
1465 1108 1633 1164 quam
1674 1102 1928 1166 operatus
1951 1101 2033 1149 est

430 1189 488 1242 iu
532 1186 769 1253 Christo,
818 1184 1090 1240 suscitans
1119 1183 1277 1239 illum
1321 1197 1351 1236 a
1385 1183 1636 1239 mortuis.
1679 1206 1704 1233 ι
1736 1186 1872 1256 Quae
1897 1197 2033 1251 prae-

430 1277 572 1332 dicta
617 1283 768 1344 sunt,
820 1274 889 1330 de
933 1271 1129 1329 futuris
1183 1273 1348 1328 rebus
1403 1271 1631 1329 fuerunt
1671 1292 1683 1328 :
1725 1273 1846 1346 jam
1906 1287 2033 1328 vero

430 1365 579 1438 quod
607 1363 820 1421 factum
866 1371 968 1430 est,
1000 1371 1301 1428 memorat,
1333 1371 1395 1419 ut
1421 1363 1490 1418 ab
1521 1362 1626 1418 hoc
1657 1363 1816 1418 ﬁdem
1867 1362 2033 1419 etiam

431 1455 534 1512 illis
562 1453 834 1521 conciliet,
878 1469 942 1508 ac
973 1460 1088 1508 rata
1146 1469 1211 1508 ea
1257 1452 1440 1509 faciat.
1479 1453 1652 1522 Quale
1697 1460 1880 1509 autem
1933 1452 2037 1508 hoc

433 1547 550 1600 est?
579 1545 660 1600 Ut
701 1543 1010 1611 credamus,
1053 1541 1253 1615 inquit,
1284 1558 1405 1598 nos.
1446 1543 1665 1598 Etenim
1711 1542 1817 1599 hoc
1851 1543 2034 1613 ipsum

432 1634 761 1690 revelatione
806 1631 1029 1705 indiget,
1056 1641 1116 1688 ut
1145 1633 1327 1704 ipsum
1360 1633 1598 1705 apertius
1621 1632 2038 1705 discatis.376

433 1725 578 1796 Quid
613 1723 812 1796 igitur?
855 1739 964 1778 non
1004 1728 1272 1778 noverant
1304 1723 1522 1794 Ephesii
1549 1738 1607 1778 se
1644 1723 1895 1779 credere?
1927 1725 2042 1777 No-

2135 627 2288 696 δόξαν
2318 627 2410 688 καὶ
2439 627 2814 710 ὗπερϐολικήν.
2862 627 3233 708 κληρονομίαν
3277 627 3331 686 δὲ
3372 625 3514 706 λέγει
3542 630 3736 700 ταῦτα,

2133 721 2204 786 ὡς
2235 721 2362 786 υἱοῖς
2392 719 2658 797 μέλλοντα
2687 717 2942 778 δίδοσθαι.

2225 931 2257 965 α
2293 906 2403 969 Καὶ
2431 906 2485 966 τί
2522 905 2585 967 τὸ
2613 906 2946 988 ὑπερϐάλλον
2975 905 3190 986 μέγεθος
3219 905 3271 944 ⁷³
3302 907 3466 965 αὐτοῦ
3495 909 3567 972 εἰς
3594 910 3741 985 ἡμᾶς

2139 997 2260 1066 τοὺς
2307 994 2652 1064 πιστεύοντας
2703 996 2842 1056 κατὰ
2903 995 3002 1068 τὴν
3052 996 3316 1074 ἐνέργειαν
3365 1001 3461 1055 τοῦ
3512 996 3741 1077 κράτους

2141 1093 2236 1161 τῆς
2287 1087 2470 1169 ἰσχύος
2521 1089 2708 1166 αὐτοῦ,
2775 1085 2840 1158 ἣν
2889 1087 3177 1168 ἐνήργησεν
3248 1088 3301 1144 ἐν
3377 1089 3457 1167 τῷ
3518 1089 3740 1169 Χριστῷ

2143 1179 2349 1260 ἐγείρας
2401 1176 2558 1236 αὐτὸν
2618 1180 2680 1238 ἐκ
2751 1180 2972 1257 νεκρῶν.
3026 1198 3075 1260 ιδ
3113 1175 3200 1236 Τὰ
3255 1175 3350 1252 μὲν
3401 1176 3738 1257 ποῤῥηθέντα

2142 1257 2268 1348 περῖ
2314 1268 2613 1346 μελλόντων
2659 1267 2992 1347 πραγμάτων
3040 1257 3196 1340 ἦσαν’
3244 1270 3336 1324 νῦν
3389 1265 3443 1324 δὲ
3490 1265 3632 1342 λέγει
3677 1267 3740 1326 τὸ

2143 1359 2248 1431 ἤδη
2292 1357 2519 1437 γεγονὸς,
2572 1356 2661 1416 ἵνα
2711 1357 2818 1416 ἀπὸ
2861 1358 3048 1415 τούτου
3099 1358 3314 1414 κάκεῖνο
3371 1355 3733 1429 πιστώσηται.

2148 1452 2312 1509 Ποῖον
2359 1450 2414 1508 δὲ
2475 1455 2664 1518 τοῦτο;
2725 1448 2804 1506 Τὸ
2853 1453 3162 1520 πιστεῦσαι,
3209 1445 3389 1528 φησὶν,
3437 1449 3594 1520 ἡμᾶς·
3646 1446 3740 1504 καὶ

2146 1543 2303 1597 τοῦτο
2332 1537 2434 1617 γὰρ
2483 1537 2649 1596 δεῖται
2692 1535 3103 1617 ἀποκαλύψεως,
3133 1535 3218 1594 ἵνα
3262 1536 3390 1595 αὐτὸ
3418 1535 3740 1616 σαφέστερον

2147 1628 2371 1706 μάθητε.
2427 1627 2502 1687 Τί
2549 1618 2673 1704 οῧνς
2724 1629 2820 1684 οὐκ
2848 1625 3044 1698 ἤδεσαν
3080 1625 3320 1706 Ἐφέσιοι
3362 1624 3443 1683 ὅτι
3490 1627 3739 1686 ἐπίστευ-

2146 1740 2276 1794 dav;
2312 1717 2554 1802 εᾘδεσαν
2592 1719 2706 1792 μὲν,
2759 1718 2876 1775 ἀλλ’
2913 1717 3014 1796 οὐχ
3062 1714 3226 1783 οὕτως
3271 1719 3340 1782 ὡς
3377 1719 3469 1773 νῦν
3521 1738 3681 1797 φησιν
3715 1719 3742 1775 ὁ

435 1824 554 1870 rant
579 1829 726 1886 sane,
756 1813 853 1869 sed
891 1828 1003 1868 non
1031 1827 1153 1868 eam
1196 1811 1264 1869 ad
1302 1813 1590 1880 rationem,
1625 1821 1685 1868 ut
1710 1813 1909 1869 Paulus
1945 1813 2032 1868 hic

2148 1809 2384 1874 Παῦλος.
2435 1810 2516 1866 Οὖ
2546 1806 2649 1886 γὰρ
2682 1804 2857 1888 ῥᾴδιον
2902 1805 2963 1864 τὸ
2994 1808 3213 1884 γνῶναι’
3249 1803 3328 1863 ὅτι
3371 1805 3606 1883 μεγάλης
3649 1807 3740 1865 δυ-

429 1905 597 1959 dicit:
631 1918 761 1958 nam
798 1901 942 1957 haud
987 1900 1142 1956 facile
1171 1910 1253 1957 est
1287 1901 1422 1957 illud
1461 1903 1674 1958 novisse
1718 1922 1732 1958 :
1769 1902 2030 1975 quoniam

431 2009 644 2066 magna:
684 1993 941 2063 potentiae
985 2000 1066 2046 est
1102 1991 1267 2046 animi
1313 1991 1544 2047 sentiam
1586 2000 1823 2060 mutare,
1866 2000 2032 2064 atque

427 2085 493 2138 ab
525 2098 709 2138 errore
741 2096 995 2137 revocare
1028 2099 1040 2136 :
1084 2088 1360 2151 tantasque
1386 2089 1470 2136 est
1505 2081 1741 2150 virtutis,
1771 2090 2031 2152 quantam

430 2189 497 2228 ne
540 2179 889 2227 mortuorum
937 2169 1158 2241 quidem
1199 2169 1454 2225 exeitatio
1491 2170 1748 2242 postulat.
1783 2174 2032 2226 Mortuos

432 2277 672 2334 namque
695 2275 808 2316 uno
829 2268 1044 2314 tantum
1072 2259 1237 2314 verbo
1263 2261 1517 2315 excitavit
1534 2260 1834 2328 Dominus;
1851 2259 2028 2317 Judmi

432 2360 617 2406 autem
637 2366 706 2406 ne
729 2349 917 2405 multis
933 2349 1152 2421 quidem
1172 2349 1594 2406 concionibuset
1615 2349 2030 2407 admirabilibus

430 2441 594 2515 signis
620 2440 909 2513 persuasit.
956 2439 1092 2494 Dicit
1121 2455 1249 2512 ergo
1280 2437 1430 2511 quod
1457 2439 1527 2497 ad
1565 2440 1674 2497 hoc
1713 2441 1949 2514 Spiritus
1975 2441 2030 2497 in

428 2532 714 2604 digeamus
760 2531 1112 2595 revelatione,
1147 2538 1208 2584 ut
1245 2529 1526 2587 discamus
1565 2545 1690 2599 nos,
1733 2531 1884 2603 quod
1923 2530 2030 2587 hoc

431 2623 633 2693 ipsum,
661 2619 808 2693 quod
840 2619 1258 2686 crediderimus,
1291 2635 1489 2692 magna
1521 2619 1722 2676 virtute
1747 2629 1805 2676 et
1837 2619 2029 2678 effica-

430 2712 508 2766 cia
538 2709 746 2766 factum
778 2717 878 2765 est.
918 2711 985 2764 Et
1024 2709 1499 2781 quemadmodum
1552 2710 1836 2766 Christum
1886 2711 2031 2766 exci-

432 2800 565 2854 tavit
604 2815 634 2855 a
683 2799 938 2865 mortuis,
989 2799 1069 2854 sic
1113 2807 1171 2854 et
1209 2814 1308 2854 nos
1345 2815 1470 2855 cum
1521 2801 1726 2855 mortui
1756 2816 2025 2869 essemus,

435 2887 714 2944 rxseitavit
763 2904 828 2942 ex
882 2887 1274 2942 incredulitate.
1320 2890 1615 2960 Propterea
1664 2889 2028 2946 excellentem

435 2976 867 3050 magnitudinem
894 2977 1132 3039 virtutis,
1171 2977 1280 3032 sive
1309 2977 1572 3048 potentiae
1601 2977 1767 3048 ipsius
1796 2978 1901 3035 hoc
1931 2995 2028 3036 vo-

432 3069 590 3136 cavit,
621 3075 677 3122 et
706 3067 875 3121 robur
906 3063 1244 3120 fortitudinis
1273 3066 1407 3138 ejus.
1441 3065 1676 3135 Quando
1712 3069 1862 3124 enim
1905 3085 2030 3140 pro-

434 3157 612 3231 pheta:
640 3155 773 3212 nihil
808 3153 1129 3222 effecerunt,
1177 3161 1232 3210 et
1273 3155 1454 3211 omnis
1497 3165 1768 3227 creatura,
1795 3176 1924 3215 cum
1961 3160 2032 3216 vi—

435 3247 614 3303 sibilis
640 3261 732 3318 per
751 3253 1010 3300 ornatum
1038 3251 1092 3299 et
1110 3244 1387 3315 insignem
1416 3244 1663 3302 ordinem
1687 3247 1888 3305 docens
1905 3266 2028 3319 nos,

432 3345 553 3392 tum
581 3333 860 3390 invisibilis
889 3349 983 3406 per
1006 3332 1336 3390 deducentes
1360 3351 1422 3390 ac
1453 3334 1770 3393 erudientes
1796 3355 1899 3395 nos
1943 3357 2038 3396 an-

433 3427 587 3498 gelos
625 3443 638 3480 :
672 3432 808 3480 tunc
848 3423 1128 3495 inopinato
1171 3424 1368 3480 servati
1407 3441 1616 3482 sumus.
1653 3427 1794 3484 Illud
1831 3438 2037 3503 autem,

2064 3205 2111 3270 C

2144 1900 2353 1974 νάμεως
2402 1898 2464 1956 τὸ
2509 1895 2685 1976 ψυχὴν
2743 1896 3085 1972 μεταπεῖσαι,
3137 1895 3229 1953 καὶ
3272 1898 3607 1968 μεταστῆσαι
3646 1900 3743 1968 τῆς

2140 1987 2380 2058 πλάνης,
2434 1986 2525 2044 καὶ
2569 1984 2888 2058 τηλικαύτης
2936 1985 3126 2057 ἡλίκης
3173 1983 3384 2044 οὐδὲτὸ
3438 1988 3742 2057 ἀναστῆσαι

2139 2076 2340 2154 νεκρόν.
2378 2073 2611 2154 Νεκροὺς
2651 2072 2746 2149 μὲν
2776 2075 2880 2154 γὰρ
2911 2074 3002 2133 καὶ
3043 2075 3186 2154 λόγῳ
3232 2075 3379 2154 μόνῳ
3410 2073 3483 2132 ἑνὶ
3515 2073 3743 2148 ἀνέστη-

2140 2189 2226 2224 σεν
2260 2169 2287 2223 ὁ
2344 2165 2554 2246 Κύριοςο
2607 2163 2722 2230 τοὺς
2781 2166 2834 2222 δὲ
2887 2162 3172 2232 Ἰουδαίους
3222 2163 3338 2222 οὐδὲ
3386 2164 3471 2224 διὰ
3517 2169 3740 2246 μακρῶν

2140 2255 2308 2335 λόγων
2352 2255 2444 2314 καὶ
2483 2253 2793 2333 παραδόξων
2848 2253 3014 2333 ἔργων
3064 2252 3366 2330 μετέπεισε.
3419 2254 3600 2326 Φησὶν
3650 2246 3740 2314 οὖν

2138 2343 2218 2404 ὅτι
2278 2345 2370 2404 καὶ
2430 2347 2502 2412 εἰς
2568 2348 2724 2403 τοῦτο
2776 2343 2999 2420 δεόμεθα
3061 2347 3156 2414 τῆς
3208 2342 3596 2424 ἀποκαλύψεως
3647 2350 3741 2404 τοῦ

2140 2435 2471 2514 Πνεύματος,
2515 2432 2605 2492 ἵνα
2675 2431 2929 2510 μάθωμεν
2977 2431 3058 2490 ὅτι
3107 2430 3168 2490 τὸ
3227 2437 3514 2491 πιστεῦσαι
3566 2439 3737 2513 ἡμᾶς,

2140 2531 2233 2599 τῆς
2264 2531 2357 2586 τοῦ
2390 2526 2534 2584 Θεοῦ
2576 2523 2813 2601 μεγάλης
2863 2521 3134 2600 δυνάμεως
3181 2521 3274 2579 καὶ
3331 2521 3595 2601 ἐνεργείας
3651 2525 3740 2602 γέ-

2138 2633 2284 2696 γονε’
2339 2615 2432 2674 καὶ
2473 2612 2653 2693 ὥσπερ
2704 2613 2795 2671 τὸν
2849 2611 3080 2691 Χριστὸν
3131 2610 3342 2691 ἤγειρεν
3393 2615 3452 2672 ἐκ
3507 2617 3738 2694 νεκρῶν,

2139 2706 2278 2766 οὕτω
2321 2703 2413 2764 καὶ
2461 2707 2606 2782 ἡμᾶς
2656 2699 2868 2781 νεκροὺς
2919 2701 3072 2769 ὄντας
3117 2705 3174 2760 ἐκ
3223 2706 3318 2772 τῆς
3349 2703 3601 2771 ἀπιστίας
3648 2709 3741 2764 ἀν-

2137 2795 2354 2866 έστησε·
2392 2791 2471 2851 διὸ
2503 2792 2594 2850 καὶ
2633 2812 2659 2848 (ι
2687 2790 3023 2872 ὑπερϐάλλον
3050 2791 3265 2869 μέγεθος
3295 2796 3392 2864 τῆς
3417 2793 3688 2870 δυνάμεως
3717 2824 3741 2848 ι

2138 2890 2293 2943 τοῦτο
2323 2881 2563 2950 ἐκάλεσε,
2614 2903 2643 2937 (ι
2671 2879 2762 2937 καὶ
2792 2880 2984 2962 κράτος
3011 2885 3105 2951 τῆς
3134 2880 3335 2960 ἰσχύος.
3386 2906 3416 2937 ›)
3454 2880 3588 2942 Ὅτε
3636 2882 3741 2962 γὰρ

2136 2977 2408 3054 προφῆται
2453 2967 2598 3028 οὐδὲν
2627 2967 2849 3044 ἤνυσαν,
2881 2969 2971 3028 καὶ
3014 2979 3162 3029 πᾶσα
3217 2970 3409 3047 κτίσις,
3444 2971 3535 3030 καὶ
3573 2972 3738 3052 ὁρατὴ

2138 3060 2225 3122 διὰ
2272 3066 2366 3132 τῆς
2412 3057 2650 3126 εὐταξίας
2700 3058 3044 3137 διδάσκουσα,
3088 3060 3178 3118 καὶ
3229 3061 3454 3142 ἀόρατος
3497 3061 3584 3119 διὰ
3633 3065 3740 3120 τῷν

2141 3150 2470 3232 ὃδηγούντων
2499 3149 2549 3186 ⁷4
2583 3148 2673 3206 καὶ
2706 3150 3074 3217 συνετιζόντων
3105 3150 3376 3227 ἀγγέλων,
3405 3150 3616 3211 τότετέκ
3649 3157 3741 3211 τοῦ

2145 3237 2442 3322 παραδόξου
2494 3235 2792 3312 ἐσώθημεν.
2849 3239 2930 3298 Τὸ
2969 3239 3047 3312 δὲ,
3111 3261 3138 3296 (ι
3187 3239 3516 3320 Ἐνήργησεν
3564 3242 3618 3298 ἐν
3662 3245 3742 3322 τῷ

2146 3333 2385 3413 Χριστῷ,
2432 3354 2456 3380 ιι
2490 3325 2577 3386 διὰ
2622 3326 2682 3384 τὸ
2716 3326 3042 3405 ἀνθρώπινον
3078 3329 3317 3408 εἰρῆσθαι
3349 3330 3476 3392 νόει.
3514 3331 3594 3390 Τὸ
3635 3330 3742 3411 γὰρ

2149 3419 2403 3492 ἀναστὰν,
2434 3417 2727 3498 ἄνθρωπος,
2759 3418 2804 3474 εἰ
2845 3416 2935 3474 καὶ
2973 3421 3100 3499 Θεῷ
3129 3415 3323 3488 ἥνωτο,

438 3541 461 3566 α
507 3518 771 3588 Operatus
798 3524 882 3571 est
929 3513 985 3569 in
1023 3513 1262 3581 Christo,
1311 3538 1336 3563 ι
1369 3525 1594 3588 propter
1638 3517 1942 3579 humanam
1981 3533 2238 3582 naturam
2278 3518 2492 3576 dictum
2537 3529 2657 3572 esse
2692 3513 3177 3588 intellige._Quod
3220 3517 3372 3574 enim
3421 3519 3742 3590 resurrexit,

433 3605 606 3662 homo
639 3613 744 3673 est,
785 3603 1000 3660 etiamsi
1044 3607 1159 3660 Deo
1201 3606 1391 3663 unitus
1419 3606 1602 3664 fuerit.

505 3695 686 3750 Vens.
737 3698 827 3762 2o,
859 3698 948 3749 21.
984 3716 1008 3741 ‹ι
1044 3696 1112 3750 Et
1137 3695 1478 3752 constituens
1505 3697 1565 3753 in
1593 3697 1820 3756 dextera
1853 3717 1951 3758 sua
1979 3702 2035 3759 in

432 3783 936 3856 superemlestibus,
963 3800 1127 3856 supra
1155 3801 1377 3841 omnem
1413 3787 1804 3860 principatum,
1846 3801 1902 3847 et
1939 3809 2033 3864 po-

435 3883 706 3942 testatem,
733 3882 786 3928 et
811 3875 1068 3929 virtutem
1093 3882 1145 3929 et
1173 3875 1631 3933 dominationem.
1667 3897 1694 3932 »
1725 3881 1850 3936 Non
1877 3882 2034 3953 dixit,

436 3964 591 4027 "Avia,
642 3964 695 4019 id
738 3971 841 4031 est,
880 3979 1042 4034 supra
1111 3982 1123 4018 :
1180 3964 1276 4020 sed
1323 3964 1577 4036 Υπερὰνω,
1633 3967 1684 4023 id
1739 3979 1842 4036 est,
1893 3972 2037 4042 plus-

435 4069 600 4126 quam
641 4068 823 4122 supra,
867 4061 932 4108 ut
961 4068 1240 4108 summam
1293 4054 1639 4111 altitudinem
1686 4057 1908 4116 indicet.
1950 4061 2036 4117 Ab

436 4143 625 4197 intimo
671 4141 824 4196 enim
877 4141 1046 4212 gradu
1117 4141 1188 4196 ad
1239 4142 1571 4200 altissimum
1632 4144 1930 4204 humanam
1981 4150 2036 4206 in

435 4230 654 4286 Christo
683 4237 939 4285 naturam
979 4230 1245 4286 subvexit.
1294 4233 1376 4286 De
1420 4231 1525 4290 hac
1571 4235 1720 4291 enim
1769 4236 2034 4310 disputat,

2228 3726 2259 3758 α
2300 3699 2411 3762 Καὶ
2453 3695 2695 3757 ἐκάθισεν
2751 3697 2805 3755 ἐν
2855 3694 3000 3778 δεξιᾷ
3048 3698 3208 3756 αῧτοῧ
3261 3698 3314 3756 ἐν
3362 3705 3470 3766 τοῖς
3512 3700 3740 3782 ἐπουρα·

2142 3791 2288 3861 νίοις,
2341 3787 2588 3868 ὓπεράνω
2623 3787 2801 3858 πάσης
2833 3787 3022 3866 ἀρχῆς,
3063 3786 3154 3845 καὶ
3201 3786 3455 3868 ἐξουσίας,
3514 3789 3603 3847 καὶ
3647 3793 3744 3848 δυ-

2142 3883 2374 3957 νάμεως,
2408 3879 2498 3936 καὶ
2545 3875 2870 3956 κυριότητος.
2934 3902 2960 3929 υ
3015 3878 3134 3936 Οὔκ
3181 3867 3347 3949 εἶπεν,
3395 3875 3556 3951 Ἄνω,
3591 3880 3738 3956 ἀλλ’,

2154 3994 2184 4030 (ι
2217 3966 2528 4048 ’Υπεράνω,
2559 3987 2588 4023 ι)
2628 3964 2716 4024 ἵνα
2750 3965 2808 4024 τὸ
2837 3965 3126 4046 ἀκρότατον
3176 3963 3304 4047 ὕψος
3341 3965 3576 4046 δηλώσῃ.
3611 3965 3743 4029 Ἀπὸ

2144 4059 2248 4141 γὰρ
2277 4062 2370 4116 τοῦ
2401 4055 2628 4135 ἐσχάτου
2663 4058 2867 4133 βαθμοῦ⁹
2908 4058 2979 4121 εἰς
3006 4054 3095 4113 τὸν
3125 4055 3455 4137 ὑψηλότατον
3506 4057 3740 4137 ἀνήγαγε

2143 4148 2240 4218 τήν
2308 4146 2642 4226 ἀνθρωπίνην
2705 4147 2757 4204 ἐν
2820 4145 3037 4224 Χριστῷ
3091 4143 3268 4225 φύσιν.
3337 4145 3470 4224 Περὶ
3542 4147 3741 4220 ταύτης

2145 4237 2247 4316 γὰρ
2295 4233 2626 4311 διαλέγεται,
2679 4237 2773 4306 τῆς
2815 4235 2906 4293 καὶ
2952 4233 3210 4308 θανούσης
3262 4234 3354 4292 καὶ
3408 4236 3732 4316 ἐγερθείσης’

437 4335 560 4391 quae
593 4326 646 4374 et
670 4327 890 4374 mortua
920 4328 1022 4386 est,
1070 4327 1127 4375 et
1166 4320 1397 4377 excitata
1430 4342 1444 4378 :
1475 4323 1916 4397 quandoquidem
1955 4328 2032 4382 di-

2145 4325 2259 4384 ἐπεὶ
2311 4323 2348 4396 ἥ
2391 4347 2451 4403 γε
2503 4323 2616 4383 θεία
2653 4321 2802 4404 φύσις
2849 4320 2968 4382 οὔτε
3017 4323 3299 4418 ἀπέθανεν,
3351 4323 3473 4383 οὔτε
3511 4327 3739 4418 ἠγέρθη,

439 4409 561 4463 vina
611 4412 805 4463 natura
863 4423 1038 4479 neque
1106 4422 1326 4465 mortua
1398 4420 1501 4480 est,
1553 4429 1729 4486 neque
1784 4417 2034 4483 excitata,

436 4513 616 4570 neque
657 4498 912 4563 exaltata,
953 4513 1077 4569 quae
1121 4515 1398 4571 nunquam
1443 4518 1553 4557 non
1583 4518 1808 4560 omnem
1846 4504 2032 4562 altitu-

437 4587 622 4643 dinem
652 4587 878 4643 excellit.
908 4588 1168 4661 Superior
1195 4588 1365 4657 igitur
1388 4593 1542 4647 omni
1569 4593 1815 4664 angelica
1837 4603 2034 4665 poten-

436 4678 509 4733 tia
537 4678 833 4733 constituta
859 4685 938 4733 est
961 4677 1198 4734 humana
1228 4687 1425 4736 natura
1449 4697 1601 4754 ,quae
1639 4690 1798 4738 antea
1819 4684 2035 4741 abomi-

436 4766 618 4822 nanda
647 4776 783 4822 erat.
1562 4774 1563 4777 ‘

513 4879 537 4904 ιι
572 4859 640 4911 Et
663 4872 827 4913 omne
860 4873 1064 4913 nomen
1107 4858 1257 4930 quod
1305 4861 1648 4930 nominatur,
1689 4879 1800 4919 non
1853 4865 2034 4921 solum

435 4947 493 5002 in
527 4945 633 5002 hoc
683 4947 906 5015 saeculo,
955 4963 1145 5003 verum
1177 4948 1340 5004 etiam
1384 4950 1441 5005 in
1479 4949 1688 5008 futuro.
1727 4975 1753 5002 ι
1794 4954 1851 5010 Si
1878 4955 2031 5026 quid,

435 5036 634 5108 inquit,
677 5037 733 5091 in
775 5038 916 5092 cmlo
941 5045 1044 5105 est,
1095 5037 1319 5093 inferius
1361 5048 1445 5095 est
1484 5049 1768 5114 assumpto
1797 5051 1852 5098 et
1891 5044 2037 5100 exal-

435 5133 570 5192 tato,
604 5125 925 5198 cunctisque
957 5125 1072 5198 ipse
1113 5135 1196 5182 est
1225 5129 1494 5199 superior.
1534 5130 1808 5187 Diseimus
1846 5141 2033 5188 autem

437 5214 704 5287 quasdam
740 5231 858 5270 esse
895 5217 1168 5288 potentias
1193 5234 1314 5289 qua:
1347 5219 1467 5291 jam
1510 5219 1731 5292 quidem
1761 5223 2035 5278 nominari

436 5312 741 5376 nequeunt,
767 5312 882 5360 tum
912 5321 1038 5361 vero
1061 5307 1467 5364 retrelabuutur.

504 5396 683 5450 Vens.
726 5399 816 5450 22.
859 5417 884 5443 «ι
919 5396 989 5450 Et
1021 5395 1207 5450 omnia
1235 5396 1468 5470 subjecit
1489 5398 1592 5455 sub
1621 5399 1786 5471 pedes
1821 5399 1955 5472 ejus.
2001 5425 2026 5451 η

436 5485 516 5539 Ne
552 5499 682 5540 cum
725 5483 878 5540 audis
919 5485 1066 5558 quod
1104 5485 1305 5542 sederit
1327 5503 1514 5561 supra,
1547 5489 1822 5548 existimes
1847 5490 2030 5564 ipsum

2145 4413 2262 4474 οὔτε
2291 4413 2495 4495 ὑψώθη,
2529 4418 2562 4484 ἡ
2611 4413 2691 4470 ἀεὶ
2731 4411 2864 4493 ὑπὲρ
2895 4423 3000 4471 πᾶν
3040 4413 3166 4494 ὕψος
3210 4405 3364 4474 οὖσα.
3411 4405 3624 4487 Πάσηςγ
3653 4406 3745 4473 οὖν

2145 4504 2419 4580 δυνάμεως
2446 4505 2730 4582 ἀγγελικῆς
2771 4501 2953 4561 ἐπάνω
2984 4501 3030 4537 ⁷⁵
3063 4503 3303 4562 ἐκάθισεν
3346 4507 3380 4575 ἡ
3426 4504 3549 4585 πρὶν
3594 4503 3742 4563 ἐϐδε-

2145 4591 2382 4674 λυγμένη
2420 4593 2587 4673 φύσις.

2232 4877 2262 4914 α
2294 4855 2404 4918 Καὶ
2432 4853 2629 4923 παντὸς
2657 4853 2914 4931 ὀνόματος
2945 4854 3362 4934 ὀνομαζομένου,
3411 4857 3472 4915 οὗ
3505 4857 3661 4936 μόνον
3691 4859 3747 4918 ἐν

2143 4947 2219 5025 τῷ
2249 4947 2399 5004 αἰῶνι
2435 4943 2631 5026 τούτῳ,
2663 4946 2814 5021 ςάλλὰ
2853 4945 2945 5006 καὶ
2977 4949 3029 5005 ἐν
3069 4949 3145 5026 τῷ
3190 4947 3462 5024 μέλλοντι.
3507 4970 3537 5003 ι)
3576 4947 3648 5007 Εἴ
3673 4973 3746 5020 τι,

2145 5033 2328 5115 φησὶν,
2362 5037 2416 5095 ἐν
2441 5039 2518 5116 τῷ
2547 5037 2757 5117 οὐρανῷ
2784 5037 2920 5116 ἐστι,
2947 5035 3246 5118 κατώτερον
3269 5041 3361 5097 τοῦ
3385 5038 3747 5119 προσληφθέν·

2142 5148 2228 5190 τος
2262 5124 2355 5184 καὶ
2401 5124 2699 5205 ὕψωθέντος
2736 5125 2867 5200 ἐστὶ,
2915 5127 3008 5186 καὶ
3051 5126 3264 5186 πάντων
3314 5129 3469 5196 αὐτὸς
3516 5127 3744 5208 ὖπέρτεο

2147 5238 2251 5294 ρος.
2291 5215 2645 5294 Μανθάνομεν
2695 5215 2768 5291 δὲ,
2799 5213 2880 5274 ὅτι
2920 5215 3022 5275 εἶσί
3064 5239 3198 5284 τινες
3229 5217 3476 5294 δυνάμεις
3511 5222 3600 5276 νῦν
3646 5217 3744 5296 μὲν

2145 5303 2592 5381 ἀκατονόμαστοι,
2628 5304 2747 5364 τότε
2780 5304 2835 5364 δὲ
2873 5305 3474 5387 ἀποκαλυφθησόμεναι.

2227 5415 2256 5452 α
2289 5393 2397 5454 Καὶ
2439 5394 2618 5454 πάντα
2666 5393 2922 5463 ὑπέταξεν
2973 5395 3074 5454 ὑπὸ
3119 5394 3238 5465 τοὺς
3285 5397 3450 5466 πόδας
3498 5398 3680 5460 αὐτοῦ.
3717 5425 3740 5450 ιι

2135 5481 2256 5544 Ἵνα
2283 5483 2358 5560 μὴ
2385 5483 2617 5554 ἀκούσας
2647 5483 2724 5562 7“,
2755 5484 2836 5546 ὅτι
2867 5513 2892 5538 σι
2925 5484 3210 5547 Ἐκάθισεν
3242 5487 3512 5570 ὑπεράνω,
3548 5513 3572 5542 ι
3598 5487 3743 5565 νομί-

1862 5616 2049 5676 Variae
2095 5619 2396 5680 lectiones.

519 5707 565 5740 ⁷³
595 5705 715 5759 αὖτὰ
746 5721 799 5762 0.
875 5707 919 5740 ⁷³
953 5709 1158 5779 μέγεοος
1189 5714 1275 5778 τῆς
1301 5713 1552 5784 δυνάμεως
1572 5730 1650 5770 m.

1728 5715 1770 5749 7"
1808 5715 2124 5788 ὀδηγούντων
2155 5717 2500 5788 φρουρούντων
2537 5733 2614 5773 m.

2698 5717 2740 5751 ⁷⁵
2771 5717 2993 5790 ὓπεράνω
3031 5736 3085 5777 o.
3163 5720 3208 5754 ⁷⁸
3237 5719 3429 5774 ἀκούων
3458 5737 3512 5778 0.
