4124 6456
395 446 536 503 1049

1253 441 1612 501 EXPOSITIO
1650 443 1717 501 IN
1754 441 1969 501 EPIST.
2004 443 2099 500 AD
2137 445 2371 505 EPHES.
2411 476 2482 489 --
2519 447 2670 505 CAP.
2711 450 2775 506 ll.

3558 461 3704 516 1050

392 596 491 655 σῃς
538 569 702 632 αὔτὸν
741 574 1135 653 προτιμηθῆναι
1187 568 1376 648 μόνον,
1438 568 1709 631 δείκνυσιν
1760 569 1843 630 ὅτι
1896 568 1987 630 καὶ

2102 572 2393 645 praelatum
2420 574 2828 648 tantummodo,
2861 578 3110 635 ostendit
3131 579 3281 652 quod
3305 589 3363 638 et
3388 583 3700 642 Dominum

392 662 674 735 Δεσπότην
698 660 859 721 αὐτὸν
884 662 1103 734 ἐποίησε
1134 658 1377 721 πάντων.
1409 660 1522 722 Καὶ
1551 664 1652 741 οὐχ
1679 661 1863 727 ἁπλῶς
1896 663 1995 719 ὓπ-

392 750 597 831 έταξεν,
655 749 796 810 ἀλλὰ
839 749 938 823 τὴν
987 750 1222 833 ἐσχάτην
1277 749 1568 830 ὁποταγήν·
1614 776 1640 806 α
1674 748 1828 831 grue
1877 749 1996 818 τοὺς

392 840 558 910 πόδας
595 867 619 895 ιο
649 839 756 923 γὰρ
784 865 812 896 ιι
841 842 1022 905 αὗτοῦ.
1056 868 1084 895 υ

477 953 510 989 α
542 930 654 994 Καὶ
699 931 855 992 αὐτὸν
899 930 1066 992 ἔδωκε
1095 930 1332 1013 κεφαλὴν
1379 930 1515 1010 ὑπὲρ
1557 928 1734 991 πάντα
1864 929 1997 991 Ἐκ-

389 1020 612 1105 κλησίᾳ.
677 1047 701 1077 ι
754 1021 964 1083 Βαϐαίι
1017 1022 1109 1083 καὶ
1153 1020 1253 1094 τὴν
1317 1020 1652 1094 Ἐκκλησίαν
1712 1022 1786 1087 εἷς
1836 1018 1992 1080 αὐτὸν

389 1110 605 1172 ἐκάθισε
631 1111 722 1171 τὸν
766 1111 968 1192 θρόνον·
998 1110 1122 1172 ἔνθα
1159 1110 1263 1193 γὰρ
1293 1115 1328 1185 ἡ
1376 1110 1605 1193 κεφαλὴ,
1643 1111 1756 1170 ἐκεῖ
1796 1108 1892 1170 καὶ
1934 1110 1995 1170 τὸ

389 1204 551 1279 σῶμα
572 1203 625 1242 ⁷⁷
640 1251 652 1265 .
692 1201 774 1264 Τὸ
794 1199 874 1276 δὲ,
905 1224 937 1261 ιι
956 1201 1129 1283 Ὑπὲρ
1149 1201 1347 1275 πάντα,
1373 1221 1405 1260 ι)
1439 1205 1594 1262 τοῦτο
1610 1201 1781 1283 δηλοῖ,
1804 1197 1891 1258 ὅτι
1911 1223 1994 1260 κε-

388 1289 567 1372 φαλὴν
618 1289 816 1351 ἔδωκεν
856 1291 1067 1373 ὑψηλὴν
1103 1279 1201 1350 καὶ
1231 1290 1363 1373 ὑπὲρ
1391 1288 1571 1350 πάντα
1640 1279 1829 1368 οὖσαν,
1862 1290 1993 1370 ὑπὲρ

389 1382 664 1460 ἀγγέλους,
692 1378 828 1462 ὖπὲρ
859 1381 1243 1461 ἀρχαγγέλους.

475 1491 505 1528 α
538 1470 699 1539 ⁶Ἢτις
736 1470 853 1530 ἐστὶ
882 1472 944 1531 τὸ
991 1473 1150 1549 σῶμα
1181 1471 1361 1545 αὐτοῦ,
1389 1470 1451 1529 τὸ
1482 1467 1754 1550 πλήρωμα
1802 1472 1896 1528 τοῦ
1924 1468 1993 1529 τὰ

387 1557 567 1619 πάντα
620 1564 674 1621 ἐν
726 1567 863 1619 πᾶσι
908 1558 1303 1640 πληρουμένου.
1370 1583 1399 1619 to
1439 1556 1565 1620 Ἵνα
1628 1557 1703 1637 μὴ
1762 1557 1992 1626 ἀκούσας

387 1649 645 1730 κεφαλὴν,
680 1647 902 1729 νομίσῃς
932 1650 1110 1730 ἀρχήν
1143 1672 1268 1711 τινα
1314 1649 1408 1709 καὶ
1433 1647 1675 1719 ἐξουσίαν
1702 1649 1991 1721 δηλοῦσθαι

386 1737 577 1818 (δηλοῖ
633 1737 737 1820 γὰρ
788 1739 883 1799 καὶ
929 1744 1102 1799 ταῦτα
1148 1746 1183 1814 ἡ
1236 1737 1498 1821 κεφαλὴ),
1553 1739 1741 1819 φησὶν,
1793 1735 1875 1797 ὅτι
1921 1740 1991 1805 ὡς

2103 676 2232 719 eum
2277 661 2476 721 fecerit
2509 666 2779 722 omnium.
2812 668 2928 724 Nec
2971 668 3293 740 simpliciter
3319 672 3568 745 subjecit,
3598 675 3699 732 sed

2103 761 2352 811 extrema
2383 755 2722 829 subjectione
2748 775 2762 813 :
2800 779 2827 806 α
2856 757 2970 815 Sub
2993 757 3160 831 pedes
3183 779 3211 813 η
3257 761 3403 818 enim
3431 787 3458 815 α
3488 764 3628 837 ejus.
3670 788 3695 815 ιι

2179 953 2205 980 σι
2246 933 2318 988 Et
2344 930 2528 1003 ipsum
2560 931 2716 991 dedit
2751 942 2915 1007 caput
2945 951 3108 1008 super
3134 937 3324 994 omnia
3349 939 3632 997 Ecclesiae.
3664 960 3695 995 »

2102 1023 2295 1094 Papae!
2324 1022 2621 1080 Ecclesiam
2665 1040 2883 1099 quoque
2910 1026 2968 1082 in
2995 1027 3189 1097 eodem
3217 1027 3421 1086 throno
3458 1030 3698 1088 colloca-

2103 1111 2181 1167 vit
2211 1129 2226 1167 :
2259 1112 2352 1169 ubi
2387 1113 2533 1169 enim
2560 1122 2731 1187 caput
2756 1124 2862 1188 est,
2891 1116 3000 1172 illic
3026 1126 3081 1173 et
3108 1134 3325 1191 corpus.
3365 1119 3529 1191 Quod
3569 1137 3698 1179 vero

2101 1201 2200 1271 ait,
2218 1203 2384 1274 377
2413 1225 2438 1252 α
2456 1205 2631 1274 Super
2650 1205 2858 1273 omnia,
2889 1228 2915 1255 υ
2938 1206 3228 1279 signiﬁcat,
3248 1209 3399 1281 quod
3419 1209 3695 1268 excelsum

2103 1299 2272 1363 caput
2290 1290 2526 1359 dederit,
2556 1293 2706 1366 quod
2732 1310 2900 1368 super
2928 1296 3117 1353 omnia
3144 1298 3234 1368 sit,
3267 1298 3492 1371 angelos
3515 1308 3571 1357 et
3599 1316 3695 1357 su-

2102 1396 2201 1453 per
2227 1381 2603 1455 archangelos.

2173 1473 2353 1528 Vens.
2380 1478 2470 1528 23.
2507 1496 2533 1521 ‹‹
2560 1473 2696 1542 Quae
2722 1482 2805 1530 est
2831 1490 3033 1548 corpus
3056 1476 3244 1548 ipsius,
3267 1477 3553 1550 plenitudo
3579 1480 3698 1552 ejus

2102 1559 2195 1632 qui
2225 1562 2409 1617 omnia
2440 1562 2497 1617 iu
2530 1562 2788 1620 omnibus
2815 1563 3160 1637 adimpletur.
3189 1590 3213 1617 »ι
3248 1569 3350 1636 Ne,
3382 1568 3573 1626 audito
3600 1585 3693 1627 ca-

2101 1650 2234 1721 pite,
2279 1659 2441 1721 putes
2484 1651 2847 1725 principatum
2878 1654 3119 1727 aliquem
3148 1657 3228 1713 vel
3264 1665 3588 1729 potestatem
3618 1660 3698 1716 si-

2101 1739 2353 1812 gniﬁcari
2378 1746 2530 1807 (nam
2557 1750 2614 1797 et
2643 1742 2761 1799 haec
2788 1750 2956 1815 caput
2981 1745 3290 1817 signiﬁcat),
3319 1748 3419 1816 ait,
3447 1748 3699 1807 Christus

387 1828 636 1907 σώματός
696 1830 809 1889 ἐστι
859 1827 1066 1911 κεφαλὴ
1124 1834 1220 1902 τῆς
1265 1828 1595 1902 Ἐκκλησίας
1650 1830 1679 1886 δ
1730 1826 1982 1909 Χριστὸς,

2099 1838 2184 1886 est
2208 1839 2371 1902 caput
2394 1831 2657 1889 Ecclesia:
2685 1832 2853 1889 veluti
2882 1835 3150 1906 corporis,
3176 1844 3344 1908 atque
3362 1836 3436 1893 ita
3462 1837 3540 1894 illi
3564 1855 3694 1896 con-

386 1916 482 1977 καὶ
545 1917 687 1980 οὕτω
747 1917 1002 1998 συγγενὴς
1057 1919 1191 2000 αὖτῇ
1269 1917 1363 1978 καὶ
1428 1917 1715 1991 ἡνωμένοςο
1782 1916 1875 1977 καὶ
1951 1922 1985 1988 ἡ

386 2006 687 2081 Ἐκκλησία
733 2008 1002 2090 πλήρωμά
1064 2011 1208 2068 ἐστιν
1263 2011 1445 2069 αὐτοῦ.
1494 2006 1718 2088 σΩσπερ
1763 2005 1868 2087 γὰρ
1931 2006 1991 2065 τὸ

387 2101 550 2175 σῶμα
596 2096 869 2178 πλήρωμά
913 2099 1024 2156 ἐστι
1074 2102 1170 2170 τῆς
1212 2099 1474 2179 κεφαλῆς,
1529 2097 1868 2177 ἀναπληροῦν
1899 2096 1993 2154 αὖ·

384 2184 482 2258 τὴν
513 2185 600 2245 διὰ
646 2190 752 2246 τῶν
801 2185 1006 2247 οἰκείων
1039 2190 1233 2265 μελῶν·
1270 2187 1410 2248 οὕτω
1453 2185 1546 2246 καὶ
1595 2191 1631 2259 ἡ
1687 2184 1991 2258 Ἐκκλησία

382 2275 657 2359 πλήρωμά
701 2280 814 2337 ἐστι
855 2281 949 2337 τοῦ
977 2276 1231 2356 Χριστοῦ,
1271 2304 1299 2330 ιι
1330 2282 1423 2336 τοῦ
1448 2276 1518 2335 τὰ
1548 2276 1726 2336 πάντα
1773 2280 1826 2337 ἐν
1855 2283 1991 2359 πᾷσι

386 2355 779 2446 πληρουμένου.
822 2392 847 2419 ι
896 2355 1211 2447 Πληροῦται
1237 2365 1342 2447 γὰρ
1391 2369 1420 2425 ὁ
1448 2365 1711 2445 Χριστὸς,
1743 2364 1836 2425 καὶ
1882 2355 1989 2423 οἶον

387 2456 764 2533 ἀναγεμίζεται
794 2453 862 2514 τὰ
913 2454 1092 2515 πάντα
1140 2454 1280 2532 μέλη
1333 2456 1388 2514 έν
1435 2465 1571 2515 πᾶσι
1608 2463 1718 2522 τοίς
1762 2453 1988 2521 πιστοῖς·

385 2534 495 2604 οἷον
544 2543 641 2618 τὴν
693 2552 853 2627 χεῖρα
902 2546 1307 2624 ἀναπληροῦται
1363 2546 1417 2605 έν
1469 2548 1547 2626 τῷ
1598 2542 1847 2622 ἐλεήμονι
1896 2545 1989 2601 ἀν-

386 2632 604 2715 θρώπῳ,
650 2634 742 2693 καὶ
790 2637 869 2716 τῷ
921 2632 1098 2701 ἄλλως
1148 2639 1257 2695 τῶν
1315 2636 1550 2693 ἀσθενῶν
1599 2632 1988 2711 ἀντιλαμϐανο-

388 2722 552 2805 μένῳ⁶
586 2721 676 2783 τὸν
721 2723 860 2783 πόδα
922 2725 1327 2804 ἀναπληροῦται
1383 2724 1438 2782 ἐν
1472 2727 1550 2804 τῷ
1593 2722 1725 2803 ὑπὲρ
1761 2729 1854 2782 τοῦ
1893 2720 1989 2781 λό-

385 2835 483 2891 γου
522 2814 902 2892 ἀποδημοῦντι,
965 2816 1020 2873 ἐν
1057 2820 1133 2892 τῷ
1179 2812 1617 2894 ἐπισκεπτομένῳ
1659 2811 1779 2879 τοὺς
1836 2811 1990 2871 ἀδελ-

386 2900 541 2982 φούς·
575 2902 668 2962 καὶ
711 2903 844 2962 ἀλλο
882 2903 1040 2980 μέλος
1082 2905 1136 2964 ἐν
1168 2903 1315 2984 ἄλλῳ
1350 2905 1456 2961 τῶν
1489 2904 1717 2963 πιστῶν.
1751 2898 1862 2963 Καὶ
1894 2898 1986 2960 οὕ-

385 3014 491 3058 τως
537 2993 941 3073 ἀναπληροῦται
980 2992 1048 3051 τὰ
1098 2992 1280 3052 πάντα
1320 2992 1457 3069 μέλη
1491 2994 1543 3050 ἐν
1572 3001 1708 3052 πᾶσι
1743 3000 1855 3058 τοῖς
1896 3014 1991 3049 πι-

388 3088 552 3160 στοῖς,
581 3080 840 3155 τουτέστι,
876 3079 967 3142 διὰ
1006 3080 1219 3142 πάντων
1269 3084 1374 3140 τῶν
1414 3084 1637 3154 πιστῶν,
1676 3080 1839 3140 ἄλλου
1883 3081 1987 3139 ἄλι-

2095 1919 2321 1993 junctus
2348 1928 2403 1976 et
2427 1921 2616 1978 unitus
2650 1941 2663 1977 :
2694 1923 2933 1979 Ecclesia
2962 1932 3051 1980 est
3077 1924 3360 1996 plenitudo
3389 1927 3582 1998 ipsius.
3617 1931 3697 1986 Ut

2100 2009 2251 2066 enim
2301 2026 2502 2083 corpus
2546 2019 2630 2068 est
2676 2012 2955 2083 plenitudo
2997 2014 3208 2086 capitis,
3249 2015 3464 2087 replens
3500 2017 3685 2089 ipsum

2100 2114 2196 2171 per
2224 2100 2443 2172 propria
2479 2101 2733 2158 membra
2767 2120 2779 2157 :
2812 2101 2960 2159 hunc
2984 2102 3055 2159 ad
3083 2103 3313 2161 modum
3344 2105 3585 2163 Ecclesia
3612 2117 3697 2163 est

2100 2189 2383 2261 plenitudo
2412 2190 2635 2259 Christi,
2656 2191 2747 2264 qui
2770 2192 2959 2249 omnia
2985 2193 3040 2248 in
3059 2194 3316 2250 omnibus
3343 2195 3688 2268 adimpletur.

2100 2279 2456 2352 Adimpletur
2484 2280 2633 2337 enim
2661 2280 2937 2348 Christus,
2962 2297 3026 2339 ac
3053 2283 3216 2339 veluti
3244 2283 3402 2355 plene
3430 2300 3689 2342 consum-

2097 2377 2285 2425 matur
2311 2385 2407 2441 per
2425 2369 2615 2426 omnia
2638 2371 2889 2428 membra
2908 2373 2965 2427 in
2986 2372 3249 2430 omnibus
3267 2373 3521 2431 ﬁdelibus
3547 2396 3560 2433 :
3586 2376 3694 2432 vel-

2096 2459 2176 2514 uti
2222 2458 2409 2532 quoad
2458 2475 2680 2516 manum
2727 2460 3060 2533 adimpletur
3101 2462 3159 2519 in
3199 2463 3425 2520 homine
3471 2464 3688 2522 miseri-

2097 2548 2287 2618 corde,
2329 2558 2389 2606 et
2421 2550 2518 2622 qui
2548 2549 2688 2607 alias
2726 2550 2961 2608 inﬁrmis
2998 2553 3270 2610 succurrit
3316 2570 3332 2607 :
3375 2554 3559 2626 quoad
3591 2571 3691 2628 pe-

2096 2637 2229 2695 dem
2256 2638 2586 2712 adimpletur
2612 2640 2761 2696 ineo
2790 2640 2882 2712 qui
2913 2641 3059 2698 verbi
3099 2643 3200 2699 Dei
3228 2658 3415 2700 amore
3443 2646 3685 2717 peregri-

2094 2735 2280 2794 natur,
2334 2728 2390 2784 in
2431 2745 2497 2785 eo
2539 2730 2630 2801 qui
2681 2728 2880 2786 fratres
2926 2730 3108 2787 invisit
3151 2751 3166 2788 :
3214 2741 3269 2789 et
3313 2732 3496 2804 quoad
3539 2734 3691 2792 aliud

2095 2818 2414 2874 membrum
2455 2818 2514 2874 in
2557 2819 2662 2875 alio
2702 2819 2872 2876 ﬁdeli.
2917 2821 3006 2877 Sic
3054 2821 3118 2878 iit
3163 2830 3228 2878 ut
3272 2828 3458 2894 quoad
3503 2824 3690 2880 omnia

2099 2905 2350 2964 membra
2383 2908 2441 2963 in
2469 2908 2729 2965 omnibus
2756 2908 3008 2966 ﬁdelibus
3035 2908 3417 2982 adimpleatur,
3449 2910 3556 2969 hoc
3583 2922 3688 2983 est,

2096 3012 2196 3069 per
2223 3013 2418 3054 omnes
2450 2997 2657 3067 ﬁdeles,
2688 2998 2795 3054 alio
2826 2999 2989 3055 aliam
3020 3000 3250 3073 gratiam
3287 3001 3689 3059 contribuente.

2096 3089 2241 3143 Tum
2282 3087 2435 3143 enim
2478 3087 2740 3160 impletur
2779 3096 2948 3161 caput
2983 3098 3238 3146 nostrum
3278 3089 3546 3161 Christus,
3587 3091 3694 3148 hoc

386 3162 485 3243 λην
512 3150 672 3252 λάριν
703 3150 1150 3254 συνεισφέροντος.
1197 3170 1338 3231 Τότε
1366 3169 1470 3251 γὰρ
1498 3150 1797 3250 πληροῦται
1825 3175 1860 3243 ἡ
1896 3193 1984 3229 κε-

2098 3185 2207 3247 est,
2235 3175 2545 3249 perfectum
2572 3193 2773 3250 corpus
2809 3178 3024 3251 recipit,
3059 3179 3277 3251 quando
3303 3180 3470 3238 simul
3501 3195 3694 3238 omnes

386 3259 531 3341 φαλή
577 3264 732 3339 ἡμῶν
778 3264 808 3319 ὁ
849 3260 1109 3343 Χριστὸς,
1142 3260 1418 3343 τουτέστι,
1469 3259 1739 3337 λαμϐάνει
1784 3258 1981 3320 τέλειον

384 3348 447 3408 τὸ
470 3352 651 3428 σῶμα,
695 3349 820 3411 ὅταν
857 3341 991 3431 ὁμοῦ
1022 3351 1217 3420 πάντες
1245 3341 1391 3431 ὦμεν
1434 3349 1697 3430 ἡνωμέναι
1731 3350 1824 3411 καὶ
1853 3374 1985 3432 συγ-

385 3439 786 3520 κεκολλημένα.

976 3551 1269 3613 ΚΕΦΑΔ.
1310 3548 1394 3610 B'.

474 3683 499 3711 α
534 3654 648 3719 Καὶ
678 3661 816 3736 ὖμᾶς
843 3656 997 3726 ὄντας
1039 3657 1254 3740 νεκροὺς
1299 3666 1408 3727 τοῖς
1445 3656 1851 3737 παραπτώμασι
1893 3658 1988 3718 καὶ

384 3755 500 3817 ταῖς
556 3747 881 3831 ἁμαρτίαις,
917 3751 971 3809 ἐν
1029 3739 1289 3817 αἶςίποτε
1339 3748 1797 3830 περιεπατήσατε,
1847 3747 1985 3808 κατὰ

385 3837 476 3896 τὸν
504 3839 673 3897 αἰῶνα
704 3843 800 3898 τοῦ
842 3836 1045 3915 κόσμου
1078 3836 1291 3914 τούτου,
1329 3837 1468 3898 κατὰ
1509 3837 1866 3918 τὸνυάρχοντα
1894 3840 1986 3910 τῆς

386 3923 622 3994 ἐξουσίας
658 3933 752 3986 τοῦ
798 3928 948 4008 ἀέρος
977 3933 1070 3987 τοῦ
1115 3927 1438 4006 πνεύματος.
1483 3953 1509 3981 ιο
1547 3916 1714 3989 Εἶπεν
1754 3925 1808 3965 79
1853 3929 1987 3985 ἀνωο

382 4015 542 4096 τέρω,
576 4015 657 4076 ὅτι
698 4017 795 4090 τὴν
836 4017 1004 4090 αὐτὴν
1055 4016 1278 4095 δύναμιν
1337 4017 1430 4079 καὶ
1473 4016 1740 4097 ἐνέργειαν
1792 4016 1985 4076 ἐνεδεί-

384 4103 508 4174 ξατο
552 4109 581 4165 δ
613 4105 749 4174 Θεὸς
773 4108 866 4189 -εἷς
906 4110 1073 4189 ἡμᾶς,
1105 4106 1170 4178 ἣν
1206 4106 1299 4166 καὶ
1350 4109 1403 4166 ἐν
1447 4109 1526 4187 τῷ
1556 4106 1796 4189 Χριστῷ.
1850 4106 1985 4186 Περὶ

383 4195 581 4257 ἐκείνου
613 4194 710 4275 μὲν
740 4187 829 4256 οὖν
878 4188 1043 4271 εἶπεν,
1086 4198 1167 4256 ὅτι
1208 4197 1419 4279 ἤγειρεν
1466 4195 1624 4256 αὐτὸν
1658 4199 1718 4256 ἐκ
1750 4187 1867 4256 ⁷τῶν
1901 4221 1984 4256 νε-

386 4289 551 4366 κρῶν,
603 4285 693 4345 καὶ
742 4286 983 4346 ἐκάθισεν
1029 4286 1275 4367 ὖπεράνω
1308 4288 1538 4346 πάντων.
1577 4286 1777 4348 Λοιπὸν
1810 4286 1866 4346 δὲ
1893 4292 1984 4345 νῦν

382 4376 528 4455 λέγει
572 4375 664 4435 καὶ
708 4376 830 4458 περὶ
878 4379 1056 4454 ἡμῶν,
1112 4377 1204 4436 καί
1254 4399 1436 4458 φησιν,
1482 4374 1562 4436 ὅτι
1605 4400 1637 4432 α
1686 4376 1800 4436 Καί
1845 4379 1985 4454 ὖμᾶς

383 4464 536 4535 ὄντας
585 4464 798 4547 νεκροὺς
840 4489 869 4524 ι
927 4466 1206 4547 (νέκρωσιν
1261 4469 1320 4526 οὗ
1366 4465 1465 4538 τὴν
1514 4466 1850 4544 σωματικὴν,
1884 4467 1982 4538 τὴν

2102 3265 2372 3325 fuerimus
2399 3268 2682 3342 conjuncti
2709 3276 2766 3325 et
2785 3269 3165 3342 conglutinati.

2709 3551 2959 3609 CAPUT
2994 3554 3066 3608 Il.

2163 3659 2341 3716 Vsus.
2380 3662 2431 3729 ι,
2462 3665 2516 3715 2.
2553 3679 2580 3709 ‹‹
2618 3661 2691 3715 Et
2720 3675 2816 3715 vos
2844 3674 2973 3715 cum
3010 3658 3203 3716 essetis
3234 3660 3441 3716 mortui
3470 3660 3687 3718 delictis

2094 3757 2150 3804 et
2178 3748 2436 3821 peccatis,
2475 3749 2534 3805 in
2573 3748 2772 3821 quibus
2809 3748 3101 3820 aliquando
3135 3749 3459 3805 ambulastis
3493 3764 3689 3806 secun-

2093 3837 2231 3895 dum
2268 3839 2530 3895 saeculum
2572 3837 2764 3893 mundi
2810 3836 2996 3909 hujus,
3039 3837 3342 3894 secundum
3382 3838 3692 3912 principem

2094 3928 2382 4002 porestatis
2423 3928 2584 3998 aeris,
2628 3927 2871 3999 spiritus.
2904 3946 2933 3980 ν
2975 3930 3151 4001 Supra
3178 3926 3317 3983 dixit
3352 3926 3501 4000 quod
3540 3943 3689 3985 eam-

2093 4020 2220 4075 dem
2246 4019 2549 4092 potentiam
2574 4025 2629 4073 et
2656 4017 3032 4090 operationem
3052 4016 3357 4074 ostenderit
3383 4019 3536 4073 Deus
3564 4033 3690 4090 erga

2093 4126 2217 4179 nos,
2262 4124 2430 4182 quam
2458 4109 2516 4163 in
2543 4106 2784 4165 Christo.
2825 4107 3049 4163 Etenim
3092 4106 3162 4163 de
3199 4106 3312 4172 illo,
3350 4105 3508 4177 dixit,
3540 4107 3693 4178 quod

2092 4198 2346 4255 excitarit
2362 4213 2489 4255 eum
2510 4213 2542 4253 a
2562 4196 2813 4267 mortuis,
2837 4204 2894 4253 et
2913 4196 3436 4270 constitueritsuper
3456 4195 3648 4253 omnia
3675 4215 3688 4252 :

2090 4288 2349 4360 deinceps
2372 4303 2501 4344 vero
2525 4286 2593 4345 de
2618 4287 2779 4344 nobis
2789 4287 2908 4360 jam
2927 4302 3077 4343 nunc
3095 4286 3259 4343 verba
3285 4286 3434 4356 facit,
3460 4308 3486 4336 σι
3510 4289 3639 4353 Vos,
3664 4310 3688 4337 »ι

2091 4378 2370 4452 inquiens,
2405 4400 2433 4430 ι(
2463 4393 2588 4434 cum
2615 4377 2810 4434 essetis
2838 4376 3047 4433 mortui
3082 4400 3109 4427 ν
3141 4383 3403 4446 (mortem
3431 4391 3543 4434 non
3567 4392 3692 4433 cor-

2095 4470 2337 4543 poralern
2372 4484 2444 4525 ex
2465 4467 2681 4525 Adamo
2708 4476 3091 4541 propagatum,
3116 4466 3214 4523 sed
3233 4468 3459 4537 animae,
3485 4483 3515 4523 a
3538 4466 3697 4523 nobis

388 4559 449 4617 ἔκ
494 4559 590 4616 τοῦ
626 4553 810 4634 Ἀδὰμ
848 4555 1172 4637 ἀρξαμένην,
1207 4556 1347 4616 ἀλλὰ
1392 4554 1489 4628 τὴν
1520 4554 1776 4637 ψυχικὴν,
1804 4556 1901 4630 τὴν
1931 4557 1983 4626 ἐξ

2096 4560 2223 4632 ipsis
2278 4559 2596 4625 conﬂatam,
2670 4572 2870 4629 nempe
2953 4557 3325 4629 peccatorum)
3404 4557 3692 4613 suscitavit

385 4648 540 4725 ἡμῶν
610 4646 787 4706 αὐτῶν
846 4645 1257 4723 συνισταμένην,
1325 4643 1420 4718 τὴν
1480 4649 1585 4705 τῶν
1668 4646 1982 4727 ἁμαρτιῶν)

386 4737 645 4809 ἀνέστησε
673 4734 766 4795 καὶ
807 4734 1040 4815 ἤγειρεν.
1071 4733 1244 4796 ’Ὥστε
1373 4736 1505 4814 αὐτῇ
1539 4734 1592 4773 ⁸ο
1632 4735 1854 4811 δυνάμει
1892 4735 1983 4795 καὶ

382 4824 473 4886 τὸν
522 4824 721 4904 Κύριον
773 4825 981 4905 ἤγειρεν
1017 4828 1076 4884 ἐκ
1126 4829 1217 4886 τοῦ
1256 4829 1563 4903 σωματικοῦ
1614 4824 1861 4898 θανάτου,
1893 4826 1985 4885 καὶ

379 4919 526 4990 ἡμᾶς
571 4917 632 4974 ἐκ
681 4919 775 4975 τοῦ
824 4917 1052 4998 ψυχικοῦ
1105 4919 1196 4973 τοῦ
1252 4917 1357 4973 τῶν
1408 4915 1687 4995 ἁμαρτιῶν
1706 4938 1719 4952 ο
1776 4917 1980 4993 μᾶλλον

381 5005 438 5064 δὲ
475 5004 538 5063 τὸ
569 5007 746 5084 μεῖζον
793 5008 888 5064 τοῦ
937 5002 1151 5083 νεκροὺς
1181 5004 1425 5083 ἀνιστᾷν,
1470 5002 1531 5062 τὸ
1584 5003 1761 5085 ψυχᾲς
1817 5027 1983 5083 μετα-

381 5101 590 5177 πεῖσαι,
630 5096 701 5161 ὡς
730 5091 820 5152 καὶ
868 5094 1120 5174 ἀνωτέρω
1158 5091 1390 5174 εἴρηται.
1426 5090 1498 5151 (Η
1533 5091 1628 5169 μὲν
1660 5084 1749 5152 οἶν
1781 5093 1987 5154 διάνοια

381 5188 473 5243 τοῦ
516 5182 640 5244 ὅλου
684 5185 843 5263 ῥητοῦ
889 5181 1143 5255 τοιαύτη·
1190 5181 1278 5241 διὰ
1314 5186 1519 5262 μακροῦ
1563 5179 1617 5263 δέ
1671 5180 1988 5243 ἀποδέδοται

384 5275 457 5341 εἷς
479 5272 566 5347 τὸ,
595 5299 620 5327 α
654 5259 1094 5345 Συνεζωοποίησε
1126 5295 1202 5353 τῳ
1222 5259 1464 5355 Χριστὶξῗ
1498 5290 1529 5329 ›)
1567 5259 1652 5330 οἶα
1685 5272 1748 5345 δὴ
1775 5273 1986 5331 πολλῶν

379 5368 834 5444 παρεντεθέντων,
878 5360 971 5421 καὶ
1022 5362 1408 5445 ἐπαναλήψεως
1451 5358 1738 5441 γενομένης
1785 5361 1840 5445 ἐν
1885 5365 1984 5443 τῷ,

382 5479 408 5508 ι
438 5442 509 5514 Ὃ
540 5451 597 5514 δὲ
637 5450 774 5519 Θεὸς
803 5450 1058 5519 πλούσιος
1094 5449 1167 5510 ὢν
1201 5454 1255 5512 ἐν
1284 5442 1455 5512 Ἵέλέει.
1496 5478 1523 5503 ιο
1555 5448 1743 5511 Εἰπὼν
1776 5442 1866 5511 οὖν
1891 5442 1986 5512 αὖ·

2093 4649 2477 4721 excitavitque.
2507 4650 2697 4720 Itaque
2728 4646 2924 4703 eadem
2945 4647 3185 4720 potentia
3215 4647 3517 4702 Dominum
3547 4645 3690 4701 exci-

2093 4739 2228 4795 tavit
2270 4754 2301 4794 a
2337 4744 2515 4795 morte
2551 4752 2835 4809 corporea,
2876 4744 2928 4792 et
2970 4752 3071 4791 nos
3102 4744 3158 4791 et
3188 4750 3219 4790 a
3257 4742 3437 4791 morte
3464 4734 3685 4803 animae,

2092 4828 2300 4901 peccati
2321 4828 2562 4895 scilicet;
2589 4826 2701 4883 imo
2725 4842 2875 4895 vero,
2907 4825 3123 4882 animos
3147 4833 3540 4891 transmittare,
3571 4840 3691 4880 ma-

2090 4919 2184 4993 jus
2214 4927 2300 4976 est
2321 4934 2492 4990 quam
2514 4925 2769 4973 mortuos
2796 4914 3052 4984 excitare,
3078 4924 3141 4972 ut
3163 4930 3329 4988 supra
3352 4930 3695 4972 commemo-

2097 5017 2283 5065 ratum
2325 5016 2429 5064 est.
2472 5009 2673 5064 Sensus
2713 5004 2879 5080 igitur
2909 5005 3076 5062 totius
3115 5004 3279 5078 hujus
3327 5005 3431 5062 loci
3473 5013 3557 5061 est
3584 5003 3687 5060 hu-

2091 5097 2357 5173 jusmodi,
2388 5097 2603 5155 etiamsi
2642 5097 2696 5152 in
2726 5096 2954 5169 longum
2980 5094 3326 5163 extendatur,
3352 5109 3524 5166 usque
3552 5092 3691 5151 dum

2097 5187 2400 5263 pervenerit
2449 5202 2516 5244 eo
2568 5185 2660 5242 ubi
2706 5184 2843 5242 dicit
2885 5202 2899 5240 :
2948 5208 2975 5234 σι
3018 5183 3324 5243 Viviﬁcavit
3360 5183 3522 5240 simul
3561 5200 3691 5240 cum

2098 5278 2342 5348 Christo,
2375 5300 2401 5327 ιι
2437 5275 2623 5333 multis
2645 5274 2913 5332 nimirum
2952 5272 3308 5346 interpositis,
3338 5273 3693 5346 repetitione-

2097 5385 2206 5443 que
2237 5367 2380 5425 facta
2409 5383 2539 5424 cum
2574 5365 2671 5434 ait,
2708 5387 2734 5416 υ
2767 5368 2918 5422 Deus
2946 5372 3133 5422 autem
3167 5364 3261 5437 qui
3292 5362 3588 5427 opulentus
3610 5371 3695 5420 est

2098 5460 2151 5517 in
2182 5456 2578 5516 misericordia.
2608 5479 2633 5506 υ
2671 5457 2810 5514 Cum
2834 5453 3061 5513 dixisset
3084 5455 3251 5528 igitur
3276 5469 3372 5512 eos
3395 5468 3512 5512 esse
3538 5469 3696 5511 mor-

381 5541 501 5612 τοὺς
529 5541 742 5625 νεκροὺς
790 5540 964 5618 ὄντας,
995 5540 1087 5602 καὶ
1135 5539 1305 5612 δείξας
1347 5545 1461 5611 πῶς
1495 5531 1632 5615 ἦσαν
1674 5541 1877 5622 νεκροὶ,
1908 5540 1987 5602 ὅτι

2097 5557 2242 5620 tuos,
2291 5563 2357 5607 ac
2401 5554 2762 5607 monstrasset
2789 5545 3071 5621 quomodo
3106 5544 3312 5605 fuerint
3337 5542 3570 5616 mortui,
3606 5544 3697 5602 ni-

1777 5677 1969 5739 Varize
2013 5676 2321 5739 lectiones.

459 5793 503 5830 ⁷⁸⁷
531 5799 676 5869 σῶμα
702 5796 788 5863 τῆς
811 5790 1113 5863 Ἐκκλησίας
1137 5809 1217 5852 m.
1293 5791 1341 5829 ⁷⁸
1370 5793 1543 5868 χρείαν
1572 5809 1626 5852 0.
1703 5792 1747 5828 7°
1773 5794 1803 5848 ὃ
1828 5794 1875 5847 δ’
1901 5791 1987 5850 οὗν
2019 5793 2110 5867 ἔφη
2139 5810 2220 5850 m.
2299 5790 2344 5826 ⁸ο
2371 5788 2521 5845 αὖτοῦ
2559 5805 2614 5848 0.
