4124 6474
464 426 590 481 1051

1480 426 1997 483 THEOPHYLACTI
2036 424 2390 483 BULGARDE
2426 426 2742 484 ARCHIEP.

3602 419 3749 479 .1052

461 551 670 609 mirum
700 567 799 625 per
832 551 1026 612 delicta
1073 561 1130 611 et
1166 560 1408 627 peccata,
1439 551 1690 610 bifariam
1728 567 1824 610 eos
1851 567 2043 610 conso-

2156 560 2265 622 τοῖς
2301 552 2706 633 παραπτώμασι
2752 550 2846 612 καὶ
2890 549 3009 618 ταῖς
3053 545 3364 633 ἁμαρτίαις,
3415 551 3751 628 παραμυθεῖ-

452 641 618 711 latur,
643 650 761 698 tum
790 658 891 716 per
926 643 1034 700 hoc
1058 642 1210 716 quod
1247 642 1339 712 ait,
1382 665 1409 692 α
1442 646 1508 699 In
1536 642 1732 716 quibus
1755 643 1887 699 olim
1915 657 2036 699 am-

458 730 704 803 bulastis,
742 753 765 785 )
799 741 855 789 et
880 750 986 790 non
1015 732 1182 789 hodie
1216 752 1230 789 :
1261 741 1380 790 tum
1410 749 1508 805 per
1544 732 1650 789 hoc
1679 732 1827 804 quod
1854 728 2037 801 infert,

454 820 602 892 quod
642 837 672 877 a
699 822 918 879 diabolo
949 824 1119 896 373
1159 824 1218 878 in
1247 831 1577 894 potestatem
1602 822 1805 879 redacti
1846 837 2036 895 pecca-

460 909 621 982 batis,
654 919 711 967 et
736 920 915 969 totum
938 928 1055 969 non
1078 922 1196 971 erat
1220 921 1485 981 vestrum,
1509 912 1604 970 sed
1639 919 1695 969 et
1717 919 2039 984 cooperato-

450 1001 529 1057 ris
553 1002 739 1072 vestri,
765 1002 859 1076 qui
884 1002 1022 1060 adeo
1043 1012 1298 1077 potenter
1320 1018 1418 1061 vos
1444 1003 1667 1076 suojuri
1694 1002 2038 1077 subjugabat.

454 1092 763 1150 Peccabatis
825 1093 1014 1167 igitur,
1075 1116 1101 1143 α
1159 1094 1462 1153 secundum
1520 1093 1785 1152 saeculum
1844 1093 2040 1150 mundi

455 1180 619 1254 hujus
664 1183 1241 1254 circumambulantes,
1290 1207 1317 1235 ι
1361 1184 1469 1241 hoc
1507 1193 1610 1252 est,
1652 1183 1939 1241 mundana
1985 1193 2044 1241 et

457 1273 788 1344 temporaria
825 1275 1154 1348 cogitantes,
1195 1282 1357 1349 atque
1392 1274 1499 1332 hoc
1526 1275 1728 1332 saeculo
1754 1289 2041 1346 perperam

448 1369 683 1420 utentes.
715 1366 841 1421 Non
880 1365 1033 1421 enim
1059 1364 1325 1422 saeculum
1353 1364 1569 1421 malum
1594 1374 1697 1435 est,
1724 1362 1818 1421 sed
1841 1363 2043 1421 abusus

454 1450 593 1524 ejus.
624 1452 781 1510 Istud
806 1454 957 1512 enim
985 1454 1178 1512 datum
1209 1462 1293 1511 est
1316 1454 1478 1511 nobis
1502 1455 1560 1510 in
1590 1454 1808 1524 ducem,
1846 1461 2039 1527 quate-

452 1556 559 1597 nus
587 1544 940 1616 corruptibile
976 1553 1060 1602 est
1086 1553 1141 1602 et
1167 1544 1404 1614 ﬂuxum,
1434 1544 1679 1601 excitans
1716 1559 1821 1601 nos
1848 1543 1918 1600 ad
1959 1543 2043 1599 in-

461 1632 839 1706 corruptibilia
873 1642 933 1692 et
966 1635 1202 1692 minime
1245 1635 1413 1691 ﬂuxa.
1465 1637 1579 1691 Nos
1616 1642 1804 1690 autem
1847 1649 2043 1690 corm-

460 1721 634 1792 ptioni
658 1731 711 1779 et
733 1723 907 1780 ﬂuxui
933 1723 1098 1797 hujus
1121 1725 1340 1797 alligati,
1372 1722 1603 1782 fecimus
1634 1722 1774 1780 illud
1796 1738 1911 1780 non
1938 1722 2040 1780 du-

452 1826 595 1879 cem,
625 1812 721 1868 sed
750 1813 1231 1886 impedimentum.
1263 1814 1569 1886 Principem
1594 1822 1784 1870 autem
1806 1820 2043 1886 potesta-

2153 667 2245 703 ται
2291 628 2472 724 διπλῇ,
2509 628 2586 724 τῶ
2615 666 2671 702 τε
2702 642 2749 682 ⁸⁸
2786 645 2970 714 εἰπεῖν,
3013 661 3043 699 (ι
3086 628 3186 700 Ἐν
3213 628 3296 706 αῖς
3322 660 3453 698 ποτε
3490 658 3748 724 περιεπαξ

2154 733 2373 807 τήσατε,
2409 723 2436 787 ιι
2471 723 2567 792 xuii
2590 732 2709 814 οὐχὶ
2746 736 2857 791 νῦν⁸
2888 730 2979 791 καὶ
3015 732 3093 811 τῷ
3124 727 3341 808 ἐπάγειν
3391 731 3456 801 ⁸³,
3490 724 3571 785 ὅτι
3608 723 3752 786 Ὑπὸ

2154 828 2245 882 τοῦ
2328 822 2576 883 διαϐόλου
2645 813 3172 899 κατεξουσιαζόμενοι
3230 817 3595 899 ἡμαρτάνετε,
3658 813 3752 874 καὶ

2155 914 2257 995 οὐχ
2303 915 2454 991 ὑμῶν
2481 904 2547 985 ἦν
2593 911 2654 975 τὸ
2682 922 2822 990 πᾶν,
2857 910 2997 971 ἀλλὰ
3034 909 3126 971 καὶ
3163 913 3256 968 τοῦ
3295 912 3548 995 συνεργοῦ
3577 906 3749 984 ὖμῶν,

2154 1008 2250 1063 τοῦ
2301 1001 2466 1071 οὕτως
2501 1004 2731 1083 ἰσχυρῶς
2775 998 3266 1070 κατεξουσιάζοντος
3316 1000 3483 1077 ὑμῶν.
3528 994 3751 1083 Ἥμαρ-

2154 1091 2339 1152 τάνετε
2379 1082 2572 1167 τοίνυν,
2621 1082 2821 1152 «κατὰ
2848 1089 2937 1149 τὸν
2986 1092 3153 1150 αἰῶνα
3186 1092 3278 1148 τοῦ
3317 1086 3522 1164 κόσμου
3565 1082 3750 1144 τούτου

2155 1187 2593 1264 περιπατοῦντες,
2648 1208 2675 1235 κ
2719 1174 2992 1256 τουτέστι,
3044 1183 3352 1261 φρονοῦντες
3395 1175 3464 1236 τὰ
3514 1178 3608 1235 τοῦ
3658 1171 3750 1232 κόι-

2156 1296 2294 1351 σμου
2346 1271 2440 1333 καὶ
2487 1270 2558 1330 τὰ
2608 1270 2942 1353 πρόσκαιρα,
3000 1270 3093 1329 καὶ
3134 1271 3312 1335 κακῶς
3361 1265 3628 1346 χρώμενοι
3673 1265 3752 1343 et?)

2156 1365 2307 1422 αἰῶνι
2354 1360 2543 1443 τούτῳ.
2574 1363 2658 1422 Οὔ
2700 1360 2803 1441 γὰρ
2832 1363 2861 1419 ὃ
2913 1357 3044 1419 αἰὼν
3091 1356 3276 1430 κακὸς,
3319 1357 3438 1417 ἀλλ’
3487 1360 3522 1428 ἡ
3566 1353 3752 1443 παράέ

2154 1475 2343 1533 χρησις
2389 1442 2568 1515 αὐτοῦ.
2622 1451 2789 1517 Αὐτὸς
2837 1448 2932 1528 μὲν
2966 1448 3070 1528 γὰρ
3098 1447 3283 1526 δδηγὸς
3336 1445 3577 1517 δέδοται,
3623 1442 3755 1533 καθρ

2154 1530 2379 1623 λρθαρτὸς
2451 1541 2544 1601 καὶ
2625 1538 2873 1622 ῥευστὸς,
2940 1536 3209 1618 διεγείρων
3277 1539 3422 1613 ἡμᾶς
3491 1533 3624 1623 πρὸς
3689 1530 3754 1590 τὰ

2156 1621 2399 1714 άφθαρτα
2444 1630 2537 1689 καὶ
2586 1621 2836 1710 ἄρευστα·
2890 1631 3047 1706 ἡμεῖς
3090 1625 3146 1686 δὲ
3307 1630 3473 1708 φθορᾷ
3528 1621 3622 1683 καὶ
3678 1626 3747 1714 τῇ

2159 1711 2252 1805 ῥοῇ
2286 1718 2472 1780 τούτου
2505 1717 2907 1802 προσδεθέντες,
2955 1715 3278 1794 ἐποιήσαμεν
3324 1714 3483 1805 αὖτρν
3517 1714 3621 1805 οῦχ
3664 1711 3754 1770 ὁδ-

2148 1801 2309 1886 ἠγὸν,
2339 1808 2458 1868 ἄλλ’
2483 1801 2835 1887 ἐμποδιστήν.
2863 1835 2889 1863 ιι
2918 1806 3184 1888 Ἄρχοντα
3210 1805 3266 1866 δὲ
3282 1808 3375 1877 τῆς
3395 1801 3629 1871 ἐξουσίας
3657 1806 3750 1859 τοῦ

454 1899 522 1955 tis
549 1901 691 1958 aeris
731 1902 1017 1961 diabolum
1045 1905 1301 1978 appellat,
1341 1920 1457 1960 non
1495 1902 1876 1971 Conditorem,
1915 1918 2037 1974 per-

2156 1899 2302 1981 ἀέρος
2330 1926 2356 1954 ι
2386 1898 2475 1960 τὸν
2503 1898 2748 1959 διάϐολόν
2768 1921 2958 1980 φησιν,
2990 1898 3049 1957 οὗ
3076 1897 3165 1957 τὸν
3202 1891 3568 1972 Δημιουργὸν,
3599 1894 3670 1959 ὣς
3699 1892 3749 1981 οῖ

453 1990 587 2048 inde
629 2007 694 2049 ac
737 1994 1055 2052 exsecrandi
1101 1994 1388 2052 Manichaai
1446 2013 1460 2050 :
1519 1993 1830 2065 Principem
1883 2007 2037 2060 sane,

454 2079 609 2154 quod
635 2084 897 2140 mortales
926 2085 1032 2158 ipsi
1062 2084 1270 2156 seipsos
1292 2084 1339 2140 ei
1369 2083 1736 2156 subjecerunt,
1765 2098 1827 2139 ac
1861 2082 2047 2153 plures

451 2171 554 2243 ipsi
585 2173 827 2230 serviant
847 2189 1014 2246 quam
1045 2176 1185 2231 Deo.
1212 2177 1609 2230 Verumtamen
1633 2173 1688 2228 in
1715 2171 1821 2229 hoc
1844 2171 2044 2230 saaculo

453 2269 539 2317 est
565 2261 665 2317 iste
690 2262 810 2335 ejus
838 2263 1193 2336 principatus,
1225 2279 1290 2320 ac
1314 2278 1499 2320 aerem
1523 2278 1636 2319 non
1656 2260 1996 2318 transcendit
2024 2278 2039 2316 :

457 2366 574 2407 non
601 2352 746 2407 enim
777 2352 831 2408 in
857 2354 996 2409 coelo
1026 2353 1207 2410 locum
1234 2352 1421 2421 habet,
1453 2352 1547 2409 sed
1571 2351 1675 2409 sub
1708 2351 1871 2408 ccelo.
1904 2353 2044 2406 Pro-

456 2447 643 2513 pterea
686 2442 884 2499 Paulus
914 2442 1217 2516 principem
1264 2443 1556 2516 potestatis
1603 2443 1743 2498 aeris
1785 2442 2041 2514 appellat,

456 2544 574 2586 non
603 2530 768 2587 veluti
800 2531 857 2586 in
885 2547 1068 2589 aerem
1094 2531 1434 2601 dominetur,
1466 2547 1705 2605 eumque
1729 2532 1998 2604 gubernet
2029 2549 2041 2586 :

453 2618 641 2675 Absit!
668 2619 763 2677 sed
785 2619 933 2693 quod
958 2621 1013 2677 in
1038 2637 1103 2678 eo
1124 2619 1461 2678 demoretur.
1483 2621 1623 2677 Nam
1649 2637 1778 2676 cum
1799 2619 2048 2677 diabolus

459 2708 684 2779 spiritus
709 2710 800 2778 sit,
833 2710 893 2767 in
930 2726 1076 2781 aere,
1107 2711 1271 2768 veluti
1302 2712 1520 2783 spiritu,
1550 2717 1953 2779 commoratur,
1991 2717 2049 2765 et

456 2796 743 2873 hucusque
770 2808 1099 2871 potestatem
1127 2800 1293 2857 habet
1327 2809 1497 2873 atque
1529 2800 1852 2872 potentiam,
1884 2814 2050 2870 super

458 2901 551 2944 eos
584 2888 677 2960 qui
723 2904 841 2945 sese
881 2889 987 2962 ipsi
1018 2890 1322 2963 subjiciunt
1358 2890 1726 2962 principatum
1760 2903 2045 2945 exercens.

458 2976 716 3033 Nonnulli
753 2994 903 3046 vero,
947 3000 973 3028 α
1014 2978 1312 3050 principem
1349 2978 1490 3035 aeris
1537 3000 1558 3028 ιο
1603 2994 1726 3050 pro,
1764 2993 2047 3034 aerearum

465 3065 860 3137 potentiamm,
904 3067 1212 3140 intelligunt
1260 3087 1273 3122 :
1327 3067 1473 3124 unde
1519 3075 1573 3123 et
1618 3066 1819 3133 intulit,
1871 3066 2046 3135 aiunt,

458 3177 484 3204 ι
528 3155 752 3227 spiritus
788 3174 803 3213 :
847 3179 875 3207 ι
916 3156 1022 3213 hoc
1049 3166 1152 3225 est,
1177 3157 1334 3230 juxta
1376 3156 1680 3229 principem
1709 3164 1766 3212 et
1792 3154 2049 3212 domina-

460 3251 640 3301 torem
670 3245 855 3302 omnis
891 3246 1117 3318 spiritus
1153 3246 1213 3302 in
1253 3261 1376 3302 aere
1410 3245 1699 3302 versantia.
1746 3249 2048 3317 Postquam
2077 3221 2121 3285 (ἶ

458 3333 605 3390 enim
636 3334 807 3391 semel
850 3335 1100 3408 princeps
1139 3334 1316 3392 factus
1343 3343 1446 3405 est,
1470 3334 1686 3392 videtur
1716 3335 1784 3390 ab
1812 3350 1877 3391 eo
1902 3335 2048 3407 prin-

464 3423 648 3496 cipatu
688 3439 758 3480 ne
802 3433 928 3496 post
968 3425 1455 3498 transgressionem
1497 3425 1719 3496 quidem
1761 3424 2044 3481 excidisse.

537 3535 561 3561 α
606 3513 711 3586 Qui
756 3531 904 3571 nunc
940 3523 1201 3586 operatur
1235 3514 1293 3570 in
1322 3513 1448 3571 ﬁliis
1483 3513 1823 3571 diffidentiae.
1866 3537 1892 3564 ιι
1926 3517 2050 3571 Non

459 3600 614 3671 dixit,
648 3603 752 3673 Qui
790 3603 957 3676 cogit,
989 3604 1108 3674 sed,
1156 3626 1182 3653 ι
1217 3603 1322 3677 Qui
1361 3612 1621 3677 operatur
1658 3622 1671 3659 :
1707 3626 1733 3653 κ»
1764 3604 1911 3660 unde
1941 3603 2049 3676 pla-

460 3707 596 3748 num
626 3701 710 3748 est
751 3691 902 3767 quod
941 3693 999 3749 in
1041 3694 1376 3750 voluntarios
1412 3693 1746 3750 dominetur.
1792 3693 1846 3749 Si
1894 3694 2049 3751 enim

457 3780 622 3839 nobis
660 3781 846 3838 invitis
887 3779 1286 3853 dominaretur,
1326 3791 1545 3856 cogeret
1571 3798 1721 3851 sane,
1760 3782 1839 3839 uti
1874 3798 1941 3839 ex
1982 3799 2049 3840 eo

456 3870 605 3944 quod
639 3871 895 3946 sequitur
924 3874 1155 3945 planum
1186 3880 1285 3929 est.
1330 3896 1355 3921 ιι
1390 3878 1664 3944 Operatur
1692 3896 1716 3922 ιο
1752 3873 1924 3938 enim,
1964 3872 2045 3929 in-

458 3960 602 4034 quit,
649 3983 675 4010 ιι
710 3962 765 4017 in
812 3961 937 4018 [iliis
978 3962 1376 4029 inobedientim,
1418 3980 1446 4012 ι)
1498 3961 1605 4017 hoc
1649 3970 1751 4028 est,
1803 3962 1898 4035 qui
1938 3979 2050 4018 non

459 4051 845 4124 obtemperant
868 4054 1006 4121 Deo,
1044 4050 1143 4108 sed
1175 4051 1266 4126 qui
1309 4050 1382 4107 illi
1418 4066 1528 4106 non
1566 4051 1739 4107 coacti
1770 4051 2051 4125 obtempe-

455 4145 599 4195 rant.

530 4232 720 4286 Vnus.
764 4236 820 4287 3.
862 4251 887 4277 α
935 4231 1002 4286 In
1036 4229 1233 4302 quibus
1279 4238 1333 4287 et
1369 4245 1470 4287 nos
1508 4244 1706 4287 omnes
1750 4229 2049 4304 aliquando

457 4318 758 4375 conversati
803 4335 1013 4387 sumus,
1062 4318 1118 4375 in
1160 4318 1440 4377 desideriis
1485 4320 1666 4377 carnis
1703 4329 1931 4391 nostrae,
1970 4320 2053 4379 fa-

456 4408 666 4465 cientes
688 4408 997 4465 voluntates
1035 4409 1214 4466 earnis
1239 4417 1293 4466 et
1321 4409 1735 4482 cogitationum.
1770 4434 1796 4461 υ
1840 4414 1969 4469 Non
1997 4410 2054 4468 in

2152 1978 2444 2071 κατάρατοι
2478 1978 2796 2069 Μανιχαῖοιξ
2830 1984 3108 2068 ’Ἄρχοντα
3140 1985 3236 2065 μὲν
3265 1989 3354 2046 οῦν
3376 2028 3394 2061 ,
3434 1981 3565 2043 διότι
3603 1978 3752 2040 αὐτοὶ

2152 2069 2368 2145 ἑαυτοὺς
2411 2079 2460 2137 οἱ
2508 2078 2776 2159 ἄνθρωποι
2830 2075 3104 2148 ὑπέθηκαν
3155 2076 3322 2156 αὖτῷ,
3373 2072 3465 2133 καὶ
3514 2069 3753 2159 πλείονες

2154 2170 2298 2251 αὐτῷ
2329 2158 2659 2228 δουλεύουσιν
2686 2164 2722 2239 ἢ
2754 2170 2829 2248 τῷ
2854 2168 3003 2247 Θεῷ.
3040 2163 3193 2237 Πλὴν
3224 2168 3277 2224 ἐν
3305 2166 3383 2243 τῷ
3408 2166 3560 2222 αἰῶνι
3583 2158 3753 2240 τούτῳ

2153 2259 2294 2319 ἐστὶν
2327 2261 2362 2331 ἡ
2390 2257 2614 2330 τοιαύτη
2654 2259 2800 2337 αὐτῷ
2845 2255 3014 2336 ἀρχὴ,
3057 2255 3151 2315 καὶ
3198 2254 3287 2314 τὸν
3319 2254 3451 2335 ἀέρα
3485 2251 3561 2330 μὴ
3593 2253 3755 2330 ὕπερ-

2156 2346 2431 2407 ϐαίνουσα·
2484 2348 2544 2406 οὐ
2593 2347 2696 2427 γὰρ
2739 2347 2790 2404 ἓν
2836 2349 2912 2426 τῷ
2958 2346 3164 2426 οὐρανῷ
3214 2343 3327 2423 ἔχει
3380 2341 3583 2423 χώραν,
3633 2341 3757 2398 ἀλλ’

2155 2439 2259 2498 ὑπὸ
2321 2437 2409 2497 τὸν
2470 2435 2714 2516 οὐρανόν.
2764 2435 2861 2497 Διὸ
2906 2434 2998 2496 καὶ
3040 2438 3069 2494 δ
3115 2436 3334 2500 Παῦλος
3377 2434 3612 2514 ἄρχοντα
3656 2433 3755 2502 τ’ἧς

2153 2526 2389 2597 ἐξουσίας
2429 2531 2520 2587 τοῦ
2556 2525 2707 2605 ἀέρος
2747 2526 2929 2607 φησὶν,
2981 2527 3082 2606 οὐχ
3127 2527 3198 2591 ὡς
3234 2527 3326 2583 τοῦ
3376 2522 3526 2604 ἀέρος
3554 2516 3750 2580 δεσπό-

2155 2621 2338 2692 ζοντα,
2377 2615 2517 2677 ὥστε
2565 2617 2858 2695 οἰκονομεῖν
2894 2614 3073 2689 αὗτὸν,
3105 2613 3309 2694 ἄπαγεέ
3344 2614 3462 2671 ἀλλ’
3508 2613 3580 2678 ὡς
3611 2610 3755 2689 αὐτῷ

2155 2708 2649 2788 ἔμφιλοχωροῦντα.
2690 2708 2918 2783 Πνεῦμα
2947 2702 3050 2784 γὰρ
3088 2700 3160 2762 ὧν
3194 2706 3222 2763 ὁ
3254 2702 3528 2774 διάϐολος,
3577 2701 3633 2758 ἐν
3676 2700 3754 2788 τῷ

2156 2799 2293 2876 ἀέρι,
2444 2786 2743 2873 πνεύματι,
2779 2794 3068 2873 διατρίϐει,
3101 2792 3193 2852 καὶ
3233 2792 3394 2872 μέχρι
3421 2789 3608 2852 τούτου
3654 2786 3753 2859 τὴν

2157 2884 2382 2962 δύναμιν
2414 2884 2507 2945 καὶ
2536 2883 2778 2954 ἐξουσίαν
2809 2883 2942 2965 ἔχει,
2990 2884 3174 2964 ἄρχων
3223 2885 3329 2940 τῶν
3360 2878 3575 2947 ἑαυτοὺς
3615 2879 3754 2937 ὕπο-

2157 2974 2406 3035 τιθέντων
2442 2975 2608 3055 αὐτῷ.
2658 2972 2816 3040 Τινὲς
2859 2973 2948 3048 δὲ,
3000 2994 3030 3031 (ι
3073 2971 3308 3052 ἄρχοντα
3357 2976 3451 3030 τοῦ
3502 2969 3687 3048 ἀέρος,
3730 2991 3756 3018 ι

2160 3069 2266 3124 τῶν
2317 3064 2562 3144 ἐναερίων
2605 3063 2882 3140 δυνάμεων
2926 3067 3124 3124 νοοῦσι.
3179 3060 3277 3122 Διὸ
3332 3059 3426 3120 καὶ
3486 3057 3756 3135 ἐπήγαγε,

2158 3151 2305 3234 φασί·
2341 3179 2363 3205 α
2414 3155 2527 3212 Τοῦ
2578 3152 2894 3229 πνεύματος·
2952 3174 2980 3210 ι
3038 3151 3303 3224 τουτέστι,
3354 3148 3497 3210 κατὰ
3537 3148 3625 3207 τὸν
3660 3146 3758 3226 ἄρ-

2156 3265 2324 3322 χοντα
2369 3242 2461 3301 καὶ
2504 3241 2846 3311 ἐξουσιαστὴν
2900 3242 3095 3309 παντὸς
3149 3240 3385 3321 ἐναερίου
3429 3238 3751 3315 πνεύματος.

2154 3331 2314 3392 Ἐπεὶ
2358 3333 2461 3412 γὰρ
2493 3331 2674 3413 ἄρχων
2724 3329 2866 3399 ἅπαξ
2913 3330 3143 3410 ἐγένετο,
3191 3329 3334 3390 δοκεῖ
3385 3329 3462 3406 μὴ
3513 3351 3757 3407 μεταπε-

2155 3421 2424 3481 πτωκέναι
2453 3426 2546 3493 τῆς
2577 3424 2748 3502 ἀρχῆς
2773 3422 2863 3480 καὶ
2894 3418 3030 3499 μετὰ
3052 3419 3148 3492 τὴν
3180 3419 3508 3499 παράϐασιν.

2242 3534 2271 3568 α
2322 3514 2434 3572 Τοῦ
2485 3517 2576 3570 νῦν
2622 3514 2950 3591 ἐνεργοῦντος
3006 3513 3060 3569 ἐν
3108 3518 3218 3578 τοῖς
3275 3512 3404 3577 υἱοῖς
3454 3513 3550 3581 τῆς
3600 3511 3760 3569 ἄπει-

2155 3599 2317 3670 θείας.
2370 3629 2396 3655 »
2428 3603 2549 3662 Οὔκ
2595 3591 2732 3673 εἶπε,
2782 3603 2893 3661 Τοῦ
2934 3600 3338 3679 ἀναγκάζοντος,
3370 3597 3530 3672 ἀλλὰ,
3575 3623 3600 3651 α
3644 3601 3695 3658 Τ
3698 3606 3761 3659 οῦ

2155 3693 2503 3772 ἐνεργοῦντος.
2552 3713 2580 3749 ι)
2621 3689 2788 3751 ’Ὅθεν
2846 3692 3029 3762 δῆλον,
3079 3687 3160 3748 ὅτι
3191 3687 3420 3749 ἑκόντων
3467 3687 3641 3769 ἄρχει.
3688 3690 3759 3748 Εἰ

2154 3781 2257 3859 γὰρ
2290 3780 2522 3840 ἀκόντων
2572 3783 2726 3856 ἡμῶν
2776 3778 3049 3853 ἓδέσποζε,
3098 3778 3190 3838 καὶ
3230 3778 3630 3857 κατηνάγκαζεν
3673 3777 3759 3837 ἄν·

2155 3870 2247 3928 καὶ
2277 3871 2338 3928 ἐκ
2368 3875 2461 3929 τοῦ
2494 3868 2678 3948 ἐφεξῆς
2707 3867 2761 3927 δὲ
2789 3870 2971 3941 δῆλον.
3010 3896 3034 3922 ιι
3069 3867 3310 3949 Ἐνεργεῖ
3336 3890 3366 3926 ))
3398 3868 3526 3950 γὰρ,
3572 3867 3756 3948 φησὶν,

2163 3982 2191 4015 α
2228 3960 2281 4017 ἐν
2324 3966 2432 4027 τοῖς
2476 3960 2604 4025 υἱοῖς
2649 3960 2742 4029 τῆς
2787 3958 3088 4033 ἀπειθείας,
3138 3984 3163 4010 υ
3210 3957 3477 4032 τουτέστι,
3520 3965 3632 4025 τοῖς

2156 4047 2488 4125 πειθομένοις
2542 4047 2637 4127 μὲν
2701 4048 2856 4128 Θεῷ,
2916 4045 3242 4124 πειθομένοις
3286 4046 3341 4107 δὲ
3402 4045 3607 4130 ἐκείνῳ,
3663 4048 3761 4107 οὐκ

2159 4135 2629 4216 ἀναγκαζομένοις.

2243 4248 2275 4285 α
2307 4226 2405 4288 Ἐν
2435 4217 2511 4294 οἷς
2552 4226 2645 4287 καὶ
2684 4233 2838 4305 ἡμεῖς
2872 4227 3066 4295 πάντες
3096 4225 3502 4307 ἀνεστράφημέν
3540 4250 3671 4287 ποτε
3704 4227 3761 4285 ἐν

2160 4324 2274 4384 ταῖς
2304 4315 2607 4396 ἐπιθυμίαις
2634 4320 2728 4389 τῆς
2761 4318 2956 4398 σαρκὸς
3000 4320 3173 4396 ἡμῶν,
3206 4321 3476 4385 ποιοῦντες
3504 4316 3574 4375 τὰ
3604 4315 3762 4387 θελή-

2165 4430 2311 4484 ματα
2352 4409 2446 4481 τῆς
2476 4406 2668 4487 σαρκὸς
2698 4407 2790 4467 καὶ
2820 4413 2924 4467 τῶν
2958 4409 3222 4471 διανοιῶν,
3267 4435 3292 4461 ι
3326 4408 3446 4467 Οὐκ
3492 4407 3545 4465 ἐν
3588 4405 3763 4488 τούτῳ

459 4497 565 4554 hoc
589 4499 707 4556 solo
730 4498 1046 4556 consolatus
1072 4509 1154 4556 est
1177 4515 1290 4570 eos,
1323 4499 1472 4572 quod
1502 4499 1710 4558 diceret
1737 4517 1803 4558 ex
1831 4500 2047 4558 diabolo

2164 4496 2320 4572 μόνον
2353 4496 2772 4581 παρεμυθήσατο
2803 4496 3007 4565 αὖτοὺς,
3052 4500 3128 4579 τῷ
3159 4498 3348 4567 εἰπεῖν,
3388 4495 3468 4556 ὅτι
3495 4495 3767 4556 Διαϐόλου

458 4586 625 4644 fuisse
655 4587 808 4661 quod
831 4597 1149 4661 peccassent
1188 4608 1200 4645 :
1233 4604 1424 4646 verum
1453 4589 1620 4646 etiam
1647 4605 1743 4662 per
1768 4589 1876 4647 hoc
1902 4590 2055 4665 quod

462 4678 704 4751 seipsum
734 4687 789 4736 et
823 4695 1014 4737 omnes
1050 4679 1291 4751 reliquos
1329 4696 1459 4736 cum
1498 4680 1605 4737 illis
1634 4682 1693 4737 in
1735 4680 1931 4738 eodem
1959 4698 2051 4737 or-

459 4767 589 4825 dine
620 4768 884 4839 collocet;
914 4786 1079 4827 nemo
1109 4770 1263 4826 enim
1291 4771 1405 4826 sine
1430 4780 1649 4842 peccato
1675 4778 1811 4827 erat.
1843 4773 2052 4829 Concu-

461 4858 761 4931 piseentias
798 4868 989 4916 autem
1026 4859 1204 4917 carnis
1239 4875 1333 4917 eas
1365 4876 1487 4933 qua:
1524 4876 1588 4918 ex
1628 4860 1829 4918 carnali
1858 4860 2055 4918 affectu

458 4957 605 5019 sunt,
646 4948 800 5007 dicit.
839 4950 910 5005 Et
950 4948 1103 5023 quod
1132 4966 1357 5006 carnem
1395 4966 1508 5006 non
1546 4958 1785 5018 accuset,
1824 4950 2055 5008 manife-

457 5048 604 5095 stum
629 5047 728 5095 est.
759 5040 899 5096 Cum
927 5039 1079 5095 enim
1109 5038 1356 5108 dixisset,
1387 5062 1411 5089 α
1442 5040 1723 5097 Facientes
1753 5040 2056 5099 voluntates

459 5128 673 5198 carnis;
708 5151 735 5179 υ
769 5127 1079 5198 subiutulit,
1114 5152 1139 5178 ι
1168 5131 1237 5185 Et
1272 5129 1668 5203 cogitationum
1700 5148 1766 5186 τ»
1813 5129 1918 5187 hoc
1947 5141 2053 5200 est,

461 5215 592 5273 nihil
644 5217 920 5290 Spirituale
966 5218 1286 5276 sentientes.
1346 5217 1585 5276 Proinde
1629 5234 1758 5276 caro
1807 5235 1924 5276 nou
1970 5228 2056 5277 est

459 5306 791 5377 accusanda,
815 5307 915 5365 sed
950 5324 1103 5364 mens
1131 5318 1185 5365 et
1212 5308 1469 5382 cogitatio
1495 5308 1563 5365 ad
1595 5308 1888 5382 voluptatis
1913 5308 2049 5367 affe-

463 5397 676 5454 ctiones
701 5397 1040 5469 pertrahens.
1075 5398 1174 5454 Vel
1199 5399 1277 5455 sic
1312 5419 1325 5455 :
1364 5399 1732 5473 Cogitationes
1760 5409 1813 5456 et
1840 5408 2055 5458 mentes

462 5494 685 5545 nostras
710 5487 880 5560 379
906 5487 1401 5563 coinquinavimus,
1428 5489 1732 5563 cogitantes
1756 5504 1882 5564 quae
1910 5491 2055 5547 mala

2161 4579 2227 4661 ἧν
2274 4586 2335 4646 τὸ
2381 4579 2519 4665 ὑμᾶς
2568 4587 2930 4669 ἁμαρτάνειν,
2974 4587 3113 4646 ἀλλὰ
3160 4587 3250 4646 καὶ
3296 4589 3373 4666 τῷ
3434 4585 3619 4646 ἑαυτὸν
3667 4584 3763 4644 καὶ

2159 4675 2360 4745 πάντας
2409 4679 2526 4754 μετ’
2560 4678 2770 4736 ἐκείνων
2820 4677 2991 4746 τάξαι*
3044 4675 3210 4745 οὐδεὶς
3252 4675 3355 4756 γὰρ
3388 4675 3766 4756 ἀναμάρτητος

2160 4757 2247 4839 ἦν.
2284 4766 2610 4844 Ἐπιθυμίας
2641 4765 2694 4827 δὲ
2737 4764 2929 4846 σαρκὸς
2975 4765 3069 4835 τὰς
3111 4770 3206 4824 τοῦ
3257 4768 3510 4846 σαρκικοῦ
3563 4763 3763 4847 φρονή-

2164 4856 2330 4932 ματός
2354 4878 2503 4935 φησι.
2544 4856 2652 4916 Καὶ
2681 4852 2762 4915 ὅτι
2804 4857 2862 4915 οὗ
2894 4854 2990 4928 τὴν
3036 4855 3211 4935 σάρκα
3239 4854 3534 4927 διαϐάλλει,
3578 4856 3760 4926 δῆλον.

2162 4943 2347 5006 Εἰπὼν
2373 4944 2499 5027 γὰρ,
2537 4973 2561 4998 ι
2591 4946 2878 5014 Ποιοῦντες
2916 4943 2985 5004 τὰ
3014 4944 3289 5024 θελήματα
3332 4948 3427 5016 τῆς
3470 4942 3703 5026 σαρκὸς,
3737 4969 3762 4995 ιο

2162 5034 2418 5114 ἐπήγαγεο
2469 5062 2494 5085 ε
2546 5034 2656 5096 Καὶ
2703 5034 2809 5094 τῶν
2859 5037 3125 5095 διανοιῶνο
3179 5058 3207 5093 ιι
3266 5033 3557 5108 τουτέστιν,
3614 5031 3765 5092 οὐδὲν

2160 5124 2521 5200 πνευματικὸν
2571 5130 2786 5205 φρονοῦν
2800 5149 2903 5193 τες.
2934 5121 3114 5186 Ὥστε
3157 5127 3255 5205 οὐχ
3281 5130 3315 5199 ἡ
3347 5123 3478 5206 σὰρξ
3511 5122 3767 5195 διαϐολῆς

2162 5212 2306 5287 ἀξία,
2351 5212 2470 5273 ἀλλ’
2516 5221 2551 5288 ἡ
2598 5213 2824 5288 διάνοια,
2875 5219 2907 5287 ἡ
2962 5214 3090 5295 πρὸς
3130 5212 3198 5273 τὰ
3246 5218 3341 5287 τῆς
3386 5215 3576 5288 ἡδονῆς
3616 5209 3763 5284 πάθη

2160 5306 2596 5382 κατασυρομένη.
2629 5300 2706 5365 Ἦ
2738 5305 2829 5363 καὶ
2871 5303 3059 5381 οὕτως,
3104 5304 3183 5364 ὅτι
3226 5303 3336 5365 Καὶ
3381 5302 3476 5372 τὰς
3529 5299 3765 5369 διανοίας

2158 5393 2547 5475 ἐῤῥυπαίνομεν
2579 5394 2632 5433 33
2662 5393 2994 5474 λογιζόμενοι
3020 5393 3089 5454 τὰ
3113 5393 3273 5454 κακά’
3305 5392 3399 5454 καὶ
3431 5392 3526 5467 τὴν
3559 5390 3756 5473 σάρκα,

2158 5482 2478 5564 πράττοντες
2516 5484 2672 5545 αὐτά.
2709 5484 2948 5546 Δύνασαι
2987 5483 3045 5545 δὲ
3090 5484 3285 5566 σαρκὸς
3314 5483 3412 5563 μὲν
3443 5482 3574 5563 ἔργα
3619 5504 3762 5561 πορ-

1849 5644 2046 5704 Variae
2087 5644 2383 5705 lectiones.

532 5730 573 5767 ⁸¹
602 5731 733 5783 ὥστε
763 5744 818 5785 0.
896 5729 938 5764 ⁸²
968 5729 1240 5804 ἐπαγαγεῖν
1271 5747 1326 5791 o.
1401 5732 1446 5765 ⁸³
1476 5733 1812 5806 ῥυπαινόμεοα
1832 5749 1887 5790 0.
