4124 6420
420 378 556 432 1053

1307 373 1658 433 EXPOSITIO
1698 375 1764 430 IN
1801 373 2012 430 EPIST.
2051 374 2144 430 AD
2181 371 2421 429 EPHES.
2457 401 2528 413 —
2566 372 2715 429 CAP.
2759 373 2824 428 11.

3571 372 3712 430 1054

407 503 550 562 νείαν
611 502 704 563 καὶ
750 501 819 562 τὰ
873 506 1092 562 τοιαῦτα
1130 509 1298 561 νοεῖν
1352 503 1594 562 διανοιῶν
1649 499 1736 576 δὲ,
1784 500 2004 582 φθόνους

2118 507 2250 556 sunt
2288 517 2302 555 :
2345 507 2400 556 et
2430 513 2676 567 carnem,
2713 497 2978 555 facientes
3011 513 3092 556 ea.
3120 500 3281 556 Potes
3316 506 3506 556 autem
3537 499 3715 556 carnis

409 593 501 654 καὶ
527 592 917 673 μνησικακίαν,
945 592 1038 654 καὶ
1067 591 1134 652 τὰ
1154 591 1332 671 ὅμοια.

496 883 523 920 α
561 861 669 922 Καὶ
699 852 834 940 ἦμεν
862 860 1020 921 τέκνα
1046 859 1199 943 φύσει
1227 863 1417 940 ὀργῆς,
1451 863 1522 926 ὡς
1550 857 1642 918 καὶ
1668 861 1716 919 οἱ
1739 857 1934 919 λοιποί.
1969 880 2000 916 ι)

409 951 551 1014 Ἀντὶ
607 957 726 1025 τοῦ,
760 950 1154 1032 Παρωξύναμεν
1184 950 1272 1010 τὸν
1324 948 1607 1032 Θεὸνῂκαὶ
1657 949 2009 1029 παρωργίσα-

411 1065 540 1120 μεν,
579 1041 672 1101 καὶ
705 1029 1050 1118 οὐδὲντάλλο,
1098 1043 1142 1100 εἰ
1180 1039 1256 1120 μὴ
1304 1038 1435 1120 ὀργὴ
1467 1029 1604 1115 in“
1651 1037 1971 1119 αὐτόχρημα
1995 1061 2009 1076 ο

409 1130 592 1211 ὥσπερ
625 1130 714 1190 καὶ
743 1130 804 1191 τὸ
835 1129 1014 1190 τέκνον
1061 1135 1153 1190 τοῦ
1189 1126 1468 1210 ἀνθρώπου
1487 1177 1500 1200 ,
1551 1128 1706 1206 φύσει
1738 1127 2010 1207 ἄνθρωπός

411 1225 584 1295 ἐστιν,
630 1220 770 1280 οὕτω
798 1222 889 1280 καὶ
935 1224 1111 1298 ἡμεῖς.
1161 1219 1382 1298 ⁰Ωσπερ
1430 1218 1486 1277 δὲ
1522 1217 1626 1277 υἱοὶ
1652 1219 1863 1296 γεέννης
1890 1219 2009 1297 ξκαὶ

410 1312 513 1370 υἱοὶ
545 1309 812 1378 ἀπωλείας
859 1309 1140 1390 λέγονται,
1178 1312 1227 1368 οἱ
1286 1308 1418 1378 ἄξιοι
1451 1309 1686 1366 τούτων’
1732 1306 1871 1366 οὕτω
1917 1308 2009 1368 καὶ

414 1426 445 1456 α
479 1403 638 1482 ὀργῆς
683 1400 841 1460 τέκνα
874 1425 904 1456 )›
942 1403 990 1460 οἳ
1033 1402 1191 1480 ὀργῆς
1231 1397 1351 1468 ἄξια
1399 1397 1742 1479 πράττοντες.
1795 1399 1876 1458 Τὸ
1923 1397 2008 1473 δὲ,

414 1515 440 1550 ε
478 1491 678 1563 Φύσει,
707 1513 736 1550 ι)
776 1489 892 1549 ἀντὶ
922 1496 1047 1567 τοῦ,
1090 1491 1332 1562 ἀληθῶς,
1375 1488 1466 1548 καὶ
1519 1487 1780 1568 γνησίως,
1813 1492 1886 1556 ὡς
1917 1488 2009 1548 καὶ

408 1583 456 1640 οἱ
476 1579 676 1640 λοιποί·
706 1578 871 1646 οὐδεὶς
900 1580 1003 1658 γὰρ
1027 1577 1294 1657 ἐλεύθερος
1322 1569 1410 1650 ἦν.

497 1698 524 1724 σι
559 1669 630 1730 Ὀ
660 1669 715 1728 δὲ
759 1670 895 1737 Θεὸς
937 1669 1190 1738 πλούσιος
1235 1667 1306 1726 ὢν
1350 1669 1402 1726 ἐν
1432 1665 1587 1727 ἐλέει.
1629 1690 1657 1725 ›)
1691 1665 1885 1745 (Ημεῖς
1913 1664 2009 1743 μὲν

2123 587 2343 662 quidem
2370 604 2536 661 opera
2568 587 2986 646 fornicationem
3011 597 3068 644 et
3091 587 3410 660 hujusmodi
3430 588 3673 662 accipere
3699 608 3712 646 :

2119 689 2322 744 mentis
2356 695 2544 744 autem
2589 687 2703 744 sive
2747 686 3167 760 cogitationum,
3213 686 3498 757 invidiam,
3536 687 3714 746 vindi-

2118 785 2287 846 ctam,
2328 777 2492 850 idque
2515 791 2690 850 genus
2716 777 2841 832 alia.

2196 890 2221 916 α
2264 870 2334 924 Et
2357 883 2580 924 eramus
2598 875 2792 924 natura
2814 867 3043 935 ﬁliiiraa,
3069 868 3209 923 sicut
3228 875 3283 924 et
3305 869 3508 925 caeteri.
3537 891 3562 918 ι
3588 873 3714 940 Pro,

2119 957 2578 1015 Coacerbavimus
2602 961 2783 1014 Deum
2801 965 2856 1013 et
2878 958 3319 1029 provocavimus,
3342 965 3398 1014 et
3415 957 3549 1016 nihil
3571 958 3716 1016 aliud

2122 1057 2491 1120 praeterquam
2526 1048 2604 1104 ira
2639 1063 2829 1104 revera
2855 1062 3076 1104 eramus
3112 1065 3126 1104 :
3163 1046 3636 1120 quemadmodum
3664 1055 3718 1104 et

2120 1137 2264 1192 ﬁlius
2293 1137 2532 1194 hominis
2565 1146 2762 1194 natura
2795 1145 2880 1194 est
2902 1136 3093 1206 homo,
3123 1137 3203 1194 sic
3239 1145 3296 1193 et
3321 1153 3441 1193 nos.
3479 1136 3716 1194 Perinde

2118 1235 2305 1283 autem
2344 1236 2405 1283 ut
2433 1227 2508 1283 illi
2537 1227 2634 1283 ﬁlii
2675 1227 2940 1300 gehennae
2978 1235 3036 1283 et
3076 1226 3400 1298 perditionis
3431 1226 3712 1295 dicuntur,

2119 1317 2215 1390 qui
2243 1316 2362 1373 istis
2380 1315 2531 1388 digni
2559 1324 2690 1372 sunt
2719 1336 2730 1372 :
2755 1315 2832 1372 sic
2850 1325 2906 1374 et
2924 1317 3025 1374 ira:
3046 1316 3164 1384 ﬁlii,
3190 1317 3284 1389 qui
3307 1332 3432 1388 quae
3454 1317 3532 1373 ira
3552 1317 3715 1388 digna

2119 1414 2249 1461 sunt
2267 1404 2500 1463 faciunt.
2523 1430 2548 1456 «ι
2575 1409 2786 1463 Natura
2817 1430 2842 1455 υ
2870 1415 3081 1476 autem,
3107 1423 3207 1479 pro
3228 1421 3354 1463 vere
3379 1414 3434 1464 et
3456 1407 3712 1480 genuine,

2120 1495 2265 1554 sicut
2298 1505 2354 1554 et
2381 1497 2602 1567 caeteri;
2632 1513 2797 1554 nemo
2823 1497 2973 1554 enim
3002 1497 3141 1553 liber
3168 1505 3306 1554 erat.

2190 1681 2372 1735 Vens.
2411 1684 2466 1734 4.
2505 1694 2534 1733 α
2575 1681 2727 1735 Deus
2754 1686 2941 1734 autem
2971 1678 3069 1750 qui
3097 1677 3250 1735 dives
3279 1686 3362 1734 est
3408 1678 3466 1734 in
3501 1677 3715 1735 miseri-

412 1760 533 1829 ἄξια
561 1761 718 1840 ὀργῆς
759 1758 1121 1819 ἀδιαλλάκτου
1153 1757 1486 1838 ἐπράττομεν
1507 1780 1520 1794 ·
1563 1761 1590 1817 ὃ
1616 1756 1671 1815 δὲ
1701 1755 1870 1828 Θεὸς,
1912 1757 2004 1836 οὐχ

2118 1767 2320 1825 cordia.
2358 1792 2384 1818 ι»
2419 1771 2537 1825 Nos
2563 1767 2791 1841 quidem
2835 1767 2914 1824 ira
2957 1767 3396 1824 irreconciliabili
3423 1768 3585 1841 digna
3615 1785 3715 1840 pa-

412 1853 594 1920 ἅπλῶς
622 1852 865 1928 ἐλεήμων
897 1849 1000 1925 ὢν,
1033 1849 1170 1910 ἀλλὰ
1201 1849 1292 1910 καὶ
1333 1879 1358 1902 «ι
1406 1847 1655 1917 πλούσιος
1694 1850 1747 1908 ἐν
1781 1849 1938 1910 ἐλέει.
1971 1871 2000 1907 n

500 2055 531 2093 (ι
561 2032 664 2094 Διὰ
723 2031 817 2105 τὴν
863 2029 1066 2103 πολλὴν
1128 2030 1344 2110 ἀγάπην
1389 2032 1548 2090 αὖτοῦ
1605 2028 1670 2101 ἣν
1726 2028 2007 2108 ἠγάπησεν

410 2128 572 2200 ἡμᾶς.
636 2145 666 2181 α
732 2121 840 2182 Καὶ
889 2125 922 2193 ἡ
973 2120 1156 2200 ἀγάπη
1216 2121 1322 2180 ἀπὸ
1374 2121 1572 2179 πολλοῦ
1627 2118 1819 2186 ἐλέους.
1883 2123 2010 2190 Πῶς

409 2214 512 2293 γὰρ
534 2213 596 2272 ἂν
625 2215 672 2271 οἱ
706 2211 865 2271 τέκνα
896 2210 1041 2279 ὄντες
1065 2213 1258 2290 ὀργῆς,
1291 2208 1681 2288 ἤγαπήθημεν,

497 2327 527 2358 α
561 2301 670 2364 Καὶ
699 2301 852 2368 ὄντας
882 2305 1026 2378 ἡμᾶς
1049 2299 1266 2380 νεκροὺς
1294 2307 1403 2367 τοῖς
1439 2298 1844 2378 παραπτώμασι
1885 2323 2010 2358 συν-

412 2392 730 2464 εζωοποίησε
778 2394 853 2471 τῷ
888 2393 1126 2471 Χριστῷ.
1159 2411 1189 2448 ι)
1241 2388 1511 2449 Ἐνταῦθα
1552 2391 1586 2459 ἡ
1635 2388 1888 2457 ἀπόδοσις
1915 2395 2008 2449 τοῦ

409 2482 609 2542 ἄνωθεν
663 2480 963 2560 ἀρξαμένου
1007 2478 1306 2557 νοήματος,
1339 2479 1406 2536 τὰ
1453 2477 1508 2536 δὲ
1559 2477 1698 2536 ἄλλα
1728 2478 2008 2560 παρεμϐέ-

412 2572 598 2645 ϐλητο.
653 2571 828 2631 Πάλιν
876 2571 928 2630 δὲ
963 2573 990 2628 ὁ
1021 2567 1248 2649 Χριστὸς
1301 2567 1491 2645 μέσος,
1532 2568 1624 2626 καὶ
1678 2567 1739 2628 τὸ
1781 2577 2007 2648 πρᾶγμα

408 2662 742 2733 ἀξιόπιστονο
785 2663 830 2720 εἰ
869 2660 970 2740 γὰρ
1003 2665 1036 2732 ἡ
1065 2658 1287 2740 ἀπαρχὴ
1321 2662 1385 2736 ζῇ
1407 2703 1424 2730 ,
1466 2658 1559 2717 καὶ
1601 2661 1775 2735 ἡμεῖς.
1801 2657 2007 2728 Ἐζωο-

410 2752 597 2826 ποίησε
643 2750 746 2831 γὰρ
795 2755 1034 2810 κάκεῖνον
1081 2748 1172 2808 καὶ
1233 2753 1415 2826 ἡμᾶς⁸
1453 2749 1648 2807 ἐκεῖνον
1724 2747 1999 2829 ἐνεργείᾳ,

408 2847 552 2920 ἡμᾶς
599 2841 819 2916 δυνάμει
851 2845 974 2917 νῦν,
1003 2839 1120 2916 μετ’
1145 2837 1320 2916 ὀλίγον
1352 2836 1407 2896 δὲ
1437 2835 1528 2895 καὶ
1569 2836 1832 2918 ἐνεργείᾳ.
1861 2837 2001 2898 Ἰδοὺ

408 2932 469 2993 τὸ
484 2931 818 3012 ὑπερϐάλλον
850 2932 1066 3010 μέγεθος
1090 2932 1182 3000 τῆς
1212 2926 1485 3005 δυνάμεως
1524 2927 1712 3002 αὐτοῦ,
1763 2927 1844 2986 ὅτι
1889 2926 2008 2996 τοὺς

2119 1857 2403 1914 trabamus
2435 1876 2449 1914 :
2489 1860 2640 1914 Deus
2669 1865 2879 1927 autem,
2910 1872 3025 1914 non
3053 1856 3376 1930 simpliciter
3404 1857 3716 1915 misericors

2118 1948 2406 2017 exsisteus,
2436 1948 2531 2005 sed
2555 1947 2703 2004 dives
2725 1947 2784 2004 in
2811 1947 3211 2005 misericordia.

2192 2061 2216 2086 α
2260 2040 2490 2110 Propter
2527 2038 2759 2094 multam
2808 2037 3138 2094 charitatem
3180 2053 3338 2094 suam
3377 2053 3485 2112 qua
3528 2037 3717 2095 dilexit

2119 2143 2238 2185 nos.
2272 2151 2298 2178 υ
2321 2128 2554 2185 Dilectio
2579 2129 2747 2184 etiam
2767 2145 2796 2184 a
2825 2128 3000 2184 multa
3031 2128 3408 2185 misericordia
3438 2136 3538 2184 est.
3566 2131 3718 2202 Quo-

2119 2221 2289 2275 modo
2317 2219 2492 2289 enim,
2522 2235 2651 2274 cum
2681 2217 2775 2274 ﬁlii
2815 2217 2910 2275 irae
2943 2233 3207 2287 essemus,
3244 2218 3429 2274 dilecti
3467 2217 3718 2274 fuimus?

2193 2310 2375 2366 Vnus.
2406 2315 2460 2366 5.
2491 2331 2517 2358 α
2550 2310 2621 2364 Et
2645 2323 2774 2365 cum
2797 2323 3044 2365 essemus
3072 2308 3278 2364 mortui
3309 2307 3544 2376 delictis,
3575 2324 3714 2364 eon-

2117 2398 2410 2454 viviﬁcavit
2447 2414 2553 2455 nos
2596 2396 2838 2455 Christo.
2890 2419 2916 2447 n
2949 2398 3052 2453 Hic
3090 2397 3318 2456 tandem
3357 2405 3441 2454 est
3487 2397 3718 2454 redditio

2117 2503 2310 2545 sensus
2354 2503 2519 2562 quem
2573 2504 2739 2560 supra
2787 2488 3092 2559 inceperat;
3146 2496 3346 2544 caetera
3407 2503 3536 2544 vero
3588 2495 3718 2544 sunt

2119 2579 2427 2650 interjecta.
2480 2581 2688 2634 Iterum
2734 2585 2919 2633 autem
2957 2576 3211 2633 Christus
3251 2576 3468 2634 medius
3514 2585 3620 2644 est,
3660 2586 3716 2633 et

2117 2683 2207 2724 res
2235 2667 2343 2724 ﬁde
2370 2668 2555 2741 digna.
2587 2669 2733 2724 Nam
2757 2666 2801 2723 si
2831 2665 3090 2738 primitiae
3119 2666 3325 2734 vivunt,
3356 2675 3472 2723 tum
3502 2675 3558 2723 et
3585 2683 3713 2723 nos.

2117 2757 2421 2814 Viviﬁcavit
2461 2757 2606 2814 enim
2636 2765 2690 2814 et
2717 2757 2880 2813 illum
2908 2764 2963 2813 et
2990 2771 3095 2812 nos
3129 2774 3142 2811 :
3183 2755 3337 2812 illum
3368 2755 3614 2828 quidem,
3657 2757 3714 2813 in

2119 2856 2275 2917 actu;
2307 2863 2412 2904 nos
2438 2863 2591 2915 vero,
2623 2847 2682 2903 in
2726 2847 2974 2920 potentia
3003 2862 3174 2916 nunc,
3209 2847 3372 2919 paulo
3415 2854 3540 2918 post
3583 2861 3714 2901 vero

2120 2938 2286 2994 etiam
2326 2939 2383 2994 iu
2429 2945 2572 2994 actu.
2619 2939 2706 2993 En
2736 2938 3096 2994 excellentem
3134 2936 3574 3008 magnitudinem
3619 2951 3715 3006 po-

407 3021 620 3102 νεκροὺς
640 3019 810 3094 ,ίτοὺς
837 3025 932 3093 τῆς
981 3022 1138 3100 ὀργῆς
1187 3015 1361 3090 υἱοὺς,
1423 3016 1812 3092 ἔζωοποίησεν’
1865 3017 2000 3092 αὕτη

2115 3028 2304 3085 tentias
2340 3027 2480 3100 ejus,
2511 3043 2576 3084 eo
2606 3027 2752 3100 quod
2782 3034 3037 3084 mortuos
3062 3043 3188 3095 nos,
3220 3027 3317 3084 ira:
3346 3025 3509 3093 ﬁlios,
3537 3025 3718 3081 viviﬁ-

411 3116 446 3184 ἡ
474 3111 630 3178 ἐλπὶς
657 3113 752 3181 τῆς
783 3111 1041 3185 κλήσεως.

497 3224 528 3260 ιι
555 3199 760 3282 Χάριτί
783 3202 900 3260 ἐστε
933 3197 1276 3276 σεσωσμένοι.
1312 3218 1342 3256 ι)
1371 3199 1546 3258 Τοῦτο
1567 3198 1673 3258 ἀπὸ
1703 3197 2004 3270 ἐκπλήξεως

409 3291 717 3358 ἐνδιαθέτως
753 3290 914 3368 μέσον
946 3287 1309 3370 παρενέϐαλε,
1347 3287 1629 3365 θαυμάσας
1656 3285 1754 3360 τὴν
1800 3287 2000 3364 ἄφατον

408 3379 608 3461 δωρεὰν
638 3380 687 3419 ⁸⁸
732 3385 826 3439 τοῦ
874 3383 1040 3440 Θεοῦ.
1103 3379 1186 3439 Οὐ
1234 3375 1463 3456 καμάτῳ
1521 3375 1651 3456 γὰρ,
1697 3377 1859 3457 φησὶ,
1912 3377 2004 3438 καὶ

409 3470 579 3550 ἔργοις
600 3469 748 3540 ἰδίοις
771 3469 1033 3542 ἐσώθητε,
1064 3467 1202 3528 ἀλλὰ
1223 3468 1402 3548 χάριτι
1436 3465 1596 3550 μάνῃ.
1630 3465 1800 3526 εὈιῐον
1822 3467 1874 3504 ⁸³
1904 3467 2002 3548 γὰρ

409 3546 660 3641 ἐξ1ἔργων
678 3605 694 3633 ,
721 3558 990 3626 κολάσεως
1019 3556 1110 3617 καὶ
1139 3546 1311 3637 ὀργῆς
1329 3556 1460 3624 ἄξιοι
1491 3546 1610 3628 ἦτε.

496 3673 525 3709 α
555 3652 663 3712 Καὶ
708 3649 984 3727 συνήγειρε
1017 3648 1108 3707 καὶ
1155 3645 1496 3706 συνεκάθισεν
1543 3647 1598 3705 ἐν
1625 3653 1734 3712 τοῖς
1767 3647 2000 3728 ἐπουρα-

405 3741 533 3806 νίοις
559 3744 611 3800 ἐν
643 3741 860 3820 Χριστῷ
902 3737 1102 3810 Ἰησοῦ.
1137 3759 1164 3794 ε
1204 3735 1419 3817 εὨσπερ
1443 3739 1539 3807 τῆς
1577 3737 1827 3816 ἇπαρχῆς
1853 3739 2006 3812 ἡμῶν

407 3830 498 3889 καὶ
529 3835 624 3902 τῆς
650 3832 914 3912 κεφαλῆς,
962 3833 1052 3886 τοῦ
1089 3829 1359 3906 Χριστοῦ,
1403 3825 1578 3907 φημὶ,
1614 3825 2005 3906 ἐγηγερμένης,

407 3921 498 3979 καὶ
535 3924 675 3997 ἡμᾶς
723 3921 790 3978 δι’
823 3921 986 3989 αὐτῆς
1033 3915 1278 3998 ἤγειρεν·
1324 3915 1465 3976 οὕτω
1514 3915 1608 3975 καὶ
1656 3914 2008 3989 καθεζομένης

409 4012 602 4083 αὐτῆς,
628 4010 720 4068 καὶ
751 4009 812 4066 τὸ
847 4006 1029 4068 λοιπὸν
1071 4010 1230 4084 σῶμα
1283 4005 1636 4084 συγκάθηται.
1682 4005 1781 4065 Διό
1808 4028 1967 4086 φησιν
1991 4024 2004 4040 ⁶

416 4127 438 4149 α
479 4099 572 4158 Ἐν
610 4101 827 4178 Χριστῷ
874 4097 1088 4168 Ἰησοῦ·
1136 4118 1166 4153 ))
1213 4094 1516 4174 τουτέστιν,
1549 4095 1648 4156 Ἐν
1697 4099 1776 4176 τῷ
1807 4098 2003 4155 ἐκεῖνον

409 4193 672 4260 καθῆσθαι
700 4187 791 4246 καὶ
818 4191 970 4264 ἡμεῖς
999 4184 1300 4262 καθήμεθα.
1331 4187 1412 4245 Ἦ
1431 4185 1525 4260 τὸ,
1557 4184 1942 4264 «Συνήγειρεν,
1971 4208 2000 4243 1)

409 4280 504 4336 οὐκ
555 4278 641 4338 ἐπὶ
688 4281 780 4346 τῖς
811 4276 1153 4342 ἀναστάσεως
1201 4275 1462 4348 ληπτέον,
1522 4273 1749 4333 ἀλλ’ἐπὶ
1791 4281 1886 4347 τῆς
1916 4275 2002 4333 διὰ

407 4373 496 4425 τοῦ
543 4370 766 4447 λουτροῦ
841 4363 1222 4435 ἀναζωώσεως.
1287 4367 1414 4428 Πῶς
1479 4354 1570 4424 οὖν
1626 4364 1994 4435 συνεκάθισενς

409 4482 437 4511 α
473 4459 538 4517 Εἰ
563 4455 919 4534 ὑπομένομεν,
949 4478 976 4512 )›
1021 4455 1187 4534 φησὶ,
1220 4455 1310 4513 καὶ
1343 4477 1372 4509 ι(
1407 4452 1935 4532 συμϐασιλεύσομεν.
1964 4476 1993 4512 ι)

409 4547 512 4607 Καὶ
537 4550 566 4605 ὁ
588 4544 815 4627 Χριστός
840 4569 854 4582 ·
890 4573 912 4597 α
952 4544 1243 4604 Καθίσεσθε
1301 4541 1389 4602 ἐπὶ
1438 4542 1646 4602 δώδεκα
1681 4542 1922 4625 θρόνους·
1975 4571 2000 4596 ι

400 4638 494 4695 καὶ
518 4636 710 4710 πάλιν,
757 4664 782 4688 σι
836 4634 917 4696 Τὸ
965 4633 1020 4693 δὲ
1073 4635 1289 4694 καθίσαι
1320 4636 1380 4692 ἐκ
1431 4631 1611 4701 δεξιῶν
1654 4656 1785 4710 μου,
1827 4633 1918 4692 καὶ
1947 4633 1999 4704 ἐξ

401 4725 682 4802 εὐωνύμων
737 4748 874 4802 μου,
927 4724 1023 4783 οὐκ
1089 4723 1232 4783 ἔστιν
1295 4721 1424 4800 ἐμὸν
1477 4722 1694 4798 δοῦναι,
1754 4724 1874 4786 ἀλλ’
1923 4735 1997 4791 οὶς

401 4814 723 4893 ἡτοίμασται
747 4815 821 4874 ⁸6.
851 4843 873 4868 ιο
903 4810 1077 4874 εὨστε
1108 4811 1454 4892 ἡτοίμασται.

483 4926 511 4962 α
543 4902 665 4964 Ἵνα
691 4903 985 4974 ἐνδείξηται
1038 4905 1091 4961 ἐν
1122 4907 1231 4971 τοῖς
1274 4903 1433 4962 αἷῶσι
1484 4910 1590 4970 τοῖς
1621 4901 1994 4982 ἐπερχομένοις

394 4993 482 5054 τὸν
522 4993 925 5072 ὑπερϐάλλοντα
974 4993 1206 5052 πλοῦτον
1269 4996 1365 5064 τῆς
1419 4989 1640 5072 χάριτος
1699 4995 1890 5063 αὑτοῦ,
1938 4994 1991 5052 ἐν

395 5084 724 5164 χρηστότητι
757 5085 836 5162 ἐφ’
867 5087 1043 5158 ἡμᾶς,
1079 5083 1131 5140 ἐν
1183 5083 1402 5162 Χριστῷ
1442 5081 1638 5154 Ἰησοῦ.
1680 5103 1708 5141 ››
1738 5078 1861 5143 Ἵνα
1915 5082 1990 5156 μὴ

398 5173 671 5253 ἀπιστήσῃ
705 5197 780 5239 τις
795 5181 902 5239 τοῖς
935 5175 1170 5254 ῥηθεῖσι,
1202 5170 1456 5230 πιθανσὸν
1503 5171 1592 5231 τὸν
1625 5169 1778 5248 γόγον
1805 5179 1944 5230 ποιεῖ
1974 5192 1987 5207 ⁶

399 5265 491 5322 καί
513 5285 704 5345 φησιν,
737 5260 818 5320 ὅτι
845 5264 910 5324 Εἰ
939 5261 1028 5321 κσὶ
1051 5261 1126 5340 μὴ
1153 5260 1241 5321 διὰ
1280 5259 1377 5334 τὴν
1408 5259 1539 5342 πρὸς
1566 5263 1705 5340 ὑμᾶς
1742 5260 1982 5341 ἀγάπην,

465 5391 492 5430 δ
523 5399 573 5454 II
600 5397 744 5454 Tim.
776 5412 846 5465 Ir,
878 5401 965 5452 12.
1041 5405 1062 5432 ο
1090 5396 1289 5452 Matth.
1321 5411 1458 5466 xxx,
1490 5399 1584 5451 28.
1658 5383 1685 5426 ά
1717 5397 1891 5452 Marc.
1922 5411 1983 5462 x,
2009 5401 2098 5452 40.

2113 3118 2268 3175 carit.
2303 3123 2484 3190 Atque
2510 3117 2629 3175 haec
2658 3124 2750 3175 est
2774 3132 2899 3189 spes
2931 3116 3248 3174 vocationis.

2190 3226 2220 3260 α
2249 3209 2464 3276 (Gratia
2495 3208 2628 3266 estis
2671 3206 2912 3275 servati.)
2950 3226 2979 3260 »
3012 3207 3136 3263 Hoc
3163 3222 3228 3262 ex
3260 3206 3432 3263 animi
3460 3213 3712 3263 conster-

2113 3298 2356 3370 natione,
2389 3306 2443 3354 et
2474 3314 2604 3354 cum
2633 3296 2839 3354 affectu
2867 3298 2922 3354 in
2957 3296 3203 3354 medium
3231 3296 3481 3368 protulit,
3514 3294 3712 3352 ineffa-

2114 3385 2222 3442 bile
2251 3389 2356 3442 Dei
2379 3386 2591 3442 donum
2618 3386 2940 3443 admiratus.
2973 3389 3098 3442 N0n
3124 3385 3271 3441 enim
3292 3385 3480 3442 labore
3503 3393 3558 3442 et
3587 3401 3714 3456 pro-

2115 3476 2250 3549 priis
2287 3477 2545 3548 operibus
2585 3476 2784 3532 servati
2831 3476 2982 3544 estis,
3023 3475 3119 3532 sed
3160 3480 3277 3532 sola
3321 3475 3508 3548 gratia.
3546 3474 3713 3546 Quod

2117 3566 2265 3622 enim
2294 3565 2360 3621 ad
2388 3581 2553 3637 opera
2579 3566 2796 3633 attinet,
2829 3580 2996 3636 pmna
3028 3573 3082 3621 et
3108 3565 3186 3620 ira
3216 3563 3367 3636 digni
3395 3564 3574 3620 eratis.

2189 3658 2368 3710 Vnus.
2399 3659 2454 3709 6.
2491 3675 2520 3708 ι(
2555 3658 2622 3710 Et
2651 3654 3060 3720 consuscitavit,
3092 3663 3147 3710 et
3174 3653 3476 3711 consedere
3503 3653 3629 3710 fecit
3659 3654 3714 3710 in

2117 3743 2433 3801 coelestibus
2457 3743 2513 3800 in
2531 3743 2753 3801 Christo
2773 3745 2923 3800 Jesu.
2953 3762 2982 3796 »
3009 3741 3496 3813 Quemadmodum
3523 3743 3715 3814 primi-

2117 3833 2208 3890 tiis
2242 3834 2470 3901 nostris,
2517 3842 2574 3890 et
2616 3833 2813 3906 capite,
2863 3833 3082 3889 Christo
3127 3831 3398 3900 videlicet,
3452 3833 3712 3900 excitato,

2116 3931 2171 3979 et
2198 3939 2300 3980 nos
2345 3939 2443 3995 per
2480 3925 2665 3996 ipsum
2704 3923 2957 3980 excitavit
3003 3941 3018 3979 :
3050 3920 3202 3982 hunc
3229 3920 3303 3978 ad
3334 3921 3586 3990 modum,
3621 3922 3711 3978 illo

2117 4011 2367 4082 sedente,
2411 4013 2690 4086 reliquum
2736 4029 2938 4085 corpus
2989 4011 3154 4068 simul
3201 4011 3368 4068 sedet.
3420 4013 3710 4083 Propterea

2117 4103 2296 4176 inquit
2335 4121 2347 4159 :
2385 4127 2410 4152 ‹‹
2443 4106 2506 4159 In
2534 4103 2748 4160 Christo
2777 4105 2928 4172 Jesu,
2961 4122 2990 4156 »
3032 4102 3136 4158 hoc
3163 4110 3266 4169 est,
3297 4101 3438 4175 Quia
3469 4102 3584 4173 ipse
3618 4117 3711 4157 se-

2115 4192 2231 4260 det,
2259 4208 2363 4250 nos
2394 4193 2565 4250 etiam
2607 4192 2887 4250 sedemus.
2928 4192 3050 4262 Vel,
3085 4215 3110 4240 «
3142 4191 3565 4260 Consuscitavit,
3596 4206 3711 4246 non

2112 4283 2182 4340 de
2211 4284 2617 4340 resurrectione
2642 4283 3025 4355 accipiendum
3054 4290 3160 4351 est,
3188 4281 3284 4339 sed
3314 4282 3382 4338 de
3410 4280 3712 4338 reviviﬁca-

2111 4373 2264 4430 tione
2283 4389 2378 4446 per
2403 4373 2692 4446 baptisma.
2717 4373 3016 4443 Quomodo
3040 4372 3208 4444 igitur
3226 4371 3524 4429 consedere
3547 4370 3676 4428 fecit
3689 4377 3714 4428 ξ’

2116 4486 2142 4511 α
2175 4463 2232 4520 Si
2275 4463 2629 4532 sustinemus,
2661 4482 2690 4515 »
2722 4463 2916 4535 inquit,
2952 4485 2978 4512 σι
3021 4471 3074 4518 et
3102 4460 3573 4534 conreguabimus
3599 4454 3644 4516 ³³.
3683 4483 3708 4510 ν

2114 4554 2182 4608 Et
2207 4552 2482 4620 Christus,
2514 4576 2539 4602 «
2563 4551 2838 4609 Sedebitis
2857 4567 3020 4626 super
3045 4551 3336 4609 duodecim
3355 4549 3586 4606 thronos
3605 4552 3648 4605 ο.
3680 4573 3706 4599 ιο

2111 4643 2176 4698 Et
2203 4658 2394 4698 rursus
2443 4662 2458 4700 :
2510 4661 2538 4695 «
2565 4643 2766 4699 Sedere
2801 4651 2991 4699 autem
3024 4657 3054 4697 a
3082 4639 3288 4697 dextris
3319 4639 3451 4695 meis
3479 4646 3534 4695 et
3560 4654 3592 4694 a
3630 4638 3709 4694 si-

2106 4732 2292 4788 nistris
2321 4732 2481 4801 meis,
2511 4749 2626 4789 non
2660 4741 2745 4789 est
2771 4747 2962 4788 meum
2999 4729 3129 4786 dare
3167 4728 3344 4799 vobis,
3375 4727 3474 4786 sed
3504 4727 3709 4802 quibus

2107 4829 2359 4895 paratum
2380 4831 2464 4880 est
2485 4809 2534 4878 d.
2563 4841 2593 4876 »
2622 4825 2812 4894 Itaque
2840 4829 3096 4894 paratum
3121 4827 3223 4876 est.

2100 4915 2347 4979 ξένης.
2375 4918 2427 4969 7.
2458 4933 2487 4963 ‹‹
2521 4914 2604 4969 Ut
2631 4911 2947 4970 ostenderet
2974 4910 3032 4966 in
3054 4909 3273 4967 seaculis
3301 4907 3705 4981 supervenien-

2103 5001 2252 5058 tibus
2293 5001 2636 5059 abundantes
2681 5001 2902 5059 divitias
2944 5001 3135 5073 gratim
3181 5015 3317 5067 suae,
3366 4998 3425 5055 in
3463 4997 3706 5054 bonitate

2101 5106 2228 5164 erga
2267 5107 2390 5158 nos,
2437 5092 2495 5148 in
2535 5091 2755 5148 Christo
2789 5094 2942 5147 Jesu.
2978 5112 3004 5138 ιι
3054 5092 3136 5146 Ne
3165 5089 3336 5161 380
3377 5087 3499 5161 quis
3536 5087 3706 5144 ﬁdem

2100 5197 2215 5237 non
2267 5181 2524 5238 adhibeat
2575 5181 2760 5252 dictis,
2813 5180 3121 5236 orationem
3171 5177 3511 5250 probabilem
3553 5176 3702 5240 facit,

2111 5271 2249 5341 Etsi,
2283 5271 2560 5346 inquiens,
2598 5287 2708 5328 non
2758 5277 2980 5344 propter
3012 5268 3339 5326 charitatem
3371 5283 3542 5341 quam
3577 5281 3705 5341 erga

1788 5495 1978 5556 Variae
2021 5497 2331 5558 lectiones.

467 5623 510 5657 3‘
538 5623 748 5696 ἄῤῥήτον
775 5625 982 5696 δύναμιν
1009 5639 1088 5684 m.
1164 5625 1208 5660 ⁸⁵
1248 5627 1356 5679 ὅσοι
1389 5640 1442 5680 0.

1521 5622 1565 5656 ⁸⁸
1589 5621 1692 5675 ἀλλ
1721 5621 1833 5685 ὀἷς
1871 5621 2189 5694 ἡτοίμασται.
2223 5623 2384 5676 Τοῦτο
2421 5617 2510 5677 οὖν
2552 5622 2690 5693 λέγει
2732 5623 2818 5678 καὶ
2857 5627 2964 5695 νῦν,
3014 5623 3092 5676 ὅτι
3132 5621 3216 5674 καὶ
3260 5619 3406 5693 ἡμεῖς
3453 5618 3694 5673 καθεδού⁶

405 5705 531 5776 pelia
556 5722 633 5762 m.
665 5706 772 5762 Sed
789 5707 983 5777 quibus
1000 5711 1268 5778 paratum
1297 5711 1388 5763 est.
1412 5707 1524 5761 Hoc
1553 5707 1722 5774 igitur
1745 5709 1796 5760 et
1828 5719 1977 5760 nunc
1997 5706 2114 5773 ait,
2141 5706 2272 5773 quia
2301 5709 2352 5760 et
2376 5720 2472 5761 nos
2496 5705 2814 5760 sedebimus.
2848 5708 3046 5775 Itaque
3069 5707 3330 5774 paratum
3357 5706 3457 5758 est.
